4034 6220
3079 414 3510 430 ΜᾹ“’““

814 685 825 700 ’
921 659 1379 823 VITA
1511 657 2196 818 SANCTI
2305 654 3086 809 CYRILLI

1516 929 1983 991 PATRIARCHIE
2020 927 2491 987 ALEXANDRINI

1050 1123 1193 1189 (Acta
1211 1123 1505 1176 Sanctorum
1526 1117 1775 1180 Bolland.,
1800 1117 2023 1169 Januarii
2049 1122 2171 1168 tom.
2198 1114 2260 1174 ll,
2281 1113 2364 1163 die
2383 1114 2462 1176 28,
2483 1128 2612 1166 anno
2633 1113 2809 1168 Christi
2833 1113 2961 1176 μδ.)

605 1427 633 1500 §
659 1428 700 1482 l.
734 1426 793 1483 S.
817 1425 1004 1499 Cyrilli
1028 1424 1247 1492 natalis,
1285 1432 1437 1489 tetas,
1467 1421 1725 1495 reliquiae.

440 1561 490 1616 l.
510 1561 737 1616 Multum
754 1559 999 1616 Ecclesia
1012 1558 1280 1615 catholica
1296 1556 1353 1613 S.
1369 1555 1952 1630 CyrilloAlexandrino

368 1654 552 1718 debet,
569 1655 690 1726 ejus
713 1652 975 1724 singulari
1000 1651 1313 1708 eruditione
1336 1650 1619 1722 animique
1645 1648 1953 1706 constantia

366 1746 632 1801 adversus
645 1745 937 1801 haereticos
953 1743 1270 1801 ﬁdelissime
1289 1743 1714 1814 felicissimeque
1746 1757 1952 1813 propu—

367 1846 531 1908 gnata
567 1855 582 1892 :
612 1838 844 1910 ideoque
876 1838 906 1892 ὁ
946 1837 1046 1908 τῆς
1077 1836 1244 1909 ὀρθῆς
1270 1837 1365 1890 καὶ
1384 1836 1691 1908 ἀμωμήτου
1721 1835 1956 1898 πίστεως

371 1931 702 2002 συνήγορος,
756 1940 913 1986 rectae
965 1937 1015 1984 et
1066 1927 1427 1984 immaculata:
1478 1926 1605 1996 ﬁdei
1670 1927 1953 1982 advocatus

367 2022 675 2092 appellatur
718 2021 776 2078 in
831 2021 1068 2078 concilio
1117 2019 1460 2078 tecumenico
1520 2018 1953 2076 Chalcedonensi

367 2121 474 2167 act.
505 2113 577 2177 3,
622 2113 681 2168 in
727 2112 917 2169 libello
963 2111 1240 2168 Theodori
1285 2111 1526 2176 diaconi,
1569 2109 1954 2168 ecclesiasticis

367 2201 582 2256 concilii
634 2201 1006 2258 monumentis
1053 2201 1279 2257 inserto.
1332 2201 1448 2257 lmo
1492 2209 1752 2272 tanquam
1809 2200 1956 2256 sedis

367 2293 682 2364 apostolica:
703 2293 967 2359 vicarius,
995 2292 1191 2363 aequali
1219 2308 1345 2348 cum
1389 2292 1448 2349 S.
1489 2291 1674 2348 Leone
1699 2289 1956 2363 pontiﬁce

369 2384 620 2439 Romano
641 2385 854 2440 honore
882 2385 1134 2456 dignatus
1155 2394 1238 2440 est
1270 2385 1326 2439 in
1361 2385 1596 2440 concilio
1635 2382 1956 2440 Constanti-

368 2477 692 2545 nopolitano
720 2491 809 2530 an.
836 2475 965 2531 Chr.
995 2477 1118 2541 556,
1143 2477 1246 2531 sub
1283 2476 1478 2534 Menna
1518 2476 1830 2548 patriarcha
1854 2476 1957 2533 ha-

369 2567 508 2622 bito.
531 2567 611 2624 Ita
640 2568 852 2624 actione
881 2569 905 2624 1
932 2587 945 2622 :
975 2587 993 2621 ‹
1019 2568 1287 2636 Quoniam
1311 2567 1775 2624 Chalcedonensis
1797 2583 1959 2641 syno-

368 2661 474 2717 dus
490 2678 596 2716 non
621 2663 798 2717 solum
820 2662 1020 2718 Leonis
1039 2671 1240 2718 sancta:
1259 2662 1556 2728 memorial,
1580 2678 1772 2718 verum
1793 2662 1958 2718 etiam

367 2761 426 2810 et
451 2753 637 2825 Cyrilli
656 2753 1155 2810 Alexandrinorum
1181 2770 1212 2809 a
1231 2755 1344 2810 Deo
1366 2754 1531 2808 amati
1549 2755 1808 2824 pastoris,
1835 2769 1955 2810 me-

370 2847 600 2901 moriam
625 2846 679 2901 in
709 2847 1015 2902 orthodoxa
1040 2845 1146 2902 ﬁde
1176 2845 1332 2912 fecit;
1365 2853 1424 2900 et
1460 2845 1698 2918 Cyrillus
1732 2845 1955 2917 quidem

369 2940 770 2996 Alexandrinus
805 2941 862 2996 in
904 2940 1178 3013 diptychis
1224 2939 1574 3010 praedicatur,
1613 2923 1730 2996 Leo
1771 2948 1954 2996 autem

371 3035 571 3083 sancta:
599 3028 880 3084 memoriae
906 3043 1015 3082 non
1036 3025 1398 3097 praedicatur;
1425 3026 1635 3098 justum
1677 3033 1954 3097 putamus,

371 3130 435 3175 ut
455 3121 601 3192 quod
625 3119 800 3175 defuit
819 3120 1140 3191 suppleatur
1170 3137 1184 3175 :
1214 3128 1272 3175 et
1298 3119 1428 3190 quia
1446 3118 1731 3189 mqualiter
1757 3117 1828 3173 ab
1854 3117 1958 3174 hac

371 3224 556 3269 sancta
588 3213 798 3286 synodo
839 3229 943 3284 pro
979 3219 1124 3268 statu
1171 3210 1491 3267 orthodoxae
1529 3209 1657 3265 ﬁdei
1701 3206 1961 3264 honorati

371 3316 502 3361 sunt
527 3307 802 3372 similiter,
837 3313 896 3361 et
923 3305 979 3360 in
1013 3305 1184 3361 sacris
1209 3303 1484 3376 diptychis
1528 3317 1628 3374 pro
1650 3301 1884 3358 utilitate
1904 3309 1961 3356 et

372 3411 504 3466 pace
531 3397 786 3452 Ecclesiae
811 3396 1200 3466 praedicentur.
1236 3414 1255 3446 ι

441 3489 494 3543 2.
515 3488 686 3544 Graeci
706 3497 872 3560 agunt
894 3487 950 3543 S.
973 3487 1162 3560 Cyrilli
1197 3503 1251 3542 Ix
1285 3487 1434 3544 Junii
1456 3486 1826 3550 festivitatem,
1848 3499 1958 3556 quo

373 3581 463 3636 die
493 3580 855 3651 Menologium
889 3598 902 3634 :
945 3599 963 3632 ι
1001 3579 1210 3636 Natalis
1237 3579 1292 3636 S.
1319 3579 1531 3652 Cyrilli,
1553 3579 1657 3634 viri
1691 3577 1958 3634 eruditis-

372 3671 520 3735 simi,
562 3672 843 3728 catholicae
885 3671 1010 3727 ﬁdci
1048 3672 1470 3744 propugnatoris
1510 3671 1755 3743 egregii:
1793 3685 1956 3741 quem

376 3780 626 3818 summus
652 3765 895 3834 pontifex
915 3763 1248 3820 lecstinus
1273 3764 1534 3820 idoneum
1552 3763 1820 3834 judicavit
1869 3761 1957 3817 cui

376 3869 506 3909 suas
560 3855 710 3910 vices
765 3856 820 3910 in
870 3857 1149 3927 Ephesino
1190 3855 1425 3911 concilio
1470 3855 1765 3926 delegaret.
1825 3873 1843 3904 ›
1898 3853 1956 3907 In

374 3945 596 4002 Menmis
624 3966 670 4002 :c
698 3947 879 4004 Sancti
900 3948 1078 4004 Patris
1107 3947 1282 4003 nostri
1301 3945 1512 4018 Cyrilli,
1540 3947 1697 4016 Papa:
1719 3946 1957 4000 Alexan-

373 4037 538 4094 drini.
579 4059 597 4093 ι

517 4149 775 4220 Κύριλλον
799 4151 953 4221 ὑμνῶ
979 4149 1074 4204 τοῦ
1108 4149 1317 4220 Κυρίου
1353 4146 1640 4221 pautatim
1658 4185 1673 4209 ,

513 4217 622 4296 Ιίταίι
654 4217 864 4291 Κυρίαξ
896 4221 1178 4292 πρόμαχον
1203 4217 1594 4289 ἆειπὰρθένου.

512 4327 773 4400 Cyrillum
800 4328 999 4382 celebro
1031 4327 1242 4400 Domini
1258 4326 1371 4400 _m_ei
1401 4324 1649 4383 amicum,

512 4397 580 4454 Et
625 4399 864 4454 Dominae
895 4414 1100 4468 semper
1136 4397 1350 4468 uirginis
1383 4399 1848 4465 propugnatorem.

442 4534 496 4589 5.
541 4534 718 4590 Variis
745 4532 992 4604 ejusdem
1024 4532 1254 4587 virtutes
1279 4529 1420 4592 odis,
1457 4525 1695 4598 hymnis,
1734 4533 1790 4577 et
1819 4523 1959 4576 anti-

371 4627 571 4698 phonis
595 4627 949 4682 celebrantur
977 4625 1033 4679 in
1053 4624 1259 4680 eisdem
1292 4620 1530 4684 Menaeis,
1558 4629 1673 4674 tum
1703 4616 1809 4671 hoc
1845 4615 1954 4679 die,

372 4729 486 4773 tum
517 4735 642 4773 xvm
673 4719 941 4782 Januarii,
983 4729 1092 4788 quo
1124 4714 1351 4771 solemni
1383 4728 1510 4767 eum
1540 4711 1689 4766 cultu
1733 4708 1954 4769 iterum,

373 4826 480 4865 una
501 4825 624 4864 cum
654 4811 709 4865 S.
737 4809 1057 4874 Athanasio,
1082 4816 1434 4870 venerantur,
1461 4814 1517 4860 et
1540 4804 1644 4857 hoc
1664 4813 1957 4872 utrumque

369 4911 570 4956 ornant
597 4901 885 4956 encomio:
938 4919 956 4951 ε
993 4900 1090 4959 SS.
1126 4896 1458 4956 Athanasius
1487 4905 1543 4950 et
1579 4893 1816 4966 Cyrillus
1860 4909 1956 4963 pa-

372 4990 625 5045 triarchae
651 4989 1030 5046 Alexandrini.
1057 4990 1136 5044 Ex
1162 4989 1249 5043 his
1281 4987 1499 5042 duobus
1539 4985 1596 5040 S.
1626 4983 1958 5040 Athanasius

369 5079 507 5135 vixit
561 5080 865 5150 imperante
911 5080 1274 5136 Constantino
1322 5079 1532 5149 Magno,
1577 5086 1632 5132 ct
1679 5076 1735 5131 in
1780 5075 1958 5146 primo

367 5169 603 5224 concilio
625 5170 866 5235 Nicaeno,
896 5170 1140 5225 nondum
1173 5170 1464 5239 episcopus
1501 5177 1739 5232 creatus,
1772 5166 1958 5221 verbis

367 5268 423 5318 et
461 5261 684 5330 scriptis
716 5261 999 5332 sapientia:
1018 5261 1198 5331 plenis
1226 5262 1418 5316 Arium
1441 5260 1746 5316 confutavit
1771 5269 1827 5314 et
1857 5275 1955 5329 pu-

1982 1429 2026 1482 Α
2057 1417 2346 1490 Theophili
2369 1415 2766 1488 archiepiscopi
2794 1413 3149 1471 Alexandrini
3177 1429 3207 1469 e
3233 1427 3422 1470 sorore
3451 1428 3644 1486 nepos,

2053 1521 2109 1566 et
2131 1511 2186 1566 in
2213 1510 2342 1567 sede
2371 1508 2825 1580 archiepiscopali
2850 1522 3158 1572 successor,
3191 1508 3287 1578 qui
3316 1507 3492 1567 tertia:
3514 1523 3641 1580 syn-

2053 1603 2162 1661 odo
2194 1603 2396 1674 Ephesi
2441 1603 2732 1659 celebrata:
2773 1601 3028 1673 praefuit,
3083 1611 3140 1658 et
3169 1601 3483 1657 Nestorium
3526 1601 3641 1672 (qui

2055 1698 2225 1753 multa
2255 1696 2573 1768 blasphema
2611 1696 2666 1750 in
2686 1695 2972 1750 Dominam
3004 1705 3244 1751 nostram
3278 1695 3375 1750 Dei
3414 1694 3643 1764 genitri-

2035 1804 2173 1845 cem
2217 1789 2469 1859 dogmata
2509 1787 2778 1858 evomuit)
2824 1785 3107 1841 damnavit
3146 1796 3204 1841 et
3247 1785 3642 1841 exauctoravit.

2053 1879 2292 1952 Cyrillus
2321 1895 2476 1946 vero,
2507 1883 2639 1935 cum
2667 1878 2858 1934 multis
2882 1877 3142 1950 praeclare
3165 1875 3324 1933 factis
3349 1887 3406 1934 et
3427 1877 3645 1934 virtuti-

2055 1974 2160 2028 bus
2181 1973 2465 2037 eluxisset,
2492 1971 2560 2027 ad
2597 1971 2891 2026 Dominum
2921 1968 3196 2040 migravit.

2124 2064 2179 2120 4.
2231 2082 2250 2116 ι
2286 2063 2420 2120 Erat
2465 2061 2802 2119 Athanasius
2835 2061 3102 2118 mediocri
3127 2069 3336 2118 statura
3374 2063 3645 2133 corporis,

2056 2155 2304 2212 modeste
2332 2155 2498 2221 latus,
2528 2155 2812 2220 incurvus,
2840 2164 2996 2226 grato
3014 2161 3262 2225 aspectu,
3283 2152 3502 2209 decenti
3529 2153 3645 2208 cal-

2056 2247 2208 2312 vitie,
2247 2247 2462 2302 adunco
2491 2262 2655 2315 naso;
2685 2247 2857 2303 barba
2883 2261 2996 2303 non
3035 2245 3330 2303 admodum
3354 2247 3645 2318 promissa,

2058 2338 2152 2394 sed
2195 2337 2394 2394 diffusa
2436 2348 2495 2395 et
2524 2353 2693 2410 genas
2722 2339 3022 2406 vestiente;
3064 2354 3159 2395 ore
3192 2338 3370 2405 brevi,
3403 2347 3461 2395 et
3487 2339 3643 2409 quasi

2059 2429 2260 2498 inciso;
2284 2445 2397 2486 non
2421 2430 2814 2486 omninO'cano
2842 2430 3043 2502 capite,
3083 2445 3188 2485 nec
3210 2445 3348 2500 pure
3370 2431 3517 2497 albo,
3548 2431 3644 2487 sed

2059 2521 2324 2580 subﬁavo.
2351 2522 2586 2579 Sanctus
2619 2532 2804 2579 autem
2831 2521 3069 2594 Cyrillus
3086 2521 3254 2602 breve
3279 2521 3412 2593 quid
3437 2522 3650 2578 habens

2059 2625 2187 2673 cum
2216 2616 2400 2673 colore
2431 2615 2690 2687 gratiore,
2717 2615 2980 2670 abnuenti
2999 2613 3195 2670 similis
3224 2624 3480 2686 aspectu;
3507 2616 3647 2672 den-

2059 2709 2137 2764 sis
2190 2718 2248 2766 et
2292 2707 2488 2780 pilosis
2535 2707 2846 2778 superciliis
2895 2707 3216 2779 magnisque
3256 2717 3314 2764 et
3357 2707 3415 2763 in
3458 2724 3648 2766 arcum

1986 2801 2030 2856 Β
2056 2800 2231 2867 ﬁexis,
2273 2801 2618 2872 frontemque
2659 2799 3076 2866 claudentibus;
3112 2814 3248 2855 naso
3281 2800 3452 2871 justo,
3493 2803 3650 2874 cujus

2059 2892 2436 2965 diaphragma,
2488 2907 2586 2948 seu
2635 2892 2987 2948 intervallum
3029 2892 3268 2960 narium,
3314 2896 3651 2951 contractius

2056 2993 2212 3052 erat;
2248 2985 2402 3056 genis
2418 2985 2681 3049 extensis,
2706 2984 2867 3040 labiis
2890 2985 3252 3053 tumentibus,
3275 3002 3371 3042 ore
3400 2987 3648 3051 diducto,

2056 3075 2236 3133 fronte
2269 3076 2606 3150 angustiore,
2637 3075 2734 3133 sed
2767 3077 3037 3143 recalvus,
3070 3077 3238 3134 densa
3287 3093 3352 3134 ac
3382 3081 3651 3164 promissa

2057 3168 2228 3225 barba
2255 3168 2609 3235 venerabilis,
2634 3170 2820 3241 crispo
2853 3169 3110 3240 utrinque
3141 3171 3340 3242 capillo
3379 3181 3434 3228 et
3483 3171 3650 3228 ﬁave-

2057 3271 2244 3317 scente
2285 3277 2350 3317 ac
2389 3262 2688 3318 semicano.
2731 3261 2977 3329 Quorum
3017 3263 3138 3319 dies
3174 3263 3347 3320 festus
3383 3265 3564 3336 agitur
3596 3265 3651 3320 in

2059 3351 2416 3408 sanctissima:
2447 3352 2664 3422 Sophia:
2687 3353 2912 3424 templo.
2957 3372 2976 3405 ›

2129 3445 2182 3498 5.
2252 3443 2434 3500 Latini
2489 3444 2754 3516 Cyrillum
2815 3445 2922 3501 hoc
2985 3461 3146 3500 xxvxu
3203 3446 3451 3502 Januarii
3509 3448 3653 3503 refe-

2060 3546 2207 3592 runt.
2232 3535 2531 3606 Antiquum
2564 3536 2621 3592 S.
2645 3536 2862 3592 Martini
2889 3536 3133 3594 Treviris
3167 3538 3609 3611 Martyrologium
3637 3561 3650 3596 :

2068 3647 2086 3680 ι
2124 3627 2185 3682 In
2209 3627 2561 3694 Alexandria,
2603 3627 2794 3701 Cyrilli
2841 3628 3087 3702 episcopi
3137 3637 3193 3685 et
3227 3631 3582 3690 confessoris.
3629 3655 3648 3686 ι

2061 3719 2365 3785 Usuardus,
2390 3720 2556 3786 Beda,
2580 3720 2720 3786 Ado,
2746 3719 3042 3789 Notkcrus,
3066 3722 3345 3779 Bellinus:
3377 3745 3394 3776 ‹
3420 3727 3655 3782 Alexan-

2060 3812 2214 3877 driae,
2243 3812 2303 3867 Β.
2327 3811 2518 3885 Cyrilli
2543 3813 2810 3884 epiSCOpi,
2843 3813 2940 3888 quj
2957 3814 3240 3871 catholica:
3279 3815 3404 3872 ﬁdei
3430 3819 3656 3888 praecla-

2062 3905 2311 3960 rissimus
2343 3905 2554 3962 exstitit
2582 3917 2974 3978 propugnator.
3006 3927 3023 3958 ι
3057 3907 3260 3964 Eadem
3305 3909 3511 3964 habent
3535 3925 3652 3964 ma-

2061 3997 2343 4068 nuscripta
2383 3998 2656 4068 plurima;
2689 3999 2912 4055 additur
2941 3999 2997 4054 in
3028 4001 3304 4056 Romano:
3341 4021 3359 4052 ‹
3394 4001 3656 4060 Doctrina

2063 4097 2120 4142 et
2148 4087 2441 4142 sanctitate
2492 4088 2722 4143 illustris
2759 4089 2971 4158 quievit
3007 4088 3064 4142 in
3097 4104 3252 4159 pace.
3293 4108 3310 4141 ι
3341 4089 3655 4149 Galesinius
3724 4088 3727 4092 ’

1977 4168 2018 4224 C
2058 4188 2264 4234 mutata
2305 4179 2531 4248 paulum
2583 4180 2816 4250 phrasi:
2867 4199 2886 4231 ‹
2937 4179 3302 4248 Alexandrize,
3355 4183 3412 4240 S.
3459 4183 3653 4256 Cyrilli

2056 4267 2320 4340 episcopi,
2356 4268 2618 4324 acerrimi
2651 4269 3162 4342 religiosissimique
3206 4271 3331 4328 ﬁdei
3367 4274 3654 4330 catholicae

2057 4359 2386 4416 defensoris.
2438 4380 2456 4412 ι
2503 4360 2812 4416 Florarium
2869 4377 2974 4417 ms.
3023 4373 3080 4418 et
3127 4363 3406 4436 Martyrol.
3455 4367 3651 4423 Colon.

2057 4453 2442 4509 Alexandriam
2487 4453 2545 4509 in
2579 4453 2792 4510 Graecia
2822 4455 3127 4519 collocant,
3169 4457 3381 4510 enormi
3426 4460 3651 4526 mendo,

2061 4545 2166 4599 nisi
2186 4544 2451 4601 Graeciam
2488 4547 2816 4617 generaliter
2845 4546 3202 4616 accipiamus,
3235 4561 3343 4615 qua
3372 4547 3479 4603 late
3522 4559 3653 4604 tunc

2060 4651 2159 4705 per
2181 4634 2461 4692 Orientem
2487 4636 2660 4692 Graeci
2691 4637 2964 4692 sermonis
2989 4653 3120 4692 usus
3147 4638 3388 4704 exstitit;
3412 4655 3536 4693 xxix
3557 4641 3651 4697 Ja-

2061 4728 2241 4782 nuarii
2286 4729 2457 4784 refert
2495 4745 2622 4783 cum
2667 4730 2934 4797 Felicius;
2981 4739 3217 4800 utroque
3261 4730 3648 4804 Maurolycus:

2060 4837 2089 4874 a
2117 4821 2342 4890 quibus,
2377 4823 2456 4877 uti
2485 4823 2652 4877 etiam
2682 4823 2785 4877 hoc
2809 4823 2899 4877 die
2931 4822 2986 4877 in
3011 4823 3398 4895 Martyrologio
3422 4824 3650 4880 Germa-

2060 4914 2206 4977 nico,
2237 4913 2440 4970 dicitur
2474 4933 2491 4966 ι
2524 4913 2837 4978 Theodosio
2876 4913 3106 4970 Seniore
3141 4915 3449 4986 imperante
3492 4917 3650 4986 quie-

2061 5009 2225 5063 visse.
2265 5028 2282 5059 ι
2927 5025 2932 5028 ·

2129 5101 2180 5155 6.
2209 5101 2318 5156 llos
2343 5101 2480 5156 forte
2514 5110 2738 5156 secutus
2766 5101 3028 5173 Alegrcus
3052 5101 3105 5156 in
3135 5102 3396 5158 Paradiso
3425 5102 3655 5159 Carme-

2059 5193 2194 5249 litici
2217 5193 2455 5258 decoris,
2507 5202 2653 5249 statu
2677 5193 2732 5259 2,
2765 5203 2925 5250 aetate
2955 5195 3007 5259 6,
3034 5209 3082 5248 c.
3131 5195 3218 5258 12,
3268 5195 3342 5249 ita
3384 5195 3530 5265 scrip
3545 5199 3614 5250 sit
3644 5221 3651 5227 -

2067 5307 2085 5340 ι
2117 5287 2358 5342 Tandem
2382 5287 2673 5358 sapientia,
2699 5288 3037 5359 eloquentia,
3073 5288 3326 5343 acumine
3349 5299 3406 5343 et
3443 5289 3653 5342 sancti-

365 5351 585 5407 dcfecit.
615 5353 743 5408 Post
771 5364 1006 5408 mortem
1028 5369 1164 5409 vero
1188 5353 1956 5424 Alexandriarchiepiscopus
2058 5387 2167 5435 mle
2215 5351 2464 5451 insignis;
2516 5351 2966 5451 gloriosus'sub»
2995 5351 3308 5436 Theodosio
3358 5379 3550 5451 Magno
3595 5391 3652 5436 οι

363 5443 711 5544 Alexandriae
752 5445 1061 5544 ordinatus,
1103 5461 1133 5500 a
1163 5445 1483 5544 Consutntio
1533 5445 1703 5500 variis
1746 5445 1955 5544 θκῗξηξδ
1987 5518 2031 5544 η
2057 5471 2353 5529 Caelestino
2391 5473 2575 5544 papal
2623 5473 2919 5538 claruerat,
2954 5473 3112 5528 annis
3140 5472 3210 5526 ab
3240 5472 3464 5530 obtenta
3496 5473 3651 5529 orbis

363 5538 661 5633 exercitus,
704 5554 803 5633 per
828 5537 974 5594 duos
1006 5548 1064 5633 et
1104 5538 1463 5633 quadraginta
1506 5553 1680 5633 anim}
1720 5535 1956 5633 θὲείίίυίδ
1987 5518 2031 5572 D
2555 5518 3646 5633 ista-“quain-

363 5631 853 5726 ξθτδθθυιίοηίδυξ
879 5631 1493 5726 θῖἒείίίηίξδζφίῧῖδῆί
1634 5629 1945 5726 Dominum
2056 5655 2198 5710 dosii
2229 5655 2427 5725 Magni,
2456 5665 2513 5711 et
2546 5629 2829 5712 Ctelestini
2857 5629 3249 5726 pontiﬁcatusl
3279 5655 3528 5711 Mortuus
3565 5665 3647 5714 est

366 5717 601 5777 Sanctus
615 5731 796 5777 autem
814 5723 1055 5797 Cyrillus
1070 5723 1172 5780 sub
1190 5723 1498 5779 Theodosio
1515 5723 1722 5779 Minore
1740 5721 1946 5786 floruit,
2057 5717 2402 5804 Theodosius
2415 5717 2662 5820 Magum,
2683 5746 2801 5805 sive
2835 5717 3165 5822 seniori“.
3189 5747 3322 5803 Chr.
3349 5747 3474 5802 395.
3502 5746 3640 5802 Ενε,

609 5841 886 5905 ΡΑτιιοι.
920 5845 1036 5906 Gn.
1069 5844 1331 5906 LXVIII.
1811 5859 1813 5861 ί
1855 5863 1860 5870 υ
1901 5857 1903 5860 ⁴
1934 5865 1937 5873 ι

3213 5845 3240 5904 1

345 5930 520 6070 σξη
