4024 6220
237 292 297 348 il

1564 284 1619 340 S.
1662 281 1940 338 CYBlLLl
1982 278 2162 333 VITA.

3446 277 3513 333 l2

234 420 356 466 ctus
376 416 461 463 est
483 407 551 463 ad
581 407 839 464 Romana:
870 404 1129 463 Ecclesiae
1154 400 1535 475 pontiﬁcatum
1564 398 1817 461 C(elesti-
1849 404 1893 459 Α
1924 403 2193 465 pugnaret
2227 394 2281 451 in
2308 392 2570 451 Paradiso
2610 392 2945 451 Carmt‘litira
2969 409 2985 445 -.
3025 407 3042 442 ι
3074 389 3131 446 S.
3150 388 3406 463 Cyrillus,
3428 389 3507 444 in-

235 516 339 555 nus
357 499 601 555 an.Chr.
643 499 766 564 425,
799 498 1098 553 Mariniano
1143 505 1200 551 et
1248 492 1631 564 Asclepiodoto
1674 504 1815 545 coss.

234 591 573 661 Theophilus
594 590 887 662 episcopus
913 587 1334 653 Alexandrinus,
1359 585 1547 657 Cyrilli
1565 583 1822 639 decessor

231 692 289 738 et
318 692 568 752 patruus,
609 681 748 736 obiit
799 695 867 735 xv
917 676 1141 743 Octobr.
1186 676 1317 741 anni
1358 673 1483 739 412,
1529 687 1640 743 quo
1678 685 1817 729 coss.

232 783 391 830 erant
445 774 723 829 Honorius
779 772 918 843 Aug.
994 787 1069 836 rx,
1120 777 1179 824 et
1232 760 1577 824 Theodosius
1626 762 1822 821 Iunior

233 867 369 938 Aug.
421 884 474 920 v.
512 865 579 922 At
608 864 769 921 tertio
791 872 916 936 post
940 860 1231 932 Theophili
1263 859 1474 915 obitum
1497 857 1587 913 die
1606 855 1821 927 episco-

234 969 362 1030 patu
394 957 602 1030 potitus
642 964 728 1013 est
760 955 1021 1029 Cyrillus,
1051 963 1114 1010 ut
1140 952 1282 1009 infra
1315 966 1382 1007 ex
1414 949 1638 1007 Socrate
1670 947 1824 1004 dlce-

202 1112 212 1126 ὃ
236 1063 343 1107 tur.
372 1051 620 1123 Triginta
655 1065 782 1105 eum
808 1058 865 1105 et
894 1047 1037 1104 duos
1063 1060 1239 1102 annos
1273 1044 1590 1116 episcopum
1622 1039 1823 1096 vixisse

235 1152 505 1199 testantur
529 1144 649 1213 ejus
666 1157 734 1196 ex
764 1153 955 1196 sorore
979 1152 1150 1210 nepos
1177 1135 1513 1193 Athanasius
1537 1133 1825 1206 presbyter

230 1246 287 1292 et
335 1236 662 1291 Theodorus
706 1234 975 1290 diaconus
1025 1230 1390 1295 Alexandriae,
1417 1229 1475 1284 in
1513 1227 1714 1283 libellis
1755 1226 1823 1282 ad

233 1328 473 1385 Leonem
498 1342 698 1398 papam
722 1334 779 1381 et
800 1325 867 1380 ad
905 1322 1353 1380 Chalcedonense
1370 1319 1687 1384 concilium,
1715 1318 1823 1373 hu-

225 1422 318 1491 jus
366 1418 571 1474 actioni
617 1418 653 1473 5
700 1417 961 1483 imertis,
1022 1416 1154 1472 licet
1199 1414 1254 1471 in
1303 1411 1586 1471 Theodori
1636 1412 1825 1469 libello

227 1513 415 1567 Graece
441 1512 558 1566 haec
576 1510 881 1569 verbanon
899 1509 1172 1580 legantur.
1194 1506 1512 1577 Sequuntur
1537 1505 1828 1561 Liberatus

228 1606 495 1660 diaconus
524 1603 579 1658 in
601 1602 906 1669 Breviario,
931 1617 983 1657 c.
1017 1601 1106 1667 10,
1132 1601 1480 1673 Nicephorus
1504 1598 1541 1654 l.
1570 1612 1656 1655 xiv
1688 1596 1826 1655 Hist.

230 1686 403 1763 ἕξεσι..
435 1712 486 1752 c.
528 1698 618 1752 47.
653 1694 853 1767 Attigit
898 1695 1068 1767 igitur
1115 1693 1408 1751 minimum
1448 1705 1654 1747 annum
1693 1688 1825 1745 Chr.

226 1791 354 1855 444,
387 1805 497 1861 quo
520 1803 651 1845 eum
683 1788 951 1844 Baronius
987 1786 1192 1857 aliique
1230 1772 1565 1844 recentiores
1578 1781 1828 1839 scribunt

228 1880 459 1944 abiisse,
493 1878 598 1947 sub
617 1876 917 1935 Theodosii
942 1876 1192 1934 iunioris
1211 1873 1463 1945 imperio,
1493 1871 1694 1931 Leonis
1720 1869 1829 1929 Ma-

234 1972 324 2043 gni
353 1971 693 2042 pontificatu.
728 1966 884 2025 Diem
917 1968 1105 2025 obitus
1129 1974 1382 2025 statuunt
1410 1981 1441 2017 v
1468 1963 1596 2021 ldus
1630 1959 1782 2021 Junii
1807 1999 1824 2024 ,

233 2063 385 2134 quod
424 2062 481 2116 in
516 2060 842 2117 Graecorum
885 2058 1192 2129 Menologio
1234 2054 1443 2115 Natalis
1478 2062 1733 2116 vocetur,
1766 2058 1829 2105 ut

231 2171 396 2227 supra
424 2154 655 2218 dictum,
685 2152 960 2224 adeoque,
986 2159 1049 2207 ut
1076 2149 1370 2211 Liberatus
1391 2143 1633 2208 scribit,¢
1658 2142 1827 2213 trige-

230 2249 372 2304 simo
420 2256 478 2304 et
517 2244 763 2302 secundo
792 2243 1144 2315 episcopatus
1192 2241 1278 2303 sui
1324 2253 1471 2301 autne
1520 2245 1773 2297 mortuus
1802 2254 1822 2284 ι

231 2338 470 2394 dicetur.
501 2337 708 2393 Verum
738 2347 863 2392 cum
895 2333 1018 2389 dies
1046 2330 1256 2391 Natalis
1283 2328 1340 2387 in
1360 2325 1537 2389 sacris
1557 2323 1713 2387 fastis
1736 2336 1829 2387 $0-

232 2432 475 2486 lemnem
511 2428 780 2497 duntaxat
802 2440 871 2485 eo
896 2424 989 2485 die
1017 2422 1212 2481 haberi
1225 2429 1415 2483 sancto
1438 2417 1681 2489 cuipiam
1709 2413 1828 2471 cul-

233 2537 349 2579 tum
385 2535 769 2593 saepenumero
807 2516 1111 2589 significet,
1152 2529 1346 2586 parum
1389 2512 1441 2569 id
1471 2510 1707 2571 solidum
1745 2514 1833 2563 est

124 2632 137 2645 ν
231 2623 641 2689 argumentum.
674 2611 744 2667 Et
786 2608 1039 2667 fortassis
1083 2607 1192 2664 hoc
1244 2622 1408 2665 xxvm
1446 2603 1567 2661 Jan.
1602 2617 1692 2661 an.
1728 2600 1833 2659 445

233 2704 491 2769 decessit,
525 2700 749 2773 triginta
781 2698 1004 2760 duobus
1026 2697 1084 2757 in
1115 2695 1435 2781 episcopatu
1460 2691 1620 2751 annis
1643 2690 1831 2760 exple-

233 2794 327 2861 tis,
369 2800 432 2857 ut
460 2788 817 2854 Athanasius,
865 2785 1191 2845 Theodorus
1259 2779 1317 2841 et
1359 2782 1704 2854 Nicephorus
1744 2779 1830 2834 in-

128 2926 131 2927 ν
232 2886 441 2943 dicant.

224 3000 225 3003 η
306 2976 361 3029 7.
400 2971 659 3037 Octavius
697 2967 1022 3029 Pancirulus
1062 2966 1118 3022 in
1158 2963 1459 3021 Thesauris
1495 2956 1833 3017 absconditis

235 3068 396 3127 aliaat
431 3065 617 3133 Urbis,
656 3063 879 3136 regione
910 3061 964 3127 5,
1006 3059 1142 3116 eccl.
1183 3057 1241 3122 2,
1276 3055 1469 3113 scribit
1495 3053 1731 3109 excitata
1762 3049 1833 3106 ab
1860 3088 1904 3146 ο

238 3161 410 3233 impio
433 3159 618 3216 Leone
634 3156 880 3214 lsaurico
896 3162 1093 3211 contra
1112 3165 1299 3209 sacras
1323 3146 1589 3220 imagines
1612 3153 1832 3200 sancto-

246 3268 483 3325 rumque
537 3249 821 3322 reliquias,
874 3244 1281 3320 persecutione,
1316 3241 1459 3296 inter
1488 3236 1748 3310 profugos
1768 3251 1837 3292 ex

237 3347 463 3406 Oriente
488 3343 809 3409 monachos,
836 3337 1284 3397 sanctimoniales
1322 3334 1461 3390 duas
1488 3331 1658 3388 fuisse
1688 3344 1833 3401 quae,

239 3449 441 3513 praeter
487 3436 595 3494 alia
641 3444 958 3492 sanctorum
999 3431 1249 3503 pignora,
1292 3425 1541 3498 quasdam
1581 3423 1746 3495 hujus
1776 3421 1833 3476 S.

237 3531 428 3603 Cyrilli
457 3531 688 3586 Romam
720 3525 1030 3589 attulerint,
1074 3536 1246 3593 eaque
1277 3515 1544 3575 asservari
1571 3516 1626 3571 in
1657 3514 1838 3568 eccle-

241 3621 323 3678 sia
346 3620 403 3677 S.
434 3618 615 3675 Mariae
641 3616 696 3675 in
722 3614 929 3686 Campo
952 3612 1166 3671 Martio.

550 3775 580 3850 ᾗ
614 3774 681 3833 ll.
708 3773 920 3836 Patria,
945 3769 1141 3835 studia,
1167 3766 1532 3822 monachams.

310 3915 372 3970 8.
401 3907 872 3984 Religiosissimus
902 3900 1185 3975 Carmelit.
1210 3899 1349 3957 ordo
1383 3898 1440 3955 S.
1465 3896 1653 3969 Cyrilli
1682 3904 1836 3954 nata-

247 4010 357 4065 lem
377 4004 542 4063 ofﬁcii
582 3999 818 4074 duplic'n
843 3995 1189 4054 solemnitate
1216 3991 1462 4050 celebrat
1480 4004 1645 4047 xxvut
1688 3987 1835 4051 Jan,

248 4114 360 4171 quo
391 4097 483 4155 die
521 4094 757 4151 lectione
792 4100 990 4162 quarta
1033 4085 1105 4142 ad
1155 4081 1458 4141 secundum
1495 4080 1838 4137 Nocturnum

249 4193 370 4259 haec
398 4191 455 4247 in
498 4185 780 4245 Matutinis
827 4182 1170 4238 recitantur:
1212 4196 1231 4229 ι
1262 4175 1500 4250 Cyrillus
1546 4175 1840 4247 cpiscopus

249 4280 658 4341 Alexandrinus
676 4276 838 4333 claris
855 4271 1174 4345 parentibus
1190 4280 1369 4335 ortus,
1390 4265 1681 4337 Theophili
1708 4266 1839 4323 item

251 4374 496 4449 episcopi
519 4358 876 4429 Alexandrini
907 4382 976 4423 ex
1015 4364 1182 4421 Eratre
1211 4366 1405 4431 nepos,
1437 4374 1471 4412 a
1504 4373 1614 4428 quo

252 4445 412 4524 secus
434 4445 677 4520 Athenas
700 4457 1011 4516 studiorum
1043 4468 1206 4509 causa
1243 4450 1462 4513 missus,
1497 4462 1624 4504 cum
1663 4445 1840 4515 pluri-

254 4570 405 4613 mum
431 4553 773 4627 profecisset,
808 4546 876 4603 ad
916 4546 1182 4603 Joannem
1223 4540 1541 4612 episcopum
1581 4537 1839 4593 Hieroso-

254 4648 600 4721 lymitanum,
626 4653 688 4700 ut
708 4639 1035 4699 Christiana:
1062 4636 1187 4693 vine
1204 4632 1540 4706 perfectione
1561 4632 1839 4688 imbuere-

257 4750 369 4805 tur,
405 4753 463 4796 se
495 4734 752 4792 contulit.
791 4731 963 4802 Cujus
997 4725 1395 4785 consuetudine
1433 4725 1489 4781 in
1528 4723 1841 4779 Carmelum

256 4837 502 4886 montem
534 4825 818 4888 secedens,
867 4822 945 4878 ibi
990 4835 1115 4877 cum
1157 4818 1367 4889 aliquot
1404 4816 1509 4888 piis
1554 4814 1690 4871 viris
1731 4813 1844 4868 illic

260 4920 593 4993 degentibus
644 4919 924 4979 emiestem
972 4914 1139 4971 vitam
1199 4913 1255 4968 in
1320 4921 1467 4967 terra
1523 4905 1845 4979 aliquandiu

259 5019 390 5091 egit.
424 5035 442 5067 ι
493 5015 620 5070 llaec
658 5012 754 5067 ibi.
790 5009 1037 5066 Andreas
1079 5005 1299 5061 Scottus
1336 5012 1523 5058 noster
1560 5001 1615 5056 in
1653 4999 1845 5091 Cyl-illi

258 5089 458 5181 elogio,
476 5104 625 5177 quod
643 5104 764 5175 ejus
783 5099 1133 5157 sermonibus
1149 5094 1503 5152 Paschalibus
1521 5107 1552 5147 a
1571 5107 1631 5149 se
1652 5089 1845 5181 Latine

259 5179 438 5256 versis
462 5192 715 5267 praeﬁxit,
747 5191 865 5246 haec
886 5187 955 5244 de
983 5187 1105 5257 ejus
1128 5194 1254 5243 ante
1274 5183 1650 5254 episcopatum
1680 5179 1848 5252 gestis

260 5290 457 5349 scribit
487 5307 499 5343 :
543 5306 567 5340 ι
591 5281 936 5343 Alexandria:
962 5278 1180 5351 Egypti
1201 5277 1421 5334 civitate
1452 5284 1644 5335 natum
1668 5273 1848 5346 Cyril-

261 5385 626 5453 lum‘apparet
648 5374 969 5450 parentibus
1002 5370 1280 5435 honestis;
1328 5378 1386 5426 et
1419 5367 1618 5425 litteris
1642 5365 1846 5424 ibidem

261 5473 557 5539 imbutum,
582 5472 677 5529 ubi
699 5464 1000 5538 disciplinae
1020 5472 1138 5523 tum
1156 5461 1389 5523 maxime
1414 5460 1469 5515 in
1489 5459 1581 5517 illa
1603 5459 1850 5530 vigerent

166 5562 171 5571 ’
264 5564 574 5623 Academia.
602 5563 895 5617 Parentum
924 5555 1146 5615 nomina
1169 5552 1413 5612 nondum
1444 5551 1707 5620 comperi.
1744 5550 1848 5605 Pa-

266 5670 453 5716 trumn
480 5652 672 5711 habuit
703 5647 1099 5720 Theophilum,
1131 5665 1151 5698 ι
1189 5654 1297 5703 etc.

332 5753 386 5809 9.
413 5749 540 5807 llaec
571 5746 640 5803 de
670 5743 849 5816 patria
881 5741 1215 5807 sullcerent,
1235 5737 1341 5795 nisi
1372 5736 1637 5807 Alegreus
1654 5742 1851 5794 contra

1923 488 2072 559 quit,
2095 488 2390 558 episcopus
2443 487 2864 550 Alexandrinus,
2903 484 3124 540 natione
3142 482 3382 545 Graecus,
3417 497 3503 551 pa-

1924 580 2029 638 tria
2053 579 2708 650 Constantinopolitanus.
2738 596 2759 630 »
2793 575 3155 633 Tritthemius
3171 588 3393 645 quoque
3415 573 3512 627 lib.

1922 673 1999 730 De
2027 671 2392 743 scriptoribus
2422 670 2815 733 ecclesiasticis
2842 668 2897 733 in
2922 667 3165 735 editione
3196 665 3509 722 Coloniensi

1921 765 2072 823 Petri
2111 763 2387 831 Quentelii
2410 778 2501 818 an.
2540 761 2707 829 .1546,
2729 770 2787 818 et
2806 757 3254 819 Francofurtensi
3278 757 3502 814 Wechc-
3610 814 3619 821 ,

1924 857 2069 912 liana
2115 870 2206 911 an.
2245 854 2406 921 l60l,
2450 873 2469 907 ‹
2504 854 2728 910 natione
2765 851 3015 908 Graecum
3068 869 3087 902 ι
3135 847 3359 914 statuit;
3405 865 3514 903 non

1925 958 2108 1005 tamen
2141 967 2161 999 ι
2188 964 2257 1003 ex
2278 945 2754 1017 Constantinopoli
2785 943 3101 1008 oriundum,
3136 962 3162 1025 ,ι
3194 941 3342 1012 quod
3370 942 3513 1012 apud

1924 1041 2191 1096 Thomam
2221 1040 2555 1097 Saracenum
2587 1037 2757 1094 veluti
2787 1052 2857 1093 ex
2887 1033 3199 1092 Tritthemii
3239 1034 3297 1089 in
3333 1033 3516 1106 Cyril-

1922 1132 2039 1187 lum
2076 1132 2258 1203 elogio
2290 1132 2510 1205 legitur.
2539 1131 2742 1188 Verum
2764 1138 2904 1193 esto,
2930 1125 3215 1199 scripserit
3238 1126 3345 1181 hoc
3365 1124 3513 1180 Tritv

1926 1227 2167 1282 themius
2203 1225 2389 1281 :unde
2412 1225 2468 1282 id
2504 1222 2724 1279 hausit?
2757 1236 2868 1293 quo
2897 1227 3223 1291 argumento
3247 1215 3480 1288 probat?

1996 1319 2083 1374 10.
2110 1317 2437 1374 Theodorus
2463 1315 2731 1372 diaconus
2759 1315 2817 1368 in
2844 1328 2946 1368 suo
2967 1311 3157 1367 libello
3176 1317 3284 1365 act.
3313 1306 3347 1364 3
3379 1323 3509 1363 con—

1921 1406 2011 1461 cil.
2045 1404 2530 1471 Chalcedonensis,
2566 1419 2734 1479 agens
2763 1409 2956 1459 contra
2979 1401 3300 1457 Dioscorum
3328 1398 3515 1471 Cyrilli
3577 1406 3581 1411 '

1924 1510 2321 1562 successorem,
2349 1495 2467 1551 haec
2486 1494 2555 1550 de
2581 1493 2768 1565 Cyrilli
2793 1492 2986 1547 amicis
3005 1490 3173 1545 habet
3198 1508 3211 1544 :
3243 1510 3261 1541 ι
3286 1489 3345 1544 in
3367 1489 3517 1560 prin-

1926 1588 2070 1659 cipio
2092 1588 2443 1660 episcopatus
2469 1587 2559 1642 sui
2585 1586 2883 1642 Dioscorus
2913 1584 3097 1641 statim
3133 1598 3222 1639 me
3252 1583 3515 1639 clericatu

1928 1680 2184 1751 privavit,
2210 1679 2554 1736 comminans
2576 1688 2633 1734 et
2659 1694 2690 1733 a
2706 1692 2903 1751 magna
2926 1675 3017 1732 illa
3039 1676 3260 1733 civitate
3286 1675 3519 1731 Alexan-

1859 1748 1902 1805 Β
1930 1748 2050 1827 dria
2088 1771 2296 1845 fugare,
2330 1781 2558 1845 propter
2584 1771 2722 1828 nihil
2756 1748 2925 1837 aliud,
2946 1770 3055 1826 nisi
3079 1771 3150 1828 ob
3174 1769 3230 1825 id
3256 1768 3403 1843 quod
3435 1768 3517 1823 fa-

1931 1864 2299 1920 miliaritatem
2330 1874 2387 1919 et
2407 1862 2844 1919 benevolentiam
2881 1872 3083 1919 sanctae
3103 1860 3382 1917 memoriae
3410 1859 3518 1934 Cy-

1932 1955 2040 2010 rilli
2067 1955 2339 2011 merebar.
2364 1953 2603 2010 Intentio
2626 1954 2774 2008 enim
2795 1955 2916 2025 ejus
2944 1954 3067 2008 talis
3085 1963 3189 2018 est,
3207 1968 3321 2008 non
3341 1952 3517 2007 solum

1930 2056 2187 2119 parentes
2212 2046 2331 2117 ejus
2359 2044 2567 2117 (Graece
2586 2046 2715 2109 τοὺς
2743 2045 2852 2099 ἀπὸ
2872 2044 3066 2114 γένους
3091 2040 3277 2111 αὐτοῦ,
3305 2044 3519 2114 propin-

1930 2157 2059 2212 quos
2091 2138 2226 2211 ejus)
2251 2154 2319 2195 ex
2343 2139 2437 2195 illa
2464 2138 2685 2195 civitate
2708 2135 3006 2208 exagitare,
3028 2151 3126 2191 seu
3143 2135 3257 2191 vita
3276 2136 3515 2207 privare;

1932 2245 2122 2287 verum
2142 2229 2309 2284 etiam
2329 2238 2386 2285 et
2402 2227 2701 2283 familiares
2718 2226 2859 2296 ejus.
2893 2243 2911 2277 ι
2938 2224 3271 2281 Athanasius
3296 2224 3521 2298 presby-

1934 2330 2018 2377 ter
2037 2320 2097 2376 in
2117 2335 2218 2376 suo
2248 2318 2437 2375 libello
2466 2317 2659 2375 eadem
2681 2316 2935 2390 pluribus
2965 2325 3255 2386 exaggerat
3282 2333 3296 2370 :
3339 2333 3357 2368 I
3379 2313 3518 2371 San-

1932 2422 2054 2479 ctae,
2080 2429 2100 2464 ι
2142 2411 2345 2481 inquit,
2385 2430 2405 2463 ι
2436 2417 2493 2466 et
2518 2410 2692 2466 beatae
2715 2408 2995 2465 memoria:
3026 2406 3283 2479 Cyrillus,
3314 2420 3522 2477 magna:

1933 2504 2313 2561 Alexandrina:
2345 2502 2586 2559 civitatis
2630 2502 2853 2575 triginta
2898 2509 2957 2557 et
2997 2499 3215 2569 duobus
3245 2497 3403 2554 annis
3433 2512 3522 2552 ar-

1933 2597 2316 2669 chiepiscopus
2365 2594 2926 2666 irreprehensibiliter
2963 2601 3020 2649 et
3065 2588 3193 2648 cum
3230 2600 3380 2648 recta
3418 2589 3525 2646 fide

1932 2683 2143 2750 vivens,
2168 2682 2303 2738 mihi
2334 2681 2560 2753 quidem
2601 2681 2922 2747 Athanasio,
2955 2689 3013 2737 et
3047 2679 3366 2737 clarissimae
3404 2694 3524 2734 me-

1934 2773 2124 2831 moria:
2147 2773 2316 2830 Paulo
2334 2772 2487 2830 fratri
2514 2786 2659 2838 meo,
2679 2771 2985 2827 avunculus
3006 2770 3206 2835 fuerat,
3231 2784 3369 2846 mea:
3391 2783 3528 2826 vero

1935 2868 2126 2925 matris
2169 2867 2395 2925 Isidorus
2437 2881 2749 2938 germanus.
2801 2885 2820 2919 ι
2863 2865 2933 2921 Ει
2976 2863 3141 2935 paulo
3185 2871 3309 2935 post
3343 2880 3356 2916 :
3403 2881 3423 2915 ι
3468 2863 3527 2917 1η

1934 2960 2206 3033 principio
2236 2959 2585 3031 episcopatus
2613 2959 2910 3015 Dioscorus
2942 2957 3080 3013 mihi
3112 2965 3170 3014 et
3199 2955 3354 3012 fratri
3381 2972 3526 3021 meo,

1934 3050 2117 3107 adhuc
2148 3059 2278 3106 tunc
2305 3049 2609 3121 superstiti,
2637 3056 2872 3104 mortem
2904 3047 3184 3111 minitans,
3213 3061 3245 3102 a
3275 3044 3527 3119 nomina:

1938 3144 2147 3201 tissima
2178 3142 2510 3200 Alexandria
2535 3141 2836 3199 exclusit...
2868 3138 3039 3197 frater
3061 3138 3379 3196 clarissimae
3412 3153 3529 3194 me-

1936 3236 2126 3294 moriae
2163 3236 2385 3302 Paulus,
2419 3251 2530 3291 non
2561 3234 2840 3291 sustinens
2871 3234 3151 3307 cruciatus
3182 3239 3240 3288 et
3279 3231 3529 3303 injurias,

1938 3329 2194 3386 humanis
2231 3329 2401 3384 rebus
2438 3327 2697 3384 excessit.
2729 3327 2845 3399 Ego
2879 3336 3063 3382 autem
3091 3323 3443 3389 Athanasius,
3476 3331 3535 3379 et

1937 3432 2140 3479 nostrae
2176 3430 2509 3487 matertera,
2535 3429 2591 3477 et
2615 3435 2754 3476 uxor
2785 3427 2843 3475 et
2868 3417 2964 3475 filii
2995 3418 3184 3474 fratris
3215 3417 3345 3483 mei,
3386 3416 3533 3471 malo

1938 3524 2129 3571 nostro
2174 3515 2230 3569 in
2279 3512 2534 3568 humanis
2588 3513 2755 3568 rebus
2793 3510 3263 3583 permansimus...
3316 3517 3535 3565 nostras

1939 3607 2135 3677 domos
2155 3605 2483 3678 praeparavit
2501 3604 2764 3661 ecclesias
2785 3603 2924 3671 fieri,
2946 3612 3003 3660 et
3020 3618 3198 3659 meam
3223 3601 3530 3666 Athanasii,

1938 3706 2134 3770 quarto
2159 3706 2302 3754 tecto
2321 3696 2780 3768 superjacentem,
2801 3704 2856 3751 et
2875 3710 2997 3767 quze
3018 3709 3120 3766 pro
3147 3694 3233 3751 sui
3260 3692 3534 3766 positione

1914 3790 2061 3847 'fieri
2095 3805 2205 3845 non
2236 3797 2420 3861 posset
2449 3786 2704 3853 ecclesia,
2728 3787 2893 3843 simul
2920 3792 3153 3856 occupat
3182 3801 3309 3842 cum
3332 3785 3536 3857 prsidi-

1939 3884 2043 3940 ctis
2073 3882 2350 3947 domibus,
2378 3880 2516 3935 alias
2552 3878 2717 3935 etiam
2765 3878 2976 3934 vicinas
3020 3878 3213 3934 domos
3258 3886 3315 3934 et
3354 3877 3538 3933 aditus

1942 3985 2201 4032 tenens...
2238 3973 2369 4029 Post
2393 3971 2494 4026 has
2513 3978 2697 4026 autem
2731 3970 3013 4041 pecunias,
3044 3985 3073 4024 a
3096 3968 3301 4025 nostris
3332 3978 3535 4024 mater.

1940 4066 2094 4131 teris,
2123 4063 2406 4122 sororibus
2431 4078 2565 4119 vero
2596 4069 2800 4116 sancte
2831 4068 2889 4114 et
2917 4060 3090 4115 beata
3123 4060 3403 4114 memoriae
3427 4057 3534 4130 Cy-

1941 4158 2072 4225 rilli,
2108 4156 2427 4228 angustians
2456 4167 2635 4223 usque
2675 4151 2742 4207 ad
2784 4140 3260 4221 ipsam'animam,
3287 4158 3345 4204 et
3381 4149 3535 4205 obsi-

1940 4252 2106 4316 dens,
2150 4246 2517 4305 comminatus
2565 4244 2738 4314 ipsam
2791 4256 3010 4313 quoque
3052 4248 3319 4306 mortem,
3346 4241 3536 4312 exegit

1941 4339 2059 4397 auri
2084 4336 2269 4409 pondo
2294 4333 2570 4406 octoginta
2588 4331 2855 4404 quinque,
2877 4328 3240 4385 nihilominus
3270 4337 3327 4384 et
3350 4320 3541 4386 a'filiis

1871 4461 1920 4522 υ
1946 4430 2261 4487 clarissimas
2283 4425 2562 4483 memoria:
2583 4423 2693 4480 mei
2718 4422 2903 4478 fratris
2936 4421 3172 4478 orbitate
3197 4421 3532 4489 infelicibus,

1947 4533 2003 4580 et
2044 4524 2163 4595 ejus
2201 4536 2374 4577 uxore
2414 4524 2652 4575 mortem
2696 4517 2881 4573 mariti
2921 4516 3008 4573 sui
3055 4515 3368 4588 plangente...
3413 4515 3535 4573 auri

1948 4615 2133 4686 pendo
2162 4612 2545 4685 quadraginta,
2589 4630 2608 4663 ι
2652 4618 2760 4667 etc.
2785 4609 2916 4678 Quae
2958 4609 3016 4667 S.
3044 4608 3313 4681 Cyrillum
3350 4617 3408 4684 et
3440 4623 3537 4680 ge-

1949 4722 2080 4763 nere
2112 4714 2167 4762 et
2204 4716 2329 4761 ortu
2357 4703 2789 4759 Alexandrinum
2820 4702 2988 4758 fuisse
3021 4717 3131 4758 non
3175 4700 3412 4757 obscure
3451 4700 3539 4757 in-

1950 4799 2156 4855 dicant.

2024 4907 2269 4975 11.0110
2298 4909 2352 4962 in
2383 4908 2527 4971 loco,
2567 4906 2800 4962 Athenis
2832 4921 2902 4960 an
2936 4903 3302 4971 Alexandrina,
3346 4903 3544 4960 studiis

1951 5002 2261 5057 litterarum
2295 4999 2548 5055 excultus
2587 4998 2678 5065 sit,
2708 4997 2851 5068 apud
2882 4997 3139 5068 antiquos
3172 5012 3281 5052 non
3331 4994 3545 5066 reperi-

1952 5107 2093 5147 mus.
2119 5091 2195 5146 De
2229 5093 2348 5162 ejus
2386 5089 2713 5145 monachatu
2742 5088 2967 5161 grandis
3000 5087 3295 5143 Baronium
3321 5086 3468 5142 inter
3490 5093 3545 5139 et

1951 5183 2274 5241 Carmelitas
2296 5183 2485 5248 Patres
2506 5180 2880 5238 controversia
2902 5187 3004 5235 est.
3030 5178 3324 5236 Barouium
3350 5177 3548 5233 acriter

1955 5277 2239 5332 incessunt
2264 5289 2377 5346 pra
2401 5274 2616 5330 caeteris
2639 5272 2881 5328 Thomas
2911 5270 3218 5327 Saracenos
3257 5270 3315 5325 in
3358 5268 3544 5323 Meno-

1956 5368 2098 5440 legio
2140 5366 2583 5430 Carmelitarum,
2635 5374 2692 5420 et
2734 5365 2999 5437 Alegreus
3041 5363 3096 5419 in
3139 5359 3403 5433 Apologia
3448 5373 3549 5431 pro

1954 5461 2163 5516 Joanne
2193 5459 2716 5530 llierosolymitano,
2751 5457 3004 5513 discursu
3046 5456 3102 5521 2,
3147 5470 3199 5511 c.
3233 5454 3321 5509 11.
3362 5452 3549 5509 Histo-

1956 5553 2090 5608 riam
2119 5552 2290 5607 citant
2318 5568 2384 5606 ex
2414 5552 2672 5622 quopiam
2703 5549 2910 5607 GalliCo
2946 5547 3220 5605 Chronico
3251 5552 3548 5618 sumptam,

1956 5657 2019 5697 ac
2040 5642 2321 5698 mordicus
2348 5657 2469 5697 eam
2499 5650 2748 5697 tuentur.
2783 5638 2997 5711 Alegrei
3027 5638 3213 5695 verbis
3239 5653 3361 5694 eam
3401 5634 3553 5692 refe-

1957 5750 2140 5792 remus
2176 5752 2187 5787 :
2226 5754 2244 5786 ι
2280 5733 2497 5789 Etenim
2521 5733 2750 5791 historia
2782 5732 2874 5789 illa
2897 5731 3111 5802 Latina,
3145 5751 3163 5783 ι
3198 5729 3397 5802 inquit,
3430 5748 3448 5780 ι
3479 5726 3550 5783 de

3442 5913 3540 5977 φρ

3492 5973 3652 6180 "1+,

4020 2772 4024 2883 λ

4019 3248 4024 3443 4
