4024 6220
530 375 601 432 I3
650 382 668 391 ⁸
1853 375 1910 430 S.
1952 374 2137 431 CYllll

2264 373 2451 431 VlTA.
3160 296 3173 337 '
3746 365 3818 420 N

531 505 642 561 qua
663 499 830 559 supra
857 486 1173 562 agebamus,
1207 489 1400 545 Latine
1424 498 1482 546 et
1509 487 1716 547 Gallice
1736 499 1957 545 exarata
1980 489 2124 562 (quae
2152 495 2196 551 Α
2225 498 2535 559 ronymum,
2557 481 2885 545 Palladium,
2927 478 3244 553 Evagrium,
3272 478 3619 545 Cassianum,
3649 476 3831 535 Theo-

534 581 841 641 bahebatur
861 582 1004 650 apud
1029 580 1220 637 Gallia
1237 594 1444 652 regem,
1466 589 1529 636 ut
1549 581 1773 637 tradunt
1796 580 1960 637 Coria
1984 582 2024 635 Ι.
2043 595 2122 647 ιιι,
2225 577 2502 642 doretum,
2536 574 2802 648 Cyrillum
2824 573 3177 639 monachum,
3201 582 3258 628 et
3288 572 3425 629 alios
3444 570 3633 629 saeculi
3665 566 3834 643 hujus

541 686 582 726 r.
618 670 686 725 l8
717 669 1034 725 Dilucidarii
1060 669 1321 739 Carmel.,
1355 671 1621 727 Emanuel
1655 670 1936 727 Romanus
1958 683 2126 725 sacra
2226 670 2527 741 scriptores
2551 668 2817 740 frequens
2847 667 3056 723 mentio
3090 665 3152 723 fit
3187 666 3256 723 de
3297 664 3585 722 monachis
3626 663 3685 720 in
3733 663 3836 720 Pa.-

528 763 701 832 antiq.
722 753 960 818 Cat-mel.
982 761 1052 818 de
1076 762 1212 820 viris
1234 763 1564 827 illustribus.
1583 764 1640 820 in
1665 762 1869 837 Cyrillo
1888 763 2126 818 Alexan-
2222 760 2439 818 ltestina
2477 760 2828 833 degentibus,
2865 773 3139 831 nusquam
3171 755 3395 828 penitus
3424 755 3573 829 apud
3617 770 3714 813 eos
3763 754 3835 810 de

528 853 711 916 drino,
744 862 800 908 et
832 852 973 925 alii),
1003 869 1169 926 quam
1203 854 1479 913 immerito
1497 854 1763 912 Baronius
1798 853 2043 911 fastidire
2070 861 2130 909 et

528 944 800 1000 facessere
836 943 1040 1009 voluit,
1085 958 1211 1000 cum
1263 960 1297 1002 a
1342 944 1684 1018 gravissimis
1738 943 2128 1015 antiquitatum

527 1035 1030 1093 Carmelitanarum
1064 1034 1447 1108 scriptoribus,
1490 1045 1749 1107 tanquam
1782 1034 1888 1092 fide
1918 1026 2129 1107 dignis-

530 1129 690 1184 sima.
730 1128 819 1184 vel
845 1126 1114 1183 ambabus
1148 1127 1404 1184 manibus
1444 1127 1811 1198 suseipiatur;
1846 1126 1903 1183 S.
1936 1126 2130 1200 Cyrilli

533 1220 589 1275 in
619 1219 874 1276 Carmelo
904 1217 1345 1275 monachismum
1379 1224 1673 1273 attestatur
1705 1226 1916 1288 aperte,
1945 1217 2132 1274 verbis

532 1312 778 1384 ejusdem
805 1311 969 1384 legati
994 1320 1091 1366 aut
1121 1308 1538 1367 ambasciatoris
1572 1324 1674 1383 pro
1703 1309 1892 1367 Gallias
1920 1309 2131 1381 regeb'n

534 1401 813 1473 Ephesino
849 1401 1088 1457 concilio
1132 1399 1448 1467 residentis,
1494 1400 1590 1472 qui
1631 1399 1702 1457 ab
1733 1399 1829 1456 illo
1860 1400 2033 1456 redux
2062 1398 2132 1455 ad

534 1508 719 1565 regem
741 1508 906 1548 suum
927 1491 1199 1549 allocutus
1230 1502 1335 1559 est,
1371 1491 1429 1548 in
1465 1490 1761 1564 exemplari
1791 1490 1972 1563 primo
2008 1506 2145 1558 suo,-

535 1582 683 1653 quod
714 1598 817 1639 nos
836 1581 1081 1639 vidimus
1100 1592 1163 1639 et
1193 1583 1428 1657 legimus
1458 1583 1516 1640 in
1546 1583 1775 1655 antiqua
1797 1582 2133 1640 bibliotheca

536 1674 931 1746 religiosissimi
950 1672 1338 1731 Cisterciensis
1356 1673 1597 1732 coenobii
1628 1673 1702 1731 de
1729 1674 1780 1730 la
1809 1671 1985 1741 Oliva,
2007 1673 2135 1730 Cal-

534 1764 646 1822 lico
679 1781 783 1821 suo
811 1765 1071 1822 idiomate
1100 1767 1412 1838 prorumpit
1436 1767 1518 1823 sic
1552 1784 1565 1820 :
1618 1765 1730 1822 «Au
1753 1765 1964 1822 concile
2003 1765 2132 1821 (ΥΕ-

540 1854 733 1925 phese,
767 1856 860 1927 qui
889 1871 946 1912 se
969 1829 1195 1913 celebra
1234 1829 1502 1928 par-den:
1527 1872 1658 1913 cens
1698 1857 1985 1927 évesques,
2023 1856 2132 1913 l‘an
2166 1829 2206 1889 Β

539 1945 615 2001 du
649 1946 915 2018 Seigneur
941 1947 1068 2015 418,
1102 1964 1172 2004 au
1195 1948 1304 2005 lieu
1327 1948 1400 2004 du
1433 1949 1577 2021 Pape
1613 1942 1853 2006 Célestin
1885 1966 1920 2022 y
1954 1947 2133 2021 pre'si-

538 2037 659 2094 doit
683 2038 736 2095 le
763 2038 1172 2097 bien-beureux
1198 2039 1256 2097 S.
1282 2040 1483 2114 Cyrille
1519 2040 1703 2097 moine
1727 2040 1801 2098 du
1822 2039 1973 2097 Mont
2000 2040 2135 2099 Car-

534 2130 680 2198 mel;
704 2130 889 2203 lequel
914 2149 1055 2205 pour
1088 2149 1148 2190 sa
1181 2133 1390 2191 saincte
1421 2133 1531 2201 vie,
1570 2131 1875 2191 admirable
1913 2134 2133 2192 science

533 2229 591 2276 et
614 2221 887 2289 doctrine,
920 2221 1203 2294 disputant
1242 2233 1432 2279 contre
1476 2222 1674 2280 Nestor
1716 2223 2035 2280 Patriarche
2065 2224 2133 2281 de

534 2311 1012 2384 Constantinople,
1058 2313 1155 2384 qui
1191 2313 1295 2368 mit
1333 2313 1490 2371 taclte
1529 2329 1600 2369 en
1642 2310 1937 2369 l’bonneur
1981 2312 2050 2370 de
2081 2314 2133 2370 la

534 2406 731 2479 Vierge
767 2405 960 2473 Maris,
998 2414 1058 2462 et
1093 2421 1165 2462 en
1203 2407 1339 2464 celle
1368 2406 1439 2465 de
1479 2398 1853 2465 Jésus—Christ
1882 2422 1983 2463 son
2022 2405 2130 2474 ﬁls,

534 2507 783 2569 emporta
812 2498 866 2553 la
887 2498 1116 2556 victoirc
1132 2515 1227 2555 sur
1255 2500 1403 2573 luy.»
1430 2497 1563 2568 Quae
1585 2516 1734 2557 nunc
1766 2499 1847 2556 sic
1873 2501 1980 2572 jam
2016 2510 2132 2558 tra-

538 2589 701 2646 ducta
723 2590 922 2646 Latino
959 2591 1128 2647 verba
1169 2600 1419 2648 tenemus
1446 2609 1459 2646 :
1487 2591 1547 2647 In
1569 2591 1806 2649 concilio
1832 2591 2131 2664 Ephesino,

539 2683 683 2753 quod
706 2682 813 2739 fuit
835 2683 1175 2741 celebratum
1208 2699 1306 2755 per
1329 2699 1392 2740 cc
1440 2684 1752 2755 episcopos,
1780 2698 1909 2739 ann.
1942 2683 2131 2741 Domi-

538 2775 595 2831 ni
621 2776 748 2841 418,
774 2775 1123 2847 praesidebat,
1156 2775 1279 2832 loco
1308 2790 1462 2847 papae
1479 2774 1765 2834 leestini
1790 2774 1834 2843 1,
1861 2775 1923 2831 Β.
1952 2775 2131 2850 Cyril-

536 2867 626 2925 lns
654 2869 958 2925 monachus
992 2868 1192 2925 Montis
1227 2867 1487 2933 Carmeli,
1523 2867 1618 2939 qui
1668 2866 1741 2927 ob
1782 2867 2130 2925 sanctitatem

538 2959 685 3025 vitae,
710 2960 1022 3017 admirabili
1055 2960 1287 3016 scientia
1310 2967 1367 3016 et
1397 2959 1647 3015 doctrina
1678 2959 1967 3032 disputans
2002 2976 2133 3017 con-

542 3066 624 3112 tra
666 3056 981 3113 Nestorium
1026 3055 1394 3130 patriarcham
1436 3050 2129 3126 Constantinopolitanum,

2229 854 2517 913 monachis
2556 852 2890 911 Carmelitis.
2929 852 3185 907 Facessat
3234 849 3405 922 igitur
3447 848 3719 921 ejusmodi
3764 847 3833 905 de

2229 948 2606 1007 monachismo
2626 945 2816 1021 Cyrilli
2839 945 2894 1000 in
2913 943 3162 1001 Carmelo
3181 942 3404 1008 fabella,
3423 941 3569 1001 sicut
3586 942 3679 1000 illa
3700 941 3832 1000 huic
3852 1004 3857 1010 ,

2230 1039 2378 1095 haud
2397 1040 2594 1110 impar,
2619 1054 2731 1110 qua
2747 1038 2980 1095 traditur
3000 1047 3057 1093 et
3074 1037 3312 1092 Joannes
3324 1035 3831 1109 Hierosolymorum

2230 1129 2526 1201 episcopus
2549 1130 2880 1202 Origenista,
2904 1130 3075 1186 fuisse
3092 1130 3260 1187 etiam
3281 1130 3585 1188 monachus
3602 1130 3851 1189 Carme-.

2231 1224 2363 1281 lita:
2396 1223 2549 1280 sicut
2573 1225 2723 1280 enim
2745 1226 2866 1283 haec
2888 1224 3084 1282 leviter
3106 1224 3461 1297 efﬁnguntur,
3494 1227 3570 1283 ita
3596 1235 3654 1284 et
3672 1226 3832 1286 facile

2233 1317 2576 1374 refelluntur.
2636 1317 2899 1391 Flagrans
2966 1318 3190 1391 quidem
3252 1319 3456 1391 cupido
3525 1320 3833 1383 nobilitatis

2232 1411 2393 1467 avitae
2429 1409 2576 1483 cogit
2605 1411 2883 1468 interdum
2923 1411 3180 1467 homines
3210 1406 3471 1469 delirare.
3512 1433 3533 1466 ι
3569 1413 3697 1470 Haec
3729 1414 3833 1471 Ba-

2234 1504 2446 1560 ronius.

2307 1596 2395 1652 14.
2439 1597 2541 1667 De\
2568 1598 2779 1654 Joanne
2835 1596 3330 1671 Hierosolymitano
3375 1598 3535 1655 aliter
3589 1598 3837 1657 sentiunt

2236 1688 2461 1760 plurimi
2483 1689 2590 1746 viri
2616 1690 2871 1747 doctrina
2895 1699 2954 1747 et
2990 1690 3260 1761 sapientia
3292 1690 3553 1756 illustres,
3579 1691 3676 1761 qui
3717 1691 3838 1762 ejus

2239 1780 2410 1852 (quod
2447 1781 2558 1839 huc
2595 1780 2749 1855 facit)
2791 1782 3169 1839 monachicam
3202 1782 3374 1837 vitam
3405 1789 3682 1838 astruunt.
3714 1781 3838 1852 Ipse

2237 1870 2296 1930 S.
2346 1873 2714 1948 Hieronymus
2756 1876 2872 1947 (qui
2919 1875 2990 1932 ab
3029 1875 3266 1947 Alegreo
3314 1875 3461 1932 inter
3511 1873 3838 1932 Carmelitas
3944 1944 3953 1953 ‘

2234 1980 2456 2038 quoque
2480 1976 2760 2035 censetur,
2785 1979 2848 2026 ut
2874 1968 2989 2026 fere
3015 1970 3201 2026 cuncti
3220 1956 3567 2025 illius‘mtatis
3596 1968 3839 2042 insignes

2234 2056 2518 2129 monachi)
2536 2059 2700 2135 epist.
2724 2058 2814 2125 62,
2837 2059 2907 2114 ad
2926 2057 3266 2131 TheOphilum
3283 2060 3582 2132 episcopum
3605 2059 3840 2117 Alexan-

2234 2147 2470 2214 drinum,
2501 2149 2570 2206 de
2588 2149 2801 2207 Joanne
2830 2166 3019 2223 agens,
3046 2152 3121 2206 ita
3151 2148 3422 2208 exclamat
3448 2170 3461 2206 :
3497 2171 3515 2204 ι
3541 2152 3838 2211 Monachus

2237 2236 2399 2307 (proh
2431 2238 2648 2310 dolor!)
2702 2242 2991 2298 monachis
3049 2252 3109 2298 et
3151 2243 3413 2309 minatur,
3470 2253 3528 2300 et
3581 2245 3841 2316 impetrat

2233 2326 2517 2393 exsilium,
2545 2337 2606 2384 et
2645 2328 2754 2384 hoc
2798 2330 3104 2386 monachus
3126 2332 3499 2401 apostolicam'
3519 2334 3839 2391 cathedram

2234 2416 2439 2475 habere
2467 2430 2527 2475 se
2545 2420 2779 2491 jactans.
2818 2440 2837 2473 ι
2879 2419 2989 2476 Sed
3031 2428 3217 2475 utrum
3271 2420 3328 2475 in
3368 2427 3556 2477 monte
3586 2422 3841 2480 Carmelo

2233 2511 2557 2579 monachus,
2580 2519 2679 2568 aut
2697 2512 2867 2569 etiam
2892 2512 3065 2569 abbas
3086 2512 3278 2579 fuerit,
3298 2512 3589 2585 quaeritur.
3620 2514 3677 2571 S.
3704 2516 3838 2571 Hie-

2234 2598 2499 2675 rOnymus
2538 2602 2597 2659 in
2627 2602 2748 2659 Vita
2783 2603 2844 2661 S.
2890 2603 3188 2661 Hilarionis
3233 2612 3465 2661 testatur
3513 2605 3840 2679 priusquam

2233 2691 2480 2749 Hilarion
2505 2697 2575 2750 ex
2596 2692 2831 2767 Egypto
2861 2695 3088 2763 rediret,
3125 2714 3144 2747 ι
3193 2694 3433 2752 necdum
3474 2703 3608 2752 tunc
3644 2712 3840 2753 mona-

2231 2784 2399 2841 steria
2420 2783 2589 2841 fuisse
2622 2785 2681 2841 in
2720 2784 3027 2844 Palaestina.
3063 2805 3082 2838 ι
3117 2784 3187 2842 Ει
3211 2785 3446 2843 deinde:
3494 2805 3515 2840 ι
3551 2786 3665 2844 Nec
3685 2774 3840 2860 quis-

2228 2892 2396 2949 quam
2426 2878 2759 2934 monachum
2787 2888 2916 2936 ante
2959 2877 3018 2938 S.
3047 2878 3388 2936 Hilarionem
3446 2879 3505 2936 in
3538 2879 3694 2953 Syria
3735 2897 3840 2939 no—

2230 2977 2423 3026 verat:
2457 2989 2477 3022 ι
2505 2977 2569 3027 ιιι
2592 2969 2795 3028 mirum
2817 2970 2889 3027 sit
2917 2970 3185 3027 Thomam
3205 2970 3541 3028 Saracenum
3566 2974 3835 3042 scribere,

2232 3059 2440 3131 absque
2461 3060 2630 3117 ullius
2658 3060 2908 3117 auctoris
2940 3056 3278 3127 testimonio,
3310 3069 3474 3118 antea
3501 3060 3671 3119 fuisse
3697 3063 3837 3119 Car-

539 3148 635 3214 ιιιιί
666 3147 935 3204 maculam
955 3147 1142 3221 posuit
1168 3147 1224 3204 in
1250 3147 1312 3203 B.
1335 3145 1559 3219 Virgine
1606 3145 1796 3213 Maria,
1822 3154 1879 3202 et
1909 3145 1965 3201 in
2012 3146 2134 3220 ejus
2161 3180 2206 3239 ο
2236 3152 2551 3209 melitarum
2592 3151 2651 3208 in
2688 3151 2985 3210 Palaestina
3003 3152 3341 3209 monasteria
3363 3193 3379 3219 ,
3421 3168 3546 3225 qua)
3591 3153 3837 3212 Hilarion

541 3239 655 3297 lilio
672 3240 894 3297 Christo
916 3240 1068 3306 Jesu,
1086 3255 1214 3297 eum
1234 3239 1561 3313 superavit»

611 3333 697 3389 19..
735 3333 941 3389 Verum
975 3333 1173 3389 merito
1211 3333 1329 3389 haec
1360 3331 1669 3405 improbata
1713 3340 1845 3389 sunt
1876 3329 2133 3388 Baronio.

538 3423 673 3492 Quis
712 3441 781 3482 eo
815 3435 1061 3497 tempore
1110 3440 1207 3481 rex
1246 3422 1437 3482 Gallia:
1476 3422 1584 3480 fuit
1629 3422 1996 3491 Christianus,
2040 3422 2136 3495 qui

540 3518 748 3590 legatos
789 3517 857 3573 ad
902 3515 1196 3573 concilium
1231 3516 1453 3572 mittere
1484 3515 1763 3587 potuerit?
1791 3510 2139 3572 Chlodoveus

540 3626 773 3682 regnum
792 3609 944 3691 circa
981 3625 1070 3665 an.
1091 3607 1221 3665 Chr.
1243 3607 1350 3664 482
1375 3606 1710 3679 auspicatus,
1735 3623 1879 3664 anno
1898 3614 2136 3691 primum

538 3704 646 3759 496
671 3688 1035 3759 Christianam
1065 3700 1387 3775 religionem
1411 3698 1698 3772 amplexus
1735 3709 1841 3757 est.
1862 3700 1947 3756 An
1970 3688 2137 3757 etiani

541 3806 726 3865 regem
745 3792 959 3864 legatus
987 3791 1252 3847 Francico
1276 3791 1545 3847 moderno
1568 3789 1833 3847 idiomate
1865 3789 1954 3863 (ut
1976 3791 2137 3848 vide-

545 3894 636 3941 tur
656 3887 922 3958 Alegreus
945 3882 1210 3957 asserere)
1242 3883 1553 3941 allocutus?
1583 3892 1640 3939 at
1676 3899 1833 3957 reges
1867 3883 2031 3956 primi
2056 3885 2137 3940 illi

541 3978 884 4035 Francorum
910 3977 1247 4037 Sicambrice
1285 3977 1478 4043 locuti,
1521 3985 1579 4032 et
1608 3976 1933 4032 modernum
1964 3976 2139 4032 Fran-

543 4086 734 4127 corum
776 4071 978 4127 idinma
1007 4069 1101 4126 diu
1134 4079 1258 4140 post
1287 4085 1318 4125 e
1358 4067 1555 4124 Latino
1586 4064 2009 4134 conformatum,
2045 4075 2140 4122 aut

541 4161 728 4232 potius
757 4160 1133 4232 depravatum.
1158 4158 1231 4215 Ut
1260 4155 1919 4224 omittamus,concilium
1952 4156 2137 4228 Ephe-

541 4252 727 4309 sinum
762 4270 855 4310 an.
893 4252 1025 4310 Chr.
1062 4252 1186 4317 431,
1213 4269 1323 4308 non
1355 4249 1481 4317 418,
1509 4267 1629 4308 esse
1659 4249 1931 4307 habitum.
1973 4250 2139 4306 Mira-

540 4360 673 4400 mur
701 4346 853 4403 viros
896 4344 1144 4402 eruditos
1170 4345 1409 4401 rationes
1437 4352 1547 4399 tam
1577 4342 1805 4399 frivolas
1850 4341 2049 4398 afferre
2081 4343 2137 4397 in

2243 3243 2444 3302 deinde
2471 3264 2490 3298 ι
2517 3245 2779 3302 visitahat
2813 3254 2873 3302 et
2895 3244 3223 3302 instruebat.
3262 3265 3281 3299 ι
3313 3247 3517 3305 Verum
3547 3265 3567 3299 ι
3591 3249 3843 3320 exemplo
3866 3237 3881 3253 '

2241 3339 2382 3411 ejus,
2425 3358 2445 3390 ι
2472 3338 2653 3409 inquit
2677 3338 3068 3410 Hieronymus,
3112 3357 3133 3393 ι
3170 3356 3270 3412 per
3289 3348 3463 3397 totam
3494 3340 3844 3398 Palzestinam
3924 3336 3931 3341 “

2244 3428 2672 3486 innumerabilia
2712 3429 3050 3487 monasteria
3079 3445 3203 3485 esse
3243 3439 3550 3502 coeperunt.
3591 3450 3610 3483 ι
3640 3430 3844 3497 Quidni

2246 3531 2379 3580 tunc
2428 3522 2640 3594 aliqui,
2692 3521 2869 3584 veteri
2932 3522 3406 3580 sanctissimorum
3449 3522 3846 3594 prophetarum

2242 3613 2495 3684 exemplo
2528 3613 2662 3671 Elite
2682 3621 2740 3670 et
2761 3611 2930 3670 Elisei
2969 3611 3203 3678 incitati,
3235 3621 3481 3671 montem
3531 3612 3846 3671 Carmelum

2244 3704 2559 3762 inhabitare
2604 3704 2923 3777 potuerint?
2983 3725 3002 3758 ι
3040 3705 3098 3763 S.
3136 3704 3375 3763 Jacobus
3415 3707 3668 3774 eremita,
3711 3727 3731 3761 ι
3775 3708 3847 3765 de

2243 3812 2356 3869 quo
2383 3797 2525 3853 infra
2555 3812 2800 3869 agemus,
2845 3815 2864 3848 ι
2886 3812 3059 3869 prope
3109 3796 3372 3869 oppidum
3399 3797 3845 3870 Porpbyreonem

2245 3889 2301 3944 in
2349 3880 2660 3945 solitarium
2701 3889 2884 3945 locum
2918 3888 3169 3956 secessit,
3211 3907 3229 3940 ι
3268 3904 3380 3943 non
3419 3889 3611 3960 procul
3649 3904 3679 3944 a
3709 3886 3844 3944 Car-

2245 3981 2392 4036 melo
2423 3988 2610 4036 monte
2641 3998 2653 4033 :
2691 3982 2850 4053 cujus
2888 4000 2905 4033 ι
2942 3982 3055 4036 vita
3082 3980 3159 4037 ita
3190 3980 3596 4046 celebrabatur,
3627 3989 3690 4035 ut
3711 3994 3742 4034 e
3766 3978 3848 4034 vi-

2245 4069 2381 4141 ginti
2420 4079 2517 4125 aut
2545 4070 2771 4141 triginta
2797 4069 3151 4127 monasteriis
3180 4068 3438 4125 monachi
3474 4077 3534 4125 et
3561 4069 3748 4126 clerici
3776 4070 3847 4125 ad

2245 4180 2372 4219 eum
2390 4163 2663 4229 venirent,
2689 4170 2752 4216 ut
2779 4162 2902 4232 ejus
2942 4160 3387 4218 benedictionem
3420 4161 3755 4234 acciperent,
3790 4173 3848 4217 et

2245 4253 2315 4309 ab
2342 4268 2409 4309 eo
2440 4251 2755 4322 confirmari
2788 4258 3030 4322 possent.
3069 4270 3088 4304 ι
3123 4250 3333 4305 Horum
3379 4249 3845 4306 monasteriorum

2246 4344 2469 4417 aliquod
2496 4345 2554 4400 in
2574 4343 2848 4408 Carmelo,
2876 4350 2969 4397 aut
3003 4341 3073 4397 ad
3105 4342 3227 4413 ejus
3260 4341 3494 4407 radices,
3527 4342 3718 4408 fuisse,
3744 4343 3845 4396 ad-

2245 4438 2471 4495 modum
2500 4436 2804 4508 probabile.
2836 4435 2904 4491 Et
2922 4450 3021 4489 cur
3064 4432 3232 4488 isthic
3257 4433 3461 4500 minus,
3490 4442 3585 4487 aut
3610 4448 3709 4488 cur
3734 4450 3846 4488 non

617 4554 706 4608 l3.
730 4553 998 4610 Baronius
1021 4552 1225 4610 acriter
1253 4552 1498 4625 profecto
1530 4552 1590 4607 in
1621 4566 1744 4608 eam
1767 4547 2137 4606 narrationem

2248 4530 2413 4587 isthic
2451 4528 2665 4601 potius,
2700 4543 2865 4599 quam
2890 4527 2948 4581 in
2972 4526 3183 4597 reliqua
3214 4519 3487 4583 Palaestini
3514 4525 3682 4582 maris
3713 4527 3847 4582 ora?

542 4646 829 4704 invehitur
880 4654 922 4702 t.
949 4646 1017 4704 Vl
1044 4647 1266 4712 Annal.,
1294 4662 1385 4703 an.
1413 4647 1541 4713 444,
1568 4662 1627 4702 ιι.
1655 4646 1720 4701 17
1754 4663 1767 4699 :
1798 4664 1818 4697 ι
1846 4643 1988 4700 Sane
2013 4643 2139 4714 qui-

539 4740 671 4796 dem
733 4738 1085 4812 respuimns,
1136 4759 1155 4791 ι
1212 4739 1434 4811 inquit,
1487 4758 1507 4791 ι
1561 4748 1729 4810 atque
1790 4736 2143 4794 exsuillamus

538 4829 868 4902 ﬁgmentum
906 4829 1063 4897 illud,
1097 4828 1309 4886 incerto
1344 4839 1573 4886 auctore
1617 4826 1918 4901 proditum,
1967 4826 2143 4884 Chro-

537 4921 672 4977 nico
686 4920 971 4989 nimirum,
995 4920 1144 4993 quod
1171 4930 1413 4979 exstasse
1434 4921 1649 4993 fingunt
1673 4920 1819 4992 apud
1847 4918 2141 4991 quemdam

538 5014 790 5073 Francia
817 5030 1002 5088 regem
1030 5014 1392 5089 [Ludovicum
1412 5014 1544 5089 XI],
1586 5032 1698 5087 quo
1722 5015 1949 5071 tradunt
1980 5030 2140 5071 eum-

535 5106 670 5162 dem
719 5106 777 5162 S.
815 5106 1080 5181 Cyrillum
1124 5108 1555 5164 Alexandrinum
1588 5108 1909 5179 episcopum
1946 5122 2140 5162 mona-

533 5198 710 5254 chum
742 5198 914 5255 fuisse
945 5200 1148 5256 Montis
1165 5200 1406 5257 Carmeli
1435 5220 1449 5256 :
1479 5202 1572 5257 cui
1595 5202 1817 5274 quidem
1853 5201 2142 5258 assertioni

533 5290 911 5348 Tritthemius
931 5293 1129 5349 leviter
1145 5294 1311 5350 nimis
1339 5293 1506 5351 ﬁdem
1527 5295 1798 5366 pmstitit.
1819 5293 1977 5352 Unde
2002 5295 2140 5360 hac,

532 5400 751 5455 quaeso,
790 5385 1003 5441 incerto
1036 5387 1269 5455 auctori,
1312 5388 1359 5444 si
1403 5387 1499 5458 qui
1546 5388 1682 5444 certi
1735 5395 1898 5458 atque
1928 5386 2142 5458 probati

534 5487 673 5534 sunt
700 5488 975 5547 auctores,
1005 5482 1252 5555 ejusdem
1284 5481 1475 5555 Cyrilli
1502 5482 1763 5553 aequales,
1788 5481 2144 5554 ejusdemque

537 5588 631 5627 res
658 5582 843 5643 gestas
863 5590 1027 5646 quam
1053 5575 1348 5648 diligenter
1371 5574 1672 5647 prosecuti,
1697 5573 1817 5629 haec
1837 5574 2145 5630 nescientes

540 5665 743 5722 obruta
792 5667 1014 5725 silentio
1064 5668 1447 5740 reliquerunt?
1483 5668 1582 5726 Vel
1620 5682 1765 5739 quae”
1788 5665 1934 5738 apud
1980 5665 2147 5738 hujus

537 5754 815 5823 temporis
840 5756 1141 5827 scriptores
1172 5758 1380 5814 mentio
1403 5758 1473 5813 de
1502 5757 1654 5815 culto
1681 5756 1933 5814 Carmelo
1958 5772 1990 5811 a
2020 5756 2146 5812 vitae

540 5846 864 5903 monasticae
898 5849 1336 5920 professoribus?
1360 5852 1580 5909 Etenim
1612 5866 1739 5909 cum
1762 5850 1908 5922 apud
1931 5849 1989 5909 S.
2013 5850 2144 5909 Hie-

2239 4624 2324 4678 An
2355 4637 2490 4677 vero
2516 4620 2592 4677 ibi
2620 4629 2746 4676 ante
2773 4619 3153 4691 episcopatum
3187 4625 3503 4688 susceptum
3546 4618 3847 4675 monachus

2240 4716 2479 4773 Joannes
2520 4714 2708 4781 fuerit,
2755 4720 2852 4768 aut
2894 4712 3063 4767 etiam
3095 4711 3288 4777 abbas,
3321 4719 3377 4766 et
3406 4711 3511 4768 sub
3542 4727 3610 4767 eo
3646 4711 3847 4769 vixerit

2241 4807 2547 4863 monachus
2579 4805 2637 4862 S.
2678 4803 2935 4879 Cyrilfus,
2957 4803 3103 4876 apud
3137 4804 3393 4875 antiquos
3438 4820 3551 4860 non
3587 4804 3843 4877 legimus.

2241 4900 2286 4955 A
2306 4898 2636 4955 Tritthemio
2656 4897 2891 4971 Cyrillus
2924 4916 2943 4949 ι
2971 4896 3174 4952 montis
3193 4895 3430 4953 Carmeli
3453 4898 3726 4969 quondam
3751 4897 3847 4952 dc—

2243 5007 2342 5047 cus
2369 5001 2427 5046 et
2448 4990 2629 5046 cultor
2657 4989 2889 5061 insignis
2926 5008 2944 5039 ι
2974 4988 3300 5059 appellatur.
3331 4987 3723 5046 Trittheminm
3755 5006 3841 5043 sc-

2244 5094 2491 5156 quuntur
2530 5081 2754 5155 plurimi
2806 5081 3167 5147 recentiores,
3203 5095 3343 5151 quos
3383 5079 3669 5151 proferunt
3714 5082 3842 5135 Ale-

2243 5194 2409 5250 greus
2430 5187 2486 5234 et
2517 5176 2841 5232 Saracenus.
2882 5173 2991 5231 Sed
3035 5173 3227 5230 mirari
3255 5173 3380 5245 quis
3420 5173 3595 5243 possit
3652 5186 3754 5226 cur
3787 5172 3842 5225 in

2242 5271 2531 5328 Palaestina
2573 5268 2919 5341 potissimum
2953 5268 3311 5323 monasticam
3340 5267 3517 5331 vitam
3549 5264 3841 5335 complecti

2243 5363 2502 5429 voluerit,
2541 5378 2667 5418 cum
2708 5360 2765 5416 in
2791 5360 3026 5434 Egypto
3067 5361 3308 5434 primum
3345 5375 3410 5415 ea
3446 5357 3664 5413 vivendi
3702 5358 3841 5413 ratio

2244 5458 2468 5539 inventa
2499 5454 2755 5525 cultaque
2778 5453 2979 5521 fuerit,
3006 5461 3169 5524 atque
3200 5470 3267 5508 eo
3292 5460 3536 5522 tempore
3568 5451 3841 5523 praecipue

2244 5548 2515 5604 floruerit.

2319 5664 2407 5719 l5.
2439 5662 2689 5718 Alterum
2726 5657 2897 5730 quaeri
2938 5664 3142 5728 potest,
3171 5673 3242 5712 an
3282 5658 3475 5715 saltem
3505 5660 3839 5716 monachum

2246 5757 2418 5812 fuisse
2455 5754 2743 5827 Cyrillum,
2773 5766 3104 5825 quocunque
3148 5750 3207 5805 in
3242 5751 3364 5829 loco
3398 5753 3513 5807 sive
3542 5752 3842 5810 Palaestina:

2245 5850 2362 5904 sive
2382 5846 2625 5927 Egypti,
2646 5862 2714 5903 ex
2739 5843 2993 5916 antiquis‘
3008 5850 3242 5900 constet.
3271 5842 3576 5899 Saracenus
3601 5844 3653 5897 id
3685 5861 3751 5899 ex
3770 5861 3837 5899 eo
