  <div class='ocr_page' id='page_1' title='image "/cluster/home/n/w/nwhite01/storage/ocr_20150623/68/hvd.32044073501975/013.png"; bbox 0 0 4024 6220; ppageno 0'>
   <div class='ocr_carea' id='block_1_1' title="bbox 253 416 3540 497">
    <p class='ocr_par' dir='ltr' id='par_1_1' title="bbox 253 416 3540 497">
     <span class='ocr_line' id='line_1_1' title="bbox 253 416 3540 497; baseline -0.006 -15"><span class='ocrx_word' id='word_1_1' title='bbox 253 426 321 482; x_wconf 74' lang='lat' dir='ltr'><strong>r5</strong></span> <span class='ocrx_word' id='word_1_2' title='bbox 926 488 933 497; x_wconf 50' lang='grc'><em>,</em></span> <span class='ocrx_word' id='word_1_3' title='bbox 1586 418 1642 472; x_wconf 91' lang='lat' dir='ltr'><strong>s.</strong></span> <span class='ocrx_word' id='word_1_4' title='bbox 1684 417 1963 473; x_wconf 63' lang='lat' dir='ltr'><strong>unum</strong></span> <span class='ocrx_word' id='word_1_5' title='bbox 2004 416 2188 473; x_wconf 85' lang='lat' dir='ltr'><strong>VITA.</strong></span> <span class='ocrx_word' id='word_1_6' title='bbox 3470 421 3540 484; x_wconf 71' lang='grc' dir='ltr'><strong>ισ</strong></span> 
     </span>
    </p>
   </div>
   <div class='ocr_carea' id='block_1_2' title="bbox 250 532 3544 612">
    <p class='ocr_par' dir='ltr' id='par_1_2' title="bbox 250 532 3544 612">
     <span class='ocr_line' id='line_1_2' title="bbox 250 532 3544 612; baseline -0 -14"><span class='ocrx_word' id='word_1_7' title='bbox 250 543 460 599; x_wconf 90' lang='lat' dir='ltr'><strong>clarum</strong></span> <span class='ocrx_word' id='word_1_8' title='bbox 483 541 802 607; x_wconf 88' lang='lat' dir='ltr'><strong>arbitratur,</strong></span> <span class='ocrx_word' id='word_1_9' title='bbox 824 539 952 610; x_wconf 90' lang='lat' dir='ltr'><strong>quia</strong></span> <span class='ocrx_word' id='word_1_10' title='bbox 969 536 1285 593; x_wconf 54' lang='lat' dir='ltr'><strong>Graecorum</strong></span> <span class='ocrx_word' id='word_1_11' title='bbox 1310 535 1523 590; x_wconf 81' lang='lat' dir='ltr'><strong>axioma</strong></span> <span class='ocrx_word' id='word_1_12' title='bbox 1555 533 1626 591; x_wconf 93' lang='lat' dir='ltr'><strong>sit</strong></span> <span class='ocrx_word' id='word_1_13' title='bbox 1652 552 1664 589; x_wconf 91' lang='lat'><strong>:</strong></span> <span class='ocrx_word' id='word_1_14' title='bbox 1695 554 1713 586; x_wconf 79' lang='grc' dir='ltr'>ι</span> <span class='ocrx_word' id='word_1_15' title='bbox 1739 532 1844 590; x_wconf 82' lang='lat' dir='ltr'><strong>Ne—</strong></span> <span class='ocrx_word' id='word_1_16' title='bbox 1878 547 1916 593; x_wconf 77' lang='grc' dir='ltr'><strong>Α</strong></span> <span class='ocrx_word' id='word_1_17' title='bbox 1950 533 2149 589; x_wconf 91' lang='lat' dir='ltr'><strong>larium</strong></span> <span class='ocrx_word' id='word_1_18' title='bbox 2181 532 2550 605; x_wconf 80' lang='lat' dir='ltr'><strong>principatum</strong></span> <span class='ocrx_word' id='word_1_19' title='bbox 2578 533 2883 606; x_wconf 78' lang='lat' dir='ltr'><strong>acquisivit.</strong></span> <span class='ocrx_word' id='word_1_20' title='bbox 2926 535 3272 609; x_wconf 68' lang='lat' dir='ltr'><strong>Quapropter</strong></span> <span class='ocrx_word' id='word_1_21' title='bbox 3307 537 3544 612; x_wconf 77' lang='lat' dir='ltr'><strong>Cyrillus</strong></span> 
     </span>
    </p>
   </div>
   <div class='ocr_carea' id='block_1_3' title="bbox 199 626 3545 708">
    <p class='ocr_par' dir='ltr' id='par_1_3' title="bbox 199 626 3545 708">
     <span class='ocr_line' id='line_1_3' title="bbox 199 626 3545 708; baseline -0.001 -14"><span class='ocrx_word' id='word_1_22' title='bbox 199 687 207 694; x_wconf 97' lang='lat'><strong>.</strong></span> <span class='ocrx_word' id='word_1_23' title='bbox 253 638 457 694; x_wconf 78' lang='lat' dir='ltr'><strong>minem</strong></span> <span class='ocrx_word' id='word_1_24' title='bbox 488 635 829 708; x_wconf 85' lang='lat' dir='ltr'><strong>temporibus</strong></span> <span class='ocrx_word' id='word_1_25' title='bbox 857 635 917 689; x_wconf 88' lang='grc' dir='ltr'>Β.</span> <span class='ocrx_word' id='word_1_26' title='bbox 953 631 1165 706; x_wconf 89' lang='lat' dir='ltr'><strong>Cyrilli,</strong></span> <span class='ocrx_word' id='word_1_27' title='bbox 1198 639 1255 687; x_wconf 93' lang='lat' dir='ltr'><strong>et</strong></span> <span class='ocrx_word' id='word_1_28' title='bbox 1285 645 1473 700; x_wconf 85' lang='lat' dir='ltr'><strong>supra,</strong></span> <span class='ocrx_word' id='word_1_29' title='bbox 1500 631 1615 700; x_wconf 87' lang='lat' dir='ltr'><strong>‘per</strong></span> <span class='ocrx_word' id='word_1_30' title='bbox 1654 627 1840 683; x_wconf 90' lang='lat' dir='ltr'><strong>orien-</strong></span> <span class='ocrx_word' id='word_1_31' title='bbox 1943 626 2128 682; x_wconf 81' lang='lat' dir='ltr'><strong>statim</strong></span> <span class='ocrx_word' id='word_1_32' title='bbox 2182 641 2310 681; x_wconf 89' lang='lat' dir='ltr'><strong>cum</strong></span> <span class='ocrx_word' id='word_1_33' title='bbox 2360 626 2793 682; x_wconf 81' lang='lat' dir='ltr'><strong>Novatianorum</strong></span> <span class='ocrx_word' id='word_1_34' title='bbox 2857 629 3154 696; x_wconf 87' lang='lat' dir='ltr'><strong>ecclesias,</strong></span> <span class='ocrx_word' id='word_1_35' title='bbox 3213 646 3337 703; x_wconf 72' lang='lat' dir='ltr'><strong>qua:</strong></span> <span class='ocrx_word' id='word_1_36' title='bbox 3388 643 3545 690; x_wconf 88' lang='lat' dir='ltr'><strong>erant</strong></span> 
     </span>
    </p>
   </div>
   <div class='ocr_carea' id='block_1_4' title="bbox 212 716 3618 796">
    <p class='ocr_par' dir='ltr' id='par_1_4' title="bbox 212 716 3618 796">
     <span class='ocr_line' id='line_1_4' title="bbox 212 716 3618 796; baseline -0.002 -13"><span class='ocrx_word' id='word_1_37' title='bbox 212 738 217 745; x_wconf 83' lang='lat'><strong><em>‘</em></strong></span> <span class='ocrx_word' id='word_1_38' title='bbox 254 729 445 783; x_wconf 87' lang='lat' dir='ltr'><strong>talium</strong></span> <span class='ocrx_word' id='word_1_39' title='bbox 491 742 638 791; x_wconf 88' lang='lat' dir='ltr'><strong>oras,</strong></span> <span class='ocrx_word' id='word_1_40' title='bbox 680 726 747 780; x_wconf 92' lang='lat' dir='ltr'><strong>ad</strong></span> <span class='ocrx_word' id='word_1_41' title='bbox 785 725 1135 796; x_wconf 87' lang='lat' dir='ltr'><strong>episcopatus</strong></span> <span class='ocrx_word' id='word_1_42' title='bbox 1175 721 1495 793; x_wconf 84' lang='lat' dir='ltr'><strong>dignitatem</strong></span> <span class='ocrx_word' id='word_1_43' title='bbox 1541 732 1840 783; x_wconf 85' lang='lat' dir='ltr'><strong>assumere,</strong></span> <span class='ocrx_word' id='word_1_44' title='bbox 1943 716 2306 787; x_wconf 68' lang='lat' dir='ltr'><strong>Alexandriae,</strong></span> <span class='ocrx_word' id='word_1_45' title='bbox 2350 720 2690 785; x_wconf 88' lang='lat' dir='ltr'><strong>ocelusisset,</strong></span> <span class='ocrx_word' id='word_1_46' title='bbox 2722 736 2839 776; x_wconf 84' lang='lat' dir='ltr'><strong>non</strong></span> <span class='ocrx_word' id='word_1_47' title='bbox 2878 721 3044 777; x_wconf 91' lang='lat' dir='ltr'><strong>modo</strong></span> <span class='ocrx_word' id='word_1_48' title='bbox 3075 739 3295 779; x_wconf 90' lang='lat' dir='ltr'><strong>omnem</strong></span> <span class='ocrx_word' id='word_1_49' title='bbox 3326 740 3543 781; x_wconf 89' lang='lat' dir='ltr'><strong>sacrum</strong></span> <span class='ocrx_word' id='word_1_50' title='bbox 3612 766 3618 777; x_wconf 87' lang='lat'><strong>.</strong></span> 
     </span>
    </p>
   </div>
   <div class='ocr_carea' id='block_1_5' title="bbox 250 809 3546 893">
    <p class='ocr_par' dir='ltr' id='par_1_5' title="bbox 250 809 3546 893">
     <span class='ocr_line' id='line_1_5' title="bbox 250 809 3546 893; baseline -0.002 -17"><span class='ocrx_word' id='word_1_51' title='bbox 250 821 358 876; x_wconf 83' lang='lat' dir='ltr'><strong>nisi</strong></span> <span class='ocrx_word' id='word_1_52' title='bbox 384 820 452 876; x_wconf 88' lang='lat' dir='ltr'><strong>de</strong></span> <span class='ocrx_word' id='word_1_53' title='bbox 479 818 873 875; x_wconf 85' lang='lat' dir='ltr'><strong>monachorum</strong></span> <span class='ocrx_word' id='word_1_54' title='bbox 921 814 1270 893; x_wconf 69' lang='lat' dir='ltr'><strong>monasteriis</strong></span> <span class='ocrx_word' id='word_1_55' title='bbox 1315 813 1610 880; x_wconf 90' lang='lat' dir='ltr'><strong>delectum,</strong></span> <span class='ocrx_word' id='word_1_56' title='bbox 1648 809 1842 868; x_wconf 90' lang='lat' dir='ltr'><strong>licuis-</strong></span> <span class='ocrx_word' id='word_1_57' title='bbox 1946 810 2288 877; x_wconf 84' lang='lat' dir='ltr'><strong>thesaurum,</strong></span> <span class='ocrx_word' id='word_1_58' title='bbox 2314 811 2489 883; x_wconf 91' lang='lat' dir='ltr'><strong>quiin</strong></span> <span class='ocrx_word' id='word_1_59' title='bbox 2522 811 2639 868; x_wconf 88' lang='lat' dir='ltr'><strong>illis</strong></span> <span class='ocrx_word' id='word_1_60' title='bbox 2660 811 2790 879; x_wconf 83' lang='lat' dir='ltr'><strong>fuit,</strong></span> <span class='ocrx_word' id='word_1_61' title='bbox 2811 812 3032 884; x_wconf 89' lang='lat' dir='ltr'><strong>penitus</strong></span> <span class='ocrx_word' id='word_1_62' title='bbox 3063 814 3321 884; x_wconf 83' lang='lat' dir='ltr'><strong>abstulit;</strong></span> <span class='ocrx_word' id='word_1_63' title='bbox 3349 831 3546 873; x_wconf 89' lang='lat' dir='ltr'><strong>verum</strong></span> 
     </span>
    </p>
   </div>
   <div class='ocr_carea' id='block_1_6' title="bbox 253 903 3549 983">
    <p class='ocr_par' dir='ltr' id='par_1_6' title="bbox 253 903 3549 983">
     <span class='ocr_line' id='line_1_6' title="bbox 253 903 3549 983; baseline -0.001 -15"><span class='ocrx_word' id='word_1_64' title='bbox 253 929 311 969; x_wconf 85' lang='lat' dir='ltr'><strong>se</strong></span> <span class='ocrx_word' id='word_1_65' title='bbox 339 931 351 968; x_wconf 91' lang='lat'><strong>:</strong></span> <span class='ocrx_word' id='word_1_66' title='bbox 381 932 397 965; x_wconf 78' lang='grc' dir='ltr'><em>ι</em></span> <span class='ocrx_word' id='word_1_67' title='bbox 424 912 591 983; x_wconf 84' lang='lat' dir='ltr'><strong>idque</strong></span> <span class='ocrx_word' id='word_1_68' title='bbox 620 925 694 966; x_wconf 78' lang='lat' dir='ltr'><strong>ex</strong></span> <span class='ocrx_word' id='word_1_69' title='bbox 718 929 737 961; x_wconf 70' lang='grc' dir='ltr'><strong><em>ι</em></strong></span> <span class='ocrx_word' id='word_1_70' title='bbox 765 908 1081 966; x_wconf 65' lang='lat' dir='ltr'><strong>Graecorum</strong></span> <span class='ocrx_word' id='word_1_71' title='bbox 1106 921 1325 978; x_wconf 90' lang='lat' dir='ltr'><strong>quoque</strong></span> <span class='ocrx_word' id='word_1_72' title='bbox 1350 903 1659 976; x_wconf 79' lang='lat' dir='ltr'><strong>Menologio</strong></span> <span class='ocrx_word' id='word_1_73' title='bbox 1688 903 1844 959; x_wconf 92' lang='lat' dir='ltr'><strong>nullo</strong></span> <span class='ocrx_word' id='word_1_74' title='bbox 1942 903 2111 961; x_wconf 87' lang='lat' dir='ltr'><strong>etiam</strong></span> <span class='ocrx_word' id='word_1_75' title='bbox 2159 903 2601 975; x_wconf 88' lang='lat' dir='ltr'><strong>Theopemptum</strong></span> <span class='ocrx_word' id='word_1_76' title='bbox 2646 903 2869 960; x_wconf 85' lang='lat' dir='ltr'><strong>illorum</strong></span> <span class='ocrx_word' id='word_1_77' title='bbox 2916 905 3236 978; x_wconf 87' lang='lat' dir='ltr'><strong>episcopum</strong></span> <span class='ocrx_word' id='word_1_78' title='bbox 3288 908 3549 965; x_wconf 86' lang='lat' dir='ltr'><strong>omnibus</strong></span> 
     </span>
    </p>
   </div>
   <div class='ocr_carea' id='block_1_7' title="bbox 253 994 3547 1077">
    <p class='ocr_par' dir='ltr' id='par_1_7' title="bbox 253 994 3547 1077">
     <span class='ocr_line' id='line_1_7' title="bbox 253 994 3547 1077; baseline -0.001 -17"><span class='ocrx_word' id='word_1_79' title='bbox 253 1003 473 1077; x_wconf 81' lang='lat' dir='ltr'><strong>negotio</strong></span> <span class='ocrx_word' id='word_1_80' title='bbox 503 1001 849 1075; x_wconf 86' lang='lat' dir='ltr'><strong>comprobari</strong></span> <span class='ocrx_word' id='word_1_81' title='bbox 881 1014 1041 1072; x_wconf 88' lang='lat' dir='ltr'><strong>posse</strong></span> <span class='ocrx_word' id='word_1_82' title='bbox 1081 1019 1099 1050; x_wconf 71' lang='grc' dir='ltr'><strong><em>ι</em></strong></span> <span class='ocrx_word' id='word_1_83' title='bbox 1137 995 1353 1054; x_wconf 76' lang='lat' dir='ltr'><strong>asserit.</strong></span> <span class='ocrx_word' id='word_1_84' title='bbox 1384 998 1456 1053; x_wconf 81' lang='lat' dir='ltr'><strong>&#39;At</strong></span> <span class='ocrx_word' id='word_1_85' title='bbox 1476 995 1637 1053; x_wconf 91' lang='lat' dir='ltr'><strong>nobis</strong></span> <span class='ocrx_word' id='word_1_86' title='bbox 1657 995 1843 1067; x_wconf 81' lang='lat' dir='ltr'><strong>quoti-</strong></span> <span class='ocrx_word' id='word_1_87' title='bbox 1944 996 2061 1052; x_wconf 87' lang='lat' dir='ltr'><strong>suis</strong></span> <span class='ocrx_word' id='word_1_88' title='bbox 2100 994 2338 1051; x_wconf 76' lang='lat' dir='ltr'><strong>fortunis</strong></span> <span class='ocrx_word' id='word_1_89' title='bbox 2373 995 2631 1066; x_wconf 79' lang='lat' dir='ltr'><strong>privavit.</strong></span> <span class='ocrx_word' id='word_1_90' title='bbox 2674 1016 2692 1051; x_wconf 70' lang='grc' dir='ltr'><strong>ι</strong></span> <span class='ocrx_word' id='word_1_91' title='bbox 2723 996 2853 1053; x_wconf 62' lang='lat' dir='ltr'><strong>Haec</strong></span> <span class='ocrx_word' id='word_1_92' title='bbox 2873 995 3150 1065; x_wconf 86' lang='lat' dir='ltr'><strong>Socrates,</strong></span> <span class='ocrx_word' id='word_1_93' title='bbox 3202 1000 3297 1056; x_wconf 92' lang='lat' dir='ltr'><strong>sed</strong></span> <span class='ocrx_word' id='word_1_94' title='bbox 3330 1000 3402 1056; x_wconf 94' lang='lat' dir='ltr'><strong>ob</strong></span> <span class='ocrx_word' id='word_1_95' title='bbox 3434 1016 3547 1058; x_wconf 62' lang='lat' dir='ltr'><strong>sua:</strong></span> 
     </span>
    </p>
   </div>
   <div class='ocr_carea' id='block_1_8' title="bbox 253 1086 3545 1167">
    <p class='ocr_par' dir='ltr' id='par_1_8' title="bbox 253 1086 3545 1167">
     <span class='ocr_line' id='line_1_8' title="bbox 253 1086 3545 1167; baseline -0.002 -15"><span class='ocrx_word' id='word_1_96' title='bbox 253 1096 343 1153; x_wconf 90' lang='lat' dir='ltr'><strong>die</strong></span> <span class='ocrx_word' id='word_1_97' title='bbox 362 1094 729 1167; x_wconf 78' lang='lat' dir='ltr'><strong>Menologium</strong></span> <span class='ocrx_word' id='word_1_98' title='bbox 760 1091 894 1147; x_wconf 91' lang='lat' dir='ltr'><strong>illud</strong></span> <span class='ocrx_word' id='word_1_99' title='bbox 920 1100 977 1147; x_wconf 91' lang='lat' dir='ltr'><strong>et</strong></span> <span class='ocrx_word' id='word_1_100' title='bbox 1008 1090 1212 1146; x_wconf 67' lang='lat' dir='ltr'><strong>Menam</strong></span> <span class='ocrx_word' id='word_1_101' title='bbox 1238 1086 1845 1159; x_wconf 70' lang='lat' dir='ltr'><strong>volventibus&#39;probatu</strong></span> <span class='ocrx_word' id='word_1_102' title='bbox 1943 1094 2109 1143; x_wconf 65' lang='lat' dir='ltr'><strong>secta</strong></span> <span class='ocrx_word' id='word_1_103' title='bbox 2146 1088 2514 1159; x_wconf 90' lang='lat' dir='ltr'><strong>patrocinium</strong></span> <span class='ocrx_word' id='word_1_104' title='bbox 2560 1088 2762 1161; x_wconf 68' lang='lat' dir='ltr'><strong>saepius</strong></span> <span class='ocrx_word' id='word_1_105' title='bbox 2800 1089 2932 1145; x_wconf 83' lang='lat' dir='ltr'><strong>alibi</strong></span> <span class='ocrx_word' id='word_1_106' title='bbox 2978 1105 3197 1163; x_wconf 91' lang='lat' dir='ltr'><strong>quoque</strong></span> <span class='ocrx_word' id='word_1_107' title='bbox 3228 1093 3385 1149; x_wconf 68' lang='lat' dir='ltr'><strong>malae</strong></span> <span class='ocrx_word' id='word_1_108' title='bbox 3418 1092 3545 1150; x_wconf 89' lang='lat' dir='ltr'><strong>ﬁdei</strong></span> 
     </span>
    </p>
   </div>
   <div class='ocr_carea' id='block_1_9' title="bbox 253 1177 3599 1255">
    <p class='ocr_par' dir='ltr' id='par_1_9' title="bbox 253 1177 3599 1255">
     <span class='ocr_line' id='line_1_9' title="bbox 253 1177 3599 1255; baseline -0.001 -12"><span class='ocrx_word' id='word_1_109' title='bbox 253 1188 309 1244; x_wconf 87' lang='lat' dir='ltr'><strong>id</strong></span> <span class='ocrx_word' id='word_1_110' title='bbox 336 1186 588 1253; x_wconf 80' lang='lat' dir='ltr'><strong>diﬁlcile,</strong></span> <span class='ocrx_word' id='word_1_111' title='bbox 629 1185 881 1255; x_wconf 87' lang='lat' dir='ltr'><strong>adeoque</strong></span> <span class='ocrx_word' id='word_1_112' title='bbox 922 1182 1258 1247; x_wconf 86' lang='lat' dir='ltr'><strong>contrarium</strong></span> <span class='ocrx_word' id='word_1_113' title='bbox 1291 1188 1408 1235; x_wconf 90' lang='lat' dir='ltr'><strong>tum</strong></span> <span class='ocrx_word' id='word_1_114' title='bbox 1425 1177 1713 1237; x_wconf 85' lang='lat' dir='ltr'><strong>ex-iisdem</strong></span> <span class='ocrx_word' id='word_1_115' title='bbox 1729 1177 1844 1234; x_wconf 83' lang='lat' dir='ltr'><strong>Me-</strong></span> <span class='ocrx_word' id='word_1_116' title='bbox 1934 1188 2254 1250; x_wconf 80' lang='lat' dir='ltr'><strong>suspectus,</strong></span> <span class='ocrx_word' id='word_1_117' title='bbox 2291 1189 2352 1237; x_wconf 92' lang='lat' dir='ltr'><strong>ut</strong></span> <span class='ocrx_word' id='word_1_118' title='bbox 2386 1190 2537 1237; x_wconf 89' lang='lat' dir='ltr'><strong>recte</strong></span> <span class='ocrx_word' id='word_1_119' title='bbox 2587 1190 2777 1238; x_wconf 87' lang='lat' dir='ltr'><strong>monet</strong></span> <span class='ocrx_word' id='word_1_120' title='bbox 2816 1182 3088 1240; x_wconf 86' lang='lat' dir='ltr'><strong>Baronius</strong></span> <span class='ocrx_word' id='word_1_121' title='bbox 3117 1199 3207 1239; x_wconf 88' lang='lat' dir='ltr'><strong>an.</strong></span> <span class='ocrx_word' id='word_1_122' title='bbox 3241 1184 3376 1242; x_wconf 82' lang='lat' dir='ltr'><strong>Chr.</strong></span> <span class='ocrx_word' id='word_1_123' title='bbox 3418 1186 3543 1252; x_wconf 67' lang='grc' dir='ltr'><strong>4η,</strong></span> <span class='ocrx_word' id='word_1_124' title='bbox 3576 1188 3599 1229; x_wconf 64' lang='grc' dir='ltr'><em>κ</em></span> 
     </span>
    </p>
   </div>
   <div class='ocr_carea' id='block_1_10' title="bbox 251 1271 3545 1350">
    <p class='ocr_par' dir='ltr' id='par_1_10' title="bbox 251 1271 3545 1350">
     <span class='ocr_line' id='line_1_10' title="bbox 251 1271 3545 1350; baseline -0 -14"><span class='ocrx_word' id='word_1_125' title='bbox 251 1280 406 1346; x_wconf 68' lang='lat' dir='ltr'><strong>nmis,</strong></span> <span class='ocrx_word' id='word_1_126' title='bbox 426 1283 550 1335; x_wconf 73' lang='lat' dir='ltr'><strong>tum</strong></span> <span class='ocrx_word' id='word_1_127' title='bbox 571 1277 875 1350; x_wconf 70' lang='lat' dir='ltr'><strong>praesertim</strong></span> <span class='ocrx_word' id='word_1_128' title='bbox 900 1292 968 1332; x_wconf 88' lang='lat' dir='ltr'><strong>ex</strong></span> <span class='ocrx_word' id='word_1_129' title='bbox 991 1275 1142 1332; x_wconf 92' lang='lat' dir='ltr'><strong>illius</strong></span> <span class='ocrx_word' id='word_1_130' title='bbox 1161 1274 1427 1346; x_wconf 81' lang='lat' dir='ltr'><strong>temporis</strong></span> <span class='ocrx_word' id='word_1_131' title='bbox 1458 1271 1843 1344; x_wconf 87' lang='lat' dir='ltr'><strong>scriptoribus,</strong></span> <span class='ocrx_word' id='word_1_132' title='bbox 1948 1288 2102 1329; x_wconf 92' lang='lat' dir='ltr'><strong>num.</strong></span> <span class='ocrx_word' id='word_1_133' title='bbox 2130 1274 2221 1339; x_wconf 72' lang='grc'><strong>45,</strong></span> <span class='ocrx_word' id='word_1_134' title='bbox 2246 1274 2385 1331; x_wconf 81' lang='lat' dir='ltr'><strong>etin</strong></span> <span class='ocrx_word' id='word_1_135' title='bbox 2424 1275 2582 1332; x_wconf 84' lang='lat' dir='ltr'><strong>Notis</strong></span> <span class='ocrx_word' id='word_1_136' title='bbox 2623 1275 2692 1332; x_wconf 93' lang='lat' dir='ltr'><strong>ad</strong></span> <span class='ocrx_word' id='word_1_137' title='bbox 2726 1275 3170 1350; x_wconf 79' lang='lat' dir='ltr'><strong>Martyrologium</strong></span> <span class='ocrx_word' id='word_1_138' title='bbox 3211 1277 3545 1335; x_wconf 81' lang='lat' dir='ltr'><strong>Romanum.</strong></span> 
     </span>
    </p>
   </div>
   <div class='ocr_carea' id='block_1_11' title="bbox 250 1361 3548 1445">
    <p class='ocr_par' dir='ltr' id='par_1_11' title="bbox 250 1361 3548 1445">
     <span class='ocr_line' id='line_1_11' title="bbox 250 1361 3548 1445; baseline 0 -18"><span class='ocrx_word' id='word_1_139' title='bbox 250 1372 604 1444; x_wconf 88' lang='lat' dir='ltr'><strong>perspicuum</strong></span> <span class='ocrx_word' id='word_1_140' title='bbox 627 1369 868 1426; x_wconf 87' lang='lat' dir='ltr'><strong>videtur.</strong></span> <span class='ocrx_word' id='word_1_141' title='bbox 889 1368 1027 1425; x_wconf 92' lang='lat' dir='ltr'><strong>Cum</strong></span> <span class='ocrx_word' id='word_1_142' title='bbox 1063 1367 1385 1431; x_wconf 70' lang='lat' dir='ltr'><strong>Athanasio,</strong></span> <span class='ocrx_word' id='word_1_143' title='bbox 1420 1377 1483 1422; x_wconf 91' lang='lat' dir='ltr'><strong>ut</strong></span> <span class='ocrx_word' id='word_1_144' title='bbox 1506 1381 1677 1437; x_wconf 87' lang='lat' dir='ltr'><strong>supra</strong></span> <span class='ocrx_word' id='word_1_145' title='bbox 1700 1365 1845 1420; x_wconf 91' lang='lat' dir='ltr'><strong>vidi-</strong></span> <span class='ocrx_word' id='word_1_146' title='bbox 1947 1365 2062 1421; x_wconf 86' lang='lat' dir='ltr'><strong>[mo</strong></span> <span class='ocrx_word' id='word_1_147' title='bbox 2083 1366 2334 1445; x_wconf 78' lang='lat' dir='ltr'><strong>eamdem</strong></span> <span class='ocrx_word' id='word_1_148' title='bbox 2369 1368 2591 1424; x_wconf 87' lang='lat' dir='ltr'><strong>inurere</strong></span> <span class='ocrx_word' id='word_1_149' title='bbox 2624 1379 2809 1425; x_wconf 89' lang='lat' dir='ltr'><strong>notam</strong></span> <span class='ocrx_word' id='word_1_150' title='bbox 2849 1368 2906 1425; x_wconf 90' lang='lat' dir='ltr'><strong>S.</strong></span> <span class='ocrx_word' id='word_1_151' title='bbox 2940 1361 3249 1426; x_wconf 67' lang='lat' dir='ltr'><strong>Caelestino</strong></span> <span class='ocrx_word' id='word_1_152' title='bbox 3296 1370 3548 1428; x_wconf 86' lang='lat' dir='ltr'><strong>Pontiﬁci</strong></span> 
     </span>
    </p>
   </div>
   <div class='ocr_carea' id='block_1_12' title="bbox 250 1454 3547 1534">
    <p class='ocr_par' dir='ltr' id='par_1_12' title="bbox 250 1454 3547 1534">
     <span class='ocr_line' id='line_1_12' title="bbox 250 1454 3547 1534; baseline 0.001 -17"><span class='ocrx_word' id='word_1_153' title='bbox 250 1477 399 1528; x_wconf 86' lang='lat' dir='ltr'><strong>mus,</strong></span> <span class='ocrx_word' id='word_1_154' title='bbox 436 1460 625 1517; x_wconf 90' lang='lat' dir='ltr'><strong>colunt</strong></span> <span class='ocrx_word' id='word_1_155' title='bbox 651 1457 915 1533; x_wconf 85' lang='lat' dir='ltr'><strong>Cyrillum</strong></span> <span class='ocrx_word' id='word_1_156' title='bbox 958 1458 1175 1515; x_wconf 64' lang='lat' dir='ltr'><strong>Graeci:</strong></span> <span class='ocrx_word' id='word_1_157' title='bbox 1215 1457 1284 1513; x_wconf 91' lang='lat' dir='ltr'><strong>de</strong></span> <span class='ocrx_word' id='word_1_158' title='bbox 1325 1456 1615 1528; x_wconf 90' lang='lat' dir='ltr'><strong>utriusque</strong></span> <span class='ocrx_word' id='word_1_159' title='bbox 1652 1469 1845 1510; x_wconf 89' lang='lat' dir='ltr'><strong>moua-</strong></span> <span class='ocrx_word' id='word_1_160' title='bbox 1948 1459 2217 1525; x_wconf 78' lang='lat' dir='ltr'><strong>Romano,</strong></span> <span class='ocrx_word' id='word_1_161' title='bbox 2255 1460 2402 1532; x_wconf 92' lang='lat' dir='ltr'><strong>quod</strong></span> <span class='ocrx_word' id='word_1_162' title='bbox 2443 1479 2461 1515; x_wconf 72' lang='grc' dir='ltr'><strong><em>ι</em></strong></span> <span class='ocrx_word' id='word_1_163' title='bbox 2498 1454 2841 1529; x_wconf 80' lang='lat' dir='ltr'><strong>Novatianis,</strong></span> <span class='ocrx_word' id='word_1_164' title='bbox 2872 1462 2969 1534; x_wconf 93' lang='lat' dir='ltr'><strong>qui</strong></span> <span class='ocrx_word' id='word_1_165' title='bbox 3006 1472 3166 1519; x_wconf 89' lang='lat' dir='ltr'><strong>erant</strong></span> <span class='ocrx_word' id='word_1_166' title='bbox 3203 1462 3411 1529; x_wconf 66' lang='lat' dir='ltr'><strong>Romae,</strong></span> <span class='ocrx_word' id='word_1_167' title='bbox 3454 1479 3547 1520; x_wconf 88' lang='lat' dir='ltr'><strong>ec-</strong></span> 
     </span>
    </p>
   </div>
   <div class='ocr_carea' id='block_1_13' title="bbox 236 1546 3546 1623">
    <p class='ocr_par' dir='ltr' id='par_1_13' title="bbox 236 1546 3546 1623">
     <span class='ocr_line' id='line_1_13' title="bbox 236 1546 3546 1623; baseline 0 -12"><span class='ocrx_word' id='word_1_168' title='bbox 236 1546 421 1611; x_wconf 46' lang='lat' dir='ltr'><strong>&#39;chatu</strong></span> <span class='ocrx_word' id='word_1_169' title='bbox 440 1554 625 1619; x_wconf 85' lang='lat' dir='ltr'><strong>silent,</strong></span> <span class='ocrx_word' id='word_1_170' title='bbox 658 1552 788 1608; x_wconf 89' lang='lat' dir='ltr'><strong>licet</strong></span> <span class='ocrx_word' id='word_1_171' title='bbox 814 1551 1077 1623; x_wconf 87' lang='lat' dir='ltr'><strong>Alegreus</strong></span> <span class='ocrx_word' id='word_1_172' title='bbox 1093 1549 1455 1605; x_wconf 84' lang='lat' dir='ltr'><strong>Athanasium</strong></span> <span class='ocrx_word' id='word_1_173' title='bbox 1474 1562 1694 1619; x_wconf 84' lang='lat' dir='ltr'><strong>quoque</strong></span> <span class='ocrx_word' id='word_1_174' title='bbox 1713 1546 1848 1602; x_wconf 88' lang='lat' dir='ltr'><strong>scri-</strong></span> <span class='ocrx_word' id='word_1_175' title='bbox 1947 1549 2142 1605; x_wconf 88' lang='lat' dir='ltr'><strong>clesias</strong></span> <span class='ocrx_word' id='word_1_176' title='bbox 2164 1548 2499 1617; x_wconf 89' lang='lat' dir='ltr'><strong>abstulisset,</strong></span> <span class='ocrx_word' id='word_1_177' title='bbox 2542 1571 2561 1604; x_wconf 71' lang='grc' dir='ltr'><strong><em>ι</em></strong></span> <span class='ocrx_word' id='word_1_178' title='bbox 2595 1563 2829 1609; x_wconf 89' lang='lat' dir='ltr'><strong>conatur</strong></span> <span class='ocrx_word' id='word_1_179' title='bbox 2862 1553 3008 1610; x_wconf 91' lang='lat' dir='ltr'><strong>idem</strong></span> <span class='ocrx_word' id='word_1_180' title='bbox 3043 1553 3298 1610; x_wconf 88' lang='lat' dir='ltr'><strong>Socrates</strong></span> <span class='ocrx_word' id='word_1_181' title='bbox 3323 1554 3419 1610; x_wconf 92' lang='lat' dir='ltr'><strong>lib.</strong></span> <span class='ocrx_word' id='word_1_182' title='bbox 3451 1572 3546 1621; x_wconf 86' lang='lat' dir='ltr'><strong>vn,</strong></span> 
     </span>
    </p>
   </div>
   <div class='ocr_carea' id='block_1_14' title="bbox 256 1639 3548 1718">
    <p class='ocr_par' dir='ltr' id='par_1_14' title="bbox 256 1639 3548 1718">
     <span class='ocr_line' id='line_1_14' title="bbox 256 1639 3548 1718; baseline -0 -14"><span class='ocrx_word' id='word_1_183' title='bbox 256 1648 350 1704; x_wconf 80' lang='lat' dir='ltr'><strong>bat</strong></span> <span class='ocrx_word' id='word_1_184' title='bbox 375 1667 393 1699; x_wconf 77' lang='grc' dir='ltr'>ι</span> <span class='ocrx_word' id='word_1_185' title='bbox 419 1662 529 1702; x_wconf 92' lang='lat' dir='ltr'><strong>non</strong></span> <span class='ocrx_word' id='word_1_186' title='bbox 552 1660 727 1718; x_wconf 84' lang='lat' dir='ltr'><strong>pauco</strong></span> <span class='ocrx_word' id='word_1_187' title='bbox 755 1653 1000 1715; x_wconf 88' lang='lat' dir='ltr'><strong>tempore</strong></span> <span class='ocrx_word' id='word_1_188' title='bbox 1025 1642 1356 1697; x_wconf 90' lang='lat' dir='ltr'><strong>monachum</strong></span> <span class='ocrx_word' id='word_1_189' title='bbox 1382 1641 1579 1713; x_wconf 83' lang='lat' dir='ltr'><strong>egisse,</strong></span> <span class='ocrx_word' id='word_1_190' title='bbox 1597 1648 1659 1695; x_wconf 81' lang='lat' dir='ltr'><strong>et</strong></span> <span class='ocrx_word' id='word_1_191' title='bbox 1677 1639 1847 1695; x_wconf 82' lang='lat' dir='ltr'><strong>fuisse</strong></span> <span class='ocrx_word' id='word_1_192' title='bbox 1948 1657 2071 1714; x_wconf 88' lang='lat' dir='ltr'><strong>cap.</strong></span> <span class='ocrx_word' id='word_1_193' title='bbox 2119 1643 2205 1698; x_wconf 78' lang='lat' dir='ltr'><strong>ll.</strong></span> <span class='ocrx_word' id='word_1_194' title='bbox 2240 1662 2258 1695; x_wconf 77' lang='grc' dir='ltr'>ι</span> <span class='ocrx_word' id='word_1_195' title='bbox 2291 1643 2672 1716; x_wconf 85' lang='lat' dir='ltr'><strong>Episcopatus,</strong></span> <span class='ocrx_word' id='word_1_196' title='bbox 2713 1664 2733 1698; x_wconf 74' lang='grc' dir='ltr'><strong><em>ι</em></strong></span> <span class='ocrx_word' id='word_1_197' title='bbox 2774 1645 2972 1717; x_wconf 91' lang='lat' dir='ltr'><strong>inquit,</strong></span> <span class='ocrx_word' id='word_1_198' title='bbox 3029 1665 3048 1698; x_wconf 75' lang='grc' dir='ltr'>ι</span> <span class='ocrx_word' id='word_1_199' title='bbox 3092 1647 3395 1714; x_wconf 83' lang='lat' dir='ltr'><strong>Romanus,</strong></span> <span class='ocrx_word' id='word_1_200' title='bbox 3437 1663 3548 1703; x_wconf 92' lang='lat' dir='ltr'><strong>non</strong></span> 
     </span>
    </p>
   </div>
   <div class='ocr_carea' id='block_1_15' title="bbox 255 1732 3545 1810">
    <p class='ocr_par' dir='ltr' id='par_1_15' title="bbox 255 1732 3545 1810">
     <span class='ocr_line' id='line_1_15' title="bbox 255 1732 3545 1810; baseline -0 -15"><span class='ocrx_word' id='word_1_201' title='bbox 255 1741 566 1795; x_wconf 88' lang='lat' dir='ltr'><strong>ministrum</strong></span> <span class='ocrx_word' id='word_1_202' title='bbox 590 1738 773 1810; x_wconf 91' lang='lat' dir='ltr'><strong>magni</strong></span> <span class='ocrx_word' id='word_1_203' title='bbox 805 1738 958 1793; x_wconf 88' lang='lat' dir='ltr'><strong>illius</strong></span> <span class='ocrx_word' id='word_1_204' title='bbox 987 1735 1203 1791; x_wconf 89' lang='lat' dir='ltr'><strong>abbatis</strong></span> <span class='ocrx_word' id='word_1_205' title='bbox 1220 1734 1443 1790; x_wconf 81' lang='lat' dir='ltr'><strong>Antonii</strong></span> <span class='ocrx_word' id='word_1_206' title='bbox 1476 1733 1531 1789; x_wconf 92' lang='lat' dir='ltr'><strong>in</strong></span> <span class='ocrx_word' id='word_1_207' title='bbox 1550 1732 1848 1790; x_wconf 88' lang='lat' dir='ltr'><strong>solitudine</strong></span> <span class='ocrx_word' id='word_1_208' title='bbox 1948 1736 2108 1791; x_wconf 88' lang='lat' dir='ltr'><strong>aliter</strong></span> <span class='ocrx_word' id='word_1_209' title='bbox 2138 1743 2304 1807; x_wconf 91' lang='lat' dir='ltr'><strong>atque</strong></span> <span class='ocrx_word' id='word_1_210' title='bbox 2327 1735 2754 1802; x_wconf 87' lang='lat' dir='ltr'><strong>Alexandrinus,</strong></span> <span class='ocrx_word' id='word_1_211' title='bbox 2784 1739 2942 1807; x_wconf 89' lang='lat' dir='ltr'><strong>quasi</strong></span> <span class='ocrx_word' id='word_1_212' title='bbox 2972 1747 3129 1793; x_wconf 82' lang='lat' dir='ltr'><strong>extra</strong></span> <span class='ocrx_word' id='word_1_213' title='bbox 3162 1740 3457 1797; x_wconf 86' lang='lat' dir='ltr'><strong>sacerdotii</strong></span> <span class='ocrx_word' id='word_1_214' title='bbox 3482 1736 3545 1794; x_wconf 83' lang='lat' dir='ltr'><strong>ﬁ-</strong></span> 
     </span>
    </p>
   </div>
   <div class='ocr_carea' id='block_1_16' title="bbox 253 1822 3549 1906">
    <p class='ocr_par' dir='ltr' id='par_1_16' title="bbox 253 1822 3549 1906">
     <span class='ocr_line' id='line_1_16' title="bbox 253 1822 3549 1906; baseline 0 -19"><span class='ocrx_word' id='word_1_215' title='bbox 253 1831 494 1904; x_wconf 68' lang='lat' dir='ltr'><strong>Egypti,</strong></span> <span class='ocrx_word' id='word_1_216' title='bbox 528 1829 657 1901; x_wconf 88' lang='lat' dir='ltr'><strong>quia</strong></span> <span class='ocrx_word' id='word_1_217' title='bbox 687 1830 806 1900; x_wconf 87' lang='lat' dir='ltr'><strong>ipse</strong></span> <span class='ocrx_word' id='word_1_218' title='bbox 834 1827 890 1883; x_wconf 92' lang='lat' dir='ltr'><strong>id</strong></span> <span class='ocrx_word' id='word_1_219' title='bbox 921 1827 1099 1899; x_wconf 90' lang='lat' dir='ltr'><strong>palam</strong></span> <span class='ocrx_word' id='word_1_220' title='bbox 1137 1824 1373 1881; x_wconf 81' lang='lat' dir='ltr'><strong>afﬁrmat</strong></span> <span class='ocrx_word' id='word_1_221' title='bbox 1403 1825 1459 1880; x_wconf 93' lang='lat' dir='ltr'><strong>in</strong></span> <span class='ocrx_word' id='word_1_222' title='bbox 1482 1824 1606 1881; x_wconf 83' lang='lat' dir='ltr'><strong>Vita</strong></span> <span class='ocrx_word' id='word_1_223' title='bbox 1639 1822 1696 1879; x_wconf 88' lang='lat' dir='ltr'><strong>S.</strong></span> <span class='ocrx_word' id='word_1_224' title='bbox 1733 1823 1847 1879; x_wconf 91' lang='lat' dir='ltr'><strong>An-</strong></span> <span class='ocrx_word' id='word_1_225' title='bbox 1885 1888 1923 1906; x_wconf 49' lang='lat' dir='ltr'><strong>ﬂ</strong></span> <span class='ocrx_word' id='word_1_226' title='bbox 1952 1843 2050 1883; x_wconf 91' lang='lat' dir='ltr'><strong>nes</strong></span> <span class='ocrx_word' id='word_1_227' title='bbox 2078 1842 2355 1897; x_wconf 86' lang='lat' dir='ltr'><strong>egressus,</strong></span> <span class='ocrx_word' id='word_1_228' title='bbox 2397 1827 2467 1884; x_wconf 91' lang='lat' dir='ltr'><strong>ad</strong></span> <span class='ocrx_word' id='word_1_229' title='bbox 2513 1829 2831 1885; x_wconf 65' lang='lat' dir='ltr'><strong>saecularem</strong></span> <span class='ocrx_word' id='word_1_230' title='bbox 2876 1830 3245 1902; x_wconf 87' lang='lat' dir='ltr'><strong>principatum</strong></span> <span class='ocrx_word' id='word_1_231' title='bbox 3290 1842 3411 1889; x_wconf 87' lang='lat' dir='ltr'><strong>erat</strong></span> <span class='ocrx_word' id='word_1_232' title='bbox 3437 1833 3549 1906; x_wconf 81' lang='lat' dir='ltr'><strong>iam</strong></span> 
     </span>
    </p>
   </div>
   <div class='ocr_carea' id='block_1_17' title="bbox 257 1888 2441 1993">
    <p class='ocr_par' dir='ltr' id='par_1_17' title="bbox 257 1888 2441 1993">
     <span class='ocr_line' id='line_1_17' title="bbox 257 1888 2441 1993; baseline -0.002 -15"><span class='ocrx_word' id='word_1_233' title='bbox 466 1888 492 1974; x_wconf 57' lang='grc' dir='ltr'><em>ί</em></span> <span class='ocrx_word' id='word_1_234' title='bbox 534 1888 990 1977; x_wconf 46' lang='lat' dir='ltr'><strong>[lianc-accurate</strong></span> <span class='ocrx_word' id='word_1_235' title='bbox 1057 1918 1385 1974; x_wconf 86' lang='lat' dir='ltr'><strong>illustratam</strong></span> <span class='ocrx_word' id='word_1_236' title='bbox 1433 1916 1690 1973; x_wconf 81' lang='lat' dir='ltr'><strong>dedimus</strong></span> <span class='ocrx_word' id='word_1_237' title='bbox 1742 1932 1850 1971; x_wconf 83' lang='lat' dir='ltr'><strong>xvu</strong></span> <span class='ocrx_word' id='word_1_238' title='bbox 1885 1888 1925 1945; x_wconf 74' lang='grc' dir='ltr'><strong>Β</strong></span> <span class='ocrx_word' id='word_1_239' title='bbox 1953 1930 2082 1976; x_wconf 89' lang='lat' dir='ltr'><strong>ante</strong></span> <span class='ocrx_word' id='word_1_240' title='bbox 2104 1888 2382 1993; x_wconf 76' lang='lat' dir='ltr'><strong>delapsus.</strong></span> <span class='ocrx_word' id='word_1_241' title='bbox 2422 1939 2441 1974; x_wconf 76' lang='grc' dir='ltr'><strong><em>ι</em></strong></span> 
     </span>
    </p>
   </div>
   <div class='ocr_carea' id='block_1_18' title="bbox 251 2007 3546 2087">
    <p class='ocr_par' dir='ltr' id='par_1_18' title="bbox 251 2007 3546 2087">
     <span class='ocr_line' id='line_1_18' title="bbox 251 2007 3546 2087; baseline 0 -17"><span class='ocrx_word' id='word_1_242' title='bbox 251 2016 400 2079; x_wconf 84' lang='lat' dir='ltr'><strong>Jan.,</strong></span> <span class='ocrx_word' id='word_1_243' title='bbox 435 2028 538 2069; x_wconf 89' lang='lat' dir='ltr'><strong>nec</strong></span> <span class='ocrx_word' id='word_1_244' title='bbox 563 2012 739 2067; x_wconf 79' lang='lat' dir='ltr'><strong>ultum</strong></span> <span class='ocrx_word' id='word_1_245' title='bbox 768 2009 1128 2066; x_wconf 88' lang='lat' dir='ltr'><strong>monachatus</strong></span> <span class='ocrx_word' id='word_1_246' title='bbox 1160 2007 1219 2065; x_wconf 91' lang='lat' dir='ltr'><strong>S.</strong></span> <span class='ocrx_word' id='word_1_247' title='bbox 1250 2008 1535 2064; x_wconf 85' lang='lat' dir='ltr'><strong>Athanasii</strong></span> <span class='ocrx_word' id='word_1_248' title='bbox 1557 2008 1851 2081; x_wconf 82' lang='lat' dir='ltr'><strong>vestigium</strong></span> <span class='ocrx_word' id='word_1_249' title='bbox 2024 2012 2112 2069; x_wconf 84' lang='grc'><strong>18.</strong></span> <span class='ocrx_word' id='word_1_250' title='bbox 2135 2011 2275 2069; x_wconf 91' lang='lat' dir='ltr'><strong>Cum</strong></span> <span class='ocrx_word' id='word_1_251' title='bbox 2296 2012 2607 2078; x_wconf 70' lang='lat' dir='ltr'><strong>haereticos,</strong></span> <span class='ocrx_word' id='word_1_252' title='bbox 2632 2012 2944 2070; x_wconf 62' lang='lat' dir='ltr'><strong>damonum</strong></span> <span class='ocrx_word' id='word_1_253' title='bbox 2984 2014 3162 2071; x_wconf 86' lang='lat' dir='ltr'><strong>socios</strong></span> <span class='ocrx_word' id='word_1_254' title='bbox 3195 2024 3359 2087; x_wconf 83' lang='lat' dir='ltr'><strong>atque</strong></span> <span class='ocrx_word' id='word_1_255' title='bbox 3386 2015 3546 2087; x_wconf 78' lang='lat' dir='ltr'><strong>adju—</strong></span> 
     </span>
    </p>
   </div>
   <div class='ocr_carea' id='block_1_19' title="bbox 260 2097 3548 2180">
    <p class='ocr_par' dir='ltr' id='par_1_19' title="bbox 260 2097 3548 2180">
     <span class='ocr_line' id='line_1_19' title="bbox 260 2097 3548 2180; baseline 0.001 -19"><span class='ocrx_word' id='word_1_256' title='bbox 260 2106 593 2179; x_wconf 78' lang='lat' dir='ltr'><strong>reperimus.</strong></span> <span class='ocrx_word' id='word_1_257' title='bbox 640 2102 871 2160; x_wconf 81' lang='lat' dir='ltr'><strong>Consuli</strong></span> <span class='ocrx_word' id='word_1_258' title='bbox 917 2102 1433 2173; x_wconf 86' lang='lat' dir='ltr'><strong>prolegomenorum</strong></span> <span class='ocrx_word' id='word_1_259' title='bbox 1480 2099 1511 2173; x_wconf 59' lang='grc' dir='ltr'>ᾗ</span> <span class='ocrx_word' id='word_1_260' title='bbox 1559 2100 1594 2156; x_wconf 88' lang='grc'>8</span> <span class='ocrx_word' id='word_1_261' title='bbox 1649 2107 1850 2170; x_wconf 88' lang='lat' dir='ltr'><strong>potest.</strong></span> <span class='ocrx_word' id='word_1_262' title='bbox 1952 2112 2120 2172; x_wconf 87' lang='lat' dir='ltr'><strong>tores,</strong></span> <span class='ocrx_word' id='word_1_263' title='bbox 2148 2104 2448 2177; x_wconf 82' lang='lat' dir='ltr'><strong>expulisset</strong></span> <span class='ocrx_word' id='word_1_264' title='bbox 2469 2105 2724 2180; x_wconf 87' lang='lat' dir='ltr'><strong>Cyrillus,</strong></span> <span class='ocrx_word' id='word_1_265' title='bbox 2757 2106 2907 2178; x_wconf 90' lang='lat' dir='ltr'><strong>ipsos</strong></span> <span class='ocrx_word' id='word_1_266' title='bbox 2928 2097 3300 2178; x_wconf 44' lang='lat' dir='ltr'><strong>quoque&#39;dein</strong></span> <span class='ocrx_word' id='word_1_267' title='bbox 3327 2123 3548 2180; x_wconf 85' lang='lat' dir='ltr'><strong>aggres-</strong></span> 
     </span>
    </p>
   </div>
   <div class='ocr_carea' id='block_1_20' title="bbox 328 2191 3552 2274">
    <p class='ocr_par' dir='ltr' id='par_1_20' title="bbox 328 2191 3552 2274">
     <span class='ocr_line' id='line_1_20' title="bbox 328 2191 3552 2274; baseline 0.001 -20"><span class='ocrx_word' id='word_1_268' title='bbox 328 2201 415 2255; x_wconf 73' lang='lat'><strong>16&#39;.</strong></span> <span class='ocrx_word' id='word_1_269' title='bbox 461 2199 705 2255; x_wconf 87' lang='lat' dir='ltr'><strong>Isidorus</strong></span> <span class='ocrx_word' id='word_1_270' title='bbox 748 2195 1027 2252; x_wconf 87' lang='lat' dir='ltr'><strong>Pelusiota</strong></span> <span class='ocrx_word' id='word_1_271' title='bbox 1071 2195 1153 2250; x_wconf 90' lang='lat' dir='ltr'><strong>uti</strong></span> <span class='ocrx_word' id='word_1_272' title='bbox 1189 2192 1510 2265; x_wconf 81' lang='lat' dir='ltr'><strong>frequentes</strong></span> <span class='ocrx_word' id='word_1_273' title='bbox 1548 2192 1608 2248; x_wconf 93' lang='lat' dir='ltr'><strong>S.</strong></span> <span class='ocrx_word' id='word_1_274' title='bbox 1645 2191 1852 2265; x_wconf 87' lang='lat' dir='ltr'><strong>Cyrillo</strong></span> <span class='ocrx_word' id='word_1_275' title='bbox 1955 2213 2050 2254; x_wconf 90' lang='lat' dir='ltr'><strong>sus</strong></span> <span class='ocrx_word' id='word_1_276' title='bbox 2113 2198 2399 2255; x_wconf 67' lang='lat' dir='ltr'><strong>daemones</strong></span> <span class='ocrx_word' id='word_1_277' title='bbox 2424 2212 2462 2255; x_wconf 17' lang='lat' dir='ltr'><strong>te</strong></span> <span class='ocrx_word' id='word_1_278' title='bbox 2508 2198 2625 2256; x_wconf 87' lang='lat' dir='ltr'><strong>suis</strong></span> <span class='ocrx_word' id='word_1_279' title='bbox 2674 2198 2900 2257; x_wconf 86' lang='lat' dir='ltr'><strong>sedibus</strong></span> <span class='ocrx_word' id='word_1_280' title='bbox 2941 2200 3217 2274; x_wconf 82' lang='lat' dir='ltr'><strong>eﬁ‘ugavit.</strong></span> <span class='ocrx_word' id='word_1_281' title='bbox 3280 2218 3299 2253; x_wconf 75' lang='grc' dir='ltr'><strong><em>ι</em></strong></span> <span class='ocrx_word' id='word_1_282' title='bbox 3346 2200 3552 2257; x_wconf 84' lang='lat' dir='ltr'><strong>Aberat</strong></span> 
     </span>
    </p>
   </div>
   <div class='ocr_carea' id='block_1_21' title="bbox 252 2283 3553 2367">
    <p class='ocr_par' dir='ltr' id='par_1_21' title="bbox 252 2283 3553 2367">
     <span class='ocr_line' id='line_1_21' title="bbox 252 2283 3553 2367; baseline 0 -17"><span class='ocrx_word' id='word_1_283' title='bbox 252 2297 365 2367; x_wconf 85' lang='lat' dir='ltr'><strong>jam</strong></span> <span class='ocrx_word' id='word_1_284' title='bbox 397 2294 658 2365; x_wconf 90' lang='lat' dir='ltr'><strong>episcopo</strong></span> <span class='ocrx_word' id='word_1_285' title='bbox 679 2290 915 2362; x_wconf 79' lang='lat' dir='ltr'><strong>scripsit</strong></span> <span class='ocrx_word' id='word_1_286' title='bbox 953 2288 1233 2360; x_wconf 89' lang='lat' dir='ltr'><strong>epistolas,</strong></span> <span class='ocrx_word' id='word_1_287' title='bbox 1264 2287 1338 2341; x_wconf 90' lang='lat' dir='ltr'><strong>ita</strong></span> <span class='ocrx_word' id='word_1_288' title='bbox 1366 2285 1419 2341; x_wconf 92' lang='lat' dir='ltr'><strong>ei</strong></span> <span class='ocrx_word' id='word_1_289' title='bbox 1452 2283 1697 2340; x_wconf 90' lang='lat' dir='ltr'><strong>nondum</strong></span> <span class='ocrx_word' id='word_1_290' title='bbox 1730 2283 1851 2354; x_wconf 90' lang='lat' dir='ltr'><strong>epi-</strong></span> <span class='ocrx_word' id='word_1_291' title='bbox 1951 2289 2300 2356; x_wconf 77' lang='lat' dir='ltr'><strong>Alexandria,</strong></span> <span class='ocrx_word' id='word_1_292' title='bbox 2334 2309 2353 2342; x_wconf 70' lang='grc' dir='ltr'><strong><em>ι</em></strong></span> <span class='ocrx_word' id='word_1_293' title='bbox 2384 2297 2446 2345; x_wconf 90' lang='lat' dir='ltr'><strong>ut</strong></span> <span class='ocrx_word' id='word_1_294' title='bbox 2480 2300 2754 2347; x_wconf 90' lang='lat' dir='ltr'><strong>testantur</strong></span> <span class='ocrx_word' id='word_1_295' title='bbox 2784 2292 2920 2348; x_wconf 86' lang='lat' dir='ltr'><strong>Acta</strong></span> <span class='ocrx_word' id='word_1_296' title='bbox 2953 2292 3051 2350; x_wconf 90' lang='lat' dir='ltr'><strong>SS.</strong></span> <span class='ocrx_word' id='word_1_297' title='bbox 3084 2293 3213 2366; x_wconf 81' lang='lat' dir='ltr'><strong>Cyri</strong></span> <span class='ocrx_word' id='word_1_298' title='bbox 3239 2303 3297 2350; x_wconf 90' lang='lat' dir='ltr'><strong>et</strong></span> <span class='ocrx_word' id='word_1_299' title='bbox 3325 2293 3553 2350; x_wconf 80' lang='lat' dir='ltr'><strong>Joannis</strong></span> 
     </span>
    </p>
   </div>
   <div class='ocr_carea' id='block_1_22' title="bbox 254 2375 3549 2461">
    <p class='ocr_par' dir='ltr' id='par_1_22' title="bbox 254 2375 3549 2461">
     <span class='ocr_line' id='line_1_22' title="bbox 254 2375 3549 2461; baseline -0.002 -16"><span class='ocrx_word' id='word_1_300' title='bbox 254 2405 443 2460; x_wconf 81' lang='lat' dir='ltr'><strong>scopo,</strong></span> <span class='ocrx_word' id='word_1_301' title='bbox 469 2390 614 2443; x_wconf 90' lang='lat' dir='ltr'><strong>inter</strong></span> <span class='ocrx_word' id='word_1_302' title='bbox 645 2383 943 2440; x_wconf 82' lang='lat' dir='ltr'><strong>monachos</strong></span> <span class='ocrx_word' id='word_1_303' title='bbox 969 2379 1190 2453; x_wconf 80' lang='lat' dir='ltr'><strong>degenti</strong></span> <span class='ocrx_word' id='word_1_304' title='bbox 1213 2378 1269 2433; x_wconf 90' lang='lat' dir='ltr'><strong>in</strong></span> <span class='ocrx_word' id='word_1_305' title='bbox 1289 2376 1608 2441; x_wconf 90' lang='lat' dir='ltr'><strong>solitudine,</strong></span> <span class='ocrx_word' id='word_1_306' title='bbox 1632 2375 1853 2431; x_wconf 89' lang='lat' dir='ltr'><strong>videtur</strong></span> <span class='ocrx_word' id='word_1_307' title='bbox 1950 2383 2009 2439; x_wconf 87' lang='lat' dir='ltr'><strong>in</strong></span> <span class='ocrx_word' id='word_1_308' title='bbox 2037 2382 2165 2450; x_wconf 82' lang='lat' dir='ltr'><strong>ﬁne,</strong></span> <span class='ocrx_word' id='word_1_309' title='bbox 2201 2401 2220 2435; x_wconf 73' lang='grc' dir='ltr'><strong><em>ι</em></strong></span> <span class='ocrx_word' id='word_1_310' title='bbox 2257 2382 2448 2439; x_wconf 88' lang='lat' dir='ltr'><strong>decem</strong></span> <span class='ocrx_word' id='word_1_311' title='bbox 2477 2384 2670 2461; x_wconf 83' lang='lat' dir='ltr'><strong>stadiis</strong></span> <span class='ocrx_word' id='word_1_312' title='bbox 2692 2383 2951 2457; x_wconf 88' lang='lat' dir='ltr'><strong>Canopus</strong></span> <span class='ocrx_word' id='word_1_313' title='bbox 2978 2404 2991 2442; x_wconf 88' lang='lat'>:</span> <span class='ocrx_word' id='word_1_314' title='bbox 3026 2406 3044 2440; x_wconf 73' lang='grc' dir='ltr'><strong><em>ι</em></strong></span> <span class='ocrx_word' id='word_1_315' title='bbox 3091 2386 3225 2444; x_wconf 89' lang='lat' dir='ltr'><strong>hinc</strong></span> <span class='ocrx_word' id='word_1_316' title='bbox 3258 2402 3389 2443; x_wconf 88' lang='lat' dir='ltr'><strong>vero</strong></span> <span class='ocrx_word' id='word_1_317' title='bbox 3416 2405 3435 2437; x_wconf 75' lang='grc' dir='ltr'>ι</span> <span class='ocrx_word' id='word_1_318' title='bbox 3464 2385 3549 2441; x_wconf 88' lang='lat' dir='ltr'><strong>di-</strong></span> 
     </span>
    </p>
   </div>
   <div class='ocr_carea' id='block_1_23' title="bbox 253 2468 3551 2550">
    <p class='ocr_par' dir='ltr' id='par_1_23' title="bbox 253 2468 3551 2550">
     <span class='ocr_line' id='line_1_23' title="bbox 253 2468 3551 2550; baseline -0.004 -11"><span class='ocrx_word' id='word_1_319' title='bbox 253 2482 573 2539; x_wconf 82' lang='lat' dir='ltr'><strong>vicesimam</strong></span> <span class='ocrx_word' id='word_1_320' title='bbox 604 2477 855 2550; x_wconf 87' lang='lat' dir='ltr'><strong>quintam</strong></span> <span class='ocrx_word' id='word_1_321' title='bbox 902 2473 1030 2529; x_wconf 90' lang='lat' dir='ltr'><strong>libri</strong></span> <span class='ocrx_word' id='word_1_322' title='bbox 1071 2471 1236 2543; x_wconf 91' lang='lat' dir='ltr'><strong>primi</strong></span> <span class='ocrx_word' id='word_1_323' title='bbox 1283 2468 1592 2541; x_wconf 89' lang='lat' dir='ltr'><strong>scripsisse,</strong></span> <span class='ocrx_word' id='word_1_324' title='bbox 1626 2484 1748 2539; x_wconf 65' lang='lat' dir='ltr'><strong>qua:</strong></span> <span class='ocrx_word' id='word_1_325' title='bbox 1775 2468 1852 2524; x_wconf 88' lang='lat' dir='ltr'><strong>ita</strong></span> <span class='ocrx_word' id='word_1_326' title='bbox 1951 2473 2132 2529; x_wconf 87' lang='lat' dir='ltr'><strong>stabat</strong></span> <span class='ocrx_word' id='word_1_327' title='bbox 2158 2473 2383 2545; x_wconf 88' lang='lat' dir='ltr'><strong>quidam</strong></span> <span class='ocrx_word' id='word_1_328' title='bbox 2415 2473 2572 2530; x_wconf 91' lang='lat' dir='ltr'><strong>vicus</strong></span> <span class='ocrx_word' id='word_1_329' title='bbox 2599 2473 2777 2545; x_wconf 87' lang='lat' dir='ltr'><strong>spatio</strong></span> <span class='ocrx_word' id='word_1_330' title='bbox 2806 2474 3044 2531; x_wconf 89' lang='lat' dir='ltr'><strong>duorum</strong></span> <span class='ocrx_word' id='word_1_331' title='bbox 3091 2475 3418 2539; x_wconf 84' lang='lat' dir='ltr'><strong>stadiorum,</strong></span> <span class='ocrx_word' id='word_1_332' title='bbox 3449 2488 3551 2527; x_wconf 88' lang='lat' dir='ltr'><strong>no-</strong></span> 
     </span>
    </p>
   </div>
   <div class='ocr_carea' id='block_1_24' title="bbox 256 2562 3553 2638">
    <p class='ocr_par' dir='ltr' id='par_1_24' title="bbox 256 2562 3553 2638">
     <span class='ocr_line' id='line_1_24' title="bbox 256 2562 3553 2638; baseline -0.002 -8"><span class='ocrx_word' id='word_1_333' title='bbox 256 2574 465 2630; x_wconf 80' lang='lat' dir='ltr'><strong>‘habet:</strong></span> <span class='ocrx_word' id='word_1_334' title='bbox 495 2591 514 2624; x_wconf 73' lang='grc' dir='ltr'><strong><em>ι</em></strong></span> <span class='ocrx_word' id='word_1_335' title='bbox 546 2570 689 2638; x_wconf 77' lang='lat' dir='ltr'><strong>Quid</strong></span> <span class='ocrx_word' id='word_1_336' title='bbox 727 2568 829 2625; x_wconf 88' lang='lat' dir='ltr'><strong>tibi</strong></span> <span class='ocrx_word' id='word_1_337' title='bbox 852 2565 1106 2623; x_wconf 88' lang='lat' dir='ltr'><strong>utilitatis</strong></span> <span class='ocrx_word' id='word_1_338' title='bbox 1126 2563 1288 2619; x_wconf 83' lang='lat' dir='ltr'><strong>aﬁ‘ert</strong></span> <span class='ocrx_word' id='word_1_339' title='bbox 1316 2562 1543 2618; x_wconf 85' lang='lat' dir='ltr'><strong>Joannis</strong></span> <span class='ocrx_word' id='word_1_340' title='bbox 1581 2562 1636 2617; x_wconf 91' lang='lat' dir='ltr'><strong>in</strong></span> <span class='ocrx_word' id='word_1_341' title='bbox 1670 2562 1851 2618; x_wconf 90' lang='lat' dir='ltr'><strong>locum</strong></span> <span class='ocrx_word' id='word_1_342' title='bbox 1951 2567 2101 2624; x_wconf 90' lang='lat' dir='ltr'><strong>mine</strong></span> <span class='ocrx_word' id='word_1_343' title='bbox 2123 2567 2401 2624; x_wconf 78' lang='lat' dir='ltr'><strong>Manuthe.</strong></span> <span class='ocrx_word' id='word_1_344' title='bbox 2431 2567 2535 2624; x_wconf 83' lang='lat' dir='ltr'><strong>Hic</strong></span> <span class='ocrx_word' id='word_1_345' title='bbox 2556 2578 2742 2624; x_wconf 88' lang='lat' dir='ltr'><strong>autem</strong></span> <span class='ocrx_word' id='word_1_346' title='bbox 2767 2569 2924 2626; x_wconf 90' lang='lat' dir='ltr'><strong>vicus</strong></span> <span class='ocrx_word' id='word_1_347' title='bbox 2948 2580 3070 2627; x_wconf 88' lang='lat' dir='ltr'><strong>erat</strong></span> <span class='ocrx_word' id='word_1_348' title='bbox 3101 2570 3411 2626; x_wconf 77' lang='lat' dir='ltr'><strong>dzemonum</strong></span> <span class='ocrx_word' id='word_1_349' title='bbox 3450 2569 3553 2624; x_wconf 85' lang='lat' dir='ltr'><strong>ha-</strong></span> 
     </span>
    </p>
   </div>
   <div class='ocr_carea' id='block_1_25' title="bbox 254 2653 3554 2734">
    <p class='ocr_par' dir='ltr' id='par_1_25' title="bbox 254 2653 3554 2734">
     <span class='ocr_line' id='line_1_25' title="bbox 254 2653 3554 2734; baseline -0.002 -11"><span class='ocrx_word' id='word_1_350' title='bbox 254 2668 539 2722; x_wconf 86' lang='lat' dir='ltr'><strong>desertum</strong></span> <span class='ocrx_word' id='word_1_351' title='bbox 562 2659 831 2723; x_wconf 72' lang='lat' dir='ltr'><strong>secessio.</strong></span> <span class='ocrx_word' id='word_1_352' title='bbox 864 2671 1027 2728; x_wconf 84' lang='lat' dir='ltr'><strong>quam</strong></span> <span class='ocrx_word' id='word_1_353' title='bbox 1052 2654 1183 2711; x_wconf 77' lang='lat' dir='ltr'><strong>Olim</strong></span> <span class='ocrx_word' id='word_1_354' title='bbox 1204 2653 1450 2710; x_wconf 72' lang='grc' dir='ltr'><strong>εῑῑιάίοεθ</strong></span> <span class='ocrx_word' id='word_1_355' title='bbox 1484 2653 1730 2708; x_wconf 58' lang='lat' dir='ltr'><strong>imitatus</strong></span> <span class='ocrx_word' id='word_1_356' title='bbox 1757 2667 1851 2720; x_wconf 73' lang='lat' dir='ltr'><strong>es;</strong></span> <span class='ocrx_word' id='word_1_357' title='bbox 1954 2660 2168 2727; x_wconf 89' lang='lat' dir='ltr'><strong>bitatio,</strong></span> <span class='ocrx_word' id='word_1_358' title='bbox 2189 2670 2247 2717; x_wconf 90' lang='lat' dir='ltr'><strong>et</strong></span> <span class='ocrx_word' id='word_1_359' title='bbox 2276 2661 2637 2717; x_wconf 85' lang='lat' dir='ltr'><strong>versabantur</strong></span> <span class='ocrx_word' id='word_1_360' title='bbox 2662 2660 2721 2716; x_wconf 91' lang='lat' dir='ltr'><strong>in</strong></span> <span class='ocrx_word' id='word_1_361' title='bbox 2748 2676 2818 2717; x_wconf 91' lang='lat' dir='ltr'><strong>eo</strong></span> <span class='ocrx_word' id='word_1_362' title='bbox 2843 2661 3069 2733; x_wconf 77' lang='lat' dir='ltr'><strong>maligni</strong></span> <span class='ocrx_word' id='word_1_363' title='bbox 3101 2662 3347 2734; x_wconf 86' lang='lat' dir='ltr'><strong>spiritus.</strong></span> <span class='ocrx_word' id='word_1_364' title='bbox 3371 2661 3554 2715; x_wconf 68' lang='lat' dir='ltr'><strong>Theo-</strong></span> 
     </span>
    </p>
   </div>
   <div class='ocr_carea' id='block_1_26' title="bbox 263 2745 3551 2826">
    <p class='ocr_par' dir='ltr' id='par_1_26' title="bbox 263 2745 3551 2826">
     <span class='ocr_line' id='line_1_26' title="bbox 263 2745 3551 2826; baseline -0.005 -12"><span class='ocrx_word' id='word_1_365' title='bbox 263 2775 388 2814; x_wconf 86' lang='lat' dir='ltr'><strong>cum</strong></span> <span class='ocrx_word' id='word_1_366' title='bbox 408 2769 557 2811; x_wconf 88' lang='lat' dir='ltr'><strong>nunc</strong></span> <span class='ocrx_word' id='word_1_367' title='bbox 579 2768 705 2819; x_wconf 86' lang='lat' dir='ltr'><strong>eum</strong></span> <span class='ocrx_word' id='word_1_368' title='bbox 732 2750 967 2806; x_wconf 86' lang='lat' dir='ltr'><strong>minime</strong></span> <span class='ocrx_word' id='word_1_369' title='bbox 999 2746 1252 2811; x_wconf 86' lang='lat' dir='ltr'><strong>imiteris,</strong></span> <span class='ocrx_word' id='word_1_370' title='bbox 1278 2761 1471 2802; x_wconf 85' lang='lat' dir='ltr'><strong>verum</strong></span> <span class='ocrx_word' id='word_1_371' title='bbox 1507 2745 1575 2801; x_wconf 92' lang='lat' dir='ltr'><strong>ad</strong></span> <span class='ocrx_word' id='word_1_372' title='bbox 1611 2745 1855 2817; x_wconf 87' lang='lat' dir='ltr'><strong>privatas</strong></span> <span class='ocrx_word' id='word_1_373' title='bbox 1952 2753 2139 2825; x_wconf 80' lang='lat' dir='ltr'><strong>philus</strong></span> <span class='ocrx_word' id='word_1_374' title='bbox 2175 2768 2305 2810; x_wconf 79' lang='lat' dir='ltr'><strong>vero</strong></span> <span class='ocrx_word' id='word_1_375' title='bbox 2340 2753 2450 2821; x_wconf 73' lang='lat' dir='ltr'><strong>hic,</strong></span> <span class='ocrx_word' id='word_1_376' title='bbox 2478 2753 2702 2825; x_wconf 66' lang='lat' dir='ltr'><strong>pmsul,</strong></span> <span class='ocrx_word' id='word_1_377' title='bbox 2737 2762 2798 2811; x_wconf 74' lang='lat' dir='ltr'><strong>ut</strong></span> <span class='ocrx_word' id='word_1_378' title='bbox 2820 2753 2983 2826; x_wconf 77' lang='lat' dir='ltr'><strong>prius</strong></span> <span class='ocrx_word' id='word_1_379' title='bbox 3010 2753 3271 2820; x_wconf 73' lang='lat' dir='ltr'><strong>diximus,</strong></span> <span class='ocrx_word' id='word_1_380' title='bbox 3315 2751 3551 2807; x_wconf 73' lang='lat' dir='ltr'><strong>Alexan-</strong></span> 
     </span>
    </p>
   </div>
   <div class='ocr_carea' id='block_1_27' title="bbox 260 2832 3557 2919">
    <p class='ocr_par' dir='ltr' id='par_1_27' title="bbox 260 2832 3557 2919">
     <span class='ocr_line' id='line_1_27' title="bbox 260 2832 3557 2919; baseline -0.002 -10"><span class='ocrx_word' id='word_1_381' title='bbox 260 2866 421 2910; x_wconf 86' lang='lat' dir='ltr'><strong>curas</strong></span> <span class='ocrx_word' id='word_1_382' title='bbox 447 2857 499 2906; x_wconf 91' lang='lat' dir='ltr'><strong>te</strong></span> <span class='ocrx_word' id='word_1_383' title='bbox 522 2848 751 2913; x_wconf 85' lang='lat' dir='ltr'><strong>referas,</strong></span> <span class='ocrx_word' id='word_1_384' title='bbox 774 2853 939 2916; x_wconf 69' lang='lat' dir='ltr'><strong>altiue</strong></span> <span class='ocrx_word' id='word_1_385' title='bbox 957 2844 1021 2899; x_wconf 86' lang='lat' dir='ltr'><strong>in</strong></span> <span class='ocrx_word' id='word_1_386' title='bbox 1045 2840 1343 2898; x_wconf 75' lang='lat' dir='ltr'><strong>solitudine</strong></span> <span class='ocrx_word' id='word_1_387' title='bbox 1381 2832 1756 2905; x_wconf 66' lang='lat' dir='ltr'><strong>tumuliﬁeris,</strong></span> <span class='ocrx_word' id='word_1_388' title='bbox 1796 2847 1860 2895; x_wconf 76' lang='lat' dir='ltr'><strong>et</strong></span> <span class='ocrx_word' id='word_1_389' title='bbox 1951 2846 2169 2910; x_wconf 90' lang='lat' dir='ltr'><strong>drinus,</strong></span> <span class='ocrx_word' id='word_1_390' title='bbox 2186 2860 2313 2902; x_wconf 90' lang='lat' dir='ltr'><strong>cum</strong></span> <span class='ocrx_word' id='word_1_391' title='bbox 2332 2844 2601 2902; x_wconf 81' lang='lat' dir='ltr'><strong>voluisset</strong></span> <span class='ocrx_word' id='word_1_392' title='bbox 2624 2844 2858 2903; x_wconf 87' lang='lat' dir='ltr'><strong>reddere</strong></span> <span class='ocrx_word' id='word_1_393' title='bbox 2880 2846 3063 2903; x_wconf 91' lang='lat' dir='ltr'><strong>locum</strong></span> <span class='ocrx_word' id='word_1_394' title='bbox 3081 2861 3333 2919; x_wconf 83' lang='lat' dir='ltr'><strong>puruma</strong></span> <span class='ocrx_word' id='word_1_395' title='bbox 3355 2846 3557 2902; x_wconf 60' lang='lat' dir='ltr'><strong>damo-</strong></span> 
     </span>
    </p>
   </div>
   <div class='ocr_carea' id='block_1_28' title="bbox 256 2921 3556 3013">
    <p class='ocr_par' dir='ltr' id='par_1_28' title="bbox 256 2921 3556 3013">
     <span class='ocr_line' id='line_1_28' title="bbox 256 2921 3556 3013; baseline -0.004 -6"><span class='ocrx_word' id='word_1_396' title='bbox 256 2951 326 3007; x_wconf 90' lang='lat' dir='ltr'><strong>ab</strong></span> <span class='ocrx_word' id='word_1_397' title='bbox 353 2947 639 3005; x_wconf 91' lang='lat' dir='ltr'><strong>hominum</strong></span> <span class='ocrx_word' id='word_1_398' title='bbox 661 2952 807 3001; x_wconf 73' lang='lat' dir='ltr'><strong>cmtu</strong></span> <span class='ocrx_word' id='word_1_399' title='bbox 842 2942 1085 2999; x_wconf 83' lang='lat' dir='ltr'><strong>remotus</strong></span> <span class='ocrx_word' id='word_1_400' title='bbox 1101 2938 1479 3013; x_wconf 87' lang='lat' dir='ltr'><strong>perturberis?</strong></span> <span class='ocrx_word' id='word_1_401' title='bbox 1502 2938 1723 2994; x_wconf 82' lang='lat' dir='ltr'><strong>Etenim</strong></span> <span class='ocrx_word' id='word_1_402' title='bbox 1754 2953 1852 2994; x_wconf 91' lang='lat' dir='ltr'><strong>ex-</strong></span> <span class='ocrx_word' id='word_1_403' title='bbox 1952 2938 2140 3002; x_wconf 88' lang='lat' dir='ltr'><strong>nibus,</strong></span> <span class='ocrx_word' id='word_1_404' title='bbox 2196 2936 2537 3009; x_wconf 83' lang='lat' dir='ltr'><strong>Christique,</strong></span> <span class='ocrx_word' id='word_1_405' title='bbox 2572 2921 3036 3011; x_wconf 82' lang='lat' dir='ltr'><strong>evangelistarum</strong></span> <span class='ocrx_word' id='word_1_406' title='bbox 3081 2949 3138 2995; x_wconf 84' lang='lat' dir='ltr'><strong>et</strong></span> <span class='ocrx_word' id='word_1_407' title='bbox 3180 2938 3556 3011; x_wconf 83' lang='lat' dir='ltr'><strong>apostolorum</strong></span> 
     </span>
    </p>
   </div>
   <div class='ocr_carea' id='block_1_29' title="bbox 258 3029 3555 3117">
    <p class='ocr_par' dir='ltr' id='par_1_29' title="bbox 258 3029 3555 3117">
     <span class='ocr_line' id='line_1_29' title="bbox 258 3029 3555 3117; baseline -0.002 -21"><span class='ocrx_word' id='word_1_408' title='bbox 258 3051 423 3098; x_wconf 89' lang='lat' dir='ltr'><strong>terno</strong></span> <span class='ocrx_word' id='word_1_409' title='bbox 438 3037 629 3094; x_wconf 90' lang='lat' dir='ltr'><strong>habitu</strong></span> <span class='ocrx_word' id='word_1_410' title='bbox 662 3049 726 3091; x_wconf 91' lang='lat' dir='ltr'><strong>ac</strong></span> <span class='ocrx_word' id='word_1_411' title='bbox 749 3035 931 3106; x_wconf 87' lang='lat' dir='ltr'><strong>specie</strong></span> <span class='ocrx_word' id='word_1_412' title='bbox 963 3032 1269 3104; x_wconf 89' lang='lat' dir='ltr'><strong>quiescere,</strong></span> <span class='ocrx_word' id='word_1_413' title='bbox 1300 3029 1503 3085; x_wconf 89' lang='lat' dir='ltr'><strong>mentis</strong></span> <span class='ocrx_word' id='word_1_414' title='bbox 1524 3036 1708 3086; x_wconf 91' lang='lat' dir='ltr'><strong>autem</strong></span> <span class='ocrx_word' id='word_1_415' title='bbox 1735 3045 1857 3085; x_wconf 89' lang='lat' dir='ltr'><strong>mu-</strong></span> <span class='ocrx_word' id='word_1_416' title='bbox 1951 3029 2367 3086; x_wconf 88' lang='lat' dir='ltr'><strong>characteribus</strong></span> <span class='ocrx_word' id='word_1_417' title='bbox 2412 3039 2487 3117; x_wconf 53' lang='lat' dir='ltr'><strong>et.</strong></span> <span class='ocrx_word' id='word_1_418' title='bbox 2512 3030 2721 3104; x_wconf 87' lang='lat' dir='ltr'><strong>ﬁguris,</strong></span> <span class='ocrx_word' id='word_1_419' title='bbox 2757 3041 2822 3088; x_wconf 92' lang='lat' dir='ltr'><strong>ut</strong></span> <span class='ocrx_word' id='word_1_420' title='bbox 2857 3032 2928 3089; x_wconf 88' lang='lat' dir='ltr'><strong>ad</strong></span> <span class='ocrx_word' id='word_1_421' title='bbox 2960 3048 3088 3091; x_wconf 90' lang='lat' dir='ltr'><strong>eum</strong></span> <span class='ocrx_word' id='word_1_422' title='bbox 3116 3033 3555 3090; x_wconf 87' lang='lat' dir='ltr'><strong>conservandum</strong></span> 
     </span>
    </p>
   </div>
   <div class='ocr_carea' id='block_1_30' title="bbox 259 3119 3555 3203">
    <p class='ocr_par' dir='ltr' id='par_1_30' title="bbox 259 3119 3555 3203">
     <span class='ocr_line' id='line_1_30' title="bbox 259 3119 3555 3203; baseline -0.003 -14"><span class='ocrx_word' id='word_1_423' title='bbox 259 3131 562 3190; x_wconf 89' lang='lat' dir='ltr'><strong>tationihus</strong></span> <span class='ocrx_word' id='word_1_424' title='bbox 599 3144 664 3184; x_wconf 88' lang='lat' dir='ltr'><strong>ac</strong></span> <span class='ocrx_word' id='word_1_425' title='bbox 697 3125 1210 3199; x_wconf 90' lang='lat' dir='ltr'><strong>perturbationibus</strong></span> <span class='ocrx_word' id='word_1_426' title='bbox 1249 3122 1549 3195; x_wconf 88' lang='lat' dir='ltr'><strong>inquinari,</strong></span> <span class='ocrx_word' id='word_1_427' title='bbox 1587 3132 1702 3178; x_wconf 92' lang='lat' dir='ltr'><strong>tum</strong></span> <span class='ocrx_word' id='word_1_428' title='bbox 1726 3138 1855 3179; x_wconf 87' lang='lat' dir='ltr'><strong>sen-</strong></span> <span class='ocrx_word' id='word_1_429' title='bbox 1956 3120 2164 3185; x_wconf 90' lang='lat' dir='ltr'><strong>idonei,</strong></span> <span class='ocrx_word' id='word_1_430' title='bbox 2189 3134 2485 3191; x_wconf 91' lang='lat' dir='ltr'><strong>occupare,</strong></span> <span class='ocrx_word' id='word_1_431' title='bbox 2513 3119 2569 3176; x_wconf 91' lang='lat' dir='ltr'><strong>id</strong></span> <span class='ocrx_word' id='word_1_432' title='bbox 2602 3121 2750 3193; x_wconf 90' lang='lat' dir='ltr'><strong>quod</strong></span> <span class='ocrx_word' id='word_1_433' title='bbox 2787 3131 3057 3203; x_wconf 75' lang='lat' dir='ltr'><strong>statuerat</strong></span> <span class='ocrx_word' id='word_1_434' title='bbox 3076 3138 3187 3179; x_wconf 92' lang='lat' dir='ltr'><strong>non</strong></span> <span class='ocrx_word' id='word_1_435' title='bbox 3210 3123 3464 3195; x_wconf 88' lang='lat' dir='ltr'><strong>perduxit</strong></span> <span class='ocrx_word' id='word_1_436' title='bbox 3487 3123 3555 3178; x_wconf 92' lang='lat' dir='ltr'><strong>ad</strong></span> 
     </span>
    </p>
   </div>
   <div class='ocr_carea' id='block_1_31' title="bbox 256 3210 3560 3299">
    <p class='ocr_par' dir='ltr' id='par_1_31' title="bbox 256 3210 3560 3299">
     <span class='ocr_line' id='line_1_31' title="bbox 256 3210 3560 3299; baseline -0.001 -26"><span class='ocrx_word' id='word_1_437' title='bbox 256 3239 378 3280; x_wconf 78' lang='lat' dir='ltr'><strong>sum</strong></span> <span class='ocrx_word' id='word_1_438' title='bbox 408 3220 639 3293; x_wconf 83' lang='lat' dir='ltr'><strong>caligine</strong></span> <span class='ocrx_word' id='word_1_439' title='bbox 670 3217 971 3290; x_wconf 81' lang='lat' dir='ltr'><strong>perfundit,</strong></span> <span class='ocrx_word' id='word_1_440' title='bbox 1019 3226 1135 3272; x_wconf 91' lang='lat' dir='ltr'><strong>tum</strong></span> <span class='ocrx_word' id='word_1_441' title='bbox 1168 3223 1455 3287; x_wconf 83' lang='lat' dir='ltr'><strong>susceptos</strong></span> <span class='ocrx_word' id='word_1_442' title='bbox 1487 3216 1601 3287; x_wconf 82' lang='lat' dir='ltr'><strong>jam</strong></span> <span class='ocrx_word' id='word_1_443' title='bbox 1635 3216 1854 3271; x_wconf 86' lang='lat' dir='ltr'><strong>labores</strong></span> <span class='ocrx_word' id='word_1_444' title='bbox 1880 3235 1926 3299; x_wconf 68' lang='grc' dir='ltr'><strong>ο</strong></span> <span class='ocrx_word' id='word_1_445' title='bbox 1954 3210 2234 3265; x_wconf 85' lang='lat' dir='ltr'><strong>eﬁ&#39;ectum.</strong></span> <span class='ocrx_word' id='word_1_446' title='bbox 2259 3210 2493 3268; x_wconf 86' lang='lat' dir='ltr'><strong>Interim</strong></span> <span class='ocrx_word' id='word_1_447' title='bbox 2508 3212 2658 3268; x_wconf 92' lang='lat' dir='ltr'><strong>enim</strong></span> <span class='ocrx_word' id='word_1_448' title='bbox 2684 3229 2831 3270; x_wconf 87' lang='lat' dir='ltr'><strong>mors</strong></span> <span class='ocrx_word' id='word_1_449' title='bbox 2852 3214 3172 3282; x_wconf 87' lang='lat' dir='ltr'><strong>adveniens,</strong></span> <span class='ocrx_word' id='word_1_450' title='bbox 3194 3230 3316 3286; x_wconf 69' lang='lat' dir='ltr'><strong>quae</strong></span> <span class='ocrx_word' id='word_1_451' title='bbox 3344 3224 3429 3271; x_wconf 92' lang='lat' dir='ltr'><strong>est</strong></span> <span class='ocrx_word' id='word_1_452' title='bbox 3460 3215 3560 3270; x_wconf 91' lang='lat' dir='ltr'><strong>bo-</strong></span> 
     </span>
    </p>
   </div>
   <div class='ocr_carea' id='block_1_32' title="bbox 256 3301 3556 3387">
    <p class='ocr_par' dir='ltr' id='par_1_32' title="bbox 256 3301 3556 3387">
     <span class='ocr_line' id='line_1_32' title="bbox 256 3301 3556 3387; baseline -0 -16"><span class='ocrx_word' id='word_1_453' title='bbox 256 3315 575 3387; x_wconf 84' lang='lat' dir='ltr'><strong>exstinguit,</strong></span> <span class='ocrx_word' id='word_1_454' title='bbox 603 3322 766 3382; x_wconf 91' lang='lat' dir='ltr'><strong>atque</strong></span> <span class='ocrx_word' id='word_1_455' title='bbox 794 3308 1302 3382; x_wconf 84' lang='lat' dir='ltr'><strong>perturbationibus</strong></span> <span class='ocrx_word' id='word_1_456' title='bbox 1326 3307 1494 3363; x_wconf 90' lang='lat' dir='ltr'><strong>animi</strong></span> <span class='ocrx_word' id='word_1_457' title='bbox 1526 3323 1755 3379; x_wconf 91' lang='lat' dir='ltr'><strong>pronam</strong></span> <span class='ocrx_word' id='word_1_458' title='bbox 1787 3323 1852 3364; x_wconf 90' lang='lat' dir='ltr'><strong>ac</strong></span> <span class='ocrx_word' id='word_1_459' title='bbox 1955 3301 2200 3358; x_wconf 78' lang='lat' dir='ltr'><strong>minibus</strong></span> <span class='ocrx_word' id='word_1_460' title='bbox 2228 3317 2318 3358; x_wconf 74' lang='lat' dir='ltr'><strong>res</strong></span> <span class='ocrx_word' id='word_1_461' title='bbox 2348 3302 2726 3371; x_wconf 65' lang='lat' dir='ltr'><strong>inexorabilis.</strong></span> <span class='ocrx_word' id='word_1_462' title='bbox 2774 3304 3002 3362; x_wconf 59' lang='lat' dir='ltr'><strong>abduc“</strong></span> <span class='ocrx_word' id='word_1_463' title='bbox 3045 3321 3173 3361; x_wconf 76' lang='lat' dir='ltr'><strong>eum</strong></span> <span class='ocrx_word' id='word_1_464' title='bbox 3210 3320 3241 3360; x_wconf 68' lang='grc' dir='ltr'>θ</span> <span class='ocrx_word' id='word_1_465' title='bbox 3280 3306 3392 3362; x_wconf 63' lang='lat' dir='ltr'><strong>Vita</strong></span> <span class='ocrx_word' id='word_1_466' title='bbox 3413 3321 3556 3376; x_wconf 65' lang='lat' dir='ltr'><strong>prm-</strong></span> 
     </span>
    </p>
   </div>
   <div class='ocr_carea' id='block_1_33' title="bbox 256 3393 3553 3473">
    <p class='ocr_par' dir='ltr' id='par_1_33' title="bbox 256 3393 3553 3473">
     <span class='ocr_line' id='line_1_33' title="bbox 256 3393 3553 3473; baseline -0.006 -7"><span class='ocrx_word' id='word_1_467' title='bbox 256 3410 471 3466; x_wconf 88' lang='lat' dir='ltr'><strong>facilem</strong></span> <span class='ocrx_word' id='word_1_468' title='bbox 496 3407 787 3463; x_wconf 89' lang='lat' dir='ltr'><strong>victoriam</strong></span> <span class='ocrx_word' id='word_1_469' title='bbox 821 3402 1023 3472; x_wconf 71' lang='lat' dir='ltr'><strong>reddit,</strong></span> <span class='ocrx_word' id='word_1_470' title='bbox 1043 3400 1318 3472; x_wconf 82' lang='lat' dir='ltr'><strong>ellicitque</strong></span> <span class='ocrx_word' id='word_1_471' title='bbox 1347 3411 1407 3458; x_wconf 94' lang='lat' dir='ltr'><strong>ut</strong></span> <span class='ocrx_word' id='word_1_472' title='bbox 1434 3401 1593 3457; x_wconf 91' lang='lat' dir='ltr'><strong>miles</strong></span> <span class='ocrx_word' id='word_1_473' title='bbox 1609 3400 1825 3473; x_wconf 80' lang='lat' dir='ltr'><strong>abiecto</strong></span> <span class='ocrx_word' id='word_1_474' title='bbox 1953 3393 2118 3450; x_wconf 87' lang='lat' dir='ltr'><strong>senti.</strong></span> <span class='ocrx_word' id='word_1_475' title='bbox 2147 3393 2355 3451; x_wconf 90' lang='lat' dir='ltr'><strong>Deinde</strong></span> <span class='ocrx_word' id='word_1_476' title='bbox 2381 3403 2564 3451; x_wconf 87' lang='lat' dir='ltr'><strong>autem</strong></span> <span class='ocrx_word' id='word_1_477' title='bbox 2590 3395 2793 3468; x_wconf 81' lang='lat' dir='ltr'><strong>Cyrillo</strong></span> <span class='ocrx_word' id='word_1_478' title='bbox 2817 3411 3059 3467; x_wconf 86' lang='lat' dir='ltr'><strong>quoque,</strong></span> <span class='ocrx_word' id='word_1_479' title='bbox 3087 3395 3181 3466; x_wconf 92' lang='lat' dir='ltr'><strong>qui</strong></span> <span class='ocrx_word' id='word_1_480' title='bbox 3212 3404 3339 3467; x_wconf 81' lang='lat' dir='ltr'><strong>post</strong></span> <span class='ocrx_word' id='word_1_481' title='bbox 3374 3396 3553 3467; x_wconf 85' lang='lat' dir='ltr'><strong>ipsum</strong></span> 
     </span>
    </p>
   </div>
   <div class='ocr_carea' id='block_1_34' title="bbox 257 3485 3553 3573">
    <p class='ocr_par' dir='ltr' id='par_1_34' title="bbox 257 3485 3553 3573">
     <span class='ocr_line' id='line_1_34' title="bbox 257 3485 3553 3573; baseline -0.005 -16"><span class='ocrx_word' id='word_1_482' title='bbox 257 3512 414 3558; x_wconf 90' lang='lat' dir='ltr'><strong>scuto</strong></span> <span class='ocrx_word' id='word_1_483' title='bbox 446 3500 637 3573; x_wconf 80' lang='lat' dir='ltr'><strong>fugiat.</strong></span> <span class='ocrx_word' id='word_1_484' title='bbox 674 3498 845 3555; x_wconf 85' lang='lat' dir='ltr'><strong>Porro</strong></span> <span class='ocrx_word' id='word_1_485' title='bbox 874 3510 1037 3550; x_wconf 90' lang='lat' dir='ltr'><strong>nemo</strong></span> <span class='ocrx_word' id='word_1_486' title='bbox 1060 3494 1300 3549; x_wconf 89' lang='lat' dir='ltr'><strong>militans</strong></span> <span class='ocrx_word' id='word_1_487' title='bbox 1316 3494 1577 3566; x_wconf 76' lang='lat' dir='ltr'><strong>implicat</strong></span> <span class='ocrx_word' id='word_1_488' title='bbox 1601 3508 1657 3548; x_wconf 88' lang='lat' dir='ltr'><strong>se</strong></span> <span class='ocrx_word' id='word_1_489' title='bbox 1682 3506 1847 3563; x_wconf 86' lang='lat' dir='ltr'><strong>nego-</strong></span> <span class='ocrx_word' id='word_1_490' title='bbox 1955 3485 2071 3541; x_wconf 86' lang='lat' dir='ltr'><strong>sedi</strong></span> <span class='ocrx_word' id='word_1_491' title='bbox 2105 3486 2391 3552; x_wconf 85' lang='lat' dir='ltr'><strong>successit,</strong></span> <span class='ocrx_word' id='word_1_492' title='bbox 2430 3502 2543 3543; x_wconf 91' lang='lat' dir='ltr'><strong>non</strong></span> <span class='ocrx_word' id='word_1_493' title='bbox 2572 3503 2767 3559; x_wconf 91' lang='lat' dir='ltr'><strong>parum</strong></span> <span class='ocrx_word' id='word_1_494' title='bbox 2796 3497 2919 3543; x_wconf 90' lang='lat' dir='ltr'><strong>erat</strong></span> <span class='ocrx_word' id='word_1_495' title='bbox 2947 3503 3093 3543; x_wconf 72' lang='lat' dir='ltr'><strong>curae</strong></span> <span class='ocrx_word' id='word_1_496' title='bbox 3111 3488 3347 3544; x_wconf 85' lang='lat' dir='ltr'><strong>liberare</strong></span> <span class='ocrx_word' id='word_1_497' title='bbox 3373 3488 3553 3543; x_wconf 89' lang='lat' dir='ltr'><strong>locum</strong></span> 
     </span>
    </p>
   </div>
   <div class='ocr_carea' id='block_1_35' title="bbox 257 3578 3554 3659">
    <p class='ocr_par' dir='ltr' id='par_1_35' title="bbox 257 3578 3554 3659">
     <span class='ocr_line' id='line_1_35' title="bbox 257 3578 3554 3659; baseline -0.005 -7"><span class='ocrx_word' id='word_1_498' title='bbox 257 3597 350 3653; x_wconf 85' lang='lat' dir='ltr'><strong>tiis</strong></span> <span class='ocrx_word' id='word_1_499' title='bbox 383 3592 760 3656; x_wconf 69' lang='lat' dir='ltr'><strong>saacularibus,</strong></span> <span class='ocrx_word' id='word_1_500' title='bbox 802 3598 861 3645; x_wconf 96' lang='lat' dir='ltr'><strong>ut</strong></span> <span class='ocrx_word' id='word_1_501' title='bbox 907 3588 958 3643; x_wconf 91' lang='lat' dir='ltr'><strong>ei</strong></span> <span class='ocrx_word' id='word_1_502' title='bbox 994 3588 1226 3659; x_wconf 88' lang='lat' dir='ltr'><strong>placeat,</strong></span> <span class='ocrx_word' id='word_1_503' title='bbox 1264 3602 1295 3643; x_wconf 88' lang='lat' dir='ltr'><strong>a</strong></span> <span class='ocrx_word' id='word_1_504' title='bbox 1336 3602 1447 3657; x_wconf 92' lang='lat' dir='ltr'><strong>quo</strong></span> <span class='ocrx_word' id='word_1_505' title='bbox 1493 3585 1550 3641; x_wconf 91' lang='lat' dir='ltr'><strong>in</strong></span> <span class='ocrx_word' id='word_1_506' title='bbox 1600 3584 1849 3642; x_wconf 90' lang='lat' dir='ltr'><strong>militiam</strong></span> <span class='ocrx_word' id='word_1_507' title='bbox 1953 3594 1985 3634; x_wconf 88' lang='lat' dir='ltr'><strong>a</strong></span> <span class='ocrx_word' id='word_1_508' title='bbox 2016 3578 2326 3635; x_wconf 66' lang='lat' dir='ltr'><strong>daemonum</strong></span> <span class='ocrx_word' id='word_1_509' title='bbox 2356 3578 2579 3652; x_wconf 90' lang='lat' dir='ltr'><strong>injuria.</strong></span> <span class='ocrx_word' id='word_1_510' title='bbox 2599 3578 2743 3635; x_wconf 87' lang='lat' dir='ltr'><strong>Cum</strong></span> <span class='ocrx_word' id='word_1_511' title='bbox 2775 3595 2908 3635; x_wconf 89' lang='lat' dir='ltr'><strong>vero</strong></span> <span class='ocrx_word' id='word_1_512' title='bbox 2934 3578 3003 3636; x_wconf 89' lang='lat' dir='ltr'><strong>de</strong></span> <span class='ocrx_word' id='word_1_513' title='bbox 3026 3595 3090 3635; x_wconf 91' lang='lat' dir='ltr'><strong>ea</strong></span> <span class='ocrx_word' id='word_1_514' title='bbox 3124 3595 3183 3635; x_wconf 92' lang='lat' dir='ltr'><strong>re</strong></span> <span class='ocrx_word' id='word_1_515' title='bbox 3206 3594 3352 3652; x_wconf 65' lang='lat' dir='ltr'><strong>saepe</strong></span> <span class='ocrx_word' id='word_1_516' title='bbox 3382 3580 3554 3635; x_wconf 89' lang='lat' dir='ltr'><strong>Deum</strong></span> 
     </span>
    </p>
   </div>
   <div class='ocr_carea' id='block_1_36' title="bbox 257 3669 3559 3748">
    <p class='ocr_par' dir='ltr' id='par_1_36' title="bbox 257 3669 3559 3748">
     <span class='ocr_line' id='line_1_36' title="bbox 257 3669 3559 3748; baseline -0.004 -7"><span class='ocrx_word' id='word_1_517' title='bbox 257 3685 465 3744; x_wconf 85' lang='lat' dir='ltr'><strong>ascitus</strong></span> <span class='ocrx_word' id='word_1_518' title='bbox 503 3692 628 3739; x_wconf 90' lang='lat' dir='ltr'><strong>est:</strong></span> <span class='ocrx_word' id='word_1_519' title='bbox 661 3694 857 3737; x_wconf 90' lang='lat' dir='ltr'><strong>verum</strong></span> <span class='ocrx_word' id='word_1_520' title='bbox 898 3692 1053 3732; x_wconf 88' lang='lat' dir='ltr'><strong>arma</strong></span> <span class='ocrx_word' id='word_1_521' title='bbox 1080 3677 1231 3733; x_wconf 90' lang='lat' dir='ltr'><strong>omni</strong></span> <span class='ocrx_word' id='word_1_522' title='bbox 1262 3692 1331 3733; x_wconf 89' lang='lat' dir='ltr'><strong>ex</strong></span> <span class='ocrx_word' id='word_1_523' title='bbox 1360 3684 1513 3747; x_wconf 90' lang='lat' dir='ltr'><strong>parte</strong></span> <span class='ocrx_word' id='word_1_524' title='bbox 1553 3684 1748 3748; x_wconf 88' lang='lat' dir='ltr'><strong>gestat,</strong></span> <span class='ocrx_word' id='word_1_525' title='bbox 1782 3674 1851 3730; x_wconf 92' lang='lat' dir='ltr'><strong>ad</strong></span> <span class='ocrx_word' id='word_1_526' title='bbox 1954 3677 2234 3741; x_wconf 82' lang='lat' dir='ltr'><strong>rogasset,</strong></span> <span class='ocrx_word' id='word_1_527' title='bbox 2276 3669 2502 3741; x_wconf 81' lang='lat' dir='ltr'><strong>angelus</strong></span> <span class='ocrx_word' id='word_1_528' title='bbox 2535 3670 2587 3726; x_wconf 90' lang='lat' dir='ltr'><strong>ei</strong></span> <span class='ocrx_word' id='word_1_529' title='bbox 2618 3686 2889 3741; x_wconf 89' lang='lat' dir='ltr'><strong>apparens</strong></span> <span class='ocrx_word' id='word_1_530' title='bbox 2926 3670 2980 3726; x_wconf 92' lang='lat' dir='ltr'><strong>in</strong></span> <span class='ocrx_word' id='word_1_531' title='bbox 3025 3669 3273 3737; x_wconf 90' lang='lat' dir='ltr'><strong>visione,</strong></span> <span class='ocrx_word' id='word_1_532' title='bbox 3304 3671 3463 3743; x_wconf 86' lang='lat' dir='ltr'><strong>jubet</strong></span> <span class='ocrx_word' id='word_1_533' title='bbox 3495 3683 3559 3728; x_wconf 89' lang='lat' dir='ltr'><strong>ut</strong></span> 
     </span>
    </p>
   </div>
   <div class='ocr_carea' id='block_1_37' title="bbox 258 3764 3555 3843">
    <p class='ocr_par' dir='ltr' id='par_1_37' title="bbox 258 3764 3555 3843">
     <span class='ocr_line' id='line_1_37' title="bbox 258 3764 3555 3843; baseline -0.003 -9"><span class='ocrx_word' id='word_1_534' title='bbox 258 3777 315 3834; x_wconf 91' lang='lat' dir='ltr'><strong>id</strong></span> <span class='ocrx_word' id='word_1_535' title='bbox 347 3783 631 3833; x_wconf 89' lang='lat' dir='ltr'><strong>certamen</strong></span> <span class='ocrx_word' id='word_1_536' title='bbox 659 3812 674 3839; x_wconf 91' lang='lat'><strong>,</strong></span> <span class='ocrx_word' id='word_1_537' title='bbox 718 3770 867 3843; x_wconf 89' lang='lat' dir='ltr'><strong>quod</strong></span> <span class='ocrx_word' id='word_1_538' title='bbox 913 3769 1137 3826; x_wconf 90' lang='lat' dir='ltr'><strong>tribuno</strong></span> <span class='ocrx_word' id='word_1_539' title='bbox 1178 3766 1404 3823; x_wconf 88' lang='lat' dir='ltr'><strong>militari</strong></span> <span class='ocrx_word' id='word_1_540' title='bbox 1442 3765 1743 3839; x_wconf 88' lang='lat' dir='ltr'><strong>placuerit,</strong></span> <span class='ocrx_word' id='word_1_541' title='bbox 1792 3781 1851 3822; x_wconf 90' lang='lat' dir='ltr'><strong>se</strong></span> <span class='ocrx_word' id='word_1_542' title='bbox 1953 3764 2135 3837; x_wconf 84' lang='lat' dir='ltr'><strong>magni</strong></span> <span class='ocrx_word' id='word_1_543' title='bbox 2169 3764 2316 3821; x_wconf 87' lang='lat' dir='ltr'><strong>illius</strong></span> <span class='ocrx_word' id='word_1_544' title='bbox 2356 3764 2485 3838; x_wconf 83' lang='lat' dir='ltr'><strong>Cyri</strong></span> <span class='ocrx_word' id='word_1_545' title='bbox 2517 3775 2577 3823; x_wconf 87' lang='lat' dir='ltr'><strong>et</strong></span> <span class='ocrx_word' id='word_1_546' title='bbox 2624 3765 2793 3822; x_wconf 81' lang='lat' dir='ltr'><strong>Marci</strong></span> <span class='ocrx_word' id='word_1_547' title='bbox 2833 3768 3183 3839; x_wconf 61' lang='lat' dir='ltr'><strong>evangelista</strong></span> <span class='ocrx_word' id='word_1_548' title='bbox 3216 3768 3466 3838; x_wconf 71' lang='lat' dir='ltr'><strong>reliquire</strong></span> <span class='ocrx_word' id='word_1_549' title='bbox 3500 3768 3555 3825; x_wconf 86' lang='lat' dir='ltr'><strong>in</strong></span> 
     </span>
    </p>
   </div>
   <div class='ocr_carea' id='block_1_38' title="bbox 258 3854 3558 3942">
    <p class='ocr_par' dir='ltr' id='par_1_38' title="bbox 258 3854 3558 3942">
     <span class='ocr_line' id='line_1_38' title="bbox 258 3854 3558 3942; baseline -0.004 -15"><span class='ocrx_word' id='word_1_550' title='bbox 258 3882 601 3942; x_wconf 89' lang='lat' dir='ltr'><strong>comparans.</strong></span> <span class='ocrx_word' id='word_1_551' title='bbox 640 3885 661 3916; x_wconf 71' lang='grc' dir='ltr'>δ</span> <span class='ocrx_word' id='word_1_552' title='bbox 703 3865 826 3920; x_wconf 73' lang='lat' dir='ltr'><strong>Haec</strong></span> <span class='ocrx_word' id='word_1_553' title='bbox 854 3862 922 3918; x_wconf 91' lang='lat' dir='ltr'><strong>de</strong></span> <span class='ocrx_word' id='word_1_554' title='bbox 942 3861 1296 3918; x_wconf 89' lang='lat' dir='ltr'><strong>monachatu.</strong></span> <span class='ocrx_word' id='word_1_555' title='bbox 1325 3859 1417 3917; x_wconf 32' lang='lat' dir='ltr'><strong>Adi</strong></span> <span class='ocrx_word' id='word_1_556' title='bbox 1447 3859 1686 3917; x_wconf 89' lang='lat' dir='ltr'><strong>certiora</strong></span> <span class='ocrx_word' id='word_1_557' title='bbox 1718 3874 1850 3931; x_wconf 89' lang='lat' dir='ltr'><strong>pro-</strong></span> <span class='ocrx_word' id='word_1_558' title='bbox 1954 3856 2060 3912; x_wconf 92' lang='lat' dir='ltr'><strong>hoc</strong></span> <span class='ocrx_word' id='word_1_559' title='bbox 2080 3855 2201 3911; x_wconf 91' lang='lat' dir='ltr'><strong>vico</strong></span> <span class='ocrx_word' id='word_1_560' title='bbox 2218 3863 2641 3926; x_wconf 87' lang='lat' dir='ltr'><strong>reponerentur.</strong></span> <span class='ocrx_word' id='word_1_561' title='bbox 2678 3854 2770 3911; x_wconf 87' lang='lat' dir='ltr'><strong>Sic</strong></span> <span class='ocrx_word' id='word_1_562' title='bbox 2796 3856 2943 3912; x_wconf 89' lang='lat' dir='ltr'><strong>enim</strong></span> <span class='ocrx_word' id='word_1_563' title='bbox 2974 3856 3090 3912; x_wconf 91' lang='lat' dir='ltr'><strong>fore</strong></span> <span class='ocrx_word' id='word_1_564' title='bbox 3114 3865 3225 3911; x_wconf 89' lang='lat' dir='ltr'><strong>uta</strong></span> <span class='ocrx_word' id='word_1_565' title='bbox 3247 3856 3558 3913; x_wconf 69' lang='lat' dir='ltr'><strong>dremonum</strong></span> 
     </span>
    </p>
   </div>
   <div class='ocr_carea' id='block_1_39' title="bbox 262 3947 3558 4035">
    <p class='ocr_par' dir='ltr' id='par_1_39' title="bbox 262 3947 3558 4035">
     <span class='ocr_line' id='line_1_39' title="bbox 262 3947 3558 4035; baseline -0.004 -17"><span class='ocrx_word' id='word_1_566' title='bbox 262 3976 540 4035; x_wconf 87' lang='lat' dir='ltr'><strong>peramus.</strong></span> <span class='ocrx_word' id='word_1_567' title='bbox 1296 4028 1303 4033; x_wconf 28' lang='grc'><strong><em>1</em></strong></span> <span class='ocrx_word' id='word_1_568' title='bbox 1954 3948 2590 4005; x_wconf 87' lang='lat' dir='ltr'><strong>nocumentoliberetur.</strong></span> <span class='ocrx_word' id='word_1_569' title='bbox 2609 3947 2718 4005; x_wconf 91' lang='lat' dir='ltr'><strong>Cur</strong></span> <span class='ocrx_word' id='word_1_570' title='bbox 2743 3957 2927 4005; x_wconf 85' lang='lat' dir='ltr'><strong>autem</strong></span> <span class='ocrx_word' id='word_1_571' title='bbox 2953 3964 3062 4004; x_wconf 90' lang='lat' dir='ltr'><strong>non</strong></span> <span class='ocrx_word' id='word_1_572' title='bbox 3092 3947 3317 4004; x_wconf 87' lang='lat' dir='ltr'><strong>Joannis</strong></span> <span class='ocrx_word' id='word_1_573' title='bbox 3339 3963 3558 4019; x_wconf 90' lang='lat' dir='ltr'><strong>quoque</strong></span> 
     </span>
    </p>
   </div>
   <div class='ocr_carea' id='block_1_40' title="bbox 1954 4039 3559 4113">
    <p class='ocr_par' dir='ltr' id='par_1_40' title="bbox 1954 4039 3559 4113">
     <span class='ocr_line' id='line_1_40' title="bbox 1954 4039 3559 4113; baseline 0.001 -18"><span class='ocrx_word' id='word_1_574' title='bbox 1954 4039 2182 4105; x_wconf 87' lang='lat' dir='ltr'><strong>dixerit,</strong></span> <span class='ocrx_word' id='word_1_575' title='bbox 2223 4040 2358 4097; x_wconf 90' lang='lat' dir='ltr'><strong>satis</strong></span> <span class='ocrx_word' id='word_1_576' title='bbox 2398 4040 2627 4112; x_wconf 89' lang='lat' dir='ltr'><strong>quidem</strong></span> <span class='ocrx_word' id='word_1_577' title='bbox 2671 4050 2953 4099; x_wconf 89' lang='lat' dir='ltr'><strong>ostensum</strong></span> <span class='ocrx_word' id='word_1_578' title='bbox 2987 4049 3073 4096; x_wconf 91' lang='lat' dir='ltr'><strong>est</strong></span> <span class='ocrx_word' id='word_1_579' title='bbox 3108 4056 3140 4095; x_wconf 91' lang='lat' dir='ltr'><strong>a</strong></span> <span class='ocrx_word' id='word_1_580' title='bbox 3186 4039 3429 4113; x_wconf 82' lang='lat' dir='ltr'><strong>Cyrillo:</strong></span> <span class='ocrx_word' id='word_1_581' title='bbox 3474 4050 3559 4096; x_wconf 91' lang='lat' dir='ltr'><strong>est</strong></span> 
     </span>
    </p>
   </div>
   <div class='ocr_carea' id='block_1_41' title="bbox 260 4108 3558 4203">
    <p class='ocr_par' dir='ltr' id='par_1_41' title="bbox 260 4108 3558 4203">
     <span class='ocr_line' id='line_1_41' title="bbox 260 4108 3558 4203; baseline -0 -14"><span class='ocrx_word' id='word_1_582' title='bbox 260 4118 290 4190; x_wconf 59' lang='grc' dir='ltr'>ᾗ</span> <span class='ocrx_word' id='word_1_583' title='bbox 348 4117 437 4173; x_wconf 65' lang='grc' dir='ltr'><strong>ιιι·</strong></span> <span class='ocrx_word' id='word_1_584' title='bbox 473 4115 846 4185; x_wconf 72' lang='grc' dir='ltr'><strong>ΕΡί⁸ε⁰Ρα⁴¹ί⁶’</strong></span> <span class='ocrx_word' id='word_1_585' title='bbox 896 4111 1173 4203; x_wconf 54' lang='grc' dir='ltr'><strong>ρξεξξῖξηεί</strong></span> <span class='ocrx_word' id='word_1_586' title='bbox 1226 4108 1534 4172; x_wconf 49' lang='lat' dir='ltr'><strong>Novam“,</strong></span> <span class='ocrx_word' id='word_1_587' title='bbox 1592 4108 1852 4162; x_wconf 62' lang='grc' dir='ltr'><strong>άωητοηία</strong></span> <span class='ocrx_word' id='word_1_588' title='bbox 1955 4143 2140 4189; x_wconf 80' lang='lat' dir='ltr'><strong>autem</strong></span> <span class='ocrx_word' id='word_1_589' title='bbox 2188 4108 2446 4189; x_wconf 79' lang='lat' dir='ltr'><strong>omnibus</strong></span> <span class='ocrx_word' id='word_1_590' title='bbox 2493 4147 2711 4202; x_wconf 92' lang='lat' dir='ltr'><strong>quoque</strong></span> <span class='ocrx_word' id='word_1_591' title='bbox 2749 4147 2849 4203; x_wconf 91' lang='lat' dir='ltr'><strong>per</strong></span> <span class='ocrx_word' id='word_1_592' title='bbox 2889 4147 2948 4188; x_wconf 87' lang='lat' dir='ltr'><strong>se</strong></span> <span class='ocrx_word' id='word_1_593' title='bbox 2993 4108 3368 4197; x_wconf 73' lang='lat' dir='ltr'><strong>manifesium,</strong></span> <span class='ocrx_word' id='word_1_594' title='bbox 3410 4131 3558 4203; x_wconf 91' lang='lat' dir='ltr'><strong>quod</strong></span> 
     </span>
    </p>
   </div>
   <div class='ocr_carea' id='block_1_42' title="bbox 931 4183 3558 4301">
    <p class='ocr_par' dir='ltr' id='par_1_42' title="bbox 931 4183 3558 4301">
     <span class='ocr_line' id='line_1_42' title="bbox 1957 4183 3557 4203; baseline 0 -16"><span class='ocrx_word' id='word_1_595' title='bbox 2194 4183 2442 4189; x_wconf 48' lang='grc' dir='ltr'><strong>ηψπ-</strong></span> <span class='ocrx_word' id='word_1_596' title='bbox 2499 4183 2707 4202; x_wconf 47' lang='grc' dir='ltr'><strong>τηγ-</strong></span> <span class='ocrx_word' id='word_1_597' title='bbox 2750 4183 2839 4203; x_wconf 62' lang='grc' dir='ltr'><strong>,η</strong></span> <span class='ocrx_word' id='word_1_598' title='bbox 2890 4183 2943 4188; x_wconf 77' lang='grc'><strong>--</strong></span> <span class='ocrx_word' id='word_1_599' title='bbox 3415 4183 3557 4203; x_wconf 51' lang='grc' dir='ltr'><strong>τη-</strong></span> 
     </span>
     <span class='ocr_line' id='line_1_43' title="bbox 931 4183 3558 4301; baseline -0 -22"><span class='ocrx_word' id='word_1_600' title='bbox 931 4183 1180 4253; x_wconf 47' lang='lat' dir='ltr'><strong>(ﬁngam</strong></span> <span class='ocrx_word' id='word_1_601' title='bbox 1955 4224 2179 4279; x_wconf 89' lang='lat' dir='ltr'><strong>nomine</strong></span> <span class='ocrx_word' id='word_1_602' title='bbox 2200 4222 2346 4294; x_wconf 81' lang='lat' dir='ltr'><strong>Cyri,</strong></span> <span class='ocrx_word' id='word_1_603' title='bbox 2381 4222 2608 4278; x_wconf 89' lang='lat' dir='ltr'><strong>omnino</strong></span> <span class='ocrx_word' id='word_1_604' title='bbox 2639 4221 2866 4279; x_wconf 84' lang='lat' dir='ltr'><strong>Joannis</strong></span> <span class='ocrx_word' id='word_1_605' title='bbox 2897 4236 3119 4301; x_wconf 83' lang='lat' dir='ltr'><strong>quoque</strong></span> <span class='ocrx_word' id='word_1_606' title='bbox 3163 4238 3364 4279; x_wconf 88' lang='lat' dir='ltr'><strong>nomen</strong></span> <span class='ocrx_word' id='word_1_607' title='bbox 3395 4222 3558 4278; x_wconf 89' lang='lat' dir='ltr'><strong>simul</strong></span> 
     </span>
    </p>
   </div>
   <div class='ocr_carea' id='block_1_43' title="bbox 333 4312 3555 4407">
    <p class='ocr_par' dir='ltr' id='par_1_43' title="bbox 333 4312 3555 4407">
     <span class='ocr_line' id='line_1_44' title="bbox 333 4312 3555 4407; baseline -0.003 -26"><span class='ocrx_word' id='word_1_608' title='bbox 333 4342 419 4396; x_wconf 65' lang='grc' dir='ltr'><strong>ιτ,</strong></span> <span class='ocrx_word' id='word_1_609' title='bbox 462 4340 717 4401; x_wconf 53' lang='lat' dir='ltr'><strong>Socrates</strong></span> <span class='ocrx_word' id='word_1_610' title='bbox 744 4338 782 4393; x_wconf 68' lang='grc' dir='ltr'><strong>ι,</strong></span> <span class='ocrx_word' id='word_1_611' title='bbox 813 4328 905 4403; x_wconf 59' lang='lat' dir='ltr'><strong>vn;</strong></span> <span class='ocrx_word' id='word_1_612' title='bbox 932 4350 982 4392; x_wconf 67' lang='grc' dir='ltr'><strong>ε,</strong></span> <span class='ocrx_word' id='word_1_613' title='bbox 1006 4338 1037 4391; x_wconf 84' lang='lat'><strong>7</strong></span> <span class='ocrx_word' id='word_1_614' title='bbox 1071 4335 1210 4407; x_wconf 58' lang='lat' dir='ltr'><strong>(sed,</strong></span> <span class='ocrx_word' id='word_1_615' title='bbox 1244 4333 1392 4404; x_wconf 72' lang='lat' dir='ltr'><strong>quod</strong></span> <span class='ocrx_word' id='word_1_616' title='bbox 1416 4331 1652 4405; x_wconf 56' lang='lat' dir='ltr'><strong>Cyl-mus</strong></span> <span class='ocrx_word' id='word_1_617' title='bbox 1673 4331 1851 4386; x_wconf 72' lang='grc' dir='ltr'><strong>εοηιί-</strong></span> <span class='ocrx_word' id='word_1_618' title='bbox 1955 4313 2286 4381; x_wconf 75' lang='lat' dir='ltr'><strong>ostenditur.</strong></span> <span class='ocrx_word' id='word_1_619' title='bbox 2311 4312 2470 4407; x_wconf 73' lang='lat' dir='ltr'><strong>Sicut</strong></span> <span class='ocrx_word' id='word_1_620' title='bbox 2482 4314 2637 4407; x_wconf 83' lang='lat' dir='ltr'><strong>enim</strong></span> <span class='ocrx_word' id='word_1_621' title='bbox 2657 4330 2839 4407; x_wconf 79' lang='lat' dir='ltr'><strong>mores</strong></span> <span class='ocrx_word' id='word_1_622' title='bbox 2864 4313 3092 4371; x_wconf 91' lang='lat' dir='ltr'><strong>fuerunt</strong></span> <span class='ocrx_word' id='word_1_623' title='bbox 3112 4314 3194 4407; x_wconf 89' lang='lat' dir='ltr'><strong>eis</strong></span> <span class='ocrx_word' id='word_1_624' title='bbox 3215 4330 3555 4382; x_wconf 89' lang='lat' dir='ltr'><strong>communes,</strong></span> 
     </span>
    </p>
   </div>
   <div class='ocr_carea' id='block_1_44' title="bbox 262 4405 3558 4489">
    <p class='ocr_par' dir='ltr' id='par_1_44' title="bbox 262 4405 3558 4489">
     <span class='ocr_line' id='line_1_45' title="bbox 262 4405 3558 4489; baseline -0.005 0"><span class='ocrx_word' id='word_1_625' title='bbox 262 4449 375 4489; x_wconf 90' lang='lat' dir='ltr'><strong>nuo</strong></span> <span class='ocrx_word' id='word_1_626' title='bbox 407 4431 475 4488; x_wconf 91' lang='lat' dir='ltr'><strong>ad</strong></span> <span class='ocrx_word' id='word_1_627' title='bbox 501 4445 657 4486; x_wconf 87' lang='lat' dir='ltr'><strong>suam</strong></span> <span class='ocrx_word' id='word_1_628' title='bbox 689 4428 990 4486; x_wconf 88' lang='lat' dir='ltr'><strong>Ecclesiam</strong></span> <span class='ocrx_word' id='word_1_629' title='bbox 1021 4443 1053 4482; x_wconf 90' lang='lat' dir='ltr'><strong>a</strong></span> <span class='ocrx_word' id='word_1_630' title='bbox 1082 4405 1515 4481; x_wconf 80' lang='lat' dir='ltr'><strong>Novatianorum</strong></span> <span class='ocrx_word' id='word_1_631' title='bbox 1539 4421 1738 4477; x_wconf 66' lang='lat' dir='ltr'><strong>haeresi</strong></span> <span class='ocrx_word' id='word_1_632' title='bbox 1763 4437 1852 4477; x_wconf 89' lang='lat' dir='ltr'><strong>rc-</strong></span> <span class='ocrx_word' id='word_1_633' title='bbox 1955 4415 2012 4462; x_wconf 76' lang='grc' dir='ltr'><strong>θῑ</strong></span> <span class='ocrx_word' id='word_1_634' title='bbox 2035 4420 2155 4476; x_wconf 72' lang='grc' dir='ltr'><strong>(ιιιτε</strong></span> <span class='ocrx_word' id='word_1_635' title='bbox 2185 4412 2410 4476; x_wconf 53' lang='lat' dir='ltr'><strong>Propter</strong></span> <span class='ocrx_word' id='word_1_636' title='bbox 2432 4405 2715 4462; x_wconf 66' lang='lat' dir='ltr'><strong>Chriswm</strong></span> <span class='ocrx_word' id='word_1_637' title='bbox 2759 4405 2900 4462; x_wconf 59' lang='lat' dir='ltr'><strong>fama</strong></span> <span class='ocrx_word' id='word_1_638' title='bbox 2924 4416 3010 4463; x_wconf 77' lang='grc' dir='ltr'><strong>θεῐ</strong></span> <span class='ocrx_word' id='word_1_639' title='bbox 3036 4406 3315 4464; x_wconf 55' lang='lat' dir='ltr'><strong>confessi0</strong></span> <span class='ocrx_word' id='word_1_640' title='bbox 3341 4417 3398 4464; x_wconf 78' lang='grc' dir='ltr'>ει</span> <span class='ocrx_word' id='word_1_641' title='bbox 3421 4424 3558 4464; x_wconf 76' lang='lat' dir='ltr'><strong>00n-</strong></span> 
     </span>
    </p>
   </div>
   <div class='ocr_carea' id='block_1_45' title="bbox 264 4495 3560 4597">
    <p class='ocr_par' dir='ltr' id='par_1_45' title="bbox 264 4495 3560 4597">
     <span class='ocr_line' id='line_1_46' title="bbox 264 4495 3560 4597; baseline -0.01 -16"><span class='ocrx_word' id='word_1_642' title='bbox 264 4523 599 4597; x_wconf 84' lang='lat' dir='ltr'><strong>purgandam</strong></span> <span class='ocrx_word' id='word_1_643' title='bbox 627 4520 877 4577; x_wconf 88' lang='lat' dir='ltr'><strong>animum</strong></span> <span class='ocrx_word' id='word_1_644' title='bbox 907 4518 1129 4589; x_wconf 88' lang='lat' dir='ltr'><strong>adjecit,</strong></span> <span class='ocrx_word' id='word_1_645' title='bbox 1155 4515 1496 4580; x_wconf 89' lang='lat' dir='ltr'><strong>subinfense,</strong></span> <span class='ocrx_word' id='word_1_646' title='bbox 1540 4520 1691 4569; x_wconf 89' lang='lat' dir='ltr'><strong>secta</strong></span> <span class='ocrx_word' id='word_1_647' title='bbox 1738 4512 1854 4584; x_wconf 90' lang='lat' dir='ltr'><strong>ipse</strong></span> <span class='ocrx_word' id='word_1_648' title='bbox 1961 4495 2278 4597; x_wconf 61' lang='grc' dir='ltr'><strong>εξιῐιηηίξξίον</strong></span> <span class='ocrx_word' id='word_1_649' title='bbox 2308 4495 2385 4597; x_wconf 47' lang='lat' dir='ltr'><strong>ii?</strong></span> <span class='ocrx_word' id='word_1_650' title='bbox 2421 4496 2590 4597; x_wconf 54' lang='lat' dir='ltr'><strong>eiiam</strong></span> <span class='ocrx_word' id='word_1_651' title='bbox 2620 4495 3207 4597; x_wconf 46' lang='lat' dir='ltr'><strong>Simplexcstomnino</strong></span> <span class='ocrx_word' id='word_1_652' title='bbox 3237 4498 3477 4597; x_wconf 74' lang='lat' dir='ltr'><strong>vocatio,</strong></span> <span class='ocrx_word' id='word_1_653' title='bbox 3504 4508 3560 4553; x_wconf 89' lang='lat' dir='ltr'><strong>et</strong></span> 
     </span>
    </p>
   </div>
   <div class='ocr_carea' id='block_1_46' title="bbox 261 4586 3561 4686">
    <p class='ocr_par' dir='ltr' id='par_1_46' title="bbox 261 4586 3561 4686">
     <span class='ocr_line' id='line_1_47' title="bbox 261 4586 3561 4686; baseline -0 -40"><span class='ocrx_word' id='word_1_654' title='bbox 261 4586 643 4686; x_wconf 51' lang='grc' dir='ltr'><strong>ᾖονξηίθηηε),</strong></span> <span class='ocrx_word' id='word_1_655' title='bbox 679 4614 754 4669; x_wconf 58' lang='grc' dir='ltr'>ξω</span> <span class='ocrx_word' id='word_1_656' title='bbox 791 4586 991 4669; x_wconf 40' lang='lat' dir='ltr'><strong>scrib“</strong></span> <span class='ocrx_word' id='word_1_657' title='bbox 1019 4629 1032 4664; x_wconf 61' lang='grc' dir='ltr'>ε</span> <span class='ocrx_word' id='word_1_658' title='bbox 1078 4628 1097 4661; x_wconf 64' lang='grc' dir='ltr'>ι</span> <span class='ocrx_word' id='word_1_659' title='bbox 1135 4607 1473 4678; x_wconf 68' lang='lat' dir='ltr'><strong>Theophilus</strong></span> <span class='ocrx_word' id='word_1_660' title='bbox 1513 4605 1855 4662; x_wconf 58' lang='lat' dir='ltr'><strong>Alexandria,</strong></span> <span class='ocrx_word' id='word_1_661' title='bbox 1885 4608 1932 4668; x_wconf 78' lang='grc' dir='ltr'>υ</span> <span class='ocrx_word' id='word_1_662' title='bbox 1960 4588 2095 4644; x_wconf 90' lang='lat' dir='ltr'><strong>citra</strong></span> <span class='ocrx_word' id='word_1_663' title='bbox 2122 4587 2294 4643; x_wconf 91' lang='lat' dir='ltr'><strong>ullum</strong></span> <span class='ocrx_word' id='word_1_664' title='bbox 2315 4587 2631 4644; x_wconf 90' lang='lat' dir='ltr'><strong>discrimen.</strong></span> <span class='ocrx_word' id='word_1_665' title='bbox 2667 4588 2814 4686; x_wconf 69' lang='lat' dir='ltr'><strong>llinc</strong></span> <span class='ocrx_word' id='word_1_666' title='bbox 2858 4586 2916 4643; x_wconf 91' lang='lat' dir='ltr'><strong>in</strong></span> <span class='ocrx_word' id='word_1_667' title='bbox 2955 4588 3215 4645; x_wconf 79' lang='lat' dir='ltr'><strong>Mauuthe</strong></span> <span class='ocrx_word' id='word_1_668' title='bbox 3255 4588 3561 4663; x_wconf 74' lang='lat' dir='ltr'><strong>martyricae</strong></span> 
     </span>
    </p>
   </div>
   <div class='ocr_carea' id='block_1_47' title="bbox 262 4679 1851 4781">
    <p class='ocr_par' dir='ltr' id='par_1_47' title="bbox 262 4679 1851 4781">
     <span class='ocr_line' id='line_1_48' title="bbox 262 4679 1851 4781; baseline -0.009 -15"><span class='ocrx_word' id='word_1_669' title='bbox 262 4708 554 4781; x_wconf 90' lang='lat' dir='ltr'><strong>cpiscopus</strong></span> <span class='ocrx_word' id='word_1_670' title='bbox 572 4679 943 4763; x_wconf 88' lang='lat' dir='ltr'><strong>veternum</strong></span> <span class='ocrx_word' id='word_1_671' title='bbox 970 4700 1230 4771; x_wconf 90' lang='lat' dir='ltr'><strong>delapsus</strong></span> <span class='ocrx_word' id='word_1_672' title='bbox 1259 4698 1397 4755; x_wconf 90' lang='lat' dir='ltr'><strong>abiit</strong></span> <span class='ocrx_word' id='word_1_673' title='bbox 1417 4713 1449 4755; x_wconf 93' lang='lat' dir='ltr'><strong>e</strong></span> <span class='ocrx_word' id='word_1_674' title='bbox 1489 4697 1624 4764; x_wconf 86' lang='lat' dir='ltr'><strong>vita,</strong></span> <span class='ocrx_word' id='word_1_675' title='bbox 1655 4697 1724 4753; x_wconf 91' lang='lat' dir='ltr'><strong>ad</strong></span> <span class='ocrx_word' id='word_1_676' title='bbox 1750 4713 1851 4752; x_wconf 92' lang='lat' dir='ltr'><strong>no-</strong></span> 
     </span>
    </p>
   </div>
   <div class='ocr_carea' id='block_1_48' title="bbox 1968 4679 3557 4781">
    <p class='ocr_par' dir='ltr' id='par_1_48' title="bbox 1968 4679 3557 4752">
     <span class='ocr_line' id='line_1_49' title="bbox 1968 4679 3557 4752; baseline 0 -17"><span class='ocrx_word' id='word_1_677' title='bbox 1968 4695 2150 4736; x_wconf 59' lang='lat' dir='ltr'><strong>torum</strong></span> <span class='ocrx_word' id='word_1_678' title='bbox 2198 4680 2469 4752; x_wconf 59' lang='lat' dir='ltr'><strong>reliquias,</strong></span> <span class='ocrx_word' id='word_1_679' title='bbox 2512 4679 2776 4737; x_wconf 89' lang='lat' dir='ltr'><strong>vicesimo</strong></span> <span class='ocrx_word' id='word_1_680' title='bbox 2820 4690 2878 4737; x_wconf 93' lang='lat' dir='ltr'><strong>et</strong></span> <span class='ocrx_word' id='word_1_681' title='bbox 2906 4690 3101 4737; x_wconf 90' lang='lat' dir='ltr'><strong>octavo</strong></span> <span class='ocrx_word' id='word_1_682' title='bbox 3141 4682 3348 4737; x_wconf 89' lang='lat' dir='ltr'><strong>mensis</strong></span> <span class='ocrx_word' id='word_1_683' title='bbox 3385 4681 3557 4748; x_wconf 91' lang='lat' dir='ltr'><strong>Junii,</strong></span> 
     </span>
    </p>
   </div>
   <div class='ocr_carea' id='block_1_49' title="bbox 262 4772 1851 4860">
    <p class='ocr_par' dir='ltr' id='par_1_49' title="bbox 262 4772 1851 4860">
     <span class='ocr_line' id='line_1_50' title="bbox 262 4772 1851 4860; baseline -0.008 -5"><span class='ocrx_word' id='word_1_684' title='bbox 262 4772 395 4855; x_wconf 74' lang='lat' dir='ltr'><strong>num</strong></span> <span class='ocrx_word' id='word_1_685' title='bbox 423 4772 767 4854; x_wconf 73' lang='lat' dir='ltr'><strong>consulatum</strong></span> <span class='ocrx_word' id='word_1_686' title='bbox 789 4791 1039 4858; x_wconf 78' lang='lat' dir='ltr'><strong>Honorii,</strong></span> <span class='ocrx_word' id='word_1_687' title='bbox 1066 4789 1362 4847; x_wconf 90' lang='lat' dir='ltr'><strong>Theodosii</strong></span> <span class='ocrx_word' id='word_1_688' title='bbox 1385 4797 1567 4846; x_wconf 88' lang='lat' dir='ltr'><strong>autem</strong></span> <span class='ocrx_word' id='word_1_689' title='bbox 1600 4788 1851 4860; x_wconf 88' lang='lat' dir='ltr'><strong>quintum</strong></span> 
     </span>
    </p>
   </div>
   <div class='ocr_carea' id='block_1_50' title="bbox 1969 4772 3558 4860">
    <p class='ocr_par' dir='ltr' id='par_1_50' title="bbox 1969 4772 3558 4843">
     <span class='ocr_line' id='line_1_51' title="bbox 1969 4772 3558 4843; baseline 0.002 -16"><span class='ocrx_word' id='word_1_690' title='bbox 1969 4772 2215 4843; x_wconf 71' lang='lat' dir='ltr'><strong>prteclare</strong></span> <span class='ocrx_word' id='word_1_691' title='bbox 2259 4772 2422 4828; x_wconf 91' lang='lat' dir='ltr'><strong>simul</strong></span> <span class='ocrx_word' id='word_1_692' title='bbox 2464 4779 2523 4829; x_wconf 91' lang='lat' dir='ltr'><strong>et</strong></span> <span class='ocrx_word' id='word_1_693' title='bbox 2562 4781 2910 4830; x_wconf 87' lang='lat' dir='ltr'><strong>sacrosancte</strong></span> <span class='ocrx_word' id='word_1_694' title='bbox 2959 4772 3393 4840; x_wconf 88' lang='lat' dir='ltr'><strong>transferuntur,</strong></span> <span class='ocrx_word' id='word_1_695' title='bbox 3452 4775 3558 4831; x_wconf 90' lang='lat' dir='ltr'><strong>vici</strong></span> 
     </span>
    </p>
   </div>
   <div class='ocr_carea' id='block_1_51' title="bbox 263 4863 3562 4957">
    <p class='ocr_par' dir='ltr' id='par_1_51' title="bbox 263 4863 3562 4957">
     <span class='ocr_line' id='line_1_52' title="bbox 263 4863 3562 4957; baseline -0.005 -16"><span class='ocrx_word' id='word_1_696' title='bbox 263 4909 331 4948; x_wconf 74' lang='lat' dir='ltr'><strong>xv</strong></span> <span class='ocrx_word' id='word_1_697' title='bbox 352 4890 472 4947; x_wconf 85' lang='lat' dir='ltr'><strong>Oct.</strong></span> <span class='ocrx_word' id='word_1_698' title='bbox 510 4888 593 4944; x_wconf 89' lang='lat' dir='ltr'><strong>Ibi</strong></span> <span class='ocrx_word' id='word_1_699' title='bbox 616 4895 731 4943; x_wconf 91' lang='lat' dir='ltr'><strong>tum</strong></span> <span class='ocrx_word' id='word_1_700' title='bbox 763 4886 831 4942; x_wconf 90' lang='lat' dir='ltr'><strong>de</strong></span> <span class='ocrx_word' id='word_1_701' title='bbox 870 4885 1131 4957; x_wconf 89' lang='lat' dir='ltr'><strong>episcopo</strong></span> <span class='ocrx_word' id='word_1_702' title='bbox 1161 4881 1452 4954; x_wconf 90' lang='lat' dir='ltr'><strong>deligendo</strong></span> <span class='ocrx_word' id='word_1_703' title='bbox 1473 4890 1593 4937; x_wconf 78' lang='lat' dir='ltr'><strong>orta</strong></span> <span class='ocrx_word' id='word_1_704' title='bbox 1618 4891 1705 4937; x_wconf 58' lang='lat' dir='ltr'><strong>est</strong></span> <span class='ocrx_word' id='word_1_705' title='bbox 1724 4896 1857 4936; x_wconf 79' lang='grc' dir='ltr'><strong><em>οοη-</em></strong></span> <span class='ocrx_word' id='word_1_706' title='bbox 1957 4863 2233 4928; x_wconf 89' lang='lat' dir='ltr'><strong>custodia,</strong></span> <span class='ocrx_word' id='word_1_707' title='bbox 2273 4864 2583 4920; x_wconf 64' lang='lat' dir='ltr'><strong>daemonum</strong></span> <span class='ocrx_word' id='word_1_708' title='bbox 2638 4863 2785 4936; x_wconf 91' lang='lat' dir='ltr'><strong>fuga,</strong></span> <span class='ocrx_word' id='word_1_709' title='bbox 2835 4879 2869 4920; x_wconf 90' lang='lat' dir='ltr'><strong>a</strong></span> <span class='ocrx_word' id='word_1_710' title='bbox 2915 4865 3125 4921; x_wconf 90' lang='lat' dir='ltr'><strong>morbis</strong></span> <span class='ocrx_word' id='word_1_711' title='bbox 3170 4865 3450 4932; x_wconf 87' lang='lat' dir='ltr'><strong>liberatio,</strong></span> <span class='ocrx_word' id='word_1_712' title='bbox 3503 4877 3562 4924; x_wconf 88' lang='lat' dir='ltr'><strong>et</strong></span> 
     </span>
    </p>
   </div>
   <div class='ocr_carea' id='block_1_52' title="bbox 264 4957 3561 5044">
    <p class='ocr_par' dir='ltr' id='par_1_52' title="bbox 264 4957 3561 5044">
     <span class='ocr_line' id='line_1_53' title="bbox 264 4957 3561 5044; baseline -0.005 -2"><span class='ocrx_word' id='word_1_713' title='bbox 264 4984 552 5044; x_wconf 86' lang='lat' dir='ltr'><strong>troversia.</strong></span> <span class='ocrx_word' id='word_1_714' title='bbox 585 4980 692 5038; x_wconf 90' lang='lat' dir='ltr'><strong>Alii</strong></span> <span class='ocrx_word' id='word_1_715' title='bbox 710 4981 859 5037; x_wconf 91' lang='lat' dir='ltr'><strong>enim</strong></span> <span class='ocrx_word' id='word_1_716' title='bbox 892 4978 1242 5034; x_wconf 90' lang='lat' dir='ltr'><strong>Timotheum</strong></span> <span class='ocrx_word' id='word_1_717' title='bbox 1262 4973 1736 5039; x_wconf 89' lang='lat' dir='ltr'><strong>archidiacouum,</strong></span> <span class='ocrx_word' id='word_1_718' title='bbox 1764 4973 1857 5028; x_wconf 92' lang='lat' dir='ltr'><strong>alii</strong></span> <span class='ocrx_word' id='word_1_719' title='bbox 1957 4974 2106 5014; x_wconf 78' lang='grc' dir='ltr'><strong>ηυηο</strong></span> <span class='ocrx_word' id='word_1_720' title='bbox 2129 4957 2284 5014; x_wconf 58' lang='lat' dir='ltr'><strong>locus</strong></span> <span class='ocrx_word' id='word_1_721' title='bbox 2302 4966 2389 5012; x_wconf 73' lang='grc' dir='ltr'><strong>εει</strong></span> <span class='ocrx_word' id='word_1_722' title='bbox 2410 4957 2523 5012; x_wconf 73' lang='lat' dir='ltr'><strong>Deo</strong></span> <span class='ocrx_word' id='word_1_723' title='bbox 2547 4965 2924 5022; x_wconf 59' lang='lat' dir='ltr'><strong>consecratus.</strong></span> <span class='ocrx_word' id='word_1_724' title='bbox 2946 4958 3201 5029; x_wconf 68' lang='lat' dir='ltr'><strong>illiusque</strong></span> <span class='ocrx_word' id='word_1_725' title='bbox 3225 4959 3561 5032; x_wconf 74' lang='lat' dir='ltr'><strong>martyribus</strong></span> 
     </span>
    </p>
   </div>
   <div class='ocr_carea' id='block_1_53' title="bbox 263 5048 1852 5153">
    <p class='ocr_par' dir='ltr' id='par_1_53' title="bbox 263 5066 1852 5153">
     <span class='ocr_line' id='line_1_54' title="bbox 263 5066 1852 5153; baseline -0.011 -16"><span class='ocrx_word' id='word_1_726' title='bbox 263 5078 530 5153; x_wconf 88' lang='lat' dir='ltr'><strong>Cyrillum</strong></span> <span class='ocrx_word' id='word_1_727' title='bbox 557 5074 730 5131; x_wconf 86' lang='lat' dir='ltr'><strong>ﬁlium</strong></span> <span class='ocrx_word' id='word_1_728' title='bbox 757 5072 944 5129; x_wconf 82' lang='lat' dir='ltr'><strong>fratris</strong></span> <span class='ocrx_word' id='word_1_729' title='bbox 980 5068 1295 5143; x_wconf 89' lang='lat' dir='ltr'><strong>Theophili,</strong></span> <span class='ocrx_word' id='word_1_730' title='bbox 1320 5068 1389 5124; x_wconf 89' lang='lat' dir='ltr'><strong>ad</strong></span> <span class='ocrx_word' id='word_1_731' title='bbox 1418 5068 1769 5138; x_wconf 89' lang='lat' dir='ltr'><strong>episcopatus</strong></span> <span class='ocrx_word' id='word_1_732' title='bbox 1796 5066 1852 5121; x_wconf 89' lang='lat' dir='ltr'><strong>il-</strong></span> 
     </span>
    </p>
   </div>
   <div class='ocr_carea' id='block_1_54' title="bbox 1967 5048 3556 5153">
    <p class='ocr_par' dir='ltr' id='par_1_54' title="bbox 1967 5048 3556 5120">
     <span class='ocr_line' id='line_1_55' title="bbox 1967 5048 3556 5120; baseline -0.001 -14"><span class='ocrx_word' id='word_1_733' title='bbox 1967 5062 2013 5108; x_wconf 72' lang='lat' dir='ltr'><strong>rt</strong></span> <span class='ocrx_word' id='word_1_734' title='bbox 2054 5049 2420 5114; x_wconf 88' lang='lat' dir='ltr'><strong>administris,</strong></span> <span class='ocrx_word' id='word_1_735' title='bbox 2461 5048 2636 5120; x_wconf 82' lang='lat' dir='ltr'><strong>gratia</strong></span> <span class='ocrx_word' id='word_1_736' title='bbox 2674 5057 2736 5103; x_wconf 76' lang='lat' dir='ltr'><strong>et</strong></span> <span class='ocrx_word' id='word_1_737' title='bbox 2777 5049 3069 5105; x_wconf 88' lang='lat' dir='ltr'><strong>clementia</strong></span> <span class='ocrx_word' id='word_1_738' title='bbox 3127 5050 3343 5105; x_wconf 91' lang='lat' dir='ltr'><strong>Domini</strong></span> <span class='ocrx_word' id='word_1_739' title='bbox 3387 5051 3556 5105; x_wconf 86' lang='lat' dir='ltr'><strong>nostri</strong></span> 
     </span>
    </p>
   </div>
   <div class='ocr_carea' id='block_1_55' title="bbox 262 5137 3554 5231">
    <p class='ocr_par' dir='ltr' id='par_1_55' title="bbox 262 5137 3554 5231">
     <span class='ocr_line' id='line_1_56' title="bbox 262 5137 3554 5231; baseline -0.007 -13"><span class='ocrx_word' id='word_1_740' title='bbox 262 5137 374 5231; x_wconf 55' lang='grc' dir='ltr'><strong>Ῑίίιε</strong></span> <span class='ocrx_word' id='word_1_741' title='bbox 399 5172 585 5230; x_wconf 71' lang='lat' dir='ltr'><strong>sedem</strong></span> <span class='ocrx_word' id='word_1_742' title='bbox 613 5168 815 5225; x_wconf 62' lang='grc' dir='ltr'><strong>εποντο</strong></span> <span class='ocrx_word' id='word_1_743' title='bbox 848 5137 1189 5221; x_wconf 32' lang='lat' dir='ltr'><strong>laborarunt,</strong></span> <span class='ocrx_word' id='word_1_744' title='bbox 1222 5162 1339 5231; x_wconf 72' lang='lat' dir='ltr'><strong>Qua</strong></span> <span class='ocrx_word' id='word_1_745' title='bbox 1374 5137 1526 5217; x_wconf 11' lang='lat' dir='ltr'><strong>deire</strong></span> <span class='ocrx_word' id='word_1_746' title='bbox 1550 5137 1674 5216; x_wconf 54' lang='lat' dir='ltr'><strong>cuin</strong></span> <span class='ocrx_word' id='word_1_747' title='bbox 1701 5174 1730 5213; x_wconf 68' lang='grc' dir='ltr'><strong>ει</strong></span> <span class='ocrx_word' id='word_1_748' title='bbox 1758 5175 1857 5230; x_wconf 76' lang='grc' dir='ltr'><strong>ρο..</strong></span> <span class='ocrx_word' id='word_1_749' title='bbox 1956 5142 2083 5198; x_wconf 86' lang='lat' dir='ltr'><strong>Jesu</strong></span> <span class='ocrx_word' id='word_1_750' title='bbox 2108 5139 2339 5231; x_wconf 69' lang='lat' dir='ltr'><strong>Christi.</strong></span> <span class='ocrx_word' id='word_1_751' title='bbox 2420 5137 2690 5231; x_wconf 69' lang='lat' dir='ltr'><strong>Duronius</strong></span> <span class='ocrx_word' id='word_1_752' title='bbox 2717 5138 2835 5231; x_wconf 67' lang='lat' dir='ltr'><strong>haec</strong></span> <span class='ocrx_word' id='word_1_753' title='bbox 2863 5149 2984 5196; x_wconf 86' lang='lat' dir='ltr'><strong>acta</strong></span> <span class='ocrx_word' id='word_1_754' title='bbox 3011 5138 3179 5231; x_wconf 86' lang='lat' dir='ltr'><strong>refert</strong></span> <span class='ocrx_word' id='word_1_755' title='bbox 3204 5140 3272 5195; x_wconf 90' lang='lat' dir='ltr'><strong>ad</strong></span> <span class='ocrx_word' id='word_1_756' title='bbox 3308 5156 3398 5194; x_wconf 90' lang='lat' dir='ltr'><strong>an.</strong></span> <span class='ocrx_word' id='word_1_757' title='bbox 3424 5140 3554 5196; x_wconf 89' lang='lat' dir='ltr'><strong>Chr.</strong></span> 
     </span>
    </p>
   </div>
   <div class='ocr_carea' id='block_1_56' title="bbox 264 5228 3559 5335">
    <p class='ocr_par' dir='ltr' id='par_1_56' title="bbox 264 5228 3559 5335">
     <span class='ocr_line' id='line_1_57' title="bbox 264 5228 3559 5335; baseline -0.009 -15"><span class='ocrx_word' id='word_1_758' title='bbox 264 5228 680 5335; x_wconf 70' lang='lat' dir='ltr'><strong>pulocertatum</strong></span> <span class='ocrx_word' id='word_1_759' title='bbox 703 5265 872 5324; x_wconf 88' lang='lat' dir='ltr'><strong>esset,</strong></span> <span class='ocrx_word' id='word_1_760' title='bbox 890 5270 1204 5328; x_wconf 86' lang='lat' dir='ltr'><strong>quanquam</strong></span> <span class='ocrx_word' id='word_1_761' title='bbox 1226 5228 1655 5323; x_wconf 70' lang='lat' dir='ltr'><strong>Abudaciusial.</strong></span> <span class='ocrx_word' id='word_1_762' title='bbox 1675 5228 1864 5305; x_wconf 84' lang='lat' dir='ltr'><strong>Abuu—</strong></span> <span class='ocrx_word' id='word_1_763' title='bbox 1958 5233 2084 5335; x_wconf 51' lang='lat'><strong>4”:</strong></span> <span class='ocrx_word' id='word_1_764' title='bbox 2109 5246 2272 5335; x_wconf 40' lang='grc' dir='ltr'><strong>ηυιηοί</strong></span> <span class='ocrx_word' id='word_1_765' title='bbox 2315 5228 2529 5335; x_wconf 33' lang='lat' dir='ltr'><strong>eos?!“</strong></span> <span class='ocrx_word' id='word_1_766' title='bbox 2569 5230 2836 5301; x_wconf 62' lang='lat' dir='ltr'><strong>templum</strong></span> <span class='ocrx_word' id='word_1_767' title='bbox 3287 5248 3397 5286; x_wconf 87' lang='lat' dir='ltr'><strong>non</strong></span> <span class='ocrx_word' id='word_1_768' title='bbox 3443 5231 3559 5334; x_wconf 56' lang='lat' dir='ltr'><strong>Ma-</strong></span> 
     </span>
    </p>
   </div>
   <div class='ocr_carea' id='block_1_57' title="bbox 242 5322 1831 5427">
    <p class='ocr_par' dir='ltr' id='par_1_57' title="bbox 242 5322 1825 5427">
     <span class='ocr_line' id='line_1_58' title="bbox 242 5322 1825 5427; baseline -0.009 -17"><span class='ocrx_word' id='word_1_769' title='bbox 242 5322 509 5427; x_wconf 73' lang='lat' dir='ltr'><strong>‘dantius]</strong></span> <span class='ocrx_word' id='word_1_770' title='bbox 528 5322 992 5426; x_wconf 72' lang='lat' dir='ltr'><strong>pmsidiariorum</strong></span> <span class='ocrx_word' id='word_1_771' title='bbox 1023 5322 1262 5404; x_wconf 79' lang='lat' dir='ltr'><strong>militum</strong></span> <span class='ocrx_word' id='word_1_772' title='bbox 1289 5322 1582 5416; x_wconf 75' lang='lat' dir='ltr'><strong>praefectus</strong></span> <span class='ocrx_word' id='word_1_773' title='bbox 1611 5342 1825 5413; x_wconf 89' lang='lat' dir='ltr'><strong>partibu</strong></span> 
     </span>
    </p>
   </div>
   <div class='ocr_carea' id='block_1_58' title="bbox 1967 5322 3556 5427">
    <p class='ocr_par' dir='ltr' id='par_1_58' title="bbox 1967 5322 3556 5395">
     <span class='ocr_line' id='line_1_59' title="bbox 1967 5322 3556 5395; baseline 0 -18"><span class='ocrx_word' id='word_1_774' title='bbox 1967 5324 2166 5389; x_wconf 79' lang='lat' dir='ltr'><strong>nuthae,</strong></span> <span class='ocrx_word' id='word_1_775' title='bbox 2202 5322 2278 5378; x_wconf 88' lang='lat' dir='ltr'><strong>ait</strong></span> <span class='ocrx_word' id='word_1_776' title='bbox 2310 5322 2612 5387; x_wconf 85' lang='lat' dir='ltr'><strong>exstitisse,</strong></span> <span class='ocrx_word' id='word_1_777' title='bbox 2650 5337 2762 5378; x_wconf 91' lang='lat' dir='ltr'><strong>non</strong></span> <span class='ocrx_word' id='word_1_778' title='bbox 2806 5322 2943 5378; x_wconf 90' lang='lat' dir='ltr'><strong>satis</strong></span> <span class='ocrx_word' id='word_1_779' title='bbox 2970 5322 3120 5378; x_wconf 85' lang='lat' dir='ltr'><strong>Actis</strong></span> <span class='ocrx_word' id='word_1_780' title='bbox 3139 5323 3225 5378; x_wconf 86' lang='lat' dir='ltr'><strong>his</strong></span> <span class='ocrx_word' id='word_1_781' title='bbox 3251 5322 3556 5395; x_wconf 90' lang='lat' dir='ltr'><strong>perpensis,</strong></span> 
     </span>
    </p>
   </div>
   <div class='ocr_carea' id='block_1_59' title="bbox 269 5412 3060 5509">
    <p class='ocr_par' dir='ltr' id='par_1_59' title="bbox 269 5412 3060 5509">
     <span class='ocr_line' id='line_1_60' title="bbox 269 5412 3060 5509; baseline -0.006 -8"><span class='ocrx_word' id='word_1_782' title='bbox 269 5412 548 5502; x_wconf 72' lang='lat' dir='ltr'><strong>Timothei</strong></span> <span class='ocrx_word' id='word_1_783' title='bbox 570 5442 818 5503; x_wconf 88' lang='lat' dir='ltr'><strong>subsidio</strong></span> <span class='ocrx_word' id='word_1_784' title='bbox 857 5442 982 5509; x_wconf 86' lang='lat' dir='ltr'><strong>fuit,</strong></span> <span class='ocrx_word' id='word_1_785' title='bbox 1026 5450 1209 5497; x_wconf 88' lang='lat' dir='ltr'><strong>tamen</strong></span> <span class='ocrx_word' id='word_1_786' title='bbox 1250 5412 1435 5494; x_wconf 72' lang='lat' dir='ltr'><strong>triduo</strong></span> <span class='ocrx_word' id='word_1_787' title='bbox 1472 5445 1597 5509; x_wconf 85' lang='lat' dir='ltr'><strong>post</strong></span> <span class='ocrx_word' id='word_1_788' title='bbox 1618 5412 1860 5491; x_wconf 87' lang='lat' dir='ltr'><strong>mortem</strong></span> <span class='ocrx_word' id='word_1_789' title='bbox 1961 5431 2083 5486; x_wconf 67' lang='grc' dir='ltr'><strong>(ῐυω</strong></span> <span class='ocrx_word' id='word_1_790' title='bbox 2105 5414 2502 5471; x_wconf 67' lang='grc' dir='ltr'><strong>ί¹¹ιιεῑτ³δί¹ηι¹ε</strong></span> <span class='ocrx_word' id='word_1_791' title='bbox 2530 5412 2602 5469; x_wconf 65' lang='lat' dir='ltr'><strong>ad</strong></span> <span class='ocrx_word' id='word_1_792' title='bbox 2639 5430 2763 5469; x_wconf 58' lang='grc' dir='ltr'>ιλιι</span> <span class='ocrx_word' id='word_1_793' title='bbox 2792 5414 3060 5470; x_wconf 66' lang='lat' dir='ltr'><strong>Januarii-</strong></span> 
     </span>
    </p>
   </div>
   <div class='ocr_carea' id='block_1_60' title="bbox 250 5518 3173 5627">
    <p class='ocr_par' dir='ltr' id='par_1_60' title="bbox 250 5518 3173 5627">
     <span class='ocr_line' id='line_1_61' title="bbox 250 5518 3173 5627; baseline 0.005 -38"><span class='ocrx_word' id='word_1_794' title='bbox 250 5518 559 5606; x_wconf 66' lang='lat' dir='ltr'><strong>&#39;Theophili</strong></span> <span class='ocrx_word' id='word_1_795' title='bbox 580 5531 819 5607; x_wconf 87' lang='lat' dir='ltr'><strong>Cyrillus</strong></span> <span class='ocrx_word' id='word_1_796' title='bbox 858 5534 913 5589; x_wconf 93' lang='lat' dir='ltr'><strong>in</strong></span> <span class='ocrx_word' id='word_1_797' title='bbox 946 5533 1078 5590; x_wconf 87' lang='lat' dir='ltr'><strong>sede</strong></span> <span class='ocrx_word' id='word_1_798' title='bbox 1106 5529 1403 5627; x_wconf 82' lang='lat' dir='ltr'><strong>episcopali</strong></span> <span class='ocrx_word' id='word_1_799' title='bbox 1423 5528 1720 5627; x_wconf 79' lang='lat' dir='ltr'><strong>collocatus</strong></span> <span class='ocrx_word' id='word_1_800' title='bbox 1740 5526 1862 5597; x_wconf 86' lang='lat' dir='ltr'><strong>epi-</strong></span> <span class='ocrx_word' id='word_1_801' title='bbox 2320 5568 2458 5627; x_wconf 50' lang='grc' dir='ltr'><strong>δη⁸</strong></span> <span class='ocrx_word' id='word_1_802' title='bbox 2480 5570 2659 5626; x_wconf 50' lang='lat' dir='ltr'><strong>“dm.</strong></span> <span class='ocrx_word' id='word_1_803' title='bbox 2676 5570 3011 5627; x_wconf 51' lang='lat' dir='ltr'><strong>Alexandria</strong></span> <span class='ocrx_word' id='word_1_804' title='bbox 3035 5570 3173 5627; x_wconf 57' lang='lat' dir='ltr'><strong>md“-</strong></span> 
     </span>
    </p>
   </div>
   <div class='ocr_carea' id='block_1_61' title="bbox 268 5568 1857 5699">
    <p class='ocr_par' dir='ltr' id='par_1_61' title="bbox 268 5568 1857 5699">
     <span class='ocr_line' id='line_1_62' title="bbox 279 5568 1826 5607; baseline -0.008 -15"><span class='ocrx_word' id='word_1_805' title='bbox 279 5568 303 5592; x_wconf 75' lang='grc' dir='ltr'><strong>Ι</strong></span> <span class='ocrx_word' id='word_1_806' title='bbox 319 5568 559 5606; x_wconf 66' lang='grc' dir='ltr'><strong>υῦυγυυι</strong></span> <span class='ocrx_word' id='word_1_807' title='bbox 581 5568 680 5607; x_wconf 64' lang='grc' dir='ltr'><strong>υιι</strong></span> <span class='ocrx_word' id='word_1_808' title='bbox 694 5568 819 5591; x_wconf 71' lang='grc' dir='ltr'>ιιιιιθ</span> <span class='ocrx_word' id='word_1_809' title='bbox 858 5568 913 5589; x_wconf 90' lang='grc'><strong>111</strong></span> <span class='ocrx_word' id='word_1_810' title='bbox 946 5568 1078 5590; x_wconf 67' lang='grc' dir='ltr'><strong>πυῡ</strong></span> <span class='ocrx_word' id='word_1_811' title='bbox 1106 5568 1403 5604; x_wconf 64' lang='grc' dir='ltr'><strong>ιγιδνυιηιιι</strong></span> <span class='ocrx_word' id='word_1_812' title='bbox 1423 5568 1720 5585; x_wconf 64' lang='grc' dir='ltr'><strong>νυιινυυιυυσ</strong></span> <span class='ocrx_word' id='word_1_813' title='bbox 1740 5568 1826 5597; x_wconf 62' lang='grc' dir='ltr'><strong>ιγ.</strong></span> 
     </span>
     <span class='ocr_line' id='line_1_63' title="bbox 268 5621 1857 5699; baseline -0.008 -13"><span class='ocrx_word' id='word_1_814' title='bbox 268 5636 494 5699; x_wconf 87' lang='lat' dir='ltr'><strong>scopatu</strong></span> <span class='ocrx_word' id='word_1_815' title='bbox 512 5626 720 5698; x_wconf 88' lang='lat' dir='ltr'><strong>potitus</strong></span> <span class='ocrx_word' id='word_1_816' title='bbox 738 5635 855 5681; x_wconf 88' lang='lat' dir='ltr'><strong>est:</strong></span> <span class='ocrx_word' id='word_1_817' title='bbox 878 5627 1252 5698; x_wconf 84' lang='lat' dir='ltr'><strong>maioremque</strong></span> <span class='ocrx_word' id='word_1_818' title='bbox 1277 5621 1667 5694; x_wconf 87' lang='lat' dir='ltr'><strong>principatum,</strong></span> <span class='ocrx_word' id='word_1_819' title='bbox 1695 5635 1857 5691; x_wconf 92' lang='lat' dir='ltr'><strong>quam</strong></span> 
     </span>
    </p>
   </div>
   <div class='ocr_carea' id='block_1_62' title="bbox 1601 5568 3190 5699">
    <p class='ocr_par' dir='ltr' id='par_1_62' title="bbox 1601 5568 3190 5691">
     <span class='ocr_line' id='line_1_64' title="bbox 1601 5568 3190 5642; baseline 0.021 -51"><span class='ocrx_word' id='word_1_820' title='bbox 1601 5568 1720 5583; x_wconf 71' lang='grc' dir='ltr'><strong>ι-η-ιι</strong></span> <span class='ocrx_word' id='word_1_821' title='bbox 1740 5568 1826 5597; x_wconf 72' lang='grc' dir='ltr'><strong>ιιι·</strong></span> <span class='ocrx_word' id='word_1_822' title='bbox 2320 5568 2348 5642; x_wconf 81' lang='lat'><strong>§</strong></span> <span class='ocrx_word' id='word_1_823' title='bbox 2370 5571 2458 5626; x_wconf 83' lang='lat' dir='ltr'><strong>IV.</strong></span> <span class='ocrx_word' id='word_1_824' title='bbox 2480 5570 2659 5626; x_wconf 76' lang='lat' dir='ltr'><strong>Judm&#39;</strong></span> <span class='ocrx_word' id='word_1_825' title='bbox 2676 5570 3011 5627; x_wconf 69' lang='lat' dir='ltr'><strong>Alexandria</strong></span> <span class='ocrx_word' id='word_1_826' title='bbox 3034 5570 3190 5641; x_wconf 70' lang='lat' dir='ltr'><strong>pulsi.</strong></span> 
     </span>
     <span class='ocr_line' id='line_1_65' title="bbox 1601 5635 1861 5691; baseline 0.008 -18"><span class='ocrx_word' id='word_1_827' title='bbox 1601 5636 1667 5685; x_wconf 90' lang='lat' dir='ltr'><strong>m,</strong></span> <span class='ocrx_word' id='word_1_828' title='bbox 1695 5635 1861 5691; x_wconf 90' lang='lat' dir='ltr'><strong>quam</strong></span> 
     </span>
    </p>
   </div>
   <div class='ocr_carea' id='block_1_63' title="bbox 269 5705 3556 5791">
    <p class='ocr_par' dir='ltr' id='par_1_63' title="bbox 269 5705 3556 5791">
     <span class='ocr_line' id='line_1_66' title="bbox 269 5705 3556 5791; baseline -0.004 -16"><span class='ocrx_word' id='word_1_829' title='bbox 269 5733 511 5791; x_wconf 86' lang='lat' dir='ltr'><strong>unquam</strong></span> <span class='ocrx_word' id='word_1_830' title='bbox 545 5715 885 5786; x_wconf 89' lang='lat' dir='ltr'><strong>Theophilus</strong></span> <span class='ocrx_word' id='word_1_831' title='bbox 913 5715 1219 5780; x_wconf 88' lang='lat' dir='ltr'><strong>habuisset,</strong></span> <span class='ocrx_word' id='word_1_832' title='bbox 1258 5711 1465 5784; x_wconf 87' lang='lat' dir='ltr'><strong>pariter</strong></span> <span class='ocrx_word' id='word_1_833' title='bbox 1505 5709 1610 5766; x_wconf 91' lang='lat' dir='ltr'><strong>sibi</strong></span> <span class='ocrx_word' id='word_1_834' title='bbox 1648 5725 1863 5766; x_wconf 90' lang='lat' dir='ltr'><strong>assum-</strong></span> <span class='ocrx_word' id='word_1_835' title='bbox 2036 5706 2120 5761; x_wconf 79' lang='lat' dir='ltr'><strong>l9.</strong></span> <span class='ocrx_word' id='word_1_836' title='bbox 2149 5705 2518 5762; x_wconf 86' lang='lat' dir='ltr'><strong>Socrateslib.</strong></span> <span class='ocrx_word' id='word_1_837' title='bbox 2552 5722 2646 5772; x_wconf 85' lang='lat' dir='ltr'><strong>vn,</strong></span> <span class='ocrx_word' id='word_1_838' title='bbox 2680 5722 2800 5778; x_wconf 92' lang='lat' dir='ltr'><strong>cap.</strong></span> <span class='ocrx_word' id='word_1_839' title='bbox 2845 5706 2930 5773; x_wconf 81' lang='lat' dir='ltr'><strong>l5,</strong></span> <span class='ocrx_word' id='word_1_840' title='bbox 2972 5726 2992 5759; x_wconf 70' lang='grc' dir='ltr'>ί</span> <span class='ocrx_word' id='word_1_841' title='bbox 3030 5707 3225 5763; x_wconf 90' lang='lat' dir='ltr'><strong>eodem</strong></span> <span class='ocrx_word' id='word_1_842' title='bbox 3259 5717 3505 5780; x_wconf 82' lang='lat' dir='ltr'><strong>tempore</strong></span> <span class='ocrx_word' id='word_1_843' title='bbox 3535 5735 3556 5762; x_wconf 77' lang='grc' dir='ltr'><strong>ν</strong></span> 
     </span>
    </p>
   </div>
   <div class='ocr_carea' id='block_1_64' title="bbox 270 5797 3565 5886">
    <p class='ocr_par' dir='ltr' id='par_1_64' title="bbox 270 5797 3565 5886">
     <span class='ocr_line' id='line_1_67' title="bbox 270 5797 3565 5886; baseline -0.005 -16"><span class='ocrx_word' id='word_1_844' title='bbox 270 5815 397 5886; x_wconf 87' lang='lat' dir='ltr'><strong>psit.</strong></span> <span class='ocrx_word' id='word_1_845' title='bbox 417 5810 640 5869; x_wconf 75' lang='lat' dir='ltr'><strong>Etenim</strong></span> <span class='ocrx_word' id='word_1_846' title='bbox 658 5824 726 5865; x_wconf 87' lang='lat' dir='ltr'><strong>ex</strong></span> <span class='ocrx_word' id='word_1_847' title='bbox 747 5808 1104 5876; x_wconf 79' lang='lat' dir='ltr'><strong>illotempore</strong></span> <span class='ocrx_word' id='word_1_848' title='bbox 1124 5805 1419 5875; x_wconf 88' lang='lat' dir='ltr'><strong>episcopus</strong></span> <span class='ocrx_word' id='word_1_849' title='bbox 1439 5801 1860 5865; x_wconf 84' lang='lat' dir='ltr'><strong>Alexandrinus,</strong></span> <span class='ocrx_word' id='word_1_850' title='bbox 1963 5801 2148 5871; x_wconf 88' lang='lat' dir='ltr'><strong>pulsos</strong></span> <span class='ocrx_word' id='word_1_851' title='bbox 2197 5799 2527 5855; x_wconf 85' lang='lat' dir='ltr'><strong>Alexandria</strong></span> <span class='ocrx_word' id='word_1_852' title='bbox 2577 5814 2608 5853; x_wconf 90' lang='lat' dir='ltr'><strong>a</strong></span> <span class='ocrx_word' id='word_1_853' title='bbox 2651 5797 2855 5870; x_wconf 84' lang='lat' dir='ltr'><strong>Cyrillo</strong></span> <span class='ocrx_word' id='word_1_854' title='bbox 2906 5799 3127 5857; x_wconf 66' lang='lat' dir='ltr'><strong>Judaeos</strong></span> <span class='ocrx_word' id='word_1_855' title='bbox 3180 5802 3393 5868; x_wconf 90' lang='lat' dir='ltr'><strong>scribit,</strong></span> <span class='ocrx_word' id='word_1_856' title='bbox 3455 5815 3565 5873; x_wconf 90' lang='lat' dir='ltr'><strong>quo</strong></span> 
     </span>
    </p>
   </div>
   <div class='ocr_carea' id='block_1_65' title="bbox 270 5892 3563 5979">
    <p class='ocr_par' dir='ltr' id='par_1_65' title="bbox 270 5892 3563 5979">
     <span class='ocr_line' id='line_1_68' title="bbox 270 5892 3563 5979; baseline -0.004 -17"><span class='ocrx_word' id='word_1_857' title='bbox 270 5914 469 5979; x_wconf 58' lang='lat' dir='ltr'><strong>prater</strong></span> <span class='ocrx_word' id='word_1_858' title='bbox 487 5902 630 5961; x_wconf 84' lang='lat' dir='ltr'><strong>sacri</strong></span> <span class='ocrx_word' id='word_1_859' title='bbox 661 5899 795 5960; x_wconf 82' lang='lat' dir='ltr'><strong>cieri</strong></span> <span class='ocrx_word' id='word_1_860' title='bbox 817 5898 1178 5965; x_wconf 85' lang='lat' dir='ltr'><strong>dominatum,</strong></span> <span class='ocrx_word' id='word_1_861' title='bbox 1200 5911 1387 5954; x_wconf 88' lang='lat' dir='ltr'><strong>rerum</strong></span> <span class='ocrx_word' id='word_1_862' title='bbox 1410 5904 1673 5966; x_wconf 59' lang='lat' dir='ltr'><strong>praeterea</strong></span> <span class='ocrx_word' id='word_1_863' title='bbox 1692 5908 1861 5949; x_wconf 78' lang='lat' dir='ltr'><strong>saecu-</strong></span> <span class='ocrx_word' id='word_1_864' title='bbox 1962 5892 2341 5968; x_wconf 75' lang='lat' dir='ltr'><strong>Chrysanthus</strong></span> <span class='ocrx_word' id='word_1_865' title='bbox 2364 5892 2657 5965; x_wconf 88' lang='lat' dir='ltr'><strong>episcopus</strong></span> <span class='ocrx_word' id='word_1_866' title='bbox 2676 5893 3109 5951; x_wconf 88' lang='lat' dir='ltr'><strong>Novatianorum</strong></span> <span class='ocrx_word' id='word_1_867' title='bbox 3135 5909 3249 5950; x_wconf 69' lang='lat' dir='ltr'><strong>sua</strong></span> <span class='ocrx_word' id='word_1_868' title='bbox 3278 5905 3438 5952; x_wconf 74' lang='lat' dir='ltr'><strong>secta:</strong></span> <span class='ocrx_word' id='word_1_869' title='bbox 3458 5893 3563 5951; x_wconf 81' lang='lat' dir='ltr'><strong>Ec-</strong></span> 
     </span>
    </p>
   </div>
   <div class='ocr_carea' id='block_1_66' title="bbox 3969 5239 3985 5826">
    <p class='ocr_par' dir='ltr' id='par_1_66' title="bbox 3972 5592 3975 5771">
     <span class='ocr_line' id='line_1_69' title="bbox 3974 5592 3975 5663; baseline 0 0"><span class='ocrx_word' id='word_1_870' title='bbox 3974 5592 3975 5663; x_wconf 62' lang='grc' dir='ltr'>ι</span> 
     </span>
     <span class='ocr_line' id='line_1_70' title="bbox 3972 5698 3973 5771; baseline 0 0"><span class='ocrx_word' id='word_1_871' title='bbox 3972 5698 3973 5771; x_wconf 62' lang='grc' dir='ltr'>ι</span> 
     </span>
    </p>
   </div>
  </div>
