4024 6220
529 293 595 347 17

1886 300 1942 354 S.
1977 300 2252 355 (ῖγιυιω
2291 301 2470 357 VITA.

3631 257 3813 351 ‘rs

522 405 744 462 clesiam
773 403 1247 476 Constantinopoli
1289 406 1727 473 administrabat,
1755 410 1822 465 de
1849 427 1959 480 quo
1991 427 2113 482 cap.
2148 418 2188 473 Α
2219 413 2288 468 ab
2312 413 2566 469 incendio
2587 413 2843 469 liberent.
2873 413 3012 470 Tum
3041 416 3214 473 Judzei
3248 417 3498 487 protinus
3521 417 3723 486 impetu
3752 417 3806 469 in

523 494 594 547 12
639 499 847 563 egerat.
878 491 1111 549 Creatus
1151 495 1197 550 is
1230 506 1351 550 erat
1389 512 1479 551 an.
1527 497 1664 553 Chr.
1701 499 1824 564 “‘2,
1869 511 2120 558 mortuus
2221 505 2562 562 Christianos
2599 504 2762 569 facto,
2807 521 2902 562 eos
2941 507 3238 562 trucidant.
3279 508 3457 577 Atque
3503 515 3564 561 ut
3601 521 3630 558 a
3670 510 3803 567 suis,

522 585 775 666 Monaxio
805 593 862 639 et
887 585 1070 640 Plinta
1110 601 1284 652 coss.,
1327 604 1418 642 an.
1461 588 1592 644 Chr.
1631 591 1756 646 M9.
1791 610 1808 643 σ
1844 593 2050 648 Eodem
2094 613 2110 644 ι

522 692 654 748 ergo
687 696 706 727 ς
742 683 1007 746 tempore,
1048 697 1066 729 ι
1099 677 1275 748 inquit
1300 679 1574 747 Socrates,
1608 702 1626 733 ι
1653 682 1966 739 Iudaeorum
1986 701 2119 755 gens

521 785 552 820 a
575 766 779 837 Cyrillo
797 767 1060 838 episcopo
1086 769 1418 826 Alexandria
1438 771 1580 828 hanc
1601 773 1673 829 ob
1697 789 1916 830 causam
1945 776 2118 845 ejecta

517 867 622 912 est.
659 857 904 926 Populus
925 859 1335 916 Alexandrinus
1357 871 1555 932 praeter
1579 873 1808 920 caeteros
1829 865 2116 920 seditioni-

517 949 624 1003 bus
649 947 962 1003 delectatur
998 968 1010 1002 :
1046 951 1103 1005 in
1135 952 1358 1021 quibus,
1395 953 1440 1008 si
1469 955 1690 1037 quandp
1721 955 1794 1011 sit
1823 957 2004 1012 oblata
2049 959 2116 1013 il-

516 1041 693 1094 larum
719 1040 1138 1097 conflandarum
1167 1044 1406 1110 occasio,
1438 1046 1645 1101 scelera
1676 1046 1918 1102 eduntur
1947 1064 2118 1119 prope

518 1132 888 1186 intolerabilia
920 1151 938 1187 ι
961 1134 1166 1204 quippe
1185 1134 1306 1190 sine
1335 1137 1600 1208 sanguine
1619 1154 1900 1210 nunquam
1929 1140 2116 1210 populi

520 1223 1018 1293 impetussedatur.
1051 1225 1108 1280 Id
1136 1227 1400 1296 temporis
1419 1229 1713 1295 tumultus,
1735 1245 1844 1284 non
1863 1230 1932 1285 de
1951 1246 2114 1286 causa

518 1317 698 1386 aliqua
729 1317 1064 1382 necessaria,
1096 1317 1192 1373 sed
1215 1317 1282 1374 de
1308 1320 1489 1375 studio
1520 1321 1810 1377 saltatores
1832 1319 2113 1392 spectandi

521 1409 694 1478 (quod
739 1409 944 1464 malum
989 1425 1090 1480 per
1134 1424 1327 1466 omnes
1362 1410 1616 1466 civitates
1655 1411 1847 1482 serpit)
1897 1412 1954 1466 in
1996 1411 2113 1482 ipsa

519 1499 874 1555 multitudine
898 1500 1039 1554 forte
1069 1500 1338 1556 ciebatur.
1363 1501 1499 1556 Nam
1521 1501 1611 1558 die
1649 1501 1876 1557 Sabbati
1921 1503 2114 1574 ingens

521 1591 678 1646 turba
705 1591 772 1646 ad
794 1592 1091 1662 quemdam
1117 1594 1430 1649 saltatorem
1451 1594 2110 1665 spectandum-conﬂuxit.

522 1680 591 1734 Et
620 1681 878 1749 quoniam
905 1679 1100 1746 Judaei,
1140 1681 1236 1751 qui
1271 1682 1363 1737 illo
1393 1682 1483 1738 die
1525 1682 1815 1747 feriantur,
1855 1700 1964 1739 non
2007 1685 2112 1756 legi

2220 595 2436 650 annalis
2467 595 2877 661 demonstratis,
2911 611 3104 652 manus
3135 597 3518 662 abstinebant;
3545 597 3624 651 sic
3645 596 3806 650 Chri-

2219 687 2442 752 stianos,
2470 688 2564 757 qui
2605 688 2738 758 ipsis
2762 687 2901 744 forte
2933 688 3148 744 obviam
3182 690 3308 745 facti
3351 698 3529 753 erant,
3563 703 3594 744 e
3625 687 3806 742 medio

2221 779 2504 835 tollebant.

2281 871 2367 925 2‘2.
2383 891 2408 923 «η
2432 871 2536 927 Ubi
2563 881 2746 928 autem
2768 871 2946 927 illuxit
2967 872 3105 938 dies,
3127 873 3350 928 sceleris
3367 881 3618 927 auctores
3638 871 3804 925 mini-

2217 981 2303 1020 me
2338 966 2558 1020 obscuri
2591 975 2646 1021 et
2669 965 2930 1036 incogniti
2955 965 3199 1021 fuerunt.
3224 964 3339 1032 Qua
3377 965 3444 1018 de
3483 981 3540 1018 re
3570 963 3805 1034 Cyrillus

2215 1057 2454 1127 graviter
2471 1065 2797 1122 commotus,
2823 1073 2946 1112 cum
2971 1057 3175 1127 ingenti
3199 1073 3362 1112 manu
3397 1056 3464 1110 ad
3490 1056 3800 1111 Jddteorum

2216 1165 2513 1221 synagogas
2540 1149 2640 1219 (sic
2669 1149 2816 1204 enim
2854 1165 3045 1204 eorum
3088 1148 3286 1219 templa
3327 1146 3612 1215 vocantur)
3655 1157 3802 1200 recta

2215 1243 2396 1312 pergit
2429 1259 2442 1295 :
2483 1250 2540 1298 et
2568 1257 2636 1296 ex
2658 1242 2861 1298 Judaeis
2886 1242 3182 1296 nonnullos
3228 1242 3348 1297 neci
3377 1242 3506 1305 dat;
3543 1240 3679 1294 alios
3705 1257 3801 1294 cx-

2215 1333 2421 1402 pellite
2458 1334 2698 1395 civitate,
2733 1349 3035 1404 eorumque
3083 1333 3332 1407 fortunas
3375 1349 3406 1387 a
3449 1331 3802 1386 multitudine

2215 1423 2380 1496 diripi
2403 1427 2688 1496 permittit.
2712 1427 2898 1496 Itaque
2920 1426 3114 1491 Judaei,
3151 1425 3244 1495 qui
3277 1440 3450 1495 usque
3474 1425 3542 1479 ab
3567 1424 3802 1478 Alexan-

2214 1517 2300 1572 dri
2333 1518 2642 1575 Macedonis
2670 1519 3006 1588 temporibus
3031 1518 3177 1572 illam
3211 1517 3403 1572 urbem
3439 1516 3799 1576 incoluerant,

2216 1617 2331 1662 tum
2363 1609 2605 1663 universi
2639 1608 2765 1663 inde
2803 1608 2984 1678 ejecti,
3030 1608 3122 1661 alii
3165 1608 3220 1662 in
3258 1608 3361 1662 alia
3405 1593 3796 1676 loca'.dispersi

2216 1699 2490 1753 vixerunt.
2529 1697 2888 1752 Adamantius
2933 1713 3000 1751 ex
3046 1713 3276 1751 numero
3318 1696 3654 1757 Judaaorum,
3708 1694 3803 1762 qui

523 1771 832 1836 audienda,
859 1773 952 1826 sed
979 1773 1310 1843 spectaculis
1345 1782 1402 1829 et
1424 1773 1570 1829 ludis
1596 1775 1832 1830 scenicis
1861 1784 2111 1830 contem-

2223 1789 2546 1845 medicinam
2569 1788 2819 1852 docebat,
2851 1787 3374 1856 Constantinopolim
3407 1786 3704 1855 profectus,
3729 1759 3804 1837 ad

527 1864 740 1934 plaudis
766 1873 903 1920 totos
924 1881 1043 1920 sese
1074 1861 1386 1931 dedebant,
1419 1866 1542 1921 dies
1572 1867 1662 1922 ille
1686 1867 1874 1936 populi
1913 1866 2110 1923 factio-

525 1957 689 2012 nibus
735 1956 876 2012 inter
915 1975 974 2012 se
1015 1967 1210 2013 mutuo
1247 1957 1547 2013 dimicandi
1573 1973 1740 2014 causa
1769 1959 1996 2014 exstitit.
2033 1959 2112 2015 Ac

519 2064 830 2119 quanquam
871 2049 1057 2122 populi
1092 2049 1372 2105 discordia
1409 2066 1441 2104 a
1480 2049 1738 2121 przefecto
1767 2050 2110 2107 Alexandria;

519 2150 798 2212 utcunque
828 2150 944 2196 tum
968 2142 1157 2197 sedata
1185 2142 1308 2208 fuit,
1331 2142 1691 2198 nihilominus
1725 2151 1904 2198 tamen
1928 2144 2104 2200 Judaei

516 2233 675 2287 alteri
696 2233 884 2302 populi
909 2233 1134 2288 factioni
1160 2233 1462 2289 adversarii
1481 2248 1602 2288 esse
1625 2248 1736 2287 non
1756 2232 2106 2288 destiterunt.

514 2325 691 2394 Atque
712 2324 928 2392 tametsi
947 2323 1120 2379 Judaai
1144 2322 1475 2379 Christianis
1495 2333 1652 2379 erant
1669 2337 1884 2394 semper
1904 2323 2108 2389 infesti,

517 2423 630 2467 tum
669 2423 850 2469 tamen
890 2422 1114 2486 propter
1153 2416 1462 2480 saltatores,
1495 2416 1670 2472 multo
1711 2414 1768 2469 in
1796 2430 1894 2471 eos
1930 2415 2110 2472 infen-

515 2506 690 2560 siores
727 2506 857 2561 facti
891 2516 1023 2564 sunt

589 2599 678 2651 20.
721 2617 740 2650 ι
777 2599 971 2669 Itaque
1009 2614 1134 2654 cum
1171 2598 1395 2655 Orestes
1429 2598 1722 2671 praefectus
1767 2596 2110 2654 Alexandria:

518 2691 789 2745 πολιτείαν
824 2690 925 2761 (sic
945 2691 1095 2745 enim
1118 2689 1336 2760 publica
1367 2687 1608 2759 praefecti
1632 2687 1813 2744 edicta
1835 2687 2110 2758 appellant

516 2781 894 2850 Alexandrini)
926 2781 981 2835 in
1030 2781 1243 2836 theatro
1274 2779 1684 2851 proponendam
1717 2788 1955 2844 curaret,
2009 2779 2108 2834 ad-

516 2883 681 2927 erant
707 2874 873 2927 etiam
897 2872 1088 2945 Cyrilli
1124 2873 1365 2944 episcopi
1411 2872 1730 2937 necessarii,
1763 2880 1825 2926 ut
1867 2871 2044 2926 edicta
2075 2886 2112 2926 a

518 2965 774 3034 prchecto
794 2966 1071 3036 publicata
1097 2965 1526 3030 considerarent,
1551 2965 1696 3019 inter
1715 2977 1854 3033 quos
1884 2972 2004 3018 erat
2024 2964 2108 3016 vir

520 3057 740 3112 nomine
773 3057 994 3124 llicrax,
1023 3056 1332 3112 humilioris
1355 3057 1679 3112 litteratum
1702 3056 1980 3127 magister,
2011 3055 2106 3126 qui

519 3151 917 3206 attentissimus
937 3150 1156 3206 auditor
1182 3150 1424 3221 episcopi
1449 3149 1638 3222 Cyrilli
1664 3148 1789 3213 fuit,
1818 3156 1875 3203 et
1898 3148 1954 3202 in
1976 3163 2110 3204 con-

519 3241 773 3295 cinnibus
802 3242 930 3312 ejus
965 3241 1218 3311 plausum
1257 3239 1676 3310 diligentissime
1711 3239 1954 3294 excitare
1979 3253 2113 3294 eon-

519 3332 899 3386 snevit..llunc
930 3331 1098 3403 igitur
1127 3331 1414 3406 Ilieracem
1445 3340 1506 3385 ut
1528 3331 1766 3401 primum
1800 3329 2115 3387 ludaorum

522 3423 819 3477 multitudo
847 3423 904 3477 in
929 3423 1146 3477 theatro
1170 3421 1482 3490 conspicata
1510 3429 1616 3486 est,
1651 3421 1931 3491 extemplo
1961 3420 2114 3476 voci-

521 3513 690 3567 ferari
723 3513 913 3584 cmpit,
940 3528 1070 3568 eum
1099 3511 1170 3568 ob
1201 3512 1408 3567 nullam
1439 3513 1601 3566 aliam
1623 3527 1842 3568 causam
1867 3513 1938 3569 ad
1959 3514 2114 3571 thea-

522 3617 670 3662 trum
709 3607 1040 3672 accessisse,
1079 3621 1244 3677 quam
1285 3613 1349 3660 ut
1375 3606 1638 3676 populum
1677 3606 1746 3661 ad
1788 3606 2115 3664 seditionem

521 3702 844 3758 concitaret.
895 3701 1124 3757 Orestes.
1155 3708 1362 3764 autem,
1413 3699 1518 3754 etsi
1566 3707 1693 3755 ante
1723 3697 2114 3771 episcoporum

501 3793 768 3863 ‘potcstas
809 3793 888 3847 illi
929 3793 1069 3848 odio
1101 3800 1395 3862 propterea
1439 3790 1639 3856 fuerat,
1687 3791 1836 3862 quod
1877 3809 1978 3863 per
2019 3810 2117 3849 eos

523 3885 774 3940 nonnihil
797 3884 866 3940 de
889 3884 1212 3959 auctoritate
1259 3898 1455 3938 eorum
1480 3883 1575 3954 qui
1593 3883 1662 3939 ab
1690 3883 2023 3954 imperatore
2048 3887 2116 3942 ad

524 3978 880 4048 magistratus
897 3975 1167 4048 gerendos
1186 3975 1455 4046 designati
1487 3985 1664 4040 erant,
1698 3976 1992 4032 admodum
2017 3979 2116 4034 de-

526 4079 759 4124 tractum
786 4069 919 4134 fuit;
951 4078 1132 4124 tamen
1168 4077 1283 4124 tum
1307 4067 1393 4122 vel
1417 4066 1673 4132 maxime,
1706 4068 1852 4137 quod
1884 4069 2118 4141 Cyrillus

524 4161 816 4216 videbatur
851 4161 905 4215 in
943 4161 1064 4231 ejus
1095 4159 1276 4215 edicta
1295 4159 1512 4214 curiose
1545 4158 1859 4228 inquirere;
1885 4161 2118 4230 proinde

525 4253 813 4309 llieracem
833 4253 1011 4323 palam
1037 4252 1092 4306 in
1118 4252 1336 4308 theatro
1369 4247 1828 4323 comprehensum
1859 4252 2118 4322 gravibus

526 4342 806 4401 divexavit
838 4343 1142 4415 suppliciis.

2140 3117 2181 3174 C

2217 1881 2460 1936 Atticum
2515 1881 2832 1951 episcopum
2883 1894 2942 1934 sc
2997 1877 3250 1933 contulit.
3297 1877 3400 1943 Qui
3447 1885 3802 1946 posteaquam

2215 1973 2583 2030 Christianam
2618 1973 2937 2044 religionem
2982 1970 3263 2042 professus
3297 1980 3436 2036 erat,
3463 1969 3803 2026 Alexandriae

2217 2065 2396 2121 denuo
2417 2065 2703 2120 habitavit.
2847 2053 2856 2069 ’

2286 2157 2407 2212 εδ..
2434 2157 2675 2222 Orestes,
2705 2157 2856 2212 illius
2889 2157 3042 2212 urbis
3077 2155 3385 2228 przefcctns,
3435 2153 3567 2208 illud
3614 2151 3801 2224 Cyrilli

2216 2248 2417 2308 factum
2443 2249 2599 2303 valde
2623 2248 2812 2318 iniquo
2833 2249 3017 2304 animo
3040 2249 3166 2304 tulit
3190 2265 3204 2302 :
3247 2260 3618 2319 magnumque
3658 2243 3805 2313 cepit

2216 2338 2482 2403 dolorem,
2517 2349 2626 2394 tam
2664 2341 2979 2410 praeclaram
3004 2340 3283 2395 civitatem
3327 2347 3478 2392 tanta
3511 2335 3801 2392 hominum

2216 2429 2566 2485 multitudine
2599 2446 2822 2502 prorsus
2856 2431 3104 2487 orbatam
3144 2446 3285 2486 csse.
3323 2427 3689 2495 Quamobrem
3733 2424 3800 2479 ad

2216 2522 2602 2593 imperatorem
2657 2522 2728 2578 de
2775 2523 2938 2579 rebus
2986 2523 3061 2578 ibi
3109 2521 3278 2593 gestis
3327 2519 3514 2575 refert.
3568 2517 3805 2589 Cyrillus

2215 2613 2380 2668 etiam
2404 2613 2721 2684 imperatori
2753 2613 3066 2670 Judaaorum
3109 2612 3317 2668 scelera
3353 2627 3449 2680 per
3481 2609 3694 2664 litteras
3725 2607 3802 2662 si-

2215 2703 2464 2774 gnificat;
2499 2714 2555 2759 et
2594 2705 2953 2761 nihilominus
2987 2713 3168 2759 tamen
3217 2703 3284 2759 de
3332 2699 3574 2758 amicitia
3613 2698 3804 2754 conci-

2214 2796 2396 2851 lianda
2421 2796 2510 2868 (ad
2542 2797 2673 2852 illud
2699 2812 2936 2868 namque
2968 2795 3279 2851 faciendum
3305 2794 3542 2866 populus
3575 2791 3808 2846 Alexan-

2215 2887 2408 2942 drinus
2434 2887 2586 2942 illum
2611 2888 2923 2958 impulerat)
2952 2902 3077 2942 cum
3099 2886 3294 2942 Oreste
3322 2886 3452 2957 agit.
3478 2885 3681 2939 Verum
3708 2881 3803 2935 ubi

2214 2976 2436 3032 Orestes
2453 2977 2520 3032 de
2546 2977 2786 3033 amicitia
2810 2993 2878 3032 ne
2899 2976 3090 3031 audire
3113 2976 3335 3046 quidem
3355 2974 3548 3038 voluit,
3570 2973 3807 3044 Cyrillus

2220 3068 2428 3124 librum
2446 3069 2867 3141 Evangeliorum
2895 3069 3066 3140 (hunc
3091 3067 3238 3123 enim
3265 3067 3418 3122 illum
3437 3065 3805 3121 reveriturum

2216 3159 2450 3230 putavit)
2481 3160 2532 3216 ei
2563 3175 2727 3216 manu
2767 3160 3032 3231 porrexit.
3080 3160 3149 3214 At
3187 3174 3313 3215 cum
3353 3156 3563 3213 Orestis
3591 3155 3809 3210 animus

2217 3266 2284 3306 ne
2319 3252 2424 3307 hoc
2449 3251 2614 3308 modo
2645 3252 2869 3323 quidem
2901 3252 3120 3306 deliniri
3155 3258 3358 3322 posset,
3393 3249 3487 3304 sed
3515 3249 3659 3304 inter
3679 3263 3807 3302 eum

2215 3353 2270 3397 et
2303 3343 2564 3416 Cyrillum
2607 3345 2868 3415 capitales
2902 3344 3202 3401 inimicitiae
3237 3357 3454 3414 semper
3498 3340 3807 3396 intercede-

2217 3445 2369 3502 rent;
2398 3436 2514 3492 batc
2529 3436 2731 3502 clades,
2757 3452 2921 3507 quam
2942 3437 3201 3506 deinceps
3221 3435 3690 3497 commemorabo,
3722 3433 3806 3486 in-

2217 3528 2284 3584 de
2316 3536 2609 3584 consecuta
2637 3536 2742 3582 est.
2776 3546 2793 3579 ι
2821 3527 2946 3583 Hrec
2967 3526 3240 3582 Socrates.
3270 3524 3473 3580 Eadem
3500 3531 3686 3578 narrat
3711 3523 3807 3576 Ni-

2217 3619 2608 3690 cephoruslib.
2640 3635 2748 3686 xiv,
2781 3634 2903 3690 cap.
2941 3618 3027 3684 Η,
3065 3616 3210 3688 apud
3248 3631 3412 3687 quem
3448 3614 3807 3684 tamenmulla

2218 3708 2381 3763 czedis
2433 3707 2746 3764 Judaaorum
2795 3707 3002 3764 mentio
3048 3715 3130 3762 est
3172 3723 3185 3760 :
3232 3721 3335 3762 nec
3378 3703 3642 3761 credibile
3684 3718 3806 3757 eam

2217 3798 2458 3870 episcopi
2485 3799 2810 3856 auctoritate
2836 3799 3198 3871 designatam.
3237 3797 3546 3870 Agnoscere
3586 3810 3719 3850 vero
3753 3793 3807 3848 in

2217 3890 2411 3946 Oreste
2438 3891 2568 3946 licet
2589 3883 2940 3962 politicorum
2966 3891 3140 3946 nostri
3168 3904 3389 3960 quoque
3419 3887 3685 3958 temporis
3722 3887 3808 3939 in-

2218 3981 2430 4047 dolem,
2477 3982 2572 4051 qui
2629 3999 2957 4056 quacunque
2997 3968 3226 4053 possunt
3284 3981 3495 4036 ratione
3533 3979 3808 4048 modoque

2218 4073 2539 4142 pontificum
2585 4084 2857 4130 conantur
2926 4075 3270 4142 aliorumque
3312 4072 3813 4126 ecclesiasticorum

2221 4163 2503 4216 hominum
2544 4163 2690 4218 bona
2736 4163 3014 4226 invadere,
3046 4163 3173 4233 jura
3225 4163 3451 4226 violare,
3501 4162 3812 4217 convellere

2219 4253 2621 4317 auctoritatem,
2670 4253 2838 4310 veluti
2879 4255 3082 4325 'regum
3125 4254 3511 4310 emolumentis
3555 4253 3804 4314 noxiam;

2221 4361 2344 4400 cum
2385 4347 2552 4402 nullis
2581 4348 2802 4419 regibus
2832 4347 3047 4402 felicius
3077 4358 3274 4403 cuncta
3314 4347 3599 4412 cesserint,
3642 4362 3806 4416 quam

583 4463 676 4516 2i.
709 4460 853 4527 «Qua
875 4476 933 4516 re
956 4460 1231 4516 intellecta
1249 4460 1483 4532 Cyrillns
1502 4461 1812 4518 Iudaeorum
1835 4431 2114 4533 primario;

2225 4436 2318 4506 qui
2344 4437 2602 4496 Ecclesiae
2619 4437 2916 4508 plurimum
2948 4437 3294 4502 detulerunt;
3322 4446 3664 4492 contra‘vero
3688 4436 3808 4506 plu-

528 4553 795 4618 accersit;
829 4552 959 4618 illis,
992 4553 1038 4608 si
1082 4569 1192 4608 non
1234 4563 1426 4608 contra
1463 4553 1804 4610 Christianos
1851 4552 2118 4607 tumultus

527 4647 676 4701 ciere
698 4647 988 4709 desistant,
1009 4645 1225 4701 debitas
1247 4660 1435 4716 poenas
1461 4661 1520 4700 se
1540 4645 1909 4718 irrogaturum
1941 4646 2118 4700 mina-

531 4744 641 4789 tur.
664 4735 735 4790 At
767 4733 1064 4789 multitudo
1100 4734 1434 4799 Iudaeorum,
1474 4735 1709 4806 cognitis
1737 4735 1980 4806 episcopi
2014 4735 2119 4790 mi-

533 4825 636 4887 nis,
665 4824 838 4879 multo
867 4825 1073 4894 majore
1097 4824 1396 4880 iracundiae
1425 4833 1561 4880 aestu
1588 4826 1969 4891 exardescere,
2001 4842 2118 4881 ma-

530 4915 833 4984 chinasque
848 4915 917 4970 ad
930 4914 1261 4971 Christianis
1275 4916 1582 4971 nocendum
1598 4917 1906 4989 excogitare
1921 4919 2084 4989 carpit
2104 4936 2116 4970 :

529 5019 668 5072 quas
689 5003 927 5074 quidem.
951 5003 1283 5075 praecipuam
1314 5020 1535 5060 causam
1553 5005 1772 5062 Iudaeos
1795 5006 2121 5063 Alexandria

528 5095 858 5150 exturbandi
887 5094 1077 5159 fuisse,
1106 5096 1546 5167 jam'ostendam.
1572 5097 1748 5154 Judaei
1783 5113 1909 5154 cum
1949 5107 2122 5155 tesse-

531 5199 648 5240 ram
670 5186 772 5256 ipsi
794 5185 899 5242 sibi
923 5187 1224 5251 dediss‘ent,
1244 5189 1504 5244 nimirum
1527 5196 1590 5243 ut
1607 5188 1839 5260 quisque
1858 5189 2121 5244 annulum

530 5292 596 5331 ex
644 5277 851 5333 cortice
888 5279 1082 5348 palmae
1122 5278 1433 5335 confectum
1485 5289 1743 5350 gestaret,
1793 5289 2120 5335 nocturnam

531 5381 768 5436 pugnam
792 5376 984 5422 contra
1015 5369 1358 5426 Christianos
1389 5370 1700 5427 instituunt.
1747 5371 1936 5442 Itaque
1962 5383 2124 5428 nocte

530 5456 768 5524 quadam
797 5473 897 5528 per
926 5459 1213 5516 universas
1242 5461 1396 5517 urbis
1443 5463 1694 5534 regiones
1730 5479 1760 5518 a
1793 5464 2121 5534 quibusdam

533 5549 987 5605 conclamandum
1029 5562 1244 5616 curant,
1290 5561 1458 5608 totam
1497 5556 1783 5611 ecclesiam
1830 5556 2123 5611 Alexandri

537 5638 759 5694 nomine
794 5651 1162 5713 nuncupatam
1212 5645 1335 5714 igne
1377 5647 1744 5718 conﬂagrare.—
1772 5648 1891 5717 Quo
1935 5649 2123 5705 audito

539 5729 853 5797 Christiani,
889 5733 1025 5789 alius
1063 5735 1278 5790 aliunde
1335 5749 1689 5803 concurrunt.
1741 5749 1799 5796 ut
1835 5741 2122 5798 ecclesiam

2226 4529 2379 4585 rimis
2397 4530 2799 4586 calamitatibus
2821 4545 2914 4587 eas
2944 4528 3142 4584 involvi
3169 4528 3478 4600 provincias
3503 4526 3804 4590 videamus,

2225 4638 2457 4692 quarum
2519 4623 2906 4694 gubernaculis
2961 4620 3230 4695 ejusmodi
3295 4619 3545 4675 homines
3601 4617 3823 4673 admoti.

2227 4721 2371 4767 sunt.

2351 4867 2387 4955 ’ᾗ
2417 4868 2478 4922 ν.
2517 4867 2699 4924 Turba:
2724 4868 3116 4924 Alexandrina.
3147 4867 3401 4922 Errantes
3423 4867 3660 4920 correcti.

2295 5004 2384 5059 24.
2430 5003 2735 5076 Tragicam,
2786 5021 2948 5075 quam
2987 5012 3268 5059 narratum
3320 5003 3482 5068 imus,
3527 5002 3820 5058 historiam-

2229 5095 2546 5166 imperatori
2577 5105 2634 5151 et
2654 5094 2877 5152 Orestes
2900 5095 3190 5164 praefectus
3204 5102 3262 5149 et
3278 5093 3514 5166 Cyrillus
3543 5090 3815 5164 significa-

2230 5198 2376 5244 runt.
2425 5187 2643 5244 Utinam
2685 5188 2882 5242 littera:
2926 5185 3113 5257 Cyrilli
3159 5186 3469 5242 exstarent!
3517 5185 3692 5255 majus
3735 5198 3816 5239 ea:

2230 5278 2463 5348 pondus,
2513 5293 2676 5348 quam
2729 5275 2963 5334 furentis
3005 5277 3151 5332 illius
3189 5277 3421 5342 Orestis,
3471 5275 3616 5345 apud
3663 5282 3816 5330 recte

2229 5369 2529 5425 sentientes
2549 5368 3061 5441 obtinerentjlujus
3082 5378 3262 5424 tamen
3286 5367 3604 5422 relationem
3627 5367 3813 5436 potius
3831 5411 3833 5416 .

2229 5461 2462 5530 arripuit
2485 5459 2757 5526 Socrates,
2789 5459 2992 5531 Cyrillo
3008 5460 3272 5523 infensus,
3308 5459 3404 5513 lib.
3431 5461 3522 5524 vu',
3579 5476 3699 5531 cap.
3746 5460 3815 5514 14

2229 5564 2285 5610 et
2309 5554 2390 5608 l5.
2421 5574 2437 5603 ι
2469 5553 2724 5607 Nonnulli
2747 5568 2812 5608 ex
2837 5552 3137 5613 monachis,
3167 5571 3184 5602 ι
3220 5551 3419 5621 inquit,
3447 5572 3465 5602 ι
3491 5553 3582 5622 qui
3605 5553 3828 5608 Nitram,

2233 5657 2471 5700 montem
2523 5643 2862 5705 accolebant,
2921 5642 3139 5712 ingenio
3188 5643 3519 5700 ferventiore
3580 5643 3812 5714 praediti,

2233 5741 2375 5795 sicut
2411 5735 2734 5804 jampridem
2761 5732 2907 5791 idem
2937 5733 3116 5803 ipsum
3149 5735 3517 5802 declararunt,
3560 5734 3735 5788 ωαντδί
3781 5750 3825 5791 a
