4024 6220
186 241 253 298 i9

1541 244 1596 298 S.
1637 245 1914 304 CYRILLI
1953 246 2134 301 VITA.

3396 252 3467 307 20

186 353 476 427 Theophili
514 357 872 428 temporibus,
909 355 1128 428 quando
1165 364 1325 410 erant
1364 356 1433 412 ab
1461 357 1556 412 illo
1583 367 1775 414 contra
1807 366 1848 420 Α
1878 357 2284 412 venerabantur
2307 363 2364 412 et
2382 358 2776 428 suscipiebant.
2800 359 2985 429 Itaque
3010 361 3227 416 invidia:
3254 363 3465 420 ﬂamma

185 446 509 503 Dioscorum
535 457 591 503 et
621 449 743 520 ejus
764 447 964 504 fratres
985 448 1172 518 inique
1197 447 1430 514 armati;
1455 448 1538 504 sic
1559 448 1612 503 id
1637 458 1774 504 tem-

184 534 336 604 poris
365 550 586 607 quoque
606 537 971 593 aemulationis
987 536 1182 593 ardore
1210 535 1550 602 inﬂammati,
1576 553 1765 608 prom-

184 634 280 697 pto
291 637 347 682 et
361 628 524 684 alacri
543 630 727 685 animo
741 645 840 700 pro
855 628 1058 700 Cyrillo
1075 628 1334 686 dimicare
1349 629 1772 688 constituerunt.

187 717 374 787 Itaque
406 718 508 772 viri
556 719 625 772 ad
669 719 996 789 quingentos
1044 735 1275 773 numero
1316 734 1382 773 ex
1430 720 1776 776 monasteriis

185 809 412 879 egressi,
449 811 640 864 urbem
671 809 1054 865 Alexandriam
1079 811 1430 875 contendere,
1458 811 1774 881 praefectum

149 961 154 965 ,
187 897 358 954 rheda
391 899 825 955 circumvectum
858 899 1172 963 observare,
1198 915 1322 954 eum
1349 900 1522 964 adire,
1564 901 1773 954 sacrifi-

184 1005 332 1057 cum,
361 991 640 1061 gentilem,
685 1001 740 1047 et
779 992 902 1047 aliis
945 993 1324 1062 compluribus
1365 995 1776 1049 contumeliosis

186 1083 504 1139 nominibus
527 1085 802 1156 appellare
834 1093 1138 1155 coeperunt.

247 1175 336 1230 25.
376 1194 393 1227 t
423 1175 892 1256 Illc,'suspicatus
923 1176 1028 1232 sibi
1053 1190 1083 1228 a
1114 1175 1318 1248 Cyrillo
1347 1176 1574 1231 insidias
1603 1176 1772 1231 collo-

185 1276 336 1323 catas
373 1283 514 1334 esse,
560 1268 866 1324 exclamare
912 1284 970 1324 se
1011 1268 1384 1324 Christianum
1429 1283 1571 1332 esse,
1622 1276 1678 1322 et
1705 1266 1774 1321 ab

183 1357 367 1413 Attico
393 1357 652 1428 episcopo
674 1359 1146 1429 Constantinopoli
1170 1359 1524 1430 baptizatum.
1549 1359 1772 1423 Verum,

188 1449 283 1504 ubi
333 1450 585 1507 monachi
638 1452 760 1523 ejus
802 1451 968 1509 verba
1018 1451 1772 1525 videbantupcontemnere,

185 1556 330 1598 unus
359 1540 499 1598 forte
523 1557 591 1598 ex
625 1542 752 1610 illis,
784 1543 1006 1597 nomine
1025 1542 1367 1608 Ammonius,
1394 1551 1559 1612 caput
1581 1541 1772 1612 praefe—

186 1631 261 1686 cti
286 1631 467 1706 lapide
496 1643 786 1704 percutere
811 1652 824 1688 :
852 1634 1146 1705 praefectus
1172 1634 1265 1689 illo
1289 1636 1515 1690 vulnere
1543 1635 1771 1700 inﬂicto,

186 1730 337 1780 totus
369 1726 636 1796 sanguine
660 1727 902 1782 manare”.
941 1725 1285 1796 Quapmpter
1328 1726 1566 1797 praefecti
1603 1743 1772 1799 appa-
1804 1706 1848 1766 Β

186 1812 407 1880 ritores,
434 1816 680 1886 exceptis
707 1817 918 1888 paucis,
943 1833 1138 1874 omnes
1167 1833 1225 1873 se
1257 1819 1394 1876 clam
1422 1818 1547 1875 inde
1565 1820 1774 1875 subdu-

185 1919 333 1971 cere,
369 1907 511 1964 alius
546 1909 654 1964 alio
688 1924 748 1965 se
780 1910 837 1967 in
867 1910 1277 1966 multitudinem
1309 1911 1535 1976 abdere,
1570 1927 1776 1982 praaca-

185 2008 377 2055 ventes
413 2015 484 2055 ne
520 2000 764 2071 lapidum
791 2003 944 2072 jactu
980 2003 1389 2058 interimantur.
1422 2003 1646 2058 interim
1678 2019 1777 2073 po—

185 2090 350 2160 pulus
371 2091 779 2149 Alexandrinus
795 2093 1056 2165 frequens
1071 2109 1137 2149 eo
1161 2094 1460 2160 conﬂuere,
1483 2095 1781 2150 monachos

185 2180 429 2256 praefecti
454 2197 617 2239 causa
641 2184 827 2240 animo
851 2194 1107 2258 prompto
1143 2184 1366 2252 ulcisci;
1400 2199 1540 2255 quos
1565 2198 1776 2249 omnes,

188 2285 390 2344 praeter
434 2274 810 2343 Ammonium,
857 2277 917 2332 in
967 2277 1152 2350 fugam
1197 2286 1419 2334 vertunt
1458 2295 1472 2333 :
1514 2277 1667 2331 illum
1711 2277 1779 2332 ad

190 2365 510 2436 praefectum
553 2367 849 2424 deducere.
901 2368 1201 2430 Praefectus
1240 2368 1453 2442 palam,
1506 2367 1589 2423 uti
1633 2369 1782 2440 leges

190 2458 489 2528 postulant,
539 2457 607 2514 de
655 2475 722 2514 eo
758 2459 1121 2532 quaestionem
1168 2474 1451 2526 exercere,
1496 2460 1783 2514 tormentis

191 2548 458 2621 tantisper
479 2549 766 2615 aﬂlictare,
791 2551 924 2606 dum
957 2560 1266 2611 extremum
1298 2551 1552 2623 spiritum
1582 2551 1716 2608 edit.

258 2642 349 2699 26.
382 2662 401 2696 ‹
439 2643 571 2716 Quae
591 2659 685 2698 res
707 2658 816 2698 non
837 2644 933 2699 diu
955 2653 1081 2714 post
1101 2643 1170 2700 ad
1195 2644 1590 2714 imperatorum
1622 2659 1784 2700 aures

188 2735 398 2806 perlata
426 2744 528 2791 est.
563 2735 706 2804 Quin
748 2737 916 2792 etiam
954 2734 1192 2808 Cyrillus
1219 2736 1470 2792 eamdem
1503 2753 1618 2794 rem
1653 2737 1781 2806 illis,

188 2826 287 2884 sed
313 2841 476 2883 secus
509 2827 816 2898 expositam
855 2828 1082 2884 omnino
1121 2844 1219 2900 per
1249 2829 1461 2885 litteras
1511 2828 1783 2900 significa-

187 2920 287 2976 vit.
325 2918 539 2991 Corpus
571 2935 789 2991 quoque
828 2920 1104 2980 Ammonii
1143 2922 1310 2992 capit,
1347 2923 1514 2994 inque
1551 2922 1784 2980 ecclesia

187 3010 424 3081 quadam
464 3010 745 3077 recondit,
780 3020 837 3068 at
875 3027 985 3068 non
1017 3011 1290 3070 Ammonii
1337 3011 1433 3068 sed
1466 3011 1782 3098 Thauimasii

188 3103 411 3161 nomine
447 3107 802 3176 nuncupavit.
833 3107 902 3162 Et
929 3121 1055 3164 cum
1099 3106 1155 3162 in
1180 3105 1412 3164 ecclesia
1447 3105 1780 3178 magnitudi-

190 3211 317 3252 nem
343 3196 510 3259 animi
544 3197 714 3265 illius,
737 3206 928 3269 utpote
957 3213 1118 3269 grave
1141 3207 1422 3256 certamen
1456 3213 1557 3269 pro
1580 3198 1782 3268 pietate

191 3287 458 3358 perpessi,
509 3287 668 3344 laude
715 3297 772 3346 et
811 3287 1200 3359 praedicatione
1255 3287 1573 3353 extulisset,
1620 3287 1784 3358 jussit

191 3390 486 3453 martyrem
519 3382 804 3452 appellari.
841 3382 1045 3442 Verum
1076 3381 1170 3452 qui
1203 3379 1565 3437 modestiores
1603 3389 1779 3444 erant,

191 3475 356 3530 etiam
380 3490 447 3530 ex
481 3475 615 3545 ipsis
632 3474 984 3540 Christianis,
1011 3473 1199 3546 Cyrilli
1221 3473 1473 3534 studium
1498 3487 1628 3543 erga
1649 3473 1782 3528 Am-

193 3566 440 3627 monium
462 3567 689 3626 minime
712 3567 1109 3638 approbarunt.
1141 3565 1277 3625 Nam
1301 3565 1646 3635 exploratum
1682 3564 1781 3619 ha-

193 3661 398 3718 bebant
427 3661 796 3725 Animonium,
839 3675 949 3718 non
983 3659 1041 3716 in
1070 3659 1355 3717 tormentis
1388 3657 1685 3722 interiisse,
1713 3673 1783 3714 ne

192 3752 474 3813 Christum
512 3751 780 3823 denegare
819 3760 1142 3824 cogeretur;
1181 3750 1278 3807 sed
1309 3749 1631 3806 temeritatis
1671 3765 1784 3805 suae

194 3856 386 3920 pennas
428 3843 666 3903 dedisse.
698 3843 967 3910 Quocirca
1005 3841 1242 3914 Cyrillus
1278 3840 1394 3910 ipse
1433 3839 1568 3896 illud
1612 3840 1786 3910 ipsius

193 3935 411 3992 facinus
463 3934 682 3996 silentio
731 3933 786 3990 in
833 3933 1164 3990 oblivionem
1212 3931 1544 4003 pedetentim
1597 3930 1785 3988 venire

195 4043 390 4098 passus
411 4036 515 4086 est.
537 4027 606 4088 At
631 4043 701 4084 ne
725 4027 906 4084 adhuc
931 4025 1155 4096 quidem
1176 4023 1374 4080 acerba
1401 4023 1492 4079 illa
1513 4022 1656 4078 inter
1677 4022 1784 4096 Cy-

197 4119 384 4175 rillum
414 4129 472 4177 et
505 4118 755 4180 Orestem
803 4127 1059 4190 suscepta
1105 4115 1387 4173 contentio
1432 4107 1618 4172 sedata
1659 4125 1782 4172 est:

194 4211 399 4282 quippe
434 4211 543 4268 alia
582 4211 768 4268 clades
797 4211 929 4267 huic
965 4225 1076 4264 non
1108 4207 1412 4273 dissimilis,
1454 4223 1616 4278 quam
1663 4224 1785 4271 sum

194 4302 302 4374 jam
328 4310 670 4367 narraturus,
695 4316 816 4356 eam
846 4300 1148 4359 renovavit.

1879 462 1994 506 tum
2031 459 2223 506 contra
2259 464 2380 505 eam
2410 451 2631 505 incensa
2655 459 2757 504 est.
2795 451 3009 505 Etenim
3052 466 3176 506 cum
3218 454 3468 510 crebrius

1877 557 2003 598 cum
2034 541 2228 598 Oreste
2248 542 2304 596 in
2324 542 2660 612 colloquium
2683 543 2916 607 veniret,
2952 543 3189 613 populus
3214 544 3470 600 Ecclesia;

1878 635 2025 689 illam
2061 634 2226 703 coepit
2258 633 2574 688 insimulare
2600 633 2748 703 quod
2773 633 3032 704 episcopo
3072 635 3139 688 ad
3171 636 3468 692 amicitiam

1875 724 2087 779 Orestis
2103 723 2563 780 reconciliandam
2586 723 2796 780 aditum
2812 725 3032 795 penitus
3049 724 3468 782 intercludebat.

1877 817 2115 871 Proinde
2141 816 2279 871 certi
2313 815 2586 882 homines,
2618 817 2713 886 qui
2746 826 2904 871 erant
2929 828 3123 872 natura
3151 817 3314 888 paulo
3353 817 3466 873 fer-

1875 910 2174 973 ventiores,
2201 907 2406 978 quibus
2434 909 2629 965 Petrus
2652 909 2852 964 Lector
2889 909 2944 963 in
2976 909 3067 962 illa
3104 909 3333 964 ecclesia
3363 909 3466 964 du-

1875 1017 1994 1056 cem
2028 1016 2086 1056 se
2127 1002 2384 1072 praebuit,
2423 1018 2534 1058 uno
2573 1017 2870 1068 consensu,
2915 1002 3202 1057 mulierem
3243 1003 3465 1058 domum

1876 1091 2130 1146 alicunde
2171 1092 2492 1149 redeuntem
2530 1094 2854 1160 observant;
2897 1093 2965 1149 de
2995 1108 3184 1158 curru,
3225 1109 3334 1164 quo
3369 1109 3466 1148 ve-

1876 1183 2132 1248 hebatur,
2161 1183 2458 1240 deturbant
2493 1203 2506 1238 :
2540 1185 2609 1239 ad
2649 1182 2939 1240 ecclesiam
2997 1200 3119 1254 qua:
3157 1183 3469 1240 Caesareum

1875 1273 2100 1338 dicitur,
2134 1275 2358 1346 rapiunt
2389 1293 2402 1329 :
2431 1285 2764 1346 exutumque
2804 1276 3072 1341 vestibus,
3105 1276 3262 1332 testis
3292 1277 3469 1332 acutis

1875 1365 1942 1422 ad
1968 1381 2158 1421 necem
2177 1382 2352 1437 usque
2375 1367 2697 1433 dilacerant,
2715 1366 2836 1439 ejus
2857 1367 3102 1424 membra
3123 1368 3466 1439 discerpunt,

1875 1457 2260 1530 discerptaque
2301 1459 2369 1513 ad
2408 1459 2590 1514 locum
2635 1459 2731 1530 qui
2773 1458 3013 1515 Cinaron
3071 1459 3274 1515 dicitur
3315 1475 3468 1515 com-

1876 1556 2116 1618 portant,
2146 1557 2312 1619 atque
2341 1550 2450 1619 igni
2473 1550 2826 1606 comburunt.
2848 1551 2964 1606 Hoc
2983 1550 3198 1606 facinus
3219 1566 3342 1604 cum
3368 1549 3471 1622 Cy-

1877 1639 2019 1704 rillo,
2048 1648 2163 1694 tum
2185 1639 2445 1695 Ecclesia:
2461 1641 2863 1707 Alexandrinas,
2885 1657 2994 1697 non
3020 1642 3270 1712 exiguam
3291 1641 3470 1696 labem

1877 1731 2111 1802 aspersit
2146 1731 2402 1786 infamiae.
2431 1731 2568 1786 Nam
2600 1731 2708 1802 .qui
2743 1732 3064 1804 religionem
3103 1732 3469 1789 Christianam

1877 1819 2226 1890 profitentur,
2253 1836 2284 1876 a
2307 1821 2474 1886 caede,
2495 1821 2714 1891 pugnis,
2740 1830 2796 1876 et
2822 1821 2877 1875 id
2902 1837 3074 1892 genus
3103 1823 3225 1877 aliis
3247 1822 3470 1877 omnino

1877 1909 2040 1964 alieni
2085 1926 2206 1966 esse
2235 1911 2456 1966 debent.
2491 1911 2586 1965 liae
2617 1925 2705 1966 res
2735 1921 2901 1982 gestae
2937 1921 3066 1966 sunt
3100 1921 3294 1981 quarto
3325 1926 3469 1967 anno

1877 2002 2228 2074 episcopatus
2246 2003 2454 2075 Cyrilli,
2481 2003 2548 2060 ad
2572 2003 2845 2058 decimum
2869 2005 3210 2059 consulatum
3240 2004 3466 2060 Honorii

1877 2104 1936 2150 et
1958 2094 2254 2152 Theodosii
2279 2097 2593 2166 septimum,
2639 2110 2828 2152 mense
2864 2096 3078 2163 Martio,
3112 2111 3238 2151 cum
3277 2097 3467 2152 obser-

1879 2187 2153 2243 vabantur
2180 2189 2407 2259 jejunia.
2442 2206 2461 2239 ι

1942 2277 2033 2335 28.
2061 2280 2307 2352 Hypatiaz
2338 2281 2526 2352 plures
2545 2283 2806 2358 epistolas
2841 2281 3062 2352 scripsit
3087 2278 3368 2350 Synesius.
3394 2279 3470 2334 De

1881 2389 1944 2428 ea
1975 2372 2225 2442 pluribus
2243 2373 2354 2443 agit
2375 2372 2665 2438 Baronius,
2695 2381 2756 2428 et
2781 2372 2964 2444 potius
2985 2369 3469 2426 Alexandrinorum

1881 2464 2070 2519 furore
2101 2478 2165 2519 ac
2201 2464 2664 2534 tumultu,'quam
2693 2464 2826 2518 cieri
2861 2461 3286 2532 conspiratione,
3324 2460 3475 2514 occi-

1882 2569 1999 2609 sam
2029 2569 2149 2609 esse
2188 2554 2486 2610 existimat.
2533 2554 2660 2609 Haec
2698 2563 2896 2625 quarto
2941 2568 3086 2608 anno
3125 2551 3475 2622 episcopatus

1881 2646 2068 2720 Cyrilli
2092 2645 2384 2718 contigisse
2408 2647 2574 2702 etiam
2597 2646 2938 2717 Nieephorus
2976 2645 3186 2701 scribit.
3216 2643 3394 2714 Coepit
3427 2643 3474 2699 is

1884 2747 2116 2810 quartus
2143 2753 2322 2793 annus
2343 2754 2470 2793 xvm
2491 2737 2747 2794 Octobris
2773 2738 2901 2792 anni
2933 2737 3038 2792 “5
3057 2777 3070 2800 ,
3096 2735 3342 2804 adeoque
3382 2733 3474 2790 hic

1885 2830 2092 2886 mensis
2128 2830 2355 2885 Martius
2404 2829 2715 2885 necessario
2757 2837 2842 2884 est
2875 2828 3004 2883 anni
3050 2826 3332 2897 sequentis
3369 2823 3476 2880 416

1885 2921 2170 2978 consulatu
2215 2921 2408 2992 imper.
2459 2920 2753 2976 Theodosii
2791 2929 2884 2986 vn,
2940 2927 3002 2974 ut
3031 2919 3123 2974 hic
3162 2919 3384 2982 dicitur,
3419 2925 3476 2972 et

1812 3050 1854 3108 ο
1888 3014 2148 3079 Palladii,
2179 3029 2289 3070 non
2333 3013 2560 3070 Honorii
2592 3029 2645 3068 χ.
2678 3011 2835 3083 Apud
2871 3011 3236 3108 Nicephorum
3275 3008 3475 3108 foedius

1889 3108 2146 3163 mendum
2177 3126 2192 3161 :
2229 3122 2356 3162 nam
2381 3121 2506 3162 cum
2537 3115 2694 3162 antea
2723 3104 2989 3177 Cyrillum
3025 3103 3332 3174 scripsisset
3360 3101 3474 3157 ele-

1889 3208 2036 3254 ctum
2071 3213 2216 3254 anno
2247 3197 2442 3269 quinto
2466 3196 2760 3252 Theodosii
2789 3197 3008 3266 imper.,
3033 3193 3124 3248 hic
3152 3203 3330 3248 tamen
3363 3192 3476 3263 Hy-

1889 3289 2089 3360 patiam
2113 3289 2348 3345 occisam
2374 3289 2451 3344 ait
2481 3303 2626 3344 anno
2663 3295 2857 3358 quarto
2885 3286 3229 3357 episcopatus
3266 3283 3473 3356 Cyrilli,

1888 3392 2042 3438 sexto
2083 3381 2301 3453 imperii
2345 3379 2671 3445 Theodosii,
2714 3394 2840 3434 cum
2889 3377 3050 3447 hujus
3096 3384 3321 3431 octavus
3363 3373 3478 3428 fere

1889 3475 2212 3545 exspiraret.
2238 3475 2401 3530 Petro
2414 3473 2627 3528 Lectori
2655 3471 2727 3542 (ei
2747 3468 2992 3526 fortassis
3012 3467 3105 3538 qui
3132 3467 3297 3537 hujus
3314 3464 3479 3520 aedis

1889 3576 2080 3622 auctor
2124 3563 2382 3635 habetur)
2410 3564 2630 3634 scripsit
2663 3563 2718 3619 S.
2754 3561 2995 3617 lsidorus
3037 3559 3312 3616 Pelusiota
3355 3557 3476 3627 epi-

1889 3658 2056 3713 stolas
2087 3658 2188 3711 i77
2213 3667 2269 3714 et
2297 3656 2422 3721 305,
2450 3656 2546 3711 lib.
2573 3671 2652 3719 ιιι,
2687 3663 2744 3710 et
2777 3652 2938 3723 epist.
2959 3652 3097 3717 555,
3132 3652 3230 3707 lib.
3274 3668 3328 3706 v.
3372 3649 3474 3716 Qui

1889 3747 1982 3803 alii
2008 3747 2063 3801 id
2093 3745 2304 3804 facinus
2328 3752 2736 3815 perpetrarunt,
2764 3741 3024 3797 videntur
3050 3740 3219 3796 fuisse
3237 3739 3476 3796 Parabo-

1889 3837 2020 3902 lani,
2059 3837 2145 3892 vel
2169 3835 2525 3899 Parabolarii,
2561 3850 2659 3891 seu
2684 3833 2954 3898 Paraboli,
2980 3833 3074 3904 qui
3099 3831 3474 3903 mgrotantium

1890 3945 2080 3985 curam
2108 3929 2504 4000 suscipiebant,
2534 3937 2590 3982 et
2615 3936 2769 3998 peste
2797 3942 3016 3997 quoque
3039 3924 3253 3979 infectis
3273 3922 3474 3977 subve-

1889 4022 2147 4087 niebant;
2173 4021 2266 4092 qui
2305 4036 2432 4076 cum
2459 4019 2717 4089 episcopo
2763 4019 3069 4080 subessent,
3105 4016 3284 4070 eidem
3323 4013 3474 4069 fave-o

1890 4115 2043 4179 bant,
2070 4122 2129 4172 et
2157 4113 2446 4184 negotium
2479 4111 2821 4165 facessebant
2861 4108 3151 4180 praefectis.
3190 4106 3369 4173 Quare
3406 4104 3476 4160 de

1891 4207 1977 4270 his
1998 4205 2267 4261 annohoc
2289 4203 2394 4258 M6
2416 4202 2697 4273 rescripsit
2717 4201 3058 4282 Theodosius
3077 4199 3143 4254 ad
3166 4198 3476 4254 Monaxium

1891 4296 2205 4368 praefectum
2245 4295 2519 4364 prtetorio,
2568 4294 2606 4348 Ι.
2657 4310 2782 4358 xui,
2837 4294 2913 4348 De
2944 4291 3112 4362 episc.
3163 4301 3220 4344 et
3267 4289 3474 4354 cleric.,

263 4415 354 4470 ετ.
401 4435 421 4468 ε
454 4413 651 4473 Mulier
686 4413 936 4485 quam,
980 4423 1103 4468 θηι
1147 4409 1508 4473 Alexandria,
1552 4404 1781 4476 unum;
1815 4395 1857 4450 D
1884 4388 2019 4446 Cod.
2046 4384 2613 4485 Themin-prohibens
2635 4403 2705 4442 ne
2728 4385 3016 4485 collegium
3037 4382 3174 4485 illud
3187 4381 3479 4438 excederet

197 4515 412 4573 vocata,
439 4507 549 4562 ﬁlia
574 4506 816 4562 Theonis
851 4503 1184 4575 philosophi.
1220 4503 1346 4557 Haec
1377 4509 1558 4554 tantos
1599 4498 1655 4552 in
1693 4495 1784 4550 lit-

199 4599 333 4654 teris
351 4598 481 4655 fecit
495 4613 838 4670 progressus,
864 4605 926 4651 ut
946 4609 1136 4651 omnes
1158 4591 1512 4664 philosophos
1534 4589 1618 4644 sui
1647 4598 1785 4643 tem-

200 4691 350 4762 poris
380 4691 538 4763 longe
565 4697 883 4760 superaret:
910 4702 976 4742 ac
1000 4703 1110 4742 non
1137 4685 1300 4741 modo
1324 4685 1379 4739 in
1403 4683 1642 4740 scholam
1670 4680 1788 4735 Pla-

203 4782 460 4846 tonicam,
507 4797 538 4838 a
588 4780 802 4836 Pictino
847 4779 1159 4844 deductam,
1213 4775 1550 4839 succederet,
1596 4788 1784 4829 verum

201 4874 369 4928 etiam
401 4888 592 4934 omnes
625 4871 1075 4942 philosophorum
1112 4870 1358 4926 omnium
1396 4868 1788 4946 prmceptiones

202 4976 260 5021 et
289 4964 607 5034 disciplinas
649 4963 908 5020 omnibus
972 4963 1067 5033 qui
1114 4977 1236 5018 eam
1280 4961 1473 5016 audire
1510 4959 1784 5023 volebant,

203 5058 520 5128 explicaret.
551 5055 894 5126 Quapropter
917 5064 1188 5127 quotquot
1217 5053 1576 5125 philosophiae
1607 5051 1790 5108 studio

206 5149 664 5214 incendebantur,
684 5148 928 5218 undique
951 5147 1018 5202 ad
1049 5148 1196 5202 illam
1228 5146 1596 5203 conﬂuebant.
1621 5145 1791 5212 Quin-

205 5243 372 5298 etiam
395 5250 618 5313 propter
647 5254 867 5314 gravem
891 5239 1060 5294 animi
1084 5238 1382 5304 ﬁdentiam,
1401 5254 1565 5311 quant
1590 5253 1656 5293 ex
1687 5238 1788 5292 do.

207 5331 398 5386 ctrina:
449 5332 694 5387 fontibus
745 5330 1039 5395 hauserat,
1099 5331 1264 5385 etiam
1321 5331 1375 5385 in
1434 5339 1788 5398 conspectum

208 5421 518 5493 principum
552 5439 765 5479 suiiima
809 5437 932 5478 cum
966 5421 1231 5478 modestia
1261 5422 1448 5478 venire
1486 5437 1595 5476 non
1627 5421 1790 5476 dubi-

210 5514 362 5571 tavit.
392 5515 579 5584 Neque
599 5516 743 5574 illam
777 5517 1018 5587 pudebat
1036 5515 1092 5570 in
1112 5515 1346 5570 mediam
1377 5514 1658 5568 hominum
1683 5513 1789 5568 fre-

211 5608 488 5676 quentiam
522 5607 762 5676 prodire.
797 5607 998 5663 Omnes
1021 5607 1167 5662 enim
1195 5621 1337 5669 eam,
1368 5606 1438 5660 ob
1464 5606 1790 5675 singularem

211 5699 381 5763 animi
425 5696 874 5764 moderationem,
929 5713 1052 5752 cum
1097 5699 1401 5763 reverentia
1449 5698 1682 5767 quadam
1739 5708 1793 5753 et

1886 4492 2180 4534 numerum
2206 4477 2664 4549 quingentorum;
2695 4476 3027 4546 eosdemque
3045 4475 3248 4546 iubens
3279 4489 3389 4528 non
3411 4486 3478 4530 ex.

1887 4569 2156 4626 divitibus
2182 4568 2278 4624 sed
2304 4568 2642 4639 pauperibus
2677 4567 2813 4638 legi;
2841 4581 2946 4622 nec
2975 4565 3146 4620 ullum
3186 4564 3339 4621 adire
3373 4579 3476 4633 pu-

1887 4663 2092 4720 blicum
2130 4662 2526 4734 Spectaculum,
2567 4668 2662 4716 aut
2691 4659 2760 4715 ad
2797 4659 3008 4714 curiam
3051 4657 3334 4721 accedere,
3375 4652 3480 4710 nisi

1886 4753 2149 4825 singulos,
2188 4764 2246 4809 et
2277 4762 2507 4824 urgente
2553 4751 2896 4814 necessitate.
2948 4750 3248 4820 Rescripsit
3285 4758 3466 4805 tamen

1888 4857 2077 4920 postea
2099 4848 2136 4902 Ι.
2167 4864 2318 4912 xttn,
2349 4847 2577 4912 ibidem,
2600 4855 2667 4909 ut
2688 4861 2884 4902 eorum
2906 4853 3084 4901 cretus
3099 4844 3168 4900 ad
3191 4854 3482 4899 sexcentos

1889 4951 2075 5012 posset
2107 4940 2444 5011 amplificari,
2488 4939 2691 5009 quibus
2721 4939 2777 4994 in
2799 4938 3056 4994 omnibus
3082 4945 3341 5008 prmessct
3365 4935 3484 5005 epi-

1889 5047 2088 5103 scopus
2123 5031 2562 5097 Alexandrinus;
2589 5045 2716 5085 nam
2745 5039 2801 5086 et
2821 5029 3053 5085 clericos
3082 5028 3320 5098 appellat
3347 5044 3358 5080 :
3385 5026 3479 5080 sed

1889 5125 2121 5181 minoris
2147 5124 2358 5182 ordinis
2384 5125 2779 5194 interpretatur
2808 5122 3074 5177 Baronius
3097 5137 3185 5174 an.
3208 5119 3340 5174 Chr.
3376 5117 3481 5171 M6

1891 5218 1946 5272 in
1987 5218 2113 5280 fine.
2159 5217 2278 5272 line
2313 5215 2534 5272 videtur
2567 5215 2873 5285 respexisse
2915 5212 3157 5268 Isidorus
3204 5208 3478 5264 Pelusiota

1890 5308 1988 5364 lib.
2021 5325 2074 5374 v,
2103 5309 2265 5379 epist.
2295 5307 2420 5373 268,
2444 5307 2526 5363 Ad
2547 5305 2604 5363 S.
2631 5305 2915 5378 Cyrillum,
2936 5312 2994 5360 et
3027 5303 3187 5372 epist.
3229 5299 3355 5363 9.78,
3395 5298 3478 5353 Ad

1891 5401 2130 5466 Petrum,
2168 5401 2450 5471 disputans
2478 5415 2548 5454 an
2577 5399 2726 5469 regia
2758 5405 2998 5468 potestas
3049 5395 3256 5450 clerum
3295 5391 3350 5446 in
3382 5404 3476 5444 or-

1893 5493 2077 5548 dinem
2098 5492 2342 5562 redigere
2373 5491 2558 5561 possit.

1963 5606 2050 5660 29.
2106 5605 2440 5674 Suhjicimus
2499 5619 2620 5673 quae
2678 5603 2731 5657 in
2788 5598 3092 5655 revocando
3148 5594 3477 5650 anachoreta

1895 5695 2150 5766 quodam,
2186 5694 2302 5748 viro
2349 5701 2556 5759 sancio,
2604 5692 2698 5748 sed
2739 5690 2806 5746 ad
2844 5687 3090 5744 haeresim
3136 5685 3474 5757 prolabente,

3485 475 3498 568 Ι
