4024 6220
399 366 462 424 21
1759 369 1815 425 S.
1859 369 2137 428 CYRIIJZI
2176 369 2354 425 V'ITA.
3622 376 3694 428 29

398 483 704 555 prudenter
744 483 1004 555 aCyrillo
1025 484 1536 555 gestarefermitur,
1577 487 1731 542 lib.v
1775 487 1850 541 De
1871 487 1989 556 vitis
2021 486 2454 557 ANicephorus,‘
2519 488 2615 542 lib.
2683 505 2792 552 xiv,
2851 503 2972 558 cap.
3026 489 3098 544 25
3158 498 3212 544 ct
3263 469 3622 559 sequentibus
3677 508 3691 542 :

398 572 652 640 Patrum,
683 575 870 630 libello
897 574 984 640 l8,
1015 592 1168 631 num.
1197 577 1250 631 4.
1283 596 1300 629 (
1325 577 1509 634 Abbas
1530 579 1720 634 Daniel
1753 577 2002 634 narravit

393 671 467 725 de
511 669 620 723 alio
646 683 776 724 sene
806 683 1026 739 magno,
1049 669 1144 738 qui
1175 669 1457 725 habitabat
1480 670 1536 724 in
1558 670 1846 726 inferiores
1865 684 1993 739 par-

398 772 486 816 tes
531 760 767 833 Egypti,
813 747 943 831 quia
987 762 1197 818 diceret
1243 779 1342 834 per
1378 764 1804 836 simplicitatem,
1845 765 1993 835 quod

399 854 798 908 Melchisedech
839 855 955 924 ipse
980 865 1064 910 est
1091 857 1236 912 ﬁlius
1264 857 1380 915 Dei.
1417 859 1533 915 Hoc
1568 869 1754 916 autem
1783 860 1992 916 indica-

399 955 514 998 tum
567 954 656 999 est
718 953 922 1001 sancta:
983 949 1262 1005 memoriae
1318 950 1519 1022 Cyrillo
1581 952 1993 1023 archiepiscopo

392 1039 789 1103 Alexandrino,
821 1049 877 1094 et
911 1041 1059 1096 misit
1099 1043 1166 1097 ad
1211 1059 1360 1098 eum.
1408 1043 1601 1101 Sciens
1631 1055 1814 1102 autem
1865 1046 1995 1116 quia

391 1130 619 1200 signifer
643 1140 794 1186 esset
830 1131 920 1186 ille
951 1147 1138 1197 senex,
1181 1142 1236 1190 et
1273 1134 1540 1206 quidquid
1587 1145 1803 1206 peteret
1825 1152 1856 1192 a
1881 1136 1994 1192 Deo

394 1219 747 1274 revelabatur
781 1219 857 1286 ei,
893 1231 948 1277 et
968 1222 1097 1292 quia
1126 1223 1450 1294 simpliciter
1477 1224 1697 1282 diceret
1729 1227 1834 1283 hoc
1864 1243 1991 1283 ver-

395 1310 552 1376 bum,
587 1327 721 1367 usus
759 1322 846 1368 est
884 1311 1198 1383 huiusmodi
1243 1316 1476 1383 ratione,
1524 1317 1714 1374 dicens
1749 1337 1764 1375 :
1812 1317 1988 1384 Abba,

395 1419 527 1473 rogo
555 1413 628 1468 te,
660 1405 790 1474 quia
833 1405 888 1458 in
921 1405 1252 1478 cogitatione
1300 1424 1421 1466 mea
1447 1418 1534 1465 est
1579 1409 1724 1480 quod
1766 1409 1989 1466 Melchi-

395 1495 599 1550 sedech
645 1496 763 1564 ipse
802 1496 876 1552 sit
920 1497 1066 1553 ﬁlius
1109 1499 1205 1554 Dei
1234 1517 1247 1554 :
1281 1509 1342 1556 et
1377 1516 1571 1558 rursus
1591 1502 1699 1556 alia
1731 1502 1991 1574 cogitatio

395 1603 526 1642 mea
557 1587 690 1643 dicit
722 1588 854 1658 quia
892 1603 1006 1643 non
1038 1591 1131 1655 sit,
1173 1591 1268 1647 sed
1306 1593 1471 1648 homo
1501 1593 1596 1660 sit,
1643 1602 1702 1649 et
1733 1594 1992 1650 sacerdos

395 1693 646 1734 summus
687 1678 857 1734 fuerit
896 1680 1012 1736 Dei.
1057 1680 1329 1748 Quoniam
1361 1700 1493 1757 ergo
1531 1685 1725 1741 haesito
1759 1685 1830 1741 de
1859 1684 1985 1754 hoe,

400 1765 612 1822 ideirco
645 1767 772 1822 misi
816 1769 881 1824 ad
915 1779 990 1835 te,
1028 1781 1091 1826 ut
1127 1771 1444 1843 depreceris
1487 1775 1683 1842 Deum,
1717 1786 1990 1848 quatenus

2112 598 2129 630 (
2162 579 2469 634 Alexander
2494 579 2676 649 itaque
2701 589 2757 635 et
2793 579 2905 635 vita
2924 589 2980 635 et
3001 581 3252 636 doctrina
3288 581 3552 650 optimus,
3580 583 3696 636 zelo

2103 670 2310 742 ingenti
2337 671 2564 726 Joannis
2591 685 2810 728 causam
2829 672 3040 736 fovens,
3068 673 3281 744 primus
3311 673 3463 728 illius
3493 689 3694 727 nomen

2103 759 2159 819 in
2192 759 2627 818 ecclesiasticum
2660 764 2852 819 retulit
2888 764 3074 818 album
3109 781 3122 817 :
3151 774 3314 833 atque
3353 765 3418 818 ad
3461 765 3689 833 imperir

2101 863 2280 910 torem
2314 869 2614 925 omnesque
2650 855 2857 925 ubique
2887 855 3198 925 episcopos,
3233 863 3294 908 ut
3328 855 3470 908 idem
3493 863 3551 909 et
3592 854 3691 921 ipsi

2099 947 2362 1012 facerent,
2393 956 2451 1003 et
2477 961 2540 1001 ea
2570 962 2629 1002 re
2655 962 2844 1018 pacem
2869 957 3079 1003 certam
3113 955 3174 1002 et
3206 953 3547 1001 constantem
3589 947 3694 1000 Ερ-

2099 1037 2280 1094 clesia:
2310 1037 2692 1104 conciliarent,
2730 1039 2971 1110 scripsit.
3003 1037 3272 1094 Caeterum
3312 1052 3446 1091 eum
3481 1036 3695 1091 Atticus

2099 1146 2320 1201 quoque
2347 1129 2642 1201 episcopus
2666 1140 2892 1202 propter
2923 1129 3206 1186 Joannitas
3243 1128 3541 1184 Ecclesiam
3569 1141 3692 1180 esse

2098 1221 2325 1278 scissam
2346 1221 2582 1288 videret,
2620 1221 2690 1277 de
2727 1219 3046 1291 principum
3075 1210 3370 1282 sententia,
3409 1217 3526 1287 ipse
3553 1232 3692 1285 quo.-

2095 1330 2206 1387 que
2237 1316 2577 1372 mentionem
2610 1314 2761 1371 illius
2795 1313 2915 1370 ﬁeri
2954 1313 3012 1368 in
3047 1311 3466 1384 precationibus
3493 1310 3688 1381 jussit;

2096 1409 2560 1479 quemadmodum
2606 1408 2665 1464 id
2707 1416 2766 1464 et
2809 1406 2867 1462 in
2911 1406 3038 1463 aliis
3094 1404 3389 1476 episcopis,
3439 1403 3532 1473 qui
3578 1403 3690 1456 vita

2095 1501 2480 1567 excessissent,
2502 1499 2624 1556 ﬁeri
2651 1499 2878 1556 solitum
2906 1507 3047 1554 erat.
3069 1497 3246 1568 Atque
3268 1512 3337 1551 ex-
3361 1511 3428 1550 eo
3444 1504 3688 1565 tempore

2095 1610 2202 1665 pax
2229 1593 2460 1658 exstitit,
2489 1594 2669 1649 donec
2692 1601 2882 1663 postea
2901 1605 3122 1662 quoque
3147 1589 3398 1658 reliquiae
3419 1589 3540 1658 ejus
3564 1588 3686 1641 urbi

2095 1685 2386 1756 imperanti
2435 1685 2599 1740 illatae
2640 1693 2790 1739 sunt.
2833 1684 3050 1738 Atticus
3094 1681 3381 1744 invidiam,
3425 1680 3481 1734 in
3524 1695 3686 1750 quam

2093 1785 2319 1848 propter
2345 1775 2594 1832 divinum
2618 1775 2884 1832 Joannem
2904 1772 3206 1837 deciderat,
3234 1771 3342 1827 hoc
3363 1771 3530 1826 modo
3568 1787 3684 1824 ma-

411 1859 657 1914 revelare
679 1860 771 1915 tibi
803 1861 1054 1933 dignetur
1096 1863 1166 1920 de
1191 1865 1315 1932 hoc,
1348 1867 1481 1938 quid
1521 1869 1727 1925 veritas
1764 1869 1982 1925 habeat.
2019 1855 2061 1912 Β
2087 1865 2286 1936 gniﬁce
2328 1865 2592 1922 abolevit.
2630 1864 2744 1920 Nec
2788 1862 2882 1918 ille
2904 1861 3087 1923 .modo
3130 1860 3186 1915 id
3226 1860 3390 1926 fecit;
3429 1859 3526 1916 sed
3565 1859 3690 1916 aliis

407 1952 583 2007 Senex
620 1964 795 2009 autem
819 1955 886 2010 de
919 1958 1339 2014 conversatione
1363 1958 1462 2016 sua
1482 1975 1836 2032 praesumens,
1860 1976 1988 2018 cum

397 2043 598 2098 ﬁducia
630 2045 768 2102 dixit
809 2065 821 2100 :
863 2048 942 2104 Da
973 2049 1111 2104 mihi
1157 2065 1256 2120 per
1296 2059 1412 2108 tres
1452 2053 1572 2109 dies
1625 2053 1898 2120 inducias,
1931 2065 1988 2112 et

369 2150 495 2224 .ego
516 2134 782 2206 deprecor
805 2139 982 2195 Deum
1008 2141 1075 2197 de
1100 2141 1203 2196 hac
1229 2157 1308 2209 re,
1344 2153 1401 2200 et
1431 2145 1689 2202 renuntio
1711 2145 1812 2201 tibi
1836 2147 1985 2217 quod

387 2226 537 2281 mihi
555 2227 720 2304 fuerit
741 2231 1045 2289 revelatum
1065 2235 1133 2291 de
1164 2236 1286 2292 hoc.
1315 2237 1532 2294 lntrans
1550 2251 1680 2310 ergo
1703 2239 1760 2294 in
1791 2239 1986 2296 cellam

386 2335 543 2374 suam
575 2319 982 2392 deprecabatur
1009 2327 1182 2383 Deum
1209 2328 1278 2385 de
1317 2329 1487 2384 verbo
1513 2329 1620 2384 hoc
1648 2346 1660 2382 :
1685 2338 1742 2387 et
1760 2331 1988 2387 veniens

387 2421 509 2481 post
540 2422 651 2468 tres
679 2412 804 2470 dies
832 2414 974 2472 dixit
993 2427 1192 2473 sanctae
1224 2420 1504 2476 memoria:
1534 2419 1740 2493 Cyrillo
1765 2439 1778 2475 :
1812 2421 1987 2477 Homo

383 2514 472 2560 est
505 2505 935 2564 Melchisedech.
967 2507 1434 2583 Arch‘iepiscopus
1473 2521 1658 2584 autem
1703 2513 1986 2584 respondit

391 2595 440 2648 ei
468 2612 481 2647 τ
509 2595 800 2662 Quomodo
834 2607 1052 2655 constat
1093 2601 1238 2670 apud
1278 2611 1352 2666 te,
1393 2601 1576 2657 abba?
1603 2583 1686 2658 Ἐι
1726 2583 1817 2658 mo
1851 2603 1989 2660 dixit

390 2688 480 2742 ei:
523 2689 670 2745 Deus
706 2689 951 2746 ostendit
985 2691 1121 2747 mihi
1165 2709 1358 2750 omnes
1404 2695 1771 2766 patriarchas,
1807 2696 1883 2752 ita
1925 2706 1989 2754 ut

389 2777 590 2848 singuli
621 2795 817 2834 eorum
842 2796 1031 2836 coram
1063 2798 1152 2839 me
1186 2784 1487 2840 transirent
1511 2785 1580 2841 ab
1608 2787 1780 2843 Adam
1813 2803 1987 2858 usque

387 2868 458 2923 ad
502 2869 926 2938 Melchisedech,
969 2883 1027 2929 et
1059 2875 1288 2946 angelus
1329 2876 1596 2934 assistens
1635 2879 1771 2934 mihi
1808 2879 1983 2937 dixit:

387 2962 535 3017 Ecce
573 2962 675 3019 iste
690 2971 779 3020 est
792 2964 1194 3022 Melchisedech
1223 2984 1236 3021 :
1271 2977 1329 3024 et
1367 2967 1516 3036 ideo,
1547 2971 1984 3044 archiepiscopo,

386 3064 579 3108 certus
606 3065 727 3110 esto
783 3056 914 3127 quia
958 3056 1039 3112 sic
1065 3066 1168 3113 est.
1206 3057 1412 3116 Abiens
1449 3071 1635 3118 autem
1667 3077 1857 3130 senex,
1889 3079 1990 3135 per

2089 1971 2308 2028 quoque
2329 1955 2555 2012 Joannis
2585 1953 2904 2010 memoriam
2935 1951 3196 2024 precibus
3238 1951 3483 2005 inserere
3521 1964 3684 2004 recu-

2087 2047 2360 2115 santibus,
2404 2058 2462 2104 et
2507 2047 2711 2120 Cyrillo
2755 2033 2992 2101 maxime
3043 2042 3386 2099 Alexandriae
3439 2040 3682 2112 praesuli,

2087 2142 2184 2212 qui
2210 2139 2490 2197 hostiliter
2516 2141 2782 2197 Joannem
2806 2137 3021 2205 oderat,
3054 2137 3203 2208 quod
3236 2136 3326 2191 ille
3345 2152 3376 2191 a
3402 2134 3684 2206 Theophi-

2087 2233 2142 2289 lo
2164 2240 2364 2304 patruo
2400 2247 2502 2288 suo
2529 2231 2899 2297 dissensisset,
2943 2229 3236 2300 persuasit.
3275 2247 3294 2280 ι

2154 2343 2241 2400 52.
2269 2344 2435 2402 Attici
2457 2343 2744 2416 epistolam
2772 2344 3027 2400 dedimus
3051 2361 3144 2398 vm
3173 2343 3422 2400 Januarii
3455 2343 3681 2414 :Cyrilli

2086 2449 2412 2508 responsum
2446 2436 2539 2491 hic
2569 2451 2640 2492 ne
2676 2435 2862 2502 detur,
2890 2434 3123 2490 nimium
3164 2435 3435 2489 alienatus
3467 2435 3614 2489 illius
3653 2450 3685 2487 a

2087 2529 2295 2584 Joanne
2315 2528 2531 2584 animus
2549 2535 2608 2583 et
2627 2525 2874 2581 oﬂ‘ensus
2901 2534 3069 2580 vetat.
3101 2521 3505 2580 Oblitterentur
3525 2538 3679 2582 sane,

2085 2620 2134 2676 si
2173 2635 2296 2690 quae
2340 2634 2448 2674 non
2475 2619 2654 2674 solum
2680 2617 2823 2672 male
2855 2626 3008 2688 gesta
3049 2630 3084 2670 a
3121 2615 3348 2679 sanctis,
3385 2613 3482 2668 sed
3526 2614 3684 2682 pejus

2084 2713 2253 2768 etiam
2273 2710 2498 2785 defensa
2527 2718 2676 2775 sunt,
2703 2718 2765 2765 ut
2788 2724 2901 2764 non
2933 2717 3044 2763 tam
3081 2705 3313 2762 cicatrix
3344 2705 3545 2759 decore
3581 2703 3686 2757 oh-

2087 2803 2273 2870 ducta,
2300 2818 2465 2874 quam
2494 2801 2638 2858 ftede
2674 2800 2979 2856 etiamnum
3014 2798 3176 2854 hians
3211 2807 3266 2853 et
3310 2797 3463 2852 sanie
3506 2795 3686 2851 ﬂuens

2087 2896 2290 2951 vulnus
2320 2894 2499 2950 videri
2536 2893 2768 2964 possint.
2801 2891 2909 2948 Eas
2933 2891 3148 2948 litteras
3177 2891 3270 2946 ubi
3308 2905 3428 2959 cap.
3463 2889 3534 2942 27
3594 2904 3684 2943 re-

2087 2989 2278 3044 citavit
2313 2987 2677 3059 Nicephorus,
2705 2986 2781 3042 ita
2811 3001 2931 3056 cap.
2955 2985 3028 3041 28
3073 2984 3273 3041 scribit
3303 3002 3315 3037 :
3349 3002 3382 3062 ἢ(
3416 2983 3542 3038 Haec
3561 2982 3686 3052 qui-

2089 3080 2214 3136 dem
2251 3078 2489 3152 Cyrillus
2531 3079 2601 3135 de
2638 3093 2792 3134 sacro
2837 3077 3231 3150 Chrysostomo
3277 3085 3335 3131 et
3372 3075 3595 3146 scripsit
3629 3083 3688 3128 et

384 3145 748 3248 εθιξιειξρεξω
807 3147 1136 3248 Ρξωάίωδθῑ
1185 3150 1338 3248 (ιιιίξι-
1361 3151 1528 3209 δοωο
1573 3165 1721 3212 esset
1760 3156 1987 3213 “clehi‘
2013 3189 2057 3248 ο
2087 3145 2628 3241 sensit,praesumptte
2646 3167 2894 3239 Opinioni
2918 3145 3246 3231 inserviens,
3271 3181 3434 3237 quam
3452 3145 3683 3228 dudum,

385 3236 615 3378 Zedeﬁh.
648 3237 717 3294 Et
747 3239 964 3312 gavisus
999 3249 1085 3298 est
1122 3243 1410 3315 magniﬁce
1459 3256 1664 3304 sancta;
1707 3248 1988 3305 memoriae

438 3338 516 3378 Vl'l
565 3339 647 3378 us.
685 3344 704 3378 ι

435 3338 647 3392 yrmus.
685 3344 704 3378 ι

424 3478 452 3549 ς
478 3479 569 3536 VI.
610 3481 815 3540 Nomen
841 3483 898 3544 S.
925 3487 1282 3560 Chrysostomi
1324 3490 1580 3563 diptychis
1604 3490 1935 3562 inscriptum.

461 3612 553 3668 30.
601 3612 991 3675 Controversia
1040 3621 1155 3689 hac
1203 3622 1406 3689 omnis,
1459 3622 1738 3680 diuturnis
1788 3623 1988 3695 agitata

392 3701 613 3768 studiis,
643 3705 975 3778 tandemque
1020 3710 1254 3766 Romani
1299 3711 1578 3782 pontiﬁcis
1613 3711 1813 3784 insigni
1853 3727 1988 3768 con-

399 3793 621 3859 stantia,
665 3795 982 3854 felicissime
1023 3814 1091 3855 ex
1130 3816 1412 3857 sacrarum
1457 3802 1640 3874 legum
1682 3803 1989 3859 reverentia

401 3887 707 3952 terminata,
743 3891 906 3960 plene
932 3902 1018 3948 est
1052 3910 1084 3949 a
1107 3894 1268 3951 nobis
1298 3894 1368 3950 ad
1395 3894 1574 3951 Vitam
1600 3894 1657 3950 S.
1680 3893 1844 3952 Attici
1867 3895 1988 3966 epi-

394 3978 545 4049 scopi
573 3979 1170 4057 Constantinopolitani
1213 4003 1305 4042 vin
1345 3987 1593 4044 Januarii
1625 3987 1891 4052 discussa,
1934 3998 1991 4045 et

392 4073 610 4144 singula
643 4074 762 4131 suis
781 4079 1126 4148 temporibus
1147 4090 1274 4150 apte
1296 4080 1570 4136 restituta.
1603 4079 1703 4134 Hic
1722 4095 1786 4135 ea
1812 4081 1990 4136 solum

393 4180 518 4233 qua:
541 4166 608 4221 ad
629 4165 898 4238 Cyrillum
927 4173 1208 4241 pertinent
1227 4153 1596 4243 proferemus.
1615 4172 1836 4229 Nicctas
1860 4173 1990 4227 Phi-

391 4258 686 4328 losophus,
719 4260 956 4318 Baronio
988 4272 1135 4318 tomo
1162 4263 1233 4330 X,
1261 4279 1352 4319 an.
1374 4263 1508 4320 Chr.
1544 4263 1671 4330 848,
1703 4279 1856 4320 num.
1899 4264 1988 4329 34,

397 4349 752 4408 ﬁdelissimus
771 4354 1007 4424 scriptor
1026 4355 1248 4412 habitus
1270 4356 1359 4429 (de
1382 4371 1494 4428 quo
1533 4372 1664 4412 χχιιι
1690 4355 1883 4413 Octob.
1922 4356 1992 4411 ad

395 4441 576 4499 Vitam
616 4443 673 4498 S.
693 4443 892 4515 Ignatii
925 4446 1259 4504 Patriarchze
1283 4448 1899 4520 Constantinopolitani,
1923 4449 1992 4504 ab

2087 3271 2343 3333 patruum
2401 3257 2562 3317 suum
2618 3259 2987 3330 Theophilum
3033 3268 3288 3322 secutus,
3333 3263 3681 3326 conceperat.

2087 3350 2356 3417 Quoniam
2386 3364 2517 3404 veno
2537 3347 2828 3404 dissidium
2847 3348 2956 3403 hoc
2973 3346 3200 3418 quidem
3225 3361 3293 3401 ex
3311 3344 3680 3406 temnlatione,

2089 3442 2339 3515 quamvis
2360 3456 2470 3496 non
2486 3440 2789 3496 secundum
2817 3439 3132 3502 scientiam,
3160 3453 3275 3492 non
3299 3445 3484 3491 autem
3512 3451 3581 3491 ex
3603 3435 3688 3489 in-

2088 3532 2270 3598 vidia,
2315 3544 2495 3600 neque
2533 3528 2804 3584 diabolica
2840 3526 3224 3590 contentione,
3272 3523 3534 3589 manavit,
3574 3539 3684 3577 non

2089 3632 2348 3694 oportere
2377 3621 2556 3676 virum
2587 3629 2646 3676 et
2677 3619 2931 3675 doctrina
2972 3628 3030 3675 et
3061 3617 3268 3673 virtute
3310 3623 3682 3687 przestantem,

2091 3715 2194 3770 hac
2253 3729 2362 3768 una
2395 3713 2453 3769 in
2487 3727 2547 3767 re
2585 3711 2924 3776 claudicare,
2967 3709 3264 3780 quominus
3301 3708 3368 3765 ad
3416 3723 3685 3764 summam

2091 3805 2485 3878 perfectionem
2532 3803 2872 3876 perveniret,
2911 3802 3023 3859 Deo
3055 3801 3234 3856 visum
3274 3810 3377 3858 est.
3427 3799 3688 3855 Homines

2091 3900 2239 3954 enim
2280 3899 2359 3954 illi
2392 3907 2572 3963 erant,
2611 3907 2669 3953 et
2708 3895 2966 3953 humanis
3003 3893 3391 3951 affectionibus
3440 3891 3698 3947 obnoxii..

2091 3992 2434 4063 Quapropter
2460 3991 2742 4062 aliquanto
2764 3998 2906 4060 post,
2937 3987 3176 4060 Cyrillus
3201 4003 3326 4043 cum
3364 4001 3561 4056 magno
3590 3985 3692 4039 illo-

2092 4083 2233 4147 viro,
2257 4083 2422 4138 etiam
2448 4091 2572 4150 post
2599 4082 2719 4152 ejus
2744 4086 3000 4143 mortem,
3033 4078 3090 4132 in
3115 4077 3348 4148 gratiam
3385 4076 3567 4139 rediit,
3595 4092 3688 4132 er-

2094 4189 2386 4242 roremque
2415 4187 2576 4226 suum
2598 4188 2722 4228 cum
2747 4171 2938 4226 multis
2969 4169 3093 4224 aliis
3119 4168 3544 4233 concitantibus,
3571 4175 3688 4224 tum

2093 4263 2328 4321 maxime
2356 4263 2565 4319 Isidoro
2594 4262 2874 4319 Pelusiota
2893 4277 3045 4317 nunc
3073 4261 3508 4333 reprehensione
3542 4276 3692 4317 nunc

2093 4355 2470 4412 admonitione
2491 4352 2993 4417 eumcohortante,
3033 4352 3219 4408 divina
3243 4355 3409 4410 etiam
3440 4364 3497 4410 et
3533 4370 3688 4409 arca—

2094 4448 2251 4504 niore
2279 4446 2515 4518 quadam
2539 4444 2883 4502 revelatione'
2896 4444 3214 4510 accedente,
3243 4445 3505 4499 correxit.
3529 4445 3691 4500 Vide-

396 4548 464 4587 eo
483 4533 942 4606 scriptam,plura
961 4536 1254 4610 dicemus);
1277 4538 1369 4593 hic
1383 4538 1768 4610 ergoNicetas,
1787 4539 1993 4610 quibus
2024 4532 2068 4590 D
2096 4553 2167 4615 re
2184 4552 2422 4608 namque
2442 4536 2594 4592 visus
2633 4545 2740 4602 est,
2771 4535 3015 4607 seipsum
3043 4535 3219 4592 sacris
3245 4535 3459 4591 aedibus
3493 4537 3696 4605 expu|-~

400 4626 784 4696 progressibus
811 4642 903 4683 res
934 4635 1084 4684 tanto
1117 4639 1362 4700 tempore
1383 4641 1715 4701 pertractata
1743 4640 1987 4702 optatum

401 4725 697 4772 consecuta
727 4718 799 4774 sit
830 4718 1303 4784 ﬁncm,'Historiat
1330 4735 1444 4776 sua:
1460 4721 1716 4788 inseruit,
1742 4721 1993 4778 adductis

401 4809 597 4864 iitteris
623 4811 789 4866 Attici
815 4821 979 4882 atque
1013 4811 1202 4884 Cyrilli
1233 4812 1338 4868 hac
1368 4812 1438 4868 de
1471 4829 1533 4870 re
1562 4815 1705 4871 ultro
1743 4815 1994 4886 citroque

400 4900 564 4964 datis,
597 4916 736 4970 quas
759 4901 912 4956 omni
943 4901 1051 4957 fide
1077 4903 1420 4974 conscriptas
1458 4906 1823 4976 pronuntians
1847 4906 1992 4963 reei-

402 5002 480 5047 tat
513 4992 781 5048 Baronius
816 5007 970 5048 num.
1016 4993 1086 5049 46
1124 5003 1182 5049 ct
1221 5009 1402 5066 seqq.,
1429 5011 1576 5051 anno
1615 4997 1741 5063 Μὴ
1780 5012 1996 5054 nameo

395 5083 736 5139 existimavit
749 5099 952 5139 nomen
966 5084 1342 5156 Chrysostomi
1359 5087 1634 5160 diptychis
1649 5089 1993 5160 inscriptum,

295 5243 300 5256 '
402 5176 546 5245 quod
576 5177 801 5233 nonnisi
847 5177 1060 5233 ultimis
1085 5178 1248 5234 annis
1267 5179 1434 5236 Attici
1456 5179 1662 5236 factum
1681 5181 1748 5236 ad
1767 5183 1887 5253 ejus
1911 5182 1998 5236 Vi-

404 5280 510 5323 tam
553 5269 934 5340 probavimus.
966 5269 1119 5327 Obiit
1160 5271 1252 5328 ille
1297 5288 1329 5327 x
1366 5272 1563 5329 Octob.
1599 5273 1728 5328 anni
1777 5274 1902 5329 ηε.
1934 5274 1998 5329 Εἰ

401 5360 646 5416 eonvixit
680 5361 989 5417 Alexander
1015 5363 1311 5435 episcopus
1354 5365 1753 5432 Antiochenus,
1795 5367 1864 5423 de
1888 5383 1999 5437 quo

402 5467 545 5518 mox,
569 5453 640 5508 ad
663 5469 869 5509 annum
898 5470 1071 5525 usque
1109 5456 1436 5527 vigesimum
1464 5458 1852 5524 illius-seculi;
1879 5467 2003 5529 post

403 5543 798 5613 cujus-obitum
827 5546 1044 5602 Atticus
1083 5563 1288 5603 nomen
1317 5549 1691 5622 Chrysoswmi
1727 5551 2003 5624 diptych‘is

393 5633 1023 5708 Constantinopolitanis
1051 5640 1352 5713 inscripsit,
1387 5651 1550 5712 atque
1584 5652 1644 5697 ut
1677 5643 1820 5699 idem
1859 5661 2000 5716 pra:-

405 5736 644 5784 staretur
667 5730 1031 5798 Alexandriae,
1069 5733 1273 5789 litteris
1313 5735 1428 5790 suis
1463 5736 1678 5792 monuit
1712 5737 1996 5808 Cyrillum.

475 5819 565 5875 31.
585 5821 679 5878 Ex
696 5821 888 5879 Niccta
924 5825 1257 5897 Phi1050plio
1288 5843 1398 5883 rem
1426 5836 1593 5884 totam
1619 5829 1694 5884 ita
1724 5830 1852 5886 dcsc
1866 5830 2000 5886 ribit

2092 4645 2213 4685 sum
2242 4643 2366 4685 esse
2388 4643 2420 4704 a
2448 4628 2681 4694 Joanne,
2713 4628 2979 4684 comitatu
3009 4638 3068 4685 et
3099 4627 3310 4693 divino,
3353 4627 3501 4697 quod
3544 4628 3689 4683 circa

2091 4736 2220 4778 cum
2241 4732 2382 4788 erat,
2422 4721 2686 4778 satellitio
2722 4722 2959 4778 maxime
3002 4722 3264 4788 freto,'et
3305 4727 3536 4777 matrem
3581 4721 3688 4775 Do-

2095 4811 2229 4866 mini
2275 4826 2377 4883 pro
2424 4811 2544 4882 ipso
2583 4811 2970 4882 deprecantem
3017 4811 3305 4891 Joannem,
3351 4818 3515 4882 atque
3563 4826 3689 4866 cum

2096 4904 2266 4959 multa
2296 4903 2464 4960 etiam
2493 4903 2772 4969 alia,,tum
2812 4903 2948 4960 illud
2988 4904 3264 4974 praecipue
3297 4905 3443 4974 quod
3475 4921 3575 4974 pro
3611 4903 3698 4973 ip-

2096 4997 2214 5052 sius
2239 4996 2412 5067 gloria
2445 4995 2746 5066 plurimum
2775 4995 2867 5050 ille
2906 4980 3222 5060 decertarit,
3271 4995 3416 5051 sicut
3450 4996 3689 5061 dicetur,

2099 5087 2448 5152 referentem,
2504 5096 2567 5143 ut
2607 5089 2664 5144 in
2694 5103 2853 5145 sacra
2883 5090 3084 5160 templa
3119 5088 3480 5160 reciperetur,
3509 5104 3687 5144 orare.

2099 5179 2251 5235 Hanc
2285 5179 2723 5237 visionemcum
2771 5182 2831 5237 Β.
2883 5181 3147 5255 Cyrillus
3176 5181 3579 5254 cogitabundus
3635 5180 3691 5234 in

2101 5274 2284 5328 animo
2326 5290 2515 5330 secum
2547 5277 2812 5340 volveret,
2851 5275 3124 5348 seipsum,
3151 5272 3298 5343 quod
3343 5273 3401 5327 in
3440 5279 3690 5326 sanctum

2101 5368 2280 5422 virum
2312 5366 2563 5423 invectus
2583 5375 2750 5434 esset,
2772 5351 3053 5423 damnavit
3075 5382 3088 5419 :
3113 5375 3176 5421 et
3193 5363 3392 5420 deinde
3421 5363 3537 5433 ipse
3558 5379 3695 5433 quo-

2101 5474 2208 5528 que
2241 5473 2298 5513 re
2329 5459 2567 5529 cognita,
2601 5457 2860 5514 Ecclesiae
2888 5456 3266 5530 Chrysostomi
3303 5455 3576 5521 addictus,
3615 5457 3695 5510 vi-

2101 5563 2223 5601 rum
2254 5563 2380 5603 eum
2411 5548 2718 5603 admiratus
2743 5557 2850 5613 est,
2868 5547 3137 5616 valdeque
3159 5561 3309 5612 eum,
3333 5547 3479 5618 Quod
3502 5558 3692 5603 contra

2103 5641 2257 5694 ilium
2296 5639 2621 5708 imprudens
2649 5654 2876 5708 prorsus
2907 5637 3160 5694 irritatus
3182 5639 3369 5706 fuerit,
3411 5642 3690 5712 paenituit.

2104 5732 2338 5789 Proinde
2358 5731 2638 5787 diversum
2676 5730 2902 5786 omnino
2931 5747 2962 5786 a
2993 5732 3178 5803 priore
3201 5735 3431 5790 consilio
3464 5735 3689 5795 faciens,

2063 5875 2076 5882 ρ
2103 5825 2368 5898 synodum
2391 5824 2782 5897 provincialem
2813 5827 3008 5898 coegit,
3041 5837 3096 5883 ct
3123 5827 3347 5884 Joannis
3388 5843 3584 5883 noiuou
3615 5826 3692 5882 si-
