4024 6220
335 324 546 406 κε

1695 353 1751 408 S.
1795 354 2073 410 CYRILLI
2113 357 2295 412 VITA.
3510 407 3513 409 -
3549 365 3620 422 24

337 467 449 521 mul
477 475 535 521 et
570 465 685 536 ipse
717 475 772 521 et
801 466 999 536 reliqui
1049 480 1364 537 magnarum
1401 465 1614 520 sedium
1647 467 1920 523 antistites
1949 473 1989 526 Α
2087 467 2175 522 36.
2217 469 2442 535 Verum,
2467 479 2527 524 ut
2547 487 2670 527 mox
2693 472 2975 544 subjungit
3007 472 3152 528 idem
3169 473 3427 547 Cyrillus,
3457 499 3473 530 ι
3503 480 3618 535 ele-

334 560 391 614 in
421 575 577 615 sacro
605 561 730 616 albo
769 568 1194 631 proposuerunt.

398 651 486 706 55.
521 671 539 702 ι
592 653 675 707 Illi
719 668 851 708 vero
889 652 1073 708 minus
1117 667 1247 708 vere
1279 653 1462 710 dicere
1506 655 1784 719 videntur,
1828 657 1924 726 qui

330 744 593 815 Cyrillum
618 745 793 800 libros
842 745 981 800 alios
1009 744 1190 817 magni
1215 745 1394 802 Patris
1414 745 1715 802 abolevisse
1740 737 1926 818 perhil-

332 835 483 888 bent.
513 835 647 889 Nam
687 835 732 890 si
764 850 872 904 qua
895 835 1096 906 scripta
1127 837 1248 907 ejus
1279 837 1547 893 abolenda
1588 849 1764 902 erant,
1809 839 1924 894 haec

331 941 452 995 quae
483 926 663 983 adhuc
697 935 943 992 exstant,
975 928 1120 998 quod
1158 929 1448 984 consilium
1501 931 1924 1000 institutumque

329 1017 450 1085 ejus
474 1016 530 1077 in
557 1017 639 1071 eis
659 1018 894 1073 maxime
922 1033 1240 1089 expressum
1273 1031 1376 1086 est,
1403 1021 1606 1076 abolita
1643 1021 1924 1091 oportuis-

330 1118 450 1173 set;
483 1108 594 1163 nisi
615 1110 760 1164 Deus
788 1110 1040 1167 utilitatis
1070 1112 1354 1180 hominum
1387 1129 1578 1168 curam
1608 1129 1824 1184 gerens,
1860 1130 1925 1169 ea

333 1210 730 1256 conservasset.
760 1201 876 1258 Hoc
895 1216 1019 1257 cum
1038 1202 1093 1257 in
1116 1217 1317 1262 arcana
1353 1203 1559 1260 Nicetae
1577 1204 1922 1275 Philosophi,

333 1289 430 1358 qui
452 1300 508 1345 et
535 1291 706 1346 David
731 1291 913 1347 dictus
935 1292 1313 1358 est,Historia,
1346 1304 1403 1348 et
1431 1293 1576 1364 apud
1610 1293 1750 1351 alios
1793 1295 1924 1350 item

333 1378 659 1448 invenerim,
693 1382 847 1454 operi
877 1383 1008 1438 huic
1035 1398 1158 1439 meo
1187 1383 1537 1440 inserendum
1562 1401 1683 1442 esse
1706 1400 1926 1456 quoque

333 1469 463 1525 duxi
496 1489 509 1525 :
543 1487 612 1526 ne
637 1473 727 1528 cui
757 1471 1036 1543 ambigere
1065 1472 1122 1528 in
1147 1482 1389 1529 mentem
1411 1474 1616 1539 veniat,
1648 1475 1926 1545 quomodo

333 1571 486 1617 tanta
505 1562 818 1628 luminaria,
859 1561 1179 1626 inimicitias
1204 1573 1422 1623 mutuas
1451 1565 1784 1630 exercentia,
1806 1579 1925 1623 am-

331 1652 406 1708 bo
426 1654 494 1709 ad
519 1669 788 1709 summam
819 1655 1163 1711 sanctitatem
1199 1657 1569 1726 pervenerint,
1591 1667 1648 1712 et
1668 1657 1928 1714 Ecclesiae

333 1744 602 1800 columnae
639 1744 976 1812 exstiterint,
1011 1745 1315 1802 inimicitiis
1355 1747 1669 1818 huiusmodi
1712 1749 1924 1810 nullum

332 1835 553 1892 illorum
581 1836 768 1908 gloriae
795 1837 1187 1896 detrimentum
1208 1839 1585 1897 aiferentibus.
1621 1859 1640 1893 ι

610 1949 636 2020 §
675 1951 786 2005 VII.
827 1951 1056 2006 Haeresis
1080 1951 1400 2022 Nestoriana
1427 1953 1651 2008 detecta.

404 2040 716 2096 54.«Attico
732 2040 844 2096 vita
861 2043 1049 2098 functo
1077 2043 1343 2098 successit
1372 2043 1665 2109 Sisinnius,
1696 2053 1819 2115 post
1833 2061 1930 2100 cu-

331 2135 422 2204 jus
442 2143 726 2199 mortem,»
752 2133 1314 2204 inquitSocrateslib.
1337 2152 1428 2202 vn,
1446 2152 1566 2207 cap.
1587 2135 1678 2201 29,
1708 2157 1726 2188 ι
1749 2137 1929 2192 visum

335 2232 420 2279 est
451 2224 793 2294 imperatori,
824 2235 1051 2296 propter
1074 2224 1326 2281 homines
1348 2226 1594 2281 inanium
1617 2241 1802 2280 rerum
1830 2240 1928 2295 ap-

334 2324 606 2387 petentes,
633 2318 909 2374 neminem
935 2333 1004 2375 ex
1026 2319 1119 2375 illa
1147 2318 1392 2375 Ecclesia
1421 2319 1571 2388 (licet
1599 2318 1758 2377 multi
1775 2371 1778 2374 .
1796 2318 1928 2374 Phi-

334 2406 569 2478 lippum,
606 2409 921 2480 complures
962 2409 1216 2466 Proclum
1259 2410 1602 2481 designatum
1640 2411 1927 2481 cuperent)

335 2499 404 2554 ad
427 2499 805 2571 episcopatum
841 2501 997 2564 illum
1019 2502 1225 2572 eligere
1256 2518 1270 2555 :
1304 2501 1400 2556 sed
1437 2502 1699 2556 advenam
1733 2501 1928 2558 Antio-

336 2588 460 2644 chia
494 2605 775 2646 accersere
808 2591 1114 2647 constituit.
1161 2591 1293 2646 Erat
1318 2606 1554 2662 namque
1590 2591 1704 2647 illic
1729 2592 1928 2648 Nesto-

336 2679 455 2736 rius
475 2694 542 2735 ex
556 2678 880 2736 Germanica
899 2681 1188 2746 oriundus,
1207 2697 1341 2738 voce
1359 2681 1680 2752 cumprimis
1705 2697 1926 2749 sonora,

337 2773 632 2844 linguaque
661 2771 864 2828 diserta
890 2791 903 2826 :
936 2782 993 2830 et
1017 2774 1089 2829 ob
1120 2789 1245 2829 eam
1277 2788 1518 2838 causam,
1559 2783 1816 2844 tanquam
1861 2773 1929 2828 ad

337 2864 649 2920 docendum
704 2864 968 2936 populum
1007 2863 1305 2923 admodum
1351 2866 1818 2931 accommodatus,
1859 2864 1929 2920 de

339 2957 561 3014 illorum
589 2956 865 3014 sententia
890 2957 1210 3013 accersitur.
1244 2956 1532 3013 Trimestri
1556 2957 1722 3029 igitur
1751 2958 1930 3028 spatio

337 3063 639 3120 percurso,
701 3047 996 3106 Antiochia
1032 3047 1564 3119 Constantinopolim
1635 3048 1929 3111 deducitur

340 3234 471 3289 tiam
491 3233 652 3290 laude
671 3244 728 3289 et
743 3233 1132 3304 pradicatione
1160 3233 1514 3298 efferebatur,
1537 3242 1719 3290 tamen
1741 3232 1932 3303 quales

341 3333 608 3396 praeterea
636 3325 758 3397 ejus
795 3339 978 3380 mores
1009 3324 1234 3390 fuerint,
1260 3325 1473 3395 primus
1495 3324 1644 3381 illius
1671 3324 1932 3384 doctrinae

339 3419 568 3473 exorsus
607 3417 976 3489 prudentibus
1000 3416 1141 3472 viris
1167 3417 1301 3472 satis
1335 3417 1752 3472 demonstravit.
1796 3416 1931 3470 Nam

341 3510 504 3565 simul
537 3524 602 3564 ac
631 3509 923 3581 episcopus
973 3525 1024 3564 Iv
1065 3509 1194 3565 ldus
1235 3509 1441 3579 Aprilis
1486 3507 1776 3566 ordinatus
1807 3505 1930 3572 fuit,

341 3601 522 3656 Felice
543 3611 599 3657 ct
613 3601 794 3658 Tauro
819 3617 988 3668 coss.,
1007 3601 1302 3671 extemplo,
1322 3599 1768 3656 cum'orationcm
1790 3599 1934 3669 apud

344 3695 736 3765 imperatorem
769 3694 1019 3759 haberet,
1042 3693 1186 3750 hanc
1206 3692 1556 3758 sententiam,
1587 3706 1710 3762 qua:
1749 3689 1936 3746 multis

343 3788 400 3842 in
423 3802 519 3842 ore
541 3795 646 3852 est,
671 3802 854 3842 coram
884 3787 1146 3842 universo
1166 3785 1372 3856 populo
1410 3783 1642 3854 protulit
1669 3800 1684 3838 :
1720 3781 1874 3847 Mihi,
1903 3797 1936 3837 ο

345 3879 662 3949 imperator,
692 3889 897 3935 terram
925 3879 1196 3935 haereticis
1225 3887 1285 3932 tu
1311 3885 1595 3948 purgatam
1633 3875 1835 3939 tribue,
1880 3884 1938 3930 et

343 3970 565 4042 egotibi
592 3972 791 4027 coelum
830 3971 1168 4027 retribuam:
1215 3977 1272 4023 tu
1311 3968 1446 4022 mihi
1487 3968 1542 4022 in
1583 3965 1938 4038 profligandis

344 4062 619 4118 haereticis
646 4061 897 4128 subveni,
927 4071 984 4118 et
1008 4075 1110 4132 ego
1143 4059 1244 4116 tibi
1270 4060 1325 4114 in
1360 4057 1720 4130 proﬂigandis.
1754 4056 1938 4120 Persis

344 4154 688 4209 subveniam.
725 4139 744 4206 ὲ

415 4244 504 4299 55.
527 4245 865 4300 Praeclarum
903 4244 1143 4300 Nestorii
1179 4245 1420 4308 initium,
1447 4244 1579 4299 licet
1603 4253 1792 4314 pergat
1820 4243 1940 4312 plu-

346 4335 504 4390 ribus
545 4335 836 4406 suggillare
867 4334 1154 4401 Socrates,
1183 4346 1240 4390 et
1279 4336 1399 4405 ipse
1435 4334 1600 4388 homo
1624 4333 1936 4397 haereticus,

344 4424 642 4480 laudarunt
676 4422 1006 4480 Caelestinus
1059 4438 1201 4493 papa
1245 4430 1302 4476 et
1337 4420 1592 4492 Cyrillus,
1625 4419 1826 4477 litteris
1869 4421 1940 4478 ad

2025 573 2148 623 ctus
2172 577 2259 622 est
2291 576 2352 621 ut
2381 565 2520 628 ovis,
2558 565 2653 621 sed
2682 566 2938 622 inventus
2965 577 3050 622 est
3079 576 3140 621 ut
3169 567 3368 638 lupus;
3409 581 3472 624 ut
3501 575 3617 627 sin-

2025 674 2186 714 cerus
2216 657 2499 727 fidelisque
2533 655 2790 721 famulus,
2816 656 2912 711 sed
2941 656 3135 713 dilexit
3162 659 3517 727 Oppositum;
3557 673 3618 720 ut

2027 753 2270 804 uvarum’
2285 749 2436 804 ferax
2460 749 2640 814 vinea,
2660 747 2754 802 sed
2770 749 2927 818 juxta
2941 747 3258 817 Scripturas
3277 748 3462 819 spinas
3491 765 3618 821 pro-

2029 842 2182 908 tulit;
2203 850 2267 896 ut
2297 839 2606 895 industrius
2629 837 2892 909 agricola,
2918 837 3016 892 sed
3037 836 3338 892 insidiatus
3357 847 3443 892 est
3466 853 3619 908 agro;

2026 944 2088 992 ut
2109 934 2289 989 bonus
2318 933 2557 1003 denique
2595 940 2803 1001 pastor,
2829 929 2926 985 sed
2965 929 3276 1000 agrestibus
3313 929 3448 986 feris
3481 930 3620 984 effe-

2027 1026 2197 1080 ratior
2217 1022 2410 1080 evasit.
2442 1042 2460 1074 ι
2498 1021 2703 1093 Cyrillo
2726 1019 3080 1077 consentiens
3115 1020 3438 1078 Vincentius
3470 1019 3617 1074 Liri-

2026 1115 2233 1180 nensis,
2283 1116 2481 1170 horum
2521 1122 2829 1184 temporum
2879 1113 3138 1184 scriptor,
3185 1113 3495 1184 ingemiscit
3545 1111 3618 1166 ob

2027 1205 2344 1260 scandalum
2376 1203 2635 1260 Ecclesiae
2667 1217 2764 1273 per
2789 1202 3104 1258 Nestorium
3139 1202 3373 1259 illatum.
3416 1222 3434 1254 ‹
3475 1202 3620 1268 Qua-

2026 1300 2132 1354 lem
2163 1297 2350 1362 fuisse,
2379 1316 2397 1348 ι
2439 1295 2638 1366 inquit,
2673 1314 2691 1346 ι
2733 1310 2910 1365 nuper
2940 1295 3296 1351 tentationem
3338 1305 3614 1366 putamus,

2027 1405 2152 1443 cum
2183 1388 2371 1444 infelix
2405 1388 2496 1444 ille
2526 1386 2830 1450 Nestorius,
2862 1385 3046 1441 subito
3076 1401 3145 1440 ex
3184 1400 3286 1439 ove
3320 1400 3619 1440 conversus

2028 1482 2084 1535 in
2116 1483 2328 1551 lupum,
2371 1493 2590 1551 gregem
2621 1477 2826 1533 Christi
2875 1477 3122 1534 lacerare
3158 1477 3452 1546 coepisset?
3495 1492 3619 1531 cum

2030 1573 2083 1626 hi
2110 1572 2234 1642 ipsi,
2257 1571 2352 1640 qui
2370 1569 2728 1634 rodebantur,
2763 1585 2833 1624 ex
2853 1583 3048 1640 magna
3074 1567 3256 1622 adhuc
3283 1577 3437 1638 parte
3462 1583 3618 1622 ovem

2029 1662 2343 1726 crederent,
2385 1660 2620 1730 ideoque
2663 1659 2943 1716 morsibus
2982 1659 3104 1729 ejus
3137 1658 3311 1729 magis
3347 1667 3615 1729 paterent.

2027 1753 2163 1809 Nam
2219 1751 2345 1822 quis
2385 1765 2512 1823 eum
2561 1749 2721 1805 facile
2779 1764 2966 1804 errare
3022 1748 3408 1814 arbitraretur,
3457 1764 3620 1818 quem

1960 1824 2002 1878 Β
2036 1854 2186 1900 tanto
2215 1842 2561 1899 sacerdotum
2611 1841 2795 1897 studio
2836 1850 3188 1911 persecutum
3224 1832 3476 1896 videret?
3505 1841 3620 1910 qui,

2031 1954 2156 1994 cum
2186 1951 2384 2008 magno
2403 1946 2720 1992 sanctorum
2750 1949 2957 2000 amore,
2980 1947 3195 1989 summo
3225 1933 3410 2004 pepuli
3438 1928 3622 2008 favore
3695 1931 3704 1937 ’

2031 2006 2432 2092 celebraretur,
2467 2025 2716 2097 quotidie
2752 2024 2930 2095 palam
2967 2023 3156 2079 divina
3189 2022 3465 2078 tractabat
3501 2006 3619 2076 elo-

2031 2120 2180 2192 quia,
2207 2129 2264 2175 et
2287 2118 2484 2175 noxios
2515 2132 2736 2188 quoque
2770 2114 3083 2172 Judmorum
3124 2123 3289 2183 atque
3321 2112 3618 2168 Gentilium

2031 2211 2350 2270 confutabat
2394 2196 2646 2266 errores"?
2687 2207 2805 2274 Quo
2855 2203 3074 2261 tandem
3118 2204 3266 2275 justo
3307 2202 3469 2258 modo
3507 2219 3620 2258 non

2031 2303 2208 2359 cuivis
2225 2302 2388 2358 fidem
2403 2301 2609 2360 faceret
2631 2316 2690 2358 se
2713 2309 2862 2355 recta
2883 2298 3103 2362 docere,
3121 2302 3272 2352 recta
3296 2295 3618 2366 praedicare,

2032 2405 2185 2452 recta
2214 2396 2457 2461 sentire,
2492 2393 2589 2464 qui
2620 2402 2680 2448 ut
2708 2391 2803 2447 uni
2837 2389 3036 2446 haeresi
3067 2404 3181 2445 sua:
3218 2388 3427 2444 aditum
3464 2398 3618 2458 pate-

2030 2490 2256 2555 faceret,
2305 2498 2629 2567 cunctarum
2656 2486 2940 2541 haereseon
2974 2480 3342 2551 blasphemias
3383 2479 3621 2536 insecta-

2032 2581 2245 2638 batur?»
2278 2590 2386 2637 etc.

2099 2696 2188 2750 37.
2217 2696 2293 2751 De
2326 2695 2442 2766 ipsa
2490 2694 2610 2766 ejus
2632 2689 2846 2755 haeresi,
2867 2688 3141 2759 hujusque
3185 2683 3426 2741 strenuis
3445 2699 3625 2754 Oppu-

2029 2773 2368 2857 gnatoribus,
2408 2783 2482 2839 ita
2531 2781 2721 2854 paucis
2765 2781 3000 2849 Prosper
3056 2775 3112 2831 in
3153 2773 3430 2838 Chronico,
3478 2787 3624 2828 coss.

2029 2876 2212 2930 Tauro
2232 2883 2290 2930 et
2315 2873 2515 2938 Felice,
2543 2886 2686 2926 anno
2703 2869 2835 2926 Chr.
2857 2866 2981 2923 428:
3010 2886 3028 2918 ι
3053 2864 3338 2938 Nestorius
3357 2862 3622 2924 Constan-

2032 2966 2423 3037 tinopolitanus
2446 2963 2738 3035 episcopus
2759 2975 2963 3015 novum
2995 2932 3259 3014 Ecaesiis
3289 2955 3515 3009 molitur
3536 2968 3624 3008 er-

2031 3074 2214 3114 rorem
2271 3057 2570 3122 inducere,
2623 3052 2930 3126 praedicans
2989 3049 3270 3106 Christum
3335 3061 3405 3102 ex
3454 3045 3623 3100 Maria

238 3149 244 3158 ’
337 3141 656 3208 Nestorius;
685 3141 778 3212 qui
802 3155 1115 3212 quanquam
1160 3157 1190 3197 a
1212 3141 1488 3212 plerisque
1519 3141 1592 3197 οἱ)
1616 3151 1928 3212 temperan-
1957 3159 1998 3219 c
2032 3151 2310 3206 hominem
2342 3158 2577 3214 tantum,
2601 3156 2658 3202 et
2681 3161 2793 3201 non
2818 3145 3012 3209 Deum,
3040 3150 3253 3204 natum,
3287 3138 3450 3208 eique
3477 3135 3623 3190 Divi-

2031 3243 2258 3299 nitatem
2289 3241 2539 3298 collatam
2572 3253 2693 3296 esse
2732 3252 2834 3308 pro
2891 3235 3110 3291 merito.
3156 3231 3297 3287 Huic
3354 3225 3623 3299 impietati

2031 3337 2306 3408 praecipue
2337 3334 2528 3407 Cyrilli
2565 3328 2920 3389 Alexandrini
2949 3325 3192 3396 episcopi
3232 3321 3534 3386 industria,
3569 3329 3624 3376 et

2031 3442 2187 3498 papa:
2221 3423 2504 3483 C(elestini
2543 3429 2812 3493 repugnat
2837 3417 3158 3478 auctoritas.
3198 3433 3216 3468 ›
3260 3413 3417 3472 Unde
3445 3412 3622 3470 haere-

2034 3520 2109 3574 sis
2147 3517 2238 3574 illa
2274 3513 2614 3588 proﬂuxerit,
2658 3519 2912 3566 accurate
2951 3508 3196 3578 disputat
3239 3505 3505 3561 Baronius
3551 3502 3620 3558 ad

2033 3611 2286 3668 eumdem
2317 3621 2520 3664 annum
2557 3621 2711 3662 num.
2741 3603 2811 3660 '50
2849 3601 2920 3659 ’et
2945 3601 3322 3673 sequentibus.
3365 3599 3476 3655 Nos
3505 3612 3625 3652 sce-

2035 3698 2349 3756 leratissimi
2396 3697 2747 3770 sycophanta:
2793 3692 3038 3749 fallacias
3073 3708 3104 3746 a
3145 3690 3346 3763 Cyrillo
3385 3690 3628 3744 detectas

2036 3804 2453 3861 prosequamur.
2483 3787 2773 3844 Nestorius
2815 3779 3004 3857 igitur,
3043 3785 3193 3856 jacto
3234 3781 3629 3838 Censtantino.

2035 3882 2146 3952 poli
2167 3880 2374 3936 erroris
2395 3879 2590 3935 nefarii
2622 3879 2832 3935 semine
2853 3876 3278 3946 haudquaquam
3311 3880 3625 3935 contentus,

2039 3980 2099 4027 ut
2142 3986 2271 4027 eum
2317 3971 2483 4026 latius
2532 3979 2832 4042 spargeret,
2884 3967 3100 4022 libellos
3149 3963 3367 4018 occulto
3414 3975 3626 4013 veneno

2037 4064 2276 4120 suffusos
2320 4078 2420 4134 per
2460 4071 2676 4116 exteras
2725 4071 2942 4127 quoque
2970 4067 3115 4108 .oras
3159 4051 3420 4120 vulgavit,
3460 4057 3623 4118 atque

2038 4153 2107 4210 ad
2161 4153 2311 4224 ipsos
2354 4149 2570 4221 )Egypti
2627 4146 2922 4202 monachos
2977 4142 3164 4208 misit;
3219 4141 3359 4196 nihil
3411 4157 3470 4196 se
3514 4141 3622 4195 nisi

2038 4261 2106 4306 ex
2138 4243 2341 4300 Μεωηί
2381 4238 2601 4297 concilii
2635 4236 2956 4308 praescripto
2988 4235 3210 4301 docere,
3244 4232 3623 4290 fraudulenter

2035 4336 2314 4410 jactitans.
3325 4347 3328 4350 ·

2111 4428 2200 4484 38.
2228 4428 2435 4484 Horum
2471 4439 2636 4481 causa
2667 4421 2876 4495 magnae
2910 4419 3054 4475 inter
3078 4417 3295 4491 Egypti
3331 4418 3628 4474 monachos

346 4517 524 4587 ipsum
544 4516 860 4572 Nestorium
881 4515 1056 4570 datis:
1080 4514 1172 4568 hic
1193 4527 1421 4568 suarum
1443 4512 1693 4568 meminit
1718 4513 1774 4568 in
1797 4529 1929 4584 apo-
1959 4513 2002 4568 ι)
2035 4523 2285 4579 excitata;
2301 4526 2431 4575 sunt
2450 4517 2644 4582 turba,
2663 4514 2731 4570 ad
2751 4528 2888 4585 quas
2910 4511 3180 4568 sedandas
3197 4510 3456 4583 Cyrillus,
3476 4526 3628 4566 acer-

346 4609 580 4678 logetica
639 4607 872 4678 epistola
938 4606 1006 4661 ad
1069 4604 1439 4660 Theodosium
1522 4604 1930 4676 imperatorem,

348 4711 498 4756 tomo
533 4702 575 4758 V
604 4701 803 4756 conci].
831 4699 1112 4770 Ephesini,
1135 4713 1256 4769 cap.
1280 4697 1334 4752 2.
1369 4718 1387 4749 σ
1420 4697 1642 4755 Electus
1665 4706 1770 4764 est,
1801 4718 1820 4752 ι
1852 4700 1936 4755 in-

346 4793 488 4863 quit,
521 4811 539 4844 ι
573 4791 859 4848 Nestorius
883 4801 1142 4862 tanquam
1173 4788 1484 4860 apostolica:
1501 4789 1935 4861 evangelicaxjue

320 4885 613 4941 doctrina:
643 4899 826 4955 praeco
858 4882 1130 4955 egregius,
1182 4882 1676 4953 promovendatwe
1718 4882 1937 4952 pietatis

347 4977 544 5032 artifex
575 4976 826 5048 insignis,
855 4989 1067 5031 necnon
1090 4983 1347 5045 tanquam
1390 4975 1436 5029 is
1480 4973 1573 5044 qui
1602 4975 1658 5028 in
1685 4982 1832 5029 recta
1858 4975 1937 5028 in-

349 5067 678 5138 culpataque
711 5065 818 5121 fide
856 5064 1116 5136 praeclare
1159 5071 1313 5118 esset
1352 5061 1630 5118 fundatus.
1683 5061 1753 5116 Et
1794 5061 1938 5132 ejus-

348 5160 500 5216 modi
533 5160 682 5214 hunc
708 5158 987 5214 hominem
1015 5171 1136 5212 esse
1166 5155 1422 5225 cupiebat
1449 5163 1632 5209 vestra
1661 5153 1934 5224 majestas,

321 5279 326 5284 -
349 5251 704 5321 universique
725 5256 1039 5305 sanctarum
1069 5247 1437 5304 Ecclesiarum
1457 5244 1739 5315 przesides,
1759 5253 1816 5299 et
1837 5259 1938 5314 ego

351 5346 468 5414 ipse
491 5357 732 5414 quoque.
766 5341 906 5397 Sane
935 5355 1064 5396 cum
1093 5339 1161 5394 de
1190 5337 1337 5394 illius
1355 5336 1701 5392 ordinatione
1729 5336 1939 5394 litteras

351 5453 382 5491 a
407 5436 670 5505 piissimis
695 5433 968 5506 episcopis
1012 5431 1080 5487 ad
1117 5432 1223 5486 hoc
1265 5428 1549 5486 destinatis
1583 5429 1935 5498 accepissem,

355 5525 492 5582 nihil
525 5527 653 5582 mali
683 5526 1012 5596 suspicatus,
1039 5523 1150 5578 imo
1171 5535 1302 5576 vero
1331 5518 1562 5580 laudans
1587 5527 1644 5574 et
1671 5518 1936 5589 gaudens,

355 5621 544 5691 illique
573 5627 832 5690 tanquam
865 5617 1021 5674 fratri
1059 5623 1116 5670 et
1140 5613 1517 5670 comministro
1555 5612 1760 5683 optima
1789 5629 1939 5684 quaa-

357 5729 464 5785 que
499 5727 599 5782 per
627 5711 869 5766 divinam
900 5707 1287 5766 liberalitatem
1325 5705 1612 5776 obtingere
1655 5715 1936 5776 exoptans,

360 5804 639 5878 rescripsi.
681 5823 701 5858 ι
1736 5797 1748 5814 "

2041 4614 2216 4668 rimus
2251 4609 2573 4666 orthodoxae
2612 4607 2739 4663 fidei
2775 4622 2807 4662 a
2840 4606 2953 4662 Deo
2985 4604 3195 4660 electus
3233 4612 3626 4674 propugnator,

2042 4719 2168 4760 mox
2205 4717 2265 4758 se
2293 4699 2548 4763 accinxit,
2577 4709 2634 4755 et
2665 4713 2792 4754 cum
2827 4696 3048 4753 schedis
3106 4711 3227 4766 quae
3259 4695 3328 4750 de
3351 4711 3415 4750 ea
3441 4710 3499 4750 re
3528 4693 3630 4748 sub

2041 4795 2264 4852 nomine
2298 4792 2539 4848 Nestorii
2578 4789 2920 4854 ferebantur,
2969 4803 3162 4858 parum
3213 4785 3339 4842 fidei
3380 4785 3626 4848 haberet,

2041 4887 2345 4957 prudenter
2371 4884 2443 4938 ab
2469 4883 2592 4952 ejus
2612 4880 2838 4934 nomine
2867 4877 3153 4933 abstinuit.
3189 4876 3427 4930 Primam
3466 4874 3630 4944 igitur

2043 4975 2326 5046 epistolam
2355 4973 2548 5028 scribit
2569 4969 2639 5026 ad
2676 4969 2822 5040 ipsos
2849 4967 3165 5029 monachos,
3199 4965 3293 5020 ubi
3320 4966 3461 5018 inter
3483 4963 3587 5016 al‘ia
3615 4981 3625 5014 :

2052 5088 2070 5120 ι
2107 5066 2286 5122 Audio
2314 5065 2564 5142 exitiales
2593 5062 2858 5133 quosdam
2885 5073 3136 5114 rumores
3156 5057 3300 5110 inter
3331 5070 3427 5110 vos
3446 5069 3631 5125 prose-

2046 5159 2302 5222 minatos,
2337 5154 2632 5211 nonnullos
2653 5165 2872 5222 quoque
2905 5149 3186 5210 obcrrare,
3219 5146 3315 5216 qui
3355 5144 3627 5199 sinceram

2045 5259 2285 5304 vestram
2333 5246 2496 5301 fidem
2529 5241 2784 5299 demoliri
2826 5238 3116 5301 studeant,
3154 5245 3210 5290 et
3245 5234 3491 5290 inanium
3530 5249 3623 5288 vo-

2046 5340 2369 5396 cabulorum
2385 5337 2563 5392 bullas
2576 5333 2720 5404 apud
2738 5332 2874 5386 rude
2891 5329 3084 5400 vulgus
3096 5332 3429 5391 eructantes,
3445 5335 3626 5379 utrum

2047 5432 2293 5487 θεοτόκον
2328 5441 2537 5485 sacram
2572 5422 2847 5492 Virginem
2882 5419 3155 5489 appellare
3188 5414 3370 5480 liccat,
3402 5415 3458 5470 in
3495 5431 3628 5471 con-

2049 5521 2372 5580 troversiam
2410 5531 2608 5571 vocare
2634 5513 2892 5576 audeant,
2917 5529 2934 5559 ι
2974 5517 3082 5565 etc.
3131 5508 3316 5578 Pergit
3353 5507 3629 5563 validissi‘

2048 5616 2152 5672 mis
2198 5610 2524 5673 rationibus,
2568 5603 3014 5676 gravissimisque
3057 5615 3182 5655 cum
3221 5597 3628 5670 Scripturarum

2049 5718 2164 5763 tum
2187 5709 2500 5759 sanctorum
2525 5699 2748 5753 Patrum
2773 5692 3120 5755 testimoniis,
3143 5691 3420 5746 Christum
3440 5707 3626 5745 verum

2049 5811 2169 5854 esse
2209 5795 2379 5849 Deum
2408 5791 2659 5862 probare,
2697 5787 2842 5843 unde
2878 5802 3001 5842 mox
3040 5783 3459 5855 appellationem
3501 5779 3621 5840 Dei-
