4024 6220
1716 212 1751 245 \

348 388 421 445 ss
1288 429 1296 439 .
1713 387 1767 445 s.
1804 387 2081 446 CYRILLI
2121 391 2301 447 vm.
2370 364 2377 371 ’
3556 390 3626 449 26

348 514 495 574 pars
525 514 667 556 vere
695 510 761 554 a’e
800 498 1024 570 proprie
1055 497 1213 579 Matri
1241 498 1454 572 Virgini
1484 502 1782 559 convenire
1802 518 1933 559 con-
1964 509 2011 565 Α
2037 514 2095 560 et
2122 522 2152 559 α
2181 505 2384 576 quibus
2429 505 2483 560 id
2522 504 2749 560 minime
2775 502 3178 576 exspectabam,
3221 502 3487 557 hactenus
3515 502 3628 559 sint

348 592 549 650 cludit.
573 592 755 662 Atque
780 589 859 644 ita
877 588 1113 660 epistola
1136 590 1243 645 hac
1260 591 1605 663 gravissima,
1632 592 1946 650 eruditione

345 695 404 744 et
433 693 633 742 sancto
663 683 788 739 ﬁdei
818 683 936 739 zelo
966 683 1149 754 plena,
1173 683 1473 755 provinciae
1503 701 1616 742 sure
1646 685 1945 752 solitarios,

346 778 530 836 veluti
548 775 956 849 prophylactico
976 775 1213 846 quodam
1228 776 1813 847 pharmaco,adversus
1829 779 1950 850 pul-

350 871 618 926 lulantem
664 866 922 928 haeresim
970 868 1322 938 praemunire,
1376 877 1433 925 et
1463 869 1522 924 in
1552 870 1775 942 antiqua
1819 870 1948 927 ﬁdei

350 960 604 1017 doctrina
645 957 982 1015 conﬁrmare
1022 958 1253 1014 studuit.
1291 959 1514 1017 Veritus
1555 971 1821 1032 praeterea
1879 978 1950 1018 ne

349 1052 517 1107 ferale
541 1050 786 1107 Nestorii
805 1048 959 1106 virus
1007 1051 1125 1121 ipsa
1160 1065 1379 1121 quoque
1412 1050 1563 1106 orbis
1591 1051 1770 1122 capita
1798 1051 1948 1106 allia-

355 1154 458 1207 ret,
486 1143 635 1198 unde
669 1143 871 1214 ingens
915 1140 1243 1198 Christianae
1282 1140 1603 1215 reipublicae
1642 1142 1949 1213 periculum

353 1230 643 1287 formidari
679 1231 886 1287 merito
906 1239 1113 1302 posset,
1155 1231 1224 1288 de
1248 1241 1398 1288 recta
1430 1232 1487 1287 in
1512 1233 1685 1287 Deum
1718 1232 1845 1298 ﬁde,
1869 1233 1952 1288 di—

352 1325 596 1394 vinaque
634 1322 804 1379 Verbi
835 1321 1219 1381 lncarnatione
1252 1334 1366 1381 tres
1392 1323 1565 1380 libros
1603 1324 1949 1394 conscripsit,

353 1432 495 1490 quos
515 1417 725 1485 Δᾶγους
753 1420 1243 1488 προσφωνητικούς
1274 1416 1587 1488 appellavit.
1610 1416 1816 1472 Horum
1839 1415 1954 1486 pri-

359 1525 513 1564 mum
541 1508 888 1580 nuncupavit
930 1508 1241 1575 Theodosio
1269 1520 1324 1566 et
1353 1510 1738 1567 Valentiniano
1776 1509 1953 1578 impe-

361 1599 659 1665 ratoribus,
704 1600 848 1655 duos
878 1600 1218 1670 posteriores
1258 1601 1515 1657 Eudociae
1557 1612 1616 1658 et
1652 1598 1955 1657 Pulcheriaa

361 1690 590 1761 reginis,
631 1689 798 1745 tacito
847 1688 1053 1758 ubique
1096 1688 1337 1744 Nestorii
1382 1691 1627 1755 nomine,
1664 1705 1737 1753 ne
1776 1704 1845 1744 ex
1887 1703 1954 1744 eo

366 1775 670 1834 Theodosii
699 1779 907 1834 animus
938 1777 1335 1846 offenderetur,
1367 1781 1461 1849 qui
1496 1780 1810 1836 Nestorium
1838 1777 1954 1837 An-

378 1867 946 1934 tiochia'accersitum,
974 1868 1295 1940 episcopum
1318 1868 1479 1942 deligi
1510 1876 1748 1926 curarat.

441 1957 531 2013 59.
555 1957 765 2015 Interea
784 1958 950 2015 latius
975 1960 1182 2015 malum
1202 1960 1476 2033 serpebat,
1498 1968 1555 2015 et
1582 1960 1811 2015 Romam
1840 1972 1952 2011 non

365 2047 508 2104 fama
535 2050 711 2104 solum
744 2051 955 2121 perlata
980 2050 1049 2107 ad
1076 2049 1437 2107 Caelestinum
1474 2064 1693 2121 papam,
1724 2047 1822 2104 sed
1846 2046 1952 2118 ipsi

358 2156 583 2212 quoque
612 2142 940 2214 pestilentes
958 2134 1152 2199 libelli.
1180 2143 1427 2211 Quorum
1455 2143 1546 2199 ille
1572 2140 1949 2212 blasphemiis,

356 2235 560 2304 quibus
588 2235 897 2301 scatebant,
924 2235 1268 2302 examinatis,
1293 2234 1497 2309 Cyrillo
1525 2234 1767 2305 scripsit,
1786 2240 1850 2287 ut
1871 2231 1955 2287 di-

353 2326 591 2397 ligenter
609 2327 964 2398 perquireret
1005 2344 1139 2383 num
1168 2329 1260 2384 illa
1285 2341 1479 2383 revera
1503 2335 1745 2391 essenta
1762 2324 1956 2379 Nesto-

353 2418 442 2472 rio
488 2419 853 2490 conscripta:
900 2435 1081 2491 neque
1130 2421 1277 2476 enim
1327 2418 1595 2475 credibile
1628 2415 1951 2481 videbatur,

349 2510 700 2577 Nestorium,
738 2510 807 2568 de
837 2527 950 2583 quo
988 2527 1165 2583 nuper
1198 2519 1285 2588 tot
1309 2526 1373 2566 ac
1412 2518 1565 2566 tanta
1599 2508 1953 2566 orientalium

347 2601 752 2673 episcoporum
776 2603 982 2660 litteris
1009 2602 1284 2675 prazconia
1308 2601 1632 2674 accepisset,
1664 2600 1741 2656 ita
1768 2599 1954 2655 subito

350 2693 414 2749 in
430 2702 814 2751 transversum
831 2705 1015 2753 actum
1033 2712 1177 2762 esse,
1191 2695 1397 2766 talique
1415 2694 1599 2750 furore
1615 2701 1950 2763 correptum.

348 2786 489 2843 Haec
520 2788 640 2860 ipse
668 2797 904 2846 testatur
926 2789 1167 2861 Cyrillus
1188 2788 1245 2843 in
1272 2787 1467 2859 primis
1484 2786 1553 2841 ad
1575 2786 1830 2842 eumdem
1849 2784 1955 2840 Ne-

348 2877 597 2936 storium
635 2880 859 2946 litteris,
894 2896 959 2938 ea
987 2880 1275 2938 occasione
1314 2879 1573 2944 exaratis,
1607 2876 1754 2949 quod
1790 2875 1953 2931 intel-

347 2970 592 3026 lexisset
640 2972 881 3043 graviter
912 2988 1039 3029 eum
1078 2972 1250 3029 fuisse
1292 2971 1565 3027 offensum
1608 2968 1680 3023 ob
1722 2967 1955 3037 scriptas

349 3078 386 3147 a
409 3078 478 3118 se
506 3063 723 3120 litteras
754 3066 821 3121 ad
849 3064 1065 3138 Egyptl
1087 3064 1388 3121 monachos
1408 3061 1674 3118 adversus
1701 3059 1955 3130 blasphe-

2046 595 2212 652 illata.
2243 596 2351 653 Sed
2375 596 2564 652 isthasc
2588 596 2770 651 omnia
2793 595 3071 650 oblivione
3090 594 3400 649 voluntaria
3433 603 3628 669 conte-
3688 638 3691 643 .

2045 697 2274 744 rantur:
2316 689 2461 744 Deus
2484 687 2631 743 enim
2665 685 2976 743 istiusmodi
3007 694 3304 755 nugatores
3326 685 3459 739 olim
3483 685 3633 756 judi-

2047 791 2272 837 caturus
2304 790 2406 837 est.
2453 780 2691 835 Tantum
2728 778 2864 833 ﬁdes
2902 778 3115 847 integra
3148 782 3205 830 et
3244 775 3394 829 salva
3440 776 3530 841 sit,
3575 784 3632 830 et

2047 874 2249 930 charus
2271 875 2481 929 amicus
2504 873 2761 928 omnibus
2792 886 2925 926 ero:
2964 885 3145 940 neque
3187 868 3284 923 ulli
3333 869 3631 923 concedam

2048 974 2110 1022 ut
2132 964 2603 1038 religiosissimum
2638 962 2958 1033 episcopum
2993 957 3308 1014 Nestorium
3350 956 3634 1011 ardentius
3680 962 3683 965 ‘

2047 1064 2222 1121 amet,
2267 1071 2431 1126 quam
2471 1070 2612 1127 ego:
2654 1068 2819 1124 quem
2866 1050 3032 1106 etiam
3066 1048 3282 1120 (Deum
3332 1048 3543 1116 testor)
3580 1046 3634 1099 in

2047 1148 2266 1204 Christo
2288 1155 2516 1218 peropto
2536 1145 2681 1217 apud
2707 1158 2900 1200 omnes
2920 1143 3063 1197 bene
3091 1139 3305 1203 audire,
3339 1144 3637 1206 notamque

2049 1239 2121 1295 ob
2148 1253 2234 1304 ea,
2260 1252 2384 1309 quae
2412 1237 2627 1308 pridem
2654 1224 2895 1299 admisit,
2920 1239 3260 1289 contractam
3291 1229 3511 1293 eluere;
3536 1242 3635 1296 pa-

2049 1329 2269 1400 lamque
2298 1328 2505 1394 facere,
2546 1326 2878 1383 calumniam
2913 1340 3039 1383 eses
3089 1336 3320 1385 meram,
3352 1335 3463 1374 non
3488 1317 3635 1373 veri-

2050 1430 2249 1487 tatem,
2296 1436 2418 1492 qnae
2464 1420 2532 1475 de
2574 1434 2672 1473 sua
2716 1416 2949 1489 perﬁdia
2982 1434 3014 1470 a
3047 1412 3330 1469 nonnullis
3364 1410 3637 1479 invulgata
3718 1417 3731 1424 '

2050 1522 2199 1572 sunt.
2236 1513 2373 1569 Nam
2406 1512 2453 1568 si
2484 1509 2689 1568 Christi
2720 1507 2978 1564 mandato
3007 1506 3074 1560 ad
3112 1504 3461 1560 inimicorum
3499 1500 3641 1555 dileu

2053 1607 2293 1663 ctionem
2329 1619 2612 1676 urgemur,
2630 1600 2910 1673 quomodo
2961 1605 3389 1654 consentaneum
3408 1607 3521 1648 non
3555 1598 3643 1647 ‘est

2052 1709 2116 1756 ut
2138 1698 2345 1753 amicos
2364 1703 2423 1751 et
2451 1691 2874 1751 consacerdotes
2906 1688 3058 1744 omni
3086 1684 3481 1741 benevolentiae
3517 1691 3638 1738 stu—

2054 1790 2149 1846 dio
2177 1783 2642 1859 complectamur?
2670 1780 2827 1849 Quod
2860 1780 2906 1835 si
2934 1794 3066 1834 vero
3098 1778 3416 1833 exoriantur
3442 1774 3538 1844 qui
3574 1772 3641 1826 li-

1984 1864 2026 1919 B
2054 1881 2178 1936 dem
2217 1876 2472 1934 demoliri
2519 1881 2783 1945 satagant,
2822 1869 3099 1943 quomodo
3141 1876 3354 1922 nostras
3396 1864 3641 1934 ipsorum

2053 1969 2266 2035 animas
2305 1966 2453 2021 ultro
2498 1979 2610 2019 non
2650 1959 2983 2018 oll‘eremus?
3038 1955 3292 2012 Profecto
3340 1953 3471 2007 licet
3522 1951 3643 2021 ipsa

2053 2077 2275 2133 quoque
2290 2075 2441 2115 mors
2467 2056 2631 2129 capiti
2653 2064 2844 2111 nostro
2868 2049 3201 2122 impendeat,
3216 2046 3366 2102 nulla
3397 2045 3452 2099 in
3481 2042 3643 2099 nobis

2053 2157 2164 2213 erit
2187 2153 2500 2211 cunctatio:
2531 2165 2659 2205 nam
2678 2148 2725 2204 si
2753 2162 2857 2220 pro
2877 2144 3049 2218 gloria
3071 2142 3165 2197 Dei
3198 2139 3482 2196 veritatem
3508 2152 3645 2206 prae-

2055 2249 2240 2306 dicare
2294 2242 2804 2306 formidaverimus,
2855 2254 2926 2294 ne
2975 2236 3236 2293 videlicet
3292 2232 3350 2287 in
3405 2229 3645 2300 aliquam

2054 2338 2359 2396 molestiam
2395 2334 2737 2398 incidamus;
2775 2346 2905 2402 qua,
2953 2342 3161 2398 quaeso,
3198 2324 3378 2379 fronte
3423 2330 3644 2376 sancto-

2055 2448 2179 2489 rum
2208 2436 2512 2501 martyrum
2532 2422 2833 2480 certamina
2860 2425 2918 2474 et
2946 2416 3259 2485 triumphos
3291 2412 3435 2483 apud
3472 2425 3646 2481 popu—
3744 2462 3753 2471 ,

2053 2526 2167 2581 lum
2194 2521 2451 2579 laudibus
2475 2514 2811 2575 evehemus?
2849 2510 3053 2583 quippe
3078 2523 3218 2578 quos
3252 2518 3363 2560 uno
3400 2504 3508 2558 hoc
3542 2518 3644 2557 no-

2052 2618 2202 2673 mine
2238 2612 2516 2687 praacipue
2555 2609 2942 2669 decanlamus,
2984 2598 3134 2672 quod
3174 2598 3300 2662 hoc,
3350 2595 3499 2687 quod
3534 2596 3647 2665 jam

2053 2684 2264 2762 dictum
2291 2711 2402 2767 est,
2440 2712 2636 2769 magna
2680 2692 2852 2750 animi
2903 2687 3211 2747 constantia
3252 2684 3644 2757 praestiterunt,

2054 2797 2161 2852 hoc
2206 2801 2312 2860 est,
2349 2789 2419 2847 ad
2455 2794 2694 2844 mortem
2733 2796 2910 2853 usque
2942 2794 3044 2851 pro
3083 2777 3319 2834 veritate
3348 2772 3647 2831 dimicave-

2056 2895 2207 2943 runt.
2244 2904 2264 2938 ι

2118 2999 2211 3060 42.
2247 2998 2690 3069 Composuerunt
2720 3005 2788 3048 eo
2819 2998 3066 3059 tempore
3094 2982 3279 3041 clerici
3340 2975 3651 3069 Constanti-

2054 3091 2360 3167 nopolitani
2383 3067 2649 3145 adversus
2664 3082 2887 3155 impiam
2907 3074 3147 3136 Nestorii
3170 3072 3476 3129 doctrinam
3495 3067 3653 3124 libel-

350 3171 487 3256 ¹²ξ⁰⁸
511 3156 750 3256 “be?”-
778 3158 853 3256 _In
880 3158 970 3256 his:
993 3167 1124 3256 ξθδί
1151 3156 1508 3256 ¹⁰⁰“,¹θ¹¹ί³¹“’
1540 3168 1641 3256 cu,"
1668 3151 1953 3256 nimo“:
1977 3194 2020 3253 ο
2054 3151 2168 3243 lum
2194 3199 2358 3256 quem
2382 3181 2583 3237 oﬁ‘erre
2611 3151 2931 3247 imperatori
2958 3168 3293 3242 cogitabant.
3326 3163 3652 3225 Verum,ne

352 3248 502 3307 chos
536 3247 839 3317 scripserit,
875 3246 1146 3303 redditam
1180 3246 1472 3311 rationem,
1511 3244 1657 3301 serio
1693 3243 1848 3299 illum
1882 3242 1950 3298 ad

354 3337 830 3409 resipiscentiam,
858 3337 1167 3407 elapsaeque
1198 3351 1299 3406 per
1341 3332 1768 3406 imprudentiam
1800 3332 1954 3388 vocis

355 3425 704 3500 palinodiam
759 3426 1014 3480 hortatur
1054 3442 1070 3478 :
1122 3423 1272 3494 quod
1328 3423 1499 3479 altera
1546 3436 1673 3476 mox
1723 3420 1954 3490 epistola

357 3533 602 3591 prorsus
624 3515 930 3589 dogmatica
957 3525 1015 3571 et
1053 3514 1375 3586 gravissima
1403 3513 1604 3569 iterum
1634 3510 1950 3568 inculcavit.

440 3629 531 3687 40.
558 3628 764 3685 Verum
795 3627 1025 3698 singulis
1057 3641 1172 3682 suae
1208 3642 1241 3681 a
1274 3624 1529 3681 Nestorio
1564 3623 1792 3680 redditae
1828 3630 1958 3680 sunt

368 3721 597 3786 littera,
623 3729 873 3791 utraeque
902 3715 1214 3789 arrogantia
1236 3729 1450 3773 summa
1484 3728 1547 3768 ac
1567 3712 1730 3778 fastu,
1762 3726 1871 3782 quo
1899 3724 1958 3766 se

372 3825 553 3881 supra
601 3809 839 3881 reliquos
887 3805 1170 3864 antistites
1224 3805 1511 3870 ell'erebat,
1560 3802 1794 3859 refertae.
1843 3801 1959 3856 lmo

365 3900 531 3959 omni
557 3900 682 3957 dolo
721 3899 989 3973 Cyrillum
1023 3913 1328 3970 aggressus,
1363 3895 1581 3966 collegit
1614 3892 1959 3958 circuitores,

364 3996 652 4069 projectos
679 3993 749 4049 ad
784 4007 949 4048 omne
978 3991 1135 4047 nefas
1168 4005 1232 4046 ac
1262 3989 1528 4061 flagitium
1560 3987 1832 4052 homines,
1866 3984 1967 4058 qui

364 4087 444 4142 ad
474 4088 582 4145 hoc
601 4095 953 4158 vagarentur,
981 4094 1041 4140 ut
1068 4084 1273 4155 ubique
1305 4083 1553 4139 locorum
1582 4081 1846 4138 adversus
1863 4080 1965 4154 Cy-

367 4180 565 4238 rillum
595 4179 800 4250 probra
842 4178 1289 4234 disseminarent.
1331 4193 1350 4226 c
1380 4173 1666 4231 Jactabant
1695 4179 1901 4238 autem,
1940 4191 1961 4223 ι

369 4274 502 4344 ipso
523 4281 661 4328 teste
687 4270 892 4344 Cyrillo
913 4269 1142 4342 epistola
1164 4268 1325 4323 tertia
1342 4265 1410 4322 ad
1433 4265 1747 4322 Nestorium
1770 4272 1902 4320 tom.
1922 4264 1966 4330 l,

369 4382 503 4436 cap.
535 4365 621 4431 12,
654 4364 789 4420 edit.
830 4362 1062 4430 Peltani,
1103 4381 1122 4415 ι
1156 4376 1323 4418 voces
1360 4359 1570 4417 insania
1605 4359 1831 4431 plenas:
1881 4356 1973 4413 hic

371 4456 631 4528 quidem,
670 4455 819 4526 quod
852 4469 1026 4510 caecos
1075 4466 1387 4525 egenosque
1431 4466 1530 4522 per
1579 4449 1838 4521 injuriam
1870 4463 1973 4520 op-

376 4549 740 4621 presserim,i
777 4549 993 4619 inquit;
1025 4565 1043 4600 ι
1069 4546 1230 4613 alius,
1247 4545 1394 4616 quod
1411 4544 1620 4600 ferrum
1654 4542 1711 4598 in
1741 4550 1972 4598 matrem

374 4640 737 4706 strinxerim;
770 4639 1044 4706 nonnulli,
1075 4637 1221 4710 quod
1252 4636 1465 4693 ancilla:
1490 4635 1747 4710 praesidio
1774 4649 1971 4690 aurum

377 4734 628 4788 alienum
679 4731 1034 4798 abstulerim;
1074 4730 1298 4802 quidam
1327 4728 1593 4801 denique,
1624 4726 1772 4798 quod
1820 4726 1972 4797 ejus-

378 4828 537 4885 modi
564 4826 941 4898 improbitatis
982 4824 1295 4896 suspicione
1326 4822 1690 4881 laboraverim
1731 4834 1969 4890 semper,

376 4919 699 4992 cujusmodi
726 4934 795 4975 ne
830 4915 1214 4975 infestissimos
1240 4915 1466 4987 quidem
1510 4914 1700 4968 hostes
1723 4910 1975 4966 laborare

376 5008 663 5080 aptaverit
687 5007 981 5079 quispiam.
1007 5007 1210 5064 Verum
1243 5006 1398 5070 istos,
1426 5015 1483 5061 et
1512 5003 1559 5058 si
1584 5001 1677 5073 qui
1703 5002 1822 5073 ejus
1848 5000 1978 5055 fari-

382 5118 470 5157 na:
509 5110 643 5157 sunt
676 5101 792 5167 alii,
820 5115 934 5156 non
971 5100 1208 5155 multum
1240 5113 1448 5163 moror,
1485 5111 1554 5151 ne
1596 5110 1764 5166 supra
1804 5091 1976 5164 Magi-

382 5201 565 5248 strum
598 5201 656 5249 et
680 5191 1000 5255 Dominum,
1023 5189 1110 5245 vel
1138 5187 1304 5247 etiam
1335 5202 1502 5259 supra
1531 5186 1766 5256 majores
1802 5198 1975 5248 meos,

385 5286 678 5341 tenuitatis
707 5299 844 5339 mea:
869 5297 1184 5339 mensuram
1205 5278 1501 5337 extendere
1530 5277 1737 5334 vidcar.
1767 5296 1785 5329 ι

458 5377 550 5430 41.
586 5375 762 5443 Quam
784 5385 971 5430 autem
991 5387 1267 5445 propenso
1295 5370 1480 5427 studio
1500 5369 1828 5427 Christiana;
1852 5368 1980 5424 cha-
2046 5374 2051 5377 '

394 5468 592 5536 ritatis,
639 5467 881 5540 Cyrillus
916 5464 1155 5523 Nestorii
1193 5464 1426 5520 salutem
1462 5478 1673 5519 summa
1717 5461 1980 5540 patientia

399 5538 740 5630 procuravit,
778 5566 1012 5615 testatur
1033 5556 1265 5627 epistola
1297 5556 1542 5627 ejusdem
1577 5554 1648 5611 ad
1688 5538 1986 5625 quemdam.

403 5648 637 5705 Nestor-ii
682 5635 1186 5727 sectatorem,
1227 5645 1280 5701 9.
1334 5663 1353 5698 ι
1394 5645 1477 5701 Me
1507 5646 1692 5718 igitur,
1726 5665 1745 5698 ι
1779 5646 1977 5717 inquit,

412 5761 429 5789 ‹
460 5742 605 5795 nulla
634 5757 811 5810 neque
833 5738 1053 5810 injuria,
1077 5754 1257 5808 neque
1278 5739 1629 5802 contumelia,
1654 5754 1830 5809 neque
1853 5754 1982 5792 con-

411 5833 541 5889 vicia
573 5842 827 5900 movent;
853 5830 1066 5887 etiamsi
1098 5831 1515 5900 quamplurima,
1554 5839 1605 5887 ct
1647 5830 1979 5892 immerenti,

688 6006 721 6024 δ

2056 3250 2262 3335 temere
2290 3274 2423 3348 quid
2446 3272 2638 3328 fecisse
2660 3267 3004 3327 viderentur,
3034 3261 3274 3332 primum
3301 3254 3367 3310 ad
3387 3250 3653 3323 Cyrillum

2055 3342 2346 3433 miscruni,
2380 3375 2442 3421 ut
2481 3364 2631 3419 illius
2667 3360 2994 3432 probaretur
3033 3352 3265 3426 judicio.
3309 3346 3523 3415 Quibus
3562 3342 3654 3433 ille

2056 3479 2269 3522 summa
2295 3454 2717 3516 mansuetudine
2741 3460 2798 3507 et
2838 3447 3007 3505 animi
3034 3441 3413 3500 moderatione
3456 3431 3655 3489 rescri-

2056 3555 2190 3629 psit,
2223 3562 2283 3607 ut
2303 3550 2542 3607 habetur
2565 3561 2686 3616 cap.
2713 3541 2798 3607 l0,
2822 3538 3067 3612 ejusdem
3095 3532 3268 3589 tomil
3295 3548 3309 3585 :
3337 3548 3355 3579 ‹
3384 3524 3654 3629 bibellum

2057 3614 2361 3716 supplicem
2380 3645 2567 3694 vestra
2589 3614 2757 3706 opera
2777 3631 2847 3687 ad
2869 3645 2957 3685 me
2990 3626 3243 3688 missum,
3263 3618 3421 3692 quasi
3448 3616 3497 3672 is
3517 3614 3655 3672 citra

2059 3706 2301 3795 nostram
2320 3729 2650 3790 sententiam
2674 3719 2993 3797 imperatori
3014 3714 3222 3789 porrigi
3240 3728 3349 3768 non
3372 3706 3650 3768 debuerit,

2061 3827 2249 3897 accepi
2279 3832 2336 3882 et
2357 3821 2461 3894 legi
2485 3839 2499 3875 :
2524 3832 2717 3876 verum
2744 3812 2891 3886 quod
2917 3809 3131 3882 prolixe
3153 3806 3210 3860 in
3231 3817 3358 3860 eum
3387 3800 3652 3860 incurrat,

2061 3921 2157 3992 qui
2189 3918 2353 3974 isthic
2374 3915 2487 3987 agit
2529 3911 2667 3987 (sive
2696 3907 2902 3971 fratris,
2934 3904 3048 3959 sive
3068 3899 3179 3955 alio
3205 3904 3537 3967 quocunque
3558 3902 3657 3944 no-

2063 4013 2211 4070 mine
2244 3985 2873 4077 censeatur),hactetius
2910 3991 3212 4066 suppressi,
3253 4003 3323 4042 ne
3364 3985 3655 4077 adversum

2064 4119 2168 4159 nos
2192 4102 2502 4171 insurgens,
2532 4076 2591 4151 se
2619 4110 2717 4165 per
2750 4106 2854 4147 nos
2882 4089 3154 4142 haereseos
3180 4077 3326 4148 apud
3365 4076 3658 4171 imperato-

2066 4213 2186 4254 rem
2223 4167 2466 4250 delatum
2509 4188 2814 4245 cavilletur.
2875 4181 3090 4236 Interea
3143 4167 3429 4244 protestati
3468 4174 3659 4221 sumus

2067 4286 2189 4344 fore
2238 4294 2300 4341 ut
2319 4278 2736 4338 inimicitiarum
2765 4287 2930 4329 causa
2957 4266 3187 4341 posthac
3209 4258 3479 4335 judicium
3507 4254 3658 4311 illius

2070 4379 2472 4440 detrectemus,
2499 4374 2937 4444 praesentemque
2985 4353 3440 4416 controversiam,
3469 4348 3516 4404 si
3542 4362 3660 4404 om-

2075 4472 2208 4527 nino
2261 4464 2560 4538 importuni
2604 4476 2726 4517 esse
2760 4450 3126 4530 perrexerint,
3170 4446 3237 4501 ad
3285 4441 3432 4499 aliud
3463 4439 3657 4538 forum

2006 4571 2051 4629 ι)
2078 4529 2490 4618 transferamus.
2533 4556 2672 4612 Cum
2707 4529 2893 4622 itaque
2929 4543 3177 4603 libellum
3211 4531 3573 4629 perlegeritis,
3606 4529 3659 4629 si

2074 4670 2183 4724 qua
2212 4650 2517 4708 necessitas
2562 4643 2897 4719 poposcerit,
2940 4636 3140 4696 tradite
3174 4650 3188 4688 :
3238 4638 3295 4687 et
3341 4627 3387 4685 si
3420 4639 3564 4724 eum
3606 4623 3661 4679 in

2075 4745 2227 4801 hisce
2248 4742 2464 4799 insidiis
2486 4718 2950 4812 perseverantem,
2982 4738 3039 4786 et
3061 4724 3199 4783 nihil
3232 4737 3342 4778 non
3372 4718 3661 4812 adversum

2074 4850 2176 4891 nos
2198 4802 2512 4888 molientem
2543 4819 3063 4885 animadverteritis,
3092 4813 3397 4885 diligenter
3427 4802 3665 4878 perscri-

2074 4927 2210 4985 bitc.
2246 4924 2455 4996 Eligam
2503 4921 2652 4977 enim
2698 4917 2848 4973 viros
2898 4912 3019 4984 pios
3062 4923 3128 4964 ac
3175 4902 3497 4996 prudentes,

2076 4984 2380 5091 episcopos,
2413 5022 2528 5068 tum
2548 5009 2845 5066 monachos
2870 5014 3110 5074 quoque,
3140 5009 3280 5067 quos
3297 4990 3462 5091 etiam
3483 4984 3665 5091 primo

2078 5075 2293 5182 quoque
2323 5075 2571 5177 tempore
2603 5102 2671 5159 ad
2693 5116 2793 5157 vos
2827 5097 3065 5152 mittam.
3106 5089 3295 5158 Neque
3321 5082 3469 5141 enim
3489 5075 3665 5134 oculis
3690 5094 3700 5109 κ

2078 5178 2236 5268 meis,
2272 5211 2330 5257 ut
2359 5199 2627 5270 scriptum
2664 5201 2748 5250 est
2767 5189 2931 5264 (Psal.
2960 5199 3138 5249 cxxxn,
3159 5178 3375 5249 iseq.),
3408 5183 3663 5251 somnum

2080 5293 2244 5358 dabo,
2280 5306 2456 5363 neque
2496 5285 2776 5361 palpebris
2808 5280 2945 5337 meis
2980 5271 3451 5363 dormitationem,
3486 5271 3665 5363 neque

2081 5385 2327 5458 requiem
2366 5350 2718 5451 iemporibus
2761 5372 2929 5435 meis,
2971 5367 3148 5422 donec
3192 5355 3492 5458 certamine
3535 5350 3663 5416 hoc,

2080 5444 2326 5533 omnium
2354 5444 2548 5526 salut-is
2567 5481 2753 5530 causa,
2778 5460 3099 5534 perfunctus
3127 5453 3302 5508 fuero.
3330 5444 3514 5512 Quare
3536 5455 3663 5497 cum

2082 5580 2258 5621 meam
2316 5574 2463 5616 nunc
2511 5555 2839 5614 sententiam
2886 5543 3229 5607 didiceritis,
3287 5539 3396 5595 viri
3462 5544 3661 5594 estote.

2082 5630 2496 5725 Quamprimum
2544 5648 2705 5703 enim”
2737 5643 3078 5715 parabuntur
3127 5654 3157 5694 a
3210 5653 3297 5694 me
3342 5638 3560 5701 litterae,
3606 5643 3705 5694 et.

2084 5747 2271 5815 quales
2314 5748 2553 5812 oportet,
2597 5746 2654 5793 ct
2702 5736 2768 5792 ad
2810 5750 2948 5806 quos
2987 5740 3205 5803 oportet
3240 5749 3253 5785 :
3301 5728 3466 5785 statui
3513 5726 3662 5781 enim

2086 5813 2305 5897 propter
2326 5825 2531 5883 Christi
2560 5823 2722 5880 ﬁdem
2753 5819 3001 5887 quemvis
3018 5818 3263 5874 laborem
3284 5813 3487 5871 subire.
3510 5824 3659 5875 utte-
