4024 6220
245 336 324 393 29
843 422 853 430 .
1608 340 1666 396 S.
1708 341 1986 397 CYRILLI
2025 340 2205 397 VlTA.
3467 345 3537 401 30

243 467 398 523 pura,
432 449 500 506 de
536 463 648 520 quo
689 465 743 504 iv
785 448 1046 506 Octobris
1088 450 1336 523 agemus)
1374 453 1443 507 ad
1491 454 1846 509 Caelestinum
1878 459 1922 515 Α
1952 469 2062 506 non
2096 451 2323 507 concedi
2363 451 2534 510 soleat
2561 451 2630 507 iis
2658 453 2861 522 quibus
2886 455 3134 512 creditur
3165 455 3370 512 vicaria
3401 473 3540 529 pne-

243 559 464 614 papam,
501 551 568 597 ut
603 541 804 612 Ephesi
835 542 956 610 ejus
987 534 1312 599 auctoritate
1343 544 1638 599 concilium
1673 546 1844 600 habe-

243 643 420 699 retur,
455 634 697 689 maxime
725 631 870 704 quod
908 647 1020 687 non
1063 632 1354 690 Nestorius
1392 644 1624 701 tantum,
1663 637 1759 692 sed
1789 646 1844 691 et

239 726 485 798 Cyrillus
519 727 786 781 haereseos
824 732 1198 778 accusaretur.
1242 743 1260 776 ι
1298 725 1429 780 Post
1466 726 1580 781 haec
1625 727 1844 796 scripsit

251 817 486 872 Sacram
517 816 584 870 ad
609 815 895 885 universos
925 815 1312 886 episeopos,ut
1337 817 1612 886 Ephesum
1639 833 1842 872 conve-

237 909 452 974 nirent,
499 918 555 964 et
601 907 917 963 conferrent
961 907 1032 963 de
1075 907 1315 963 Nestorii
1354 909 1535 975 libris,
1557 918 1612 964 et
1650 909 1842 982 Cyrilli

236 1001 510 1072 judicium
542 998 942 1070 expenderent.
987 1017 1006 1050 ι
1042 998 1120 1053 Ita
1151 998 1446 1055 Liberatus
1478 1016 1599 1070 cap.
1629 1001 1680 1055 5.
1709 999 1842 1067 Quae

243 1100 387 1163 gesta
422 1091 513 1147 hic
543 1100 698 1155 sunt,
733 1090 995 1145 universa
1037 1089 1286 1160 proferre
1327 1092 1545 1146 animus
1581 1107 1692 1146 non
1733 1101 1836 1146 est.

247 1183 361 1253 Ipsa
404 1181 632 1237 concilii
665 1182 803 1236 Acta
846 1180 1049 1252 passim
1091 1191 1326 1247 exstant,
1366 1198 1541 1252 eaque
1582 1183 1840 1252 praeclare

245 1273 489 1326 discussa
521 1287 553 1325 a
587 1271 828 1326 Baronio
857 1270 926 1326 ad
957 1271 1106 1326 hunc
1136 1287 1340 1326 annum
1384 1271 1510 1337 451,
1546 1271 1641 1342 qui
1683 1287 1838 1326 num.

241 1362 309 1419 57
337 1362 404 1417 de
431 1362 713 1433 episcopis
745 1362 816 1417 ad
856 1362 1126 1434 synodum
1157 1363 1508 1420 venientibus
1537 1380 1722 1436 agens,
1764 1366 1838 1421 ita

240 1453 506 1525 Cyrillum
528 1455 720 1510 laudat
747 1471 762 1507 :
801 1473 820 1505 ι
857 1454 1006 1510 Inter
1030 1470 1225 1513 omnes
1247 1455 1485 1528 Cyrillus
1505 1459 1696 1528 prima:
1715 1469 1840 1529 post

243 1544 545 1600 Romanam
575 1545 938 1618 praerogativa
968 1546 1138 1613 sedis,
1173 1557 1231 1603 et
1266 1547 1443 1619 ipsius
1478 1549 1668 1620 primae
1691 1551 1840 1607 sedis

241 1635 448 1691 vicaria
481 1637 832 1708 praefectura,
867 1637 1110 1708 reliquos
1130 1653 1326 1696 omnes
1351 1640 1643 1712 episcopos
1679 1649 1836 1696 ante-

220 1718 471 1799 cellens,
501 1728 724 1795 enituit,
749 1738 909 1800 atque
947 1730 1124 1801 magis
1152 1731 1434 1803 magisque
1467 1747 1593 1787 cum
1617 1748 1834 1789 morum

248 1821 474 1891 egregia
525 1822 830 1885 sanctitate,
873 1829 990 1876 tum
1029 1823 1592 1880 eximia-divinarum
1644 1841 1830 1882 rerum

249 1911 486 1967 scientia
507 1912 720 1967 claruit.
748 1933 768 1963 ι
790 1911 946 1968 Certe
963 1928 1195 1984 magnus
1211 1914 1562 1986 Euthymius,
1577 1926 1640 1972 ut
1661 1917 1718 1972 in
1734 1918 1830 1973 Vi-

245 2015 298 2061 ta
330 2003 455 2075 ejus
481 2003 682 2075 legitur
707 2019 774 2058 xx
794 2004 1061 2070 Januarii,
1093 2022 1246 2061 num.
1279 2009 1368 2074 55,
1407 2025 1425 2058 ι
1454 2023 1581 2064 cum
1603 2009 1672 2064 ad
1697 2025 1830 2082 syn-

235 2095 409 2149 odum
439 2110 658 2164 quoque
676 2098 999 2151 conventuri
1021 2108 1208 2154 essent
1236 2099 1479 2171 episcopi
1507 2101 1829 2167 Palzestinae,

233 2184 392 2256 jubet
445 2185 614 2242 Petro
656 2188 918 2259 episcopo
965 2187 1387 2258 Saracenorum,
1430 2201 1491 2248 ut
1540 2193 1832 2250 accederEt

236 2276 437 2348 Cyrillo
481 2279 828 2334 Alexandriae
871 2288 928 2335 et
967 2280 1167 2338 Acacio
1205 2283 1491 2340 Melitenes
1535 2287 1830 2358 episcopis,

233 2380 296 2424 ut
338 2385 466 2440 quae
507 2372 590 2426 eis
638 2372 988 2439 yiderentur,
1033 2389 1091 2430 se
1141 2390 1363 2446 quoque
1413 2376 1524 2432 illis
1574 2379 1832 2434 assentiri

235 2462 614 2532 proﬁteretur;
638 2481 658 2515 ι
683 2479 835 2529 nam,
853 2475 914 2519 ut
938 2480 1092 2519 num.
1117 2465 1186 2521 54
1208 2466 1437 2534 dicitur,
1463 2488 1482 2520 ι
1502 2477 1832 2540 exposuerat

235 2551 284 2605 ei
317 2551 595 2623 Synodius
617 2553 690 2608 de
721 2553 930 2626 Cyrillo
956 2555 1326 2613 Alexandrino
1355 2567 1414 2614 et
1441 2559 1643 2615 Acacio
1674 2559 1831 2615 Meli-

237 2649 434 2708 tenzeo,
455 2645 919 2714 quemadmodum
944 2662 1129 2703 acrem
1158 2657 1216 2704 et
1243 2650 1628 2708 vehementem
1652 2654 1830 2708 zelum

239 2737 595 2795 ostenderent
630 2754 734 2810 pro
769 2739 876 2796 ﬁde
908 2743 1235 2799 orthodoxa.
1275 2762 1294 2796 ι
1758 2729 1760 2732 ’

303 2849 394 2904 48.
445 2849 587 2906 Suas
632 2849 840 2925 Cyrillo
889 2854 1040 2910 vices
1089 2854 1426 2910 concessisse
1472 2853 1830 2912 Caelestinum

234 2941 404 2998 misso
428 2943 689 3015 phrygio,
729 2960 826 3001 seu
871 2946 1054 3012 mitra,
1096 2947 1304 3003 indicat
1346 2948 1671 3006 Theodorus
1704 2949 1828 3006 Bal-

231 3051 424 3092 samon
443 3036 504 3091 in
533 3037 906 3094 Nomocanone
940 3039 1140 3106 Photii,
1173 3039 1332 3095 titulo
1349 3040 1402 3107 8,
1425 3057 1545 3112 cap.
1583 3041 1606 3095 -l
1634 3059 1646 3095 :
1679 3061 1696 3092 ι
1720 3042 1832 3096 llu-

225 3128 320 3198 jus
366 3143 592 3200 quoque
635 3129 899 3199 temporis
935 3131 1247 3201 patriarcha
1287 3131 1718 3197 Alexandrinus,
1757 3148 1826 3187 ex

230 3220 492 3290 praesenti
522 3219 706 3276 edicto
726 3221 818 3293 jus
854 3221 1020 3278 habet
1042 3232 1102 3277 ut
1139 3218 1523 3295 cum'phrygio
1553 3223 1819 3278 celebret.

214 3309 438 3366 llabuit
476 3319 662 3366 autem
695 3312 835 3368 hanc
864 3312 1178 3368 facultatem
1217 3312 1274 3369 S.
1315 3313 1552 3385 Cyrillus
1587 3312 1823 3369 Alexan-

228 3403 427 3458 drinus
447 3419 478 3458 a
502 3403 752 3460 Romano
771 3421 910 3476 papa
930 3405 1248 3472 Caelestino,
1279 3406 1498 3477 quando
1518 3407 1622 3461 fuit
1647 3406 1826 3476 Ephe-

225 3495 349 3550 Sina
379 3497 623 3569 synodus
650 3497 915 3552 adversus
943 3497 1281 3553 Nestorium.
1313 3497 1450 3553 Cum
1482 3514 1594 3554 non
1640 3507 1825 3568 posset

224 3587 566 3644 leestinus
593 3589 798 3644 adesse
839 3589 1063 3661 Ephesi,
1107 3598 1164 3646 et
1194 3577 1443 3663 judicare
1483 3590 1820 3656 Nestorium,

224 3678 412 3732 visum
450 3688 534 3734 est
567 3690 627 3735 ut
655 3679 712 3736 S.
747 3680 950 3753 Cyrillo
998 3697 1029 3737 a
1066 3681 1364 3738 Caelestino
1411 3682 1824 3752 permitteretur

223 3769 368 3824 huic
419 3770 624 3840 synodo
667 3772 986 3842 praesidere.
1025 3773 1098 3830 Ut
1143 3773 1328 3844 itaque
1371 3788 1500 3828 eum
1544 3779 1823 3828 constaret

221 3863 446 3917 habere
463 3862 559 3932 jus
581 3872 632 3918 et
655 3863 1043 3920 auctoritatem
1068 3880 1242 3936 papae,
1268 3864 1412 3920 sedit
1428 3879 1555 3918 cum
1581 3864 1814 3936 phrygio

225 3963 282 4009 et
301 3953 691 4010 condemnavit
713 3956 1048 4012 Nestorium.
1065 3957 1149 4012 Ab
1174 3972 1242 4012 eo
1255 3972 1385 4028 ergo
1415 3965 1664 4026 tempore
1692 3970 1820 4011 cum

223 4046 428 4101 eodem
461 4047 695 4120 phrygio
726 4047 1037 4104 sacriﬁcant
1063 4057 1121 4104 ct
1151 4049 1459 4120 procedunt
1490 4049 1822 4120 patriarcha:

223 4138 612 4205 Alexandrini,
645 4148 702 4194 et
744 4157 855 4196 non
896 4149 1162 4196 verentur
1199 4141 1550 4210 reprehendi.
1597 4160 1615 4193 ι
1649 4140 1819 4195 Baro-

221 4233 354 4288 nius
372 4249 467 4287 an.
493 4231 628 4288 Chr.
665 4232 788 4299 4250,
820 4250 877 4288 n.
915 4232 1006 4298 26,
1040 4249 1140 4306 per
1171 4234 1460 4306 phrygium
1488 4233 1819 4304 interpreta-

223 4336 316 4381 tur
352 4325 609 4397 pallium.
658 4325 986 4381 Thcodorus
1025 4325 1200 4397 λῶρον
1246 4327 1502 4398 scripsit,
1547 4342 1648 4395 qua
1684 4342 1821 4382 voce

222 4420 452 4473 mitram
491 4419 679 4489 potius
707 4417 1005 4489 signiﬁcari
1034 4418 1197 4475 docet
1222 4418 1551 4489 Spondanus
1574 4419 1642 4473 ad
1670 4418 1820 4474 hunc

1947 543 2161 598 fectura
2203 544 2288 598 vel
2342 543 2540 614 legatio
2585 560 2617 598 a
2667 545 2870 611 latere,
2919 556 2977 602 et
3023 556 3185 618 negat
3229 551 3540 619 exemplum

1948 635 2115 704 (quod
2149 635 2372 704 quidem
2407 635 2523 706 ipse
2546 635 2717 706 norit)
2736 646 2955 692 exstare
2986 640 3276 707 potestatis
3301 642 3541 710 ejusmo-

1945 725 1999 779 di
2029 726 2099 780 ad
2135 735 2385 796 posteros
2413 737 2747 798 prepagataa,
2780 745 2892 783 non
2920 729 3230 798 insignibus
3262 731 3416 796 solis,
3445 732 3541 787 sed

1943 818 2290 874 auctoritatis
2319 835 2539 889 quoque
2575 821 2951 890 usurpatione.
2999 821 3254 892 Episcopi
3300 822 3542 898 Orientis

1942 910 2167 966 Mcnnas
2197 910 2860 981 Constantinopolitanus,
2908 911 3234 967 Theodorus
3278 912 3540 970 Caesarea:

1941 1000 2320 1071 Cappadociae,
2362 1001 2611 1056 Andreas
2643 999 2975 1070 Epliesinus,
3005 1002 3210 1072 aliique
3241 1005 3537 1073 quamplu-

1943 1092 2066 1146 rimi
2107 1092 2162 1147 in
2193 1091 2535 1162 professione
2565 1093 2741 1162 prima
2772 1091 2898 1146 ﬁdei
2924 1109 3087 1162 quam
3119 1093 3186 1147 ad
3229 1094 3285 1148 S.
3317 1095 3538 1164 Euphe-

1941 1184 2064 1239 mia:
2117 1185 2383 1253 templum
2441 1183 2918 1255 Constantinopoli
2974 1185 3030 1239 in
3088 1186 3280 1256 quinta
3328 1187 3538 1256 synodo

1940 1276 2299 1342 oecumenica,
2365 1291 2455 1332 an.
2494 1275 2626 1332 Chr.
2674 1275 2800 1341 555,
2829 1274 3101 1341 fecerunt,
3165 1295 3182 1327 ι
3233 1277 3538 1346 suscipiunt

1939 1375 2176 1438 quatuor
2217 1377 2435 1422 sanctas
2467 1367 2725 1439 synodos,
2757 1375 2812 1422 et
2855 1367 2999 1421 inter
3041 1367 3160 1421 illas
3202 1367 3535 1438 Ephesinam

1937 1459 2171 1530 primam
2217 1460 2601 1524 ducentorum,
2651 1459 2707 1513 in
2747 1475 2854 1529 qua
2891 1459 2948 1513 in
2987 1458 3181 1530 legatis
3221 1459 3337 1514 suis
3372 1469 3537 1529 atque

1937 1552 2178 1617 vicariis,
2213 1552 2266 1607 id
2291 1561 2394 1618 est,
2425 1553 2744 1608 beatissimo
2775 1553 2985 1625 Cyrillo
3010 1553 3398 1608 Alexandriam
3436 1571 3534 1608 ur-

1937 1644 2024 1700 bis
2052 1643 2331 1714 episcopo,
2364 1643 2604 1698 Arcadio
2640 1653 2698 1698 et
2737 1646 2990 1715 Projecto
3022 1644 3297 1714 episcopis
3318 1653 3374 1700 et
3401 1645 3532 1700 Phi-

1935 1736 2085 1806 lippo
2115 1735 2468 1807 presbytero,
2515 1735 2870 1790 beatissimus
2909 1735 3242 1791 leestinus
3270 1752 3409 1806 papa
3442 1753 3534 1792 sc-

1867 1810 1907 1864 Β
1935 1828 2106 1884 nioris
2134 1829 2321 1884 Romae
2334 1829 2581 1884 noscitur
2610 1828 2983 1899 praesedisse.»

2008 1939 2096 1994 49.
2132 1937 2462 1995 Convolarat
2510 1939 2787 2009 Ephesum
2839 1939 3024 1994 statim
3072 1947 3197 2008 post
3241 1937 3534 1994 Paschalcs

1935 2031 2099 2086 ferias
2128 2031 2436 2096 Nestorius,
2459 2046 2655 2104 magna
2696 2031 2885 2102 populi
2924 2031 3159 2100 stipatus
3198 2029 3528 2099 frequentia.

1935 2121 2127 2178 Adfuit
2150 2131 2207 2178 et
2237 2121 2478 2194 Cyrillus
2509 2122 2661 2178 cultu
2703 2131 2761 2178 et
2804 2129 3070 2194 apparatu
3103 2119 3382 2192 pontificio
3425 2120 3532 2175 sub

1937 2215 2290 2270 Pentecostes
2331 2215 2734 2270 solemnitatem
2774 2254 2788 2278 ,
2834 2221 2960 2283 post
2993 2227 3160 2282 quam
3204 2221 3406 2282 quarto
3438 2211 3529 2264 die

1936 2306 2159 2362 advenit
2186 2305 2468 2363 Iuvenalis
2487 2305 2991 2375 Hierosolymorum
3037 2304 3350 2374 episcopus.
3381 2304 3527 2360 Con-
3623 2289 3638 2321 ⁷

1934 2408 2208 2457 venerunt
2241 2398 2481 2468 denique
2518 2412 2645 2453 cum
2690 2397 2778 2452 his
2817 2396 3042 2451 ducenti
3088 2405 3147 2451 et
3175 2411 3243 2450 eo
3286 2397 3529 2464 amplius

1934 2492 2200 2564 episcopi.
2228 2490 2417 2547 Solum
2440 2488 2866 2560 exspectabatur
2891 2487 3129 2543 Joannes
3149 2484 3529 2540 Antiochenos

1935 2604 2062 2645 cum
2093 2584 2370 2658 episcopis
2392 2583 2583 2655 Syriae,
2619 2580 2738 2652 qui,
2772 2588 2834 2635 ut
2868 2578 3128 2635 Nestorio
3179 2593 3389 2632 morem
3437 2592 3529 2647 ge-

1935 2688 2104 2745 reret,
2135 2678 2426 2750 plusquam
2456 2672 2830 2729 hebdomadas
2853 2671 2992 2727 duas
3026 2670 3171 2726 ultra
3213 2668 3527 2724 condictum

1933 2771 2081 2827 diem
2123 2775 2390 2833 moratus,
2426 2766 2648 2821 tandem
2679 2764 2936 2820 Patribus
2968 2761 3232 2818 indicavit
3258 2776 3358 2830 per
3389 2759 3528 2814 duos

1933 2863 2389 2934 metropolitanos
2434 2874 2586 2923 suos,
2639 2873 2750 2914 non
2791 2871 2914 2911 esse
2954 2854 3224 2927 synodum
3260 2852 3524 2908 diﬂ'ercn-

1933 2953 2079 3008 dam.
2109 2953 2301 3023 Magno
2330 2964 2462 3020 ergo
2499 2949 2887 3018 episcoporum
2915 2960 3184 3001 consensu
3239 2943 3523 2997 decretum

1932 3054 2018 3101 est
2055 3044 2322 3116 synodum
2354 3042 2600 3096 inchoari
2629 3046 2906 3109 oportere.
2931 3037 3172 3092 Collecta
3206 3050 3271 3090 ea
3295 3040 3380 3089 est
3414 3050 3522 3087 xm

1930 3137 2078 3194 Junii
2105 3137 2158 3190 in
2184 3135 2418 3192 ecclesia
2437 3132 2796 3188 sanctissima:
2829 3131 2927 3186 Dei
2945 3128 3244 3186 Cenitricis
3269 3146 3280 3180 :
3312 3141 3518 3196 praesc-

1926 3228 2264 3299 ditCyrillus
2293 3225 2574 3282 lecstini
2610 3239 2764 3294 papas
2804 3222 3046 3278 vicarius
3075 3239 3088 3275 :
3139 3219 3514 3275 interfuerunt

1922 3319 2162 3391 episcopi
2189 3320 2478 3389 plusquam
2498 3315 2744 3372 ducenti.
2772 3316 3035 3371 Perlectae
3058 3311 3409 3383 imperatoris
3433 3312 3522 3365 lit-

1923 3422 2090 3475 tera,
2135 3411 2340 3482 quibus
2389 3410 2682 3481 episcopos
2740 3407 2808 3462 ad
2857 3406 3126 3479 synodum
3175 3413 3520 3461 evocaverat.

1920 3505 2210 3561 Nestorius
2233 3504 2394 3560 tertio
2415 3504 2638 3567 citatus,
2666 3500 2862 3556 abnuit
2887 3499 3110 3570 prodire
3137 3517 3148 3552 :
3175 3514 3242 3552 eo
3270 3498 3522 3568 neglecto

1920 3598 2035 3654 itur
2065 3599 2133 3653 ad
2173 3598 2491 3671 synodicam
2527 3593 2980 3666 dijudicationem
3013 3609 3026 3645 :
3074 3591 3379 3646 recitantur
3416 3606 3517 3660 pu-

1920 3691 2064 3746 blice
2098 3691 2334 3745 Nicaeus:
2373 3687 2500 3743 ﬁdei
2531 3686 2862 3759 symbolum,
2903 3683 3218 3748 conciones,
3249 3680 3519 3752 epistolae,

1918 3781 2091 3838 libelli
2122 3797 2186 3836 ac
2232 3788 2495 3835 tractatus
2525 3777 2765 3834 Nestorii
2794 3794 2806 3831 :
2852 3785 3020 3832 testes
3058 3773 3126 3830 de
3157 3771 3517 3843 blasphemiis

1918 3870 1989 3926 ab
2029 3887 2096 3928 eo
2140 3871 2196 3927 in
2238 3869 2522 3926 Christum
2555 3856 2625 3922 ac
2656 3855 2948 3937 Deiparam
2985 3864 3266 3934 Virginem
3296 3862 3515 3934 jactatis

1917 3964 2301 4033 producuntur
2333 3979 2348 4016 :
2379 3960 2567 4033 Cyrilli
2596 3957 2666 4014 ad
2702 3957 3040 4021 Nestorium,
3071 3965 3130 4012 et
3153 3955 3317 4026 hujus
3352 3953 3421 4008 ad
3451 3953 3517 4008 il-

1917 4054 2032 4108 lum
2053 4053 2252 4106 littera:
2278 4051 2560 4130 leguntur.

1987 4142 2075 4198 50.
2111 4141 2324 4208 Quibus
2347 4137 2610 4194 omnibus
2639 4134 2878 4206 graviter
2901 4143 2958 4188 et
2983 4138 3243 4186 accurate
3278 4145 3514 4200 perpen-

1919 4233 2015 4298 sis,
2044 4232 2112 4287 ab
2139 4229 2461 4301 episcopatu
2497 4223 2958 4294 sacerdotumque
2999 4221 3279 4279 consortio
3317 4221 3516 4276 Nesto-

1919 4323 2036 4380 rius
2053 4321 2330 4394 dejicitur,
2348 4315 2792 4374 constantissime
2816 4314 2987 4370 totius
3002 4314 3196 4385 synodi
3219 4311 3513 4378 sententia,

1917 4419 2546 4492 Cyrillicaeterorumque
2567 4413 2814 4470 omnium
2851 4411 3238 4482 episcoporum
3278 4410 3510 4464 subseri

221 4524 458 4572 annum,
497 4506 822 4578 interposita
850 4507 1009 4564 docta
1038 4509 1252 4581 phrygii
1288 4509 1668 4580 explicatione.
1715 4508 1814 4564 lsi-
1847 4526 1890 4581 ι)
1919 4512 2106 4583 ptiOne
2134 4509 2368 4566 munita.
2398 4509 2474 4564 Ea
2502 4507 2577 4562 ita
2601 4507 2840 4562 refertur
2868 4511 2913 4559 t.
2937 4503 3006 4568 ll,
3030 4517 3152 4573 cap.
3189 4500 3286 4555 l0:
3326 4519 3344 4552 ε
3376 4499 3515 4555 San~

221 4601 419 4667 dorus,
467 4600 566 4655 lib.
597 4616 690 4655 xix
722 4600 1043 4672 Etymolog.,
1077 4617 1199 4672 cap.
1231 4601 1292 4656 5i
1318 4619 1331 4655 :
1372 4621 1391 4654 ς
1428 4601 1585 4657 Mitra
1616 4610 1703 4657 est
1732 4601 1817 4672 pi-

223 4693 374 4748 leum
411 4692 729 4764 phrygium,
755 4701 920 4764 caput
940 4700 1251 4766 protegens.
1289 4713 1307 4745 ι
1346 4693 1817 4761 Quemadmodum

223 4794 278 4839 et
326 4784 683 4855 Nicephorus
717 4784 931 4856 accepit
977 4784 1078 4840 lib.
1126 4801 1236 4852 xiv,
1283 4801 1404 4856 cap.
1457 4785 1547 4853 '54,
1603 4785 1697 4840 ubi
1745 4785 1821 4840 ita

224 4875 425 4930 scribit
455 4891 471 4928 :
505 4893 525 4925 ι
560 4872 890 4930 (Σωιρειίῐιιιε
920 4876 1106 4932 Romae
1133 4876 1446 4946 episcopus,
1475 4886 1702 4947 propter
1726 4891 1822 4931 na-

221 4967 526 5038 vigationis
553 4967 818 5038 pericula,
856 4965 971 5038 ipse
1003 4967 1212 5039 synodo
1233 4968 1425 5024 adesse
1455 4968 1817 5023 detrectavit:

230 5058 294 5111 ad
326 5056 598 5130 Cyrillum
637 5068 840 5123 tamen,
875 5067 935 5112 ut
971 5059 1152 5113 locum
1202 5057 1276 5112 ibi
1314 5075 1477 5114 suum
1523 5059 1818 5123 obtineret,

226 5150 474 5221 scripsit.
511 5150 591 5204 Ex
633 5165 743 5226 quo
780 5157 1029 5220 temple
1072 5149 1215 5204 fama
1253 5159 1358 5215 est,
1402 5150 1621 5204 mitram
1665 5149 1821 5204 illum

236 5241 442 5308 (Graece
486 5241 550 5295 τὸ
581 5245 682 5312 τῆς
719 5240 1212 5313 μίτραρὲπιθεμα)
1251 5251 1307 5296 et
1336 5242 1822 5312 papaeappcllatio—

238 5346 378 5395 nem,
413 5343 582 5402 atque
631 5340 692 5386 ut
729 5331 880 5386 orbis
922 5330 1165 5386 universi
1204 5330 1373 5400 judcx
1427 5331 1820 5401 appellaretur,

234 5421 531 5490 accepisse.
577 5440 595 5472 ι
628 5420 709 5475 Ex
724 5420 927 5491 quibus
947 5420 1151 5492 colligit
1173 5419 1522 5490 Spondanus,
1560 5439 1577 5470 ι
1615 5419 1823 5490 priscos

236 5508 359 5564 illos
390 5512 683 5582 episcopos
713 5511 1011 5568 orientales
1035 5511 1216 5567 mitris
1237 5511 1317 5566 uti
1340 5511 1563 5567 minime
1592 5525 1822 5566 consue-

232 5601 399 5665 visse,
434 5612 677 5674 etpapae
701 5603 1172 5684 nomenclatorem
1213 5603 1356 5658 haud
1400 5603 1488 5668 iis,
1529 5603 1671 5658 sicut
1704 5611 1823 5657 erat

237 5696 697 5761 occidentalibus,
734 5696 903 5752 fuisse
927 5713 1294 5752 communem.
1331 5717 1347 5748 ι
1388 5695 1675 5753 Existimat
1717 5695 1818 5748 Ba—

238 5787 426 5843 ronius
469 5789 608 5845 nihil
648 5789 853 5858 Cyrillo
898 5804 1218 5847 concessum
1255 5807 1284 5845 a
1317 5789 1632 5855 Cozlcstino,
1674 5787 1818 5856 quod

1919 4612 2008 4659 cta
2024 4602 2263 4675 synodus
2283 4599 2422 4656 dixit
2455 4599 2629 4655 :Cum
2657 4598 2803 4654 inter
2835 4605 3032 4654 caetera
3071 4592 3515 4667 religiosissimus

1919 4694 2225 4756 Nestorius,
2277 4705 2458 4761 neque
2512 4698 2717 4745 nostra:
2759 4687 3010 4760 citationi
3055 4703 3284 4758 parere,
3337 4701 3516 4756 neque

1920 4785 2297 4841 sanctissimos
2345 4797 2567 4837 rursum
2626 4779 3180 4852 religiosissimosque
3230 4777 3514 4849 episc0pos

1921 4886 2140 4932 nostros
2188 4874 2257 4930 ad
2305 4889 2365 4930 se
2403 4874 2603 4929 missos
2642 4871 2937 4927 admittere
2974 4870 3235 4934 voluerit,
3267 4884 3378 4924 non
3416 4884 3517 4938 po-

1924 4967 2127 5024 tuimus
2152 4965 2220 5020 ad
2245 4980 2438 5020 eorum
2485 4979 2610 5035 quae
2627 4962 2797 5034 impie
2820 4962 3007 5020 docuit
3055 4958 3535 5026 examinationcns

1921 5059 2166 5113 animum
2212 5071 2327 5110 non
2371 5055 2690 5126 adjungere.
2735 5053 2928 5109 Edocti
2975 5053 3159 5122 itaque
3201 5052 3406 5122 partim
3446 5067 3530 5120 ex.

1922 5149 2124 5204 litteris
2155 5147 2675 5217 eommentariisque
2721 5145 2870 5201 illius
2909 5144 3002 5200 hic
3048 5142 3270 5214 publice
3320 5143 3479 5199 lectis
3500 5183 3530 5209 ,,

1921 5243 2121 5312 partim
2157 5255 2378 5296 rursum
2418 5255 2488 5294 ex
2519 5239 2878 5296 concionibus
2938 5252 3078 5308 quas
3111 5235 3167 5290 in
3201 5236 3304 5291 hac
3333 5235 3528 5305 Ephe-t

1922 5335 2130 5390 siorum
2157 5333 2450 5403 metropoli
2481 5331 2708 5396 habuit,
2744 5331 2944 5401 partim
2987 5328 3224 5398 denique
3259 5343 3326 5382 ex
3362 5326 3518 5389 testia

1923 5424 2030 5480 bus
2050 5423 2158 5480 ﬁde
2191 5423 2393 5494 dignis,
2426 5422 2581 5477 illum
2617 5423 2786 5492 impie
2823 5421 3024 5476 docere
3068 5427 3126 5474 et
3165 5431 3379 5486 sapere,
3415 5429 3516 5484 per

1923 5531 2110 5571 sacros
2154 5530 2414 5579 canones,
2459 5513 2903 5582 sanctissimique
2951 5511 3210 5566 Romanae
3252 5505 3513 5562 Ecclesize

1921 5606 2164 5676 episcopi
2201 5605 2481 5663 leestini
2524 5605 2696 5676 patris
2733 5601 2906 5658 nostri
2952 5601 3192 5663 litteras,
3249 5598 3509 5670 lacrymis

1924 5693 2118 5749 sull‘usi
2146 5704 2202 5749 et
2229 5711 2367 5764 pene
2392 5693 2547 5750 inviti
2577 5691 2646 5746 ad
2682 5691 2969 5760 lugubrem
3005 5690 3144 5745 hanc
3178 5688 3507 5746 sententiam

1926 5804 2204 5860 urgemur.
2255 5788 2424 5861 Igitur
2466 5786 2737 5843 Dominus
2775 5793 2973 5865 noster
3020 5784 3179 5842 Iesus
3229 5783 3502 5852 Christus,
