4034 6220
541 268 604 326 si
933 323 947 333 ,
1569 238 1583 252 ’
1878 276 1934 330 s.
1978 273 2259 332 CYRILLI
2296 273 2475 330 vna.
3308 246 3323 253 ’
3721 274 3795 331 32

533 398 701 454 quem
748 383 866 440 suis
903 382 997 440 ille
1038 348 1374 456 blasphemis
1404 378 1637 443 vocibus
1677 387 1967 458 impetivit,
2017 406 2116 461 per
2146 399 2186 450 Α
2217 388 2302 443 sui
2342 396 2400 443 et
2443 402 2569 443 cum
2614 388 2803 446 multis
2842 391 3167 463 Pelagianis,
3207 391 3303 463 qui
3352 402 3641 464 cognatum
3685 394 3793 450 sibi

535 490 749 530 sacram
778 476 920 531 hanc
962 475 1250 546 synodum,
1290 473 1560 532 eumdem
1593 478 1926 546 Nestorium,
1961 482 2112 535 omni

534 579 763 634 prorsus
792 564 1087 634 episcopali
1118 564 1382 636 dignitate
1422 567 1718 638 privatum,
1771 579 1828 625 et
1870 572 1940 626 ab
1985 573 2112 627 uni-

535 671 695 711 verso
734 656 1091 713 nihilominus
1132 659 1498 714 sacerdotum
1543 661 1823 717 consortio
1865 671 1923 723 et
1967 673 2117 719 coetu

534 747 775 801 alienum
807 762 928 802 esse
954 747 1224 804 decernit.
1266 768 1285 801 ι
1976 800 1981 803 ,

597 838 685 892 51.
720 838 873 894 Hanc
904 841 1235 895 sententiam
1263 840 1499 897 solemni
1532 843 1717 899 statim
1746 859 1953 915 pompa
1971 860 2115 915 prae—

532 944 700 1009 cones
735 937 848 985 tota
884 931 1022 987 urbe
1054 931 1532 998 circumtulerunt,
1577 943 1634 1007 et
1670 933 1845 990 aﬂixis
1891 936 2113 1006 publice

533 1022 861 1093 syngraphis
892 1023 1326 1094 promulgarunt.
1372 1024 1613 1096 Populus
1659 1025 1972 1096 Ephesinus
2024 1028 2112 1082 in-

506 1117 784 1172 mredibili
806 1118 1004 1189 gaudio
1023 1119 1277 1189 perfusus
1299 1120 1697 1177 collucentibus
1719 1123 1875 1179 taedis
1888 1124 2112 1180 domum

533 1207 762 1263 deduxit
796 1208 1101 1280 episcopos,
1138 1212 1599 1280 praetereuntibus
1632 1213 1794 1267 thura
1827 1220 1887 1269 et
1915 1213 2114 1271 odores

536 1298 801 1363 incendit,
823 1299 1084 1370 impiique
1111 1300 1349 1356 Nestorii
1378 1302 1887 1360 condemnationem
1918 1305 2110 1376 plausu

532 1392 871 1450 faustissimo
897 1393 1132 1463 excepit.
1164 1393 1425 1464 Sequenti
1457 1394 1544 1450 die
1570 1395 1807 1467 Cyrillus
1837 1396 1903 1451 ad
1934 1412 2110 1467 pepu-

534 1484 648 1538 lum
676 1482 1010 1554 Ephesinum
1044 1483 1102 1537 in
1129 1482 1345 1538 laudem
1368 1483 1722 1539 sanctissimae
1742 1484 1838 1540 Dei
1868 1484 2110 1540 Genitri-

533 1573 618 1629 cis
645 1573 965 1629 concionem
989 1573 1203 1639 habuit,
1229 1574 1604 1645 acerrimequc
1630 1575 1684 1629 in
1705 1574 1943 1631 Nestorii
1963 1576 2109 1632 blas-

534 1663 783 1734 phemias
806 1664 1055 1719 invectus
1075 1671 1181 1718 est.
1216 1663 1462 1734 Denique
1485 1664 1555 1718 ad
1596 1664 1967 1721 Theodosium
1994 1665 2117 1737 im-

2180 886 2194 898 .
2212 846 2442 914 factam,
2495 848 2762 919 approbat

2213 480 2410 550 dogma
2444 480 2729 551 juvabant,
2765 481 3078 539 damnatur.
3110 502 3139 535 ι.

2285 573 2373 629 55.
2398 574 2611 629 [nterea
2632 574 2947 646 imperator,
2977 574 3111 631 falsa
3146 575 3513 632 Orientalium
3529 577 3793 633 relatione
3888 636 3892 640 ,

2214 664 2499 736 deceptus,
2535 682 2647 721 non
2674 667 2853 721 solum
2899 666 3159 733 Nestorii,
3187 684 3379 724 verum
3417 668 3581 723 etiam
3603 668 3793 741 Cyrilli

2211 764 2270 810 et
2314 756 2619 812 Memnonis
2672 758 3221 835 exauctoratiouemt
3244 767 3503 835 tauquam
3552 759 3793 831 legitime

2809 867 2823 902 :
2867 849 3157 917 ,Joannem
3204 865 3488 906 sacrorum
3536 850 3794 905 comitem

2211 941 2684 1012 Constantinopoli
2719 940 2999 1012 Ephesum
3034 941 3197 1012 legat,
3240 942 3337 1012 qui
3374 941 3526 1011 pacis
3557 956 3793 997 concor-

2212 1032 2422 1103 diaeque
2447 1049 2611 1089 causa
2635 1032 2843 1106 synodo
2871 1032 3033 1099 adsit,
3057 1040 3119 1086 ut
3145 1031 3349 1087 dicitur
3378 1039 3525 1087 tomo
3552 1031 3642 1095 lli,
3667 1046 3789 1101 cap.

2213 1123 2301 1179 15.
2337 1124 2440 1179 Hic
2464 1124 2559 1179 ubi
2587 1124 2865 1194 Ephesum
2897 1123 3140 1188 advenit,
3170 1122 3346 1193 prima
3376 1122 3465 1178 die
3496 1123 3654 1179 lectis
3683 1123 3791 1176 im-

2211 1215 2481 1285 peratoris
2537 1214 2757 1280 litteris,
2813 1213 3056 1269 declarat
3107 1214 3444 1279 Nestorium,
3501 1213 3792 1285 Cyrillum,

2210 1312 2379 1383 atque.
2401 1304 2742 1360 Memnonem
2778 1303 2903 1376 jure
2945 1304 3224 1375 depositos
3250 1321 3264 1358 :
3296 1320 3444 1375 quos
3474 1319 3693 1370 omnes,
3722 1320 3794 1360 ne

2210 1397 2438 1458 dissidia
2461 1398 2667 1468 majora
2685 1397 3111 1463 concitarentur,
3137 1396 3347 1452 carceri
3383 1410 3657 1467 quemque
3689 1411 3807 1453 suo.

2210 1487 2443 1544 includit
2459 1504 2484 1554 ;-
2503 1496 2561 1543 et
2584 1487 2898 1543 Nestorium
2925 1487 3154 1558 quidem
3177 1487 3597 1543 custodiendum
3625 1488 3805 1543 tradit:

2208 1574 2548 1631 Candidiano
2569 1574 2778 1640 comiti,
2809 1574 3219 1647 Cyrillumvero
3246 1584 3304 1632 et
3325 1576 3669 1632 Memnonem
3693 1578 3803 1633 las--

2208 1669 2350 1723 cobo
2406 1667 2595 1723 itidem
2641 1667 2851 1732 comiti,
2905 1676 2969 1723 ut
3021 1668 3138 1739 ipse
3184 1667 3425 1725 Joannes
3466 1669 3665 1725 litteris
3719 1669 3792 1725 ad

534 1760 843 1823 peratorem
877 1760 935 1807 et
968 1753 1176 1808 clerum
1206 1752 1868 1825 ConstantinOpolitanum
1890 1735 2109 1827 scripta:
2137 1735 2183 1796 Β
2212 1758 2585 1816 Theodosium
2606 1758 2790 1814 missis
2817 1757 3025 1814 indicat
3042 1735 3187 1815 tom.
3211 1756 3303 1827 Ill,
3330 1759 3563 1830 append.
3585 1759 3640 1824 2,
3667 1774 3786 1829 cap.

471 1913 487 1929 ,δ
534 1852 665 1899 sunt
684 1845 883 1901 littera:
903 1845 1207 1916 synodales.

534 2001 563 2073 ᾗ
589 2001 656 2059 X.
678 2001 840 2058 Nam
868 2002 924 2058 in
947 2000 1207 2075 Cyrillum
1229 2000 1509 2059 calumnia:
1523 2021 1542 2070 ;
1567 2018 1833 2071 carceres;
1865 2004 2107 2061 victoria.

609 2138 699 2195 52.
728 2139 856 2195 Hice
882 2139 1015 2195 dum
1039 2155 1253 2196 summa
1291 2140 1721 2196 orthodoxorum
1762 2140 1950 2197 laetitia
1978 2156 2108 2212 per-

538 2237 791 2299 aguntur,
810 2238 1089 2286 certamen
1115 2230 1383 2287 instaurat
1409 2232 1773 2288 hairesiarcha
1802 2232 2109 2290 Nestorius.

539 2320 608 2374 Ei
644 2320 899 2376 favebant
945 2322 1202 2388 comites,
1239 2321 1615 2379 Candidianus
1666 2324 1737 2379 ab
1778 2323 2108 2395 imperatore

539 2410 847 2468 Theodosio
877 2412 945 2468 ad
969 2428 1160 2483 pacem
1186 2413 1461 2485 publicam
1487 2415 1783 2470 curandam
1805 2416 2110 2486 appositus,

535 2509 593 2557 et
616 2502 854 2560 lrenaeus
880 2503 1136 2560 amicitiae
1177 2504 1360 2560 studio
1394 2504 1708 2561 Nestorium
1743 2514 1982 2562 secutus.
2016 2506 2108 2562 In-

539 2591 923 2647 tercluduutur
952 2606 1083 2663 ergo
1107 2592 1176 2647 ab
1196 2589 1287 2648 his
1309 2591 1412 2648 vite
1441 2608 1652 2659 omnes,
1687 2609 1758 2650 ne
1776 2610 1893 2666 qua
1917 2595 2109 2668 synodi

540 2681 734 2736 littere
756 2682 824 2736 ad
859 2682 1247 2753 imperatorem
1274 2683 1611 2751 deferantur,
1638 2694 1785 2741 terra
1819 2693 1916 2741 aut
1947 2687 2108 2743 mari.

537 2773 763 2829 interim
813 2774 1049 2832 Joannes
1107 2775 1398 2847 episcopus
1450 2776 1829 2833 Antiochenus
1899 2777 2105 2848 aliique

537 2863 843 2921 Orientales
867 2866 1129 2938 episcopi,
1162 2866 1231 2923 ad
1265 2866 1634 2922 damnandum
1670 2867 1981 2924 Nestorium
2007 2885 2109 2940 po-

539 2957 793 3026 pularem-
807 2973 967 3013 suum
989 2958 1238 3030 ingratiis
1256 2959 1436 3026 acciti,
1452 2976 1597 3015 xxvu
1617 2959 1769 3016 Junii
1787 2961 2108 3027 adveniunt,

538 3055 596 3103 et
625 3048 981 3104 tumultuario
1012 3058 1202 3105 coacto
1238 3050 1601 3107 conciliabula
1629 3042 1900 3122 legitima}.
1917 3052 2110 3123 synodi

488 3134 497 3145 ’
539 3141 675 3197 Acta
706 3142 1044 3208 rescindunt,
1075 3158 1140 3199 ac
1161 3142 1428 3215 Cyrillum
1452 3152 1510 3200 et
1528 3144 1871 3201 Memnonem
1911 3145 2113 3216 Ephesi

538 3234 855 3305 episcopum
885 3234 1178 3302 damnant;
1208 3234 1473 3308 Cyrillum
1494 3238 1739 3309 quidem,
1784 3236 1942 3308 quasi
1974 3238 2114 3293 scri-

539 3327 653 3396 ptis
698 3327 814 3381 suis
839 3327 906 3382 ad
926 3327 1238 3384 Nestorium
1255 3328 1782 3401 Constantinopolim
1807 3329 1990 3386 missis
2006 3329 2117 3387 hac.

542 3432 702 3471 rcses
734 3417 1140 3485 admiscuisset,
1168 3419 1511 3477 Memnonem
1562 3435 1695 3477 vero
1744 3421 1891 3492 quod
1927 3421 2116 3494 Cyrilli

537 3507 777 3578 capitula
796 3510 1213 3581 promulgasset,
1227 3511 1589 3583 Nestorioque
1612 3529 1825 3584 .omnes
1857 3514 2117 3572 ecclesias

539 3599 742 3669 Ephesi
775 3600 1078 3667 clausisset,
1111 3610 1169 3657 et
1197 3603 1306 3658 alia
1346 3604 1618 3675 permulta
1651 3608 1841 3662 contra
1879 3621 2118 3664 canones

539 3691 843 3761 peregisset
870 3707 885 3744 :
918 3691 1160 3762 reliquos
1186 3699 1371 3761 autem
1400 3695 1751 3752 mcumenicae
1773 3696 1965 3768 synodi
1996 3697 2117 3768 epi-

542 3796 737 3852 scopos
759 3783 1312 3841 excommunicationi
1352 3786 1672 3859 subjiciunt,
1710 3788 1887 3845 donec
1928 3788 2116 3863 Cyrilli

540 3872 780 3944 capitula
823 3872 1166 3932 damnarent.
1209 3874 1426 3935 Charta:
1464 3878 1702 3951 denique
1746 3880 1965 3952 publice
1997 3883 2115 3940 alli-

541 3975 762 4037 guntur,
790 3967 992 4039 quibus
1017 3966 1253 4039 Cyrillus
1280 3970 1572 4043 episcopus
1590 3971 1991 4032 Alexandrinus
2015 3975 2116 4033 de-

541 4059 782 4114 claratur
828 4066 991 4116 sectae
1028 4061 1365 4132 Apollinaris
1407 4062 1718 4132 haereticus,
1762 4076 1926 4140 atque
1976 4068 2118 4126 hanc

541 4151 662 4222 ejus
691 4151 941 4207 haaresim
968 4152 1283 4224 imperatori
1314 4154 1691 4214 denuntiatum
1723 4174 1864 4215 esse.

611 4242 701 4296 55.
738 4241 985 4310 Quarum
1027 4260 1213 4302 rerum
1246 4247 1584 4318 indignitate
1616 4248 1890 4303 acommoti
1929 4249 2117 4305 Patres

544 4332 829 4402 Ephesium
861 4333 1075 4407 synodi,
1106 4334 1346 4403 acceptis
1381 4335 1584 4389 libellis
1619 4335 1960 4404 supplicibus
1978 4352 2116 4407 quos

2214 1852 2267 1916 1,
2293 1851 2495 1920 quibus
2520 1850 2753 1921 aliisque
2785 1851 2986 1908 litteris
3017 1859 3169 1908 tanta
3207 1852 3555 1923 improbitate
3593 1859 3791 1906 cuncta
3884 1852 3887 1853 ⁷

2212 1940 2422 2008 retulit,
2453 1950 2515 1997 ut
2538 1942 2606 1998 de
2626 1940 2814 2014 Cyrilli
2845 1942 3041 1999 exsilio
3069 1943 3358 1999 consilium
3398 1941 3803 1998 Constantino--~

2212 2032 2323 2102 poli
2350 2033 2605 2100 iniretur,
2628 2033 2784 2104 quasi
2803 2049 2956 2090 sacra
2982 2032 3225 2106 synodus
3250 2035 3372 2104 ejus
3390 2032 3795 2089 exauctoratio-

2211 2116 2340 2180 dm
2361 2124 2839 2199 ratam‘habuisset
2855 2166 2873 2191 ,
2893 2134 2957 2180 ut
2979 2126 3095 2196 ipse
3114 2124 3352 2199 Cyrillus
3375 2124 3432 2179 in
3454 2124 3697 2196 Epistola
3719 2127 3801 2180 ad‘

2212 2213 2412 2269 clerum
2459 2194 2810 2286 populumque
2867 2194 3513 2288 Constantinopolitanunt
3562 2224 3792 2271 testatur

2216 2311 2364 2359 tomo
2383 2303 2473 2370 Ν,
2498 2319 2630 2374 cap.
2645 2303 2733 2369 l2,
2762 2304 2854 2360 ubi
2879 2305 3124 2360 detectas
3146 2304 3371 2361 Joannis
3393 2305 3611 2361 comitis
3637 2305 3788 2360 l'rau-

2212 2393 2312 2450 des
2335 2395 2575 2465 postulat
2610 2395 2733 2451 aliis
2760 2395 3296 2467 pateﬁeri,.maxime
3323 2396 3801 2465 archimandritis,.

2212 2499 2450 2554 quorum
2492 2484 2740 2541 omnium
2768 2500 2931 2556 opem
2970 2485 3242 2556 ﬁdemque
3278 2487 3479 2542 obnixe
3518 2487 3802 2558 implorat..

2212 2570 2360 2640 quod
2379 2570 2621 2642 synodus
2638 2572 2891 2628 maximis
2910 2572 3147 2631 miseriis
3167 2573 3459 2640 obruatur;
3481 2584 3539 2629 et
3560 2591 3679 2645 cap.
3701 2575 3788 2640 i8,

2214 2664 2282 2719 ad
2331 2664 2618 2736 episcopos
2667 2664 3138 2736 Constantinopoli
3185 2673 3407 2735 agentes
3459 2664 3530 2719 de
3578 2681 3637 2720 se
3687 2666 3794 2721 hoc

2214 2754 2441 2812 scribit:
2475 2775 2494 2808 «
2514 2756 2627 2812 Nos
2646 2756 2816 2811 vincti
2842 2755 3208 2826 custoditique
3229 2771 3590 2821 asservamur,
3614 2756 3787 2827 ignari

2217 2862 2441 2919 prorsus
2492 2863 2604 2919 quo
2632 2848 2854 2904 tandem
2874 2864 2972 2913 res
3010 2849 3127 2905 haec
3165 2848 3237 2904 sit
3272 2863 3521 2905 evasura.
3556 2849 3805 2904 Verum-.

2219 2944 2401 2992 tamen
2431 2936 2634 3009 gratias
2662 2936 2877 3010 agimus
2898 2936 3136 3002 Christo,
3164 2937 3311 3009 quod
3348 2954 3449 3009 pro
3478 2939 3697 2993 nomine
3722 2938 3791 2993 il-

2217 3028 2324 3084 lius
2343 3028 2491 3099 digni
2520 3029 2842 3097 habeamur,
2868 3046 2981 3085 non
3001 3030 3178 3086 solum
3206 3030 3442 3087 vinculis
3471 3032 3799 3104 constringi,

2215 3121 2311 3177 sed
2335 3130 2531 3176 uetera
2553 3136 2773 3192 quoque
2809 3120 2995 3177 omnia
3019 3121 3228 3194 perpeti
3253 3139 3267 3176 :
3295 3137 3475 3193 neque
3502 3121 3649 3177 enim
3691 3122 3793 3177 ista

2215 3211 2457 3283 praemiis
2498 3212 2614 3268 suis
2651 3197 2982 3269 cdrebunt...
3023 3213 3326 3291 Precentur
3365 3230 3464 3285 pro
3501 3213 3661 3269 nobis
3699 3229 3793 3268 or—

2216 3303 2441 3360 thodoxi
2470 3319 2677 3361 omnes.
2705 3306 2774 3363 Ut
2796 3305 2942 3362 enim
2967 3306 3160 3362 beatus
3204 3305 3373 3360 David
3395 3305 3513 3360 ait:
3559 3304 3671 3377 Ego
3724 3305 3800 3360 ad

2214 3394 2432 3469 ﬂagella
2463 3405 2684 3469 paratus
2714 3413 2853 3453 sum.
2886 3395 3055 3467 (Psal.
3079 3412 3277 3462 nxvu,
3312 3394 3424 3466 18.)
3444 3415 3463 3446 ι

2277 3511 2365 3567 56.
2396 3510 2614 3578 Quanta
2651 3511 2820 3567 animi
2849 3510 3177 3589 constantia,
3202 3524 3476 3581 quamque
3520 3507 3796 3567 indefesso

2215 3602 2420 3669 studio,
2449 3603 2664 3675 egerint
2700 3603 2847 3675 apud
2894 3603 3278 3683 imperatorem
3318 3601 3607 3658 orthodoxi
3646 3602 3799 3658 Cou-

2215 3694 2708 3766 stantinopolitani,
2726 3694 2934 3750 indicat
2946 3693 3169 3749 libellus
3189 3692 3267 3748 illi
3284 3684 3524 3759 oblatus,
3539 3701 3688 3749 torno
3703 3694 3806 3760 IV,

2214 3801 2335 3858 cap.
2371 3787 2458 3853 16,
2497 3803 2608 3859 quo
2636 3802 2761 3843 cum
2783 3785 3123 3852 docuissent,
3168 3785 3334 3858 justis
3374 3786 3685 3858 principum
3715 3788 3799 3845 le-

2214 3874 2377 3947 gibus
2428 3875 2943 3948 obtemperandum,
3010 3873 3229 3946 injustis
3287 3889 3417 3929 vero
3475 3876 3799 3933 eorudcm

2214 3967 2592 4024 sanctionibus
2637 3966 3051 4037 repugnandum
3085 3966 3216 4021 totis
3245 3965 3456 4021 viribus
3482 3981 3625 4032 esse,
3666 3968 3807 4022 sub—

2210 4058 2450 4130 jungunt
2479 4072 2539 4112 se
2579 4056 2798 4127 quidvis
2831 4057 2991 4113 malle
3036 4056 3268 4129 perpeti,
3315 4071 3479 4127 quam
3532 4056 3794 4128 injustam

2215 4147 2584 4205 damnationis
2613 4148 2941 4204 sententiam
2981 4148 3190 4204 nefarie
3224 4148 3294 4204 ab
3324 4147 3693 4205 Orientalibus
3736 4149 3795 4207 in

2213 4239 2475 4311 Cyrillum
2505 4247 2564 4296 et
2590 4239 2934 4304 Memnonem
2966 4240 3151 4306 latam,
3189 4246 3245 4296 et
3288 4240 3494 4313 injuste
3518 4240 3587 4296 ab
3617 4241 3793 4312 impe-

2216 4332 2505 4389 ratoribus.
2519 4332 2918 4399 conﬁrmatam,
2942 4334 3478 4405 recipere-Denique
3500 4333 3587 4391 his
3606 4333 3793 4391 verbis

539 4439 641 4493 pro
672 4440 771 4480 sua
803 4426 1118 4482 innocentia
1136 4425 1374 4499 Cyrillus
1406 4441 1472 4481 ac
1494 4425 1748 4482 Memnon
1780 4428 2112 4497 obtulerant,
2144 4447 2190 4504 υ
2217 4424 2559 4480 concludunt
2584 4442 2598 4478 :
2649 4442 2668 4475 ι
2698 4422 2835 4480 Cum
2865 4422 3048 4495 itaque
3069 4424 3354 4481 Nestorius
3382 4434 3608 4497 propter
3636 4440 3791 4481 suam

537 4517 800 4574 Joannem
830 4518 1010 4573 missis
1029 4518 1207 4574 tribus
1229 4518 1501 4589 episc0pis
1522 4526 1748 4575 monent
1788 4528 1849 4575 ut
1894 4535 1954 4576 se
1991 4536 2116 4594 syn-

539 4608 648 4662 odo
666 4606 842 4673 sistat,
868 4607 1136 4663 rationem
1157 4608 1242 4664 sui
1265 4609 1390 4665 lacti
1414 4609 1750 4666 redditurus.
1776 4610 1984 4667 Ahuuit
2001 4612 2112 4680 ille,

540 4698 777 4753 militum
812 4697 997 4769 potius
1035 4698 1226 4755 virtuti
1253 4716 1416 4772 quam
1451 4716 1631 4758 causa:
1661 4702 1906 4773 aequitati
1941 4703 2113 4758 conii-

541 4804 652 4845 sus.
692 4790 871 4858 Quare
915 4790 1156 4862 synodus
1187 4791 1453 4848 Joannem
1491 4808 1616 4849 cum
1658 4795 1843 4861 sociis,
1884 4796 2116 4852 anathe-

538 4889 680 4937 mate
693 4891 857 4952 atque
872 4881 1219 4953 episcopatus
1233 4883 1580 4940 abdicatione
1597 4884 1813 4953 multat;
1829 4886 2089 4958 Cyrillum
2099 4927 2113 4952 ,

539 4972 907 5039 Memnonem,
926 4988 991 5029 ac
1011 4974 1253 5045 reliquos
1274 4982 1468 5030 contra
1485 4976 1576 5046 jus
1595 4992 1660 5032 ac
1683 4976 1763 5032 fas
1779 4993 1940 5032 omne
1959 4977 2115 5033 dam-

538 5072 694 5119 natos
732 5064 900 5121 fuisse
928 5066 1267 5137 pronuntiat.
1333 5066 1572 5139 Cyrillus
1622 5084 1756 5124 vero
1796 5079 2119 5125 ostensurus

541 5170 702 5223 quam
719 5154 876 5225 longe
887 5156 1103 5211 abesset
1130 5166 1193 5211 ut
1207 5156 1500 5226 aliquando
1511 5158 1882 5228 Apollinarem
1914 5161 2000 5214 vel
2023 5160 2071 5214 al
2080 5160 2118 5213 i-

542 5263 707 5317 quem
717 5245 1101 5302 haereticorum
1119 5256 1362 5303 sectatus
1372 5246 1558 5315 fuerit,
1576 5248 1633 5303 in
1649 5249 2116 5321 eumdemApolii-

452 5408 453 5415 γ
541 5353 731 5395 narem
750 5346 807 5394 et
826 5338 964 5394 alios
980 5353 1172 5395 omnes
1187 5339 1581 5395 haeresiarchas
1597 5339 1783 5395 intulit
1801 5324 2129 5398 anathema:

612 5430 699 5484 54.
732 5430 1050 5502 Pelagianos
1080 5445 1205 5486 cum
1231 5429 1484 5486 Nestorio
1519 5429 1806 5488 damnatos
1830 5431 1856 5487 l'
1856 5433 1998 5488 uisse
2035 5443 2116 5489 tc-

542 5528 718 5575 statur
747 5522 983 5594 Prosper
1015 5522 1073 5577 in
1097 5520 1351 5578 Chronico
1378 5520 1447 5576 ad
1474 5521 1622 5576 hunc
1650 5535 1854 5577 annum
1886 5539 1899 5575 :
1934 5541 1952 5572 α
1977 5520 2120 5576 Con-

544 5619 762 5680 gregata
806 5615 949 5683 apud
995 5615 1273 5685 Ephesum
1321 5614 1447 5685 plus
1489 5614 1850 5671 ducentorum
1902 5612 2111 5682 synodo

549 5695 918 5765 sacerdotum,
966 5700 1248 5759 Nestorius
1299 5718 1424 5760 cum
1463 5702 1611 5761 omni
1658 5701 1849 5760 haeresi
1879 5702 2116 5785 nominis

2217 4512 2554 4586 impietatem
2576 4513 2721 4586 juste
2753 4513 2825 4568 sit
2855 4521 3283 4582 exauctoratus;
3302 4514 3543 4588 Cyrillus
3574 4531 3706 4571 vero
3737 4524 3799 4569 et

2216 4604 2468 4660 Memnon
2497 4602 2828 4659 sanctissimi
2860 4602 3204 4675 piissimique
3242 4605 3506 4678 episcopi,
3533 4621 3601 4662 ex
3630 4622 3800 4677 prava

2217 4697 2586 4769 suggestione,
2610 4695 2834 4767 indigne
2861 4704 2919 4751 et
2945 4696 3147 4769 injuste
3179 4697 3298 4768 pari
3330 4713 3492 4769 pmna
3518 4699 3631 4754 sint
3652 4699 3798 4754 mul-

2215 4790 2348 4858 tati;
2375 4804 2602 4860 aaquuut
2621 4796 2727 4853 est,
2752 4787 2958 4844 Christi
2980 4796 3227 4844 amantes
3285 4805 3460 4861 reges,
3486 4791 3682 4847 sedulo
3701 4806 3804 4846 vos

2217 4901 2410 4942 curare
2460 4900 2529 4942 ne
2552 4883 2650 4940 Dei
2678 4882 2943 4948 Ecclesia,
2965 4898 3087 4954 quae
3102 4896 3257 4937 more
3276 4881 3514 4937 nutricis
3536 4881 3802 4952 pietatem

2216 4986 2450 5031 vestram
2487 4975 2761 5039 confovet,
2804 4973 3202 5045 victoriamque
3241 4972 3310 5027 de
3347 4971 3622 5034 hostibus.
3663 4970 3805 5026 citra

2216 5082 2467 5138 magnam
2493 5065 2867 5121 dillicultatcm
2888 5064 3156 5137 majestati
3180 5071 3375 5121 vestra:
3404 5062 3639 5118 subinde
3663 5077 3801 5118 ccn—
3901 5065 3906 5070 ’

2216 5159 2387 5222 ciliat,
2435 5158 2491 5212 in
2535 5166 2817 5228 posterum
2867 5156 3194 5227 dissipetur;
3242 5168 3380 5209 neve
3431 5153 3582 5223 regni
3630 5155 3800 5207 vestri

2219 5260 2465 5320 tempore
2522 5259 2823 5320 martyrum
2879 5248 3141 5301 saeculum
3193 5245 3377 5301 denuo
3425 5251 3733 5299 revertatur
3783 5262 3796 5297 :

2217 5342 2350 5412 quin
2383 5340 2439 5395 in
2473 5341 2529 5397 id
2564 5339 2746 5410 potius
2771 5337 3089 5393 incumbere
3117 5352 3216 5393 vos
3246 5351 3347 5408 par
3364 5344 3470 5401 est,
3513 5349 3713 5407 nempe
3742 5347 3802 5393 ut

2218 5431 2491 5501 majorum
2523 5438 2835 5486 vestrorum
2866 5441 2998 5497 erga
3029 5427 3124 5482 Dei
3158 5424 3431 5487 Ecclesias
3461 5441 3704 5481 amorem
3735 5442 3799 5481 ac

2217 5520 2462 5577 studium
2486 5519 2545 5575 in
2573 5517 2775 5575 animis
2800 5516 3001 5573 vestris
3036 5516 3209 5590 magis
3252 5515 3535 5588 magisque
3567 5515 3799 5571 subinde

2219 5611 2589 5668 exsuscitetis.
2652 5607 3127 5689 Quemadmodum
3178 5624 3318 5679 ergo
3361 5606 3561 5679 singuli
3604 5618 3791 5659 eorum

2220 5713 2536 5761 sanctorum
2568 5703 2795 5760 Patrum
2823 5698 3047 5766 synodis
3081 5697 3293 5769 imperii
3324 5698 3407 5754 sui
3444 5707 3680 5764 tempore
3706 5706 3803 5748 ce—
