4034 6220
253 373 333 432 33

1611 381 1667 432 S.
1709 380 1862 432 Cllil

1966 383 1983 432 t
2028 381 2202 434 \‘l'lA.
3468 393 3540 448 δά

259 486 490 545 lebratis
540 497 870 556 paruerunt,
900 461 1252 558 Patrumquo
1296 490 1612 545 sanctiones
1645 490 1859 558 legibus
1888 497 1930 552 Α
1961 491 2234 560 eipatibus
2271 499 2326 546 et
2361 495 2744 563 potestatibus,
2795 496 2924 551 dum
2973 499 3161 555 mundi
3209 501 3448 558 dominis
3483 513 3541 560 et

259 580 380 635 suis
408 579 753 644 munierunt,
788 589 846 634 et
873 595 1036 650 quam
1077 579 1185 634 illis
1220 580 1516 646 deferrent,
1551 582 1853 637 observan-

260 672 398 726 tiam
432 671 672 726 decretis
703 672 823 727 suis
861 672 1242 738 ostenderunt,
1290 674 1368 727 ita
1411 682 1468 728 et
1507 689 1605 728 vos
1636 687 1858 743 quoque

257 779 396 818 eum
433 781 592 834 quem
625 764 788 820 decet
829 765 1088 819 affectum
1124 779 1252 836 erga
1290 766 1558 837 synodum
1589 775 1854 829 sanctam,

260 870 439 924 quam
467 853 760 910 convenire
782 855 1043 925 jussistis,
1073 851 1347 916 declarate
1376 871 1388 909 :
1424 871 1536 926 quo
1577 855 1695 925 pias
1738 855 1856 925 ipsa

265 949 564 1020 gratiarum
625 948 875 1012 actiones
916 965 1017 1021 pro
1075 934 1292 1019 imperii
1351 949 1520 1004 vestri
1563 950 1856 1004 incolumi-

275 1050 385 1093 tate
439 1039 733 1108 persolvat,
783 1049 841 1094 et
900 1056 1002 1094 nos
1063 1055 1281 1111 quoque
1323 1055 1424 1110 pro
1482 1040 1636 1111 regni
1687 1041 1856 1095 vestri

267 1131 566 1184 stabilitate
610 1129 839 1186 devotas
890 1131 958 1185 ad
999 1131 1278 1188 Christum
1329 1131 1621 1187 Dominum
1665 1147 1858 1203 preces

264 1221 727 1276 transmittamus.
770 1241 788 1273 ι

315 1300 409 1368 57.
445 1313 750 1383 Imperator
780 1315 1052 1371 acerrimo
1084 1316 1178 1370 illo
1209 1316 1641 1372 orthodoxorum
1667 1317 1854 1373 libello

255 1404 702 1475 expergefactus,
727 1415 784 1460 et
811 1407 999 1462 amissi
1043 1407 1098 1463 in
1136 1409 1320 1464 Africa
1347 1410 1625 1466 exercitus
1657 1410 1854 1466 nuntio

260 1505 598 1559 commotus,
650 1513 871 1552 necnon
903 1497 958 1553 S.
990 1499 1290 1554 Pulcheriaa
1309 1499 1518 1555 sororis
1548 1515 1660 1554 suae
1681 1488 1858 1570 preci-

263 1591 369 1645 bus
393 1591 672 1662 fatigatus,
705 1590 922 1645 saniora
954 1591 1170 1646 tandem
1198 1591 1426 1646 consilia
1465 1591 1608 1656 iniit,
1645 1601 1701 1646 et
1757 1606 1849 1645 se-

267 1694 424 1754 ptem
483 1683 553 1736 ab
609 1691 842 1752 utraque
872 1692 1026 1752 parte
1075 1683 1292 1752 Epheso
1324 1682 1854 1754 ConstantinOpolim

263 1774 414 1828 mitti
444 1775 736 1844 episcopos
755 1772 941 1845 jussit.
977 1773 1310 1834 Orthodoxis
1337 1774 1392 1829 in
1421 1775 1614 1829 urbem
1648 1774 1852 1845 regiam

1957 582 2307 637 tenebrarum
2333 586 2517 640 saeculi
2554 587 2716 658 hujus
2752 589 3076 653 rectoribus,
3111 591 3242 648 dum
3277 595 3542 665 nequitia:

1957 673 2245 743 spiritibus
2265 676 2542 741 resistitis,
2561 679 2852 746 tolerastis,
2875 681 3152 739 auditione
3180 685 3490 755 accepimus
3522 703 3537 738 :

1957 763 2092 819 alias
2120 781 2250 821 vero
2275 777 2425 823 certa
2449 770 2806 840 experientiae
2835 772 2937 827 fide
2967 773 3056 828 hic
3080 777 3360 831 constituti
3392 778 3540 832 didi-

1958 853 2182 927 cimus),
2217 865 2274 911 et
2311 858 2438 926 quia
2477 876 2696 915 rursum
2733 862 2800 916 ad
2841 877 3050 933 magna:
3096 863 3258 936 hujus
3304 866 3542 922 civitatis

1957 947 2490 1019 archiepiscopatum
2519 953 2757 1022 promoti
2793 969 2983 1008 sumus
3002 995 3016 1019 ,
3047 955 3291 1026 dignare,
3321 958 3432 1012 Deo
3459 958 3543 1012 di-

1954 1037 2275 1106 lectissime,
2306 1057 2432 1096 cum
2463 1044 2721 1113 precibus
2762 1061 2862 1100 nos
2890 1045 3104 1110 fulcire,
3149 1055 3262 1102 tum
3297 1049 3542 1104 consiliis

1956 1145 2177 1200 quoque
2217 1131 2486 1203 dirigere,
2527 1144 2641 1190 tum
2678 1137 2828 1191 omni
2867 1137 3105 1207 denique
3147 1138 3583 1203 benev'olentim.

1956 1222 2140 1277 studio
2174 1225 2467 1294 prosequi;
2513 1242 2624 1297 quo
2672 1227 2774 1283 hac
2818 1229 3031 1284 ratione
3076 1229 3208 1286 illud
3245 1231 3542 1302 Scriptura:

1956 1313 2166 1367 dictum
2206 1315 2262 1369 in
2285 1315 2444 1369 nobis
2477 1317 2841 1386 adimpleatur
2864 1335 2878 1372 :
2905 1317 3095 1372 Frater
3140 1321 3230 1390 qui
3255 1321 3543 1391 adjuvatur

1954 1424 1988 1459 a
2022 1406 2210 1476 fratre,
2240 1410 2394 1478 quasi
2415 1411 2597 1463 civitas
2620 1409 2778 1478 ﬁrma
2819 1410 3013 1482 (Prov.
3053 1428 3204 1477 xviii,
3249 1414 3359 1484 l9).
3402 1414 3542 1468 Vere

1954 1497 2159 1552 etenim
2193 1499 2495 1568 spiritualis
2532 1501 2774 1565 dilectio,
2806 1501 3015 1557 munita
3045 1502 3239 1558 civitas
3265 1512 3381 1571 est;
3419 1519 3543 1573 quae

1957 1605 2136 1658 neque
2170 1590 2496 1646 cuniculisa
2521 1591 2739 1649 diabolo
2781 1592 3004 1659 suﬂ‘odi,
3047 1610 3225 1664 neque
3267 1595 3427 1649 scalis
3472 1594 3542 1648 ab

1955 1681 2150 1737 eodem
2177 1689 2357 1750 potest
2383 1681 2652 1751 superari.
2690 1682 2879 1752 Neque
2899 1683 3046 1737 enim
3077 1683 3166 1738 illa
3202 1685 3418 1740 bellicis
3444 1684 3543 1739 Sa-

1958 1781 2099 1826 tanae
2129 1771 2402 1826 machinis
2434 1772 2629 1827 cedere
2657 1772 2829 1838 novit,
2866 1781 2927 1827 ut
2960 1790 3080 1844 qua:
3123 1792 3153 1828 a
3189 1774 3408 1828 Christo
3431 1777 3540 1830 Do-

262 1866 399 1920 solis
444 1863 701 1920 admissis
736 1864 1072 1935 auditisque,
1116 1863 1252 1919 Acta
1288 1865 1552 1921 adversus
1590 1864 1856 1936 Cyrillum
1887 1845 1929 1901 Β
1959 1864 2111 1918 mino
2149 1864 2508 1928 custodiatur,
2538 1864 2757 1920 Christo
2803 1867 2994 1936 utique
3028 1866 3142 1931 illo,
3175 1867 3268 1936 qui
3307 1875 3363 1921 et
3395 1867 3544 1922 hunc

262 1956 725 2024 Memnonemque
759 1964 816 2010 et
841 1955 1158 2011 universam
1181 1955 1449 2027 synodum
1483 1955 1704 2026 penitus
1728 1955 1860 2010 abo«

261 2050 421 2103 levit.
442 2050 644 2103 Verum
671 2048 1071 2119 multiplicibus
1099 2049 1452 2104 factiosorum
1483 2047 1685 2102 libellis
1706 2047 1864 2101 indu-

262 2151 413 2205 ctus,
431 2155 527 2194 eos
539 2155 755 2210 quoque
777 2139 832 2194 in
853 2139 1045 2194 urbem
1063 2138 1304 2203 admisit,
1323 2148 1518 2194 etcum
1540 2137 1860 2192 ortliodoxis

264 2230 568 2300 quinquies
593 2244 652 2284 se
680 2243 866 2284 coram
892 2243 1237 2300 congressos,
1280 2243 1345 2283 ac
1387 2237 1510 2297 post
1556 2227 1760 2281 multas
1789 2225 1858 2280 de

261 2320 563 2375 duodecim
591 2318 778 2392 Cyrilli
806 2317 1300 2383 anathematismis,
1323 2316 1567 2386 aliasque
1590 2314 1858 2386 ejusmodi

260 2411 708 2481 disputationes,
767 2409 1068 2481 impietatis
1123 2408 1426 2472 convictos,
1473 2407 1734 2478 praecepit
1790 2406 1858 2462 ad

261 2503 499 2573 propria
530 2501 751 2556 reverti.
783 2499 964 2570 Atque
1000 2499 1148 2554 hunc
1183 2497 1403 2553 tandem
1451 2497 1615 2551 finem
1657 2497 1862 2552 habue-

263 2604 400 2649 runt
433 2594 816 2649 hereticorum
843 2601 899 2646 et
923 2590 1399 2646 schismaticorum
1434 2589 1706 2644 seditiosae
1741 2604 1860 2643 ma-

260 2685 637 2740 chinationes.
666 2685 752 2748 Et,
777 2692 917 2740 teste
945 2683 1001 2738 S.
1026 2684 1296 2753 Prospero
1320 2689 1513 2736 contra
1531 2679 1860 2736 Collatorem

263 2776 371 2830 sub
399 2777 590 2841 tinem,
631 2794 649 2827 ί
693 2789 887 2830 omnes
928 2774 1224 2829 orientales
1243 2771 1504 2828 Ecclesia:
1531 2771 1746 2842 gemina
1769 2785 1863 2841 pe-

263 2876 350 2922 ste
383 2865 632 2920 liberata:
651 2874 800 2930 sunt,
823 2865 1045 2935 quando
1073 2863 1275 2935 Cyrillo
1304 2862 1686 2918 Alexandrina:
1710 2862 1862 2918 urbis

266 2959 552 3026 antistiti,
606 2958 1004 3030 gloriosissimo
1057 2956 1184 3011 fidei
1234 2955 1518 3010 catholicae
1561 2955 1858 3020 defensori,

266 3051 336 3104 ad
367 3049 765 3106 exsecrandam
795 3047 1173 3103 Nestorianam
1198 3045 1534 3116 impietatem
1563 3045 1862 3115 apostolico

1959 1953 2224 2009 mundum
2253 1954 2476 2020 devicit,
2509 1963 2564 2009 et
2593 1956 2923 2026 sempiterna
2956 1956 3099 2009 bona
3136 1956 3235 2010 tibi
3267 1972 3540 2026 prmpara-

1957 2047 2056 2108 vit,
2083 2054 2139 2101 et
2153 2045 2448 2115 aliquando
2486 2047 2847 2101 nihilominus
2877 2047 3016 2100 dixit
3047 2065 3060 2100 :
3094 2045 3196 2111 Qui
3222 2064 3325 2100 non
3356 2048 3543 2117 accipit

1957 2152 2164 2213 crucem
2204 2154 2394 2200 suam,
2424 2147 2472 2190 et
2517 2138 2753 2208 sequitur
2810 2153 2911 2201 me,
2955 2154 3059 2191 non
3111 2146 3188 2191 est
3235 2155 3315 2192 me
3355 2138 3543 2208 dignus

1961 2228 2173 2301 (Matth.
2207 2246 2260 2294 x,
2291 2229 2403 2300 38).
2435 2229 2573 2285 Cum
2609 2229 2793 2299 itaque
2826 2229 3046 2285 Christo
3073 2231 3305 2285 Domino
3344 2231 3545 2300 dignus

1959 2320 2220 2384 evaseris,
2259 2309 2551 2390 propterea
2588 2320 2732 2390 quod
2781 2337 3000 2374 crucem
3045 2330 3190 2375 tuam
3246 2321 3541 2384 sustulisti,

1961 2420 2304 2481 sectatorque
2343 2411 2492 2466 illius
2527 2411 2759 2466 effectus
2793 2411 2898 2477 sis;
2928 2411 3206 2466 Christum
3246 2429 3345 2481 pro
3384 2413 3544 2467 nobis

1960 2504 2242 2574 deprecari
2286 2519 2356 2559 ne
2390 2503 2630 2569 omittas,
2675 2503 2925 2558 fraternae
2957 2504 3179 2558 virtutis
3223 2512 3544 2558 ornamenta

1960 2594 2209 2664 proprias
2238 2595 2626 2665 praerogativas
2652 2609 2774 2650 esse
2804 2605 2975 2650 ratus.
3022 2596 3151 2650 Vale
3197 2596 3252 2650 in
3287 2596 3541 2661 Domino,

1960 2692 2016 2739 et
2046 2701 2146 2755 pro
2185 2702 2295 2750 me,
2332 2685 2446 2740 Deo
2493 2685 2853 2742 dilectissime
2891 2696 2946 2741 et
2992 2687 3335 2743 sanctissime
3375 2685 3546 2742 frater

1961 2791 2026 2832 ac
2061 2776 2457 2843 comminister,
2492 2792 2608 2832 ora.
2658 2797 2676 2829 ι

2031 2887 2116 2943 60.
2147 2887 2268 2942 Non
2291 2886 2488 2943 minori
2526 2889 2687 2945 laude
2716 2890 2958 2946 celebrat
2997 2891 3251 2947 eumdem
3281 2891 3544 2964 Cyrillum

1961 2978 2290 3035 leestinus
2323 2997 2460 3052 papa
2480 2982 2710 3053 epistola
2743 2983 2812 3036 ad
2855 2983 3064 3037 clerum
3089 2984 3548 3054 ConstantinOpo-

1962 3072 2213 3137 litanum,
2235 3073 2384 3128 edita
2401 3089 2467 3128 ex
2493 3073 2683 3128 codice
2701 3073 2963 3128 Vaticano
2986 3090 3016 3128 a
3039 3075 3273 3129 Baronio
3295 3090 3385 3128 an.
3411 3075 3543 3130 Chr.

267 3143 605 3220 Cwlesliltus
643 3141 939 3238 δυκίιίίξίυδ
984 3137 1318 3238 (ΞδίβΙθάίον
1357 3152 1469 3208 quo
1496 3138 1661 3238 θίίίξξη
1702 3137 1859 3238 Ρίῗ¹³“
1889 3179 1931 3238 c
1965 3161 2088 3226 452,
2122 3163 2216 3218 ubi
2247 3179 2400 3218 num.
2429 3163 2498 3217 24
2543 3164 2660 3218 haec
2692 3163 3002 3220 habentur:
3044 3185 3062 3216 ‹
3101 3166 3345 3230 Vitastis,
3381 3182 3544 3236 quem

268 3234 443 3305 giani,
468 3233 597 3287 dum
624 3230 868 3303 cognatis
889 3229 1398 3286 confoederarentur
1429 3227 1734 3292 erroribus,
1761 3227 1861 3282 ite-

271 3341 396 3380 rum
434 3331 933 3395 prosternerentur.
981 3341 998 3373 ι

344 3439 434 3495 58.
462 3437 747 3494 Nestorius
775 3438 828 3492 in
859 3435 1153 3508 pristinum
1183 3450 1344 3491 suum
1373 3433 1768 3491 monasterium
1799 3431 1857 3488 S.

274 3529 543 3600 Euprepii
568 3529 712 3599 apud
730 3527 1100 3590 Antiochiam,
1125 3528 1170 3583 si
1189 3527 1328 3583 forte
1345 3527 1714 3598 resipisceret,
1744 3536 1864 3582 tan-

276 3626 452 3696 tisper
477 3625 770 3695 relegatus,
798 3625 1002 3679 multos
1031 3623 1356 3694 contagione
1380 3621 1466 3677 sui
1487 3621 1694 3678 erroris
1718 3620 1864 3676 allia-

276 3719 395 3772 bat.
426 3715 602 3784 Quare
637 3718 694 3771 in
726 3715 909 3771 Oasim
939 3715 1294 3770 solitudinem
1326 3713 1513 3786 Libyae
1541 3713 1865 3768 amandatus

275 3815 391 3870 est,
431 3805 606 3876 ibique
648 3816 838 3876 postea
878 3805 1220 3861 verminante
1267 3804 1452 3875 lingua
1497 3803 1863 3860 miserabilem

276 3901 410 3956 vitae
437 3899 662 3955 sortitus
693 3899 900 3954 exitum
924 3940 939 3964 ,
978 3899 1136 3954 libris
1159 3899 1299 3970 ejus,
1328 3897 1624 3953 Theodosii
1660 3897 1861 3962 edicto,

271 3991 829 4063 igneabsumptileli
853 3991 908 4046 in
937 3990 1067 4046 sede
1092 3989 1696 4059 Constantinopolitana
1729 3989 1864 4044 sub-

275 4093 503 4156 rogatus
537 4093 622 4139 est
669 4082 1031 4138 Maximianus
1060 4082 1368 4154 presbyter,
1396 4081 1492 4152 qui
1513 4081 1581 4136 ad
1602 4080 1863 4153 Cyrillum

278 4176 378 4231 has
406 4176 620 4230 litteras
644 4174 816 4240 dedit,
854 4183 986 4230 tom.
1026 4173 1094 4228 ιν
1126 4173 1326 4228 conci].
1367 4171 1595 4243 Ephes.,
1625 4186 1745 4242 cap.
1773 4170 1862 4225 24:

286 4289 304 4320 ε
331 4268 628 4338 Expletum
669 4275 756 4322 est
782 4265 1117 4322 desiderium
1147 4273 1322 4330 tuum,
1345 4264 1456 4320 Deo
1477 4263 1863 4319 devotissime:

278 4358 587 4430 perfectum
611 4365 716 4423 est,
741 4356 889 4427 quod
921 4355 1202 4427 religionis
1227 4371 1390 4411 causa
1415 4370 1766 4426 susceperas:
1797 4354 1867 4410 ad

278 4452 448 4508 tinem
481 4451 810 4522 perductum
834 4456 920 4505 est
947 4449 1170 4521 pietatis
1198 4457 1305 4505 tuae
1330 4457 1517 4504 votum
1544 4467 1557 4503 :
1592 4449 1866 4504 theatrum

1963 3269 1994 3309 a
2021 3255 2285 3311 memoria
2330 3254 2492 3326 digna
2532 3265 2718 3310 sancta
2766 3255 3131 3312 Alexandrina
3169 3259 3428 3314 Ecclesia
3457 3276 3546 3315 se-

1962 3346 2205 3402 cundum
2242 3346 2302 3400 B.
2329 3345 2483 3400 Pauli
2521 3346 2753 3416 apostoli
2779 3346 2828 3418 (I
2857 3347 2978 3402 Cor.
3004 3349 3056 3419 γ)
3089 3350 3420 3404 sententiam
3434 3351 3547 3420 jam

1961 3437 2179 3494 sciretis
2205 3453 2325 3493 esse
2354 3446 2686 3492 correctum.
2724 3437 2956 3508 Legistis
2983 3454 3217 3508 namque
3242 3449 3298 3493 et
3331 3455 3545 3493 memo—

1948 3529 2099 3586 'riter
2138 3531 2252 3601 jam
2289 3529 2485 3584 tenetis
2534 3529 2854 3594 sacerdotis,
2900 3529 3004 3583 hoc
3039 3540 3142 3592 est,
3183 3532 3438 3606 catholici
3479 3532 3548 3587 ad

1964 3621 2112 3675 hunc
2149 3620 2355 3691 scripta
2396 3621 2666 3686 doctoris,
2703 3621 2905 3690 quibus
2935 3638 3061 3676 eum
3098 3622 3172 3676 ita
3204 3633 3547 3694 corruptum,

1965 3723 2026 3770 ut
2055 3714 2188 3769 velit
2219 3728 2342 3768 esse
2374 3720 2673 3778 correctus,
2699 3712 2930 3778 studuit,
2959 3713 3122 3768 nixus
3161 3722 3244 3768 est
3273 3714 3551 3770 labentem

1963 3820 2223 3862 revocare
2249 3803 2532 3875 collegam,
2558 3804 2802 3874 porrexit
2839 3805 3086 3860 dextram
3116 3806 3416 3876 magisterii
3438 3806 3550 3870 sui,

1966 3898 2022 3953 in
2055 3912 2167 3952 uno
2203 3896 2396 3951 volens
2417 3895 2670 3966 plurimis
2693 3896 2987 3952 subvenire
3018 3915 3031 3950 :
3059 3897 3392 3966 percellebat
3430 3898 3552 3952 ani-

1965 4006 2116 4046 mum
2135 3989 2339 4045 veteris
2365 3989 2686 4055 sacerdotis,
2715 3990 2863 4060 quod
2892 3999 3052 4045 nutat
3075 3991 3368 4060 episcopus
3390 3992 3552 4046 ruina

1966 4081 2284 4136 multorum.
2312 4081 2454 4150 Egit,
2486 4080 2628 4136 sicut
2645 4081 2910 4150 scriptum
2939 4090 3024 4135 est
3049 4122 3061 4133 .
3087 4080 3398 4135 Benedicam
3420 4099 3552 4152 opus

1967 4169 2180 4224 Domini
2223 4169 2516 4239 diligenter.
2560 4170 2619 4223 In
2671 4170 2823 4224 nullo
2863 4171 2915 4225 ei
2963 4169 3140 4225 cilicio
3191 4173 3425 4241 apostoli
3464 4173 3550 4226 vir

1967 4261 2300 4334 apostolicus
2336 4259 2544 4315 defuit:
2573 4261 2901 4326 obsecravit,
2943 4248 3250 4330 admonuit,
3299 4264 3549 4335 increpa-

1967 4357 2067 4411 vit.
2096 4353 2274 4410 Atille
2294 4351 2464 4422 quiin
2486 4350 2819 4421 profundum
2839 4352 3303 4422 blasphemiarum
3329 4370 3555 4409 suarum

1969 4445 2216 4520 pondere
2251 4453 2616 4515 mergeretur,
2649 4443 2785 4498 tanti
2819 4443 2923 4498 viri
2953 4443 3256 4498 doctrinam
3295 4457 3552 4509 renuens,

277 4544 463 4598 factus
491 4558 552 4596 es
577 4541 786 4613 angelis
807 4550 864 4596 et
887 4539 1225 4605 hominibus,
1257 4539 1641 4611 universisque
1661 4538 1868 4594 Christi
1899 4533 1944 4588 D
1969 4545 2026 4593 et
2062 4537 2268 4591 abusus
2299 4534 2540 4598 hortatu,
2577 4531 2776 4588 docilis
2815 4547 2934 4586 esse
2947 4531 3172 4595 «enuit,
3209 4546 3334 4585 cum
3364 4531 3558 4585 doctor

278 4631 664 4687 sacerdotibus
696 4648 710 4684 :
752 4645 931 4701 neque
957 4629 1106 4684 enim
1136 4629 1314 4688 solum
1350 4628 1406 4683 in
1435 4627 1714 4684 Christum
1744 4643 1867 4684 cre-

280 4726 505 4792 didisti;
537 4724 632 4780 sed
670 4721 1017 4779 incommoda
1047 4736 1266 4792 quoque
1297 4736 1396 4791 pro
1428 4719 1545 4790 ipso
1571 4719 1866 4790 pertulisti.

281 4821 449 4876 Solus
481 4818 678 4889 dignus
729 4830 930 4871 census
969 4829 1029 4869 es
1069 4813 1163 4884 qui
1196 4812 1447 4883 stigmata
1482 4812 1628 4866 illius
1661 4812 1715 4865 in
1745 4827 1869 4867 cor-

281 4929 420 4982 pore
452 4919 548 4964 tuo
575 4918 849 4979 portares.
878 4903 1358 4985 Confessus‘illum
1407 4918 1590 4957 coram
1631 4903 1870 4957 homini-

283 5006 412 5067 bus,
445 5001 784 5072 promeritus
821 5013 883 5052 cs
927 5005 988 5052 ut
1028 4995 1188 5051 Pater
1232 5004 1284 5050 te
1327 4993 1651 5050 confiteatur
1687 5009 1870 5048 coram

283 5079 517 5167 angelis.
550 5089 859 5146 Redimitus
889 5103 948 5143 es
976 5087 1198 5143 coronis
1246 5101 1367 5157 quae
1390 5101 1490 5156 pro
1522 5085 1723 5155 pietate
1757 5099 1874 5139 eer-

285 5185 537 5242 tantibus
559 5182 866 5247 debentur;
890 5178 1116 5250 potuisti
1137 5178 1320 5233 omnia
1349 5177 1404 5232 in
1427 5176 1669 5242 Christo,
1699 5175 1793 5246 qui
1821 5185 1872 5231 te

287 5274 666 5338 confirmavit;
707 5271 1011 5326 humiliasti
1065 5269 1318 5325 Satanam
1369 5284 1467 5338 per
1515 5267 1870 5338 patientiam;

289 5364 669 5437 contempsisti
697 5371 1006 5429 tormenta;
1039 5360 1374 5417 conculcasti
1405 5359 1644 5413 furorem
1669 5359 1876 5429 princi-

291 5477 454 5534 pum;
499 5458 698 5513 famem
733 5472 832 5528 pro
874 5455 1046 5510 nihilo
1075 5452 1277 5507 duxisti
1309 5470 1320 5504 :
1354 5466 1550 5521 panem
1582 5451 1728 5505 enim
1775 5452 1874 5507 ha-

239 5593 252 5604 .
293 5553 462 5608 bebas
496 5550 591 5621 qui
631 5549 700 5604 de
733 5548 872 5604 coelo
897 5543 1258 5608 descendens,
1280 5543 1558 5597 caelestem
1583 5541 1751 5597 vitam
1773 5543 1875 5599 ho-

292 5644 538 5704 minibus
574 5629 905 5713 impertitur.
953 5657 970 5690 ι

359 5738 450 5792 59.
499 5754 519 5788 ς
580 5734 717 5800 Quia
755 5747 888 5786 vero
933 5745 1034 5784 nos
1076 5727 1214 5782 nihil
1254 5725 1452 5780 horum
1498 5724 1867 5796 ignoravimus

293 5825 594 5899 (siquidem
628 5823 762 5878 alias
795 5829 1007 5876 vestras
1029 5816 1368 5879 alllictiones,
1397 5830 1554 5887 quas,
1577 5815 1706 5871 dum
1727 5817 1880 5888 prin-

1971 4644 2093 4685 esse
2139 4642 2252 4682 non
2298 4635 2483 4696 posset
2515 4643 2526 4678 :
2569 4625 2682 4694 egit
2722 4622 2957 4694 injuriis,
2994 4630 3237 4678 tenacem
3273 4621 3406 4676 recti
3435 4635 3558 4675 esse

1973 4717 2349 4791 perversitatis
2371 4725 2614 4773 assertor
2640 4715 2926 4786 gloriatus.
2952 4715 3091 4769 Hinc
3130 4729 3236 4770 nec
3269 4714 3562 4769 contrista-

1956 4823 2066 4867 'tus
2109 4819 2193 4867 est
2240 4811 2434 4874 frater,
2480 4825 2666 4864 secum
2724 4819 2984 4877 reputans
3020 4808 3168 4877 quod
3211 4806 3408 4860 merito
3453 4805 3560 4860 sibi

1974 4919 2243 4959 conservo
2267 4918 2378 4957 non
2409 4908 2678 4972 parceret,
2711 4900 2804 4970 qui
2835 4915 2935 4955 suo
2979 4899 3214 4954 Domino
3251 4898 3559 4968 derogaret.

1975 4997 2234 5052 Inventus
2258 5003 2342 5050 est
2375 5010 2474 5064 per
2495 4992 2834 5064 diligentiam
2877 4991 2969 5047 ille
2998 4991 3067 5047 de
3100 4991 3394 5062 Evangelio
3420 4991 3563 5061 frugi

1978 5084 2122 5140 filius
2147 5092 2202 5139 et
2229 5083 2492 5154 providus
2522 5097 2748 5148 servus;
2780 5098 2905 5137 nam
2931 5091 2988 5137 et
3012 5091 3293 5153 paternam
3325 5083 3568 5138 servavit

1977 5175 2360 5241 substantiam,
2403 5182 2459 5230 et
2498 5175 2650 5230 auxit
2693 5189 2994 5229 numerum
3045 5173 3399 5228 talentorum.
3455 5172 3567 5226 Nec

1977 5267 2284 5338 duplicasse
2312 5282 2459 5330 eum,
2497 5265 2591 5320 sed
2630 5265 3025 5334 multiplicasse
3059 5263 3289 5318 dixerim
3337 5270 3564 5320 sortem,

1977 5375 2142 5430 quem
2201 5357 2525 5413 videbamus
2573 5357 2740 5412 etiam
2788 5359 2947 5427 longe
2998 5355 3192 5426 positis
3235 5353 3326 5423 pio
3377 5351 3567 5404 fenore

1979 5450 2320 5508 subvenisse.
2343 5449 2386 5505 Ο
2411 5458 2613 5506 sancta:
2642 5450 3048 5521 praedicationis
3070 5446 3267 5502 usura!
3292 5457 3455 5512 quam
3479 5443 3568 5498 hic

1980 5544 2208 5615 gratiam
2237 5549 2363 5596 ante
2389 5557 2739 5596 communem
2768 5541 3060 5596 Dominum
3092 5535 3217 5590 fidei
3263 5535 3570 5605 negotiator

1981 5635 2243 5700 inveniet,
2278 5633 2372 5705 qui
2402 5645 2628 5705 prepter
2661 5633 2968 5688 animarum
3009 5631 3245 5692 lucrum,
3286 5627 3568 5698 negotium

1980 5735 2036 5782 et
2059 5725 2171 5782 illic
2188 5727 2452 5791 exercuit,
2480 5725 2574 5780 ubi
2599 5726 2801 5780 talenta
2838 5723 3086 5796 accepit?
3116 5723 3309 5779 Nonne
3335 5718 3426 5773 hic
3451 5735 3568 5773 me-
3611 5732 3624 5737 '

1981 5821 2091 5876 rito
2120 5835 2149 5873 a
2177 5819 2572 5876 Patrefamilias
2589 5819 2877 5875 auditurus
2912 5829 2996 5875 est
3024 5839 3034 5872 :
3070 5819 3235 5888 Euge,
3270 5832 3414 5874 serv:
3443 5814 3570 5868 bona
