4024 6220
468 361 542 419 ss
928 382 931 385 ν
1816 351 1874 407 s.
1914 346 2194 406 cvanu
2234 345 2419 406 vm.
3179 411 3190 422 ο
3672 336 3746 394 ac

481 487 533 534 et
584 474 776 546 ﬁdelis,
843 471 987 530 intra
1046 474 1101 528 in
1140 470 1393 544 gaudium
1443 466 1656 524 Domini
1703 469 1823 524 tui.’
1855 467 2065 541 (Matth.
2099 475 2139 531 Α
2170 467 2392 533 tituros,
2426 465 2531 520 nisi
2563 480 2628 520 ea
2661 461 2819 534 prius
2856 474 2981 534 qua:
3023 459 3206 518 facere
3233 458 3508 518 debebant
3556 462 3750 521 confe-

468 584 595 633 xxv,
626 567 742 639 23.)
773 566 900 622 llzec
932 564 1064 619 huic
1091 568 1433 633 competunt,
1460 561 1554 632 qui
1583 560 1674 617 illa
1705 574 1925 631 quoque
1943 575 2067 630 qua:

471 660 595 716 aliis
630 668 759 716 sunt
793 655 1085 713 commissa
1116 654 1373 711 servavit.
1398 674 1418 705 ι
1454 654 1581 711 Haec
1605 653 1955 710 leestinus.

777 815 805 887 ξ
840 814 934 882 XI,
973 814 1350 871 Roconcih'atio
1378 812 1763 870 Ecclesiarum.

548 950 639 1006 6i.
696 946 998 1004 Caelestino
1028 960 1182 1017 papae
1216 961 1310 1000 wn
1337 944 1466 1001 ldus
1495 943 1701 1016 Aprilis
1733 943 1844 1002 vita
1879 945 2066 1004 functo

471 1039 741 1096 successit
770 1039 957 1096 Sixtus
989 1039 1080 1105 Ill,
1126 1054 1365 1110 quocum
1405 1038 1626 1094 tandem
1660 1048 1717 1094 et
1759 1037 1815 1094 S.
1865 1037 2068 1110 Cyrillo

470 1144 661 1199 pacem
688 1128 813 1183 iniit
840 1128 1081 1185 Joannes
1122 1127 1518 1193 Antiochenus,
1566 1127 1636 1184 iis
1680 1126 1880 1184 litteris
1919 1126 2067 1200 (cum

473 1221 598 1277 ﬁdei
626 1223 907 1279 catholica:
939 1224 1157 1279 sincera
1196 1220 1556 1293 professione)
1588 1220 1751 1287 datis,
1774 1235 1895 1292 qum
1928 1217 2070 1275 refe-

471 1323 673 1369 runtur
701 1323 852 1369 tomo
878 1314 923 1370 γ
951 1314 1153 1370 concil.
1182 1314 1411 1384 Ephes.,
1452 1327 1609 1384 capp.
1652 1313 1686 1369 5
1717 1319 1773 1367 et
1800 1312 1887 1366 l7.
1922 1311 2067 1366 Exa-

472 1416 616 1461 etam
658 1409 736 1462 rei
759 1416 925 1479 gesta:
956 1407 1156 1462 seriem
1186 1404 1382 1476 pandit
1403 1406 1520 1477 ipse
1543 1388 1780 1478 Cyrillus
1818 1401 2068 1475 Epistola

471 1498 544 1551 ad
576 1497 847 1569 Dynatum
878 1495 1144 1569 Nicopolis
1173 1500 1359 1553 veteris
1392 1497 1547 1569 Epiri
1574 1499 1892 1570 episcopum,
1920 1503 2067 1550 torno

468 1588 535 1654 ν,
580 1606 701 1661 cap.
741 1590 830 1655 l6,
880 1606 1044 1662 quam
1089 1591 1182 1645 hic
1221 1590 1463 1645 damus:
1507 1608 1538 1641 ι(
1583 1589 1777 1677 gperae
1824 1589 2068 1677 pretium

470 1679 601 1733 duxi
633 1680 895 1749 pietatem
937 1688 1085 1733 tuam
1115 1679 1182 1733 de
1211 1678 1281 1733 iis
1313 1678 1480 1735 rebus
1522 1678 1819 1734 certiorem
1861 1676 2064 1742 facere,

470 1788 594 1842 quae
641 1786 808 1842 super
854 1771 1225 1826 Ecclesiarum
1259 1785 1393 1841 pace
1433 1770 1817 1825 constituenda
1862 1780 2070 1824 evene-i

467 1871 618 1917 runt.
662 1861 826 1917 Venit
870 1863 1056 1933 itaque
1100 1862 1359 1916 dominus
1411 1876 1568 1916 meus
1614 1858 2068 1931 praeclarissimas

470 1957 727 2011 tribunus
755 1964 811 2012 ct
840 1955 1089 2012 notarius
1115 1955 1420 2011 Aristolaus
1449 1953 1819 2019 Antiochiam,
1855 1952 2069 2007 litteras

468 2047 649 2119 regias
673 2062 860 2102 secum
892 2046 1169 2112 deferens,
1198 2047 1402 2117 quibus
1427 2045 1624 2102 Joanni
1670 2044 1920 2116 piissimo
1960 2044 2067 2099 Ec-

468 2138 651 2193 clcsite
683 2136 1041 2194 Antiochense
1076 2137 1337 2209 episcopo
1378 2137 1745 2193 mundabatur
1804 2144 1863 2193 ut
1892 2138 2068 2193 scele-

470 2237 585 2284 rata
614 2228 854 2283 Nestorii
875 2227 1128 2299 dogmata
1147 2226 1655 2289 anathematizaret,
1680 2240 1897 2281 necnon
1957 2240 2068 2281 una

468 2332 595 2373 cum
636 2334 793 2373 sacra
840 2317 1050 2390 synodo
1095 2316 1456 2388 depositionis
1502 2315 1833 2372 sententiam
1874 2324 2069 2371 contra

469 2405 625 2461 illum
642 2407 831 2473 ferret,
849 2422 1022 2477 eaque
1038 2406 1252 2462 ratione
1273 2406 1340 2463 ad
1358 2413 1602 2461 nostram
1624 2404 2068 2461 communionem

466 2499 613 2553 viam
635 2498 742 2553 sibi
770 2498 1031 2553 muniret.
1067 2517 1085 2548 ›
1122 2497 1191 2552 Et
1214 2497 1332 2552 hmo
1360 2492 1585 2567 quidem
1622 2510 1815 2552 earum
1845 2496 2068 2553 littera-

472 2605 540 2643 ru
551 2604 603 2642 m
642 2604 859 2643 summa
890 2596 1031 2643 erat.

538 2679 627 2735 62.
676 2698 696 2730 ‹
719 2677 954 2745 Quidam
1010 2686 1193 2735 autem
1240 2693 1307 2734 ex
1357 2676 1724 2736 orientalibus
1769 2678 2068 2752 episcopis;

468 2771 564 2841 qui
600 2771 915 2827 Nestorium
938 2771 1080 2827 forte
1107 2770 1345 2826 necdum
1374 2769 1837 2838 condemnarunt,
1866 2772 1964 2828 sed
1986 2772 2069 2827 illi

468 2879 637 2933 porro
662 2863 867 2930 favere,
899 2874 1217 2934 rectamque
1244 2863 1405 2919 ﬁdem
1430 2862 1654 2919 turbare
1683 2873 1939 2935 pergunt,
1967 2880 2069 2921 Ie-

467 2972 579 3028 que
611 2955 818 3012 Christi
835 2955 1084 3011 omnium
1107 2954 1417 3010 Servatoris
1435 2954 1612 3010 nostri
1642 2954 1875 3025 gloriam
1903 2970 2071 3027 agno-

468 3055 662 3114 scunt;
712 3047 974 3103 Acacium
1021 3046 1431 3102 sanctissimum
1484 3046 1907 3119 piissimumque
1960 3048 2066 3105 Be-

2166 559 2392 623 cissent,
2408 554 2680 613 miserunt
2697 553 3081 610 Alexandriam
3101 554 3331 611 Paulum
3345 554 3753 625 pientissimum

2165 650 2751 722 religiosissimumque
2796 647 3183 705 Emisenorum
3222 647 3565 720 episcopum,
3613 650 3754 708 affe-

2166 750 2378 798 rentem
2436 741 2658 812 quidem
2715 741 2785 797 ad
2835 739 3241 797 communionis
3300 740 3753 799 instaurationem

2166 833 2520 906 pertinentia,
2555 847 2750 905 parum
2784 839 2967 888 tamen
2997 831 3199 888 decore
3223 841 3282 887 et
3310 833 3600 889 commode
3625 850 3754 905 pro-

2168 925 2344 997 posita
2370 942 2384 979 :
2410 940 2523 997 pra:
2543 940 2601 980 se
2620 923 2871 981 ferebant
2893 922 3039 979 enim
3054 924 3234 994 justas
3267 923 3533 994 quasdam
3559 938 3758 995 quere-

2167 1017 2250 1073 las
2273 1018 2540 1072 adversus
2570 1030 2675 1072 nos
2709 1030 2771 1071 se
2800 1016 3027 1081 habere,
3058 1030 3126 1072 eo
3152 1015 3300 1086 quod
3327 1015 3575 1086 quaedam
3610 1032 3641 1072 a
3664 1032 3756 1073 sa-

2166 1124 2265 1165 cro
2283 1108 2538 1175 concilio,
2571 1122 2754 1179 neque
2782 1116 2932 1164 recte
2950 1106 3115 1173 dicta,
3152 1121 3332 1179 neque
3356 1114 3506 1163 recte
3534 1122 3758 1179 quoque

2166 1200 2312 1257 facta
2342 1209 2545 1257 essent.
2571 1198 2775 1257 Verum
2814 1198 3131 1271 hujusmodi
3201 1199 3460 1271 epistolas
3494 1201 3754 1272 equidem

2167 1306 2279 1346 non
2306 1290 2524 1358 admisi,
2575 1289 2673 1346 sed
2720 1290 2870 1346 dixi:
2912 1290 3061 1346 Cum
3098 1289 3167 1346 de
3207 1291 3487 1361 prioribus
3534 1292 3756 1348 veniam

2168 1384 2491 1455 suppliciter
2511 1394 2699 1455 petere
2723 1383 3011 1450 deberent,
3038 1398 3209 1439 novas
3236 1383 3434 1439 itérum
3465 1394 3754 1442 contume-

2168 1472 2271 1529 lias
2299 1472 2505 1530 inferre
2530 1472 2811 1530 festinant.
2838 1472 2976 1530 Cum
3008 1483 3194 1530 autem
3240 1482 3576 1533 memoratus
3616 1478 3755 1549 piis-

2168 1567 2342 1623 simus
2387 1567 2680 1639 episcopus
2724 1567 2928 1624 factum
2980 1576 3289 1633 excusaret,
3336 1568 3758 1642 juramentoque

2168 1658 2275 1715 hoc
2297 1659 2516 1715 illorum
2546 1659 2890 1731 propositum
2918 1675 3031 1715 non
3054 1674 3178 1716 esse
3209 1659 3523 1729 afﬁrmaret,
3552 1678 3622 1718 ex
3642 1676 3758 1719 rne-

2168 1740 2230 1807 ra
2258 1760 2443 1808 autem
2479 1751 2649 1807 animi
2693 1749 3048 1822 simplicitate
3084 1751 3268 1808 isthuc
3297 1752 3499 1810 litteris
3528 1754 3645 1810 suis
3668 1754 3756 1810 in-

2167 1842 2428 1908 seruisse,
2461 1840 2776 1899 dilectionis
2807 1857 2974 1901 causa
2995 1842 3377 1915 purgationem
3403 1842 3619 1900 admisi.

2237 1937 2327 1993 64.
2363 1955 2383 1988 ι
2411 1935 2684 1993 (laterum
2721 1952 2831 1993 non
2865 1952 3023 2009 prius
3052 1937 3208 1992 illum
3234 1937 3301 1993 ad
3325 1938 3570 2010 synaxim
3599 1952 3756 1996 rece-

2166 2029 2246 2100 pi,
2281 2044 2445 2100 quam
2483 2030 2670 2087 oblato
2715 2031 2922 2095 libello,
2970 2031 3207 2087 Nestorii
3245 2030 3498 2102 dogmata
3533 2032 3757 2103 proprio

2167 2118 2533 2189 chirographo
2588 2118 3137 2187 anathematirasset;
3182 2134 3411 2191 seseque
3458 2120 3613 2176 illum
3655 2138 3757 2193 pro

2169 2210 2423 2282 deposito
2451 2210 2679 2274 habere,
2705 2211 2926 2282 publice
2953 2210 3241 2268 confessus
3257 2219 3425 2277 esset,
3455 2222 3513 2269 et
3538 2213 3759 2269 ordina-

2171 2301 2305 2357 tioni
2345 2300 2567 2356 tandem
2613 2300 3007 2372 religiosissimi
3046 2301 3291 2373 episcopi
3325 2302 3634 2358 Maximiani
3666 2319 3755 2359 as-

2167 2395 2449 2451 sensisset.
2474 2393 2639 2450 Petiit
2668 2402 2854 2449 autem
2883 2400 2968 2461 ut,
2998 2393 3205 2450 libellis
3239 2395 3485 2451 omnium
3514 2396 3755 2452 orienta-

2166 2486 2303 2542 lium
2353 2486 2741 2557 episcoporum
2797 2486 2920 2543 loco
2963 2486 3165 2544 oblatis
3222 2488 3588 2559 receptisque,
3616 2488 3755 2545 nihil

2168 2578 2405 2650 amplius
2443 2579 2742 2650 exigerem.
2789 2577 2898 2635 Sed
2936 2568 3087 2635 nulla
3132 2579 3344 2635 ratione
3382 2580 3438 2636 id
3483 2579 3603 2636 ﬁeri
3636 2596 3755 2637 sum

2168 2684 2363 2741 passus
2392 2687 2407 2723 :
2439 2669 2536 2725 sed
2561 2669 2791 2725 domino
2821 2684 2946 2726 meo
2985 2669 3404 2741 praeclarissimo
3446 2671 3669 2728 tribuno
3694 2687 3760 2729 ac

2167 2760 2385 2817 notario
2402 2760 2649 2816 chartam
2678 2761 2827 2828 misi,
2850 2777 2958 2832 qua
2985 2762 3038 2819 ei
3068 2760 3404 2833 significavi:
3437 2760 3493 2818 Si
3521 2762 3761 2823 Joannes

2168 2850 2549 2922 pientissimus
2599 2850 2862 2907 Ecclesiae
2916 2850 3274 2906 Antiochense
3327 2850 3619 2922 episcopus
3678 2851 3759 2906 illi

2168 2942 2584 3015 subscripserit,
2615 2951 2749 2999 tunc
2776 2943 2999 2999 demum
3031 2942 3475 2999 communionem
3504 2942 3614 2999 illis
3637 2943 3760 2998 red-

2167 3036 2319 3105 dite;
2347 3049 2489 3107 aegre
2517 3033 2666 3090 enim
2696 3034 2918 3090 illorum
2950 3048 3159 3090 moram
3189 3033 3401 3091 ferebat
3426 3034 3761 3092 clarissimus

458 3140 765 3196 Neemiam
821 3139 1160 3211 episcopum,
1190 3146 1253 3194 ιιι
1281 3139 1349 3194 ad
1390 3153 1479 3194 me
1512 3139 1798 3208 scriberet,
1831 3143 2070 3200 ηοηηιιι-
2098 3149 2141 3210 ο
2172 3129 2431 3186 tribunus
2460 3126 2785 3186 Aristolaus.
2817 3127 2957 3185 Cum
2991 3128 3158 3200 igitur
3195 3128 3480 3200 piissimus
3523 3128 3762 3186 Joannes

466 3232 629 3302 laque
672 3231 935 3297 absurda,
978 3247 1101 3303 quae
1142 3230 1247 3304 ipsi
1297 3231 1672 3303 postulabant,
1706 3234 2063 3307 proponer'et,

467 3323 822 3397 instigarunt.
861 3324 1104 3396 Urgebat
1133 3324 1343 3382 etenim
1379 3332 1447 3381 ut
1483 3325 1762 3394 omnibus,
1801 3342 1926 3398 qua
1965 3327 2065 3384 ads

465 3432 661 3474 versus
681 3416 996 3474 Nestorium
1017 3417 1359 3489 scripsimus,
1388 3418 1629 3486 abolitis,
1658 3426 1716 3476 et
1770 3421 1941 3477 veluti
1983 3421 2068 3476 iu-

465 3511 698 3566 utilibus
726 3511 966 3584 rejectis,
989 3511 1169 3566 solum
1200 3511 1507 3583 symbolum
1533 3527 1564 3568 a
1586 3513 1791 3570 sanctis
1810 3513 2091 3572 Patribus

465 3601 522 3656 in
552 3603 772 3657 civitate
803 3602 985 3657 Nicaea
1013 3602 1363 3673 congregatis
1383 3602 1696 3674 expositum
1741 3604 2062 3663 admittere-

465 3708 609 3748 mus.
654 3693 901 3748 Meminit
944 3692 1206 3749 sanctitas
1251 3702 1366 3761 tua,
1418 3695 1673 3752 eamdem
1726 3696 1869 3754 hanc
1946 3715 2063 3755 rem

468 3784 678 3839 ursisse
701 3799 923 3854 quoque
962 3799 1088 3839 cum
1133 3799 1314 3855 nuper
1342 3785 1399 3841 in
1430 3785 1797 3858 Ephesiorum
1841 3789 2064 3845 ciVitate

465 3874 651 3928 adhuc
680 3873 929 3929 aderant.
966 3873 1081 3944 Ego
1113 3887 1244 3929 vero
1272 3874 1340 3929 a‘d
1371 3875 1490 3931 haec
1521 3877 1801 3948 rescripsi,
1833 3894 1950 3934 rem
1993 3880 2063 3936 il-

464 3965 548 4023 los
575 3966 855 4037 postulare
879 3966 1147 4038 ejusmodi
1186 3983 1309 4039 quae
1345 3967 1462 4024 ﬁeri
1494 3969 1655 4040 plane
1701 3986 1812 4027 non
1857 3980 2062 4044 posset,

464 4057 617 4128 quod
684 4073 1033 4128 quaecunque
1075 4059 1504 4129 scripsissemus,
1556 4070 1706 4119 recte
1747 4062 2062 4134 scripsisse-

462 4163 624 4215 mus;
666 4157 855 4219 utpote
893 4157 1059 4206 rectae
1093 4149 1501 4222 inculpataeque
1523 4150 1650 4209 ﬁdei
1691 4153 1899 4225 ubique
1945 4156 2062 4212 suf-

463 4238 685 4309 fragati,
712 4240 965 4312 nihilque
995 4242 1067 4298 ob
1098 4241 1153 4298 id
1186 4258 1378 4299 eorum
1428 4244 1677 4299 omnium
1704 4260 1825 4316 qua:
1846 4261 1877 4302 a
1902 4248 2064 4303 nobis

460 4330 668 4402 scripta
701 4342 906 4400 essent,
952 4333 1221 4391 damnare
1247 4344 1345 4390 aut
1374 4351 1576 4407 negare
1598 4351 1708 4391 non
1742 4353 1921 4409 posse.
1952 4339 2061 4395 Ne-

462 4436 573 4492 que
595 4423 744 4478 enim
772 4424 1075 4496 quidquam
1116 4424 1344 4479 omnino
1389 4433 1595 4482 temere
1635 4441 1665 4481 a
1711 4442 1802 4484 me
1846 4428 2059 4486 dictum

2166 3221 2604 3293 subscripsisset,
2656 3221 2973 3293 canorique,
3027 3221 3124 3292 qui
3177 3222 3383 3294 majore
3433 3221 3759 3278 auctoritate

2165 3313 2310 3386 apud
2354 3312 2536 3385 ipsum
2568 3322 2746 3379 erant,
2781 3311 3022 3369 Nestorii
3049 3313 3358 3369 doctrinam
3392 3304 3757 3369 anathemati»

2164 3407 2403 3475 zassent’,
2427 3415 2487 3465 et
2508 3406 2657 3479 quod
2683 3407 2867 3478 ipsum
2900 3422 3003 3479 pro
3032 3406 3286 3479 deposito
3321 3406 3609 3471 baberent,
3634 3420 3762 3476 pro-

2163 3498 2301 3567 fessi
2321 3507 2546 3567 essent;
2582 3498 3010 3570 Maximianique
3049 3498 3444 3572 religiosissimi
3470 3494 3752 3569 pientissi-

2164 3592 2353 3664 tuique
2395 3592 2641 3664 episcopi
2705 3591 3108 3647 ordinationem
3147 3592 3559 3664 approbassem,
3603 3605 3756 3646 com-

2162 3684 2482 3741 munionem
2524 3683 2635 3739 illis
2678 3683 3043 3741 restituimus.
3099 3684 3228 3742 Haec
3269 3685 3419 3741 enim
3446 3685 3585 3750 acia,
3631 3697 3758 3738 cum

2165 3774 2369 3847 Ephesi
2393 3774 2579 3831 adhuc
2606 3782 2816 3842 esswt,
2845 3790 2878 3830 a
2901 3790 3057 3832 sacra
3081 3776 3292 3849 synodo
3318 3776 3389 3831 ab
3419 3776 3554 3847 ipsis
3573 3776 3758 3847 exige-

2166 3868 2391 3925 bantur.
2429 3887 2449 3922 ι

2236 3980 2326 4038 65.
2363 3981 2590 4049 Paulus,
2617 3998 2678 4038 re
2704 3982 2849 4038 bene
2876 3979 3145 4043 confecta,
3175 3978 3244 4033 ad
3270 3978 3534 4034 Joannem
3560 3978 3754 4033 Antio-

2166 4071 2423 4129 chenumv
2456 4074 2721 4144 aliosque,
2774 4086 2805 4125 a
2857 4069 3061 4140 quibus
3112 4068 3180 4124 ad
3236 4067 3501 4141 Cyrillum
3552 4069 3755 4125 missus

2165 4162 2369 4229 fuerat,
2415 4162 2586 4218 rediit
2628 4160 2870 4217 ali‘ere‘ns
2916 4174 3102 4216 secum
3153 4158 3222 4214 ad
3267 4159 3447 4231 ipsum
3488 4159 3752 4223 Joannem

2164 4254 2475 4325 epistolam,
2511 4268 2619 4324 qua
2657 4265 2763 4323 pax
2802 4249 3277 4321 tranquilliusque
3308 4249 3567 4306 Ecclesia:
3608 4259 3754 4305 esset

2166 4344 2400 4399 reddita.
2445 4344 2577 4417 Ejus
2621 4342 2869 4415 epistolae
2909 4343 3017 4398 hoc
3058 4350 3145 4398 est
3188 4340 3499 4408 exordium,
3539 4357 3659 4412 cap.
3695 4341 3750 4407 6,

2164 4441 2314 4488 tomo
2340 4430 2427 4487 IV:
2455 4450 2475 4484 ι
2510 4431 2780 4500 Lwtentur
2799 4431 2917 4486 caeli
2946 4440 2995 4485 et
3023 4430 3248 4486 exsultet
3272 4439 3417 4486 terra
3435 4430 3607 4504 (Paci.
3630 4446 3751 4497 xcv,

465 4523 560 4569 aut
588 4515 856 4586 scriptum
878 4523 983 4582 est,
1015 4523 1078 4570 ut
1098 4515 1190 4570 isti
1218 4515 1431 4594 dicunt,
1462 4517 1557 4573 sed
1592 4534 1656 4573 ea
1681 4528 1896 4576 tantum
1921 4538 1952 4577 a
1973 4539 2060 4580 me
2094 4533 2137 4593 ο
2166 4523 2256 4598 Η)
2292 4543 2305 4579 :
2344 4524 2586 4581 solutum
2614 4525 2761 4581 enim
2787 4533 2874 4581 est
2901 4524 3253 4581 intervale
3294 4524 3577 4592 maceriae;
3606 4524 3752 4595 quod

464 4605 612 4661 dicta
660 4615 716 4661 et
761 4606 964 4676 scripta
1012 4615 1162 4671 sunt,
1204 4622 1326 4678 quae
1370 4623 1496 4664 cum
1540 4608 1669 4666 ﬁdei
1722 4613 2055 4672 rectitudine

463 4698 672 4768 ubique
695 4697 1036 4769 conspirant,
1067 4700 1396 4771 veritatique
1421 4716 1522 4773 per
1553 4703 1736 4758 omnia
1766 4714 2056 4762 consenta-

462 4804 567 4844 nea
615 4798 764 4845 sunt.
814 4788 1014 4845 Addidi
1056 4805 1212 4857 vero,
1257 4792 1464 4849 rectius
1508 4793 1657 4864 ipsos
1700 4794 1965 4862 facturos,
2011 4799 2057 4854 si

463 4877 789 4948 ambagibus
831 4877 944 4933 illis
986 4877 1452 4952 dilationibusque
1497 4883 1701 4953 quibus
1736 4884 2055 4953 utebantur,

462 4967 667 5031 missis,
694 4968 946 5039 intraque
971 4969 1108 5024 recti
1135 4977 1192 5026 et
1215 4973 1515 5029 necessarii
1550 4975 1756 5032 limites
1778 4992 1898 5033 sese
1926 4993 2060 5033 con-

462 5058 723 5124 tinentes,
758 5060 994 5131 piissimi
1022 5061 1245 5133 Deoque
1277 5063 1622 5122 dilectissimi
1655 5068 1789 5140 imp.
1814 5070 2055 5139 placitis,

459 5166 748 5222 sacrasque-
774 5152 968 5224 synodi
999 5152 1238 5210 decretis
1261 5157 1708 5230 acquiescerent;
1732 5176 1798 5215 ac
1818 5160 2056 5216 Nestorii

438 5259 630 5315 'nugas
665 5244 1127 5317 blasphemasque
1163 5248 1421 5319 ejusdem
1445 5260 1635 5306 contra
1659 5251 1941 5308 Christum
1960 5270 2057 5308 vo-

458 5351 550 5391 ces
585 5337 1151 5407 anathematizarcnt;
1183 5356 1399 5397 necnon
1449 5352 1506 5398 et
1552 5344 1953 5415 depositionem
1985 5346 2054 5401 il-

382 5464 387 5472 .
458 5426 566 5481 lius
588 5429 792 5498 justam
820 5444 942 5486 esse
970 5444 1357 5503 agnoscerent,
1379 5442 1436 5489 et
1463 5436 1801 5492 ordinationi
1835 5438 2054 5493 tandem

456 5518 790 5574 sanctissimi
814 5520 1255 5591 pientissimique
1281 5524 1527 5597 episcopi
1559 5526 1871 5582 Maximiani
1918 5528 2054 5582 sub-

456 5608 784 5667 scriberent.

529 5723 617 5779 65.
657 5744 677 5778 ι
708 5724 846 5781 Cum
879 5727 1066 5800 itaque
1096 5733 1197 5789 bas
1227 5733 1296 5787 ad
1327 5732 1451 5787 illos
1485 5732 1697 5788 litteras
1737 5723 2012 5787 misissem
2033 5773 2050 5799 ,

457 5815 959 5879 animadvertentes
986 5838 1107 5881 sese
1141 5818 1530 5882 communione
1571 5840 1917 5895 nequaquam
1948 5828 2049 5894 po-

2159 4633 2460 4674 mmrorem
2505 4618 2809 4684 afferebat,
2856 4617 3202 4690 conquievit;
3240 4627 3309 4674 et
3330 4633 3493 4675 omne
3533 4619 3753 4673 tandem

2159 4707 2515 4763 dissidiorum
2559 4722 2734 4780 genus
2765 4708 3042 4765 sublatum
3082 4716 3205 4776 est;
3241 4709 3489 4766 omnium
3528 4709 3751 4780 quidem

2158 4809 2411 4856 nostrum
2432 4800 2716 4855 Salvatore
2738 4799 2959 4858 Christo
2985 4816 3176 4873 pacem
3194 4801 3460 4859 Ecclesiis
3482 4803 3599 4858 suis
3617 4818 3750 4857 cou-

2160 4892 2406 4957 ciliante,
2437 4892 2871 4964 religiosissimis
2888 4903 3095 4958 autem,
3126 4893 3351 4965 Deoque
3379 4893 3752 4950 dilectissimis

2158 4979 2606 5051 imperatoribus,
2659 4994 2764 5036 nos
2814 4981 2884 5036 ad
2942 4981 3088 5038 istud
3145 4983 3593 5053 provecantihus.
3645 4983 3749 5049 Qui

2157 5087 2285 5128 cum
2326 5073 2486 5127 avita:
2514 5071 2796 5144 religionis
2834 5074 3028 5145 optimi
3074 5075 3421 5131 aemulatores
3461 5075 3745 5139 exsistant,

2156 5161 2289 5218 dant
2338 5178 2561 5233 operam
2597 5172 2659 5217 ut
2687 5162 2848 5220 ﬁdem
2877 5173 3083 5221 rectam
3114 5166 3313 5222 animis
3350 5166 3465 5222 suis
3504 5165 3744 5229 infixam,

2158 5254 2372 5308 ﬁrmam
2392 5255 2785 5327 immotamque
2806 5257 3141 5313 custodiant.
3162 5255 3305 5324 Quin
3328 5266 3387 5312 et
3413 5256 3749 5327 singularem

2156 5360 2377 5415 quoque
2400 5345 2607 5401 sanctis
2628 5346 2890 5402 Ecclesiis
2907 5361 3097 5402 curam
3117 5348 3460 5417 impendunt,
3482 5363 3593 5417 quo
3617 5347 3747 5402 hinc

2154 5436 2418 5490 nimirum
2442 5444 2499 5491 et
2514 5436 2744 5507 gloriam
2765 5437 3052 5493 obtineant
3078 5446 3417 5509 perpetuam,
3435 5448 3492 5494 et
3515 5455 3747 5514 regnum

2154 5543 2316 5584 suum
2356 5528 2806 5585 florentissimum
2836 5529 3192 5586 constituant.
3222 5550 3241 5584 ι

2224 5641 2312 5699 66.
2344 5641 2476 5711 Qua:
2514 5657 2545 5697 a
2582 5643 2766 5699 reditu
2815 5643 2971 5699 Pauli
3012 5645 3381 5717 contigerunt,
3436 5646 3517 5703 ita'
3558 5653 3744 5711 narrat

2153 5731 2444 5789 Liberatus
2472 5734 2530 5789 in
2564 5733 2864 5802 Breviario,
2907 5751 3066 5808 capp.
3100 5738 3133 5793 8
3161 5738 3271 5795 et9
3317 5757 3331 5793 :
3372 5759 3391 5792 ε
3427 5739 3741 5797 Ascendens

2152 5839 2285 5895 ergo
2302 5824 2649 5882 Antiochiam
2666 5825 2886 5895 Paulus,
2904 5827 3103 5885 obtulit
3115 5829 3311 5887 Joanni
3328 5828 3739 5899 archiepiscopo
