4024 6220
323 267 399 322 s7
1062 224 1069 237 “
1680 270 1736 326 s.
1778 268 2053 329 CYRIIJJ
2090 271 2269 326 vrrA.

3480 268 3601 340 ’38

323 389 383 434 et
413 376 566 434 omni
612 377 856 432 concilio
901 379 1042 449 ejus,
1086 380 1378 450 epistolam
1423 383 1632 457 Cyrilli.
1683 386 1810 453 Qui,
1857 397 1917 442 ut
1951 396 1988 452 Α
2018 385 2310 457 acceperit.
2328 386 2501 455 Quem
2525 396 2704 443 tamen
2729 399 2950 445 secutus
2972 399 3056 447 est
3081 389 3313 449 Photius
3326 393 3382 448 in
3405 393 3600 451 Biblio—

322 477 704 544 cognoverunt
726 484 857 524 eum
895 471 1204 541 suscepisse
1252 471 1418 529 (idem
1460 489 1493 529 a
1533 489 1592 530 se
1625 475 1913 546 directam,

321 574 378 619 et
406 566 465 618 in
491 563 615 634 ejus
636 561 919 632 scripsisse
942 561 1437 632 conﬁrmationem,
1456 581 1648 637 pacem
1669 584 1797 624 cum
1825 584 1893 625 eo

319 664 381 708 et
402 656 528 725 ejus
562 652 813 710 fecerunt
842 652 1103 718 concilio,
1130 654 1454 713 damnantes
1483 658 1821 726 Nestorium,
1861 669 1918 717 et

321 746 696 816 suscipientes
728 744 1137 811 Maximianum,
1171 747 1265 817 qui
1284 764 1386 820 pro
1414 749 1508 806 illo
1533 749 1711 807 factus
1738 749 1917 808 fuerat

323 837 650 907 episcopus;
726 835 1110 893 dubitantibus
1158 839 1339 896 adhuc
1398 855 1465 897 ex
1516 843 1598 898 eis
1644 844 1919 915 aliquibus

318 927 530 998 Cyrillo
575 926 1011 992 communicare,
1066 930 1392 999 putantibus
1424 947 1551 987 eum
1589 948 1820 999 errasse,
1860 944 1914 990 et

316 1026 510 1087 postea
526 1018 825 1072 veritatem
854 1019 1159 1089 agnovisse,
1184 1028 1239 1076 et
1264 1022 1616 1093 culpantibus
1649 1024 1912 1080 Joannem

318 1125 419 1164 cur
448 1109 520 1164 ab
550 1124 618 1164 eo
646 1124 760 1164 non
784 1110 1078 1180 expetierit
1110 1112 1479 1183 capitulorum
1524 1115 1645 1186 ejus
1685 1115 1913 1171 damna-

318 1202 547 1256 tionem.
581 1201 662 1256 Ex
699 1201 874 1256 altera
901 1211 1085 1256 autem
1123 1211 1279 1273 parte
1318 1204 1540 1275 quidam
1575 1205 1644 1260 de
1687 1205 1912 1276 palatio,

316 1310 417 1366 per
446 1295 738 1365 Eulogium
757 1293 1141 1365 presbyterum
1175 1303 1232 1350 et
1252 1297 1649 1366 apocrisarium
1681 1297 1915 1354 Alexan-

318 1386 492 1441 drinae
518 1385 801 1450 Ecclesiae,
833 1386 1192 1456 culpaverunt
1223 1388 1509 1460 Cyrillum,
1531 1405 1632 1446 cur
1659 1406 1915 1462 suscepe-

319 1479 391 1532 rit
418 1478 489 1532 ab
520 1476 889 1533 orientalibus
931 1478 1207 1550 episcopis
1238 1480 1472 1537 duarum
1506 1483 1911 1540 confessionem

317 1578 664 1633 naturarum,
693 1568 845 1641 quod
876 1568 1164 1625 Nestorius
1194 1571 1335 1626 dixit
1363 1581 1420 1627 et
1457 1573 1663 1629 docuit.
1704 1574 1811 1629 Sed
1856 1583 1913 1631 et

322 1661 613 1716 Valeriano
660 1660 832 1716 lconii
855 1702 870 1725 ,
914 1669 971 1715 et
1023 1662 1224 1718 Acacio
1268 1664 1599 1721 Melitinensi
1641 1666 1912 1738 episcopis

326 1750 436 1804 hoc
464 1749 648 1819 ipsum
685 1750 753 1805 de
788 1749 988 1822 Cyrillo
1022 1751 1333 1808 videbatur.
1382 1754 1612 1825 Scripsit
1652 1771 1782 1826 ergo
1824 1758 1904 1813 ei's

326 1840 567 1911 Cyrinus
611 1842 665 1895 in
700 1841 1069 1897 defensionem
1113 1844 1466 1900 orientalium
1495 1847 1900 1919 episcoporum,

323 1941 379 1985 et
415 1948 517 2001 pro
541 1932 754 1987 duabus
779 1934 946 1989 unius
974 1932 1178 1991 Christi
1205 1938 1483 1994 naturis...
1520 1940 1720 1995 Acacio
1748 1939 1900 1995 Meli—

321 2025 522 2079 tiuensi
546 2025 1080 2095 episcopo‘scribens
1111 2027 1254 2084 inter
1281 2030 1384 2086 alia
1415 2031 1496 2088 sic
1520 2032 1686 2088 dicit:
1711 2033 1905 2089 Nesto—

316 2114 433 2168 rius
464 2112 669 2169 etenim
696 2112 979 2168 Christum
1030 2129 1279 2171 seorsum
1326 2117 1595 2173 nominari
1636 2120 1771 2174 dicit
1804 2121 1902 2176 Dei

317 2205 573 2269 Verbum,
609 2206 813 2261 habere
846 2192 1030 2260 autem
1057 2207 1499 2278 conjunctionem
1531 2211 1599 2265 ad
1625 2210 1902 2267 Christum

312 2296 653 2351 continuam.
680 2297 854 2352 Putas
878 2310 1029 2367 ergo,
1055 2312 1164 2352 non
1193 2298 1332 2354 duos
1354 2297 1602 2356 Christus
1627 2302 1905 2372 apertissi-

312 2405 399 2445 me
418 2377 594 2445 dicit?
617 2389 928 2448 Orientales
950 2404 1080 2445 vero
1100 2390 1380 2446 Christum
1402 2409 1571 2448 unum
1593 2403 1650 2450 et
1679 2395 1901 2463 Filium,

310 2491 369 2536 et
393 2481 573 2535 Deum
604 2489 661 2536 et
687 2481 980 2536 Dominum
1018 2479 1353 2537 confitentur
1381 2498 1440 2539 se
1468 2484 1713 2550 adorare,
1742 2501 1902 2541 eum-

311 2568 441 2623 dem
469 2584 537 2623 ex
564 2569 723 2625 Patre
747 2569 1049 2626 secundum
1081 2568 1450 2638 divinitatem,
1485 2581 1542 2629 et
1561 2574 1815 2630 eumdem
1836 2591 1904 2631 ex

311 2673 502 2717 sancta
545 2662 772 2734 Virgine
823 2661 1125 2719 secundum
1184 2663 1600 2720 humanitatem.
1657 2667 1903 2722 Duarum

314 2768 545 2823 namque
566 2761 888 2809 naturarum
920 2751 1225 2807 unitionem
1247 2754 1444 2810 factam
1471 2756 1694 2824 dicunt;
1722 2767 1902 2816 tamen

313 2859 482 2902 unum
508 2842 815 2908 Christum,
838 2859 1007 2898 unum
1035 2843 1234 2901 Filium
1257 2848 1548 2916 Dominum
1570 2851 1903 2910 conﬁtentur

311 2943 500 3002 aperte
529 2930 754 2999 factum,
793 2953 813 2987 δ
843 2943 950 2991 etc.

379 3130 471 3187 67.
494 3132 678 3205 Pergit
711 3132 1049 3192 Liberatus:
1090 3157 1109 3190 ς
1168 3136 1294 3193 Haec
1339 3145 1623 3209 suntquae
1667 3136 1899 3211 Cyrillus

311 3223 539 3293 scripsit
584 3224 640 3278 in
680 3225 1058 3283 defensionem
1102 3229 1452 3284 orientalium
1491 3228 1897 3300 episcoporum,

313 3328 412 3381 pro
448 3313 665 3370 duabus
694 3314 860 3371 unius
879 3315 1083 3372 Christi
1113 3318 1344 3373 naturis.
1379 3318 1552 3387 Quam
1588 3319 1900 3391 quicunque

314 3412 449 3461 tunc
491 3406 719 3462 minime
763 3418 1107 3483 receperunt,
1149 3409 1251 3466 hos
1297 3426 1418 3466 esse
1462 3402 1604 3481 puto
1649 3418 1902 3468 auctores

312 3496 737 3566 Acepbalorum,
784 3500 880 3569 qui
917 3515 1097 3571 neque
1147 3500 1407 3573 Cyrillum
1457 3502 1664 3559 habent
1713 3510 1897 3574 caput,

312 3601 496 3655 neque
518 3603 683 3656 quem
714 3598 1017 3661 sequantur
1037 3592 1355 3649 ostendunt.
1378 3590 1535 3647 Tunc
1554 3599 1609 3647 et.
1638 3590 1901 3663 Evoptius

317 3674 668 3731 Ptolemaidis
722 3678 1089 3749 Pentapoleos
1134 3680 1373 3752 regionis
1400 3682 1712 3752 episcopus,
1752 3681 1898 3737 acci-

316 3767 483 3838 piens
500 3771 769 3841 exemplar
788 3769 1096 3826 litterarum
1132 3771 1471 3838 Theodoriti,
1492 3773 1586 3843 qui
1605 3773 1901 3843 scripserat

315 3869 512 3916 contra
554 3861 845 3920 duodecim
882 3854 1119 3934 capitula
1148 3862 1357 3937 Cyrilli,
1399 3864 1601 3921 direxit
1630 3863 1763 3919 illud
1791 3863 1898 3936 Cy-

314 3953 456 4017 rillo,
484 3963 547 4007 ut
581 3955 943 4026 responderet
973 3955 1041 4011 ad
1069 3971 1154 4021 ea,
1190 3964 1246 4012 et
1267 3972 1365 4013 sua
1387 3956 1626 4029 capitula
1656 3972 1899 4027 expone-

314 4050 419 4096 ret.
449 4041 608 4108 Quod
636 4043 945 4114 gratissime
968 4044 1273 4115 suscipiens
1302 4044 1562 4118 Cyrillus,
1584 4044 1713 4102 fecit
1735 4045 1903 4100 inter-

311 4135 681 4204 pretationem
704 4136 1070 4207 capitulorum
1094 4153 1339 4204 suorum,
1371 4137 1661 4195 duodecim
1694 4137 1901 4193 addens

310 4224 711 4293 expositiones,
734 4242 846 4297 quo
872 4227 1155 4284 videretur
1174 4228 1392 4299 plenam
1428 4245 1529 4300 pro
1552 4229 1634 4285 eis
1672 4229 1900 4285 reddere

316 4316 610 4392 rationem,
645 4317 837 4389 Itaque
862 4318 1067 4391 Cyrillo
1105 4319 1438 4390 suscipiente
1484 4328 1542 4375 et
1574 4319 1899 4377 defendente

2022 478 2168 531 theca
2200 485 2457 532 tmemate
2484 494 2709 538 ccxxv".

2085 568 2173 622 68.
2207 567 2493 634 Quomodo
2542 572 2690 625 enim
2728 573 3016 628 credemus
3061 572 3131 627 ab
3172 572 3400 645 Cyrillo,
3447 568 3595 645 quo’d

2015 657 2206 713 scribit
2234 658 2379 713 idem
2408 659 2722 724 Liberatus,
2754 662 3035 717 laudatum
3063 663 3433 732 Theodorum,
3451 668 3598 738 ejus-

2014 762 2121 817 que
2162 748 2366 820 scripta
2411 749 2660 821 probata,
2697 766 2822 809 cum
2891 753 3029 808 adeo
3069 753 3387 810 adversatus
3430 757 3596 811 fuerit

2012 836 2288 902 Nestorio,
2323 853 2489 909 quem
2517 854 2647 894 suos
2675 840 2743 895 ab
2782 840 2900 911 ipso
2924 841 3214 896 Theodoro
3239 841 3486 898 hausisse
3509 858 3596 898 er-

2014 943 2167 984 rores
2198 930 2428 1000 ipsemet
2452 936 2685 986 testatur
2705 931 2934 1002 epistola
2976 932 3044 987 ad
3077 932 3341 988 Joannem
3377 933 3592 1003 episco-

2012 1035 2145 1090 pum
2196 1021 2618 1078 Antiochenum.
2672 1043 2691 1076 ι
2740 1024 3142 1096 Conﬁngentes,
3190 1044 3210 1077 ι
3259 1025 3355 1090 ait,
3402 1045 3420 1077 ι
3470 1042 3594 1096 qua

2011 1111 2249 1167 Nestorii
2298 1122 2427 1169 sunt
2475 1114 2676 1181 odisse,
2724 1115 2834 1170 alio
2872 1116 3070 1171 iterum
3121 1131 3184 1171 ea
3235 1116 3591 1173 introducunt

2014 1202 2197 1268 modo,
2230 1219 2349 1274 qua:
2374 1205 2646 1259 Theoderi
2675 1215 2804 1261 sunt
2832 1206 3115 1272 mirantes,
3135 1214 3193 1261 et
3222 1215 3372 1262 certe
3401 1223 3588 1278 mqua-

2012 1295 2141 1360 lem,
2176 1312 2347 1367 magis
2375 1313 2506 1353 vero
2534 1299 2709 1354 multo
2734 1300 2975 1370 peiorem
3006 1300 3258 1355 morbum
3297 1302 3591 1373 impietatis

2012 1385 2289 1451 habentia.
2318 1389 2431 1444 Nec
2466 1392 2613 1445 enim
2653 1391 2976 1446 Theodorus
3015 1393 3251 1447 Nestor-ii
3288 1394 3391 1449 fuit
3419 1396 3585 1450 disci-

2012 1477 2195 1546 pulus,
2226 1478 2321 1533 sed
2353 1480 2455 1534 iste
2484 1480 2650 1547 illius,
2678 1489 2737 1536 et
2766 1482 2917 1536 velut
2937 1498 3049 1537 uno
3070 1482 3370 1553 loquuntur
3398 1500 3511 1548 ore,
3532 1494 3587 1539 et

2012 1572 2189 1622 unum‘
2209 1569 2363 1624 malae
2390 1569 2652 1626 doctrina:
2687 1587 2754 1625 ex
2789 1588 2891 1627 suo
2929 1572 3094 1628 corde
3123 1583 3386 1629 evomunt
3419 1590 3586 1629 vene-

2010 1675 2164 1714 num.
2190 1660 2250 1715 In
2273 1660 2518 1733 Epistola
2543 1662 2614 1717 ad
2640 1662 2979 1717 Theodosium
2996 1664 3587 1735 imperatorem,‘l‘heo—

1940 1738 1985 1799 Β
2009 1754 2206 1809 dorum
2255 1753 2721 1824 Mopsuestenum,
2777 1761 2835 1809 et
2889 1754 3188 1810 Diodorum
3238 1756 3583 1819 Tarsensem,

2004 1843 2205 1899 asserit
2231 1850 2420 1913 patres
2450 1843 2747 1915 impietatis
2783 1843 2951 1923 fuisse
2974 1845 3245 1911 Nestorio,
3278 1847 3588 1901 immaniter

2004 1934 2414 2005 blasphemasse
2464 1945 2653 1991 contra
2710 1936 2990 1992 Christum
3041 1937 3287 1992 omnium
3334 1944 3585 1993 nostrum

2003 2022 2360 2089 Salvatorem,
2385 2024 2690 2079 nescientes
2712 2024 2884 2095 ipsius
2917 2026 3256 2096 mysterium,
3284 2046 3305 2079 ι
3329 2036 3436 2083 etc.
3460 2028 3589 2086 Haec

2004 2114 2186 2169 omnia
2218 2115 2530 2169 referuntur
2557 2115 2846 2171 collatione
2888 2116 2922 2170 5
2967 2117 3187 2171 concilii
3214 2134 3247 2173 v
3282 2119 3584 2174 (ecumeni-

2003 2204 2073 2260 ci.
2103 2205 2349 2275 Denique
2378 2205 2568 2260 ambos
2590 2205 2837 2277 ejusdem
2866 2206 3139 2263 haereseos
3169 2218 3421 2265 auctores
3450 2210 3586 2266 fuis-

2002 2310 2062 2349 se
2125 2293 2365 2349 ostendit
2410 2293 2467 2348 in
2499 2293 2836 2365 expositione
2861 2296 3091 2367 symboli
3130 2296 3335 2351 Nicmni
3375 2299 3478 2352 sub
3516 2299 3583 2353 (i-

2002 2402 2148 2442 nem.
2189 2386 2294 2444 Ubi
2318 2395 2374 2442 et
2397 2385 2649 2441 meminit
2670 2384 2916 2457 epistolae
2942 2386 3119 2441 Procli
3141 2386 3209 2440 ad
3230 2386 3494 2442 Armenes
3514 2390 3582 2444 de

2002 2494 2067 2535 ea
2110 2494 2171 2533 re
2223 2478 2483 2550 scriptae:
2539 2497 2557 2530 ε
2607 2479 2734 2535 Ηωο
2771 2479 2941 2534 sentit
2976 2479 3285 2543 nobiscum,
3326 2499 3345 2531 ι
3383 2480 3580 2550 inquit,

2011 2589 2030 2621 ι
2067 2568 2473 2625 amantissimus
2500 2567 2706 2625 Christi
2740 2577 3053 2627 sanctorum
3100 2569 3324 2625 Patrum
3358 2570 3580 2635 chorus,

2001 2668 2058 2716 et
2083 2660 2311 2715 Proclus
2327 2653 2470 2731 ipse,
2499 2660 2594 2730 qui
2620 2675 2772 2716 nunc
2797 2668 2998 2716 sanctive
3017 2659 3579 2730 Constantinopolita-
3667 2666 3671 2681 ‘

2000 2767 2086 2807 nm
2141 2751 2400 2807 Ecclesiae
2437 2752 2694 2808 thronum
2753 2751 2984 2807 adornat
3039 2751 3482 2823 religiosissimus
3525 2761 3605 2813 et,

2000 2842 2377 2913 pientissimus
2401 2843 2563 2897 Pater
2592 2849 2649 2897 et
2669 2842 3045 2913 coepiscopus.
3087 2841 3318 2912 Scripsit
3349 2842 3494 2898 enim
3524 2852 3583 2897 et

2002 2936 2120 3007 ipse
2143 2935 2212 2991 ad
2230 2935 2529 2991 orientales
2546 2934 2825 3005 piissimos
2846 2934 3134 3005 episcopos
3153 2933 3212 2989 in
3231 2935 3351 2990 haec
3374 2935 3539 3022 verba
3563 2977 3577 2989 .

2009 3047 2028 3080 ι
2072 3028 2142 3083 Et
2170 3027 2487 3083 incarnatus
2505 3026 2726 3097 quidem
2753 3032 2857 3089 est,
2888 3044 2907 3076 ι
2935 3032 3043 3080 etc.
3071 3025 3263 3081 Exstat
3289 3041 3354 3081 ea
3380 3027 3581 3097 episto—

1948 3108 1966 3130 ¹
2000 3118 2049 3173 la
2083 3117 2138 3172 in
2180 3117 2519 3173 Bibliotheca
2562 3116 2785 3171 Patrum
2836 3114 3026 3170 Latine
3061 3131 3217 3173 versa
3261 3131 3290 3170 a
3324 3115 3581 3197 Dionysio

2000 3214 2227 3283 Exiguo,
2281 3211 2569 3267 occasione
2624 3209 2869 3282 ejus‘dem
2917 3208 3303 3264 controversiae
3358 3226 3582 3266 rursum

2000 3308 2245 3372 tempore
2277 3311 2378 3354 suo
2403 3297 2677 3353 suscitata:
2709 3305 2933 3367 propter
2963 3297 3067 3352 tria
3091 3298 3330 3368 capitula
3361 3299 3582 3357 concilii

1998 3387 2481 3453 Chalcedonensis,
2500 3401 2623 3457 quae
2644 3387 2863 3441 tandem
2893 3387 3136 3444 Ecclesia
3165 3387 3412 3452 rescidit,
3439 3404 3582 3459 quo-

2000 3497 2124 3537 rum
2157 3496 2328 3535 unum
2358 3486 2479 3536 erat
2503 3478 2571 3533 de
2600 3477 2847 3550 ejusdem
2868 3478 3144 3534 Theodori
3170 3478 3408 3550 scriptis.
3440 3479 3580 3536 Suc-

2000 3582 2241 3629 cesserat
2302 3587 2467 3643 porro
2519 3569 2845 3625 Maximiano
2897 3570 3158 3627 defuncto
3214 3569 3270 3625 S.
3328 3570 3579 3637 Proclus,

1999 3661 2206 3732 Aspare
2229 3670 2283 3718 et
2308 3660 2619 3717 Areobinda
2651 3672 2820 3725 eoss.,
2860 3677 2949 3716 an.
2987 3660 3116 3717 Chr.
3146 3661 3271 3727 434,
3318 3661 3386 3716 ad
3424 3664 3583 3733 cujus

1998 3754 2168 3809 vitam
2203 3769 2328 3809 xxiv
2362 3751 2585 3810 Octobr.
2611 3751 2768 3822 plura
2811 3750 2879 3808 dc
2917 3752 3019 3808 hac
3060 3753 3433 3808 controversia
3492 3752 3581 3808 di-

2002 3848 2216 3896 centur.

2071 3952 2159 4008 69.
2199 3954 2512 4025 Apostolica
2543 3955 2868 4011 auctoritate
2903 3954 3161 4027 Cyrillum
3196 3955 3462 4010 restitisse
3485 3955 3581 4010 Ju-

1999 4043 2177 4098 venali
2203 4045 2462 4115 episcopo
2495 4043 2989 4114 Hierosolymitano
3024 4042 3317 4113 primatum
3341 4043 3581 4098 Palaesti-

2000 4148 2085 4188 nae
2111 4131 2387 4188 affectanti
2409 4131 2523 4203 (qui
2545 4141 2601 4187 et
2624 4130 2842 4186 tandem
2864 4130 2944 4185 illi
2974 4130 3090 4186 sedi
3113 4129 3367 4198 collatus)
3389 4132 3581 4187 scribit

2002 4222 2059 4281 S.
2092 4223 2204 4279 Leo
2237 4238 2375 4294 papa
2402 4223 2563 4294 epist.
2588 4223 2677 4289 62,
2709 4223 2791 4278 Ad
2817 4223 3109 4278 Maximum
3137 4226 3433 4295 episwpum
3465 4225 3579 4280 An-

2003 4315 2343 4370 tiochenam:
2379 4331 2396 4365 ι
2450 4312 2512 4368 In
2552 4313 2827 4385 Ephesina
2873 4312 3100 4384 synodo,
3137 4332 3155 4365 ι
3191 4314 3389 4383 inquit,
3432 4333 3449 4365 ι
3480 4315 3579 4370 Ju-

316 4403 485 4460 Mem
510 4408 862 4464 orientalium
897 4409 1303 4479 episcoporum,
1330 4419 1387 4467 ει
1412 4426 1511 4466 sua
1548 4410 1786 4480 capitula
1809 4426 1902 4466 ει-
1934 4401 1975 4454 D
2002 4404 2213 4460 vernalis
2236 4404 2528 4474 episcopus
2548 4403 2616 4458 ad
2645 4402 3005 4460 obtinendum
3033 4402 3333 4458 Palaestinae
3361 4403 3581 4472 provin-

308 4507 579 4568 ponente,
612 4514 717 4569 pax
737 4508 794 4556 et
817 4500 1000 4556 unitas
1036 4501 1302 4558 Ecclesiis
1345 4501 1555 4557 reddita
1583 4513 1685 4557 est.
1708 4503 1769 4556 ln
1796 4517 1904 4573 qua

310 4602 450 4659 pace
505 4590 776 4662 gaudente
830 4591 1095 4658 Ecclesia,
1145 4591 1401 4648 inimicus
1454 4593 1626 4663 pacis,
1674 4594 1904 4651 aemulus

312 4682 569 4741 unitatis,
590 4698 697 4737 non
719 4684 929 4754 quievit
954 4684 1217 4743 adversus
1237 4701 1360 4742 eam
1386 4701 1609 4743 movere
1633 4701 1759 4741 vasa
1781 4702 1900 4751 sua,

309 4782 366 4827 et
416 4777 861 4844 superscminare
908 4776 1112 4832 zizania
1145 4795 1160 4843 ;
1195 4797 1213 4829 ›
1274 4793 1397 4848 quae
1453 4786 1676 4848 propter
1734 4777 1904 4832 libros

310 4864 597 4920 Theodori
668 4865 1029 4937 Mopsuesteni
1058 4877 1113 4923 et
1144 4868 1369 4924 Diodori
1402 4868 1688 4925 Tarsensis
1717 4876 1903 4924 exorta

308 4965 466 5011 sunt.
504 4957 604 5019 Ea,
624 4958 752 5028 quia
781 4958 849 5014 ad
872 4958 929 5013 S.
952 4957 1215 5031 Cyrillum
1242 4962 1333 5018 vix
1354 4962 1612 5026 attinent,
1646 4960 1755 5018 hoc
1780 4962 1903 5018 loco

310 5050 659 5124 omittimus;
688 5053 987 5120 praesertim
1010 5054 1157 5125 quod
1185 5055 1277 5113 illa
1303 5054 1544 5112 Liberati
1564 5054 1779 5109 diaconi
1810 5054 1903 5109 lli-

308 5141 484 5196 storia
532 5140 682 5195 haud
731 5157 1121 5216 usquequaque
1172 5145 1334 5201 fidem
1385 5153 1681 5209 mereatur,
1717 5144 1811 5213 qui
1844 5150 1901 5199 et

314 5232 416 5286 tria
458 5230 719 5301 capitula,
754 5231 822 5288 de
845 5233 1065 5304 scriptis
1090 5231 1477 5304 Mopsuesteni,
1516 5234 1624 5289 Iba:
1646 5233 1897 5305 epistola,

314 5338 376 5377 ac
394 5322 730 5377 Theodoreti
762 5332 952 5380 contra
978 5324 1241 5396 Cyrillum
1265 5326 1696 5391 commentariis,
1724 5341 1754 5380 a
1784 5326 1899 5381 Ro-

315 5426 480 5466 mano
521 5410 690 5466 etiam
739 5413 1008 5483 pontiﬁces
1042 5415 1156 5485 jam
1207 5412 1483 5492 damnata,
1543 5414 1901 5485 pervicaciter

312 5513 441 5556 cum
466 5502 591 5557 aliis
620 5502 888 5559 Africanis
916 5505 1119 5561 tuenda
1139 5507 1465 5577 susceperit,
1493 5515 1656 5577 atque
1682 5507 1900 5566 incaute

310 5607 379 5646 ex
419 5592 653 5662 epistola
682 5609 710 5647 a
740 5596 997 5666 quopiam
1044 5597 1369 5654 Nestoriano
1411 5597 1514 5653 sub
1548 5596 1768 5653 nomine
1793 5597 1899 5670 Cy-

312 5682 421 5738 rilli
452 5683 521 5737 ad
540 5682 807 5740 Joannem
843 5686 1247 5745 Antiochenum
1276 5688 1537 5753 conﬁcta,
1568 5699 1689 5755 qua;
1713 5698 1901 5745 narrat

2004 4496 2103 4550 ciaa
2131 4495 2497 4565 principatum
2525 4509 2583 4550 se
2612 4494 2845 4550 credidit
2868 4508 3025 4564 posse
3059 4490 3328 4558 subicere,
3353 4502 3411 4547 et
3436 4492 3583 4548 inso-

2003 4586 2180 4642 lentes
2200 4601 2366 4642 ausus
2394 4601 2493 4657 per
2514 4585 2885 4642 commentitia
2912 4585 3113 4655 scripta
3152 4583 3367 4640 firmare
3393 4603 3408 4639 :
3432 4584 3578 4656 quod

2004 4686 2206 4734 sanctae
2234 4676 2512 4733 memoriae
2540 4675 2776 4748 Cyrillus
2804 4675 3422 4737 Alexandrinusmerito
3449 4691 3578 4746 per—

1955 4813 1957 4816 .
2004 4766 2347 4833 horrescens,
2374 4766 2593 4837 scriptis
2620 4766 2735 4822 suis
2763 4767 2918 4829 mihi,
2949 4766 3095 4838 quod
3126 4767 3386 4838 praedicta
3421 4768 3580 4840 cupi-

2003 4860 2146 4917 ditas
2177 4875 2310 4915 ausa
2348 4859 2438 4925 sit,
2469 4858 2768 4931 judicavit;
2799 4870 2854 4915 et
2883 4860 3114 4915 sollicita
3150 4875 3313 4930 prece
3344 4860 3578 4917 multum

2002 4952 2289 5025 poposcit,
2334 4958 2397 5007 ut
2438 4950 2627 5007 nullus
2682 4951 2890 5007 illicitis
2939 4952 3230 5008 conatibus
3270 4954 3581 5023 praebeatur

2002 5060 2275 5101 assensus.
2311 5063 2329 5093 1

2072 5137 2158 5193 70.
2183 5136 2371 5210 Cyrilli
2404 5137 2654 5194 doctrina
2687 5151 2718 5191 a
2758 5135 2961 5193 sanctis
2985 5136 3240 5195 Patribus
3267 5146 3583 5193 reverenter

2002 5240 2257 5300 suscepta
2284 5216 2364 5284 ac
2391 5228 2610 5284 laudata
2645 5236 2751 5285 est.
2776 5228 3003 5301 Magnus
3029 5227 3376 5300 Euthymius,
3418 5236 3480 5281 ut
3512 5243 3583 5281 xx

2001 5320 2245 5378 Januarii
2289 5320 2345 5375 in
2386 5320 2506 5390 ejus
2532 5320 2656 5377 Vita
2693 5319 2914 5386 dicitur,
2961 5335 3115 5375 num.
3159 5319 3246 5382 75,
3277 5315 3583 5372 calumnias

2001 5419 2190 5467 contra
2218 5411 2483 5483 synodum
2525 5411 3027 5468 Chalcedonensem
3075 5408 3449 5473 aversabatur,
3478 5407 3583 5464 hac

2001 5502 2145 5573 inter
2179 5502 2313 5558 alias
2345 5502 2576 5558 adducta
2603 5502 2815 5557 ratione
2845 5519 2858 5554 :
2891 5519 2909 5551 ι
2940 5498 3203 5576 Cyrillum
3237 5497 3582 5555 Alexandriae

2000 5594 2318 5664 episcopum
2353 5593 2595 5664 synodus
2621 5592 2727 5647 sibi
2761 5590 3028 5662 adjungit,
3072 5600 3332 5662 tanquam
3373 5591 3467 5661 qui
3508 5591 3581 5649 sit

1999 5684 2246 5755 ejusdem
2272 5684 2589 5741 sementim:
2626 5692 2683 5740 et
2711 5692 2874 5740 recta
2907 5684 3194 5741 sententia
3230 5683 3433 5740 fatetur
3458 5695 3580 5737 esse
