4034 6220
296 362 350 420 41
1518 373 1800 430 NOTITIA
1838 371 1929 426 EX
1970 372 2303 430 FABRICIO.
3465 381 3536 436 ιι

289 488 526 544 consulet
557 486 972 542 Tillemontium
1002 495 1151 543 tomo
1179 487 1300 545 XIV
1330 475 1710 543 Memoriaruni
1739 459 1937 554 ΙιίετξΑ
1965 477 2397 542 Alexandrinum
2416 487 2729 545 Carmelitis
2757 490 2990 547 ridicule
3017 508 3368 548 accensucre.
3399 494 3562 550 Vide-

289 577 484 643 ecclcs.;
519 577 605 632 Jo.
643 576 971 631 Garnerium
992 577 1060 632 ad
1093 585 1224 632 tom.
1254 577 1297 633 ll
1328 577 1481 632 Marii
1512 559 1858 643 Mercatoris;

291 669 562 724 Petavium
586 667 641 721 in
659 669 1020 738 Dogmatibus
1037 669 1358 741 theologicis
1379 670 1446 725 de
1464 669 1858 736 incarnatione,

289 771 342 815 et
372 759 710 814 Ludovicum
754 761 1048 816 Dulcinum
1077 761 1133 816 in
1163 762 1397 816 Historia
1435 762 1858 828 Nestorianismi,

293 852 479 907 Gallice
507 851 660 906 edita
689 851 1043 907 Roterodami
1082 854 1237 919 1698,
1271 853 1324 907 in
1354 854 1407 908 4.
1441 852 1590 908 Obiit
1620 853 1857 926 Cyrillus

302 946 355 998 Α.
383 945 435 1000 C.
467 945 589 1007 444,
622 945 693 998 27
738 944 866 999 Jun.
900 945 1031 1016 Ejus
1059 946 1378 1001 memoriam
1402 946 1591 1000 Latina
1617 945 1858 1001 celebrat

300 1035 517 1090 Ecclesia
549 1035 620 1088 28
666 1036 894 1090 Januar.
937 1036 1026 1106 (ad
1061 1052 1225 1106 quem
1272 1037 1420 1091 diem
1468 1036 1740 1092 videndus
1800 1037 1854 1090 in

292 1128 418 1182 Actis
447 1125 766 1183 Sanctorum
797 1129 1094 1182 Bollandus
1116 1128 1182 1183 de
1203 1128 1276 1202 Cy
1287 1130 1406 1184 rillo
1434 1131 1655 1200 copiose
1678 1129 1854 1184 disse-

287 1218 449 1286 rens),
487 1227 542 1272 et
566 1217 756 1273 Graeca
778 1218 810 1271 9
830 1217 981 1274 Junii
1004 1227 1060 1273 et
1093 1218 1155 1273 18
1181 1219 1431 1285 Januar.,
1457 1220 1564 1273 τῶν
1593 1222 1652 1273 ἐν
1683 1220 1857 1288 ἁγίοις

284 1311 535 1380 Πιτέρων
591 1310 750 1380 ἡμῶν
811 1309 906 1363 καὶ
949 1311 1396 1381 ἀρχιεπισκόπων
1454 1311 1855 1382 Ἀλεξανδρείας

293 1402 604 1455 Ἀθανασέου
639 1403 732 1456 καὶ
770 1401 1063 1472 Κυρὶλλου.
1095 1402 1365 1469 Quoniam
1396 1403 1592 1476 dogma
1625 1403 1857 1457 catholio

283 1507 399 1545 cum
439 1490 507 1545 de
539 1491 924 1545 incarnatione
945 1491 1109 1545 Verbi
1139 1499 1289 1545 tanta
1318 1491 1485 1545 animi
1507 1491 1858 1546 contentione

282 1585 528 1648 asseruit,
552 1584 783 1654 perinde
814 1584 1028 1638 alienus
1048 1583 1116 1638 ab
1141 1584 1407 1656 Eutychis
1427 1599 1591 1653 quam
1614 1599 1643 1637 a
1665 1583 1861 1638 Nesto-

285 1677 344 1730 rii
370 1677 679 1737 erroribus,
702 1676 829 1731 hinc
863 1675 1096 1745 γνώμων
1113 1676 1211 1746 τῆς
1236 1676 1538 1747 ἀκριϐείας,
1561 1677 1858 1729 accuratio-

286 1771 358 1822 nis
393 1769 600 1840 regula,
633 1764 841 1823 dicitur
880 1769 948 1822 ab
983 1768 1213 1839 Eulogio
1252 1767 1398 1838 apud
1428 1767 1685 1823 Photium
1731 1767 1854 1822 cod.

291 1878 401 1923 xxx,
436 1877 488 1930 p.
525 1861 656 1926 452,
686 1863 786 1931 τῆς
820 1859 1108 1930 ἀκριϐείας
1134 1860 1476 1924 διδάσκαλος,
1494 1860 1674 1914 doctor
1706 1877 1860 1914 accu-

287 1954 592 2017 ratissimus,
629 1970 684 2024 p.
714 1953 838 2017 454,
867 1962 922 2008 et
952 1953 1153 2023 Θερμὸς
1171 1953 1270 2022 τῆς
1287 1951 1570 2023 ἀκριϐείας
1595 1952 1691 2005 καὶ
1731 1951 1860 2024 ἀλη-

283 2044 423 2108 θείας
443 2047 702 2116 ἐραστής,
723 2045 955 2114 feruidus
974 2046 1329 2099 accurationis
1343 2046 1680 2115 veritatisque
1704 2062 1856 2098 ama-

279 2149 376 2200 lor,
407 2155 462 2208 p.
505 2133 629 2192 441.
677 2137 834 2204 Quod
882 2153 1016 2192 vero
1044 2137 1204 2208 φύσιν
1238 2153 1403 2192 unam
1439 2136 1515 2208 (a)
1549 2138 1604 2191 in
1638 2137 1859 2192 Christo

277 2241 397 2302 post
424 2233 679 2287 unionem
711 2229 1080 2300 ὑποπτατικὴν
1120 2245 1241 2285 esse
1287 2228 1528 2300 scripsit,
1563 2229 1702 2284 locis
1734 2244 1858 2283 sex-

275 2324 450 2378 centis
476 2325 612 2379 satis
633 2323 1054 2386 demonstravit,
1085 2323 1246 2394 longe
1273 2323 1382 2378 alio
1413 2338 1579 2378 sensu
1610 2338 1668 2377 se
1693 2322 1857 2377 intel-

274 2413 470 2484 ligere,
513 2430 673 2484 quam
706 2413 987 2484 Eutyches
1019 2411 1220 2467 deinde
1250 2421 1335 2467 est
1373 2412 1649 2482 opinatus,
1695 2422 1858 2483 atque

271 2514 495 2561 natura:
524 2507 780 2561 vocabulo
806 2521 910 2577 pro
947 2505 1246 2559 ὑποστάσει
1269 2519 1389 2560 esse
1420 2503 1672 2560 abusum.

715 2729 724 2736 ,
795 2661 874 2721 ιι.
923 2658 1056 2721 Alii
1088 2657 1336 2738 Cyrilli.

341 2799 603 2872 Cyrillus,
627 2799 942 2854 Adanorum
975 2796 1184 2853 Ciliciae
1207 2799 1397 2868 prima:
1417 2797 1731 2868 episcopus,
1761 2796 1858 2868 qui

277 2892 520 2952 interfuit
535 2893 751 2966 synodo
775 2891 1138 2948 Orientalium
1161 2901 1282 2961 post
1303 2890 1596 2946 concilium
1622 2891 1856 2962 Ephesi-

269 3000 426 3040 rum.
456 2985 539 3040 Ad
570 3002 698 3041 eum
722 2985 954 3055 epistola
973 2983 1315 3049 Theodoriti,
1346 2983 1402 3038 in
1431 2982 1690 3040 Auctario
1717 2981 1854 3038 Gar-

272 3077 522 3142 neriano,
555 3093 679 3147 pag.
717 3076 840 3131 679.

1962 576 2244 634 Labbeum
2275 591 2406 635 tom.
2445 581 2464 635 1
2497 580 2574 636 De
2615 580 2671 636 S.
2710 581 2802 648 E.,
2842 584 3051 653 p.246.
3089 583 3426 657 [Cantabrig.
3479 585 3536 639 in

1962 671 2086 727 cod.
2118 673 2244 727 coll.
2279 672 2690 739 Gaio-Convil.,
2727 692 2783 729 ιι.
2811 676 2966 740 1206,
3001 675 3119 731 Cat.
3144 678 3303 733 codd.
3347 677 3541 750 Cyrilli

1962 762 2132 832 presb.
2167 780 2326 817 erem.
2349 763 2539 818 Montis
2570 763 2802 820 Carmel.
2827 766 2962 822 Visio
2987 783 3032 822 s.
3070 767 3430 842 Vaticinium.]

2032 852 2291 925 Cyrillus,
2316 855 2750 926 cathegumenus
2780 859 3096 914 monasterii
3117 859 3212 915 SS.
3237 871 3537 934 martyrum

1963 944 2146 1011 Probi,
2175 947 2408 1003 ’l‘arachi
2449 960 2505 1004 ct
2527 949 2846 1016 Andronici,
2886 953 2981 1022 qui
3017 953 3266 1009 interfuit
3301 956 3539 1017 concilio

1961 1038 2570 1112 Constantinopolitano
2595 1059 2695 1114 pro
2722 1045 2871 1099 cultu
2902 1046 3220 1117 imaginum,
3251 1048 3400 1118 quod
3434 1051 3537 1104 sub

1961 1130 2115 1184 Alex.
2147 1131 2427 1187 Comneno
2458 1133 2706 1188 habitum
2741 1143 2826 1190 est
2848 1135 2903 1188 in
2933 1136 3176 1192 triclinio
3205 1138 3536 1194 Blacherua—

1963 1235 2106 1274 rum.

2036 1309 2296 1384 [Cyrillus
2345 1314 2540 1382 Chius,
2582 1318 2646 1374 V.
2695 1318 2804 1374 vol.
2842 1318 2908 1383 Χ,
2958 1334 3012 1389 p.
3065 1318 3187 1374 501.
3219 1319 3479 1375 Diversus
3509 1336 3540 1374 a

1960 1405 2165 1478 Cyrillo
2196 1408 2314 1475 Cio,
2337 1395 2596 1482 episcopo
2621 1413 2915 1482 provinciae
2960 1413 3246 1486 Bithynia},
3277 1415 3371 1484 qui
3404 1430 3539 1470 con-

1961 1500 2090 1554 cilio
2108 1502 2328 1556 Niczeno
2348 1504 2694 1574 subscripsit.
2722 1505 2976 1576 Vchnr.
3005 1506 3204 1561 Valesii
3230 1506 3534 1562 Emendau.

1963 1592 2060 1646 lib.
2087 1609 2144 1657 ιι,
2182 1610 2302 1664 pag.
2323 1595 2410 1650 49.
2445 1595 2642 1668 Hann]

2031 1686 2266 1759 Cyrillus
2280 1687 2762 1760 Chronographus.
2782 1692 2845 1745 V.
2862 1692 2970 1746 vol.
2988 1692 3100 1754 V11,
3120 1709 3172 1762 p.
3193 1693 3426 1763 472qu.
3445 1692 3538 1765 11.]

2031 1780 2260 1851 Cyrilli,
2319 1781 2907 1853 Constantinopolitani
2969 1785 3332 1854 patriarchae,
3384 1785 3538 1841 fuere

1965 1881 2091 1934 tres,
2124 1888 2269 1926 unus
2309 1872 2547 1944 Cyrillus
2579 1874 2671 1928 hic
2707 1873 2948 1941 Contari,
2978 1874 3047 1930 de
3079 1891 3190 1946 quo
3219 1876 3383 1946 paulo
3411 1885 3539 1933 ante

1964 1963 2017 2017 in
2049 1964 2399 2030 Berrhoensi,
2426 1966 2565 2022 alter
2593 1965 2832 2037 Cyrillus
2863 1967 3108 2036 Lucoris,
3138 1969 3207 2024 de
3235 1985 3345 2040 quo
3368 1986 3493 2026 mox
3522 1989 3538 2026 :
3564 2034 3567 2037 _

1959 2063 2014 2108 et
2035 2055 2226 2109 tertius
2245 2055 2481 2127 Cyrillus
2499 2058 2707 2121 Σπανὸς
2725 2062 2752 2113 ὁ
2765 2060 3032 2131 Τορνόὸου
3048 2061 3117 2116 ab
3132 2077 3184 2116 a.
3205 2061 3538 2127 1652-1656.

1962 2146 2120 2201 Fann.
2154 2146 2267 2202 Sub
2289 2149 2508 2203 nomine
2525 2149 2736 2220 Cyrilli,
2756 2152 3082 2221 patriarchae
3095 2152 3278 2218 CPol.,
3304 2154 3545 2210 circum-

1961 2232 2137 2288 fertur
2190 2233 2427 2291 Censura
2473 2240 2846 2308 confcssionis,
2893 2240 3020 2296 ﬁdei
3073 2241 3425 2300 Calvinianaa.
3476 2247 3537 2300 V.

1961 2328 2118 2396 plura
2158 2328 2213 2382 in
2253 2329 2362 2384 vol.
2393 2329 2462 2394 Χ,
2499 2346 2555 2400 p.
2594 2331 2718 2391 416.
2759 2347 2813 2386 ιι.
2862 2331 2916 2396 9,
2949 2340 3060 2388 vet.
3101 2334 3190 2388 ed.
3235 2365 3307 2375 —
3346 2337 3535 2408 Cyrill.

1961 2418 2200 2474 Tornobi
2238 2421 2548 2490 patriarcha
2590 2421 2757 2477 fuisse
2788 2423 2993 2478 dicitur
3032 2440 3082 2479 a.
3117 2426 3274 2493 1651,
3303 2427 3422 2484 dies
3445 2444 3538 2495 xx,

1961 2511 2246 2584 restitutus
2279 2529 2328 2567 a.
2365 2512 2521 2579 16.34,
2557 2513 2676 2572 dies
2706 2531 2813 2568 x1v.
2838 2514 3003 2571 Ηλιιι..

2031 2603 2288 2677 [Cyrillus
2315 2607 2637 2679 Cyzicenus,
2679 2608 2835 2678 cujus
2859 2608 2957 2664 lib.
2997 2610 3059 2664 de
3086 2609 3146 2665 S.
3175 2610 3446 2668 Blandula
3489 2625 3559 2670 et-

1958 2695 2142 2768 ﬁgulo,
2174 2707 2259 2754 est
2283 2699 2459 2755 Oxon.
2498 2701 2550 2754 in
2575 2701 2698 2758 cod.
2730 2701 2954 2756 Barocc.
2996 2701 3162 2769 XXV,
3196 2719 3251 2774 p.
3281 2704 3534 2760 275.1nc.

1959 2791 2024 2844 Τί
2049 2791 2109 2844 τὸ
2143 2791 2285 2861 ἱερὸν
2320 2791 2497 2844 τοῦτο.
2532 2790 2727 2863 Hann]
3257 2837 3261 2842 .

2028 2880 2266 2952 Cyrillus
2304 2882 2569 2947 Dalmata,
2602 2883 2666 2937 A.
2708 2882 2768 2938 C.
2802 2882 2926 2949 865,
2960 2883 3306 2940 Moravorum
3348 2885 3540 2942 Slavo-

1960 2989 2190 3043 rumque
2219 2976 2500 3044 apostolus
2526 2984 2581 3030 et
2608 2975 2990 3047 Bulgarorum,
3023 2992 3131 3032 una
3167 2993 3293 3032 cum
3329 2977 3497 3034 fratre
3521 3021 3535 3043 ,

1958 3051 2256 3130 Methodio,
2283 3065 2351 3121 de
2378 3083 2489 3136 quo
2530 3076 2731 3137 praeter
2767 3067 3086 3138 scriptores,
3125 3068 3223 3123 lib.
3253 3085 3306 3136 v,
3336 3085 3456 3150 cap.
3495 3089 3533 3136 ι,

340 3169 549 3223 Μειιῑίο
597 3170 726 3240 ejus
777 3168 833 3222 in
893 3166 1158 3239 synodico
1223 3165 1488 3222 adversus
1536 3165 1854 3238 tragoediam
1883 3172 1924 3231 (Γ.
1961 3157 2162 3226 ἓΧΧΧ
2197 3157 2326 3230 [VOL
2366 3159 2457 3214 VH
2482 3201 2496 3222 ν
2540 3175 2659 3231 pag.
2701 3159 2808 3214 272
2844 3159 2955 3232 sq.]
2994 3161 3210 3226 citatos,
3252 3161 3538 3218 adeundus

269 3258 484 3323 Irenzei,
519 3275 641 3329 cap.
670 3260 724 3322 7,
776 3258 862 3322 15,
907 3257 997 3323 28,
1041 3257 1163 3322 150,
1210 3257 1331 3312 161.
1367 3253 1456 3329 [V.
1484 3257 1593 3312 vol.
1629 3257 1766 3323 V111,
1799 3274 1852 3328 p.

268 3351 373 3406 500
397 3360 456 3405 et
481 3350 633 3424 302.]

338 3443 599 3515 Cyr-illus,
652 3442 945 3513 episcopus
989 3441 1140 3507 Afer,
1191 3449 1418 3513 martyr,
1457 3441 1526 3497 de
1580 3456 1690 3513 quo
1722 3427 1890 3498 Acta.

269 3529 517 3585 δαιτί-ιον.
551 3531 583 3584 8
610 3531 814 3598 Martii,
860 3541 990 3586 tom.
1028 3531 1070 3596 Ι,
1103 3547 1158 3604 p.
1191 3531 1314 3586 757.

336 3622 552 3693 Cyrilli,
606 3624 967 3678 Alexandrini
1005 3621 1350 3693 patriarchae,
1403 3630 1526 3692 post
1581 3620 1854 3675 celebrem

279 3714 454 3778 illum,
483 3713 550 3767 de
583 3729 695 3782 quo
723 3711 1032 3778 dixi,1uere
1065 3713 1396 3782 complures,
1426 3725 1568 3766 unus
1596 3711 1665 3766 ab
1695 3712 1761 3765 A.
1789 3711 1850 3768 C.

274 3803 421 3858 1078
451 3805 512 3858 ad
556 3804 714 3867 1092,
763 3805 904 3858 alter
952 3803 1100 3858 lilius
1143 3801 1367 3856 Laklaki
1398 3802 1466 3856 ab
1511 3818 1560 3855 a.
1600 3801 1737 3856 1255
1786 3801 1853 3856 ad

270 3873 456 3961 1245‘,
488 3897 684 3951 tertius
723 3893 960 3966 Cyrillus
991 3893 1251 3958 Lucaris,
1282 3873 1378 3962 qui
1406 3893 1604 3947 deinde
1644 3893 1710 3948 ad
1753 3910 1853 3963 pa-

275 3989 634 4043 triarchatum
656 3985 1327 4056 Constantinopolitanum
1343 3984 1593 4054 pervenit
1620 3998 1669 4037 a.
1692 3984 1848 4038 1621.

335 4078 628 4152 [Cyrillus,
664 4076 1042 4132 Antiochenus
1072 4073 1401 4146 patriarcha.
1439 4071 1632 4144 Hann]

332 4170 604 4243 [Cyrillus
633 4168 1006 4232 Caesariensis,
1049 4182 1094 4222 s.
1141 4167 1345 4229 senior,
1377 4180 1538 4235 quem
1573 4164 1642 4219 ab
1683 4163 1853 4219 altero

258 4260 493 4331 Cyrillo,
525 4259 1049 4330 Hierosolymitano,
1078 4255 1226 4310 haud
1267 4254 1548 4310 diversum
1576 4269 1718 4320 esse,
1756 4269 1851 4309 su-

259 4355 516 4421 spicatur
547 4350 780 4405 Touttée
820 4350 874 4403 in
919 4348 1055 4403 diss.
1085 4348 1382 4420 Cyrilliana
1429 4363 1445 4401 ι
1477 4347 1697 4417 praeﬁxa
1733 4349 1853 4419 ejus

259 4443 425 4500 editt.
478 4441 617 4511 Opp.
671 4440 860 4512 Cyrilli
915 4439 1349 4511 Hierosolymit.,
1381 4453 1488 4508 p.i
1535 4445 1592 4491 et
1650 4455 1700 4503 ι,
1757 4437 1850 4494 ubi

259 4541 461 4604 plures
481 4541 772 4588 enumerat
795 4531 1046 4603 Cyrillos.
1077 4529 1269 4602 Hann]

331 4624 603 4697 Cyrillus,
644 4623 917 4678 Armenia;
967 4623 1276 4693 episcopus,
1325 4620 1610 4675 ordinatus
1651 4619 1720 4673 ab
1750 4619 1860 4673 Eu-

253 4716 478 4770 statbio
512 4715 838 4770 Sebasteno.
871 4714 1007 4770 Vide
1036 4713 1093 4768 S.
1140 4711 1328 4768 Basilii
1351 4711 1514 4780 epist.
1552 4709 1620 4764 58
1645 4719 1700 4763 et
1731 4709 1853 4764 187.

327 4804 842 4875 CyrillusContari,
862 4805 1242 4866 Bcrrhoensis,
1257 4803 1570 4873 patriarcha
1587 4800 1856 4856 Constan-

253 4893 689 4970 tinopolitanus,
719 4895 908 4966 Cyrilli
939 4895 1167 4951 Lucaris
1198 4895 1450 4959 :emulus,
1486 4892 1857 4962 strangulatus

248 4991 434 5055 (anno
467 4997 596 5058 post
634 4988 781 5057 eum)
810 4987 966 5042 1659.
1013 4987 1174 5041 Γλιιιι.
1205 5017 1274 5026 -
1304 4985 1461 5041 Conf.
1484 4984 1569 5040 Jo.
1595 4981 1852 5055 Aymonii

243 5084 386 5138 libr.
418 5081 734 5138 Monumens
763 5079 1126 5149 authentiqnes
1159 5093 1279 5148 pag.
1315 5077 1412 5131 511
1451 5091 1532 5147 sq.
1562 5075 1730 5130 ﬂant.

317 5177 582 5249 Cyrillus
607 5175 927 5238 Carmelita,
953 5141 1099 5227 circa
1303 5170 1459 5233 1224,
1488 5141 1556 5224 de
1589 5183 1699 5239 quo
1722 5167 1854 5223 Acta
1891 5141 1894 5143 Δ

239 5268 517 5325 Sanctor.
565 5269 598 5324 6
630 5267 833 5331 Martii,
877 5275 1010 5320 tom.
1047 5264 1090 5327 l,
1123 5277 1245 5335 pag.
1276 5261 1379 5316 498
1405 5276 1546 5331 seq.,
1595 5258 1690 5313 ubi
1736 5256 1854 5312 Vita

238 5363 465 5431 scripta
497 5377 528 5415 a
558 5361 767 5416 Joanne
797 5355 1206 5429 Palaeonydoro.
1235 5353 1337 5410 Hic
1363 5361 1445 5408 est
1470 5349 1682 5406 ordinis
1709 5348 1846 5404 Car-

238 5449 494 5504 melitici
539 5449 741 5504 tertius
779 5447 931 5519 prior
982 5443 1274 5517 generalis,
1327 5441 1551 5497 natione
1599 5438 1844 5501 Graecus,

230 5543 339 5605 qui
373 5542 454 5596 ad
481 5541 826 5607 Joachimum
845 5537 1101 5594 abbatem
1133 5532 1374 5606 scripsit.
1399 5531 1556 5589 Unde
1586 5544 1848 5602 quorum-

237 5637 370 5687 dam
422 5641 646 5706 stupor,
702 5631 797 5702 qui
840 5626 1397 5700 llierosolymitanum
1445 5622 1714 5709 Cyrillum
1758 5622 1846 5678 vel

1957 3247 2082 3305 Job.
2116 3249 2412 3305 Weichard
2451 3251 2712 3306 Valvasor
2751 3261 2808 3306 et
2855 3251 3117 3306 Erasmus
3153 3253 3432 3309 Francisci
3479 3255 3538 3309 in

1957 3350 2110 3414 parte
2151 3341 2392 3399 secunda
2433 3343 2635 3412 operis,
2684 3342 3008 3398 Germanice
3038 3342 3174 3398 editi
3213 3360 3225 3398 :
3261 3343 3406 3399 Ehre
3449 3346 3538 3400 de:

1956 3434 2338 3506 Herzogthums
2379 3433 2565 3499 Crain,
2604 3434 2702 3489 lib.
2743 3451 2818 3498 vr,
2849 3450 2969 3504 cap.
3010 3433 3063 3500 1,
3105 3435 3198 3489 ubi
3235 3435 3303 3490 de
3335 3436 3538 3492 litteris

1958 3525 2287 3591 Slavonicis,
2314 3543 2346 3581 a
2371 3526 2575 3598 Cyrillo
2596 3535 2651 3580 et
2680 3526 2959 3581 Methodio
2989 3527 3245 3598 repertis.
3316 3562 3320 3564 -

2029 3617 2285 3691 [Cyrillus
2307 3619 2599 3684 Diaconus,
2623 3619 2782 3689 cujus
2805 3619 3130 3692 martyrium
3153 3619 3373 3692 iniVitis
3398 3620 3536 3676 San-

1955 3718 2168 3765 ctorum
2191 3727 2264 3765 m.
2294 3711 2418 3765 Maii
2449 3711 2648 3782 legitur
2674 3710 2865 3766 incod.
2888 3691 3109 3768 Barocc.
3139 3691 3313 3769 Oxb'n.
3333 3711 3532 3779 CCLX,

1955 3819 2010 3873 p.
2043 3802 2164 3858 159.
2199 3801 2292 3875 ιι]
3339 3859 3342 3862 .

2025 3890 2263 3964 Cyrillus
2313 3891 2751 3958 Grammaticus,
2810 3892 3069 3949 Glossarii
3131 3893 3535 3956 Graeco-Latini

1954 3973 2170 4048 auctor,
2218 3983 2284 4036 de
2323 3998 2432 4052 quo
2475 3983 2629 4037 alibi.
2655 3983 2838 4047 ,FAnn.
2879 3984 3044 4038 —De
3074 3983 3275 4038 Lexico
3308 3983 3534 4048 biblico,

1954 4071 2100 4140 quod
2142 4072 2245 4127 sub
2288 4073 2509 4128 nomine
2562 4073 2727 4128 modo
2786 4072 2994 4143 Cyrilli,
3050 4073 3213 4128 modo
3265 4073 3530 4140 Philonis,

1954 4153 2116 4220 modo
2149 4161 2403 4233 Origenis
2451 4173 2726 4234 superest,
2758 4164 2822 4218 V.
2877 4164 2975 4218 lib.
3014 4180 3086 4230 Iv,
3126 4180 3244 4236 cap.
3285 4165 3376 4230 57,
3420 4165 3532 4225 vol.

1923 4323 1926 4326 ξ
1954 4254 2042 4319 VI,
2073 4271 2127 4326 p.
2164 4253 2265 4310 199
2291 4270 2398 4325 sq.,
2429 4261 2486 4310 et
2509 4255 2615 4309 vol.
2647 4255 2736 4320 ιν,
2765 4271 2819 4326 p.
2855 4255 2980 4320 470,
3021 4255 3088 4311 de
3114 4256 3314 4329 Cyrillo
3335 4257 3534 4314 Gram-

1954 4329 2153 4402 matico
2178 4347 2321 4402 inter
2347 4347 2948 4419 poetasepigrammat.;
2988 4348 3048 4408 it.
3080 4349 3188 4404 vol.
3213 4351 3301 4414 Vl,
3319 4367 3373 4421 p.
3393 4351 3491 4407 521
3515 4371 3531 4417 ;

1954 4437 2021 4493 de
2050 4437 2263 4511 Cyrilli,
2301 4438 2385 4492 vel
2421 4437 2607 4507 potius
2641 4437 2727 4494 Jo.
2765 4437 3076 4509 Philoponi.
3126 4437 3342 4493 Collect.
3391 4457 3530 4498 voce.

1889 4511 1932 4566 Ι)
1957 4522 2390 4592 discrepantium,
2433 4528 2563 4588 etc.,
2594 4521 2682 4575 adi
2716 4523 2879 4592 paulo
2908 4532 3032 4592 post
3081 4529 3215 4577 sect.
3265 4538 3340 4588 rx,
3375 4523 3440 4578 ad
3473 4541 3530 4580 ιι.

1957 4613 2080 4668 172.
2109 4613 2275 4668 llmn.

2023 4702 2261 4775 Cyrillus
2318 4702 2772 4774 lleliopolitanus,
2813 4701 2916 4758 sub
2950 4683 3174 4758 'Jul‘iano
3209 4703 3529 4775 martyrium

1953 4809 2169 4864 passus,
2201 4795 2269 4850 de
2288 4811 2398 4867 quo
2429 4793 2802 4848 Theodoritus
2823 4809 2903 4860 ιιι,
2924 4794 2976 4859 7,
3009 4794 3285 4860 Ηὶδιοιίω,
3320 4806 3376 4851 et
3410 4795 3534 4852 Sui-

1955 4888 2052 4943 das
2069 4881 2133 4941 in
2160 4887 2476 4956 Κύριλλος.
2845 4931 2847 4936 .

2024 4978 2263 5052 Cyrillus
2311 4978 2864 5052 Hierosolymitanus,
2899 4977 2968 5032 de
2996 4993 3108 5048 quo
3160 4977 3273 5033 dixi
3323 4977 3420 5034 lib.
3475 4997 3528 5044 v,

1955 5086 2075 5142 cap.
2105 5069 2190 5126 14.
2211 5070 2370 5126 Nunc
2388 5078 2604 5127 tantum
2634 5069 3104 5146 addo,jdiversum
3124 5069 3195 5128 ab
3223 5070 3329 5124 hoc
3354 5069 3534 5127 videri

1952 5161 2238 5232 Cyrillum,
2278 5159 2366 5215 cui
2400 5160 2768 5232 Hieronymus
2817 5157 2941 5214 ﬁdei
2991 5173 3103 5213 sua:
3131 5156 3531 5213 confessionem

1953 5253 2250 5309 tradidisse
2274 5253 2467 5308 scribit
2492 5253 2724 5324 epistola
2751 5252 2840 5306 77.
2876 5249 3013 5306 Vide
3044 5250 3360 5310 Tillemont.
3395 5257 3528 5302 tom.

1951 5344 2084 5412 ΧΠ,
2129 5361 2184 5417 p.
2236 5345 2358 5400 624.
2414 5344 2574 5400 Fann.
2621 5375 2694 5398 —.—
2741 5341 2824 5400 Ab
2866 5341 3069 5414 Cyrillo
3121 5335 3528 5409 llierosolymit.

1955 5419 2143 5492 diti‘ert
2172 5437 2314 5492 alius
2359 5435 2606 5508 ejusdem
2637 5434 2836 5499 aetatis,
2871 5431 3116 5504 ejusdem
3155 5427 3344 5501 Cyrilli
3378 5442 3540 5484 com-~

1954 5510 2180 5602 petitor,
2213 5537 2269 5584 et
2299 5540 2424 5600 post
2456 5529 2622 5600 hujus
2674 5522 3182 5581 exauctorationem
3216 5519 3364 5577 sedis
3398 5520 3529 5577 Hic—

1955 5609 2358 5692 rosolymitana:
2428 5619 2678 5684 invasor;
2729 5616 2800 5668 ν.
2859 5613 3089 5671 Touttée
3145 5613 3286 5670 Diss.
3342 5611 3528 5686 Cyrill.

315 5776 393 5826 Ia‘
452 5771 708 5830 Enistola
777 5768 832 5832 2,
899 5765 967 5820 ad
1007 5731 1366 5822 Succensum.
1415 5760 1777 5831 ConferIqure
1808 5771 1913 5829 pro
1949 5756 2154 5826 Cyrillo
2189 5755 2451 5828 Ephraim
2495 5751 2876 5812 Antiochenus
2919 5752 3068 5824 apud
3105 5750 3360 5808 Photium
3402 5745 3529 5805 cod.

227 5858 469 5911 ccxxrx,
500 5832 555 5901 ἐι
576 5838 844 5911 Eulogius
864 5837 1018 5894 Alex.
1043 5835 1163 5889 cod.
1193 5849 1381 5890 ccxxx.

587 5939 864 5999 ΡΑτιιοι..
913 5931 1029 5993 Gn.
1073 5926 1334 5991 LXVIII.

3102 5907 3137 5950 ο

3101 5950 3138 5968 α
