4024 6220
385 332 456 388 b3

1616 330 1898 387 ΝΟἸῚΤΙΑ
1937 333 1966 388 Ε

2072 332 2406 389 FABRICIO.
3580 323 3644 381 ὃὸ

385 444 615 510 laudat.,
649 459 770 515 cap.
803 445 851 510 1,
883 444 910 514 §
940 444 984 498 II
1008 485 1022 508 ,
1061 459 1112 513 p.
1166 460 1202 508 ι,
1241 442 1514 513 imprimis
1547 459 1667 515 cap.
1703 445 1757 511 8,
1791 461 1846 499 ιι.
1877 444 1965 509 48,
1999 449 2042 506 Α
2069 445 2188 501 Cat.
2242 445 2392 498 codd.
2425 443 2516 501 Cr.
2561 444 2748 506 Lauta,
2783 444 2824 506 I,
2858 459 2911 513 p.
2945 443 3068 505 505,
3101 451 3157 495 et
3185 438 3553 495 Montfaucon.
3587 441 3644 493 in

382 550 504 606 pag.
547 550 708 588 ιιι-ιιι
736 549 854 605 sqq.
892 533 1056 588 11Αιιι..

451 625 691 697 Cyrillus
705 625 1078 697 jurisperitus,
1103 639 1266 694 quem
1290 623 1434 678 inter
1449 623 1768 680 scholiastas
1788 627 1966 679 Βασι-

382 717 571 770 .1ικῶν
595 715 914 771 memorabo
949 713 1114 780 infra,
1154 715 1296 768 libro
1326 731 1398 768 vt.

449 809 708 881 Cyrillus,
748 809 914 862 laurze
951 807 1012 866 S.
1057 807 1212 863 Sabze
1245 807 1554 880 presbyter,
1615 807 1710 877 qui
1747 808 1968 879 scripsit

385 901 700 954 Eni-omium
745 897 804 954 S.
854 899 1124 969 Theognii,
1161 911 1356 954 asceta:
1385 909 1441 955 et
1483 899 1726 970 episcopi
1775 901 1960 972 Cypri.

386 991 584 1060 Incipit
610 1009 622 1044 :
656 991 909 1058 Θεόγνιος
931 993 960 1044 ὀ
989 991 1366 1061 πανεύφημος.

449 1081 710 1154 [Cyrillus
753 1081 1025 1145 Lesbius,
1073 1082 1385 1152 patriarcha
1435 1080 1744 1145 CPolitan.,
1799 1097 1963 1152 quem

379 1174 463 1228 sui
495 1173 758 1244 requalem
785 1173 1433 1245 Demetrius'ProCOpius
1454 1173 1530 1227 De
1561 1174 1781 1228 eruditis
1814 1174 1962 1231 Cra:-

379 1267 472 1330 eis,
501 1266 684 1320 virum
719 1264 1102 1320 doctissimum
1143 1273 1200 1320 et
1233 1265 1505 1336 imprimis
1551 1265 1704 1336 pium
1754 1264 1962 1320 laudat.

381 1360 442 1414 V.
481 1359 694 1414 Fabric.
729 1357 838 1413 vol.
863 1351 957 1423 XI,
987 1373 1110 1429 pag.
1134 1357 1257 1422 790,
1299 1357 1536 1428 §LXIV.
1571 1356 1764 1428 Hane]

445 1450 686 1523 Cyrillus
761 1449 1030 1513 Lucaris,
1097 1463 1162 1502 ex
1215 1447 1588 1503 Alexandrino
1653 1446 1962 1518 patriarcha

377 1539 1042 1611 Constantinopolitanus,
1093 1539 1465 1610 strangulatus
1497 1554 1642 1592 anno
1691 1537 1862 1602 1658;
1895 1536 1962 1591 de

379 1651 488 1706 quo
509 1635 766 1691 consules
789 1633 992 1687 librum
1023 1649 1036 1685 :
1072 1630 1294 1700 Défense
1320 1630 1382 1682 de
1417 1627 1468 1682 la
1500 1629 1792 1700 perpétaité
1816 1629 1878 1681 de
1910 1627 1963 1682 la

377 1722 472 1794 foi,
497 1723 670 1780 Paris.
701 1719 970 1784 1709,12,
1003 1728 1058 1774 et
1080 1719 1366 1773 Mcmorias
1393 1718 1684 1772 litterarias
1708 1718 1750 1772 Τ
1751 1717 1963 1772 reoolti-

378 1789 475 1869 'm
507 1811 926 1882 anni1710,p.
971 1810 1075 1866 626
1116 1825 1230 1880 seq.
1285 1809 1392 1865 Sed
1439 1818 1496 1864 ct
1540 1810 1960 1880 IIottingerum,
1998 1789 2038 1844 Β

377 1903 572 1958 Thom.
593 1901 869 1958 Smithum
887 1899 1157 1970 aliosque,
1177 1900 1373 1954 citatos
1389 1915 1418 1954 a
1444 1915 1531 1955 me
1559 1899 1656 1954 lib.
1676 1916 1728 1964 v,
1760 1914 1878 1970 cap.
1903 1900 1956 1961 5,

375 2011 430 2065 p.
453 1993 556 2049 749
571 1992 785 2065 [primat
796 1992 930 2047 edit.
950 1992 1059 2046 vol.
1078 1991 1190 2062 Vl).
1209 1991 1503 2046 Fam—In
1522 1991 1656 2045 bibl.
1679 1990 1961 2044 Leidensis

375 2087 572 2151 Catai.,
595 2101 652 2156 p.
681 2084 806 2146 526,
838 2099 895 2138 ιι.
919 2082 1009 2143 26,
1027 2082 1172 2136 inter
1192 2081 1354 2136 codd.
1381 2092 1759 2136 memorantur
1772 2080 1958 2153 Cyrilli

376 2176 702 2249 patriarcha:
726 2189 850 2244 cpp.
878 2173 1016 2237 XIV,
1049 2173 1115 2227 ad
1147 2171 1338 2227 David.
1375 2171 1444 2226 de
1491 2171 1731 2226 Willem.
1761 2201 1829 2210 -—
1852 2171 1958 2225 Co-

376 2269 465 2338 pia
491 2268 853 2338 cpistolarum
881 2264 1093 2336 Cyrilli,
1131 2264 1458 2334 patriarchae
1485 2263 1670 2326 CPol.,
1707 2261 1774 2316 ad
1798 2277 1959 2316 sena-

378 2370 548 2422 tores,
579 2359 854 2422 doctores,
905 2355 1208 2418 ministros,
1249 2339 1384 2420 etc.,
1417 2354 1802 2419 Genevcnses;
1831 2353 1959 2408 item

375 2450 441 2503 a.l
471 2449 760 2505 Diodatum
781 2456 836 2503 et
866 2446 993 2502 Ant.
1026 2445 1237 2517 Legcr;
1282 2444 1573 2500 Confessio
1597 2442 1960 2514 fideipropria

375 2542 562 2612 (ξιξ-1111
598 2556 762 2596 manu
790 2538 1124 2608 conscripta,
1159 2552 1350 2592 mense
1375 2535 1599 2591 Januar.
1627 2551 1677 2590 a.
1707 2536 1863 2590 1651.
1893 2565 1961 2574 -—

377 2635 504 2704 Pag.
539 2633 664 2696 542,
699 2649 755 2686 ιι.
790 2633 878 2697 67,
910 2629 1222 2685 Graecorum
1261 2628 1555 2694 confessio,
1593 2645 1624 2682 a
1662 2628 1866 2700 Cyrillo
1905 2627 1960 2682 in

383 2723 636 2792 margine
666 2722 869 2792 passim
892 2720 1201 2775 emendata.
1225 2751 1296 2760 -—
1317 2719 1377 2774 In
1409 2719 1528 2776 Cat.
1553 2720 1702 2774 codd.
1731 2718 1958 2790 Angliaz,

375 2824 506 2878 etc.,
549 2823 682 2868 tom.
724 2813 790 2876 Il,
841 2829 897 2883 p.
936 2812 1026 2877 57,
1063 2828 1119 2865 ιι.
1167 2811 1322 2875 1505,
1369 2810 1515 2865 inter
1549 2810 1710 2864 codd.
1743 2809 1962 2865 comitis

378 2904 646 2975 Dcnbigh.
703 2903 948 2958 Rolation
1000 2904 1062 2972 of
1095 2904 1182 2957 the
1249 2903 1504 2974 practices
1549 2901 1611 2972 of
1649 2904 1732 2955 the
1765 2899 1960 2955 Jesnits

379 2999 588 3069 against
623 2994 876 3066 Cyrillus,
908 2997 1179 3066 patriarch
1209 2995 1270 3064 of
1290 2993 1449 3058 CPle,
1472 2993 1580 3047 and
1607 2993 1692 3046 the
1716 3008 1874 3046 cause
1907 2993 1968 3062 of

379 3087 512 3140 their
543 3084 893 3140 banishntent.
927 3085 1095 3140 ΙΙΑιιι..

444 3176 684 3248 Cyrillus
711 3175 934 3249 Martyr,
959 3175 1310 3232 Cretensium
1334 3176 1653 3247 episcopus,
1686 3177 1848 3247 cujus
1881 3175 1966 3230 Vi-

383 3281 519 3335 tam,
546 3271 616 3325 ab
639 3271 924 3341 Anonymo
939 3269 1188 3323 Cretensi
1220 3268 1500 3338 scriptam,
1519 3267 1714 3322 habuit
1736 3267 1967 3322 Allatius

383 3361 485 3417 hoc
529 3362 724 3418 initio:
766 3361 854 3424 Ὠς
900 3359 967 3414 ἂν
1000 3359 1075 3430 μὴ
1109 3361 1202 3413 τὸν
1233 3360 1390 3429 λόγον
1438 3360 1784 3432 ἀνάρμοστον
1830 3357 1968 3429 πρὸς

385 3451 482 3506 τὴν
515 3451 768 3522 διήγησιν
801 3449 1079 3520 ἐσόμενον.
1113 3447 1201 3520 [γ.
1233 3450 1344 3504 vol.
1384 3449 1477 3513 IX,
1513 3465 1570 3520 p.
1610 3449 1680 3502 70
1706 3456 1819 3503 vet.
1849 3447 1966 3518 ed.)

453 3539 709 3612 [Cyrillus
727 3538 970 3596 Medicus
991 3539 1075 3609 (V.
1093 3541 1198 3594 vol.
1224 3538 1365 3604 XIII,
1393 3555 1450 3610 p.
1475 3540 1618 3609 154).
1652 3539 1825 3600 Alius,
1854 3555 1969 3593 tne-

384 3633 639 3703 tropolita
677 3632 948 3697 Nicrenus,
1005 3647 1054 3686 a.
1103 3631 1256 3686 1675.
1311 3630 1375 3684 V.
1427 3631 1535 3684 vol.
1587 3629 1723 3694 VIII,
1775 3646 1824 3700 p.
1875 3629 1963 3683 9|.

383 3722 576 3795 Hann]

454 3837 732 3909 [Cyrillus,
767 3836 1060 3907 cpiscopus
1101 3835 1409 3890 Satalorum
1443 3835 1528 3888 vel
1572 3849 1740 3904 prope
1787 3833 1968 3890 Satala

384 3933 438 3985 in
488 3928 773 3992 Armenia,
830 3929 988 3999 cujus
1033 3927 1285 3982 meminit
1341 3925 1576 3980 Basilius
1628 3927 1786 3996 epist.
1835 3926 1964 3991 187,

383 4039 438 4094 p.
480 4021 603 4086 202,
639 4031 696 4076 et
732 4021 916 4075 forsan
949 4019 1113 4074 etiam
1155 4018 1318 4089 epist.
1355 4018 1444 4081 58,
1488 4033 1542 4087 p.
1575 4015 1662 4072 86.
1702 4017 1862 4071 Plura
1899 4017 1967 4072 de

383 4128 450 4166 eo
495 4111 792 4181 disputavit
835 4110 1065 4165 Touttée
1122 4110 1176 4163 in
1211 4109 1394 4164 diss.t
1440 4107 1733 4179 Cyrilliana
1779 4107 1964 4174 citata,

383 4220 438 4272 p.
487 4219 502 4256 ι
533 4209 590 4254 et
616 4217 674 4264 ιι,
703 4199 798 4254 ubi
838 4215 1056 4269 quoque
1088 4199 1326 4270 Cyrillus
1356 4198 1702 4265 Cortinensis,
1739 4208 1796 4254 et
1827 4199 1970 4254 alius

387 4293 610 4344 inceer
645 4289 700 4342 in
729 4287 904 4360 Syria,
936 4297 996 4342 ut
1027 4287 1264 4352 videtur,
1295 4287 1442 4343 sedis
1471 4289 1760 4358 episcopus
1787 4305 1836 4342 a.
1865 4289 1968 4342 579

384 4385 468 4438 vel
500 4381 604 4437 580
632 4381 1009 4438 nominantur.
1042 4380 1240 4452 II.\BL.]

2068 535 2354 601 Analectis,
2413 550 2486 604 p.'
2531 535 2618 600 67,
2673 543 2836 604 atque
2892 535 2947 588 in
3000 533 3184 586 Diario
3232 530 3384 596 μαι..
3443 546 3498 599 p.
3553 531 3641 584 52.

2070 625 2394 786 Ηλὲξίέιιιυε,
2426 714 2778 770 Trevirorum
2819 716 3109 785 episcopus
3133 716 3280 769 circa
3323 713 3387 768 A.
3427 711 3488 766 C.
3521 711 3645 775 458,

2067 802 2134 857 de
2163 819 2274 874 quo
2305 805 2436 859 Acta
2471 804 2715 860 Sanctor.
2751 807 2817 861 19
2847 805 2990 872 Maii,
3024 815 3064 860 t.
3095 805 3184 868 ιν,
3217 821 3272 874 p.
3309 803 3432 856 551.

2105 956 2208 1016 III.
2253 954 2482 1033 Cyrilli
2513 973 2765 1036 operum
2796 953 2974 1017 codd.
3007 973 3149 1015 mss.
3189 962 3243 1014 ct
3279 951 3604 1014 editiones.

2141 1097 2225 1171 [V.
2258 1099 2544 1154 Fabricius
2570 1099 2646 1154 De
2669 1101 2914 1172 scriptor.
2956 1099 3019 1154 de
3055 1099 3206 1154 verit.
3243 1097 3392 1169 relig.
3427 1095 3647 1162 Christ.,

2066 1205 2185 1262 cap.
2213 1191 2268 1255 2,
2301 1190 2328 1262 §
2356 1191 2545 1256 XXVI,
2576 1208 2632 1262 p.
2669 1191 2788 1246 104.
2824 1190 3025 1263 [leum]
3110 1215 3118 1223 -

2138 1280 2404 1352 [Primum
2449 1282 2747 1337 nonnullos
2801 1280 2963 1334 codd.
3025 1282 3280 1352 (quorum
3325 1292 3518 1348 magna
3565 1276 3648 1332 vis

2064 1350 2190 1443 est)
2225 1371 2414 1443 Cyrilli
2459 1370 2614 1426 Alex.
2667 1371 3013 1436 memorabo;
3063 1350 3314 1425 notitiam
3345 1369 3645 1424 inultorum

2065 1464 2295 1518 aliorum
2328 1463 2444 1518 suis
2475 1463 2613 1519 locis
2645 1464 2903 1518 inseram.

2136 1553 2448 1609 Secundum
2483 1554 2721 1610 Mattltmi
2762 1554 2926 1609 Notit.
2975 1554 3126 1609 codd.
3169 1553 3262 1610 Cr.
3323 1553 3644 1622 Hosquens.,

2067 1661 2118 1715 p.
2147 1645 2209 1699 21
2245 1655 2302 1700 et
2327 1645 2416 1709 22,
2449 1645 2502 1699 in
2529 1646 2650 1700 eod.
2688 1646 2828 1712 XIII,
2863 1646 3164 1716 fragmenta
3206 1646 3542 1716 plura-up.
3577 1646 3647 1700 28

2066 1753 2172 1807 sq.,
2209 1736 2263 1791 in
2297 1735 2420 1791 cod.
2452 1736 2597 1801 XIX,
2627 1736 2682 1791 in
2721 1746 2912 1792 catena
2952 1739 3174 1792 Patrum
3215 1737 3270 1791 in
3311 1737 3549 1792 Gcncsin
3593 1749 3651 1792 ct

2065 1827 2334 1882 Exodum.
2355 1859 2426 1867 —
2445 1828 2506 1882 P.
2531 1829 2601 1884 55
2625 1837 2681 1883 et
2707 1829 2796 1892 56,
2823 1829 2880 1883 in
2903 1829 3025 1884 cod.
3055 1829 3220 1884 XXIV
3249 1845 3296 1884 s.
3326 1838 3521 1884 catena
3547 1830 3647 1884 Pa-

2066 1930 2210 1975 trum
2255 1920 2310 1974 in
2360 1920 2577 1986 Isaiam,
2605 1930 2745 1990 etp.
2779 1920 2868 1985 56,
2901 1920 2955 1974 in
2983 1920 3107 1976 cod.
3150 1920 3290 1975 XXV
3334 1935 3380 1974 s.
3433 1920 3652 1976 diversa

2063 2025 2093 2064 ιι
2113 2011 2393 2081 superiore
2417 2021 2608 2066 catena
2639 2011 2694 2065 in
2722 2011 2936 2066 Isaiam.

2130 2103 2190 2156 In
2219 2103 2354 2157 bibl.
2386 2103 2753 2158 Escorialensi
2785 2103 2953 2173 regia,
2985 2096 3122 2157 teste
3154 2102 3354 2157 Piuero
3379 2103 3436 2158 in
3477 2102 3648 2156 Itine-

2063 2196 2207 2248 rario
2233 2211 2327 2266 per
2353 2195 2602 2268 Hispan.,
2640 2211 2694 2265 p.
2736 2194 2838 2249 165
2862 2211 2946 2265 sq.
2983 2193 3132 2266 (coll.
3173 2193 3470 2248 Montfauc.
3504 2192 3645 2249 Bibl.

2062 2285 2184 2339 bibl.
2215 2303 2367 2353 mss.,
2402 2285 2444 2350 I,
2475 2302 2531 2356 p.
2563 2284 2668 2340 618
2693 2283 2825 2356 sq.),
2855 2295 2986 2340 sunt
3021 2281 3174 2338 varia
3217 2283 3497 2352 multaque
3539 2280 3648 2355 Cy-

2065 2375 2169 2428 rilli
2193 2373 2330 2445 Opp.
2358 2374 2472 2428 Iloc
2495 2374 2618 2428 loco
2636 2381 2846 2428 tantum
2869 2371 3162 2426 memorari
3190 2370 3352 2424 liceat
3381 2411 3394 2422 .
3420 2369 3464 2422 I.
3490 2368 3648 2422 Lexi-

2063 2487 2157 2524 (οη
2190 2469 2518 2541 particulare
2539 2485 2604 2524 ea:
2638 2467 2827 2540 Cyrilli
2859 2465 2994 2538 Opp.
3022 2483 3140 2520 cum
3181 2464 3488 2519 dictionibus
3513 2465 3649 2518 divi-

2065 2580 2146 2618 nec
2193 2562 2485 2634 Seriptnrte
2530 2578 2623 2633 per
2653 2561 2850 2616 Anton.
2891 2559 3282 2630 philosophum;
3313 2555 3367 2610 2.
3403 2555 3652 2610 Collectio

2063 2653 2350 2707 dictionum
2375 2667 2438 2706 ea:
2469 2653 2631 2706 variis
2672 2649 2818 2704 libris
2845 2648 2902 2705 V.
2935 2667 2998 2703 ac
3024 2647 3092 2702 Ν.
3135 2647 3266 2702 Tesl.
3304 2663 3398 2701 nec
3422 2663 3524 2700 non
3557 2663 3650 2701 ex-
3727 2656 3738 2667 ’

2065 2755 2228 2800 ternm
2274 2745 2580 2814 srriptnrw;
2633 2742 2686 2796 5.
2731 2739 2882 2806 Quod
2931 2757 3035 2794 non
3092 2745 3332 2810 Oporteat
3379 2738 3651 2808 deﬁnitam

2063 2836 2220 2905 ﬁdem
2267 2853 2296 2889 a
2344 2833 2443 2890 SS.
2494 2833 2604 2888 PP.
2659 2835 2715 2887 in
2771 2832 2988 2887 Nicwna
3033 2831 3232 2904 synodo
3298 2847 3650 2897 commovere;

2064 2929 2117 2983 4.
2135 2927 2322 3000 Cyrilli
2349 2925 2454 2996 (vel
2473 2926 2610 2980 forte
2632 2921 2880 2995 alterius)
2898 2924 2950 2976 in
2970 2921 3212 2986 Cenesin,
3234 2922 3405 2977 oeIDe
3423 2923 3650 2978 historiis

2066 3021 2252 3073 veteris
2293 3017 2584 3089 Scriptura:
2619 3034 2739 3072 cum
2763 3015 2974 3087 synopsi
3009 3014 3326 3086 particulari
3351 3014 3414 3068 de
3451 3015 3649 3069 theolo-

1989 3109 2152 3189 C,gia
2184 3117 2234 3162 et
2265 3108 2328 3162 de
2362 3107 2580 3162 historia
2617 3108 2813 3171 veteri;
2859 3107 2912 3161 5.
2945 3122 3010 3160 ex
3045 3105 3207 3170 libro,
3258 3107 3416 3177 cujus
3453 3107 3650 3162 inscri-

2069 3199 2186 3269 ptio
2219 3209 2303 3254 est
2335 3217 2346 3252 :
2391 3198 2782 3253 Demonstratio
2813 3215 2906 3268 per
2937 3214 3000 3252 ea
3046 3195 3164 3268 qua:
3189 3199 3478 3269 antiquitus
3507 3199 3650 3269 facta

2066 3302 2210 3356 sunt,
2247 3293 2422 3346 divina
2452 3290 2669 3346 oracula
2716 3288 2812 3370 88.
2864 3292 3088 3356 vatibus,
3125 3293 3476 3363 patriarchis,
3506 3301 3650 3356 etc.;

2067 3383 2123 3436 6.
2147 3381 2220 3435 De
2242 3382 2552 3436 adoratione
2577 3389 2626 3433 et
2657 3379 2799 3433 calta
2824 3380 2876 3433 in
2899 3378 3100 3451 Spiritu
3132 3391 3314 3436 sancto
3349 3391 3397 3435 et
3435 3381 3655 3437 veritate

2069 3475 2140 3528 ad
2193 3471 2504 3527 Palladium
2552 3471 2672 3526 libri
2714 3471 2878 3537 XVII,
2931 3489 3024 3543 per
3067 3472 3264 3544 dialogi
3315 3473 3546 3538 modum,
3603 3482 3653 3527 et

2070 3565 2426 3636 apologaticus
2453 3580 2550 3635 pro
2585 3563 2686 3618 XII
2716 3581 2896 3635 capp.;
2925 3566 2976 3618 7.
3013 3563 3078 3619 In
3113 3567 3413 3619 ascensione
3441 3565 3654 3621 Domini

2068 3668 2116 3712 et
2147 3659 2210 3712 de
2241 3659 2454 3729 mystico
2496 3655 2721 3728 prandio
2759 3673 2821 3710 ac
2855 3655 3108 3723 lavacro;
3143 3657 3194 3711 8.
3230 3657 3558 3714 Acclamatio
3585 3661 3654 3714 ad

2068 3749 2252 3818 imper.
2292 3747 2654 3811 Theodosium,
2705 3755 2755 3799 et
2803 3763 2866 3801 ea:
2913 3747 3354 3819 confutationibus
3409 3751 3656 3808 adversus

2067 3835 2343 3892 Iulianum
2363 3835 2698 3907 Apostatam,
2716 3837 2966 3890 sationes
2991 3835 3054 3900 Χ,
3083 3837 3203 3891 libri
3223 3837 3278 3892 II
3293 3855 3312 3901 ;
3335 3838 3386 3892 9.
3422 3837 3652 3892 Demon-

2069 3930 2254 3983 stratio
2298 3928 2362 3982 de
2394 3929 2724 4000 processione
2763 3926 2993 3998 Spiritus
3033 3930 3239 3992 sancti;
3280 3928 3363 3980 10.
3405 3928 3654 3998 Epistula

2069 4021 2324 4075 canonica
2368 4020 2438 4075 ad
2481 4018 2761 4074 Dominum
2813 4016 3160 4087 (Domuum?)
3206 4025 3257 4070 et
3289 4019 3555 4088 episcopos
3597 4021 3653 4072 in

2070 4112 2254 4184 Libya.

2139 4203 2475 4258 Vindohona:
2511 4201 2564 4255 in
2603 4201 2736 4255 bibl.
2778 4199 3046 4265 Caesarea,
3079 4200 3406 4256 voluminib.
3439 4201 3528 4268 III,
3561 4201 3648 4266 IV,

2069 4297 2134 4360 V,
2165 4295 2232 4350 VI
2265 4303 2322 4350 et
2353 4293 2490 4358 VIII,
2534 4292 2622 4347 ed.
2659 4291 2916 4346 Lainbec.
2956 4290 3183 4356 Comm.,
3225 4293 3483 4362 permulti
3532 4309 3642 4349 ser-

2068 4393 2269 4441 vantur
2297 4383 2456 4438 codd.
2498 4383 2552 4438 in
2592 4383 2796 4453 quibus
2841 4392 2970 4436 sunt
3017 4383 3170 4437 varia
3212 4382 3400 4454 Cyrilli
3450 4384 3649 4454 scripta
3735 4445 3738 4448 η

459 4475 696 4546 Cyrillus
745 4473 1258 4544 Scythopolitanus,
1310 4470 1612 4525 monachus
1665 4469 1720 4525 S.
1776 4470 1966 4526 Laurae
1999 4473 2043 4530 D
2072 4488 2167 4534 aut
2190 4485 2468 4547 excerpta.
2493 4475 2606 4530 IIoc
2628 4476 2750 4531 loco
2772 4475 3005 4530 sulliciat
3023 4476 3386 4546 quorumdam
3415 4477 3648 4532 notitia:

387 4566 912 4636 llierosolymitanaa,
951 4563 1044 4633 qui
1089 4562 1271 4617 medio
1316 4569 1470 4616 sexto
1521 4571 1645 4632 post
1689 4561 1970 4618 Christum

386 4667 573 4710 natum
625 4656 827 4710 smcnlo
877 4653 1081 4718 ﬂoruit,
1135 4663 1192 4708 et
1251 4651 1432 4707 varias
1463 4651 1613 4707 Vitas
1655 4661 1968 4708 sanctorum

385 4749 570 4802 (ζητερο
600 4747 840 4817 scripsit,
876 4745 944 4802 de
974 4761 1084 4816 quo
1114 4745 1291 4800 dicam
1322 4744 1463 4800 infra
1502 4759 1603 4799 suo
1635 4744 1776 4799 loco.
1808 4743 1966 4798 FABR.

384 4838 630 4901 -—Infra,
657 4839 767 4892 vol.
793 4837 862 4900 X,
892 4853 945 4907 p.
981 4837 1084 4892 155
1109 4852 1192 4906 sq.
1229 4847 1342 4891 vet.
1373 4835 1621 4892 ed.—In
1650 4833 1773 4890 cod.
1805 4833 1967 4889 Arab.

387 4929 650 4983 Vaticano
685 4929 797 4982 l'ita
843 4929 1115 5000 Euthymii
1149 4938 1198 4982 et
1239 4926 1394 4984 Saba’
1421 4927 1701 4994 abbatum;
1747 4927 1804 4982 In
1844 4927 1968 4982 cod.

387 5020 483 5075 Cr.
528 5020 680 5075 CCLI
720 5021 954 5076 Vindob.
1003 5028 1087 5075 est
1115 5019 1482 5092 fragmentum
1513 5035 1582 5074 ex
1621 5019 1972 5090 Eulhymiaca

388 5113 608 5167 historia
651 5111 719 5166 de
753 5113 923 5168 rebus
967 5113 1136 5183 gestis
1178 5111 1235 5167 S.
1271 5112 1574 5183 Eulhymii,
1613 5111 1828 5167 abbatis
1869 5111 1972 5166 Pa-

388 5205 608 5267 laestini,
640 5205 844 5259 mortui
886 5206 950 5259 A.
991 5204 1050 5260 C.
1088 5204 1210 5268 I72,
1241 5219 1404 5274 quam
1432 5203 1688 5258 Lambec.
1721 5203 1777 5258 in
1815 5201 1973 5258 Coni-

392 5311 646 5364 ntentar.,
682 5300 771 5365 V.,
802 5315 856 5370 p.
904 5298 1009 5352 529
1035 5313 1179 5368 sqq.,
1209 5307 1326 5352 not.
1364 5297 1418 5360 1,
1448 5296 1815 5366 conscriptam
1850 5311 1972 5352 esse

391 5391 622 5458 putabat
650 5406 680 5445 a
709 5389 914 5464 Cyrillo
943 5388 1243 5455 monacho;
1270 5396 1326 5442 at
1351 5386 1609 5442 refutavit
1637 5388 1784 5442 illam
1811 5388 1974 5444 Lam-

395 5479 535 5534 bccii
570 5481 884 5551 opinionem
917 5488 975 5535 et
1005 5477 1278 5534 Kollarius
1313 5476 1366 5531 in
1402 5485 1516 5532 not.
1551 5476 1611 5530 Β.
1643 5477 1710 5530 ad
1740 5475 1973 5532 Lambe-

393 5571 463 5626 cii
503 5573 608 5625 loc.
641 5574 759 5638 cit.,
793 5583 958 5643 atque
989 5570 1054 5626 ad
1095 5571 1204 5626 vol.
1230 5570 1370 5634 VIII,
1414 5584 1468 5640 p.
1506 5567 1609 5623 565
1636 5583 1742 5638 sq.,
1776 5567 1868 5622 ubi
1913 5583 1976 5624 ac

393 5682 448 5736 p.
478 5666 582 5721 615
615 5680 733 5736 sqq.
768 5666 1032 5722 ‘Lambec.
1070 5679 1225 5721 suam
1273 5662 1496 5735 repetiit
1540 5662 1888 5726 sententiam,
1921 5675 1976 5718 et

395 5757 678 5815 Fabricius
719 5757 824 5814 vol.
865 5757 932 5825 X,
975 5773 1029 5827 p.
1074 5757 1175 5838 156
1218 5772 1323 5828 sq.,
1356 5771 1412 5812 ιι.
1457 5756 1508 5812 4.
1553 5755 1690 5812 Add.
1743 5755 1971 5812 Bandin.

2073 4568 2198 4623 cod.
2235 4568 2415 4630 LVIII,
2449 4584 2505 4622 ιι.
2543 4568 2600 4634 2,
2629 4567 2740 4622 vol.
2783 4567 2872 4630 III,
2913 4584 2968 4638 p.
3001 4567 3106 4622 255
3137 4585 3218 4639 sq.
3261 4569 3490 4635 Kollar.,
3519 4567 3652 4625 Sen-

2076 4661 2252 4716 tentia:
2299 4659 2490 4730 Cyrilli
2533 4660 2686 4714 Alex.
2720 4669 2769 4712 et
2807 4659 3034 4714 aliorum
3076 4661 3138 4714 de
3184 4678 3305 4715 vero
3346 4660 3516 4716 Deum
3555 4663 3653 4718 ad-

2075 4750 2264 4805 orandi
2285 4751 2437 4804 modo
2457 4751 2509 4803 in
2531 4752 2721 4821 spiritu
2751 4759 2799 4804 et
2830 4751 3206 4807 veritate—In
3228 4753 3338 4808 vol.
3361 4753 3449 4819 IV,
3477 4770 3533 4824 p.
3552 4755 3656 4810 255

2067 4853 2218 4912 'sqq.,
2254 4842 2378 4897 cod.
2431 4841 2661 4907 CXLVI,
2710 4859 2766 4897 ιι.
2817 4843 2873 4908 2,
2925 4844 3010 4909 15,
3043 4845 3106 4898 21
3158 4855 3214 4900 et
3260 4845 3349 4910 55,
3400 4856 3656 4917 excerpta

2075 4935 2233 5004 plura
2260 4949 2325 4988 ex
2353 4931 2543 5005 Cyrilli
2589 4933 3040 5004 Expositionibus
3083 4935 3138 4989 in
3168 4936 3232 4989 V.
3285 4935 3520 4991 'I‘.—N.
3569 4937 3657 5000 17,

2074 5025 2199 5098 Cyr.
2231 5021 2382 5079 Orat.
2429 5025 2482 5078 in
2520 5023 2711 5095 festum
2751 5023 3327 5092 Pnriﬁcationis.-—-I’.
3364 5027 3486 5091 565,
3524 5039 3654 5090 etc.,

2074 5115 2378 5188 fragmenta
2429 5113 2482 5168 in
2531 5114 2692 5170 codd.
2745 5113 2974 5178 CLXIV,
3008 5132 3062 5169 ιι.
3095 5116 3157 5172 6.
3207 5114 3448 5180 CLXVI,
3482 5133 3538 5169 ιι.
3590 5117 3654 5178 1,

2075 5205 2304 5263 CLXVII
2344 5216 2401 5262 et
2438 5205 2726 5268 CLXVIII;
2760 5206 3136 5270 CLXXXVIII,
3168 5225 3221 5262 ιι.
3253 5208 3342 5272 22,
3369 5218 3426 5263 et
3467 5207 3520 5262 in
3551 5207 3656 5262 hoc

2076 5315 2295 5373 quoque
2327 5299 2472 5365 cod.,
2507 5316 2566 5354 ιι.
2602 5300 2687 5365 12,
2722 5299 2910 5372 Cyritli
2947 5309 2996 5355 et
3035 5300 3092 5356 S.
3127 5302 3400 5356 Anastasii
3437 5299 3656 5355 Sinaita'

2077 5391 2328 5464 expositio
2378 5393 2775 5463 compendiaria
2811 5393 3113 5448 orthodoxa:
3155 5392 3301 5460 ﬁdei,
3341 5392 3410 5448 de
3456 5409 3562 5462 qua
3589 5393 3652 5448 V.

2077 5482 2242 5552 paulo
2269 5480 2426 5554 post,
2468 5480 2494 5552 §
2525 5481 2614 5536 IX.
2638 5513 2708 5521 —
2746 5483 2805 5536 In
2833 5482 2942 5535 vol.
2972 5483 3013 5535 V
3040 5482 3188 5536 varia
3229 5499 3421 5552 opusc.
3463 5483 3655 5554 impri-

2078 5573 2182 5628 mis
2213 5583 2472 5644 excerpta
2509 5581 2564 5628 ct
2591 5571 2842 5643 fragmm.
2879 5571 2933 5626 in
2968 5571 3090 5625 cod.
3125 5571 3396 5636 CCXLlV,
3431 5589 3488 5628 ιι.
3519 5573 3658 5627 4.-
3771 5631 3775 5634 _

2077 5665 2134 5719 In
2170 5665 2293 5718 cod.
2329 5663 2604 5728 CCXLVI,
2659 5680 2714 5718 ιι.
2769 5664 2856 5727 1-1,
2891 5679 2957 5718 cx
3007 5663 3150 5718 libro
3199 5680 3233 5717 ιι
3274 5665 3348 5718 De
3395 5664 3654 5732 sacri/icio

2079 5756 2389 5827 agni—In
2431 5756 2553 5813 cod.
2604 5753 2897 5826 CCXLVII,
2933 5771 2989 5812 ιι.
3035 5755 3122 5828 50,
3155 5765 3211 5814 et
3250 5757 3373 5814 cod.
3412 5753 3652 5823 XXXIII,
3767 5841 3780 5852 .
