4024 6220
314 351 396 408 35
1572 341 1852 397 NOTITIA
1889 341 1985 398 ex
2025 342 2360 400 FABRICIO.
3529 360 3594 408 ιιι

316 481 391 532 n.
419 465 478 529 4,
506 463 570 517 in
599 460 714 516 vol.
757 459 892 523 VIII,
938 457 1240 528 Disputatio
1275 474 1396 513 cum
1435 457 1706 524 Nestorio;
1747 475 1914 529 quam
1945 472 1990 527 Α
2019 457 2194 514 tertia:
2227 457 2441 530 synodi,
2491 459 2584 513 Gr.
2608 459 2748 514 —-In
2781 468 2910 515 tom.
2958 462 3024 528 ll,
3059 480 3115 518 ιι.
3150 463 3239 530 56,
3275 480 3361 535 ep.
3411 476 3593 522 contra

317 556 532 614 Kollar.
563 551 632 608 ad
663 551 770 606 vol.
805 551 872 614 V,
903 565 958 620 p.
991 549 1117 615 269,
1142 563 1266 605 esse
1291 549 1362 604 ab
1386 550 1496 605 alio
1533 549 1730 605 factam
1760 561 1916 621 putat

311 663 394 703 ex
438 645 632 718 Cyrilli
681 641 1214 698 Antirrhetico.-In
1257 640 1382 696 cod.
1424 639 1744 706 CCXLVIII,
1777 657 1833 696 ιι.
1881 641 1916 697 5

319 739 562 810 (spuria.
590 735 652 791 γ.
687 733 914 796 Kollar.,
937 747 994 802 p.
1015 729 1143 796 287,
1177 731 1316 802 not.)
1345 731 1553 804 Disput.
1575 749 1694 787 cum
1715 733 1915 788 Judazis

309 829 388 882 de
425 826 738 881 adoratione
768 831 974 877 sant-ta:
1007 823 1177 876 crucis
1209 831 1260 876 et
1281 837 1564 877 sacrarum
1596 824 1911 894 imaginum.

313 919 472 973 —ln
499 916 626 972 cod.
673 914 824 978 CCL,
861 929 918 967 ιι.
955 912 1042 978 10,
1072 927 1141 968 ex
1175 913 1402 985 Dialogo
1435 915 1507 968 ad
1541 914 1813 986 Hermiam
1849 915 1916 970 de

311 1007 766 1066 eonsnbstantiali
789 1006 1068 1072 Trinitate,
1087 1006 1282 1078 fragm.
1309 1007 1511 1062 Kollar.
1533 1023 1590 1078 p.
1639 1007 1913 1063 514.-1ιι

311 1104 446 1159 cod.
478 1099 856 1164 CCLXXXIII,
893 1114 952 1152 ιι.
985 1097 1042 1163 2,
1072 1114 1126 1168 p.
1153 1099 1277 1164 474,
1309 1097 1523 1154 Comm.
1559 1109 1818 1169 excerpta
1845 1113 1914 1154 ex

307 1197 509 1271 Cyrilli
543 1193 840 1267 Opp—In
883 1193 992 1248 vol.
1045 1193 1129 1257 Vl,
1165 1202 1309 1262 part.
1353 1209 1395 1260 ι,
1441 1209 1498 1264 p.
1523 1192 1612 1258 97,
1657 1192 1782 1247 cod.
1816 1192 1909 1260 XI,

313 1306 374 1344 ιι.
431 1289 521 1353 16,
567 1287 766 1358 fragm.
818 1301 888 1341 ex
933 1284 1126 1356 Cyrilli
1170 1284 1312 1355 Opp:
1354 1285 1423 1338 de
1471 1295 1705 1356 tempore
1741 1302 1912 1340 sacra:

309 1394 478 1433 tunc
505 1377 881 1446 (Παξῶν-ρ.
919 1375 1022 1430 150
1054 1390 1138 1446 sq.
1173 1375 1228 1430 in
1255 1377 1382 1432 cod.
1412 1376 1600 1442 XVIII,
1633 1395 1689 1434 ιι.
1727 1379 1761 1434 4
1792 1377 1908 1452 (ubi

316 1470 382 1524 ν.
436 1479 555 1524 not.
585 1467 817 1538 Kollar.)
867 1466 1174 1537 fragmenta
1223 1469 1490 1522 canonica
1531 1485 1600 1524 ex
1639 1471 1793 1540 epist.
1843 1472 1912 1525 ad

313 1560 584 1614 Domuum
596 1569 654 1614 et
676 1575 763 1630 ep.
783 1559 854 1612 ad
870 1559 1134 1628 episcopos
1157 1558 1331 1630 Libya:
1345 1567 1396 1612 et
1411 1557 1784 1631 Pentapoleos,
1801 1569 1907 1617 etc.

317 1651 493 1724 (conf.
525 1649 804 1706 Theodori
833 1649 1174 1705 Balsamonis
1203 1649 1342 1720 Opp.
1372 1649 1467 1706 Gr.
1507 1660 1565 1706 et
1595 1651 1711 1706 Lat.
1735 1653 1908 1708 Paris.

321 1745 500 1810 edita,
519 1761 577 1814 p.
607 1743 736 1799 1076
762 1751 818 1797 et
839 1759 896 1812 p.
919 1741 1160 1796 1080.-
1188 1741 1473 1797 Sententia:
1487 1740 1682 1814 Cyrilli
1705 1751 1754 1798 et
1778 1743 1914 1799 alio-

2017 553 2421 620 Theodoretum;
2451 570 2508 606 ιι.
2545 552 2668 619 980,
2703 554 2758 608 in
2796 554 2920 610 cod.
2954 555 3382 613 Sarisburiensis
3415 559 3594 614 eccle—

2015 644 2131 710 sias,
2165 644 2243 699 De
2274 647 2608 716 processione
2624 645 2856 718 Spiritus
2881 650 3071 704 sancti.
3106 649 3255 705 —N.
3285 649 3426 706 5455
3457 651 3594 707 bibl.

2014 737 2282 802 Norfolc.,
2325 735 2450 809 Cyr.
2496 738 2566 792 ad
2608 737 2943 807 Nestorium;
2973 756 3029 793 ιι.
3080 739 3219 794 5959
3267 741 3402 796 bibl.
3439 742 3593 809 Cale,

2013 830 2288 886 Anastasii
2318 840 2366 885 et
2395 830 2583 903 Cyrilli
2615 831 2886 903 Expositio
2914 833 3081 886 brevis
3100 831 3230 902 ﬁdei
3261 831 3593 890 Christianm

2081 921 2330 988 ‘Dublini,
2361 939 2416 977 ιι.
2435 923 2566 988 726,
2601 923 2898 1000 Ea'plicatio
2925 923 3112 996 Cyrilli
3137 941 3299 996 super
3327 926 3600 980 circumci—

2011 1015 2158 1068 sione
2188 1012 2402 1080 Christi,
2420 1023 2554 1068 —et
2579 1014 2641 1068 de
2663 1017 2961 1086 portatione
2985 1032 3080 1087 per
3099 1015 3414 1072 Simeonem.

2085 1104 2270 1160 Leidze
2295 1105 2444 1160 inter
2463 1105 2626 1161 codd.
2653 1105 2922 1170 Vulcanii,
2955 1105 3130 1161 Catal.
3159 1106 3305 1174 bibl.,
3330 1123 3386 1178 p.
3419 1109 3522 1164 514
3540 1117 3598 1164 et

2012 1195 2139 1262 515,
2162 1197 2328 1267 plura
2368 1196 2558 1270 Cyrilli
2590 1212 2776 1268 opera,
2803 1213 2837 1252 a
2869 1197 3136 1254 Vulcania
3176 1199 3262 1254 vel
3295 1198 3594 1271 descripta.

2014 1287 2099 1342 vel
2129 1286 2324 1342 Latine
2357 1304 2538 1355 versa,
2566 1291 2652 1345 vel
2691 1289 2980 1344 illustrata.
3007 1289 3070 1344 P.
3102 1290 3232 1356 546,
3272 1307 3328 1346 ιι.
3363 1292 3454 1358 52,
3491 1292 3596 1364 Cy-

2014 1377 2126 1432 rilli
2163 1378 2406 1451 dialogus
2437 1381 2507 1435 ad
2540 1380 2862 1447 Hermarum,
2895 1380 3438 1454 philosoyhum.—P.
3469 1383 3596 1450 547,

2013 1486 2070 1524 ιι.
2114 1471 2203 1537 62,
2237 1471 2348 1527 duo
2376 1470 2677 1538 Sermones,
2711 1480 2768 1528 et
2807 1475 2880 1527 ad
2909 1473 3185 1528 Hermian:
3215 1475 3592 1546 presbyterum.

2013 1591 2084 1600 —
2118 1561 2180 1615 P.
2211 1561 2349 1626 548,
2399 1578 2455 1616 ιι.
2521 1563 2590 1617 92
2637 1564 2700 1628 Ε.
2756 1581 2930 1618 sermo
2975 1564 3188 1635 fest.—
3221 1565 3375 1620 Inter
3428 1568 3592 1622 codd.

2016 1651 2288 1718 Vossian.,
2311 1668 2366 1723 p.
2392 1653 2518 1717 581,
2543 1670 2599 1708 ιι.
2630 1655 2717 1719 54,
2746 1656 3009 1726 rescripta
3035 1656 3104 1710 ad
3131 1659 3424 1713 concilium
3451 1659 3590 1714 Afris

2014 1761 2236 1811 canum,
2269 1745 2364 1814 ubi
2401 1745 2718 1801 authentica
2747 1747 2953 1802 Nieaani
2991 1748 3209 1803 concilii
3241 1751 3498 1805 translata
3527 1744 3596 1808 dc

333 1852 478 1890 rum.
495 1837 564 1892 γ.
589 1836 786 1890 Reiser.
807 1835 929 1890 Ind.
957 1836 1106 1890 codd.
1130 1836 1380 1908 August.,
1405 1851 1460 1906 p.
1483 1835 1582 1902 9.2;
1609 1836 1709 1902 ib.,
1734 1852 1790 1908 p.
1815 1836 1904 1902 25,

2023 1833 2197 1890 Graeco
2214 1851 2318 1907 per
2339 1836 2722 1891 Innocentium
2743 1837 3148 1909 presbyterum,
3180 1850 3288 1895 etc.
3303 1841 3444 1894 —P.
3467 1841 3593 1904 401,

329 1929 635 2000 Explicatio
655 1929 918 1999 parabolae
943 1930 1069 1984 Luc.
1100 1945 1213 1984 am.

2013 1941 2070 1980 ιι.
2123 1929 2184 1993 4,
2245 1927 2434 2002 Cyrilli
2479 1928 2714 1984 coliectio
2755 1933 3140 1986 sententiarum
3191 1939 3380 1989 contra
3413 1938 3596 1989 Πνειο-

401 2019 643 2076 Venetiis
671 2021 812 2076 inter
847 2021 1010 2078 codd.
1052 2022 1162 2077 Jul.
1207 2020 1504 2078 Iustiniani
1539 2019 1727 2092 Cyrilli
1771 2022 1905 2093 Epi-

2023 2020 2409 2092 ματομάχους.

309 2113 472 2168 stole
493 2113 736 2183 festales;
767 2115 822 2169 in
851 2115 963 2170 alio
989 2114 1116 2169 eod.
1146 2114 1322 2185 ejusd.
1347 2113 1678 2180 Thesaurus;
1711 2115 1767 2169 in
1797 2115 1907 2170 alio

309 2204 550 2260 humilia:
571 2206 627 2258 in
654 2205 901 2271 Genesin,
923 2213 1062 2260 teste
1093 2204 1458 2260 Montfaucon.
1487 2204 1542 2259 in
1571 2204 1724 2258 Diar.
1753 2204 1905 2270 Ital.,

313 2311 371 2365 p.
403 2296 930 2352 434.—Bandinius
967 2297 1022 2351 in
1051 2295 1170 2352 Cat.
1203 2296 1352 2350 codd.
1395 2295 1489 2352 Gr.
1529 2295 1782 2350 Laurent.
1819 2313 1905 2351 re-

313 2389 535 2444 censuit
557 2389 718 2460 plura
742 2398 1002 2460 excerpta
1026 2405 1094 2444 ex
1114 2389 1282 2444 variis
1299 2387 1487 2461 Cyrilli
1509 2375 1646 2458 Opp.
1667 2389 1722 2442 in
1744 2389 1903 2444 codd.

311 2480 584 2536 Laurent.
606 2481 769 2536 obvia
796 2491 834 2536 t.
859 2481 900 2544 l,
927 2492 982 2552 p;
1013 2481 1101 2546 47,
1127 2497 1183 2534 ιι.
1216 2479 1386 2544 XXX,
1412 2479 1585 2534 XXXI
1609 2489 1665 2534 et
1688 2479 1904 2545 XXXII,

313 2588 378 2642 ρ.
416 2572 548 2637 tos;
581 2571 692 2638 xu,
731 2589 788 2644 p.
822 2573 954 2640 us;
999 2573 1062 2638 v,
1093 2589 1146 2642 ιι.
1185 2571 1323 2636 ιοι9;
1352 2571 1421 2637 x,
1455 2587 1509 2642 p.
1547 2573 1679 2638 415;
1715 2571 1904 2638 XXVI,

313 2679 379 2735 ιι.
409 2655 540 2729 60ος
571 2665 631 2718 in
665 2675 800 2720 tem.
843 2665 910 2729 Il,
945 2665 1069 2720 cod.
1110 2663 1202 2728 XI,
1237 2664 1264 2736 §
1297 2663 1369 2729 11,
1401 2673 1532 2718 tom.
1560 2663 1654 2729 111,
1681 2680 1738 2735 p.
1780 2664 1904 2729 521,

317 2755 440 2811 XX.
473 2757 730 2812 Citantur
766 2759 888 2812 loca
927 2767 1060 2812 tom.
1093 2757 1140 2822 .l,
1176 2757 1330 2828 p.99
1362 2764 1418 2812 et
1449 2755 1554 2811 156
1586 2756 1641 2811 in
1677 2755 1906 2827 Exposi-

313 2851 464 2902 tione
488 2866 764 2904 sacrorum
787 2859 1119 2920 pra-aptat,
1150 2864 1205 2919 p.
1235 2847 1369 2914 255;
1399 2847 1455 2902 in
1485 2845 1766 2918 Florilegio
1784 2864 1907 2901 sen-

307 2943 566 3007 tentiar.,
608 2957 664 3012 p.
697 2942 821 3005 547,
866 2957 898 2996 a
945 2942 1029 2997 Io.
1073 2939 1459 2996 Cantacutcno
1501 2948 1688 2994 contra
1734 2938 1906 2994 Pala-

311 3050 468 3088 snam
491 3049 517 3088 :
549 3050 603 3104 p.
625 3033 750 3098 558,
786 3033 842 3087 in
886 3049 1052 3103 opere
1091 3031 1346 3104 anonymi
1389 3041 1581 3086 contra
1619 3030 1904 3096 eumdem;

309 3135 378 3182 et
409 3141 468 3196 p.
496 3125 620 3189 452,
643 3125 699 3181 in
734 3125 998 3180 Thesauro
1025 3124 1230 3179 orthod.
1259 3122 1403 3192 ﬁdei.
1423 3123 1718 3196 —lntegra
1741 3120 1903 3194 Opp.,

2085 2114 2258 2170 Paris.
2293 2116 2350 2170 in
2397 2116 2532 2172 bibl.
2582 2117 2734 2188 publ.
2783 2117 2955 2174 multa
3003 2129 3364 2174 numerantur
3407 2119 3596 2192 Cynilli

2012 2205 2236 2274 scripta,
2267 2222 2438 2261 manu
2465 2216 2688 2263 exarata
2717 2227 2730 2262 :
2759 2210 2850 2264 hic
2895 2219 3107 2265 tantum
3147 2211 3444 2268 nominabo
3485 2212 3594 2266 Ex-

2011 2305 2199 2366 cerpta
2223 2296 2279 2349 in
2312 2297 2473 2352 codd.
2509 2299 2922 2356 DCCCLXXXII
2954 2312 3010 2357 et
3035 2303 3593 2360 llllllMlX.—Secun-

2013 2385 2144 2440 dum
2179 2387 2358 2443 Catal.
2395 2389 2572 2443 Paris.
2603 2389 2726 2445 bibl.
2755 2407 2904 2458 mss.,
2933 2391 3040 2446 vol.
3073 2391 3116 2456 l,
3151 2409 3207 2462 p.
3247 2393 3346 2446 I07
3378 2404 3435 2449 et
3469 2395 3590 2458 l08,

2009 2493 2079 2533 ac
2132 2478 2256 2545 117,
2285 2489 2416 2535 sunt
2443 2480 2592 2536 inter
2625 2480 2787 2537 codd.
2839 2481 3106 2537 Arabicos
3148 2482 3362 2553 aliquot
3403 2483 3595 2556 Cyrilii

2015 2569 2272 2626 bomilizc.

2080 2663 2331 2718 Vene‘tiis
2364 2663 2420 2718 in
2468 2664 2602 2720 bibl.
2643 2665 2810 2722 Marc.
2850 2666 2974 2723 cod.
3013 2665 3223 2733 CXXII,
3257 2667 3380 2740 Cyr.
3409 2677 3594 2724 contra

2013 2756 2601 2828 Anthmpomorphitas.
2629 2758 2756 2814 Vid.
2799 2754 2986 2814 notam
3032 2759 3089 2814 in
3132 2759 3251 2816 Cat.
3300 2761 3451 2816 codd.
3501 2761 3590 2818 Cr.

2014 2847 2206 2912 Mam,
2237 2863 2290 2918 p.
2334 2847 2576 2904 70.—ln
2606 2849 2729 2920 cod.
2757 2850 3114 2908 CDXXXVIII
3155 2853 3595 2913 anathematismi

2014 2938 2227 3008 aliquot
2248 2937 2419 3011 '(Cat.,
2470 2955 2529 3010 p.
2581 2938 2730 3011 2l5).
2783 2940 2864 2994 Ex
2912 2957 3145 2996 numero
3195 2944 3597 3012 permultorum

2016 3030 2180 3085 codd.
2212 3046 2352 3102 quos
2373 3031 2744 3087 Montl'aucon.
2777 3032 2832 3086 in
2860 3031 2996 3088 Bibl.
3027 3017 3317 3088 bibliothec.
3342 3052 3471 3090 mss.
3506 3051 3596 3091 re-
3659 3099 3666 3107 ι

2015 3121 2142 3187 fert,
2175 3138 2476 3192 paucorum
2509 3133 2720 3180 tantum
2755 3125 2995 3196 injiciam
3027 3126 3382 3182 mentionem.

303 3219 378 3273 in
409 3193 583 3274 codd.
611 3217 774 3272 Laur.
807 3223 1044 3281 servata,
1075 3215 1192 3272 suis
1217 3215 1352 3281 locis
1382 3193 1766 3270 indicabimus.
1790 3193 1906 3270 No-
1935 3193 1980 3250 ο
2086 3215 2272 3270 Romae
2300 3215 2357 3269 in
2391 3215 2527 3270 bibl.
2557 3193 2825 3272 Ottobon:
2854 3215 3042 3289 Cyrilli
3069 3217 3244 3273 Oratt.
3288 3217 3351 3289 (I,
3397 3233 3452 3288 p.
3496 3217 3596 3272 185

313 3310 528 3367 tandus
555 3320 640 3365 est
661 3323 880 3379 quoque
899 3307 1024 3362 cod.
1047 3308 1092 3373 I,
1115 3324 1171 3361 ιι.
1197 3307 1252 3370 2,
1284 3308 1424 3378 plut.
1448 3308 1500 3372 7,
1532 3307 1647 3362 sive
1667 3307 1910 3361 Edictum

313 3403 662 3476 imperatoris
681 3401 995 3466 Iustiniani,
1019 3399 1308 3456 continens
1325 3399 1726 3456 confessionem
1749 3409 1911 3456 rectae

311 3495 477 3560 fidei,
513 3503 650 3558 etc,
690 3493 747 3546 in
777 3509 890 3562 qua
925 3490 1288 3554 Iustinianus,
1335 3504 1391 3558 p.
1435 3487 1560 3554 295,
1596 3487 1761 3544 affert
1791 3487 1911 3542 loca

237 3572 242 3578 ’
310 3586 514 3658 Cyrilli
539 3586 693 3640 Alex.
716 3600 786 3638 ex
810 3584 972 3654 epist.
999 3583 1024 3636 1
1063 3591 1120 3638 et
1148 3581 1183 3636 2
1209 3581 1278 3636 ad
1307 3579 1635 3645 Successum,
1662 3589 1793 3644 etc.,
1825 3586 1909 3634 at-

316 3695 430 3750 que
457 3695 514 3732 ιι.
622 3675 915 3747 Exemplar
952 3673 1202 3746 epistolis,
1223 3673 1286 3727 ab
1309 3674 1435 3744 imp.
1461 3671 1764 3726 Iustiniano
1793 3687 1912 3741 per-

316 3773 556 3840 scriptw,
592 3759 844 3823 adversus
874 3765 1178 3831 nonnullos,
1207 3765 1426 3834 impium
1459 3762 1802 3828 Theodorum,
1831 3771 1912 3816 at-

315 3879 426 3934 que
459 3863 643 3932 iniqua
690 3862 804 3931 ejus
837 3859 1108 3928 dogmata,
1155 3863 1203 3910 et
1232 3854 1509 3927 epistolam
1549 3853 1656 3910 Ibat
1691 3855 1907 3918 dictant,

317 3973 418 4009 nec
461 3969 568 4007 non
613 3951 908 4006 Theodoriti
953 3948 1111 4002 libros
1150 3955 1334 4000 contra
1377 3945 1692 4001 catholicam
1728 3945 1907 4014 ﬁdem,

311 4047 533 4116 scriptis
577 4049 994 4114 propugnantes,
1039 4053 1204 4108 quam
1249 4037 1467 4108 longam
1508 4037 1671 4106 epist.
1707 4035 1908 4090 Bandi-

312 4141 450 4194 nius
473 4139 534 4190 in
553 4144 664 4190 cat.
691 4146 824 4190 tom.
855 4135 898 4200 l,
927 4150 980 4204 p.
1013 4132 1114 4186 166
1148 4147 1293 4201 sqq.,
1321 4131 1536 4202 primus
1568 4130 1754 4186 Graece
1783 4143 1909 4182 cum

317 4230 520 4284 Latina
547 4228 802 4283 versione
830 4224 1103 4297 evolgavit
1143 4241 1157 4276 :
1195 4223 1248 4276 in
1285 4239 1392 4292 qua
1431 4221 1689 4293 frequens
1721 4219 1910 4293 Cyrilli

312 4323 554 4394 ejusque
595 4335 823 4390 operum
858 4315 1224 4390 quorumdam
1259 4313 1321 4369 ﬁt
1347 4315 1574 4382 mentio,
1601 4322 1698 4369 aut
1727 4313 1775 4370 is
1809 4313 1908 4369 de-

311 4414 595 4470 fenditur.

392 4525 715 4581 Secundum
754 4522 931 4579 Catal.
962 4523 1110 4578 codd.
1145 4521 1428 4594 Angliwet
1466 4519 1681 4576 Ilibern.
1723 4517 1779 4572 in
1806 4532 1903 4572 va-
1939 4528 1983 4584 ι)

310 4621 420 4676 riis
449 4617 736 4682 bibliotb.,
768 4618 1039 4687 prmcipuc
1077 4615 1392 4680 Bodleiana,
1423 4612 1611 4684 Cyrilli
1649 4609 1787 4682 Opp.
1820 4617 1916 4664 aut

2010 3303 2100 3377 A).
2151 3305 2398 3360 Vatican.
2449 3304 2586 3360 bibl.
2635 3315 2692 3362 et
2744 3306 2830 3360 bis
2881 3307 2938 3360 in
2977 3305 3323 3362 Ambrosian.
3374 3307 3592 3362 Mediol.

2009 3395 2187 3465 Opera
2219 3393 2280 3466 (I,
2313 3409 2369 3464 p.
2400 3391 2501 3448 199
2528 3393 2592 3457 Α;
2620 3409 2674 3462 p.
2709 3393 2814 3447 195
2838 3393 2902 3458 Ε,
2927 3409 2985 3462 p.
3017 3393 3122 3448 512
3155 3392 3240 3464 Β).

2081 3484 2326 3548 Basilcze,
2367 3481 2553 3554 Cyrill.
2593 3481 2745 3536 Alex.
2787 3483 2842 3536 in
2891 3481 3136 3536 Exodum
3184 3491 3232 3534 et
3279 3481 3594 3545 Levitieum;

2011 3578 2316 3634 Theodoret.
2351 3577 2477 3649 Cyri
2519 3585 2703 3630 contra
2733 3573 3014 3648 Cyrillum,
3055 3583 3113 3629 et
3149 3573 3335 3646 Cyrilli
3375 3573 3594 3645 epistola

2010 3680 2193 3726 contra
2208 3670 2612 3735 Theodoretum;
2628 3667 2748 3740 Cyr.
2769 3668 3197 3743 anathematismi
3208 3665 3329 3733 XII,
3343 3676 3398 3722 et
3409 3677 3596 3723 contra

2010 3763 2605 3835 Anthropomorphitas;
2638 3769 2704 3840 et‘
2731 3761 2786 3815 in
2817 3759 2927 3814 alio
2960 3759 3082 3818 cod.
3105 3759 3294 3830 Cyrilli
3321 3759 3592 3830 quaedam,

2009 3861 2066 3908 et
2093 3852 2343 3923 epistola,
2369 3861 2474 3908 etc.
2519 3853 2582 3926 (I,
2617 3867 2671 3922 p.
2705 3850 2806 3906 609
2829 3850 2890 3916 B,
2926 3867 2980 3921 p.
3019 3849 3120 3906 610
3141 3847 3232 3924 Α).
3259 3881 3328 3890 —-
3355 3851 3412 3904 In
3457 3850 3590 3905 bibl.

2011 3939 2069 3996 s.
2099 3940 2393 4006 Vincentii,
2419 3957 2586 4010 opera
2612 3941 2698 4014 (ιι,
2731 3926 2786 4010 ρ’.
2821 3940 2958 3996 “94
2987 3941 3075 4012 ιι).
3096 3941 3233 3995 -Ιιι
3264 3939 3399 3994 bibl.
3427 3941 3593 3995 Pelli-

2010 4031 2162 4095 serii,
2187 4033 2241 4085 in
2266 4031 2486 4086 Esaiam
2525 4032 2611 4102 (ιι,
2647 4047 2703 4101 p.
2741 4030 2878 4085 1198
2914 4029 3154 4100 E).—ln
3187 4029 3322 4084 bibl.
3360 4029 3596 4086 abbatia:

2011 4123 2068 4178 S.
2105 4122 2441 4178 Theoderici
2487 4137 2657 4193 prope
2687 4123 2908 4186 Remos,
2949 4120 3194 4177 Homilia:
3220 4121 3276 4175 in
3315 4120 3479 4176 Leuit.
3508 4123 3595 4178 bis
3669 4193 3678 4204 ο

2013 4213 2178 4288 (ll,p.
2209 4214 2430 4280 12512,
2463 4224 2519 4268 οι
2554 4213 2691 4268 1254
2726 4213 2810 4284 Β).

2083 4307 2324 4362 Florent.
2359 4305 2415 4360 in
2448 4304 2582 4360 bibl.
2613 4304 2669 4359 S.
2702 4303 2869 4359 Marci
2896 4303 3166 4362 Dominic.
3207 4305 3312 4361 tria
3337 4306 3596 4363 Commo-

2009 4397 2212 4452 nitoria
2231 4403 2287 4452 et
2310 4393 2560 4468 Epistolaz
2575 4394 2692 4450 dua:
2717 4395 2784 4448 ad
2814 4394 3085 4459 Acacium,
3108 4394 3300 4450 Latine
3329 4397 3390 4466 (I,
3415 4411 3469 4466 p.
3493 4395 3596 4452 M9

2011 4489 2054 4543 D
2085 4487 2256 4559 E—).
2287 4487 2427 4542 Add.
2465 4485 2741 4542 Zacharia:
2787 4485 2896 4540 Iter
2943 4484 3170 4539 litterar.
3213 4503 3307 4557 per
3351 4486 3593 4554 Italiam,

2013 4578 2208 4634 Venet.
2229 4577 2382 4642 I762,
2401 4576 2455 4642 4,
2480 4593 2534 4647 p.
2558 4577 2646 4642 51,
2669 4575 2814 4632 etde
2836 4577 2944 4631 alio
2969 4575 3116 4642 cod.,
3141 4592 3196 4648 p.
3219 4577 3307 4633 55.
3331 4576 3436 4633 Sed
3458 4575 3592 4634 obcl

309 4669 743 4783 partcsillorum
763 4669 1138 4776 strepcnlumcro
1158 4669 1401 4761 exstanti
1420 4669 1510 4758 hic
1525 4669 1911 4772 aliqudt‘codd.
2007 4671 2120 4742 «iam
2153 4671 2286 4726 satis
2310 4681 2398 4726 θεῖ
2427 4670 2485 4724 in
2506 4669 2788 4742 masculi!
2815 4669 3036 4741 “ARL‘J'

313 4801 376 4856 in
389 4798 601 4869 quibus
613 4798 892 4867 particula:
912 4795 1283 4866 reperiuntur,
1300 4803 1510 4848 tantum
1521 4790 1911 4848 excitabimus:

309 4909 376 4946 ιι.
413 4891 486 4946 85
522 4889 662 4945 bibl.
691 4888 923 4952 Bodlei.,
969 4888 1027 4942 in
1071 4887 1194 4942 cod.
1228 4885 1452 4940 Barocc.
1499 4881 1759 4947 LXXXV,
1806 4883 1917 4953 epi-

305 4982 461 5039 stola
483 4981 558 5034 ad
577 4980 908 5042 Gennadium
929 4989 986 5034 et
1007 4989 1264 5048 excerpta
1281 4993 1348 5032 ex
1365 4976 1613 5047 epistolis
1631 4981 1686 5030 et
1707 4991 1775 5030 ex
1801 4989 1918 5030 ser-

307 5089 485 5130 mone
521 5071 789 5143 quodam;
810 5086 950 5124 —-—n.
985 5068 1112 5133 272,
1143 5068 1358 5138 Disput.
1392 5067 1530 5120 inter
1563 5063 1821 5136 Cyrillum
1863 5073 1916 5118 et

308 5166 661 5228 Nestorium;
701 5180 756 5217 ιι.
787 5161 910 5227 688,
946 5159 1272 5226 Qucestiones
1313 5159 1722 5227 et'responsion.
1765 5171 1914 5227 quee-

307 5261 444 5314 dam
472 5259 542 5312 de
569 5257 674 5327 ﬁde
701 5265 902 5310 saneta:
931 5253 1204 5307 Trinitatis
1216 5268 1372 5318 ;-—n.
1411 5251 1571 5314 2500,
1603 5249 1914 5304 Encomium

308 5352 376 5408 Β.
407 5349 670 5422 Virginis;
701 5365 756 5402 ιι.
788 5345 949 5410 2877,
985 5345 1058 5400 De
1077 5344 1425 5416 imaginibus;
1454 5360 1510 5398 ιι.
1540 5340 1699 5407 5060,
1723 5339 1912 5411 Capita

309 5443 526 5512 aliquot
553 5437 859 5512 synodalia;
887 5453 946 5491 ιι.
977 5435 1138 5499 5275,
1175 5443 1318 5490 orat.
1351 5434 1431 5489 De
1461 5432 1626 5488 XXIV
1645 5431 1912 5504 presbyte-

309 5535 388 5588 ris
426 5533 524 5604 qui
569 5534 626 5586 in
663 5529 792 5585 calo
834 5536 993 5593 sunt,
1054 5543 1291 5599 quorum
1326 5526 1550 5581 nomina
1595 5524 1914 5580 scribuntur

303 5625 546 5696 Coptice
579 5637 857 5694 :quorum
904 5620 1357 5677 commemoratio
1389 5617 1505 5674 fieri
1537 5618 1676 5673 solet
1718 5616 1805 5671 die
1843 5615 1913 5670 2ι1ι

305 5715 529 5772 mensis
556 5713 749 5778 llatur,
783 5710 1048 5776 Arabico;
1080 5726 1136 5764 ιι.
1161 5707 1321 5773 5597,
1354 5710 1408 5762 in
1447 5706 1777 5779 Symeoncm.

381 5805 706 5875 Cantabrig.
739 5820 795 5861 n.
826 5805 950 5871 511,
980 5803 1170 5873 Cyrilli
1198 5811 1252 5858 et
1283 5800 1516 5856 alierum
1548 5815 1672 5870 epp.
1705 5816 1748 5854 δ.
1788 5808 1907 5854 acta

2539 4827 2746 4884 Latiare
2792 4828 3064 4882 editiones.

2084 4963 2248 5018 Basil.
2288 4961 2444 5028 1524,
2477 4961 2594 5026 fol.,
2626 4961 2770 5032 apud
2801 4959 3190 5026 Crat‘andrum,
3225 4959 3283 5014 in
3326 4975 3434 5030 qua
3475 4960 3596 5016 edi-
3677 5008 3684 5022 ί

2014 5054 2164 5110 tione
2216 5063 2426 5109 tantum
2473 5061 2692 5110 exstant
2741 5051 3135 5108 Commentarii
3195 5053 3253 5106 in
3299 5051 3594 5117 Joamzem,

2010 5148 2068 5202 in
2104 5147 2388 5203 Leoiticum
2418 5143 2535 5216 (qui
2559 5143 2816 5215 Origenis
2846 5143 2996 5214 sunt)
3027 5153 3085 5198 et
3115 5144 3440 5208 Thesaurus;
3475 5159 3596 5215 quae
3679 5167 3686 5176 ο

2009 5238 2224 5308 singula
2268 5237 2562 5308 separatim
2601 5235 2925 5308 prodierunt
2955 5238 3130 5293 Paris.
3182 5231 3318 5293 1520
3355 5248 3410 5293 et
3437 5237 3593 5301 1521,

2010 5331 2107 5388 fol.
2157 5330 2540 5386 Fam—Ilaec
2579 5330 2715 5387 edit.
2761 5330 2924 5387 Basil.
2975 5347 3026 5386 a.
3066 5331 3224 5395 1521,
3263 5331 3400 5386 nihil
3444 5329 3594 5384 aliud

2009 5425 2262 5483 continet
2305 5439 2468 5496 quam
2513 5441 2636 5495 qua:
2678 5433 2846 5490 antea
2893 5424 3118 5480 Parisiis
3159 5422 3390 5477 seorsim
3445 5421 3596 5477 edita
3677 5431 3684 5438 ‘

2011 5525 2190 5582 erant,
2241 5525 2536 5572 annotante
2581 5515 2958 5570 Lambachero
3010 5515 3066 5568 in
3121 5509 3265 5574 Bibi.
3305 5513 3592 5570 Vindobon.

2011 5613 2196 5676 civica,
2221 5627 2275 5682 p.
2304 5609 2392 5676 98,
2425 5617 2566 5673 not.,
2593 5609 2769 5691 quip.
2801 5609 2868 5663 99
2897 5615 3164 5663 memorat
3193 5615 3304 5690 tres
3323 5608 3597 5664 editiones

2010 5702 2374 5774 quorumdam
2397 5718 2524 5772 opp.
2543 5687 2750 5773 Cyrilli.
2773 5701 2842 5757 At
2863 5700 2917 5756 in
2942 5701 3077 5757 bibl.
3097 5687 3249 5757 acad.
3273 5700 3594 5772 Erlangenal

2009 5803 2093 5851 est
2137 5795 2393 5849 volumen
2425 5792 2628 5864 grande
2661 5793 2714 5848 in
2758 5792 2891 5848 min.
2936 5793 3088 5860 folio,
3120 5793 3266 5864 quod
3302 5799 3595 5860 sequentes
