4024 6220
305 352 380 408 ω
1542 365 1632 413 nu
1651 369 1666 413 ι
1685 370 1818 414 nu
1863 369 1950 415 tas
1995 369 2332 416 rAlSlltLlU.
3306 429 3314 434 _
3502 354 3566 408 ⁵ο

306 459 530 539 nemque
567 457 836 537 perditam
880 459 1266 523 considerarem
1295 511 1306 531 ,
1347 473 1470 541 petii
1510 472 1574 524 ab
1611 458 1753 526 eo'ut
1781 473 1883 544 Cy-
1913 482 1955 538 Α
1987 455 2255 528 omittam.
2278 473 2492 529 Citatur
2522 473 2625 552 hoc
2656 446 2841 544 Cyrilli
2875 447 3022 542 opus:
3045 471 3113 524 ab
3144 470 3358 524 Rndrea
3377 465 3566 520 Samo—

308 559 494 614 rillum
516 558 759 615 Crocum
777 557 900 624 fidei
925 573 1052 612 metu
1089 557 1387 614 concederet
1425 579 1442 616 :
1480 577 1559 615 me
1586 579 1688 615 non
1711 563 1886 617 solum

306 666 531 720 operam
566 648 822 701 daturum
878 656 936 701 ut
983 663 1047 702 ea:
1095 650 1261 720 ipsius
1318 661 1436 705 voto
1471 647 1561 706 ille
1593 653 1649 706 in
1699 647 1886 723 vulgus

305 743 501 804 exiret,
526 739 619 794 sed
643 741 804 794 etiam
831 739 897 793 de
917 740 1106 794 codicis
1140 737 1306 812 pretio
1331 745 1433 814 ipsi
1465 743 1884 814 satisfacturum.

307 831 382 887 At
406 831 518 897 ille,
543 832 732 903 gratiis
773 845 869 902 pro
886 832 1048 902 oﬂicio
1075 828 1229 898 actis,
1279 842 1486 888 tantum
1514 836 1683 889 adhuc
1698 837 1888 890 virium

305 924 408 977 sibi
436 937 711 992 superesse
751 922 945 986 aiebat,
991 931 1050 976 ut
1076 925 1292 994 ipsemet
1316 927 1579 996 promisso
1623 944 1678 981 se
1711 929 1887 982 exsol-

303 1029 426 1067 vere
456 1020 652 1084 posset.
711 1012 881 1083 Usque
909 1013 1039 1067 adeo
1086 1031 1267 1069 verum
1309 1026 1406 1081 est,
1465 1019 1727 1071 neminem
1773 1034 1886 1072 esse

305 1113 420 1157 tam
441 1119 620 1158 senem
647 1105 740 1175 qui
767 1120 872 1157 non
901 1104 1016 1158 dico
1043 1106 1200 1170 diem,
1231 1109 1320 1161 sed
1365 1125 1530 1162 annos
1565 1112 1891 1182 supervivere

305 1213 457 1268 posse
483 1213 541 1250 se
561 1197 826 1268 desperet.
865 1195 1184 1269 Quanquam
1223 1209 1339 1253 erat
1370 1217 1473 1254 non
1513 1218 1663 1256 nemo
1693 1204 1747 1256 in
1776 1204 1888 1258 An-

305 1287 440 1359 glia,
469 1289 560 1360 qui
595 1288 660 1341 de
689 1289 827 1342 tanti
870 1289 1104 1342 thesauri
1139 1292 1460 1360 possessione
1489 1291 1766 1362 magniﬁce
1793 1310 1887 1363 po-

307 1380 413 1432 tius
449 1395 506 1434 se
521 1378 785 1448 iactasse,
821 1395 985 1449 quam
1003 1396 1122 1433 vere
1154 1379 1442 1450 gloriatum
1461 1370 1622 1451 fuisse
1654 1383 1888 1452 aﬂirma-

308 1476 407 1521 ret.
443 1467 669 1523 Certum
711 1476 896 1522 tamen
930 1476 1014 1522 est
1040 1468 1368 1524 Vulcanium
1392 1487 1501 1526 non
1542 1471 1705 1526 modo
1733 1473 1890 1543 plura

307 1558 497 1630 Cyrilli
536 1559 752 1614 inedita
791 1559 980 1616 Graec
1023 1561 1351 1633 possedisse,
1383 1566 1477 1621 sed
1505 1566 1672 1622 etiam
1699 1566 1891 1622 Latine

310 1653 544 1707 vertisse
596 1651 745 1706 haud
799 1653 994 1722 pauca,
1047 1670 1281 1725 quorum
1354 1673 1484 1728 pars
1539 1655 1892 1714 bibliothecse

315 1743 572 1798 Leiden‘si
598 1745 769 1815 legata
793 1744 873 1818 [et
907 1745 961 1800 in
983 1746 1102 1803 Cat.
1125 1747 1249 1802 bibl.
1282 1749 1428 1803 Leid.
1452 1751 1598 1806 inter
1625 1750 1786 1810 codd.
1823 1767 1891 1806 ex

1989 571 2179 617 sateno
2236 561 2382 632 apud
2426 562 2773 617 Anastasium
2825 561 2880 615 in
2940 561 3188 631 Hodega,
3244 574 3366 629 pag.
3424 555 3566 619 542,

1988 637 2276 723 Ερὶιιιωιιιο
2318 635 2664 708 Antiocheno
2711 652 2857 724 apud
2907 651 3162 706 Photiu-m
3199 650 3566 712 cod-.ccxxn,

1988 743 2218 798 Leontio
2260 743 2386 815 Byz.
2441 745 2496 797 in
2542 743 2853 814 Eutychen;
2892 743 2962 796 ab
3019 741 3308 796 Anastasio
3361 738 3569 795 Sinalta

1989 822 2181 902 quaest.
2205 833 2293 897 20,
2316 833 2384 887 59
2417 841 2472 888 et
2504 833 2591 897 57;
2625 832 2834 887 Joanne
2854 832 3188 886 Damasceno
3209 830 3284 884 De
3308 830 3569 900 Trisagio,

1992 934 2122 978 tom.
2161 924 2182 978 I
2215 924 2378 994 0pp.,
2408 938 2462 993 p.
2501 922 2626 987 400,
2652 931 2710 976 et
2750 922 2808 976 in
2837 921 3147 985 Parallclis,
3174 929 3306 975 tom.
3338 921 3403 985 II,
3445 937 3582 993 με..

1989 1016 2114 1078 564,
2144 1023 2200 1068 et
2238 1031 2268 1068 a
2308 1024 2626 1070 catenarum
2662 1015 2982 1070 auctoribus
3023 1014 3078 1068 in
3113 1012 3583 1067 Pentateuchunn.

1992 1107 2235 1161 Meminit
2254 1115 2308 1162 et
2328 1107 2690 1176 Nicephorius,
2713 1123 2821 1170 xxv,
2837 1107 2923 1170 H,
2949 1121 3012 1160 ac
3031 1105 3260 1161 Photius
3279 1104 3400 1160 cod.
3422 1121 3581 1170 xm;-

1990 1199 2364 1270 Cyrillusipsc
2402 1200 2505 1253 sub
2532 1199 2749 1254 initium
2795 1199 2902 1252 τῶν
2946 1198 3266 1270 Γλαφυρῶν,
3297 1213 3351 1268 p.
3393 1197 3428 1250 2
3473 1196 3565 1268 (b);

1993 1291 2048 1344 ln
2079 1292 2322 1361 antiquis
2349 1291 2559 1346 Latinis
2585 1290 2921 1346 editionibus
2953 1289 3328 1345 tantummodo
3362 1288 3572 1359 primus

1994 1379 2158 1450 hujus
2203 1379 2384 1449 operis
2413 1379 2555 1434 liber
2591 1395 2658 1434 ex
2693 1380 2798 1434 alia
2842 1379 3299 1450 interpretatione
3347 1379 3580 1448 legitur,

1993 1485 2116 1537 quae
2150 1469 2345 1538 incipit
2377 1487 2389 1522 :
2421 1457 2885 1539 ‘Superuacaneum
2917 1471 3105 1540 Opinor
3148 1486 3339 1541 rogare
3388 1485 3451 1522 ea:
3498 1478 3571 1522 te.

1993 1558 2179 1613 Graeca
2223 1551 2500 1615 Aubertus
2556 1561 2897 1631 deprompsit
2962 1577 2993 1617 e
3051 1560 3240 1616 codice
3298 1561 3567 1624 Vulcanii,

1995 1664 2157 1718 quem
2201 1648 2550 1704 bibliothecae
2587 1650 2847 1705 Leidensi
2879 1651 2971 1706 ille
3009 1651 3282 1721 legaverat
3305 1648 3397 1720 (c),
3418 1658 3474 1703 et
3503 1665 3570 1704 ex

1998 1739 2170 1794 altero
2197 1740 2414 1806 Harlazi,
2471 1740 2850 1796 Macloviensis
2897 1741 3163 1812 episcopi,
3218 1742 3376 1810 cujus
3410 1739 3571 1794 varice

322 1834 506 1903 legato
563 1834 798 1891 Vulcanii
860 1837 1103 1910 laudata]
1171 1840 1340 1895 etiam
1402 1840 1635 1896 Αυδει-ιί
1695 1842 1888 1898 usibus
1920 1827 1961 1882 Β
1993 1831 2258 1887 lectiones
2284 1841 2407 1902 post
2436 1843 2593 1887 notas
2628 1831 2819 1903 Agellii
2863 1832 2920 1886 in
2951 1831 3097 1886 calce
3135 1828 3430 1884 voluminis
3471 1844 3567 1881 oe-

325 1923 529 1980 dein‘de
552 1929 737 1995 patuit.

392 2015 443 2069 2.
485 2015 758 2073 Frontonis
781 2019 982 2085 Ducaei,
1013 2019 1080 2076 de
1103 2037 1215 2092 quo
1235 2022 1476 2079 Iacobus
1495 2024 1818 2081 Sirmondus
1833 2025 1889 2080 in

311 2107 514 2162 litteris
543 2109 611 2169 ad
641 2109 1025 2166 Sebastianum
1061 2113 1445 2185 Tegnagelium
1477 2116 1618 2172 datis
1652 2133 1710 2172 ιιι
1747 2117 1886 2172 Νοιι.

305 2194 457 2266 Sept.
485 2197 622 2254 1696
651 2218 664 2252 :
685 2199 748 2254 In
778 2201 1080 2257 bibliotheca
1093 2201 1320 2259 Patrum
1339 2205 1739 2262 Gnaeo-Latina
1762 2208 1891 2262 duo-

300 2286 395 2342 bus
412 2289 766 2346 columinibus
785 2299 1155 2366 comprehensa
1177 2297 1329 2351 desiit
1347 2300 1372 2351 ὁ
1389 2299 1718 2370 μακαρίτης,
1736 2301 1825 2370 qui
1840 2307 1888 2354 ct

303 2379 437 2443 alia,
452 2389 510 2433 ut
527 2384 687 2447 nosti,
701 2385 1079 2453 meditabatur,
1093 2387 1462 2460 Nicephorum,
1491 2391 1885 2456 Theodoretum,

301 2466 586 2539 Cyrillum,
640 2471 798 2526 Alex.
835 2482 885 2532 at
913 2474 1073 2530 biblia
1107 2476 1537 2534 Graeco-Latina.
1570 2479 1654 2535 Ea:
1699 2482 1886 2552 quibus

301 2555 657 2633 Nicephorum
679 2559 841 2633 plane
870 2563 1183 2632 absolverat,
1213 2567 1590 2628 Theodoretum
1613 2587 1888 2643 magna“:

305 2662 466 2720 parte
489 2654 778 2723 confectum
809 2657 1051 2713 habebat.
1088 2659 1240 2724 Quod
1271 2662 1468 2728 deerat,
1499 2663 1742 2736 supplere
1779 2667 1889 2737 ipse

305 2743 533 2798 institui.
562 2746 644 2800 Ad
671 2745 933 2818 Cyrillum
975 2753 1227 2821 pauciora
1271 2752 1592 2824 collegerat,
1622 2772 1739 2826 quia
1769 2758 1888 2810 usui

303 2838 487 2889 tamen
513 2841 624 2891 esse
643 2840 864 2909 possint,
899 2842 1078 2912 siquis
1115 2845 1213 2896 huc
1245 2843 1537 2916 aliquando
1565 2847 1634 2900 ad
1665 2863 1783 2901 eam
1799 2864 1888 2901 cu-

304 2938 428 2978 ram
456 2928 698 2981 animum
727 2929 958 2999 adiiciet.
989 2931 1200 3004 [Cyrilli
1243 2933 1420 3004 Opera
1444 2935 1535 2990 vix
1570 2935 1733 3008 digna
1762 2951 1883 2993 esse

301 3031 429 3085 qua
452 3016 724 3088 legantur,
755 3019 965 3090 judicat
999 3022 1077 3077 La
1103 3023 1275 3079 Croze
1311 3026 1450 3080 Hist.
1480 3025 1674 3082 Christ.
1697 3027 1884 3086 Indice.

301 3106 406 3161 lib.
437 3123 477 3172 I,
499 3121 621 3178 pag.
647 3109 734 3164 16.
754 3110 926 3166 Hann.
953 3111 1039 3185 [In
1059 3113 1245 3169 Bibliis
1269 3119 1436 3171 sacris
1456 3117 1680 3172 multum
1701 3118 1885 3174 etdili-

301 3207 491 3270 genter
521 3199 814 3267 laborarat,
835 3219 1102 3275 unumque
1115 3206 1209 3260 hoc
1227 3224 1356 3278 opus
1378 3224 1488 3279 prae
1507 3211 1710 3264 ca’teris
1729 3226 1886 3282 urge-

302 3289 415 3343 bat.
439 3287 546 3344 Sed
564 3307 746 3345 vereor
775 3301 833 3348 ut
856 3294 911 3348 in
936 3305 1203 3365 posterum
1225 3315 1443 3368 sperare
1472 3299 1650 3364 liceat,
1676 3309 1888 3372 propter

303 3396 501 3434 novam
532 3381 808 3437 editionem
851 3383 1336 3452 Grazco-Latinam,
1381 3406 1500 3459 qua:
1532 3390 1615 3444 hic
1640 3392 1763 3461 jam
1799 3393 1886 3445 in-

301 3472 499 3525 choata
531 3482 627 3538 est,
668 3485 911 3540 curante,
946 3484 1000 3530 ut
1034 3477 1211 3540 audio,
1233 3478 1318 3533 lo.
1352 3479 1582 3548 Marino,
1611 3499 1638 3537 e
1660 3500 1884 3556 congre-

300 3564 524 3633 gatione
547 3563 803 3631 Oratorii,
834 3571 947 3622 viro
976 3571 1148 3636 docto,
1181 3582 1287 3628 etc.

368 3653 423 3708 3.
467 3652 700 3712 Conradi
733 3658 1072 3716 Rittershusii
1095 3703 1110 3726 ,
1162 3661 1230 3717 de
1263 3679 1374 3732 quo
1420 3664 1544 3719 vide
1587 3666 1748 3736 epist.
1786 3666 1889 3721 ’552

302 3754 365 3800 et
389 3745 495 3801 353
528 3745 672 3803 inter
714 3751 977 3820 epistolas
1023 3754 1266 3828 virorum
1313 3753 1600 3810 doctorum
1641 3757 1710 3811 ad
1757 3757 1886 3813 Gol-

304 3837 550 3904 dastmn,
584 3839 762 3896 editas
779 3859 811 3898 e
837 3844 1174 3902 bibliotheca
1199 3848 1488 3903 clarissimi
1529 3848 1884 3904 Thulemarii.

377 3929 430 3982 4.
476 3929 922 3991 Dissertationem
963 3936 1031 3992 de
1078 3940 1300 4009 scriptis
1343 3939 1527 4011 Cyrilli
1563 3940 1715 3994 Alex.
1757 3957 1886 4010 pro-

307 4019 460 4074 misit
485 4020 572 4076 Jo.
623 4021 921 4082 Garnerius
965 4027 1032 4083 ad
1067 4029 1298 4085 Marium
1338 4031 1718 4096 Mcreatorem,
1754 4042 1883 4087 tom.

306 4111 375 4167 ll.
415 4127 469 4167 ι).
493 4112 582 4167 43.

360 4153 375 4173 .
415 4127 469 4181 p.
493 4127 582 4167 κιο.

341 4202 432 4257 IV.
468 4203 534 4256 In
561 4204 785 4259 editione
813 4205 1218 4264 Gra’co-Latina
1251 4209 1428 4266 Paris.
1472 4213 1808 4266 continentur
1831 4230 1850 4268 :

378 4291 554 4346 Tomo
579 4292 623 4349 I.
642 4323 709 4334 -—-—
728 4301 799 4351 α’.
832 4298 967 4367 Περὶ
987 4298 1083 4368 τῆς
1105 4300 1162 4350 ὲν
1195 4300 1468 4370 πνεύματι
1520 4303 1614 4355 καὶ
1661 4303 1888 4376 ﬂagiti;

300 4385 732 4454 προσκυνήσεως
753 4387 847 4440 καὶ
887 4388 1159 4461 λατρείας,
1192 4390 1269 4445 De
1295 4391 1602 4447 adoratione
1645 4404 1693 4448 et
1742 4371 1884 4450 eam}

1992 1934 2242 1981 currunt.
2284 1915 2442 1979 Fssn.
2475 1955 2544 1964 --
2589 1924 2739 1978 Libri
2778 1924 2990 1994 priores
3029 1929 3245 1977 exstant
3303 1919 3477 1975 Oxon.
3512 1919 3566 1972 in

1992 2018 2114 2072 cod.
2141 2017 2360 2073 Baroce.
2385 2034 2441 2072 ιι.
2472 2017 2571 2071 291
2599 2016 2773 2071 Catal.
2807 2046 2879 2056 --
2915 2015 2975 2070 In
3003 2015 3168 2070 codd.
3205 2013 3381 2069 Vatic.
3423 2020 3479 2066 et
3499 2009 3567 2066 de

1992 2109 2206 2182 Harlay,
2264 2108 2644 2164 Macloviensis
2693 2108 2751 2162 in
2799 2107 2972 2164 Gallia
3011 2106 3274 2178 episcopi.
3323 2136 3392 2144 —
3422 2104 3566 2158 Num

1991 2216 2128 2271 opus
2155 2203 2227 2257 sit
2258 2201 2442 2273 Cyrilli
2465 2201 2782 2271 genuinum,
2819 2199 3080 2270 disputat,
3111 2207 3166 2254 et
3187 2206 3375 2253 contra
3399 2197 3564 2251 Rive-

1992 2301 2106 2346 tum
2130 2293 2325 2347 asserit
2351 2292 2553 2363 Cyrillo
2578 2290 2782 2346 Oudin.
2818 2291 2856 2344 l.
2891 2307 2964 2354 c.,
3001 2307 3056 2360 p.
3090 2290 3227 2344 1015
3254 2305 3373 2358 sqq.
3395 2288 3562 2343 HABL.

2063 2382 2128 2456 βξ.
2161 2383 2420 2452 Γλαφυρά
2477 2381 2592 2437 sive
2639 2383 2772 2436 scita
2819 2381 3201 2434 commentaria
3253 2380 3570 2448 (allegorica

1989 2487 2238 2543 magnam
2272 2481 2484 2543 partem
2513 2481 2569 2527 et
2589 2470 2906 2543 anagogica)
2937 2473 2992 2525 in
3024 2471 3136 2524 loca
3152 2469 3341 2524 selecto
3371 2469 3564 2522 Penta-

1991 2564 2195 2627 teuchi,
2253 2563 2408 2618 Tomi
2453 2571 2607 2632 parte
2654 2579 2730 2625 ιι,
2778 2578 2834 2632 p.
2881 2560 3062 2616 1-455.
3127 2560 3262 2615 Cum
3311 2559 3562 2614 versione

1987 2654 2222 2710 Andreae
2243 2654 2475 2713 Schotti.
2513 2654 2570 2709 S.
2612 2653 2659 2710 J.
2702 2654 2763 2708 In
2787 2653 3024 2709 Genesin
3067 2651 3164 2707 lib.
3198 2651 3308 2715 VII,
3341 2651 3396 2705 in
3423 2651 3564 2705 Exo-

1988 2746 2118 2802 dum
2149 2746 2250 2800 lib.
2285 2746 2377 2810 Ill,
2422 2746 2478 2800 in
2512 2745 2820 2801 Leviticum
2867 2745 2908 2808 I,
2957 2744 3015 2799 in
3045 2743 3318 2799 Numeros
3341 2742 3384 2807 ι,
3419 2750 3476 2798 et
3502 2742 3561 2796 in

1988 2837 2474 2893 Deuteronomium
2505 2837 2547 2892 l.
2583 2837 2697 2892 Hoc
2725 2852 2864 2908 opus
2893 2852 2922 2891 a
2947 2836 3227 2892 veteribus
3250 2835 3564 2905 frequenter

1988 2929 2239 2984 laudatur
2271 2929 2369 3001 (ά).
2398 2928 2589 2986 Latine
2608 2930 2846 3000 primum
2868 2929 3046 2984 lucem
3078 2928 3214 2983 vidit
3243 2943 3311 2982 ex
3333 2926 3563 2982 Andreas

1989 3021 2198 3077 Schotti
2244 3021 2495 3076 versione
2546 3021 2600 3074 in
2647 3020 2839 3075 Latina
2879 3019 3117 3090 Operum
3171 3019 3359 3091 Cyrilli
3405 3017 3560 3074 Pari-

1989 3115 2155 3170 siensi
2184 3115 2312 3169 anni
2348 3114 2508 3169 1605.
2551 3114 2760 3169 Deinde
2804 3129 2930 3168 cum
2985 3112 3333 3168 sermonibus
3373 3109 3560 3182 Cyrilli

1990 3205 2338 3275 paschalibus
2381 3205 2450 3259 ab
2489 3204 2684 3260 eodem
2739 3204 2968 3260 Schotto
3021 3203 3208 3258 Graece
3263 3210 3319 3257 et
3370 3200 3562 3256 Latino

1988 3295 2324 3365 publicatum
2367 3302 2453 3349 est
2494 3295 2761 3364 Antuerp.
2788 3293 2945 3358 1618,
2985 3293 3080 3347 fol.
3125 3293 3405 3348 Aubertus
3437 3306 3560 3347 eum

1988 3385 2200 3441 Schotti
2245 3385 2488 3440 editione
2533 3384 2781 3440 codicem
2816 3383 3012 3440 Ilarlzei
3064 3383 3317 3445 contulit,
3368 3382 3560 3436 lectio-

1987 3492 2228 3547 numque
2257 3476 2552 3531 varietates
2587 3476 2642 3529 in
2673 3483 2920 3530 extremo
2952 3473 3230 3528 volumine
3260 3471 3558 3526 annotavit.

1988 3568 2067 3622 Ex
2096 3568 2392 3640 Nicephori
2439 3585 2549 3631 xxv,
2603 3567 2690 3631 14,
2744 3565 3064 3635 suspiceris,
3104 3563 3368 3636 Cyrillum
3414 3565 3561 3634 ejus-

1987 3661 2135 3714 modi
2171 3659 2457 3726 Γλαρυρὰ
2487 3657 2860 3728 composuisse
2905 3671 3013 3711 non
3043 3665 3252 3711 tantum
3284 3655 3338 3710 in
3370 3655 3563 3710 Penta-

1990 3752 2270 3815 teuchum,
2320 3749 2416 3805 sed
2460 3749 2515 3804 in
2551 3750 2724 3804 libros
2757 3748 3045 3803 universos
3100 3747 3318 3803 Veteris
3370 3745 3561 3802 Testa-

1988 3845 2156 3898 menti
2181 3843 2272 3913 (c),
2300 3843 2380 3896 Τὰ
2417 3842 2708 3910 Γλαφυρὰ
2733 3841 2801 3894 τὰ
2828 3841 2928 3910 τῆς
2961 3840 3202 3904 Haloti;
3225 3841 3442 3910 Γραφῆς
3472 3856 3563 3890 τυ-

1988 3936 2161 3998 πικῶς
2173 3935 2433 4006 εἰρημένα
2456 3935 2532 3996 εἰς
2553 3933 2786 4002 Χριστὸν
2807 3935 2901 3986 καὶ
2920 3934 3015 4003 τὴν
3037 3933 3157 3986 καθ’
3178 3933 3323 4003 ἡμᾶς
3338 3929 3561 3999 Ἐκκλη-

1989 4029 2111 4081 σίαν
2145 4027 2379 4092 ἀνάγων.
2439 4025 2496 4078 In
2552 4023 2791 4079 Genesin
2837 4023 3109 4094 Glaphyro
3172 4022 3356 4092 Cyrilli
3392 4022 3558 4075 vertit

1987 4107 2810 4177 Ambrosius'Camaldulensis,
2854 4121 2910 4167 et
2965 4113 3127 4168 edere
3185 4113 3376 4177 voluit,
3423 4122 3559 4168 teste

1988 4208 2141 4263 Sixto
2187 4205 2437 4269 Senensi,
2473 4203 2621 4273 quod
2669 4203 2869 4268 facere,
2913 4205 3100 4260 nescio
3127 4220 3232 4275 qua
3275 4205 3342 4259 de
3372 4221 3556 4269 causa,

1992 4298 2308 4356 intermisit.
2337 4297 2498 4351 ann.
2524 4325 2594 4334 ——
2632 4294 2814 4350 Leida:
2837 4295 2894 4348 in
2925 4294 3061 4350 bibl.
3092 4296 3244 4366 publ.
3280 4312 3400 4367 pag.
3433 4296 3555 4359 545,

1989 4408 2045 4446 ιι.
2095 4389 2181 4452 15,
2214 4388 2352 4444 inter
2397 4385 2650 4439 Vulcanii
2691 4384 2850 4439 codd.
2895 4383 3084 4456 Cyrilli
3119 4385 3420 4441 Dissertatt.
3467 4403 3558 4440 ar-

300 4477 358 4528 in
395 4477 590 4546 spiritu
619 4487 667 4531 et
687 4481 924 4545 veritate,
958 4481 1073 4536 sive
1104 4481 1172 4537 de
1209 4482 1402 4539 ciliciis
1442 4484 1746 4541 Christiani
1776 4487 1876 4541 ho-
1917 4499 1958 4553 υ
1988 4499 2136 4540 cana:
2159 4483 2214 4536 in
2243 4479 2500 4544 Genesin,
2546 4479 2760 4533 Latine.
2810 4476 2987 4532 Nicol.
3035 4476 3377 4540 Drumezius,
3418 4478 3558 4532 Bru-

299 4567 476 4620 minis
495 4582 627 4638 erga
658 4569 850 4634 Deum,
879 4571 1007 4624 libri
1031 4571 1198 4638 XVII,
1231 4574 1432 4647 dialogi
1461 4592 1615 4632 more
1663 4577 1881 4648 scripti,

302 4658 362 4711 in
379 4658 587 4727 quibus
610 4658 884 4715 Palladius
917 4672 975 4716 et
1011 4663 1249 4735 Cyrillus
1289 4667 1699 4738 colloquuntur.
1726 4668 1786 4722 P.
1823 4669 1884 4722 1-

298 4749 430 4802 651.
456 4747 594 4802 Cum
627 4749 880 4804 versione
910 4750 1134 4808 Antonii
1160 4754 1356 4826 Agellii
1393 4755 1492 4826 (a),
1516 4756 1883 4827 Neapolitani,

298 4840 748 4910 congregationis
789 4842 1128 4900 Clericorum
1163 4847 1513 4918 Regularium
1552 4848 1884 4919 presbyteri,

297 4937 428 5001 qua:
471 4931 713 5001 primum
753 4934 1028 5007 Lugduni,
1070 4939 1166 4992 sed
1206 4940 1389 4994 minus
1427 4939 1716 4995 emendate
1751 4940 1886 4995 1587

296 5024 353 5078 in
385 5025 445 5086 4,
476 5025 680 5080 deinde
727 5031 1041 5084 accuratius
1073 5031 1280 5094 Romae,
1326 5031 1484 5094 l388,
1516 5031 1635 5096 fol.,
1683 5038 1885 5087 excusa

298 5119 506 5182 fuerat,
541 5127 599 5171 ut
631 5117 877 5173 Latinam
923 5121 1221 5176 editionem
1274 5123 1535 5176 Venetam
1583 5123 1710 5177 anni
1748 5123 1884 5178 1604

373 5232 457 5300 (α)
507 5230 721 5285 Laudat
766 5232 915 5288 hunc
944 5232 1212 5303 Agellium
1257 5234 1453 5289 Petrus
1506 5233 1772 5299 Morinus,
1824 5249 1878 5304 p.

298 5301 406 5355 3H
445 5316 636 5355 onusc.

300 5316 406 5355 ou
445 5316 636 5370 opusc.
1445 5357 1448 5359 λ

374 5371 718 5440 (b)Agellius
741 5372 796 5426 in
831 5371 1096 5429 admonit.
1137 5372 1204 5427 ad
1243 5374 1503 5440 lectorem
1539 5373 1685 5429 :Hos
1731 5373 1888 5428 libros

303 5457 425 5494 cum
468 5440 784 5513 Lugdunum
824 5443 1198 5513 imprimendos
1244 5446 1541 5506 misissem.»
1570 5444 1700 5498 adeo
1749 5445 1890 5498 male

305 5526 413 5584 non
445 5513 599 5584 modo
624 5512 974 5584 imprimentis
1002 5513 1339 5584 negligentia,
1380 5531 1559 5569 verum
1589 5515 1750 5570 etiam
1770 5531 1888 5570 cor-

304 5581 526 5652 rigentis
555 5579 713 5650 culpa
751 5585 946 5652 accepti
982 5579 1217 5652 fuerunt,
1255 5592 1312 5636 ut
1351 5585 1642 5640 innumeris
1668 5587 1890 5640 .mendis

302 5650 482 5723 pleni,
509 5656 582 5723 et,
624 5651 943 5723 quodhmihi.
976 5650 1248 5720 molestius
1281 5654 1401 5723 fuit,
1439 5654 1889 5711 annotatiunculis

306 5719 640 5794 marginibus
676 5720 870 5794 additis
921 5724 1141 5791 respersi
1182 5719 1373 5787 essent,
1411 5741 1546 5792 quas
1587 5740 1752 5794 neque
1798 5741 1889 5794 ego

307 5790 582 5851 miseram,
619 5805 783 5857 neque
809 5792 1028 5861 feceram
1066 5809 1080 5844 :
1122 5804 1166 5846 et
1195 5795 1269 5849 ita
1317 5790 1505 5865 ineptm
1557 5803 1604 5847 ct
1647 5790 1887 5848 absurda?

1982 4576 2183 4649 gensis,
2215 4573 2464 4628 Latinam
2479 4571 2788 4627 versionem
2817 4568 3017 4641 adjecit
3037 4577 3094 4624 et
3124 4577 3389 4624 annotatt.
3417 4569 3556 4624 Ibid.

1982 4684 2102 4738 pag.
2140 4665 2262 4728 402,
2294 4680 2352 4718 ιι.
2383 4664 2437 4729 9,
2474 4662 2577 4718 loci
2619 4677 2785 4717 sacrae
2821 4661 3095 4732 Seripurte
3123 4661 3217 4732 qui
3251 4675 3562 4715 memoran-

1985 4766 2074 4813 tur
2128 4774 2156 4812 a
2209 4757 2414 4829 Cyrillo
2459 4756 2691 4824 aliisque
2748 4752 3004 4808 Patribns
3037 4751 3130 4808 Gr.
3178 4782 3249 4792 -ο
3298 4751 3561 4806 Monachii

1986 4851 2041 4904 in
2099 4849 2235 4904 bibl.
2276 4848 2499 4904 elector.
2552 4845 2674 4900 cod.
2731 4844 2937 4909 XVIII,
2996 4841 3119 4916 Cyr.
3161 4843 3310 4898 Alex.
3364 4845 3417 4898 in
3456 4844 3558 4899 Ge-

1992 4944 2138 4998 nesin
2162 4983 2175 5005 ,
2227 4939 2466 4996 Exodum
2490 4979 2504 5003 ,
2543 4937 2843 5000 Leviticum,
2888 4935 3143 4990 Numeros
3169 4976 3182 5000 ,
3230 4935 3556 4991 Deuterono-

1992 5035 2176 5088 mium.
2213 5031 2269 5085 V.
2303 5029 2422 5088 Cat.
2459 5029 2606 5082 codd.
2639 5025 2862 5090 Bavar.,
2892 5042 2946 5097 p.
2985 5027 3479 5083 5.—Vindobona:
3505 5029 3559 5084 in

1989 5123 2125 5178 bibl.
2161 5121 2407 5176 Cmsarea
2443 5117 2564 5173 cod.
2603 5117 2758 5181 LVll,
2789 5134 2843 5171 n.
2883 5116 3135 5172 104-107.
3163 5117 3472 5173 Comment.
3500 5119 3556 5171 in

1989 5242 2162 5295 erant,
2198 5243 2254 5285 ut
2297 5229 2489 5284 alicubi
2531 5244 2594 5282 ne
2640 5229 2869 5281 auctoris
2910 5227 3115 5296 quidem
3154 5231 3472 5284 sanctissimi
3510 5238 3559 5283 ct

1991 5302 2327 5358 eruditissimi
2355 5300 2452 5353 viri
2483 5299 2683 5352 nomini
2718 5307 3011 5368 parcerent.

2060 5373 2130 5444 (c)
2152 5369 2367 5444 V._C_at.
2391 5369 2513 5444 bibl.
2537 5367 2794 5444 _l_.eid.,’p.
2824 5368 2948 5434 511,
2980 5384 3036 5424 n.
3073 5367 3138 5422 10
3159 5378 3216 5424 et
3238 5369 3324 5433 11,
3346 5377 3401 5423 et
3434 5384 3554 5440 pag.

1989 5439 2188 5507 343,n.
2219 5441 2291 5496 25
2310 5454 2374 5494 ac
2403 5439 2492 5495 26.
2519 5439 2702 5498 ~Iliun"
2739 5492 2744 5498 ,
2868 5463 2872 5468 -

2083 5512 2137 5582 d)
2175 5511 2312 5582 Vide
2337 5510 2650 5582 Tillcmont.
2681 5519 2810 5562 tom.
2844 5507 2983 5582 XIY,
3017 5521 3070 5582 p.
3100 5507 3223 5562 672.
3269 5549 3309 5582 _.
3365 5579 3373 5582 _
3459 5557 3462 5560 .

2080 5576 2128 5649 ej
2157 5581 2538 5642 Cassiodorus,
2566 5579 2618 5632 in
2640 5577 2904 5649 prominio
2923 5576 3235 5636 Divinarum
3261 5577 3556 5642 lectionum,

1985 5647 2249 5723 Cyrillum
2270 5649 2724 5723 refertintcrAeos
2748 5647 2840 5723 qui
2867 5655 3031 5699 totam
3071 5653 3282 5703 sacram
3316 5651 3560 5723 Scriptu-

1989 5716 2102 5776 ram
2133 5741 2160 5775 ει
2201 5719 2470 5792 principio
2497 5718 2561 5772 ad
2593 5716 2750 5772 linem
2796 5716 2982 5771 Graeco
3024 5732 3273 5776 sermone
3312 5716 3558 5776 declara-

1989 5800 2135 5846 I'UIII.
