4024 6220
256 241 329 296 sv
451 211 460 216 ’
1514 237 1800 294 norum
1838 240 1875 295 ιε

1973 242 2303 305 ΡΛΒΚΙΕΙΟ.
3466 247 3535 306 58

239 356 420 432 libro,
490 349 646 406 titulo
692 351 914 420 decimo.
975 349 1154 420 Atque
1213 368 1284 416 vr,
1331 351 1386 417 5,
1459 354 1515 408 in
1571 352 1706 422 libro
1743 357 1867 430 .qui.

1973 375 2067 423 ,us,
2105 369 2165 418 ut
2198 361 2252 414 in
2276 359 2595 417 Bibliotheca
2625 363 2943 431 scriptorum
2988 359 3044 415 S.
3073 360 3124 414 J.
3167 368 3353 415 narrat
3403 359 3536 416 Phi-

260 445 486 523 scholia
541 444 755 515 dicitur,
783 443 898 504 sub
952 442 1126 513 titulo,
1169 463 1186 494 ι
1229 441 1513 509 Quomodo.
1533 462 1667 499 unus
1697 444 1854 507 ςιιτί-

261 552 397 595 stus.
435 558 451 590 ι
482 535 736 592 Andreas
793 533 1360 605 ,Samosatenusapud
1389 536 1746 606 Anastasium
1802 538 1857 598 in

259 607 507 700 Hodego,
555 641 608 696 p.
674 623 801 694 514,
861 622 956 674 καὶ
1010 623 1070 675 ἐν
1120 626 1233 687 τοῖς
1273 627 1680 696 γεγραμμένοις
1731 642 1856 695 σχο-

260 722 407 782 Mat;
434 714 749 788 ἑρμηνεύων
777 715 869 768 τὸν
899 716 955 768 ἐν
979 715 1052 784 τῷ
1082 716 1403 786 Εὑαγγελιῳ
1429 719 1694 788 στατῆρα.
1759 718 1853 776 Ci-

262 822 421 866 tatur
443 809 608 865 etiam
644 808 696 860 in
748 806 966 860 actione
998 821 1034 859 ιι
1091 807 1310 874 concilii
1341 807 1697 874 Chalcedon.,
1725 819 1854 865 tom.

245 904 308 964 ,11
343 901 507 965 Binii,
535 917 590 970 p.
620 897 743 960 169,
776 906 832 953 et
860 897 930 950 ab
957 897 1103 961 aliis,
1143 914 1379 966 quorum
1408 899 1526 954 loca
1560 899 1859 956 Tillemon-

247 995 382 1068 ptius
407 1003 546 1045 tom.
594 989 738 1053 XIV,
791 1003 847 1058 p.
886 986 1011 1058 667,
1041 994 1097 1041 et
1138 986 1440 1044 Garnerius
1473 998 1606 1044 tom.
1636 992 1681 1046 ll
1707 992 1859 1048 Marii

247 1081 608 1160 _llercatoris,
651 1095 706 1150 p.
769 1077 894 1142 2l6,
955 1087 1307 1149 annotarunt.
1358 1080 1459 1136 Hic
1523 1081 1656 1137 illud
1711 1099 1850 1154 opus

270 1176 440 1230 etiam
485 1174 765 1245 integrum
821 1169 1014 1226 Latine
1080 1187 1148 1226 ex
1192 1187 1362 1236 mss.,
1412 1189 1532 1244 pag.
1589 1175 1695 1230 218
1733 1191 1857 1245 sq.,

246 1267 644 1338 emendatius,
673 1274 751 1337 [et
790 1279 820 1317 a
859 1279 912 1333 p.
958 1262 1065 1316 258
1102 1263 1169 1317 ad
1202 1265 1298 1319 2M
1351 1265 1554 1338 insigni
1588 1277 1742 1338 parte
1765 1284 1862 1324 au-

249 1358 414 1418 ctius
483 1357 734 1420 exhibet,
827 1371 891 1410 ac
971 1355 1280 1424 versionem
1356 1365 1619 1424 veterem,
1696 1375 1858 1428 quam

249 1451 442 1518 ,solam
502 1447 797 1508 habemus,
828 1445 1116 1512 Mercatori
1178 1447 1439 1512 vindicat,
1509 1448 1653 1502 inter
1705 1449 1863 1518 cujus

267 1541 472 1612 scripta
501 1541 567 1611 in
597 1539 815 1608 duobus
838 1540 1122 1607 codicibus
1190 1540 1336 1606 illam
1389 1542 1594 1610 reperit
1639 1540 1737 1612 (a).
1803 1541 1862 1595 in

271 1633 560 1704 prioribus
575 1631 915 1686 editionibus
945 1631 1212 1686 dividitur
1240 1632 1294 1685 in
1321 1630 1501 1702 capita
1529 1631 1618 1696 25,
1645 1631 1698 1684 in
1723 1630 1864 1686 Gar-

279 1725 515 1784 neriana
547 1725 602 1778 in
637 1724 740 1792 35;
787 1723 1015 1791 Photius
1050 1723 1173 1790 cod.
1216 1739 1369 1788 CLXIX
1396 1723 1628 1778 divisum
1645 1722 1773 1793 legit
1803 1723 1858 1776 in

289 1816 471 1885 capita
499 1813 845 1884 undeviginti.

265 1894 268 1896 ⁷
357 1904 424 1960 0’.
461 1905 596 1976 napi
642 1904 734 1974 τῆς
754 1902 1214 1974 ὲνανθρωπήσεως
1245 1902 1338 1956 τοῦ
1373 1901 1508 1955 Θεοῦ
1538 1903 1733 1971 Λόγου,
1765 1900 1858 1954 τοῦ

284 1995 415 2048 Υιοῦ
446 1996 542 2048 τοῦ
573 1997 798 2065 Πατρός.
854 1995 928 2049 De
976 1996 1346 2050 incarnatione
1397 1995 1544 2050 Verbi
1578 1995 1704 2059 Dei,
1736 1993 1861 2049 Filii

276 2087 477 2146 Patris.
514 2090 576 2144 P.
630 2089 754 2153 801,
789 2088 911 2143 802.
938 2088 1140 2159 Incipit
1171 2105 1183 2141 :
1238 2089 1302 2140 'H
1323 2088 1422 2154 τῆς
1459 2087 1609 2154 Θείας
1639 2087 1862 2158 Γραφῆς

273 2179 536 2249 ephori-sq
563 2178 842 2233 ἔννοια.1ιι
893 2177 1100 2232 Latinis
1146 2176 1484 2232 editionibus
1537 2185 1717 2244 exstat
1741 2179 1862 2231 loco

277 2268 454 2338 primo
481 2267 626 2322 inter
664 2267 938 2331 bomilias,
969 2283 1036 2321 ex
1071 2265 1377 2336 Wollgangi
1417 2265 1644 2320 Musculi
1693 2265 1862 2318 inter-

278 2359 591 2427 pretatione
630 2375 643 2411 :
676 2357 773 2412 sed
802 2356 1082 2412 Aubertus
1104 2357 1345 2412 servavit
1381 2355 1714 2420 versionem,
1738 2370 1863 2410 cum

278 2460 386 2514 qua
421 2445 626 2516 legitur
660 2446 714 2499 in
751 2455 908 2515 parte
966 2461 1022 2499 ιιι
1064 2445 1253 2516 synodi
1290 2444 1614 2518 Ephesinre,
1675 2453 1808 2498 tom.
1845 2442 1866 2498 Ι

283 2537 451 2599 Binii,
486 2555 539 2608 p.
576 2538 698 2592 576.
731 2538 890 2592 Ρληκ.
912 2569 976 2576 -
1002 2537 1060 2591 ln
1098 2537 1264 2591 Μειηεί
1289 2537 1499 2592 collect.
1538 2537 1654 2601 cit.,
1683 2537 1748 2602 V,
1808 2551 1863 2606 p.

286 2629 410 2694 169,
450 2631 566 2695 170,
600 2640 658 2685 et
696 2631 752 2684 in
781 2630 1069 2686 concilior.
1105 2628 1444 2700 generalium
1469 2628 1602 2683 edit.
1632 2629 1726 2684 Gr.
1762 2629 1868 2683 La-

286 2723 399 2776 tina
444 2723 727 2787 Vaticana,
779 2738 828 2777 a.
879 2721 1034 2783 1608,
1070 2729 1200 2774 tom.
1253 2719 1298 2794 ,1,
1339 2737 1394 2790 p.
1426 2719 1642 2775 588.—-
1671 2719 1870 2775 Vindo-

287 2812 447 2867 bonaa
482 2814 537 2867 in
567 2813 692 2867 cod.
724 2812 928 2869 Caesar.
955 2810 1268 2875 LXXXIIX,
1297 2827 1352 2865 ιι.
1389 2812 1443 2874 5,
1475 2811 1553 2865 De
1592 2821 1734 2864 recta
1766 2810 1870 2879 fide

287 2903 419 2956 liber
454 2919 511 2966 ιι,
541 2901 607 2957 ad
646 2902 1044 2972 imperatrices,
1083 2902 1138 2956 in
1168 2902 1234 2955 15
1263 2911 1420 2957 sectt.
1482 2902 1712 2967 divisus,
1755 2911 1870 2963 tum

287 2997 486 3070 oratio,
509 2994 577 3049 de
593 3011 699 3064 qua
733 2995 788 3048 h.
821 2995 858 3047 l.
884 3009 1066 3048 sermo
1089 3003 1193 3054 est,
1231 2993 1308 3046 De
1331 2995 1696 3049 incarnatione
1721 2993 1870 3049 Verbi

288 3087 408 3153 Dei,
443 3095 502 3142 et
524 3087 682 3156 epist.
714 3085 782 3142 ad
808 3085 1106 3141 monachos
1136 3084 1350 3156 :Egypti
1375 3104 1389 3151 ;
1417 3086 1525 3141 inc.
1587 3087 1870 3155 Ἀφίκοντο

295 3177 394 3246 μέν
428 3161 592 3238 τινες.
623 3175 870 3246 Denique
903 3175 1092 3247 Cyrilli
1149 3175 1380 3246 epistola
1419 3177 1488 3250 ad
1531 3178 1868 3242 Nestorium,

291 3283 418 3321 cum
449 3268 688 3324 Nestorii
725 3270 1090 3340 reSponsoria.
1120 3271 1182 3324 ν.
1236 3271 1491 3325 Lambec.
1524 3269 1630 3324 vol.
1674 3269 1762 3333 lli,
1816 3284 1868 3338 p.

292 3358 417 3413 ⁵160.
449 3357 624 3414 Paris.
659 3359 716 3414 in
743 3360 808 3416 ιιι
841 3361 1000 3417 codd.
1039 3362 1171 3416 bibl.
1199 3362 1348 3432 publ.
1388 3362 1554 3416 HABL.

369 3479 423 3525 ι’.
460 3473 766 3543 Συζήτησις
796 3475 922 3542 περὶ
968 3475 1059 3528 τοῦ
1081 3475 1266 3529 αὑτοῦ.
1301 3475 1601 3546 Disputatio
1647 3474 1878 3545 ejusdem

299 3565 602 3635 argumenti
631 3580 728 3634 per
749 3565 1082 3634 quaestiones
1122 3574 1178 3620 et
1209 3567 1612 3636 responsiones,
1649 3582 1703 3637 p.
1746 3566 1878 3620 80‘2-

305 3654 432 3708 804.
470 3655 672 3725 Incipit
698 3675 710 3709 :
745 3657 869 3719 Πῶς
897 3659 924 3710 ὁ
949 3657 1078 3718 Θεὸς
1110 3657 1391 3728 ἀχώρητος
1415 3659 1690 3728 ἐχωρὴθη.
1717 3658 1878 3712 ΕΔΜ.

298 3747 363 3802 ιιι
378 3745 504 3802 cod.
524 3747 789 3812 Escorial.
821 3756 960 3804 teste
993 3747 1266 3812 Pluero,l.
1305 3765 1378 3812 c.,
1399 3766 1519 3822 pag.
1557 3750 1678 3805 164.
1714 3751 1880 3805 Hanc.

373 3837 511 3892 Τοιιι
532 3838 576 3891 γ
601 3853 762 3892 nunc
781 3855 914 3892 ιι.--
937 3844 1025 3892 ια’.
1048 3840 1206 3907 Λόγοι
1237 3840 1594 3910 ὲορταστικοί,
1615 3841 1884 3906 ιιοιιιὶιίω,

304 3929 442 3994 sive,
458 3937 520 3982 ut
540 3929 610 3983 ab
633 3929 942 3984 Alexandro
966 3929 1376 4000 llieropolitano
1407 3929 1479 4000 (b)
1519 3931 1886 4002 appellantur,

307 4019 563 4090 Epistole
583 4020 854 4092 paschales
892 4023 1352 4093 undetriginta,ab
1385 4023 1447 4078 A.
1471 4021 1532 4078 C.
1561 4023 1666 4077 414
1697 4023 1764 4077 ad
1786 4024 1891 4078 445

307 4110 512 4164 habita:
538 4112 625 4165 vel
659 4111 727 4165 ad
754 4112 1032 4168 Ecclesias
1054 4113 1257 4178 missae,
1289 4113 1358 4168 ad
1409 4112 1766 4168 indicendum
1801 4128 1893 4167 so-

305 4200 492 4254 lemne
505 4200 800 4279 Pasehatos
819 4212 1059 4272 tempus,
1085 4204 1233 4276 quod
1247 4203 1650 4274 archiepiscopi
1665 4204 1895 4259 Alexan-

304 4291 459 4346 drini
484 4293 562 4363 (ε)
595 4291 856 4352 oﬂicium.
879 4293 1047 4350 fuisse
1069 4303 1301 4351 constat.
1354 4295 1463 4350 Has
1489 4296 1714 4351 exhibet
1778 4295 1896 4350 Au-

1935 450 2144 522 -lippus
2179 451 2495 522 Alegambe,
2537 450 2727 522 Cyrilli
2750 453 3088 507 heartasticos
3123 453 3229 506 siue
3261 452 3536 523 paschales

1957 557 2244 608 sermones,
2265 560 2297 596 a
2319 558 2374 596 se
2395 541 2686 596 Latinitate
2709 542 2930 595 donatos
2936 543 3059 612 jam
3076 539 3223 612 prelo
3244 553 3534 613 promptos,

1957 633 2047 686 sed
2067 649 2223 686 suum
2270 640 2486 703 partum
2526 634 2838 703 suppressit,
2878 639 2937 684 ut
2964 631 3192 686 Antonio
3236 631 3534 699 Salmatite,

1958 725 2048 792 qui
2081 724 2286 778 eosdem
2335 723 2710 786 transtulerat,
2768 722 2948 776 locum
2997 722 3169 776 daret.
3204 723 3477 779 Praeterea
3507 741 3536 779 a

1959 815 2222 871 Federico
2253 816 2434 879 Metio,
2467 815 2836 869 Thermulano
2863 814 3142 883 episcopo,
3184 813 3375 869 Latine
3408 832 3536 870 ver-

1938 924 2052 966 .sos
2081 909 2412 964 Possevinus
2453 916 2738 962 memorat.
2780 907 3150 961 Numerantur
3182 907 3536 962 bomiliaetri-

1959 1003 2129 1073 ginta,
2183 1001 2279 1056 sed
2320 1003 2395 1056 ita
2445 1010 2506 1056 ut
2562 999 2723 1054 tertia
2763 998 2998 1054 deiicere
3047 998 3283 1054 dicatur.
3339 1000 3539 1056 Paulus

1963 1110 2092 1149 vero
2114 1094 2382 1150 Guldinus
2411 1093 2466 1147 S.
2501 1093 2550 1147 J.
2611 1108 2679 1146 ex
2719 1090 2990 1145 mensium
3030 1091 3368 1160 paschalium
3410 1106 3537 1146 suc-

1961 1185 2207 1240 cessione
2231 1185 2382 1240 visus
2414 1190 2498 1238 est
2544 1182 2647 1236 sibi
2703 1181 2987 1252 collegisse
3017 1181 3223 1235 nullam
3271 1179 3327 1233 in
3357 1179 3538 1235 medio

1962 1275 2286 1339 desiderari,
2335 1273 2432 1328 sed
2465 1289 2588 1343 qua:
2614 1280 2808 1343 quarta
2846 1278 3191 1335 numeratur,
3228 1270 3537 1325 habendam

1964 1367 2173 1421 ratione
2202 1365 2464 1436 temporis
2494 1381 2592 1435 pro
2621 1365 2806 1430 tertia,
2835 1373 3000 1434 atque
3023 1362 3098 1419 ita
3132 1363 3350 1434 insequi
3375 1371 3538 1418 επιε-

1964 1475 2052 1512 ras
2078 1457 2145 1511 ad
2177 1457 2422 1512 ultimam
2451 1472 2642 1526 usque.

2049 1571 2136 1640 ιβ’.
2172 1568 2421 1624 Iiomilize
2439 1568 2665 1622 diversa:
2695 1569 2977 1634 tredecim,
3016 1569 3202 1624 Grzcce
3241 1575 3296 1623 et
3323 1567 3536 1622 Latine.

1898 1699 1934 1752 Β
1969 1665 2028 1718 Ρ.
2057 1661 2316 1725 550-116,
2346 1669 2401 1714 et
2431 1676 2538 1714 una
2573 1659 2785 1723 Latine,
2821 1659 2898 1712 De
2918 1676 2975 1713 eo
3006 1660 3147 1732 quod
3181 1660 3395 1712 Verbum
3444 1659 3542 1713 Dei

1967 1756 2164 1826 factum
2195 1757 2260 1808 sit
2282 1755 2454 1816 homo,
2487 1767 2608 1821 qum
2646 1751 2838 1820 incipit
2874 1749 3462 1821 :Profundumquidem
3493 1760 3542 1804 et

1967 1860 2258 1916 magnum;
2295 1851 2350 1896 et
2369 1842 2478 1912 jam
2526 1839 2810 1910 prodierat
2841 1838 3014 1893 Paris.
3071 1838 3228 1902 i545,
3285 1838 3342 1892 in
3395 1837 3447 1900 8,
3485 1854 3538 1907 p.

1964 1932 2224 1988 416-117.
2255 1932 2405 1986 llanc
2450 1929 2750 1986 Vulcanius
2785 1943 3003 1999 quoque
3061 1929 3370 1998 subiecerat
3400 1929 3544 1982 libro

1966 2034 2150 2079 contra
2171 2023 2756 2095 Anthropomorphitas,
2779 2037 2834 2091 p.
2856 2021 2980 2075 201.
3003 2020 3264 2076 Homilias
3281 2018 3544 2090 quasdam

1966 2117 2153 2189 Cyrilli
2188 2125 2244 2170 et
2281 2114 2681 2187 Chrysostomi,
2713 2113 2918 2169 Gallice
2948 2129 2977 2168 a
3029 2128 3087 2167 se
3125 2127 3332 2175 versas,
3372 2110 3545 2166 edidit

1969 2206 2224 2261 Morellus
2280 2204 2454 2258 Paris.
2498 2203 2655 2267 1601,
2689 2203 2742 2256 in
2803 2203 2852 2256 8.
2888 2202 3222 2265 Gennadius,
3255 2216 3303 2255 c.
3362 2200 3449 2263 57,
3477 2199 3546 2254 de

1968 2298 2207 2370 Cyrillo:
2244 2295 2504 2350 Homilias
2537 2296 2824 2366 composuit
2871 2293 3148 2364 plurimas,
3185 2308 3300 2362 qua:
3336 2292 3407 2344 ad
3454 2291 3545 2344 de-

1970 2389 2308 2445 clamandum
2338 2407 2371 2444 a
2417 2388 2633 2445 Graecia
2683 2387 2933 2456 episcopis
2973 2385 3240 2438 memoria:
3282 2398 3546 2436 commen-

1971 2480 2190 2534 dantur.
2229 2479 2390 2533 Fum.
2422 2507 2490 2518 -—
2529 2475 2729 2531 Oudin.
2752 2475 2790 2529 l.
2827 2490 2900 2538 c.,
2927 2472 3033 2528 col.
3086 2470 3246 2535 1040,
3288 2469 3355 2524 de
3384 2485 3546 2539 argu-

1973 2570 2172 2625 mentis
2201 2570 2539 2641 singularum
2565 2567 2938 2629 homiliarum,
2969 2572 3026 2620 et
3071 2578 3193 2633 quae
3224 2562 3280 2616 in
3317 2559 3550 2616 Auberti

1972 2660 2060 2716 ed.
2091 2661 2329 2730 primum
2363 2660 2549 2715 Graece
2589 2659 2769 2714 lucem
2834 2666 3185 2727 aspexerunt,
3217 2656 3347 2726 agit.
3389 2685 3460 2694 —
3489 2653 3549 2707 in

1974 2750 2142 2804 variis
2172 2759 2355 2804 autem
2394 2748 2528 2802 bibl.
2589 2756 2803 2802 exstant
2845 2745 3031 2818 Cyrilli
3059 2745 3298 2799 homiliaa
3352 2759 3550 2798 manu-

1976 2839 2212 2908 scriptaa.
2242 2839 2300 2892 ln
2327 2837 2452 2892 cod.
2485 2835 2748 2891 Escorial.
2776 2833 3139 2889 Homiliarum
3203 2833 3550 2895 festivarum,

1978 2940 2195 2988 tomus:
2227 2938 2283 2985 et
2301 2947 2359 2995 ιι,
2379 2930 2444 2986 γ.
2464 2929 2644 2984 Pluer.
2665 2927 2700 2982 l.
2731 2943 2876 2997 c.,p.
2907 2926 3028 2980 165.
3062 2924 3240 2995 Atque
3263 2938 3333 2978 ne
3362 2923 3553 2978 charta

1896 3051 1938 3108 ο
1979 3031 2336 3093 temporeque
2365 3022 2580 3085 abutar,
2616 3021 2671 3075 in
2705 3033 2904 3090 genere
2928 3026 3138 3073 tantum
3168 3015 3463 3086 quosdam,
3496 3014 3553 3068 in

1971 3116 2172 3185 quibus
2186 3113 2646 3170 servanturmodo
2661 3113 2866 3184 plures,
2883 3109 3045 3164 modo
3057 3109 3281 3179 singula:
3297 3107 3554 3170 homilia,

1975 3206 2136 3260 codd.
2167 3213 2263 3261 aut
2299 3205 2573 3276 catalogos
2605 3203 2862 3258 codicum
2889 3201 3187 3255 nominabo
3222 3218 3234 3253 :
3275 3198 3559 3253 Florentiae

1974 3297 2029 3350 in
2063 3296 2198 3350 bibl.
2251 3297 2510 3350 Laurent.
2571 3294 2764 3349 Medic.
2821 3293 3014 3348 obvios
3066 3291 3296 3346 Bandin.
3347 3297 3480 3344 tom.
3535 3284 3559 3342 ι

1977 3384 2096 3441 Cat.
2121 3385 2270 3438 codd.
2299 3385 2392 3440 Gr.
2434 3383 2599 3436 Laur.
2643 3389 2893 3437 recenset
2929 3395 3215 3436 sermones
3258 3383 3312 3433 in
3371 3394 3560 3432 occur-

1977 3495 2094 3537 sum
2120 3477 2350 3540 Domini,
2386 3490 2442 3544 p.
2477 3474 2602 3538 M9,
2642 3489 2699 3526 ιι.
2732 3472 2821 3536 52,
2873 3480 2929 3525 et
2979 3486 3035 3540 p.
3091 3469 3215 3533 “2,
3269 3484 3325 3522 ιι.
3380 3467 3449 3531 8;
3503 3468 3559 3520 in

1981 3569 2504 3640 transﬁgurationem
2551 3563 2784 3629 Domini,
2841 3579 2895 3634 p.
2924 3562 3056 3625 455,
3106 3577 3163 3615 ιι.
3213 3559 3304 3616 25.
3334 3590 3406 3599 --
3433 3557 3556 3613 Sec.

1983 3660 2101 3716 Cat.
2137 3657 2528 3730 codd.Anglia:,
2559 3665 2690 3712 tom.
2718 3654 2762 3720 l,
2803 3655 2859 3716 in
2890 3652 3012 3709 cod.
3046 3653 3359 3710 Baroccnn
3387 3649 3475 3714 85,
3507 3655 3564 3703 et

1984 3753 2137 3817 alibi,
2201 3753 2280 3808 uti
2314 3753 2428 3824 jam
2491 3765 2656 3819 supra
2723 3747 3080 3803 notavimus:
3145 3745 3200 3799 in
3267 3740 3560 3798 cod.Rob.

1988 3842 2347 3913 lluntington,
2377 3857 2434 3896 ιι.
2468 3839 2629 3902 5819,
2662 3836 2778 3893 Cat.
2815 3836 2992 3901 Bodl.,
3045 3834 3172 3907 Cyr.
3201 3831 3440 3887 homilim
3473 3829 3564 3892 44,

1988 3935 2238 3990 Arahice.
2272 3964 2344 3974 -—
2369 3931 2542 3988 Paris.
2570 3929 2627 3982 in
2661 3928 2796 3982 bibl.
2829 3927 2982 3996 publ.
3011 3926 3160 3980 hom.
3201 3924 3256 3976 in
3295 3934 3566 3974 occursum

1990 4025 2204 4079 Domini
2254 4025 2309 4078 in
2349 4023 2529 4078 tribus
2576 4017 2780 4082 codd.;
2834 4019 2889 4070 in
2921 4013 3476 4083 transﬁgurationem,
3510 4008 3567 4062 in

1992 4111 2179 4166 decem
2209 4111 2403 4174 codd.;
2434 4112 2486 4164 in
2517 4123 2741 4168 caenam,
2803 4105 2860 4156 in
2895 4102 3110 4157 duobus
3160 4097 3354 4162 codd.;
3387 4099 3440 4149 in
3474 4113 3571 4166 pa-

1995 4201 2233 4258 rabolam
2260 4201 2440 4263 vinem,
2464 4200 2521 4252 in
2540 4197 2662 4252 cod.
2700 4191 3018 4257 DCCLXXI;
3042 4192 3096 4245 in
3118 4187 3491 4260 paralyticum,
3513 4187 3570 4252 in

1996 4295 2118 4350 cod.
2143 4291 2395 4356 MDXCV;
2424 4291 2479 4343 in
2500 4286 2943 4360 puriﬁcationem,
2975 4283 3031 4336 in
3061 4297 3110 4336 c.
3150 4277 3456 4334 MCLXXIII
3476 4293 3492 4343 ;
3515 4277 3571 4330 in

308 4383 505 4438 hertus
564 4399 685 4454 pag.
755 4385 943 4451 1-550,
1001 4401 1069 4442 ex
1142 4386 1387 4441 editione
1452 4387 1894 4444 Graeco-Latina
1927 4405 1969 4460 ι)
2001 4386 2208 4440 laudem
2235 4383 2297 4438 B.
2322 4381 2530 4444 Maria,
2569 4379 2625 4433 in
2654 4377 2834 4432 tribus
2873 4375 3072 4439 codd.;
3105 4382 3161 4428 et
3191 4388 3260 4427 ex
3313 4371 3573 4426 Vaticana

308 4474 541 4528 Antonii
575 4475 871 4555 Salmatiaz,
899 4477 1189 4548 theologi-.e
1210 4478 1268 4533 in
1297 4478 1660 4536 Ambrosiano
1685 4478 1893 4532 Medio-

308 4565 529 4622 lanensi
591 4567 820 4637 collegio
863 4567 1131 4632 doctoris,
1171 4585 1294 4640 qua:
1330 4586 1361 4626 e
1405 4571 1668 4627 Vaticano
1704 4572 1895 4628 codice

313 4670 446 4709 cum
487 4665 844 4730 commentar.
912 4657 967 4711 in
1017 4657 1137 4715 loca
1197 4661 1557 4716 Pentateuchi
1613 4661 1900 4733 prodierat

312 4746 588 4816 Antuerp.
626 4748 778 4811 1618,
819 4749 912 4803 lol.
947 4748 1047 4820 (Δ).
1072 4749 1321 4810 Habebat
1352 4760 1411 4808 et
1427 4752 1676 4809 Andreas
1701 4752 1898 4810 Schot-

315 4947 476 5002 codd.
508 4946 608 5018 Gr.
633 4946 820 5018 Laur.,
848 4946 892 5009 1,
922 4959 979 5018 p.
1009 4945 1082 5002 59
1111 4963 1220 5018 sq.,
1244 4958 1302 5005 et
1322 4949 1446 5004 556.
1481 4947 1646 5004 Hanc.

317 5018 475 5142 rufa)
509 5017 614 5084 Sed
642 5016 942 5106 Walc'hius
1032 5032 1107 5083 c.,
1132 5016 1252 5089 pag.
1299 5019 1422 5100 68.0.,
1455 5018 1524 5073 de
1553 5019 1711 5100 libris
1739 5035 1770 5075 a
1794 5019 1902 5092 Cy-

417 5102 452 5140 o
521 5096 712 5141 contra
757 5088 1073 5142 hesternum
1128 5100 1467 5142 comnosms.
1507 5089 1722 5142 dubitat
1783 5105 1902 5142 eam

353 5085 466 5167 illo;
521 5096 712 5141 contra
757 5085 1073 5170 Nestorium
1107 5085 1467 5170 compositis,
1507 5089 1722 5170 dubitat
1783 5085 1904 5170 eam

315 5156 636 5212 versionem
663 5171 783 5212 esse
814 5158 1029 5226 plenam
1069 5166 1232 5228 atque
1256 5156 1550 5228 integram,
1590 5168 1645 5213 et
1676 5168 1907 5215 annotat

319 5229 637 5282 versionem
687 5237 932 5281 veterem
979 5239 1194 5281 exsmre
1264 5229 1318 5283 in
1371 5229 1542 5283 Mansi
1593 5228 1905 5284 Collectione

320 5297 596 5351 concilior.
648 5297 996 5368 amplissima,
1027 5299 1242 5362 tom.V,
1278 5315 1398 5368 pag.
1433 5300 1554 5368 Ml,
1575 5299 1630 5362 2,
1653 5300 1706 5354 5.
1738 5301 1902 5354 Haec.

397 5368 471 5438 (ὁ)
497 5359 804 5422 Alexander
831 5359 1526 5438 ilieroporlitanus'epistola
1542 5359 1626 5422 ad
1645 5369 1900 5438 Acacium

397 5383 471 5438 ιο)
497 5383 804 5422 Alexander
832 5383 1270 5491 merolppmanus
1299 5383 1526 5491 epistma
1557 5383 1624 5422 au
1645 5383 1898 5424 acaemm

327 5437 752 5508 Berrhoensem,
788 5437 931 5508 apud
1032 5437 1181 5508 'luz.
1223 5455 1295 5508 p.
1360 5437 1427 5492 62
1464 5438 1624 5493 Novae
1683 5437 1898 5495 Collect.

325 5507 582 5560 εοηεὶιὶον
611 5507 912 5592 τρυγίάιειιι
939 5516 1017 5592 est
1040 5507 1464 5592 cuilibet‘legeonti
1491 5525 1633 5592 lcum
1661 5509 1901 5592 ueritatis

326 5593 514 5642 amore,
541 5577 780 5647 capitula
810 5576 921 5645 ejus
958 5576 1189 5648 (Cyrilli)
1221 5586 1270 5632 et
1295 5576 1550 5648 Epistolis
1565 5579 1633 5632 ad
1653 5577 1904 5635 Hebrazos

327 5649 817 5709 interpretationem
863 5655 909 5700 et
940 5647 1183 5703 epistolas
1224 5647 1302 5702 vel
1337 5647 1562 5709 festivas,
1610 5647 1689 5701 vel
1745 5649 1899 5706 alias.

1988 4478 2124 4534 bibl.
2161 4477 2347 4547 plures
2375 4469 2876 4541 homiliae,Coptice
2911 4484 3018 4523 scr.
3047 4467 3113 4523 γ.
3143 4468 3375 4523 Recens.
3407 4463 3568 4519 codd.

1992 4585 2122 4626 mss.
2160 4568 2253 4638 qui
2292 4583 2361 4623 ex
2415 4565 2672 4621 biblioth.
2712 4564 2888 4619 Vatic.
2927 4560 3379 4634 procuratoribus
3429 4557 3567 4612 Gall.

1995 4661 2185 4718 traditi
2219 4659 2394 4723 luere,
2416 4675 2471 4730 p.
2503 4659 2573 4714 56
2603 4666 2660 4713 et
2691 4659 2781 4720 57,
2840 4673 2897 4711 ιι.
2934 4657 3033 4710 157
3065 4672 3129 4710 ac
3160 4655 3283 4718 160,
3308 4661 3363 4707 et
3400 4669 3454 4722 p.
3478 4649 3568 4714 58,

1995 4771 2051 4809 ιι.
2091 4753 2215 4808 164.
2248 4781 2318 4793 -
2345 4750 2575 4806 Taurini
2598 4749 2653 4804 in
2676 4747 2813 4803 bibl.
2846 4747 3036 4818 Regia,
3069 4745 3304 4800 sermoin
3319 4741 3572 4796 solemnia

1997 4959 2047 5006 et
2080 4951 2322 5004 universa
2353 4949 2466 5018 ejus
2497 4947 2816 5020 conscripta,
2827 4953 2973 5020 _etc._
3147 5008 3157 5020 ι

2071 5021 2138 5092 (c)
2163 5007 2392 5092 Similes
2417 5025 2630 5092 exstant
2671 5007 2911 5092 humilia:
2931 5013 3046 5066 sive
3072 5007 3317 5092 epistola!
3346 5010 3544 5078 pascha
3573 5041 3575 5045 ι

1997 5084 2388 5146 ιθέᾹιΙιιιιιειεὶἰ
2422 5097 2478 5143 et
2505 5084 3012 5159 Theophili_A|ex_.,
3047 5089 3108 5135 ut
3140 5084 3408 5159 omittam
3441 5095 3578 5148 quas

1999 5159 2430 5232 DionysiiﬂAlex.
2487 5147 3118 5232 inemo-ratuEulsebius,
3148 5149 3327 5232 Lucii.
3347 5147 3579 5232 Algian-

1999 5217 2159 5287 drini'
2207 5231 2568 5297 Hieronymus
2617 5242 2666 5297 c.
2697 5221 3136 5297 ᾂ118ᾃίραιαιοςιὶ.
3185 5217 3385 5275 Confer
3412 5218 3579 5272 Tille-

2001 5310 2173 5357 mont.
2205 5309 2336 5354 tom.
2368 5293 2507 5362 XIV,
2537 5314 2590 5368 p.
2617 5295 2741 5358 269,
2787 5293 2911 5368 270-
3100 5361 3134 5368 __
3247 5358 3324 5368 __.
3390 5357 3405 5368 .
3478 5357 3534 5368 ...

2081 5371 2157 5443 (d)
2182 5371 2380 5443 Anton.
2410 5357 2679 5426 Sal'niatire
2709 5357 2950 5443 prolegg.
2980 5361 3196 5443 erudita
3245 5358 3346 5443 Eli.
3373 5357 3446 5410 du
3478 5357 3578 5443 Pin

2010 5441 2064 5495 in
2086 5427 2473 5512 compendium
2506 5427 2798 5498 contraiit,
2827 5427 3036 5488 et‘inde
3057 5431 3257 5486 Oudin.
3289 5427 3326 5479 l.
3362 5443 3435 5487 c.,
3471 5428 3576 5481 col.

2011 5510 2147 5564 1055
2193 5526 2336 5566 δρα..
2384 5509 2715 5564 νει-ιιοιειιιιε
2770 5504 2976 5565 retulit,
3030 5511 3086 5556 et
3122 5499 3225 5554 col.
3289 5495 3424 5551 1056
3457 5512 3576 5566 sqq.

2011 5523 2147 5564 Ίυῦὂ
2193 5526 2336 5581 sqq.,
2384 5523 2715 5564 verbotenus
2770 5523 3086 5582 remittam
3122 5523 3225 5554 CUI.
3289 5523 3424 5551 1qu
3457 5523 3574 5566 sqq.

2011 5581 2484 5705 ἶῖξξέιειεριιιιίιιιι
2509 5578 2841 5649 singularum
2864 5572 3211 5628 homiliarum
3231 5576 3574 5640 argumenta.

2033 5666 2173 5704 ΙΑῐιι..
