4024 6220
435 281 439 284 ’
462 256 531 312 59
1693 255 1975 312 NOTITIA
2016 255 2052 310 Ε

2152 250 2486 308 FABRICIO.
3655 242 3721 300 69

463 367 706 423 Palmar.
735 376 791 424 et
818 371 873 423 in
908 368 963 425 S.
994 369 1248 435 Paulum,
1291 370 1345 423 in
1396 369 1558 424 codd.
1606 369 1752 424 LXX
1800 377 1857 425 et
1879 369 2037 425 CXV.
2072 384 2113 438 Α
2144 381 2225 437 sq.
2262 397 2333 405 —-
2366 363 2653 420 Nonnulla;
2689 369 2818 417 sunt
2847 357 3137 415 Florentia:
3167 357 3223 412 in
3260 336 3420 413 codd.
3456 356 3715 414 Laurent.

464 459 726 533 V.Catol.
757 462 905 516 codd.
936 462 1029 519 Gr.
1049 461 1232 525 Tuan,
1262 476 1317 531 p.
1351 461 1450 516 165
1492 470 1548 516 et
1583 462 1709 515 217.
1739 492 1808 501 -
1830 461 2037 516 Vindo-

464 552 623 607 bonaz
652 552 705 607 in
734 553 868 607 bibl.
901 553 1100 608 Cresar.
1127 553 1180 607 in
1229 553 1351 608 cod.
1378 552 1637 618 LXXVII,
1669 569 1726 606 n.
1748 552 1837 617 51,
1870 552 2038 622 quin-

464 659 573 711 que
622 644 883 708 homilire,
911 652 970 698 et
1013 659 1069 698 n.
1116 643 1205 709 10,
1257 645 1397 698 hom.
1438 644 1503 697 de
1538 643 1748 710 Paulo,
1783 643 2041 714 episcopo

464 733 755 797 Emeseno,
786 742 842 787 et
862 734 926 787 de
940 735 1207 789 incarnat.
1228 734 1461 797 Domini,
1496 743 1554 790 et
1584 735 1856 804 posterior
1875 735 2041 789 etiam

466 825 521 877 in
551 824 674 878 cod.
722 824 1052 890 LXXXVIII,
1113 843 1173 880 n.
1235 828 1290 891 5,
1322 828 1379 881 in
1433 828 1627 898 festum
1668 827 1950 896 Puriﬁcat.
1984 826 2043 881 in

466 914 587 967 eod.
615 912 844 978 CXLVI,
877 931 933 967 11.
964 915 1050 968 17.
1090 914 1153 971 γ.
1205 915 1464 971 Lambcc.
1502 916 1821 980 Comment.,
1855 917 1946 981 111,
1984 932 2040 986 p.

466 1001 727 1065 588-592,
761 1011 818 1057 et
842 1004 946 1058 476
1002 1035 1072 1043 -
1103 1008 1180 1060 Αο
1207 1005 1314 1059 vol.
1365 1006 1430 1070 V,
1463 1020 1519 1074 p.
1553 1004 1676 1061 260.
1705 1036 1777 1044 -
1804 1006 1869 1059 In
1907 1007 2041 1076 virg.

465 1093 717 1157 Mariam,
760 1095 959 1163 Ephesi
1019 1105 1211 1150 contra
1257 1096 1568 1151 Nestorium
1621 1096 1826 1151 habita.
1873 1096 1951 1150 Ib.
1989 1097 2045 1149 in

467 1185 576 1238 vol.
601 1185 735 1249 Vlll,
770 1186 876 1239 col.
911 1185 1035 1239 820.
1066 1186 1122 1240 111
1161 1187 1246 1242 Jo.
1285 1188 1498 1241 Patusa:
1527 1186 1899 1257 Encyclopwd.
1926 1187 2044 1256 plci-

469 1275 587 1340 ιυι..
624 1277 729 1329 vol.
767 1276 833 1341 Il,
886 1286 971 1331 est
1003 1293 1057 1347 p.
1116 1278 1220 1331 522
1268 1277 1458 1348 Cyrilli
1508 1288 1694 1332 contra
1747 1277 2047 1332 Nestorium

466 1384 658 1433 sermo,
691 1368 873 1423 dictus
915 1368 969 1422 in
1011 1368 1220 1440 synodo
1264 1368 1578 1437 Ephesina;
1621 1385 1743 1439 pag.
1814 1368 1938 1432 526,
1972 1368 2050 1421 De

471 1458 652 1512 Sotere
681 1469 858 1514 nostro
890 1460 999 1514 Deo
1028 1469 1078 1514 et
1122 1462 1369 1527 homine;
1425 1471 1481 1517 et
1510 1478 1565 1531 p.
1588 1461 1712 1526 529,
1752 1461 1822 1515 de
1853 1460 2048 1515 eodem

470 1560 794 1621 argumento
851 1568 1034 1607 sermo
1093 1552 1278 1607 dictus
1320 1554 1522 1623 Ephesi
1575 1553 1629 1607 in
1661 1553 1905 1623 templo,
1957 1552 2047 1607 die

474 1641 530 1696 S.
568 1642 800 1698 Ioannis
824 1643 1191 1713 evangelista.
1217 1644 1384 1698 "ARL.

2140 457 2202 510 V.
2236 455 2462 510 Bandin.
2487 452 2605 509 Cat.
2634 452 2783 506 codd.
2806 451 3051 515 Laur.,l,
3081 466 3135 520 p.
3168 449 3363 514 122,11.
3400 449 3502 517 54ς
3526 467 3578 519 p.
3598 450 3720 516 129,

2141 563 2196 601 11.
2228 546 2336 613 22;
2373 562 2428 617 p.
2459 545 2583 608 544,
2615 561 2672 599 11.
2705 544 2772 610 7;
2807 542 2919 597 vol.
2955 542 3022 606 II,
3056 558 3176 613 pag.
3234 541 3357 606 111,
3404 558 3462 595 n.
3495 542 3563 607 5;
3600 542 3722 612 plu-

2142 651 2233 693 res
2266 636 2322 690 in
2346 635 2509 690 codd.
2531 634 2739 704 Anglite
2769 639 2826 687 et
2870 631 3098 686 llibern.
3138 646 3248 685 sec.
3304 632 3465 687 catal.
3498 631 3553 685 in
3582 631 3715 685 bibl.

2141 726 2350 782 Bodlei.
2381 743 2441 780 n.
2475 726 2565 787 26,
2591 725 2679 789 85,
2711 724 2798 787 86,
2829 723 2989 792 epist.
3023 721 3300 777 canonica:
3332 739 3347 787 ;
3378 737 3433 774 n.
3464 722 3553 784 91,
3598 721 3718 783 112,

2145 820 2266 883 185,
2312 816 2652 883 1171,1220,
2694 816 2850 870 1955.
2886 846 2958 854 -
2986 814 3141 868 Τυιη.
3174 814 3239 879 ll,
3276 813 3423 868 inter
3451 813 3723 868 cod.Galc

2143 927 2201 967 n.
2233 910 2392 976 5905,
2412 909 2631 981 cpistola
2658 909 2909 963 canonica
2929 922 3054 961 eum
3075 905 3319 970 scholiis,
3346 912 3494 975 etep.
3523 905 3593 958 ad
3612 904 3725 975 epi-

2142 1021 2326 1075 seOpos
2356 1004 2538 1074 Libya:
2578 1020 2643 1056 ac
2691 999 3064 1072 Pentapoleos.
3102 997 3439 1053 intercodd.
3474 997 3631 1059 Mori,
3664 1014 3721 1049 n.

2144 1095 2303 1150 9l98.
2332 1124 2404 1133 —-
2424 1093 2669 1157 Dublini,
2702 1109 2757 1146 n.
2788 1091 2892 1145 277
2925 1100 2981 1145 ct
3007 1088 3129 1143 280.
3156 1119 3227 1159 -—_
3249 1087 3474 1141 Taurini
3503 1087 3558 1140 in
3587 1087 3721 1142 bibl.

2146 1185 2315 1255 Regia
2339 1185 2490 1255 epist.
2533 1184 2603 1237 ad
2647 1182 2914 1236 Damnum
2945 1189 3001 1235 et
3045 1180 3114 1234 ad
3163 1179 3389 1250 episcop.
3439 1177 3615 1249 Libym
3676 1187 3724 1230 et

2147 1278 2425 1350 Pentapol.
2492 1278 2547 1331 in
2579 1277 2702 1333 cod.
2729 1274 2839 1341 CV,
2893 1290 2947 1344 p.
2977 1273 3077 1327 197
3132 1270 3305 1326 Catal.
3341 1300 3411 1309 —
3441 1269 3611 1324 Paris.
3669 1269 3725 1323 in

2148 1370 2390 1425 sedecim
2438 1368 2600 1424 codd.
2659 1365 2865 1421 Graecis
2916 1363 3055 1417 bibl.
3118 1361 3272 1432 publ.
3328 1359 3631 1415 secundum
3679 1358 3726 1413 ll

2148 1463 2256 1518 vol.
2287 1461 2481 1526 Catal.,
2513 1468 2570 1514 et
2610 1474 2703 1513 sex
2758 1457 2876 1510 Lat.
2910 1459 2965 1509 in
2995 1463 3127 1510 tom.
3158 1452 3226 1507 111
3259 1467 3324 1505 ac
3369 1451 3455 1506 lV.
3492 1481 3563 1489 —
3596 1448 3726 1519 Epi-

2148 1553 2297 1609 stola:
2339 1552 2603 1606 canonij
2651 1549 2745 1606 Gr.
2785 1556 2842 1603 et
2870 1548 2988 1601 Lat.
3039 1560 3164 1599 eum
3200 1544 3425 1599 scholiis
3450 1541 3729 1597 Theodori

2151 1643 2510 1707 Balsamonis,
2560 1643 2619 1696 in
2678 1641 2824 1697 Guil.
2890 1637 3170 1709 Beveregii
3231 1635 3483 1691 Pandect.
3536 1651 3726 1688 canon.

546 1737 633 1797 ιγ’.
662 1732 915 1802 Epistolw
936 1732 1024 1786 LX
1045 1732 1230 1805 Cyrilli
1259 1743 1314 1789 et
1345 1735 1579 1789 aliorum
1607 1734 1792 1790 Grazcc
1819 1743 1875 1789 et
1898 1734 2051 1788 Lati-
2084 1728 2125 1780 Β
2153 1737 2331 1792 Oxon.
2379 1735 2537 1798 1672,
2597 1733 2716 1797 fol.,
2751 1741 2886 1787 tom.
2948 1730 3014 1793 11,
3050 1737 3192 1798 part.
3218 1744 3255 1791 1,
3292 1742 3345 1797 p.
3389 1726 3490 1781 176
3514 1742 3630 1795 sqq.
3661 1756 3733 1765 —

474 1819 607 1873 tine.
638 1820 764 1890 Pag.
802 1821 991 1887 1-215,
1022 1824 1266 1892 exceptis
1307 1825 1516 1894 paucis,
1560 1841 1680 1894 quae
1707 1824 1898 1879 Latine
1930 1834 2051 1879 tan-

477 1920 592 1964 tum
616 1912 843 1980 reperiri
866 1922 1185 1982 potuerunt,
1228 1915 1568 1986 deprompta:
1628 1931 1697 1969 ex
1741 1915 1893 1970 Actis
1919 1932 2051 1970 con-

475 1999 754 2066 ciliorum,
784 2001 1069 2070 Ephesini,
1100 2003 1568 2059 Chalcedonensis
1598 2004 1677 2076 [in
1727 2006 1866 2061 Bibl.
1900 2010 2050 2065 Patr.

474 2092 583 2161 vol.
620 2091 660 2153 I,
692 2108 745 2161 p.
777 2091 900 2156 415,
935 2094 1023 2147 ed.
1075 2094 1295 2166 Paris.],
1327 2104 1432 2150 etc.
1456 2136 1472 2160 ,
1508 2106 1568 2151 ut
1600 2097 1739 2152 infra
1786 2100 1841 2154 in
1874 2101 2052 2158 indice

474 2182 821 2252 alphabetico
863 2184 1233 2249 homiliarum,
1284 2186 1642 2256 epistolarum
1691 2199 1747 2243 et
1779 2191 2053 2247 minorum

476 2275 867 2343 opusculorum
925 2276 1114 2348 (lyrilli
1170 2277 1488 2333 distinctius
1540 2281 1913 2338 annotabitur.
1974 2287 2055 2341 Ex

476 2366 564 2419 his
600 2366 807 2421 Latium
831 2367 1104 2423 editiones
1129 2368 1370 2437 Operum
1394 2369 1583 2441 Cyrilli
1623 2372 1889 2428 exhibent
1931 2376 2052 2445 epi-

472 2458 641 2513 stolas
672 2458 914 2524 XXXIX,
942 2475 1012 2514 ex
1039 2460 1295 2515 versione
1340 2461 1647 2535 Wolfgangi
1678 2465 1930 2520 Musculi.
1974 2468 2053 2521 Ex

473 2550 721 2622 epistolis
746 2551 931 2621 Cyrilli
957 2552 1024 2606 ad
1043 2552 1354 2607 Nestorium
1375 2561 1431 2607 et
1453 2554 1719 2610 Joannem
1734 2556 2054 2614 Antioche-

475 2658 609 2695 num
648 2641 957 2696 afferuntur
988 2642 1239 2712 quaedam
1279 2643 1333 2697 in
1364 2653 1518 2714 parte
1540 2662 1597 2700 111
1629 2648 1850 2702 concilii
1887 2650 2053 2705 Chal—

474 2733 824 2799 cedonensis,
854 2742 986 2787 tom.
1013 2735 1058 2788 ll
1088 2735 1249 2800 Binii,
1278 2752 1335 2806 p.
1388 2736 1513 2791 519.
1544 2738 1702 2793 1³11111.
1740 2770 1811 2778 —
1834 2739 2056 2796 Ccillier

477 2824 533 2878 in
564 2842 577 2877 :
615 2824 848 2879 Histoire
873 2825 963 2880 des
995 2833 1212 2880 auteurs
1236 2826 1442 2892 ecclés.,
1494 2837 1632 2883 tom.
1656 2830 1746 2894 III,
1768 2847 1890 2902 pag.
1926 2832 2051 2898 288,

477 2915 598 2970 illas
627 2916 891 2986 epistolas
934 2917 1227 2988 diligenter
1259 2920 1572 2985 recensuit;
1610 2920 1813 2977 Oudin.
1834 2940 2054 2994 quoque

475 3008 516 3062 l.
545 3024 618 3074 c.,
657 3024 781 3080 pag.
821 3008 955 3064 1010
997 3002 1143 3079 sqq.,
1197 3009 1310 3065 LXI
1358 3010 1546 3082 Cyrilli
1605 3013 1885 3082 epistolas,
1921 3032 2056 3085 qua-

478 3116 602 3155 rum
636 3099 885 3170 plurima:
910 3101 978 3155 ad
996 3101 1281 3156 historiam
1311 3102 1529 3169 concilii
1578 3104 1841 3174 Ephesini
1863 3146 1877 3170 ,
1903 3115 1959 3162 et
1985 3107 2053 3162 ad

477 3189 852 3244 dissensiones
897 3188 1085 3261 Cyrilli
1143 3207 1268 3246 cum
1318 3191 1403 3246 Jo.
1441 3192 1779 3249 Autioehcno
1825 3195 2056 3266 aliisque

476 3280 854 3335 Orientalibus
902 3281 1201 3351 pertinent,
1241 3292 1549 3349 enumerat,
1575 3295 1633 3339 et
1674 3286 1742 3340 de
1776 3288 2058 3343 nonnullis

475 3373 725 3444 quaedam
768 3382 1024 3440 aimotat;
1048 3374 1306 3445 denique,
1338 3395 1355 3426 ι
1383 3377 1583 3446 quibus
1615 3377 1923 3450 (epistolis),
1956 3381 2052 3444 ait,

478 3464 607 3531 addi
661 3464 874 3534 possint
916 3465 1035 3520 alia:
1082 3465 1223 3531 duae,
1276 3467 1538 3523 nimirum
1588 3470 1817 3539 cpistola
1864 3472 2057 3543 Cyrilli

478 3558 631 3612 Alex.
667 3557 733 3611 ad
765 3556 1043 3627 Optimum
1063 3560 1379 3628 episcopum
1402 3601 1417 3624 ,
1451 3560 1506 3614 in
1548 3563 1714 3619 verba
1751 3563 2053 3630 Geneseos,

479 3650 660 3704 Omnis
703 3651 791 3718 qui
843 3649 1085 3703 occiderit
1128 3648 1284 3715 Cain,
1340 3652 1393 3705 in
1443 3653 1747 3725 septuplum
1784 3658 2053 3725 punietur,

478 3750 612 3804 etc.,
644 3740 739 3795 Gr.
780 3748 839 3793 et
892 3740 1009 3795 Lat.
1038 3739 1185 3794 edita
1227 3741 1280 3795 in
1325 3741 1580 3798 Chronico
1620 3745 1914 3800 Alrxandr.
1962 3749 2052 3803 ed.

480 3832 672 3887 Matth.
705 3832 944 3898 Raderi;
986 3832 1158 3887 altera
1180 3873 1195 3898 ,
1233 3833 1496 3905 inscripta
1527 3853 1540 3888 :
1581 3836 2055 3895 Commonitorium

480 3924 542 3977 de
557 3923 817 3990 Nestorio,
844 3924 991 3993 quod
1015 3924 1222 3994 primus
1244 3926 1299 3979 in
1330 3927 1507 3981 lucem
1528 3930 1727 3984 extulit
1746 3931 2056 4001 Stephanus

482 4014 755 4078 Baluzius,
788 4013 882 4069 Gr.
909 4022 968 4069 et
1000 4014 1120 4068 Lat.
1150 4016 1207 4068 in
1238 4015 1385 4070 Nova
1418 4016 1725 4072 collectione
1755 4021 2052 4087 conciliatu,

481 4106 655 4161 Paris.
689 4105 847 4170 1685,
882 4106 1001 4169 fol.,
1029 4122 1082 4174 p.
1109 4105 1244 4171 577;
1282 4106 1520 4177 denique
1563 4109 1809 4183 prologue
1848 4111 1906 4166 S.
1949 4111 2054 4184 Cy-

484 4196 594 4250 rilli
628 4213 722 4267 pro
748 4196 890 4267 cyclo
925 4213 1023 4253 xcv
1055 4214 1338 4264 annorum,
1358 4199 1547 4261 Latine
1574 4213 1785 4259 tantum
1809 4204 1879 4259 ab
1900 4204 2054 4275 Egi-

480 4288 575 4344 dio
601 4287 892 4352 Bucherio,
921 4290 1074 4362 8.1.,
1100 4292 1204 4347 sub
1228 4292 1390 4347 ﬁnem
1419 4292 1810 4350 Commentarii
1853 4296 1911 4350 in
1948 4296 2055 4352 Ca-

2152 1831 2300 1885 Inter
2320 1845 2445 1898 epp.
2485 1835 2571 1881 est
2589 1842 2645 1896 p.
2672 1825 2771 1878 171
2794 1823 2884 1878 ed.
2918 1838 3006 1892 cp.
3040 1820 3105 1875 ad
3144 1818 3434 1874 Maximum
3461 1816 3729 1886 aliosque,

2153 1936 2274 1989 qua:
2306 1929 2392 1974 est
2421 1918 2563 1986 disp.
2599 1923 2791 1969 contra
2815 1928 2910 1967 eos
2934 1909 3311 1966 Occidentales
3331 1907 3424 1977 qui
3455 1906 3731 1960 Theodori

2153 2011 2354 2082 placita
2380 2022 2683 2065 consonare
2716 2020 2839 2060 cum
2866 2002 3122 2066 formula,
3169 2000 3450 2062 dicerent,
3484 1996 3607 2051 fidei
3640 1997 3735 2051 Ni-

2154 2118 2337 2166 caeum,
2391 2108 2448 2156 et
2502 2100 2604 2153 sub
2669 2095 2889 2151 nomine
2932 2111 2945 2146 :
2996 2092 3267 2163 Expositio
3306 2091 3361 2144 in
3414 2087 3730 2159 symbolum,

2153 2201 2332 2249 exstat
2352 2193 2409 2246 in
2440 2191 2598 2246 codd.
2632 2198 2794 2259 atque
2826 2187 2882 2240 in
2912 2184 3080 2240 Mansi
3121 2182 3373 2245 Collect.,
3409 2188 3541 2244 etc.,
3597 2188 3729 2234 tom.

2154 2285 2220 2349 V,
2254 2301 2309 2354 p.
2342 2283 2464 2337 585.
2498 2282 2666 2337 ΗΑιιι..

2228 2376 2308 2430 ιδ’.
2352 2370 2810 2447 Προσφωνητικὸς
2849 2368 2919 2423 ad
2967 2369 3340 2437 imperatorem
3397 2362 3731 2416 Theodosium

2152 2467 2453 2530 Juniorem,
2489 2466 2616 2532 περὶ
2645 2463 2746 2532 τῆς
2784 2461 2953 2534 ὀρθῆς
2985 2460 3242 2523 πίστεως,
3273 2456 3336 2509 de
3369 2463 3509 2508 recta
3538 2455 3592 2507 in
3622 2452 3734 2506 Do—

2156 2562 2357 2614 minum
2385 2554 2828 2611 nostrum'lesum
2864 2550 3130 2607 Christum
3157 2548 3281 2617 ﬁde.
3309 2547 3367 2600 Ρ.
3402 2545 3552 2599 1-12,
3587 2541 3734 2598 Inci-

2154 2653 2273 2723 pit:
2301 2651 2413 2720 Τῆς
2448 2649 2546 2721 μὲν
2582 2649 2640 2701 ὲν
2674 2643 2981 2717 ἀνθρώποις
3024 2640 3273 2703 εὐκλείας
3320 2639 3380 2690 τὸ
3433 2634 3732 2690 ἀνώτατον.

2157 2744 2405 2813 Scriptus
2434 2741 2496 2796 A.
2531 2740 2592 2795 C.
2624 2739 2747 2793 450.
2783 2736 2917 2791 Vide
2951 2732 3356 2789 Tillemontium
3402 2737 3532 2783 tom.
3590 2727 3733 2790 XIV,

2154 2853 2209 2906 p.
2230 2837 2332 2890 510
2354 2851 2472 2904 sqq.
2497 2834 2557 2887 In
2589 2830 2796 2886 Latinis
2824 2827 3162 2883 cditi‘onibus
3183 2821 3421 2879 occurrit
3443 2822 3526 2876 .lo.
3552 2816 3736 2875 OEco-

2155 2927 2412 2998 Iampadii
2444 2924 2845 2994 interpretatio.
2887 2921 3027 2977 Cum
3052 2919 3158 2974 alia
3183 2917 3431 2973 versione
3454 2917 3509 2969 in
3535 2922 3686 2984 parte
3718 2931 3735 2968 r

2156 3020 2416 3074 Actorum
2445 3017 2661 3071 concilii
2689 3014 2975 3084 Ephesini,
3016 3013 3205 3067 Roma:
3234 3009 3390 3073 1608,
3413 3017 3577 3078 atque
3608 3005 3735 3059 inde

2159 3109 2213 3162 in
2242 3108 2467 3161 Biniana
2505 3122 2555 3160 a.
2585 3104 2741 3169 1618,
2776 3112 2910 3158 tom.
2941 3103 2984 3167 1,
3018 3117 3074 3171 p.
3111 3099 3199 3166 20,
3235 3108 3398 3168 atque
3446 3097 3737 3152 Lahbeana

2158 3206 2290 3252 tom.
2336 3198 2426 3264 111,
2483 3213 2537 3268 p.
2594 3197 2684 3262 45,
2748 3194 2949 3249 citatur
2996 3192 3051 3247 in
3092 3190 3325 3247 concilio
3368 3206 3420 3244 γι
3448 3189 3672 3245 Actione
3703 3186 3730 3241 1

2157 3301 2214 3347 et
2252 3290 2334 3345 10.

2233 3391 2310 3438 ιε’.
2332 3379 2786 3454 Προσφωνητικὸς
2805 3381 2924 3443 ταῖς
2943 3375 3358 3438 εὐσεϐεστάταις
3377 3372 3734 3445 βασιλίσσαις,

2157 3478 2302 3546 λόγοι
2335 3477 2398 3548 β’.
2430 3476 2575 3531 Libri
2618 3475 2722 3528 duo
2767 3474 2831 3527 de
2872 3482 3017 3527 recta
3045 3471 3151 3540 ﬁde
3195 3471 3264 3524 ad
3317 3468 3735 3540 religiosissimus

2159 3572 2389 3641 reginas,
2458 3566 2751 3623 Theodosii
2809 3564 3055 3620 Junioris
3110 3564 3415 3633 coniugem,
3472 3558 3736 3614 Liciniam

2157 3661 2482 3724 Eudoxiam,
2530 3671 2883 3725 sororesque,
2932 3653 3210 3708 Flacillam
3261 3660 3318 3706 et
3368 3648 3733 3706 Pulcheriam.

2134 3752 2271 3808 .Suh
2305 3752 2450 3806 idem
2479 3760 2694 3819 tempus
2720 3746 2911 3817 scripti
2936 3761 3061 3800 cum
3091 3745 3392 3815 superiore.
3422 3744 3577 3798 Prior
3612 3758 3736 3812 pag.

2155 3844 2382 3899 42-127.
2409 3841 2608 3911 Incipit
2642 3839 3035 3911 Σεμνολόγημα
3064 3837 3162 3905 μὲν
3204 3836 3594 3905 οἰκουμενικόν.
3630 3835 3737 3886 1'0—

2156 3935 2354 3989 sterior
2381 3950 2436 4004 p.
2472 3932 2729 3987 128-180.
2773 3929 3006 3998 Incipit:
3040 3927 3166 3988 Τοῖς
3188 3926 3247 3977 τὸ
3271 3925 3412 3977 θεῖον
3445 3921 3537 3974 καὶ
3573 3922 3739 4004 obpi-

2156 4041 2267 4077 νιον
2314 3998 2651 4095 ἰερουργοῦσι
2698 4022 2976 4089 κήρυγμα.
3024 4016 3277 4069 Citantur
3319 4029 3371 4082 p.
3409 4011 3476 4065 48
3498 3998 3737 4079 δηλοοει

2155 4113 2436 4169 Athanasii
2483 4114 2546 4163 ἐκ
2606 4109 2698 4162 τοῦ
2744 4108 2885 4176 Περὶ
2934 4103 3289 4172 σαρκώσεως
3322 4103 3530 4169 λόγου,
3570 4100 3736 4155 Attici

2128 4238 2131 4239 ν
2155 4203 2418 4275 episcOpi,
2431 4201 2686 4255 Antiochi
2702 4197 2965 4269 episcopi,
2979 4192 3345 4265 Amphilocliii
3368 4190 3609 4261 cpisc0pi
3626 4192 3740 4244 leo-

2154 4294 2332 4358 1111,ὲκ
2349 4291 2443 4345 τοῦ
2464 4292 2600 4360 Περὶ
2620 4290 2729 4356 τῆς
2749 4289 2896 4342 κατὰ
2915 4286 3114 4355 σάρκα
3128 4282 3491 4354 γεννήσεως,
3518 4282 3737 4336 Ammo-

482 4396 684 4436 nonem
738 4382 1049 4451 paschalem
1117 4384 1359 4438 Victoris
1429 4384 1709 4454 Aquitani.
1780 4385 2048 4458 Antuerp.
2086 4402 2129 4456 ι)
2160 4387 2265 4451 nis,
2310 4382 2553 4454 episcopi
2626 4378 3121 4449 Adrianopolitani,
3186 4375 3432 4439 Joannis,
3496 4373 3734 4444 episcopi

483 4467 640 4523 1655.
678 4488 696 4521 1
732 4469 897 4535 Infra,
930 4486 985 4524 n.
1022 4470 1141 4535 150,
1181 4472 1447 4527 asseritur
1478 4474 1651 4528 editio
1695 4491 1748 4529 a.
1796 4476 1953 4532 1651.
1988 4509 2059 4517 —

480 4561 697 4616 Walch.
723 4578 942 4631 quoque
967 4562 1023 4615 in
1044 4561 1182 4615 Hist.
1231 4564 1385 4627 luem,
1419 4563 1484 4629 V,
1531 4566 1755 4634 passim,
1779 4582 1832 4622 e.
1866 4586 1971 4638 gr.,
2000 4586 2055 4640 p.

481 4653 587 4707 555
613 4669 720 4724 sq.,
746 4653 871 4718 556,
898 4652 1003 4707 558
1048 4662 1105 4707 et
1151 4654 1304 4718 alibi,
1332 4654 1389 4709 in
1432 4657 1627 4726 primis
1653 4676 1776 4730 pag.
1799 4661 2056 4728 582-110,

483 4743 823 4814 frequentem
855 4744 1211 4815 epistularum
1239 4745 1424 4818 Cyriili
1467 4748 1600 4804 facit
1634 4753 1967 4808 mentionem
1991 4755 2060 4809 ad

485 4836 861 4892 illustrandam
888 4836 1173 4892 historiam
1207 4839 1480 4895 haereseos
1527 4842 1884 4900 Nestorianaa.
1906 4845 2060 4901 Man-

484 4927 600 4981 sius
626 4928 680 4981 in
715 4927 933 4983 Collect.
952 4928 1138 4982 concil.
1162 4928 1426 5000 ampliss.,
1451 4940 1583 4985 tom.
1608 4933 1673 4987 IV
1688 4941 1745 4987 et
1768 4934 1830 4999 V,
1852 4935 2062 5004 recepit

484 5034 578 5072 eas
628 5035 749 5088 qua:
802 5019 870 5074 ad
911 5020 1341 5075 controversiam
1395 5022 1580 5093 Cyrilli
1644 5038 1767 5077 cum
1806 5024 2060 5079 Nestorio

486 5110 780 5179 pertinent.
806 5110 969 5176 Add.,
998 5112 1106 5166 vol.
1146 5112 1188 5177 1,
1228 5128 1279 5182 p.
1323 5112 1444 5179 700,
1478 5114 1655 5178 XLV;
1722 5113 1789 5171 de
1822 5115 2058 5171 Combe--

486 5200 591 5253 lisii
620 5199 755 5255 edit.
787 5200 1022 5265 Maximi,
1052 5202 1157 5255 vol.
1185 5202 1319 5265 Vlll,
1342 5219 1395 5272 p.
1429 5204 1523 5257 7-11
1557 5213 1664 5259 vet.
1701 5205 1813 5269 ed.,
1844 5208 1899 5259 et
1945 5206 2055 5261 vol.

485 5294 575 5357 l.\',
609 5293 676 5348 de
709 5293 923 5355 Photio,
956 5310 1010 5363 p.
1046 5294 1169 5357 595,
1207 5295 1341 5359 LIV,
1402 5305 1510 5351 vet.
1534 5297 1623 5351 ed.
1661 5328 1730 5338 --
1760 5298 1819 5353 In
1870 5299 2059 5355 multis

484 5387 645 5442 codd.
700 5396 929 5443 servata:
984 5398 1113 5442 sunt
1146 5389 1412 5457 epistolae,
1463 5405 1610 5444 nunc
1657 5391 1864 5459 plures,
1912 5408 2060 5447 nunc

486 5480 790 5545 pauciores,
827 5488 922 5534 aut
978 5496 1085 5533 una
1138 5480 1397 5533 alterave.
1444 5481 1518 5534 De
1568 5480 1729 5534 codd.
1797 5481 2060 5536 (hesarcis

488 5568 820 5624 Vindobona‘.
846 5571 907 5624 V.
941 5570 1194 5626 Lambcc.
1227 5570 1544 5634 Comment.,
1571 5571 1622 5624 in
1654 5570 1824 5633 indic,
1852 5572 1917 5625 ad
1947 5572 2053 5627 vol.

484 5658 576 5725 Ill,
615 5660 757 5717 cht
791 5663 925 5728 VIII.
961 5673 1051 5717 aut
1104 5663 1331 5719 Ncssclii
1389 5663 1565 5718 Culul.
1611 5664 1663 5718 in
1706 5664 1842 5729 ind.,
1888 5680 1940 5732 p.
1992 5664 2056 5717 11

2159 4475 2657 4546 Constantinopol.,
2694 4472 2975 4529 Severiani
3000 4470 3266 4541 episcopi,
3293 4468 3484 4525 Vitalis
3520 4467 3733 4536 episco-

2159 4569 2236 4639 pi,
2277 4569 2341 4621 ἐκ
2362 4565 2464 4620 τοῦ
2492 4566 2631 4633 Περὶ
2662 4567 2922 4628 πΙστεως
2944 4561 3132 4628 λόγου,
3186 4568 3243 4614 et
3281 4557 3574 4628 Theophili
3614 4556 3734 4627 epi-

2159 4659 2331 4729 scopi,
2360 4661 2425 4711 ὲκ
2454 4656 2547 4710 τοῦ
2576 4653 3024 4726 προσφωνητικοῦ
3048 4651 3206 4721 λόγου
3235 4650 3383 4718 πρὸς
3411 4649 3553 4714 τοὺς
3591 4664 3735 4718 φρο-

2159 4753 2418 4818 νοῦντας
2441 4751 2511 4805 τὰ
2544 4748 2896 4818 Ὠριγένους.
2933 4746 2993 4800 111
3022 4744 3232 4800 Latinis
3271 4741 3609 4796 editionibus
3640 4755 3735 4793 oc-

2160 4845 2338 4900 currit
2360 4844 2445 4898 10.
2474 4839 2890 4911 OEcolampadii
2917 4835 3318 4907 interpretatio.
3347 4833 3433 4905 [ν.
3468 4847 3629 4902 supra
3667 4831 3734 4884 ad

2159 4936 2186 5004 ς
2214 4934 2279 4987 111
2302 4973 2316 4998 ,
2349 4932 2417 4986 de
2443 4933 2605 4987 editt.
2641 4930 2790 5001 Lat.]
2818 4928 2923 4984 Sed
2955 4926 3232 4981 Aubcrtus
3267 4922 3505 4978 servavit
3527 4921 3733 4976 versio-

2162 5039 2288 5079 nem
2316 5039 2550 5093 quacum
2579 5020 2785 5077 bilibri
2814 5019 3067 5089 prodiere
3112 5016 3168 5070 in
3213 5023 3369 5085 parte
3412 5029 3428 5066 1
3472 5016 3733 5067 Actorum

2161 5115 2378 5171 concilii
2407 5113 2692 5184 Ephesini,
2727 5111 2862 5166 edit.
2905 5108 3146 5163 Biniame
3193 5105 3335 5177 (qua:
3351 5105 3462 5176 jam
3490 5102 3625 5157 mihi
3664 5103 3732 5157 ad

2162 5203 2402 5274 manus),
2425 5211 2559 5258 tom.
2598 5203 2640 5265 I,
2670 5218 2726 5271 p.
2759 5200 2829 5253 45
2861 5204 2919 5252 et
2941 5197 3028 5252 90.
3060 5194 3316 5249 0101111οι-
3344 5194 3412 5248 ab
3439 5192 3735 5260 Ephraimo

2160 5307 2217 5352 et
2250 5294 2480 5365 Eulogio
2504 5293 2647 5364 apud
2690 5290 2948 5347 Photium
2991 5286 3113 5342 cod.
3148 5301 3358 5347 ccxxux,
3399 5299 3588 5347 ccxxx,
3613 5292 3670 5336 et
3702 5300 3735 5338 a

2164 5389 2347 5444 Leone
2372 5388 2440 5441 Μ.
2469 5385 2705 5456 cpistola
2739 5384 2859 5437 151.
2887 5383 3117 5436 1³11101.-
3135 5378 3291 5433 Conl.
3317 5376 3527 5431 “'alch.
3579 5377 3614 5431 Ι.
3658 5393 3731 5441 0.,

2162 5499 2282 5553 pag.
2299 5479 2401 5533 581
2420 5476 2917 5548 δ‹ι.-Υ111(101)011;0
2940 5474 2993 5527 111
3019 5471 3290 5527 cod.Caes.
3318 5470 3648 5535 LXXXVIII,
3674 5488 3729 5525 11.

2161 5574 2213 5636 5,
2238 5572 2313 5624 De
2340 5579 2482 5624 ret-ta
2524 5570 2628 5637 ﬁde
2655 5568 2795 5622 liber
2836 5563 3110 5620 secundus
3142 5562 3209 5617 ad
3250 5560 3648 5633 imperatriccs,
3678 5562 3729 5615 in

2162 5662 2519 5734 quadraginta
2586 5660 2687 5716 tria
2728 5659 2907 5729 capita
2963 5655 3208 5723 divisus;
3262 5664 3425 5726 atque
3476 5655 3736 5711 Lambec-
