4024 6220
274 266 342 321 61
1526 265 1810 323 NOTITIA
1850 264 1907 320 ET

2004 256 2317 318 s‘ABBICIO.
3495 208 3589 293 δεῖ

278 380 514 442 Coum,
540 377 635 442 III,
658 391 717 448 p.
739 378 866 445 £75,
897 387 1037 442 not.,
1064 380 1193 434 eum
1225 379 1456 449 librum,
1502 381 1802 445 existimat,
1853 396 1885 436 a
1916 387 1958 442 Α
1986 375 2182 449 synodi
2221 372 2534 444 Ephesium,
2576 368 2759 423 tom.'I
2797 365 2963 430 Binii,
2991 365 3131 435 pag.‘
3160 364 3285 425 511,
3305 363 3565 426 auctore,

279 471 491 542 Cyrillo
518 469 639 538 ipso
676 468 734 522 in
769 475 853 523 tot
872 469 1052 540 capita
1075 470 1248 526 fuisse
1281 470 1563 537 divisum;
1592 478 1783 525 contra
1825 471 1882 524 in

283 560 659 616 conciliorum
692 560 1033 629 generalium
1069 561 1205 616 edit.
1244 560 1593 617 Graeco-Lat.
1625 562 1884 617 Vaticana

282 669 335 709 a.
366 652 533 717 1608,
566 661 699 707 ιοιιι.
725 651 770 715 1,
797 668 857 721 p.
882 652 1010 718 216,
1050 652 1266 708 divisus
1315 662 1403 707 est
1428 652 1486 707 in
1533 668 1695 723 capp.
1717 653 1884 722 quin-

283 743 553 815 quaginta
618 759 841 798 novem.
876 774 950 784 —
988 745 1160 799 Paris.
1220 745 1279 799 in
1335 745 1473 799 bibl.
1539 745 1692 814 publ.
1759 743 1881 798 cod.

286 835 779 899 DCCCLXX‘XVII,
811 852 867 890 ιι.
894 836 933 889 5
966 846 1024 891 et
1045 839 1101 902 4,
1136 836 1413 908 Expositio
1456 836 1761 892 orthodoxa:
1813 834 1885 903 ﬁ-

290 927 369 982 dei
394 936 452 983 et
472 942 672 996 opusc.
711 926 776 980 de
802 926 1087 982 Triuitatc.
1121 927 1293 982 Haec.

361 1019 519 1074 Tum)
555 1020 670 1074 VII.
689 1025 877 1084 -ις’.
901 1020 1060 1072 Κατὰ
1079 1020 1187 1073 τῶν
1228 1019 1527 1091 Νεστορίου
1564 1018 1887 1090 δυσφημιῶν

298 1112 655 1176 πεντάὗιϐλος
680 1111 1021 1183 ἀντίρρησις,
1054 1112 1320 1167 Adversus
1372 1112 1602 1167 Nestorii
1643 1112 1887 1183 blasphe—

302 1203 431 1258 mia:
461 1202 943 1265 contradictioni»
965 1200 1086 1255 libri
1118 1201 1177 1267 V,
1207 1218 1332 1274 pag.
1362 1202 1552 1257 1-145.
1586 1201 1724 1257 Cum
1758 1217 1888 1257 ver-

304 1295 450 1349 sione
474 1292 702 1348 Antonii
742 1291 964 1362 Agellii,
1008 1292 1341 1349 Acernensis
1379 1294 1624 1364 episcopi
1647 1294 1747 1365 (α),
1792 1292 1888 1362 qui

308 1386 512 1457 primus
557 1394 794 1454 utraque
833 1384 1020 1455 lingua
1051 1385 1301 1440 ediderat
1348 1385 1511 1441 Rom.
1554 1384 1713 1449 1608,
1766 1384 1886 1451 fol.,

312 1495 431 1536 cum
461 1478 631 1543 notis,
663 1477 954 1548 adjunctus
973 1476 1300 1532 Collectioni
1333 1477 1691 1532 conciliorum
1721 1492 1889 1547 gene—

298 1573 524 1636 ralium,
546 1571 703 1626 Pauli
734 1571 776 1626 V
806 1568 1089 1640 pontiﬁcis
1109 1570 1372 1639 auspiciis
1392 1568 1578 1624 Graece
1606 1578 1661 1623 et
1696 1568 1891 1622 Latine

322 1666 650 1736 vulgaturum
676 1680 707 1718 a
730 1662 937 1719 Iacobo
989 1661 1307 1728 Sirmondo,
1338 1661 1598 1731 quoniam
1652 1660 1709 1714 in
1759 1674 1887 1714 mss.

1984 476 2046 523 ut
2074 465 2315 528 videtur,
2343 463 2511 516 Petro
2540 458 2772 522 Morino,
2803 457 2962 527 cujus
2978 454 3261 524 opuscula,
3283 453 3328 507 si
3363 451 3564 521 placet,

1986 560 2109 614 vide
2139 557 2310 611 Paris.
2348 554 2505 616 I675,
2536 552 2593 605 in
2627 549 2694 603 12
2719 563 2942 611 excusa,
2989 563 3046 616 p.
3094 546 3217 607 549,
3264 544 3390 607 551,
3438 542 3563 596 555.

1983 648 2217 702 Fsem—
2243 642 2515 698 Monacbii
2541 642 2598 695 in
2631 638 2754 694 eod.
2789 637 2851 693 C.
2882 636 2958 690 De
2990 644 3133 689 recta
3162 634 3265 702 ﬁde
3288 634 3465 703 capita
3499 632 3567 685 12

1958 744 2178 792 contra
2209 734 2548 790 Nestorium.
2577 732 2642 789 V.
2674 730 2794 786 Cat.
2826 729 2978 783 codd.
3016 729 3110 783 Gr.
3144 726 3364 790 Bavar.,
3387 741 3441 797 p.
3474 726 3561 779 58.

1983 827 2406 883 —-Vindobon:e
2437 825 2492 878 in
2521 823 2645 878 cod.
2675 822 2875 877 Caesar.
2915 819 3097 881 CLXI,
3129 834 3188 872 ιι.
3212 817 3265 880 5,
3293 832 3360 870 ex
3379 816 3567 887 Cyrilli

1987 919 2279 976 duodecim
2315 926 2505 972 contra
2556 913 2871 970 Nestorium
2918 910 3194 980 capitibus
3248 908 3565 964 anathema-

1987 1014 2183 1068 tismus
2215 1026 2415 1073 nonus,
2448 1023 2573 1063 cum
2599 1000 2917 1069 antirrhesi,
2959 1003 3075 1057 sive
3108 999 3564 1065 contradictione,

1988 1102 2340 1165 Theodoreti,
2372 1101 2540 1170 episc.
2575 1098 2855 1170 Cyrensis,
2887 1105 2944 1151 et
2969 1093 3217 1165 apologia
3257 1090 3565 1162 S.Cyrilli;

1987 1198 2168 1269 agitur
2203 1196 2279 1250 ibi
2313 1195 2380 1250 de
2408 1193 2760 1265 processione
2788 1189 3031 1259 Spiritus
3061 1187 3255 1241 sancti.
3308 1185 3373 1240 V.
3404 1184 3568 1238 Lam-

1988 1291 2134 1354 bec.,
2173 1289 2262 1353 1V,
2302 1304 2357 1358 p.
2397 1284 2698 1340 559.-1ιι
2745 1282 2868 1336 cod.
2899 1281 3124 1335 Barocc.
3170 1276 3375 1333 CLVIII
3409 1291 3569 1345 capp.

1990 1381 2059 1435 12
2101 1390 2282 1435 contra
2329 1376 2652 1432 Nestorium.
2694 1374 2829 1428 Item
2881 1372 2937 1426 in
2996 1370 3174 1423 tribus
3231 1367 3391 1423 codd.
3432 1367 3568 1421 bibl.

1989 1475 2141 1545 pub].
2173 1470 2505 1528 Paris—in
2538 1468 2728 1523 Mansii
2749 1466 2978 1523 Collect.
3013 1472 3145 1527 etc.,
3173 1462 3238 1527 V,
3272 1477 3325 1531 p.
3353 1461 3404 1513 1.
3432 1458 3570 1514 Coll.

1993 1575 2105 1621 tom
2154 1565 2241 1629 IV,
2264 1580 2318 1634 p.
2342 1562 2495 1617 1119.
2512 1562 2671 1615 —De
2696 1561 2745 1613 Ia
2763 1560 2934 1614 Croze
2967 1556 3022 1610 in
3047 1555 3314 1609 Thesauro
3337 1550 3570 1623 epistol.,

1992 1666 2127 1712 tom.
2163 1656 2204 1718 I,
2242 1672 2296 1726 p.
2332 1654 2433 1708 195
2459 1669 2603 1723 sqq.,
2637 1650 2810 1705 multa
2837 1648 3057 1718 scripsit
3092 1647 3159 1701 de
3192 1645 3395 1716 Cyrillo
3424 1644 3574 1713 ejus-

335 1755 600 1810 eodicibus
623 1754 817 1809 Graecis
840 1752 1034 1824 synodi
1063 1753 1358 1823 Ephesinae
1391 1751 1598 1807 inventi
1647 1750 1886 1805 fuerant.
1924 1752 1962 1807 Β
1991 1765 2098 1820 que
2138 1745 2581 1818 Apollinarismo,
2612 1750 2666 1796 et
2694 1742 2836 1795 inter
2865 1740 2970 1794 alia
3000 1757 3012 1791 :
3057 1758 3074 1789 ‹
3119 1737 3177 1791 Si
3209 1736 3340 1805 quid
3365 1735 3574 1805 judico,

339 1848 465 1903 Vide
486 1846 744 1903 Sinnondi
765 1846 966 1916 Opera,
991 1854 1127 1900 tom.
1152 1847 1242 1909 1V,
1267 1862 1323 1915 p.
1349 1845 1473 1899 612.
1516 1842 1762 1898 Meminit
1785 1843 1891 1896 hu-

323 1942 411 2011 jus
435 1940 609 2010 operis
629 1938 927 2009 pentabibli
964 1937 1207 2009 Cyrillus
1250 1937 1368 2007 ipse
1405 1936 1565 2006 epist.
1611 1933 1679 1987 ad
1722 1934 1891 1987 Eulo-

320 2031 483 2102 gium,
505 2048 559 2102 p.
587 2030 711 2096 154,
741 2039 797 2086 et
818 2030 1002 2099 priore
1021 2028 1091 2084 ad
1115 2028 1472 2092 Succensum,
1504 2041 1559 2096 p.
1593 2024 1714 2079 MO.
1745 2023 1893 2079 Gen-

318 2123 502 2178 nadius
519 2122 736 2192 cap.57,
764 2121 861 2191 qui
886 2120 1109 2192 ἔλεγχον
1138 2120 1395 2191 appellat,
1419 2133 1483 2173 ac
1512 2116 1746 2172 Photius
1768 2115 1890 2169 cod.

318 2215 470 2270 XLIX
508 2224 566 2271 et
608 2214 844 2270 CLXIX.
900 2214 1168 2284 Excerpta
1207 2230 1235 2267 e
1275 2211 1507 2267 Nestorii
1557 2208 1725 2274 libris,
1780 2217 1895 2262 tum

312 2326 427 2380 qua:
457 2309 515 2364 in
545 2309 657 2364 hoc
685 2324 855 2379 opere
896 2306 1140 2378 Cyrillus
1179 2303 1543 2375 oppugnanda
1589 2302 1695 2358 sibi
1742 2316 1897 2357 sum-

310 2402 433 2473 psit,
454 2410 574 2457 tum
602 2417 730 2472 quae
771 2399 1053 2471 Ephesino
1087 2397 1323 2453 concilio
1353 2394 1424 2467 (ὁ)
1469 2396 1687 2458 Petrus,
1737 2400 1896 2447 nota-

311 2495 513 2550 riorum
538 2494 916 2566 primicerius,
944 2491 1167 2556 obtulit,
1200 2500 1333 2545 tom.
1369 2489 1391 2544 I
1419 2487 1585 2552 Binii,
1609 2502 1665 2556 p.
1693 2484 1815 2549 198,
1843 2492 1901 2537 et

314 2594 442 2639 tom.
465 2587 535 2652 II,
566 2603 625 2657 p.
651 2586 760 2641 158
795 2601 941 2656 sqq.,
991 2594 1106 2639 tum
1150 2582 1371 2637 tertiam
1416 2578 1819 2640 collectionem,
1866 2591 1900 2630 a

307 2673 502 2746 Cyrillo
540 2675 749 2745 Ephesi
773 2674 995 2739 factam,
1020 2683 1079 2728 et
1113 2688 1181 2727 ex
1211 2671 1328 2726 sola
1350 2670 1543 2725 Latina
1576 2668 1736 2723 Marii
1761 2667 1901 2721 Mer-

1992 1837 2315 1908 disceptatio
2338 1850 2461 1890 cum
2478 1832 2730 1888 Nestorio
2749 1840 2804 1886 et
2822 1831 2944 1884 lites
2964 1825 3475 1908 cumprientalibus
3490 1824 3578 1894 ip-

1992 1945 2113 1985 sum
2129 1928 2470 1989 erudierunt,
2485 1932 2541 1980 et
2554 1924 2621 1977 ad
2634 1921 2916 1976 meliorem
2932 1897 3141 1990 frugem
3161 1922 3575 1971 revocaverant.

1993 2026 2192 2095 Aliquo
2239 2021 2404 2077 modo
2468 2019 2797 2089 παλινιιιδίαν
2854 2016 3145 2079 cecinerat,
3200 2023 3292 2079 et,
3352 2028 3473 2082 quae
3522 2012 3580 2066 in

1994 2111 2481 2170 Anathematismis
2531 2109 2755 2165 duriora
2784 2106 2957 2161 videri
2984 2113 3237 2176 poterant
3283 2102 3581 2161 Orientali-

1995 2207 2120 2270 bus,
2164 2202 2535 2258 loculionibus
2560 2201 2726 2270 hujus
2756 2199 2905 2252 modi
2940 2214 3048 2253 non
3073 2197 3325 2261 assuetis,
3362 2194 3581 2252 emolli-

1995 2305 2152 2351 verat
2177 2304 2232 2350 et
2257 2300 2590 2355 correxerat,
2622 2309 2643 2340 ι
2668 2298 2774 2343 etc.
2796 2288 2935 2342 Ibid.
2954 2289 3207 2358 promisit
3236 2288 3303 2342 de
3332 2288 3383 2343 la
3407 2286 3582 2342 Croze

1998 2388 2288 2443 Historiam
2320 2382 2897 2441 Anathematismorum
2929 2378 3140 2451 Cyrilli,
3192 2380 3249 2432 in
3303 2394 3411 2448 qua
3458 2378 3582 2448 opi-

1997 2482 2219 2537 nionem
2267 2476 2588 2533 hominibus
2617 2473 2923 2536 eximeret,
2961 2487 3081 2541 qua:
3132 2472 3429 2526 multorum
3483 2487 3583 2540 pe-

1998 2586 2148 2631 ctora
2175 2570 2484 2643 occupavit,
2521 2564 3007 2622 anathematismos
3046 2564 3167 2619 illos
3210 2579 3328 2619 esse
3364 2561 3584 2617 concilii

1998 2666 2283 2738 Ephesini,
2320 2664 2358 2718 i.
2405 2678 2456 2718 e.
2498 2661 2555 2717 in
2607 2661 2704 2716 illo
2746 2657 2955 2728 judicio
3006 2656 3228 2727 publico
3281 2654 3582 2725 probatos;

308 2766 507 2821 caloris
527 2765 791 2820 versione
823 2764 1006 2819 adhuc
1030 2762 1381 2833 superstitem
1421 2759 1592 2814 habes
1617 2757 1673 2811 in
1700 2756 1903 2811 Πέττα·
1999 2770 2348 2816 ostensurum
2399 2772 2457 2811 se
2494 2756 2805 2825 pollicetur,
2854 2750 3139 2824 Cyrillum,
3197 2748 3299 2803 etsi
3348 2748 3585 2801 honesto

306 2866 416 2911 tore
438 2856 733 2921 Gamerii,
761 2864 896 2912 tom.
946 2855 1014 2919 Il,
1064 2870 1188 2924 pag.
1231 2850 1467 2917 95-110;
1520 2849 1725 2919 quibus
1756 2847 1902 2902 idem

2004 2853 2186 2919 modo,
2221 2850 2493 2922 quaedam,
2536 2848 2593 2902 in
2638 2843 3128 2903 Anathematismis
3158 2840 3499 2896 incommode
3531 2846 3589 2892 et

306 2947 621 3004 Camer-ius
662 2947 771 3002 alia
800 2946 877 3000 ibi
912 2944 1150 3001 Nestorii
1189 2944 1357 3007 dicta,
1387 2957 1418 2997 e
1450 2940 1638 3013 Cyrilli
1683 2939 1906 3009 scriptis
2002 2945 2213 3001 duriter
2249 2943 2417 3007 dicta,
2450 2948 2641 3011 postea
2671 2952 2957 2993 revocasse
2981 2933 3377 2991 etcorrexisse.
3408 2931 3588 3001 Atque

306 3054 336 3093 a
375 3055 435 3094 se
462 3039 730 3103 collecta,
759 3037 990 3092 addidit.
1026 3032 1444 3091 Ριιιιι.-(Σοιι1’.
1494 3033 1710 3089 Walch.
1761 3032 1898 3086 Hist.

2004 3035 2299 3092 orientales
2336 3031 2700 3102 metropolitze
2756 3039 2920 3099 atque
2967 3028 3035 3083 ad
3094 3026 3368 3099 synodum
3417 3024 3585 3080 Chal-

305 3136 488 3184 πατρί.
520 3128 598 3194 V,
628 3143 684 3198 p.
716 3100 823 3182 504
850 3142 998 3197 sqq.,
1031 3134 1088 3180 et
1130 3125 1429 3195 passim.—
1445 3124 1506 3179 In
1548 3122 1683 3177 bibl.
1729 3123 1901 3177 Esco-

2004 3129 2367 3185 cedonensem
2419 3125 2582 3196 legati
2632 3122 2894 3194 Cyrillum
2947 3120 3173 3190 ejusque
3229 3115 3464 3171 asscclas
3533 3113 3589 3168 in

308 3221 427 3275 rial.
456 3220 598 3277 eod.
624 3220 805 3290 capita
834 3219 1027 3275 decem
1049 3218 1314 3274 adversus
1351 3216 1691 3280 Nestorium,
1718 3216 1903 3270 indice
2005 3222 2183 3277 tribus
2204 3219 2405 3275 libellis
2441 3216 2630 3288 (apud
2652 3214 2922 3269 Mansinm
2959 3220 3090 3265 tom.
3115 3210 3204 3273 IV,
3241 3225 3294 3280 p.
3349 3206 3488 3261 1405
3531 3216 3590 3259 et

311 3310 502 3365 Pluere
532 3310 580 3363 I.
601 3324 676 3373 c.,
702 3324 758 3378 p.
786 3308 981 3363 164.-
996 3307 1187 3378 Capita
1206 3307 1472 3362 adversus
1485 3306 1824 3369 Nestorium,
1849 3305 1906 3359 in
2010 3313 2166 3377 1405,
2193 3318 2356 3390 atque
2388 3309 2443 3362 in
2468 3306 2760 3378 Synodieo,
2795 3319 2826 3356 a
2856 3302 3080 3357 Baluzio
3112 3300 3285 3363 edito,
3337 3306 3471 3352 tom.
3522 3294 3588 3358 V,

309 3401 484 3457 tribus
513 3400 691 3457 codd.
723 3400 859 3456 bibl.
890 3400 1044 3471 pubi.
1087 3400 1397 3456 Paris.—In
1418 3399 1542 3454 cod.
1565 3397 1907 3468 Baluzii,qui
2007 3420 2129 3475 cap,
2153 3403 2242 3468 54,
2273 3387 2329 3471 ρ’,
2364 3399 2487 3462 805,
2526 3404 2690 3465 atque
2716 3409 2836 3462 cap.
2869 3392 2958 3455 55,
3001 3387 3054 3461 p.
3093 3389 3216 3459 808)
3269 3388 3595 3475 incusarunt

309 3494 569 3548 continet
590 3493 793 3548 Nieetse
818 3492 1100 3547 Cboniatze
1120 3491 1427 3547 Aeominati
1466 3490 1786 3561 Pauopliam
1811 3491 1907 3543 do—

2008 3474 2257 3549 errorum
2276 3484 2623 3560 Apollinaris,
2654 3480 2768 3537 Arii
2796 3490 2856 3536 et
2881 3479 3157 3535 Eunomii.
3176 3477 3326 3531 Idem
3346 3474 3596 3528 fecerunt

309 3585 546 3654 gmatica
558 3601 633 3648 ιιι,
649 3584 807 3654 cujus
823 3583 1060 3639 indicem
1081 3583 1176 3637 Gr.
1198 3591 1256 3638 et
1275 3583 1395 3637 Lat.
1411 3582 1594 3637 edidit.
1610 3582 1908 3637 Montl'auc.

314 3676 367 3729 in
387 3675 673 3746 Palmagr.
723 3675 848 3739 Cn,
876 3691 933 3745 p.
961 3675 1065 3729 520
1094 3690 1238 3745 sqq.,
1272 3684 1356 3730 est
1377 3691 1431 3745 p.
1466 3673 1567 3728 150
1590 3674 1756 3729 index
1779 3674 1912 3728 tomi

311 3768 513 3823 uetari:
560 3767 642 3821 De
666 3769 776 3822 vita
799 3776 849 3821 et
870 3769 1057 3823 [uereri
1076 3768 1331 3833 Nestorii,
1351 3767 1519 3838 deque
1537 3767 1687 3820 dictis
1703 3766 1912 3829 divinis,

314 3861 492 3929 quibus
522 3858 596 3915 S.
625 3877 767 3931 papa
800 3858 1164 3925 Alexandriae,
1197 3858 1451 3930 Cyrillus,
1484 3858 1784 3929 hujusmodi
1812 3858 1918 3910 lue-

314 3955 447 4008 resin
473 3954 767 4009 erertit.-—
788 3953 848 4007 In
874 3953 998 4008 cod.
1038 3954 1154 4008 Rue
1184 3951 1239 4005 in
1267 3951 1403 4005 bibl.
1431 3950 1669 4013 Bodlei.,
1699 3965 1754 4002 ιι.
1789 3946 1914 4010 2η,

315 4046 628 4117 disputatio
660 4045 805 4101 inter
830 4044 1090 4117 Cyrillum
1114 4054 1173 4100 et
1206 4043 1544 4099 Nestorium.
1563 4072 1635 4081 —
1656 4039 1838 4095 Leidae
1861 4039 1918 4093 in

317 4138 437 4193 cod.
467 4138 580 4194 Cr.
609 4137 749 4192 bibl.
778 4137 933 4208 publ.
966 4136 1155 4208 Cyrilli
1199 4135 1530 4206 quaestiones
1570 4140 1763 4189 contra
1810 4129 1918 4184 Ne—

318 4237 623 4288 storianos.
649 4232 714 4285 V.
732 4228 911 4286 (ἔσεαι.
940 4227 1062 4283 bibl.
1086 4228 1256 4293 Leid.,
1277 4244 1396 4299 pag.
1423 4223 1548 4291 556,
1567 4241 1623 4279 ιι.
1646 4221 1923 4279 60.--Αιιο

319 4331 495 4390 gestae
537 4322 762 4377 Vindel.
794 4321 851 4375 in
882 4320 1030 4385 cod.,
1053 4318 1286 4390 Cyrillus
1313 4326 1362 4375 et
1413 4320 1776 4375 Damasi-enus
1796 4337 1925 4375 con-

323 4414 1112 4470 traNestoriauos.V.Reiser.
1130 4413 1467 4479 lndic.,etc.,
1496 4429 1616 4483 pag.
1643 4413 1732 4468 59.
1756 4412 1921 4468 ΗΑιιι.
1959 4446 2000 4500 D

396 4510 485 4575 ιζ’.
539 4507 824 4570 Ἐπίλυσις
851 4505 1192 4567 τῶνδὼὅεκα
1226 4505 1557 4574 κεφαλαίων.
1598 4503 1921 4575 Explanatio

323 4601 428 4656 XII
449 4597 844 4672 capitulorum,
869 4596 984 4651 sive
1013 4595 1595 4650 anathematismorum
1620 4594 1687 4667 (c)
1723 4595 1924 4649 adver-

326 4709 423 4747 sus
459 4690 808 4754 Nestorium,
837 4687 1141 4758 composita
1189 4686 1247 4741 in
1291 4688 1499 4758 synodo
1550 4687 1825 4758 Ephesina
1875 4703 1925 4742 a.

326 4786 455 4850 451,
484 4798 617 4855 pag.
656 4781 910 4836 145-157.
940 4779 1003 4833 In
1027 4778 1240 4833 Latinis
1274 4778 1613 4834 editionibus
1653 4778 1857 4849 legitur
1899 4794 1932 4834 e

330 4877 599 4932 versione
628 4871 938 4944 Wolfgangi
963 4872 1219 4927 Musculi.
1258 4871 1364 4927 Sed
1400 4870 1682 4927 Aubertus
1726 4878 1934 4941 praetu-

334 4971 399 5024 lit
420 4967 750 5024 versionem
778 4979 1018 5035 quacum
1048 4973 1224 5020 exstat
1259 4963 1315 5018 in
1361 4971 1516 5034 parte
1566 4979 1624 5017 ut
1669 4962 1935 5018 Actorum

406 5146 493 5272 ia)
526 5146 595 5201 In
613 5144 735 5201 Nic.
758 5145 932 5217 Toppi
952 5145 1274 5200 Bibliotheca
1319 5142 1677 5225 Napoletanao.
1726 5140 1799 5220 in_
1819 5139 1928 5194 Na-

433 5235 474 5272 I.
510 5218 673 5272 1678.
699 5217 948 5272 fol..uau.
971 5216 1062 5272 25.
1087 5216 1287 5270 Anton.
1313 5212 1539 5272 Auchus
1560 5212 1765 5267 dieitur
1786 5218 1928 5266 mter

335 5212 673 5299 mli,'ﬂlfi?§,
699 5212 1062 5299 ξριηιὶςὶεεὲξ,
1087 5216 1287 5299 Anton:
1313 5212 1931 5299 Ageliusdicitur‘inter

335 5284 445 5343 alia
472 5287 670 5359 Cyrilli
700 5284 872 5341 libros
900 5284 1044 5343 XVII
1084 5284 1161 5339 De
1206 5285 1517 5339 adoratione
1545 5284 1600 5336 in
1638 5284 1829 5354 spiritu
1881 5289 1930 5334 et

337 5361 572 5439 geritote
593 5374 623 5413 e
653 5357 842 5439 Grieco
868 5357 925 5411 in
953 5357 1209 5439 Latirium
1240 5353 1585 5439 transtulisse
1610 5350 1931 5439 aetstcholiis

343 5428 688 5490 illustrasse,
720 5428 909 5483 Romae
943 5444 1034 5497 ap.
1056 5426 1254 5497 Georg.
1282 5421 1778 5497 Ferrarium_1588,
1805 5420 1926 5497 τρι,

342 5510 399 5553 et
424 5498 615 5566 ejusd.
648 5497 834 5569 Cyrilli
863 5490 1036 5553 libros
1055 5496 1098 5551 V
1124 5490 1371 5569 aduersus
1403 5494 1703 5569 [Vestorium
1736 5490 1928 5545 Latine
1946 5529 1965 5556 ς

344 5562 607 5632 vertisse,
632 5562 791 5624 sicuti
827 5569 1073 5637 ejusdem
1120 5566 1378 5637 epistolas
1417 5565 1459 5619 11
1495 5562 1560 5637 ad
1592 5562 1931 5637 Successum

346 5637 707 5708 episcopum;
749 5632 885 5694 ibid.
915 5654 1003 5708 ap.
1037 5632 1291 5691 eumdem
1329 5635 1477 5708 (anni
1515 5632 1781 5688 indicium
1820 5646 1930 5685 non

349 5705 619 5763 additu}:
649 5724 814 5779 quare
837 5705 1197 5779 probabiliter
1222 5708 1367 5762 circa
1388 5705 1530 5761 idem
1560 5712 1796 5772 tempus,
1820 5717 1929 5768 quo

2011 3582 2338 3645 Orientales,
2372 3579 2429 3634 in
2460 3577 2711 3649 epistola,
2753 3575 2820 3632 ad
2873 3572 3076 3629 Rufum
3123 3563 3597 3634 Constantinopoli

2014 3675 2161 3740 data,
2191 3672 2284 3729 Gr.
2316 3670 2461 3742 apud
2500 3670 2767 3725 Mansium
2815 3674 2947 3721 tom.
2985 3663 3073 3728 IV,
3110 3677 3165 3733 p.
3202 3659 3325 3714 144.
3377 3655 3598 3712 Atenim

2013 3776 2177 3839 negat
2203 3765 2438 3837 Cyrillus
2464 3765 2522 3818 in
2543 3763 2774 3834 epistola
2809 3760 2876 3816 ad
2902 3757 3180 3819 Acacium,
3220 3751 3338 3808 Lat.
3387 3750 3443 3805 in
3494 3749 3598 3820 Sy-

2015 3859 2217 3915 nodico
2262 3871 2381 3927 cap.
2418 3855 2507 3920 56,
2552 3870 2607 3925 p.
2656 3854 2753 3908 851
2807 3868 2955 3922 sqq.,
3000 3863 3059 3904 se
3104 3858 3342 3915 unquam
3400 3841 3600 3896 favisse

2016 3949 2341 4022 Apollinarii
2370 3946 2714 4014 aliorumque
2747 3941 3071 3998 erroribus:
3104 3936 3200 3991 sed
3250 3940 3480 3988 renovat
3529 3930 3599 3986 il-

2018 4020 2126 4095 lam
2153 4038 2557 4094 accusationem
2582 4034 2756 4105 episc.
2790 4028 3102 4087 Alexander
3138 4026 3194 4079 in
3232 4037 3483 4093 respons.
3532 4020 3601 4075 ad

2021 4131 2303 4193 Acacium,
2340 4131 2397 4182 in
2428 4126 2702 4204 Synodico
2737 4139 2855 4193 cap.
2892 4121 2979 4183 57,
3016 4135 3072 4189 p.
3122 4115 3226 4170 855
3267 4130 3350 4184 sq.
3387 4111 3601 4169 Walch.

2022 4238 2077 4294 p.
2104 4222 2235 4285 555,
2271 4219 2403 4283 589,
2438 4217 2578 4283 595;
2610 4224 2775 4284 atque
2814 4228 2875 4282 p.
2907 4211 3030 4275 581,
3064 4215 3259 4265 contra
3285 4206 3603 4260 Tillemont.

2023 4332 2080 4386 p.
2112 4314 2215 4369 516
2244 4318 2453 4375 monet,
2499 4306 2647 4363 haud
2699 4303 2983 4376 probabile
3014 4300 3190 4357 videri
3220 4315 3251 4354 a
3295 4296 3607 4353 Theodosio

2029 4410 2357 4478 imperatore
2410 4400 2743 4474 postulatum
2773 4396 2940 4453 fuisse
2971 4402 3032 4448 ut
3062 4392 3297 4464 Cyrillus
3344 4390 3460 4459 ipse
3510 4401 3608 4441 sua

2026 4498 2121 4553 XII
2150 4496 2328 4566 capita
2352 4491 2767 4548 condemnaret.
2806 4483 2913 4539 Sed
2945 4482 3038 4553 qui
3072 4483 3228 4553 plura
3265 4478 3333 4534 de
3365 4478 3455 4532 illa
3484 4490 3617 4529 cum

2026 4588 2278 4647 Nestorio
2306 4586 2534 4655 aliisque
2566 4582 2661 4638 lite
2695 4588 2752 4635 ct
2778 4576 3128 4633 contentione
3152 4572 3440 4642 utriusque
3481 4583 3610 4639 par-

2028 4681 2098 4736 tis
2126 4679 2421 4735 reseiscere
2449 4672 2660 4744 cupiat,
2691 4673 2737 4727 is
2767 4671 2909 4741 legat
2956 4677 3124 4723 totam
3178 4663 3403 4719 Walclzii
3452 4661 3489 4715 I.
3534 4675 3610 4723 c.,

2029 4786 2150 4841 cap.
2177 4770 2233 4834 2,
2262 4766 2567 4838 expositam
2594 4761 2900 4824 historiam,
2936 4773 2993 4828 p.
3018 4757 3115 4812 541
3141 4764 3196 4811 et
3222 4755 3324 4809 670
3347 4769 3431 4824 sq.
3461 4751 3611 4807 Idem

2031 4863 2145 4933 agit
2195 4863 2264 4917 de
2318 4861 2437 4925 Iba,
2500 4858 2741 4929 primum
2786 4852 3125 4924 presbytero,
3172 4847 3299 4903 dein
3353 4847 3616 4917 episeopo

2034 4956 2352 5020 Edesseno,
2390 4950 2669 5024 praecipuo
2697 4944 3035 5002 Nestorianze
3071 4942 3344 4997 haereseos
3379 4946 3614 5009 patrono

2037 5138 2367 5194 antecedens
2391 5138 2555 5203 liber,
2585 5136 2797 5209 prelum
2834 5128 3300 5209 reliqu_i_t);_II_.taL_.
3330 5195 3343 5207 _

2107 5190 2500 5280 (bl
2512 5190 2793 5280 vve‘rsioue
2825 5190 3043 5280 concilii
3062 5190 3366 5280 'Ephesinni'.
3410 5209 3494 5280 P-_

2018 5265 2177 5370 grati-1
2226 5279 2370 5350 apud
2413 5278 2698 5334 Baluzium
2740 5276 2900 5331 Nam
2933 5265 3146 5328 collect:
3168 5265 3437 5323 concilior.
3470 5270 3528 5317 et
3562 5276 3619 5332 ρ.

2034 5351 2342 5503 δὲδῗῗῖἷὶιε
2368 5419 2435 5474 de
2460 5415 2934 5474 anathematismis
2961 5412 3069 5467 illis
3091 5407 3232 5463 inl‘ra
3252 5401 3488 5483 indicem
3513 5400 3619 5457 bo-

2037 5492 2315 5525 ..τςιυηοηηι
2336 5500 2387 5525 m
2411 5490 2767 5525 nnialnI-Irnln
2812 5486 2866 5525 in
2883 5484 2975 5525 τοῦ
2995 5479 3244 5525 Σωτῆρος
3267 5476 3420 5525 illum:
3436 5472 3619 5525 λέγον-

2037 5476 2315 5547 miliarum
2335 5500 2391 5544 et
2411 5490 2790 5559 epistolarum,
2812 5486 2866 5539 in
2883 5484 2975 5535 τοῦ
2995 5479 3244 5547 Σωτῆρος
3267 5476 3299 5544 ἡ
3308 5476 3420 5544 μῶν
3436 5476 3621 5554 λέγον-

2038 5580 2148 5625 τος,
2178 5571 2236 5617 et
2261 5562 2330 5615 de
2363 5569 2631 5628 tempore,
2658 5572 2768 5623 quo
2793 5550 3188 5628 exiuisitjonem
3217 5545 3356 5628 hanc
3380 5541 3621 5615 Cyrinus

2038 5615 2360 5698 elaboravit,
2383 5615 2793 5685 Till'emont'ium
2831 5615 2961 5678 tom.
2997 5618 3130 5683 xw,
3164 5632 3219 5689 ιι.
3251 5615 3376 5671 469.
