4024 6220
359 237 362 240 ’
380 232 454 289 65
1618 224 1899 281 NOTITIA
1939 222 2032 277 EX
2070 218 2408 276 FABRICIO.
3577 207 3647 256 οι

361 355 440 400 .et
471 343 540 400 de
565 344 688 416 ejus
711 340 943 414 epistola
967 340 1036 396 ad
1069 339 1267 396 Mai-in.
1305 337 1363 392 in
1422 335 1594 392 Mansi
1640 336 1766 392 coll.
1827 343 1960 391 tom.
1994 340 2038 396 Α
2067 334 2170 388 reti
2197 327 2622 403 objectionibus,
2660 338 2724 378 ac
2756 316 3201 416 demumLCyrilli
3236 314 3650 416 defensionibus

385 435 499 501 VII,
527 434 718 507 p.545
744 450 851 504 sq.,
889 435 944 488 in
969 447 1076 502 qua
1105 431 1290 487 minus
1337 429 1496 499 plene
1544 428 1837 498 exponitur
1875 427 1962 481 hi-

364 526 556 581 .storia
576 524 886 580 turbarum.
909 522 1072 578 Plura
1095 520 1163 575 de
1181 519 1302 590 ejus
1323 518 1450 574 fatis
1475 515 1964 573 narrat‘Asseman.

365 616 445 671 in
465 615 610 671 Bibl.
641 613 842 670 Orient.
883 619 1016 666 tom.
1043 611 1086 674 I,
1109 625 1162 681 p.
1189 608 1290 664 199
1327 624 1448 680 sqq.
1481 608 1649 663 HABL.

460 714 550 778 ιη’.
588 703 1005 775 Ἀπολογητικὸς
1053 703 1194 775 ὑπὲρ
1235 702 1342 754 τῶν
1396 701 1602 754 δώδεκα.
1657 697 1970 768 κεφαλαίων

390 797 526 867 πρὸς
566 796 692 858 τοὺς
717 794 818 864 τῆς
873 793 1162 865 Ἀνατολῆς
1197 793 1549 857 ἐπισκόπους,
1585 791 1971 862 Apologeticus

366 901 488 958 .pro
543 885 640 941 XII
690 885 942 956 capitulis
997 885 1261 942 adversus
1321 885 1612 940 orientales
1661 885 1968 954 episcopos,

371 994 624 1048 quorum
652 978 875 1032 nomine
906 976 1149 1033 Andreas
1196 977 1584 1032 Samosatenus
1615 977 1973 1047 zobjectiones

390 1070 685 1138 scripserat
710 1085 763 1140 p.
803 1069 1088 1124 157-200.
1143 1070 1200 1124 In
1243 1069 1461 1138 Latinis
1491 1068 1831 1124 editionihus
1871 1083 1968 1122 ex-

367 1161 831 1232 -stat'Wolfgangi
864 1161 1092 1216 Musculi
1127 1161 1522 1232 interpretatio,
1561 1161 1764 1216 additis
1802 1161 1968 1215 etiam

390 1251 514 1305 aliis
546 1251 827 1306 nonnullis
854 1267 922 1306 ex
952 1250 1104 1306 Actis
1143 1251 1360 1305 concilii
1414 1251 1696 1321 Ephesini.
1742 1251 1812 1305 At
1855 1251 1970 1304 Au-

393 1337 585 1394 bertus
621 1340 816 1406 edidit,
851 1341 937 1394 uti
959 1340 1144 1396 Graece
1165 1349 1222 1396 et
1255 1341 1448 1395 Latine
1486 1341 1688 1412 Iegitur
1727 1341 1785 1396 in
1814 1349 1974 1411 parte

394 1441 450 1480 ιιι
491 1427 766 1482 κΑοῑοτυιιῖ
831 1429 1023 1500 synodi
1075 1429 1384 1498 Ephesium,
1453 1437 1582 1483 tom.
1617 1429 1650 1483 «I
1703 1430 1868 1494 Binii,
1916 1445 1970 1499 p.

391 1515 497 1570 518
519 1515 618 1589 (a).
646 1518 839 1573 Exstat
859 1527 915 1573 et
943 1533 1070 1572 cum
1099 1517 1252 1572 Marii
1277 1517 1594 1572 Mercatoris
1618 1517 1870 1572 versione
1917 1517 1974 1572 in

389 1607 682 1663 Mercatore
707 1609 980 1674 Garnerii,
1019 1618 1150 1663 tom.
1185 1609 1251 1673 ll,
1283 1623 1403 1680 pag.
1439 1608 1559 1662 I52.
1607 1608 1870 1681 Cyrillum
1916 1611 1972 1663 ὲν

390 1701 459 1771 τῇ
538 1699 676 1769 πρὸς
729 1700 1103 1762 ’Δνατολικοὺς
1152 1677 1409 1771 ἐπισίτοὶῖῇ
1459 1677 1668 1755 laudat-
1715 1700 1976 1772 Ephraim
2011 1677 2049 1731 Β

392 1790 538 1862 apud
571 1791 827 1858 Pliotium
846 1791 968 1846 eod.
994 1807 1204 1856 ccxxrx,
1223 1807 1278 1862 p.
1306 1792 1429 1857 122,
1453 1792 1577 1859 125,
1604 1793 1728 1847 451.

465 1882 554 1936 ιϐ’.
608 1883 750 1954 Πρὸς
777 1876 876 1954 τῆν
905 1883 1054 1954 παρὰ
1088 1883 1438 1955 Θεοδωρήτου
1467 1885 1605 1938 κατὰ
1636 1883 1744 1936 τῶν
1771 1883 1979 1950 δώδεκα

393 1971 705 2041 κεφαλαίων
737 1973 1080 2045 ἁντίρῤησιν,
1111 1971 1371 2026 Adversus
1400 1972 1848 2044 impugnationem
1873 1972 1977 2027 XII

395 2062 752 2134 capitulorum
802 2081 835 2118 a
883 2063 1190 2118 Theodorito
1273 2063 1491 2127 editam,
1553 2063 1830 2132 praemissa
1910 2063 1978 2118 ad

375 2153 688 2225 ,Evoptium
745 2154 816 2226 (b)
869 2151 1056 2228 Cyrilli
1099 2158 1349 2229 epistola,
1400 2167 1456 2213 et
1516 2159 1841 2214 Theodoreti
1910 2159 1978 2214 ad

391 2244 660 2302 Joannem
684 2247 1124 2316 Antiochenum;
1151 2265 1254 2306 nec
1277 2266 1386 2305 non
1432 2250 1679 2322 ejusdem
1724 2251 1978 2306 Theodo-

394 2337 499 2391 reti
529 2338 830 2408 ἀνατροπῇ,
861 2338 976 2394 sive
1008 2341 1415 2411 oppugnatione
1438 2341 1656 2396 illorum
1688 2341 1782 2397 XII
1829 2344 1978 2413 capi-

396 2426 658 2493 tulorum,
685 2444 739 2500 p.
778 2429 1040 2485 200-240.
1070 2432 1130 2486 In
1174 2432 1387 2488 Latinis
1435 2431 1773 2488 editionihus
1805 2443 1983 2489 exstat

391 2533 423 2572 e
451 2519 705 2575 versione
737 2520 896 2576 Joan.
928 2521 1363 2593 OEcolampadii,
1390 2524 1494 2579 sub
1545 2525 1704 2580 titulo
1749 2525 1870 2580 libri
1912 2527 1982 2580 ad

397 2605 702 2678 Evoptium.
749 2609 886 2665 Cum
921 2611 1013 2665 illa
1058 2613 1309 2669 versione
1341 2615 1582 2684 primum
1622 2615 1801 2672 lucem
1842 2617 1983 2672 vidit

395 2699 454 2752 in
477 2698 725 2754 Antidota
760 2701 1007 2757 adversus
1038 2704 1278 2771 haereses,
1320 2707 1483 2764 Basil.
1521 2707 1678 2772 1528,
1727 2709 1821 2763 fol.
1874 2707 1980 2764 Sed

395 2789 672 2846 Aubertus
712 2794 953 2862 praetulit
987 2796 1319 2863 versionem,
1356 2814 1591 2869 quacum
1637 2801 1879 2855 occurrit
1925 2801 1981 2856 in

398 2890 551 2952 parte
576 2899 608 2936 v
629 2883 890 2939 Actorum
913 2887 1133 2942 concilii
1159 2889 1442 2959 Ephesini,
1469 2897 1601 2946 tom.
1633 2892 1652 2947 I
1684 2892 1824 2947 Binii
1857 2908 1978 2964 pag.

2045 441 2118 482 's.
2145 422 2456 495 responsis;
2489 418 2558 475 de
2583 431 2694 488 quo
2725 412 2849 470 cod.
2876 413 2942 469 ν.
2971 409 3203 467 Bandin.
3240 409 3277 464 l.
3305 423 3380 473 c.,
3411 424 3464 479 p.
3521 407 3646 471 544,

2071 518 2166 588 qui
2198 520 2443 578 annotat,
2473 508 2838 582 objectionem
2888 505 3118 576 primam
3169 510 3379 573 septem
3431 501 3653 556 circiter

2069 622 2266 665 versus
2295 605 2454 660 initio
2489 602 2794 672 longiorem
2825 609 2954 666 esse,
2972 596 3028 650 in
3051 595 3277 659 codice;
3307 591 3495 664 Cyrilli
3519 607 3652 647 vero

2070 698 2483 771 responsionem
2508 694 2778 751 decimam
2815 704 2937 745 esse
2967 689 3025 743 in
3058 686 3166 741 fine
3194 685 3532 756 longiorem;
3554 699 3651 738 exc.

2071 801 2247 848 trema
2287 805 2408 846 esse
2449 786 2638 860 Cyrilli
2676 780 3012 840 defensionis
3057 787 3249 834 contra
3291 775 3652 832 Orientalium

2071 884 2447 956 obiectiones;
2490 877 2774 936 undecimi
2801 873 3041 943 denique
3071 886 3136 925 ac
3169 866 3484 924 duodecimi
3517 883 3652 922 ana-

2074 974 2409 1032 thematismi
2432 972 2772 1043 obiectiones
2798 981 2862 1022 ac
2888 962 3240 1020 defensiones
3267 975 3378 1013 non
3404 973 3526 1014 esse
3561 973 3656 1014 eas

2061 1085 2196 1141 qua:
2221 1069 2479 1139 leguntur
2505 1063 2561 1117 in
2593 1062 2682 1117 ed.
2715 1056 2945 1114 Auberti
2978 1063 3088 1110 tom
3137 1052 3228 1117 VI,
3276 1067 3331 1121 p.
3390 1049 3652 1114 256-240,

2052 1163 2172 1218 sed
2193 1177 2315 1232 qua:
2336 1165 2551 1216 exstent
2579 1156 2634 1210 in
2664 1149 3018 1224 Apologetico
3041 1147 3305 1203 adversus
3328 1141 3654 1207 Orientales,

2513 1338 2566 1392 in
2593 1336 2717 1392 cod.
2757 1333 3015 1397 LXXVII,
3057 1331 3112 1386 in
3138 1345 3247 1402 quo
3286 1329 3474 1400 plures
3523 1337 3658 1382 sunt

2072 1435 2259 1507 Cyrilli
2303 1434 2644 1500 aliorumque
2687 1426 2952 1498 epistola,
2993 1424 3061 1478 ad
3112 1423 3256 1478 hanc
3310 1420 3659 1492 potissimum

2074 1524 2499 1582 controversiam
2530 1521 2895 1592 pertinentes,
2930 1526 2987 1572 et
3015 1516 3205 1586 plures
3228 1512 3447 1569 concilii
3475 1511 3658 1582 Ephe-

2077 1615 2184 1670 sini
2206 1613 2498 1669 relationes
2527 1611 2593 1666 ad
2629 1611 3005 1680 imperatores,
3038 1614 3202 1676 atque
3247 1603 3491 1674 epistolae
3520 1601 3658 1656 alia-

2078 1723 2185 1776 que
2237 1703 2518 1774 opuscula.
2566 1702 2791 1773 Legitur
2844 1715 2902 1752 n.
2949 1697 3018 1752 18
3061 1696 3251 1768 Cyrilli
3297 1694 3528 1767 epistola
3591 1693 3656 1748 ad

2078 1797 2373 1869 Evoptium
2420 1804 2610 1852 contra
2663 1792 2998 1849 Theodoreti
3049 1788 3515 1860 impugnationem
3564 1785 3660 1841 XII

2077 1888 2685 1950 anathematismorum,
2721 1899 2784 1940 ac
2821 1899 2880 1937 n.
2905 1883 2994 1948 49,
3027 1880 3220 1952 Cyrilli
3249 1879 3342 1934 XII
3367 1877 3658 1932 Anathem.

2077 1991 2270 2038 contra
2292 1979 2631 2044 Nestorium,
2661 1993 2964 2047 eorumque
2989 1973 3302 2046 explanatio
3323 1987 3507 2028 coram
3531 1986 3665 2026 con-

2079 2075 2207 2128 cilio
2239 2072 2538 2143 Ephesino,
2571 2079 2637 2125 ut
2665 2079 2722 2126 et
2742 2067 3062 2124 eorumdein
3106 2065 3359 2121 defensio
3399 2064 3662 2118 adversus

2079 2164 2409 2221 Theodoreti
2434 2161 2910 2234 reprehensiones.
2947 2158 3010 2214 V.
3043 2153 3323 2212 Lambecii
3367 2153 3658 2210 Comment.

2080 2254 2169 2320 III,
2192 2254 2296 2308 col.
2329 2253 2434 2307 592
2465 2268 2573 2323 sq.,
2610 2252 2702 2306 ubi
2731 2265 2862 2305 vero
2891 2247 3092 2302 Kollar.
3130 2243 3518 2300 animadvertit
3536 2259 3663 2298 esse

2079 2343 2387 2414 apologiam
2423 2357 2526 2412 pro
2552 2341 2646 2396 XII
2675 2335 3163 2394 Anathematismis
3187 2334 3455 2389 adversus
3477 2334 3519 2388 Τ
3525 2334 3660 2388 heo-

2080 2436 2358 2500 doretum,
2385 2435 2437 2490 ei
2461 2443 2644 2490 tamen
2676 2432 2918 2487 immista
2947 2446 3072 2486 esse
3117 2430 3383 2484 nonnulla
3431 2439 3540 2484 tam
3594 2445 3664 2484 ex

2079 2524 2402 2581 eorumdem
2424 2524 2832 2595 explanatione,
2863 2536 3028 2591 quam
3063 2519 3227 2575 etiam
3275 2535 3343 2575 ex
3390 2520 3661 2591 apologia,

2079 2617 2345 2674 adversus
2370 2615 2678 2672 Orientales
2700 2615 3020 2685 desumpta;
3051 2613 3284 2685 etdigna
3299 2613 3412 2668 haec
3438 2612 3664 2667 omnino

2082 2725 2204 2765 esse
2242 2723 2364 2780 quae
2417 2723 2544 2763 cum
2586 2706 2724 2762 edit.
2771 2705 3002 2762 Auberti
3051 2713 3185 2759 tom.
3230 2703 3320 2769 VI,
3373 2719 3496 2774 pag.
3536 2702 3662 2766 203,

2081 2801 2457 2865 conferantur,
2491 2799 2695 2870 quippe
2718 2814 2843 2854 cum
2875 2798 2963 2854 vel
2994 2797 3185 2868 primae.
3209 2796 3542 2852 Theodoreti
3564 2811 3663 2850 an-

2087 2893 2382 2949 tirrheseos
2416 2892 2634 2947 initium
2662 2907 2730 2946 ex
2751 2891 2921 2946 hocce
2944 2890 3067 2945 cod.
3090 2889 3356 2962 integrius
3383 2889 3500 2944 dari
3537 2903 3665 2959 pos-

397 2973 522 3078 in.
551 2974 774 3078 Legitur
805 2985 859 3039 et
1073 2979 1227 3034 Marii
1269 2981 1590 3036 Mercatoris
1631 2984 1882 3038 versione
1924 2984 1980 3039 in
2009 3019 2050 3078 Ο
2085 2984 2175 3039 sit.
2207 2983 2267 3038 In
2294 2982 2416 3038 cod.
2441 2981 2624 3045 CLXI,
2651 2997 2708 3036 n.
2751 2980 2805 3046 5,
2848 2979 3355 3035 Anathematismus
3399 2977 3491 3042 IX,
3538 2992 3665 3031 cum

397 3064 688 3121 Mercatore
728 3067 978 3124 Garnerii
1021 3078 1152 3125 tom.
1201 3071 1242 3136 I,
1299 3088 1354 3142 p.
1398 3073 1519 3128 178.
1557 3074 1820 3130 Memorat
1877 3075 1984 3131 hoc
2011 3064 2050 3078 ν
2082 3073 2380 3129 antirrhesi
2413 3072 2744 3128 Theodoreti
2779 3079 2836 3127 et
2857 3069 3107 3142 apologis
3133 3069 3356 3142 Cyrilli:
3390 3070 3571 3140 agitur
3595 3068 3664 3122 de

399 3159 663 3228 scriptum
686 3176 846 3234 suum
871 3160 1105 3234 Cyrillus
1134 3164 1249 3234 ipse
1278 3166 1436 3235 epist.
1467 3166 1533 3221 ad
1577 3167 1886 3239 Eulogium,
1925 3185 1980 3240 p.

402 3251 526 3316 154,
567 3260 624 3306 et
656 3253 839 3323 priore
863 3254 929 3310 ad
965 3254 1321 3322 Succensum,
1348 3273 1467 3329 pag.
1518 3258 1639 3313 MO.
1680 3260 1757 3315 De
1802 3260 1983 3315 Theo-

397 3339 576 3398 doreti
603 3345 1084 3418 contra_Cyriilum
1109 3350 1460 3406 contentione
1490 3350 1760 3406 videndus
1804 3351 1983 3406 Leon-

401 3432 513 3488 tius
537 3433 614 3488 De
639 3437 812 3502 sectis,
844 3453 899 3508 p.
925 3435 1029 3493 454
1048 3454 1162 3509 seq.
1202 3439 1360 3494 FABR.

475 3524 728 3581 Defensio
754 3528 1119 3596 capitulorum
1147 3529 1242 3584 XII
1269 3546 1495 3585 suorum
1520 3530 1784 3593 adversus
1803 3532 1986 3588 Theo-

397 3613 678 3679 doretum,
703 3618 878 3672 Paris.
930 3619 986 3673 in
1033 3620 1156 3675 cod.
1215 3620 1654 3688 DCCCXXXVII,
1711 3639 1767 3678 n.
1831 3624 1882 3687 1,
1933 3633 1990 3679 et

397 3703 528 3759 cod.
559 3702 994 3780 DCCCLXXXII,
1025 3709 1078 3763 in
1111 3725 1223 3780 quo
1270 3720 1400 3766 sunt
1444 3711 1632 3786 Cyrilli
1686 3714 1753 3768 ad
1793 3714 1988 3769 Nesto-

404 3796 548 3850 rium
603 3797 848 3866 epistola:
891 3807 948 3854 et
993 3797 1574 3858 anathematismorum
1619 3805 1797 3873 capita
1851 3805 1986 3872 XII;

405 3885 738 3942 Theodoreti
762 3889 991 3958 epistola
1020 3890 1086 3945 ad
1110 3891 1392 3963 Cyrillum,
1419 3909 1525 3964 qua
1566 3894 1803 3964 primum
1847 3895 1992 3950 illius

400 3989 568 4050 caput
591 3980 941 4050 confutatur;
983 3983 1173 4055 Cyrilli
1208 3985 1370 4055 epist.
1415 3985 1483 4040 ad
1524 3986 1838 4057 Evoptium,
1884 4002 1992 4056 qua

402 4072 642 4140 primum
673 4085 837 4143 caput
862 4073 1212 4143 defenditur;
1259 4077 1483 4134 alterna:
1517 4079 1854 4149 reliquorum
1899 4094 1991 4134 ca-

403 4155 575 4226 pitum
587 4156 1004 4214 refutationeset
1016 4160 1376 4229 defensiones;
1390 4162 1576 4234 Cyrilli
1588 4164 1810 4221 homilia
1825 4164 1899 4219 De
1915 4165 1996 4218 iu-

400 4249 710 4302 carnatione
728 4249 822 4303 Dei
845 4249 988 4304 Verbi
1002 4268 1022 4317 ;
1038 4253 1282 4323 ejusdem
1309 4251 1779 4308 Commonitorium
1795 4255 1863 4309 ad
1882 4257 1993 4310 Eu-

2083 3166 2434 3236 processione
2488 3165 2728 3237 Spiritus
2770 3164 2969 3220 sancti.
3022 3163 3087 3218 γ.
3152 3162 3410 3217 Lambec.
3477 3161 3562 3226 IV,
3607 3177 3665 3232 p.

2083 3259 2208 3314 559.
2254 3258 2421 3314 Ηλιιι.

2156 3360 2224 3407 κ’.
2265 3350 2706 3422 Ἀπολογητικός,
2750 3346 3134 3420 Apologeticus
3161 3345 3229 3401 ad
3259 3345 3390 3416 imp.
3420 3344 3668 3399 Theodo-

2088 3449 2251 3503 sium.
2289 3447 2416 3516 Pag.
2455 3443 2711 3499 241-252.
2745 3441 2944 3512 Incipit
2977 3458 2991 3494 :
3031 3441 3096 3494 Ἥ
3124 3440 3222 3510 μὲν
3257 3438 3377 3492 θεία
3407 3438 3501 3492 καὶ
3531 3437 3668 3506 ἀκή-

2090 3555 2271 3610 ρατος.
2327 3536 2386 3590 In
2437 3532 2653 3589 Latinis
2700 3531 3044 3587 editionihus
3089 3529 3293 3600 legitur
3346 3543 3377 3584 e
3413 3527 3671 3582 versione

2088 3625 2393 3696 Wolfgangi
2434 3621 2849 3678 Musculi.‘Setl
2891 3621 3170 3676 Aubertus
3223 3619 3467 3690 pnetulit
3524 3617 3672 3672 illam

2091 3732 2322 3788 quacum
2353 3723 2531 3770 exstat
2563 3714 2617 3768 in
2642 3722 2796 3784 parte
2825 3729 2884 3768 ιιι
2918 3711 3180 3769 Actorum
3224 3710 3446 3767 concilii
3488 3698 3674 3780 EpheJ

2092 3807 2220 3872 sini,
2256 3823 2314 3878 p.
2354 3805 2482 3862 397.
2512 3805 2649 3862 Vide
2677 3806 2746 3861 de
2783 3805 2889 3861 hoc
2925 3803 3295 3875 Apologetico,
3329 3809 3451 3870 post
3484 3800 3669 3854 conci-

2092 3900 2227 3955 lium
2264 3899 2602 3970 Ephesinum
2631 3898 2857 3967 scripto,
2900 3893 3309 3950 Tillemontium
3357 3897 3489 3944 tom.
3529 3887 3669 3952 XIV,

2094 4007 2148 4062 p.
2176 3991 2302 4046 501.
2337 3992 2496 4046 FABB.
2528 4021 2596 4031 —-
2625 3990 2685 4044 In
2721 3986 2890 4041 Mansi
2920 3982 3137 4040 Collect.
3177 3980 3413 4052 ampliss.
3458 3978 3669 4045 concil.,

2093 4083 2160 4146 ν,
2194 4097 2248 4152 p.
2288 4081 2394 4135 218
2436 4095 2596 4149 sqq.,
2633 4077 2760 4132 257.
2794 4105 2863 4114 -—-
2907 4073 2966 4127 In
3016 4071 3152 4127 bibl.
3194 4071 3400 4126 Bodlei.
3449 4072 3505 4126 in
3546 4071 3672 4126 cod.

2096 4172 2287 4236 Laudi,
2321 4187 2376 4224 n.
2416 4170 2547 4224 1271
2582 4167 2779 4231 Catal.,
2808 4163 2996 4236 Cyrilli
3034 4164 3443 4235 quatripartitus
3487 4163 3673 4234 apolo-

2096 4268 2310 4338 geticus.
2345 4265 2511 4318 HABL.

402 4339 607 4410 logium
624 4341 1624 4414 apocrisiarium;excerptaescholiis
1641 4345 1716 4398 De
1733 4348 1986 4402 incarna-
2021 4357 2063 4412 Ι)
2164 4356 2249 4430 [ν.
2300 4355 2513 4412 Fabric.
2555 4354 2633 4409 De
2676 4355 2953 4424 scriptorr.
2999 4353 3063 4408 de
3106 4353 3254 4406 verit.
3304 4349 3402 4403 rel.
3453 4348 3670 4414 Christ,

402 4434 542 4487 tione
564 4433 827 4506 Unigeniti
839 4453 858 4500 ;
875 4435 1129 4508 etCyrilli
1151 4435 1396 4506 epistolae
1412 4436 1532 4491 dua:
1544 4436 1612 4491 ad
1633 4436 1986 4493 Succensum.

473 4525 764 4582 Florentia:
781 4527 838 4581 in
865 4527 1000 4581 bibl.
1024 4527 1284 4582 Laurent.
1319 4527 1441 4583 cod.
1479 4528 1594 4594 XII,
1613 4544 1668 4582 n.
1688 4529 1742 4594 6,
1767 4530 1903 4600 plut.
1934 4531 1987 4596 6,

399 4608 589 4687 Cyrilli
619 4617 1065 4672 anathematismi
1119 4617 1239 4682 XII,
1292 4618 1368 4673 ita
1422 4619 1647 4690 quidem
1693 4621 1888 4692 digesti
1928 4632 1991 4676 ut

397 4723 594 4763 eorum
620 4709 856 4778 quilibet
883 4709 1184 4780 subjectam
1216 4711 1416 4766 habeat
1439 4705 1626 4783 Cyrilli
1652 4714 1990 4782 explanatio—

400 4813 548 4862 nem,
578 4799 909 4855 Theodoreti
951 4801 1426 4870 reprehensiories,
1467 4819 1532 4858 ac
1572 4820 1764 4860 rursus
1793 4804 1982 4877 Cyrilli

400 4889 798 4957 defensionem,
817 4893 935 4949 sive
950 4909 1306 4964 responsura:
1333 4895 1580 4950 ordinem
1604 4911 1669 4951 ac
1693 4897 1983 4952 diversita-

402 4989 513 5035 tem
547 4981 848 5038 lectionum
870 4986 1232 5054 quarumdam
1261 4988 1330 5042 ab
1359 4989 1528 5044 editis
1576 4991 1801 5047 uberius
1847 4992 1990 5048 indi-

398 5079 490 5126 cat
511 5071 742 5127 Bandin.
797 5074 852 5128 in
890 5074 1008 5130 Cat.
1037 5077 1184 5132 codd.
1214 5078 1306 5135 Gr.
1337 5079 1500 5135 Laur.
1531 5082 1574 5145 I,
1607 5098 1728 5154 pag.
1758 5083 1860 5137 118
1904 5099 1984 5154 sq.

400 5163 621 5219 v—Ibid.
652 5163 709 5218 in
731 5165 854 5219 cod.
880 5166 1020 5233 XXI,
1051 5184 1108 5222 n.
1149 5169 1202 5234 8,
1237 5169 1376 5240 plut.
1419 5171 1472 5232 4,
1523 5171 1711 5244 Cyrilli
1757 5174 1988 5229 anathe-

400 5256 640 5311 matismi
674 5254 790 5323 XII,
826 5273 951 5312 cum
989 5270 1178 5314 eorum
1215 5262 1712 5331 explanationibus,
1739 5263 1992 5318 Theodo-

478 5374 554 5466 sii.)
585 5375 644 5466 In
677 5376 1024 5466 cnamﬁavaz.
1054 5378 1195 5466 LIII,
1216 5380 1310 5466 .grr
1330 5379 1452 5435 cod.
1487 5380 1652 5466 ‘Flor.
1715 5362 1981 5463 Laurent.

405 5441 568 5522 XVII,
602 5462 658 5499 n.
689 5447 777 5511 20,
813 5447 949 5522 plut.
977 5450 1030 5513 7,
1063 5441 1415 5522 inscribitur:
1469 5451 1726 5522 Aduersus
1767 5466 1852 5504 eos
1893 5453 1981 5522 qui

404 5512 586 5564 dicunt
630 5526 766 5591 recte
814 5512 1281 5591 habereiNestorii
1330 5520 1562 5591 placito;
1619 5521 1673 5575 in
1725 5512 1981 5591 margine

404 5583 894 5708 egigmﬁwdream,
923 5605 978 5643 η.
1017 5583 1452 5648 Samosaterium.
1491 5590 1549 5646 V.
1587 5590 1815 5645 Bandin.
1850 5583 1890 5653 l'.
1924 5607 1976 5663 ι).

528 5693 536 5702 .
628 5671 652 5707 Α
697 5670 744 5708 ι.

528 5693 536 5702 ι
577 5670 744 5708 ηιηι.

2089 4467 2210 4522 cap.
2239 4450 2294 4514 2,
2322 4449 2348 4520 §
2377 4448 2468 4513 26,
2490 4464 2547 4518 p.
2575 4447 2664 4502 99.
2707 4445 2911 4518 linum]

2157 4548 2263 4596 καί.
2294 4540 2464 4611 Ὑπὲρ
2483 4539 2580 4608 τῆς
2601 4539 2708 4591 τῶν
2728 4536 3070 4610 Χριστιανῶν
3093 4537 3324 4606 εὐαγοῦς
3347 4533 3666 4607 θρησκείας.

2090 4632 2226 4701 πρδς
2256 4629 2325 4682 τὰ
2348 4628 2440 4682 τοῦ
2474 4630 2531 4681 ὲν
2563 4627 2744 4690 ἀθέοις
2788 4627 3104 4682 Ἰουλιανοῦ.
3149 4626 3256 4682 Pro
3299 4635 3485 4682 sancta
3526 4623 3674 4679 Chri-

2085 4724 2383 4776 stianorum
2438 4719 2716 4792 religione,
2759 4719 3009 4775 adversus
3057 4720 3215 4775 libros
3257 4721 3405 4790 impii
3446 4716 3671 4780 Iuliani,

2091 4812 2209 4866 libri
2247 4811 2311 4875 X,
2348 4811 2495 4865 circa
2528 4810 2591 4864 A.
2632 4809 2693 4864 C.
2727 4809 2831 4864 455
2871 4808 2939 4880 (c)
2969 4809 3157 4880 scripti
3190 4809 3258 4863 ad
3300 4805 3673 4863 Theodosium
3737 4869 3740 4873 ι

2091 4902 2397 4958 Juniorem.
2451 4901 2581 4970 Pag.
2632 4900 2818 4956 1-356.
2866 4899 3114 4973 [Diversa
3163 4909 3248 4955 est
3298 4900 3352 4954 in
3403 4897 3674 4953 sententia

2091 4990 2166 5045 La
2199 4989 2392 5054 Croze,
2431 4989 2566 5044 Hist.
2606 4989 2800 5045 Christ.
2840 4991 2986 5056 Iud.,
3025 4990 3122 5045 lib.
3172 5007 3209 5055 ι,
3246 5006 3300 5060 p.
3345 4988 3429 5042 16.
3474 4985 3674 5056 Ilum]

2092 5081 2208 5136 IIoc
2250 5081 2574 5152 praeclarum
2629 5089 2794 5150 atque
2843 5080 3126 5136 eruditum
3173 5084 3313 5151 opus
3362 5077 3417 5131 in
3463 5076 3674 5130 Latinis

2090 5173 2428 5228 editionihus
2446 5180 2623 5227 exstat
2647 5188 2678 5228 e
2709 5173 2959 5228 versione
2991 5171 3215 5229 Joannis
3238 5163 3669 5239 OEcolampadii,

2093 5279 2215 5336 quae
2264 5264 2502 5334 primum
2539 5262 2680 5318 vidit
2720 5261 2898 5319 lucem
2946 5261 3124 5336 [1528.
3160 5261 3225 5318 ν.
3253 5266 3415 5331 supra
3446 5260 3515 5314 ad
3544 5258 3572 5332 §
3599 5256 3669 5313 III

2158 5379 2230 5451 (ὁ)
2250 5376 2640 5451 APtolemaidis,
2662 5378 3022 5451 Pentapoleos
3044 5375 3301 5448 regionis,
3328 5374 3667 5446 episcopum.

2089 5449 2226 5506 Vide
2247 5449 2588 5510 Liberatnm,
2622 5463 2670 5501 c.
2715 5449 2767 5502 9.

2162 5519 2231 5590 (c)
2273 5519 2406 5573 Vide
2451 5513 2764 5572 Tillemont.
2812 5525 2941 5590 tom.
2985 5515 3121 5590 XIV,
3165 5531 3218 5585 p.
3253 5516 3349 5570 671
3388 5514 3572 5590 [Fahr.
3621 5517 3672 5570 in

2091 5586 2306 5649 Delectu
2367 5603 2576 5656 argum.
2632 5596 2681 5639 et
2746 5586 2951 5658 syllaba
3009 5589 3251 5658 scriptor.
3309 5587 3403 5658 qui
3461 5589 3670 5642 veritat.

2090 5646 2351 5718 Christ...
2392 5646 2750 5720 dseruerunt,
2860 5657 3083 5713 99406.
3115 5646 3338 5716 'IIARLJ'
3380 5672 3389 5683 '
