  <div class='ocr_page' id='page_1' title='image "/cluster/home/n/w/nwhite01/storage/ocr_20150623/68/hvd.32044073501975/038.png"; bbox 0 0 4024 6220; ppageno 0'>
   <div class='ocr_carea' id='block_1_1' title="bbox 217 304 3504 368">
    <p class='ocr_par' dir='ltr' id='par_1_1' title="bbox 217 304 3504 368">
     <span class='ocr_line' id='line_1_1' title="bbox 217 304 3504 368; baseline -0.001 -4"><span class='ocrx_word' id='word_1_1' title='bbox 217 309 289 364; x_wconf 69' lang='lat'><strong>’85</strong></span> <span class='ocrx_word' id='word_1_2' title='bbox 1462 305 1879 368; x_wconf 68' lang='lat' dir='ltr'><strong>NOTITIAJIX</strong></span> <span class='ocrx_word' id='word_1_3' title='bbox 1916 304 2252 361; x_wconf 72' lang='lat' dir='ltr'><strong>FABRICIO.</strong></span> <span class='ocrx_word' id='word_1_4' title='bbox 3431 305 3504 363; x_wconf 81' lang='grc'><strong>69</strong></span> 
     </span>
    </p>
   </div>
   <div class='ocr_carea' id='block_1_2' title="bbox 219 417 1824 495">
    <p class='ocr_par' dir='ltr' id='par_1_2' title="bbox 219 417 1808 495">
     <span class='ocr_line' id='line_1_2' title="bbox 219 417 1808 495; baseline -0.004 -13"><span class='ocrx_word' id='word_1_5' title='bbox 219 421 435 495; x_wconf 71' lang='lat' dir='ltr'><strong>annot.]</strong></span> <span class='ocrx_word' id='word_1_6' title='bbox 467 422 664 479; x_wconf 86' lang='lat' dir='ltr'><strong>Colon.</strong></span> <span class='ocrx_word' id='word_1_7' title='bbox 715 419 866 476; x_wconf 73' lang='grc'><strong>1546.</strong></span> <span class='ocrx_word' id='word_1_8' title='bbox 913 418 1140 474; x_wconf 88' lang='lat' dir='ltr'><strong>Librum</strong></span> <span class='ocrx_word' id='word_1_9' title='bbox 1190 417 1430 491; x_wconf 86' lang='lat' dir='ltr'><strong>primum</strong></span> <span class='ocrx_word' id='word_1_10' title='bbox 1465 420 1652 478; x_wconf 67' lang='lat' dir='ltr'><strong>Graece</strong></span> <span class='ocrx_word' id='word_1_11' title='bbox 1693 423 1808 494; x_wconf 88' lang='lat' dir='ltr'><strong>pri-</strong></span> 
     </span>
    </p>
   </div>
   <div class='ocr_carea' id='block_1_3' title="bbox 1922 417 3499 495">
    <p class='ocr_par' dir='ltr' id='par_1_3' title="bbox 1922 417 3499 493">
     <span class='ocr_line' id='line_1_3' title="bbox 1922 417 3499 493; baseline 0.001 -17"><span class='ocrx_word' id='word_1_12' title='bbox 1922 423 2078 478; x_wconf 85' lang='lat' dir='ltr'><strong>minis</strong></span> <span class='ocrx_word' id='word_1_13' title='bbox 2107 419 2385 493; x_wconf 85' lang='lat' dir='ltr'><strong>leguntur)</strong></span> <span class='ocrx_word' id='word_1_14' title='bbox 2411 419 2726 490; x_wconf 83' lang='lat' dir='ltr'><strong>vulgaverat</strong></span> <span class='ocrx_word' id='word_1_15' title='bbox 2755 417 2928 490; x_wconf 86' lang='lat' dir='ltr'><strong>Lugd.</strong></span> <span class='ocrx_word' id='word_1_16' title='bbox 2964 418 3150 474; x_wconf 87' lang='lat' dir='ltr'><strong>Batav.</strong></span> <span class='ocrx_word' id='word_1_17' title='bbox 3181 419 3336 487; x_wconf 83' lang='grc'><strong>1605,</strong></span> <span class='ocrx_word' id='word_1_18' title='bbox 3364 422 3420 477; x_wconf 89' lang='lat' dir='ltr'><strong>in</strong></span> <span class='ocrx_word' id='word_1_19' title='bbox 3443 423 3499 479; x_wconf 71' lang='grc'><strong>4.</strong></span> 
     </span>
    </p>
   </div>
   <div class='ocr_carea' id='block_1_4' title="bbox 222 510 1814 572">
    <p class='ocr_par' dir='ltr' id='par_1_4' title="bbox 222 510 1814 572">
     <span class='ocr_line' id='line_1_4' title="bbox 222 510 1814 572; baseline -0.001 -1"><span class='ocrx_word' id='word_1_20' title='bbox 222 532 344 572; x_wconf 74' lang='lat' dir='ltr'><strong>inus</strong></span> <span class='ocrx_word' id='word_1_21' title='bbox 386 530 518 570; x_wconf 88' lang='lat' dir='ltr'><strong>cum</strong></span> <span class='ocrx_word' id='word_1_22' title='bbox 563 527 703 568; x_wconf 85' lang='lat' dir='ltr'><strong>nova</strong></span> <span class='ocrx_word' id='word_1_23' title='bbox 745 510 976 566; x_wconf 82' lang='lat' dir='ltr'><strong>meliore</strong></span> <span class='ocrx_word' id='word_1_24' title='bbox 1021 512 1277 565; x_wconf 80' lang='lat' dir='ltr'><strong>versione</strong></span> <span class='ocrx_word' id='word_1_25' title='bbox 1322 527 1422 568; x_wconf 84' lang='lat' dir='ltr'><strong>sua</strong></span> <span class='ocrx_word' id='word_1_26' title='bbox 1470 527 1521 566; x_wconf 87' lang='lat' dir='ltr'><strong>a.</strong></span> <span class='ocrx_word' id='word_1_27' title='bbox 1565 512 1701 568; x_wconf 93' lang='grc'><strong>1619</strong></span> <span class='ocrx_word' id='word_1_28' title='bbox 1745 511 1814 569; x_wconf 89' lang='lat' dir='ltr'><strong>ad</strong></span> 
     </span>
    </p>
   </div>
   <div class='ocr_carea' id='block_1_5' title="bbox 219 600 1816 671">
    <p class='ocr_par' dir='ltr' id='par_1_5' title="bbox 219 600 1816 671">
     <span class='ocr_line' id='line_1_5' title="bbox 219 600 1816 671; baseline -0.004 -8"><span class='ocrx_word' id='word_1_29' title='bbox 219 607 525 663; x_wconf 74' lang='lat' dir='ltr'><strong>editionem</strong></span> <span class='ocrx_word' id='word_1_30' title='bbox 560 601 851 656; x_wconf 86' lang='lat' dir='ltr'><strong>adornavit</strong></span> <span class='ocrx_word' id='word_1_31' title='bbox 885 600 1142 655; x_wconf 84' lang='lat' dir='ltr'><strong>Nicolaus</strong></span> <span class='ocrx_word' id='word_1_32' title='bbox 1174 601 1504 666; x_wconf 84' lang='lat' dir='ltr'><strong>Borbonius,</strong></span> <span class='ocrx_word' id='word_1_33' title='bbox 1535 600 1816 671; x_wconf 76' lang='lat' dir='ltr'><strong>professor</strong></span> 
     </span>
    </p>
   </div>
   <div class='ocr_carea' id='block_1_6' title="bbox 217 693 1815 768">
    <p class='ocr_par' dir='ltr' id='par_1_6' title="bbox 217 693 1815 768">
     <span class='ocr_line' id='line_1_6' title="bbox 217 693 1815 768; baseline -0.003 -14"><span class='ocrx_word' id='word_1_34' title='bbox 217 712 272 756; x_wconf 74' lang='lat' dir='ltr'><strong>et</strong></span> <span class='ocrx_word' id='word_1_35' title='bbox 321 701 602 768; x_wconf 73' lang='lat' dir='ltr'><strong>interpres</strong></span> <span class='ocrx_word' id='word_1_36' title='bbox 642 694 828 765; x_wconf 83' lang='lat' dir='ltr'><strong>regius</strong></span> <span class='ocrx_word' id='word_1_37' title='bbox 861 693 961 765; x_wconf 81' lang='grc' dir='ltr'>(α),</span> <span class='ocrx_word' id='word_1_38' title='bbox 995 693 1049 748; x_wconf 89' lang='lat' dir='ltr'><strong>in</strong></span> <span class='ocrx_word' id='word_1_39' title='bbox 1079 695 1237 766; x_wconf 85' lang='lat' dir='ltr'><strong>cujus</strong></span> <span class='ocrx_word' id='word_1_40' title='bbox 1264 693 1550 765; x_wconf 84' lang='lat' dir='ltr'><strong>opusculis</strong></span> <span class='ocrx_word' id='word_1_41' title='bbox 1584 703 1815 764; x_wconf 86' lang='lat' dir='ltr'><strong>utraque</strong></span> 
     </span>
    </p>
   </div>
   <div class='ocr_carea' id='block_1_7' title="bbox 217 783 1817 862">
    <p class='ocr_par' dir='ltr' id='par_1_7' title="bbox 217 783 1817 862">
     <span class='ocr_line' id='line_1_7' title="bbox 217 783 1817 862; baseline -0.004 -16"><span class='ocrx_word' id='word_1_42' title='bbox 217 793 412 862; x_wconf 80' lang='lat' dir='ltr'><strong>lingua</strong></span> <span class='ocrx_word' id='word_1_43' title='bbox 457 785 665 858; x_wconf 90' lang='lat' dir='ltr'><strong>prodiit</strong></span> <span class='ocrx_word' id='word_1_44' title='bbox 700 784 877 840; x_wconf 83' lang='lat' dir='ltr'><strong>Paris.</strong></span> <span class='ocrx_word' id='word_1_45' title='bbox 923 783 1079 848; x_wconf 63' lang='grc'><strong>1650,</strong></span> <span class='ocrx_word' id='word_1_46' title='bbox 1116 784 1273 848; x_wconf 79' lang='grc'><strong>1654,</strong></span> <span class='ocrx_word' id='word_1_47' title='bbox 1310 784 1398 838; x_wconf 95' lang='grc'><strong>12.</strong></span> <span class='ocrx_word' id='word_1_48' title='bbox 1434 784 1632 838; x_wconf 87' lang='lat' dir='ltr'><strong>Totum</strong></span> <span class='ocrx_word' id='word_1_49' title='bbox 1677 798 1817 854; x_wconf 88' lang='lat' dir='ltr'><strong>opus</strong></span> 
     </span>
    </p>
   </div>
   <div class='ocr_carea' id='block_1_8' title="bbox 206 873 1818 944">
    <p class='ocr_par' dir='ltr' id='par_1_8' title="bbox 206 873 1818 944">
     <span class='ocr_line' id='line_1_8' title="bbox 206 873 1818 944; baseline -0.002 -10"><span class='ocrx_word' id='word_1_50' title='bbox 206 879 409 936; x_wconf 55' lang='grc' dir='ltr'><strong>,ϐπ-,ξω</strong></span> <span class='ocrx_word' id='word_1_51' title='bbox 447 886 502 932; x_wconf 88' lang='lat' dir='ltr'><strong>et</strong></span> <span class='ocrx_word' id='word_1_52' title='bbox 543 875 738 931; x_wconf 92' lang='lat' dir='ltr'><strong>Latine</strong></span> <span class='ocrx_word' id='word_1_53' title='bbox 763 873 1008 944; x_wconf 88' lang='lat' dir='ltr'><strong>primum</strong></span> <span class='ocrx_word' id='word_1_54' title='bbox 1050 873 1106 928; x_wconf 90' lang='lat' dir='ltr'><strong>in</strong></span> <span class='ocrx_word' id='word_1_55' title='bbox 1133 874 1365 930; x_wconf 82' lang='lat' dir='ltr'><strong>Auberti</strong></span> <span class='ocrx_word' id='word_1_56' title='bbox 1401 873 1646 930; x_wconf 79' lang='lat' dir='ltr'><strong>editione</strong></span> <span class='ocrx_word' id='word_1_57' title='bbox 1687 890 1818 930; x_wconf 89' lang='lat' dir='ltr'><strong>con-</strong></span> 
     </span>
    </p>
   </div>
   <div class='ocr_carea' id='block_1_9' title="bbox 224 964 1816 1041">
    <p class='ocr_par' dir='ltr' id='par_1_9' title="bbox 224 964 1816 1041">
     <span class='ocr_line' id='line_1_9' title="bbox 224 964 1816 1041; baseline -0.003 -17"><span class='ocrx_word' id='word_1_58' title='bbox 224 969 474 1041; x_wconf 86' lang='lat' dir='ltr'><strong>spicitur,</strong></span> <span class='ocrx_word' id='word_1_59' title='bbox 517 967 664 1021; x_wconf 89' lang='lat' dir='ltr'><strong>liber</strong></span> <span class='ocrx_word' id='word_1_60' title='bbox 709 965 926 1036; x_wconf 87' lang='lat' dir='ltr'><strong>primus</strong></span> <span class='ocrx_word' id='word_1_61' title='bbox 967 980 1036 1018; x_wconf 80' lang='lat' dir='ltr'><strong>ex</strong></span> <span class='ocrx_word' id='word_1_62' title='bbox 1071 964 1350 1031; x_wconf 88' lang='lat' dir='ltr'><strong>Borbonii,</strong></span> <span class='ocrx_word' id='word_1_63' title='bbox 1380 966 1567 1020; x_wconf 65' lang='lat' dir='ltr'><strong>caeteri</strong></span> <span class='ocrx_word' id='word_1_64' title='bbox 1603 981 1671 1020; x_wconf 77' lang='lat' dir='ltr'><strong>ex</strong></span> <span class='ocrx_word' id='word_1_65' title='bbox 1707 965 1816 1020; x_wconf 73' lang='lat' dir='ltr'><strong>Au-</strong></span> 
     </span>
    </p>
   </div>
   <div class='ocr_carea' id='block_1_10' title="bbox 232 1057 1817 1130">
    <p class='ocr_par' dir='ltr' id='par_1_10' title="bbox 232 1057 1817 1130">
     <span class='ocr_line' id='line_1_10' title="bbox 232 1057 1817 1130; baseline -0.004 -12"><span class='ocrx_word' id='word_1_66' title='bbox 232 1062 368 1118; x_wconf 88' lang='lat' dir='ltr'><strong>berti</strong></span> <span class='ocrx_word' id='word_1_67' title='bbox 423 1059 900 1130; x_wconf 83' lang='lat' dir='ltr'><strong>interpretatione.</strong></span> <span class='ocrx_word' id='word_1_68' title='bbox 954 1057 1134 1128; x_wconf 82' lang='lat' dir='ltr'><strong>Atque</strong></span> <span class='ocrx_word' id='word_1_69' title='bbox 1185 1059 1261 1112; x_wconf 89' lang='lat' dir='ltr'><strong>ita</strong></span> <span class='ocrx_word' id='word_1_70' title='bbox 1319 1073 1576 1114; x_wconf 90' lang='lat' dir='ltr'><strong>recusum</strong></span> <span class='ocrx_word' id='word_1_71' title='bbox 1631 1058 1817 1127; x_wconf 80' lang='lat' dir='ltr'><strong>lingua</strong></span> 
     </span>
    </p>
   </div>
   <div class='ocr_carea' id='block_1_11' title="bbox 229 1150 1812 1226">
    <p class='ocr_par' dir='ltr' id='par_1_11' title="bbox 229 1150 1812 1226">
     <span class='ocr_line' id='line_1_11' title="bbox 229 1150 1812 1226; baseline -0.004 -15"><span class='ocrx_word' id='word_1_72' title='bbox 229 1167 457 1226; x_wconf 85' lang='lat' dir='ltr'><strong>utraque</strong></span> <span class='ocrx_word' id='word_1_73' title='bbox 498 1161 585 1209; x_wconf 91' lang='lat' dir='ltr'><strong>est</strong></span> <span class='ocrx_word' id='word_1_74' title='bbox 631 1152 700 1208; x_wconf 84' lang='lat' dir='ltr'><strong>ad</strong></span> <span class='ocrx_word' id='word_1_75' title='bbox 733 1153 941 1206; x_wconf 88' lang='lat' dir='ltr'><strong>calcem</strong></span> <span class='ocrx_word' id='word_1_76' title='bbox 986 1150 1227 1222; x_wconf 87' lang='lat' dir='ltr'><strong>Operum</strong></span> <span class='ocrx_word' id='word_1_77' title='bbox 1264 1151 1489 1216; x_wconf 77' lang='lat' dir='ltr'><strong>Iuliani,</strong></span> <span class='ocrx_word' id='word_1_78' title='bbox 1513 1167 1582 1206; x_wconf 81' lang='lat' dir='ltr'><strong>ex</strong></span> <span class='ocrx_word' id='word_1_79' title='bbox 1612 1150 1812 1206; x_wconf 84' lang='lat' dir='ltr'><strong>Ezecb.</strong></span> 
     </span>
    </p>
   </div>
   <div class='ocr_carea' id='block_1_12' title="bbox 226 1244 1812 1320">
    <p class='ocr_par' dir='ltr' id='par_1_12' title="bbox 226 1244 1812 1320">
     <span class='ocr_line' id='line_1_12' title="bbox 226 1244 1812 1320; baseline -0.003 -17"><span class='ocrx_word' id='word_1_80' title='bbox 226 1247 544 1320; x_wconf 87' lang='lat' dir='ltr'><strong>Spanbemi-i</strong></span> <span class='ocrx_word' id='word_1_81' title='bbox 616 1245 942 1300; x_wconf 88' lang='lat' dir='ltr'><strong>recensione</strong></span> <span class='ocrx_word' id='word_1_82' title='bbox 997 1245 1346 1315; x_wconf 87' lang='lat' dir='ltr'><strong>vulgatorum</strong></span> <span class='ocrx_word' id='word_1_83' title='bbox 1401 1244 1602 1316; x_wconf 80' lang='lat' dir='ltr'><strong>Lipsiie</strong></span> <span class='ocrx_word' id='word_1_84' title='bbox 1656 1244 1812 1309; x_wconf 88' lang='grc'><strong>1696,</strong></span> 
     </span>
    </p>
   </div>
   <div class='ocr_carea' id='block_1_13' title="bbox 225 1336 1816 1408">
    <p class='ocr_par' dir='ltr' id='par_1_13' title="bbox 225 1336 1816 1408">
     <span class='ocr_line' id='line_1_13' title="bbox 225 1336 1816 1408; baseline -0.004 -13"><span class='ocrx_word' id='word_1_85' title='bbox 225 1341 318 1395; x_wconf 90' lang='lat' dir='ltr'><strong>fol.</strong></span> <span class='ocrx_word' id='word_1_86' title='bbox 363 1339 638 1396; x_wconf 82' lang='lat' dir='ltr'><strong>Videntur</strong></span> <span class='ocrx_word' id='word_1_87' title='bbox 671 1339 840 1392; x_wconf 88' lang='lat' dir='ltr'><strong>etiam</strong></span> <span class='ocrx_word' id='word_1_88' title='bbox 882 1336 939 1390; x_wconf 88' lang='lat' dir='ltr'><strong>hi</strong></span> <span class='ocrx_word' id='word_1_89' title='bbox 979 1336 1166 1408; x_wconf 86' lang='lat' dir='ltr'><strong>Cyrilli</strong></span> <span class='ocrx_word' id='word_1_90' title='bbox 1218 1338 1344 1393; x_wconf 89' lang='lat' dir='ltr'><strong>libri</strong></span> <span class='ocrx_word' id='word_1_91' title='bbox 1393 1337 1644 1394; x_wconf 84' lang='lat' dir='ltr'><strong>translati</strong></span> <span class='ocrx_word' id='word_1_92' title='bbox 1685 1336 1816 1392; x_wconf 90' lang='lat' dir='ltr'><strong>ferri</strong></span> 
     </span>
    </p>
   </div>
   <div class='ocr_carea' id='block_1_14' title="bbox 225 1423 1816 1504">
    <p class='ocr_par' dir='ltr' id='par_1_14' title="bbox 225 1423 1816 1504">
     <span class='ocr_line' id='line_1_14' title="bbox 225 1423 1816 1504; baseline -0.003 -17"><span class='ocrx_word' id='word_1_93' title='bbox 225 1432 480 1504; x_wconf 73' lang='lat' dir='ltr'><strong>Syr-iace;</strong></span> <span class='ocrx_word' id='word_1_94' title='bbox 517 1445 646 1484; x_wconf 90' lang='lat' dir='ltr'><strong>nam</strong></span> <span class='ocrx_word' id='word_1_95' title='bbox 678 1423 980 1484; x_wconf 74' lang='lat' dir='ltr'><strong>laudantur</strong></span> <span class='ocrx_word' id='word_1_96' title='bbox 1015 1445 1046 1484; x_wconf 87' lang='lat' dir='ltr'><strong>a</strong></span> <span class='ocrx_word' id='word_1_97' title='bbox 1076 1430 1220 1485; x_wconf 81' lang='lat' dir='ltr'><strong>Mose</strong></span> <span class='ocrx_word' id='word_1_98' title='bbox 1259 1429 1536 1499; x_wconf 86' lang='lat' dir='ltr'><strong>Barcepba</strong></span> <span class='ocrx_word' id='word_1_99' title='bbox 1575 1438 1727 1500; x_wconf 88' lang='lat' dir='ltr'><strong>parte</strong></span> <span class='ocrx_word' id='word_1_100' title='bbox 1757 1443 1816 1483; x_wconf 82' lang='lat' dir='ltr'><strong>ut</strong></span> 
     </span>
    </p>
   </div>
   <div class='ocr_carea' id='block_1_15' title="bbox 223 1521 1820 1595">
    <p class='ocr_par' dir='ltr' id='par_1_15' title="bbox 223 1521 1820 1595">
     <span class='ocr_line' id='line_1_15' title="bbox 223 1521 1820 1595; baseline -0.003 -16"><span class='ocrx_word' id='word_1_101' title='bbox 223 1522 306 1580; x_wconf 48' lang='lat' dir='ltr'><strong>De.</strong></span> <span class='ocrx_word' id='word_1_102' title='bbox 333 1523 612 1595; x_wconf 71' lang='lat' dir='ltr'><strong>paradiso,</strong></span> <span class='ocrx_word' id='word_1_103' title='bbox 635 1538 760 1594; x_wconf 81' lang='lat' dir='ltr'><strong>pag.</strong></span> <span class='ocrx_word' id='word_1_104' title='bbox 791 1521 1048 1577; x_wconf 68' lang='lat'><strong>425-429.</strong></span> <span class='ocrx_word' id='word_1_105' title='bbox 1085 1522 1129 1578; x_wconf 85' lang='lat' dir='ltr'><strong>E</strong></span> <span class='ocrx_word' id='word_1_106' title='bbox 1155 1522 1360 1578; x_wconf 71' lang='lat' dir='ltr'><strong>Grzccis</strong></span> <span class='ocrx_word' id='word_1_107' title='bbox 1392 1522 1564 1577; x_wconf 89' lang='lat' dir='ltr'><strong>citant</strong></span> <span class='ocrx_word' id='word_1_108' title='bbox 1599 1521 1682 1577; x_wconf 83' lang='lat' dir='ltr'><strong>Jo.</strong></span> <span class='ocrx_word' id='word_1_109' title='bbox 1715 1521 1820 1575; x_wconf 78' lang='lat' dir='ltr'><strong>Da-</strong></span> 
     </span>
    </p>
   </div>
   <div class='ocr_carea' id='block_1_16' title="bbox 224 1611 1852 1678">
    <p class='ocr_par' dir='ltr' id='par_1_16' title="bbox 224 1611 1852 1678">
     <span class='ocr_line' id='line_1_16' title="bbox 224 1611 1852 1678; baseline -0.003 -7"><span class='ocrx_word' id='word_1_110' title='bbox 224 1629 517 1672; x_wconf 74' lang='lat' dir='ltr'><strong>mscenus</strong></span> <span class='ocrx_word' id='word_1_111' title='bbox 558 1615 616 1670; x_wconf 91' lang='lat' dir='ltr'><strong>in</strong></span> <span class='ocrx_word' id='word_1_112' title='bbox 666 1613 994 1678; x_wconf 76' lang='lat' dir='ltr'><strong>Parallelia,</strong></span> <span class='ocrx_word' id='word_1_113' title='bbox 1037 1624 1092 1670; x_wconf 91' lang='lat' dir='ltr'><strong>et</strong></span> <span class='ocrx_word' id='word_1_114' title='bbox 1147 1623 1341 1670; x_wconf 88' lang='lat' dir='ltr'><strong>catena</strong></span> <span class='ocrx_word' id='word_1_115' title='bbox 1388 1612 1710 1672; x_wconf 86' lang='lat' dir='ltr'><strong>Possiniana</strong></span> <span class='ocrx_word' id='word_1_116' title='bbox 1747 1611 1852 1666; x_wconf 59' lang='lat' dir='ltr'><strong>.in.</strong></span> 
     </span>
    </p>
   </div>
   <div class='ocr_carea' id='block_1_17' title="bbox 227 1702 1816 1778">
    <p class='ocr_par' dir='ltr' id='par_1_17' title="bbox 227 1702 1816 1778">
     <span class='ocr_line' id='line_1_17' title="bbox 227 1702 1816 1778; baseline -0.004 -16"><span class='ocrx_word' id='word_1_117' title='bbox 227 1707 499 1770; x_wconf 72' lang='lat' dir='ltr'><strong>Marcum,</strong></span> <span class='ocrx_word' id='word_1_118' title='bbox 547 1722 669 1777; x_wconf 75' lang='lat' dir='ltr'><strong>pag.</strong></span> <span class='ocrx_word' id='word_1_119' title='bbox 702 1707 828 1772; x_wconf 74' lang='grc'><strong>545,</strong></span> <span class='ocrx_word' id='word_1_120' title='bbox 872 1706 1060 1761; x_wconf 87' lang='lat' dir='ltr'><strong>laudat</strong></span> <span class='ocrx_word' id='word_1_121' title='bbox 1107 1705 1374 1778; x_wconf 88' lang='lat' dir='ltr'><strong>Cyrillum</strong></span> <span class='ocrx_word' id='word_1_122' title='bbox 1416 1707 1474 1759; x_wconf 80' lang='grc' dir='ltr'>ἐν</span> <span class='ocrx_word' id='word_1_123' title='bbox 1520 1707 1634 1768; x_wconf 85' lang='grc' dir='ltr'>τοῖς</span> <span class='ocrx_word' id='word_1_124' title='bbox 1682 1702 1816 1776; x_wconf 77' lang='grc' dir='ltr'>πρὸς</span> 
     </span>
    </p>
   </div>
   <div class='ocr_carea' id='block_1_18' title="bbox 244 1775 1890 1865">
    <p class='ocr_par' dir='ltr' id='par_1_18' title="bbox 244 1775 1890 1865">
     <span class='ocr_line' id='line_1_18' title="bbox 244 1775 1890 1865; baseline 0 -15"><span class='ocrx_word' id='word_1_125' title='bbox 244 1775 567 1850; x_wconf 31' lang='grc' dir='ltr'>Ἰουλιανονῗ</span> <span class='ocrx_word' id='word_1_126' title='bbox 589 1775 858 1865; x_wconf 74' lang='grc' dir='ltr'>κεφαλαίῳ</span> <span class='ocrx_word' id='word_1_127' title='bbox 899 1796 970 1865; x_wconf 82' lang='grc' dir='ltr'><strong>γ’.</strong></span> <span class='ocrx_word' id='word_1_128' title='bbox 1018 1775 1327 1852; x_wconf 77' lang='lat' dir='ltr'><strong>Concilium</strong></span> <span class='ocrx_word' id='word_1_129' title='bbox 1363 1813 1436 1862; x_wconf 85' lang='lat' dir='ltr'><strong>iv,</strong></span> <span class='ocrx_word' id='word_1_130' title='bbox 1473 1796 1689 1852; x_wconf 86' lang='lat' dir='ltr'><strong>actione</strong></span> <span class='ocrx_word' id='word_1_131' title='bbox 1729 1775 1812 1860; x_wconf 90' lang='grc'><strong>10,</strong></span> <span class='ocrx_word' id='word_1_132' title='bbox 1849 1775 1890 1830; x_wconf 75' lang='grc' dir='ltr'><strong><em>Β</em></strong></span> 
     </span>
    </p>
   </div>
   <div class='ocr_carea' id='block_1_19' title="bbox 236 1879 1850 1958">
    <p class='ocr_par' dir='ltr' id='par_1_19' title="bbox 236 1879 1850 1958">
     <span class='ocr_line' id='line_1_19' title="bbox 236 1879 1850 1958; baseline 0 -16"><span class='ocrx_word' id='word_1_133' title='bbox 236 1899 372 1944; x_wconf 87' lang='lat' dir='ltr'><strong>tom.</strong></span> <span class='ocrx_word' id='word_1_134' title='bbox 405 1879 659 1950; x_wconf 86' lang='lat' dir='ltr'><strong>llIBinii,</strong></span> <span class='ocrx_word' id='word_1_135' title='bbox 698 1903 814 1958; x_wconf 86' lang='lat' dir='ltr'><strong>pag.</strong></span> <span class='ocrx_word' id='word_1_136' title='bbox 839 1887 930 1953; x_wconf 83' lang='grc'><strong>95,</strong></span> <span class='ocrx_word' id='word_1_137' title='bbox 964 1890 1021 1942; x_wconf 86' lang='grc' dir='ltr'>ὲν</span> <span class='ocrx_word' id='word_1_138' title='bbox 1059 1888 1154 1942; x_wconf 81' lang='grc' dir='ltr'>τοῦ</span> <span class='ocrx_word' id='word_1_139' title='bbox 1196 1888 1338 1943; x_wconf 81' lang='grc' dir='ltr'>κατὰ</span> <span class='ocrx_word' id='word_1_140' title='bbox 1381 1889 1491 1943; x_wconf 89' lang='grc' dir='ltr'><strong>τῶν</strong></span> <span class='ocrx_word' id='word_1_141' title='bbox 1529 1887 1814 1943; x_wconf 82' lang='grc' dir='ltr'>Ἰουλιανοῦ</span> <span class='ocrx_word' id='word_1_142' title='bbox 1847 1911 1850 1914; x_wconf 58' lang='grc'><strong>’</strong></span> 
     </span>
    </p>
   </div>
   <div class='ocr_carea' id='block_1_20' title="bbox 225 1979 1817 2052">
    <p class='ocr_par' dir='ltr' id='par_1_20' title="bbox 225 1979 1817 2052">
     <span class='ocr_line' id='line_1_20' title="bbox 225 1979 1817 2052; baseline 0 -18"><span class='ocrx_word' id='word_1_143' title='bbox 225 1981 524 2051; x_wconf 79' lang='grc' dir='ltr'><strong>δογμάτων</strong></span> <span class='ocrx_word' id='word_1_144' title='bbox 551 1979 755 2051; x_wconf 78' lang='grc' dir='ltr'>βιϐλίου</span> <span class='ocrx_word' id='word_1_145' title='bbox 788 1981 998 2052; x_wconf 77' lang='grc' dir='ltr'>τρίτου,</span> <span class='ocrx_word' id='word_1_146' title='bbox 1024 1981 1134 2035; x_wconf 76' lang='grc' dir='ltr'><strong>ἀπὸ</strong></span> <span class='ocrx_word' id='word_1_147' title='bbox 1164 1981 1324 2051; x_wconf 85' lang='grc' dir='ltr'>λόγου</span> <span class='ocrx_word' id='word_1_148' title='bbox 1353 1980 1599 2036; x_wconf 83' lang='grc' dir='ltr'><strong>δεκάτου.</strong></span> <span class='ocrx_word' id='word_1_149' title='bbox 1630 1979 1817 2035; x_wconf 77' lang='lat' dir='ltr'><strong>Memi-</strong></span> 
     </span>
    </p>
   </div>
   <div class='ocr_carea' id='block_1_21' title="bbox 225 2071 1816 2143">
    <p class='ocr_par' dir='ltr' id='par_1_21' title="bbox 225 2071 1816 2143">
     <span class='ocr_line' id='line_1_21' title="bbox 225 2071 1816 2143; baseline 0 -17"><span class='ocrx_word' id='word_1_150' title='bbox 225 2071 310 2126; x_wconf 87' lang='lat' dir='ltr'><strong>nit</strong></span> <span class='ocrx_word' id='word_1_151' title='bbox 333 2083 394 2127; x_wconf 89' lang='lat' dir='ltr'><strong>et</strong></span> <span class='ocrx_word' id='word_1_152' title='bbox 423 2071 770 2143; x_wconf 82' lang='lat' dir='ltr'><strong>Nicephorus</strong></span> <span class='ocrx_word' id='word_1_153' title='bbox 797 2087 906 2137; x_wconf 68' lang='lat' dir='ltr'><strong>xxv,</strong></span> <span class='ocrx_word' id='word_1_154' title='bbox 938 2073 1025 2136; x_wconf 78' lang='lat' dir='ltr'><strong>M,</strong></span> <span class='ocrx_word' id='word_1_155' title='bbox 1056 2081 1113 2128; x_wconf 88' lang='lat' dir='ltr'><strong>et</strong></span> <span class='ocrx_word' id='word_1_156' title='bbox 1148 2082 1277 2130; x_wconf 85' lang='lat' dir='ltr'><strong>ante</strong></span> <span class='ocrx_word' id='word_1_157' title='bbox 1310 2073 1412 2128; x_wconf 91' lang='lat' dir='ltr'><strong>bos</strong></span> <span class='ocrx_word' id='word_1_158' title='bbox 1449 2072 1816 2128; x_wconf 89' lang='lat' dir='ltr'><strong>Theodoritus</strong></span> 
     </span>
    </p>
   </div>
   <div class='ocr_carea' id='block_1_22' title="bbox 227 2163 1815 2234">
    <p class='ocr_par' dir='ltr' id='par_1_22' title="bbox 227 2163 1815 2234">
     <span class='ocr_line' id='line_1_22' title="bbox 227 2163 1815 2234; baseline -0.001 -16"><span class='ocrx_word' id='word_1_159' title='bbox 227 2163 384 2234; x_wconf 81' lang='lat' dir='ltr'><strong>epist.</strong></span> <span class='ocrx_word' id='word_1_160' title='bbox 421 2163 512 2221; x_wconf 80' lang='grc'><strong>85.</strong></span> <span class='ocrx_word' id='word_1_161' title='bbox 554 2164 801 2218; x_wconf 87' lang='lat' dir='ltr'><strong>Primum</strong></span> <span class='ocrx_word' id='word_1_162' title='bbox 830 2163 992 2219; x_wconf 90' lang='lat' dir='ltr'><strong>modo</strong></span> <span class='ocrx_word' id='word_1_163' title='bbox 1016 2164 1220 2220; x_wconf 71' lang='lat' dir='ltr'><strong>Iuliani</strong></span> <span class='ocrx_word' id='word_1_164' title='bbox 1246 2165 1448 2220; x_wconf 90' lang='lat' dir='ltr'><strong>librum</strong></span> <span class='ocrx_word' id='word_1_165' title='bbox 1473 2164 1815 2220; x_wconf 87' lang='lat' dir='ltr'><strong>confutatum</strong></span> 
     </span>
    </p>
   </div>
   <div class='ocr_carea' id='block_1_23' title="bbox 228 2249 1812 2326">
    <p class='ocr_par' dir='ltr' id='par_1_23' title="bbox 228 2249 1812 2326">
     <span class='ocr_line' id='line_1_23' title="bbox 228 2249 1812 2326; baseline -0.001 -18"><span class='ocrx_word' id='word_1_166' title='bbox 228 2270 255 2308; x_wconf 72' lang='grc' dir='ltr'><strong>ι</strong></span> <span class='ocrx_word' id='word_1_167' title='bbox 274 2249 479 2326; x_wconf 78' lang='lat' dir='ltr'><strong>Cyrillo</strong></span> <span class='ocrx_word' id='word_1_168' title='bbox 503 2255 732 2326; x_wconf 87' lang='lat' dir='ltr'><strong>conjicit</strong></span> <span class='ocrx_word' id='word_1_169' title='bbox 760 2255 899 2311; x_wconf 88' lang='lat' dir='ltr'><strong>Lud.</strong></span> <span class='ocrx_word' id='word_1_170' title='bbox 929 2256 1100 2312; x_wconf 85' lang='lat' dir='ltr'><strong>Ellies</strong></span> <span class='ocrx_word' id='word_1_171' title='bbox 1117 2255 1190 2310; x_wconf 87' lang='lat' dir='ltr'><strong>du</strong></span> <span class='ocrx_word' id='word_1_172' title='bbox 1213 2257 1313 2312; x_wconf 90' lang='lat' dir='ltr'><strong>Pin</strong></span> <span class='ocrx_word' id='word_1_173' title='bbox 1340 2265 1472 2312; x_wconf 89' lang='lat' dir='ltr'><strong>tom.</strong></span> <span class='ocrx_word' id='word_1_174' title='bbox 1497 2255 1564 2310; x_wconf 99' lang='lat' dir='ltr'><strong>IV</strong></span> <span class='ocrx_word' id='word_1_175' title='bbox 1586 2255 1662 2308; x_wconf 85' lang='lat' dir='ltr'><strong>De</strong></span> <span class='ocrx_word' id='word_1_176' title='bbox 1679 2255 1812 2308; x_wconf 80' lang='lat' dir='ltr'><strong>scri-</strong></span> 
     </span>
    </p>
   </div>
   <div class='ocr_carea' id='block_1_24' title="bbox 225 2345 1813 2418">
    <p class='ocr_par' dir='ltr' id='par_1_24' title="bbox 225 2345 1813 2418">
     <span class='ocr_line' id='line_1_24' title="bbox 225 2345 1813 2418; baseline 0 -18"><span class='ocrx_word' id='word_1_177' title='bbox 225 2346 458 2416; x_wconf 74' lang='lat' dir='ltr'><strong>ptoribus</strong></span> <span class='ocrx_word' id='word_1_178' title='bbox 498 2347 886 2412; x_wconf 69' lang='lat' dir='ltr'><strong>ecclesiasticis,</strong></span> <span class='ocrx_word' id='word_1_179' title='bbox 920 2363 1042 2418; x_wconf 89' lang='lat' dir='ltr'><strong>pag.</strong></span> <span class='ocrx_word' id='word_1_180' title='bbox 1086 2347 1155 2402; x_wconf 75' lang='grc'><strong>48</strong></span> <span class='ocrx_word' id='word_1_181' title='bbox 1192 2366 1204 2402; x_wconf 91' lang='lat'>:</span> <span class='ocrx_word' id='word_1_182' title='bbox 1242 2346 1292 2402; x_wconf 85' lang='lat' dir='ltr'><strong>Il</strong></span> <span class='ocrx_word' id='word_1_183' title='bbox 1329 2346 1508 2418; x_wconf 81' lang='lat' dir='ltr'><strong>paruit</strong></span> <span class='ocrx_word' id='word_1_184' title='bbox 1552 2345 1682 2417; x_wconf 55' lang='grc' dir='ltr'>φρει</span> <span class='ocrx_word' id='word_1_185' title='bbox 1725 2345 1813 2400; x_wconf 84' lang='grc' dir='ltr'><strong>ηά</strong></span> 
     </span>
    </p>
   </div>
   <div class='ocr_carea' id='block_1_25' title="bbox 226 2437 1814 2509">
    <p class='ocr_par' dir='ltr' id='par_1_25' title="bbox 226 2437 1814 2509">
     <span class='ocr_line' id='line_1_25' title="bbox 226 2437 1814 2509; baseline 0.001 -20"><span class='ocrx_word' id='word_1_186' title='bbox 226 2439 395 2508; x_wconf 78' lang='lat' dir='ltr'><strong>réfute‘</strong></span> <span class='ocrx_word' id='word_1_187' title='bbox 413 2456 525 2508; x_wconf 79' lang='lat' dir='ltr'><strong>que</strong></span> <span class='ocrx_word' id='word_1_188' title='bbox 551 2456 644 2494; x_wconf 77' lang='lat' dir='ltr'><strong>son</strong></span> <span class='ocrx_word' id='word_1_189' title='bbox 675 2443 905 2509; x_wconf 84' lang='lat' dir='ltr'><strong>premier</strong></span> <span class='ocrx_word' id='word_1_190' title='bbox 942 2439 1088 2504; x_wconf 84' lang='lat' dir='ltr'><strong>livre,</strong></span> <span class='ocrx_word' id='word_1_191' title='bbox 1120 2438 1253 2494; x_wconf 78' lang='lat' dir='ltr'><strong>dans</strong></span> <span class='ocrx_word' id='word_1_192' title='bbox 1284 2437 1454 2508; x_wconf 82' lang='lat' dir='ltr'><strong>lequel</strong></span> <span class='ocrx_word' id='word_1_193' title='bbox 1484 2446 1561 2491; x_wconf 85' lang='lat' dir='ltr'><strong>cet</strong></span> <span class='ocrx_word' id='word_1_194' title='bbox 1603 2443 1814 2506; x_wconf 85' lang='lat' dir='ltr'><strong>apostat</strong></span> 
     </span>
    </p>
   </div>
   <div class='ocr_carea' id='block_1_26' title="bbox 225 2527 1816 2604">
    <p class='ocr_par' dir='ltr' id='par_1_26' title="bbox 225 2527 1816 2604">
     <span class='ocr_line' id='line_1_26' title="bbox 225 2527 1816 2604; baseline 0.001 -23"><span class='ocrx_word' id='word_1_195' title='bbox 225 2530 587 2598; x_wconf 67' lang='lat' dir='ltr'><strong>ottaquaiten</strong></span> <span class='ocrx_word' id='word_1_196' title='bbox 610 2529 833 2600; x_wconf 81' lang='lat' dir='ltr'><strong>géne‘ral</strong></span> <span class='ocrx_word' id='word_1_197' title='bbox 864 2528 916 2582; x_wconf 88' lang='lat' dir='ltr'><strong>la</strong></span> <span class='ocrx_word' id='word_1_198' title='bbox 947 2527 1166 2599; x_wconf 81' lang='lat' dir='ltr'><strong>religion</strong></span> <span class='ocrx_word' id='word_1_199' title='bbox 1193 2529 1509 2582; x_wconf 81' lang='lat' dir='ltr'><strong>chrétienne.</strong></span> <span class='ocrx_word' id='word_1_200' title='bbox 1543 2527 1650 2583; x_wconf 89' lang='lat' dir='ltr'><strong>Sed</strong></span> <span class='ocrx_word' id='word_1_201' title='bbox 1678 2527 1816 2604; x_wconf 76' lang='lat' dir='ltr'><strong>falli-</strong></span> 
     </span>
    </p>
   </div>
   <div class='ocr_carea' id='block_1_27' title="bbox 227 2618 1811 2690">
    <p class='ocr_par' dir='ltr' id='par_1_27' title="bbox 227 2618 1811 2690">
     <span class='ocr_line' id='line_1_27' title="bbox 227 2618 1811 2690; baseline 0 -16"><span class='ocrx_word' id='word_1_202' title='bbox 227 2630 321 2674; x_wconf 86' lang='lat' dir='ltr'><strong>tur</strong></span> <span class='ocrx_word' id='word_1_203' title='bbox 349 2620 514 2685; x_wconf 88' lang='lat' dir='ltr'><strong>idem,</strong></span> <span class='ocrx_word' id='word_1_204' title='bbox 543 2619 768 2690; x_wconf 91' lang='lat' dir='ltr'><strong>quando</strong></span> <span class='ocrx_word' id='word_1_205' title='bbox 794 2635 916 2690; x_wconf 91' lang='lat' dir='ltr'><strong>pag.</strong></span> <span class='ocrx_word' id='word_1_206' title='bbox 941 2619 1009 2675; x_wconf 85' lang='grc'><strong>52</strong></span> <span class='ocrx_word' id='word_1_207' title='bbox 1026 2619 1198 2674; x_wconf 89' lang='lat' dir='ltr'><strong>libros</strong></span> <span class='ocrx_word' id='word_1_208' title='bbox 1222 2618 1406 2690; x_wconf 82' lang='lat' dir='ltr'><strong>Cyrilli</strong></span> <span class='ocrx_word' id='word_1_209' title='bbox 1430 2628 1618 2673; x_wconf 88' lang='lat' dir='ltr'><strong>contra</strong></span> <span class='ocrx_word' id='word_1_210' title='bbox 1639 2621 1811 2676; x_wconf 86' lang='lat' dir='ltr'><strong>Julia-</strong></span> 
     </span>
    </p>
   </div>
   <div class='ocr_carea' id='block_1_28' title="bbox 225 2710 1814 2783">
    <p class='ocr_par' dir='ltr' id='par_1_28' title="bbox 225 2710 1814 2783">
     <span class='ocr_line' id='line_1_28' title="bbox 225 2710 1814 2783; baseline -0.002 -15"><span class='ocrx_word' id='word_1_211' title='bbox 225 2729 359 2768; x_wconf 85' lang='lat' dir='ltr'><strong>uum</strong></span> <span class='ocrx_word' id='word_1_212' title='bbox 403 2729 436 2768; x_wconf 84' lang='lat' dir='ltr'><strong>a</strong></span> <span class='ocrx_word' id='word_1_213' title='bbox 478 2714 602 2769; x_wconf 78' lang='lat' dir='ltr'><strong>Nic.</strong></span> <span class='ocrx_word' id='word_1_214' title='bbox 650 2713 927 2768; x_wconf 88' lang='lat' dir='ltr'><strong>Borbonio</strong></span> <span class='ocrx_word' id='word_1_215' title='bbox 975 2720 1207 2782; x_wconf 87' lang='lat' dir='ltr'><strong>utraque</strong></span> <span class='ocrx_word' id='word_1_216' title='bbox 1253 2712 1438 2783; x_wconf 88' lang='lat' dir='ltr'><strong>lingua</strong></span> <span class='ocrx_word' id='word_1_217' title='bbox 1490 2727 1634 2766; x_wconf 88' lang='lat' dir='ltr'><strong>anno</strong></span> <span class='ocrx_word' id='word_1_218' title='bbox 1677 2710 1814 2766; x_wconf 84' lang='grc'><strong>1650</strong></span> 
     </span>
    </p>
   </div>
   <div class='ocr_carea' id='block_1_29' title="bbox 225 2804 1810 2875">
    <p class='ocr_par' dir='ltr' id='par_1_29' title="bbox 225 2804 1810 2875">
     <span class='ocr_line' id='line_1_29' title="bbox 225 2804 1810 2875; baseline -0.002 -15"><span class='ocrx_word' id='word_1_219' title='bbox 225 2806 402 2861; x_wconf 73' lang='lat' dir='ltr'><strong>editos</strong></span> <span class='ocrx_word' id='word_1_220' title='bbox 445 2805 665 2869; x_wconf 86' lang='lat' dir='ltr'><strong>scribit,</strong></span> <span class='ocrx_word' id='word_1_221' title='bbox 705 2821 832 2860; x_wconf 90' lang='lat' dir='ltr'><strong>nam</strong></span> <span class='ocrx_word' id='word_1_222' title='bbox 881 2805 1118 2875; x_wconf 88' lang='lat' dir='ltr'><strong>primum</strong></span> <span class='ocrx_word' id='word_1_223' title='bbox 1169 2804 1547 2859; x_wconf 86' lang='lat' dir='ltr'><strong>tantummodo</strong></span> <span class='ocrx_word' id='word_1_224' title='bbox 1588 2804 1810 2869; x_wconf 88' lang='lat' dir='ltr'><strong>librum,</strong></span> 
     </span>
    </p>
   </div>
   <div class='ocr_carea' id='block_1_30' title="bbox 228 2897 1416 2969">
    <p class='ocr_par' dir='ltr' id='par_1_30' title="bbox 228 2897 1416 2969">
     <span class='ocr_line' id='line_1_30' title="bbox 228 2897 1416 2969; baseline 0 -19"><span class='ocrx_word' id='word_1_225' title='bbox 228 2907 287 2952; x_wconf 90' lang='lat' dir='ltr'><strong>ut</strong></span> <span class='ocrx_word' id='word_1_226' title='bbox 315 2897 455 2962; x_wconf 79' lang='lat' dir='ltr'><strong>dixi,</strong></span> <span class='ocrx_word' id='word_1_227' title='bbox 482 2898 766 2969; x_wconf 83' lang='lat' dir='ltr'><strong>vulgatum</strong></span> <span class='ocrx_word' id='word_1_228' title='bbox 797 2897 868 2952; x_wconf 90' lang='lat' dir='ltr'><strong>ab</strong></span> <span class='ocrx_word' id='word_1_229' title='bbox 893 2912 960 2952; x_wconf 91' lang='lat' dir='ltr'><strong>eo</strong></span> <span class='ocrx_word' id='word_1_230' title='bbox 990 2905 1222 2951; x_wconf 85' lang='lat' dir='ltr'><strong>constat.</strong></span> <span class='ocrx_word' id='word_1_231' title='bbox 1259 2897 1416 2951; x_wconf 77' lang='lat' dir='ltr'><strong>FABR.</strong></span> 
     </span>
    </p>
   </div>
   <div class='ocr_carea' id='block_1_31' title="bbox 295 2986 1810 3052">
    <p class='ocr_par' dir='ltr' id='par_1_31' title="bbox 295 2986 1810 3052">
     <span class='ocr_line' id='line_1_31' title="bbox 295 2986 1810 3052; baseline -0.002 -9"><span class='ocrx_word' id='word_1_232' title='bbox 295 2988 642 3044; x_wconf 73' lang='lat' dir='ltr'><strong>Vindobona:</strong></span> <span class='ocrx_word' id='word_1_233' title='bbox 682 2989 737 3043; x_wconf 89' lang='lat' dir='ltr'><strong>in</strong></span> <span class='ocrx_word' id='word_1_234' title='bbox 779 2987 900 3043; x_wconf 92' lang='lat' dir='ltr'><strong>cod.</strong></span> <span class='ocrx_word' id='word_1_235' title='bbox 931 2987 1180 3043; x_wconf 74' lang='lat' dir='ltr'><strong>Ciesareo</strong></span> <span class='ocrx_word' id='word_1_236' title='bbox 1220 2987 1361 3052; x_wconf 87' lang='lat' dir='ltr'><strong>XIX,</strong></span> <span class='ocrx_word' id='word_1_237' title='bbox 1395 3005 1448 3041; x_wconf 83' lang='grc' dir='ltr'><strong>η.</strong></span> <span class='ocrx_word' id='word_1_238' title='bbox 1493 2987 1580 3052; x_wconf 65' lang='lat' dir='ltr'><strong>Ii,</strong></span> <span class='ocrx_word' id='word_1_239' title='bbox 1606 2995 1660 3042; x_wconf 90' lang='lat' dir='ltr'><strong>et</strong></span> <span class='ocrx_word' id='word_1_240' title='bbox 1687 2986 1810 3041; x_wconf 91' lang='lat' dir='ltr'><strong>cod.</strong></span> 
     </span>
    </p>
   </div>
   <div class='ocr_carea' id='block_1_32' title="bbox 1915 510 3500 579">
    <p class='ocr_par' dir='ltr' id='par_1_32' title="bbox 1915 510 3500 579">
     <span class='ocr_line' id='line_1_32' title="bbox 1915 510 3500 579; baseline 0.001 -10"><span class='ocrx_word' id='word_1_241' title='bbox 1915 513 2186 570; x_wconf 89' lang='lat' dir='ltr'><strong>Cotelerio</strong></span> <span class='ocrx_word' id='word_1_242' title='bbox 2235 513 2291 567; x_wconf 91' lang='lat' dir='ltr'><strong>in</strong></span> <span class='ocrx_word' id='word_1_243' title='bbox 2341 511 2489 566; x_wconf 89' lang='lat' dir='ltr'><strong>notis</strong></span> <span class='ocrx_word' id='word_1_244' title='bbox 2531 510 2600 565; x_wconf 90' lang='lat' dir='ltr'><strong>ad</strong></span> <span class='ocrx_word' id='word_1_245' title='bbox 2649 510 2991 564; x_wconf 80' lang='lat' dir='ltr'><strong>Monumenta</strong></span> <span class='ocrx_word' id='word_1_246' title='bbox 3027 510 3209 566; x_wconf 72' lang='lat' dir='ltr'><strong>Graeca</strong></span> <span class='ocrx_word' id='word_1_247' title='bbox 3243 520 3377 567; x_wconf 88' lang='lat' dir='ltr'><strong>tom.</strong></span> <span class='ocrx_word' id='word_1_248' title='bbox 3410 514 3500 579; x_wconf 88' lang='lat' dir='ltr'><strong>Ill,</strong></span> 
     </span>
    </p>
   </div>
   <div class='ocr_carea' id='block_1_33' title="bbox 1915 603 3504 676">
    <p class='ocr_par' dir='ltr' id='par_1_33' title="bbox 1915 603 3504 676">
     <span class='ocr_line' id='line_1_33' title="bbox 1915 603 3504 676; baseline 0.001 -15"><span class='ocrx_word' id='word_1_249' title='bbox 1915 621 1970 676; x_wconf 95' lang='lat' dir='ltr'><strong>p.</strong></span> <span class='ocrx_word' id='word_1_250' title='bbox 2001 607 2125 671; x_wconf 81' lang='lat'><strong>557,</strong></span> <span class='ocrx_word' id='word_1_251' title='bbox 2151 615 2310 670; x_wconf 88' lang='lat' dir='ltr'><strong>teste,</strong></span> <span class='ocrx_word' id='word_1_252' title='bbox 2336 605 2427 659; x_wconf 86' lang='lat' dir='ltr'><strong>hic</strong></span> <span class='ocrx_word' id='word_1_253' title='bbox 2461 603 2603 659; x_wconf 87' lang='lat' dir='ltr'><strong>liber</strong></span> <span class='ocrx_word' id='word_1_254' title='bbox 2635 603 2958 658; x_wconf 85' lang='lat' dir='ltr'><strong>inscribitur</strong></span> <span class='ocrx_word' id='word_1_255' title='bbox 2974 603 3038 658; x_wconf 85' lang='lat' dir='ltr'><strong>in</strong></span> <span class='ocrx_word' id='word_1_256' title='bbox 3063 604 3188 659; x_wconf 85' lang='lat' dir='ltr'><strong>aliis</strong></span> <span class='ocrx_word' id='word_1_257' title='bbox 3217 605 3504 662; x_wconf 82' lang='lat' dir='ltr'><strong>codicibus</strong></span> 
     </span>
    </p>
   </div>
   <div class='ocr_carea' id='block_1_34' title="bbox 1916 695 3505 767">
    <p class='ocr_par' dir='ltr' id='par_1_34' title="bbox 1916 695 3505 767">
     <span class='ocr_line' id='line_1_34' title="bbox 1916 695 3505 767; baseline -0.003 -17"><span class='ocrx_word' id='word_1_258' title='bbox 1916 712 2070 762; x_wconf 92' lang='lat' dir='ltr'><strong>mss.,</strong></span> <span class='ocrx_word' id='word_1_259' title='bbox 2095 695 2390 750; x_wconf 80' lang='lat' dir='ltr'><strong>Solutiones</strong></span> <span class='ocrx_word' id='word_1_260' title='bbox 2421 696 2838 766; x_wconf 82' lang='lat' dir='ltr'><strong>dogmaticarum</strong></span> <span class='ocrx_word' id='word_1_261' title='bbox 2861 696 3226 764; x_wconf 64' lang='lat' dir='ltr'><strong>quaestionum,</strong></span> <span class='ocrx_word' id='word_1_262' title='bbox 3259 698 3505 767; x_wconf 79' lang='lat' dir='ltr'><strong>pmposi-</strong></span> 
     </span>
    </p>
   </div>
   <div class='ocr_carea' id='block_1_35' title="bbox 1918 785 3502 852">
    <p class='ocr_par' dir='ltr' id='par_1_35' title="bbox 1918 785 3502 852">
     <span class='ocr_line' id='line_1_35' title="bbox 1918 785 3502 852; baseline -0.001 -9"><span class='ocrx_word' id='word_1_263' title='bbox 1918 798 2099 844; x_wconf 88' lang='lat' dir='ltr'><strong>tarum</strong></span> <span class='ocrx_word' id='word_1_264' title='bbox 2146 804 2176 842; x_wconf 89' lang='lat' dir='ltr'><strong>a</strong></span> <span class='ocrx_word' id='word_1_265' title='bbox 2220 787 2442 841; x_wconf 86' lang='lat' dir='ltr'><strong>Tiberio</strong></span> <span class='ocrx_word' id='word_1_266' title='bbox 2472 787 2705 841; x_wconf 89' lang='lat' dir='ltr'><strong>diacono</strong></span> <span class='ocrx_word' id='word_1_267' title='bbox 2738 793 2796 840; x_wconf 90' lang='lat' dir='ltr'><strong>et</strong></span> <span class='ocrx_word' id='word_1_268' title='bbox 2842 785 3149 842; x_wconf 84' lang='lat' dir='ltr'><strong>fratribus:</strong></span> <span class='ocrx_word' id='word_1_269' title='bbox 3199 787 3502 852; x_wconf 82' lang='grc' dir='ltr'>Ἐπιλύσεις</span> 
     </span>
    </p>
   </div>
   <div class='ocr_carea' id='block_1_36' title="bbox 1915 876 3500 950">
    <p class='ocr_par' dir='ltr' id='par_1_36' title="bbox 1915 876 3500 950">
     <span class='ocr_line' id='line_1_36' title="bbox 1915 876 3500 950; baseline 0.001 -18"><span class='ocrx_word' id='word_1_270' title='bbox 1915 878 2258 950; x_wconf 80' lang='grc' dir='ltr'>δογματικῶν</span> <span class='ocrx_word' id='word_1_271' title='bbox 2294 877 2624 950; x_wconf 81' lang='grc' dir='ltr'><strong>ζητημάτων</strong></span> <span class='ocrx_word' id='word_1_272' title='bbox 2672 876 3111 948; x_wconf 74' lang='grc' dir='ltr'>ὲπιζητηθέντων</span> <span class='ocrx_word' id='word_1_273' title='bbox 3157 880 3308 950; x_wconf 82' lang='grc' dir='ltr'>παρὰ</span> <span class='ocrx_word' id='word_1_274' title='bbox 3341 880 3500 934; x_wconf 83' lang='grc' dir='ltr'>Τιϐε-</span> 
     </span>
    </p>
   </div>
   <div class='ocr_carea' id='block_1_37' title="bbox 1917 965 3502 1040">
    <p class='ocr_par' dir='ltr' id='par_1_37' title="bbox 1917 965 3502 1040">
     <span class='ocr_line' id='line_1_37' title="bbox 1917 965 3502 1040; baseline 0.001 -19"><span class='ocrx_word' id='word_1_275' title='bbox 1917 969 2032 1040; x_wconf 80' lang='grc' dir='ltr'>ρίου</span> <span class='ocrx_word' id='word_1_276' title='bbox 2058 967 2305 1021; x_wconf 69' lang='grc' dir='ltr'>διακόνου</span> <span class='ocrx_word' id='word_1_277' title='bbox 2352 969 2446 1020; x_wconf 77' lang='grc' dir='ltr'>καὶ</span> <span class='ocrx_word' id='word_1_278' title='bbox 2481 966 2583 1036; x_wconf 86' lang='grc' dir='ltr'><strong>τῆς</strong></span> <span class='ocrx_word' id='word_1_279' title='bbox 2630 965 2989 1037; x_wconf 75' lang='grc' dir='ltr'>ἀδελφότητος</span> <span class='ocrx_word' id='word_1_280' title='bbox 3025 983 3036 995; x_wconf 92' lang='grc'>·</span> <span class='ocrx_word' id='word_1_281' title='bbox 3078 967 3502 1033; x_wconf 69' lang='grc' dir='ltr'>νθΙιἙπιλύσεις</span> 
     </span>
    </p>
   </div>
   <div class='ocr_carea' id='block_1_38' title="bbox 1915 1056 3499 1131">
    <p class='ocr_par' dir='ltr' id='par_1_38' title="bbox 1915 1056 3499 1131">
     <span class='ocr_line' id='line_1_38' title="bbox 1915 1056 3499 1131; baseline 0 -17"><span class='ocrx_word' id='word_1_282' title='bbox 1915 1061 2024 1114; x_wconf 88' lang='grc' dir='ltr'><strong>τῶν</strong></span> <span class='ocrx_word' id='word_1_283' title='bbox 2120 1056 2588 1130; x_wconf 81' lang='grc' dir='ltr'><strong>προσενεχθεισῶν</strong></span> <span class='ocrx_word' id='word_1_284' title='bbox 2681 1056 2930 1109; x_wconf 80' lang='grc' dir='ltr'>πεύσεων</span> <span class='ocrx_word' id='word_1_285' title='bbox 3019 1057 3169 1129; x_wconf 74' lang='grc' dir='ltr'>παρὰ</span> <span class='ocrx_word' id='word_1_286' title='bbox 3249 1059 3499 1131; x_wconf 80' lang='grc' dir='ltr'>Τιϐερίου</span> 
     </span>
    </p>
   </div>
   <div class='ocr_carea' id='block_1_39' title="bbox 1917 1146 3500 1221">
    <p class='ocr_par' dir='ltr' id='par_1_39' title="bbox 1917 1146 3500 1221">
     <span class='ocr_line' id='line_1_39' title="bbox 1917 1146 3500 1221; baseline 0.001 -18"><span class='ocrx_word' id='word_1_287' title='bbox 1917 1149 2160 1203; x_wconf 80' lang='grc' dir='ltr'>διακόνου</span> <span class='ocrx_word' id='word_1_288' title='bbox 2211 1149 2304 1202; x_wconf 72' lang='grc' dir='ltr'>καὶ</span> <span class='ocrx_word' id='word_1_289' title='bbox 2343 1147 2450 1200; x_wconf 85' lang='grc' dir='ltr'><strong>τῶν</strong></span> <span class='ocrx_word' id='word_1_290' title='bbox 2484 1146 2764 1217; x_wconf 80' lang='grc' dir='ltr'>ἁδελφῶν;</span> <span class='ocrx_word' id='word_1_291' title='bbox 2808 1147 2890 1202; x_wconf 83' lang='lat' dir='ltr'><strong>vel</strong></span> <span class='ocrx_word' id='word_1_292' title='bbox 2935 1146 3178 1217; x_wconf 89' lang='lat' dir='ltr'><strong>denique</strong></span> <span class='ocrx_word' id='word_1_293' title='bbox 3230 1150 3500 1221; x_wconf 77' lang='grc' dir='ltr'>Κυρίλλου</span> 
     </span>
    </p>
   </div>
   <div class='ocr_carea' id='block_1_40' title="bbox 1919 1239 2554 1312">
    <p class='ocr_par' dir='ltr' id='par_1_40' title="bbox 1919 1239 2554 1312">
     <span class='ocr_line' id='line_1_40' title="bbox 1919 1239 2554 1312; baseline -0.002 -19"><span class='ocrx_word' id='word_1_294' title='bbox 1919 1240 2056 1312; x_wconf 81' lang='grc' dir='ltr'>πρὸς</span> <span class='ocrx_word' id='word_1_295' title='bbox 2089 1240 2359 1312; x_wconf 82' lang='grc' dir='ltr'>Τιϐέριον.</span> <span class='ocrx_word' id='word_1_296' title='bbox 2395 1239 2554 1294; x_wconf 77' lang='lat' dir='ltr'><strong>FABR.</strong></span> 
     </span>
    </p>
   </div>
   <div class='ocr_carea' id='block_1_41' title="bbox 1991 1328 3499 1402">
    <p class='ocr_par' dir='ltr' id='par_1_41' title="bbox 1991 1328 3499 1402">
     <span class='ocr_line' id='line_1_41' title="bbox 1991 1328 3499 1402; baseline 0 -14"><span class='ocrx_word' id='word_1_297' title='bbox 1991 1332 2083 1389; x_wconf 91' lang='lat' dir='ltr'><strong>Sic</strong></span> <span class='ocrx_word' id='word_1_298' title='bbox 2127 1333 2182 1387; x_wconf 90' lang='lat' dir='ltr'><strong>in</strong></span> <span class='ocrx_word' id='word_1_299' title='bbox 2211 1332 2335 1387; x_wconf 91' lang='lat' dir='ltr'><strong>cod.</strong></span> <span class='ocrx_word' id='word_1_300' title='bbox 2367 1331 2628 1386; x_wconf 71' lang='lat' dir='ltr'><strong>Laurent.</strong></span> <span class='ocrx_word' id='word_1_301' title='bbox 2675 1329 2868 1385; x_wconf 89' lang='lat' dir='ltr'><strong>Medic.</strong></span> <span class='ocrx_word' id='word_1_302' title='bbox 2905 1328 3024 1396; x_wconf 91' lang='lat' dir='ltr'><strong>XII,</strong></span> <span class='ocrx_word' id='word_1_303' title='bbox 3060 1346 3116 1386; x_wconf 91' lang='lat' dir='ltr'><strong>n.</strong></span> <span class='ocrx_word' id='word_1_304' title='bbox 3150 1329 3238 1396; x_wconf 88' lang='grc'><strong>52,</strong></span> <span class='ocrx_word' id='word_1_305' title='bbox 3269 1332 3408 1402; x_wconf 90' lang='lat' dir='ltr'><strong>plut.</strong></span> <span class='ocrx_word' id='word_1_306' title='bbox 3444 1333 3499 1397; x_wconf 88' lang='lat'><strong>5,</strong></span> 
     </span>
    </p>
   </div>
   <div class='ocr_carea' id='block_1_42' title="bbox 1915 1422 3501 1496">
    <p class='ocr_par' dir='ltr' id='par_1_42' title="bbox 1915 1422 3501 1496">
     <span class='ocr_line' id='line_1_42' title="bbox 1915 1422 3501 1496; baseline -0.001 -16"><span class='ocrx_word' id='word_1_307' title='bbox 1915 1426 1980 1481; x_wconf 75' lang='grc' dir='ltr'>ἐκ</span> <span class='ocrx_word' id='word_1_308' title='bbox 2021 1427 2130 1480; x_wconf 85' lang='grc' dir='ltr'><strong>τῶν</strong></span> <span class='ocrx_word' id='word_1_309' title='bbox 2175 1425 2478 1479; x_wconf 76' lang='grc' dir='ltr'>ὲπιλύσεων</span> <span class='ocrx_word' id='word_1_310' title='bbox 2524 1424 2630 1476; x_wconf 87' lang='grc' dir='ltr'><strong>τῶν</strong></span> <span class='ocrx_word' id='word_1_311' title='bbox 2678 1423 3020 1494; x_wconf 81' lang='grc' dir='ltr'>δογματικῶν</span> <span class='ocrx_word' id='word_1_312' title='bbox 3065 1422 3501 1496; x_wconf 77' lang='grc' dir='ltr'>ὲπιζητηθέντων</span> 
     </span>
    </p>
   </div>
   <div class='ocr_carea' id='block_1_43' title="bbox 1918 1515 3506 1589">
    <p class='ocr_par' dir='ltr' id='par_1_43' title="bbox 1918 1515 3506 1589">
     <span class='ocr_line' id='line_1_43' title="bbox 1918 1515 3506 1589; baseline 0.002 -17"><span class='ocrx_word' id='word_1_313' title='bbox 1918 1521 2044 1589; x_wconf 79' lang='grc' dir='ltr'>περὶ</span> <span class='ocrx_word' id='word_1_314' title='bbox 2080 1517 2286 1589; x_wconf 70' lang='lat' dir='ltr'><strong>(forsan</strong></span> <span class='ocrx_word' id='word_1_315' title='bbox 2320 1516 2490 1588; x_wconf 74' lang='grc' dir='ltr'>παρὰ)</span> <span class='ocrx_word' id='word_1_316' title='bbox 2525 1515 2780 1587; x_wconf 73' lang='grc' dir='ltr'>Τιϐερίου</span> <span class='ocrx_word' id='word_1_317' title='bbox 2825 1516 3092 1585; x_wconf 70' lang='grc' dir='ltr'>διακόνου,</span> <span class='ocrx_word' id='word_1_318' title='bbox 3126 1527 3231 1574; x_wconf 87' lang='lat' dir='ltr'><strong>etc.</strong></span> <span class='ocrx_word' id='word_1_319' title='bbox 3266 1520 3329 1575; x_wconf 87' lang='lat' dir='ltr'><strong>V.</strong></span> <span class='ocrx_word' id='word_1_320' title='bbox 3363 1519 3506 1576; x_wconf 86' lang='lat' dir='ltr'><strong>Ban-</strong></span> 
     </span>
    </p>
   </div>
   <div class='ocr_carea' id='block_1_44' title="bbox 1918 1607 3499 1683">
    <p class='ocr_par' dir='ltr' id='par_1_44' title="bbox 1918 1607 3499 1683">
     <span class='ocr_line' id='line_1_44' title="bbox 1918 1607 3499 1683; baseline 0.004 -19"><span class='ocrx_word' id='word_1_321' title='bbox 1918 1611 2032 1665; x_wconf 92' lang='lat' dir='ltr'><strong>din.</strong></span> <span class='ocrx_word' id='word_1_322' title='bbox 2083 1607 2201 1664; x_wconf 89' lang='lat' dir='ltr'><strong>Cat.</strong></span> <span class='ocrx_word' id='word_1_323' title='bbox 2253 1608 2402 1661; x_wconf 88' lang='lat' dir='ltr'><strong>codd.</strong></span> <span class='ocrx_word' id='word_1_324' title='bbox 2453 1608 2544 1664; x_wconf 84' lang='lat' dir='ltr'><strong>Cr.</strong></span> <span class='ocrx_word' id='word_1_325' title='bbox 2589 1607 2755 1661; x_wconf 87' lang='lat' dir='ltr'><strong>Laur.</strong></span> <span class='ocrx_word' id='word_1_326' title='bbox 2789 1611 2831 1675; x_wconf 94' lang='grc'><strong>1,</strong></span> <span class='ocrx_word' id='word_1_327' title='bbox 2865 1626 2920 1680; x_wconf 92' lang='lat' dir='ltr'><strong>p.</strong></span> <span class='ocrx_word' id='word_1_328' title='bbox 2957 1611 3023 1665; x_wconf 70' lang='grc'><strong>47</strong></span> <span class='ocrx_word' id='word_1_329' title='bbox 3068 1628 3151 1683; x_wconf 90' lang='lat' dir='ltr'><strong>sq.</strong></span> <span class='ocrx_word' id='word_1_330' title='bbox 3179 1614 3334 1668; x_wconf 90' lang='lat' dir='ltr'><strong>—In</strong></span> <span class='ocrx_word' id='word_1_331' title='bbox 3375 1615 3499 1671; x_wconf 90' lang='lat' dir='ltr'><strong>cod.</strong></span> 
     </span>
    </p>
   </div>
   <div class='ocr_carea' id='block_1_45' title="bbox 1917 1700 3502 1778">
    <p class='ocr_par' dir='ltr' id='par_1_45' title="bbox 1917 1700 3502 1778">
     <span class='ocr_line' id='line_1_45' title="bbox 1917 1700 3502 1778; baseline -0.004 -21"><span class='ocrx_word' id='word_1_332' title='bbox 1917 1701 2080 1766; x_wconf 79' lang='lat' dir='ltr'><strong>XVII,</strong></span> <span class='ocrx_word' id='word_1_333' title='bbox 2109 1717 2165 1755; x_wconf 91' lang='lat' dir='ltr'><strong>n.</strong></span> <span class='ocrx_word' id='word_1_334' title='bbox 2195 1700 2285 1763; x_wconf 83' lang='grc'><strong>21,</strong></span> <span class='ocrx_word' id='word_1_335' title='bbox 2317 1701 2456 1770; x_wconf 90' lang='lat' dir='ltr'><strong>plut,</strong></span> <span class='ocrx_word' id='word_1_336' title='bbox 2482 1701 2547 1754; x_wconf 90' lang='lat'><strong>6:</strong></span> <span class='ocrx_word' id='word_1_337' title='bbox 2583 1701 2857 1765; x_wconf 74' lang='grc' dir='ltr'>Ἐπίλυσις</span> <span class='ocrx_word' id='word_1_338' title='bbox 2886 1702 3231 1773; x_wconf 82' lang='grc' dir='ltr'>δογματικῶν</span> <span class='ocrx_word' id='word_1_339' title='bbox 3258 1707 3502 1778; x_wconf 72' lang='grc' dir='ltr'><strong>ζητημά-</strong></span> 
     </span>
    </p>
   </div>
   <div class='ocr_carea' id='block_1_46' title="bbox 1915 1790 3502 1866">
    <p class='ocr_par' dir='ltr' id='par_1_46' title="bbox 1915 1790 3502 1866">
     <span class='ocr_line' id='line_1_46' title="bbox 1915 1790 3502 1866; baseline 0.004 -18"><span class='ocrx_word' id='word_1_340' title='bbox 1915 1811 2025 1848; x_wconf 81' lang='grc' dir='ltr'>των</span> <span class='ocrx_word' id='word_1_341' title='bbox 2065 1791 2435 1865; x_wconf 84' lang='grc' dir='ltr'>προτεθέντων</span> <span class='ocrx_word' id='word_1_342' title='bbox 2477 1790 2555 1863; x_wconf 84' lang='grc' dir='ltr'>τῷ</span> <span class='ocrx_word' id='word_1_343' title='bbox 2596 1793 2885 1863; x_wconf 79' lang='grc' dir='ltr'><strong>ἁγιωτάτῳ</strong></span> <span class='ocrx_word' id='word_1_344' title='bbox 2920 1794 3192 1866; x_wconf 78' lang='grc' dir='ltr'>Κυρίλλῳ.</span> <span class='ocrx_word' id='word_1_345' title='bbox 3225 1797 3416 1852; x_wconf 74' lang='grc' dir='ltr'><strong>Βὶίΐρτι</strong></span> <span class='ocrx_word' id='word_1_346' title='bbox 3447 1810 3502 1855; x_wconf 83' lang='lat' dir='ltr'><strong>et</strong></span> 
     </span>
    </p>
   </div>
   <div class='ocr_carea' id='block_1_47' title="bbox 1917 1885 3502 1959">
    <p class='ocr_par' dir='ltr' id='par_1_47' title="bbox 1917 1885 3502 1959">
     <span class='ocr_line' id='line_1_47' title="bbox 1917 1885 3502 1959; baseline -0.001 -14"><span class='ocrx_word' id='word_1_347' title='bbox 1917 1903 2149 1945; x_wconf 91' lang='lat' dir='ltr'><strong>numero</strong></span> <span class='ocrx_word' id='word_1_348' title='bbox 2180 1895 2237 1942; x_wconf 92' lang='lat' dir='ltr'><strong>et</strong></span> <span class='ocrx_word' id='word_1_349' title='bbox 2266 1886 2460 1942; x_wconf 89' lang='lat' dir='ltr'><strong>ordine</strong></span> <span class='ocrx_word' id='word_1_350' title='bbox 2493 1886 2562 1940; x_wconf 90' lang='lat' dir='ltr'><strong>ab</strong></span> <span class='ocrx_word' id='word_1_351' title='bbox 2595 1885 2782 1941; x_wconf 90' lang='lat' dir='ltr'><strong>editis.</strong></span> <span class='ocrx_word' id='word_1_352' title='bbox 2825 1885 2887 1940; x_wconf 90' lang='lat' dir='ltr'><strong>In</strong></span> <span class='ocrx_word' id='word_1_353' title='bbox 2927 1887 3117 1943; x_wconf 89' lang='lat' dir='ltr'><strong>codice</strong></span> <span class='ocrx_word' id='word_1_354' title='bbox 3148 1889 3502 1959; x_wconf 76' lang='lat' dir='ltr'><strong>priemittitur</strong></span> 
     </span>
    </p>
   </div>
   <div class='ocr_carea' id='block_1_48' title="bbox 1915 1977 3503 2054">
    <p class='ocr_par' dir='ltr' id='par_1_48' title="bbox 1915 1977 3503 2054">
     <span class='ocr_line' id='line_1_48' title="bbox 1915 1977 3503 2054; baseline 0.001 -19"><span class='ocrx_word' id='word_1_355' title='bbox 1915 1979 2167 2051; x_wconf 89' lang='lat' dir='ltr'><strong>epistola,</strong></span> <span class='ocrx_word' id='word_1_356' title='bbox 2205 1979 2472 2044; x_wconf 78' lang='grc' dir='ltr'><strong>Ἀξίωσις,</strong></span> <span class='ocrx_word' id='word_1_357' title='bbox 2518 1987 2624 2034; x_wconf 91' lang='lat' dir='ltr'><strong>etc.</strong></span> <span class='ocrx_word' id='word_1_358' title='bbox 2681 1977 3008 2050; x_wconf 83' lang='lat' dir='ltr'><strong>Supplicatio</strong></span> <span class='ocrx_word' id='word_1_359' title='bbox 3059 1981 3257 2035; x_wconf 86' lang='lat' dir='ltr'><strong>tradita</strong></span> <span class='ocrx_word' id='word_1_360' title='bbox 3301 1979 3359 2036; x_wconf 91' lang='lat' dir='ltr'><strong>S.</strong></span> <span class='ocrx_word' id='word_1_361' title='bbox 3403 1981 3503 2054; x_wconf 80' lang='lat' dir='ltr'><strong>Cy-</strong></span> 
     </span>
    </p>
   </div>
   <div class='ocr_carea' id='block_1_49' title="bbox 1916 2071 3503 2145">
    <p class='ocr_par' dir='ltr' id='par_1_49' title="bbox 1916 2071 3503 2145">
     <span class='ocr_line' id='line_1_49' title="bbox 1916 2071 3503 2145; baseline 0.003 -19"><span class='ocrx_word' id='word_1_362' title='bbox 1916 2073 2053 2145; x_wconf 84' lang='lat' dir='ltr'><strong>ryllo</strong></span> <span class='ocrx_word' id='word_1_363' title='bbox 2085 2103 2156 2112; x_wconf 94' lang='lat'>—</span> <span class='ocrx_word' id='word_1_364' title='bbox 2195 2089 2228 2127; x_wconf 89' lang='lat' dir='ltr'><strong>a</strong></span> <span class='ocrx_word' id='word_1_365' title='bbox 2279 2071 2650 2141; x_wconf 75' lang='lat' dir='ltr'><strong>fraternitate;</strong></span> <span class='ocrx_word' id='word_1_366' title='bbox 2697 2087 2861 2142; x_wconf 89' lang='lat' dir='ltr'><strong>quam</strong></span> <span class='ocrx_word' id='word_1_367' title='bbox 2921 2072 3236 2143; x_wconf 85' lang='lat' dir='ltr'><strong>epistolam,</strong></span> <span class='ocrx_word' id='word_1_368' title='bbox 3281 2073 3338 2128; x_wconf 92' lang='lat' dir='ltr'><strong>in</strong></span> <span class='ocrx_word' id='word_1_369' title='bbox 3386 2075 3503 2130; x_wconf 89' lang='lat' dir='ltr'><strong>edi-</strong></span> 
     </span>
    </p>
   </div>
   <div class='ocr_carea' id='block_1_50' title="bbox 1920 2164 3502 2237">
    <p class='ocr_par' dir='ltr' id='par_1_50' title="bbox 1920 2164 3502 2237">
     <span class='ocr_line' id='line_1_50' title="bbox 1920 2164 3502 2237; baseline 0 -16"><span class='ocrx_word' id='word_1_370' title='bbox 1920 2167 2066 2222; x_wconf 90' lang='lat' dir='ltr'><strong>tione</strong></span> <span class='ocrx_word' id='word_1_371' title='bbox 2115 2164 2484 2220; x_wconf 84' lang='lat' dir='ltr'><strong>desideratam</strong></span> <span class='ocrx_word' id='word_1_372' title='bbox 2524 2164 2755 2221; x_wconf 88' lang='lat' dir='ltr'><strong>Bandin.</strong></span> <span class='ocrx_word' id='word_1_373' title='bbox 2800 2167 2837 2220; x_wconf 94' lang='lat' dir='ltr'><strong>l.</strong></span> <span class='ocrx_word' id='word_1_374' title='bbox 2879 2181 2929 2220; x_wconf 90' lang='lat' dir='ltr'><strong>c.</strong></span> <span class='ocrx_word' id='word_1_375' title='bbox 2972 2182 3026 2237; x_wconf 91' lang='lat' dir='ltr'><strong>p.</strong></span> <span class='ocrx_word' id='word_1_376' title='bbox 3073 2165 3177 2220; x_wconf 84' lang='grc'><strong>128</strong></span> <span class='ocrx_word' id='word_1_377' title='bbox 3215 2181 3298 2236; x_wconf 89' lang='lat' dir='ltr'><strong>sq.</strong></span> <span class='ocrx_word' id='word_1_378' title='bbox 3362 2166 3502 2222; x_wconf 88' lang='lat' dir='ltr'><strong>intc-</strong></span> 
     </span>
    </p>
   </div>
   <div class='ocr_carea' id='block_1_51' title="bbox 1916 2255 3500 2329">
    <p class='ocr_par' dir='ltr' id='par_1_51' title="bbox 1916 2255 3500 2329">
     <span class='ocr_line' id='line_1_51' title="bbox 1916 2255 3500 2329; baseline 0.002 -17"><span class='ocrx_word' id='word_1_379' title='bbox 1916 2273 2064 2329; x_wconf 88' lang='lat' dir='ltr'><strong>gram</strong></span> <span class='ocrx_word' id='word_1_380' title='bbox 2094 2256 2186 2311; x_wconf 88' lang='lat' dir='ltr'><strong>Gr.</strong></span> <span class='ocrx_word' id='word_1_381' title='bbox 2213 2255 2406 2319; x_wconf 91' lang='lat' dir='ltr'><strong>edidit,</strong></span> <span class='ocrx_word' id='word_1_382' title='bbox 2433 2263 2568 2309; x_wconf 91' lang='lat' dir='ltr'><strong>tum.</strong></span> <span class='ocrx_word' id='word_1_383' title='bbox 2603 2271 2659 2309; x_wconf 91' lang='lat' dir='ltr'><strong>n.</strong></span> <span class='ocrx_word' id='word_1_384' title='bbox 2691 2255 2762 2309; x_wconf 84' lang='grc'><strong>22</strong></span> <span class='ocrx_word' id='word_1_385' title='bbox 2787 2257 3038 2326; x_wconf 89' lang='lat' dir='ltr'><strong>sequitur</strong></span> <span class='ocrx_word' id='word_1_386' title='bbox 3063 2257 3248 2328; x_wconf 87' lang='lat' dir='ltr'><strong>Cyrilli</strong></span> <span class='ocrx_word' id='word_1_387' title='bbox 3271 2258 3500 2328; x_wconf 81' lang='lat' dir='ltr'><strong>epistola</strong></span> 
     </span>
    </p>
   </div>
   <div class='ocr_carea' id='block_1_52' title="bbox 1917 2347 3502 2420">
    <p class='ocr_par' dir='ltr' id='par_1_52' title="bbox 1917 2347 3502 2420">
     <span class='ocr_line' id='line_1_52' title="bbox 1917 2347 3502 2420; baseline -0.002 -15"><span class='ocrx_word' id='word_1_388' title='bbox 1917 2352 1983 2406; x_wconf 92' lang='lat' dir='ltr'><strong>ad</strong></span> <span class='ocrx_word' id='word_1_389' title='bbox 2043 2348 2407 2420; x_wconf 86' lang='lat' dir='ltr'><strong>Calosyrium,</strong></span> <span class='ocrx_word' id='word_1_390' title='bbox 2454 2347 2773 2417; x_wconf 85' lang='lat' dir='ltr'><strong>episcopum</strong></span> <span class='ocrx_word' id='word_1_391' title='bbox 2827 2347 3192 2413; x_wconf 88' lang='lat' dir='ltr'><strong>Arsenoitem,</strong></span> <span class='ocrx_word' id='word_1_392' title='bbox 3235 2348 3502 2402; x_wconf 84' lang='lat' dir='ltr'><strong>adversus</strong></span> 
     </span>
    </p>
   </div>
   <div class='ocr_carea' id='block_1_53' title="bbox 1916 2437 3497 2510">
    <p class='ocr_par' dir='ltr' id='par_1_53' title="bbox 1916 2437 3497 2510">
     <span class='ocr_line' id='line_1_53' title="bbox 1916 2437 3497 2510; baseline -0.003 -14"><span class='ocrx_word' id='word_1_393' title='bbox 1916 2458 2012 2497; x_wconf 87' lang='lat' dir='ltr'><strong>eos</strong></span> <span class='ocrx_word' id='word_1_394' title='bbox 2062 2441 2156 2510; x_wconf 89' lang='lat' dir='ltr'><strong>qui</strong></span> <span class='ocrx_word' id='word_1_395' title='bbox 2206 2441 2378 2494; x_wconf 86' lang='lat' dir='ltr'><strong>Deum</strong></span> <span class='ocrx_word' id='word_1_396' title='bbox 2431 2437 3311 2508; x_wconf 73' lang='lat' dir='ltr'><strong>antbropomorpbumstatuunt.</strong></span> <span class='ocrx_word' id='word_1_397' title='bbox 3356 2437 3497 2492; x_wconf 81' lang='lat' dir='ltr'><strong>Add.</strong></span> 
     </span>
    </p>
   </div>
   <div class='ocr_carea' id='block_1_54' title="bbox 1915 2530 2616 2606">
    <p class='ocr_par' dir='ltr' id='par_1_54' title="bbox 1915 2530 2616 2606">
     <span class='ocr_line' id='line_1_54' title="bbox 1915 2530 2616 2606; baseline -0.007 -17"><span class='ocrx_word' id='word_1_398' title='bbox 1915 2550 2080 2606; x_wconf 88' lang='lat' dir='ltr'><strong>supra</strong></span> <span class='ocrx_word' id='word_1_399' title='bbox 2114 2533 2180 2587; x_wconf 88' lang='lat' dir='ltr'><strong>ad</strong></span> <span class='ocrx_word' id='word_1_400' title='bbox 2215 2549 2270 2587; x_wconf 91' lang='lat' dir='ltr'><strong>n.</strong></span> <span class='ocrx_word' id='word_1_401' title='bbox 2302 2531 2411 2587; x_wconf 79' lang='lat' dir='ltr'><strong>VII.</strong></span> <span class='ocrx_word' id='word_1_402' title='bbox 2450 2530 2616 2586; x_wconf 71' lang='lat' dir='ltr'><strong>HABL.</strong></span> 
     </span>
    </p>
   </div>
   <div class='ocr_carea' id='block_1_55' title="bbox 1986 2621 3502 2696">
    <p class='ocr_par' dir='ltr' id='par_1_55' title="bbox 1986 2621 3502 2696">
     <span class='ocr_line' id='line_1_55' title="bbox 1986 2621 3502 2696; baseline -0.002 -16"><span class='ocrx_word' id='word_1_403' title='bbox 1986 2627 2090 2696; x_wconf 85' lang='grc' dir='ltr'>κγ’.</span> <span class='ocrx_word' id='word_1_404' title='bbox 2145 2625 2222 2680; x_wconf 88' lang='lat' dir='ltr'><strong>De</strong></span> <span class='ocrx_word' id='word_1_405' title='bbox 2269 2623 2326 2680; x_wconf 92' lang='grc'><strong>8.</strong></span> <span class='ocrx_word' id='word_1_406' title='bbox 2373 2624 2630 2679; x_wconf 84' lang='lat' dir='ltr'><strong>Trinitate</strong></span> <span class='ocrx_word' id='word_1_407' title='bbox 2689 2622 2840 2688; x_wconf 85' lang='lat' dir='ltr'><strong>liber,</strong></span> <span class='ocrx_word' id='word_1_408' title='bbox 2893 2638 2945 2693; x_wconf 90' lang='lat' dir='ltr'><strong>p.</strong></span> <span class='ocrx_word' id='word_1_409' title='bbox 2998 2621 3157 2688; x_wconf 73' lang='lat'><strong>1-55;</strong></span> <span class='ocrx_word' id='word_1_410' title='bbox 3207 2637 3334 2677; x_wconf 90' lang='lat' dir='ltr'><strong>cum</strong></span> <span class='ocrx_word' id='word_1_411' title='bbox 3378 2638 3502 2678; x_wconf 89' lang='lat' dir='ltr'><strong>ver-</strong></span> 
     </span>
    </p>
   </div>
   <div class='ocr_carea' id='block_1_56' title="bbox 1916 2713 3500 2789">
    <p class='ocr_par' dir='ltr' id='par_1_56' title="bbox 1916 2713 3500 2789">
     <span class='ocr_line' id='line_1_56' title="bbox 1916 2713 3500 2789; baseline -0.004 -12"><span class='ocrx_word' id='word_1_412' title='bbox 1916 2722 2068 2778; x_wconf 89' lang='lat' dir='ltr'><strong>sione</strong></span> <span class='ocrx_word' id='word_1_413' title='bbox 2111 2720 2337 2776; x_wconf 83' lang='lat' dir='ltr'><strong>Joan‘nis</strong></span> <span class='ocrx_word' id='word_1_414' title='bbox 2379 2717 2671 2789; x_wconf 86' lang='lat' dir='ltr'><strong>Wegelini,</strong></span> <span class='ocrx_word' id='word_1_415' title='bbox 2721 2713 3045 2787; x_wconf 84' lang='lat' dir='ltr'><strong>Augustani,</strong></span> <span class='ocrx_word' id='word_1_416' title='bbox 3081 2714 3176 2784; x_wconf 91' lang='lat' dir='ltr'><strong>qui</strong></span> <span class='ocrx_word' id='word_1_417' title='bbox 3221 2714 3432 2784; x_wconf 88' lang='lat' dir='ltr'><strong>primus</strong></span> <span class='ocrx_word' id='word_1_418' title='bbox 3467 2731 3500 2771; x_wconf 87' lang='lat' dir='ltr'><strong>e</strong></span> 
     </span>
    </p>
   </div>
   <div class='ocr_carea' id='block_1_57' title="bbox 1916 2805 3504 2879">
    <p class='ocr_par' dir='ltr' id='par_1_57' title="bbox 1916 2805 3504 2879">
     <span class='ocr_line' id='line_1_57' title="bbox 1916 2805 3504 2879; baseline -0.004 -10"><span class='ocrx_word' id='word_1_419' title='bbox 1916 2830 2018 2869; x_wconf 90' lang='lat' dir='ltr'><strong>ms.</strong></span> <span class='ocrx_word' id='word_1_420' title='bbox 2047 2812 2236 2868; x_wconf 88' lang='lat' dir='ltr'><strong>codice</strong></span> <span class='ocrx_word' id='word_1_421' title='bbox 2264 2809 2613 2865; x_wconf 72' lang='lat' dir='ltr'><strong>bibliotheca:</strong></span> <span class='ocrx_word' id='word_1_422' title='bbox 2643 2807 2834 2879; x_wconf 62' lang='lat' dir='ltr'><strong>patriae</strong></span> <span class='ocrx_word' id='word_1_423' title='bbox 2864 2807 3039 2862; x_wconf 88' lang='lat' dir='ltr'><strong>edidit</strong></span> <span class='ocrx_word' id='word_1_424' title='bbox 3064 2816 3119 2861; x_wconf 91' lang='lat' dir='ltr'><strong>et</strong></span> <span class='ocrx_word' id='word_1_425' title='bbox 3148 2806 3202 2860; x_wconf 90' lang='lat' dir='ltr'><strong>in</strong></span> <span class='ocrx_word' id='word_1_426' title='bbox 3229 2807 3408 2877; x_wconf 88' lang='lat' dir='ltr'><strong>capita</strong></span> <span class='ocrx_word' id='word_1_427' title='bbox 3434 2805 3504 2862; x_wconf 86' lang='grc'><strong>18</strong></span> 
     </span>
    </p>
   </div>
   <div class='ocr_carea' id='block_1_58' title="bbox 1916 2899 3503 2976">
    <p class='ocr_par' dir='ltr' id='par_1_58' title="bbox 1916 2899 3503 2976">
     <span class='ocr_line' id='line_1_58' title="bbox 1916 2899 3503 2976; baseline -0.005 -14"><span class='ocrx_word' id='word_1_428' title='bbox 1916 2906 2137 2971; x_wconf 87' lang='lat' dir='ltr'><strong>divisit,</strong></span> <span class='ocrx_word' id='word_1_429' title='bbox 2180 2910 2437 2976; x_wconf 64' lang='lat' dir='ltr'><strong>Augustin</strong></span> <span class='ocrx_word' id='word_1_430' title='bbox 2484 2903 2702 2959; x_wconf 86' lang='lat' dir='ltr'><strong>Vindel.</strong></span> <span class='ocrx_word' id='word_1_431' title='bbox 2753 2901 2893 2958; x_wconf 68' lang='grc'><strong>1604</strong></span> <span class='ocrx_word' id='word_1_432' title='bbox 2945 2900 3045 2974; x_wconf 87' lang='lat' dir='ltr'><strong>(c),</strong></span> <span class='ocrx_word' id='word_1_433' title='bbox 3089 2901 3145 2956; x_wconf 90' lang='lat' dir='ltr'><strong>in</strong></span> <span class='ocrx_word' id='word_1_434' title='bbox 3193 2901 3257 2966; x_wconf 90' lang='lat'><strong>8,</strong></span> <span class='ocrx_word' id='word_1_435' title='bbox 3301 2899 3503 2955; x_wconf 88' lang='lat' dir='ltr'><strong>additis</strong></span> 
     </span>
    </p>
   </div>
   <div class='ocr_carea' id='block_1_59' title="bbox 1916 2993 3504 3067">
    <p class='ocr_par' dir='ltr' id='par_1_59' title="bbox 1916 2993 3504 3067">
     <span class='ocr_line' id='line_1_59' title="bbox 1916 2993 3504 3067; baseline -0.005 -12"><span class='ocrx_word' id='word_1_436' title='bbox 1916 3000 2081 3055; x_wconf 88' lang='lat' dir='ltr'><strong>etiam</strong></span> <span class='ocrx_word' id='word_1_437' title='bbox 2117 2999 2282 3062; x_wconf 89' lang='lat' dir='ltr'><strong>notis,</strong></span> <span class='ocrx_word' id='word_1_438' title='bbox 2314 2996 2410 3052; x_wconf 91' lang='lat' dir='ltr'><strong>sed</strong></span> <span class='ocrx_word' id='word_1_439' title='bbox 2440 3011 2561 3067; x_wconf 62' lang='lat' dir='ltr'><strong>quae</strong></span> <span class='ocrx_word' id='word_1_440' title='bbox 2591 2995 2659 3050; x_wconf 88' lang='lat' dir='ltr'><strong>ab</strong></span> <span class='ocrx_word' id='word_1_441' title='bbox 2691 2994 2936 3051; x_wconf 83' lang='lat' dir='ltr'><strong>Auberto</strong></span> <span class='ocrx_word' id='word_1_442' title='bbox 2973 3003 3104 3050; x_wconf 87' lang='lat' dir='ltr'><strong>sunt</strong></span> <span class='ocrx_word' id='word_1_443' title='bbox 3144 2993 3378 3050; x_wconf 71' lang='lat' dir='ltr'><strong>omissae.</strong></span> <span class='ocrx_word' id='word_1_444' title='bbox 3417 2993 3504 3048; x_wconf 88' lang='lat' dir='ltr'><strong>In-</strong></span> 
     </span>
    </p>
   </div>
   <div class='ocr_carea' id='block_1_60' title="bbox 229 3077 1824 3163">
    <p class='ocr_par' dir='ltr' id='par_1_60' title="bbox 229 3077 1812 3150">
     <span class='ocr_line' id='line_1_60' title="bbox 229 3077 1812 3150; baseline -0.001 -16"><span class='ocrx_word' id='word_1_445' title='bbox 229 3080 490 3143; x_wconf 75' lang='lat' dir='ltr'><strong>LXXVII,</strong></span> <span class='ocrx_word' id='word_1_446' title='bbox 515 3097 568 3134; x_wconf 90' lang='lat' dir='ltr'><strong>n.</strong></span> <span class='ocrx_word' id='word_1_447' title='bbox 594 3080 649 3142; x_wconf 86' lang='lat'><strong>9,</strong></span> <span class='ocrx_word' id='word_1_448' title='bbox 671 3078 1033 3150; x_wconf 78' lang='lat' dir='ltr'><strong>fragmentum</strong></span> <span class='ocrx_word' id='word_1_449' title='bbox 1061 3079 1177 3135; x_wconf 87' lang='lat' dir='ltr'><strong>sive</strong></span> <span class='ocrx_word' id='word_1_450' title='bbox 1204 3095 1330 3150; x_wconf 90' lang='lat' dir='ltr'><strong>pars</strong></span> <span class='ocrx_word' id='word_1_451' title='bbox 1356 3077 1616 3133; x_wconf 85' lang='lat' dir='ltr'><strong>continua</strong></span> <span class='ocrx_word' id='word_1_452' title='bbox 1645 3077 1771 3132; x_wconf 90' lang='lat' dir='ltr'><strong>libri</strong></span> <span class='ocrx_word' id='word_1_453' title='bbox 1795 3094 1812 3132; x_wconf 88' lang='lat' dir='ltr'><strong>I</strong></span> 
     </span>
    </p>
   </div>
   <div class='ocr_carea' id='block_1_61' title="bbox 1922 3077 3497 3163">
    <p class='ocr_par' dir='ltr' id='par_1_61' title="bbox 1922 3085 3497 3162">
     <span class='ocr_line' id='line_1_61' title="bbox 1922 3085 3497 3162; baseline -0.005 -16"><span class='ocrx_word' id='word_1_454' title='bbox 1922 3092 2095 3162; x_wconf 86' lang='lat' dir='ltr'><strong>cipit:</strong></span> <span class='ocrx_word' id='word_1_455' title='bbox 2145 3088 2364 3161; x_wconf 79' lang='grc' dir='ltr'>Ἐπειδὴ</span> <span class='ocrx_word' id='word_1_456' title='bbox 2430 3087 2736 3160; x_wconf 82' lang='grc' dir='ltr'>πρώτιστον</span> <span class='ocrx_word' id='word_1_457' title='bbox 2785 3088 2921 3158; x_wconf 79' lang='grc' dir='ltr'>ἡμῖν</span> <span class='ocrx_word' id='word_1_458' title='bbox 2968 3089 3083 3151; x_wconf 84' lang='grc' dir='ltr'>τοῖς</span> <span class='ocrx_word' id='word_1_459' title='bbox 3129 3085 3497 3158; x_wconf 83' lang='grc' dir='ltr'>Χριστιανοῖς.</span> 
     </span>
    </p>
   </div>
   <div class='ocr_carea' id='block_1_62' title="bbox 229 3169 1814 3228">
    <p class='ocr_par' dir='ltr' id='par_1_62' title="bbox 229 3169 1814 3228">
     <span class='ocr_line' id='line_1_62' title="bbox 229 3169 1814 3228; baseline -0.001 -3"><span class='ocrx_word' id='word_1_460' title='bbox 229 3181 417 3226; x_wconf 82' lang='lat' dir='ltr'><strong>contra</strong></span> <span class='ocrx_word' id='word_1_461' title='bbox 463 3171 763 3228; x_wconf 74' lang='lat' dir='ltr'><strong>Iulianum.</strong></span> <span class='ocrx_word' id='word_1_462' title='bbox 819 3173 884 3227; x_wconf 87' lang='lat' dir='ltr'><strong>V.</strong></span> <span class='ocrx_word' id='word_1_463' title='bbox 933 3171 1191 3227; x_wconf 83' lang='lat' dir='ltr'><strong>Lambec.</strong></span> <span class='ocrx_word' id='word_1_464' title='bbox 1241 3187 1366 3226; x_wconf 84' lang='lat' dir='ltr'><strong>cum</strong></span> <span class='ocrx_word' id='word_1_465' title='bbox 1415 3169 1640 3225; x_wconf 81' lang='lat' dir='ltr'><strong>Kollarii</strong></span> <span class='ocrx_word' id='word_1_466' title='bbox 1687 3179 1814 3224; x_wconf 89' lang='lat' dir='ltr'><strong>nota</strong></span> 
     </span>
    </p>
   </div>
   <div class='ocr_carea' id='block_1_63' title="bbox 231 3263 1812 3335">
    <p class='ocr_par' dir='ltr' id='par_1_63' title="bbox 231 3263 1812 3335">
     <span class='ocr_line' id='line_1_63' title="bbox 231 3263 1812 3335; baseline -0.001 -16"><span class='ocrx_word' id='word_1_467' title='bbox 231 3263 525 3319; x_wconf 71' lang='lat' dir='ltr'><strong>Comment.</strong></span> <span class='ocrx_word' id='word_1_468' title='bbox 561 3264 663 3330; x_wconf 81' lang='lat' dir='ltr'><strong>Vl,</strong></span> <span class='ocrx_word' id='word_1_469' title='bbox 708 3273 848 3335; x_wconf 88' lang='lat' dir='ltr'><strong>part.</strong></span> <span class='ocrx_word' id='word_1_470' title='bbox 895 3280 963 3326; x_wconf 80' lang='grc' dir='ltr'>ιι,</span> <span class='ocrx_word' id='word_1_471' title='bbox 1015 3279 1069 3334; x_wconf 92' lang='lat' dir='ltr'><strong>p.</strong></span> <span class='ocrx_word' id='word_1_472' title='bbox 1095 3263 1224 3318; x_wconf 67' lang='grc'><strong>242</strong></span> <span class='ocrx_word' id='word_1_473' title='bbox 1267 3279 1404 3335; x_wconf 89' lang='lat' dir='ltr'><strong>seq.,</strong></span> <span class='ocrx_word' id='word_1_474' title='bbox 1450 3279 1513 3318; x_wconf 88' lang='lat' dir='ltr'><strong>ac</strong></span> <span class='ocrx_word' id='word_1_475' title='bbox 1552 3263 1661 3318; x_wconf 91' lang='lat' dir='ltr'><strong>vol.</strong></span> <span class='ocrx_word' id='word_1_476' title='bbox 1701 3263 1812 3328; x_wconf 85' lang='lat' dir='ltr'><strong>VII,</strong></span> 
     </span>
    </p>
   </div>
   <div class='ocr_carea' id='block_1_64' title="bbox 230 3355 524 3426">
    <p class='ocr_par' dir='ltr' id='par_1_64' title="bbox 230 3355 524 3426">
     <span class='ocr_line' id='line_1_64' title="bbox 230 3355 524 3426; baseline -0.007 -16"><span class='ocrx_word' id='word_1_477' title='bbox 230 3373 354 3426; x_wconf 83' lang='lat' dir='ltr'><strong>pag.</strong></span> <span class='ocrx_word' id='word_1_478' title='bbox 395 3355 524 3410; x_wconf 78' lang='grc'><strong>299.</strong></span> 
     </span>
    </p>
   </div>
   <div class='ocr_carea' id='block_1_65' title="bbox 301 3445 1816 3518">
    <p class='ocr_par' dir='ltr' id='par_1_65' title="bbox 301 3445 1816 3518">
     <span class='ocr_line' id='line_1_65' title="bbox 301 3445 1816 3518; baseline 0 -16"><span class='ocrx_word' id='word_1_479' title='bbox 301 3446 575 3502; x_wconf 73' lang='lat' dir='ltr'><strong>Monachii</strong></span> <span class='ocrx_word' id='word_1_480' title='bbox 618 3446 674 3501; x_wconf 90' lang='lat' dir='ltr'><strong>in</strong></span> <span class='ocrx_word' id='word_1_481' title='bbox 714 3446 835 3502; x_wconf 90' lang='lat' dir='ltr'><strong>cod.</strong></span> <span class='ocrx_word' id='word_1_482' title='bbox 873 3445 938 3502; x_wconf 91' lang='lat' dir='ltr'><strong>CI</strong></span> <span class='ocrx_word' id='word_1_483' title='bbox 977 3446 1203 3502; x_wconf 90' lang='lat' dir='ltr'><strong>elector.</strong></span> <span class='ocrx_word' id='word_1_484' title='bbox 1237 3445 1374 3502; x_wconf 85' lang='lat' dir='ltr'><strong>bibl.</strong></span> <span class='ocrx_word' id='word_1_485' title='bbox 1415 3445 1603 3518; x_wconf 83' lang='lat' dir='ltr'><strong>Cyrilli</strong></span> <span class='ocrx_word' id='word_1_486' title='bbox 1631 3456 1816 3502; x_wconf 85' lang='lat' dir='ltr'><strong>contra</strong></span> 
     </span>
    </p>
   </div>
   <div class='ocr_carea' id='block_1_66' title="bbox 228 3538 1812 3611">
    <p class='ocr_par' dir='ltr' id='par_1_66' title="bbox 228 3538 1812 3611">
     <span class='ocr_line' id='line_1_66' title="bbox 228 3538 1812 3611; baseline 0.003 -21"><span class='ocrx_word' id='word_1_487' title='bbox 228 3538 439 3594; x_wconf 80' lang='lat' dir='ltr'><strong>Julian.</strong></span> <span class='ocrx_word' id='word_1_488' title='bbox 495 3548 627 3594; x_wconf 88' lang='lat' dir='ltr'><strong>tom.</strong></span> <span class='ocrx_word' id='word_1_489' title='bbox 675 3539 738 3594; x_wconf 88' lang='lat' dir='ltr'><strong>V.</strong></span> <span class='ocrx_word' id='word_1_490' title='bbox 797 3539 945 3594; x_wconf 91' lang='lat' dir='ltr'><strong>Idem</strong></span> <span class='ocrx_word' id='word_1_491' title='bbox 998 3548 1185 3594; x_wconf 88' lang='lat' dir='ltr'><strong>contra</strong></span> <span class='ocrx_word' id='word_1_492' title='bbox 1229 3539 1812 3611; x_wconf 78' lang='lat' dir='ltr'><strong>Anthropomorphitas.</strong></span> 
     </span>
    </p>
   </div>
   <div class='ocr_carea' id='block_1_67' title="bbox 232 3629 1813 3696">
    <p class='ocr_par' dir='ltr' id='par_1_67' title="bbox 232 3629 1813 3696">
     <span class='ocr_line' id='line_1_67' title="bbox 232 3629 1813 3696; baseline 0.001 -12"><span class='ocrx_word' id='word_1_493' title='bbox 232 3630 451 3685; x_wconf 82' lang='lat' dir='ltr'><strong>Primus</strong></span> <span class='ocrx_word' id='word_1_494' title='bbox 490 3639 673 3686; x_wconf 86' lang='lat' dir='ltr'><strong>tomus</strong></span> <span class='ocrx_word' id='word_1_495' title='bbox 698 3630 830 3685; x_wconf 88' lang='lat' dir='ltr'><strong>libri</strong></span> <span class='ocrx_word' id='word_1_496' title='bbox 863 3646 903 3684; x_wconf 82' lang='lat' dir='ltr'><strong>II</strong></span> <span class='ocrx_word' id='word_1_497' title='bbox 940 3641 1127 3685; x_wconf 86' lang='lat' dir='ltr'><strong>contra</strong></span> <span class='ocrx_word' id='word_1_498' title='bbox 1157 3629 1388 3696; x_wconf 83' lang='lat' dir='ltr'><strong>Julian.,</strong></span> <span class='ocrx_word' id='word_1_499' title='bbox 1421 3630 1550 3686; x_wconf 89' lang='lat' dir='ltr'><strong>item</strong></span> <span class='ocrx_word' id='word_1_500' title='bbox 1579 3640 1714 3685; x_wconf 89' lang='lat' dir='ltr'><strong>tom.</strong></span> <span class='ocrx_word' id='word_1_501' title='bbox 1747 3630 1813 3696; x_wconf 90' lang='lat' dir='ltr'><strong>II,</strong></span> 
     </span>
    </p>
   </div>
   <div class='ocr_carea' id='block_1_68' title="bbox 232 3719 1856 3792">
    <p class='ocr_par' dir='ltr' id='par_1_68' title="bbox 232 3719 1856 3792">
     <span class='ocr_line' id='line_1_68' title="bbox 232 3719 1856 3792; baseline -0.003 -17"><span class='ocrx_word' id='word_1_502' title='bbox 232 3720 323 3782; x_wconf 85' lang='lat' dir='ltr'><strong>III,</strong></span> <span class='ocrx_word' id='word_1_503' title='bbox 359 3721 447 3785; x_wconf 81' lang='lat' dir='ltr'><strong>IV,</strong></span> <span class='ocrx_word' id='word_1_504' title='bbox 468 3722 542 3785; x_wconf 63' lang='grc' dir='ltr'><strong>δ’,</strong></span> <span class='ocrx_word' id='word_1_505' title='bbox 573 3722 819 3792; x_wconf 82' lang='lat' dir='ltr'><strong>ejusdem</strong></span> <span class='ocrx_word' id='word_1_506' title='bbox 849 3721 976 3778; x_wconf 88' lang='lat' dir='ltr'><strong>libri</strong></span> <span class='ocrx_word' id='word_1_507' title='bbox 1001 3721 1253 3778; x_wconf 88' lang='lat' dir='ltr'><strong>secundi.</strong></span> <span class='ocrx_word' id='word_1_508' title='bbox 1289 3722 1353 3776; x_wconf 89' lang='lat' dir='ltr'><strong>V.</strong></span> <span class='ocrx_word' id='word_1_509' title='bbox 1389 3719 1506 3776; x_wconf 86' lang='lat' dir='ltr'><strong>Cat.</strong></span> <span class='ocrx_word' id='word_1_510' title='bbox 1539 3722 1687 3775; x_wconf 83' lang='lat' dir='ltr'><strong>codd.</strong></span> <span class='ocrx_word' id='word_1_511' title='bbox 1721 3721 1812 3778; x_wconf 83' lang='lat' dir='ltr'><strong>Gr.</strong></span> <span class='ocrx_word' id='word_1_512' title='bbox 1851 3767 1856 3770; x_wconf 89' lang='lat'><strong>.</strong></span> 
     </span>
    </p>
   </div>
   <div class='ocr_carea' id='block_1_69' title="bbox 231 3812 668 3883">
    <p class='ocr_par' dir='ltr' id='par_1_69' title="bbox 231 3812 668 3883">
     <span class='ocr_line' id='line_1_69' title="bbox 231 3812 668 3883; baseline 0.002 -18"><span class='ocrx_word' id='word_1_513' title='bbox 231 3812 454 3875; x_wconf 64' lang='lat' dir='ltr'><strong>Bacon,</strong></span> <span class='ocrx_word' id='word_1_514' title='bbox 487 3829 542 3883; x_wconf 92' lang='lat' dir='ltr'><strong>p.</strong></span> <span class='ocrx_word' id='word_1_515' title='bbox 571 3813 668 3867; x_wconf 71' lang='grc'><strong>58,</strong></span> 
     </span>
    </p>
   </div>
   <div class='ocr_carea' id='block_1_70' title="bbox 296 3903 1860 3970">
    <p class='ocr_par' dir='ltr' id='par_1_70' title="bbox 296 3903 1860 3970">
     <span class='ocr_line' id='line_1_70' title="bbox 296 3903 1860 3970; baseline 0.001 -12"><span class='ocrx_word' id='word_1_516' title='bbox 296 3905 361 3958; x_wconf 85' lang='grc' dir='ltr'><strong>1η</strong></span> <span class='ocrx_word' id='word_1_517' title='bbox 394 3905 531 3960; x_wconf 87' lang='lat' dir='ltr'><strong>bibl.</strong></span> <span class='ocrx_word' id='word_1_518' title='bbox 564 3904 731 3960; x_wconf 75' lang='lat' dir='ltr'><strong>Marc.</strong></span> <span class='ocrx_word' id='word_1_519' title='bbox 762 3905 954 3960; x_wconf 78' lang='lat' dir='ltr'><strong>Venet.</strong></span> <span class='ocrx_word' id='word_1_520' title='bbox 995 3905 1054 3959; x_wconf 90' lang='lat' dir='ltr'><strong>in</strong></span> <span class='ocrx_word' id='word_1_521' title='bbox 1088 3904 1254 3961; x_wconf 73' lang='lat' dir='ltr'><strong>codd.</strong></span> <span class='ocrx_word' id='word_1_522' title='bbox 1277 3904 1489 3970; x_wconf 83' lang='lat' dir='ltr'><strong>CXXII,</strong></span> <span class='ocrx_word' id='word_1_523' title='bbox 1511 3903 1723 3960; x_wconf 80' lang='lat' dir='ltr'><strong>CXXIII</strong></span> <span class='ocrx_word' id='word_1_524' title='bbox 1763 3915 1819 3960; x_wconf 91' lang='lat' dir='ltr'><strong>et</strong></span> <span class='ocrx_word' id='word_1_525' title='bbox 1855 3943 1860 3948; x_wconf 62' lang='grc' dir='ltr'><strong>ι</strong></span> 
     </span>
    </p>
   </div>
   <div class='ocr_carea' id='block_1_71' title="bbox 227 3996 1862 4063">
    <p class='ocr_par' dir='ltr' id='par_1_71' title="bbox 227 3996 1862 4063">
     <span class='ocr_line' id='line_1_71' title="bbox 227 3996 1862 4063; baseline 0.001 -12"><span class='ocrx_word' id='word_1_526' title='bbox 227 3997 465 4060; x_wconf 79' lang='lat' dir='ltr'><strong>CXXIV,</strong></span> <span class='ocrx_word' id='word_1_527' title='bbox 507 4007 693 4052; x_wconf 86' lang='lat' dir='ltr'><strong>contra</strong></span> <span class='ocrx_word' id='word_1_528' title='bbox 735 3997 941 4053; x_wconf 82' lang='lat' dir='ltr'><strong>Julian.</strong></span> <span class='ocrx_word' id='word_1_529' title='bbox 973 3997 1106 4053; x_wconf 88' lang='lat' dir='ltr'><strong>libri</strong></span> <span class='ocrx_word' id='word_1_530' title='bbox 1145 4013 1200 4063; x_wconf 71' lang='grc' dir='ltr'><strong>ι,</strong></span> <span class='ocrx_word' id='word_1_531' title='bbox 1232 4012 1343 4054; x_wconf 90' lang='lat' dir='ltr'><strong>sec.</strong></span> <span class='ocrx_word' id='word_1_532' title='bbox 1379 4007 1488 4053; x_wconf 88' lang='lat' dir='ltr'><strong>cat.</strong></span> <span class='ocrx_word' id='word_1_533' title='bbox 1524 3996 1685 4052; x_wconf 90' lang='lat' dir='ltr'><strong>codd.</strong></span> <span class='ocrx_word' id='word_1_534' title='bbox 1720 3996 1814 4052; x_wconf 89' lang='lat' dir='ltr'><strong>Gr.</strong></span> <span class='ocrx_word' id='word_1_535' title='bbox 1858 4037 1862 4042; x_wconf 88' lang='grc'><strong>-</strong></span> 
     </span>
    </p>
   </div>
   <div class='ocr_carea' id='block_1_72' title="bbox 228 4088 802 4158">
    <p class='ocr_par' dir='ltr' id='par_1_72' title="bbox 228 4088 802 4158">
     <span class='ocr_line' id='line_1_72' title="bbox 228 4088 802 4158; baseline 0.002 -17"><span class='ocrx_word' id='word_1_536' title='bbox 228 4088 420 4152; x_wconf 59' lang='grc' dir='ltr'>Μαι-οη</span> <span class='ocrx_word' id='word_1_537' title='bbox 447 4103 502 4158; x_wconf 94' lang='lat' dir='ltr'><strong>p.</strong></span> <span class='ocrx_word' id='word_1_538' title='bbox 532 4089 602 4143; x_wconf 87' lang='lat'><strong>70</strong></span> <span class='ocrx_word' id='word_1_539' title='bbox 631 4098 690 4144; x_wconf 87' lang='lat' dir='ltr'><strong>et</strong></span> <span class='ocrx_word' id='word_1_540' title='bbox 715 4090 802 4143; x_wconf 91' lang='grc'><strong>71.</strong></span> 
     </span>
    </p>
   </div>
   <div class='ocr_carea' id='block_1_73' title="bbox 299 4178 1820 4247">
    <p class='ocr_par' dir='ltr' id='par_1_73' title="bbox 299 4178 1820 4247">
     <span class='ocr_line' id='line_1_73' title="bbox 299 4178 1820 4247; baseline 0.002 -15"><span class='ocrx_word' id='word_1_541' title='bbox 299 4178 362 4232; x_wconf 89' lang='lat' dir='ltr'><strong>In</strong></span> <span class='ocrx_word' id='word_1_542' title='bbox 402 4179 538 4234; x_wconf 88' lang='lat' dir='ltr'><strong>bibl.</strong></span> <span class='ocrx_word' id='word_1_543' title='bbox 586 4179 852 4235; x_wconf 88' lang='lat' dir='ltr'><strong>Escorial.</strong></span> <span class='ocrx_word' id='word_1_544' title='bbox 893 4179 1219 4236; x_wconf 78' lang='lat' dir='ltr'><strong>Acelamatio</strong></span> <span class='ocrx_word' id='word_1_545' title='bbox 1255 4181 1326 4235; x_wconf 86' lang='lat' dir='ltr'><strong>ad</strong></span> <span class='ocrx_word' id='word_1_546' title='bbox 1365 4181 1725 4247; x_wconf 75' lang='lat' dir='ltr'><strong>Theodosium,</strong></span> <span class='ocrx_word' id='word_1_547' title='bbox 1748 4189 1820 4235; x_wconf 87' lang='lat' dir='ltr'><strong>.et</strong></span> 
     </span>
    </p>
   </div>
   <div class='ocr_carea' id='block_1_74' title="bbox 223 4269 1820 4332">
    <p class='ocr_par' dir='ltr' id='par_1_74' title="bbox 223 4269 1820 4332">
     <span class='ocr_line' id='line_1_74' title="bbox 223 4269 1820 4332; baseline 0.003 -8"><span class='ocrx_word' id='word_1_548' title='bbox 223 4286 292 4324; x_wconf 80' lang='lat' dir='ltr'><strong>ex</strong></span> <span class='ocrx_word' id='word_1_549' title='bbox 324 4269 800 4332; x_wconf 82' lang='lat' dir='ltr'><strong>confutationibus</strong></span> <span class='ocrx_word' id='word_1_550' title='bbox 835 4271 1102 4327; x_wconf 86' lang='lat' dir='ltr'><strong>adversus</strong></span> <span class='ocrx_word' id='word_1_551' title='bbox 1135 4272 1415 4329; x_wconf 77' lang='lat' dir='ltr'><strong>Iulianum</strong></span> <span class='ocrx_word' id='word_1_552' title='bbox 1451 4273 1724 4329; x_wconf 86' lang='lat' dir='ltr'><strong>sectiones</strong></span> <span class='ocrx_word' id='word_1_553' title='bbox 1754 4272 1820 4328; x_wconf 89' lang='grc'><strong>10</strong></span> 
     </span>
    </p>
   </div>
   <div class='ocr_carea' id='block_1_75' title="bbox 223 4360 1708 4435">
    <p class='ocr_par' dir='ltr' id='par_1_75' title="bbox 223 4360 1708 4435">
     <span class='ocr_line' id='line_1_75' title="bbox 223 4360 1708 4435; baseline 0.003 -22"><span class='ocrx_word' id='word_1_554' title='bbox 223 4360 358 4414; x_wconf 83' lang='lat' dir='ltr'><strong>libri</strong></span> <span class='ocrx_word' id='word_1_555' title='bbox 393 4376 450 4424; x_wconf 86' lang='grc' dir='ltr'>ιι,</span> <span class='ocrx_word' id='word_1_556' title='bbox 478 4370 616 4415; x_wconf 89' lang='lat' dir='ltr'><strong>teste</strong></span> <span class='ocrx_word' id='word_1_557' title='bbox 649 4361 847 4416; x_wconf 87' lang='lat' dir='ltr'><strong>Pluero</strong></span> <span class='ocrx_word' id='word_1_558' title='bbox 875 4361 930 4416; x_wconf 90' lang='lat' dir='ltr'><strong>in</strong></span> <span class='ocrx_word' id='word_1_559' title='bbox 959 4361 1147 4416; x_wconf 85' lang='lat' dir='ltr'><strong>Itiner.</strong></span> <span class='ocrx_word' id='word_1_560' title='bbox 1175 4379 1268 4433; x_wconf 86' lang='lat' dir='ltr'><strong>per</strong></span> <span class='ocrx_word' id='word_1_561' title='bbox 1292 4362 1468 4435; x_wconf 80' lang='lat' dir='ltr'><strong>Hisp.,</strong></span> <span class='ocrx_word' id='word_1_562' title='bbox 1498 4378 1554 4433; x_wconf 91' lang='lat' dir='ltr'><strong>p.</strong></span> <span class='ocrx_word' id='word_1_563' title='bbox 1588 4362 1708 4419; x_wconf 73' lang='grc'><strong>164.</strong></span> 
     </span>
    </p>
   </div>
   <div class='ocr_carea' id='block_1_76' title="bbox 1916 3177 3504 3242">
    <p class='ocr_par' dir='ltr' id='par_1_76' title="bbox 1916 3177 3504 3242">
     <span class='ocr_line' id='line_1_76' title="bbox 1916 3177 3504 3242; baseline -0.006 -5"><span class='ocrx_word' id='word_1_564' title='bbox 1916 3183 2035 3238; x_wconf 80' lang='lat' dir='ltr'><strong>Jat‘n</strong></span> <span class='ocrx_word' id='word_1_565' title='bbox 2081 3197 2111 3236; x_wconf 90' lang='lat' dir='ltr'><strong>a</strong></span> <span class='ocrx_word' id='word_1_566' title='bbox 2157 3181 2348 3236; x_wconf 89' lang='lat' dir='ltr'><strong>multis</strong></span> <span class='ocrx_word' id='word_1_567' title='bbox 2400 3178 2772 3242; x_wconf 90' lang='lat' dir='ltr'><strong>observatum,</strong></span> <span class='ocrx_word' id='word_1_568' title='bbox 2811 3178 2960 3232; x_wconf 90' lang='lat' dir='ltr'><strong>hunc</strong></span> <span class='ocrx_word' id='word_1_569' title='bbox 3004 3177 3208 3232; x_wconf 87' lang='lat' dir='ltr'><strong>librum</strong></span> <span class='ocrx_word' id='word_1_570' title='bbox 3253 3185 3504 3231; x_wconf 88' lang='lat' dir='ltr'><strong>constare</strong></span> 
     </span>
    </p>
   </div>
   <div class='ocr_carea' id='block_1_77' title="bbox 1917 3264 3500 3339">
    <p class='ocr_par' dir='ltr' id='par_1_77' title="bbox 1917 3264 3500 3339">
     <span class='ocr_line' id='line_1_77' title="bbox 1917 3264 3500 3339; baseline -0.004 -15"><span class='ocrx_word' id='word_1_571' title='bbox 1917 3269 2190 3339; x_wconf 77' lang='lat' dir='ltr'><strong>excerptis</strong></span> <span class='ocrx_word' id='word_1_572' title='bbox 2217 3267 2442 3323; x_wconf 81' lang='lat' dir='ltr'><strong>Joannis</strong></span> <span class='ocrx_word' id='word_1_573' title='bbox 2473 3265 2795 3321; x_wconf 87' lang='lat' dir='ltr'><strong>Damasceni</strong></span> <span class='ocrx_word' id='word_1_574' title='bbox 2838 3282 2868 3321; x_wconf 93' lang='lat' dir='ltr'><strong>e</strong></span> <span class='ocrx_word' id='word_1_575' title='bbox 2913 3265 3134 3338; x_wconf 85' lang='lat' dir='ltr'><strong>Cyrillo.</strong></span> <span class='ocrx_word' id='word_1_576' title='bbox 3171 3264 3308 3321; x_wconf 87' lang='lat' dir='ltr'><strong>Vide</strong></span> <span class='ocrx_word' id='word_1_577' title='bbox 3343 3265 3500 3339; x_wconf 81' lang='lat' dir='ltr'><strong>Peta-</strong></span> 
     </span>
    </p>
   </div>
   <div class='ocr_carea' id='block_1_78' title="bbox 1917 3338 3502 3428">
    <p class='ocr_par' dir='ltr' id='par_1_78' title="bbox 1917 3338 3502 3428">
     <span class='ocr_line' id='line_1_78' title="bbox 1917 3338 3502 3428; baseline -0.003 -14"><span class='ocrx_word' id='word_1_578' title='bbox 1917 3338 2190 3416; x_wconf 12' lang='lat' dir='ltr'><strong>viumrDe</strong></span> <span class='ocrx_word' id='word_1_579' title='bbox 2231 3357 2327 3412; x_wconf 88' lang='lat' dir='ltr'><strong>ss.</strong></span> <span class='ocrx_word' id='word_1_580' title='bbox 2367 3357 2645 3422; x_wconf 85' lang='lat' dir='ltr'><strong>Trinitate,</strong></span> <span class='ocrx_word' id='word_1_581' title='bbox 2688 3373 2742 3427; x_wconf 89' lang='lat' dir='ltr'><strong>p.</strong></span> <span class='ocrx_word' id='word_1_582' title='bbox 2780 3357 2901 3412; x_wconf 70' lang='lat'><strong>4&#39;72.</strong></span> <span class='ocrx_word' id='word_1_583' title='bbox 2948 3358 3212 3413; x_wconf 90' lang='lat' dir='ltr'><strong>Similiter</strong></span> <span class='ocrx_word' id='word_1_584' title='bbox 3247 3338 3502 3428; x_wconf 74' lang='lat' dir='ltr'><strong>excerpta</strong></span> 
     </span>
    </p>
   </div>
   <div class='ocr_carea' id='block_1_79' title="bbox 1916 3433 3502 3523">
    <p class='ocr_par' dir='ltr' id='par_1_79' title="bbox 1916 3433 3502 3523">
     <span class='ocr_line' id='line_1_79' title="bbox 1916 3433 3502 3523; baseline -0.003 -16"><span class='ocrx_word' id='word_1_585' title='bbox 1916 3466 1948 3507; x_wconf 93' lang='lat' dir='ltr'><strong>e</strong></span> <span class='ocrx_word' id='word_1_586' title='bbox 1992 3449 2180 3523; x_wconf 79' lang='lat' dir='ltr'><strong>Cyrilli</strong></span> <span class='ocrx_word' id='word_1_587' title='bbox 2233 3433 2454 3519; x_wconf 83' lang='lat' dir='ltr'><strong>scriptis</strong></span> <span class='ocrx_word' id='word_1_588' title='bbox 2506 3457 2672 3514; x_wconf 90' lang='lat' dir='ltr'><strong>sunt,</strong></span> <span class='ocrx_word' id='word_1_589' title='bbox 2711 3465 2842 3520; x_wconf 47' lang='lat' dir='ltr'><strong>quae.</strong></span> <span class='ocrx_word' id='word_1_590' title='bbox 2865 3449 2934 3503; x_wconf 86' lang='lat' dir='ltr'><strong>ab</strong></span> <span class='ocrx_word' id='word_1_591' title='bbox 2975 3449 3220 3504; x_wconf 83' lang='lat' dir='ltr'><strong>Auberto</strong></span> <span class='ocrx_word' id='word_1_592' title='bbox 3273 3458 3502 3519; x_wconf 77' lang='lat' dir='ltr'><strong>praeter-</strong></span> 
     </span>
    </p>
   </div>
   <div class='ocr_carea' id='block_1_80' title="bbox 1918 3539 3502 3610">
    <p class='ocr_par' dir='ltr' id='par_1_80' title="bbox 1918 3539 3502 3610">
     <span class='ocr_line' id='line_1_80' title="bbox 1918 3539 3502 3610; baseline -0.001 -14"><span class='ocrx_word' id='word_1_593' title='bbox 1918 3541 2118 3606; x_wconf 88' lang='lat' dir='ltr'><strong>missa,</strong></span> <span class='ocrx_word' id='word_1_594' title='bbox 2167 3540 2524 3596; x_wconf 86' lang='lat' dir='ltr'><strong>Hoeschelius</strong></span> <span class='ocrx_word' id='word_1_595' title='bbox 2577 3539 2730 3610; x_wconf 86' lang='lat' dir='ltr'><strong>prior</strong></span> <span class='ocrx_word' id='word_1_596' title='bbox 2775 3539 2962 3594; x_wconf 70' lang='lat' dir='ltr'><strong>Graece</strong></span> <span class='ocrx_word' id='word_1_597' title='bbox 3012 3539 3326 3610; x_wconf 83' lang='lat' dir='ltr'><strong>vulgaverat</strong></span> <span class='ocrx_word' id='word_1_598' title='bbox 3376 3556 3502 3594; x_wconf 90' lang='lat' dir='ltr'><strong>cum</strong></span> 
     </span>
    </p>
   </div>
   <div class='ocr_carea' id='block_1_81' title="bbox 1917 3629 3501 3702">
    <p class='ocr_par' dir='ltr' id='par_1_81' title="bbox 1917 3629 3501 3702">
     <span class='ocr_line' id='line_1_81' title="bbox 1917 3629 3501 3702; baseline -0.001 -16"><span class='ocrx_word' id='word_1_599' title='bbox 1917 3632 2085 3686; x_wconf 90' lang='lat' dir='ltr'><strong>variis</strong></span> <span class='ocrx_word' id='word_1_600' title='bbox 2110 3632 2331 3687; x_wconf 87' lang='lat' dir='ltr'><strong>Patrum</strong></span> <span class='ocrx_word' id='word_1_601' title='bbox 2359 3631 2600 3686; x_wconf 88' lang='lat' dir='ltr'><strong>homiliis</strong></span> <span class='ocrx_word' id='word_1_602' title='bbox 2629 3646 2754 3702; x_wconf 85' lang='lat' dir='ltr'><strong>pag.</strong></span> <span class='ocrx_word' id='word_1_603' title='bbox 2789 3629 2891 3685; x_wconf 83' lang='grc'><strong>505</strong></span> <span class='ocrx_word' id='word_1_604' title='bbox 2918 3645 3056 3699; x_wconf 87' lang='lat' dir='ltr'><strong>scq.,</strong></span> <span class='ocrx_word' id='word_1_605' title='bbox 3087 3629 3344 3701; x_wconf 60' lang='lat' dir='ltr'><strong>Augustae</strong></span> <span class='ocrx_word' id='word_1_606' title='bbox 3366 3631 3501 3687; x_wconf 84' lang='lat' dir='ltr'><strong>Vin-</strong></span> 
     </span>
    </p>
   </div>
   <div class='ocr_carea' id='block_1_82' title="bbox 1919 3707 3501 3794">
    <p class='ocr_par' dir='ltr' id='par_1_82' title="bbox 1919 3707 3501 3794">
     <span class='ocr_line' id='line_1_82' title="bbox 1919 3707 3501 3794; baseline -0.002 -15"><span class='ocrx_word' id='word_1_607' title='bbox 1919 3724 2027 3779; x_wconf 88' lang='lat' dir='ltr'><strong>del.</strong></span> <span class='ocrx_word' id='word_1_608' title='bbox 2071 3725 2228 3789; x_wconf 85' lang='grc'><strong>1587,</strong></span> <span class='ocrx_word' id='word_1_609' title='bbox 2262 3724 2319 3778; x_wconf 90' lang='lat' dir='ltr'><strong>in</strong></span> <span class='ocrx_word' id='word_1_610' title='bbox 2364 3723 2418 3789; x_wconf 92' lang='lat'><strong>8,</strong></span> <span class='ocrx_word' id='word_1_611' title='bbox 2451 3732 2615 3794; x_wconf 86' lang='lat' dir='ltr'><strong>atque</strong></span> <span class='ocrx_word' id='word_1_612' title='bbox 2660 3707 2804 3778; x_wconf 86' lang='lat' dir='ltr'><strong>idem</strong></span> <span class='ocrx_word' id='word_1_613' title='bbox 2843 3722 3160 3794; x_wconf 85' lang='lat' dir='ltr'><strong>Wegelinus</strong></span> <span class='ocrx_word' id='word_1_614' title='bbox 3199 3737 3229 3776; x_wconf 92' lang='lat' dir='ltr'><strong>e</strong></span> <span class='ocrx_word' id='word_1_615' title='bbox 3268 3737 3399 3776; x_wconf 90' lang='lat' dir='ltr'><strong>mss.</strong></span> <span class='ocrx_word' id='word_1_616' title='bbox 3434 3721 3501 3776; x_wconf 88' lang='lat' dir='ltr'><strong>ad</strong></span> 
     </span>
    </p>
   </div>
   <div class='ocr_carea' id='block_1_83' title="bbox 1919 3814 3506 3886">
    <p class='ocr_par' dir='ltr' id='par_1_83' title="bbox 1919 3814 3506 3886">
     <span class='ocr_line' id='line_1_83' title="bbox 1919 3814 3506 3886; baseline -0.002 -16"><span class='ocrx_word' id='word_1_617' title='bbox 1919 3816 2124 3871; x_wconf 90' lang='lat' dir='ltr'><strong>calcem</strong></span> <span class='ocrx_word' id='word_1_618' title='bbox 2163 3815 2294 3869; x_wconf 90' lang='lat' dir='ltr'><strong>libri</strong></span> <span class='ocrx_word' id='word_1_619' title='bbox 2333 3831 2456 3870; x_wconf 89' lang='lat' dir='ltr'><strong>cum</strong></span> <span class='ocrx_word' id='word_1_620' title='bbox 2495 3814 2748 3870; x_wconf 90' lang='lat' dir='ltr'><strong>versione</strong></span> <span class='ocrx_word' id='word_1_621' title='bbox 2793 3829 2892 3870; x_wconf 88' lang='lat' dir='ltr'><strong>sua</strong></span> <span class='ocrx_word' id='word_1_622' title='bbox 2935 3814 3238 3886; x_wconf 70' lang='lat' dir='ltr'><strong>subiunxit,</strong></span> <span class='ocrx_word' id='word_1_623' title='bbox 3269 3828 3506 3883; x_wconf 88' lang='lat' dir='ltr'><strong>quorum</strong></span> 
     </span>
    </p>
   </div>
   <div class='ocr_carea' id='block_1_84' title="bbox 1920 3905 2423 3962">
    <p class='ocr_par' dir='ltr' id='par_1_84' title="bbox 1920 3905 2423 3962">
     <span class='ocr_line' id='line_1_84' title="bbox 1920 3905 2423 3962; baseline 0.002 -3"><span class='ocrx_word' id='word_1_624' title='bbox 1920 3905 2075 3962; x_wconf 87' lang='lat' dir='ltr'><strong>initia</strong></span> <span class='ocrx_word' id='word_1_625' title='bbox 2109 3907 2377 3962; x_wconf 86' lang='lat' dir='ltr'><strong>ascribam</strong></span> <span class='ocrx_word' id='word_1_626' title='bbox 2411 3924 2423 3960; x_wconf 94' lang='lat'>:</span> 
     </span>
    </p>
   </div>
   <div class='ocr_carea' id='block_1_85' title="bbox 1988 3992 3504 4066">
    <p class='ocr_par' dir='ltr' id='par_1_85' title="bbox 1988 3992 3504 4066">
     <span class='ocr_line' id='line_1_85' title="bbox 1988 3992 3504 4066; baseline -0.001 -15"><span class='ocrx_word' id='word_1_627' title='bbox 1988 3997 2344 4066; x_wconf 81' lang='grc' dir='ltr'>Πιστεύομεν,</span> <span class='ocrx_word' id='word_1_628' title='bbox 2375 3996 2472 4050; x_wconf 76' lang='grc' dir='ltr'>ἕνα</span> <span class='ocrx_word' id='word_1_629' title='bbox 2505 3997 2639 4050; x_wconf 72' lang='grc' dir='ltr'>Θεὸν</span> <span class='ocrx_word' id='word_1_630' title='bbox 2657 3992 2797 4050; x_wconf 71' lang='grc' dir='ltr'>εἶναι</span> <span class='ocrx_word' id='word_1_631' title='bbox 2839 3998 3021 4066; x_wconf 84' lang='grc' dir='ltr'>πάσης</span> <span class='ocrx_word' id='word_1_632' title='bbox 3050 3995 3238 4059; x_wconf 77' lang='grc' dir='ltr'>οὐσίας</span> <span class='ocrx_word' id='word_1_633' title='bbox 3273 3997 3368 4050; x_wconf 82' lang='grc' dir='ltr'>καὶ</span> <span class='ocrx_word' id='word_1_634' title='bbox 3403 3996 3504 4066; x_wconf 80' lang='grc' dir='ltr'><strong>φύ-</strong></span> 
     </span>
    </p>
   </div>
   <div class='ocr_carea' id='block_1_86' title="bbox 1921 4087 3504 4159">
    <p class='ocr_par' dir='ltr' id='par_1_86' title="bbox 1921 4087 3504 4159">
     <span class='ocr_line' id='line_1_86' title="bbox 1921 4087 3504 4159; baseline -0.001 -17"><span class='ocrx_word' id='word_1_635' title='bbox 1921 4107 2076 4152; x_wconf 83' lang='grc' dir='ltr'>σεως.</span> <span class='ocrx_word' id='word_1_636' title='bbox 2105 4089 2165 4142; x_wconf 87' lang='grc' dir='ltr'><strong>Ρ.</strong></span> <span class='ocrx_word' id='word_1_637' title='bbox 2195 4088 2318 4141; x_wconf 89' lang='grc'><strong>119.</strong></span> <span class='ocrx_word' id='word_1_638' title='bbox 2363 4088 2536 4140; x_wconf 76' lang='grc' dir='ltr'>Παντὶ</span> <span class='ocrx_word' id='word_1_639' title='bbox 2585 4087 2860 4158; x_wconf 80' lang='grc' dir='ltr'>ἀνθρώπῳ</span> <span class='ocrx_word' id='word_1_640' title='bbox 2897 4088 3138 4156; x_wconf 76' lang='grc' dir='ltr'>ἔμφυτον</span> <span class='ocrx_word' id='word_1_641' title='bbox 3183 4087 3334 4159; x_wconf 80' lang='grc' dir='ltr'>παρὰ</span> <span class='ocrx_word' id='word_1_642' title='bbox 3367 4088 3504 4142; x_wconf 78' lang='grc' dir='ltr'>Θεοῦ</span> 
     </span>
    </p>
   </div>
   <div class='ocr_carea' id='block_1_87' title="bbox 1918 4176 3506 4252">
    <p class='ocr_par' dir='ltr' id='par_1_87' title="bbox 1918 4176 3506 4252">
     <span class='ocr_line' id='line_1_87' title="bbox 1918 4176 3506 4252; baseline 0 -18"><span class='ocrx_word' id='word_1_643' title='bbox 1918 4179 2214 4249; x_wconf 76' lang='grc' dir='ltr'>δεξαμένῳ.</span> <span class='ocrx_word' id='word_1_644' title='bbox 2240 4178 2300 4232; x_wconf 89' lang='grc' dir='ltr'><strong>Ρ.</strong></span> <span class='ocrx_word' id='word_1_645' title='bbox 2335 4176 2456 4230; x_wconf 76' lang='grc'><strong>121.</strong></span> <span class='ocrx_word' id='word_1_646' title='bbox 2503 4177 2832 4240; x_wconf 75' lang='grc' dir='ltr'><strong>Ε1’τέλειος,</strong></span> <span class='ocrx_word' id='word_1_647' title='bbox 2870 4179 3052 4246; x_wconf 76' lang='grc' dir='ltr'>φασὶν,</span> <span class='ocrx_word' id='word_1_648' title='bbox 3091 4179 3288 4233; x_wconf 73' lang='grc' dir='ltr'>ἐστὶνὸ</span> <span class='ocrx_word' id='word_1_649' title='bbox 3317 4180 3506 4252; x_wconf 71' lang='grc' dir='ltr'>Πατὴρ</span> 
     </span>
    </p>
   </div>
   <div class='ocr_carea' id='block_1_88' title="bbox 1919 4264 3502 4339">
    <p class='ocr_par' dir='ltr' id='par_1_88' title="bbox 1919 4264 3502 4339">
     <span class='ocr_line' id='line_1_88' title="bbox 1919 4264 3502 4339; baseline 0.001 -18"><span class='ocrx_word' id='word_1_650' title='bbox 1919 4269 1976 4323; x_wconf 75' lang='grc' dir='ltr'>ὲν</span> <span class='ocrx_word' id='word_1_651' title='bbox 2005 4269 2070 4339; x_wconf 86' lang='grc' dir='ltr'><strong>τῇ</strong></span> <span class='ocrx_word' id='word_1_652' title='bbox 2115 4266 2220 4337; x_wconf 70' lang='grc' dir='ltr'>ἰδίᾳ</span> <span class='ocrx_word' id='word_1_653' title='bbox 2264 4264 2667 4337; x_wconf 78' lang='grc' dir='ltr'>μεγαλειότητι.</span> <span class='ocrx_word' id='word_1_654' title='bbox 2715 4266 2776 4321; x_wconf 88' lang='grc' dir='ltr'><strong>Ρ.</strong></span> <span class='ocrx_word' id='word_1_655' title='bbox 2821 4266 3081 4321; x_wconf 73' lang='grc'><strong>125-140.</strong></span> <span class='ocrx_word' id='word_1_656' title='bbox 3120 4268 3268 4322; x_wconf 89' lang='lat' dir='ltr'><strong>Idem</strong></span> <span class='ocrx_word' id='word_1_657' title='bbox 3313 4269 3502 4324; x_wconf 86' lang='lat' dir='ltr'><strong>dicen—</strong></span> 
     </span>
    </p>
   </div>
   <div class='ocr_carea' id='block_1_89' title="bbox 1920 4357 3508 4429">
    <p class='ocr_par' dir='ltr' id='par_1_89' title="bbox 1920 4357 3508 4429">
     <span class='ocr_line' id='line_1_89' title="bbox 1920 4357 3508 4429; baseline -0.001 -15"><span class='ocrx_word' id='word_1_658' title='bbox 1920 4361 2050 4414; x_wconf 91' lang='lat' dir='ltr'><strong>dum</strong></span> <span class='ocrx_word' id='word_1_659' title='bbox 2095 4357 2164 4413; x_wconf 90' lang='lat' dir='ltr'><strong>de</strong></span> <span class='ocrx_word' id='word_1_660' title='bbox 2215 4357 2392 4412; x_wconf 90' lang='lat' dir='ltr'><strong>altero</strong></span> <span class='ocrx_word' id='word_1_661' title='bbox 2431 4357 2746 4424; x_wconf 81' lang='lat' dir='ltr'><strong>volumine,</strong></span> <span class='ocrx_word' id='word_1_662' title='bbox 2797 4357 2946 4428; x_wconf 89' lang='lat' dir='ltr'><strong>quod</strong></span> <span class='ocrx_word' id='word_1_663' title='bbox 2995 4357 3141 4413; x_wconf 87' lang='lat' dir='ltr'><strong>idem</strong></span> <span class='ocrx_word' id='word_1_664' title='bbox 3188 4359 3508 4429; x_wconf 81' lang='lat' dir='ltr'><strong>Wegelinus</strong></span> 
     </span>
    </p>
   </div>
   <div class='ocr_carea' id='block_1_90' title="bbox 297 4449 3507 4522">
    <p class='ocr_par' dir='ltr' id='par_1_90' title="bbox 297 4449 3507 4522">
     <span class='ocr_line' id='line_1_90' title="bbox 297 4449 3507 4522; baseline 0.001 -20"><span class='ocrx_word' id='word_1_665' title='bbox 297 4449 476 4504; x_wconf 84' lang='lat' dir='ltr'><strong>Paris.</strong></span> <span class='ocrx_word' id='word_1_666' title='bbox 514 4450 570 4505; x_wconf 86' lang='lat' dir='ltr'><strong>in</strong></span> <span class='ocrx_word' id='word_1_667' title='bbox 607 4449 743 4504; x_wconf 91' lang='lat' dir='ltr'><strong>bibl.</strong></span> <span class='ocrx_word' id='word_1_668' title='bbox 773 4449 928 4521; x_wconf 90' lang='lat' dir='ltr'><strong>publ.</strong></span> <span class='ocrx_word' id='word_1_669' title='bbox 975 4450 1098 4506; x_wconf 90' lang='lat' dir='ltr'><strong>cod.</strong></span> <span class='ocrx_word' id='word_1_670' title='bbox 1140 4451 1417 4516; x_wconf 80' lang='lat' dir='ltr'><strong>MCGLXI,</strong></span> <span class='ocrx_word' id='word_1_671' title='bbox 1448 4451 1818 4507; x_wconf 85' lang='lat' dir='ltr'><strong>Antirrhetica</strong></span> <span class='ocrx_word' id='word_1_672' title='bbox 1849 4462 1896 4522; x_wconf 79' lang='grc' dir='ltr'><strong>ι)</strong></span> <span class='ocrx_word' id='word_1_673' title='bbox 1922 4452 2058 4508; x_wconf 91' lang='lat' dir='ltr'><strong>ibid.</strong></span> <span class='ocrx_word' id='word_1_674' title='bbox 2092 4450 2260 4517; x_wconf 67' lang='lat'><strong>16-11,.</strong></span> <span class='ocrx_word' id='word_1_675' title='bbox 2294 4450 2348 4506; x_wconf 89' lang='lat' dir='ltr'><strong>in</strong></span> <span class='ocrx_word' id='word_1_676' title='bbox 2391 4450 2444 4516; x_wconf 91' lang='lat'><strong>8,</strong></span> <span class='ocrx_word' id='word_1_677' title='bbox 2477 4449 2664 4508; x_wconf 75' lang='lat' dir='ltr'><strong>Grtcce</strong></span> <span class='ocrx_word' id='word_1_678' title='bbox 2709 4459 2766 4506; x_wconf 89' lang='lat' dir='ltr'><strong>et</strong></span> <span class='ocrx_word' id='word_1_679' title='bbox 2810 4450 3004 4507; x_wconf 81' lang='lat' dir='ltr'><strong>Latine</strong></span> <span class='ocrx_word' id='word_1_680' title='bbox 3037 4450 3361 4518; x_wconf 77' lang='lat' dir='ltr'><strong>variiscum</strong></span> <span class='ocrx_word' id='word_1_681' title='bbox 3404 4452 3507 4505; x_wconf 85' lang='lat' dir='ltr'><strong>Da-</strong></span> 
     </span>
    </p>
   </div>
   <div class='ocr_carea' id='block_1_91' title="bbox 223 4541 1149 4606">
    <p class='ocr_par' dir='ltr' id='par_1_91' title="bbox 223 4541 1149 4606">
     <span class='ocr_line' id='line_1_91' title="bbox 223 4541 1149 4606; baseline 0.005 -13"><span class='ocrx_word' id='word_1_682' title='bbox 223 4542 350 4594; x_wconf 76' lang='lat' dir='ltr'><strong>adr.</strong></span> <span class='ocrx_word' id='word_1_683' title='bbox 379 4541 680 4606; x_wconf 72' lang='lat' dir='ltr'><strong>lulianum,</strong></span> <span class='ocrx_word' id='word_1_684' title='bbox 706 4542 835 4597; x_wconf 86' lang='lat' dir='ltr'><strong>libri</strong></span> <span class='ocrx_word' id='word_1_685' title='bbox 862 4543 952 4598; x_wconf 93' lang='lat' dir='ltr'><strong>III.</strong></span> <span class='ocrx_word' id='word_1_686' title='bbox 981 4543 1149 4600; x_wconf 75' lang='grc' dir='ltr'><strong>ΗΑιιι..</strong></span> 
     </span>
    </p>
   </div>
   <div class='ocr_carea' id='block_1_92' title="bbox 291 4632 1822 4708">
    <p class='ocr_par' dir='ltr' id='par_1_92' title="bbox 291 4632 1822 4708">
     <span class='ocr_line' id='line_1_92' title="bbox 291 4632 1822 4708; baseline 0.003 -23"><span class='ocrx_word' id='word_1_687' title='bbox 291 4632 408 4702; x_wconf 77' lang='grc' dir='ltr'><strong>κβ’.</strong></span> <span class='ocrx_word' id='word_1_688' title='bbox 459 4634 618 4688; x_wconf 83' lang='grc' dir='ltr'><strong>Κατὰ</strong></span> <span class='ocrx_word' id='word_1_689' title='bbox 662 4634 1244 4708; x_wconf 67' lang='grc' dir='ltr'>Ἀνθρωπομοριριτῶν,</span> <span class='ocrx_word' id='word_1_690' title='bbox 1279 4635 1478 4692; x_wconf 84' lang='lat' dir='ltr'><strong>Contra</strong></span> <span class='ocrx_word' id='word_1_691' title='bbox 1527 4636 1822 4707; x_wconf 75' lang='lat' dir='ltr'><strong>Anthropo-</strong></span> 
     </span>
    </p>
   </div>
   <div class='ocr_carea' id='block_1_93' title="bbox 224 4727 1820 4801">
    <p class='ocr_par' dir='ltr' id='par_1_93' title="bbox 224 4727 1820 4801">
     <span class='ocr_line' id='line_1_93' title="bbox 224 4727 1820 4801; baseline 0.003 -23"><span class='ocrx_word' id='word_1_692' title='bbox 224 4729 527 4796; x_wconf 77' lang='lat' dir='ltr'><strong>iuorphitas</strong></span> <span class='ocrx_word' id='word_1_693' title='bbox 554 4727 706 4790; x_wconf 85' lang='lat' dir='ltr'><strong>liber,</strong></span> <span class='ocrx_word' id='word_1_694' title='bbox 734 4728 1017 4798; x_wconf 68' lang='lat' dir='ltr'><strong>praemissa</strong></span> <span class='ocrx_word' id='word_1_695' title='bbox 1037 4728 1269 4799; x_wconf 89' lang='lat' dir='ltr'><strong>epistola</strong></span> <span class='ocrx_word' id='word_1_696' title='bbox 1289 4729 1357 4784; x_wconf 87' lang='lat' dir='ltr'><strong>ad</strong></span> <span class='ocrx_word' id='word_1_697' title='bbox 1379 4728 1722 4800; x_wconf 86' lang='lat' dir='ltr'><strong>Calosyrium</strong></span> <span class='ocrx_word' id='word_1_698' title='bbox 1747 4728 1820 4801; x_wconf 72' lang='grc' dir='ltr'><strong>(ὁ)</strong></span> 
     </span>
    </p>
   </div>
   <div class='ocr_carea' id='block_1_94' title="bbox 221 4818 1822 4892">
    <p class='ocr_par' dir='ltr' id='par_1_94' title="bbox 221 4818 1822 4892">
     <span class='ocr_line' id='line_1_94' title="bbox 221 4818 1822 4892; baseline 0.002 -24"><span class='ocrx_word' id='word_1_699' title='bbox 221 4819 553 4888; x_wconf 77' lang='lat' dir='ltr'><strong>episcopum</strong></span> <span class='ocrx_word' id='word_1_700' title='bbox 577 4820 944 4882; x_wconf 80' lang='lat' dir='ltr'><strong>Arsenoitem,</strong></span> <span class='ocrx_word' id='word_1_701' title='bbox 963 4834 1127 4890; x_wconf 88' lang='lat' dir='ltr'><strong>quem</strong></span> <span class='ocrx_word' id='word_1_702' title='bbox 1156 4820 1439 4892; x_wconf 80' lang='grc' dir='ltr'>ἀγαπητὸν</span> <span class='ocrx_word' id='word_1_703' title='bbox 1463 4821 1558 4874; x_wconf 76' lang='grc' dir='ltr'><strong>καὶ</strong></span> <span class='ocrx_word' id='word_1_704' title='bbox 1581 4818 1822 4873; x_wconf 82' lang='grc' dir='ltr'>ποθεινὸ-</span> 
     </span>
    </p>
   </div>
   <div class='ocr_carea' id='block_1_95' title="bbox 221 4910 1818 4978">
    <p class='ocr_par' dir='ltr' id='par_1_95' title="bbox 221 4910 1818 4978">
     <span class='ocr_line' id='line_1_95' title="bbox 221 4910 1818 4978; baseline 0.002 -18"><span class='ocrx_word' id='word_1_705' title='bbox 221 4924 394 4961; x_wconf 76' lang='grc' dir='ltr'>τατον</span> <span class='ocrx_word' id='word_1_706' title='bbox 418 4910 678 4978; x_wconf 85' lang='lat' dir='ltr'><strong>appellat.</strong></span> <span class='ocrx_word' id='word_1_707' title='bbox 714 4911 772 4964; x_wconf 91' lang='lat' dir='ltr'><strong>P.</strong></span> <span class='ocrx_word' id='word_1_708' title='bbox 803 4911 1060 4975; x_wconf 79' lang='grc'><strong>565-598,</strong></span> <span class='ocrx_word' id='word_1_709' title='bbox 1085 4927 1210 4966; x_wconf 90' lang='lat' dir='ltr'><strong>cum</strong></span> <span class='ocrx_word' id='word_1_710' title='bbox 1236 4911 1492 4966; x_wconf 83' lang='lat' dir='ltr'><strong>versione</strong></span> <span class='ocrx_word' id='word_1_711' title='bbox 1519 4910 1818 4966; x_wconf 90' lang='lat' dir='ltr'><strong>Bonavent.</strong></span> 
     </span>
    </p>
   </div>
   <div class='ocr_carea' id='block_1_96' title="bbox 225 5003 1824 5075">
    <p class='ocr_par' dir='ltr' id='par_1_96' title="bbox 225 5003 1824 5075">
     <span class='ocr_line' id='line_1_96' title="bbox 225 5003 1824 5075; baseline 0.003 -20"><span class='ocrx_word' id='word_1_712' title='bbox 225 5003 509 5068; x_wconf 85' lang='lat' dir='ltr'><strong>Vulcanii,</strong></span> <span class='ocrx_word' id='word_1_713' title='bbox 548 5005 642 5074; x_wconf 90' lang='lat' dir='ltr'><strong>qui</strong></span> <span class='ocrx_word' id='word_1_714' title='bbox 697 5006 910 5075; x_wconf 85' lang='lat' dir='ltr'><strong>primus</strong></span> <span class='ocrx_word' id='word_1_715' title='bbox 952 5005 1140 5063; x_wconf 73' lang='lat' dir='ltr'><strong>Graece</strong></span> <span class='ocrx_word' id='word_1_716' title='bbox 1177 5015 1235 5062; x_wconf 91' lang='lat' dir='ltr'><strong>et</strong></span> <span class='ocrx_word' id='word_1_717' title='bbox 1272 5006 1463 5061; x_wconf 89' lang='lat' dir='ltr'><strong>Latine</strong></span> <span class='ocrx_word' id='word_1_718' title='bbox 1509 5021 1636 5062; x_wconf 89' lang='lat' dir='ltr'><strong>cum</strong></span> <span class='ocrx_word' id='word_1_719' title='bbox 1677 5005 1824 5060; x_wconf 89' lang='lat' dir='ltr'><strong>notis</strong></span> 
     </span>
    </p>
   </div>
   <div class='ocr_carea' id='block_1_97' title="bbox 229 5095 1820 5166">
    <p class='ocr_par' dir='ltr' id='par_1_97' title="bbox 229 5095 1820 5166">
     <span class='ocr_line' id='line_1_97' title="bbox 229 5095 1820 5166; baseline 0.002 -17"><span class='ocrx_word' id='word_1_720' title='bbox 229 5098 379 5163; x_wconf 67' lang='lat' dir='ltr'><strong>(quae</strong></span> <span class='ocrx_word' id='word_1_721' title='bbox 411 5103 474 5150; x_wconf 89' lang='lat' dir='ltr'><strong>et</strong></span> <span class='ocrx_word' id='word_1_722' title='bbox 511 5095 642 5166; x_wconf 65' lang='lat' dir='ltr'><strong>ipsa:</strong></span> <span class='ocrx_word' id='word_1_723' title='bbox 679 5097 735 5151; x_wconf 91' lang='lat' dir='ltr'><strong>in</strong></span> <span class='ocrx_word' id='word_1_724' title='bbox 762 5098 992 5154; x_wconf 84' lang='lat' dir='ltr'><strong>Auberti</strong></span> <span class='ocrx_word' id='word_1_725' title='bbox 1028 5097 1274 5155; x_wconf 87' lang='lat' dir='ltr'><strong>editione</strong></span> <span class='ocrx_word' id='word_1_726' title='bbox 1313 5097 1384 5154; x_wconf 90' lang='lat' dir='ltr'><strong>ad</strong></span> <span class='ocrx_word' id='word_1_727' title='bbox 1426 5098 1631 5154; x_wconf 90' lang='lat' dir='ltr'><strong>calcem</strong></span> <span class='ocrx_word' id='word_1_728' title='bbox 1662 5098 1820 5152; x_wconf 88' lang='lat' dir='ltr'><strong>volu-</strong></span> 
     </span>
    </p>
   </div>
   <div class='ocr_carea' id='block_1_98' title="bbox 299 5205 1071 5282">
    <p class='ocr_par' dir='ltr' id='par_1_98' title="bbox 299 5205 1071 5282">
     <span class='ocr_line' id='line_1_98' title="bbox 299 5205 1071 5282; baseline 0.005 -20"><span class='ocrx_word' id='word_1_729' title='bbox 299 5205 381 5282; x_wconf 77' lang='grc' dir='ltr'><strong>(α)</strong></span> <span class='ocrx_word' id='word_1_730' title='bbox 592 5209 633 5282; x_wconf 61' lang='lat' dir='ltr'><strong>ﬁ</strong></span> <span class='ocrx_word' id='word_1_731' title='bbox 661 5211 891 5282; x_wconf 84' lang='lat' dir='ltr'><strong>Augusti</strong></span> <span class='ocrx_word' id='word_1_732' title='bbox 915 5209 1071 5268; x_wconf 66' lang='grc'><strong>1644.</strong></span> 
     </span>
    </p>
   </div>
   <div class='ocr_carea' id='block_1_99' title="bbox 300 5277 1815 5355">
    <p class='ocr_par' dir='ltr' id='par_1_99' title="bbox 300 5277 1815 5355">
     <span class='ocr_line' id='line_1_99' title="bbox 300 5277 1815 5355; baseline 0.003 -25"><span class='ocrx_word' id='word_1_733' title='bbox 300 5279 377 5347; x_wconf 83' lang='lat' dir='ltr'><strong>(b)</strong></span> <span class='ocrx_word' id='word_1_734' title='bbox 418 5277 906 5355; x_wconf 61' lang='lat' dir='ltr'><strong>Vide_&#39;l‘illeiijont_.</strong></span> <span class='ocrx_word' id='word_1_735' title='bbox 925 5292 1060 5338; x_wconf 88' lang='lat' dir='ltr'><strong>tom.</strong></span> <span class='ocrx_word' id='word_1_736' title='bbox 1085 5281 1223 5347; x_wconf 88' lang='lat' dir='ltr'><strong>XIV,</strong></span> <span class='ocrx_word' id='word_1_737' title='bbox 1245 5298 1300 5353; x_wconf 93' lang='lat' dir='ltr'><strong>p.</strong></span> <span class='ocrx_word' id='word_1_738' title='bbox 1332 5280 1510 5355; x_wconf 53' lang='lat' dir='ltr'><strong>665m</strong></span> <span class='ocrx_word' id='word_1_739' title='bbox 1539 5280 1662 5336; x_wconf 88' lang='grc'><strong>669.</strong></span> <span class='ocrx_word' id='word_1_740' title='bbox 1685 5277 1815 5353; x_wconf 56' lang='lat' dir='ltr'><strong>[Ou-</strong></span> 
     </span>
    </p>
   </div>
   <div class='ocr_carea' id='block_1_100' title="bbox 236 5346 1467 5475">
    <p class='ocr_par' dir='ltr' id='par_1_100' title="bbox 236 5346 1467 5475">
     <span class='ocr_line' id='line_1_100' title="bbox 236 5346 1467 5475; baseline 0.005 -75"><span class='ocrx_word' id='word_1_741' title='bbox 236 5346 373 5410; x_wconf 84' lang='lat' dir='ltr'><strong>din.,</strong></span> <span class='ocrx_word' id='word_1_742' title='bbox 405 5359 540 5405; x_wconf 84' lang='lat' dir='ltr'><strong>tom.</strong></span> <span class='ocrx_word' id='word_1_743' title='bbox 564 5351 607 5414; x_wconf 88' lang='lat' dir='ltr'><strong>I,</strong></span> <span class='ocrx_word' id='word_1_744' title='bbox 725 5351 906 5425; x_wconf 71' lang='lat'><strong>1046.]</strong></span> <span class='ocrx_word' id='word_1_745' title='bbox 1248 5346 1264 5353; x_wconf 88' lang='grc'><em>’</em></span> <span class='ocrx_word' id='word_1_746' title='bbox 1450 5346 1467 5366; x_wconf 75' lang='grc'><strong>’“</strong></span> 
     </span>
     <span class='ocr_line' id='line_1_101' title="bbox 307 5418 1467 5475; baseline 0 0"><span class='ocrx_word' id='word_1_747' title='bbox 307 5420 377 5475; x_wconf 78' lang='lat' dir='ltr'><strong>(cl</strong></span> <span class='ocrx_word' id='word_1_748' title='bbox 415 5418 630 5475; x_wconf 86' lang='lat' dir='ltr'><strong>Ouibus</strong></span> <span class='ocrx_word' id='word_1_749' title='bbox 671 5438 758 5475; x_wconf 88' lang='lat' dir='ltr'><strong>am</strong></span> <span class='ocrx_word' id='word_1_750' title='bbox 798 5422 1206 5475; x_wconf 77' lang='lat' dir='ltr'><strong>exemplaribus</strong></span> <span class='ocrx_word' id='word_1_751' title='bbox 1243 5437 1419 5475; x_wconf 91' lang='lat' dir='ltr'><strong>novus</strong></span> <span class='ocrx_word' id='word_1_752' title='bbox 1452 5430 1467 5475; x_wconf 92' lang='lat' dir='ltr'><strong>t</strong></span> 
     </span>
    </p>
   </div>
   <div class='ocr_carea' id='block_1_101' title="bbox 671 5438 702 5476">
    <p class='ocr_par' dir='ltr' id='par_1_101' title="bbox 671 5438 702 5476">
     <span class='ocr_line' id='line_1_102' title="bbox 671 5438 702 5476; baseline 0 0"><span class='ocrx_word' id='word_1_753' title='bbox 671 5438 702 5476; x_wconf 76' lang='lat'><strong>3</strong></span> 
     </span>
    </p>
   </div>
   <div class='ocr_carea' id='block_1_102' title="bbox 307 5392 1818 5495">
    <p class='ocr_par' dir='ltr' id='par_1_102' title="bbox 307 5392 1818 5495">
     <span class='ocr_line' id='line_1_103' title="bbox 307 5392 1818 5495; baseline 0.002 -23"><span class='ocrx_word' id='word_1_754' title='bbox 406 5392 1206 5495; x_wconf 45' lang='lat' dir='ltr'><strong>auibusdamve‘sejmplaribus</strong></span> <span class='ocrx_word' id='word_1_755' title='bbox 1243 5437 1419 5495; x_wconf 84' lang='lat' dir='ltr'><strong>novus</strong></span> <span class='ocrx_word' id='word_1_756' title='bbox 1452 5421 1645 5478; x_wconf 90' lang='lat' dir='ltr'><strong>titulus</strong></span> <span class='ocrx_word' id='word_1_757' title='bbox 1676 5436 1818 5495; x_wconf 67' lang='lat' dir='ltr'><strong>prae-</strong></span> 
     </span>
    </p>
   </div>
   <div class='ocr_carea' id='block_1_103' title="bbox 240 5485 1818 5573">
    <p class='ocr_par' dir='ltr' id='par_1_103' title="bbox 240 5485 1818 5573">
     <span class='ocr_line' id='line_1_104' title="bbox 240 5485 1818 5573; baseline 0.004 -34"><span class='ocrx_word' id='word_1_758' title='bbox 240 5485 377 5570; x_wconf 67' lang='lat' dir='ltr'><strong>ﬁxas</strong></span> <span class='ocrx_word' id='word_1_759' title='bbox 412 5485 541 5573; x_wconf 60' lang='lat' dir='ltr'><strong>gum</strong></span> <span class='ocrx_word' id='word_1_760' title='bbox 577 5485 1040 5573; x_wconf 60' lang='lat' dir='ltr'><strong>notatione_an&#39;pi_</strong></span> <span class='ocrx_word' id='word_1_761' title='bbox 1071 5493 1226 5573; x_wconf 60' lang='grc'><strong>1608,</strong></span> <span class='ocrx_word' id='word_1_762' title='bbox 1248 5492 1641 5573; x_wconf 73' lang='lat' dir='ltr'><strong>_adjunctaque</strong></span> <span class='ocrx_word' id='word_1_763' title='bbox 1677 5485 1818 5573; x_wconf 64' lang='lat' dir='ltr'><strong>Gre-</strong></span> 
     </span>
    </p>
   </div>
   <div class='ocr_carea' id='block_1_104' title="bbox 235 5559 1875 5634">
    <p class='ocr_par' dir='ltr' id='par_1_104' title="bbox 235 5559 1875 5634">
     <span class='ocr_line' id='line_1_105' title="bbox 235 5559 1875 5634; baseline -0.002 -21"><span class='ocrx_word' id='word_1_764' title='bbox 235 5559 372 5634; x_wconf 72' lang='lat' dir='ltr'><strong>gorii</strong></span> <span class='ocrx_word' id='word_1_765' title='bbox 413 5559 811 5634; x_wconf 57' lang='lat' dir='ltr'><strong>Tbaumaturgi</strong></span> <span class='ocrx_word' id='word_1_766' title='bbox 855 5563 923 5618; x_wconf 89' lang='lat' dir='ltr'><strong>de</strong></span> <span class='ocrx_word' id='word_1_767' title='bbox 1107 5559 1376 5634; x_wconf 76' lang='lat' dir='ltr'><strong>Trinitate</strong></span> <span class='ocrx_word' id='word_1_768' title='bbox 1415 5559 1569 5618; x_wconf 84' lang='lat' dir='ltr'><strong>brevi</strong></span> <span class='ocrx_word' id='word_1_769' title='bbox 1609 5560 1822 5634; x_wconf 70' lang='lat' dir='ltr'><strong>confes-</strong></span> <span class='ocrx_word' id='word_1_770' title='bbox 1872 5608 1875 5610; x_wconf 93' lang='lat'><em>_</em></span> 
     </span>
    </p>
   </div>
   <div class='ocr_carea' id='block_1_105' title="bbox 236 5629 1879 5714">
    <p class='ocr_par' dir='ltr' id='par_1_105' title="bbox 236 5629 1879 5714">
     <span class='ocr_line' id='line_1_106' title="bbox 236 5629 1879 5714; baseline 0.011 -34"><span class='ocrx_word' id='word_1_771' title='bbox 236 5629 410 5714; x_wconf 52' lang='lat' dir='ltr'><strong>siege.</strong></span> <span class='ocrx_word' id='word_1_772' title='bbox 444 5629 607 5714; x_wconf 38' lang='lat' dir='ltr'><strong>Ern.</strong></span> <span class='ocrx_word' id='word_1_773' title='bbox 638 5629 922 5714; x_wconf 41' lang='lat' dir='ltr'><strong>:5]ng</strong></span> <span class='ocrx_word' id='word_1_774' title='bbox 960 5633 1134 5714; x_wconf 74' lang='lat' dir='ltr'><strong>editio</strong></span> <span class='ocrx_word' id='word_1_775' title='bbox 1167 5632 1444 5714; x_wconf 75' lang='lat' dir='ltr'><strong>inscripta</strong></span> <span class='ocrx_word' id='word_1_776' title='bbox 1465 5639 1549 5714; x_wconf 72' lang='lat' dir='ltr'><strong>est</strong></span> <span class='ocrx_word' id='word_1_777' title='bbox 1579 5649 1593 5684; x_wconf 90' lang='lat'>:</span> <span class='ocrx_word' id='word_1_778' title='bbox 1623 5630 1690 5686; x_wconf 77' lang='grc' dir='ltr'><strong>Ι).</strong></span> <span class='ocrx_word' id='word_1_779' title='bbox 1721 5629 1822 5702; x_wconf 62' lang='grc' dir='ltr'><strong>(ἵνα</strong></span> <span class='ocrx_word' id='word_1_780' title='bbox 1868 5675 1879 5698; x_wconf 57' lang='grc' dir='ltr'><em>θ</em></span> 
     </span>
    </p>
   </div>
   <div class='ocr_carea' id='block_1_106' title="bbox 237 5698 1820 5774">
    <p class='ocr_par' dir='ltr' id='par_1_106' title="bbox 237 5698 1820 5774">
     <span class='ocr_line' id='line_1_107' title="bbox 237 5698 1820 5774; baseline 0.006 -26"><span class='ocrx_word' id='word_1_781' title='bbox 237 5698 437 5774; x_wconf 34' lang='grc' dir='ltr'><strong>ῥᾳδ-ε</strong></span> <span class='ocrx_word' id='word_1_782' title='bbox 473 5701 604 5754; x_wconf 80' lang='lat' dir='ltr'><strong>liber</strong></span> <span class='ocrx_word' id='word_1_783' title='bbox 625 5703 688 5756; x_wconf 86' lang='lat' dir='ltr'><strong>de</strong></span> <span class='ocrx_word' id='word_1_784' title='bbox 714 5701 808 5758; x_wconf 88' lang='grc'><strong>88.</strong></span> <span class='ocrx_word' id='word_1_785' title='bbox 836 5701 1110 5767; x_wconf 80' lang='lat' dir='ltr'><strong>Trinitate,</strong></span> <span class='ocrx_word' id='word_1_786' title='bbox 1132 5698 1470 5774; x_wconf 66' lang='lat' dir='ltr'><strong>etn&#39;mprimis</strong></span> <span class='ocrx_word' id='word_1_787' title='bbox 1500 5703 1563 5756; x_wconf 86' lang='lat' dir='ltr'><strong>de</strong></span> <span class='ocrx_word' id='word_1_788' title='bbox 1595 5698 1820 5774; x_wconf 64' lang='lat' dir='ltr'><strong>persona</strong></span> 
     </span>
    </p>
   </div>
   <div class='ocr_carea' id='block_1_107' title="bbox 238 5765 1858 5853">
    <p class='ocr_par' dir='ltr' id='par_1_107' title="bbox 238 5765 1858 5853">
     <span class='ocr_line' id='line_1_108' title="bbox 238 5765 1858 5853; baseline 0.004 -33"><span class='ocrx_word' id='word_1_789' title='bbox 238 5765 429 5822; x_wconf 71' lang='lat' dir='ltr'><strong>Christi</strong></span> <span class='ocrx_word' id='word_1_790' title='bbox 463 5788 649 5839; x_wconf 78' lang='lat' dir='ltr'><strong>agens,</strong></span> <span class='ocrx_word' id='word_1_791' title='bbox 679 5788 740 5825; x_wconf 72' lang='lat' dir='ltr'><strong>ea</strong></span> <span class='ocrx_word' id='word_1_792' title='bbox 775 5783 905 5826; x_wconf 82' lang='lat' dir='ltr'><strong>msto</strong></span> <span class='ocrx_word' id='word_1_793' title='bbox 933 5775 1046 5830; x_wconf 81' lang='lat' dir='ltr'><strong>cod.</strong></span> <span class='ocrx_word' id='word_1_794' title='bbox 1085 5765 1261 5831; x_wconf 65' lang='grc' dir='ltr'><strong>(ἐι-ατί»</strong></span> <span class='ocrx_word' id='word_1_795' title='bbox 1281 5765 1604 5843; x_wconf 58' lang='lat' dir='ltr'><strong>descriptus,</strong></span> <span class='ocrx_word' id='word_1_796' title='bbox 1634 5771 1820 5832; x_wconf 78' lang='lat' dir='ltr'><strong>Latine</strong></span> <span class='ocrx_word' id='word_1_797' title='bbox 1856 5851 1858 5853; x_wconf 3' lang='grc' dir='ltr'><strong>γ</strong></span> 
     </span>
    </p>
   </div>
   <div class='ocr_carea' id='block_1_108' title="bbox 1921 4541 3510 4615">
    <p class='ocr_par' dir='ltr' id='par_1_108' title="bbox 1921 4541 3510 4615">
     <span class='ocr_line' id='line_1_109' title="bbox 1921 4541 3510 4615; baseline -0.003 -16"><span class='ocrx_word' id='word_1_798' title='bbox 1921 4543 2184 4609; x_wconf 88' lang='lat' dir='ltr'><strong>masceni,</strong></span> <span class='ocrx_word' id='word_1_799' title='bbox 2207 4543 2370 4599; x_wconf 85' lang='lat' dir='ltr'><strong>Pselli</strong></span> <span class='ocrx_word' id='word_1_800' title='bbox 2394 4552 2450 4599; x_wconf 87' lang='lat' dir='ltr'><strong>et</strong></span> <span class='ocrx_word' id='word_1_801' title='bbox 2475 4542 2549 4615; x_wconf 74' lang='lat' dir='ltr'><strong>(rt)</strong></span> <span class='ocrx_word' id='word_1_802' title='bbox 2577 4542 2951 4615; x_wconf 89' lang='lat' dir='ltr'><strong>Cbaritonymi</strong></span> <span class='ocrx_word' id='word_1_803' title='bbox 2978 4541 3343 4615; x_wconf 77' lang='lat' dir='ltr'><strong>Cbristonymi</strong></span> <span class='ocrx_word' id='word_1_804' title='bbox 3371 4542 3510 4597; x_wconf 78' lang='lat' dir='ltr'><strong>Iler-</strong></span> 
     </span>
    </p>
   </div>
   <div class='ocr_carea' id='block_1_109' title="bbox 1923 4633 3506 4709">
    <p class='ocr_par' dir='ltr' id='par_1_109' title="bbox 1923 4633 3506 4709">
     <span class='ocr_line' id='line_1_110' title="bbox 1923 4633 3506 4709; baseline -0.004 -17"><span class='ocrx_word' id='word_1_805' title='bbox 1923 4635 2163 4709; x_wconf 78' lang='lat' dir='ltr'><strong>mony-mi</strong></span> <span class='ocrx_word' id='word_1_806' title='bbox 2211 4635 2477 4705; x_wconf 84' lang='lat' dir='ltr'><strong>vulgavit,</strong></span> <span class='ocrx_word' id='word_1_807' title='bbox 2523 4635 2580 4690; x_wconf 93' lang='lat' dir='ltr'><strong>in</strong></span> <span class='ocrx_word' id='word_1_808' title='bbox 2627 4651 2738 4705; x_wconf 91' lang='lat' dir='ltr'><strong>quo</strong></span> <span class='ocrx_word' id='word_1_809' title='bbox 2778 4635 3044 4706; x_wconf 76' lang='lat' dir='ltr'><strong>Excerpta</strong></span> <span class='ocrx_word' id='word_1_810' title='bbox 3091 4633 3278 4705; x_wconf 83' lang='lat' dir='ltr'><strong>Cyrilli</strong></span> <span class='ocrx_word' id='word_1_811' title='bbox 3321 4642 3506 4687; x_wconf 83' lang='lat' dir='ltr'><strong>contra</strong></span> 
     </span>
    </p>
   </div>
   <div class='ocr_carea' id='block_1_110' title="bbox 1922 4724 3520 4798">
    <p class='ocr_par' dir='ltr' id='par_1_110' title="bbox 1922 4724 3520 4798">
     <span class='ocr_line' id='line_1_111' title="bbox 1922 4724 3520 4798; baseline -0.004 -14"><span class='ocrx_word' id='word_1_812' title='bbox 1922 4728 2286 4793; x_wconf 74' lang='lat' dir='ltr'><strong>Nestorianos,</strong></span> <span class='ocrx_word' id='word_1_813' title='bbox 2315 4741 2384 4781; x_wconf 84' lang='lat' dir='ltr'><strong>ex</strong></span> <span class='ocrx_word' id='word_1_814' title='bbox 2412 4727 2863 4798; x_wconf 87' lang='lat' dir='ltr'><strong>interpretatione</strong></span> <span class='ocrx_word' id='word_1_815' title='bbox 2889 4726 2946 4782; x_wconf 91' lang='lat' dir='ltr'><strong>S.</strong></span> <span class='ocrx_word' id='word_1_816' title='bbox 2970 4725 3235 4798; x_wconf 88' lang='lat' dir='ltr'><strong>Symboli,</strong></span> <span class='ocrx_word' id='word_1_817' title='bbox 3266 4740 3332 4780; x_wconf 79' lang='lat' dir='ltr'><strong>ex</strong></span> <span class='ocrx_word' id='word_1_818' title='bbox 3365 4724 3520 4779; x_wconf 61' lang='lat' dir='ltr'><strong>The:</strong></span> 
     </span>
    </p>
   </div>
   <div class='ocr_carea' id='block_1_111' title="bbox 1923 4814 3510 4890">
    <p class='ocr_par' dir='ltr' id='par_1_111' title="bbox 1923 4814 3510 4890">
     <span class='ocr_line' id='line_1_112' title="bbox 1923 4814 3510 4890; baseline -0.004 -14"><span class='ocrx_word' id='word_1_819' title='bbox 1923 4819 2124 4884; x_wconf 90' lang='lat' dir='ltr'><strong>sauris,</strong></span> <span class='ocrx_word' id='word_1_820' title='bbox 2154 4835 2222 4874; x_wconf 78' lang='lat' dir='ltr'><strong>ex</strong></span> <span class='ocrx_word' id='word_1_821' title='bbox 2261 4819 2405 4874; x_wconf 87' lang='lat' dir='ltr'><strong>libro</strong></span> <span class='ocrx_word' id='word_1_822' title='bbox 2449 4834 2559 4890; x_wconf 90' lang='lat' dir='ltr'><strong>quo</strong></span> <span class='ocrx_word' id='word_1_823' title='bbox 2597 4820 2814 4890; x_wconf 87' lang='lat' dir='ltr'><strong>reginas</strong></span> <span class='ocrx_word' id='word_1_824' title='bbox 2851 4817 3166 4888; x_wconf 87' lang='lat' dir='ltr'><strong>alloquitur,</strong></span> <span class='ocrx_word' id='word_1_825' title='bbox 3194 4824 3251 4871; x_wconf 89' lang='lat' dir='ltr'><strong>et</strong></span> <span class='ocrx_word' id='word_1_826' title='bbox 3279 4831 3348 4870; x_wconf 81' lang='lat' dir='ltr'><strong>ex</strong></span> <span class='ocrx_word' id='word_1_827' title='bbox 3385 4814 3510 4870; x_wconf 59' lang='lat' dir='ltr'><strong>Bia-</strong></span> 
     </span>
    </p>
   </div>
   <div class='ocr_carea' id='block_1_112' title="bbox 1925 4908 3509 4984">
    <p class='ocr_par' dir='ltr' id='par_1_112' title="bbox 1925 4908 3509 4984">
     <span class='ocr_line' id='line_1_113' title="bbox 1925 4908 3509 4984; baseline -0.004 -15"><span class='ocrx_word' id='word_1_828' title='bbox 1925 4913 2086 4984; x_wconf 85' lang='lat' dir='ltr'><strong>logis,</strong></span> <span class='ocrx_word' id='word_1_829' title='bbox 2113 4912 2182 4966; x_wconf 78' lang='grc' dir='ltr'>ὲκ</span> <span class='ocrx_word' id='word_1_830' title='bbox 2218 4912 2324 4968; x_wconf 83' lang='grc' dir='ltr'>τοῦ</span> <span class='ocrx_word' id='word_1_831' title='bbox 2348 4913 2500 4966; x_wconf 81' lang='grc' dir='ltr'>κατὰ</span> <span class='ocrx_word' id='word_1_832' title='bbox 2545 4911 2768 4966; x_wconf 82' lang='grc' dir='ltr'>πεῦσιν</span> <span class='ocrx_word' id='word_1_833' title='bbox 2814 4912 2912 4966; x_wconf 77' lang='grc' dir='ltr'>καὶ</span> <span class='ocrx_word' id='word_1_834' title='bbox 2951 4911 3274 4980; x_wconf 76' lang='grc' dir='ltr'>ἀπόκρισιν</span> <span class='ocrx_word' id='word_1_835' title='bbox 3298 4908 3509 4978; x_wconf 69' lang='grc' dir='ltr'>λόγου.</span> 
     </span>
    </p>
   </div>
   <div class='ocr_carea' id='block_1_113' title="bbox 1928 5001 3509 5075">
    <p class='ocr_par' dir='ltr' id='par_1_113' title="bbox 1928 5001 3509 5075">
     <span class='ocr_line' id='line_1_114' title="bbox 1928 5001 3509 5075; baseline -0.004 -15"><span class='ocrx_word' id='word_1_836' title='bbox 1928 5020 1997 5060; x_wconf 78' lang='lat' dir='ltr'><strong>ex</strong></span> <span class='ocrx_word' id='word_1_837' title='bbox 2040 5003 2332 5060; x_wconf 91' lang='lat' dir='ltr'><strong>duodecim</strong></span> <span class='ocrx_word' id='word_1_838' title='bbox 2384 5003 2678 5075; x_wconf 83' lang='lat' dir='ltr'><strong>capitulis,</strong></span> <span class='ocrx_word' id='word_1_839' title='bbox 2728 5004 2843 5059; x_wconf 86' lang='lat' dir='ltr'><strong>sive</strong></span> <span class='ocrx_word' id='word_1_840' title='bbox 2893 5001 3396 5065; x_wconf 84' lang='lat' dir='ltr'><strong>anathematismis,</strong></span> <span class='ocrx_word' id='word_1_841' title='bbox 3443 5017 3509 5054; x_wconf 79' lang='lat' dir='ltr'><strong>ex</strong></span> 
     </span>
    </p>
   </div>
   <div class='ocr_carea' id='block_1_114' title="bbox 1927 5089 3511 5165">
    <p class='ocr_par' dir='ltr' id='par_1_114' title="bbox 1927 5089 3511 5165">
     <span class='ocr_line' id='line_1_115' title="bbox 1927 5089 3511 5165; baseline -0.002 -17"><span class='ocrx_word' id='word_1_842' title='bbox 1927 5093 2178 5165; x_wconf 88' lang='lat' dir='ltr'><strong>epistolis</strong></span> <span class='ocrx_word' id='word_1_843' title='bbox 2214 5092 2281 5146; x_wconf 86' lang='lat' dir='ltr'><strong>ad</strong></span> <span class='ocrx_word' id='word_1_844' title='bbox 2322 5091 2580 5147; x_wconf 83' lang='lat' dir='ltr'><strong>Acacium</strong></span> <span class='ocrx_word' id='word_1_845' title='bbox 2612 5101 2668 5147; x_wconf 91' lang='lat' dir='ltr'><strong>et</strong></span> <span class='ocrx_word' id='word_1_846' title='bbox 2695 5092 2853 5148; x_wconf 87' lang='lat' dir='ltr'><strong>Joan.</strong></span> <span class='ocrx_word' id='word_1_847' title='bbox 2888 5089 3313 5156; x_wconf 84' lang='lat' dir='ltr'><strong>Antiochenum,</strong></span> <span class='ocrx_word' id='word_1_848' title='bbox 3347 5098 3404 5145; x_wconf 88' lang='lat' dir='ltr'><strong>et</strong></span> <span class='ocrx_word' id='word_1_849' title='bbox 3443 5105 3511 5145; x_wconf 79' lang='lat' dir='ltr'><strong>ex</strong></span> 
     </span>
    </p>
   </div>
   <div class='ocr_carea' id='block_1_115' title="bbox 1912 5200 3506 5276">
    <p class='ocr_par' dir='ltr' id='par_1_115' title="bbox 1912 5200 3506 5276">
     <span class='ocr_line' id='line_1_116' title="bbox 1912 5200 3506 5276; baseline -0.004 -15"><span class='ocrx_word' id='word_1_850' title='bbox 1912 5222 2092 5261; x_wconf 76' lang='lat' dir='ltr'><strong>versus</strong></span> <span class='ocrx_word' id='word_1_851' title='bbox 2119 5213 2192 5276; x_wconf 22' lang='lat' dir='ltr'><strong>tet</strong></span> <span class='ocrx_word' id='word_1_852' title='bbox 2219 5203 2432 5276; x_wconf 57' lang='lat' dir='ltr'><strong>scholiis</strong></span> <span class='ocrx_word' id='word_1_853' title='bbox 2475 5205 2671 5274; x_wconf 80' lang='lat' dir='ltr'><strong>possint</strong></span> <span class='ocrx_word' id='word_1_854' title='bbox 2703 5202 3023 5276; x_wconf 66' lang='lat' dir='ltr'><strong>declaratus,</strong></span> <span class='ocrx_word' id='word_1_855' title='bbox 3063 5202 3407 5276; x_wconf 59' lang='lat' dir='ltr'><strong>gurnfragm.</strong></span> <span class='ocrx_word' id='word_1_856' title='bbox 3445 5200 3506 5255; x_wconf 88' lang='grc'><strong>8.</strong></span> 
     </span>
    </p>
   </div>
   <div class='ocr_carea' id='block_1_116' title="bbox 1919 5273 3509 5360">
    <p class='ocr_par' dir='ltr' id='par_1_116' title="bbox 1919 5273 3509 5360">
     <span class='ocr_line' id='line_1_117' title="bbox 1919 5273 3509 5360; baseline -0.006 -28"><span class='ocrx_word' id='word_1_857' title='bbox 1919 5273 2180 5358; x_wconf 69' lang='lat' dir='ltr'><strong>Gregorii,</strong></span> <span class='ocrx_word' id='word_1_858' title='bbox 2211 5273 2646 5360; x_wconf 55' lang='lat' dir='ltr'><strong>Exeocwsariensis</strong></span> <span class='ocrx_word' id='word_1_859' title='bbox 2687 5274 3038 5360; x_wconf 43' lang='grc' dir='ltr'>ερὶεεορὶκάο</span> <span class='ocrx_word' id='word_1_860' title='bbox 3062 5273 3344 5360; x_wconf 52' lang='grc' dir='ltr'>Ίςτξῃὶιαεε,</span> <span class='ocrx_word' id='word_1_861' title='bbox 3380 5273 3509 5360; x_wconf 47' lang='grc' dir='ltr'><strong>ξεί-τ</strong></span> 
     </span>
    </p>
   </div>
   <div class='ocr_carea' id='block_1_117' title="bbox 1922 5339 3510 5412">
    <p class='ocr_par' dir='ltr' id='par_1_117' title="bbox 1922 5339 3510 5412">
     <span class='ocr_line' id='line_1_118' title="bbox 1922 5339 3510 5412; baseline -0.003 -13"><span class='ocrx_word' id='word_1_862' title='bbox 1922 5339 2073 5400; x_wconf 77' lang='lat' dir='ltr'><strong>tenus</strong></span> <span class='ocrx_word' id='word_1_863' title='bbox 2119 5345 2344 5408; x_wconf 84' lang='lat' dir='ltr'><strong>inedita,</strong></span> <span class='ocrx_word' id='word_1_864' title='bbox 2382 5352 2432 5398; x_wconf 88' lang='lat' dir='ltr'><strong>et</strong></span> <span class='ocrx_word' id='word_1_865' title='bbox 2474 5339 2760 5401; x_wconf 82' lang='lat' dir='ltr'><strong>corollario</strong></span> <span class='ocrx_word' id='word_1_866' title='bbox 2808 5339 3040 5408; x_wconf 70' lang='lat' dir='ltr'><strong>metrico,</strong></span> <span class='ocrx_word' id='word_1_867' title='bbox 3082 5344 3342 5412; x_wconf 73' lang='lat' dir='ltr'><strong>totiusque</strong></span> <span class='ocrx_word' id='word_1_868' title='bbox 3389 5339 3510 5395; x_wconf 83' lang='lat' dir='ltr'><strong>libri</strong></span> 
     </span>
    </p>
   </div>
   <div class='ocr_carea' id='block_1_118' title="bbox 1923 5412 3510 5487">
    <p class='ocr_par' dir='ltr' id='par_1_118' title="bbox 1923 5412 3510 5487">
     <span class='ocr_line' id='line_1_119' title="bbox 1923 5412 3510 5487; baseline -0.003 -17"><span class='ocrx_word' id='word_1_869' title='bbox 1923 5416 2130 5480; x_wconf 86' lang='lat' dir='ltr'><strong>indice;</strong></span> <span class='ocrx_word' id='word_1_870' title='bbox 2162 5431 2278 5486; x_wconf 70' lang='lat' dir='ltr'><strong>quae</strong></span> <span class='ocrx_word' id='word_1_871' title='bbox 2316 5415 2494 5469; x_wconf 86' lang='lat' dir='ltr'><strong>omnia</strong></span> <span class='ocrx_word' id='word_1_872' title='bbox 2521 5418 2642 5486; x_wconf 88' lang='lat' dir='ltr'><strong>jam</strong></span> <span class='ocrx_word' id='word_1_873' title='bbox 2681 5419 2910 5487; x_wconf 76' lang='lat' dir='ltr'><strong>primum</strong></span> <span class='ocrx_word' id='word_1_874' title='bbox 2938 5417 3051 5487; x_wconf 70' lang='lat' dir='ltr'><strong>ttae</strong></span> <span class='ocrx_word' id='word_1_875' title='bbox 3079 5412 3317 5487; x_wconf 83' lang='lat' dir='ltr'><strong>editione_</strong></span> <span class='ocrx_word' id='word_1_876' title='bbox 3341 5426 3510 5487; x_wconf 65' lang='lat' dir='ltr'><strong>acces-</strong></span> 
     </span>
    </p>
   </div>
   <div class='ocr_carea' id='block_1_119' title="bbox 1924 5481 3509 5557">
    <p class='ocr_par' dir='ltr' id='par_1_119' title="bbox 1924 5481 3509 5557">
     <span class='ocr_line' id='line_1_120' title="bbox 1924 5481 3509 5557; baseline -0.003 -17"><span class='ocrx_word' id='word_1_877' title='bbox 1924 5495 2134 5557; x_wconf 79' lang='lat' dir='ltr'><strong>serunt,</strong></span> <span class='ocrx_word' id='word_1_878' title='bbox 2153 5481 2340 5557; x_wconf 52' lang='lat' dir='ltr'><strong>opera</strong></span> <span class='ocrx_word' id='word_1_879' title='bbox 2379 5493 2432 5557; x_wconf 80' lang='lat' dir='ltr'><strong>et</strong></span> <span class='ocrx_word' id='word_1_880' title='bbox 2452 5481 2648 5557; x_wconf 58' lang='lat' dir='ltr'><strong>studio</strong></span> <span class='ocrx_word' id='word_1_881' title='bbox 2667 5481 2974 5557; x_wconf 12' lang='lat' dir='ltr'><strong>i&#39;chelini,</strong></span> <span class='ocrx_word' id='word_1_882' title='bbox 3017 5481 3337 5553; x_wconf 78' lang='lat' dir='ltr'><strong>Augustatti.</strong></span> <span class='ocrx_word' id='word_1_883' title='bbox 3361 5502 3370 5520; x_wconf 71' lang='grc' dir='ltr'><strong>ι</strong></span> <span class='ocrx_word' id='word_1_884' title='bbox 3395 5481 3509 5536; x_wconf 81' lang='lat' dir='ltr'><strong>Att-</strong></span> 
     </span>
    </p>
   </div>
   <div class='ocr_carea' id='block_1_120' title="bbox 1927 5554 2834 5628">
    <p class='ocr_par' dir='ltr' id='par_1_120' title="bbox 1927 5554 2834 5628">
     <span class='ocr_line' id='line_1_121' title="bbox 1927 5554 2834 5628; baseline -0.011 -17"><span class='ocrx_word' id='word_1_885' title='bbox 1927 5563 2100 5628; x_wconf 62' lang='lat' dir='ltr'><strong>gusta:</strong></span> <span class='ocrx_word' id='word_1_886' title='bbox 2121 5554 2340 5628; x_wconf 63' lang='lat' dir='ltr'><strong>Vindel.</strong></span> <span class='ocrx_word' id='word_1_887' title='bbox 2373 5555 2528 5628; x_wconf 82' lang='grc'><strong>1608,</strong></span> <span class='ocrx_word' id='word_1_888' title='bbox 2554 5555 2604 5609; x_wconf 92' lang='grc'><strong>8.</strong></span> <span class='ocrx_word' id='word_1_889' title='bbox 2638 5554 2804 5628; x_wconf 56' lang='lat' dir='ltr'><strong>Hm;</strong></span> <span class='ocrx_word' id='word_1_890' title='bbox 2823 5594 2834 5602; x_wconf 30' lang='grc' dir='ltr'><strong>,ν</strong></span> 
     </span>
    </p>
   </div>
   <div class='ocr_carea' id='block_1_121' title="bbox 2000 5621 3512 5698">
    <p class='ocr_par' dir='ltr' id='par_1_121' title="bbox 2000 5621 3512 5698">
     <span class='ocr_line' id='line_1_122' title="bbox 2000 5621 3512 5698; baseline -0.003 -17"><span class='ocrx_word' id='word_1_891' title='bbox 2000 5625 2078 5696; x_wconf 87' lang='lat' dir='ltr'><strong>(d)</strong></span> <span class='ocrx_word' id='word_1_892' title='bbox 2101 5625 2226 5698; x_wconf 54' lang='lat' dir='ltr'><strong>llic</strong></span> <span class='ocrx_word' id='word_1_893' title='bbox 2262 5623 2531 5698; x_wconf 70' lang='lat' dir='ltr'><strong>Spartiata</strong></span> <span class='ocrx_word' id='word_1_894' title='bbox 2565 5625 2787 5698; x_wconf 76' lang='lat' dir='ltr'><strong>natione</strong></span> <span class='ocrx_word' id='word_1_895' title='bbox 2828 5633 2912 5698; x_wconf 84' lang='lat' dir='ltr'><strong>et_</strong></span> <span class='ocrx_word' id='word_1_896' title='bbox 2930 5621 3083 5698; x_wconf 57' lang='lat' dir='ltr'><strong>Sixto</strong></span> <span class='ocrx_word' id='word_1_897' title='bbox 3125 5621 3202 5698; x_wconf 10' lang='lat' dir='ltr'><strong>IV!</strong></span> <span class='ocrx_word' id='word_1_898' title='bbox 3227 5621 3512 5698; x_wconf 62' lang='lat' dir='ltr'><strong>familiaris</strong></span> 
     </span>
    </p>
   </div>
   <div class='ocr_carea' id='block_1_122' title="bbox 1925 5689 3509 5821">
    <p class='ocr_par' dir='ltr' id='par_1_122' title="bbox 1925 5689 3509 5821">
     <span class='ocr_line' id='line_1_123' title="bbox 1925 5689 3509 5821; baseline -0.001 -71"><span class='ocrx_word' id='word_1_899' title='bbox 2100 5695 2233 5752; x_wconf 88' lang='lat' dir='ltr'><strong>Vide</strong></span> <span class='ocrx_word' id='word_1_900' title='bbox 2280 5689 2517 5752; x_wconf 72' lang='lat' dir='ltr'><strong>Leonem</strong></span> <span class='ocrx_word' id='word_1_901' title='bbox 2567 5689 2826 5752; x_wconf 81' lang='lat' dir='ltr'><strong>Allatium</strong></span> <span class='ocrx_word' id='word_1_902' title='bbox 2873 5693 2950 5750; x_wconf 86' lang='lat' dir='ltr'><strong>De</strong></span> <span class='ocrx_word' id='word_1_903' title='bbox 2998 5692 3253 5765; x_wconf 72' lang='lat' dir='ltr'><strong>Ceorgiis,</strong></span> <span class='ocrx_word' id='word_1_904' title='bbox 3295 5708 3349 5764; x_wconf 83' lang='lat' dir='ltr'><strong>p.</strong></span> <span class='ocrx_word' id='word_1_905' title='bbox 3385 5693 3509 5758; x_wconf 80' lang='grc'><strong>595,</strong></span> 
     </span>
    </p>
   </div>
  </div>
