4024 6220
440 286 517 367 οι
556 358 563 363 .

1674 309 1955 366 NOTITIA
1996 311 2086 367 EX
2130 314 2470 375 FRBRICIO.

3635 317 3708 377 68

438 442 692 484 sermone
723 426 797 482 De
824 430 1192 485 incarnatione
1219 427 1371 482 Θεοῦ
1402 429 1619 496 Λόγου,
1646 429 1794 497 quod
1827 429 1883 483 8.
1908 429 2015 483 Vir-

2134 434 2197 488 V.
2258 434 2425 489 Index
2475 435 2816 489 homiliarum
2844 476 2858 498 ,
2901 433 3247 505 epistolarum
3280 410 3349 487 ἐι
3375 434 3705 505 scriptorum

441 536 510 591 go
538 521 614 575 sit
642 520 924 585 Θεοτόκος.
952 521 1228 591 Incipiunt
1265 529 1524 590 excerpta
1558 519 1649 574 illa
1679 518 1974 591 Cyrilliana
2004 540 2018 578 :

440 615 505 667 οἱ
532 612 625 668 τὸν
654 615 891 684 Χριστὸν
936 615 1016 676 εἰς
1058 612 1211 676 υἱοὺς
1260 611 1576 683 μερίζοντες
1613 611 1726 665 δύο.
1772 611 1933 667 ann.
1960 641 2032 652 —

438 705 599 761 Conf.
629 703 836 763 Oudin.
874 704 912 757 l.
946 719 1021 771 c.,
1052 719 1174 776 pag.
1207 703 1347 759 1048
1375 719 1494 775 sqq.

507 835 681 893 Paris.
724 835 781 891 in
818 836 953 891 bibl.
996 837 1151 907 publ.
1194 837 1318 893 cod.
1354 837 1836 904 DCCCLXXXVII,
1871 854 1929 893 ιι.
1967 837 2022 905 5,

435 929 744 994 Anastasii,
789 930 1109 1001 patriarcha:
1165 929 1509 995 Antiocheni,
1549 940 1598 984 et
1639 928 1826 1002 Cyrilli
1867 946 2027 1001 expo-

433 1021 554 1074 sitio
587 1021 890 1076 orthodoxa:
924 1020 1082 1090 ﬁdei,
1124 1036 1180 1075 ιι.
1211 1022 1265 1087 4,
1302 1020 1492 1093 Cyrilli
1525 1037 1613 1092 ap.
1642 1022 1707 1076 de
1744 1021 1786 1076 Τ
1786 1023 2021 1088 rinitate,

434 1110 562 1165 add.
614 1110 753 1166 infra
803 1112 871 1167 de
922 1112 1260 1167 Damasceno
1308 1129 1364 1183 p.
1417 1112 1540 1179 796,
1585 1113 1695 1169 vol.
1741 1112 1872 1179 VIII,
1908 1120 2020 1168 vet.

433 1202 569 1257 edit.
603 1233 672 1241 —
697 1203 757 1257 In
784 1202 1079 1257 Anecdotis
1116 1204 1421 1270 litterariis,
1461 1220 1492 1259 e
1532 1219 1663 1258 mss.
1696 1203 1856 1259 codd.
1894 1219 2023 1259 eru-

436 1292 525 1357 tis,
560 1292 671 1348 vol.
707 1293 796 1358 III,
832 1302 917 1348 est
952 1309 1021 1349 ex
1049 1294 1173 1350 cod.
1204 1294 1453 1350 Naniano
1482 1294 1796 1367 Epiphanii,
1835 1310 2023 1350 mona-

432 1386 525 1441 chi
561 1394 617 1440 et
650 1385 976 1457 presbyteri,
1022 1385 1101 1440 De
1139 1387 1249 1440 vita
1291 1387 1641 1441 sanctissimae
1673 1386 1919 1458 Deiparaa
1957 1387 2023 1441 li-

433 1478 553 1545 ber,
576 1494 607 1533 a
631 1479 784 1534 Joan.
809 1478 1029 1550 Aloysio
1049 1477 1388 1549 Mingarellio
1407 1477 1593 1534 Graece
1620 1487 1676 1533 et
1699 1478 1817 1533 Lat.
1837 1479 2019 1534 editus

433 1571 689 1640 notisque
718 1570 1043 1625 illustratus.
1077 1570 1135 1624 In
1169 1586 1258 1634 eo,
1289 1586 1413 1641 pag.
1443 1569 1533 1634 42,
1563 1568 1903 1640 Epiphanius
1934 1585 2019 1625 re-
2044 1554 2045 1559 γ

432 1661 537 1716 fert
567 1662 939 1732 dijudicatque
973 1658 1182 1731 Cyrilli,
1213 1660 1294 1713 uti
1327 1659 1567 1730 scripsit,
1603 1659 1672 1714 de
1702 1659 2017 1730 genealogia

430 1754 634 1811 Christi
679 1754 1028 1817 sententiam,
1083 1752 1402 1807 arbitrantis
1428 1750 1579 1806 haud
1622 1750 1731 1806 sibi
1777 1750 2012 1806 invicem

431 1846 711 1902 adversari
761 1845 1122 1915 evangelistas
1180 1843 1493 1898 Matthaeum
1550 1858 1616 1899 ac
1664 1841 1887 1896 Lucam.
1933 1842 2015 1897 Ad

432 1938 585 1993 illum
629 1937 810 1991 locum
848 1935 1150 2006 Mingarell.
1197 1950 1320 2005 pag.
1362 1933 1449 1999 85,
1484 1941 1601 1988 not.
1649 1933 1735 1999 15,
1771 1933 2016 1988 animad-

432 2029 617 2094 vertit,
650 2028 705 2082 in
747 2027 936 2099 Cyrilli
973 2025 1043 2081 ad
1086 2042 1213 2096 opp.
1252 2016 1393 2079 nihil
1441 2024 1546 2078 tale
1595 2024 1832 2079 inveniri
1874 2042 1887 2078 :
1922 2041 2011 2079 ar-

431 2119 667 2177 bitratur
697 2118 861 2189 igitur
905 2116 1107 2188 Cyrillo
1137 2131 1200 2169 ea
1234 2114 1404 2170 tribui
1432 2114 1502 2169 ab
1530 2113 1861 2185 Epiphanio,
1892 2130 2014 2184 qua:

428 2207 653 2263 Joannis
711 2205 1030 2261 Damasceni
1108 2202 1240 2269 sint,
1315 2204 1372 2258 in
1432 2203 1577 2258 libro
1647 2219 1698 2257 Iv
1774 2202 1852 2257 De
1908 2202 2014 2271 ﬁde

429 2294 751 2357 orthodoxa,
798 2309 848 2347 c.
897 2293 983 2357 14,
1033 2308 1089 2363 p.
1138 2291 1262 2357 2'72,
1309 2301 1473 2361 atque
1514 2286 1701 2363 Cyrilli
1746 2292 1899 2347 Alex.
1942 2292 2011 2346 li-

431 2383 614 2449 brum,
649 2384 720 2438 ab
763 2382 1006 2438 Auberto
1055 2383 1265 2438 editum
1308 2392 1472 2453 atque
1520 2383 1847 2455 inscriptum
1885 2402 1897 2437 :
1937 2384 2013 2438 De

426 2487 769 2533 sacrosancta
811 2478 1088 2542 Trinitatc,
1115 2476 1321 2547 Cyrillo
1359 2476 1648 2541 tributum,
1682 2477 1819 2531 nihil
1862 2476 2011 2533 aliud

425 2585 548 2626 esse
580 2586 744 2640 quam
804 2569 1019 2627 initium
1070 2567 1253 2638 operis
1299 2566 1356 2623 8.
1417 2568 1644 2623 Joannis
1691 2569 2011 2624 Damasceni

408 2661 506 2732 .De
526 2659 633 2730 [ide
660 2660 970 2725 orthodoxa,
1001 2660 1252 2730 quamvis
1281 2660 1700 2731 interpolatum;
1734 2671 1789 2716 et
1828 2662 2010 2733 suspi-

404 2759 604 2817 xatur,
637 2750 694 2804 in
739 2750 1067 2819 quibusdam
1103 2749 1264 2804 codd.
1301 2750 1431 2804 olim
1473 2767 1612 2821 opus
1650 2750 1784 2806 illud
1819 2751 2011 2807 Dama-

428 2841 579 2897 sceni
639 2839 842 2913 Cyrillo
898 2841 1067 2896 fuisse
1132 2841 1475 2911 inscriptum.
1539 2841 1764 2896 Librum
1829 2851 2010 2898 tamen

426 2933 720 3004 quemdam
747 2932 819 2987 De
840 2942 959 2987 ortu
988 2932 1212 3005 Virginis
1238 2932 1440 3005 Cyrillo
1466 2932 1618 2988 Alex.
1649 2933 1819 2988 tribui
1844 2934 2009 2989 etiam

427 3042 458 3080 a
484 3025 790 3080 Trithemio
842 3025 1037 3081 didicit
1078 3040 1146 3081 ex
1193 3025 1592 3096 Papebrochio,
1633 3026 1790 3096 cujus
1825 3025 2007 3081 locum

428 3135 498 3173 ex
526 3119 668 3173 Actis
702 3116 972 3182 Sanctor.,
1009 3127 1143 3173 tom.
1186 3116 1208 3170 I
1252 3117 1397 3178 Maii,
1421 3133 1542 3188 pag.
1586 3133 1745 3182 xxxv,
1790 3117 2006 3186 repetit.
2037 3131 2079 3188 ε

427 3210 585 3278 Quod
628 3226 762 3266 vero
812 3210 1220 3280 Papebrochius
1273 3208 1509 3274 dubitat,
1561 3209 1690 3264 talia
1736 3224 1769 3262 a
1806 3207 2012 3279 Cyrillo

430 3302 961 3372 Iuisse~conscripta,
1020 3301 1319 3372 Mingarell.
1352 3300 1623 3364 observat,
1647 3299 2013 3354 Trithemimn

430 3394 484 3449 in
508 3396 648 3449 libro
669 3393 741 3447 De
768 3393 1105 3464 scriptoribus
1126 3390 1331 3456 eccics.,
1350 3407 1468 3462 cap.
1498 3390 1616 3455 1⁸54,
1635 3400 2011 3446 recensentem

425 3488 614 3560 Cyrilli
660 3486 812 3543 Alex.
864 3486 1072 3550 libros,
1126 3485 1243 3539 haec
1294 3483 1671 3538 tantummodo
1714 3484 2007 3538 scribere:

431 3580 505 3633 Dc
537 3587 655 3632 ortu
698 3588 746 3631 et
787 3577 944 3631 laude
976 3575 1033 3631 S.
1070 3576 1256 3630 Maria:
1297 3575 1425 3628 liber
1460 3591 1616 3627 unus.
1664 3574 1872 3644 Itaque,
1912 3574 2007 3640 ait,

431 3671 552 3728 fieri
611 3671 773 3727 etiam
821 3678 1001 3740 potest
1042 3677 1102 3722 ut
1147 3666 1460 3737 huiusmodi
1505 3666 1743 3731 libellus,
1806 3666 2010 3738 Cyrillo

428 3761 720 3833 ascriptus,
771 3776 965 3815 revera
1016 3759 1307 3821 exstiterit,
1354 3773 1515 3827 quem
1568 3767 1624 3812 et
1672 3758 2010 3829 Epiphanius

429 3842 616 3911 noster
654 3854 876 3916 viderit,
921 3862 979 3907 et
1018 3851 1074 3907 8.
1117 3852 1485 3906 Damascenus
1528 3850 1709 3921 aliqua
1752 3866 1819 3905 ex
1858 3860 2010 3920 par-te

434 3944 802 4016 exscripserit.
842 3944 1009 3999 IIARL.

497 4079 597 4134 κδ’.
644 4080 944 4148 Συναγωγὴ
983 4078 1093 4131 τῶν
1137 4077 1500 4147 ἀναγωγικῶς
1557 4072 2009 4148 ἑρμηνευομένων

429 4171 722 4242 ρητῶντῆς
757 4170 1001 4234 Haloti;
1028 4171 1270 4241 Γραφῆςο
1304 4169 1553 4226 Collectio
1576 4170 1837 4224 dictorum
1858 4167 2008 4223 Vele-

429 4265 501 4317 ris
525 4263 843 4318 Tcstamcnti
876 4266 1161 4334 anagogice
1188 4264 1592 4336 explicatorum,
1623 4279 1677 4332 p.
1703 4262 1863 4327 1-69;
1882 4278 2008 4316 cum

426 4353 680 4409 versione
712 4354 967 4409 Gentiani
1001 4354 1244 4418 Herveti,
1282 4369 1406 4424 qua:
1435 4353 1679 4408 occurrit
1718 4352 1773 4406 in
1799 4352 2008 4406 Latinis

2203 506 2470 559 minorum
2516 504 2705 575 Cyr-illi
2756 503 2940 569 Alea,
2993 506 3236 575 ascriptis
3286 503 3470 558 ordine
3497 503 3703 574 alpha-

2198 575 2362 629 betico
2388 575 2726 646 singulorum
2751 577 2919 629 initiis
2957 575 3060 646 (a).

2199 687 2252 740 1.
2308 688 2643 758 ’Δναλᾶμπει
2695 689 2859 743 πόλιν
2920 689 3019 760 τῆς
3068 688 3231 758 ἁγίας
3254 688 3468 760 ἑορτῆς.
3511 689 3703 745 Homi-

2125 779 2198 835 lia
2229 797 2356 835 xvm
2388 781 2681 851 paschalis,
2712 791 2848 837 tom.
2888 781 2954 846 V,
2986 790 3143 851 parte
3180 797 3240 847 ιι,
3276 797 3401 851 pag.
3434 780 3701 835 253-247.

2195 870 2252 923 2.
2310 871 2536 942 Ἄνδρες
2586 871 2854 942 αἰδέσιμοι
2907 873 3005 924 καὶ
3064 871 3301 935 πίστεως
3357 871 3521 936 ἄξιοι.
3575 872 3704 942 Epi-

2124 960 2264 1014 stola
2288 960 2343 1024 2,
2367 960 2438 1014 ad
2456 960 2791 1023 Nestorium,
2826 968 2960 1013 tom.
2992 960 3058 1025 V,
3094 968 3249 1030 parte
3282 976 3341 1024 ιι,
3359 976 3415 1031 p.
3448 961 3609 1015 19-21
3635 978 3703 1015 ex

2123 1061 2278 1122 parte
2307 1069 2324 1107 ι
2348 1053 2537 1109 Actor.
2562 1053 2781 1109 concilii
2803 1052 3089 1122 Ephesiui,
3110 1060 3241 1107 tom.
3261 1053 3282 1107 ι
3303 1053 3467 1117 Βίιιίἰ,
3499 1053 3700 1123 p.119.

2121 1143 2325 1198 Eadem
2344 1158 2469 1198 cum
2490 1144 2646 1199 Marii
2672 1145 2987 1200 Mercatoris
3002 1145 3255 1200 versione
3268 1144 3338 1198 'in
3356 1152 3395 1198 t.
3429 1144 3472 1198 II
3499 1142 3706 1199 Merca-

2121 1236 2250 1289 toris
2264 1235 2401 1290 edit.
2418 1235 2787 1301 Garnerianaa,
2806 1253 2862 1308 p.
2889 1238 2979 1302 42,
3003 1246 3060 1292 et
3088 1253 3156 1292 ex
3185 1237 3291 1291 alia
3320 1236 3576 1292 versione
3595 1252 3699 1291 an-

2120 1328 2271 1397 tiqua
2285 1329 2433 1398 apud
2452 1328 2737 1383 Baluzium
2754 1330 2810 1383 in
2827 1329 2973 1385 Nova
2988 1328 3310 1385 Collectione
3328 1328 3621 1392 conciliat,
3641 1345 3696 1399 p.

2117 1415 2239 1483 400,
2258 1418 2352 1487 qui
2382 1417 2704 1473 Mercatoris
2716 1434 2934 1489 quoque
2948 1418 3459 1489 interpretationem
3476 1419 3699 1474 exhibet

2117 1525 2173 1579 p.
2196 1511 2320 1565 640.
2351 1512 2927 1568 Fun.—-Vindobonae
2952 1513 3009 1567 in
3025 1512 3149 1568 cod.
3163 1511 3362 1569 Caesar.
3383 1512 3696 1578 LXXXIIX,

2116 1617 2174 1656 n.
2220 1603 2274 1668 5,
2323 1603 2440 1658 hinc
2470 1604 2725 1675 epistola,
2777 1620 2903 1660 eum
2949 1605 3190 1660 Nestorii
3227 1605 3585 1675 responsione
3616 1606 3698 1677 (in

2115 1692 2488 1750 Conciliorum
2509 1697 2849 1768 generalium
2884 1697 3033 1752 edit:
3053 1698 3336 1763 Vaticana,
3374 1699 3532 1764 1608,
3557 1708 3692 1754 tom.

2048 1794 2089 1849 Β
2118 1786 2161 1852 I,
2196 1804 2320 1859 pag.
2354 1789 2462 1844 255
2488 1799 2546 1845 et
2565 1790 2715 1861 256),
2739 1806 2840 1846 nec
2868 1806 2981 1845 non
3006 1791 3241 1862 epistola
3268 1808 3327 1846 ιι.
3365 1792 3437 1847 IX
3477 1809 3693 1849 memo—

2116 1875 2234 1934 rata
2260 1879 2339 1951 (in
2373 1880 2540 1935 citata
2571 1881 2661 1936 ed.
2698 1881 3071 1936 Conciliorum
3104 1898 3291 1953 gener.
3324 1892 3362 1937 t.
3387 1883 3428 1949 I,
3459 1899 3517 1953 p.
3545 1883 3689 1956 108),

2114 1979 2172 2026 et
2193 1972 2303 2026 alia
2336 1972 2649 2044 Cyrilliana.
2685 1975 2750 2029 V.
2782 1975 3038 2030 Lambec.
3062 1976 3151 2040 IlI,
3178 1977 3285 2031 col.
3315 1977 3439 2032 476.
3471 1978 3547 2033 De
3573 1978 3695 2048 epi-

2114 2064 2271 2119 stolis
2295 2064 2483 2136 Cyrilli
2506 2066 2579 2121 ad
2601 2067 2939 2132 Nestorium,
2955 2076 3015 2123 et
3038 2068 3206 2139 hujus
3236 2069 3692 2139 responsionibus

2115 2158 2292 2229 plura,
2318 2158 2551 2229 aliisque
2578 2158 2766 2231 Cyrilli
2790 2160 2857 2214 ad
2888 2162 3071 2216 varios
3099 2161 3347 2232 epistolis
3376 2162 3484 2218 late
3511 2161 3689 2218 disse-

2116 2249 2189 2303 rit
2214 2249 2426 2304 Waleh.
2458 2251 2497 2304 l.
2523 2266 2596 2315 c.,
2633 2268 2688 2321 p.
2714 2250 2819 2304 585
2847 2266 2968 2321 sqq.
3005 2247 3174 2305 Ηιιιι..

2182 2338 2237 2392 5.
2283 2340 2548 2408 Ἀνέγνων
2580 2341 2641 2394 τὸ
2674 2342 3077 2411 ὑπομνηστικὸν
3111 2342 3174 2395 τὸ
3217 2343 3520 2397 ὰποσταλὲν
3556 2342 3690 2414 παρ’

2112 2427 2142 2480 ὑ
2150 2429 2285 2499 μῶν.
2322 2431 2565 2500 Epistola
2598 2431 2651 2498 8,
2678 2432 2747 2487 ad
2770 2433 3005 2487 clericos
3032 2431 3502 2501 Constantinopol.
3546 2432 3692 2487 inter

2112 2533 2171 2572 se
2195 2518 2547 2586 dissidentes,
2576 2531 2708 2575 tom.
2734 2523 2798 2587 ν,
2820 2532 2973 2592 parte
3003 2538 3061 2587 ιι,
3088 2538 3144 2593 p.
3170 2522 3342 2577 52-36
3359 2506 3473 2590 βοὶ
3497 2522 3689 2579 iisdem

2111 2609 2266 2663 Actis
2306 2625 2429 2680 pag.
2464 2611 2587 2666 126.
2619 2611 2688 2665 Et
2717 2627 2843 2665 cum
2879 2611 3033 2666 Marii
3063 2611 3381 2667 Mercatoris
3409 2612 3686 2676 versione,

2110 2699 2207 2754 sed
2257 2714 2381 2769 quae
2446 2700 2502 2755 in
2554 2702 2746 2757 multis
2795 2702 3011 2773 plenior
3066 2712 3150 2757 est
3200 2700 3347 2771 apud
3406 2700 3689 2755 Baluzium

2110 2808 2232 2863 pag.
2274 2793 2399 2859 641,
2437 2803 2669 2849 et‘tom.
2703 2795 2748 2849 ll
2780 2795 2915 2849 edit.
2948 2794 3299 2850 Garnerianae
3339 2810 3396 2864 p.
3441 2793 3531 2855 49,
3558 2809 3689 2848 cum

2108 2884 2360 2940 Garnerii
2418 2886 2589 2941 notis.
2644 2887 2803 2942 Faen.
2835 2917 2907 2927 -—
2937 2888 3125 2943 Graace
3170 2894 3228 2942 et
3275 2886 3396 2942 Lat.
3433 2886 3491 2940 in
3516 2886 3689 2941 Μειηεί

2108 2976 2361 3044 Collect.,
2410 2989 2545 3036 tom.
2592 2982 2683 3048 IV,
2733 2998 2788 3052 p.
2842 2982 2998 3047 1005,
3048 2990 3105 3037 et
3137 2981 3456 3038 Mercatoris
3485 2982 3685 3042 versio.

2110 3086 2232 3140 qua:
2266 3081 2415 3127 recta
2467 3083 2526 3128 et
2574 3067 2912 3144 pracferenda
2950 3089 3071 3130 esse
3106 3074 3314 3129 dicitur
3361 3073 3572 3140 Graeco,
3606 3077 3686 3128 uti

2112 3177 2260 3216 nunc
2292 3162 2513 3233 legitur,
2553 3166 2859 3232 contextui,
2895 3166 2971 3219 ib.
3005 3174 3136 3221 tom.
3181 3163 3245 3231 V,
3280 3181 3335 3236 p.
3358 3166 3483 3220 721.
3520 3167 3682 3221 litat.

2180 3254 2234 3308 4.
2305 3255 2663 3320 Ἀξιάκουστα
2723 3257 2822 3327 μὲν
2867 3259 2960 3311 καὶ
3002 3258 3275 3329 ἐξαίρετα.
3327 3257 3571 3328 Epistola
3615 3258 3703 3313 ad'

2110 3346 2483 3402 Theodosium
2533 3348 2839 3417 Juniorem,
2880 3350 3160 3420 praemissa
3195 3351 3351 3405 libris
3376 3358 3559 3405 contra
3584 3350 3685 3405 Ju-

2112 3438 2337 3503 lianum,
2364 3446 2497 3492 tom.
2523 3439 2639 3503 VII,
2668 3457 2723 3511 p.
2761 3441 2813 3496 1.
3577 3443 3583 3449 ’

2179 3530 2233 3584 5.
2276 3530 2516 3603 Ἀπόχρη
2544 3533 2643 3603 μὲν
2667 3533 2742 3596 ὡς
2764 3533 3063 3604 διάκειμαι.
3096 3535 3338 3605 Epistola
3366 3536 3456 3600 M,
3484 3535 3549 3591 ad
3578 3536 3687 3591 Va-

2109 3619 2398 3682 lerianum,
2430 3620 2600 3675 Iconii
2647 3621 2988 3691 episcOpum,
3019 3622 3285 3679 adversus
3308 3637 3406 3679 eos
3439 3623 3532 3693 qui
3557 3638 3683 3677 eum

2108 3707 2365 3769 Nestorio
2394 3710 2660 3765 sentiunt.
2696 3710 2853 3765 Tom.
2890 3712 2955 3775 ν,
2986 3721 3141 3781 parte
3172 3728 3232 3778 ιι,
3272 3728 3394 3783 pag.
3422 3713 3682 3777 158-171,

2108 3819 2174 3858 ex
2212 3812 2367 3873 parte
2405 3817 2464 3855 ιιι
2494 3800 2678 3854 Actor.
2714 3799 2908 3871 synodi
2942 3800 3231 3870 Ephesinae
3258 3816 3317 3870 p.
3345 3799 3469 3855 448.
3498 3800 3687 3855 Memi-

2108 3892 2192 3945 nit
2245 3891 2726 3960 Liberatus,'cap.
2767 3889 2838 3954 9;
2895 3888 3157 3945 Leontius
3207 3890 3370 3959 Byz.;
3421 3889 3684 3958 Eulogius

2108 3982 2253 4053 apud
2305 3982 2584 4050 Photium,
2633 3982 2871 4049 itemque
2925 3981 3036 4035 alii.
3082 3978 3214 4035 Vide
3272 3979 3681 4034 Tillemontium

2111 4084 2242 4131 tom.
2273 4074 2411 4139 XIV,
2447 4090 2501 4143 p.
2537 4071 2659 4126 569.
3202 4080 3203 4083 ‘
3232 4110 3240 4123 .

2176 4168 2229 4223 6.
2275 4168 2417 4237 Ἀρα
2442 4164 2514 4234 δὴ
2567 4162 2727 4216 πάλιν
2760 4162 2908 4232 ἡμᾶς
2945 4163 3065 4224 ταῖς
3099 4161 3210 4216 τῶν
3242 4162 3412 4228 ἁγίων
3447 4161 3680 4216 ἕπεσθαι

2107 4258 2236 4311 δεῖν.
2276 4255 2511 4310 Iiomilia
2549 4269 2585 4308 ι
2608 4252 2901 4323 paschalis,
2933 4263 3065 4306 tom.
3095 4253 3159 4318 V,
3192 4262 3347 4322 parte
3371 4269 3429 4320 ιι,
3456 4270 3511 4324 p.
3546 4253 3677 4310 ~125-

2110 4349 2230 4404 142.

423 4445 971 4517 Cyrillieditionibus
1004 4461 1055 4499 a.
1098 4446 1235 4500 1573
1269 4453 1326 4498 et
1364 4443 1726 4499 1605.Grazca
1762 4444 2001 4513 primum

2177 4444 2230 4497 7.
2264 4443 2407 4513 'Apat
2440 4440 2600 4496 πάλιν
2641 4442 2790 4513 ἡμᾶς
2839 4440 2908 4495 τὰ
2944 4440 3192 4511 λαμπρά.
3237 4439 3471 4495 Humilia
3504 4455 3556 4493 ιιι
3580 4451 3678 4509 pa—

425 4533 495 4589 ab
532 4535 777 4590 Auberto
808 4535 863 4588 in
897 4535 1075 4589 lucem
1116 4532 1385 4603 producta
1430 4541 1560 4587 sunt
1607 4548 1676 4587 ex
1715 4533 1905 4589 codice
1935 4535 1995 4589 D.
2045 4583 2051 4587 .

427 4625 657 4681 Riberii.
690 4626 879 4695 Neque
911 4626 1028 4679 hinc
1062 4624 1361 4695 Συναγωγὴ
1383 4632 1497 4678 tota
1516 4622 1778 4694 Cyrillum
1809 4631 2000 4679 aucto-

428 4734 544 4773 rem
577 4717 779 4783 habet;
826 4717 943 4782 sed,
982 4726 1045 4770 ut
1086 4716 1201 4787 ipse
1250 4716 1443 4771 titulus
1475 4715 1782 4786 proﬁtetur,
1830 4718 2003 4786 ἐρανι-

428 4808 618 4860 σθεῖσα
646 4807 790 4861 κατὰ
817 4806 1037 4874 σύνοψιν
1072 4808 1165 4860 καὶ
1192 4806 1529 4877 σαφεστέραν
1561 4804 1900 4875 ἀπαγγελίαν
1937 4804 2001 4860 ἐκ

423 4915 484 4951 τε
517 4897 626 4950 τῶν
646 4897 739 4949 τοῦ
767 4897 1053 4951 θεσπεσίου
1088 4898 1378 4969 Ruptum,
1412 4898 1509 4952 καὶ
1558 4898 1665 4952 τῶν
1692 4898 1785 4952 τοῦ
1832 4898 2003 4970 μεγά-
2036 4948 2042 4953 .

424 4988 517 5041 λου
545 4986 798 5056 Μαξίμου
825 4987 917 5041 καὶ
953 4987 1157 5041 nom:th
1193 4987 1474 5057 ἐξηγητῶν
1505 5004 1517 5018 ·
1557 4988 1796 5043 Breviter
1840 4987 2003 5042 colle-

425 5088 512 5134 cta
564 5090 614 5132 et
667 5078 948 5133 dilucidius
994 5081 1236 5150 exposita
1284 5096 1311 5133 e
1347 5081 1558 5151 scriptis
1596 5080 1759 5135 divini
1791 5079 2003 5151 σιμ-ἰαὶ,

427 5170 608 5240 magni
648 5167 891 5232 Maximi,
949 5178 997 5222 ct
1050 5169 1283 5225 aliorum
1323 5169 1382 5225 S.
1427 5168 1716 5241 Scriptura:
1743 5171 2006 5240 interpre-

423 5272 558 5316 tum.
593 5259 795 5331 Incipit
837 5278 850 5313 :
890 5262 1262 5335 Κατηραμένη
1305 5263 1378 5334 γῆ
1419 5265 1478 5318 ἐν
1534 5264 1646 5324 τοῖς
1692 5263 1873 5334 ἔργοις
1909 5261 2006 5315 τοῦ

437 5351 627 5424 Ἀδάμ.
1930 5372 1941 5379 '

2106 4532 2333 4597 schalis,
2365 4540 2501 4588 tom.
2525 4534 2592 4595 ν,
2622 4541 2777 4602 parte
2809 4548 2868 4596 ιι,
2891 4546 3014 4602 pag.
3050 4529 3300 4584 106-125.

2174 4626 2229 4681 8.
2275 4624 2623 4695 Ἀφικόμενοι
2655 4641 2798 4687 τινες
2835 4624 2943 4677 ἀπὸ
2972 4622 3065 4676 τοῦ
3091 4623 3249 4693 ὅρους
3271 4619 3366 4674 τοῦ
3402 4618 3677 4689 Καλαμῶ-

2106 4735 2214 4781 νος.
2244 4717 2489 4787 Epistola
2523 4716 2591 4770 ad
2624 4715 2986 4788 Calosyrium,
3038 4714 3183 4769 libro
3219 4722 3404 4767 contra
3448 4710 3681 4765 Anthro-

2108 4809 2469 4879 pomorphitas
2512 4807 2791 4879 prmmissa
2846 4818 2979 4863 tom.
3008 4807 3120 4870 \‘ll,
3152 4822 3206 4877 p.
3240 4805 3492 4861 565-565.
3519 4805 3678 4860 Fara.

2108 4900 2186 4954 De
2230 4899 2355 4954 cod.
2390 4898 2651 4953 Laurent.
2686 4900 2749 4955 γ.
2793 4898 3023 4955 Bandini
3054 4896 3174 4953 Cat.
3210 4896 3359 4952 codd.
3411 4897 3600 4962 Laut,
3639 4898 3680 4962 I,

2105 5007 2159 5060 p.
2193 4990 2317 5055 129,
2354 5005 2411 5044 ιι.
2444 4989 2534 5044 22.
2572 4991 2741 5045 ΙΙΑιιι.

2173 5082 2226 5136 9.
2262 5081 2545 5147 ’Δφίκοντο
2575 5082 2673 5152 μέν
2693 5099 2842 5146 τινες
2870 5082 3013 5137 κατὰ
3036 5081 3100 5135 τὸ
3127 5082 3319 5145 εἰωθὸς
3344 5084 3401 5134 ὲν
3443 5080 3688 5145 Ἀλεξαν-

2102 5168 2281 5239 δρείᾳ.
2317 5172 2559 5241 Epistola
2598 5171 2649 5236 1,
2688 5172 2757 5226 ad
2809 5173 3108 5228 monachos
3134 5172 3353 5244 Egypti
3399 5172 3496 5242 (ὁ),
3536 5173 3682 5225 scri-

2103 5270 2197 5330 pta
2253 5262 2319 5316 A.
2380 5261 2441 5316 C.
2487 5261 2609 5317 429.
2652 5263 2808 5317 Tom.
2866 5264 2932 5327 V,
2987 5273 3143 5334 parte
3181 5279 3241 5326 ιι,
3276 5276 3395 5333 pag.
3432 5260 3578 5315 1-19.
3622 5261 3681 5316 In

2102 5350 2254 5406 Actis
2294 5351 2513 5406 concilii
2550 5352 2834 5422 Ephesini,
2871 5362 3026 5424 parte
3064 5368 3103 5415 ι,
3154 5358 3287 5406 tom.
3317 5351 3338 5407 I
3366 5350 3499 5405 edit.
3538 5349 3683 5406 Biuii

492 5490 658 5559 (a)rln
677 5491 911 5549 Walchii
948 5493 1180 5551 Historia
1212 5497 1420 5563 Ita’rcs.,
1456 5502 1587 5566 tom.
1619 5494 1684 5557 ν,
1714 5494 1912 5566 passim
1937 5502 1993 5549 et
2094 5494 2248 5566 dices
2301 5493 2357 5547 in
2409 5494 2614 5564 quibus
2664 5495 2892 5566 singula:
2937 5493 3174 5552 homilia:
3227 5502 3391 5566 atque
3438 5492 3683 5566 epistolae

424 5560 755 5634 frequenter,
792 5575 953 5634 atque
984 5565 1039 5621 in
1078 5566 1248 5622 Mansi
1272 5560 1606 5621 Collectione
1639 5560 1835 5634 concil.
1874 5581 1991 5618 am-

2094 5564 2457 5637 l_egu_nt_u_r,_et
2484 5580 2622 5637 quos
2658 5564 2860 5635 paséim
2895 5574 2991 5637 aut
3019 5564 3325 5635 generatim
3360 5564 3524 5637 supra
3565 5565 3682 5618 Ian--

462 5630 575 5684 liss.
601 5629 682 5705 _de
718 5629 906 5689 multis
945 5637 1096 5693 hisce
1136 5636 1379 5690 homiliis
1412 5644 1576 5705 atque
1624 5633 1891 5705 epistolis,
1925 5635 1991 5689 ad
2094 5629 2241 5705 da'vi,
2274 5629 2634 5705 hicinc'i'rare
2659 5629 2834 5690 vacat.
2885 5629 3054 5691 ΗΑιιιΪ.

424 5647 575 5756 Γιιεδ.
601 5647 682 5709 _ae
718 5647 906 5689 mllllts
946 5647 1096 5693 hisce
1137 5647 1379 5690 hominis
1412 5647 1576 5705 atque
1624 5647 1891 5703 epIStous,
1925 5647 1991 5689 ad

426 5709 741 5773 VIECI'C‘SIIIEAI
770 5708 1195 5760 controversiam
1244 5706 1621 5760 Nestorianam
1672 5704 1991 5773 pertinenti-

419 5772 542 5835 bus,
574 5768 676 5841 agi,
704 5771 816 5842 jam
847 5788 1009 5844 supra
1049 5777 1430 5833 annotavimus
1474 5792 1487 5829 :
1527 5790 1627 5832 nec
1666 5768 1858 5832 omnes
1898 5776 2041 5832 00—"

2168 5704 2415 5779 (ly).\’_ide
2469 5705 2974 5779 'liflemont.htem.
3044 5706 3185 5771 XIV,
3232 5725 3285 5779 p.
3346 5708 3467 5764 550.
3515 5707 3678 5765 Γηλῴ

2096 5773 2264 5830 Mansi
2299 5773 2669 5873 (violiectqvlv,
2701 5793 2753 5848 p.
2795 5775 2896 5853 587
2930 5792 3047 5849 sqq.
3094 5773 3265 5842 Ηιιιιζ.
