4024 6220
234 329 298 386 69
1458 327 1738 383 NOTITIA
1776 325 1866 381 EX
1916 324 2252 382 FABRICIO.
3421 331 3491 380 70

230 462 276 500 a.
304 441 465 508 1618,
506 456 632 512 pag.
669 439 724 496 9.
761 439 1001 509 Antiqua
1046 438 1230 494 versio
1262 437 1408 508 apud
1441 438 1723 493 Baluzium
1750 438 1807 492 in

1979 437 2070 492 20.
2108 439 2170 491 El
2196 437 2420 501 τέλειος,
2453 437 2635 506 φασὶν,
2670 437 2818 491 ἐστὶν
2870 439 2900 491 ὀ
2945 439 3135 508 Πατὴρ
3186 438 3244 490 ιν
3277 440 3343 508 ’τῇ
3382 438 3490 508 ὶδιᾳ

228 535 368 591 Nova
401 531 607 587 collect.
645 530 938 595 concilian,
966 544 1089 599 pag.
1136 528 1261 583 587.
1315 527 1506 600 [Mans
1555 538 1684 583 tum.
1739 529 1803 594 V,

262 665 275 678 .
296 625 423 679 447.

228 621 726 781 ὲεισιλικὴν
765 708 817 762 οἱ
856 708 1040 762 πιστοὶ
1072 708 1336 779 σήμερον.
1377 707 1611 764 Humilia
1647 709 1703 763 in
1729 708 1809 763 fc-

226 816 368 863 stum
411 805 523 859 τῶν
562 803 754 873 βαῖων,
787 801 902 856 sive
924 799 1253 870 palmarum,
1288 807 1346 855 et
1377 799 1446 855 de
1476 799 1626 870 pullo
1641 800 1803 855 asini.

226 899 377 956 'I‘om.
414 897 484 961 V,
524 906 685 966 parte
733 910 796 957 ιι,
839 908 896 962 p.
951 891 1216 956 591-405,
1255 892 1495 963 primum
1542 894 1694 949 edita
1735 894 1807 950 ab

235 991 466 1047 Auberto
516 1003 549 1043 e
606 1001 712 1041 ms.
746 984 954 1039 Budlei.
991 982 1073 1055 [n.
1113 984 1451 1057 119.]Ριιιιι.
1482 1016 1553 1027 --
1575 985 1809 1043 Codices

238 1082 467 1154 quidam,
500 1089 563 1135 ut
596 1080 654 1133 in
696 1077 834 1133 Bibl.
879 1076 1126 1143 Caicum,
1161 1092 1284 1148 pag.
1314 1077 1441 1143 402,
1467 1094 1591 1135 eam
1622 1079 1805 1135 humi-

234 1173 353 1227 liam
396 1171 649 1226 tribuunt
683 1166 926 1239 Cyrillu;
975 1168 1076 1223 alii
1125 1184 1257 1223 vero
1314 1168 1565 1238 Eulogiu,
1621 1168 1805 1223 archi-

232 1264 391 1334 episc.
446 1258 860 1323 Alexandrino,
908 1273 974 1313 ac
1033 1257 1219 1315 Graece
1264 1267 1321 1314 et
1369 1258 1489 1313 Lat.
1538 1267 1715 1314 exstat
1746 1258 1806 1314 in

231 1358 477 1411 Auctario
526 1370 663 1408 novo
711 1350 1051 1417 Cumbcﬂsii,
1110 1359 1243 1407 tum.
1297 1351 1339 1417 Ι,
1386 1367 1508 1423 pag.
1545 1353 1669 1418 651,
1705 1368 1806 1409 no-

233 1458 372 1503 tante
424 1446 716 1510 Fabricio,
769 1442 911 1499 infra
952 1443 1066 1498 vol.
1113 1442 1220 1508 IX,
1252 1458 1372 1514 pag.
1412 1443 1514 1499 129
1560 1453 1669 1499 vet.
1709 1444 1800 1500 ed.

232 1538 391 1593 HABL.

296 1632 385 1684 11,
431 1632 566 1693 ΔΔεῖν
626 1628 816 1700 ᾠήθην
867 1630 934 1699 τῇ
988 1630 1055 1699 σῇ
1103 1627 1404 1699 θεοσεϐείᾳ.
1449 1627 1694 1698 Epistula
1734 1626 1803 1681 ad

234 1720 521 1782 Donatum,
576 1718 856 1788 Nicopolis
915 1718 970 1773 in
1010 1719 1186 1774 veteri
1240 1718 1410 1788 Epiro
1459 1717 1798 1787 episcopum.

1917 530 2321 602 μεγαλειότητι.
2358 530 2496 586 Vide
2536 545 2703 601 supra
2743 544 2896 586 num.
2932 530 3023 595 25,
3068 531 3121 584 in
3169 529 3490 585 recensione

1914 637 2142 692 operum
2183 630 2333 677 tumo
2362 622 2451 677 VII
2479 622 2709 677 Auberti
2739 630 3147 677 contentorum.

1984 714 2075 768 21.
2108 714 2355 767 "Exacta
2414 712 2524 767 τῶν
2587 712 2711 767 καθ’
2765 714 2912 784 ἡμᾶς
2948 713 3311 785 πραγμάτων.
3356 714 3483 784 Epi-

1913 805 2051 863 stula
2090 805 2180 869 59,
2226 805 2295 859 ad
2334 805 2603 859 Domuum
2638 806 2923 860 canonica.
2958 804 3112 858 Tum.
3148 804 3261 868 VII,
3301 821 3355 874 p.
3387 805 3487 861 299

1913 912 2090 966 seqq.,
2116 905 2174 950 et
2204 904 2337 951 tom.
2369 895 2415 950 II
2456 894 2656 951 Concil.
2693 894 2921 960 Labbei,
2963 910 3018 964 p.
3056 894 3236 960 {488;
3272 903 3329 948 et
3365 911 3486 948 cum

1914 986 2190 1042 Theodori
2240 986 2576 1041 Balsamonis
2609 986 2835 1041 scholiis
2869 994 3000 1040 tum.
3039 985 3083 1040 II
3108 985 3357 1056 Synodia'
3388 986 3486 1039 Be—

1911 1079 2212 1151 veregiani,
2237 1095 2294 1149 p.
2331 1079 2452 1133 I75.
2490 1077 2648 1133 FABR.
2685 1107 2754 1117 —
2785 1077 2851 1134 V.
2895 1077 3098 1148 passim
3127 1079 3237 1149 jam
3281 1092 3483 1131 memo-

1912 1179 2062 1226 ratos
2087 1170 2249 1226 codd.

1912 1282 1913 1285 η
1982 1259 2179 1316 Oxonii
2217 1261 2273 1316 in
2301 1260 2424 1318 cod.
2466 1261 2688 1316 Barocc.
2719 1260 2923 1317 CLVIII
2957 1260 3091 1315 bibl.
3131 1259 3340 1315 Bodlei.

1983 1350 2213 1406 Taurini
2239 1351 2293 1406 in
2316 1351 2439 1407 cod.
2462 1351 2575 1417 CV,
2609 1352 2666 1406 in
2699 1350 2817 1408 Cat.
2844 1351 2965 1406 bibl.
3001 1351 3244 1415 Taurin.,
3279 1367 3332 1420 p.
3358 1351 3479 1404 195.

1981 1443 2041 1497 In
2080 1442 2204 1498 cod.
2247 1434 2450 1500 Caesari
2496 1442 2681 1508 XLIV,
2742 1459 2799 1497 ιι.
2839 1443 2927 1507 54,
2961 1456 3087 1511 epp.
3137 1442 3161 1494 1
3217 1441 3286 1495 ad
3320 1441 3479 1496 Maxi-

1909 1548 2084 1598 ntum,
2137 1532 2279 1588 diae.
2334 1533 2696 1600 Antiochen.;
2745 1533 2783 1587 2
2832 1534 2899 1588 ad
2930 1532 3316 1599 Gennadium;
3348 1534 3381 1586 5
3414 1533 3480 1587 ad

1909 1625 2182 1679 Domuum
2236 1624 2528 1689 Autioch.;
2570 1625 2605 1678 4
2653 1625 2720 1678 ad
2771 1625 3062 1694 episcopos
3124 1624 3181 1678 in
3226 1624 3396 1697 Libya
3430 1636 3480 1679 et

1910 1715 2233 1786 Pentapoli;
2290 1723 2455 1786 atque
2510 1731 2567 1769 ιι.
2613 1716 2648 1770 5
2679 1724 2735 1769 et
2762 1715 2815 1779 4,
2860 1713 2916 1767 in
2955 1714 3080 1768 cod.
3116 1714 3277 1777 XLV,
3308 1731 3365 1768 ιι.
3392 1716 3479 1769 29.

239 1813 393 1865 Τοιιι.
426 1812 493 1875 V,
527 1820 681 1881 parte
707 1827 762 1874 ιι,
789 1826 844 1880 p.
885 1811 1141 1876 155-157,
1176 1826 1244 1865 ex
1268 1819 1422 1880 parte
1458 1826 1513 1864 ιιι
1544 1810 1804 1865 Actorum

1911 1807 1973 1861 V.
2016 1806 2273 1862 Lambec.
2318 1808 2470 1873 VIII,
2511 1823 2566 1877 p.
2624 1806 2726 1861 887
2775 1815 2831 1861 et
2888 1805 2994 1860 914
3036 1820 3152 1874 seq.
3183 1806 3332 1859 -—ln
3357 1806 3478 1859 cod.

238 1902 453 1956 concilii
492 1901 770 1971 Ephesini,
805 1909 939 1955 tum.
984 1900 1004 1954 I
1042 1900 1206 1964 Binii,
1242 1916 1296 1970 p.
1329 1900 1452 1955 116.
1487 1899 1678 1954 Latina
1706 1915 1805 1955 ve-

236 2001 319 2046 tus
361 1991 548 2047 versio
600 2000 776 2046 exstat
825 1991 879 2045 in
917 1990 1190 2062 Synodico
1240 2000 1433 2045 contra
1483 1991 1804 2061 tragcediam

234 2085 438 2145 Irena'i,
463 2100 587 2155 pag.
626 2084 752 2139 909.
785 2084 971 2137 Baluz.
1010 2083 1160 2137 Nova
1192 2084 1406 2137 collect.
1444 2083 1731 2137 concilior.

296 2176 382 2229 12.
416 2174 581 2227 Δεῦτε
624 2174 711 2245 δὴ,
766 2172 920 2227 δεῦτε
966 2172 1149 2235 πάλιν,
1173 2172 1650 2243 ἀγαλλιασώμεθα.
1690 2172 1803 2228 H0-

233 2266 372 2322 milia
404 2282 455 2319 xt
486 2264 783 2335 paschalis.
817 2264 977 2319 Tom.
1010 2265 1076 2327 V,
1109 2273 1263 2334 parte
1289 2280 1348 2329 ιι,
1384 2281 1438 2334 p.
1476 2264 1733 2320 142-161.

300 2358 382 2411 15.
424 2353 589 2413 Δεῦτε
629 2356 815 2418 πάλιν,
854 2354 1314 2426 ἁγαλλιασώμεθα
1341 2355 1420 2424 τῷ
1455 2354 1665 2424 Κυρίῳ.
1699 2354 1809 2409 Hu-

229 2443 372 2497 milia
422 2458 489 2497 xv
519 2443 812 2513 paschalis.
854 2443 1012 2499 Tum.
1048 2444 1114 2508 V,
1148 2453 1304 2514 parte
1347 2461 1408 2508 ιι,
1453 2460 1509 2514 p.
1545 2444 1801 2500 198-210.

298 2535 391 2589 14.
439 2534 665 2604 Διψώντί
709 2552 800 2604 μοι
831 2535 994 2589 πάλιν
1021 2534 1121 2605 τῆς
1149 2535 1303 2605 ὑμῶν
1333 2536 1650 2600 ἐπιεικείας.
1679 2536 1807 2606 Epi-

227 2627 361 2680 stula
400 2626 467 2681 I9
493 2627 786 2696 posterior,
812 2644 842 2682 e
873 2627 1068 2682 Rhodo
1096 2627 1320 2697 scripta,
1350 2635 1475 2683 ante
1513 2627 1803 2698 synodum,

228 2717 289 2771 ad
332 2718 551 2774 clerum
605 2722 982 2790 populumque
1028 2717 1480 2775 Alexandrinum.
1539 2719 1694 2774 Tum.
1738 2720 1803 2784 V,

230 2803 374 2876 parte
427 2823 490 2871 ιι,
524 2824 580 2878 p.
609 2808 699 2873 85,
735 2824 805 2863 ex
833 2816 988 2878 parte
1020 2825 1035 2862 ι
1065 2812 1247 2863 Actor.
1273 2808 1466 2881 synodi
1494 2809 1804 2880 Ephesium,

229 2910 346 2952 tum.
378 2899 403 2952 l
439 2898 607 2963 Binii,
646 2915 769 2970 pag.
803 2900 919 2954 165.

300 2991 389 3045 13.
441 2992 624 3058 Ἔγνω
674 3009 778 3045 που
832 2992 1052 3055 πάντως
1106 2993 1199 3046 καὶ
1253 2991 1341 3046 διὰ
1392 2992 1619 3047 πολλῶν.
1673 2993 1806 3064 Epi-

224 3084 352 3136 stula
383 3083 427 3137 2
457 3083 528 3137 ad
556 3083 715 3139 luan.
756 3085 1184 3140 Antiochenum.
1229 3085 1386 3141 Tum.
1444 3088 1509 3151 V,
1543 3096 1697 3157 parte
1745 3105 1804 3154 ιι,

227 3191 275 3243 p.
327 3174 531 3237 1241,
583 3190 652 3229 ex
698 3183 854 3244 parte
884 3192 900 3229 ι
934 3176 1199 3232 Actorum
1243 3176 1462 3232 concilii
1520 3177 1803 3248 Ephesini,

226 3272 347 3317 tum.
384 3265 410 3319 Ι
442 3264 613 3329 Binii,
644 3281 767 3336 pag.
799 3266 921 3319 144.
956 3266 1117 3321 Ειιιιι.

289 3355 373 3410 16.
426 3356 584 3409 ’Ἔδει
627 3356 729 3424 μὲν
785 3357 1072 3428 ἀρκεῖσθαι
1102 3359 1222 3421 ταῖς
1258 3357 1367 3411 τῶν
1404 3358 1805 3431 προλαϐόντων.

226 3442 469 3502 Humilia
506 3446 708 3517 Ephesi
742 3447 911 3512 dicta,
945 3463 1071 3503 cum
1112 3460 1344 3520 synaxes
1391 3459 1804 3520 peragerentur,

226 3538 481 3608 deposito
508 3538 785 3594 Nestorio.
824 3539 887 3592 T.
923 3540 987 3603 V,
1016 3548 1172 3608 parte
1213 3556 1274 3604 ιι,
1307 3556 1426 3610 pag.
1454 3540 1716 3596 558-561.
1747 3542 1807 3596 in

227 3627 435 3685 Latinis
470 3629 810 3685 editionibus
862 3639 1043 3685 exstat
1094 3647 1164 3686 ex
1215 3631 1472 3687 versione
1499 3632 1807 3704 Wolfgangi

229 3719 482 3776 Musculi.
514 3722 623 3776 Sed
650 3721 927 3778 Aubertus
955 3724 1194 3779 servavit
1215 3725 1525 3781 versionem
1571 3741 1808 3796 quacum

232 3812 430 3883 legitur
490 3814 547 3868 in
615 3824 770 3883 parte
827 3831 866 3871 ιι
911 3817 1173 3871 Actorum
1227 3817 1419 3888 synodi
1477 3818 1803 3888 Ephesium,

231 3910 353 3957 tum.
393 3904 417 3959 I
452 3904 621 3970 Binii,
653 3923 707 3975 p.
754 3906 881 3960 219.
912 3905 1033 3962 Alia
1064 3919 1226 3963 vetus
1252 3909 1632 3979 interpretatio
1660 3910 1806 3981 apud

228 3992 534 4059 Bainzium,
568 4011 625 4065 p.
659 3998 763 4053 518
792 3998 956 4057 Nova:
991 4001 1207 4055 collect.

291 4088 378 4141 17.
415 4089 487 4141 Ei
515 4089 612 4141 καὶ
649 4088 988 4161 πλατύτερον
1017 4090 1143 4144 ἔδει.
1198 4092 1440 4162 Epistula
1483 4092 1573 4158 22,
1605 4093 1672 4148 ad
1697 4093 1809 4149 cle-

229 4192 342 4232 rum
374 4179 760 4249 populumque
788 4180 967 4245 Alex.,
1002 4191 1136 4236 tum.
1171 4183 1237 4245 V,
1260 4193 1415 4253 parte
1440 4201 1495 4248 ιι,
1523 4200 1578 4254 p.
1613 4184 1707 4249 79,
1739 4199 1807 4240 ex

225 4277 373 4335 parte
405 4286 451 4323 ιι
485 4268 748 4325 Actorum
785 4271 979 4342 synodi
1029 4271 1337 4342 Ephesium,
1394 4282 1525 4328 tum.
1579 4274 1599 4328 Ι
1641 4273 1835 4341 Binii,

226 4373 277 4426 p.
315 4359 452 4412 217.

1833 3140 1875 3197 C

1907 1895 2069 1962 XLV,
2107 1914 2164 1952 ιι.
2202 1899 2290 1963 12,
2328 1898 2422 1953 ubi
2466 1898 2696 1967 epistula
2738 1897 2830 1952 illa
2873 1896 3246 1952 subdividitur
3282 1897 3338 1950 in
3376 1904 3482 1950 tres

1907 2002 2169 2045 canones.
2231 1990 2297 2046 V.
2362 1992 2564 2047 Kollar.
2605 1990 2796 2061 Suppl.
2833 1990 2900 2044 ad
2952 1990 3230 2055 Lambec,
3262 2004 3317 2060 p.
3357 1988 3477 2042 520.

1908 2081 2048 2136 Ibid.
2077 2099 2134 2136 ιι.
2164 2083 2250 2146 15,
2287 2082 2447 2153 epist.
2487 2083 2557 2137 ad
2588 2083 2759 2154 episc.
2794 2081 2979 2155 Libyae
3006 2094 3063 2137 et
3091 2081 3479 2152 Pentapoleos;

1906 2185 2142 2246 utraque
2165 2176 2219 2229 in
2246 2175 2525 2247 Synodico
2562 2186 2695 2231 tum.
2735 2175 2801 2241 II,
2844 2191 2899 2246 p.
2936 2174 3059 2229 178.
3102 2175 3269 2229 11Αιιι..

1976 2266 2066 2319 22.
2102 2262 2344 2335 Ἐμιιιθον
2373 2266 2523 2336 παρὰ
2550 2266 2643 2319 τοῦ
2671 2266 2958 2335 ἀγαπητοῦ
2986 2264 3309 2335 μονάζοντος
3335 2261 3478 2317 [Iuti-

1907 2358 2022 2413 λου.
2072 2359 2246 2428 Epist.
2275 2358 2364 2412 49.
2400 2357 2891 2412 Commonitorium
2923 2357 2990 2412 ad
3029 2357 3342 2421 Maximum,
3366 2356 3476 2411 dia-

1908 2465 2106 2506 conum
2146 2450 2569 2505 Autiochenum.
2599 2450 2679 2505 Id.
2714 2465 2769 2521 p.
2804 2449 2926 2504 192.

1977 2542 2064 2595 25.
2111 2542 2360 2612 Ἐμφανῆ
2386 2542 2483 2613 μὲν
2513 2541 2854 2613 καθίστησιν.
2891 2539 3135 2611 Epistula
3168 2539 3257 2603 59,
3296 2548 3477 2610 poste-

1908 2635 2023 2690 rior
2061 2635 2129 2689 de
2187 2634 2293 2689 ﬁde
2345 2632 2415 2688 ad
2462 2632 2819 2688 Succensum.
2859 2633 2939 2688 Id.
2980 2649 3035 2704 p.
3069 2634 3328 2689 141-151.
3374 2634 3479 2690 Sed

1908 2735 2058 2790 nota,
2116 2733 2326 2796 partem
2360 2724 2724 2794 posteriorem
2765 2740 2796 2779 a
2845 2741 2967 2796 pag.
3027 2725 3130 2780 145
3176 2740 3291 2797 seq.
3340 2725 3483 2781 male

1908 2825 2146 2871 assutam
2168 2832 2235 2871 ex
2272 2815 2500 2884 epistola
2537 2814 2607 2868 ad
2642 2815 2900 2871 Acacium
2934 2832 2987 2886 p.
3024 2816 3127 2871 115
3157 2832 3298 2887 seq.,
3335 2817 3479 2887 quod

1908 2906 2131 2961 Usserio
2185 2904 2351 2960 etiam
2405 2904 2636 2974 pulchre
2686 2905 3059 2960 observatum.
3100 2905 3294 2961 Latina
3324 2914 3479 2962 vetus

1908 2996 2090 3050 vcrsio
2116 3003 2296 3050 exstat
2325 2996 2380 3049 in
2414 2988 2686 3067 Syno'dieo
2717 3003 2905 3051 contra
2940 2996 3263 3066 tragoediam
3291 2986 3480 3052 Irenmi

1907 3088 2053 3157 apud
2102 3086 2289 3141 Baluz.
2326 3103 2382 3157 p.
2444 3087 2569 3141 925.
2609 3087 2747 3143 Vide
2794 3095 2854 3141 et
2899 3102 3021 3157 pag.
3064 3086 3167 3141 786
3200 3102 3316 3157 seq.
3345 3088 3484 3143 Pro-

1909 3176 2126 3230 dierant
2184 3190 2405 3245 quoque
2456 3175 2630 3230 amba:
2673 3174 2861 3246 Cyrilli
2900 3175 2969 3229 ad
3003 3174 3339 3231 Succensum
3371 3175 3488 3246 epi-

1907 3267 2082 3331 stolae,
2109 3267 2370 3338 Dionysio
2407 3266 2617 3336 Exiguo
2662 3266 2989 3337 interprete,
3021 3267 3079 3322 in
3108 3267 3359 3322 Antidota
3384 3268 3486 3321 ad-

1907 3375 2085 3413 versus
2132 3359 2373 3422 haereses,
2410 3357 2572 3412 Basil.
2621 3358 2778 3423 1528,
2824 3358 2917 3412 fol.
2962 3358 3166 3413 LOCum
3199 3374 3266 3414 ex
3299 3367 3485 3428 poste-

1909 3451 2056 3506 riore
2091 3450 2321 3520 epistola
2354 3450 2598 3505 vindicat
2646 3459 2837 3505 contra
2868 3450 3199 3507 Severianus
3249 3450 3485 3520 Ephrai-

1908 3559 2031 3597 mus
2087 3542 2232 3612 apud
2289 3542 2565 3597 Photium.
2598 3541 2722 3597 cod.
2760 3557 2969 3605 ccxxrx,
3022 3541 3119 3611 qui
3171 3549 3227 3596 et
3283 3540 3487 3611 prioris

1908 3635 2178 3690 meminit.
2208 3634 2344 3689 Vide
2385 3642 2440 3688 et
2476 3632 2825 3688 collationem
2870 3647 2996 3688 cum
3026 3632 3339 3688 Severianis
3368 3634 3485 3689 sive

1907 3725 2222 3794 Acephnlis,
2271 3724 2513 3778 habitam
2565 3722 3041 3794 Constantinopoli
3094 3722 3159 3777 A.
3214 3722 3276 3779 C.
3337 3724 3483 3790 552,

1911 3824 2042 3871 tum.
2066 3816 2110 3870 II
2139 3815 2303 3881 Binii,
2344 3831 2399 3885 p.
2430 3814 2553 3870 661.
2584 3814 2744 3869 Faue.

1978 3927 2236 3996 Epistolze
2291 3925 2414 3981 dum
2483 3925 2552 3980 ad
2604 3925 2943 3981 Succensum
3008 3924 3182 3980 Paris.
3240 3925 3295 3979 in
3357 3925 3482 3979 cod.

1908 4018 2347 4085 DCCCLXXXII,
2373 4034 2432 4072 ιι.
2468 4018 2526 4083 9,
2556 4026 2615 4073 et
2650 4034 2706 4072 ιι.
2747 4019 2801 4083 4,
2832 4018 3063 4087 epistula
3086 4031 3201 4085 seq.
3239 4016 3308 4070 ad
3338 4016 3483 4070 Evo-

1908 4105 2107 4176 ptium.
2144 4107 2311 4160 "ARL.

1977 4218 2068 4272 24.
2107 4217 2384 4287 Ἐνέτυχον
2403 4207 2515 4279 τοῖς
2549 4215 2701 4287 παρὰ
2732 4215 2833 4285 τῆς
2860 4215 2959 4287 σῆς
2989 4213 3315 4279 θεοσεῦειας.
3352 4214 3484 4285 Epi-

1909 4309 2049 4364 stula
2072 4309 2139 4364 ad
2167 4308 2477 4378 Evoptium.
2511 4305 2666 4361 Tum.
2692 4306 2804 4371 VII,
2828 4322 2882 4376 p.
2913 4305 3016 4359 200
3042 4322 3195 4375 seqq.
3231 4306 3366 4361 Vide
3394 4322 3487 4361 su—

1911 4418 2031 4473 pra,
2063 4417 2219 4455 num.
2254 4401 2342 4466 19,
2385 4400 2439 4454 in
2462 4398 2783 4454 recensione
2810 4413 3038 4467 operum
3061 4413 3182 4466 quae
3203 4398 3485 4453 tomusVlI

290 4449 381 4502 18.
416 4450 489 4502 Ei.
522 4450 622 4520 μὲν
654 4446 715 4505 εὖ
755 4451 953 4515 εἰδότες
983 4452 1183 4507 ἀθλεῖν.
1216 4453 1451 4510 Humilia
1482 4454 1537 4509 in
1586 4454 1806 4511 transti-

1913 4446 2031 4473 ι....,
2063 4446 2219 4455 -.......
2257 4446 2342 4466 η,

1914 4492 2142 4548 Aubcrti
2180 4488 2443 4548 continet.

224 4543 576 4607 gnrationem
622 4544 858 4610 Domini,
888 4544 1075 4601 Graece
1123 4547 1363 4616 primum
1407 4547 1555 4602 edita
1587 4564 1616 4602 a
1646 4548 1803 4604 Joan.

224 4632 473 4689 Mcursio
518 4635 574 4690 in
629 4634 800 4690 Variis
851 4637 1037 4701 sacris,
1080 4636 1252 4708 Lugd.
1298 4637 1417 4691 Bat.
1458 4637 1617 4703 1619,
1662 4638 1807 4701 in-l,

224 4738 343 4795 pag.
419 4726 577 4783 1-15.
636 4726 696 4780 In
753 4726 983 4782 Aubcrti
1036 4729 1280 4783 editione
1332 4728 1573 4798 Operum
1622 4729 1808 4800 Cyrilli

226 4824 354 4869 tum.
391 4817 463 4877 ιτ,
498 4826 652 4886 parte
677 4833 732 4882 ιι,
765 4833 819 4886 p.
862 4818 1125 4885 552-554,
1157 4819 1346 4875 Graece
1372 4828 1428 4874 et
1470 4819 1686 4879 Latine.
1716 4820 1811 4890 qui

226 4909 434 4961 rectius
469 4908 601 4978 legit
634 4911 682 4962 ul
734 4910 831 4978 μὲν
859 4903 916 4962 εὖ
956 4909 1175 4972 εἰδότες.

291 5000 380 5052 19.
415 5000 483 5052 Εἰ
520 5001 618 5068 μὲν
648 4995 717 5070 ἦν
757 5000 1033 5071 σιωπῆσαι
1067 5001 1162 5053 καὶ
1341 5001 1585 5072 Epistula
1638 5000 1693 5065 9,
1744 5001 1813 5056 ad

228 5088 588 5145 Caelestinum
637 5092 959 5161 episcopum
1010 5093 1195 5158 Rom.,
1257 5103 1390 5148 tum.
1447 5094 1511 5157 V,
1566 5103 1721 5163 parte
1752 5111 1810 5157 ιι,

229 5198 276 5246 p.
305 5184 506 5245 56—59,
541 5200 608 5237 ex
635 5195 789 5253 parte
820 5200 835 5238 ι
875 5186 996 5239 Act.
1026 5185 1244 5239 concilii
1299 5187 1582 5256 Ephesini,
1625 5196 1756 5241 tum.
1791 5188 1813 5242 Ι

229 5271 387 5337 Binii,
453 5290 510 5343 p.
554 5275 674 5329 I29.
712 5275 1190 5354 Fiam—Manu,
1241 5286 1373 5333 tum.
1424 5279 1514 5344 ιγ,
1568 5295 1624 5350 p.
1678 5279 1813 5334 tute

231 5379 340 5436 sqq.
377 5367 578 5430 Melius
604 5384 698 5438 ap.
733 5367 1017 5424 Constant.
1049 5385 1105 5438 p.
1150 5369 1286 5425 1085
1314 5385 1459 5440 sqq.,
1494 5378 1629 5426 teste
1658 5370 1810 5424 Wal-

230 5454 348 5507 chio
380 5456 423 5509 I.
463 5470 536 5518 ε..
577 5472 632 5526 p.
679 5456 785 5512 595
813 5471 958 5526 sqq.,
994 5471 1158 5526 quem
1207 5456 1482 5522 conteres,
1513 5465 1571 5512 et
1603 5474 1656 5527 p.
1706 5457 1809 5512 458

227 5558 367 5614 sqq.,
410 5560 483 5611 ac
508 5562 558 5616 p.
589 5548 696 5603 678
724 5564 834 5618 sq.,
863 5547 932 5603 de
961 5547 1263 5607 lecstino
1281 5550 1513 5620 ejusque
1542 5549 1662 5603 aliis
1685 5548 1804 5618 cpi-

228 5636 399 5709 stulis.
439 5637 604 5692 11.ιιιι.

1975 4607 2065 4661 25.
2116 4606 2396 4675 Ἑνέτυχον
2431 4604 2531 4673 μὲν
2555 4603 2635 4674 τῷ
2673 4599 3085 4673 ὑπομνηστικῷ.
3120 4601 3365 4672 Epistula
3392 4601 3482 4666 58,

1908 4697 2060 4767 prior
2108 4696 2176 4751 de
2223 4696 2329 4750 ﬁde
2380 4695 2449 4749 ad
2497 4694 2833 4749 Succensum
2875 4690 2986 4763 (a),
3038 4690 3390 4746 Diocaesarca:
3432 4691 3489 4746 in

1911 4790 2115 4844 Isauria
2160 4788 2498 4858 episcopum.
2546 4786 2700 4841 Tum.
2734 4786 2799 4850 V,
2833 4793 2989 4854 parte
3032 4800 3089 4850 ιι,
3129 4799 3185 4853 p.
3224 4783 3485 4848 155-111,

1911 4891 1967 4937 et
1992 4898 2058 4937 ex
2083 4881 2255 4936 veteri
2280 4879 2531 4935 versione
2565 4879 2711 4948 apud
2735 4877 3039 4942 Baluzium,
3073 4892 3127 4947 p.
3169 4876 3275 4931 918
3297 4892 3414 4945 seq.

1987 4972 2074 5028 26.
2115 4973 2210 5024 Ἐν
2247 4971 2346 5041 μὲν
2379 4971 2564 5039 ἔμοιγε
2594 4971 2686 5022 καὶ
2711 4969 2831 5022 λίαν
2851 4969 3114 5049 θυμῆρες.
3139 4968 3371 5023 Humilia
3401 4984 3488 5023 XXI
3536 5042 3543 5049 ι

1914 5062 2202 5132 paschalis.
2234 5061 2391 5115 Tum.
2419 5060 2485 5127 V,
2520 5068 2673 5130 parte
2702 5075 2759 5125 ιι,
2794 5074 2915 5131 pag.
2948 5045 3207 5115 265-269.

1983 5177 2072 5231 27.
2119 5176 2334 5247 Ἐπειδὴ
2369 5193 2458 5247 μοι
2488 5174 2766 5247 γέγραφεν
2803 5177 2839 5248 ἡ
2874 5175 3129 5230 εὐλάϐεια
3155 5175 3328 5248 ὑμῶν.
3362 5175 3491 5246 Epi-

1914 5271 2051 5327 stula
2079 5271 2133 5334 6,
2159 5271 2226 5324 ad
2255 5285 2351 5324 cus
2388 5269 2484 5339 qui
2504 5270 2651 5341 vulgi
2684 5270 3003 5324 rumoribus
3024 5285 3344 5339 persuasum
3379 5268 3492 5322 aie-

1914 5363 2048 5417 bant
2080 5362 2334 5417 Nestoriu
2361 5362 2647 5417 restitisse.
2682 5362 2837 5417 Tum.
2872 5362 2934 5425 V,
2967 5370 3119 5432 parte
3162 5376 3222 5424 ιι,
3263 5376 3384 5429 pag.
3422 5358 3491 5412 50

1915 5470 2056 5525 scq.,
2114 5470 2180 5510 cx
2225 5464 2378 5524 parte
2429 5470 2445 5508 ι
2493 5455 2676 5510 Actor.
2718 5452 2936 5509 concilii
2969 5451 3251 5522 Ephesini.
3281 5452 3435 5517 Tum.
3470 5453 3489 5507 l

1916 5546 2078 5606 Binii,
2118 5562 2171 5616 ιι.
2205 5546 2326 5601 tes.

1984 5638 2073 5693 28.
2148 5636 2363 5709 Ἐπειδὴ
2426 5636 2730 5708 πρώτιστον
2793 5635 2920 5706 ἡμῖν
2969 5637 3079 5699 τοῖς
3125 5636 3488 5707 Χριστιανοίς.

296 5749 373 5815 (a)
408 5748 491 5802 De
518 5749 603 5804 illo
626 5715 902 5808 Sttcccnso
946 5714 1329 5811 Tillcmontius
1362 5762 1491 5809 tum.
1530 5752 1664 5817 XIV,
1697 5767 1817 5824 pag.
1844 5751 1964 5808 570.
