4024 6220
292 318 363 374 77
1529 315 1808 371 NOTITIA
1847 314 1938 368 Ex
1981 313 2314 369 FABRICIO.
3487 319 3554 371 γε

291 448 432 504 ma.
491 430 732 487 Homilia
789 446 893 485 xxx
934 425 1224 502 p'JSehalis.
1269 431 1424 486 Tom.
1472 433 1534 496 γ,
1592 440 1745 502 parte
1801 449 1873 496 ιι,

2051 429 2322 484 Monacbii
2366 428 2420 482 in
2462 429 2594 482 bibl.
2637 431 2863 486 elector.
2893 432 3014 486 eod.
3043 421 3176 488 LIII.
3206 432 3551 489 Anatliemat.

292 540 350 593 p.
381 520 645 579 διε-550.

367 614 495 668 102.
535 614 611 668 Τὸ
657 613 758 684 μὲν
788 613 1003 667 εὔτονον
1031 615 1112 677 εἰς
1153 614 1457 668 εὐλάϐειαν.
1495 614 1738 684 Epistola
1788 615 1876 678 48,

294 706 365 761 ad
425 704 772 761 Gennadium
831 704 1015 776 presb.
1065 713 1121 760 et
1171 705 1686 770 archimandritam,
1740 707 1880 775 quod

294 797 684 852 connivendum
720 798 788 851 sit
835 799 890 850 in
925 796 1105 868 aliqua
1153 816 1186 852 a
1226 799 1369 870 juris
1415 801 1605 870 rigore,
1659 801 1878 870 majoris

296 887 640 943 emolumenti
658 904 843 942 causa.
875 887 1030 942 Tom.
1059 890 1123 955 V,
1157 898 1310 960 parte
1338 907 1396 955 ιι,
1425 907 1478 962 p.
1512 891 1604 946 191
1635 907 1716 961 sq.

370 979 492 1033 105.
535 978 645 1032 Τοῦ
691 980 942 1050 Σωτῆρος
971 980 1126 1050 ἡμῶν
1156 981 1407 1050 λέγοντος
1437 983 1704 1055 ἐναργῶς.
1743 984 1876 1055 Epi-

298 1071 435 1124 stola
477 1070 566 1135 15,
605 1069 676 1125 ad
713 1069 1027 1126 Nestorium
1072 1075 1202 1146 περὶ
1232 1075 1335 1144 τῆς
1369 1075 1782 1146 ἀκοινωνησίας,
1816 1078 1878 1130 de

297 1163 852 1227 excommunicatione,
885 1165 1087 1234 scripta
1119 1166 1340 1222 nomine
1361 1167 1552 1239 synodi
1573 1169 1628 1223 in
1649 1168 1879 1242 Egypto

295 1261 656 1325 congregatae.
687 1253 845 1308 Tom.
871 1255 934 1320 V,
967 1266 1120 1326 parte
1152 1273 1208 1324 ιι,
1244 1273 1364 1330 pag.
1401 1259 1584 1325 67-77,
1619 1262 1879 1332 subjectis

296 1343 593 1400 duodecim
641 1344 917 1417 capitulis,
983 1348 1061 1419 (a)
1116 1349 1230 1405 sive
1277 1351 1776 1419 anathematismis,
1848 1370 1878 1409 a

297 1437 576 1504 Nestorio,
627 1439 675 1494 si
733 1439 866 1494 velit
909 1439 1112 1511 recipi,
1159 1442 1479 1512 probandis.
1538 1446 1618 1501 Ex
1665 1455 1818 1518 parte
1860 1463 1877 1500 ι

292 1534 562 1589 Actorum
591 1531 817 1588 concilii
855 1532 1141 1603 Ephesini,
1177 1545 1306 1590 tom.
1337 1537 1357 1591 I
1390 1537 1556 1602 Binii,
1598 1554 1721 1610 pag.
1751 1539 1874 1595 151.

293 1625 357 1680 In
403 1625 602 1680 iisdem
651 1625 822 1687 Actis,
866 1641 922 1696 p.
972 1626 1096 1691 159,
1137 1637 1356 1684 exstant
1400 1630 1593 1685 Latine
1637 1631 1876 1687 Nestorii

295 1718 594 1774 duodecim
640 1720 1102 1786 anathematismi,
1131 1721 1356 1776 totidem
1377 1721 1686 1794 Cyrillianis
1710 1738 1878 1794 oppo-

1979 520 2188 592 Cyrilli,
2211 535 2340 575 cum
2357 520 2600 592 apologia
2623 530 2810 576 contra
2827 521 3158 590 Orientales;
3189 524 3340 580 deest
3372 533 3554 580 autem

1982 613 2216 682 primus,
2269 611 2564 678 secundus,
2623 613 2852 684 quintus
2900 624 2956 668 et
3001 626 3189 670 sextus
3236 616 3555 671 anathema~

1983 705 2198 760 tismus.
2225 705 2288 761 V.
2313 705 2433 761 Cat.
2459 705 2608 760 codd.
2641 705 2733 762 Gr.
2756 705 2957 760 Bavar.
2983 721 3103 777 pag.
3149 708 3235 764 16.
3262 709 3330 764 Et
3357 709 3412 764 in
3433 709 3556 763 aliis

1980 797 2140 852 codd.
2168 797 2298 853 hinc
2318 797 2446 853 inde
2467 799 2576 870 jam
2601 800 2932 855 memoratis.
2963 799 3129 855 HARL.

2051 889 2171 944 104.
2213 890 2286 944 Τὸ
2314 890 2610 960 φιλομαθὲς
2633 891 2724 944 καὶ
2755 891 3057 960 φιλόπονον.
3093 891 3336 962 Epistola
3369 894 3458 959 47,
3487 895 3554 948 ad

1980 980 2348 1046 Anastasium,
2384 981 2772 1048 Alexandrum,
2821 981 3226 1049 Martinianum,
3267 983 3552 1047 Joannem,

1981 1073 2329 1143 Paregorium
2370 1073 2554 1143 presb.
2581 1081 2638 1128 et
2682 1072 2971 1128 Maximum
3021 1071 3128 1146 (al.
3158 1074 3553 1146 Maximinum)

1979 1163 2290 1229 diaconum,
2313 1173 2369 1220 et
2402 1174 2631 1220 caeteros
2659 1165 2848 1222 Patres
2869 1167 3187 1223 monachos.
3222 1168 3288 1223 In
3314 1177 3554 1222 sanctum

1977 1256 2269 1328 symbolum
2305 1257 2598 1312 Nicaenum.
2638 1258 2793 1313 Tom.
2839 1259 2905 1324 V,
2940 1268 3096 1329 parte
3124 1275 3182 1324 ιι,
3213 1275 3264 1329 p.
3301 1259 3552 1321 175-191,

1977 1367 2046 1403 cx
2075 1360 2228 1420 parte
2264 1350 2418 1406 tertia
2448 1350 2706 1406 Actorum
2739 1352 2984 1424 ejusdem
3019 1353 3282 1423 Ephesini
3314 1355 3554 1418 concilii,

1979 1455 2034 1509 p.
2077 1443 2199 1496 457.
2242 1443 2300 1497 In
2331 1442 2542 1498 Latinis
2575 1442 2914 1499 editionibus
2960 1444 3159 1516 legitur
3197 1460 3266 1501 ex
3303 1447 3554 1502 versione

1977 1533 2203 1588 Joannis
2225 1533 2534 1603 Theophili,
2551 1535 2843 1606 subjuneta
2867 1536 3132 1592 relatione
3149 1538 3340 1610 synodi
3362 1537 3557 1595 Orien—

1979 1627 2168 1680 talium
2207 1625 2275 1681 ad
2319 1625 2670 1682 Callimorem
2719 1643 2921 1698 regem,
2961 1629 3028 1684 de
3067 1629 3410 1700 depositione
3455 1631 3557 1704 Cy-

1979 1717 2086 1771 rilli
2109 1725 2171 1772 et
2204 1717 2527 1782 Memnonis,
2558 1717 2762 1788 Ephesi
2802 1718 2996 1789 episc.,
3022 1735 3089 1774 ex
3125 1720 3273 1776 Actis
3299 1723 3556 1778 concilis-

302 1811 396 1866 siti
428 1820 486 1865 et
522 1826 649 1865 cum
683 1811 831 1866 Marii
872 1811 1192 1868 Mercatoris
1214 1813 1608 1880 contutatione,
1649 1815 1702 1870 in
1735 1815 1877 1869 Mer-

1981 1808 2096 1863 buli
2121 1807 2506 1864 Orientalium.
2542 1808 2662 1864 Alia
2698 1809 2882 1865 versio
2905 1820 3064 1866 vetus
3103 1810 3158 1864 in
3204 1811 3494 1867 collatione
3524 1814 3558 1866 5

302 1909 489 1958 calore
529 1902 793 1970 Garnerii,
825 1913 960 1960 tom.
999 1907 1066 1972 II,
1100 1907 1304 1977 p.116.
1339 1907 1610 1964 Caeterum
1648 1909 1879 1980 epistola

296 1995 393 2050 illa
429 1994 616 2067 Cyrilli
655 2012 775 2051 cum
809 1998 1061 2054 versione
1091 1999 1248 2053 Marii
1274 2000 1593 2056 Mercatoris
1636 2002 1879 2056 occurrit

295 2087 356 2141 in
380 2087 634 2142 Garnerii
664 2087 978 2156 Mercatore,
1013 2097 1148 2145 tom.
1170 2090 1236 2157 II,
1265 2106 1319 2162 p.
1350 2091 1438 2157 69,
1468 2099 1522 2148 et
1552 2110 1618 2149 ex
1645 2095 1749 2149 alia
1788 2110 1880 2148 ve-

292 2178 399 2236 teri
423 2179 681 2235 versione
701 2181 847 2251 apud
869 2182 1150 2237 Baluzium
1180 2199 1235 2253 p.
1264 2183 1386 2248 412,
1415 2193 1471 2238 et
1488 2200 1555 2238 ex
1576 2185 1678 2239 alia
1701 2202 1756 2255 p.
1777 2184 1878 2240 679

294 2271 455 2329 Nova:
481 2271 805 2327 cotlectionis
840 2273 1132 2337 concilior.,
1171 2273 1268 2344 qui
1302 2274 1620 2330 Mercatoris
1660 2290 1878 2345 quoque

296 2365 609 2421 versionem
650 2364 876 2420 exhibet
921 2382 977 2436 p.
1026 2366 1148 2421 611.
1203 2365 1431 2437 Legitur
1481 2373 1537 2420 et
1575 2366 1766 2422 Latine
1822 2367 1879 2422 in

289 2456 589 2511 collatione
623 2465 777 2511 sexta
809 2457 1002 2528 synodi
1049 2475 1102 2522 v,
1145 2467 1278 2513 tom.
1316 2457 1361 2512 II
1410 2457 1576 2522 Binii,
1620 2466 1774 2528 parte
1817 2475 1877 2524 ιι,

291 2561 429 2617 pag.
467 2546 553 2610 96,
591 2555 646 2601 et
679 2562 750 2601 ex
788 2547 1032 2619 Dionysii
1076 2547 1268 2618 Exigui
1310 2547 1564 2602 versione
1602 2539 1882 2617 pr'odierat

298 2635 478 2691 Paris.
517 2637 674 2701 1628,
735 2637 876 2703 in—8,
916 2646 971 2692 et
999 2637 1056 2692 in
1079 2638 1327 2692 Antidota
1361 2638 1606 2692 adversus
1641 2638 1877 2701 haereses,

297 2726 466 2783 Basil.
499 2730 657 2794 1528,
684 2730 802 2796 (01.,
837 2731 939 2786 sub
969 2731 1130 2786 titulo
1171 2731 1290 2786 libri
1323 2739 1507 2787 contra
1556 2729 1875 2785 Nestorium.

294 2821 463 2878 FABR.

369 2914 510 2969 Vide
557 2929 726 2984 supra
762 2929 914 2968 num.
953 2915 1017 2968 17
1044 2914 1101 2968 in
1135 2912 1456 2968 recensione
1492 2928 1719 2983 operum
1759 2928 1882 2984 qua;

294 3013 488 3059 tomus
529 3005 625 3059 VII
668 3003 802 3059 edit.
847 3003 1275 3060 Ganeo-Latina:
1325 3005 1588 3060 continet.
1649 3003 1882 3077 Legitur

293 3095 684 3150 memorabilis
721 3095 811 3150 illa
858 3095 1087 3166 epistola
1109 3094 1165 3149 in
1201 3095 1372 3150 Mansi
1413 3094 1629 3150 Collect.
1665 3095 1878 3160 concil.,

1977 1899 2172 1970 synodi
2216 1900 2282 1965 V,
2325 1909 2456 1955 tom.
2497 1900 2544 1956 II
2589 1901 2731 1956 Binii
2772 1911 2925 1972 parte
2960 1919 3016 1968 ιι,
3071 1920 3126 1974 p.
3181 1903 3268 1958 70.
3323 1906 3465 1962 Vide
3499 1915 3556 1961 et

1979 1988 2316 2054 Tillemont.,
2341 1998 2474 2046 tom.
2496 1989 2634 2057 XIV,
2667 2008 2722 2062 p.
2763 1991 2886 2047 640.
2917 1993 3074 2048 ἘΑιιιι.

2051 2082 2290 2137 Florent.
2335 2083 2390 2137 in
2421 2084 2544 2139 cod.
2591 2083 2850 2139 Laurent.
2895 2085 3038 2154 XXI,
3069 2104 3126 2143 ιι.
3151 2089 3204 2143 7.
3233 2090 3296 2146 V.
3323 2088 3552 2146 Bandin.

1979 2168 2250 2241 Catalog.,
2276 2171 2318 2235 Ι,
2343 2187 2468 2242 pag.
2503 2173 2626 2226 5M.
2655 2172 2823 2227 HABL.

2052 2261 2170 2316 105.
2213 2261 2285 2316 Τὸ
2326 2262 2564 2334 Χριστὸς
2606 2262 2778 2333 ὄνομα
2819 2263 2944 2318 οὔτε
2988 2267 3114 2338 ὅρου
3155 2268 3383 2341 δύναμιν
3419 2269 3553 2342 ἔχει.

1979 2352 2114 2408 Vide
2136 2369 2321 2424 supra,
2352 2369 2506 2410 num.
2548 2353 2582 2409 8
2613 2354 2671 2409 in
2707 2356 3027 2412 recensione
3059 2374 3286 2429 operum
3311 2377 3433 2432 quae
3475 2371 3558 2417 to-

1977 2459 2104 2501 mus
2126 2447 2170 2501 V
2191 2446 2326 2501 edit.
2351 2446 2580 2502 Auberti
2602 2447 2865 2503 continet.

2051 2537 2172 2591 106.
2214 2538 2442 2609 Φαιδρὸν
2473 2539 2583 2608 ὁρῶ
2606 2540 2668 2592 τὸ
2692 2541 2944 2612 σύστημα
2970 2543 3078 2598 τῶν
3109 2544 3298 2613 ἁγίων.
3324 2544 3558 2602 IIomilia

1979 2627 2181 2700 Ephesi
2217 2628 2480 2684 adi’ersus
2515 2629 2829 2686 Nestorium
2859 2633 3065 2698 habita,
3096 2635 3258 2705 ἡνίκα
3291 2635 3556 2706 κατῆλθον

1981 2721 2031 2772 οἱ
2075 2719 2216 2772 ἑπτὰ
2240 2719 2376 2790 πρὸς
2422 2721 2520 2791 τὴν
2547 2721 2709 2790 ἁγίαν
2732 2723 2968 2794 Μαρίαν.
3023 2724 3179 2779 Tom.
3211 2725 3278 2793 V,
3309 2735 3467 2797 parte
3493 2742 3553 2792 II,

1981 2824 2036 2880 p.
2074 2808 2326 2864 555-558.
2375 2811 2437 2865 In
2475 2809 2684 2866 Latinis
2720 2813 3058 2871 editionibus
3096 2824 3275 2872 exstat
3304 2832 3335 2873 e
3381 2817 3555 2872 Wolf-

1980 2899 2142 2972 gangi
2174 2901 2405 2956 Musculi
2455 2901 2942 2974 interpretatione;
2985 2907 3083 2962 sed
3119 2907 3393 2966 Aubertus
3419 2927 3558 2982 pra:—

1983 2993 2108 3047 tulit
2145 2993 2453 3048 versionem
2491 2994 2674 3060 aliam,
2715 3011 2948 3066 quacum
2996 2998 3198 3070 legitur
3229 3001 3286 3055 in
3327 3010 3481 3072 parte
3519 3019 3556 3058 ιι

1980 3083 2243 3141 Actorum
2285 3086 2476 3158 synodi
2499 3087 2804 3157 Ephesium,
2827 3097 2958 3145 tom.
2996 3091 3017 3145 Ι
3047 3091 3209 3160 Binii,
3233 3109 3287 3164 p.
3331 3094 3457 3148 221.

295 3147 1634 3256 safié;,;g"'ioi§;,,;,..‘..;;.q.;...i...
1670 3147 1878 3249 mm:

2054 3175 2177 3230 107.
2214 3147 2443 3248 Φαιέρδς
2472 3147 2601 3248 ἡμὶν
2628 3180 2656 3230 ὁ
2681 3147 2839 3247 λόγος
2867 3181 2961 3234 καὶ
2989 3147 3211 3256 χάριτοξ
3233 3147 3559 3256 ἓμπεπλησ-

293 3292 466 3348 quam
529 3277 800 3331 Mercator
830 3276 1141 3342 confecisse
1194 3275 1416 3338 dicitur,
1467 3274 1776 3330 ibid-tom.
1808 3273 1877 3340 V,

291 3369 476 3439 p.725
492 3386 507 3434 ;
526 3368 706 3422 versio
723 3368 964 3440 Dionysii
980 3367 1197 3439 Exigui,
1219 3366 1376 3439 (saec.
1392 3367 1488 3438 VI.)
1505 3381 1668 3436 quam
1685 3381 1880 3437 parum

294 3457 531 3512 differre
572 3457 944 3513 aMereatoris
967 3458 1232 3525 ,versione
1275 3458 1594 3528 pronuntiat
1639 3457 1882 3514 Mansius

296 3559 441 3605 tom.
488 3550 579 3612 IV,
610 3566 664 3620 p.
706 3550 878 3619 ⁸1085,
920 3551 1014 3606 ubi
1040 3550 1232 3604 Latine
1261 3549 1479 3616 editur;
1513 3550 1677 3605 tertia
1723 3557 1881 3605 vetus

296 3640 510 3704 versio,
535 3639 697 3705 ibid.,
731 3649 865 3694 tom.
895 3641 962 3706 V,
1002 3656 1124 3712 pag.
1152 3640 1284 3708 502;
1316 3649 1530 3710 quarta,
1576 3641 1632 3695 in
1663 3639 1803 3710 Lapi
1825 3649 1881 3695 et

302 3732 515 3786 Baluzii
531 3731 805 3804 Synodico
821 3733 988 3799 edita;
1009 3734 1201 3802 quinta
1219 3733 1279 3787 in
1299 3733 1451 3789 Actis
1471 3733 1651 3802 quinti
1676 3747 1877 3790 (ecum.

302 3823 529 3878 concilii
553 3824 609 3878 in
639 3823 810 3879 Mansi
854 3824 1072 3879 collect.
1113 3832 1246 3878 tom.
1272 3823 1366 3890 IX,
1389 3841 1443 3894 p.
1475 3825 1574 3879 511
1612 3839 1733 3896 sqq.

384 3913 717 3969 Vindobonm
760 3913 818 3968 in
847 3913 971 3968 θοὰ.
1010 3912 1147 3969 Caes.
1190 3913 1404 3979 LXXV,
1457 3915 1510 3969 in
1548 3929 1659 3984 quo
1697 3914 1883 3972 multa:

297 4006 553 4076 epistola:
587 4006 801 4076 aliaque
833 4006 1095 4076 opuscula
1118 4007 1185 4062 de
1222 4007 1314 4062 illa
1352 4007 1724 4062 controversia
1756 4014 1885 4062 sunt

301 4097 558 4160 collecta,
604 4097 1057 4152 Anathematismi
1105 4114 1160 4152 ιι.
1213 4098 1302 4153 49.
1349 4099 1415 4154 V.
1469 4097 1752 4161 Lambec.,
1791 4099 1881 4164 III,

300 4205 429 4260 pag.
471 4189 599 4253 595,
638 4189 823 4259 ibique
863 4188 1087 4243 Kollarii
1127 4197 1334 4244 notam.
1361 4190 1509 4245 —In
1544 4189 1666 4245 cod.
1696 4189 1881 4253 XLIV,

300 4301 362 4338 ιι.
408 4281 710 4346 10;XLV,
771 4297 829 4335 ιι.
891 4281 993 4347 t9;
1057 4282 1142 4346 LI,
1197 4299 1254 4337 ιι.
1291 4283 1396 4350 19;
1432 4282 1542 4348 LII,
1572 4299 1627 4336 ιι.
1663 4283 1716 4347 9,
1758 4263 1883 4336 eum

299 4372 567 4444 anonymi
614 4371 915 4442 appendice
961 4373 1029 4428 de
1085 4373 1439 4443 opinionibus
1492 4375 1885 4431 haeresiarcha-

300 4481 454 4520 rum.
493 4463 559 4517 V.
594 4461 876 4528 Lambec.,
919 4462 1054 4526 VIII,
1089 4478 1210 4535 pag.
1246 4463 1350 4519 896
1388 4479 1494 4533 sq.,
1537 4464 1660 4529 957,
1695 4465 1799 4519 995
1829 4471 1884 4518 et

298 4551 467 4609 1002.

383 4646 675 4718 Florentia
723 4646 780 4700 in
825 4645 947 4701 θοὰ.
991 4644 1248 4699 Laurent.
1293 4643 1411 4709 XII,
1452 4661 1507 4699 ιι.
1553 4645 1606 4708 6,
1653 4645 1792 4715 plut.
1831 4646 1884 4710 6,

298 4735 500 4809 Cyrilli
547 4735 986 4791 anathematismi
1026 4735 1142 4802 XII,
1189 4737 1264 4790 ita
1296 4735 1520 4804 quidem
1560 4735 1778 4805 digesti,
1829 4745 1891 4790 ut

302 4845 508 4885 eorum
547 4829 780 4898 quilibet
827 4827 1129 4898 subjectam
1178 4827 1378 4882 haheat
1401 4826 1588 4899 Cyrilli
1633 4829 1891 4898 explana-

306 4923 546 4985 tionem,
578 4919 898 4975 Theodoriti
931 4919 1439 4990 reprehensionem,
1470 4934 1534 4974 ac
1561 4934 1752 4974 rursus
1783 4919 1890 4992 Cy-

307 5013 424 5068 rilli
451 5011 852 5076 defensionem,
876 5026 972 5066 seu
995 5025 1353 5081 responsum;
1382 5010 1660 5079 praemissa
1681 5020 1764 5065 est
1783 5010 1889 5084 Cy—

311 5103 419 5156 rilli
467 5103 634 5172 epist.
687 5102 754 5157 ad
793 5100 1110 5172 Evoptium.
1155 5131 1226 5140 —
1261 5100 1321 5155 In
1375 5100 1498 5155 cod.
1551 5101 1696 5165 XXI,
1743 5118 1795 5155 ιι.
1834 5103 1886 5166 8,

311 5195 446 5262 plut.
481 5193 574 5257 IV,
628 5192 812 5248 differt
836 5201 1020 5247 tamen
1062 5192 1132 5246 ab
1167 5191 1350 5245 editis.
1396 5192 1458 5246 V.
1497 5192 1724 5246 Bandin.
1769 5191 1884 5247 Cat.

315 5285 454 5338 codd.
491 5282 588 5339 Cr.
621 5282 810 5345 Laut,
833 5283 874 5348 Ι,
904 5297 1026 5352 pag.
1058 5281 1160 5337 118
1180 5292 1236 5338 et
1259 5283 1382 5337 5M.

379 5375 553 5430 Paris.
600 5375 659 5429 in
700 5375 836 5431 bibl.
882 5375 1038 5446 publ.
1075 5375 1133 5430 in
1162 5374 1285 5433 cod.
1316 5374 1434 5428 Lat.
1480 5373 1754 5430 MCDLVII
1796 5373 1885 5444 (in

315 5479 414 5532 quo
443 5468 637 5522 multa:
665 5475 796 5522 sunt
825 5467 1015 5539 Cyrilli
1058 5467 1304 5537 epistola:
1330 5473 1387 5520 et
1415 5466 1518 5520 alia
1558 5466 1821 5536 opuscula
1845 5465 1884 5533 ),

309 5571 362 5611 ιι.
384 5562 435 5621 8,
457 5569 517 5614 et
543 5561 598 5614 in
627 5559 752 5614 cod.
779 5559 899 5613 Lat.
921 5559 1256 5622 IIMCXXIII,
1287 5576 1344 5613 ιι.
1375 5559 1421 5611 1.
1448 5559 1508 5613 ν.
1533 5557 1707 5613 Catal.
1736 5558 1883 5610 codd.

309 5647 423 5702 bibl.
450 5651 653 5712 Paris,
685 5650 917 5722 III.pag.
952 5651 1052 5704 117
1082 5661 1135 5705 et
1157 5652 1278 5705 2-10.

1982 3265 2162 3340 μένος.
2192 3267 2504 3322 Encomium
2525 3270 2578 3322 in
2611 3267 2668 3323 S.
2697 3269 2928 3326 Mariam
2967 3271 3276 3344 Deiparam.
3306 3275 3462 3331 Tom.
3493 3278 3555 3341 V,

1979 3367 2132 3430 parte
2178 3375 2235 3424 ιι,
2265 3375 2319 3429 p.
2355 3358 2610 3425 579—385,
2637 3360 2706 3413 ab
2727 3360 2969 3417 Auherto
3005 3365 3242 3434 primum
3276 3368 3556 3438 vulgatum

1978 3467 2010 3506 e
2031 3466 2132 3504 ms.
2159 3451 2329 3521 regio.
2358 3449 2456 3524 [V.
2493 3449 2771 3515 Lambec.,
2803 3461 2934 3506 tom.
2971 3454 3107 3520 VIII,
3140 3471 3194 3525 p.
3232 3456 3400 3531 820.]

2052 3542 2172 3598 108.
2212 3544 2348 3614 Φέρε
2390 3544 2454 3614 δὴ
2501 3543 2686 3607 πάλιν,
2721 3545 2914 3614 καιροῦ
2963 3547 3395 3620 παραθήγοντος.
3444 3550 3555 3606 IIo-

1963 3636 2134 3692 ‘milia
2161 3637 2433 3706 paschalis
2455 3654 2576 3692 xxv.
2608 3637 2763 3692 Tom.
2795 3637 2858 3704 V,
2881 3647 3036 3709 parte
3068 3657 3125 3705 ιι,
3149 3657 3203 3711 p.
3230 3641 3483 3698 296-502.

2052 3725 2173 3782 109.
2213 3727 2489 3798 Φοϐοῦμαι
2535 3728 2626 3782 τὸν
2667 3728 2898 3783 θάνατον
2944 3731 3024 3784 ὅτι
3056 3734 3250 3804 πικρός
3300 3735 3390 3806 μοί
3417 3739 3554 3791 ἐστι.

1981 3817 2215 3872 lIomiIia
2265 3818 2400 3890 Περὶ
2444 3819 2624 3883 ἐξόδου
2667 3819 2847 3890 ψυχῆς
2891 3831 2938 3874 et
2994 3822 3058 3875 de
3100 3826 3325 3879 secundo
3365 3825 3558 3883 Christi

1983 3910 2230 3964 adventu.
2279 3910 2434 3964 Tom.
2467 3911 2531 3974 V,
2566 3919 2720 3981 parte
2762 3929 2822 3978 ιι,
2859 3929 2912 3983 p.
2963 3914 3221 3970 101-416.
3273 3917 3558 3974 Prodicrat

1982 3997 2170 4054 Graece
2189 4000 2364 4054 Paris.
2399 4001 2543 4069 apud
2570 4001 2912 4057 \Vcchelium
2937 4003 3094 4067 1558,
3117 4004 3288 4061 forma
3323 4009 3554 4074 minore.

1983 4100 2108 4140 cum
2137 4087 2289 4141 boris
2327 4097 2384 4142 et
2410 4089 2627 4157 Iiturgia
2671 4090 2872 4153 Mariae,
2901 4099 2961 4144 ut
2993 4091 3268 4150 Gesnerus
3297 4097 3462 4154 etiam
3501 4101 3557 4154 in

1983 4177 2302 4231 Bibliotheca
2344 4193 2442 4232 sua
2483 4178 2781 4234 adnotavit.
2815 4181 3004 4238 Exstat
3035 4191 3088 4238 et
3117 4184 3304 4243 Grrece
3348 4192 3556 4247 editum

1985 4272 2052 4327 ad
2085 4271 2290 4327 calcem
2322 4270 2662 4342 Ὠρολογίου
2713 4273 3026 4331 Graecorum
3073 4278 3268 4336 Venet.
3306 4282 3463 4347 1555,
3500 4287 3553 4348 8,

1989 4363 2160 4429 1555,
2225 4361 2385 4428 1611,
2437 4362 2521 4417 12.
2579 4363 2642 4419 In
2701 4364 2910 4420 Latinis
2965 4367 3156 4439 Cyrilli
3217 4371 3558 4430 editionibus

1986 4461 2162 4507 exstat
2209 4468 2240 4508 e
2304 4455 2552 4509 versione
2619 4454 2925 4512 Sebastiani
2974 4457 3340 4528 Castellionis,
3393 4481 3556 4536 quam

1987 4544 2261 4600 Aubertus
2320 4561 2538 4618 quoque
2595 4549 2852 4605 servavit.
2905 4549 3207 4608 Transtulit
3251 4563 3309 4609 et
3355 4555 3558 4628 Caspar

1990 4635 2229 4690 Ursinus
2262 4637 2467 4692 Velius.
2501 4638 2662 4694 Fxnn.

2054 4728 2110 4784 S.
2162 4729 2350 4800 Cyrilli
2402 4731 2464 4784 de
2523 4735 2717 4788 animo:
2765 4734 3015 4800 decessu,
3068 4737 3232 4807 deque
3287 4739 3401 4810 ejus
3447 4741 3554 4796 vita

1987 4819 2157 4874 altera
2200 4837 2392 4886 sermo,
2435 4821 2497 4876 C.
2528 4821 2726 4878 Ursino
2751 4824 2908 4880 Velio
2941 4825 3260 4898 interprete.
3297 4829 3556 4900 Ejusdem

1984 4911 2167 4966 Ursini
2190 4921 2370 4966 tomus
2406 4911 2629 4981 quidam
2659 4913 2939 4986 Evangelii
2972 4917 3180 4975 Lucani
3217 4917 3377 4991 (Luc.
3407 4938 3554 4987 ιιι-ιιι,

1989 5003 2111 5076 15.)
2179 5005 2236 5059 in
2285 5020 2479 5061 versus
2534 5005 2631 5078 (52
2681 5007 3064 5083 hexametros)
3118 5010 3392 5078 redactus,
3449 5024 3556 5070 etc.

1987 5096 2208 5152 Viennae
2228 5097 2518 5153 Pannoniae
2546 5099 2604 5153 in
2623 5098 2726 5154 ad.
2751 5100 2834 5155 Jo.
2862 5100 3137 5173 Singreni,
3164 5103 3317 5170 1521,
3346 5106 3478 5162 min.
3504 5109 3558 5162 1.

1988 5189 2050 5244 V.
2082 5189 2248 5244 Denis
2281 5185 2474 5243 Wien‘s
2492 5188 3207 5261 Buchdrucker-Geschic/ue,
3248 5211 3303 5266 p.
3336 5195 3438 5251 221
3475 5211 3554 5266 sq,

1986 5289 2042 5334 et
2066 5280 2418 5335 Lambacheri
2450 5280 2586 5336 Bibl.
2615 5285 2782 5354 antiq.
2807 5285 2975 5348 civic.,
3016 5301 3069 5357 p.
3107 5282 3196 5341 99.
3220 5317 3289 5327 —-
3323 5287 3382 5342 In
3423 5287 3555 5343 bibl.

1985 5371 2192 5426 Rodlei.
2225 5372 2346 5427 cod.
2370 5372 2595 5429 Barocc.
2628 5373 2878 5430 CXLVII.
2907 5374 3076 5430 ΗΑιιι..

2056 5463 2175 5517 110.
2217 5464 2446 5536 Χαίρετε
2473 5467 2530 5518 ἑν
2559 5466 2747 5537 Κυρίῳ
2792 5467 3041 5532 πάντοτε,
3076 5467 3237 5522 πάλιν
3269 5467 3401 5538 ἐρῶ,
3435 5471 3555 5540 χαί-

1989 5571 2127 5620 ρετε.
2181 5553 2376 5625 Τρέχει
2422 5554 2476 5609 δὲ
2530 5557 2622 5609 καὶ
2673 5557 2823 5625 ἡμῖν.
2872 5557 3104 5613 IIomilia
3158 5559 3202 5614 II
3260 5562 3554 5632 paschalis.

1986 5645 2140 5700 Tom.
2175 5647 2238 5713 V,
2269 5656 2419 5716 parte
2443 5663 2498 5710 ιι,
2527 5646 2797 5716 p.16-51.

374 5768 453 5835 (a)
497 5768 637 5822 Vide
684 5767 996 5823 Tillemont.
1045 5778 1176 5823 tom.
1221 5768 1356 5831 XIV,
1408 5783 1528 5835 pag.
1582 5766 1706 5837 558,
1754 5765 1876 5831 560,
1917 5763 2040 5818 572.
