4024 6220
435 295 502 355 ?9
1671 288 1954 349 NOTI'I‘IA
1992 288 2087 349 EX
2128 288 2465 350 FABRICIU.‘
3632 300 3702 355 89

506 414 626 467 111.
667 411 899 484 Χαίρετε
937 412 994 466 ιν
1038 409 1229 481 κυρίῳ
1281 409 1530 463 πάντοτε.

428 508 565 577 ἡμῖν
592 504 680 559 διὰ
714 505 819 557 τῶν
838 505 1036 559 αὐτῶν.
1055 502 1299 558 'Ilamilia
1327 501 1417 556 VII
1438 500 1729 572 paschalis.
1752 501 1909 556 Tam.
1943 503 2008 569 V,

430 608 586 671 parte
617 616 675 663 ιι,
717 615 771 669 p.
801 595 983 652 81-92.

503 693 625 747 112.
660 692 860 761 Χάριτι
908 690 1003 745 καὶ
1049 688 1431 760 φιλανθρωπίᾳ
1474 687 1567 743 τοῦ
1612 689 1828 743 πάντων
1856 689 2011 760 ἡμῶν

432 785 702 856 Σωτῆρος.
737 782 981 853 Epistola
1004 782 1091 847 18,
1117 781 1270 852 prior
1298 796 1329 836 e
1360 780 1556 836 Rhodo
1585 788 1712 835 ante
1741 779 2010 852 synodum

431 875 634 945 scripta
692 872 763 928 ad
821 873 1030 928 clerum
1102 872 1481 942 populumque
1554 870 2008 926 Alexandrinum.

430 968 588 1022 Tam.
627 967 689 1032 V,
729 974 883 1036 parte
910 981 969 1029 ιι,
1005 980 1061 1034 p.
1106 963 1210 1030 81,
1251 980 1320 1019 ex
1345 971 1499 1035 parte
1534 978 1552 1017 ι
1593 962 1779 1017 Actor.
1820 962 2012 1035 synodi

429 1058 739 1125 Ephesium,
774 1064 906 1111 tom.
950 1054 971 1109 I
1004 1053 1170 1120 Biuii,
1219 1069 1273 1124 p.
1309 1053 1430 1108 165.
1465 1050 1566 1124 [V.
1615 1050 1897 1117 Lambec.,
1920 1051 2011 1117 III,

430 1162 553 1217 pag.
587 1145 714 1211 590,
741 1161 797 1199 ιι.
828 1143 955 1217 59.]

502 1236 624 1291 115.
665 1238 868 1307 Χρῆμα
929 1236 1027 1307 μὲν
1090 1235 1339 1304 ἀδελφοῖς
1406 1236 1441 1305 ἡ
1507 1218 1834 1306 πρόσρησις.
1887 1230 2017 1301 Epi-

428 1328 567 1383 stola
592 1328 680 1394 55,
708 1327 775 1382 ad
806 1328 1065 1382 Acacium
1089 1327 1372 1382 Melitenes
1403 1325 1742 1397 episcopum.
1769 1324 1925 1380 Tom.
1948 1324 2015 1388 V,

428 1429 584 1488 parte
611 1436 667 1484 ιι,
700 1436 755 1490 p.
799 1418 1051 1484 109-120,
1090 1435 1160 1475 ex
1201 1428 1357 1489 parte
1390 1434 1448 1473 ιιι
1490 1415 1814 1474 earumdem
1849 1415 2016 1471 Acto-

429 1527 576 1578 rum,
615 1528 669 1582 p.
714 1512 837 1567 451.
876 1513 1047 1567 Vetus
1087 1512 1271 1567 versio
1307 1511 1453 1581 apud
1488 1511 1792 1575 Baluzium,
1820 1525 1876 1579 p.
1913 1507 2016 1563 599

428 1602 590 1659 Noua:
611 1603 828 1659 Collect.
854 1602 869 1675 [
894 1603 951 1658 in
981 1602 1105 1658 cod.
1131 1602 1304 1657 Paris.
1340 1602 1478 1657 bibl.
1519 1602 1672 1672 publ.
1717 1599 2015 1667 MCDLVII,

430 1710 488 1747 ιι.
523 1693 651 1766 82.]
701 1694 951 1749 Meminit
996 1694 1290 1750 Liberatus
1322 1709 1442 1765 cap.
1477 1694 1532 1758 9,
1576 1693 1841 1749 Leontius
1874 1693 2014 1765 .Byz.

426 1785 651 1854 aliique.
677 1785 813 1840 Vide
844 1784 1257 1841 'I‘illemontium
1282 1792 1415 1839 tom.
1453 1783 1592 1850 XIV,
1621 1799 1743 1855 pag.
1775 1783 1898 1840 568.

501 1878 624 1934 114.
676 1878 764 1942 Ὠς
793 1877 1060 1949 διέτριϐον
1102 1878 1160 1929 ὲν
1185 1879 1251 1947 τῇ
1280 1875 1529 1930 Λίλιέων.
1557 1876 1799 1946 Epistula
1826 1875 1915 1941 55,
1946 1874 2014 1929 ad

428 1970 662 2025 clericos
695 1978 752 2025 et
788 1968 1124 2038 Lamponem
1158 1967 1563 2039 presbyterum.
1610 1966 1747 2021 Ibid.
1792 1983 1848 2038 p.
1892 1965 2014 2021 198.

428 2061 614 2116 ϐτωοε
646 2059 714 2115 ad
749 2060 955 2115 calcem
977 2059 1239 2114 Actorum
1273 2059 1469 2131 synodi
1504 2077 1558 2125 γ,
1595 2068 1728 2114 tom.
1770 2060 1818 2114 II
1848 2059 2013 2125 Biuii,

427 2160 583 2221 parte
612 2168 670 2216 ιι,
716 2168 771 2222 p.
809 2150 928 2206 170.
971 2149 1168 2206 Latine
1210 2159 1371 2206 vetus
1414 2151 1598 2205 vcrsio
1641 2151 1697 2204 in
1743 2149 2017 2221 Synodico

428 2249 621 2297 contra
668 2241 989 2313 tragmdiam
1028 2241 1241 2305 Irenazi,
1297 2257 1345 2296 c.
1399 2241 1522 2295 206.
1568 2241 1756 2295 Baluz.
1805 2256 1859 2311 p.
1912 2240 2017 2295 915

428 2332 589 2388 Nova:
609 2331 823 2389 Collect.
855 2340 911 2388 et
942 2332 997 2386 in
1025 2332 1260 2387 concilio
1279 2332 1496 2402 quinto,
1524 2331 1706 2386 collat.
1736 2332 1788 2395 5,
1815 2340 1947 2385 tom.
1971 2328 2016 2384 11

428 2423 591 2487 Biuii,
646 2433 803 2494 parte
846 2439 905 2488 ιι,
960 2438 1015 2492 p.
1062 2421 1151 2476 69.
1177 2421 1310 2492 Ejus
1347 2420 1614 2475 nonnulla
1658 2420 1827 2474 refert
1854 2419 2012 2474 Pela-

427 2514 549 2584 gius
575 2513 866 2585 Ilepistola
896 2512 1078 2577 tertia,
1114 2511 1183 2565 ad
1220 2512 1507 2582 episcopos
1537 2511 1724 2567 Istriae.

589 2643 691 2703 VI.
731 2641 936 2702 Index
966 2660 1200 2717 eorum,
1226 2661 1360 2783 qua;
1396 2644 1612 2703 Latine
1642 2651 1886 2705 tantum

1110 2732 1327 2783 exstan
1368 2768 1385 2783 .

1110 2732 1385 2783 exstant.

504 2841 623 2900 115.
664 2842 757 2896 Ad'
784 2843 1255 2915 incomparabilem
1300 2843 1611 2914 quamdam.
1671 2844 1859 2916 Cyrilli
1891 2846 2012 2916 epi-

428 2937 568 2991 stola
599 2935 666 2989 ad
707 2933 1036 3001 Rabbulam,
1086 2937 1406 3005 episcopum
1456 2935 1693 2990 Edessae.
1741 2936 1895 2992 Tom.
1945 2936 2008 3005 V,

427 3036 584 3100 parte
617 3040 675 3092 ιι,
711 3026 850 3082 Biuii
881 3034 1010 3082 tom.
1048 3027 1115 3092 ll,
1142 3036 1295 3098 parte
1320 3043 1378 3091 ιι,
1408 3042 1463 3098 p.
1500 3027 1584 3081 70.

504 3119 622 3174 116.
663 3118 817 3173 Dives
837 3128 911 3173 est
931 3119 1081 3173 hodie
1113 3117 1369 3172 Dominus
1399 3126 1592 3171 noster.
1621 3117 2006 3190 Fragmentum
2035 3119 2081 3182 C

430 3209 690 3288 homilize,
722 3209 924 3280 Ephesi
976 3208 1197 3273 habitae,
1232 3208 1290 3263 in
1325 3217 1483 3278 parte
1520 3224 1578 3263 ιιι
1604 3209 1789 3265 Actor.
1822 3211 2014 3283 synodi

429 3301 740 3371 Ephesium,
772 3312 904 3356 tom.
935 3301 954 3355 I
981 3300 1148 3366 Biuii,
1176 3316 1232 3371 p.
1266 3300 1390 3354 581.

503 3391 625 3445 117.
661 3389 764 3446 Eas
784 3394 873 3463 qui
895 3393 1088 3463 pietate
1107 3390 1254 3460 ﬁrmi
1272 3398 1415 3445 sunt.
1439 3391 1599 3446 Aliud
1624 3390 2013 3463 fragmentum,

430 3480 488 3536 in
520 3482 712 3538 iisdem
748 3482 920 3548 Actis,
952 3495 1077 3555 pag.
1109 3483 1235 3550 425,
1258 3491 1316 3538 et
1348 3482 1496 3553 apud
1524 3483 1807 3538 Baluzium
1831 3500 1886 3555 p.
1913 3485 2017 3541 596

430 3574 591 3629 Nova:
624 3574 842 3630 Collect.

504 3666 623 3718 118.
684 3664 879 3736 Magna
914 3678 1099 3719 smnus
1148 3664 1351 3720 lcetitia.
1392 3664 1546 3737 Xysti
1568 3666 1811 3737 episcopi
1853 3667 2015 3723 Rom.

429 3759 662 3829 epistola
700 3757 767 3812 ad
792 3756 1078 3829 Cyrillum.
1120 3755 1275 3811 Tom.
1311 3756 1377 3822 V,
1411 3766 1565 3827 parte
1600 3773 1660 3822 ιι,
1691 3773 1745 3828 p.
1790 3758 1911 3825 172,
1948 3774 2018 3815 ex

431 3851 625 3905 iisdem
655 3848 808 3904 Actis
845 3863 901 3920 p.
934 3848 1057 3904 456.

502 3941 623 3996 119.
664 3940 816 3995 Nunc
838 3947 1020 3993 autem
1042 3940 1200 3993 iidem
1221 3941 1324 4011 ipsi
1348 3939 1488 3994 uetat
1526 3952 1591 3994 ea:
1608 3957 1813 4009 somno.
1853 3942 2011 3998 Joan.

428 4028 757 4083 Antiocheni
788 4036 845 4082 et
869 4027 1063 4100 synodi
1091 4027 1160 4083 ad
1179 4028 1468 4101 Cyrillum.
1495 4029 1653 4086 Tom.
1689 4032 1752 4099 V,
1778 4042 1933 4103 parte
1953 4050 2012 4100 ιι,

429 4136 483 4190 p.
529 4121 629 4172 192
664 4136 782 4190 seq.

504 4210 623 4264 120.
663 4210 993 4282 Profundum
1020 4213 1229 4285 quidem
1260 4223 1311 4270 et
1348 4232 1622 4287 magnum.
1664 4215 1901 4272 Homilia
1939 4217 2018 4272 De

428 4321 509 4369 eo,
545 4304 684 4375 quod
717 4304 940 4360 Verbum
977 4305 1078 4361 Dei
1116 4308 1316 4379 factum
1352 4311 1421 4363 sit
1451 4312 1625 4363 homo.
1658 4305 1795 4365 Vide
1825 4327 2012 4383 supra,

428 4412 583 4450 num.
618 4396 703 4463 12,
735 4396 793 4452 in
816 4399 1136 4454 recensione
1166 4415 1394 4469 operum
1415 4401 1801 4470 quaecontinet
1827 4418 1954 4474 pars
1972 4421 2009 4459 ιι

430 4489 562 4542 tomi
587 4489 628 4543 V
646 4489 909 4545 editionis
932 4490 1182 4555 Auberti.
1216 4488 1364 4562 [alia,
1395 4507 1483 4561 ap.
1513 4492 1682 4548 Mans.
1705 4494 1770 4559 V,
1799 4510 1852 4565 p.
1880 4495 1949 4550 28

503 4583 623 4635 121.
665 4580 1009 4651 Satisfactum
1039 4590 1113 4635 est
1144 4583 1288 4636 nobis
1311 4584 1520 4638 iterum.
1551 4585 1793 4656 Epistola
1824 4587 1912 4653 50,
1940 4588 2009 4643 ad

427 4672 769 4736 Juvenalem,
802 4670 1141 4738 Flavianum,
1176 4673 1501 4742 Arcadium,
1532 4676 1860 4748 Projeetum,
1885 4678 2008 4734 Fir-

431 4780 606 4829 mum,
646 4763 1064 4829 Tbeodoritum,
1102 4764 1384 4833 Acacium,
1429 4768 1739 4839 episcopos,
1789 4780 1846 4825 et
1876 4770 2008 4826 Phi-

426 4855 659 4925 lippum,
699 4856 1103 4927 presbyterum.
1148 4857 1305 4913 Tam.
1355 4859 1418 4924 V,
1444 4868 1598 4931 parte
1641 4878 1699 4927 ιι,
1725 4878 1779 4933 p.
1809 4863 1898 4930 99,
1940 4879 2009 4919 ex

430 4958 582 5017 parte
620 4966 676 5004 ιιι
712 4950 896 5005 Actor.
938 4950 1131 5022 synodi
1174 4950 1485 5021 Ephesium,
1514 4969 1569 5023 p.
1603 4954 1707 5009 415
1728 4996 1742 5021 ,
1771 4965 1828 5012 et
1862 4957 2007 5027 apud

430 5039 731 5103 Baluzium,
767 5057 887 5112 pag.
915 5041 1017 5095 585
1041 5042 1202 5098 Nova:
1228 5041 1445 5100 Collect.

504 5130 624 5183 122.
669 5131 726 5185 Si
772 5131 1109 5187 ecclesiastici
1149 5136 1381 5205 corporis
1414 5135 1659 5206 gloriam.
1701 5137 1855 5211 Xysti
1893 5141 2010 5212 epi-

429 5225 576 5293 scopi
604 5224 759 5278 Rom.
788 5225 1017 5295 epistola
1049 5225 1116 5280 ad
1133 5226 1288 5283 Joan.
1315 5227 1736 5287 Antiachenum.
1785 5232 1940 5289 Tom.
1964 5236 2006 5292 V

427 5317 637 5387 (1yrill.,
661 5325 817 5387 parte
839 5333 896 5382 ιι,
924 5332 978 5387 p.
1006 5316 1129 5371 175.

428 5428 556 5489 \‘Il.
615 5429 822 5511 Index
874 5430 1251 5510 scriptorum
1303 5450 1453 5511 cum,
1507 5434 1882 5511 Cyrillianis
1938 5441 2006 5501 in

670 5510 816 5571 edit.
851 5510 1322 5573 Graeco-Latina
1350 5510 1768 5592 vulgaturum.

500 5628 618 5680 123.
660 5630 863 5693 Aracii,
900 5632 1257 5690 Berrhoensis
1292 5634 1559 5706 episcopi,
1614 5636 1681 5691 ad
1720 5637 2001 5710 Cyrillum.

434 5721 583 5776 Tom.
624 5722 682 5781 Υ,
725 5734 875 5793 parte
918 5739 974 5793 ιι,
1014 5740 1066 5793 p.
1103 5726 1189 5782 65.
1233 5727 1469 5805 Incipit:
1512 5729 1790 5801 Ἑνέτυχον
1820 5733 2003 5804 γράμ-

1568 447 1581 461 .
1615 446 1628 461 .
1664 445 1680 459 .
1730 409 1838 462 ἰδοὺ
1899 409 2011 480 γὰρ

2128 426 2250 477 μασι
2282 410 2376 481 τῆς
2423 408 2524 480 σῆς
2575 408 2904 474 θεοςεϐείας.
2948 410 3026 465 Ex
3065 417 3219 480 parte
3255 426 3271 464 ι
3314 411 3433 466 Act.
3472 416 3697 471 concilii

2112 502 2395 572 Ephesini,
2426 511 2557 557 tom.
2584 501 2789 568 lBinii,
2824 519 2877 572 p.
2904 503 3022 558 146.
3049 503 3362 558 Fiam—In
3393 505 3704 563 MansiCoL

2111 593 2242 649 lect.
2283 594 2373 660 IV,
2411 609 2467 664 p.
2505 594 2662 660 1055,
2701 602 2758 650 et
2791 594 2911 648 Lat.
2955 604 3088 649 tam.
3131 594 3195 660 V,
3230 611 3287 664 p.
3334 595 3461 662 518,
3505 597 3561 651 in
3592 614 3701 669 qua

2112 683 2237 738 coll.
2276 684 2477 754 passim
2518 699 2739 755 quoque
2778 684 2989 755 reliqua
3034 693 3362 751 occurrunt;
3398 686 3548 741 --in
3575 688 3701 747 cod.

2113 772 2231 829 Lat.
2290 774 2465 831 Paris.
2520 775 2655 830 bibl.
2704 775 2856 845 publ.
2907 774 3208 843 MCDLVII,
3258 792 3318 832 n.
3363 776 3452 843 14,
3489 778 3598 833 vol.
3632 778 3701 835 111

2113 873 2221 920 cat.
2261 865 2429 921 HARL.

2185 957 2306 1013 124.
2345 959 2547 1031 Alypii,
2584 958 2679 1032 qui
2709 973 2770 1014 se
2800 956 3170 1031 πρεσϐύτερον
3211 958 3321 1012 τῶν
3365 959 3702 1015 ’Λποστόλων

2114 1049 2371 1120 appellat,
2412 1050 2481 1105 ad
2520 1050 2807 1123 Cyrillum.
2862 1051 3017 1105 Tom.
3094 1050 3160 1116 V,
3216 1060 3372 1121 parte
3409 1068 3470 1118 ιι,
3519 1068 3574 1123 p.
3610 1053 3697 1108 92.

2114 1126 2313 1211 Incipit
2342 1158 2354 1194 :
2386 1141 2673 1214 Μακάριος
2703 1141 2990 1214 ἄνθρωπος
3023 1139 3083 1195 ὃν
3109 1140 3437 1208 καταξιὼσει
3470 1143 3499 1194 ὁ
3543 1142 3698 1208 Θεός.

2115 1229 2197 1286 Ex
2225 1242 2382 1303 parte
2433 1250 2472 1290 ιι
2515 1234 2703 1289 Actor.
2731 1233 2951 1290 concilii
2992 1232 3289 1304 Ephesini,
3320 1242 3453 1291 tom.
3489 1236 3507 1290 I
3537 1236 3699 1302 Biuii,

2115 1340 2238 1397 pag.
2271 1326 2394 1383 504.

2189 1416 2311 1474 125.
2360 1418 2527 1474 Attici
2588 1417 2659 1473 ad
2714 1417 2981 1490 Cyrillum
3044 1432 3145 1488 pro
3198 1417 3255 1473 S.
3313 1417 3703 1491 Chrysostomo

2117 1508 2392 1581 diptychis
2445 1509 2808 1566 restituendo.
2854 1510 3010 1565 Tom.
3055 1510 3120 1575 V,
3171 1518 3325 1581 parte
3372 1526 3430 1576 ιι,
3471 1527 3527 1582 p.
3572 1511 3700 1580 201,

2116 1614 2185 1655 ex
2212 1600 2508 1672 Nicephori
2547 1617 2656 1667 xxv,
2685 1601 2773 1656 26.
2805 1601 3003 1672 Incipit
3031 1619 3043 1654 :
3075 1600 3587 1674 Περιπεπτώκαμεν
3620 1600 3702 1669 οἷς

2122 1693 2198 1766 μὴ
2254 1692 2641 1767 προῃρήμεθα.
2704 1693 2906 1749 Confer
2961 1693 3313 1759 Tillemont.,
3365 1703 3497 1750 tam.
3559 1695 3696 1764 XIV,

2049 1790 2091 1845 B
2120 1800 2175 1855 p.
2201 1785 2308 1842 279
2344 1801 2462 1857 seq.

2194 1878 2316 1934 126.
2355 1878 2660 1945 C(elestini,
2692 1878 2948 1950 'episeopi
2992 1879 3153 1934 Rom.
3182 1877 3414 1950 epistola
3442 1877 3508 1934 ad
3529 1876 3703 1952 Cyril-

2118 1969 2256 2025 lum.
2282 1969 2441 2025 Tom.
2471 1970 2538 2035 V,
2568 1979 2724 2040 parte
2753 1986 2811 2035 ιι,
2842 1986 2898 2041 p.
2939 1970 3028 2025 40.
3057 1970 3255 2042 Incipit
3292 1989 3305 2024 :
3347 1972 3426 2043 Τῇ
3458 1972 3703 2043 ἡμετέρᾳ

2122 2060 2444 2133 στυγνότητι
2516 2061 2588 2113 τὰ
2637 2060 2726 2114 διὰ
2778 2060 2872 2114 τοῦ
2928 2061 3045 2115 υίοῦ
3097 2063 3254 2134 ἡμῶν
3323 2063 3699 2117 Ποτειδωνίου.

2118 2153 2251 2207 Data
2302 2168 2358 2206 ιιι
2397 2151 2476 2207 Id.
2527 2151 2757 2223 August.
2820 2150 3132 2207 Theodosio
3176 2151 3296 2207 XIII
3351 2160 3409 2207 et
3456 2152 3701 2208 Valenti-

2116 2240 2369 2295 niauolll
2393 2256 2572 2309 coss.;
2620 2257 2688 2296 ex
2720 2249 2917 2313 partea
2940 2242 3126 2297 Actor.
3164 2242 3383 2298 concilii
3412 2244 3703 2315 Ephesini,

2117 2348 2174 2404 p.
2208 2333 2334 2393 151.
2368 2334 2528 2389 Fann.

2189 2425 2314 2479 127.
2349 2426 2576 2481 Joannis
2618 2426 2945 2482 Antiocheni
2986 2426 3053 2482 ad
3105 2425 3389 2498 Cyrillum.
3437 2426 3595 2482 Tom.
3635 2428 3702 2494 V,

2117 2525 2271 2588 parte
2297 2532 2354 2582 ιι,
2400 2532 2455 2587 p.
2498 2517 2585 2571 85.
2628 2517 2825 2588 lncipit
2855 2536 2867 2570 :
2900 2517 3034 2571 Οὐδὲ
3077 2520 3176 2589 ἐμὲ
3214 2517 3451 2591 μετρίως
3495 2518 3700 2579 δάκνει.

2115 2623 2184 2662 ex
2226 2618 2379 2679 parte
2412 2625 2429 2663 ι
2466 2609 2652 2664 Actor.
2695 2610 2887 2683 synodi
2941 2610 3254 2680 Ephesium,
3295 2621 3427 2667 tam.
3478 2612 3498 2666 1
3536 2610 3699 2677 Biuii,

2115 2711 2171 2767 p.
2199 2697 2321 2751 167.

2187 2788 2377 2860 Ejusd.
2417 2789 2486 2844 ad
2524 2790 2756 2863 Xystum
2795 2792 3125 2857 Romanum,
3160 2792 3427 2864 Cyrillum
3456 2795 3613 2849 Alex.
3642 2801 3703 2850 et

2113 2880 2503 2938 Maximianum
2531 2883 3001 2956 Caustantinopol.
3026 2884 3166 2939 Ibid.
3193 2902 3315 2958 pag.
3344 2887 3432 2942 99.
3464 2887 3698 2958 Incipit:

2113 2974 2226 3027 Καὶ
2275 2974 2480 3045 σπουδὴ
2529 2975 2624 3028 καὶ
2670 2975 2890 3039 σκοπός.
2955 2976 3035 3032 Ex
3095 2986 3249 3047 parte
3285 2994 3342 3033 ιιι
3379 2978 3700 3034 earumdem

2112 3064 2324 3131 Actor.,
2360 3081 2415 3136 p.
2458 3066 2581 3120 421.
2616 3064 2829 3138 [Mansi
2854 3066 2919 3132 V,
2948 3083 3004 3138 p.
3027 3066 3150 3122 285.
3188 3083 3308 3138 sqq.
3333 3077 3390 3122 et
3409 3067 3565 3139 661.]

2186 3156 2376 3228 Ejusd.
2429 3158 2498 3213 ad
2545 3158 2832 3230 Cyrillum.
2888 3158 3025 3213 Ibid.
3088 3175 3211 3231 pag.
3274 3160 3393 3214 102.
3441 3160 3634 3232 Incipit
3683 3178 3699 3213 :

2116 3246 2315 3319 Πρώην
2344 3250 2409 3302 ἐκ
2441 3248 2830 3320 θεσπίσματος.
2855 3250 2914 3305 In
2938 3250 3132 3306 iisdem
3168 3252 3319 3308 Actis
3348 3269 3468 3325 pag.
3504 3254 3625 3309 425.

2188 3338 2382 3411 Ejusd.
2434 3339 2541 3395 alia
2575 3341 2808 3411 epistola
2855 3341 2923 3397 ad
2976 3340 3265 3415 Cyrillum.
3301 3344 3440 3399 Ibid.
3480 3360 3534 3416 p.
3570 3345 3698 3408 153,

2116 3428 2315 3499 lncipit
2350 3446 2363 3482 :
2403 3428 2810 3502 Ἀπειλήφαμεν
2840 3430 3125 3503 ἀλλήλους,
3153 3432 3413 3489 δέσποτα.
3453 3435 3697 3490 Primqu

2116 3517 2263 3574 edita
2288 3534 2320 3572 e
2355 3534 2458 3574 ms.
2491 3520 2645 3590 regio
2669 3520 2739 3575 ab
2759 3520 3029 3577 Auberto.

2192 3607 2313 3662 128.
2350 3608 2687 3675 Maximiani,
2718 3610 2961 3681 episcopi
2992 3609 3467 3684 Canstantiuopal.
3494 3613 3563 3668 ad
3589 3613 3698 3687 Cy-

2095 3699 2331 3754 ‘rillum.
2369 3700 2530 3756 Tam.
2558 3701 2623 3766 V,
2655 3709 2811 3772 parte
2840 3720 2900 3769 ιι,
2927 3719 3050 3775 pag.
3075 3704 3164 3760 94.
3202 3706 3399 3777 Incipit
3428 3724 3441 3759 :
3475 3708 3697 3779 Πεπλή-

2121 3791 2285 3862 ρωταί
2316 3809 2395 3846 σοι
2439 3791 2508 3846 τὰ
2541 3795 2643 3865 τῆς
2686 3793 3019 3867 ἐπιθυμίας,
3066 3813 3135 3854 ex
3181 3809 3335 3870 parte
3371 3816 3389 3854 ι
3432 3799 3695 3856 Actorum

2116 3879 2337 3934 concilii
2377 3880 2663 3952 Ephesini,
2707 3890 2837 3939 tom.
2863 3885 2904 3950 I,
2932 3902 3053 3958 pag.
3075 3888 3198 3943 410.
3226 3889 3419 3961 [Mansi
3454 3891 3511 3946 V.
3544 3891 3697 3963 257.]

2188 3971 2310 4027 129.
2354 3972 2589 4030 Nestorii
2624 3975 2692 4030 ad
2726 3975 3013 4047 Cyrillum.
3063 3979 3219 4035 Tom.
3256 3981 3321 4043 V.
3353 3990 3507 4053 parte
3546 3998 3605 4046 ιι,
3636 3999 3693 4053 p.

2114 4059 2205 4116 21.
2234 4062 2433 4134 Incipit
2459 4082 2472 4117 :
2504 4066 2669 4119 Οὐδὲν
2706 4068 3008 4130 ἐπιεικείας
3044 4070 3433 4143 Χριστιανικῆς
3463 4074 3695 4143 βιαιότε-

2118 4175 2233 4229 ρον.
2282 4158 2362 4212 Ex
2396 4166 2551 4227 parte
2589 4175 2604 4212 I
2639 4158 2827 4214 Actor.
2881 4162 3099 4217 concilii
3149 4163 3451 4234 Ephesini,
3504 4174 3636 4219 tom.
3673 4167 3696 4222 I

2115 4247 2282 4313 Biuii,
2314 4264 2369 4318 p.
2407 4247 2528 4303 120.
2562 4249 2825 4306 Exstatet
2854 4252 2912 4305 in
2938 4250 3187 4308 Garnerii
3211 4253 3524 4321 Mercatore,
3560 4263 3693 4311 tam.

2117 4337 2183 4404 11,
2223 4354 2277 4408 p.
2306 4338 2394 4392 44.
2426 4336 2568 4411 [Lat.
2590 4339 2655 4393 oin
2675 4340 2797 4395 cod.
2831 4340 3004 4397 Paris.
3036 4341 3361 4417 MCDLVII.]

2040 4467 2083 4522 ο
2181 4449 2304 4550 Alia
2336 4468 2350 4504 :
2381 4450 2492 4517 Τὰς
2525 4452 2624 4523 μὲν
2654 4452 2777 4506 καθ’
2803 4453 2956 4525 ὑμῶν
3001 4454 3187 4528 ὕϐρεις
3216 4457 3327 4512 τῶν
3362 4458 3697 4531 θαυμαστῶν

2115 4541 2210 4595 σοῦ
2243 4544 2611 4615 γραμμάτων.
2641 4544 2809 4611 Ibid.,
2840 4560 2965 4618 pag.
2993 4546 3185 4611 25-29,
3222 4563 3290 4602 ex
3317 4547 3510 4603 iisdem
3542 4551 3697 4606 Actis

2111 4646 2234 4703 pag.
2269 4631 2391 4686 122.
2423 4632 2493 4688 Ει
2518 4632 2575 4687 in
2602 4632 2856 4689 Carnerii
2883 4634 3196 4703 Mercatore,
3231 4645 3363 4691 tam.
3404 4639 3470 4703 II,
3518 4655 3571 4709 p.
3602 4642 3693 4706 57,

2111 4731 2279 4793 atque
2308 4723 2457 4795 apud
2488 4723 2771 4779 Baluzium
2797 4742 2919 4797 pag.
2948 4726 3053 4782 655
3088 4727 3248 4784 Norae
3274 4727 3515 4795 Collect.,
3538 4741 3595 4786 et
3623 4748 3695 4787 ex

2110 4816 2218 4871 alia
2257 4818 2431 4873 veteri
2464 4818 2723 4874 versione
2766 4819 2822 4873 in
2870 4818 3166 4875 collatione
3211 4830 3364 4876 sexta
3403 4824 3595 4895 synodi
3637 4843 3692 4888 ν,

2112 4913 2246 4961 tam.
2283 4907 2331 4963 11
2354 4907 2531 4973 Biuii,
2567 4917 2723 4980 parte
2757 4926 2829 4975 ιι,
2874 4925 2929 4981 p.
2971 4910 3058 4965 92.
3095 4910 3255 4966 Fam.
3294 4913 3537 4984 Utraque
3579 4916 3694 4971 Ne-

2109 4998 2268 5053 storii
2296 5000 2527 5070 epistola
2565 5000 2622 5055 iu
2651 5000 2822 5056 Mansi
2872 5000 3098 5057 Collect.
3131 5012 3262 5057 tom.
3302 5004 3392 5071 IV,
3412 5021 3467 5075 p.
3496 5006 3601 5062 885
3638 5018 3698 5064 et
3746 4986 3755 5024 ³

2109 5088 2233 5145 891.
2266 5089 2388 5145 Lat.
2423 5098 2556 5146 tom.
2588 5090 2654 5157 V,
2687 5107 2742 5162 p.
2774 5093 2871 5148 491
2889 5076 2961 5148 ἐι
2991 5093 3113 5148 715.
3148 5093 3319 5151 Hann.

2182 5179 2302 5234 150.
2343 5181 2497 5236 Pauli
2536 5181 2812 5249 Emeseni,
2846 5199 2877 5237 a
2899 5183 3109 5239 Joanne
3131 5182 3481 5241 Antiocheno
3511 5190 3694 5252 missi,

2108 5271 2347 5337 libellus,
2373 5271 2579 5343 Cyrillo
2618 5274 2838 5330 ablatus
2889 5262 3047 5329 'I‘om.
3080 5273 3145 5336 V,
3175 5283 3331 5343 parte
3375 5292 3435 5340 ιι,
3477 5293 3534 5346 p.
3564 5280 3693 5337 100.

2108 5365 2305 5436 Incipit
2333 5384 2345 5418 :
2373 5366 2438 5418 01
2471 5366 2855 5421 εὐλαϐέστατοι
2886 5367 2980 5419 καὶ
3017 5365 3315 5419 καλλίνικοι
3342 5367 3504 5437 ἡμῶν
3536 5370 3696 5442 βασι-

2108 5457 2240 5521 λεῑς.
2269 5457 2349 5512 Ex
2377 5467 2533 5527 parte
2560 5474 2616 5511 ιιι
2655 5458 2844 5512 Actor.
2884 5457 3103 5512 concilii
3132 5456 3420 5528 Ephesini,
3463 5477 3519 5532 p.
3563 5466 3696 5523 422.

2108 5547 2267 5603 Fara.
2299 5545 2417 5601 Lat.
2456 5547 2513 5601 in
2558 5547 2681 5601 cod.
2711 5546 2850 5603 bibl.
2883 5547 3059 5602 Paris.
3091 5547 3248 5617 publ.
3275 5551 3389 5606 vol.
3422 5552 3491 5610 111
3513 5554 3694 5613 Catal.

2108 5636 2406 5701 MCDLVII,
2446 5653 2503 5691 ιι.
2534 5638 2619 5691 77.
2649 5637 2818 5696 11Αιιι..

2180 5730 2303 5788 151.
2344 5728 2638 5786 Theodosii
2662 5730 2908 5790 Juniaris
2962 5734 3093 5807 imp.
3124 5738 3453 5812 rescriptum
3484 5739 3553 5796 ad
3582 5738 3695 5813 Cy-
