4024 6220
166 338 181 351 α
283 312 345 370 υ
1534 313 1819 373 NOTITIA
1848 317 1943 373 EX
1978 317 2307 375 FABRICIO.
3490 318 3560 373 82

280 429 497 483 tilium.
523 426 585 488 In
623 434 780 497 parte
808 443 824 481 ι
854 427 1115 483 Actorum
1144 427 1365 484 concilii
1400 426 1827 499 Ephesini,tom.
1857 434 1878 489 1
1908 445 1951 497 Α
1985 443 2133 490 teros
2181 442 2238 489 ct
2285 426 2762 498 archimandritas,
2797 447 2918 503 pag.
2954 431 3078 487 914.
3132 431 3328 502 Incipit
3357 430 3561 502 :Egrer

280 520 453 585 Binii,
503 535 629 592 pug.
686 520 807 576 162.
865 520 1068 591 Incipit
1111 539 1126 579 :
1173 521 1341 583 Μέλει
1387 523 1637 578 πλεῖστον
1690 529 1876 579 θεοσε-

278 614 438 679 Gela;
456 613 645 686 ἡμῶν.
666 612 870 686 (Mans.
893 614 983 680 IV,
1012 630 1136 685 pag.
1171 614 1351 682 nos;
1379 614 1500 671 Lat.
1535 615 1599 681 ν,
1635 631 1693 687 p.
1726 601 1872 677 529.]

354 708 482 768 Alia
517 725 638 782 pag.
664 710 788 766 164.
846 712 1093 782 Ηρτηται
1124 709 1225 779 τῆς
1248 711 1328 774 εἰς
1356 710 1489 766 Θεὸν
1515 709 1816 776 εὐσεϐείας.

282 873 445 933 VIII.
492 871 751 949 Scripta
808 866 1037 949 Cyrilli
1096 868 1294 949 edita,
1323 888 1457 949 quae
1485 871 1555 932 in
1600 871 1872 934 editione

461 948 676 1012 Paris.
712 948 1191 1011 Graeco—Latina
1224 948 1692 1012 desiderantur.

356 1094 479 1150 132.
513 1092 768 1166 Epistola
811 1093 883 1147 ad
933 1090 1224 1164 Optimum,
1290 1092 1594 1150 Antiochia:
1654 1094 1875 1151 Pisidia:

280 1187 626 1258 episcopum,
655 1200 779 1255 qua:
821 1184 1056 1254 incipit:
1085 1185 1196 1240 Καὶ
1248 1185 1425 1250 ἄλλως
1479 1186 1671 1257 ἡδέως.
1735 1188 1872 1244 Vide

282 1295 454 1350 supra
491 1280 550 1333 in
583 1277 792 1341 Indice,
823 1292 978 1330 num.
1010 1277 1098 1331 44.

356 1370 481 1424 155.
513 1368 1017 1433 Commonitorium,
1041 1367 1338 1424 Posidonio
1364 1369 1577 1437 datum,
1603 1371 1751 1442 quod
1783 1372 1870 1435 in:-

277 1458 454 1530 cipit:
500 1458 564 1511 '11
617 1457 914 1527 Νεστορίωδ
948 1457 1166 1523 πίστις,
1201 1459 1403 1529 μᾶλλον
1448 1461 1507 1514 δὲ
1559 1461 1867 1527 κακοδοξία.

277 1549 367 1623 [Υ.
398 1565 566 1621 supra
597 1549 655 1604 in
685 1548 892 1614 Indice,
914 1564 972 1603 n.
999 1548 1114 1621 39.]

348 1643 476 1698 154.
539 1640 791 1708 Libellus,
829 1657 865 1696 a
905 1640 1117 1713 Cyrillo
1168 1652 1226 1698 et
1288 1643 1599 1711 Memnone,
1666 1646 1869 1717 Ephesi

274 1735 482 1805 episc.,
521 1735 739 1789 oblatus
774 1733 1015 1789 concilio
1044 1734 1344 1805 Ephesino.
1392 1736 1530 1791 Vide
1578 1738 1634 1792 in
1670 1739 1869 1793 eodem

281 1822 477 1878 Indice
507 1841 522 1876 :
558 1822 785 1887 Εὐσεὸὲς
804 1823 1082 1894 θέσπισμα
1105 1826 1163 1876 ἐν
1193 1824 1340 1896 τῇδε.

359 1913 486 1968 155.
521 1913 891 1989 Fragmentum
944 1914 1194 1980 homiliaa,
1262 1914 1411 1985 quod
1448 1915 1642 1987 incipit
1671 1934 1685 1971 :
1712 1916 1867 1973 Dives

273 2014 358 2061 est
395 2005 553 2060 hodie
576 2005 832 2060 Dominus
860 2015 1058 2073 noster,
1100 2006 1155 2060 in
1182 2014 1337 2077 parte
1366 2023 1424 2062 ιιι
1459 2006 1645 2064 Actor.
1673 2009 1868 2081 synodi

274 2097 589 2168 Ephesium,
619 2097 800 2152 tom.I
837 2097 1005 2163 Binii,
1038 2112 1093 2168 p.
1116 2096 1242 2152 381.
1276 2096 1462 2164 Aliud,
1491 2113 1544 2168 p.
1589 2098 1714 2153 425.
1736 2098 1863 2165 Eos,

275 2191 368 2260 qui
393 2191 592 2261 pietate
627 2189 778 2258 ﬁrmi
806 2196 953 2254 sunt,
978 2196 1088 2244 etc.

351 2280 474 2335 136.
530 2280 779 2352 Epistola
831 2281 902 2335 ad
952 2279 1170 2334 clericos
1223 2278 1864 2350 Constantinopolitanae,

272 2374 494 2443 plenior
536 2389 608 2453 ex.
664 2373 822 2429 Marii
874 2371 1191 2428 Mercatoris
1237 2371 1506 2428 versione.
1536 2371 1673 2428 Vide
1701 2388 1868 2445 supra

272 2467 338 2523 in
358 2466 543 2523 Indice
573 2485 587 2520 :
630 2467 897 2535 Ἀνέτνων
925 2466 985 2519 τὸ
1012 2464 1439 2536 ὑπομνηστικόν.

357 2556 481 2609 157.
512 2554 764 2612 Collectio
786 2556 1000 2610 uberior
1027 2555 1284 2609 dictorum
1309 2555 1559 2620 Nestorii,
1585 2571 1651 2611 ex
1674 2555 1866 2613 Latina

275 2648 443 2703 Marii
486 2647 810 2704 Mercator-is
857 2648 1150 2715 versione,
1185 2657 1320 2705 tom.
1383 2648 1427 2704 II
1465 2647 1600 2703 edit.
1649 2648 1863 2706 Carne-

277 2740 469 2805 rianaa,
505 2755 559 2809 p.
605 2738 869 2795 103-106.

348 2829 475 2885 138.
498 2830 683 2886 Locus
714 2831 971 2903 insignis,
1003 2845 1114 2900 quo
1150 2830 1351 2886 scholia
1397 2831 1588 2904 Cyrilli
1631 2832 1699 2888 de
1732 2834 1866 2890 Uni-

268 2922 466 2993 genito
495 2922 744 2978 auctiora
769 2938 838 2978 ex
865 2939 969 2979 ms.
997 2922 1152 2979 dedit
1190 2923 1336 2978 idem
1371 2922 1613 2979 Joannes
1654 2924 1863 2980 Garno-

269 3017 414 3072 rius.
456 3016 595 3072 Vide
645 3032 833 3088 supra,
868 3033 1021 3071 num.
1075 3017 1128 3082 8,
1167 3016 1223 3071 in
1260 3016 1586 3071 recensione
1634 3032 1863 3088 operum

266 3121 398 3175 qua
437 3115 625 3162 tomus
656 3107 951 3163 VAuberti
982 3107 1245 3162 continet.

340 3194 479 3248 159.
518 3194 765 3265 Epistola
790 3195 860 3249 ad
889 3195 1141 3250 Acacium
1166 3195 1565 3251 Berrhoensem.
1598 3196 1659 3251 In
1689 3197 1861 3269 Syno-

266 3284 399 3339 dico
427 3284 695 3341 adversus
717 3286 1039 3357 tragmdiam
1065 3287 1280 3353 Irenati,
1312 3303 1360 3341 c.
1399 3288 1487 3353 56,
1528 3303 1585 3359 p.
1611 3288 1711 3342 851
1750 3305 1857 3359 sq.,

267 3375 417 3447 apud
442 3376 734 3431 Baluzium
757 3375 973 3433 Colleet.
1004 3394 1152 3433 nocte
1171 3379 1466 3444 concilior.,
1490 3396 1545 3450 p.
1578 3380 1857 3449 758-762;

267 3469 489 3525 Latine.
522 3468 756 3540 Incipit:
779 3468 1060 3523 Decen'tem
1092 3486 1148 3524 se
1177 3471 1339 3525 etiam
1378 3488 1519 3526 nunc
1551 3489 1736 3528 curam
1771 3474 1857 3528 in-

266 3565 401 3633 cipit
444 3564 704 3617 sanctitas
761 3570 874 3617 tua.
933 3561 1088 3617 Adde
1153 3562 1468 3619 Tillemont.
1529 3564 1685 3620 Tom.
1718 3566 1857 3633 XIV,

266 3668 399 3724 pag.
431 3653 557 3719 519,
593 3669 711 3725 seq.
768 3654 931 3709 Faue.
974 3685 1045 3694 —-
1072 3652 1132 3709 I'n
1170 3654 1444 3727 Synodico
1482 3657 1655 3713 multa
1700 3676 1859 3731 repe-

270 3745 499 3799 riuntur
527 3746 759 3801 collecta
790 3746 859 3802 de
890 3746 1072 3802 turbis
1109 3744 1476 3802 Orientalium
1510 3758 1633 3820 post
1669 3766 1858 3821 pacem

269 3834 501 3889 factam.
532 3834 703 3890 HARL.

344 3924 471 3979 140.
517 3926 602 3981 Ad
642 3926 898 3982 Acacium
929 3928 1326 3986 Melitinensem.
1370 3932 1557 3987 Baluz.
1585 3973 1599 3997 ,
1643 3950 1697 4005 p.
1732 3934 1854 4001 917,

268 4025 329 4071 et
359 4032 425 4072 ex
458 4018 567 4072 alia
597 4019 852 4075 versione
883 4021 939 4075 in
970 4021 1265 4080 collatione
1298 4024 1331 4079 5
1367 4024 1587 4080 concilii
1632 4042 1684 4090 γ,
1722 4034 1854 4081 tom.

266 4108 315 4165 II
355 4110 523 4176 Binii,
566 4121 726 4182 parte
764 4129 827 4179 ιι,
863 4128 918 4184 p.
949 4113 1038 4179 70,
1081 4115 1174 4170 ubi
1200 4116 1441 4172 traditur
1469 4116 1659 4172 eadem
1679 4117 1857 4190 Cyril-

265 4199 360 4254 lus
386 4200 554 4256 etiam
588 4202 878 4274 scripsisse
906 4203 976 4259 ad
1009 4204 1362 4261 Theodorum
1393 4207 1763 4280 Ancyranum,
1803 4217 1859 4265 et

264 4292 544 4360 Firmum,
580 4295 844 4355 Caesarem
885 4299 1246 4373 Cappadocia:
1304 4303 1646 4374 episcopum.
1704 4303 1772 4357 Et
1802 4302 1856 4356 in

262 4384 506 4454 epistola
536 4386 573 4440 5
601 4386 809 4462 Pelagii
841 4390 887 4445 II
922 4390 992 4446 ad
1044 4392 1335 4463 episcopos
1391 4393 1583 4448 Istriae.
1620 4391 1851 4462 Incipit:

261 4475 464 4531 Latere
491 4487 640 4533 tuam
674 4497 777 4535 non
801 4483 1035 4554 oportuit
1055 4487 1415 4540 sanctitatem.

337 4567 466 4621 141.
492 4568 576 4623 Ad
617 4569 913 4627 Rabbulam
944 4573 1289 4641 Edessenum,
1340 4577 1395 4631 in
1433 4576 1624 4631 eodem
1678 4575 1854 4647 Syno-

262 4660 419 4723 dico,
472 4676 529 4730 p.
583 4660 709 4728 812,
761 4663 896 4719 edit.
948 4665 1178 4721 Baluzii.
1236 4667 1752 4739 IncipitzPiissimo
1807 4676 1856 4721 et

261 4758 518 4806 amatore
548 4751 744 4809 Christi
766 4755 1092 4827 imperatore
1119 4758 1395 4830 dirigente.
1436 4759 1596 4815 ann.

342 4843 467 4898 142.
500 4844 587 4899 Ad
605 4846 957 4915 Aristolaum,
983 4850 1268 4906 tribunum
1284 4860 1341 4907 et
1364 4853 1659 4907 notarium.
1689 4852 1850 4918 Ibid.,

259 4949 393 5004 pag.
452 4932 576 4989 889.
633 4935 832 5008 Incipit
863 4957 877 4992 :
908 4938 1166 4995 Dominus
1229 4957 1374 4995 meus
1433 4941 1853 5013 religiosissimus

260 5024 675 5083 Beronicianus.
723 5029 794 5084 Et
822 5045 878 5100 p.
906 5030 1032 5086 915.
1078 5032 1275 5103 Incipit
1313 5052 1326 5086 :
1358 5033 1582 5088 Piarum
1620 5036 1852 5089 sanctio-

263 5133 393 5172 num
421 5136 543 5190 qua:
566 5137 754 5192 nuper.
780 5122 939 5178 Adde
962 5123 1281 5181 Tillemont.
1311 5132 1444 5181 tom.
1468 5125 1606 5190 XIV,
1636 5142 1690 5195 p.
1726 5124 1849 5181 619.

333 5213 460 5267 145.
498 5213 578 5267 Ad
603 5213 949 5269 Theodosium
978 5216 1110 5287 imp.
1146 5217 1331 5271 Baluz.
1356 5258 1369 5282 ,
1397 5232 1452 5288 p.
1478 5216 1599 5273 894.
1619 5216 1846 5288 Incipit:

266 5302 547 5359 diurnam
578 5307 741 5361 vitam
768 5308 1046 5378 providere
1077 5328 1108 5363 a
1136 5318 1302 5364 terra.

337 5397 456 5451 144.
478 5397 561 5452 Ad
590 5397 855 5454 Joannem
884 5399 1289 5455 Antiochenam.
1321 5402 1484 5463 Ibid.,
1517 5418 1571 5471 p.
1607 5401 1729 5456 914.
1760 5400 1850 5455 In-

267 5486 397 5556 cipit
436 5506 451 5539 :
502 5487 733 5543 Litteras
786 5507 820 5543 a
862 5500 958 5544 tua
1014 5492 1335 5562 perfectione
1384 5494 1754 5555 transmissus;
1798 5500 1853 5545 et

263 5592 317 5647 p.
353 5579 482 5635 916.
512 5579 747 5650 Incipit:
784 5580 900 5653 Ego
933 5584 1142 5654 quidem
1177 5586 1479 5640 abstersisse
1501 5604 1531 5640 a
1562 5602 1636 5641 se.
1667 5585 1851 5641 Graece

263 5677 318 5723 et
350 5670 551 5727 Latine
582 5673 638 5728 in
659 5672 915 5732 Garnerii
945 5676 1207 5733 Auctario
1232 5679 1575 5734 Thcodoriti.

331 5763 457 5820 145.
483 5764 567 5819 Ad
590 5766 910 5836 Maximum,
933 5769 1217 5838 Joannem,
1248 5772 1601 5841 Thalassium,
1618 5774 1849 5846 presby-

1976 527 2097 597 gius.
2113 525 2323 596 quidem
2359 523 2505 579 zelus
2529 523 2887 595 religiositatis
2913 532 3099 580 vestra
3121 532 3239 581 εει..

2051 618 2177 676 146.
2206 618 2288 672 Ad
2326 617 2599 683 Mosteum,
2632 616 2903 677 Antaradi
2953 615 3463 688 episcapum.1bid.,
3503 632 3561 687 p.

1976 706 2102 760 917.
2136 707 2334 777 Incipit
2362 727 2377 761 :
2401 708 2517 779 Ego
2538 708 2750 779 quidem
2780 723 2988 778 semper
3017 714 3121 761 tua:
3144 706 3499 779 religiositati.

2025 820 2171 879 .147.
2213 821 2459 893 Epistola
2510 821 2580 875 ad
2623 821 2948 884 Nestorium,
2976 834 3048 874 ex
3096 818 3333 873 Arabico
3381 834 3557 885 versa,

1976 912 2123 982 apud
2156 913 2458 968 Eusebium
2501 913 2890 968 chaudotum
2936 912 2995 967 in
3047 911 3287 966 Historia
3322 914 3561 982 patriar-

1974 1003 2196 1057 charum
2236 1002 2414 1068 Alea,
2461 1019 2516 1074 p.
2562 1004 2683 1059 109.
2719 1004 2917 1075 Incipit
2944 1020 2957 1056 :
2984 1003 3105 1059 Non
3147 1004 3346 1058 credidi
3377 1020 3560 1059 verum

1976 1111 2085 1149 esse
2118 1096 2261 1167 quod
2295 1097 2358 1151 de
2388 1105 2456 1151 te.

2046 1183 2167 1239 148.
2204 1183 2528 1256 Fragmenta
2555 1201 2619 1238 ea:
2640 1200 2883 1239 sermone
2903 1184 2967 1238 de
2986 1184 3111 1254 ﬁde.
3148 1184 3314 1251 Ibid.,
3344 1200 3398 1255 p.
3430 1184 3555 1239 927.

1973 1272 2148 1346 Incip.
2176 1295 2191 1330 :
2229 1277 2345 1348 Ego
2370 1286 2821 1349 contemperatum
2854 1294 2957 1332 non
2989 1279 3203 1348 recipio.

2046 1368 2167 1423 149.
2198 1368 2519 1441 Fragmenta
2563 1385 2627 1424 ea:
2658 1369 2879 1440 epistola
2912 1370 2982 1423 ad
3013 1370 3295 1424 monachos
3342 1367 3557 1423 Phaen-

1970 1479 2074 1527 ses,
2099 1475 2293 1517 contra
2314 1478 2536 1519 errores
2551 1462 2827 1533 Origeuis.
2850 1460 3154 1518 Concilior.
3182 1469 3313 1516 tom.
3340 1461 3383 1515 V
3418 1460 3555 1515 edit.

1972 1554 2199 1619 Labbei,
2226 1571 2281 1624 p.
2319 1555 2578 1610 657-660.
2688 1552 2691 1553 ί

2046 1646 2164 1702 150.
2204 1646 2463 1718 Praefatio
2479 1648 2533 1701 in
2553 1647 2757 1718 cyclum
2786 1646 3092 1718 pace/talem
3123 1663 3393 1702 annorum
3419 1645 3559 1702 XCV

1975 1738 2282 1811 (conditum
2314 1738 2380 1793 A.
2416 1739 2479 1795 C.
2523 1738 2648 1794 456.
2691 1738 2829 1795 Vide
2881 1738 3197 1794 Tillemont.
3237 1745 3370 1793 tom.
3414 1738 3553 1801 XIV.

1972 1846 2094 1903 pag.
2128 1831 2231 1886 623
2254 1828 2419 1902 seq.),
2454 1830 2646 1888 Latine
2674 1828 3164 1901 editaeeab‘JEgidio
3196 1828 3470 1899 Bucherio
3501 1829 3559 1883 in

1968 1920 2225 1976 Doctrina
2258 1929 2572 1994 temporum,
2612 1936 2741 1993 pag.
2770 1920 3031 1975 481-484;
3074 1919 3357 1991 Antwerp.
3394 1919 3553 1981 1654,

1969 2012 2062 2067 fol.
2096 2012 2227 2086 [Sed
2262 2013 2591 2083 locupletior
2625 2021 2712 2069 est
2761 2012 2818 2067 in
2871 2012 2994 2068 cod.
3054 2011 3115 2065 Β.
3170 2011 3324 2083 pubi.
3379 2012 3554 2067 Paris.

1968 2103 2225 2169 DCIX,n.
2254 2104 2308 2158 4.
2339 2103 2404 2159 V.
2432 2103 2552 2161 Gat.
2586 2102 2749 2159 codd.
2783 2102 2980 2169 Paris.,
3012 2101 3104 2169 III,
3136 2116 3259 2173 pag.
3293 2096 3408 2174 51.]
3441 2100 3555 2156 Me-

1968 2193 2131 2247 minit
2163 2193 2300 2265 cycli
2316 2193 2496 2259 illius,
2534 2207 2617 2248 ex:
2651 2192 2895 2262 quinque
2925 2190 3093 2263 cyclis
3152 2185 3556 2246 decemuoven—

1966 2285 2188 2349 nalibus
2222 2286 2550 2349 constantis,
2581 2282 2901 2355 Sigebertus
2937 2282 3367 2349 Gemblacensis‘,
3410 2297 3461 2336 c.
3484 2281 3556 2335 24

1964 2375 2046 2430 De
2074 2376 2413 2449 scriptoribus
2449 2374 2829 2430 ecclesiasticis.
3514 2390 3521 2397 ’

2035 2467 2158 2522 151.
2192 2467 2453 2539 Liturgia,
2488 2481 2553 2521 ex
2583 2464 2818 2520 Arabico
2839 2463 3033 2520 Latine
3068 2478 3277 2520 versaa
3310 2464 3554 2520 Victoria

1968 2556 2240 2628 Scialagh.
2271 2556 2530 2628 Augustae
2555 2555 2826 2612 Viudelic.
2857 2553 3015 2621 1604,
3056 2555 3197 2621 ίιι-4,
3232 2563 3395 2625 atque
3424 2554 3553 2608 inde

1966 2649 2024 2703 in
2059 2648 2197 2704 Bibl.
2246 2648 2474 2704 Patrum
2510 2647 2688 2703 Paris.
2720 2663 2772 2703 a.
2799 2647 2955 2703 1654.
2991 2646 3149 2702 Tom.
3176 2646 3265 2702 Vl.
3302 2646 3553 2701 Maxima

1966 2742 2318 2805 auctoritatis,
2353 2740 2532 2810 inquit
2551 2739 2927 2811 Villalpandus
2951 2739 3007 2794 in
3023 2754 3144 2810 cap.
3171 2754 3208 2793 ιι
3222 2737 3549 2802 Ezechielis,

1965 2845 2020 2902 p.
2051 2831 2178 2897 312,
2203 2831 2365 2885 videri
2396 2830 2543 2885 debet
2572 2829 2629 2886 S.
2663 2829 2893 2903 Cyrillus
2921 2831 2976 2885 in
3010 2846 3071 2884 ea
3109 2828 3353 2900 liturgia,
3391 2845 3553 2901 quam

1966 2938 2134 2993 nuper
2158 2938 2223 2976 ea:
2242 2922 2561 2994 Egyptiaca
2607 2922 2789 2994 lingua
2817 2923 2871 2976 in
2896 2922 3145 2994 Latinam
3170 2923 3423 2977 convertit
3464 2921 3551 2975 Vi-

1965 3015 2160 3068 ctorius
2219 3014 2559 3079 Hacurensis,
2595 3013 2886 3079 Maronita,
2923 3030 3190 3084 quamque
3222 3012 3432 3085 vulgari
3462 3029 3553 3066 cu—

1888 3125 1931 3183 c
1967 3111 2053 3157 rat
2089 3103 2350 3160 Velserus.
2376 3104 2621 3179 Liturgia
2652 3105 2788 3170 haec,
2820 3105 3054 3183 Arabice
3078 3114 3137 3161 et
3162 3103 3387 3176 Coptice
3409 3105 3549 3160 scri-

1962 3204 2076 3267 pta,
2104 3196 2160 3250 in
2197 3196 2534 3252 membranis
2563 3195 2669 3251 fuit
2696 3196 2842 3252 inter
2871 3212 3003 3252 mss.
3030 3195 3252 3252 codices
3277 3196 3350 3251 Ι).
3372 3195 3549 3251 Abra-

1963 3286 2111 3341 hami
2166 3286 2605 3350 Hinckelmanni.
2655 3288 2814 3342 Faue.
2846 3289 2999 3343 ——In
3032 3288 3154 3344 cod.
3208 3287 3438 3343 Coislin.
3492 3288 3552 3342 in

1961 3379 2252 3436 Montfauc.
2278 3379 2397 3435 Cat.
2422 3380 2544 3434 bibl.
2586 3380 2862 3452 Coisl.,'p.
2907 3382 3027 3447 188,
3067 3382 3328 3437 tribuitur
3358 3382 3443 3437 illa
3479 3383 3547 3436 li-

1962 3475 2141 3545 turgia
2164 3473 2389 3540 Iacobo,
2429 3472 2586 3529 fratri
2617 3473 2854 3528 Domini.
2885 3503 2956 3513 -—
2980 3475 3038 3529 In
3069 3473 3198 3531 Sch.
3234 3474 3547 3529 Renaudoti

1961 3564 2178 3620 Collect.
2207 3565 2475 3637 liturgiar.
2504 3564 2879 3631 Orientalium,
2917 3575 3050 3621 tom.
3080 3566 3143 3632 'I,‘
3172 3565 3348 3622 Paris.
3387 3566 3547 3630 1716,

1960 3657 2015 3721 4,
2051 3674 2105 3727 p.
2137 3657 2227 3724 38,
2263 3664 2321 3713 et
2345 3656 2595 3712 Renaud.
2621 3665 2738 3712 not.
2769 3674 2824 3727 p.
2858 3657 3134 3728 313'sqq.,
3165 3656 3353 3730 Cyrilli
3389 3655 3545 3712 Alex.

1960 3748 2179 3821 liturgia
2210 3749 2354 3805 inter
2379 3756 2490 3805 tres
2508 3749 2760 3822 Iiturgias
2782 3748 3125 3821 Coptitarum
3148 3748 3547 3815 Jacobitarum,

1960 3856 2027 3896 ex
2053 3840 2283 3912 Coptico
2299 3857 2595 3897 conversas
2618 3842 2712 3896 :~in
2744 3848 2876 3897 tom.
2900 3841 2969 3908 II,
2995 3858 3054 3896 n.
3077 3840 3237 3913 20,p.
3255 3841 3382 3908 275,
3404 3850 3549 3897 notae

1957 3948 2014 4004 p.
2046 3932 2183 3999 285,
2203 3965 2274 3973 -
2298 3933 2441 3989 inter
2472 3933 2747 4004 Iiturgias,
2780 3949 2849 3990 ex
2890 3933 3052 3989 codd.
3085 3933 3325 4005 Syriacis
3353 3932 3548 3989 Latine

1958 4041 2161 4081 versas.
2189 4026 2329 4081 Add.
2359 4026 2566 4081 Abrah.
2613 4025 3027 4081 Ecchellensem
3070 4025 3123 4077 in
3160 4025 3309 4080 notis
3352 4024 3421 4079 ad
3458 4039 3552 4080 ca-

1961 4117 2121 4187 talog.
2179 4117 2447 4171 librorum
2484 4114 2766 4171 Chaldaic.
2797 4124 2853 4169 et
2879 4114 3143 4186 Syrorum
3188 4113 3343 4170 Ebed
3392 4115 3550 4188 Iesu,

1958 4226 2077 4281 cap.
2104 4210 2193 4265 29.
2212 4211 2277 4267 V.
2303 4208 2593 4265 Renaudot
2616 4207 2763 4277 apud
2791 4209 3162 4265 Montfaucon.
3194 4209 3249 4264 in
3273 4208 3542 4282 Palazoyr.

1959 4300 2164 4365 Graeca,
2200 4316 2254 4371 p.
2298 4299 2425 4365 514,
2453 4298 2523 4353 de
2564 4297 2818 4369 liturgia,
2857 4314 2980 4368 qua:
3014 4299 3221 4354 dicitur
3246 4300 3309 4354 D.
3348 4299 3540 4363 Marci,

1958 4392 2272 4447 charactere
2327 4389 2866 4462 {Egyptico—Grteco,
2918 4405 3082 4459 quam
3134 4405 3266 4445 vero
3321 4390 3547 4445 adnotat

1889 4488 1932 4542 1)
1959 4481 2092 4537 ibid.
2154 4480 2447 4537 Renaudot—
2499 4481 2750 4538 eamdem
2812 4495 2933 4537 esse
3006 4488 3172 4550 atque
3237 4496 3359 4536 eam
3424 4497 3547 4550 qua:

1959 4574 2184 4644 Copticc
2215 4582 2394 4629 exstet
2418 4573 2521 4629 sub
2541 4573 2764 4629 nomine
2786 4571 2994 4644 Cyrilli.
3016 4602 3086 4612 -—
3115 4570 3287 4626 Paris.
3321 4571 3378 4625 in
3406 4571 3541 4627 bibl.

1958 4664 2110 4734 pubi.
2139 4664 2284 4719 inter
2316 4663 2476 4719 codd.
2503 4662 2831 4728 Orientales,
2869 4661 3175 4719 secundant
3224 4670 3331 4716 cat.
3380 4659 3541 4716 codd.

1958 4757 2130 4813 Paris.
2160 4757 2270 4813 v01.
2305 4757 2349 4823 I,
2382 4773 2436 4827 p.
2455 4757 2543 4821 54,
2571 4757 2663 4822 57,
2691 4756 2781 4821 60,
2800 4756 2870 4810 72
2889 4765 2947 4812 et
2971 4755 3277 4828 73,.Cyrilli
3298 4755 3542 4827 Iiturgia,
3590 4746 3603 4833 ξ

1964 4848 2212 4920 Syrisce,
2246 4847 2301 4904 in
2325 4848 2486 4903 codd.
2517 4847 2734 4913 XXXII,
2770 4864 2827 4901 n.
2856 4847 2911 4912 2,
2950 4846 3136 4912 LXVI,
3164 4845 3347 4912 XCIV,
3395 4863 3452 4901 η.
3487 4847 3539 4901 5.
3596 4912 3601 4923 ί

1956 4970 2028 4980 ——
2059 4940 2304 5011 COptice,
2336 4941 2391 4994 in
2421 4939 2755 5005 cod.XXVI,
2788 4956 2846 4993 n.
2870 4940 2924 5005 3,
2954 4954 3081 4994 cum
3113 4938 3347 4994 Arabica
3368 4939 3541 4993 inter-

1956 5031 2289 5101 pretatione,
2319 5041 2376 5086 et
2402 5031 2561 5086 codd.
2585 5029 2780 5097 XXXI,
2804 5047 2862 5088 n.
2903 5029 2958 5095 5,
2980 5038 3145 5100 atque
3169 5028 3307 5095 XLI,
3339 5045 3368 5084 c
3390 5029 3540 5086 (ἔτευ-

1930 5138 2022 5178 ~ea
2070 5123 2259 5195 lingua
2303 5124 2359 5179 in
2414 5123 2695 5193 Copticam
2762 5138 3057 5190 conversa;
3088 5121 3371 5187 dimidiam
3410 5138 3543 5177 veru

1956 5222 2172 5284 partem
2219 5226 2453 5287 occupat
2496 5216 2681 5272 versio
2715 5214 2970 5271 Arabica.
2994 5213 3280 5271 -—Oxonii
3309 5215 3365 5269 in
3403 5215 3536 5269 bibl.

1955 5307 2161 5363 Bodlei.
2190 5325 2245 5362 n.
2266 5309 2398 5364 5291
2439 5309 2721 5373 Cat.,inter
2748 5308 2907 5373 codd.
2927 5307 3151 5373 Thomas
3174 5307 3537 5371 Maresclralli,
3568 5320 3585 5335 κ

1956 5408 2120 5471 atque
2147 5418 2203 5456 n.
2239 5402 2377 5457 5878
2392 5419 2457 5458 ac
2494 5403 2655 5469 5879,
2683 5403 2826 5458 inter
2850 5399 3395 5469 codd.,IIuntington.
3429 5398 3539 5454 C0-

1955 5494 2103 5563 ptice
2135 5504 2193 5550 et
2217 5494 2383 5550 Arab.
2417 5496 2585 5551 Hann.

2026 5588 2148 5642 152.
2172 5586 2492 5659 Fragmenta
2536 5605 2599 5642 ea:
2640 5586 2859 5642 homilia
2892 5586 3028 5657 πρὸς
3062 5586 3188 5649 τοὺς
3223 5585 3540 5658 τολμῶντας

1954 5679 2152 5749 λέγειν,
2190 5679 2264 5750 μὴ
2313 5679 2425 5740 δεῖν
2470 5679 2607 5751 ὑπὲρ
2658 5676 2763 5732 τῶν
2802 5678 2861 5731 ἐν
2909 5677 3091 5731 πίστει
3124 5681 3541 5749 κεκοιμημένων

1958 5771 2309 5845 προσφέρειν,
2334 5772 2603 5829 οαᾱῑιενδιιε
2664 5789 2769 5841 ωδ,
2812 5772 2899 5844 qui
2949 5781 3163 5844 negant,
3219 5772 3541 5844 oﬁ‘rrendum
