4024 6220
398 282 466 335 87
1637 283 1917 340 NOTITIA
1954 285 2048 340 EX
2086 284 2421 341 FABRICIO.
3591 283 3661 338 88

404 425 473 436 —-
503 394 562 451 In
593 397 717 452 cod.
744 400 964 469 quidem
1000 400 1200 455 Caesar.
1229 399 1295 463 X,
1334 415 1388 452 n.
1426 399 1512 464 12,
1544 399 1748 470 Cyrillo
1775 400 1972 455 tribui-
2002 407 2044 464 Α
2076 403 2156 457 nit
2180 402 2415 474 Cyrillus
2446 401 2563 472 ipse
2586 398 3521 472 epistola'adEulogium,pag.151.
3548 398 3663 453 Κύ-

410 489 598 544 tur.V.
625 488 880 545 Lambec.
907 490 1199 545 Comment.
1231 490 1338 544 vol.
1366 491 1452 555 VI,
1478 499 1618 560 part.
1651 507 1688 554 ι,
1712 490 1853 561 p.82
1873 507 1979 561 sq.;

407 579 501 634 sed
535 579 809 635 Kollarius
850 581 907 634 in
939 591 1088 646 nota,
1125 581 1221 636 ubi
1259 582 1468 637 multus
1502 593 1590 654 est
1631 583 1698 639 de
1735 584 1838 637 ista
1879 583 1983 637 bo-

406 670 575 734 milia,
598 671 1004 734 animadvertit,
1031 687 1151 726 eam
1185 688 1410 743 prorsus
1447 673 1720 729 diversam
1759 689 1878 730 esse
1913 675 1982 729 ab

406 757 496 812 illa
527 759 582 813 S.
608 759 794 831 Cyrilli
813 760 1054 826 homilia,
1085 778 1206 832 qua:
1233 763 1346 819 fere
1375 764 1618 835 ejusdem
1651 766 1979 835 argumenti,

407 850 503 904 scd
541 850 733 907 Latine
768 860 1001 919 tantum,
1034 855 1302 910 habeatur
1329 857 1465 911 edit.
1503 856 1688 928 Cyrilli
1716 873 1844 927 opp.
1876 857 1982 911 Pa-

407 943 593 1000 risina:
624 961 673 999 a.
708 946 864 1013 1658,
901 956 1033 1003 tom.
1062 949 1127 1015 V,
1164 959 1306 1019 part.
1341 966 1398 1014 η,
1428 965 1550 1021 pag.
1582 950 1704 1005 416.
1741 951 1909 1004 ΗΑκι..

481 1035 601 1091 176.
642 1037 702 1092 In
734 1037 955 1095 Catenis
1006 1040 1228 1096 ineditis
1255 1042 1324 1096 ad
1350 1042 1484 1097 Acta
1523 1052 1580 1098 et
1607 1043 1678 1096 ad
1705 1041 1984 1114 epistolam

406 1127 589 1183 Jacobi
622 1137 678 1186 et
728 1133 960 1202 primam
1008 1133 1154 1188 Petri
1202 1151 1264 1188 ac
1304 1135 1547 1200 Joannis,
1581 1134 1766 1206 Cyrilli
1823 1135 1978 1190 Alex.

412 1222 677 1294 symbolae
708 1223 988 1296 leguntur.
1029 1225 1166 1281 Vide
1195 1226 1566 1282 Montt’auconi
1614 1227 1752 1282 Bibl.
1790 1226 1982 1284 Coisli-

410 1315 654 1380 nianam,
690 1330 813 1386 pag.
842 1316 966 1372 265.
995 1317 1154 1372 FABR.
1186 1318 1250 1372 V.
1283 1332 1449 1388 supra
1463 1319 1570 1372 vol.
1600 1319 1738 1383 VIII,
1769 1334 1824 1388 p.
1856 1319 1980 1382 695,

408 1405 512 1459 695
537 1415 593 1460 et
615 1405 737 1471 696,
778 1407 844 1462 dc
874 1415 1064 1463 catena
1090 1409 1147 1463 in
1174 1409 1448 1480 Epistolas
1473 1409 1647 1464 Pauli.
1668 1409 1758 1465 Sic
1787 1424 1981 1464 occur-

408 1505 542 1550 runt
565 1495 858 1569 Cyrilliana
885 1497 1078 1570 fragm.
1103 1499 1159 1554 in
1204 1499 1412 1553 catenis
1435 1499 1489 1552 in
1511 1497 1779 1567 Epistolas
1805 1497 1982 1561 Pauli,

407 1587 464 1642 in
498 1588 770 1659 Epistolas
785 1590 1098 1653 catholicas,
1125 1591 1179 1643 in
1212 1589 1280 1644 IV
1305 1587 1614 1659 Evangelia,
1636 1587 1689 1642 in
1721 1587 1982 1650 Psalmos,

408 1680 462 1733 in
494 1681 692 1735 Jobum
715 1690 771 1734 et
799 1681 1090 1735 Parabolas
1121 1679 1428 1736 Salomonis
1461 1679 1750 1733 Florentiae
1791 1678 1846 1732 in
1889 1692 1984 1732 co-

2090 495 2267 564 ρύξλον
2294 495 2350 546 ὲν
2376 495 2493 556 ταῖς
2533 493 2909 563 Ἀπιρρήσεσι
2943 490 3130 546 laudat
3157 489 3487 559 Ephraimus
3513 489 3660 559 apud

2088 584 2344 639 Photium
2402 585 2524 640 θοὰ.
2569 599 2785 650 ccum,
2812 600 2934 655 pag.
2988 582 3113 637 414.
3163 579 3377 635 Walcb.
3418 579 3455 634 l.
3495 596 3568 644 c.,
3602 597 3658 650 p.

2089 677 2213 742 682,
2245 677 2577 747 suspicatur,
2614 677 2718 731 sub
2751 691 2819 731 eo
2855 673 3270 745 intelligendum
3319 686 3442 726 esse
3470 670 3662 742 Cyrilli

2086 770 2503 841 Apologeticum
2541 784 2642 839 pro
2671 769 2766 823 Xll
2808 769 3064 838 capitulis
3112 767 3170 820 in
3215 763 3386 820 Mansi
3418 761 3660 826 Collect.,

2090 871 2222 917 tom.
2246 862 2312 926 V,
2340 876 2461 931 pag.
2501 860 2588 914 19.
2614 858 2777 924 Add.,
2803 874 2956 913 num.
2983 858 3068 924 18,
3108 872 3273 927 supra
3300 895 3314 920 ,
3356 855 3412 908 in
3468 867 3663 908 recen-

2089 955 2243 1010 sione
2282 967 2511 1024 operum
2551 966 2673 1022 qua:
2708 960 2888 1005 tomus
2930 949 3022 1005 VII
3063 948 3198 1004 edit.
3247 945 3476 1005 Auberti
3515 959 3663 999 com-

2089 1047 2368 1116 plectitur.
2401 1043 2594 1117 HABL.]

2162 1138 2403 1206 180.,De
2438 1154 2721 1210 synagoga:
2745 1137 2947 1207 defectu
2977 1133 3124 1189 liber.
3163 1129 3500 1195 Gennadius,
3539 1144 3660 1200 cap.

2091 1233 2156 1288 57
2189 1231 2266 1285 De
2301 1233 2640 1303 scriptoribus
2678 1229 2856 1284 eccles.

2157 1322 2280 1376 181.
2321 1321 2519 1378 Contra
2554 1321 2921 1376 Messalianos.
2963 1316 3282 1372 Tillemont.
3338 1323 3472 1368 tom.
3518 1311 3661 1375 XIV,

2091 1428 2211 1483 pag.
2227 1411 2349 1476 6-15,
2381 1411 2502 1466 669.

2162 1503 2285 1557 182.
2324 1503 2497 1568 Liber,
2538 1511 2657 1556 acta
2692 1503 2878 1574 synodi
2915 1508 3099 1554 contra
3119 1496 3419 1552 Nestorium
3451 1495 3664 1564 eiusque

2093 1592 2318 1648 asseclas
2365 1593 2729 1664 complectens,
2780 1608 2964 1663 quem,
3005 1607 3113 1644 una
3139 1604 3262 1644 cum
3302 1587 3444 1640 libro
3481 1595 3664 1639 contra

2091 1685 2319 1740 Nestorii
2345 1684 2696 1756 blaspliemias
2729 1684 2954 1753 scripto,
2990 1681 3205 1735 misisse
3235 1693 3294 1732 se
3337 1677 3405 1731 ad
3445 1690 3662 1746 praepo-

405 1769 624 1824 tlicibus
654 1770 790 1825 bibl.
819 1770 1080 1826 Laurent.
1124 1772 1318 1826 Medic.
1351 1771 1414 1825 V.
1439 1769 1666 1824 Bandin.
1693 1767 1812 1824 Cat.
1839 1768 1988 1822 codd.
2025 1773 2066 1828 Β
2095 1777 2260 1832 situm
2293 1784 2525 1832 testatur
2553 1773 2790 1846 Cyrillus
2830 1771 3060 1843 epistola
3094 1770 3162 1824 ad
3195 1769 3506 1838 Eulogium,
3536 1782 3658 1836 pag.

406 1859 575 1916 Cra'c.
609 1861 796 1930 Laur.,
827 1862 870 1928 I,
907 1879 1029 1933 pag.
1053 1862 1176 1927 565,
1202 1862 1323 1928 102,
1360 1862 1460 1917 159
1485 1869 1541 1916 et
1575 1861 1668 1916 161
1695 1879 1709 1928 ;
1738 1875 1860 1932 pag.
1890 1859 1980 1925 91,

405 1968 462 2006 n.
494 1952 592 2019 21;
625 1969 747 2024 pag.
784 1954 852 2009 52
880 1963 934 2008 et
959 1954 1082 2008 297.
1108 1953 1276 2008 ΒΑΜ..

477 2043 600 2098 177.
639 2044 907 2114 Κυρίλλου
956 2045 1037 2108 εἰς
1084 2044 1181 2107 τὰς
1240 2043 1620 2114 ἀπορουμένας
1661 2041 1836 2106 λέξεις
1884 2041 1984 2112 τῆς

408 2135 570 2203 ἁγίας
613 2136 854 2207 Γραφῆς.
903 2135 1000 2191 Ms.
1043 2136 1097 2190 in
1134 2135 1302 2190 variis
1332 2134 1702 2199 bibliothecis,
1734 2133 1823 2187 cui
1849 2131 1984 2189 sub-

403 2229 652 2299 jungitur
696 2228 993 2300 Ἐρμηνεία
1018 2229 1295 2299 ὀνομάτων
1327 2228 1419 2282 καὶ
1448 2227 1644 2293 λέξεων
1679 2225 1984 2298 Ἑϐραϊκῶν

405 2321 514 2371 τῶν
559 2320 617 2372 ὲν
657 2321 770 2382 τοῖς
831 2319 1002 2383 Θείαις
1046 2320 1310 2391 Γραφαῖς.
1361 2317 1520 2382 Vide,
1561 2318 1606 2372 si
1636 2318 1832 2388 placet,
1863 2332 1985 2388 qua:

407 2411 519 2466 dixi
554 2427 741 2482 supra,
779 2412 878 2466 lib.
910 2428 982 2495 tv,
1018 2429 1138 2482 cap.
1183 2411 1293 2484 [56,
1328 2411 1437 2466 vol.
1472 2411 1561 2476 VI,
1595 2426 1718 2481 pag.
1746 2409 1846 2464 199
1873 2407 1981 2480 sq.]

408 2503 568 2557 FABB.
611 2534 681 2544 —
720 2504 893 2558 Paris.
937 2503 994 2556 in
1027 2503 1164 2556 bibl.
1211 2503 1366 2572 publ.
1417 2501 1541 2558 cod.
1575 2499 1978 2564 DCCCXLVIII,

411 2611 466 2647 n.
496 2594 550 2648 2.
590 2593 782 2665 Cyrilli
826 2593 981 2647 Alex.
1012 2609 1168 2648 rocc.
1203 2592 1459 2648 Hebraic.
1507 2590 1852 2663 alphabetico
1887 2605 1980 2646 or-

408 2685 537 2739 dine
566 2685 922 2755 digestarum,
963 2684 1364 2754 interpretatio.
1403 2683 1574 2738 HABL.

481 2771 603 2826 178.
642 2770 979 2826 Glossarium
1016 2771 1264 2828 Graecum
1313 2771 1416 2827 sub
1473 2772 1660 2844 Cyrilli
1696 2773 1850 2828 Alex.
1884 2787 1983 2827 no-

410 2862 560 2916 mine
596 2861 790 2918 itidem
823 2878 929 2918 ms.
986 2864 1133 2934 quod
1166 2864 1362 2934 incipit
1391 2881 1407 2923 ξ
1438 2863 1665 2928 Ἀασας,
1703 2864 1940 2933 ἔϐλαψας
1966 2880 1978 2892 ο

407 2957 688 3028 ἀασάμην,
743 2957 1018 3029 ὲϐλάϐηνο
1083 2959 1310 3026 ἀάσατο,
1363 2960 1648 3030 ἠγνόησεν,
1697 2960 1977 3030 ἥμαρτεν

410 3047 728 3118 ἐφθόνησεν,
747 3049 1012 3113 ἀάπτους,
1035 3050 1536 3120 ἀπροσπελάστους.
1559 3051 1716 3104 ann.
1737 3050 1985 3106 —Vene-

410 3107 502 3193 tiis
529 3107 748 3195 in'bibl.
780 3141 946 3197 Marc.
971 3107 1332 3209 puixvm,
1391 3107 1569 3200 exstat
1599 3142 1672 3214 Cy
1686 3142 1792 3197 rilli
1826 3142 1980 3197 Alex.
2010 3107 2053 3164 C

411 3232 672 3298 Lexicon,
705 3233 863 3304 cujus
893 3233 1113 3288 initium
1154 3243 1239 3290 est
1271 3252 1282 3288 :
1323 3235 1448 3293 'Aa,
1494 3233 1744 3303 σύστημα
1774 3232 1983 3296 ὕδατος,

411 3326 690 3381 diversum
726 3327 794 3381 ab
835 3342 902 3382 eo
925 3325 1074 3398 quod
1114 3326 1170 3381 h.
1201 3327 1237 3381 Ι.
1265 3327 1398 3382 citat
1420 3325 1724 3385 Fabricius.
1781 3326 1842 3381 V.
1863 3323 1982 3380 Cat.

411 3418 560 3473 codd.
603 3419 693 3476 Cr.
736 3419 928 3486 Maro,
971 3434 1094 3491 pag.
1133 3418 1254 3473 50-1.
1294 3417 1462 3473 HARL.

485 3511 669 3585 [Falso
698 3514 946 3584 quaedam
978 3513 1206 3569 attribui
1238 3511 1463 3584 Cyrillo,
1500 3511 1610 3579 jam
1649 3508 1848 3579 passim
1886 3506 1987 3561 ad—

393 3606 743 3660 notavimus.
774 3605 866 3660 Sic
894 3605 948 3659 in
982 3605 1106 3660 cod.
1136 3603 1336 3658 Caisar.
1357 3600 1686 3664 CLXXXVI,
1720 3597 1984 3670 Spiritua-

413 3696 488 3750 les
526 3712 779 3767 anagogw
813 3698 870 3750 in
907 3697 1257 3750 hexaemeron
1297 3692 1415 3747 libri
1452 3691 1576 3754 ΧΗ,
1618 3691 1675 3745 in
1715 3706 1825 3760 quo
1871 3690 1987 3759 ipse

411 3785 648 3858 Cyrillus
680 3787 902 3852 citatur,
927 3794 985 3841 et
1014 3785 1161 3856 quod
1185 3784 1239 3838 in
1263 3783 1385 3839 cod.
1421 3783 1622 3838 Cmsar.
1655 3779 1986 3852 praecedenti

410 3877 701 3934 CXXXXV
724 3878 991 3934 asseritur
1019 3876 1309 3933 Anastasio
1339 3875 1581 3932 Sinaitae.
1613 3876 1678 3930 V.
1704 3874 1986 3938 Lambec.,

413 3973 638 4044 IV,pag.
675 3971 938 4036 457-159,
971 3980 1027 4026 ct
1053 3971 1269 4026 Fabric.
1306 3968 1469 4034 infra,
1502 3969 1558 4022 in
1592 3966 1702 4022 vol.
1733 3965 1826 4030 IX,
1863 3981 1983 4037 pag.

413 4063 516 4118 528
544 4080 626 4135 sq.
657 4063 746 4118 ed.
783 4073 895 4120 vet.
924 4095 993 4103 —
1012 4063 1071 4118 In
1091 4062 1216 4118 cod.
1243 4059 1561 4124 CCXLVIII,
1585 4075 1642 4113 η.
1677 4058 1711 4113 5
1733 4099 1747 4124 ,
1769 4057 1987 4112 Iudaeo-

413 4173 532 4209 rum
551 4156 834 4227 disputatio
871 4173 987 4210 cum
1009 4154 1065 4210 S.
1088 4155 1379 4210 Athanasio
1405 4163 1452 4208 et
1473 4151 1673 4224 Cyrillo
1694 4151 1756 4204 de
1790 4151 1987 4205 adora—

415 4247 556 4301 tione
585 4245 641 4302 S.
671 4248 840 4302 crucis
870 4256 917 4301 et
954 4263 1235 4301 sacrarum
1280 4246 1600 4317 imaginum,
1641 4243 1698 4298 in
1729 4241 1984 4296 Lambec.

413 4340 728 4406 €0mment.,
764 4339 829 4406 V,
863 4341 968 4395 col.
998 4339 1124 4404 287,
1164 4339 1260 4393 ubi
1302 4352 1433 4392 vero
1468 4333 1741 4391 Kollarius
1770 4334 1827 4387 in
1860 4342 1988 4387 nota

2089 1871 2209 1924 151.
2245 1868 2446 1925 Confer
2472 1867 2820 1932 Garnerium,
2858 1874 2990 1920 tom.
3032 1865 3099 1928 II,
3143 1862 3210 1917 ad
3241 1861 3472 1916 Marium
3518 1859 3660 1914 Mer-

2085 1972 2348 2024 catorcm,
2397 1974 2520 2029 pag.
2569 1957 2694 2022 515,
2748 1965 2806 2010 et
2860 1951 3296 2016 Tillemontium,
3334 1957 3472 2003 tom.
3519 1947 3657 2012 XIV,

2084 2068 2210 2123 pag.
2246 2051 2351 2105 405
2369 2065 2486 2120 seq.

2157 2140 2277 2194 185.
2299 2138 2364 2193 In
2400 2139 2670 2194 Psalmum
2698 2153 2811 2192 vm.
2840 2136 2895 2192 S.
2923 2134 3178 2206 Ephraim
3208 2131 3354 2206 apud
3383 2130 3658 2187 Photium.

2085 2231 2210 2286 cod.
2244 2245 2464 2294 ccxxnx,
2530 2245 2654 2300 pag.
2697 2228 2801 2283 420
2847 2227 2980 2283 edit.
3026 2227 3238 2297 primae.
3299 2224 3460 2280 FABR.
3492 2221 3660 2291 Frag-

2084 2331 2271 2378 menta
2331 2321 2387 2375 in
2451 2320 2794 2390 expositione
2834 2319 3031 2390 psalmi
3081 2333 3170 2372 cm
3200 2316 3256 2371 in
3298 2313 3419 2370 cod.
3459 2311 3658 2368 Cmsar.

2083 2413 2317 2468 Vindob.
2362 2411 2740 2476 CLXXXVIII,
2783 2426 2839 2464 n.
2899 2409 2988 2463 22.
3030 2408 3095 2464 V.
3130 2405 3411 2470 Lambec.,
3437 2404 3526 2467 IV,
3549 2403 3656 2457 col.

2082 2507 2186 2561 457
2217 2520 2298 2574 sq.
2329 2505 2471 2559 —In
2485 2502 2698 2558 catenis
2735 2502 2790 2556 in
2824 2501 3177 2566 Psalterium,
3197 2499 3255 2554 in
3271 2496 3433 2554 codd.
3461 2495 3657 2551 Caesar.

2084 2596 2151 2661 X,
2174 2595 2292 2652 XIV
2315 2604 2373 2651 et
2399 2595 2494 2651 XV
2535 2594 2605 2649 de
2659 2593 2863 2664 quibus
2916 2608 2976 2647 ν.
3018 2591 3300 2654 Lambec.,
3328 2589 3439 2645 vol.
3472 2587 3561 2643 III.
3592 2614 3664 2625 —-

2083 2689 2276 2746 Oxonii
2302 2688 2359 2744 in
2391 2687 2529 2743 bibl.
2566 2687 2801 2750 Bodlei.,
2839 2703 2899 2741 n.
2950 2684 3076 2750 710,
3112 2684 3178 2750 2;
3215 2682 3372 2748 1982,
3419 2681 3486 2747 1;
3517 2679 3659 2734 2528

2084 2781 2258 2838 Catal.
2278 2811 2349 2820 —
2379 2779 2520 2834 Add.
2547 2779 2612 2834 ad
2644 2795 2704 2835 n.
2730 2778 2854 2844 176,
2889 2793 3075 2847 supra.
3108 2775 3278 2830 ΒΑΜ..

2155 2873 2278 2928 184.
2322 2871 2686 2928 Commentum
2723 2869 3004 2941 Evangelii
3059 2871 3115 2923 in
3169 2867 3477 2922 Matt/ratum
3531 2863 3661 2917 libro

2083 2963 2329 3030 secundo,
2366 2963 2556 3019 laudat
2584 2961 2882 3018 Facundus
2897 2977 2973 3026 ιι,
3005 2961 3061 3014 ’7.
3089 2959 3131 3014 Τ
3130 2974 3306 3013 omum
3332 2957 3662 3010 undecimum

2085 3065 2134 3110 et
2169 3056 2531 3110 duodecimum
2567 3056 2702 3110 Acta
2731 3053 2928 3126 synodi
2943 3069 2995 3107 vr
3022 3047 3659 3119 Constantinopolitanae,

2085 3148 2298 3203 actione
2321 3164 2375 3213 ι,
2394 3155 2451 3202 et
2480 3147 2735 3202 secundae
2765 3146 3015 3201 Nicaeum.
3042 3141 3522 3214 Frequentissimte
3548 3137 3656 3210 Cy-

2087 3239 2194 3293 rilli
2222 3238 2478 3311 symbolae
2509 3239 2566 3293 in
2603 3236 2824 3293 Catenis
2855 3236 2922 3291 ad
2955 3235 3289 3290 Matthteum.
3328 3231 3542 3288 Citatur
3601 3238 3660 3284 et

2085 3344 2116 3383 a
2147 3327 2376 3383 Leontio
2405 3327 2537 3398 Byz.
2562 3334 2746 3399 contra
2769 3325 3080 3396 Eutgcltem,
3103 3332 3160 3378 et
3193 3321 3393 3392 βιϐλίον
3425 3318 3658 3390 πρῶτον,

2086 3421 2156 3475 ab
2177 3419 2472 3490 prraimo
2497 3418 2643 3489 apud
2668 3419 2947 3482 Photium,
2978 3431 3100 3486 pag.
3140 3413 3266 3479 129,
3295 3411 3416 3468 cod.
3451 3427 3658 3467 cculx.

2087 3512 2244 3566 Alius
2273 3512 2450 3577 locus,
2487 3527 2609 3582 pag.
2653 3511 2776 3565 152.

2160 3605 2280 3660 185.
2321 3607 2385 3660 In
2417 3604 2636 3670 Lucam,
2667 3619 2810 3674 saepe
2838 3603 3041 3659 citatur
3096 3601 3150 3656 in
3201 3599 3406 3656 Catena
3440 3597 3659 3653 Graeco-

2087 3713 2207 3751 rum
2255 3698 2476 3752 Patrum
2523 3694 2858 3750 Corderiana
2913 3703 2967 3750 et
3008 3693 3210 3749 Catena
3236 3707 3398 3746 aurea
3439 3689 3664 3744 Thomas

2087 3787 2393 3858 Aquinatis.
2418 3787 2578 3841 FABB.
2609 3786 2685 3844 De
2707 3784 2990 3840 catenisin
3016 3782 3328 3839 Matthteum
3355 3790 3411 3836 et
3435 3779 3659 3844 Lucam,

2087 3897 2142 3934 ν.
2183 3896 2368 3950 supra,
2396 3879 2504 3934 vol.
2539 3878 2677 3944 VIII,
2709 3894 2833 3949 pag.
2867 3876 2970 3933 669
3008 3891 3154 3946 sqq.,
3183 3882 3238 3929 et
3270 3874 3326 3928 in
3364 3871 3571 3927 catenis
3602 3870 3659 3924 in

2089 3971 2398 4026 Mattbazum
2438 3971 2683 4038 aliosque
2736 3971 2793 4024 in
2839 3969 2999 4024 codd.
3058 3967 3258 4023 Caesar.
3309 3963 3500 4028 XXIX,
3541 3962 3660 4028 XL,

2089 4064 2252 4129 XLII,
2284 4064 2442 4129 XLV,
2471 4063 2658 4127 XLVI,
2680 4061 2935 4125 LXXVII,
2965 4058 3069 4115 sub
3107 4058 3226 4124 ﬁn.,
3260 4057 3328 4113 de
3372 4056 3574 4128 quibus
3602 4072 3656 4110 v.

2091 4155 2349 4210 Lambec.
2383 4152 2609 4216 Comm,
2651 4151 2760 4206 vol.
2794 4167 2873 4215 III,
2903 4161 3010 4206 etc.
3030 4150 3198 4205 Hann.

2163 4246 2282 4300 186.
2324 4245 2389 4300 In
2418 4243 2692 4315 epistolam
2738 4243 2808 4296 ad
2838 4241 3082 4297 Hebraeos
3112 4241 3266 4296 Liber
3300 4239 3359 4296 II
3396 4239 3596 4295 citatur
3629 4252 3661 4293 a

2090 4335 2347 4392 Facundo
2369 4351 2444 4400 ιι,
2479 4336 2532 4400 7,
2569 4333 2904 4390 Tbeodorito
2941 4331 3153 4403 Dialog.
3188 4339 3244 4387 et
3272 4331 3566 4387 Theodoro
3602 4330 3662 4385 in

413 4435 593 4496 docct,
629 4431 685 4487 id
726 4433 1054 4504 Opusculum
1092 4445 1214 4485 csse
1258 4426 1514 4498 anonymi
1562 4425 1870 4496 cujusdam,
1919 4425 1984 4480 ad

2091 4425 2388 4485 libro'"O-:t
2412 4429 2440 4482 ὁ
2470 4425 2658 4498 Πατὴρ
2686 4426 2774 4479 ἀεὶ
2811 4426 2992 4496 γεννᾷ.
3024 4425 3273 4481 Meminit
3292 4433 3350 4480 et
3380 4425 3655 4495 interpre-

387 4535 653 4581 -mentem
684 4524 970 4580 Athanasii
1001 4531 1058 4577 et
1088 4519 1299 4592 Cyrilli,
1330 4518 1550 4574 Iudaeos
1573 4517 1854 4572 confutare
1893 4531 1988 4571 co—

413 4616 615 4670 nantis.
645 4613 798 4669 Adde
839 4627 1006 4682 supra
1041 4609 1156 4680 ad§
1189 4609 1255 4664 III
1285 4609 1338 4663 in
1371 4609 1529 4664 notit.
1559 4608 1718 4664 codd.
1749 4608 1986 4674 voLVII,

393 4724 536 4786 pag.
573 4707 678 4766 472
708 4722 826 4777 sqq.
852 4714 909 4761 et
935 4721 1058 4777 pag.
1089 4704 1212 4760 6L1.

380 4832 388 4838 -
483 4801 564 4855 Ad
592 4800 774 4870 spuria
811 4812 1031 4868 quoque
1062 4795 1409 4852 referendum
1440 4795 1658 4850 videtur
1695 4808 1884 4865 opusc.
1921 4792 1988 4847 de

413 4893 690 4948 mensuris
715 4900 771 4946 et
796 4889 1154 4961 ponderibus,
1174 4887 1321 4958 quod
1351 4887 1560 4958 Cyrillo
1604 4887 1756 4941 Alex.
1792 4885 1989 4940 tribui-

413 4997 504 5036 tur
534 4982 591 5036 in
630 4981 786 5036 codd.
820 4980 992 5036 Paris.
1020 4979 1156 5034 bibl.
1186 4978 1338 5050 publ.
1365 4977 1782 5040 MCCCLXXIII,
1820 4975 1982 5039 n.15,

415 5084 470 5132 ct
502 5073 971 5137 MCCCLXXXIX,
1001 5089 1056 5128 ιι.
1083 5071 1168 5126 12.
1194 5068 1388 5143 Hann]

612 5215 716 5274 X1.
751 5213 1004 5290 Scripta
1040 5207 1266 5288 Cyrilli
1309 5205 1636 5284 deperdita
1680 5202 1786 5281 (a).

491 5357 610 5413 179.
675 5356 1022 5426 ῘΛντέῤῥησις
1080 5360 1268 5408 contra
1343 5347 1615 5403 Andream
1675 5348 1985 5401 Samosate-

381 5459 386 5463 ‘
419 5465 572 5514 num,
608 5423 698 5520 qui
736 5423 1002 5502 aduersus
1033 5445 1133 5500 XII
1168 5441 1407 5513 capitula
1446 5441 1760 5510 scripserat.
1795 5439 1986 5494 Memi-

496 5603 570 5670 (τι)
607 5603 762 5657 Conf.
790 5604 1128 5662 'I'illemont.,
1171 5610 1301 5656 tom.
1336 5599 1612 5669 XlV,pag.
1643 5597 1744 5652 666
1775 5614 1914 5668 scq.,
1938 5605 1994 5648 et

383 5681 390 5686 '
424 5671 664 5750 Ccillier,
691 5673 738 5750 _l.
773 5689 852 5750 c.1
881 5690 1004 5750 pag.
1045 5674 1147 5726 551
1180 5683 1234 5726 et
1262 5671 1399 5750 569..
1424 5670 1586 5750 Ibat.

495 5742 566 5815 (ὁ)
591 5741 796 5800 Eodem
833 5739 1086 5797 Liberam
1110 5752 1268 5806 teste,
1311 5740 1530 5810 quidam
1578 5739 1860 5796 catholica:
1890 5753 1991 5794 no-

2088 4521 2311 4576 tationis
2334 4519 2525 4592 Cyrilli
2552 4519 2609 4573 in
2638 4518 2938 4588 Epistolam
2973 4517 3040 4571 ad
3070 4517 3348 4582 Hebr-mos,
3377 4516 3658 4587 prraim.

2085 4612 2645 4682 Antiochenus,apud
2664 4610 2918 4665 Photium
2959 4606 3080 4662 cod.
3111 4622 3316 4662 ccxxtx.
3355 4603 3664 4661 Alexander

2086 4706 2544 4776 Ilicrapolitanus,
2563 4702 2793 4773 epistola
2815 4701 2881 4755 ad
2897 4699 3152 4754 Acacium
3174 4698 3592 4759 Berrhocnscm,
3608 4693 3664 4748 in

2087 4800 2294 4858 Baluzii
2342 4799 2490 4857 Noua
2525 4796 2742 4852 Collect.
2784 4792 3080 4857 concilior.,
3119 4807 3241 4862 pag.
3274 4790 3398 4856 762,
3423 4799 3477 4844 et
3510 4803 3664 4858 qua:-

2092 4888 2217 4942 dam
2253 4905 2318 4943 cx
2361 4888 2453 4942 illa
2503 4887 2662 4942 aﬂ‘crt
2707 4893 2899 4940 auctor
2932 4882 3186 4953 Synodici
3235 4891 3426 4936 contra
3467 4888 3666 4948 tragaa-

2094 4981 2238 5035 diam
2264 4979 2473 5043 Irenmi,
2493 4994 2610 5048 cap.
2627 4977 2766 5042 218;
2793 4977 2891 5040 id.,
2913 4991 3033 5047 pag.
3056 4974 3178 5039 928,
3205 4970 3664 5043 quemadmodum

2093 5083 2150 5129 et
2179 5074 2334 5144 plura
2366 5071 2627 5127 Leontius
2669 5069 2792 5140 Byz.
2826 5077 3006 5122 contra
3046 5066 3354 5137 Eutychem.
3395 5063 3471 5118 Ex
3514 5070 3668 5121 sexto

2096 5175 2265 5229 tomo,
2296 5162 2634 5226 Anastasius,
2665 5177 2786 5232 pag.
2827 5159 2928 5214 188
2961 5157 3177 5227 Hodegi.

2167 5256 2288 5310 187.
2327 5255 2468 5308 Libri
2506 5263 2610 5307 tres
2651 5252 2900 5306 adversus
2939 5248 3223 5303 Diodorum
3263 5245 3590 5303 Tarsensem,
3616 5247 3669 5292 et

2097 5345 2419 5400 Theodorum
2443 5344 2882 5413 Mopsuestcnum
2908 5339 3001 5410 (ὁ),
3036 5337 3187 5408 quasi
3209 5333 3508 5389 Nestoriani
3533 5331 3667 5402 dog-

2051 5477 2056 5482 -
2098 5438 2254 5494 matis
2288 5444 2546 5501 auctores,
2570 5442 2618 5488 et
2651 5433 2785 5488 alius
2806 5434 2882 5486 De
2917 5428 3287 5485 incarnatione
3309 5424 3436 5479 liber
3457 5422 3663 5488 (diver-

2103 5593 2285 5647 vitatis
2323 5589 2658 5647 defensores.
2692 5587 2978 5656 Acephalis
3027 5583 3364 5656 responsuri,
3397 5590 3664 5654 negarunt

2103 5664 2272 5718 libros
2301 5661 2422 5716 illos
2453 5673 2570 5714 esse
2599 5658 2803 5729 Cyrilli.
