4024 6220
426 409 3674 476 BW

1095 650 1648 809 CARD.
1770 643 2551 803 ANGELO
2665 636 3011 794 MAI

1532 932 2393 1054 PREFATION
2410 929 2572 1044 ES

877 1179 882 1183 '
942 1171 1056 1232 AD
1093 1169 1159 1231 S.
1215 1164 1556 1230 CYRILLI
1597 1158 2057 1224 ANECDOTA
2103 1156 2462 1222 SCRIPTA
2507 1155 2618 1216 AB
2663 1153 2860 1216 IPSO
2903 1153 3194 1216 EDITA.

1073 1351 1388 1417 (Bibliotheca
1409 1354 1548 1403 Nova
1570 1352 1792 1410 Patrum,
1816 1355 1933 1398 tom.
1957 1347 2018 1408 ΙΙ,
2047 1346 2214 1395 Romae
2245 1342 2388 1404 18H;
2411 1346 2529 1393 tom.
2556 1342 2644 1404 Ill,
2672 1340 2808 1402 18t5,
2853 1342 3005 1404 tri-4.)

2008 1519 2080 1532 ψ

501 1717 549 1776 Ι.
582 1709 952 1773 Editionum
979 1706 1044 1768 S.
1072 1701 1296 1782 Cyrilli
1322 1695 1813 1778 imper/ectio.—
1829 1694 2082 1766 Quoties
2105 1709 2224 1772 ego
2240 1688 2599 1769 generalem
2628 1687 2799 1750 illam
2821 1688 3018 1750 sancti
3044 1685 3257 1767 Cyrilli
3276 1684 3680 1748 Alexandrini

425 1827 691 1895 eperum
714 1805 1077 1879 editionem,
1101 1803 1179 1866 ab
1199 1799 1471 1862 Auberto
1493 1794 1668 1858 Gallo
1686 1799 1927 1875 septem
1947 1794 2134 1857 tomis
2155 1791 2488 1895 vulgatam,
2516 1806 2708 1850 manu
2728 1789 3072 1860 versabam,
3093 1788 3280 1895 toties
3313 1803 3414 1849 me
3447 1801 3680 1895 cupere

424 1884 707 1988 memini,
737 1918 806 1973 ut
838 1924 998 1970 nova
1051 1905 1258 1982 aliqua
1291 1903 1636 1969 curaretur,
1665 1911 1808 1975 quae
1846 1903 2018 1958 tanto
2049 1891 2387 1955 Aubertina
2410 1887 2660 1970 plenior
2689 1893 2856 1950 esset
2890 1905 2963 1950 ac
2995 1887 3244 1961 melior,
3277 1892 3517 1968 quanto
3545 1884 3680 1947 haac

425 2017 704 2079 minores
739 2012 890 2075 alias
929 2016 991 2072 et
1026 2007 1395 2070 vetustiores
1431 2016 1762 2082 superasse
1797 1999 2065 2062 videtur.
2108 1995 2356 2059 Etenim
2387 1991 2557 2055 haud
2590 1991 2886 2053 minimus
2921 1990 3108 2071 hujus
3143 1991 3438 2053 editionis
3467 2008 3680 2052 navus

425 2127 541 2194 est,
574 2118 745 2200 quod
768 2119 981 2180 Latina
999 2111 1197 2176 Graaci
1222 2114 1428 2173 textus
1463 2103 1896 2186 interpretatio
1922 2100 2125 2163 varios
2147 2097 2337 2200 habet
2361 2094 2806 2200 auctore‘s,_qui
2833 2095 3050 2200 viginti
3070 2094 3210 2200 fere
3227 2103 3639 2200 numerantur
3663 2112 3676 2155 :

425 2237 554 2302 quo
580 2194 647 2282 fit
682 2225 752 2282 ut
787 2216 991 2296 Cyrilli
1025 2211 1298 2276 elocutio
1327 2222 1536 2286 neque
1569 2219 1851 2268 consona
1888 2217 2098 2281 neque
2134 2196 2468 2261 uniformis
2496 2195 2730 2260 Latinis
2759 2196 3015 2259 auribus
3047 2194 3377 2275 oculisque
3403 2195 3677 2258 accidat:

425 2296 488 2386 et
521 2321 779 2403 quidem
806 2317 938 2380 veri
978 2315 1166 2379 etiam
1201 2308 1521 2388 crassique
1562 2319 1807 2368 errores
1849 2301 2266 2381 interpretum
2306 2297 2553 2360 Latinas
2599 2296 2886 2378 plagulas
2914 2296 3253 2359 maculant.
3286 2296 3683 2360 Necessariis

423 2398 685 2501 insuper
712 2418 967 2483 scholiis
999 2417 1127 2478 sive
1167 2411 1398 2477 criticis
1449 2409 1578 2470 sive
1605 2403 1944 2485 exegeticis
1980 2407 2150 2465 caret
2184 2416 2354 2480 saepe
2381 2399 2667 2476 Cyrillus,
2704 2405 2766 2462 et
2791 2399 3048 2462 materia
3068 2399 3202 2478 ipsa
3234 2398 3683 2479 respirationes

425 2499 836 2602 capitulorum
869 2515 1330 2591 divisionesque
1363 2508 1624 2570 idoneas
1651 2503 1819 2566 haud
1849 2519 1989 2564 raro
2031 2499 2349 2564 desiderat
2379 2517 2392 2561 :
2429 2501 2686 2562 Graecus
2723 2515 2874 2562 vero
2912 2505 3244 2562 contextus
3271 2499 3678 2579 fcedisquan-

424 2598 635 2701 doque
683 2615 930 2678 mendis
988 2613 1259 2686 laborat;
1307 2607 1710 2672 materiarum
1755 2604 1998 2667 indices
2033 2602 2131 2664 vel
2163 2600 2358 2664 exiles
2391 2606 2559 2675 sunt,
2589 2598 2688 2661 vel
2718 2599 2949 2662 alicubi
2979 2600 3169 2674 nulli;
3203 2600 3469 2680 quilibet
3498 2599 3692 2670 deni;

425 2744 551 2808 que
589 2722 847 2786 editoris
899 2724 1239 2801 apparatus
1284 2723 1346 2779 et
1380 2715 1657 2792 isagoge,
1699 2717 1760 2774 et
1782 2709 2175 2789 singulorum
2209 2723 2477 2788 operum
2504 2705 2699 2769 veluti
2733 2704 2994 2768 historia
3023 2723 3092 2768 ac
3113 2705 3424 2786 judicium
3453 2704 3682 2768 frustra

425 2825 790 2907 requiritur.
839 2825 1207 2902 Quanquam
1247 2819 1438 2899 igitur
1467 2815 1636 2879 haud
1678 2815 1815 2878 leve
1853 2820 1948 2876 est
1973 2811 2232 2875 Auberti
2268 2811 2584 2885 meritum,
2624 2809 2899 2872 modesti
2936 2809 3280 2889 casteroqui
3317 2807 3592 2872 hominis
3622 2813 3683 2870 et

422 2916 981 3011 ingenui,propte'r
1001 2927 1162 2990 hanc
1194 2932 1510 2988 tomorum
1530 2927 1625 2984 tot
1647 2937 1836 3002 quam
1859 2917 2029 2997 gravi
2049 2917 2264 2980 labore
2292 2933 2408 2980 suo
2439 2915 2674 2978 molem
2693 2912 3018 2989 instruxit;
3037 2920 3310 2977 attamen
3341 2913 3682 2994 Optandum

427 3042 591 3109 erat.
635 3040 706 3099 ut
740 3034 1062 3097 Maurinus
1107 3030 1335 3110 aliquis
1379 3025 1731 3090 monachus
1771 3023 2069 3104 Cyrillum
2101 3038 2361 3103 quoque
2401 3025 2709 3084 consueto
2753 3017 3098 3082 sodalitatis
3138 3034 3269 3079 sum
3316 3016 3680 3098 splendore,

426 3137 712 3201 doctrina
730 3152 802 3199 ac
832 3134 1040 3197 studio
1076 3132 1196 3196 sibi
1218 3127 1656 3194 adornandum
1685 3125 2056 3205 susciperet,
2089 3121 2264 3203 quod
2296 3126 2364 3184 ut
2393 3119 2735 3200 aliquando
2765 3117 3032 3181 meliore
3073 3123 3433 3198 temporum
3468 3114 3684 3179 condi-

425 3241 600 3303 tione
635 3241 760 3312 tiat,
789 3237 910 3318 piis
942 3235 1102 3298 votis
1134 3233 1438 3314 deposco.

505 3349 581 3408 II.
605 3345 996 3424 Scriptorum
1019 3339 1245 3420 Cyrilli
1265 3356 1501 3419 nupera
1529 3331 2129 3416 conquisitio.—His
2157 3331 2237 3394 de
2259 3329 2515 3393 Auberti
2542 3328 2821 3392 editione
2848 3327 3120 3392 breviter
3135 3333 3347 3410 atque,
3376 3336 3446 3392 ut
3470 3347 3682 3410 spero,

426 3449 818 3531 aequabiliter
859 3448 1063 3521 dictis,
1112 3446 1395 3509 nondum
1438 3450 1648 3505 tamen
1705 3442 1838 3520 ejus
1880 3439 2271 3520 praecipuum
2316 3436 2660 3499 memoravi
2697 3435 3202 3510 incommodum,
3250 3441 3343 3496 tot
3396 3435 3686 3498 videlicet

426 3553 636 3630 Cyrilli
682 3550 1135 3630 opusculorum
1173 3547 1512 3619 defectum,
1545 3561 1686 3623 quae
1717 3543 1942 3623 partim
1965 3543 2203 3615 Graece,
2231 3539 2456 3619 partim
2489 3537 2704 3599 Latine
2736 3536 3018 3616 dispersa
3055 3536 3120 3597 in
3151 3535 3473 3618 impressis
3511 3535 3685 3598 libris

427 3651 771 3726 exstabant,
805 3656 864 3712 et
889 3650 1144 3712 Auberti
1173 3651 1456 3712 notitiam
1481 3647 1993 3726 diligentiamque
2029 3643 2344 3721 fugerunt.
2376 3643 2526 3703 Hazc
2560 3639 2799 3703 scilicet
2822 3647 3112 3703 accurate
3142 3644 3429 3702 recenset
3467 3638 3682 3700 Fabri-

427 3755 562 3820 cius
591 3756 665 3814 B.
709 3754 784 3817 θ.
815 3753 925 3815 lib.
962 3770 1028 3827 v,
1082 3770 1221 3832 cap.
1255 3751 1364 3826 22,
1400 3770 1464 3812 n.
1499 3750 1533 3809 8
1561 3752 1580 3829 (
1610 3750 1710 3812 ed.
1743 3765 1888 3810 nov.
1931 3753 1972 3809 t.
2004 3749 2107 3821 IX,
2150 3766 2214 3828 p.
2249 3745 2358 3806 487
2405 3744 2594 3826 seq.),
2630 3762 2772 3826 qua)
2824 3745 3122 3808 nimirum
3160 3765 3196 3808 a
3224 3762 3389 3808 novo
3441 3745 3684 3807 editore

427 3856 644 3920 sedule
665 3854 1018 3934 colligenda
1048 3863 1213 3918 sunt.
1248 3856 1467 3935 Neque
1496 3853 1598 3915 hic
1621 3852 1989 3927 sistendum,
2023 3852 2131 3913 sed
2152 3851 2214 3912 in
2237 3849 2652 3913 conciliorum
2671 3851 2950 3925 iactibus,
2977 3851 3328 3931 praesertim
3354 3849 3682 3929 Ephesini,

426 3961 492 4023 in
539 3957 814 4038 antiquis
853 3955 1286 4037 apologeticis,
1325 3955 1663 4036 panOpliis,
1707 3954 2085 4034 scriptorum
2115 3953 2582 4016 enarratoribus
2601 3972 2718 4016 seu
2750 3952 3231 4034 bibliographis,
3265 3955 3685 4036 apprimeque

426 4061 493 4123 in
523 4061 772 4135 Photio,
806 4077 925 4123 nec
954 4077 1082 4122 non
1115 4058 1389 4139 antiquis
1417 4057 1778 4120 auctoribus
1812 4057 2004 4119 Mario
2033 4059 2398 4131 Mercatore,
2435 4063 2606 4136 puta,
2641 4056 2956 4130 Facundo,
2981 4056 3298 4133 Liberata,
3331 4057 3684 4132 Anastasio,

427 4165 713 4238 Leontio,
762 4170 822 4226 et
867 4164 1125 4244 reliquis
1153 4162 1471 4242 praecipue
1509 4161 1806 4224 adversus
1833 4160 2154 4237 Eutychis,
2195 4161 2488 4235 Nestorii,
2532 4161 2839 4236 Dioscuri,
2881 4163 3118 4238 Severi,
3160 4163 3444 4244 aliasque
3474 4169 3683 4226 sectas

429 4269 789 4350 hujusmodi
838 4269 1304 4349 pugnatoribus,
1339 4266 1566 4346 scripta
1604 4265 1813 4344 Cyrilli
1861 4264 2142 4328 rimanda
2184 4270 2353 4326 sunt.
2395 4265 2554 4337 Quid
2591 4264 2670 4326 de
2707 4265 2939 4328 Graecis
2982 4265 3186 4329 dicam
3225 4267 3305 4329 ad
3339 4274 3686 4348 utrumque

427 4376 893 4437 Testamentum
923 4373 1181 4446 catenis,
1206 4387 1348 4450 quae
1378 4377 1468 4430 tot
1496 4361 1705 4448 Cyrilli
1730 4369 1972 4442 divitias
1991 4366 2345 4431 ostentant?
2373 4369 2470 4430 Me
2510 4374 2682 4430 certe
2712 4369 3128 4432 coacervandi
3169 4387 3311 4432 cum
3339 4370 3685 4452 majoribus

428 4477 679 4558 scriptis
709 4477 986 4539 minores
1014 4474 1198 4536 etiam
1229 4472 1595 4534 minimasve
1622 4472 1831 4551 Cyrilli
1859 4473 1936 4536 ad
1965 4490 2166 4535 unum
2191 4489 2424 4554 corpus
2464 4472 2760 4554 reliquias
2784 4473 3016 4554 cupido
3045 4474 3414 4550 incesserat,
3447 4481 3687 4538 totum-

428 4600 554 4662 que
597 4580 892 4660 Cyrillum
929 4579 1150 4641 decem
1190 4578 1436 4640 circiter
1472 4577 1663 4639 tomis
1705 4577 2320 4658 comprehendendi:
2355 4595 2569 4659 neque
2606 4579 2661 4640 is
2713 4578 3094 4658 injucundus
3135 4579 3312 4643 labor
3355 4580 3600 4654 fuisset,
3633 4580 3689 4642 si

429 4686 542 4749 otii
571 4685 715 4748 satis
745 4689 1132 4764 suppeteret,
1169 4681 1266 4744 vel
1304 4682 1356 4744 si
1383 4687 1640 4745 caeteras
1669 4700 1851 4745 curas
1879 4699 2053 4746 meas
2073 4700 2388 4762 seponere
2409 4682 2862 4758 decrevissem;
2895 4684 3069 4764 quod
3089 4683 3239 4764 quia
3267 4700 3397 4745 non
3424 4682 3684 4763 placuit,

431 4785 609 4848 nolui
639 4792 849 4847 tamen
889 4784 1208 4864 Cyrillum,
1251 4803 1377 4865 quo
1401 4803 1564 4866 pene
1596 4802 1727 4866 prae
1770 4785 2014 4848 caeteris
2059 4785 2362 4861 delector,
2395 4785 2724 4848 deserere:
2759 4785 2872 4848 sed
2912 4786 3142 4857 omissa
3170 4784 3343 4848 omni
3371 4785 3687 4847 editorum

431 4889 567 4967 ejus
594 4904 860 4968 operum
890 4887 1331 4965 sollicitudine,
1385 4890 1666 4952 converti
1718 4905 1819 4951 me
1869 4889 2081 4968 potius
2140 4889 2218 4952 ad
2269 4889 2701 4968 indagandum
2766 4890 3075 4971 quidquid
3126 4890 3280 4953 tanti
3319 4890 3435 4952 viri
3481 4888 3688 4952 adhuc

429 4989 739 5052 ineditum
762 4991 1074 5054 Vaticanis
1109 4992 1432 5056 codicibus
1461 4992 1770 5056 contineri
1807 4993 1973 5056 haud
2010 4991 2216 5056 fallaci
2259 4994 2621 5074 conjectura
2647 4995 2744 5058 vel
2774 4996 3148 5061 certitudine
3184 4997 3394 5078 potius
3423 4995 3688 5075 compe-
3805 5023 3818 5036 -

432 5107 658 5152 reram.
687 5093 865 5166 Quod
912 5112 1055 5157 cum
1083 5113 1384 5176 prospere
1423 5102 1491 5158 ut
1519 5103 1670 5176 puto
1698 5097 1957 5176 egerim,
1990 5102 2052 5160 et
2081 5114 2180 5159 res
2234 5097 2396 5160 ultra
2415 5105 2630 5161 votum
2685 5101 2976 5172 cesserit,
3007 5099 3190 5164 facile
3239 5100 3357 5162 erit
3387 5099 3692 5178 deinceps

433 5190 656 5255 futuris
688 5193 947 5256 eruditis
991 5195 1284 5274 Cyrillum
1315 5195 1588 5276 denique
1613 5203 1742 5258 tum
1772 5215 1851 5260 ex
1883 5198 2316 5277 superioribus
2349 5199 2756 5277 editionibus,
2789 5207 2924 5264 tum
2955 5220 3032 5266 ex
3067 5200 3166 5263 his
3197 5201 3430 5263 nostris
3454 5199 3696 5262 addita-

434 5294 665 5357 mentis
717 5293 1099 5357 cumulatum
1151 5293 1435 5358 efﬁcere:
1486 5297 1664 5377 cujus
1726 5295 1883 5358 mihi
1935 5301 2106 5359 certe
2139 5302 2310 5360 tanta
2339 5297 2419 5361 ad
2451 5314 2678 5361 manus
2708 5301 2880 5362 venit
2913 5299 3118 5379 copia,
3158 5305 3228 5360 ut
3272 5297 3522 5360 duobus
3547 5313 3693 5360 eam

433 5397 879 5473 voluminibus,
897 5415 1027 5460 non
1058 5398 1195 5461 sine
1216 5415 1357 5461 mea
1378 5399 1894 5481 interpretatione
1918 5401 2347 5479 exposuerim,
2379 5418 2649 5482 quorum
2667 5404 2840 5484 prius
2861 5419 3028 5464 nunc
3057 5398 3540 5463 describendum
3570 5405 3690 5460 est.

513 5497 621 5556 IlI.
670 5497 946 5574 Cyrillus
977 5497 1051 5560 de
1089 5499 1420 5560 Trinitate.
1453 5534 1528 5544 ——
1581 5501 2027 5580 EpiSCOpatum
2073 5500 2340 5582 Cyrillus
2378 5501 2814 5566 Alexandrinas
2865 5501 3131 5565 civitatis
3169 5517 3417 5579 gerens,
3455 5500 3520 5562 in
3566 5516 3695 5578 qua

437 5595 866 5672 superioribus
889 5598 1068 5661 annis
1107 5599 1286 5662 Arius
1314 5599 1816 5664 scelestissimam
1868 5598 2158 5661 hmresim
2202 5608 2678 5683 prepagaverat,
2713 5601 2866 5664 nihil
2894 5600 3244 5681 impensius
3273 5601 3336 5663 in
3369 5601 3498 5664 suis
3533 5597 3690 5661 scri-

439 5698 560 5775 ptis
579 5699 1113 5780 cuncionibusquc
1137 5704 1282 5781 egit,
1303 5723 1489 5783 quam
1509 5711 1575 5768 ut.
1597 5703 1759 5767 illius
1781 5703 2236 5780 haeresiarchas,
2253 5711 2439 5783 atque
2465 5703 2863 5780 assectarum,
2884 5701 3700 5787 prmsertimuuercccntio-
