4024 6220
329 322 404 374 95
1329 321 1340 353 ἐ
1698 346 2214 407 ΡΒΜΑΤιοΝΕε.
3503 363 3574 420 94

323 449 411 558 ris
450 449 764 558 Eunomii,
809 461 1110 518 venenata
1153 460 1382 539 scripta
1410 463 1834 542 redargueret,
1868 467 2248 550 plebemque
2273 491 2437 536 curae
2459 493 2586 538 suae
2619 479 2914 558 pastorali
2943 480 3240 543 creditam
3269 481 3332 543 in
3363 480 3580 544 ortho-

321 548 640 662 doxatide
663 563 1079 662 conservaret.
1113 561 1412 642 Princeps
1441 570 1502 626 et
1531 568 1838 630 maximus
1871 568 1948 632 de
1977 569 2099 633 hoc
2121 548 2490 651 argumento
2514 548 2674 641 liber
2690 579 2898 660 Cyrilli
2922 585 3015 642 est
3035 581 3406 655 Thcsaurus,
3442 599 3574 662 quo

319 651 514 712 veluti
541 653 844 733 ampliore
881 663 1360 725 armamentario
1393 682 1466 727 ea
1493 668 1897 730 continentur
1924 687 2118 746 arma,
2151 691 2293 752 qua:
2335 676 2401 737 in
2433 676 2555 739 hoc
2592 651 2849 759 quoque
2881 680 3120 741 minore
3150 680 3223 741 de
3261 651 3573 743 Trinitate

319 757 670 814 cernuntur
698 757 1027 834 opusculo,
1071 761 1242 839 quod
1266 761 1513 842 planius
1543 771 1732 846 atque
1763 771 2142 833 contractius
2161 779 2350 852 atque
2373 775 2451 836 ad
2485 757 2659 838 rudis
2679 757 2900 857 populi
2922 796 3102 840 usum
3125 781 3569 843 accommoda-

319 857 442 960 tius
464 855 658 934 (sicut
678 858 860 920 etiam
885 860 948 922 in
968 871 1270 943 sequente
1302 869 1384 926 De
1409 869 2124 952 incarnationeipsemet
2154 876 2322 958 dicit)
2348 880 2702 960 composuit
2718 855 3002 960 Cvrillus.
3029 881 3304 945 Alterum
3325 882 3568 960 insigne
3623 905 3627 955 τ

325 957 710 1065 deTrinitate
732 964 1031 1044 scriptum
1047 969 1544 1053 Cyrilli,Dialogi
1566 984 1794 1055 septem
1822 986 1966 1040 sunt
1992 957 2469 1046 luculentiSSimi
2485 957 2922 1060 adHermiam,
2945 985 3054 1065 qui
3089 987 3320 1065 pariter
3341 957 3568 1048 fecun-

326 1057 647 1122 dissimum
673 1067 958 1129 Auctoris
986 1069 1330 1148 ingenium,
1352 1075 1791 1158 inﬁnitumque
1813 1081 2204 1145 orthodoxiae
2237 1083 2438 1146 zelum
2469 1086 2919 1149 demonstrant.
2941 1088 3215 1150 Tertium
3239 1090 3324 1148 De
3367 1088 3575 1148 Trini-

322 1166 449 1268 {ate
478 1165 797 1243 quoddam
844 1173 1215 1249 Opusculum
1249 1177 1440 1240 edidit
1481 1181 1720 1260 primus
1748 1185 1865 1246 sub
1911 1186 2116 1264 Cyrilli
2145 1190 2402 1251 nomine
2431 1191 2826 1268 Wegelinus:
2858 1197 3287 1254 verumtamen
3316 1192 3378 1254 id
3415 1190 3572 1252 nihil

320 1261 454 1368 fere
480 1282 620 1368 esse
653 1268 820 1330 aliud
863 1289 1052 1350 quam
1090 1274 1638 1355 interpolationem
1677 1291 1865 1361 atque
1904 1261 2353 1364 compendium
2391 1289 2602 1368 aperis
2653 1289 2912 1350 Joannis
2937 1288 3302 1351 Damasceni
3331 1289 3417 1347 De
3447 1287 3572 1364 ﬁde

321 1359 700 1467 ονιῆίξάοφα,
743 1466 746 1467 ν
789 1366 1063 1449 ideoque
1135 1374 1614 1454 abjudicandum
1657 1359 1908 1458 Cyrillo,
1945 1359 2075 1460 jam
2137 1385 2246 1448 diu
2300 1359 2497 1449 critici
2551 1387 2923 1451 docuerunt.
2966 1387 3088 1450 Sed
3150 1391 3385 1467 praeter
3425 1359 3562 1447 hmc

319 1462 695 1569 nominatim
728 1466 817 1526 De
848 1469 1471 1555 Trinitateinscripta
1501 1494 1716 1558 Opera,
1739 1483 1970 1559 passim
1991 1484 2252 1562 Cyrillus
2271 1485 2336 1548 in
2353 1487 2774 1550 voluminibus
2799 1489 2928 1550 suis
2943 1504 3061 1569 pro
3092 1462 3214 1550 hoc
3247 1484 3574 1567 praeeipuo

319 1558 610 1665 dogmate
629 1573 892 1644 pugnat;
925 1574 985 1630 et
1005 1570 1261 1650 quidem
1291 1575 1478 1638 etiam
1499 1577 1566 1638 in
1590 1579 1928 1657 praeclaris,
1956 1558 2117 1661 quos
2143 1600 2259 1645 nos
2280 1585 2402 1647 hoc
2431 1594 2717 1665 tempore
2747 1558 3080 1661 edidimus,
3105 1586 3575 1650 commentariis

316 1657 395 1764 ad
434 1661 607 1722 Pauli
635 1666 944 1744 Epistolas
974 1676 1034 1732 et
1063 1671 1142 1734 ad
1180 1673 1483 1737 Psalmos.
1525 1678 1701 1740 Nunc
1736 1695 1804 1740 se
1835 1657 1994 1740 mihi
2029 1681 2254 1744 obtulit
2290 1683 2498 1761 Cyrilli
2528 1657 2858 1760 ineditum,
2893 1691 2962 1747 ut
2995 1657 3160 1757 reor,
3195 1683 3575 1764 Opusculum

318 1759 418 1865 De
443 1764 750 1865 Trinitate
769 1766 832 1828 in
853 1769 1153 1834 Vaticano
1176 1791 1433 1854 perraro
1460 1779 1680 1842 codice
1705 1797 1720 1854 ;
1755 1781 2262 1860 qutelucubratio
2294 1759 2480 1865 plane
2499 1787 2578 1848 ab
2608 1785 2715 1847 illa
2743 1785 2974 1860 diﬁ‘ert,
3006 1802 3195 1865 quam
3228 1759 3363 1864 pari
3389 1783 3573 1845 titulo

322 1857 444 1964 sub
481 1859 851 1964 falsoCyrilli
872 1869 1128 1931 nomine
1143 1870 1412 1949 vulgavit
1437 1857 1812 1953 Wegelinus.
1846 1878 1941 1939 Ait
1957 1886 2164 1941 autem
2193 1857 2454 1961 Cyrillus
2476 1901 2614 1963 cap.
2639 1881 2673 1942 3
2701 1857 3141 1964 se,postquam
3159 1857 3373 1945 contra
3402 1881 3575 1943 blas-

313 1958 607 2037 phemias
628 1961 1085 2043 haereticorum,
1106 1969 1471 2033 Arianorum
1490 1973 1749 2049 scilicet,
1779 1975 1925 2037 satis
1947 1958 2369 2040 decertaverat
2394 1958 2570 2060 (puta
2584 1981 2651 2041 in
2680 1958 3019 2056 Thesauro,
3039 1981 3107 2042 in
3129 1981 3572 2042 commentario

311 2057 398 2119 ad
423 2061 756 2139 Joannem,
788 2074 850 2131 et
869 2067 1064 2150 alibi),
1095 2088 1265 2135 nunc
1296 2071 1416 2136 hoc
1449 2075 1820 2154 Opusculum
1843 2077 1948 2157 pie
1969 2079 2369 2142 credentibus
2397 2057 2694 2155 scribere,
2722 2089 2792 2143 ut
2827 2081 3029 2143 divina
3057 2081 3365 2159 dogmata,
3397 2085 3570 2142 extra

309 2174 565 2224 omnem
598 2171 1044 2233 controversia;
1072 2171 1294 2248 aleam,
1328 2175 1637 2240 didactico
1671 2197 1846 2241 more
1869 2187 2164 2260 exponat.
2195 2185 2442 2262 Reapse
2463 2191 2669 2246 autem
2697 2183 3073 2264 promissum
3109 2182 3359 2245 abunde
3389 2181 3567 2246 facit:

308 2278 382 2325 ea
404 2265 647 2346 quippe
688 2270 1136 2351 perspicuitate
1167 2281 1227 2336 et
1275 2276 1609 2356 theologiaa
1647 2281 1869 2359 peritia
1897 2280 2264 2343 altissimum
2292 2283 2606 2345 Trinitatis
2620 2283 2988 2362 mysterium
3018 2282 3244 2344 evolvit
3273 2299 3345 2344 ac
3366 2280 3572 2356 tradit,

310 2384 452 2446 qua:
467 2377 716 2433 tantum
755 2380 944 2454 atque
977 2395 1012 2438 a
1039 2378 1166 2441 Deo
1197 2380 1596 2460 peculiariter
1631 2383 1923 2446 edoctum
1952 2384 2316 2462 magistrum
2353 2385 2554 2447 decet.
2592 2386 2744 2446 Tres
2765 2383 3126 2461 singillatim
3156 2382 3394 2444 divinas
3424 2398 3571 2460 per-

309 2488 501 2536 sonas
544 2478 819 2558 propriis
861 2483 1164 2563 cujusque
1196 2486 1580 2562 argumentis
1615 2485 1882 2549 illustrat
1925 2494 2112 2567 atque
2150 2488 2514 2550 conﬁrmat:
2549 2487 2740 2568 idque
2779 2483 3178 2567 cpusculum,
3217 2482 3407 2546 cedro
3437 2481 3572 2546 sine

316 2573 512 2638 dubio
533 2577 903 2657 liniendum,
933 2583 1153 2662 viginti
1185 2593 1248 2650 et
1277 2593 1420 2649 octo
1464 2587 1754 2667 capitulis
1777 2588 2171 2678 terminatur.

391 2731 479 2791 De
522 2734 977 2798 incarnatione.
1000 2772 1075 2782 —
1110 2739 1423 2819 Sequitur,
1456 2741 1593 2820 pari
1623 2740 1956 2820 theologia:
1987 2743 2234 2817 merito,
2261 2748 2554 2807 tractatus
2581 2743 2738 2807 alter
2773 2760 2852 2807 ex
2883 2742 3107 2806 eodem
3139 2740 3358 2804 codice
3393 2756 3576 2802 sum~

313 2839 458 2911 plus
490 2836 579 2894 De
619 2837 876 2899 Domini
909 2839 1368 2916 incarnatione,
1402 2842 1655 2919 triginta
1698 2843 1980 2923 quinque
2019 2842 2309 2924 capitulis
2347 2843 2868 2924 comprehensus,
2907 2850 2968 2906 et
3011 2860 3046 2906 a
3094 2841 3304 2922 Cyrilli
3333 2840 3575 2904 caeteris

311 2935 389 2996 de
421 2934 548 2998 hoc
569 2944 938 3015 argumento
982 2941 1232 3022 scriptis
1262 2959 1522 3022 prorsus
1547 2941 1850 3005 diversus.
1882 2945 2085 3024 Atque
2114 2943 2182 3004 in
2207 2941 2331 3006 hoc
2356 2942 2796 3006 refutationem
2824 2943 3261 3007 haereticorum
3296 2957 3427 3004 non
3455 2957 3574 3002 ne-

307 3033 511 3113 gligit,
544 3053 814 3115 quorum
855 3041 1174 3104 neminem
1214 3043 1632 3106 recentiorem
1679 3044 1991 3107 Eunomio
2029 3044 2331 3108 nominat.
2379 3044 2492 3109 Illa
2515 3061 2675 3121 _vero
2713 3044 3023 3109 calumnia
3054 3061 3090 3107 a
3120 3041 3575 3124 posterioribus

307 3135 774 3216 Monophysitis
827 3143 1054 3221 Cyrillo
1105 3144 1401 3224 imposita
1457 3145 1536 3207 de
1590 3146 1778 3208 unica
1837 3145 2059 3208 Christi
2097 3153 2318 3209 natura
2363 3149 2442 3210 ab
2489 3164 2566 3210 eo
2611 3155 2881 3225 asserta,
2922 3155 3048 3211 tam
3091 3147 3410 3209 evidenter
3450 3143 3574 3205 hoc

309 3237 551 3316 scripto
584 3248 968 3320 προληπτικῶς
996 3243 1379 3319 dissolvitur,
1410 3251 1479 3306 ut
1506 3263 1695 3308 nemo
1715 3246 1847 3324 jam
1874 3253 2091 3330 contra
2117 3245 2363 3310 hiscere
2390 3265 2655 3310 ausurus
2678 3248 2776 3309 sit.
2811 3251 3176 3327 Quanquam
3210 3261 3358 3308 vero
3389 3244 3570 3324 pole-

306 3337 540 3399 micam
570 3341 634 3402 in
689 3341 804 3407 hac
843 3344 1276 3409 lucubratione
1314 3353 1557 3426 partem
1598 3349 1835 3412 naviter
1870 3358 2088 3415 tractat
2119 3353 2411 3433 Cyrillus,
2443 3360 2716 3418 attamen
2752 3355 2818 3415 in
2865 3351 3239 3433 exponenda
3276 3348 3387 3409 Dei
3426 3362 3574 3424 erga

307 3433 603 3500 homines
631 3440 1038 3520 benignitate,
1080 3461 1270 3524 quam
1301 3433 1750 3508 incarnationis
1790 3466 1950 3528 opus
1978 3450 2388 3525 demonstrat,
2412 3451 2721 3532 plurimus
2755 3457 2876 3524 est;
2908 3457 2978 3512 ut
3006 3449 3417 3510 Christianum
3451 3461 3574 3524 po-

307 3539 533 3619 pulum
566 3543 676 3604 Dei
707 3543 976 3606 vicissim
1003 3563 1220 3610 amore
1251 3547 1619 3622 inﬂammet,
1645 3555 1833 3629 atque
1864 3551 1929 3612 in
1959 3552 2081 3613 ﬁde
2117 3552 2468 3627 conﬁrmet,
2497 3569 2684 3632 quam
2713 3551 2962 3630 egregie
2984 3547 3200 3611 deﬁnit
3231 3547 3404 3628 pium
3435 3561 3575 3608 esse

311 3656 460 3718 erga
480 3643 678 3704 Deum
709 3661 780 3704 ac
811 3645 1255 3708 revelationem
1289 3647 1688 3728 obsequium,
1723 3650 2144 3712 controversia
2174 3652 2346 3714 omni
2375 3653 2753 3732 curiosoque
2776 3652 2961 3714 etiam
2994 3649 3282 3712 examine
3309 3645 3567 3717 omisso,

314 3747 418 3808 cui
443 3753 611 3809 certe
650 3749 926 3828 indagini
949 3767 1160 3829 neque
1191 3751 1371 3832 plebs
1396 3769 1605 3830 neque
1626 3753 1899 3815 maxima
1925 3751 2253 3816 hominum
2280 3773 2426 3836 pars
2452 3756 2680 3819 idonea
2709 3761 2802 3818 est

389 3892 480 3951 De
497 3892 796 3971 Deipara.
830 3928 904 3936 —
935 3894 1201 3956 Tertiam
1227 3895 1292 3956 in
1316 3895 1436 3958 hoc
1457 3902 1675 3959 nostro
1708 3897 2024 3962 volumine
2044 3898 2258 3962 sedem
2281 3907 2547 3981 occupat
2567 3900 2772 3981 Cyrilli
2795 3900 3051 3982 capiosa
3073 3917 3145 3964 ac
3165 3898 3358 3963 libelli
3379 3897 3574 3960 instar

315 3996 538 4071 oratio,
578 4015 698 4075 qua
749 3996 1102 4059 ostenditur
1140 3999 1384 4062 beatam
1428 4001 1682 4063 Mariam
1733 4019 1800 4062 re
1846 4019 1990 4065 vera
2029 4021 2166 4066 esse
2192 4005 2678 4083 rectissimeque
2717 4005 2840 4066 dici
2877 4005 3229 4083 Deiparam.
3260 4001 3560 4063 Exstabat

307 4091 448 4157 haec
471 4095 706 4158 inedita
735 4096 937 4159 oratio
968 4097 1034 4159 in
1063 4098 1361 4162 Vaticano
1389 4101 1607 4163 codice
1637 4103 1898 4180 antiquo
1933 4101 2082 4162 1434
2112 4120 2230 4164 nec
2261 4120 2388 4165 non
2417 4105 2482 4164 in
2514 4105 2864 4166 recentiore
2905 4103 3112 4165 Ottob.
3151 4101 3258 4176 30;
3291 4101 3570 4182 denique

311 4196 603 4258 eamdem
650 4199 962 4261 contineri
999 4199 1130 4262 scio
1161 4200 1228 4263 in
1256 4201 1474 4265 codice
1512 4203 1701 4265 etiam
1741 4203 2086 4266 Barberino
2126 4203 2264 4266 253.
2306 4207 2463 4266 Rem
2511 4205 2672 4267 hanc
2715 4222 2845 4266 non
2885 4203 3079 4266 semel
3124 4201 3415 4283 Cyrillus,
3453 4201 3572 4265 etsi

310 4300 540 4376 obiter,
567 4319 697 4365 non
731 4308 938 4366 tamen
958 4304 1278 4368 incuriose
1309 4311 1677 4370 tractaverat
1698 4309 1883 4371 etiam
1912 4325 2206 4372 sermone
2247 4310 2276 4369 Ι
2313 4313 2529 4370 contra
2548 4307 3197 4381 Nestorium,necnon
3216 4306 3282 4368 in
3307 4303 3571 4384 epistola

307 4401 666 4482 dogmatica
695 4406 772 4466 ad
814 4408 958 4486 lEgy
970 4407 1136 4486 ptios
1165 4393 1533 4485 monachos,
1567 4427 1708 4490 qua:
1747 4416 1840 4472 est
1867 4410 1932 4472 in
1973 4411 2196 4472 ordine
2223 4409 2626 4491 epistolamm
2651 4409 2871 4489 prima.
2901 4406 3226 4484 Magniﬁce
3255 4422 3404 4468 vero
3428 4404 3569 4469 Vir-

308 4509 526 4587 ginem
564 4509 842 4596 celebrat
881 4516 942 4571 et
988 4507 1174 4569 tertio
1207 4527 1464 4590 quoque
1502 4511 1692 4574 verbo
1741 4511 2017 4591 appellat
2051 4512 2388 4590 Deiparam
2420 4511 2488 4572 in
2526 4509 2808 4573 oratione
2845 4507 3054 4570 habita
3083 4506 3316 4588 Ephesi
3357 4523 3571 4570 coram

306 4611 586 4688 synodo.
619 4609 792 4674 Adde
813 4611 1024 4674 locum
1057 4612 1359 4676 orationis
1394 4611 1418 4673 1
1454 4615 1540 4674 De
1578 4613 1697 4691 ﬁde
1729 4613 1812 4674 ad
1849 4614 2120 4692 Reginus
2153 4612 2333 4693 (Opp.
2368 4620 2409 4674 t.
2441 4614 2512 4689 V,
2539 4620 2710 4693 parte
2745 4629 2812 4687 II,
2843 4630 2912 4694 p.
2941 4610 3011 4673 47
3043 4608 3208 4690 sqq.)
3233 4607 3356 4670 Sed
3399 4605 3569 4670 enim

308 4716 684 4797 praeclarum
733 4717 889 4780 mihi
921 4718 1197 4793 obvenit,
1228 4724 1298 4779 ut
1323 4717 1447 4779 dixi
1478 4717 1544 4778 in
1572 4723 1702 4780 not.
1732 4718 1807 4780 ad
1857 4735 1996 4797 cap.
2041 4718 2134 4792 13,
2169 4717 2500 4779 Justiniani
2540 4719 2699 4798 imp.
2728 4717 2796 4778 in
2825 4719 2958 4798 ejus
2995 4732 3183 4795 quam
3235 4711 3402 4776 edidi
3439 4710 3570 4802 epi-

306 4819 471 4881 stola
518 4818 760 4900 duplex
813 4819 1247 4883 testimonium
1290 4819 1368 4882 de
1418 4818 1535 4881 hac
1565 4819 1776 4898 Cyrilli
1806 4819 2089 4881 oratione
2114 4866 2128 4892 ,
2157 4819 2242 4880 ita
2271 4825 2342 4880 ut
2377 4825 2606 4898 printer
2632 4818 2863 4898 stylum
2891 4822 2952 4879 et
2979 4819 3342 4878 consuetam
3378 4817 3568 4892 atque

305 4923 666 4986 solemnem
718 4923 927 5003 Cyrilli
971 4923 1344 4999 doctrinam,
1389 4923 1724 4986 auctoritas
1773 4923 1962 4985 etiam
2008 4927 2286 5001 Augusta
2321 4921 2599 4996 accedat,
2651 4937 2793 5001 qua:
2841 4936 3096 4984 omnem
3161 4914 3568 4980 dubitationis

305 5025 684 5106 scrupulum
733 5025 970 5087 eximit.
1034 5027 1106 5087 Et
1133 5025 1389 5106 quidem
1418 5026 1558 5106 ipse
1597 5024 1858 5103 Cyrillus
1887 5023 2009 5087 hoc
2053 5041 2121 5086 se
2177 5029 2621 5102 argumentum
2660 5022 2892 5084 diserte
2937 5028 3233 5083 tractasse
3262 5023 3472 5080 narrat
3501 5015 3568 5080 in

306 5129 575 5208 epistola
607 5127 682 5191 ad
711 5129 1044 5190 Maximum
1071 5129 1237 5211 apud
1271 5129 1589 5192 Baluzium
1621 5128 1776 5190 Nov.
1807 5127 1962 5192 Coll.
1983 5128 2203 5191 concil.
2236 5127 2358 5190 col.
2393 5126 2528 5201 915,
2561 5127 2660 5188 his
2678 5126 2882 5189 verbis
2906 5143 2919 5186 :
2947 5148 2976 5182 «
3008 5124 3285 5186 Primum
3319 5120 3562 5216 capituo

308 5228 436 5298 lum
481 5237 579 5291 est
610 5230 779 5309 quod
816 5235 1027 5293 sancta
1054 5232 1242 5310 Virgo
1271 5233 1348 5293 sit
1377 5231 1488 5292 Dei
1525 5230 1828 5293 Genitrix.
1864 5254 1893 5288 »
1951 5231 2081 5293 Nisi
2118 5231 2278 5294 forte
2307 5248 2384 5292 co
2416 5230 2560 5292 loco
2603 5229 2682 5292 de
2722 5230 2929 5310 primo
2967 5244 3081 5289 suo
3111 5227 3176 5288 in
3209 5221 3561 5317 Nestorium

311 5347 606 5392 sermone
643 5333 902 5408 cogitat:
953 5334 1184 5395 etenim
1221 5334 1284 5395 id
1339 5332 1565 5412 dogma
1624 5339 1866 5412 postea,
1916 5340 2105 5412 prout
2154 5351 2321 5396 nunc
2352 5334 2419 5394 in
2460 5333 2718 5396 invento
2777 5337 2993 5394 nostro
3055 5327 3306 5406 legitur,
3363 5319 3563 5386 multo

310 5434 566 5497 uberius
611 5437 932 5516 explicuit.
981 5437 1382 5501 Luculentam
1437 5437 1600 5499 hanc
1645 5435 1854 5516 Cyrilli
1897 5438 2243 5502 orationem
2300 5438 2752 5502 commendare
2797 5436 3004 5499 verbis
3034 5431 3338 5500 omittam,
3371 5422 3560 5486 nullis

306 5535 475 5596 enim
505 5535 799 5599 laudibus
827 5543 1005 5616 eget;
1038 5537 1100 5598 in
1139 5537 1314 5616 cujus
1337 5535 1520 5598 etiam
1541 5535 1816 5598 clausula
1846 5535 2184 5598 vehemens
2211 5536 2287 5598 ad
2324 5536 2760 5598 orthodoxiam
2795 5530 3184 5595 retinendam
3207 5522 3561 5587 adhortatio

303 5635 391 5696 ﬁt.
424 5635 593 5698 Illud
643 5655 898 5717 nequeo
931 5640 1217 5712 reticere,
1254 5641 1423 5718 quod
1456 5649 1549 5701 est
1587 5640 1812 5718 Cyrillo
1841 5646 2051 5702 nostro
2083 5639 2261 5702 valde
2293 5640 2735 5713 honoriﬁcum,
2769 5635 3082 5714 simulque
3128 5646 3363 5695 novum
3414 5626 3560 5689 huic

317 5737 556 5815 scripto
590 5739 955 5818 suffragium
982 5740 1227 5826 adjicit.
1282 5739 1527 5802 Etenim
1593 5741 1716 5802 duo
1759 5739 2142 5818 perillustrcs
2185 5743 2416 5815 Patres,
2448 5741 2558 5816 qui
2609 5738 2952 5817 Eutychen)
2994 5731 3559 5817 reprehenderunt,
