4024 6220
463 317 531 372 95
1809 320 2013 376 (ΞΛΜ).

2131 321 2214 377 iG.
2257 322 2376 377 MAI
3651 322 3720 377 9‘3

461 438 587 500 Leo
609 456 774 518 papa
803 437 1092 520 pluribus
1123 439 1372 518 scriptis
1404 439 1512 520 (α),
1548 441 1770 501 Petrus
1803 438 2050 521 Chrysoi

2138 461 2226 520 gus
2255 461 2381 504 una
2410 441 2673 523 epistola
2721 448 2804 524 (ὁ)
2847 441 3166 523 prmdiclm
3199 443 3547 522 Cyrillianm
3588 461 3727 507 οων

456 539 651 604 tionis
691 544 1018 605 exordium
1048 544 1167 606 sibi
1200 542 1523 606 evidenter
1553 546 2046 608 vindicaverunt.
2078 549 2204 609 Leo
2237 546 2494 627 quidem
2525 564 2889 609 sermonem
2935 565 3121 609 suum
3151 547 3214 606 in
3241 545 3534 606 Ballerin.
3570 544 3720 610 edit.

457 649 875 720 postremum,
901 661 1028 722 quo
1051 646 1399 724 Eutychem
1429 648 1678 723 refutat,
1718 651 1806 712 sic
1836 668 1981 711 cum
2003 649 2232 729 Cyrillo
2265 650 2621 712 exorditur:
2651 672 2678 705 α
2707 650 2878 712 Sicut
2900 651 3247 730 peritorum
3280 647 3721 729 prudentium-

457 762 584 824 que
637 747 1027 811 medicorum
1069 756 1184 826 est,
1225 753 1554 832 passiones
1607 751 1984 813 infirmitatis
2014 751 2305 813 humanm
2349 753 2642 813 remediis
2690 753 3061 832 prmvenire,
3097 757 3157 812 et
3187 747 3725 829 quemadmodum

457 850 642 913 saluti
705 856 1018 918 contraria
1057 857 1476 933 declinentur,
1518 857 1877 932 ostendere,
1913 863 2074 919 etc.»
2108 857 2374 937 Reliqua
2415 857 2600 918 etiam
2635 857 3060 928 consentiunt,
3094 856 3216 917 nisi
3252 854 3424 934 quod
3459 853 3726 934 Cyrillus

457 951 591 1025 Dei,
636 955 762 1016 Leo
809 962 1019 1018 autem
1070 967 1391 1037 pastorum
1438 958 1899 1038 providentiam
1947 963 2277 1018 memorat.
2311 958 2443 1018 Jam
2499 958 2743 1031 Petrus,
2786 956 2953 1018 haud
3011 956 3270 1036 quidem
3309 955 3374 1016 in
3424 955 3726 1036 prmdicta

456 1055 742 1134 epistola,
781 1059 893 1120 sed
931 1061 1109 1122 initio
1140 1062 1450 1124 sermonis
1472 1061 1544 1122 44
1577 1061 1700 1142 (ed.
1730 1062 1874 1124 Seb.
1903 1060 2102 1139 Pauli)
2133 1061 2222 1122 sic
2251 1059 2547 1138 Cyrillum
2569 1077 2752 1140 mque
2784 1059 3084 1122 imitatur.
3107 1085 3133 1114 α
3169 1059 3411 1120 Peritus
3440 1057 3728 1120 medicus

349 1232 366 1239 π
456 1160 706 1236 quoties
736 1163 906 1224 vario
933 1162 1235 1243 languore
1269 1165 1536 1228 defessis
1556 1165 1810 1246 plenam
1849 1162 2161 1226 desiderat
2187 1162 2476 1226 conferre
2501 1163 2906 1238 medicinam,
2931 1163 3086 1224 altas
3115 1162 3319 1242 aperit
3352 1161 3723 1222 morborum

457 1277 701 1336 causas,
749 1275 899 1340 ete.,
933 1268 1400 1348 quamplurima
1450 1269 1877 1332 remediorum
1916 1285 2172 1347 genera,
2214 1267 2552 1330 herbarum
2596 1268 2762 1329 vires
2812 1268 3054 1348 pandit,
3111 1266 3720 1330 medicamentorum

458 1364 744 1444 loquitur
776 1371 1130 1450 qualitates.
1167 1396 1198 1431 η

536 1469 945 1550 Dialogus.~—
964 1476 1195 1549 Quarto
1222 1477 1366 1540 loco
1389 1478 1720 1558 posuimus
1755 1478 1833 1540 de
1862 1475 2088 1538 eodem
2117 1482 2484 1554 argumento
2515 1475 2832 1555 dialogum
2863 1475 3073 1555 Cyrilli
3121 1492 3264 1537 cum
3310 1472 3602 1536 Nestorio
3659 1471 3726 1533 in

455 1569 678 1632 codice
708 1579 828 1634 vat.
862 1572 976 1634 790
1005 1583 1424 1656 compertum,
1456 1577 1567 1638 ubi
1595 1577 1649 1639 is
1675 1575 2046 1638 nominatim
2083 1575 2311 1655 Cyrillo
2339 1577 2577 1638 auctori
2604 1575 3001 1638 inscribitur:
3036 1591 3244 1654 neque
3266 1573 3368 1636 hic
3391 1579 3558 1636 certe
3587 1569 3726 1635 col-

455 1667 765 1749 loquendi
795 1691 933 1735 mos
964 1693 999 1737 a
1030 1677 1259 1756 Cyrillo
1289 1676 1607 1753 abhorret,
1641 1685 1713 1740 ut
1739 1679 1873 1758 ejus
1909 1678 2080 1756 longi
2109 1696 2254 1740 cum
2281 1678 2535 1740 Hermia
2568 1683 2629 1740 et
2667 1695 2812 1740 cum
2843 1677 2984 1756 ipso
3013 1677 3304 1740 Nestorio
3334 1673 3567 1754 dialogi
3592 1666 3730 1736 noti

457 1771 822 1834 ostendunt.
860 1775 1037 1838 Certe
1078 1777 1145 1839 fit
1170 1777 1271 1840 hic
1299 1779 1622 1859 perlucida
1652 1779 1923 1843 Nestorii
1953 1779 2273 1859 arguentis
2303 1777 2672 1841 confutatio.

535 1891 844 1969 Episton
881 1893 1023 1956 4.-
1044 1898 1252 1977 Cyrilli
1288 1899 1514 1962 multas
1563 1901 1826 1981 periisse
1881 1900 2181 1982 epistolas
2225 1900 2571 1964 manifestis
2622 1900 2870 1963 indiciis
2919 1907 3185 1964 constat.
3234 1904 3436 1981 Atque
3487 1899 3730 1960 utinam

455 1991 768 2054 Aubertus
797 2012 926 2057 non
957 2002 1082 2058 tam
1113 2015 1330 2062 socors
1364 2001 1430 2062 in
1460 2000 1706 2062 illarum
1747 2001 2024 2064 editione
2055 2001 2295 2076 fuisset,
2321 2001 2429 2080 qui
2462 2017 2542 2062 ne
2589 2017 2920 2063 numerare
2970 2001 3226 2082 quidem
3283 2017 3388 2062 eas
3443 1997 3732 2061 meminit

457 2100 692 2161 nedum
721 2101 963 2182 aliquot
991 2104 1249 2169 scholiis
1275 2116 1382 2170 aut
1413 2107 1728 2169 historicis
1759 2106 1953 2168 titulis
1983 2106 2326 2169 illustraret
2360 2107 2488 2168 Nos
2516 2103 2785 2166 ineditas
2815 2109 3087 2184 quatuor
3115 2103 3473 2165 invenimus
3506 2101 3576 2163 in
3614 2117 3728 2163 co-

457 2197 598 2260 dice
634 2200 770 2262 Vat.
811 2200 986 2276 1431,
1019 2209 1080 2265 et
1109 2206 1335 2284 partim
1368 2208 1554 2268 etiam
1591 2207 1655 2268 in
1687 2207 1894 2268 Ottob.
1933 2205 2108 2282 1262,
2145 2224 2301 2287 quas
2349 2223 2480 2269 non
2522 2204 2734 2267 Latina
2768 2205 2976 2269 solum
3027 2204 3458 2279 translatione,
3514 2217 3730 2267 verum

457 2297 646 2360 etiam
689 2298 929 2379 aliquot
957 2301 1470 2394 adnotationibus
1496 2307 1779 2369 comitari
1801 2305 2138 2369 voluimus.

535 2418 815 2480 Homilia
855 2421 927 2482 de
957 2423 1388 2486 incarnatione
1419 2427 1945 2489 Domini.—Alia
1983 2427 2657 2511 homilia.—Sequitur
2684 2433 2852 2513 apud
2884 2448 3002 2495 nos
3029 2431 3288 2494 homilia
3323 2432 3403 2494 de
3438 2433 3731 2496 incarna-

459 2521 632 2582 tione
669 2523 777 2583 Dei
806 2523 1021 2599 Verbi,
1053 2543 1194 2604 qum
1225 2527 1481 2590 nonnisi
1507 2529 1725 2591 Latine
1767 2529 2085 2604 exstabat;
2116 2531 2331 2593 Grmce
2368 2548 2517 2594 vero
2549 2550 2586 2594 a
2613 2534 2798 2596 nobis
2815 2551 2905 2596 ex
2937 2540 3209 2614 utroque
3232 2534 3534 2614 praedicto
3559 2535 3732 2598 codi-

461 2641 534 2687 ce
562 2625 934 2707 deprompta
963 2627 1106 2704 fuit,
1141 2648 1433 2713 novoque
1461 2636 1692 2698 Latinm
1724 2636 1956 2714 lingum
1984 2635 2212 2697 vestitu
2244 2637 2491 2700 amicta.
2527 2637 2688 2700 Item
2730 2638 2980 2701 brevior
3023 2637 3130 2700 illa
3179 2654 3322 2717 qum
3383 2635 3734 2698 subtexitur

462 2726 545 2789 de
575 2730 864 2792 Nestorio
897 2731 1096 2811 ejecto
1134 2733 1414 2810 homilia,
1456 2739 1670 2802 Latine
1707 2741 2139 2803 tantummodo
2169 2741 2236 2802 in
2261 2740 2594 2822 Ephesinis
2637 2741 2878 2804 actibus
2922 2741 3127 2815 obvia,
3177 2742 3392 2802 Grmce
3445 2755 3482 2800 a
3551 2737 3734 2800 nobis

465 2840 789 2909 comperta
816 2833 933 2896 fuit
962 2837 1028 2899 in
1063 2841 1373 2904 Vaticanis
1403 2844 1728 2906 codicibus
1761 2844 1874 2905 504
1906 2852 1966 2908 et
2001 2845 2137 2921 508,
2169 2844 2460 2926 hancque
2487 2849 2636 2911 item
2664 2848 2989 2910 Latinitate
3019 2864 3235 2908 rursus
3257 2844 3653 2906 donavimus.

542 2930 825 2994 Homilia
849 2932 922 2997 de
960 2939 1249 3002 vinea.--
1273 2943 1711 3006 Conciunculce
1737 2946 1809 3008 de
1839 2948 2160 3026 Egyptiis
2189 2949 2574 3026 martyribus
2612 2951 2777 3028 Cyro
2829 2967 2900 3009 ac
2950 2949 3215 3010 Joanne.
3262 2945 3470 3007 Sancti
3525 2943 3734 3022 Cyrilli

465 3027 790 3118 liomiliam
808 3035 886 3098 de
918 3041 1272 3118 evangelica
1309 3044 1509 3106 vinem
1543 3044 1866 3125 parabola,
1895 3062 2086 3124 quam
2118 3044 2269 3107 olim
2303 3047 2520 3110 Latine
2549 3027 2791 3110 tantum
2814 3045 3087 3110 Achilles
3113 3043 3733 3123 Statius,Lusitanus,

464 3129 543 3192 ad
574 3134 940 3212 Gregorium
970 3141 1109 3204 XIII
1136 3143 1253 3204 PP.
1286 3144 1653 3225 impressam
1694 3145 1968 3220 miserat,
1999 3146 2216 3208 Grmce
2244 3162 2362 3225 ego
2389 3147 2454 3208 in
2485 3147 2825 3227 Spicilegio
2856 3148 3034 3212 Rom.
3066 3147 3136 3206 T.
3186 3146 3236 3206 V
3286 3142 3604 3205 edideram
3658 3157 3738 3202 ex

466 3231 608 3337 ipso
639 3236 813 3300 Statii
842 3241 1059 3305 codice
1092 3245 1156 3307 in
1176 3246 1556 3314 bibliotheca
1585 3253 2013 3320 Vallicelliana
2042 3259 2262 3320 Romm
2293 3258 2651 3337 superstite.
2687 3257 2823 3318 Fuit
2858 3255 3026 3318 enim
3057 3253 3284 3316 Statius
3309 3250 3475 3321 illius
3501 3250 3736 3313 biblio-

467 3333 669 3397 thecm
700 3341 1012 3418 conditor,
1046 3345 1306 3427 ejusque
1334 3350 1460 3415 illic
1500 3354 1706 3434 imago
1743 3375 1884 3420 cum
1917 3359 2122 3437 elogio
2153 3359 2231 3421 ad
2261 3333 2632 3439 perpetuam
2687 3358 2776 3420 rei
2825 3356 3193 3418 memoriam
3249 3357 3508 3433 prostat.
3556 3351 3741 3417 Nunc

468 3438 662 3545 igitur
698 3461 776 3506 ne
807 3448 1017 3527 Cyrilli
1049 3450 1308 3518 homilia
1337 3458 1740 3524 translatione
1770 3464 1984 3527 Latina
2014 3471 2220 3528 careat
2251 3465 2503 3545 (etenim
2529 3464 2772 3544 priscus
2810 3469 2871 3523 et
2903 3460 3112 3522 tenuis
3141 3458 3314 3520 Statii
3352 3454 3601 3517 libellus
3636 3454 3738 3516 vix

469 3539 701 3650 alicubi
727 3557 1017 3630 occurrit,
1050 3566 1113 3620 et
1155 3561 1276 3641 ipsi
1304 3564 1458 3624 mihi
1495 3567 1569 3627 ad
1601 3585 1821 3629 manus
1847 3587 1975 3631 non
2006 3569 2148 3650 est),
2184 3539 2304 3631 hoc
2335 3539 2590 3648 quoque
2629 3567 2839 3646 Cyrilli
2870 3566 3171 3645 scriptum
3199 3569 3464 3640 utraque
3494 3557 3730 3637 lingua,

470 3658 574 3704 me
605 3645 971 3752 interprete,
1005 3668 1247 3724 exstare
1287 3668 1602 3729 constitui.
1641 3670 1714 3730 Et
1757 3672 2057 3750 quoniam
2092 3673 2158 3733 in
2191 3671 2397 3752 Cyrilli
2421 3671 2696 3732 homiliis
2723 3669 2953 3732 versari
2982 3683 3320 3748 coeperam,
3364 3670 3490 3724 tres
3525 3724 3538 3725 ,
3567 3679 3731 3740 quo-

475 3758 600 3849 que
628 3747 906 3825 ejusdem
941 3759 1389 3824 conciunculas
1417 3763 1494 3825 de
1524 3747 1826 3846 {Egj’pliis
1851 3747 2416 3848 martyribus'Cyro
2440 3788 2512 3831 ac
2551 3772 2816 3844 Joanne,
2851 3786 3007 3849 quas
3035 3747 3190 3828 mihi
3238 3767 3300 3826 S.
3345 3760 3740 3842 Sophronius

474 3844 539 3906 in
571 3862 681 3907 sua
713 3850 1182 3933 prmdictorum,
1215 3877 1402 3938 quam
1435 3844 2576 3946 edidi,martyrum'historiaiobtulit,
2612 3869 2734 3934 hoc
2763 3844 2997 3932 idoneo
3031 3868 3174 3930 loco
3205 3883 3336 3928 non
3367 3865 3500 3926 sine
3531 3863 3735 3924 anim-

472 3946 947 4017 adversionibus
975 3957 1216 4038 aliquot
1248 3967 1575 4042 ponendas
1605 3971 1836 4032 curavi.
2379 3955 2384 3958 ’

555 4054 938 4158 Πθθθπδίιίίε
977 4063 1711 4152 “liquot—Quanquam
1749 4077 1946 4138 sancti
1977 4077 2187 4156 Cyrilli
2216 4078 2491 4141 homilim
2541 4078 2826 4158 plurimm
2873 4077 3148 4152 fuerunt,
3200 4082 3358 4138 teste
3414 4069 3740 4134 Gennadio

480 4171 622 4232 οθρ-
651 4155 750 4259 _57,
786 4158 1015 4240 hmque
1054 4165 1216 4228 adeo
1254 4168 1660 4250 famigeratm,
1697 4182 1822 4240 uta
1855 4155 2089 4241 Grmcis
2121 4181 2437 4259 episcOpis
2462 4155 2964 4241 ad—declamandi
3003 4177 3364 4257 exemplum
3417 4172 3740 4237 memorias

479 4255 927 4322 mandarentur
958 4260 1099 4342 (ceu
1131 4267 1418 4332 videlicet
1445 4274 1613 4352 apud
1644 4279 1897 4341 Latinos
1926 4280 2128 4340 sancti
2156 4255 2508 4356 Augustini,
2533 4278 2762 4357 Cyrillo
2790 4278 3121 4352 comtanei,
3154 4255 3478 4339 sermones
3524 4271 3741 4333 multi-

481 4358 700 4462 tudine
737 4380 809 4427 ac
839 4365 1197 4435 celebritate
1229 4375 1707 4457 excelluerunt),
1736 4385 2011 4442 attamen
2038 4397 2156 4459 ego
2184 4381 2262 4444 de
2283 4382 2360 4444 iis
2383 4382 2724 4460 generatim
2769 4387 2910 4462 post
2931 4380 3088 4443 alios
3108 4374 3582 4456 bibliographos
3613 4389 3745 4434 non

482 4459 728 4563 loquar,
761 4481 842 4527 ne
871 4466 1033 4531 forte
1062 4479 1270 4534 actum
1300 4491 1486 4552 agere
1518 4477 1751 4539 videar.
1781 4479 2016 4541 Paucas
2044 4459 2480 4546 tantummodo
2504 4459 2893 4558 memorabo,
2929 4501 3086 4563 quas
3115 4481 3211 4544 vel
3239 4481 3512 4556 integras
3547 4475 3641 4538 vel
3672 4473 3748 4535 il‘

484 4557 685 4622 .larum
723 4563 1072 4643 fragmenta
1109 4588 1227 4649 ego
1267 4575 1468 4650 edidi,
1505 4576 1600 4638 vel
1649 4577 1716 4638 in
1767 4577 2092 4641 codicibus
2143 4581 2350 4644 adhuc
2406 4591 2679 4646 retentas
2731 4557 3076 4646 observavi.
3135 4583 3291 4643 Sunt
3345 4584 3555 4642 autem
3604 4575 3740 4637 hm:

488 4658 835 4728 LHomilia
867 4667 939 4728 de
957 4671 1269 4748 parabola
1289 4666 1502 4751 vincte,
1534 4694 1676 4756 qum
1707 4681 1986 4742 nondum
2015 4683 2231 4746 Graece
2258 4684 2459 4746 fuerat
2491 4685 2678 4748 edita.
2704 4684 2762 4745 2.
2788 4684 3077 4746 Homilim
3107 4688 3235 4745 tres
3255 4680 3638 4744 brevissimm
3665 4679 3747 4743 de

486 4761 602 4822 SS.
621 4765 794 4866 AMM.
821 4768 985 4847 Cyro
1020 4779 1076 4831 et
1102 4775 1343 4837 Joanne
1370 4779 1604 4853 Grmce,
1629 4779 1908 4860 itemque
1931 4785 2146 4846 Latine
2172 4785 2513 4866 interprete
2543 4786 2864 4848 Anastasio
2881 4783 3386 4847 Bibliothecario.
3424 4782 3749 4862 (Hujusce-

487 4864 659 4967 modi
694 4885 951 4944 prorsus
979 4880 1124 4935 sunt
1152 4882 1279 4938 tres
1316 4877 1439 4940 illm
1470 4881 1531 4940 S.
1579 4883 1908 4960 Augustini
1937 4864 2372 4950 conciunculm
2403 4888 2475 4949 de
2505 4889 2573 4950 S.
2605 4887 2910 4967 Stephani
2938 4885 3261 4948 miraculis
3286 4887 3351 4947 in
3380 4885 3531 4946 edit.-
3566 4885 3742 4945 Mau-

489 4965 608 5067 rin.
648 4972 691 5028 t.
725 4969 798 5047 V,
829 4990 895 5051 p.
932 4974 1127 5058 1275.)
1177 4977 1234 5040 3.
1283 4981 1572 5044 Homilim
1607 4985 2025 5064 fragmentum
2057 4991 2236 5067 Quod
2265 4989 2550 5052 Christus
2581 4965 2848 5050 dici—non
2879 4988 3094 5050 debeat
3132 4987 3307 5048 homo
3344 4983 3742 5064 theophorus,

490 5065 597 5126 sed
625 5069 787 5128 Deus
822 5072 1210 5137 incarnatus.
1247 5077 1301 5138 4.
1337 5080 1625 5143 Homilim
1648 5093 1886 5163 quartm
1917 5105 2030 5149 seu
2057 5065 2365 5152 sermonis
2397 5097 2614 5148 contra
2641 5088 2914 5148 Aria-nos
2950 5086 3387 5164 fragmentum.
3437 5085 3491 5144 5.
3548 5086 3742 5145 Pros-

486 5169 810 5261 phonetici
839 5173 923 5233 ad
956 5173 1420 5241 Alexandrinos
1455 5181 1821 5261 fragmenta.
1861 5186 1918 5247 6.
1946 5187 2358 5250 Homiliarum
2387 5195 2597 5266 partes
2622 5187 2863 5266 aliquot
2888 5186 2953 5246 in
2983 5187 3214 5247 Nicetm
3243 5184 3321 5246 ad
3369 5185 3598 5244 Lucam
3633 5200 3742 5243 ca-

567 5360 645 5447 (a)
686 5359 798 5417 Leo
823 5361 879 5417 in
903 5363 1102 5420 celebri
1132 5365 1200 5447 ad
1232 5366 1549 5447 Flavianum
1577 5371 1833 5447 epistola,
1867 5388 1985 5447 cap.
2015 5375 2069 5438 5,
2244 5374 2316 5447 (ὁ)
2350 5375 2520 5447 Miror
2557 5390 2871 5447 sermonum
2926 5374 3084 5447 Petri
3129 5371 3389 5447 editores.
3452 5367 3560 5447 qui.
3599 5365 3745 5447 hanc

495 5430 675 5516 locum
708 5449 925 5504 quoque
964 5451 1074 5490 non
1100 5437 1236 5491 aleo
1255 5438 1529 5516 Aexiguum
1575 5430 1958 5516 Augustini
2005 5430 2070 5516 ei
2170 5430 2454 5516 epistolam
2507 5447 2560 5499 in
2618 5446 2831 5499 actibus
2872 5444 3088 5499 concilii
3135 5430 3744 5516 Chalcedone-“$5,?”

499 5499 661 5591 hujps
699 5499 891 5591 copti-ti
912 5520 1218 5591 sermonem
1241 5499 1827 5591 Arianorumlibro'n.
1940 5513 2072 5582 ipsis
2173 5499 2336 5591 viam,
2371 5524 2428 5568 et
2467 5516 2599 5591 satis
2635 5516 2908 5591 celebrem
2951 5530 3013 5591 ac
3052 5512 3368 5591 pretiosam,
3413 5502 3744 5591 prmtcriisse

498 5569 816 5655 fot‘bis_§ibi
842 5574 1166 5655 vindicavit;
1199 5593 1320 5655 qum
1347 5595 1562 5655 resnon
1588 5582 1702 5637 leve
1723 5581 1923 5655 Leonis
1943 5569 2071 5655 erga
2173 5569 2335 5654 quasi,
2353 5601 2450 5655 per
2471 5569 2740 5640 incuriam
2776 5586 2858 5640 vel
2903 5569 3086 5655 potius
3127 5569 3457 5638 oblivionem
3511 5587 3602 5640 aut
3656 5579 3744 5632 in-

498 5634 861 5765 :(iligi:st:n:gli
885 5634 1404 5769 ostiisfquiuin'fuisse
1430 5634 1792 5709 demonstrat.
1813 5634 2071 5711 Pallori;

1105 5634 1404 5705 iu'm'ruisse
1430 5634 1792 5709 demonstrat.
1813 5634 2071 5711 magis“.
2175 5634 2444 5710 etiam
2461 5634 2694 5712 nam;
