4024 6220
280 297 354 352 9⁹¹
1663 269 1867 368 PBH

1990 305 2203 373 ONES.‘
3490 321 3575 388 99¹

274 422 422 477 tcna
450 415 561 497 (α).
587 418 644 480 7.
673 421 942 486 Homilia
971 427 1058 484 De
1075 426 1384 504 parabola
1415 429 1617 490 decem
1651 433 1970 511 virginum
1993 433 2361 496 inscribitur
2390 429 2619 516 Cyrillo
2648 437 2716 500 in
2746 437 2963 503 codice
2992 443 3248 522 Syriaco
3284 437 3418 507 Vat.
3445 445 3514 507 97
3542 459 3578 522 ε’

274 528 716 583 verumtamen
731 541 802 584 ea
818 523 1275 601 legiturGrmce
1299 530 1416 591 sub
1440 529 1868 610 Chrysostomi
1890 535 2148 597 nomine
2172 536 2238 597 in
2259 538 2477 600 Graeco
2493 539 2711 602 codice
2730 541 2892 616 Vat.,
2921 549 3246 625 exstatque
3274 546 3340 607 in
3352 549 3578 608 Mont-

271 622 557 684 fauconii
587 626 867 688 editione
897 629 1062 692 inter
1091 633 1336 711 spurias
1363 639 1408 694 t.
1441 635 1599 710 VIII,
1638 654 1699 716 ρ.
1734 636 1808 697 45
1837 655 2046 718 seqq.,
2079 639 2198 700 etsi
2254 639 2451 703 multa
2497 660 2640 704 cum
2694 644 3013 708 varietate.
3070 622 3441 710 8.‘Homilia
3487 647 3562 710 de

273 727 597 789 audienda
624 728 890 810 liturgia
927 735 1157 814 Cyrillo
1186 736 1338 798 item
1371 737 1736 801 inscribitur
1765 740 1828 801 in
1873 742 1996 803 alio
2046 743 2304 821 Syriaco
2347 744 2569 807 codice
2620 747 2751 808 Vat.
2801 747 2940 822 200,
2993 749 3099 810 sed
3145 757 3354 811 tamen
3403 751 3563 811 hanc

274 829 512 893 habere
545 832 846 912 Cyrillum
875 846 1195 900 auctorem
1229 839 1513 902 nondum
1537 841 1692 902 mihi
1730 843 2034 922 persuasi.
2070 843 2104 904 9
2136 852 2197 906 et
2229 844 2322 907 10.
2357 847 2660 909 Homilies
2689 850 2843 910 duas
2871 849 3099 927 Cyrillo
3124 850 3456 930 inscriptas
3487 847 3561 910 de

274 939 638 998 ascen-sione
668 941 948 1016 Domini,
981 949 1041 1004 et
1071 943 1144 1005 de
1175 945 1379 1006 tribus
1394 946 1614 1026 pueris
1647 946 2048 1026 Babylonicis
2080 959 2262 1029 atque
2289 951 2572 1025 Daniele,
2603 952 2728 1014 dixi
2766 953 2914 1014 olim
2949 970 3047 1015 me
3077 954 3292 1014 Grmce
3324 961 3383 1015 et
3413 969 3557 1035 pare

271 1039 385 1098 tim
415 1039 607 1100 etiam
669 1041 928 1121 COptice
955 1045 1021 1105 in
1059 1045 1392 1108 codicibus
1435 1047 1842 1121 observasse;
1897 1065 2108 1126 neque
2165 1057 2375 1111 tamen
2429 1049 2531 1112 his
2582 1052 2766 1113 fidem
2825 1051 3096 1133 adjicere
3149 1071 3338 1114 ausus
3395 1065 3556 1115 sum.

271 1136 500 1199 Postea
522 1144 733 1200 tamen
760 1139 880 1201 alia
912 1159 1172 1222 quoque
1209 1143 1287 1204 de
1308 1144 1533 1206 iisdem
1561 1145 1919 1207 testimonia
1957 1164 2096 1207 sum
2126 1154 2385 1210 nactus:
2419 1149 2631 1229 itaque
2665 1150 2798 1212 fieri
2829 1157 3058 1231 potest,
3089 1157 3158 1212 ut
3183 1151 3406 1214 harum
3425 1152 3560 1214 for-

272 1241 436 1295 tasse
473 1235 602 1298 alio
636 1243 924 1315 tempore
967 1239 1274 1300 rationem
1304 1239 1596 1302 habeam.
1641 1241 1735 1302 11.
1767 1243 2040 1306 Homilia
2074 1245 2147 1306 de
2175 1245 2476 1326 paschate
2527 1249 2816 1328 quaedam
2861 1249 3155 1312 tribuitur
3205 1252 3432 1331 Cyrillo
3493 1253 3561 1315 in

273 1350 400 1394 uno
431 1335 657 1396 Graeco
688 1335 931 1410 codice,
961 1337 1028 1398 in
1065 1337 1188 1400 alio
1218 1344 1425 1401 autem
1453 1338 1922 1419 Chrysostomo.
1954 1339 2046 1402 12.
2076 1344 2288 1422 Cyrilli
2315 1345 2575 1408 homilia
2599 1349 2673 1409 de
2694 1349 2770 1409 Β.
2801 1349 3030 1410 Maria:
3079 1351 3148 1412 ν.
3184 1351 3561 1416 dormitione

262 1435 333 1496 in
365 1435 594 1499 codice
625 1437 761 1498 Vat.
796 1437 983 1502 Arab.
1023 1437 1158 1512 170,
1188 1441 1424 1522 Script.
1456 1451 1576 1502 vet.
1611 1447 1656 1501 t.
1687 1441 1787 1515 IV,
1829 1459 1896 1520 p.
1936 1441 2071 1503 311.
2111 1443 2202 1504 13.
2235 1445 2528 1523 Ejusdem
2557 1448 2765 1526 Cyrilli
2793 1449 3063 1512 Homilia
3085 1451 3157 1511 de
3197 1453 3562 1530 paenitentia

263 1545 364 1603 est
386 1539 455 1601 in
488 1540 634 1602 cod.
662 1541 799 1602 Vat.
831 1540 1088 1620 COptico
1116 1541 1212 1617 59,
1245 1543 1485 1621 Script.
1514 1551 1631 1604 vet.
1664 1549 1709 1602 t.
1741 1543 1815 1618 V,
1847 1552 2006 1622 part.
2038 1560 2107 1618 ιι,
2140 1563 2206 1624 p.
2246 1545 2379 1605 154.
2417 1545 2510 1606 14.
2542 1548 2982 1625 Fragmentum
3011 1551 3302 1613 Homilies
3321 1553 3394 1614 de
3415 1571 3559 1614 con-

265 1643 688 1703 summatione
716 1641 950 1703 saeculi.
992 1641 1142 1704 Vide
1170 1643 1251 1704 ad
1281 1642 1495 1703 Matth.
1528 1660 1711 1715 xxxv,
1770 1640 1868 1702 29.
1919 1642 2015 1707 15.
2051 1643 2368 1705 Adversus
2398 1645 2762 1722 Eunuchos,
2821 1667 2898 1710 ex
2941 1649 3252 1713 Chronico
3307 1653 3561 1731 Georgii

269 1743 628 1807 Hamartoli
656 1750 712 1807 et
737 1743 1000 1806 Joannis
1031 1742 1247 1805 Siculi.
1278 1744 1563 1823 Denique
1595 1742 1954 1823 paschalem
1985 1745 2228 1806 tertiam
2250 1744 2598 1820 homiliam,
2639 1763 2752 1808 seu
2795 1749 3150 1827 epistolam,
3205 1767 3394 1829 quam
3443 1753 3557 1814 de»-

273 1843 599 1922 perditam
636 1845 887 1924 quidam
918 1853 1164 1926 putant,
1195 1844 1386 1906 nullis
1412 1862 1530 1924 ego
1558 1846 1625 1907 in
1657 1845 1984 1908 codicibus
2027 1847 2273 1928 reperi;
2306 1864 2516 1927 neque
2562 1848 2690 1911 ulla
2743 1849 3009 1912 fortasse
3070 1851 3208 1912 fuit.
3266 1851 3560 1914 Feliciter

270 1960 494 2014 tamen
534 1944 685 2006 mihi
716 1945 958 2024 obtigit,
994 1952 1062 2007 ut
1092 1944 1405 2025 paschalis
1430 1945 1692 2008 decimae
1723 1947 2008 2026 septimm
2031 1947 2334 2009 ineditam
2363 1953 2552 2027 atque
2593 1947 2942 2026 elegantem
2998 1952 3396 2014 nanciscerer
3441 1956 3555 2012 Ar-

271 2047 457 2108 nobii
482 2048 770 2110 Latinam
792 2047 1404 2128 interpretationem,
1437 2063 1625 2126 quam
1663 2046 1731 2107 in
1769 2048 1991 2126 quinto
2021 2047 2352 2128 Spicilegii
2378 2050 2555 2108 Rom.
2587 2047 2906 2111 volumine
2936 2050 3263 2115 collocavi.
3303 2053 3389 2113 De
3421 2051 3559 2114 aliis

264 2163 413 2209 vero
453 2148 746 2211 nondum
776 2149 924 2211 satis
953 2149 1109 2210 mihi
1139 2149 1472 2230 perpensis
1504 2155 1610 2210 aut
1641 2147 2002 2227 exploratis,
2029 2164 2185 2226 quas
2222 2148 2289 2208 in
2324 2149 2650 2210 codicibus
2700 2150 2964 2230 scriptas
3031 2160 3138 2213 aut
3181 2159 3558 2214 memoratas

263 2246 583 2310 interdum
619 2250 768 2323 vidi,
795 2248 1007 2329 Cyrilli
1032 2249 1332 2323 homiliis,
1365 2248 1578 2309 dicere
1617 2246 2032 2325 supersedeo.
2066 2245 2349 2324 Denique
2382 2251 2713 2306 tractatum
2736 2249 2823 2307 De
2843 2248 3164 2325 paschate,
3200 2251 3304 2328 qui
3335 2253 3401 2311 in
3429 2249 3560 2311 edi-

263 2350 550 2413 tionibus
593 2352 893 2413 tribuitur
911 2347 1139 2413 Joanni
1176 2350 1554 2430 Philopono,
1594 2350 1721 2411 vidi
1749 2349 2124 2429 inscriptum
2152 2347 2380 2428 Cyrillo
2416 2347 2483 2408 in
2513 2364 2643 2410 uno
2683 2349 2824 2410 cod.
2866 2351 3029 2426 Vat.,
3073 2351 3140 2412 in
3181 2353 3304 2413 alio
3346 2359 3554 2413 tamen

265 2451 414 2512 cod.
439 2451 753 2532 praedicto
775 2451 956 2513 Philo
961 2469 1158 2532 pono.
1319 2439 1324 2446 ’

346 2553 453 2612 IV.
489 2554 987 2615 Camme-ntarius
1019 2554 1085 2613 in
1112 2554 1444 2614 Lucam.—
1467 2553 1589 2615 Sed
1627 2568 1777 2616 ecce
1809 2547 1976 2614 aliud
2005 2551 2070 2613 in
2102 2550 2420 2613 volumine
2451 2555 2671 2613 nostro
2699 2550 3103 2613 continuatur
3127 2549 3316 2629 longe
3346 2551 3549 2632 majo-

268 2651 357 2711 ris
384 2649 573 2712 molis
603 2650 818 2731 Cyrilli
845 2651 1174 2730 scriptum,
1207 2650 1379 2731 quod
1417 2651 1679 2731 paginas
1717 2648 1836 2710 332
1869 2656 2160 2730 occupat,
2194 2650 2685 2712 commentarius
2719 2667 2950 2730 nempe
2987 2649 3063 2712 ad
3116 2651 3300 2712 Lucra
3349 2652 3554 2713 Evan-

265 2753 527 2830 gelium,
560 2768 754 2832 quem
777 2767 900 2813 nos
931 2751 1102 2828 gravi
1153 2767 1303 2813 sane
1334 2749 1550 2812 labore
1578 2749 2036 2830 impendioque
2057 2748 2362 2829 temporis
2392 2766 2468 2810 ex
2497 2749 2834 2813 duodecim
2864 2750 3173 2812 Vaticanis
3194 2759 3555 2814 catenarum

263 2857 603 2919 codicibus
631 2853 1116 2934 compilavimus
1152 2871 1166 2914 :
1206 2853 1293 2914 ita
1325 2857 1393 2914 ut
1421 2868 1579 2932 quas
1613 2850 2144 2931 Cyrillireliquias
2175 2868 2252 2912 ex
2275 2857 2548 2930 quatuor
2569 2851 2672 2913 vix
2720 2852 3044 2915 codicibus
3085 2859 3229 2916 ante
3276 2852 3394 2915 hos
3439 2871 3556 2917 an-

261 2977 389 3023 nos
409 2957 729 3021 delibatas
761 2957 984 3018 Graece
1016 2954 1352 3029 edidimus,
1384 2973 1556 3018 nunc
1593 2956 1938 3036 plurimum
1984 2963 2197 3018 auctas
2232 2959 2292 3016 et
2320 2953 2684 3016 emendatas
2732 2970 2808 3016 ex
2843 2961 2936 3016 tot
2968 2953 3314 3030 codicibus,
3347 2955 3557 3021 addita

260 3059 450 3120 etiam
483 3055 894 3120 translatione
925 3062 1134 3118 nostra
1163 3055 1570 3138 scholiisque,
1607 3058 1761 3138 justi
1791 3056 2000 3138 Operis
2027 3057 2223 3118 instar
2257 3063 2801 3136 repraesentemus.
2854 3056 3010 3116 Sunt
3035 3062 3242 3117 autem
3302 3056 3557 3119 codices

260 3161 349 3232 hi,
385 3177 556 3241 quos
587 3160 656 3221 in
684 3159 828 3221 libri
869 3159 1259 3237 marginibus
1292 3158 1513 3222 litteris
1540 3165 1610 3221 A.
1642 3162 1714 3221 B.
1754 3161 1818 3220 C.
1851 3161 1920 3220 D.
1970 3161 2039 3222 Ε.
2076 3160 2141 3218 F.
2175 3159 2247 3219 G.
2289 3159 2367 3220 Η.
2399 3161 2448 3220 Ι.
2477 3160 2551 3219 Κ.
2599 3159 2665 3218 L.
2707 3159 2787 3217 M.
2811 3163 3122 3237 perpetuo
3161 3158 3534 3220 denotamus

259 3265 306 3324 l.
338 3263 561 3326 Codex
592 3266 672 3326 A.
709 3261 844 3324 Vat.
876 3261 1344 3336 membraneus,
1382 3261 1717 3336 maximus,
1744 3261 1810 3323 in
1843 3260 1980 3334 fol.,
2005 3259 2222 3322 saeculi
2253 3259 2388 3321 fere
2417 3257 2587 3320 tertii
2630 3257 2883 3332 decimi,
2916 3258 3149 3320 Nicetae
3179 3266 3462 3322 catenam
3491 3259 3558 3322 in

259 3367 494 3427 Lucam
530 3363 871 3426 continens
895 3381 1039 3427 cum
1071 3362 1303 3443 Cyrillo
1343 3363 1642 3444 plurimo.
1684 3366 1760 3425 ΙΙ.
1796 3363 2006 3426 Codex
2035 3364 2106 3423 B.
2130 3361 2322 3424 Palat.
2345 3362 2508 3435 Vat.,
2540 3359 2984 3439 bombycinus,
3007 3361 3076 3422 in
3103 3360 3242 3436 fol.,
3273 3362 3556 3440 ejusdem

258 3468 392 3531 fere
427 3485 506 3531 ac
535 3469 606 3528 Β.
640 3467 862 3542 aetatis,
896 3467 1208 3530 diversam
1233 3475 1445 3530 tamen
1471 3474 1757 3530 catenam
1798 3466 2156 3530 continens.
2187 3465 2389 3544 Hujus
2426 3461 2687 3536 codicis,
2721 3463 2837 3523 sub
2861 3460 3042 3523 initio
3060 3463 3363 3540 corrupti,
3394 3477 3555 3541 apo-

260 3569 578 3650 graphum
610 3570 874 3650 insuper
905 3576 1162 3632 recente
1190 3587 1385 3632 manu
1414 3568 1774 3632 coniectum
1805 3569 2217 3649 inspeximus.
2242 3568 2347 3628 III.
2371 3565 2583 3627 Codex
2611 3566 2675 3626 C.
2700 3566 2866 3640 Vat.,
2901 3563 3289 3638 chartaceus,
3319 3564 3386 3624 in
3411 3561 3554 3639 fol.,

263 3676 374 3737 ubi
402 3675 555 3738 item
587 3673 791 3754 spissa
816 3672 883 3734 in
906 3675 1137 3735 Lucam
1169 3674 1422 3735 Patrum
1459 3679 1701 3735 catena.
1731 3673 1834 3734 IV.
1866 3672 2076 3734 Codex
2104 3673 2174 3732 D.
2197 3672 2334 3731 Vat.
2367 3671 2837 3744 membraneus,
2876 3669 2942 3729 in
2968 3667 3109 3743 fol.,
3161 3667 3374 3731 saeculi
3421 3668 3553 3732 fer-

263 3794 369 3838 me
399 3774 785 3848 duodecimi,
818 3774 969 3836 item
1001 3781 1245 3837 catena.
1286 3775 1360 3834 V.
1395 3773 1607 3836 Codex
1635 3775 1704 3835 E.
1733 3773 1896 3848 Vat.,
1930 3773 2324 3846 chartaceus,
2364 3771 2431 3833 in
2464 3771 2601 3845 fol.,
2628 3771 2965 3842 continens
2993 3770 3246 3833 Macarii
3274 3770 3552 3852 Chryso-

265 3881 516 3962 cephali
544 3899 678 3944 non
701 3887 827 3944 tam
859 3896 1185 3942 sermones
1212 3895 1401 3959 quam
1433 3881 1709 3954 Patrum,
1745 3879 1948 3941 citatis
1986 3885 2274 3942 accurate
2303 3877 2691 3954 nominibus,
2724 3885 3011 3940 catenam
3060 3877 3127 3938 in
3172 3880 3425 3940 Lucam.
3483 3877 3555 3940 Id

242 3984 518 4045 Macarii
553 3993 720 4063 opus
747 3982 978 4043 dicitur
1006 3979 1196 4042 etiam
1227 3978 1670 4059 Alphabetum,
1711 3981 1873 4060 quia'
1889 3980 2149 4041 totidem
2179 3985 2324 4040 sunt
2363 3995 2690 4041 sermones
2726 3986 2881 4059 quot
2932 3978 3252 4058 alphabeti
3291 3978 3551 4043 litteras:

263 4087 614 4168 ceteroqui
669 4086 736 4148 in
765 4087 900 4147 Vat.
935 4084 1156 4146 codice
1183 4101 1312 4147 non
1343 4084 1465 4146 nisi
1496 4084 1812 4146 sexdecim
1843 4089 2108 4157 exstant,
2140 4082 2205 4144 id
2234 4089 2328 4143 est
2356 4099 2557 4161 usque
2585 4082 2662 4142 ad
2689 4081 2957 4142 litteram
2988 4107 3049 4143 π.
3096 4083 3198 4143 VI.
3233 4084 3442 4146 Codex
3483 4087 3549 4146 F.

261 4193 399 4253 Vat.
427 4193 614 4267 alius,
647 4191 1038 4264 chartaceus,
1070 4188 1137 4249 in
1170 4187 1229 4263 4,
1261 4189 1367 4268 qui
1396 4207 1527 4251 non
1563 4188 1684 4250 nisi
1713 4187 2096 4250 mediocrem
2128 4191 2370 4266 partem
2408 4185 2691 4265 praedicti
2727 4185 3214 4268 Chrysocephali
3245 4191 3548 4252 continet.

259 4296 393 4357 VII.
435 4291 650 4354 Codex
688 4291 759 4350 G.
793 4290 1053 4367 Reginae
1091 4291 1332 4362 Suecm,
1372 4290 1733 4363 Vaticanus,
1773 4287 1988 4352 saeculi
2017 4288 2265 4350 circiter
2292 4285 2678 4360 duodecimi,
2711 4305 2854 4348 cum
2887 4294 3128 4350 catena.
3159 4290 3318 4351 VIII.
3343 4292 3551 4354 Codex

258 4398 344 4457 Η.
375 4396 514 4456 Vat.
559 4390 952 4473 praenobilis,
987 4388 1201 4452 seaculi
1230 4387 1431 4450 ferme
1467 4389 1812 4462 undecimi,
1846 4388 1956 4468 qui
1985 4394 2193 4451 tamen
2223 4386 2290 4448 in
2323 4387 2545 4466 grandi
2582 4386 2774 4464 mole,
2809 4388 3063 4450 nonnisi
3102 4397 3343 4468 partem
3373 4391 3552 4453 Nice-

260 4499 452 4558 tianae
491 4500 734 4556 calente
764 4490 1230 4570 complectitur.
1262 4491 1370 4550 IX.
1404 4489 1612 4551 Codex
1638 4493 1667 4551 Ι
1697 4491 2156 4553 Ottobonianus
2185 4491 2351 4568 Vat.,
2375 4491 2820 4553 membraneus
2850 4491 3118 4572 priscus,
3147 4510 3288 4554 cum
3316 4494 3550 4573 insigni

257 4600 341 4658 ad
373 4593 718 4677 prOphetas
743 4608 966 4654 omnes
999 4593 1258 4667 catena,1
1295 4592 1538 4654 habens
1573 4591 1760 4654 etiam
1795 4609 2032 4673 paucos
2065 4592 2275 4672 Cyrilli
2323 4593 2523 4668 locos,
2547 4593 2655 4672 qui
2686 4591 2916 4654 diserte
2955 4592 3248 4656 dicuntur
3294 4611 3370 4656 ex
3418 4597 3552 4676 ejus

165 4693 181 4716 ‘
255 4701 330 4763 in
372 4703 602 4762 Lucam
641 4696 1100 4761 commentario
1132 4695 1417 4758 detracti.
1451 4697 1526 4770 Χ,
1558 4697 1662 4757 ΧΙ.
1687 4697 1820 4770 ΧΠ,
1853 4696 2038 4758 nobis
2070 4699 2142 4758 K.
2175 4701 2244 4759 L.
2271 4699 2376 4772 M.,
2411 4698 2667 4775 exiguas
2701 4697 3041 4760 admodum
3076 4698 3285 4778 Cyrilli
3313 4699 3379 4761 in
3425 4701 3549 4760 Lu-

260 4821 404 4866 cam
436 4801 735 4882 reliquias
767 4799 952 4860 nobis
985 4799 1490 4879 suppeditarunt.
1525 4800 1689 4860 Duas
1718 4817 1976 4879 quoque
2006 4800 2252 4861 Latinas
2279 4799 2357 4861 ad
2384 4802 2566 4862 Lucaa
2598 4800 3001 4877 Evangelium
3051 4807 3302 4862 catenas
3330 4799 3550 4880 inspe-

260 4913 501 4984 ximus,
549 4925 739 4970 unam
769 4905 896 4966 divi
922 4903 1181 4966 Thomae
1211 4903 1965 4986 Aquinatis,Balthasaris
1997 4905 2273 4967 Corderii
2306 4905 2563 4967 alteram
2609 4921 2622 4964 :
2663 4921 2806 4985 quae
2855 4901 3057 4964 sicubi
3124 4900 3266 4980 plus
3313 4899 3550 4980 aliquid

264 5012 673 5090 Cyrillianum
712 5006 1094 5082 habuerunt,
1125 5007 1246 5070 hoc
1275 5009 1492 5071 Latine
1523 5023 1641 5068 nos
1671 5006 1962 5068 dedimus
1990 5008 2054 5068 in
2086 5008 2620 5083 adnotationibus,
2652 5016 2721 5071 ut
2751 5006 2958 5086 Cyrilli
2978 5012 3206 5079 textus,
3253 5005 3369 5069 hac
3423 5007 3546 5069 sal-

268 5123 394 5175 tem
421 5114 658 5190 lingua,
691 5116 1019 5188 utcunque
1064 5107 1444 5188 expleretur.
1476 5108 1600 5172 Sed
1633 5107 1794 5183 hmc,
1830 5109 2112 5188 inquam,
2153 5109 2311 5170 levia
2362 5109 2602 5189 oppido
2653 5109 3044 5170 incrementa
3091 5113 3260 5170 sunt.
3313 5111 3546 5170 Corde-

272 5216 424 5277 rium
451 5221 667 5277 autem
703 5211 1200 5289 fragmentorum
1230 5229 1489 5274 suorum
1516 5212 1880 5292 imperitum
1911 5210 2078 5273 haud
2113 5229 2253 5275 raro
2284 5211 2694 5291 interpretem
2725 5209 2940 5272 multis
2981 5210 3139 5273 locis
3177 5228 3343 5290 pene
3372 5210 3563 5293 inviti~

278 5319 726 5399 redarguimus.

355 5417 520 5478 Idem
564 5419 1051 5480 commentarius
1108 5419 1366 5496 Syriace
1400 5419 2172 5480 inventus—Graecorum
2201 5420 2450 5482 Patrum
2483 5419 2561 5482 ad
2589 5423 2818 5483 Lucam
2862 5428 3149 5483 catenam
3193 5436 3419 5499 nuper,
3482 5415 3547 5479 id

349 5613 417 5682 (α)
570 5610 708 5687 Ιίιιο.
747 5625 826 5687 nt,
857 5608 914 5687 fi,
939 5607 1164 5662 homilia
1192 5609 1255 5687 de
1280 5605 1561 5662 S.Joanne
1575 5605 1824 5687 Baptista
1839 5625 1858 5672 ;
1969 5607 2230 5687 lentarum
2261 5609 2660 5675 distributione;
2681 5623 2918 5675 «xxm,
2950 5608 3037 5677 '55,
3075 5608 3152 5665 De
3173 5610 3417 5681 passione
3441 5607 3554 5687 Do“

363 5676 428 5748 vi,
465 5681 552 5743 i3,
597 5680 673 5734 De
721 5679 968 5732 electione
999 5680 1590 5746 apostolorum;—-xn,
1643 5676 1727 5748 1‘9,
1779 5676 1859 5730 De
1967 5679 2118 5736 mini.

275 5746 426 5808 4am
458 5756 649 5807 horrea
678 5749 910 5807 dilatare
939 5751 1234 5816 roqitantc;
1257 5780 1324 5788 -——
1351 5764 1460 5818 xix,
1506 5749 1594 5814 15,
1651 5746 1726 5801 De
1771 5756 1856 5803 ta-
