4024 6220
446 305 519 362 rm
1783 301 1986 355 cum
2037 304 2194 355 anu.
2249 304 2366 354 nm
3602 308 3704 354 wn

358 442 370 454 κ
447 433 542 490 est
570 443 738 490 anno
773 425 948 502 1841,
991 421 1237 497 Oxonii,
1274 421 1442 485 curis
1470 416 1585 484 viri
1623 420 1703 483 cl.
1745 421 2018 483 Crameri
2046 438 2122 482 ex
2161 419 2481 482 Gallicano
2512 419 2732 483 codice
2767 420 3023 494 editam,
3055 437 3197 482 sero
3244 419 3485 500 accepi,
3521 427 3699 500 post-

448 547 639 608 quam
673 548 792 609 ego
815 547 978 609 Opus
1009 525 1222 607 Cyrilli
1271 540 1484 586 meum
1517 524 1994 604 proﬂigaveram
2021 541 2033 582 :
2065 522 2348 602 alioquin
2382 523 2516 602 ejus
2545 521 2784 614 aliquot
2820 521 2976 584 locis
3004 521 3375 602 tempestive
3403 537 3556 582 usus
3599 537 3700 582 es-

446 646 604 702 sem,
640 631 693 691 si
721 627 874 690 nihil
896 625 1089 699 aliud,
1113 630 1282 687 certe
1311 623 1390 685 ad
1417 623 1840 686 collationem.
1865 625 1997 684 Jam
2026 640 2176 685 vero
2197 621 2312 684 hac
2341 621 2648 701 inspecta,
2673 622 2738 683 in
2769 623 2976 701 Cyrilli
3007 639 3162 702 quas
3190 622 3378 684 refert
3400 622 3701 702 partibus,

444 733 655 795 statim
690 727 920 807 agnovi
947 725 1201 788 nonnisi
1229 731 1486 786 tenuem
1517 724 1660 786 libri
1682 723 1806 785 mei
1833 729 2075 803 partem
2105 723 2230 784 illic
2253 721 2588 796 contineri,
2621 738 2764 784 cum
2797 720 2903 782 illa
2930 738 3007 782 ex
3038 721 3228 783 unico
3276 739 3395 784 nec
3445 726 3707 805 cepioso

447 829 691 902 codice,
732 844 910 889 meus
937 832 1145 888 autem
1177 826 1336 887 liber
1365 842 1442 886 ex
1470 825 1802 887 duodecim
1840 843 1958 886 ms.
1993 827 2252 901 catenis,
2284 841 2549 904 quarum
2601 823 2843 903 aliquot
2883 823 3360 904 copiosissimas,
3419 828 3702 905 prodeat.

447 931 696 994 Etenim
724 931 834 992 ubi
862 929 1310 1010 quaterniones
1330 928 1525 988 nostri
1560 927 1731 1006 pleni
1761 929 2124 1002 decurrunt,
2146 928 2234 988 ibi
2269 929 2584 989 interdum
2613 927 2707 988 vel
2741 926 2894 988 nihil
2943 926 3142 988 codex
3186 925 3540 990 Gallicanus
3591 929 3705 992 ha~

444 1031 605 1103 buit,
639 1035 786 1110 puta
813 1028 880 1089 in
916 1045 1102 1106 capp.
1153 1027 1206 1095 Ι,
1237 1026 1394 1096 XVI,
1417 1025 1604 1085 XXIV
1630 1043 1642 1085 :
1672 1024 1766 1086 vel
1801 1024 2044 1102 singula
2071 1025 2174 1086 vix
2198 1025 2566 1104 fragmenta,
2595 1031 2747 1106 puta
2775 1025 2842 1086 in
2871 1042 3010 1104 cap.
3039 1026 3125 1086 ΙΙΙ
3148 1030 3208 1087 et
3233 1026 3361 1086 XV.
3420 1029 3554 1090 I-luc
3599 1046 3707 1092 ac-

446 1131 615 1194 cedit
641 1130 812 1210 quod
841 1129 906 1190 in
942 1129 1103 1189 libro
1133 1126 1303 1188 edito
1338 1125 1601 1204 Cyrillus
1631 1127 1873 1186 caeteris
1911 1125 2197 1187 Pati-ibus
2233 1125 2648 1201 interseritur,
2704 1124 3003 1204 nullaque
3048 1126 3564 1205 interpretatione
3596 1131 3707 1192 La-

443 1231 577 1293 tina
605 1230 936 1293 scholiisve
966 1228 1331 1290 illustratur.
1362 1228 1510 1299 Quae
1539 1226 1688 1286 dum
1721 1224 2122 1288 historialiter
2150 1243 2358 1299 narro,
2384 1225 2552 1288 haud
2580 1226 2792 1288 hercle
2823 1226 3167 1307 quidquam
3198 1228 3519 1306 praestanti
3547 1230 3709 1293 Oxo-

445 1333 654 1395 niensi
684 1333 843 1394 libro
874 1329 1205 1393 detrahere
1237 1329 1404 1403 volo,
1439 1329 1541 1392 cui
1571 1329 1775 1390 omnis
1803 1346 1838 1390 a
1865 1346 1966 1390 me
1996 1329 2262 1392 debetur
2294 1329 2502 1391 honor
2526 1345 2597 1390 ac
2633 1344 2823 1407 porro
2855 1327 3157 1400 defertur,
3192 1333 3453 1406 propter
3482 1330 3574 1391 rei
3605 1347 3707 1391 sa-

441 1450 569 1496 cras
601 1433 952 1506 utilitatem,
982 1437 1280 1510 typorum
1313 1429 1742 1509 splendorem,
1773 1429 2033 1491 editoris
2066 1436 2383 1492 strenuam
2416 1430 2808 1493 sedulitatem
2839 1435 3030 1508 atque
3059 1429 3372 1509 peritiam.
3406 1430 3530 1492 Sed
3559 1447 3708 1492 ecce

445 1535 610 1599 aliud
644 1552 746 1597 me
776 1533 1180 1595 vehementer
1207 1533 1568 1605 commovit,
1596 1531 1949 1611 gaudioque
1976 1531 2208 1608 affecit,
2239 1533 2408 1612 quod
2457 1533 2538 1594 ab
2582 1532 3090 1614 ephemeridibus
3141 1533 3409 1612 publicis
3461 1534 3710 1596 nuntia.

446 1644 580 1698 tum
616 1636 752 1709 fuit,
789 1634 997 1714 Cyrilli
1029 1635 1308 1712 integros
1335 1633 1412 1695 ad
1441 1636 1670 1696 Lucam
1701 1638 2208 1712 commentarios,
2230 1637 2296 1698 in
2333 1637 2648 1716 Syriacam
2695 1636 2970 1712 linguam
3011 1652 3368 1711 conversos,
3403 1654 3608 1716 nuper
3631 1656 3708 1700 ex

447 1736 710 1814 [Egypto
735 1734 800 1794 in
829 1731 1112 1810 Angliam
1142 1748 1278 1794 esse
1309 1730 1619 1810 perlatos;
1679 1733 1849 1811 quod
1877 1750 2026 1796 sane
2065 1735 2387 1816 exemplar
2414 1736 2467 1797 si
2513 1734 2686 1797 nulla
2731 1734 2948 1796 laesum
2986 1733 3207 1797 lacuna
3239 1735 3340 1810 sit,
3381 1737 3708 1816 periteque

443 1840 527 1903 ab
555 1840 904 1920 interprete
933 1840 1090 1918 Syro
1121 1837 1534 1911 elaboratum,
1565 1837 1776 1915 Cyrilli
1798 1837 2054 1899 demum
2085 1843 2288 1901 totum
2319 1841 2812 1919 ordinatumque
2850 1857 2920 1901 ac
2943 1857 3170 1920 purum
3205 1856 3386 1919 Opus,
3417 1841 3711 1908 inalieno

442 1943 670 2006 saltem
701 1942 998 2003 idiomate
1034 1938 1528 2020 repraesentabit.
1562 1940 1717 2001 Nam
1747 1945 2104 2004 catenarum
2135 1942 2541 2006 incommoda
2571 1961 2714 2023 quas
2742 1943 2889 2018 sint,
2925 1961 3112 2005 nemo
3140 1945 3420 2007 eruditus
3464 1947 3712 2025 ignorat

451 2043 839 2126 (quanquam
871 2045 931 2102 et
959 2039 1063 2100 illa
1093 2037 1427 2117 peculiaris
1454 2037 1676 2099 harum
1703 2045 1765 2098 et
1784 2039 2104 2101 verissima
2131 2039 2266 2102 laus
2295 2048 2410 2116 est,
2440 2042 2612 2120 quod
2643 2041 2968 2104 meliorem
2990 2041 3294 2121 cujusque
3323 2044 3532 2124 Operis
3562 2065 3708 2110 suc-

444 2159 594 2204 cum
621 2139 900 2201 delibare
930 2135 1184 2214 solent).
1218 2133 1532 2212 Eclogarii
1568 2133 1806 2196 scilicet
1837 2141 2341 2214 partesoperum
2376 2154 2492 2217 pro
2527 2137 2703 2200 libito
2733 2155 2849 2200 suo
2881 2144 3248 2216 excerpunt,
3282 2146 3344 2201 et
3378 2141 3487 2204 ubi
3537 2142 3713 2206 lubet

449 2241 790 2315 collocant,
823 2247 884 2302 et
914 2240 1300 2320 quandoque
1335 2238 1518 2299 etiam
1547 2236 2144 2316 interpolationibus
2175 2237 2430 2300 violant.
2469 2241 2620 2300 Cum
2649 2246 2860 2302 autem
2892 2240 3188 2303 volumen
3222 2249 3504 2305 nostrum
3545 2244 3707 2309 haud

447 2360 526 2405 ex
553 2358 708 2417 uno,
742 2340 851 2403 sed
881 2359 957 2402 ex
982 2339 1319 2402 duodecim
1351 2355 1497 2399 mss.
1533 2337 1855 2399 codicibus
1885 2338 1961 2399 sit
1991 2337 2514 2415 conglutinatam,
2545 2340 2643 2401 vix
2698 2339 2832 2402 ﬁeri
2875 2344 3082 2418 potest
3121 2347 3190 2402 ut
3235 2348 3442 2421 partes
3489 2360 3713 2408 omnes

449 2441 666 2503 sedem
699 2437 1042 2518 propriam,
1072 2442 1214 2515 post
1249 2433 1704 2511 eclogariorum
1745 2432 2064 2494 licentiam
2111 2439 2173 2494 et
2221 2433 2704 2514 discrepantiam
2763 2438 3076 2512 codicum,
3122 2441 3466 2514 retineant;
3521 2461 3710 2524 quam

450 2559 587 2606 rem
611 2537 867 2601 nonnisi
893 2537 1209 2613 integrum
1242 2534 1453 2614 Operis
1481 2549 1713 2612 corpus
1751 2533 2094 2613 prmstabit.
2127 2533 2190 2593 Si
2238 2533 2432 2611 igitur
2459 2537 2672 2598 Graeca
2693 2542 2903 2599 nostra
2932 2545 3074 2601 ante
3105 2540 3393 2618 Syriatici
3414 2540 3556 2603 libri
3585 2544 3714 2606 edi-

450 2644 693 2707 tionem
719 2638 786 2698 in
816 2635 1099 2714 Angliam
1125 2634 1432 2709 venerint,
1456 2633 1747 2711 multum,
1771 2632 1987 2710 credo,
2026 2633 2501 2715 interpretando
2543 2637 2771 2717 Cyrillo
2819 2637 3204 2717 proderunt;
3237 2643 3415 2704 sicuti
3443 2643 3711 2708 vicissim

448 2736 635 2802 nobis
663 2749 1049 2816 magnopere
1077 2731 1298 2796 fuisset
1322 2732 1698 2796 commodus
1729 2731 2108 2810 Anglicanus
2146 2733 2306 2796 liber
2343 2735 2708 2798 ordinandis
2752 2736 2985 2800 Graecis
3037 2756 3109 2801 ac
3157 2740 3609 2821 perpoliendis,
3656 2743 3710 2805 si

453 2841 650 2924 (quod
683 2840 816 2902 ﬁeri
855 2855 984 2900 non
1007 2836 1268 2918 poterat)
1303 2836 1526 2898 ad.nos
1552 2841 1795 2898 maturo
1831 2841 2119 2915 tempore
2157 2838 2568 2914 pervenisset.
2609 2840 2728 2901 Rei
2762 2839 2950 2921 hujus
2980 2841 3300 2920 persimile
3348 2845 3706 2925 exemplum

451 2948 548 3006 est
584 2941 839 3004 Eusebii
877 2938 1302 3017 Theophania,
1333 2939 1400 2999 in
1431 2937 1688 3017 Syriaco
1719 2936 1952 3017 pariter
1993 2937 2212 3000 codice
2239 2937 2339 3003 his
2367 2940 2553 3002 annis
2580 2939 2856 3015 inventa,
2890 2941 3069 3022 cujus
3105 2943 3322 3006 Graeca
3355 2944 3709 3023 fragmenta

451 3060 488 3108 a
520 3060 621 3104 me
647 3049 830 3105 antea
865 3039 1133 3118 vulgata,
1163 3037 1244 3100 cl.
1274 3039 1436 3100 Leus
1464 3036 1779 3116 interpres
1809 3041 1872 3098 et
1907 3035 2114 3099 editor
2140 3054 2272 3101 non
2302 3037 2560 3114 habuit;
2593 3039 2712 3103 nos
2763 3047 2995 3116 autem,
3033 3042 3197 3106 libro
3252 3044 3388 3123 ejus
3423 3051 3706 3124 accepto.

450 3144 668 3205 Graaca
694 3148 904 3203 nostra
935 3140 1214 3204 excussis
1253 3138 1465 3201 denuo
1494 3138 1634 3200 Vat.
1667 3137 1995 3201 codicibus
2019 3138 2282 3202 multum
2314 3141 2604 3204 auximus
2631 3148 2694 3204 et
2721 3144 3189 3218 recensuimus;
3239 3163 3362 3225 qua
3407 3163 3600 3226 super
3642 3163 3710 3208 re

449 3244 518 3304 in
549 3252 774 3324 quarto
798 3244 1196 3307 Bibliotheca
1223 3241 1410 3322 hujus
1437 3239 1756 3304 volumine
1783 3241 1930 3304 satis
1967 3240 2259 3306 diximus.
2290 3245 2424 3307 Iam
2458 3262 2646 3309 nemo
2681 3246 2866 3309 nobis
2901 3245 3174 3326 objiciat,
3201 3247 3368 3326 quod
3418 3245 3709 3326 Cyrillum

452 3363 529 3406 ex
560 3349 820 3425 catenis,
850 3367 981 3412 non
1008 3355 1216 3412 autem
1237 3364 1316 3409 ex
1344 3345 1563 3409 codice
1594 3346 1854 3427 proprio
1882 3346 2285 3428 integraque,
2320 3348 2652 3428 Vulgemus
2681 3367 2694 3410 :
2729 3367 2872 3412 nam
2896 3356 3309 3430 praeterquam
3335 3349 3508 3430 quod
3541 3348 3711 3410 nulla

449 3443 573 3509 alia
598 3450 971 3530 suppetebat
997 3449 1088 3512 rei
1116 3449 1527 3512 conﬁciendae
1564 3450 1746 3524 ratio,
1778 3449 1937 3511 nihil
1977 3468 2094 3514 nos
2129 3452 2496 3516 inusitatum
2524 3455 2789 3533 egimus.
2829 3456 2992 3518 Ecce
3029 3455 3200 3517 enim
3257 3455 3590 3534 Origenem
3645 3455 3711 3516 in

449 3547 768 3622 Genesim,
796 3549 864 3610 in
902 3549 1263 3623 Proverbia,
1290 3554 1351 3610 et
1376 3549 1442 3609 in
1470 3547 1774 3624 Psalmos,
1815 3549 2070 3611 nonnisi
2097 3567 2175 3612 ex
2201 3552 2438 3614 catenis
2464 3554 2701 3616 Russus
2726 3560 3048 3634 utcunque
3071 3554 3375 3616 restituit:
3407 3553 3716 3634 ejusdem-

454 3667 578 3728 que
608 3651 759 3713 item
794 3653 1086 3730 Hezapla
1122 3670 1414 3730 magnam
1452 3659 1692 3732 partem
1731 3660 1967 3716 catenae
2005 3657 2508 3735 suppeditarunt.
2566 3657 3033 3724 Theodoretum
3083 3664 3146 3719 et
3191 3657 3596 3719 Athanasium
3645 3656 3710 3717 in

439 3746 734 3814 'Psalmos
765 3758 1002 3814 catenas
1034 3752 1185 3814 solm
1215 3753 1549 3815 Sirmondo
1579 3760 1641 3814 et
1674 3753 2142 3816 Montfauconio
2193 3756 2578 3819 obtulerunt.
2626 3756 3053 3836 Chrysostomi
3107 3757 3253 3819 satis
3309 3757 3598 3835 cepiosas
3652 3763 3713 3818 et

454 3852 738 3930 egregias
767 3852 831 3913 in
862 3840 1194 3927 Jeremiam
1222 3851 1694 3933 explanationes
1724 3870 2034 3932 nusquam
2073 3854 2192 3916 nisi
2219 3855 2388 3935 apud
2409 3855 2999 3919 Ghisleriicatenam
3020 3855 3348 3918 habemus.
3369 3854 3710 3916 Eusebium

452 3952 519 4014 in
550 3954 801 4027 Lucam,
834 3952 1328 4032 Polychronium
1355 3953 1422 4013 in
1442 3950 1782 4025 Danielem,
1821 3951 2157 4031 Didymum
2184 3953 2250 4014 in
2276 3955 2618 4017 secundam
2653 3956 2730 4016 ad
2761 3952 3112 4018 Corinthios
3145 3969 3260 4014 nos
3294 3951 3418 4030 ipsi
3456 3956 3709 4013 eatena-

455 4071 592 4115 rum
619 4072 743 4134 ope
771 4053 966 4134 adjuti
996 4055 1062 4114 in
1091 4052 1296 4114 lucem
1329 4051 1685 4114 extulimus.
1725 4053 2052 4114 Postremo
2079 4052 2284 4132 qualis
2316 4063 2717 4135 quantusque
2749 4054 2992 4134 percipi
3043 4070 3120 4116 ex
3156 4052 3273 4114 hac
3321 4050 3529 4130 Cyrilli
3575 4049 3712 4111 edi-

452 4154 625 4215 tione
657 4154 896 4216 fructus
927 4153 1145 4235 possit,
1171 4153 1370 4216 lector
1403 4171 1517 4234 per
1541 4171 1608 4217 se
1637 4155 1904 4236 quisque
1932 4155 2177 4224 sentiet,
2203 4161 2265 4217 et
2296 4162 2509 4217 noster
2542 4156 2726 4217 etiam
2762 4170 2971 4216 rerum
2999 4154 3192 4216 index
3213 4155 3433 4234 partim
3457 4153 3715 4215 demon-

454 4255 698 4330 strabit,
729 4255 1077 4335 praesertim
1104 4255 1172 4317 in
1201 4273 1269 4318 re
1301 4256 1674 4335 dogmatica,
1704 4259 1867 4320 circa
1911 4258 2134 4319 Christi
2211 4257 2619 4333 divinitatem,
2674 4258 2977 4336 originale
3031 4263 3384 4338 peccatum,
3441 4257 3712 4319 divinam

456 4358 745 4434 gratiam,
780 4364 1167 4421 sacramenta
1194 4358 1512 4438 baptismi,
1561 4358 1975 4438 pmnitentiae,
2017 4365 2204 4438 atque
2242 4358 2654 4434 eucharistiaa,
2712 4359 2790 4421 de
2841 4375 2968 4439 quo
3023 4367 3340 4440 postremo
3364 4357 3712 4439 praesertim

454 4457 747 4538 dogmate
786 4461 1031 4523 divinus
1054 4465 1147 4522 est
1177 4457 1384 4538 Cyrilli
1410 4457 1590 4520 locus
1623 4459 1724 4537 (ad
1749 4477 1886 4538 cap.
1924 4477 2086 4535 xxn,
2124 4477 2285 4520 vers.
2323 4459 2416 4535 10,
2446 4461 2512 4522 in
2543 4463 2710 4540 ﬁne),
2740 4478 2928 4542 quem
2962 4461 3131 4522 nulla
3153 4478 3430 4539 unquam
3455 4461 3712 4521 haeresis

451 4580 662 4643 neque
690 4577 967 4641 praesens
994 4576 1204 4638 neque
1233 4557 1442 4620 futura
1465 4557 1882 4620 labefactabit.
1915 4561 2034 4621 Sed
2074 4559 2153 4622 de
2189 4561 2400 4640 Cyrilli
2422 4561 2486 4622 in
2525 4565 2752 4624 Lucam
2781 4560 3233 4623 commentario
3262 4561 3406 4622 satis
3449 4560 3556 4645 (a).
3589 4563 3706 4622 Su-

456 4669 670 4746 perest
695 4669 765 4723 ut
795 4661 872 4723 de
902 4660 1144 4739 reliqua
1162 4657 1498 4719 voluminis
1525 4659 1915 4720 continentia
1936 4659 2240 4722 dicamus.

529 4767 604 4827 V.
640 4767 876 4829 Contra
913 4763 1317 4842 Synusiastas
1355 4772 1412 4825 et
1447 4763 1822 4826 alios.—Est
1858 4764 2021 4827 inter
2046 4765 2336 4843 Syriacos
2363 4766 2762 4828 bibliothecae
2790 4764 3104 4827 Vaticanae
3137 4766 3386 4829 codices
3416 4772 3708 4846 pervetus

455 4867 734 4948 quidam,
769 4881 1034 4926 numero
1070 4862 1179 4924 140
1211 4869 1483 4938 notatus,
1511 4867 1744 4928 sacculo
1779 4875 2024 4944 octavo,
2054 4876 2123 4930 ut
2151 4871 2493 4928 Assemano
2526 4865 2790 4938 videtur,
2823 4867 3115 4948 scriptus,
3153 4866 3261 4947 qui
3285 4867 3545 4928 Joannis
3573 4869 3706 4928 Cm-

455 4967 749 5029 sariensis
783 4968 949 5028 inter
978 4965 1267 5044 quintum
1303 4972 1674 5046 sextumque
1701 4967 1997 5030 saeculum
2032 4967 2180 5030 clari
2208 4966 2565 5047 apologiani
2597 4966 2874 5028 continet
2907 4967 3157 5030 concilii
3185 4965 3709 5031 Chalcedonensis

382 5137 387 5142 .
520 5089 597 5160 (a)
629 5089 964 5169 Testimonia
988 5097 1173 5169 vetera
1199 5105 1298 5169 pro
1332 5089 1520 5169 Cy'rilli
1552 5090 1606 5144 in
1632 5089 1836 5169 Lucam
1867 5106 2019 5169 com:
2120 5101 2276 5169 prete
2313 5089 2426 5169 ait:
2462 5087 2687 5169 Sanctus
2722 5088 2959 5169 Cyrillug
2991 5090 3384 5169 Alexandrinas
3418 5091 3472 5143 in
3521 5090 3707 5159 expla-

449 5157 718 5217 mentario
757 5161 888 5214 olim
927 5175 1030 5213 nos
1058 5157 1621 5221 citavimus,’Latinas
1649 5168 1871 5215 catenas
1908 5161 2020 5215 divi
2120 5157 2418 5214 hationibus
2453 5159 2520 5212 ad
2543 5159 2738 5212 Lucam
2768 5157 2846 5212 ait
2869 5176 2885 5213 :
2911 5157 3131 5213 Factam
3157 5175 3264 5213 esse
3286 5159 3502 5213 dicimus
3532 5157 3708 5214 trans-

448 5229 734 5302 Aquinatis
767 5239 939 5302 atque
966 5228 1250 5302 Corderii;
1291 5230 1419 5283 item
1463 5228 1679 5302 Grzecas
1733 5230 2023 5286 Vaticanas
2120 5229 2494 5302 ﬁgurationem
2519 5228 2786 5302 (Domini)
2827 5245 2932 5302 non
2958 5231 3032 5302 sic
3061 5231 3268 5302 quidem
3297 5237 3353 5280 ut
3387 5245 3574 5302 corpus
3605 5232 3703 5283 Im-

449 5298 944 5372 in_prophetasnbi
969 5314 1142 5372 pauca
1169 5299 1655 5372 fragme_nta_citata
1681 5301 2020 5372 reperimus:
2122 5298 2342 5372 "ianum
2381 5298 2607 5372 ﬁguram
2639 5300 2891 5359 amiserit,
2921 5299 3317 5372 sed_splendore
3350 5298 3580 5366 quodam
3616 5303 3705 5352 iu-

447 5366 993 5427 deinde'sc-holiaslas
1025 5369 1234 5440 aliquot
1260 5366 1436 5423 Vatic.
1471 5368 1602 5422 Item
1635 5366 1856 5440 catenas
1898 5371 2019 5425 Vat.
2122 5369 2308 5440 dictum
2345 5369 2521 5440 fuerit,
2566 5377 2697 5430 etc.,
2747 5382 2919 5436 usque
2972 5366 3038 5420 ad
3070 5366 3368 5440 sustinere
3397 5374 3700 5435 potuerunt.

449 5441 510 5512 in
537 5442 692 5512 huc“
731 5456 960 5512 quarum
1001 5436 1160 5512 _nun—c
1206 5453 1496 5512 numerum
1544 5439 1794 5512 auximus
1850 5455 2022 5509 usque
2121 5438 2225 5512 _Qni
2259 5436 2626 5512 locusgraace
2670 5452 2817 5490 nunc
2858 5438 3111 5512 apparuit
3141 5437 3205 5512 _in
3238 5436 3478 5512 editione
3514 5447 3704 5494 nostra

448 5510 514 5563 ad
541 5509 654 5581 Xll.
679 5506 921 5581 Denique
949 5509 1104 5564 adest
1143 5509 1315 5564 codex
1353 5508 1626 5581 Syriacus,
1669 5509 1737 5581 de
1772 5506 2020 5581 quoisu-
2121 5507 2254 5581 Luc.
2294 5522 2368 5581 rx,
2400 5506 2476 5581 29_
2501 5522 2626 5581 eum
2673 5522 2736 5559 ea
2777 5514 3000 5581 tantum
3049 5507 3160 5581 levi
3207 5506 3492 5581 varietate,
3533 5523 3704 5581 quam

449 5595 542 5648 pra
582 5575 850 5636 diximus:
877 5581 1032 5635 Nunc
1069 5595 1197 5636 ecce
1229 5581 1344 5634 haec
1367 5575 1637 5642 scribens,
1675 5580 1730 5633 in
1765 5575 1914 5634 aliud
1946 5589 2024 5635 te-
2120 5577 2234 5631 sive
2285 5575 2687 5648 Cyparissiota,
2722 5575 2889 5648 _s_ive_
2907 5576 3164 5645 eclogarii
3201 5577 3411 5648 nostri,
3470 5575 3702 5648 solemni

448 5636 764 5720 stiinoniurn
816 5651 997 5704 incido
1023 5651 1247 5720 Joannis
1281 5636 1662 5720 Cyparissioue
1707 5651 1897 5704 decad.
1948 5668 2019 5715 vr,
2122 5661 2271 5720 more
2325 5636 2594 5720 fecerunt.
2657 5636 2808 5720 Adde
2860 5636 3126 5720 Joannﬁm
3187 5636 3579 5720 Ciesarie‘nsem
3646 5647 3699 5702 in

451 5717 564 5774 Rib.
597 5717 707 5772 PP.
736 5717 900 5789 Lugd.
934 5727 970 5772 t.
1010 5719 1150 5785 XXI,
1180 5737 1232 5790 p.
1266 5714 1386 5783 42⁷0⁷,
1420 5719 1512 5788 qui
1542 5719 1811 5774 'l‘urriano
1849 5714 2021 5775 inter?-
2121 5716 2473 5772 adnotatione
2507 5724 2690 5771 nostra
2727 5714 2792 5768 ad
2830 5729 2973 5770 vers.
3012 5715 3083 5771 29.
3118 5719 3316 5790 capitis
3345 5734 3380 5772 ιι
3412 5717 3595 5773 Luc-at.
3698 5733 3716 5792 λ
