4024 6220
321 275 422 329 £0!
1699 284 2218 350 PREFATIONES.
3476 309 3580 364 1υὲ

316 399 622 461 adversus
640 402 1175 480 contemporalem
1203 423 1386 468 suum
1411 409 1734 486 Severum,
1753 413 2168 491 patriarcham
2193 411 2673 494 Antiochenum,
2694 417 3145 501 Acephalorum
3169 425 3580 507 coryphaeum

305 509 385 566 .et
411 500 740 561 doctorem
761 500 953 561 totius
981 501 1248 566 Orientis
1277 505 1884 584 pestilentissimum.
1911 511 2184 574 Joannes
2219 514 2428 593 itaque
2465 525 2535 578 ut
2571 517 3013 597 adversarium,
3059 500 3297 602 Cyrillo'
3325 500 3579 608 semper

320 606 511 680 prout
542 607 764 663 notum
795 607 889 663 est
924 603 1095 665 abuti
1123 604 1400 683 solitum,
1431 607 1657 671 iisdem
1694 610 1884 673 armis
1911 613 2206 692 conﬁgat,
2237 614 2493 690 multos,
2542 617 2605 679 id
2652 625 2746 680 est
2795 638 2967 696 XLvr,
3016 623 3224 701 Cyrilli
3272 603 3576 689 locos—ex

317 701 624 781 Operibus
652 718 824 766 nunc
857 702 1222 783 deperditis,
1253 713 1470 771 contra
1498 711 1917 790 Synusiastas,
1950 721 2012 776 et
2043 723 2260 778 contra
2293 715 2636 779 Diodorum
2687 721 3054 785 Tarsensem
3083 741 3154 786 ac
3176 723 3575 790 Theodorum

320 807 865 885 Mopsuestenum,
904 824 1022 869 nec
1052 823 1181 868 non
1203 823 1278 869 ex
1308 810 1775 873 commentariis
1804 813 1871 874 in
1900 814 2142 889 Matth.,
2167 818 2315 877 Luc.
2351 822 2412 877 et
2448 818 2619 879 Paul.
2658 821 2916 895 recitat;
2969 840 3129 902 quos
3180 841 3297 902 ego
3345 825 3574 890 luben.

318 911 558 972 tissime
585 909 655 972 in
684 908 807 973 hoc
837 909 1159 972 volumine
1181 911 1396 974 Latine
1428 912 1647 975 saltem
1681 917 1942 996 exposui
1970 934 1983 978 :
2015 918 2362 997 praesertim
2391 920 2538 998 quia
2579 904 2879 985 librorum
2926 933 3141 988 contra
3187 929 3576 1006 Synusiastas

322 1017 385 1070 et
401 1010 982 1084 contraiDiodorum
1003 1027 1076 1073 ac
1101 1007 1505 1074 Theodorum
1533 1031 1644 1075 sex
1663 1015 1791 1094 jam
1823 1033 1941 1094 ego
1973 1017 2300 1095 originalia
2329 1035 2760 1100 compereram
2787 1026 2999 1087 Grazca
3030 1026 3398 1106 fragmenta,
3423 1048 3576 1110 quoa

318 1128 458 1171 rum
491 1118 712 1190 postea
736 1111 1060 1175 veritatem
1087 1113 1360 1175 Joannes
1394 1115 1787 1178 Caesariensis
1816 1117 2225 1180 confirmavit.

393 1213 620 1272 Partes
647 1215 1080 1275 commentarii
1112 1215 1180 1275 in
1213 1215 1456 1278 Cantic.
1488 1219 2314 1286 Salomonis.—Notissima
2369 1232 2431 1287 et
2479 1227 2846 1290 universalis
2894 1233 2998 1292 SS.
3055 1233 3303 1296 Patrum
3361 1237 3572 1315 regula

315 1321 431 1386 est,
464 1315 782 1376 canticum
820 1314 1176 1378 Salomonis
1203 1318 1458 1381 nonnisi
1493 1321 1754 1400 spiritali
1790 1340 1975 1384 sensu
2009 1324 2086 1386 de
2137 1324 2377 1388 Christo
2423 1329 2682 1409 ejusque
2730 1330 3005 1393 Ecclesia
3035 1349 3170 1394 esse
3215 1335 3571 1414 intelligen-

314 1413 508 1477 dum:
541 1417 956 1496 quamobrem
985 1420 1156 1497 gravi
1183 1421 1684 1502 reprehensione
1729 1425 1903 1504 digni
1940 1436 2106 1503 sunt,
2140 1430 2503 1512 quicunque
2545 1435 2622 1495 ab
2665 1433 2782 1496 hac
2834 1435 3270 1501 decentissima
3319 1442 3571 1503 Patrum

293 1521 605 1583 omnium
636 1538 860 1586 norma
889 1524 1215 1589 discedere
1242 1529 1499 1592 audent.
1537 1532 1700 1594 Ecce
1733 1539 1944 1595 autem
1972 1541 2034 1596 et
2065 1535 2326 1612 Cyrillus
2354 1543 2568 1598 noster
2598 1539 2664 1601 in
2693 1555 2768 1602 eo
2802 1541 3197 1620 explanando
3247 1546 3498 1608 cantico
3537 1565 3573 1610 α

315 1624 465 1686 trito
491 1623 891 1706 solemnique
917 1628 1215 1694 Ecclesiae
1249 1652 1429 1697 more
1457 1654 1586 1698 non
1617 1637 1924 1701 declinat:
1956 1640 2133 1719 cujus
2157 1657 2274 1718 ego
2307 1640 2617 1721 deperditi
2645 1648 3076 1708 commentarii
3104 1667 3248 1711 cum
3275 1656 3420 1712 ante
3455 1651 3573 1714 hos

315 1741 523 1788 annos
546 1725 891 1805 fragmenta
919 1731 1134 1794 Graace
1162 1738 1405 1796 tantum
1435 1736 1740 1799 ediderim
1767 1739 1833 1799 in
1862 1739 2156 1818 ProcOpii
2189 1744 2406 1802 catena
2446 1737 2601 1821 (AA.
2633 1741 2815 1804 class.
2855 1751 2900 1806 t.
2942 1747 3069 1822 IX),
3117 1765 3286 1810 nunc
3344 1749 3573 1812 collato

301 1844 546 1888 .rursus
569 1827 704 1888 Vat.
735 1826 977 1903 codice,
1011 1836 1075 1893 et
1105 1832 1316 1897 addita
1351 1835 1709 1913 Latinitate,
1741 1838 1810 1899 in
1843 1837 1963 1900 hac
1995 1839 2204 1917 Cyrilli
2237 1839 2689 1902 anecdotorum
2733 1847 3027 1924 congerie
3075 1850 3408 1913 commode
3457 1868 3568 1914 ex-

317 1928 538 1992 hibeo.
587 1930 802 2009 Neque
840 1931 908 1993 in
945 1931 1043 1996 his
1075 1935 1305 2000 desunt
1354 1938 1704 2018 singulares
1745 1939 1989 2021 aliquot
2038 1942 2198 2005 sacri
2237 1949 2444 2004 textus
2479 1943 2819 2022 lectiones,
2868 1955 3098 2029 praeter
3145 1953 3435 2016 eximiam
3465 1972 3571 2018 aue

314 2029 515 2089 ctoris
543 2029 862 2108 pietatem,
898 2037 958 2092 et
990 2031 1070 2094 de
1103 2036 1302 2097 sancti
1334 2034 1688 2100 chrismatis
1715 2042 2565 2132 saeramentotestimonium
2597 2046 2696 2124 (ad
2721 2063 2882 2107 vers.
2917 2047 2986 2108 12
3019 2051 3236 2129 capitis
3279 2052 3405 2132 IV).
3459 2054 3571 2114 His

313 2145 432 2206 ego
469 2129 910 2192 commentarii
939 2134 1223 2212 partibus
1255 2136 1588 2217 Cyrilliana
1623 2140 1906 2220 quinque
1959 2139 2079 2203 alia
2103 2121 2343 2204 'diversi
2388 2121 2737 2221 argumenti
2793 2121 3138 2225 fragmenta
3184 2121 3572 2218 subtc'xenda

311 2247 549 2292 curavi.
847 2256 850 2258 '

292 2391 300 2397 .
393 2335 634 2396 Contra
665 2333 1014 2399 Iulianum.
1046 2336 1360 2398 Adversus
1381 2337 1742 2400 Eunuchos.
1775 2340 1862 2400 De
1890 2340 2244 2420 Synagogce
2272 2340 2562 2420 repudio.
2598 2345 2975 2425 Fragmenta
3000 2346 3193 2408 multa
3220 2352 3568 2413 minora.—

312 2437 402 2498 Ne
434 2437 678 2500 minora
707 2440 966 2520 quidem
1003 2443 1212 2524 Cyrilli
1241 2443 1613 2524 fragmenta,
1653 2451 1970 2525 quotquot
1999 2446 2164 2507 inter
2194 2447 2358 2511 edita
2384 2467 2419 2512 a
2451 2463 2551 2511 me
2580 2450 2832 2530 scripta,
2864 2452 3054 2514 vel-in
3082 2453 3406 2516 codicibus
3454 2473 3568 2517 ex-

311 2543 622 2616 stiterunt,
658 2545 933 2623 neglexi.
957 2549 1175 2628 Itaque
1204 2550 1408 2630 primo
1432 2551 1819 2629 undeviginti
1846 2552 2180 2632 particulas
2200 2557 2438 2635 sumpsi
2458 2557 2682 2636 partim
2712 2573 2789 2619 ex
2813 2554 3028 2619 codice
3058 2556 3354 2620 Vaticano
3391 2557 3566 2633 1431,

316 2644 535 2722 partim
566 2661 645 2706 ex
681 2646 1108 2725 Columnensi,
1137 2657 1198 2712 et
1235 2668 1312 2713 ex
1346 2653 1505 2716 meis
1535 2652 1794 2716 Leontio
1823 2659 2013 2732 atque
2050 2653 2392 2719 Anastasio.
2425 2655 2661 2720 Deinde
2693 2656 2845 2720 alias
2890 2658 3048 2718 XXV
3101 2656 3438 2737 particulas
3490 2675 3567 2719 cx

314 2746 665 2826 deperditis
690 2749 990 2815 adversus
1014 2755 1331 2818 Iulianum
1357 2755 1555 2832 libris,
1587 2774 1622 2819 a
1648 2758 1888 2819 Joanne
1921 2757 2236 2836 eclogario
2273 2759 2509 2835 citatas,
2548 2766 2617 2823 ut
2645 2761 2710 2822 in
2741 2760 2985 2822 Monito
3024 2760 3270 2823 dicitur.
3315 2761 3566 2838 Insigne

307 2860 529 2934 postea
559 2853 773 2932 magni
809 2854 1018 2934 Cyrilli
1045 2855 1214 2935 apud
1245 2873 1360 2920 nos
1391 2864 1788 2936 segmentum
1817 2863 1912 2919 est
1942 2857 2243 2919 adversus
2277 2861 2602 2935 eunuchos,
2634 2861 2712 2924 de
2742 2877 2870 2942 quo
2897 2861 2964 2923 in
2989 2861 3236 2925 Monito
3253 2860 3452 2924 ‘verba
3480 2859 3568 2920 fa-

304 2952 552 3025 cimus;
585 2969 705 3016 nec
738 2970 868 3018 non
897 2953 977 3018 de
993 2956 1266 3036 junioris
1312 2957 1662 3038 specimine
1693 2956 1864 3038 quod
1894 2958 2197 3037 sequitur.
2227 2959 2554 3023 Postremo
2585 2960 3002 3040 fragmentum
3041 2979 3118 3024 ex
3145 2961 3303 3024 libro
3333 2961 3406 3021 de
3441 2960 3565 3036 Sy-

303 3069 565 3130 nagogw
585 3054 876 3132 repudio,
906 3055 985 3118 de
1014 3073 1142 3136 quo
1173 3057 1358 3121 etiam
1393 3058 1460 3122 in
1507 3059 1752 3122 Monito
1781 3074 1897 3122 suo
1945 3057 2114 3123 loco.
2165 3064 2368 3141 Atque
2418 3059 2553 3124 haec
2607 3062 2818 3126 omnia
2868 3063 3098 3126 Latina:
3145 3061 3565 3124 translationis

283 3151 759 3239 commoditate
795 3153 917 3217 frui
947 3155 1278 3221 voluimus.

771 3479 1306 3570 EJUSDEM
1404 3419 2045 3574 PRIEFATIO
2147 3477 2295 3568 AD
2393 3476 2828 3571 TOMUM
2912 3479 3103 3568 III.

375 3673 429 3737 I.
463 3672 748 3755 Cyrillus
784 3677 1074 3757 quaesitus
1123 3676 1193 3738 in
1240 3676 1477 3738 catenis
1517 3677 1752 3739 Veteris
1803 3673 2588 3737 Testamenti.—Alterum
2623 3671 2744 3736 hoc
2785 3674 3074 3754 procedit
3105 3677 3557 3741 anecdotorum

300 3777 369 3839 S.
391 3778 596 3856 Cyrilli
623 3777 1026 3839 Alexandrini
1054 3775 1428 3857 scriptorum
1466 3777 1785 3851 volumen,
1818 3776 1991 3855 cujus
2013 3777 2297 3839 Graecum
2320 3781 2554 3838 textum
2579 3791 2655 3836 ex
2679 3775 3001 3838 codicibus
3024 3775 3366 3855 hausimus,
3391 3781 3556 3842 Lati-

301 3894 451 3938 nam
483 3894 628 3939 vero
658 3875 1242 3956 interpretationem
1279 3875 1570 3939 festinato
1617 3875 1824 3938 studio
1869 3875 2107 3955 publici
2148 3892 2302 3937 usus
2338 3875 2533 3954 gratia
2567 3873 2860 3950 fecimus;
2897 3882 2959 3938 et
3001 3893 3192 3957 parco
3237 3878 3404 3956 licet,
3445 3881 3556 3942 sed

302 3984 514 4039 tamen
562 3977 652 4038 rei
691 3975 1040 4056 praesertim
1070 3974 1438 4053 dogmaticaa
1471 3975 1703 4036 idoneo
1743 3974 2221 4037 adnotationum
2259 3975 2556 4038 comitatu
2585 3976 2963 4054 stipavimus.
2991 3977 3230 4037 Nostrae
3259 3977 3447 4053 igitur
3473 3980 3557 4042 ob

297 4077 737 4156 vestigandum
781 4077 1075 4156 Cyrillum
1098 4093 1265 4139 curre
1293 4075 1371 4138 ad
1412 4074 1679 4136 ineditas
1702 4073 1953 4136 Patrum
1984 4080 2234 4136 catenas
2275 4074 2593 4154 praecipue
2621 4079 3050 4152 respexerunt.
3085 4073 3206 4134 Sed
3235 4073 3299 4135 in
3330 4092 3552 4137 manu-

293 4180 552 4258 scriptis
586 4179 848 4259 quidem
885 4180 961 4242 ad
1009 4178 1462 4243 Octoteuchum
1510 4185 1571 4242 et
1615 4176 1951 4241 historicos
1997 4179 2102 4239 SS.
2139 4176 2477 4239 Bibliorum
2509 4175 2699 4237 libros
2733 4176 3220 4252 commentariis,
3257 4179 3551 4259 Cyrillum

293 4279 713 4358 quaerendum
749 4280 848 4341 vix
890 4281 1272 4360 putavimus;
1310 4281 1458 4360 quia
1505 4287 1923 4360 prtetcrquam
1955 4279 2127 4359 quod
2160 4278 2238 4341 ad
2267 4274 2757 4340 Pentateuchum
2797 4275 3118 4356 Glaphyro
3147 4279 3358 4357 Cyrilli
3387 4283 3554 4345 edita

293 4386 584 4455 exstant,
625 4382 883 4460 copiosa
933 4381 1194 4461 insuper
1232 4380 1480 4459 vulgata
1521 4381 1638 4442 fuit
1673 4381 1998 4461 superiore
2045 4379 2276 4442 saaculo
2322 4375 2746 4459 Lipsiensibus
2798 4376 2964 4457 typis
3001 4377 3252 4440 Patrum
3299 4389 3548 4456 catena,

289 4500 442 4566 quae
468 4483 763 4564 Cyrillum
781 4501 1060 4564 quoque,
1080 4481 1345 4564 perinde
1374 4489 1551 4545 utest
1570 4483 1638 4545 in
1655 4473 1967 4546 V'aticanis
1997 4482 2254 4557 catenis,
2273 4482 2552 4545 continet
2568 4476 2674 4560 (a).
2706 4482 2988 4544 Attamen
3003 4480 3081 4543 ad
3100 4481 3293 4545 libros
3306 4485 3547 4562 Regum

289 4585 620 4664 egregiam
663 4584 980 4666 planeque
1013 4585 1316 4648 diversam
1346 4586 1598 4647 Patrum
1627 4589 1909 4646 catenam
1935 4583 2213 4646 Venetiis
2259 4599 2376 4644 nos
2416 4581 2482 4642 in
2528 4581 2908 4644 Bessarionis
2957 4582 3287 4645 cardinalis
3331 4586 3547 4648 codice

283 4703 422 4748 non
459 4685 926 4747 observavimus
953 4684 1181 4762 solum,
1210 4701 1424 4746 verum
1464 4685 1648 4746 etiam
1681 4683 1988 4764 quidquid
2032 4687 2164 4745 erat
2198 4680 2408 4760 Cyrilli
2433 4679 2737 4742 ineditum
2776 4697 2966 4742 manu
3011 4688 3220 4742 nostra
3257 4682 3402 4745 inde
3434 4701 3546 4745 cx-

282 4786 689 4866 scripsimus,
716 4794 904 4866 atque
933 4786 1056 4848 hoc
1084 4785 1402 4848 volumine
1431 4785 1820 4848 inclusimus.
1854 4785 1944 4846 Ad
1973 4785 2199 4846 Jobum
2233 4781 2556 4862 scripsisse
2583 4779 2873 4860 Cyrillum
2902 4789 3176 4856 constat;
3207 4786 3549 4865 caeteroqui

281 4883 348 4945 in
397 4885 720 4948 Vaticanis
756 4886 1082 4948 codicibus
1132 4885 1289 4948 nihil
1337 4893 1566 4966 praeter
1611 4886 1804 4960 illam,
1851 4903 2035 4965 quam
2083 4885 2304 4946 Junius
2357 4881 2572 4955 edidit,
2619 4888 2896 4943 catenam
2943 4881 3170 4962 reperi.
3216 4882 3302 4944 De
3338 4883 3548 4963 Cyrilli

281 4984 638 5064 peramplis
680 4985 748 5046 in
803 4984 1086 5048 Psalmos
1129 4985 1594 5048 commentariis
1646 4983 1807 5046 infra
1854 4984 2081 5067 dicam.
2117 4985 2204 5046 Ad
2257 4982 2589 5044 Proverbia
2634 4983 2731 5042 vix
2778 4999 2972 5043 unum
3010 4983 3292 5062 comperi
3338 4983 3547 5063 Cyrilli

277 5084 748 5163 fragmentum;
781 5085 930 5148 nihil
965 5094 1175 5149 autem
1204 5086 1280 5149 ad
1309 5085 1747 5148 Ecclesiasten.
1780 5087 1871 5148 Ad
1908 5086 2240 5149 duodecim
2272 5085 2550 5172 minores
2579 5083 2915 5164 pr0phetas
2945 5082 3160 5165 Cyrilli
3198 5100 3365 5145 curae
3395 5092 3545 5146 mta-

280 5193 406 5250 tem
438 5189 754 5264 tulerunt;
788 5191 938 5252 item
974 5189 1052 5252 ad
1083 5190 1304 5253 Isaiam
1338 5208 1351 5250 :
1386 5189 1579 5252 multa
1610 5207 1757 5252 vero
1809 5190 2023 5270 Cyrilli
2072 5190 2150 5253 ad
2186 5189 2517 5278 Ieremiam
2556 5186 2896 5266 fragmenta
2939 5183 3206 5263 vulgavit
3231 5185 3297 5246 in
3328 5191 3545 5248 catena

285 5291 660 5353 Gbislerius.
708 5291 798 5353 Ad
850 5291 1239 5355 Ezechielem
1287 5291 1382 5352 vix
1424 5299 1566 5354 octo
1621 5291 1845 5370 exigua
1893 5290 2102 5371 Cyrilli
2136 5290 2484 5368 fragmenta
2529 5289 2818 5351 Vaticana
2864 5292 3103 5362 catena,
3159 5283 3544 5362 cmteroquin

285 5394 532 5472 ingens,
568 5395 756 5458 nobis
802 5396 1056 5469 obtulit;
1089 5403 1148 5457 et
1173 5395 1250 5457 ad
1283 5395 1603 5457 Danielem
1648 5397 1785 5458 tria.
1827 5396 2120 5474 Cyrillum
2167 5397 2232 5458 in
2267 5394 2662 5457 Ezechielem
2711 5393 3054 5473 scripsisse,
3087 5398 3255 5453 extra
3289 5404 3544 5452 omnem

279 5496 746 5561 dubitationem
791 5506 882 5562 est
917 5517 930 5560 :
969 5516 1114 5560 nam
1144 5504 1372 5579 praster
1417 5505 1666 5578 reperta
1713 5517 1749 5560 a
1796 5499 1978 5561 nobis
2025 5497 2371 5576 fragmenta
2402 5498 2464 5559 in
2511 5497 2766 5571 catenis,
2797 5491 3135 5555 Bandinius
3166 5488 3366 5554 Catal.
3401 5487 3543 5554 cod.

351 5640 429 5713 (α)
465 5641 673 5699 Catena
699 5621 1022 5714 Lipsiensis,
1057 5654 1178 5715 post
1207 5644 1522 5718 diligentem
1544 5663 1666 5705 cum
1699 5645 1858 5702 editis
1883 5645 2228 5703 collationem
2254 5644 2472 5709 factam,
2508 5643 2642 5698 nihil
2685 5642 2838 5698 nobis
2863 5640 3123 5766 incdgtglr‘n
3151 5637 3542 5766 sglfgeditavit.
