4024 6220
440 289 545 345 106
1779 268 1982 327 CARD.
2027 267 2184 325 ANG.
2225 262 2346 320 MM
3603 243 3710 296 HM

441 415 548 476 Gr.
595 411 918 482 Laurent,
967 411 1012 466 t.
1060 402 1111 477 I,
1139 420 1204 482 p.
1259 396 1391 470 119,
1448 391 1576 455 duo
1619 389 1739 452 alia
1792 387 2117 470 perbrevia
2151 386 2218 446 in
2251 379 2471 445 codice
2513 373 2796 438 miscello
2837 369 3168 439 memorat,
3223 376 3365 442 quea
3401 375 3437 422 a
3479 356 3714 420 nostris

436 519 682 582 diversa
732 470 916 578 sunt:
950 470 1109 583 Quid
1140 470 1384 586 .plura?
1411 503 1538 562 Leo
1587 495 1846 558 Allatius
1871 495 1940 556 in
1970 489 2375 560 Enchiridio,
2408 503 2473 566 ῃ,
2510 481 2608 555 38,
2653 485 2724 541 ut
2769 475 3058 540 ostendat
3091 470 3391 551 Spiritum
3428 471 3712 528 sanctum

441 636 580 682 esse
626 617 914 697 spiritum
952 570 1113 682 Eilii,
1145 570 1292 668 citat
1331 599 1541 681 Cyrilli
1581 595 2030 678 explanatione?

2135 593 2202 652 in
2234 583 2630 651 Ezechielem
2658 579 2756 650 τὴν
2783 573 3052 650 ἐξήγησιν
3082 573 3178 628 τοῦ
3211 570 3484 642 Κυρίλλου
3513 571 3593 632 εἰς
3620 570 3714 623 τὸν

453 681 732 790 Ἱεζεκιῆλ.
762 715 912 779 Mihi
941 681 1154 774 tamen
1182 705 1531 788 pretiosum
1564 699 1687 761 hoc
1717 710 2090 775 summeque
2117 690 2466 772 Optandum
2495 682 2708 767 Cyrilli
2737 681 3039 762 scriptum
3078 691 3389 756 nusquam
3419 689 3714 752 comper-

439 831 572 886 tum
605 773 721 882 est.
764 816 1036 880 Felicior
1061 814 1128 875 in
1159 773 1410 873 cantico
1441 803 1796 867 Salomonis
1837 801 1952 876 fui,
1985 773 2081 860 ad
2113 813 2304 878 quem
2350 793 2582 854 librum
2630 804 2762 850 non
2791 785 2878 846 ita
2919 797 3153 864 paucas
3180 775 3391 856 Cyrilli
3421 773 3718 853 reliquias

441 923 769 1003 superiore
798 914 1118 982 volumine
1155 909 1524 990 complexus
1551 923 1714 968 sum.
1750 903 1926 964 Mitto
1955 901 2150 962 libros
2193 889 2803 960 deuterocanonicos
2831 884 3070 958 Tobias,
3101 878 3461 961 Sapientia,
3491 873 3716 936 Eccle-

442 1023 674 1086 siastici
717 1029 780 1084 et
830 1016 1358 1085 Machabaaorum,
1397 1026 1560 1090 quos
1604 1005 1792 1084 prisci
1838 1005 2054 1066 Patres
2084 999 2250 1063 curis
2282 999 2411 1060 suis
2457 1011 2597 1058 raro
2643 996 2751 1054 aut
2784 988 2886 1050 vix
2911 986 3250 1064 attigerunt
3297 999 3310 1042 :
3355 991 3719 1060 quanquam

442 1122 825 1203 Sapientiam
879 1121 1049 1180 certe
1105 1119 1296 1192 atque
1351 1104 1857 1171 Ecclesiasticum
1910 1099 2175 1180 Cyrillus
2211 1103 2429 1158 noster
2476 1110 2595 1155 ceu
2638 1089 2878 1152 divinas
2931 1083 3282 1162 Scripturas
3335 1095 3464 1140 non
3524 1077 3720 1138 semel

2201 1199 2212 1203 -
2254 1201 2270 1203 _
2635 1193 2647 1203 .
2684 1192 2720 1203 Α
3047 1201 3193 1203 μηγ--
3215 1180 3512 1203 ___n-__'-__.
3549 1175 3688 1203 -.1,12

442 1175 656 1287 laudat
680 1241 692 1283 :
717 1216 1052 1301 Sapientiae
1075 1175 1284 1276 autem
1309 1209 1472 1271 libro
1497 1205 1669 1284 regia
1697 1220 1919 1267 manus
1944 1175 2218 1264 Matthaai
2241 1193 2653 1260 Cantacuzeni
2679 1192 2967 1252 Graecum
2994 1180 3518 1248 commentarium
3545 1175 3724 1240 addi-

443 1325 558 1401 dit,
586 1324 765 1405 cujus
795 1337 914 1383 nos
942 1319 1239 1394 excerpta
1263 1312 1331 1373 in
1367 1309 1490 1372 alio
1523 1305 1840 1369 volumine
1869 1303 2038 1365 inter
2073 1299 2313 1364 scholia
2342 1297 2420 1360 ad
2450 1292 2880 1374 Nicephorum
2909 1285 3177 1368 sparsim
3209 1281 3522 1345 dedimus.

2091 1404 2096 1405 ,
2223 1404 2236 1405 ,
2401 1401 2446 1405 _
2740 1399 2751 1405 -
2917 1391 2933 1405 .
2966 1392 3023 1405 --
3364 1382 3522 1405 mu.

522 1382 600 1486 LI.
640 1382 800 1486 item
838 1422 907 1483 in
943 1382 1181 1480 catenis
1210 1413 1374 1476 Novi
1412 1406 2050 1472 Testamenti.—Jam
2083 1404 2150 1465 in
2187 1404 2364 1464 Novo
2400 1399 2826 1468 Testamento,
2859 1391 2939 1454 ad
2966 1387 3323 1452 Matthaium
3355 1382 3612 1464 quidem
3646 1397 3726 1443 ex

445 1527 674 1609 amplis
701 1525 810 1606 qui
844 1521 1172 1604 perierunt
1209 1514 1419 1596 Cyrilli
1445 1511 1830 1584 tractatibus,
1861 1507 2199 1570 mediocris
2246 1505 2740 1582 fragmentorum
2787 1512 3087 1560 numerus
3115 1492 3181 1554 in
3209 1488 3453 1552 Possini
3485 1492 3548 1549 et
3572 1488 3724 1549 Cor-

445 1591 607 1694 derii
637 1591 872 1692 catenis
899 1625 1128 1702 legitur
1157 1639 1170 1682 :
1204 1591 1317 1683 sed
1364 1621 1575 1680 tamen
1614 1631 1733 1694 ego
1781 1630 2042 1694 quoque
2089 1624 2600 1674 coacervaveram
2633 1620 2799 1667 nova
2832 1599 3038 1672 Cyrilli
3069 1597 3416 1675 fragmenta
3454 1609 3528 1655 ex
3553 1591 3725 1654 Vati-

449 1736 622 1799 canis
650 1732 997 1804 codicibus,
1032 1747 1104 1792 ac
1147 1742 1315 1809 pene
1342 1725 1818 1803 impresseram;
1849 1718 1960 1781 sed
1985 1723 2245 1796 accepta
2275 1713 2528 1777 interim
2555 1709 2897 1773 Oxoniensi
2922 1707 3000 1769 cl.
3031 1706 3087 1766 Ι.
3115 1707 3184 1765 Α.
3219 1698 3487 1763 Crameri
3513 1697 3729 1757 Graeca

450 1842 691 1910 catena,
732 1833 996 1896 multum
1031 1847 1109 1893 ex
1145 1797 1459 1890 Vaticanis
1490 1821 1804 1895 deminui;
1841 1820 1925 1883 ita
1971 1826 2184 1882 tamen
2215 1823 2284 1878 ut
2330 1816 2678 1894 fragmenta
2705 1829 2895 1892 supra
2923 1806 3142 1888 viginti
3170 1803 3324 1866 mihi
3352 1798 3558 1863 adhuc
3584 1797 3726 1858 ine-

452 1939 578 2000 dita
610 1897 1036 2017 su'perfuerint
1065 1928 1174 2011 (α).
1206 1925 1585 2007 Conquisitis
1619 1922 1798 1984 novis
1833 1921 1900 1982 in
1925 1919 2283 1981 Matthzeum
2312 1915 2522 1997 Cyrilli
2553 1914 2858 1994 reliquiis,
2895 1910 2974 1972 de
3003 1901 3454 1972 commentario
3488 1900 3623 1981 ejus
3651 1897 3730 1960 ad

451 2042 727 2103 Marcum
757 2033 1161 2114 cogitandum
1186 2050 1222 2095 a
1251 2045 1355 2093 me
1387 2045 1525 2092 esse
1554 2043 1683 2090 non
1705 2023 1979 2106 judicavi
1996 2041 2012 2098 ;
2044 2023 2194 2104 quia
2228 2023 2294 2084 in
2325 2037 2425 2094 eo,
2458 2037 2646 2100 quem
2678 2017 2829 2081 olim
2857 2013 3156 2078 Possinus
3183 2008 3352 2090 typis
3378 2001 3732 2068 Barberinis

453 2146 673 2208 Romae
709 2141 986 2214 excudit,
1015 2138 1232 2201 Victor
1259 2133 1692 2198 Antiochenus
1722 2130 1813 2212 (ut
1841 2135 2009 2193 certe
2044 2125 2429 2209 inscribitur)
2461 2131 2681 2189 auctor
2713 2118 2798 2186 ait
2832 2119 3153 2184 neminem
3190 2117 3420 2196 praeter
3456 2126 3524 2172 se
3551 2124 3730 2172 com-

454 2247 797 2310 mentarios
830 2245 897 2307 in
925 2246 1201 2306 Marcum
1232 2238 1583 2320 scripsisse.
1618 2238 1859 2298 Revera
1890 2240 2100 2297 autem
2137 2251 2219 2296 ne
2245 2233 2312 2295 in
2348 2229 2662 2295 Vaticanis
2707 2226 2966 2308 quidem
3007 2221 3334 2287 codicibus
3366 2218 3580 2279 Graeca
3606 2211 3736 2276 ulla

455 2349 644 2414 Marci
679 2347 1035 2428 eXplanatio
1068 2343 1321 2423 legitur,
1355 2345 1583 2422 praater
1621 2339 1793 2402 illam
1834 2354 2025 2418 quam
2064 2337 2182 2399 sub
2217 2333 2486 2398 Victoris
2514 2330 2773 2394 nomine
2803 2326 3034 2391 editam
3071 2322 3200 2387 dixi
3239 2339 3252 2382 :
3285 2335 3428 2401 qua)
3465 2322 3734 2380 caetero-

455 2451 567 2533 qui
591 2418 790 2512 multo
814 2418 1308 2528 c0piosiormihi
1329 2418 1698 2522 variansque
1721 2440 2092 2503 occurrebat
2111 2438 2178 2500 in
2201 2437 2420 2501 codice
2434 2437 2571 2497 Vat.
2592 2434 2624 2495 7
2637 2433 2733 2508 56,
2761 2449 2880 2496 nec
2902 2446 3032 2492 non
3060 2428 3128 2491 in
3151 2423 3571 2489 Ottoboniano
3598 2418 3732 2493 113,

458 2571 588 2637 quo
623 2552 692 2615 in
726 2524 1000 2630 utroque
1047 2545 1396 2628 exemplari
1423 2563 1554 2608 non
1595 2543 1832 2608 Victori
1875 2542 1940 2606 id
1979 2559 2143 2624 Opus
2170 2541 2488 2616 tribuitur,
2523 2539 2633 2603 sed
2661 2536 2935 2616 Origeni.
2965 2534 3088 2598 Sed
3136 2539 3348 2594 tamen
3372 2529 3440 2590 in
3471 2524 3734 2588 Ottobo-

343 2659 348 2664 ’
458 2630 651 2716 niano
681 2651 840 2715 alius
869 2663 1128 2730 quoque
1160 2644 1520 2708 nominatur
1547 2643 1732 2725 hujus
1762 2641 1980 2724 scripti
2003 2649 2222 2706 auctor
2252 2641 2552 2704 Leontius
2579 2639 2838 2702 Etolus.
2867 2637 3114 2699 Etenim
3153 2633 3264 2698 fol.
3298 2632 3394 2708 49,
3432 2630 3542 2694 ubi
3573 2647 3737 2710 Opus

458 2754 704 2836 incipit,
735 2755 820 2816 ita
849 2769 917 2815 se
945 2751 1136 2814 habet
1161 2748 1379 2811 titulus
1408 2765 1424 2810 :
1468 2748 1776 2822 Ὦριγένους
1806 2748 2047 2821 πρόλογα

2143 2765 2168 2812 ς
2191 2747 2292 2820 τὴν
2321 2744 2621 2820 ἑρμηνείαν
2642 2745 2738 2799 τοῦ
2764 2742 2906 2798 κατὰ
2934 2742 3158 2814 Μάρκον
3186 2739 3344 2810 ἁγίου
3373 2735 3732 2805 Εὑοιγγελὶου.

459 2858 620 2919 Tum
655 2855 723 2917 in
756 2852 1041 2931 margine
1068 2849 1401 2914 ascribitur
1432 2866 1446 2911 :
1494 2849 1754 2922 Ἀλλαχοῦ
1784 2849 2037 2904 Λεοντίου

2146 2848 2182 2902 ιδ
2208 2848 2307 2920 τῆς
2339 2846 2626 2909 Αἰτωλίας.
2657 2845 2820 2907 Ecce
2848 2847 3054 2905 autem
3087 2839 3167 2902 cl.
3215 2836 3457 2916 Anglus
3484 2836 3735 2896 Crame-

463 2981 573 3027 rus
602 2963 671 3025 in
697 2961 946 3025 duobus
971 2975 1177 3039 nuper
1200 2955 1528 3020 Parisiacis
1565 2956 1910 3030 codicibus,
1948 2973 2066 3021 nec
2094 2973 2228 3019 non
2254 2956 2324 3019 in
2349 2953 2720 3028 Bodleiano,
2749 2949 2919 3013 hunc
2946 2948 3012 3010 in
3041 2950 3317 3009 Marcum
3346 2946 3738 3006 commenta-

464 3063 630 3126 rium
673 3061 885 3142 Cyrilli
921 3057 1324 3122 Alexandrini
1360 3056 1618 3119 nomine
1652 3057 2095 3137 praetitulatum
2135 3056 2505 3132 observavit,
2547 3061 2609 3119 et
2654 3055 2719 3116 in
2767 3071 2877 3116 sua
2922 3055 3279 3115 catenarum
3327 3042 3488 3107 serie
3525 3042 3741 3104 Graece

465 3180 613 3228 cum
657 3141 1099 3226 additamentis
1144 3157 1428 3222 exhibuit
1461 3175 1474 3218 :
1508 3157 1716 3238 deque
1749 3174 1826 3220 eo
1857 3157 2038 3222 titulo
2068 3157 2198 3219 sive
2234 3165 2492 3221 auctore
2527 3155 2810 3220 modeste
2838 3172 2910 3218 ac
2940 3153 3123 3215 docte
3160 3148 3226 3211 in
3255 3163 3386 3209 sum
3417 3141 3741 3226 praefatio-

466 3262 567 3326 nis
593 3261 766 3325 calce
796 3258 1117 3356 disseruit.
1147 3257 1612 3318 Verumtamem
1641 3255 1777 3318 haec
1807 3272 1924 3318 nos
1962 3254 2261 3317 historice
2293 3263 2534 3318 tantum
2565 3270 2922 3327 narramus;
2954 3267 3165 3332 neque
3194 3249 3361 3312 enim
3392 3247 3554 3308 inter
3581 3262 3744 3324 qua-

467 3372 614 3428 tuor
655 3364 792 3426 hmc’
838 3353 1118 3434 nemina,
1167 3357 1483 3435 Origenis,
1517 3355 1751 3436 Cyrilli,
1797 3355 2067 3419 Victoris
2095 3361 2284 3435 atque
2340 3354 2606 3431 Leontii,
2656 3355 3062 3434 interponere
3109 3356 3395 3413 nostrum
3433 3345 3744 3427 judicium

467 3466 780 3532 volumus.
821 3467 1193 3544 Quanquam
1225 3462 1279 3523 si
1310 3475 1381 3522 ea
1415 3460 1626 3539 potius
1661 3475 1739 3520 ex
1785 3458 2045 3521 diversis
2089 3460 2377 3522 Patribus
2407 3465 2628 3523 catena
2675 3465 2800 3532 est,
2835 3465 2905 3518 ut
2950 3455 3097 3518 satis
3141 3458 3428 3518 constare
3462 3453 3744 3526 videtur,

471 3590 664 3654 quam
707 3572 899 3634 unius
945 3569 1221 3630 hominis
1267 3565 1640 3640 lucubratio,
1675 3581 1865 3627 nemo
1901 3565 2035 3644 jam
2086 3565 2414 3628 mirabitur
2447 3567 2686 3628 variare
2738 3566 2805 3626 in
2839 3563 3032 3625 titulis
3081 3561 3340 3625 nomina
3389 3567 3744 3623 auctorum.

689 3693 808 3788 nos
839 3675 1043 3786 igitur
1078 3671 1289 3788 Cyrilli
1335 3669 1432 3788 ad‘
1451 3670 1638 3733 Marci
1669 3671 2080 3749 Evangelium
2127 3671 2537 3752 proferimus;
2572 3669 3092 3752 quandoquidem
3129 3683 3271 3748 quae
3317 3666 3383 3728 in
3421 3663 3748 3727 codicibus

470 3775 788 3892 Vaticanis
837 3774 1223 3889 incrementa
1264 3776 1472 3846 erant,
1506 3787 1579 3833 ea
1621 3788 1832 3852 neque
1861 3771 2070 3852 Cyrilli
2121 3789 2355 3835 nomen
2402 3779 2660 3852 gerunt,
2708 3788 2918 3852 neque
2962 3771 3092 3851 jam
3135 3776 3277 3848 post
3325 3764 3747 3828 Oxoniensem

472 3879 707 3992 librum
745 3878 1064 3992 incognita
1098 3881 1266 3988 sunt.
1298 3874 1418 3936 Sed
1449 3891 1595 3991 ecce
1641 3875 1897 3992 demum
1927 3875 2137 3958 Cyrilli
2166 3879 2435 3955 grandes
2469 3885 2530 3942 et
2558 3877 2850 3941 indubias
2877 3875 2954 3938 ad
2985 3878 3212 3937 Lucam
3252 3871 3745 3944 lucubrationes,

472 3979 541 4090 in
571 3977 901 4090 superiore
936 3976 1257 4090 volumine
1303 3993 1419 4087 nos
1447 3977 1579 4090 ipsi.
1599 3979 1935 4090 edidimus.
1981 3984 2072 4046 Ad
2099 3984 2359 4047 Joannis
2386 3983 2786 4061 Evangelium
2819 3985 3018 4042 exstat
3047 3997 3311 4058 magnus
3348 3977 3556 4058 Cyrilli
3583 3978 3749 4040 duo-

475 4079 680 4142 decim
713 4076 889 4139 libris
917 4076 1437 4151 commentarius;
1472 4077 1582 4140 sed
1613 4078 1760 4160 quia
1789 4080 2043 4159 septimi
2072 4086 2134 4144 et
2171 4082 2374 4144 octavi
2402 4081 2545 4144 libri
2571 4080 2816 4151 lacuna,
2858 4078 3110 4140 nonnisi
3142 4094 3264 4158 ope
3290 4084 3526 4140 catenae
3554 4076 3748 4140 Galli-

478 4200 652 4246 canae
702 4181 1320 4294 expletaOutcunque
1349 4180 1573 4294 fuerat,
1619 4185 1740 4294 alia
1792 4186 1948 4248 mihi
2000 4185 2440 4268 supplementa
2485 4185 2737 4248 inventa
2795 4189 2958 4256 sunt,
3002 4200 3145 4262 quaa
3184 4200 3394 4263 neque
3439 4181 3751 4244 Aubertus

478 4301 692 4367 neque
728 4283 1060 4346 Corderius
1104 4283 1172 4346 in
1213 4279 1521 4366 excerptis
1553 4285 1932 4359 habuerunt,
1963 4293 2025 4348 et
2063 4287 2434 4368 praedictum
2467 4285 2914 4348 detrimentum
2957 4281 3273 4344 minuunt.
3304 4281 3394 4342 Ad
3423 4279 3750 4361 apostolo-

479 4405 620 4450 rum
650 4389 836 4448 Actus
872 4384 1224 4464 fragmenta
1267 4385 1474 4464 Cyrilli
1507 4402 1868 4464 paraveram
1914 4388 2283 4450 (Ecumenio
2313 4389 2665 4466 incognita;
2708 4385 2818 4448 sed
2861 4403 2936 4448 ea
2971 4384 3228 4446 demum
3275 4383 3480 4459 omisi,
3524 4389 3755 4463 printer

479 4509 702 4606 ξιηυφν
732 4497 1067 4606 postquam
1100 4489 1374 4606 cognovi
1396 4491 1769 4606 nuperaslad
1799 4507 1944 4553 eum
1973 4491 2201 4555 librum
2230 4512 2307 4556 ex
2335 4494 2569 4557 catenis
2594 4492 3010 4558 accessiones.
3039 4491 3366 4552 Postremo
3397 4487 3476 4550 ad
3506 4490 3752 4568 Apoca-

483 4595 694 4676 lypsin
733 4593 887 4654 nihil
932 4591 1138 4654 habeo
1173 4587 1379 4668 Cyrilli
1417 4587 1586 4668 quod
1629 4589 1908 4652 afferam.

562 4696 666 4805 ill.
719 4689 948 4802 Cyrilli
979 4686 1452 4805 fragmento-od
1501 4686 1626 4805 Ep.
1677 4688 2243 4805 cat‘lt.—9yrillum
2275 4691 2613 4756 catholicas
2643 4709 2898 4773 quoque
2935 4692 3242 4775 Epistolas
3289 4690 3757 4756 commentariis

485 4793 615 4905 suis
645 4790 985 4904 ornavisse,
1017 4788 1164 4851 satis
1201 4785 1527 4905 constabat
1564 4787 1731 4866 apud
1755 4787 2304 4905 ‘Montf‘auconium
2335 4793 2636 4854 Biblioth.
2672 4795 2960 4870 Coislin.,
2993 4815 3057 4876 p.
3098 4795 3231 4871 163,
3262 4795 3373 4857 ubi
3406 4795 3457 4855 is
3495 4793 3560 4854 in
3588 4792 3755 4854 anti-

487 4891 1108 5003 quissimom‘iroque
1142 4886 1358 4950 codice
1387 4888 1549 5001 CClI,
1581 4890 1796 4951 smculi
1825 4907 1860 4950 v
1881 4889 1977 4952 vel
2006 4908 2094 4966 v1,
2129 4898 2340 4954 narrat
2381 4899 2623 4956 exstare
2650 4900 2784 4955 tum
2816 4893 3083 4958 aliorum
3105 4896 3381 4970 Patrum,
3409 4899 3540 4955 tum
3569 4892 3756 4955 etiam

489 4991 699 5072 Cyrilli
727 4989 988 5064 scholia,
1021 5005 1163 5069 quae
1209 4995 1412 5051 tamen
1459 4989 1597 5070 ipse
1633 5007 1764 5053 non
1801 4992 2043 5054 recitat.
2078 4991 2201 5054 Sed
2240 4993 2410 5056 enim
2441 4994 2771 5076 complura
2819 4995 2923 5057 dat
2968 4997 3292 5057 Cramerus
3330 4994 3394 5055 in
3427 4998 3642 5056 catena
3679 4990 3758 5052 ad

405 5146 408 5149 .
491 5095 828 5158 catholicas
866 5112 1072 5175 nuper
1118 5095 1345 5158 Oxonii'
1384 5096 1570 5160 edita.
1625 5099 1755 5176 Ego
1791 5115 1941 5160 vero
1981 5115 2126 5161 cum
2174 5099 2386 5178 Cyrilli
2436 5118 2670 5164 nomen
2718 5101 2784 5162 in
2818 5100 3133 5164 Vaticanis
3187 5098 3266 5161 ad
3301 5115 3406 5160 eas
3449 5094 3761 5177 Epistolas

493 5198 968 5308 commentariis
987 5197 1214 5308 frustra
1245 5201 1629 5308 quaisissem,
1662 5201 1915 5263 tandem
1955 5202 2054 5264 his
2082 5203 2306 5267 diebus
2335 5205 2585 5283 gemina
2615 5206 2823 5285 reperi
2854 5205 3062 5284 Cyrilli
3101 5205 3177 5267 ad
3209 5205 3474 5284 primam
3501 5201 3763 5266 Joannis

492 5294 835 5376 Epistolam
881 5293 1141 5368 scholia,
1181 5315 1318 5376 quin
1356 5296 1562 5360 fausto
1612 5316 1762 5361 casu
1808 5302 2196 5364 conservavit
2240 5305 2366 5366 Leo
2416 5305 2712 5385 patricius
2748 5312 2810 5367 et
2861 5303 3129 5366 Caniclei
3168 5300 3500 5382 praefectus
3549 5300 3614 5360 in
3650 5317 3764 5362 sua

494 5401 727 5465 inedita
776 5402 1102 5482 utriusque
1136 5403 1513 5466 Testamenti
1551 5405 1889 5466 summaria
1927 5407 2351 5486 expositione,
2404 5409 2583 5489 cujus
2629 5408 2780 5470 olim
2830 5412 2954 5470 Leo
3001 5407 3257 5468 Allatius
3297 5407 3385 5466 Dc
3416 5405 3763 5484 Engastri-

571 5562 648 5644 (α)
676 5564 892 5644 Quibus
923 5568 1193 5644 accedunt
1220 5584 1284 5644 ea
1315 5583 1434 5639 qua:
1459 5569 1569 5639 jam
1603 5567 1789 5624 Graece
1825 5569 2074 5644 ediderat
2181 5573 2343 5628 theca:
2358 5571 2516 5644 Nova:
2532 5571 2666 5644 PR,
2691 5589 2743 5643 p.
2763 5573 2886 5629 476.
2913 5573 3066 5630 Adde
3092 5573 3458 5644 fragmentum
3479 5574 3548 5631 ad
3569 5575 3763 5634 Matth.

499 5631 1759 5780 δεδκῖινίιίευξπὶῑίεῖξρῖξξὲεὶξεξέξηίῖιῖξέεςεςηξτ
1788 5649 1844 5766 it
1871 5641 2074 5768 tam
2127 5711 2136 5720 -
2180 5657 2325 5778 ἔζεε
2350 5641 2455 5769 Et:
2484 5631 3107 5776 ίὶἲαῗῖίξῗτὲἒρῗ¹¹⁰⁸⁰τί⁵
3153 5631 3765 5720 Ρδπονίέδθθάοθπτατίέσ
