4024 6220
265 250 363 306 105
1641 249 2156 306 PREFATIONES.
3415 249 3515 304 106

262 340 492 421 mytho,
525 357 711 421 capp.
745 339 778 400 9
820 343 879 400 et
930 339 1026 415 20,
1076 342 1251 405 locos
1281 346 1405 404 tres
1443 342 1745 418 recitavit,
1795 344 1905 423 qui
1948 343 2026 406 ad
2069 344 2449 405 Testamenti
2493 342 2732 405 Veteris
2776 342 2966 404 libros
3003 345 3308 423 spectant.
3358 341 3517 413 Quin

261 445 416 507 adeo
446 445 509 506 in
551 443 878 507 codicibus
930 463 1189 526 quoque
1239 446 1840 509 Vindobonensibus
1893 446 1998 507 157
2071 452 2132 506 et
2172 444 2325 520 230,
2384 446 2550 526 apud
2594 445 3013 519 Lambecium,
3067 443 3238 505 idem
3293 444 3522 506 Leonis

263 545 505 626 patricii
527 561 693 624 Opus
720 551 1020 608 servatur.
1050 545 1200 608 Mihi
1231 545 1488 626 quidem
1519 545 1645 606 duo
1677 544 1962 624 praedicti
1993 544 2205 622 operis
2233 543 2484 605 codices
2514 542 2790 604 Vaticani
2819 541 3124 632 comperti
3153 546 3322 614 sunt,
3355 556 3519 619 quo-

263 665 396 710 rum
434 645 593 708 alter
631 645 955 730 integrior
985 645 1236 722 gemina
1282 661 1424 725 qua)
1472 643 1603 706 dixi
1632 643 1841 724 Cyrilli
1888 641 2125 706 scholia
2178 642 2616 723 suppeditavit.
2653 642 2950 723 (Alterum
2991 656 3247 720 quoque
3294 635 3524 701 diversi

262 749 509 830 generis
535 746 693 809 mihi
719 748 785 809 in
815 747 1104 811 manibus
1135 753 1228 809 est
1252 747 1480 809 Leonis
1509 748 1826 840 κειμήλιονι
1850 746 1961 809 sed
1991 747 2125 826 ejus
2151 747 2490 828 descriptio
2519 753 2768 828 tempus
2795 744 2965 809 aliud
2995 742 3525 823 occasionemque

264 848 581 933 postulat.)
615 851 820 923 Nunc,
853 856 973 912 etc.
1019 851 1141 910 Hic
1184 849 1390 911 editor
1421 851 1737 912 Romanus
1782 850 2140 929 fragmenta
2189 849 2310 910 duo
2340 849 2609 928 pro/ert,
2661 866 2792 929 quae
2832 846 2962 908 loco
2995 866 3105 908 suo
3142 845 3523 906 exhibemus.

272 950 410 1012 Vid.
449 949 531 1010 ad
565 950 604 1009 1
633 950 821 1020 Jpan.
852 966 896 1022 ι,
935 948 990 1024 5,
1026 958 1082 1009 et
1118 966 1185 1024 II,
1225 945 1318 1009 l3.

345 1053 400 1115 4.
432 1053 659 1132 Cyrilli
688 1072 902 1114 comm.
937 1054 1006 1114 in
1035 1055 1133 1116 IV
1175 1052 1358 1118 Pauli
1387 1054 1554 1132 Epp.
1590 1086 1667 1096 —
1705 1050 1955 1131 Reliqui
1990 1068 2141 1130 ergo
2173 1051 2328 1112 mihi
2363 1050 2618 1113 fuerunt
2650 1052 2715 1113 in
2743 1053 2966 1114 Vetere
3023 1051 3279 1131 quidem
3307 1051 3524 1110 Testa-

265 1162 500 1230 mento,
535 1155 696 1218 liber
726 1153 1150 1228 Psalmorum;
1184 1153 1251 1216 in
1279 1153 1480 1228 Novo,
1513 1151 1690 1214 Pauli
1728 1150 2048 1230 Epistolae,
2086 1151 2165 1213 ad
2203 1168 2359 1232 quas
2395 1151 2618 1212 divinae
2651 1153 2985 1232 Scripturae
3018 1157 3226 1232 partes
3261 1147 3524 1230 praecla-

263 1277 391 1321 ram
413 1255 665 1337 aedepol
686 1253 896 1334 Cyrilli
919 1253 1424 1334 explanationem
1455 1252 1691 1314 inveni.
1723 1255 1924 1330 Atque
1950 1257 2018 1312 ut
2049 1251 2127 1312 de
2163 1251 2337 1312 Pauli
2360 1250 2652 1329 Epistolis
2681 1252 2952 1331 primum
2971 1253 3200 1325 dicam,
3219 1253 3284 1312 in
3315 1250 3418 1313 illa
3447 1248 3528 1311 ad

263 1364 607 1434 Romanos,
647 1359 713 1420 in
743 1364 1008 1436 utraque
1058 1355 1137 1418 ad
1166 1353 1542 1428 Corinthios,
1595 1353 1874 1432 itemque
1906 1352 1984 1414 ad
2013 1351 2316 1412 Hebraeos
2371 1351 2517 1412 satis
2555 1369 2860 1432 prospera
2890 1352 3142 1414 fortuna
3169 1370 3317 1414 usus
3345 1369 3482 1414 sum
3510 1369 3524 1412 :

261 1463 326 1526 in
355 1461 619 1542 reliquis
659 1472 1022 1539 quanquam
1059 1471 1162 1517 eas
1184 1453 1478 1534 Cyrillum
1510 1452 1738 1534 partim
1769 1450 1988 1513 saltem
2043 1450 2383 1512 illustrasse
2407 1459 2800 1531 compertum
2821 1459 2934 1527 est,
2968 1452 3121 1514 nihil
3150 1470 3267 1532 ego
3294 1454 3525 1535 reperi,

263 1575 493 1649 praeter
547 1561 795 1640 singula
834 1559 1184 1638 fragmenta
1247 1557 1322 1619 ad
1363 1557 1608 1619 Galatas
1647 1561 1708 1616 et
1743 1554 1822 1616 ad
1848 1553 2271 1616 Colossenses.
2304 1556 2499 1632 Igitur
2524 1563 2593 1616 ut
2619 1557 2685 1616 in
2703 1565 2972 1636 quatuor
2997 1557 3314 1637 Epistolis,
3372 1577 3530 1639 quas

267 1671 415 1746 dixi,
464 1669 717 1740 sistam,
771 1663 972 1726 codex
1032 1662 1370 1723 Vaticanus
1422 1658 1604 1720 valde
1644 1656 1984 1737 pretiosus,
2017 1656 2230 1720 saeculi
2290 1656 2488 1719 ferme
2537 1674 2651 1730 xu,
2685 1659 2967 1736 egregias
3030 1659 3186 1719 mihi
3214 1660 3525 1738 Cyrilliani

269 1769 701 1837 commentarii
730 1773 939 1848 partes
963 1769 1040 1828 ad
1096 1768 1283 1827 Rom.
1344 1767 1404 1824 et
1437 1760 1516 1824 ad
1575 1758 1854 1821 Corinth.
1887 1761 1916 1818 Ι
1945 1765 2006 1820 et
2027 1760 2083 1820 ΙΙ
2110 1761 2566 1841 suppeditavit;
2598 1779 2752 1841 quas
2779 1777 2896 1838 ego
2928 1761 3261 1838 diligenter
3291 1763 3528 1824 exscri-

267 1886 436 1957 ptas,
476 1869 976 1934 adnotationibus
1035 1869 1222 1930 etiam
1278 1869 1467 1946 prout
1497 1879 1658 1943 opus
1704 1860 1823 1923 fuit
1863 1862 2199 1924 instructas
2223 1911 2237 1938 ,
2271 1869 2333 1925 et
2361 1865 2575 1927 Latina
2609 1865 3126 1945 interpretatione
3157 1866 3438 1942 donatas,
3462 1867 3531 1929 in

265 1978 484 2060 priore
515 1973 844 2037 voluminis
871 1978 1048 2052 parte
1077 1971 1246 2051 typis
1273 1968 1576 2050 expressi.
1607 1968 1693 2028 De
1721 1965 2024 2029 doctrinis
2053 1983 2198 2058 vero
2228 1969 2438 2048 Cyrilli
2485 1971 2843 2050 prmcipuis,
2874 1977 3007 2032 tum
3029 1972 3093 2033 in
3117 1972 3532 2034 adnotationi-

265 2085 382 2146 bus
452 2087 585 2142 tum
640 2080 707 2141 in
760 2078 973 2140 indice
1039 2076 1310 2139 lectores
1371 2071 1695 2136 admonui.
1754 2072 1978 2149 Magna
2030 2071 2326 2156 equidem
2399 2072 2717 2154 voluptate
2780 2073 3059 2149 fruebar,
3092 2075 3242 2136 dum
3293 2082 3531 2137 tantam

272 2182 769 2263 praestantissimi
828 2180 1043 2260 Cyrilli
1106 2185 1351 2260 partem
1428 2194 1507 2238 ex
1571 2193 1648 2238 eo
1715 2175 1938 2238 codice
1998 2191 2344 2250 eruerem;
2415 2177 2608 2257 idque
2665 2195 2783 2256 ego
2848 2179 3038 2259 paulo
3091 2184 3240 2259 post
3293 2196 3531 2242 annum

274 2282 408 2346 1841
468 2284 821 2347 etﬁciebam
871 2303 887 2346 :
953 2283 1187 2345 etenim
1245 2282 1408 2343 intra
1468 2279 1593 2342 hoc
1664 2279 2066 2354 octennium,
2132 2295 2334 2359 usque
2392 2280 2471 2342 ad
2551 2280 2739 2356 1849,
2801 2283 3085 2362 quinque
3149 2283 3284 2346 hate
3341 2285 3534 2347 Nam

264 2389 528 2450 Patrum
584 2385 976 2448 bibliotheca:
1029 2382 1350 2447 volumina
1405 2381 1814 2454 adornabam,
1853 2380 2206 2460 interrupto
2237 2379 2581 2444 identidem
2621 2388 2880 2462 prOpter
2907 2384 3059 2447 alias
3081 2385 3530 2465 occupationes

262 2495 504 2556 labore.
533 2491 800 2555 Interim
827 2508 977 2553 vero
1009 2507 1086 2552 ex
1113 2488 1331 2567 Anglia
1361 2493 1613 2550 catenas
1640 2487 1890 2547 Patrum
1919 2478 2159 2566 accepi",
2191 2503 2332 2566 quae
2359 2489 2575 2550 Grmce
2602 2495 2844 2551 tantum
2873 2507 2910 2552 a
2935 2491 3013 2554 cl.
3044 2493 3099 2554 Ι.
3137 2495 3208 2553 Α.
3239 2493 3531 2563 Cramero

263 2594 448 2655 annis
485 2592 627 2654 1841
672 2599 735 2654 et
774 2591 928 2653 1844
976 2590 1500 2670 imprimebantur
1533 2604 1545 2646 :
1577 2584 1689 2647 ubi
1729 2583 1902 2664 quod
1934 2585 2153 2647 attinet
2181 2585 2260 2647 ad
2313 2586 2655 2666 Epistolam
2687 2589 2862 2652 Pauli
2888 2592 2966 2653 ad
2987 2593 3331 2669 Romanos,
3365 2600 3427 2656 et
3453 2594 3532 2656 ad

264 2691 619 2754 Corinthios
648 2691 940 2772 primam,
969 2697 1179 2768 partes
1213 2703 1385 2748 meas
1422 2683 1632 2765 Cyrilli
1661 2684 2015 2758 Vaticanas,
2045 2701 2200 2764 quas
2215 2685 2824 2767 jamimpresseram,
2885 2691 3012 2754 vidi
3040 2710 3181 2755 cum
3212 2694 3335 2756 illis
3373 2713 3529 2758 con-

259 2799 637 2882 temporalis
666 2799 732 2860 in
765 2796 984 2876 Anglia
1013 2794 1271 2857 editoris
1314 2792 1546 2874 passim
1585 2806 1935 2868 congruere
1959 2791 2344 2870 (quanquam
2385 2792 2570 2854 etiam
2625 2795 2863 2857 catenis
2905 2796 3295 2878 incognitum
3323 2800 3536 2881 Cyrilli

260 2912 533 2967 tractum
554 2901 952 2980 Nicephorus
975 2896 1160 2959 nobis
1183 2892 1603 2975 suppeditavit
1633 2892 1711 2954 ad
1737 2909 1879 2972 cap.
1897 2890 1990 2969 Χ),
2012 2908 2144 2954 non
2161 2891 2247 2953 ita
2272 2898 2483 2954 tamen
2515 2893 2582 2955 in
2612 2896 2886 2959 secunda
2915 2898 2994 2960 ad
3020 2900 3394 2970 Corinthios,
3425 2902 3535 2964 ubi

260 3008 469 3089 Cyrilli
502 3013 716 3088 partes
757 3003 1072 3066 Vaticana
1116 2999 1275 3062 nihil
1320 2998 1555 3060 habent
1597 2997 1856 3077 Anglico
1907 2997 2069 3059 libro
2127 2997 2331 3060 simile
2365 3017 2378 3059 :
2409 2998 2642 3062 etenim
2693 2999 2964 3062 Crameri
2993 3000 3195 3063 codex
3223 3003 3433 3083 Cyrilli
3456 3003 3536 3065 ad

259 3115 427 3175 hanc
451 3107 801 3190 Epistolam
834 3122 1014 3167 curas
1036 3119 1298 3184 prorsus
1327 3100 1745 3163 desiderabat.
1784 3099 1904 3161 Sed
1930 3100 2096 3161 enim
2128 3101 2193 3162 in
2226 3102 2544 3182 prioribus
2564 3121 2822 3184 quoque
2849 3105 3024 3168 Pauli
3050 3108 3344 3188 Epistolis
3397 3111 3534 3173 edi-

259 3217 349 3278 tio
370 3230 518 3276 mea
547 3211 698 3274 satis
724 3210 790 3271 in
823 3208 946 3271 hoc
976 3208 1207 3280 differt,
1235 3205 1407 3287 quod
1438 3204 1736 3285 Cyrillum
1765 3221 1800 3266 a
1827 3204 2218 3284 reliquorum
2263 3206 2677 3288 interpretum
2705 3212 2887 3273 turba
2938 3229 3223 3277 seorsum
3256 3216 3534 3294 exhibet,

262 3326 321 3382 et
350 3335 501 3383 cum
530 3315 1053 3395 interpretatione
1079 3311 1318 3384 Latina,
1358 3327 1548 3390 quam
1578 3308 1871 3386 Anglicus
1907 3308 2066 3369 liber
2094 3309 2333 3370 nullam
2363 3309 2571 3372 habet.
2609 3314 2934 3377 Postremo
2965 3333 3158 3396 super
3193 3319 3537 3398 Epistolam

259 3423 338 3484 ad
370 3420 682 3482 Hebraeos
710 3416 867 3479 nihil
889 3415 1097 3495 Cyrilli
1116 3413 1764 3494 mihisuppeditabant
1785 3411 2036 3474 codices
2054 3412 2447 3493 Vaticani(a);
2477 3415 2887 3478 memineram
2916 3424 3149 3495 tamen,
3173 3439 3272 3483 me
3293 3423 3534 3485 Medio-

260 3522 390 3585 lani
413 3523 477 3583 in
510 3519 894 3583 bibliotheca
921 3516 1328 3578 Ambrosiana
1377 3515 1528 3576 olim
1560 3513 1786 3576 vidisse
1831 3513 2114 3576 codicem
2166 3514 2314 3577 satis
2343 3515 2623 3596 amplum
2667 3515 2758 3598 (Ε.
2787 3517 2884 3592 63,
2924 3526 3084 3598 part.
3114 3519 3281 3600 inf.),
3312 3521 3377 3584 in
3407 3541 3536 3604 quo

262 3629 525 3689 Patrum
549 3627 916 3688 Graecorum
945 3627 1164 3684 catena
1190 3620 1258 3682 in
1286 3618 1628 3699 Epistolam
1651 3618 1730 3680 ad
1756 3618 2057 3681 Hebraeos
2094 3620 2554 3682 continebatur.
2593 3623 2811 3703 Itaque
2835 3636 2980 3686 cum
3029 3623 3179 3688 inde
3228 3627 3537 3708 quidquid

264 3731 406 3784 erat
438 3722 670 3802 Cyrilli,
702 3719 976 3797 benigne
1004 3717 1424 3779 annuentibus
1454 3715 1576 3777 loci
1604 3715 1998 3795 praesidibus,
2030 3716 2182 3777 mihi
2233 3735 2482 3782 sumere
2530 3719 2971 3799 decrevissem,
3014 3730 3296 3788 catenam
3323 3744 3358 3788 a
3390 3729 3537 3790 Cra-

262 3836 452 3882 mero
475 3821 703 3881 editam
727 3836 872 3880 cum
899 3817 1006 3878 illa
1035 3815 1486 3878 Mediolanensi
1515 3814 1779 3877 fortasse
1819 3833 2169 3895 congruere
2202 3819 2553 3898 suspicatus
2586 3839 2749 3898 sum,
2783 3831 2846 3887 et
2900 3825 3189 3906 inspecto
3231 3825 3392 3890 libro
3424 3846 3536 3891 co—

265 3921 513 3997 gnitum
550 3925 666 3993 est,
696 3936 775 3981 ex
811 3918 1055 3980 duabus
1110 3935 1146 3979 a
1175 3917 1361 3978 docto
1379 3915 1577 3993 Anglo
1604 3917 1683 3978 ad
1722 3917 2088 3996 praedictam
2133 3919 2476 3998 Epistolam
2516 3923 2752 3986 catenis
2785 3925 2991 4000 editis,
3029 3927 3238 4006 priore
3269 3928 3536 4007 integra,

262 4022 459 4085 altera
487 4029 730 4084 tantum
761 4021 1018 4083 dimidia
1061 4025 1323 4100 prOpter
1359 4017 1597 4081 codicis
1657 4019 1971 4094 Parisiaci,
2018 4020 2189 4083 unde
2229 4033 2480 4102 sumpta
2502 4024 2641 4094 fuit,
2669 4025 3018 4100 defectum;
3069 4029 3414 4106 cognitum,
3445 4031 3540 4093 in-

262 4140 483 4202 quam,
515 4127 610 4184 est
646 4122 810 4185 hanc
843 4122 1100 4184 alteram
1120 4120 1427 4198 integram
1457 4135 1594 4180 esse
1629 4119 1691 4180 in
1739 4119 1957 4182 codice
1991 4121 2464 4197 Mediolanensi,
2499 4128 2678 4204 cujus
2707 4143 2832 4202 ope
2889 4134 3172 4206 optatum
3195 4130 3300 4192 diu
3326 4131 3539 4212 Cyrilli

259 4223 784 4303 supplementum
806 4221 1110 4301 consequi
1148 4229 1454 4302 poteram.
1477 4219 1894 4293 Quamobrem
1931 4220 2238 4299 postulavi
2274 4239 2308 4284 a
2339 4225 2415 4284 R.
2442 4225 2511 4285 D.
2545 4226 2853 4287 canonico
2893 4225 3173 4307 Josepho
3196 4232 3534 4309 Robbiato,

259 4323 499 4402 linguae
522 4325 758 4384 Graacze
789 4324 1039 4401 egregie
1069 4321 1298 4402 perito,
1334 4328 1395 4382 et
1423 4319 1706 4398 legendis
1732 4321 2057 4383 codicibus
2079 4324 2364 4402 apprime
2386 4325 2641 4399 idoneo,
2666 4329 2737 4385 ut
2759 4325 2912 4387 mihi
2941 4341 3310 4409 excerperet
3329 4335 3540 4413 Cyrilli

257 4434 480 4505 partes
512 4427 580 4486 in
609 4426 947 4488 Parisiensi
976 4425 1196 4487 codice
1234 4423 1618 4485 desideratas
1653 4440 1665 4484 :
1709 4423 1882 4504 quod
1915 4425 2064 4486 dum
2116 4427 2222 4488 ille
2274 4427 2732 4492 studiosissime
2783 4429 3040 4506 faceret,
3074 4439 3244 4494 recte
3287 4437 3540 4512 agnovit

257 4525 587 4605 permulta
615 4544 693 4588 ex
719 4543 796 4588 eo
827 4525 1035 4605 Cyrilli
1057 4524 1511 4588 commentario
1545 4530 1868 4603 segmenta
1896 4527 1974 4588 ad
2009 4527 2178 4588 illius
2200 4527 2365 4590 edita
2400 4547 2595 4610 Opera
2643 4533 2983 4612 pertinere,
3033 4534 3146 4594 etsi
3182 4533 3538 4612 insignibus

256 4646 408 4690 cum
453 4626 878 4695 varietatibus.
911 4627 1204 4689 detractis
1229 4627 1526 4688 nimirum
1553 4634 1660 4689 aut
1689 4628 1981 4690 breviatis
2010 4629 2246 4705 multis,
2278 4633 2534 4695 mutatis
2589 4635 2934 4707 nonnullis,
2968 4643 3037 4697 ut
3064 4637 3129 4698 in
3171 4636 3542 4718 hujusmodi

256 4732 588 4810 excerptis
647 4728 979 4791 usuvenire
1037 4730 1220 4789 solet.
1257 4727 1379 4790 Sed
1427 4735 1634 4790 tamen
1687 4733 1920 4790 tractus
1946 4745 2202 4808 quoque
2235 4731 2596 4811 complures
2648 4733 2715 4794 in
2763 4736 2982 4798 codice
3019 4737 3291 4815 inerant,
3334 4739 3444 4819 qui
3476 4739 3543 4802 in

257 4833 458 4893 nullis
493 4829 707 4909 Cyrilli
731 4828 1116 4890 editionibus
1144 4827 1435 4890 videntur
1471 4847 1826 4892 occurrere.

343 4934 574 4994 Utrum
593 4947 742 4992 vero
771 4930 908 5010 ipse
937 4929 1201 5010 Cyrillus
1235 4931 1467 5010 scripta
1491 4948 1601 4993 sua
1633 4931 1699 4992 in
1732 4932 1991 4994 diversis
2018 4935 2419 5014 prOpriorum
2451 4953 2715 5017 cperum
2743 4937 2899 5001 locis
2929 4941 3436 5021 repetiverit,"an
3472 4963 3540 5008 ea

260 5050 361 5095 res
390 5032 612 5116 potius
641 5039 1001 5094 catenarum
1042 5032 1400 5096 auctoribus
1427 5034 1757 5098 tribuenda
1789 5037 1889 5108 sit,
1923 5037 2146 5099 merito
2180 5039 2538 5119 ambigitur.
2571 5043 2749 5104 Certe
2793 5044 2898 5122 qui
2926 5046 3136 5126 ampla
3181 5048 3391 5127 Cyrilli
3428 5047 3543 5111 vo-

263 5129 508 5192 lumina
543 5131 989 5211 pervolutabit,
1015 5131 1181 5194 haud
1211 5149 1351 5194 raro
1388 5135 1734 5214 comperiet
1756 5153 1889 5197 rem
1920 5137 2228 5211 eamdem,
2261 5141 2608 5218 praesertim
2647 5142 3087 5222 dogmaticam,
3119 5149 3333 5212 multis
3361 5151 3540 5225 locis,

267 5231 491 5294 iisdem
512 5233 986 5312 prepemodum
1008 5231 1214 5294 verbis
1243 5232 1339 5294 vel
1371 5239 1539 5295 certe
1569 5236 1893 5297 sententiis
1921 5235 1999 5298 ab
2027 5245 2280 5300 auctore
2302 5239 2695 5316 inculcatam,
2719 5251 2868 5324 puta
2896 5245 2962 5306 in
3007 5247 3345 5324 Thesauro,
3366 5253 3432 5313 in
3465 5253 3539 5312 li-

269 5331 392 5392 bris
418 5334 511 5392 De
540 5331 917 5392 adoratione
944 5332 1012 5392 in
1046 5352 1142 5412 sp.
1194 5351 1264 5392 ac
1321 5327 1477 5407 ven,
1507 5333 1574 5394 in
1609 5334 1949 5414 Glaphyris
1970 5383 1984 5410 ,
2024 5337 2089 5398 in
2126 5335 2496 5415 dogmaticis
2531 5342 2610 5405 ad
2639 5342 3063 5408 Theodosium
3096 5355 3158 5409 et
3191 5349 3268 5411 ad
3299 5350 3544 5425 reginas

265 5432 654 5506 tractatibus,
687 5432 770 5494 ad
794 5433 1142 5507 Hermiam,
1168 5440 1386 5494 contra
1407 5434 1788 5510 Nestorium,
1817 5443 1876 5499 et
1907 5437 2184 5518 denique
2213 5440 2278 5501 in
2307 5441 2619 5504 Homiliis.
2667 5446 2886 5525 Itaque
2918 5447 3053 5509 ﬁeri
3087 5457 3291 5529 potest
3321 5455 3391 5510 ut
3422 5451 3542 5532 Cy-

261 5532 440 5595 rillus
457 5534 612 5596 dum
633 5535 702 5596 in
722 5534 886 5598 hanc
913 5535 1090 5598 Pauli
1128 5537 1468 5617 Epistolam
1503 5545 1825 5618 postremo
1849 5539 2114 5604 fortasse
2143 5550 2433 5625 tempore
2471 5552 3037 5630 commentaretur,
3069 5549 3148 5610 iis
3173 5548 3540 5631 aliquando,

448 5639 733 5720 lflonnulla
765 5640 1293 5720 tamenml'ragmenta
1335 5643 1390 5698 in
1433 5643 1603 5715 Epist.
1637 5645 1702 5701 ad
1744 5645 1910 5702 Hebr.
1968 5663 2031 5702 ex
2098 5649 2384 5706 codicibus
2431 5649 2710 5706 Vaticanis
2765 5651 3014 5708 ediderat
3068 5654 3240 5710 ltlaius
3297 5665 3440 5712 temo
3499 5656 3545 5716 11

258 5705 603 5763 Bibliotheca
632 5709 814 5774 Novae,
844 5727 897 5779 p.
932 5711 1055 5766 484.

514 5808 796 5870 ΡΑτῐιοι..
844 5807 958 5869 Gn.
1002 5810 1262 5872 LXVIII.
1505 5853 1515 5865 .

3072 5824 3107 5878 4
