4024 6220
489 237 585 295 107
1813 235 2015 290 CARD.
2056 235 2078 287 Α

2141 234 2210 288 ’0.
2255 233 2372 287 MAI
3630 223 3730 283 ωε

484 366 627 429 qua)
647 348 798 411 olim
837 348 1190 427 scripserat,
1215 325 1447 406 abusus
1484 351 1561 404 srt
1597 361 1608 404 :
1644 342 1736 405 vel
1771 349 1987 406 contra
2017 343 2186 405 idem
2222 341 2510 421 Cyrillus,
2535 357 2586 403 sx
2617 346 2798 404 antea
2837 341 3098 405 fortasse
3133 340 3197 405 in
3223 358 3358 406 eam
3389 344 3736 424 Epistolam

482 451 841 530 scripserat,
866 447 1188 511 nonnullis
1220 446 1367 508 inde
1405 445 1618 508 rivulis
1647 463 1756 507 eos
1782 462 1942 525 quos
1971 444 2239 508 habebat
2259 444 2326 506 in
2363 443 2653 506 manibus
2679 443 2872 506 libros
2902 445 3270 523 irrigaverit.
3301 446 3390 506 Ex
3418 462 3544 524 quo
3575 464 3733 510 con-

480 554 693 632 tigisse
725 551 967 613 videtur
992 554 1061 611 ut
1086 548 1280 611 iidem
1309 547 1626 610 interdum
1656 552 1889 608 tractus
1919 545 2035 606 sub
2070 544 2460 608 diversorum
2488 544 2794 607 librorum
2831 545 3025 608 titulis
3056 546 3336 607 redeant.
3374 547 3495 607 Sed
3526 553 3736 611 tamen

480 659 839 715 catenarum
873 665 1131 730 quoque
1175 649 1585 710 sarcinatores
1633 647 1882 710 easdem
1929 645 2065 708 sine
2113 646 2306 708 dubio
2356 645 2570 724 Cyrilli
2622 645 3022 707 auctoritates
3045 644 3120 706 ad
3145 645 3380 724 plures,
3412 655 3600 724 prout
3638 668 3740 713 res

477 753 738 827 ferebat,
797 752 1306 814 lucubrationum
1348 768 1600 813 suarum
1637 751 2284 813 locosadhibuerunt.
2316 751 2407 811 Ne
2437 749 2554 810 sim
2591 749 2914 810 verbosior
2947 748 3011 809 in
3043 765 3110 810 re
3131 749 3500 825 certissima,
3540 770 3738 816 unum

478 851 746 913 narrabo
786 849 959 931 quod
989 849 1112 912 hoc
1149 850 1291 931 ipso
1313 851 1380 911 in
1409 855 1697 930 tempore
1728 850 2090 930 exemplum
2123 850 2424 930 comperi.
2459 849 2706 910 Etenim
2732 855 2862 910 tum
2908 853 3190 910 catenam
3220 847 3283 908 in
3315 850 3544 911 Lucam
3573 868 3609 913 a
3638 869 3741 915 me

477 956 734 1030 editam,
771 963 904 1018 tum
925 956 1110 1017 etiam
1153 954 1317 1017 hanc
1347 954 1413 1016 in
1470 955 1664 1034 Epist.
1697 956 1772 1016 ad
1821 954 2041 1030 Hebr.,
2086 971 2287 1016 unum
2326 954 2748 1034 eumdemque
2805 951 3042 1013 habere
3075 958 3397 1013 auctorem
3429 954 3735 1031 Nicetam,

477 1057 729 1121 codices
753 1059 1089 1121 Vaticanus
1117 1064 1179 1120 et
1206 1056 1691 1120 Mediolanensis
1733 1057 2001 1120 solemni
2059 1057 2241 1120 titulo
2275 1058 2342 1119 in
2381 1056 2694 1119 frontibus
2728 1054 3061 1118 aﬂirmant.
3091 1055 3228 1118 Jam
3266 1074 3415 1119 vero
3443 1076 3588 1120 cum
3618 1077 3740 1139 ego

469 1158 543 1222 in
563 1160 1016 1222 commentario
1047 1158 1258 1240 Cyrilli
1300 1159 1378 1221 ad
1437 1161 1665 1222 Lucam
1691 1177 1831 1240 cap.
1863 1177 1951 1234 vr,
1987 1157 2081 1234 13,
2137 1158 2347 1222 locum
2372 1176 2450 1220 ex
2471 1157 2682 1238 Cyrilli
2713 1156 2972 1219 homilia
3021 1155 3350 1231 ediderim,
3384 1159 3492 1237 qui
3517 1159 3741 1242 incipit

477 1274 713 1338 Τούτους
764 1277 1162 1346 προανετύπου,
1195 1284 1395 1346 usque
1425 1266 1503 1328 ad
1532 1277 1629 1347 τὴν
1658 1276 1748 1329 ὑπ’
1777 1276 2026 1347 οὐρανόν,
2059 1285 2066 1322 t

2148 1282 2207 1327 3e
2236 1283 2406 1327 nunc
2435 1264 2685 1328 Nicetas
2705 1264 2771 1325 in
2797 1268 3017 1328 catena
3043 1265 3238 1345 Epist.
3271 1263 3348 1325 ad
3379 1262 3568 1324 Hebr.
3594 1281 3737 1344 cap.

474 1384 568 1442 ιχ,
607 1366 665 1442 2,
701 1368 996 1432 eumdem
1022 1369 1232 1449 Cyrilli
1255 1375 1524 1431 tractum
1551 1387 1629 1431 ex
1658 1370 1878 1432 eadem
1918 1367 2288 1430 nominatim
2347 1366 2607 1430 homilia
2639 1367 2864 1448 repetit
2916 1368 2983 1429 in
3014 1365 3231 1428 codice
3260 1364 3738 1426 Mediolanensi,

475 1470 728 1533 nonnisi
757 1478 969 1534 tamen
1001 1471 1353 1548 dimidium,
1388 1474 1694 1552 usquead
1723 1473 1982 1549 verbum
2015 1483 2355 1537 πανσύνετοι.
2403 1474 2623 1553 Itaque
2655 1473 2838 1534 etiam
2876 1471 3046 1534 hunc
3085 1471 3358 1550 primum
3392 1469 3605 1550 Cyrilli
3641 1469 3740 1531 lo-

473 1589 618 1634 cum
657 1590 740 1635 ex
772 1580 944 1654 parte
991 1575 1227 1637 codicis
1290 1575 1528 1638 inedita
1556 1577 1634 1639 ad
1677 1595 1778 1640 me
1832 1575 2187 1640 Mediolano
2238 1576 2523 1653 missum,
2556 1575 2752 1638 nihilo
2779 1583 2989 1638 tamen
3019 1574 3226 1637 minus
3253 1589 3371 1651 ego
3415 1573 3618 1650 omisi,
3657 1590 3740 1636 ne

473 1675 816 1740 lectoribus
844 1677 1002 1740 meis
1046 1688 1392 1758 βιὸλεολάθας
1415 1680 1683 1744 viderer.

551 1803 920 1883 Quanquam
955 1823 1103 1868 vero
1135 1807 1265 1868 dixi
1288 1805 1520 1868 multos
1557 1823 1635 1868 ex
1665 1806 1877 1885 Cyrilli
1907 1811 2062 1869 locis
2088 1808 2154 1869 in
2184 1807 2404 1870 codice
2431 1807 2682 1870 Mediol.
2713 1808 2919 1871 citatis
2957 1811 3277 1890 pertinere
3307 1808 3383 1871 ad
3417 1806 3582 1869 edita
3605 1804 3740 1884 ejus

475 1906 692 1984 Opera,
724 1914 792 1968 ut
842 1907 1123 1969 eruditus
1157 1907 1593 1970 animadvertit
1640 1908 2013 1980 Robbiatus,
2064 1909 2413 1990 praesertim
2449 1910 2543 1972 ad.
2569 1911 2890 1991 Glaphyro
2933 1912 3116 1994 (quos
3139 1913 3316 1975 locos
3345 1910 3580 1972 idcirco
3619 1924 3738 1970 nos

465 2006 1038 2087 praetermisimus),
1070 2023 1258 2070 nemo
1287 2017 1501 2069 tamen
1521 2008 1873 2088 suspicetur
1890 2008 2324 2086 imaginarium
2353 2026 2490 2072 esse
2515 2011 2726 2090 Cyrilli
2747 2011 2815 2073 in
2845 2012 3040 2092 Epist.
3075 2011 3153 2074 ad
3181 2011 3372 2074 Hebr.
3406 2024 3738 2072 commen-

475 2110 724 2184 tarium,
761 2110 942 2191 quasi
979 2111 1148 2174 hunc
1179 2117 1542 2174 catenarum
1562 2118 1852 2174 auctores
1875 2129 1948 2172 ex
1980 2112 2119 2174 aliis
2141 2112 2350 2191 Cyrilli
2380 2111 2629 2194 scriptis
2668 2110 2869 2177 totum
2903 2114 3304 2178 corraserint.
3377 2113 3531 2174 Nam
3571 2125 3740 2190 prai-

473 2218 763 2289 terquam
787 2210 957 2290 quod
989 2210 1055 2272 in
1086 2211 1242 2291 ipsis
1270 2211 1400 2272 sive
1456 2212 1648 2273 Paris.
1685 2212 1815 2274 sive
1859 2212 2111 2275 Mediol.
2143 2213 2467 2277 codicibus
2525 2214 2721 2277 multa
2757 2222 2902 2277 sunt
2946 2220 3288 2294 segmenta,
3325 2229 3466 2293 quas
3501 2213 3567 2273 in
3601 2209 3743 2274 aliis

473 2313 685 2396 Cyrilli
743 2315 1043 2394 Operibus
1089 2332 1352 2396 prorsus
1388 2332 1518 2378 non
1573 2322 1904 2395 apparent,
1953 2317 2271 2394 Cyrilliani
2299 2317 2555 2396 quidem
2606 2317 2684 2379 ad
2729 2316 2891 2379 hanc
2936 2315 3278 2398 Epistolam
3306 2312 3740 2378 commentarii

473 2420 700 2482 veritas
729 2420 994 2483 testibus
1018 2420 1243 2501 priscis
1264 2420 1755 2500 certissimisque
1786 2422 2104 2497 asset-itur,
2166 2439 2328 2502 quos
2369 2421 2686 2484 Fabricius
2715 2420 2814 2498 (B.
2848 2423 2923 2485 G.
2957 2421 3057 2484 ed.
3091 2438 3238 2484 nov.
3279 2427 3325 2480 t.
3358 2421 3462 2494 IX,
3504 2437 3568 2500 p.
3598 2416 3737 2491 495)

475 2520 804 2602 produxit;
838 2526 985 2582 sunt
1011 2526 1222 2583 autem
1258 2522 1586 2584 Facundus
1623 2522 2116 2598 Hermianensis,
2178 2523 2635 2599 Theodoretus,
2687 2524 3058 2586 Theodorus
3122 2522 3455 2594 Abucaras,
3489 2518 3740 2600 Ephraa-

474 2625 637 2688 mins
666 2623 1116 2701 Antiochenus,
1152 2610 1504 2689 Alexander
1540 2627 2071 2708 Hierapolitanus,
2119 2636 2341 2693 auctor
2395 2631 2696 2710 Synodici
2744 2636 2963 2693 contra
3000 2629 3266 2706 tragoed.
3321 2629 3512 2701 Iren.,
3571 2627 3739 2687 Ana-

471 2731 701 2793 stasius
731 2731 963 2794 Sinaita
985 2732 1051 2794 in
1070 2733 1355 2814 Hodego.
1387 2735 1816 2814 Praeterquam
1847 2735 2020 2814 quod
2050 2753 2167 2798 nos
2193 2736 2314 2817 ipsi
2346 2736 2660 2799 edidimus
2715 2735 3148 2800 commentarii
3177 2734 3311 2812 ejus
3367 2728 3740 2793 nominatim

477 2836 652 2898 locos
668 2843 963 2916 quatuor,
991 2852 1070 2899 ex
1094 2837 1419 2900 Anastasio
1435 2839 1808 2918 presbytero
1837 2839 2094 2920 (Script.
2117 2851 2237 2902 vet.
2263 2847 2308 2902 t.
2337 2843 2466 2916 VII,
2490 2860 2600 2922 pp.
2629 2840 2802 2912 8-10,
2840 2839 3027 2902 18-24
3052 2839 3161 2920 (α).
3187 2839 3555 2917 Ibidemque
3583 2835 3743 2898 alios

475 2940 660 3008 duos,
694 2950 773 2995 ex
808 2934 1096 3002 Leontio.
1129 2951 1240 3014 pp.
1271 2933 1403 3010 130,
1433 2934 1566 2996 140.
1595 2936 1764 2999 Alios
1791 2937 2066 3017 denique
2093 2939 2326 3020 Script.
2353 2948 2472 3001 vet.
2492 2946 2537 3001 t.
2559 2941 2697 3002 VIII.
2717 2945 2777 3002 et
2798 2942 2900 3013 IX,
2924 2944 2994 3002 ut
3014 2939 3079 3001 in
3103 2938 3605 3020 praecedentibus
3623 2951 3740 3015 pa-

477 3032 639 3110 ginis
673 3032 966 3095 diximus.
997 3035 1154 3094 Item
1178 3032 1525 3112 fragmenta
1553 3033 1793 3114 aliquot
1823 3037 1957 3116 ejus
1991 3038 2202 3117 operis
2227 3046 2371 3101 sunt
2403 3040 2468 3102 in
2499 3040 2821 3103 codicibus
2841 3038 3111 3119 Syriacis
3136 3040 3272 3101 Vat.
3321 3040 3540 3118 Neque
3601 3055 3741 3101 me-

463 3133 693 3198 "diocre
719 3135 910 3199 fuisse
941 3135 1005 3197 id
1035 3152 1196 3216 Opus
1222 3136 1541 3214 arguimus
1570 3143 1701 3199 tum
1724 3155 1803 3200 ex
1829 3145 1975 3201 nota
2005 3140 2212 3219 Cyrilli
2244 3141 2527 3204 ubertate
2580 3147 2713 3203 tum
2743 3143 2890 3222 quia
2940 3141 3239 3204 Leontius
3268 3140 3415 3202 citat
3459 3139 3741 3218 ejusdem

468 3237 720 3296 tomum
751 3233 1128 3310 secundum,
1168 3235 1526 3298 Anastasius
1548 3236 1780 3300 Sinaita
1826 3240 2382 3320 sextum.Jamque
2431 3251 2713 3322 apparet,
2762 3241 2901 3304 fore
2954 3257 3165 3320 Operm
3223 3239 3517 3320 pretium,
3549 3243 3619 3299 ut
3647 3235 3744 3298 fu-

477 3345 654 3400 turus
682 3338 908 3419 aliquis
937 3339 1151 3419 Cyrilli
1179 3356 1446 3420 Operum
1465 3340 1690 3417 editor,
1725 3358 1970 3422 sparsas
1999 3341 2184 3422 hujus
2213 3345 2646 3406 commentarii
2671 3343 2994 3424 reliquias,
3041 3342 3290 3422 Absyrti
3316 3339 3508 3403 veluti
3535 3355 3738 3400 mem-

477 3444 611 3517 bra,
639 3443 742 3524 pie
755 3443 1053 3522 colligat;
1118 3461 1191 3506 ea
1223 3443 1442 3506 saltem
1504 3445 1764 3522 vestigia
1821 3462 2210 3526 persequens
2234 3465 2375 3527 quas
2421 3466 2540 3510 nos
2567 3449 2809 3510 intento
2838 3447 3033 3526 digito
3057 3445 3478 3517 ostendimus;
3507 3460 3743 3524 nempe

479 3541 754 3615 codices,
784 3548 1029 3604 veteres
1056 3548 1268 3615 testes,
1305 3549 1554 3604 catenas
1591 3542 1810 3618 editas,
1841 3560 1922 3605 ne
1952 3545 2319 3607 (Ecumenio
2342 3546 2598 3625 quidem
2628 3545 2885 3617 omisso,
2908 3549 3359 3624 postremoque
3389 3540 3741 3622 symbolam

471 3641 648 3705 curis
682 3642 915 3704 nostris
946 3642 1274 3704 conlatam.
2613 3670 2619 3675 -

557 3767 740 3829 Nunc
774 3767 928 3846 quid
974 3767 1222 3830 consilii
1271 3769 1570 3850 ceperim,
1651 3772 1928 3851 pressius
1974 3774 2315 3837 dicendum
2377 3780 2490 3836 est.
2550 3773 2793 3837 Codicis
2818 3771 3110 3835 Parisiaci
3131 3774 3436 3842 catenam,
3477 3783 3641 3847 quas,
3671 3770 3740 3827 ut

469 3868 632 3944 dixi,
666 3869 920 3932 nonnisi
949 3869 1028 3932 ad
1053 3869 1325 3933 mediam
1363 3871 1539 3934 Pauli
1556 3873 1894 3954 Epistolam
1931 3875 2226 3955 pertinet,
2268 3875 2606 3938 lectitando
2643 3874 2827 3938 facile
2849 3872 3154 3946 comperi,
3188 3869 3303 3931 etsi
3353 3866 3553 3929 editor
3581 3862 3738 3926 nihil

483 3973 562 4036 de
583 3974 767 4037 editis
787 3972 885 4035 vel
906 3973 1160 4037 ineditis
1180 3974 1352 4053 dicit,
1371 3991 1656 4054 magnam
1679 3983 1943 4058 partem,
1973 3978 2048 4040 ad
2070 3979 2383 4058 Cyrillum.
2397 3961 2568 4059 quod
2601 3977 2843 4050 attinet,
2869 3975 3265 4052 vulgatorum
3289 3987 3552 4051 operum
3582 3967 3740 4030 locis

472 4084 795 4142 constare.
820 4080 969 4142 Pars
1007 4077 1418 4142 nihilominus
1447 4079 1772 4142 videbatur
1793 4096 1981 4155 nova,
2022 4097 2135 4143 seu
2162 4099 2328 4144 nunc
2365 4080 2637 4160 primum
2696 4077 2880 4139 edita.
2929 4077 3192 4137 Prorsus
3235 4072 3447 4152 itaque
3501 4067 3741 4133 codicis

483 4179 777 4267 Parisiaci
803 4179 1153 4243 institutum
1187 4182 1254 4242 in
1280 4181 1732 4244 Mediolanensi
1752 4182 1969 4245 codice
2009 4183 2429 4255 continuatur,
2463 4181 2574 4259 qui
2600 4179 2750 4242 item
2781 4175 3060 4258 partibus
3093 4174 3284 4238 modo
3315 4171 3518 4241 editis,
3546 4167 3740 4232 modo

485 4281 748 4344 ineditis
777 4279 1110 4362 (quatenus
1138 4283 1476 4346 scrutando
1491 4299 1877 4360 cognoscere
1906 4280 2101 4360 licuit)
2123 4280 2611 4344 consarcinatur.
2637 4281 2786 4352 Quae
2809 4294 2950 4341 cum
2977 4275 3061 4337 ita
3083 4292 3150 4337 se
3185 4273 3512 4345 baberent,
3539 4270 3740 4332 visum

473 4382 638 4444 mihi
667 4387 757 4445 est
787 4389 995 4462 partes
1022 4381 1227 4462 Cyrilli
1263 4398 1456 4444 nov-as
1489 4383 1815 4461 (quantum
1837 4381 2097 4444 credere
2117 4381 2310 4462 licet),
2347 4387 2479 4442 tum
2511 4379 2746 4443 codicis
2779 4377 3090 4450 Parisiaci,
3117 4381 3250 4437 tum
3303 4370 3736 4435 Mediolanen-

477 4485 592 4560 sis,
625 4500 752 4546 una
781 4485 944 4546 serie
967 4488 1328 4557 contexere,
1363 4482 1610 4545 Latinas
1628 4483 1812 4545 etiam
1841 4481 2074 4557 facere,
2099 4489 2161 4546 et
2189 4482 2312 4546 hoc
2347 4499 2493 4544 meo
2531 4479 2872 4553 volumine,
2904 4477 3076 4557 quod
3119 4481 3320 4538 totum
3348 4490 3426 4535 ex
3455 4470 3737 4550 Cyrillia-

484 4583 584 4646 nis
612 4582 862 4662 scriptis
890 4581 1316 4661 componitur,
1349 4586 1494 4662 apte
1525 4581 2090 4663 comprehendere.
2125 4582 2476 4645 Praesertim
2507 4581 2653 4661 quia
2687 4579 2766 4642 cl.
2805 4579 3170 4651 Robbiatus,
3204 4575 3428 4638 collata
3447 4571 3742 4635 Parisiaci

483 4700 742 4765 quoque
775 4681 1008 4746 codicis
1036 4690 1212 4763 parte
1241 4697 1386 4746 cum
1414 4682 1660 4764 integro
1698 4684 1918 4746 codice
1963 4683 2437 4757 Mediolanensi,
2493 4682 2719 4744 multas
2767 4679 2923 4742 mihi
2983 4685 3043 4740 et
3083 4676 3558 4756 pulcherrimas,
3594 4688 3741 4752 qua:

482 4788 800 4851 Parisiaeo
831 4785 996 4848 libro
1027 4787 1163 4847 ﬁeri
1205 4787 1462 4862 debent,
1494 4788 1972 4850 emendationes
2000 4787 2439 4867 suppeditavit.

565 4889 790 4950 Catena
828 4885 988 4961 hmo,
1017 4885 1189 4949 unde
1211 4887 1506 4966 Cyrillum
1541 4888 1993 4967 excerpsimus,
2063 4886 2305 4948 videtur
2369 4903 2687 4966 anonyma
2713 4885 2778 4946 in
2819 4883 3036 4946 codice
3068 4878 3439 4952 Parisiensi;
3481 4893 3626 4937 nam
3658 4875 3740 4937 cl.

487 4990 814 5051 Cramerus
845 4986 1081 5050 nullius
1111 4987 1383 5050 auctoris
1413 5003 1646 5049 nomen
1669 4987 1874 5067 ponit.
1903 4990 1977 5048 At
2012 4985 2497 5049 Mediolanensis
2526 5002 2664 5048 eam
2686 4983 2919 5046 diserte
2955 4981 3238 5044 inscribi‘
3300 4979 3531 5042 Nicetm
3589 4978 3738 5036 Ser-

485 5101 696 5148 rarum
720 5086 1024 5168 episcopo
1055 5083 1152 5148 his
1171 5084 1376 5148 verbis
1401 5103 1414 5147 :
1437 5093 1739 5166 Συναγωγή
1769 5095 2074 5166 ἐξηγήσεων

2151 5094 2248 5148 ind
2273 5111 2333 5148 τε
2369 5093 2538 5147 θείων
2571 5092 2833 5164 Πατέρων
2865 5090 2962 5146 καὶ
2987 5085 3286 5142 τῶνᾶλλων
3300 5085 3631 5142 διδασκάλων
3658 5081 3740 5145 εἰς

483 5194 585 5268 τὴν
608 5194 747 5269 πρὸς
779 5195 1060 5269 Ἑϐραίους
1110 5193 1430 5264 Ἐπιστολὴν
1459 5190 1552 5246 τοῦ
1578 5193 1734 5262 ἁγίου
1759 5194 2056 5248 ἀποστόλου
2084 5192 2324 5258 Παύλου,
2364 5193 2680 5261 συλλεγεῖσα
2729 5190 2879 5263 παρὰ
2919 5190 3013 5244 τοῦ
3060 5192 3353 5261 ἱερωτάτου
3410 5184 3741 5258 μητροπολίι

483 5297 921 5371 τουἮρακλείεις
944 5302 1136 5368 κυρῑου
1162 5295 1376 5364 Nunt-<1
1399 5295 1494 5349 τοῦ
1518 5297 1628 5350 τῶν
1653 5294 1895 5367 Σερῤὦν.
1933 5287 2003 5347 Ει
2022 5287 2072 5348 al

2152 5286 2247 5348 ilia
2276 5302 2466 5350 manu
2491 5284 2559 5346 in
2597 5285 2843 5362 paginae
2885 5282 3056 5345 calce
3102 5281 3190 5342 sic
3232 5298 3244 5340 :
3289 5285 3418 5339 Ἀπὸ
3440 5285 3741 5357 ἑρμηνείας

485 5399 631 5471 παρὰ
669 5398 764 5453 τοῦ
792 5396 1029 5469 Σερῤὦν.
1074 5388 1370 5468 Sequitur
1425 5402 1569 5450 mox
1596 5385 1921 5468 prologus,
1949 5385 2026 5447 de
2063 5402 2191 5466 quo
2243 5385 2394 5447 item
2429 5385 2582 5447 nihil
2615 5384 2765 5448 dicit
2818 5386 3174 5455 Cramerus;
3204 5379 3311 5442 sed
3345 5392 3489 5440 eum
3534 5382 3738 5440 totum

563 5575 637 5649 (α)
670 5577 800 5649 Quae
835 5586 1036 5649 tomus
1095 5576 1185 5649 ξτΙί
1247 5576 1509 5642 continet,
1545 5574 1735 5631 eadem
1773 5584 1950 5631 tomus
1980 5573 2122 5638 VIII,
2168 5583 2366 5644 praeter
2399 5572 2762 5645 fragmentum
2801 5569 3001 5634 breve;
3052 5577 3231 5622 tomus
3273 5564 3345 5621 IX
3393 5578 3561 5620 unum
3590 5561 3758 5626 Ιῐδκο..

489 5645 732 5704 mentum
761 5647 942 5712 habet,
983 5645 1140 5700 Praef.
1179 5662 1213 5715 p
1266 5663 1391 5701 xvm
