4024 6220
313 235 421 291 109
1701 241 2212 299 PMFATIONES.
3458 251 3561 307 HO

309 369 393 415 ex
421 350 821 416 Theodoreto
853 358 1040 434 atque
1065 355 1507 436 Chrysostomo
1541 366 1852 434 constare,
1883 362 2026 424 libri
2051 363 2199 425 editi
2225 363 2674 426 demonstrant.
2698 363 3119 435 Quamobrem
3149 364 3299 430 hinc
3321 367 3563 432 lacuna)

308 455 557 535 aliquot
585 454 650 516 in
671 456 1010 519 Oxoniensi
1040 459 1317 524 editione
1355 463 1589 526 relictae
1633 465 1873 545 expleri
1906 468 2283 547 potuissent,
2345 474 2407 531 et
2467 467 2696 530 menda
2745 467 2933 530 etiam
2990 469 3225 534 codicis
3245 472 3560 548 Parisiaci,

308 554 410 617 vel
456 555 892 635 quorumlibet
947 557 1370 639 librariorum,
1419 565 1581 626 tolli.

391 658 554 719 Satis
582 663 829 720 constat
858 659 1154 738 Cyrillum
1181 682 1330 728 suos
1359 669 1844 731 commentarios
1887 670 1956 732 in
2001 687 2326 734 sermones
2366 668 2599 753 (λόγους)
2668 667 3080 742 distribuisse,
3113 667 3208 730 uti
3237 685 3456 750 reapse
3496 687 3563 731 se

311 759 504 850 habet
529 763 1018 825 commentarius
1045 764 1178 843 ejus
1206 765 1275 825 in
1309 765 1566 840 Isaiam,
1626 784 1746 831 nec
1781 785 1912 830 non
1950 770 2300 832 Thesaurus
2323 792 2343 830 .-
2371 787 2732 850 quanquam
2777 769 2824 830 ii
2872 784 3220 842 sermones,
3251 769 3564 832 sectiones

313 845 526 940 potius
551 863 1145 925 commentariorum
1177 865 1427 927 dicendi
1449 876 1614 928 sunt.
1647 869 1826 931 Certe
1859 871 2128 935 Severus
2163 845 2590 934 Antiochenus
2618 872 2784 951 apud
2817 888 2936 934 nos
2971 871 3202 934 citabat
3244 872 3452 951 Cyrilli
3497 873 3564 934 in

315 961 439 1039 Ep.
484 961 560 1020 II.
582 960 661 1021 ad
692 962 831 1022 Cor.
863 961 1114 1022 tertium
1141 968 1203 1023 et
1251 964 1590 1042 septimum
1615 980 1972 1027 sermonem
2001 965 2214 1045 (λόγον)
2255 966 2362 1047 (a).
2394 970 2698 1030 Caeterum
2725 972 3033 1047 generalis
3081 971 3307 1034 horum
3357 975 3562 1053 Cyrilli

315 1072 580 1135 Operum
607 1062 1076 1136 exegeticorum
1131 1062 1346 1124 titulus
1366 1064 1556 1125 modo
1613 1063 1731 1125 fuit
1759 1075 1904 1145 ἑρμη

1974 1075 2048 1140 τα,
2094 1068 2552 1145 interpretatio,
2607 1071 2798 1133 modo
2828 1082 3144 1152 ὑπόμνημα,
3175 1080 3563 1136 commenta-

310 1178 471 1222 nus.

392 1259 451 1321 5.
485 1261 713 1340 Cyrilli
741 1267 1223 1328 commentarius
1250 1268 1318 1328 in
1353 1267 1738 1343 Psalmos.—
1764 1271 1914 1334 Post
1957 1271 2163 1351 Cyrilli
2192 1271 2268 1335 ad
2319 1278 2589 1350 quatuor
2617 1275 2791 1337 Pauli
2821 1277 3130 1356 Epistolas
3186 1288 3564 1344 commenta-

307 1362 463 1437 rios,
486 1365 566 1426 de
598 1367 879 1446 ejusdem
907 1368 985 1430 ad
1012 1369 1381 1431 Psalterium
1402 1368 1938 1434 lucubrationibus
1971 1372 2247 1450 cogitare
2295 1374 2486 1453 ccepi.
2518 1376 2764 1437 Etenim
2794 1393 2911 1454 ego
2931 1377 3308 1441 Balthasaris
3330 1380 3565 1441 Corde-

306 1467 384 1528 rii
413 1468 479 1528 in
501 1470 782 1529 Psalmos
818 1474 1100 1530 catenam
1129 1487 1272 1530 cum
1299 1469 1511 1548 aliquo
1542 1471 1840 1533 Vaticano
1868 1471 2089 1534 codice
2127 1472 2288 1533 forte
2328 1490 2722 1552 comparans,
2742 1477 2948 1538 statim
2979 1495 3355 1556 agnoveram
3385 1495 3563 1541 com-

308 1570 528 1652 plures
545 1571 751 1651 Cyrilli
766 1577 976 1651 partes
989 1572 1383 1634 Corderianas
1414 1573 1675 1635 editioni
1698 1573 1943 1636 deesse.
1959 1576 2176 1654 Itaque
2205 1574 2498 1636 constitui
2526 1591 2601 1637 ea
2628 1582 2873 1640 tantum
2895 1580 3108 1656 Cyrilli
3137 1587 3464 1657 segmenta
3487 1596 3564 1642 ex

308 1671 626 1734 Vaticanis
656 1673 979 1736 codicibus
1011 1692 1284 1749 sumere,
1321 1693 1463 1755 quae
1488 1676 1555 1737 in
1586 1675 1786 1739 tribus
1820 1677 2211 1739 Corderianaa
2247 1684 2483 1739 catenae
2544 1677 2964 1742 voluminibus
2989 1699 3116 1744 non
3155 1682 3562 1762 apparebant.

308 1771 453 1832 Hoc
483 1778 770 1851 suscepto
799 1773 1150 1852 pr0posito,
1184 1774 1351 1854 ccepi
1377 1775 1703 1837 Vaticanas
1734 1776 1813 1838 ad
1855 1777 2135 1839 Psalmos
2163 1782 2416 1839 catenas
2456 1783 2648 1857 prout
2687 1795 2756 1841 se
2808 1779 3040 1844 dabant
3095 1788 3414 1856 excutere,
3445 1789 3564 1844 tot-

313 1883 446 1946 que
481 1869 717 1932 illarum
759 1871 973 1933 inveni
1015 1872 1288 1947 codices,
1321 1877 1390 1934 ut
1418 1872 1862 1935 duodecimum
1903 1890 2236 1936 numerum
2267 1873 2424 1936 mihi
2467 1874 2888 1955 expleverint;
2946 1895 3107 1958 quos
3168 1897 3286 1958 ego
3311 1880 3564 1944 codices

306 1968 376 2029 in
410 1968 554 2030 libri
583 1971 704 2032 mei
735 1973 1124 2052 marginibus
1168 1971 1402 2034 denoto
1441 1971 1660 2034 litteris
1711 1978 1779 2033 A.
1809 1974 1878 2033 Β.
1918 1974 1980 2034 C.
2023 1974 2093 2034 D.
2118 1974 2188 2035 E.
2221 1975 2288 2036 F.
2331 1975 2403 2036 G.
2436 1975 2513 2036 Η.
2548 1977 2596 2036 Ι.
2637 1977 2710 2037 Κ.
2754 1978 2822 2038 Ι..
2855 1979 2935 2039 Μ.
2973 1980 3046 2040 Et
3065 1979 3321 2059 quidem
3353 1981 3562 2060 Cyrilli

307 2084 545 2132 nomen
582 2072 645 2133 in
680 2072 942 2152 singulis
963 2073 1252 2138 codicum
1271 2073 1430 2136 locis
1456 2082 1765 2164 perpetuo
1795 2074 2110 2149 scribitur,
2141 2081 2212 2137 ut
2240 2075 2369 2138 dixi
2420 2076 2488 2138 in
2514 2077 2728 2140 adnot.
2757 2079 2839 2158 ad
2893 2097 3054 2142 vers.
3080 2080 3114 2141 9
3145 2081 3372 2161 psalmi
3427 2100 3556 2144 xu.

306 2173 415 2235 His
444 2175 691 2238 accedit
723 2178 981 2240 unicum
1001 2178 1221 2240 folium
1248 2179 1636 2254 Veronense,
1673 2165 1751 2240 de
1780 2197 1906 2259 quo
1939 2197 2088 2242 mox
2144 2179 2389 2259 loquar.
2423 2181 2517 2242 Ibi
2545 2181 2864 2245 enimvero
2893 2189 3101 2264 cmpto
3126 2190 3187 2246 et
3215 2183 3404 2266 paulo
3426 2185 3562 2249 lon-

305 2278 442 2356 gius
482 2296 822 2360 progresso
856 2296 1074 2360 Opere,
1107 2296 1251 2342 cum
1287 2279 1527 2342 inedita
1561 2279 1770 2359 Cyrilli
1796 2281 2052 2344 materia
2092 2279 2326 2343 aﬂ‘atim
2365 2286 2426 2342 et
2457 2297 2647 2361 supra
2682 2298 2936 2344 omnem
2975 2301 3153 2363 spem
3183 2285 3555 2362 abundaret,

304 2381 674 2462 poenitentia
705 2398 805 2442 me
833 2382 1024 2461 cepit,
1054 2382 1224 2462 quod
1253 2381 1692 2462 supplementa
1713 2381 1924 2460 Cyrilli
1957 2399 2242 2444 seorsum
2282 2398 2316 2442 a
2343 2387 2563 2444 catena
2591 2383 2868 2445 Corderii
2898 2384 3066 2463 typis
3095 2385 3408 2447 excudere
3465 2388 3555 2448 in-

305 2486 666 2560 stituissem,
701 2502 848 2548 cum
880 2495 1098 2548 contra
1154 2487 1537 2566 oportuisset
1583 2484 1991 2548 Corderianas
2045 2485 2258 2566 potius
2294 2483 2501 2564 Cyrilli
2553 2490 2764 2564 partes
2815 2487 2981 2547 inter
3011 2485 3154 2546 libri
3197 2486 3320 2546 mei
3356 2486 3554 2550 multo

305 2583 631 2647 uberiores
667 2602 740 2647 ac
769 2587 1234 2666 praestantiores
1288 2587 1532 2649 divitias
1561 2603 1894 2649 conserere
1933 2605 1946 2647 :
1986 2603 2113 2666 quo
2142 2586 2330 2661 facto,
2362 2586 2679 2663 integrum
2706 2603 2910 2666 prope
2938 2586 3144 2666 Cyrilli
3167 2587 3246 2649 ad
3275 2589 3554 2652 Psalmos

307 2689 828 2749 commentarium
853 2689 920 2750 in
949 2689 1172 2752 seriem
1211 2690 1644 2752 restituissem.
1677 2691 1871 2753 Tanta
1901 2690 2069 2752 enim
2105 2694 2198 2752 est
2233 2688 2584 2769 Cyrillianaa
2627 2689 2717 2751 rei
2770 2690 2837 2752 in
2877 2689 3189 2754 Vaticanis
3230 2692 3553 2756 codicibus

301 2786 511 2864 ecpia,
549 2795 621 2849 ut
661 2787 1008 2866 fragmenta
1045 2788 1311 2852 antehac
1373 2789 1537 2852 edita
1571 2788 1760 2867 longe
1797 2797 2053 2870 superet
2093 2791 2462 2870 obruatque.
2516 2791 2696 2853 Nunc
2741 2789 2889 2869 quia
2935 2791 3263 2854 consilium
3306 2799 3551 2856 mutare

302 2892 513 2964 coepto
547 2886 616 2947 in
646 2904 840 2967 Opere
883 2906 1013 2950 non
1045 2889 1295 2964 licebat,
1330 2897 1616 2970 superest
1645 2899 1713 2953 ut
1746 2898 1878 2953 tum
1908 2892 2163 2954 demum
2201 2892 2614 2971 totus.Cyrilli
2637 2892 2702 2954 in
2736 2892 3014 2954 Psalmos
3062 2895 3550 2957 commentarius

298 3003 425 3047 una
455 2987 623 3048 serie
656 2995 1065 3052 connectatur
1097 2971 1207 3068 (δῖ,
1243 3006 1384 3052 cum
1413 2988 1623 3051 omnia
1660 2989 2031 3051 sanctissimi
2059 2988 2171 3050 viri
2199 3006 2414 3069 opera,
2457 2989 2686 3069 partim
2707 2989 2915 3066 adhuc
2950 2988 3234 3070 dispersa
3265 2997 3373 3052 aut
3396 3009 3548 3072 per-

298 3086 550 3148 turbata
575 3136 590 3159 ,
633 3105 800 3150 novo
835 3106 905 3152 ac
937 3089 1202 3154 meliore
1246 3099 1554 3171 apparatu
1592 3090 1888 3165 edentur;
1929 3090 2102 3170 quod
2149 3090 2286 3152 fore
2317 3107 2612 3168 auguror,
2647 3097 2707 3153 et
2732 3089 2796 3154 in
2842 3090 3186 3171 superioris
3215 3091 3552 3156 voluminis

301 3188 578 3266 prologo
608 3190 757 3251 satis
785 3191 973 3253 suasi.

375 3289 438 3354 6.
467 3291 734 3353 Codices
762 3293 926 3355 unde
955 3302 1235 3374 sumptus
1265 3292 1563 3371 Cyrillus.
1593 3329 1667 3338 —
1697 3294 1853 3355 Sunt
1882 3298 2090 3353 autem
2128 3297 2486 3354 catenarum
2523 3290 2590 3352 in
2628 3289 2907 3354 Psalmos
2937 3292 3220 3355 Vaticani
3275 3294 3548 3371 codices,

298 3391 472 3453 unde
503 3409 622 3455 nos
653 3395 947 3473 Cyrillum
975 3395 1320 3469 hausimus,
1352 3394 1440 3456 hi.
1472 3397 1522 3456 Ι.
1559 3394 1769 3457 Codex
1810 3410 2000 3473 quem
2025 3396 2093 3452 A.
2125 3391 2400 3472 appello,
2442 3390 2604 3452 inter
2661 3396 2922 3453 caeteros
2971 3398 3300 3472 praestans,
3341 3411 3544 3455 mem-

299 3489 606 3568 braneus,
643 3495 858 3557 saeculi
900 3513 1037 3569 xm,
1075 3496 1142 3557 in
1172 3494 1282 3558 fol.
1315 3494 1604 3556 Continet
1641 3493 1696 3555 is
1746 3493 1980 3555 Nicetaa
2006 3492 2073 3554 in
2103 3491 2390 3568 Psalmos
2411 3491 2664 3554 Patrum
2712 3497 3022 3568 catenam,
3075 3493 3337 3573 prtetixo
3392 3512 3543 3574 pro-

297 3592 474 3673 logo,
529 3614 722 3676 quem
769 3615 886 3660 nos
939 3604 1081 3661 ante
1130 3598 1425 3678 Cyrillum
1476 3603 1760 3660 nostrum
1803 3603 2046 3658 exstare
2095 3594 2427 3657 voluimus.
2476 3595 2582 3655 Est
2617 3593 2718 3656 hic
2754 3593 2924 3656 idem
2954 3595 3158 3657 codex
3193 3595 3363 3658 unde
3395 3596 3546 3658 olim

300 3692 770 3757 Felckmannus
797 3713 960 3758 nova
994 3696 1203 3774 magni
1243 3695 1561 3758 Athanasii
1592 3695 1670 3757 ad
1698 3692 1980 3756 Psalmos
2007 3693 2354 3772 fragmenta
2382 3692 2622 3767 extulit,
2649 3709 2790 3774 quae
2819 3693 2886 3755 in
2906 3695 3360 3758 Montfauconii
3401 3698 3542 3761 edi-

299 3791 477 3853 tione
532 3794 746 3856 videre
787 3802 902 3856 est.
949 3794 1103 3868 Quia
1153 3811 1298 3856 vero
1340 3792 1443 3856 hic
1497 3792 1698 3855 codex
1749 3792 2006 3854 nonnisi
2023 3802 2252 3872 ‘usque
2281 3791 2358 3854 ad
2398 3791 2707 3872 psalmum
2751 3808 2948 3854 LXXVI
2991 3793 3356 3873 porrigitur,
3397 3799 3545 3861 satis

301 3899 554 3954 constat
584 3894 808 3957 deesse
854 3895 1120 3956 alterum
1163 3893 1330 3976 paris
1380 3891 1565 3955 molis
1595 3891 1912 3963 volumen,
1943 3892 2115 3972 quod
2144 3909 2297 3955 num
2333 3890 2562 3954 alicubi
2593 3889 2799 3954 adhuc
2834 3897 3055 3967 exstet,
3091 3893 3270 3956 valde
3300 3895 3540 3961 dubito.

299 3997 375 4057 II.
403 3997 615 4060 Codex
641 3999 737 4072 B.,
771 3998 1158 4071 chartaceus,
1183 3996 1397 4060 saeculi
1417 4013 1529 4069 xv,
1561 3993 1700 4069 fol.,
1739 3995 1806 4056 in
1836 3995 1962 4058 duo
1986 4012 2211 4074 magna
2229 3994 2548 4056 volumina
2575 3993 2961 4073 dispertitus,
2989 4011 3133 4055 cum
3171 4001 3388 4058 catena
3423 3999 3540 4062 Pa-

296 4102 467 4158 trum
505 4097 586 4160 ad
620 4098 985 4160 Psalterium
1025 4105 1225 4160 totum
1267 4096 1719 4178 ecpiosissima.
1754 4098 1952 4168 Quare
1983 4101 2044 4157 et
2074 4095 2177 4157 hic
2225 4095 2389 4156 inter
2421 4094 2552 4157 fere
2592 4093 3015 4156 nobilissimos
3046 4090 3386 4160 ‘h'abendus
3425 4104 3539 4161 est.

291 4197 400 4258 III.
427 4198 641 4260 Codex
661 4199 750 4272 C.,
783 4198 1224 4278 bombycinus,
1247 4197 1314 4260 in
1332 4197 1390 4272 4,
1419 4215 1564 4260 saac.
1598 4215 1735 4272 xrv,
1770 4195 1881 4276 qui
1922 4201 2152 4275 praeter
2189 4201 2474 4256 catenam
2503 4191 2692 4255 habet
2724 4193 2911 4254 etiam
2938 4193 3294 4274 adjunctam
3323 4215 3542 4278 quam-

294 4297 442 4359 dam
488 4297 954 4377 paraphrasim;
999 4298 1085 4359 ita
1131 4305 1342 4360 tamen
1370 4302 1439 4358 ut
1475 4313 1511 4357 a
1549 4295 1709 4376 psal.
1750 4311 1958 4356 xxxvr
1993 4294 2069 4357 ad
2101 4311 2161 4356 LI
2187 4299 2248 4357 et
2270 4291 2587 4356 interdum
2629 4290 2780 4353 alibi
2819 4289 3206 4356 scholiorum
3243 4299 3542 4361 comitatu

294 4396 698 4459 destituatur.
729 4399 831 4458 IV.
865 4397 1074 4460 Codex
1115 4399 1213 4474 D.,
1251 4399 1542 4470 membr.,
1576 4396 1644 4456 in
1691 4395 1831 4473 fol.,
1869 4413 2016 4459 saec.
2063 4413 2154 4470 x1,
2211 4395 2388 4459 valde
2443 4393 2692 4470 nobilis,
2743 4411 2885 4456 cum
2931 4401 3236 4474 perpetua
3298 4405 3536 4474 catena,

293 4513 444 4558 cum
473 4496 917 4578 hexaplaribus
954 4498 1019 4559 in
1081 4497 1359 4575 margine
1412 4493 1841 4568 varietatibus,
1889 4499 2119 4556 etcum
2153 4493 2373 4572 grandi
2429 4493 2705 4572 isagoge,
2746 4509 2824 4554 ex
2871 4508 2994 4572 qua
3036 4492 3538 4559 Montfauconius

288 4598 356 4659 in
402 4599 550 4661 aliis
591 4600 752 4662 lecta
793 4600 1118 4663 codicibus
1163 4600 1278 4660 tria
1322 4597 1606 4676 Origenis
1653 4594 1957 4676 Opuscula
2007 4597 2201 4658 edidit
2256 4605 2402 4660 ante
2429 4595 2928 4675 ,celeberrimam
2984 4613 3159 4658 suam
3212 4599 3535 4680 Hexaplo-

287 4716 434 4757 rum
468 4699 951 4760 restitutionem.
1001 4698 1074 4760 V.
1126 4697 1334 4761 Codex
1362 4699 1459 4771 Ε.,
1508 4697 1972 4770 membraneus,
2021 4695 2160 4770 fol.,
2194 4713 2339 4760 saec.
2388 4713 2523 4771 xxv,
2556 4702 2774 4760 catena
2804 4695 2870 4757 in
2908 4700 3109 4757 totum
3143 4687 3530 4761 Psalterium.

287 4799 390 4859 VI.
444 4799 658 4860 Codex
685 4801 777 4873 Ε.,
813 4799 882 4860 in
925 4798 1010 4874 4.,
1041 4799 1511 4872 membraneus,
1543 4796 1756 4860 saaculi
1798 4814 1866 4858 x1
1896 4795 1993 4859 vel
2023 4815 2140 4872 xu,
2174 4796 2446 4877 eleganti
2486 4795 2852 4877 scriptione,
2881 4795 2948 4856 in
2991 4795 3270 4859 Psalmos
3312 4815 3535 4863 omnes

286 4907 540 4961 catena.
591 4901 718 4961 VII.
762 4900 972 4963 Codex
1024 4902 1124 4976 G.,
1172 4900 1310 4976 fol.,
1353 4901 1575 4972 chart.,
1635 4918 1880 4978 recens,
1937 4911 2156 4966 catena
2203 4917 2239 4964 a
2274 4899 2516 4983 psalmo
2552 4915 2612 4960 LI
2647 4915 2851 4979 usque
2873 4897 2951 4962 ad
3000 4898 3188 4962 finem
3225 4901 3529 4965 Psalterii.

289 5001 458 5064 VIII.
483 5001 691 5064 Codex
719 5001 825 5077 H.,
845 5001 984 5076 fol.,
1017 5001 1242 5082 chart.,
1271 5003 1339 5066 in
1371 5002 1499 5066 duo
1521 5002 1838 5066 volumina
1859 5007 2088 5078 sectus,
2119 5002 2228 5083 qui
2249 5001 2366 5066 fuit
2395 5000 2546 5064 olim
2575 4999 2810 5062 Giberti
2828 4999 3112 5083 episcOpi
3125 5000 3530 5078 Veronensis,

290 5108 518 5164 catena
542 5101 736 5164 densa
763 5116 799 5164 a
833 5099 1074 5181 psalmo
1096 5118 1176 5164 Lv
1202 5100 1268 5162 in
1300 5118 1520 5163 omnes
1549 5100 1850 5183 reliquos,
1881 5119 2023 5182 qua;
2051 5118 2193 5166 cum
2213 5099 2319 5162 illa
2339 5103 2677 5182 priestante
2697 5096 2934 5160 codicis
2960 5098 3029 5158 B.
3062 5098 3242 5164 valde
3273 5103 3532 5184 conspi-

292 5205 403 5260 rat.
445 5203 552 5264 IX.
577 5201 786 5264 Codex
819 5203 869 5276 Ι,
901 5201 1194 5274 membr.,
1228 5199 1364 5276 fol.,
1415 5219 1562 5265 saec.
1604 5217 1718 5278 xu,
1769 5207 1988 5265 catena
2026 5219 2061 5264 a
2102 5199 2258 5284 psal.
2292 5199 2498 5281 primo
2540 5197 2619 5262 ad
2659 5197 3286 5279 quinquagesimum;
3338 5220 3532 5283 quare

293 5301 385 5362 vix
425 5307 523 5364 est
559 5301 1002 5377 dubitandum,
1029 5302 1181 5384 quin
1218 5301 1340 5365 alia
1370 5303 1496 5367 duo
1535 5304 1704 5387 paris
1731 5303 1918 5367 molis
1955 5302 2274 5366 volumina
2321 5301 2672 5364 interierint
2703 5301 2800 5364 vel
2841 5301 3072 5365 alicubi
3134 5301 3388 5366 lateant.
3426 5305 3532 5365 Est

293 5417 436 5463 vero
473 5399 580 5465 hic
625 5400 828 5466 codex
860 5401 1060 5465 multo
1094 5402 1483 5478 utilissimus,
1519 5403 1665 5484 quia
1695 5402 1968 5483 spatiosa
2012 5418 2177 5482 pene
2227 5416 2360 5481 prae
2409 5399 2652 5462 cteteris
2690 5398 2972 5462 continet
3009 5397 3258 5461 Patrum
3307 5415 3532 5460 excer~

363 5563 435 5635 la)
462 5566 598 5623 Vide
629 5577 746 5624 not.
766 5567 856 5640 iad
882 5565 1498 5640 CyrilliExpositionem
1538 5569 1594 5624 in
1625 5568 1669 5624 ll
1698 5566 1848 5633 Cor.,
1943 5562 2103 5640 '_(b)
2148 5563 2304 5640 Quod
2361 5565 2416 5619 in
2464 5565 2566 5618 hac
2615 5561 2908 5618 novissima
2966 5561 3207 5618 editione
3270 5561 3522 5623 Iocimus.

283 5634 556 5708 cap.'xm,
587 5652 732 5693 vers.
765 5639 817 5692 5.
929 5634 943 5640 ⁷
1174 5634 1193 5640 ”
1607 5644 1614 5652 '
1679 5641 1688 5663 θ
1769 5642 1777 5649 ”

725 5639 817 5692 .5.
929 5634 943 5640 ⁷
1174 5634 1193 5640 “
1607 5644 1614 5652 '
1679 5641 1688 5663 θ
1769 5642 1777 5649 ”
1971 5634 2119 5691 Enn.
2154 5634 2314 5688 Pun.
