4024 6220
482 161 584 221 Nl
1844 164 2048 220 CARD.
2081 166 2240 222 ANG.
2286 166 2403 221 MAI
3626 165 3733 222 H2

491 288 632 362 pta:
665 278 807 358 qua:
828 294 929 340 res
965 292 1066 338 me
1097 274 1436 338 commovit
1461 281 1553 349 ut,
1595 282 1824 354 praeter
1852 276 2174 356 Cyrillum,
2205 279 2362 340 alios
2390 295 2647 358 quoque
2679 279 2918 359 aliquot
2955 295 3358 360 excerperem
3401 280 3614 342 Patres
3640 279 3734 341 in-

491 384 714 458 editos,
757 399 916 463 quos
954 389 1238 459 tempore
1280 377 1614 440 commodo
1661 379 1728 440 in
1766 378 1968 442 lucem
2011 381 2350 461 proferam.
2405 383 2478 442 Χ.
2525 383 2735 446 Codex
2774 387 2875 460 K.,
2915 384 3206 457 membr.,
3240 383 3377 458 fol.,
3420 401 3566 448 saec.
3611 401 3727 453 xu,

487 492 708 547 catena
739 483 980 558 integra
1020 479 1087 539 in
1117 476 1421 552 Psalmos,
1455 496 1595 540 cum
1645 478 1750 541 illa
1780 497 2036 559 quoque
2055 481 2317 560 isagoge
2347 481 2424 542 de
2449 499 2574 561 qua
2604 482 2732 545 dixi
2755 484 2833 545 ad
2883 485 3023 547 cod.
3087 485 3157 545 D.
3182 486 3253 545 In
3303 483 3419 546 hac
3474 485 3728 564 isagoge

485 595 637 650 sunt
659 583 846 645 etiam
875 578 1258 640 Theodoreti
1294 585 1665 657 argumenta
1709 581 2122 658 Psalmorum,
2165 584 2364 648 multo
2396 585 2578 647 editis
2628 583 2937 665 pleniora,
2984 603 3344 665 quanquam
3388 583 3731 649 identidem

481 695 651 752 certe
678 682 1056 765 interpolata
1093 687 1261 744 sunt.
1289 683 1394 743 XI.
1425 681 1635 744 Codex
1670 685 1765 759 L.,
1792 686 2086 760 membr.,
2121 685 2188 746 in
2221 685 2280 760 4,
2315 685 2532 749 saeculi
2568 687 2767 748 ferme
2806 704 2898 747 xn
2933 695 3040 750 aut
3067 707 3204 765 xm,
3230 698 3447 752 catena
3477 690 3542 752 in
3582 692 3728 754 uni-

478 807 729 855 versum
757 786 1154 859 Psalterium,
1194 799 1339 846 cum
1371 782 1672 865 praedicta
1716 782 2000 862 isagoge.
2031 785 2387 863 Caeteroqui
2424 783 2525 846 hic
2557 783 2760 846 codex
2809 785 3056 848 mendis
3091 787 3386 850 abundat.
3443 788 3573 848 XII.
3611 790 3732 850 Co-

475 899 596 959 dex
617 897 723 969 M.,
757 896 981 967 chart.,
1020 891 1160 964 fol.,
1193 905 1338 950 saec.
1376 903 1490 960 xv,
1541 885 1609 947 in
1640 886 2002 950 universum
2036 887 2407 950 Psalterium
2460 893 2703 950 catena.
2755 889 2969 949 Patres
2999 895 3208 950 autem
3248 887 3314 950 in
3351 887 3449 950 his
3492 888 3732 952 catenis

474 995 709 1058 laudati
738 1012 928 1075 supra
959 988 1414 1070 quinquaginta
1442 992 1609 1060 sunt,
1646 1003 1879 1066 nempe
1916 987 2294 1060 Anastasius,
2322 989 2600 1050 Andreas
2635 989 3015 1070 (Cretensis),
3049 993 3419 1068 Anonymus
3448 989 3728 1069 quidam,

413 1170 424 1179 ι
473 1085 844 1172 Antiochus,
877 1093 1279 1176 Apollinaris,
1307 1090 1591 1179 Arethas,
1623 1091 1942 1165 Arsenius,
1985 1092 2282 1165 Asterius,
2317 1109 2488 1154 nunc
2517 1093 2653 1153 sine
2678 1092 2994 1171 adjuncto,
3026 1107 3194 1151 nunc
3229 1090 3514 1165 Arianus,
3547 1089 3733 1151 Atha-

474 1199 712 1272 nasius,
755 1175 1043 1266 Basilius,
1086 1195 1438 1269 Cassianus,
1469 1175 1778 1267 Clemens,
1822 1194 2088 1273 Cyrillus
2124 1194 2325 1269 Alex.,
2363 1193 2632 1274 Cyrillus
2675 1194 3017 1269 Hierosol.,
3055 1193 3318 1272 Cyrillus
3373 1194 3727 1273 presbyter,

467 1298 801 1376 Didymus,
861 1293 1200 1366 Diodorus,
1259 1293 1620 1372 Dionysius,
1685 1293 2061 1369 Dorotheus,
2110 1293 2531 1374 Ephrtemius,
2577 1294 3000 1374 Epiphanius,
3054 1293 3373 1369 Evagrius,
3426 1291 3729 1369 Eulogius

472 1396 678 1470 Aiex.,
710 1394 1019 1456 Eusebius
1048 1395 1302 1467 Caesam,
1342 1393 1730 1467 Gennadius,
1762 1395 2088 1471 Georgius,
2139 1395 2510 1468 Germanus,
2563 1393 2901 1470 Gregorius
2937 1393 3112 1466 Naz.,
3144 1389 3483 1468 Gregorius
3515 1393 3728 1470 Nyss.,

463 1496 851 1569 'Hadrianus,
885 1492 1260 1572 Hesychius,
1298 1493 1746 1572 Hieronymus,
1778 1493 2111 1574 Hypatius,
2145 1497 2420 1556 Joannes
2450 1494 2948 1573 Chrysostomus,
2980 1495 3258 1555 Joannes
3289 1493 3728 1566 Damascenus,

472 1599 772 1670 Isidorus,
819 1595 1150 1668 Maximus,
1182 1594 1655 1674 Metaphrastes,
1701 1595 2080 1672 Methodius,
2111 1596 2578 1676 MetrOphanes,
2622 1596 2868 1658 Nicetas
2907 1595 3120 1670 David,
3145 1595 3343 1670 Nilus,
3395 1593 3726 1673 Olympio-

473 1701 690 1773 dorus,
744 1697 1076 1775 Origenes,
1115 1695 1311 1758 .Philo
1363 1698 1583 1772 Hebr.,
1638 1697 1925 1775 Photius,
1965 1700 2255 1773 Severus,
2302 1697 2574 1773 Scholia,
2613 1697 3074 1776 Theodoretus,
3107 1699 3500 1772 Theodorus,
3527 1695 3718 1758 modo

453 1805 608 1865 sine
640 1802 938 1881 adjuncto
971 1799 1260 1880 (fortasse
1293 1801 1748 1884 Heracleotes),
1783 1803 1976 1866 modo
2003 1803 2433 1866 Antiochenus
2465 1803 2561 1866 vel
2595 1805 3016 1884 Mopsuestiaa,
3074 1802 3472 1866 Theodosius
3524 1801 3728 1882 (cujus

455 1918 592 1964 nos
647 1899 800 1962 olim
834 1898 1149 1961 edidimus
1180 1898 1423 1989 scholia
1452 1901 1741 1980 quaedam
1771 1903 1852 1964 ad
1875 1901 2249 1982 .Danielem),
2287 1902 2672 1975 Theodolus,
2707 1901 3119 1981 TheOphilus,
3161 1909 3223 1965 et
3251 1901 3513 1964 fortasse
3558 1915 3726 1960 non-

472 2003 631 2067 nulli
659 2003 787 2067 alii.
815 2003 1093 2066 Citantur
1129 2010 1436 2085 praeterea
1471 2004 1811 2084 aliquando
1839 2012 2048 2068 textus
2065 2007 2391 2086 Hebraeus,
2415 2005 2821 2085 Septuaginta
2847 2007 3254 2086 Interpretes,
3285 2000 3527 2082 Aquila,
3552 1999 3730 2077 Sym-

472 2100 755 2177 machus,
791 2079 1167 2176 Theodotio,
1205 2107 1268 2162 et
1293 2100 1516 2174 Quinta
1561 2079 1633 2166 ac
1668 2103 1853 2166 Sexta
1877 2102 2224 2166 Editiones.
2253 2079 2345 2166 lix
2370 2079 2469 2166 his
2502 2079 2776 2184 quisque
2808 2079 3090 2170 eruditus
3137 2106 3328 2180 videt,
3355 2079 3584 2184 quanti
3627 2096 3726 2158 1a-

476 2217 649 2273 teant
684 2211 751 2272 in
775 2208 873 2272 his
906 2209 1234 2274 codicibus
1263 2209 1566 2272 doctrina)
1594 2210 1899 2284 thesauri,
1939 2212 2049 2292 qui
2085 2211 2477 2291 singulorum
2525 2213 2778 2275 Patrum
2822 2212 3130 2276 editiones
3165 2206 3486 2272 cumulare
3538 2208 3725 2283 pote-

471 2319 638 2387 runt,
674 2311 771 2374 vel
802 2311 989 2374 etiam
1019 2310 1310 2391 primitus
1345 2310 1412 2372 in
1453 2311 1774 2390 publicam
1811 2311 2017 2374 lucem
2059 2313 2385 2376 vindicari.
2445 2315 2572 2375 Nos
2615 2313 2857 2377 interea
2908 2330 3109 2377 unum
3158 2331 3236 2376 ex
3283 2317 3375 2374 tot
3430 2307 3723 2388 Cyrillum

472 2414 962 2479 Alexandrinum
992 2413 1448 2493 excerpsimus,
1478 2419 1540 2476 et
1576 2414 1970 2493 singulorum
2013 2416 2306 2480 codicum
2344 2396 2713 2481 indicativas
2738 2419 2975 2480 litteras
3001 2417 3066 2477 in
3098 2413 3237 2476 libri
3266 2410 3463 2474 nostri
3493 2407 3722 2485 margi-

453 2517 657 2578 nibus
684 2514 762 2576 ad
806 2520 1178 2594 perpetuam
1207 2514 1482 2577 veritatis
1503 2515 2104 2581 demonstrationem
2134 2520 2447 2583 laboriosa
2483 2521 2812 2584 sedulitate
2845 2520 3272 2600 ascripsimus.

537 2617 608 2677 -7.
635 2615 881 2693 Cyrilli
915 2616 1339 2697 fragmentum
1382 2623 1728 2684 Veronense
1759 2633 1817 2686 et
1855 2623 2006 2686 alia.
2036 2660 2110 2670 —-
2140 2626 2278 2688 Dixi
2326 2633 2532 2702 antea,
2571 2645 2675 2690 me
2702 2627 2781 2689 de
2824 2626 3175 2689 Veronensi
3210 2639 3466 2706 quoque
3513 2618 3725 2700 Cyrilli

471 2722 824 2800 fragmento
852 2721 1234 2785 locuturum.
1268 2728 1353 2788 Ea
1380 2744 1480 2789 res
1509 2727 1593 2789 ita
1618 2745 1685 2790 se
1717 2727 1907 2792 habet
1934 2748 1948 2790 :
1974 2733 2154 2793 Anno
2183 2729 2354 2806 181.4,
2378 2737 2710 2810 postquam
2738 2732 2956 2792 Romae
2976 2734 3106 2809 jam
3134 2725 3429 2806 Cyrillum
3459 2724 3525 2784 in
3545 2719 3724 2783 Pauli

457 2823 780 2904 'Epistolas
805 2824 974 2903 typis
995 2821 1459 2906 impressei‘am,
1494 2828 1904 2908 ejusdemque
1933 2829 2000 2890 in
2020 2831 2300 2894 Psalmos
2323 2831 2849 2893 commentarium
2887 2829 3112 2909 partim
3146 2843 3328 2906 aeque
3358 2823 3537 2905 prelo
3564 2838 3718 2900 sup-

470 2941 831 3005 posueram,
862 2923 1029 2986 facto
1059 2924 1125 2986 in
1155 2923 1620 2989 autumnalibus
1657 2927 1829 2991 feriis
1869 2946 1984 3008 per
2015 2929 2409 3011 superiorem
2441 2930 2681 2992 Italiam
2715 2947 3006 3002 excursu,
3043 2927 3322 2990 Venetiis
3357 2924 3564 3005 primo
3595 2921 3717 3000 Cy-

470 3030 596 3094 rilli
616 3030 964 3109 fragmenta
985 3029 1063 3091 ad
1092 3031 1336 3106 Regum
1357 3030 1554 3093 libros
1574 3048 1651 3093 ex
1683 3031 1881 3094 nobili
1910 3034 2224 3096 Marciano
2254 3032 2472 3096 codice
2504 3032 2754 3111 collegi.
2797 3031 3034 3093 Deinde
3065 3030 3378 3091 Veronam
3429 3024 3716 3095 veniens,

476 3132 646 3193 adita
695 3133 829 3193 RR.
859 3132 1321 3194 Canonicorum
1356 3132 1589 3212 insigni
1637 3134 1926 3197 codicum
1989 3135 2396 3212 bibliotheca,
2443 3135 2702 3216 quaesivi
2739 3151 2775 3196 a
2826 3131 3305 3197 bibliothecario
3363 3144 3517 3190 num
3565 3123 3716 3206 quid

469 3235 794 3316 ibi'Cyrilli
831 3245 1338 3312 conservaretur;
1371 3239 1481 3318 qui
1530 3238 1679 3300 mihi
1743 3227 1950 3300 statim
2003 3239 2226 3302 folium
2266 3241 2515 3314 obtulit,
2565 3239 2732 3301 inter
2777 3237 3036 3300 codices
3070 3234 3199 3296 illic
3254 3233 3715 3297 conservatum,

469 3337 642 3416 quod
673 3335 899 3416 cupide
931 3337 1298 3419 inspiciens,
1329 3344 1529 3424 ipsam
1559 3360 1696 3406 esse
1734 3343 2004 3421 cognovi
2025 3343 2235 3423 Cyrilli
2265 3343 2700 3424 praefationem
2738 3340 2904 3422 (quae
2945 3341 3016 3400 in
3043 3336 3356 3402 Vaticanis
3389 3329 3719 3396 codicibus

469 3440 703 3522 deerat)
745 3445 824 3507 ad
879 3463 1063 3508 suum
1107 3448 1181 3508 'in
1219 3449 1503 3510 Psalmos
1536 3449 2082 3524 commentarium,
2112 3465 2301 3528 quem
2334 3466 2476 3528 ego,
2509 3456 2578 3510 ut
2609 3447 2761 3522 dixi,
2786 3447 2917 3525 jam
2946 3440 3310 3520 imprimere
3339 3426 3716 3510 acephalum

471 3542 694 3602 Romae
728 3561 1070 3624 cmperam.
1094 3549 1258 3626 Ergo
1307 3550 1448 3612 data
1476 3567 1512 3612 a
1535 3551 1668 3611 RR.
1711 3551 2038 3614 Canonicis
2077 3552 2352 3631 benigne
2379 3553 2558 3615 venia
2605 3549 2936 3630 gemmulaa
2984 3548 3170 3630 hujus
3201 3535 3522 3618 exemplar
3547 3533 3714 3615 pari-

466 3645 588 3706 bus
629 3643 975 3709 litterarum
1012 3649 1231 3712 formis
1259 3651 1565 3728 faciendi,
1629 3661 1818 3734 prout
1877 3673 2047 3717 nunc
2101 3655 2169 3717 in
2220 3657 2430 3720 tabula
2484 3662 2696 3718 nostra
2743 3651 3133 3732 conspicitur
3195 3643 3320 3723 (a);
3388 3652 3538 3698 Πιοι
3587 3632 3712 3695 ίδί·

469 3739 615 3804 dem
660 3743 784 3822 legi
841 3746 1030 3808 etiam
1084 3752 1587 3832 manuscriptum
1637 3752 2081 3833 capitularium
2112 3755 2401 3819 codicum
2438 3755 2786 3819 indiculum
2821 3771 2856 3816 a
2894 3751 3190 3832 Scipione
3247 3740 3512 3807 Maﬂ‘aaio
3565 3751 3718 3799 con.

470 3842 820 3917 fectum,in
861 3864 989 3928 quo
1019 3849 1136 3911 sub
1186 3868 1453 3916 numero
1502 3852 1611 3916 119
1643 3853 1736 3914 vir
1777 3853 1883 3920 ille
1935 3852 2356 3932 doctissimus,
2401 3856 2720 3937 Cyrilliani
2789 3853 2926 3918 folii
2981 3857 3158 3915 antea
3216 3858 3567 3928 possessor.
3627 3839 3718 3899 ἱίει

469 3942 690 4006 scribit
727 3963 740 4007 :
780 3970 807 4001 ί(
835 3947 1045 4013 Codex
1075 3967 1205 4012 non
1239 3957 1355 4028 est,
1390 3970 1581 4033 quem
1619 3955 1721 4019 hic
1749 3955 1888 4030 tibi,
1919 3955 2140 4028 lector,
2171 3972 2381 4031 narro,
2431 3957 2540 4018 sed
2577 3955 2821 4036 pagella
2852 3970 2980 4016 una
3013 3945 3406 4012 membranei
3447 3939 3713 4012 codicis,

468 4047 532 4102 et
558 4045 814 4124 quidem
844 4049 1028 4112 exilis
1043 4052 1406 4116 admodum.
1430 4058 1712 4122 Abscissa
1743 4057 1963 4139 procul
1986 4058 2179 4121 dubio
2206 4058 2344 4133 fuit,
2377 4058 2754 4120 detrimento
2777 4072 3032 4135 magno,
3053 4051 3482 4116 emolumento
3504 4041 3712 4114 nullo,

470 4143 549 4204 ab
580 4145 810 4209 eximio
841 4154 902 4208 et
930 4150 1109 4212 multi
1138 4151 1429 4218 faciendo
1467 4155 1706 4220 libello.
1740 4159 1855 4231 Qui
1890 4175 2028 4220 eam
2058 4157 2136 4218 ad
2167 4175 2268 4220 me
2304 4156 2494 4230 misit,
2532 4155 2823 4218 daturum
2857 4173 2926 4217 se
2967 4153 3142 4216 brevi
3178 4145 3528 4232 persimiles
3558 4141 3716 4205 alias

465 4243 717 4320 multas,
751 4249 1208 4331 su'bsequentes
1232 4262 1409 4334 puto,
1453 4258 1826 4336 sp0pondit;
1857 4259 1967 4321 sed
2021 4259 2099 4320 ab
2125 4257 2308 4321 annis
2364 4257 2653 4337 pluribus
2697 4256 3133 4338 nequidquam
3178 4256 3500 4332 exspecto.
3542 4244 3712 4309 Scri-

463 4350 642 4424 ptum
696 4343 922 4409 litteris
976 4351 1321 4430 majoribus
1377 4361 1656 4429 constat,
1697 4357 2063 4418 accentibus
2117 4375 2153 4420 a
2201 4357 2403 4437 prima
2460 4374 2652 4420 manu
2715 4357 3163 4438 superpositis;
3213 4352 3550 4433 septimum
3606 4350 3716 4407 aut

464 4451 754 4508 octavum
784 4449 1087 4510 saeculum
1126 4451 1386 4514 redolet.
1418 4455 1510 4516 Ne
1543 4455 1747 4517 avolet
1783 4456 2032 4536 pagella
2093 4462 2156 4518 et
2184 4457 2504 4537 depereat,
2536 4463 2605 4519 ut
2645 4457 2824 4520 initio
2853 4476 3060 4537 nuper
3090 4455 3267 4518 relati
3303 4449 3540 4515 codicis
3566 4443 3713 4509 dili-

463 4554 685 4624 genter
717 4557 1099 4627 assueretur,
1131 4556 1364 4616 curavi.
1398 4558 1555 4630 Quid
1587 4565 1795 4620 autem
1837 4560 2182 4634 contineat,
2210 4561 2450 4640 accipe.
2490 4560 2627 4641 (Hic
2662 4562 2965 4623 Maifaeius
3010 4559 3429 4638 fragmentum
3473 4550 3712 4616 exscri-

461 4648 576 4724 bit,
608 4656 740 4712 tum
771 4651 978 4730 pergit
1013 4653 1222 4716 dicere
1254 4655 1292 4737 :)
1328 4657 1538 4737 Cyrilli
1568 4660 1912 4738 genuinum
1949 4679 2085 4724 esse
2114 4661 2334 4736 fetum,
2375 4679 2451 4722 ex
2480 4662 2698 4741 paucis
2733 4661 2832 4722 his
2863 4661 3068 4724 verbis
3106 4659 3344 4738 Optime
3379 4657 3717 4734 dignoscet

464 4749 834 4830 quicunque
881 4751 1050 4816 illius
1100 4771 1295 4835 Opera
1343 4758 1684 4838 aliquando
1731 4762 2021 4824 triverit:
2066 4761 2502 4843 deprehendet
2557 4761 2725 4823 enim
2773 4761 2979 4824 statim
3038 4759 3371 4841 proprium
3416 4755 3571 4818 illud
3613 4753 3715 4814 di-

463 4851 649 4914 cendi
667 4869 904 4932 genus,
937 4873 1009 4919 ac
1045 4857 1232 4920 veluti
1259 4861 1597 4940 specialem
1630 4865 1931 4944 linguam,
1983 4885 2172 4948 quam
2218 4867 2360 4948 jure
2389 4867 2742 4947 meritoque
2784 4867 3047 4930 Photius
3078 4863 3242 4948 (cod.
3291 4879 3469 4935 xux,
3508 4877 3575 4939 p.
3615 4856 3714 4935 38)

459 4955 693 5034 'Cyrillo
733 4954 986 5018 tribuit:
1051 4965 1223 5035 Λόγος
1265 4970 1661 5041 πεπονημένος,
1711 4974 1805 5026 καὶ
1845 4977 1924 5038 εἰς
1977 4974 2286 5039 ἰδιάζουσαν
2336 4976 2478 5030 ἰδέαν
2517 4977 2966 5048 ἐκϐεϐιασμένος,
3005 4977 3100 5030 καὶ
3151 4970 3260 5028 οἷον
3311 4971 3579 5043 λελυμένη
3619 4967 3716 5021 καὶ

465 5063 774 5137 1b_p.érpov
823 5065 1148 5138 ὑπερορῶσα
1187 5068 1423 5140 ποίησις.
1477 5065 1640 5144 Ejus
1686 5069 1890 5127 oratio
1933 5067 2054 5127 ϐίαι

2122 5078 2288 5144 rata,
2325 5079 2383 5131 et
2433 5072 2502 5132 in
2549 5070 2928 5152 peculiarem
2973 5071 3243 5149 formam
3279 5075 3598 5138 contorta,
3638 5080 3711 5122 ac

460 5157 628 5222 velut
665 5158 865 5222 libera
901 5172 1216 5243 metroque
1262 5164 1466 5226 soluta
1514 5170 1744 5246 poesis.
1801 5169 2067 5232 Phrases
2113 5173 2286 5235 vides
2344 5191 2378 5238 a
2438 5175 2761 5238 communi
2801 5193 2922 5237 usu
2968 5172 3276 5253 loquendi
3321 5174 3616 5242 remotas,
3649 5172 3713 5228 et

461 5263 713 5343 poetica
759 5263 948 5326 verba
987 5282 1130 5345 qum
1181 5266 1247 5327 in
1286 5267 1423 5330 aliis
1455 5269 1663 5331 Cvrilli
1711 5271 2010 5349 Operibus
2053 5291 2185 5338 non
2241 5292 2367 5338 una
2410 5275 2546 5339 vice
2614 5276 2915 5356 reperias,
2968 5293 3025 5335 v.
3085 5291 3203 5352 gr.,
3240 5283 3442 5336 εὐκλεᾶ
3502 5299 3565 5334 τε
3615 5282 3712 5334 καὶ

521 5408 605 5492 ε((ι)
645 5409 893 5492 ‘Vides‘in
920 5413 1145 5492 tabula}
1169 5413 1854 5492 Expositiouiinpsalmos
1880 5433 2025 5492 prre-
2136 5437 2355 5492 quoque
2384 5423 2590 5477 celebri
2637 5423 2942 5478 Bibliorum
2997 5422 3170 5477 Vatic.
3201 5421 3390 5478 Matth.
3419 5435 3566 5490 xxvr,
3611 5419 3705 5492 55,

449 5479 772 5564 aniss‘alpro
795 5482 1023 5564 ﬁuvo‘pfat
1055 5479 1311 5564 δύνᾳμὰι.
1359 5484 1414 5538 ld
1473 5484 1752 5564 pertinere
1804 5479 2026 5564 videtur

2133 5479 2333 5562 regitur
2367 5507 2522 5562 teque
2563 5492 2814 5562 δύνομαι.
3552 5479 3564 5490 ’
3628 5488 3631 5493 ’

462 5544 532 5601 ad
567 5544 862 5605 dial‘ectum
901 5544 1325 5609 Alexandrinam
1349 5595 1362 5619 ,
1406 5544 1664 5624 quoniam
1694 5556 1774 5630 .in
1835 5557 2024 5613 codice
