4024 6220
283 347 376 406 H3
1663 353 2178 414 PREFATIONES.
3412 365 3439 416 1
3449 363 3516 419 ﬂ

281 470 602 538 ἀξιάγαστον
671 471 830 543 χορόν
894 463 1056 528 libro
1109 467 1377 546 septimo
1411 469 1476 528 in
1528 468 1866 546 Genesim(

1931 522 1933 529 λ
1977 471 2317 551 Glaphyris
2351 475 2450 535 ed.
2489 475 2742 535 Aubert.
2797 494 2862 554 p.
2901 473 3062 555 238.)
3115 477 3283 555 Opus
3312 481 3520 538 autem

280 581 400 626 non
428 562 738 624 ineditum
771 565 988 640 modo,
1027 566 1136 628 sed
1181 568 1259 630 ab
1298 569 1558 631 eruditis
1608 569 1988 648 scriptorum
2030 569 2502 636 en'arratoribus
2535 575 3042 636 immemoratum
3080 582 3235 654 puto
3291 576 3522 657 (inedi-

279 673 405 726 tum
453 672 620 726 recte
672 665 821 728 dicit
859 669 1182 746 Maﬂ'aeius,
1236 689 1364 734 non
1408 671 1560 733 item
1610 674 1782 753 quod
1829 672 2019 736 fuerit
2063 674 2618 755 immemoratum).
2668 676 2964 755 Cyrillum
3020 678 3408 756 cmteroquin
3463 680 3526 740 in

281 765 555 828 Psalmos
589 768 941 848 scripsisse,
975 788 1008 833 e
1050 791 1254 854 nuper
1281 774 1598 856 descripto
1633 777 1850 839 codice
1889 776 2024 859 (seu
2053 778 2254 858 folio),
2291 796 2369 840 ex
2406 786 2624 842 catena
2656 797 2692 842 a
2713 779 2968 842 Daniele
3012 780 3288 843 Barbaro
3319 798 3526 853 versa,

284 876 342 930 et
398 885 473 930 ex
509 870 892 934 Corderiana
935 876 1283 954 praesertim
1325 883 1588 953 constat,
1635 878 1701 940 in
1763 896 1888 959 qua
1929 880 2090 942 ultra
2156 881 2398 943 centies
2448 881 2777 945 lauda-tur:
2823 881 2960 960 ejus
2996 886 3207 943 autem
3267 879 3530 959 exposi-

281 968 480 1030 tiones
512 985 547 1029 a
584 970 848 1047 speciali
876 971 942 1032 in
972 973 1251 1036 Psalmos
1276 981 1540 1038 tractatu
1570 977 1900 1056 decerptas
1930 995 2090 1053 esse,
2119 979 2362 1058 primus
2397 979 2588 1060 (apud
2617 977 3009 1058 Corderium)
3057 979 3265 1058 quarti
3304 975 3533 1058 psalmi

281 1077 708 1148 argumentum
742 1074 1078 1137 continens
1107 1077 1306 1153 locus,
1326 1065 1485 1145 satis
1515 1079 1744 1158 prodit.
1784 1104 1812 1137 »
1842 1082 1933 1141 Ita
1958 1081 2283 1155 Mafl‘aeius,
2332 1081 2445 1161 qui
2475 1081 2542 1142 in
2574 1079 3015 1141 dissertatione
3037 1079 3224 1140 etiam
3253 1075 3532 1140 secunda

281 1175 352 1237 de
387 1175 755 1252 fragmentis
773 1179 998 1240 Irenazi
1034 1180 1183 1241 edit.
1208 1183 1427 1243 Venet.
1449 1188 1495 1244 t.
1525 1185 1603 1257 ΙΙ,
1636 1201 1701 1263 p.
1730 1181 1784 1256 4,
1818 1184 1950 1262 jam
1974 1183 2348 1263 scripserat:
2383 1185 2637 1245 «Nemo
2669 1182 2824 1242 dixit
2855 1185 2916 1244 S.
2938 1180 3238 1260 Cyrillum
3269 1179 3534 1240 Alexan-

279 1276 525 1339 drinum
557 1279 625 1341 in
659 1279 945 1344 Psalmos
997 1283 1355 1363 scripsisse,
1409 1291 1470 1346 et
1523 1291 1732 1349 tamen
1765 1286 1874 1347 abs
1920 1285 2272 1364 fragmento
2312 1285 2575 1366 alicujus
2616 1302 2733 1346 ms.
2789 1283 3078 1357 celebris,
3121 1298 3248 1362 quo
3299 1282 3530 1361 potior,

209 1407 215 1415 -
277 1377 585 1457 colligitur
618 1379 684 1440 id
722 1380 818 1442 vel
862 1384 1284 1449 certissime.»
1329 1390 1504 1450 Patet
1547 1394 1754 1450 autem
1795 1387 2152 1462 Maﬁ‘aaium,
2195 1386 2353 1449 dum-
2389 1388 2527 1450 haac
2575 1394 2895 1468 postrema
2948 1387 3274 1460 scriberet,
3324 1400 3532 1462 neque

241 1487 524 1558 ,catenas
569 1481 775 1544 adhuc
809 1485 1224 1563 consuluisse,
1275 1507 1481 1570 neque
1530 1490 1881 1552 Fabricium
1911 1496 1973 1551 et
2001 1489 2345 1553 nonnullos
2394 1490 2576 1562 alios,
2627 1489 2736 1569 qui
2777 1488 2988 1568 Cyrilli
3032 1484 3431 1568 deperditum
3468 1483 3540 1545 in

278 1582 557 1646 Psalmos
609 1589 1137 1652 commentarium
1185 1597 1710 1656 memoraverant.
1755 1593 2075 1655 Hactenus
2116 1592 2195 1654 de
2232 1592 2533 1656 litterario
2581 1610 2725 1654 meo
2779 1592 2946 1672 apud
2996 1591 3313 1653 Veronam
3359 1603 3535 1650 casu.

278 1685 493 1747 Statim
522 1705 672 1766 ergo
702 1691 969 1752 Romam
1014 1693 1238 1768 redux,
1277 1695 1552 1774 primum
1585 1695 1904 1774 Cyrilliani
1939 1695 2005 1756 in
2028 1694 2310 1757 Psalmos
2340 1695 2552 1775 operis
2591 1696 2813 1759 folium
2848 1697 2932 1758 ita
2963 1694 3180 1769 refeci,
3220 1699 3289 1756 ut
3327 1695 3531 1756 Vero-

286 1807 551 1852 nensem
589 1793 920 1872 prologum
969 1795 1033 1856 in
1076 1798 1304 1875 capite,
1345 1805 1532 1876 prout
1569 1798 1676 1877 jus
1731 1797 1953 1878 fasque
2001 1803 2154 1873 erat,
2196 1797 2596 1861 collocarem.
2646 1803 2849 1880 Atque
2892 1799 2996 1862 hic
3037 1798 3159 1860 fuit
3201 1796 3426 1858 Veneti
3469 1800 3541 1856 et

280 1895 658 1959 Veronensis
704 1898 948 1961 itineris
996 1900 1259 1963 fructus.
1311 1901 1435 1962 Sed
1484 1919 1693 1982 neque
1761 1901 1990 1965 frustra
2036 1903 2458 1966 Mediolanum
2505 1922 2576 1966 ac
2633 1905 3011 1968 Florentiam
3066 1903 3239 1966 adii:
3300 1901 3531 1964 etenim

278 1998 476 2074 illinc,
527 2000 579 2060 si
645 2001 856 2063 minus
906 2021 1100 2065 manu
1170 2005 1451 2084 prepria,
1489 2011 1753 2084 prOpter
1807 2007 2110 2086 temporis
2162 2006 2767 2083 incommoditatem,
2832 2008 3044 2071 favore
3098 2013 3269 2071 certe
3322 2004 3531 2067 homi-

281 2116 430 2161 num
476 2103 826 2167 amicorum
872 2123 1066 2170 novas
1120 2107 1332 2188 Cyrilli
1387 2107 1784 2170 accessiones
1841 2114 2058 2170 nactus
2109 2125 2268 2170 sum.

358 2201 415 2262 8.
450 2206 723 2267 Lexicon
758 2209 871 2268 sub
905 2208 1133 2286 Cyrilli
1187 2211 1457 2271 nomine.
1495 2245 1564 2254 -—
1599 2211 1778 2271 Nunc
1810 2210 1957 2290 quia
1997 2210 2064 2272 in
2123 2209 2472 2290 specimine
2529 2229 2682 2272 cuso
2736 2210 2992 2272 titulum
3043 2205 3363 2287 Cyrilliaui
3427 2225 3535 2270 cu—

272 2300 516 2382 jusdam
567 2307 776 2369 Lexici
831 2310 1260 2389 exposuimus,
1303 2318 1590 2392 superest
1641 2316 1707 2372 ut
1747 2311 1825 2374 de
1879 2327 1955 2374 eo
2010 2311 2308 2374 Vaticano
2377 2311 2626 2387 codice,
2680 2313 2829 2374 satis
2903 2310 3116 2390 prisco
3166 2326 3240 2371 ac
3300 2307 3529 2381 nobili,

282 2423 477 2486 pauca
522 2410 710 2471 verba
753 2410 1078 2488 faciamus,
1129 2415 1496 2495 Quanquam
1539 2414 1731 2492 igitur
1775 2412 2005 2493 Cyrillo
2058 2412 2448 2476 Alexandriae
2511 2413 2990 2493 archiepiscOpo
3030 2410 3094 2471 id
3151 2409 3535 2471 Glossarium

278 2505 661 2582 inscribitur,
711 2515 987 2574 attamen
1049 2513 1312 2593 alicujus
1357 2513 1569 2593 potius
1616 2511 1826 2590 Cyrilli
1879 2512 2265 2591 grammatici
2322 2511 2674 2575 credendus
2731 2511 3064 2582 videbitur,
3126 2526 3316 2588 quam
3367 2505 3535 2568 illius

279 2606 652 2673 sanctissimi
705 2614 993 2692 przesulis
1041 2635 1054 2676 :
1108 2633 1383 2697 cumque
1431 2617 1485 2679 is
1545 2607 1707 2680 liber
1749 2633 1881 2680 non
1935 2616 2163 2691 semel,
2241 2623 2432 2697 prout
2486 2634 2554 2679 se
2615 2617 2784 2678 varie
2836 2615 2901 2677 in
2963 2614 3150 2676 variis
3215 2611 3536 2674 codicibus

280 2705 536 2784 obtulit,
588 2711 794 2776 editus
872 2715 1085 2793 fuerit,
1129 2718 1290 2780 mihi
1355 2718 1526 2781 nuda
1619 2719 1755 2798 ejus
1817 2719 2338 2782 commemoratio
2399 2719 2547 2780 satis
2611 2717 2719 2780 sit.
2780 2715 3086 2794 Pertingit
3140 2714 3205 2775 id
3260 2711 3534 2774 Lexicon

276 2808 456 2872 valde
503 2814 852 2892 spatiosum
902 2817 969 2879 in
1022 2819 1242 2882 codice
1297 2837 1424 2882 non
1484 2819 1659 2900 parvi
1708 2819 1954 2881 moduli
1997 2838 2032 2882 a
2083 2819 2196 2882 fol.
2259 2817 2284 2880 1
2332 2819 2410 2882 ad
2452 2818 2584 2880 154.
2643 2820 2719 2880 Et
2773 2817 2894 2880 hoc
2954 2816 3325 2878 Vaticanum
3385 2810 3529 2891 qui-

277 2910 420 2974 dem
483 2915 690 2994 Cyrilli
749 2919 1021 2982 Lexicon
1077 2921 1428 2984 communis
1465 2920 1715 3000 generis
1784 2925 1916 2983 est:
1948 2905 2318 3000 "caneroqui
2361 2920 2680 2983 Fabricius
2724 2921 2796 2981 Β.
2840 2921 2914 2983 G.
2960 2918 3060 2981 ed.
3124 2935 3268 2981 nov.
3319 2921 3364 2976 t.
3429 2915 3534 2988 IX,

275 3032 338 3093 p.
395 3012 534 3091 493,
582 3018 668 3080 ait
713 3025 958 3082 exstare
1012 3039 1130 3083 ms.
1176 3022 1243 3084 in
1281 3023 1465 3086 variis
1519 3020 1864 3085 bibliothec

1982 3022 2167 3083 etiam
2231 3029 2501 3099 Κυρίλλου
2545 3031 2625 3094 εις
2660 3029 2759 3094 τὰς
2805 3027 3186 3099 ἀπορουμένας
3232 3025 3403 3092 λέξεις
3436 3023 3537 3094 τῆς

276 3130 440 3196 ἁγίας
489 3131 745 3203 Γραφῆς,
771 3125 999 3202 Cyrilli
1038 3126 1110 3187 de
1139 3126 1450 3206 ambiguis
1478 3129 1825 3207 Scriptura
1851 3147 1865 3188 ε

1945 3135 2079 3188 tcta:
2125 3124 2485 3194 vocabulis;
2545 3124 2646 3186 cui
2693 3124 2987 3203 subjungi
3044 3121 3204 3184 solet
3255 3117 3534 3200 ejusdem

286 3228 588 3301 Ἐρμηνεία
621 3233 898 3304 ὀνομάτων
933 3236 1026 3288 καὶ
1053 3235 1248 3300 λέξεων
1289 3235 1592 3308 Ἑϐραϊκῶν
1633 3241 1690 3291 ὲν
1717 3239 1837 3300 ταῖς

1949 3236 2056 3300 (at;
2098 3236 2361 3306 Γραφαῖς,
2395 3225 2848 3303 Interpretatio
2894 3224 3216 3285 nominum
3255 3239 3327 3281 ac
3357 3237 3531 3280 voca.

279 3318 577 3383 bulor-um
605 3323 1012 3386 Hebraeorum
1044 3326 1274 3388 divina:
1310 3328 1684 3407 Scriptura,
1738 3326 2136 3407 alphabetico
2177 3324 2398 3387 ordine
2449 3323 2856 3401 digestorum.
2918 3325 3158 3384 Revera
3203 3320 3269 3381 in
3326 3315 3535 3398 Cyrilli

275 3421 446 3503 apud
508 3440 625 3486 nos
661 3426 1110 3488 commentario
1166 3425 1550 3490 Psalmorum
1603 3427 1922 3490 nonnullae
1953 3425 2312 3508 hujusmodi
2358 3443 2437 3488 ex
2492 3423 2798 3486 Hebraico
2841 3421 3390 3502 interpretationes
3420 3435 3533 3480 oc-

275 3534 564 3600 currunt,
625 3546 872 3593 necnon
927 3532 1108 3594 etiam
1177 3549 1253 3594 ex
1334 3532 1588 3611 Syriaco
1635 3533 1700 3594 in
1746 3532 2025 3612 ejusdem
2081 3529 2291 3610 Cyrilli
2342 3530 2694 3608 fragmento
2730 3527 2804 3589 de
2846 3525 3193 3590 Abrahami
3247 3531 3537 3584 transno-

277 3633 666 3708 minatione,
744 3635 915 3715 quod
973 3653 1050 3699 ex
1098 3637 1460 3700 Florentino
1537 3636 1755 3699 codice
1829 3654 1946 3698 nos
2017 3635 2510 3714 impetravimus.
2567 3633 2694 3694 Suo
2746 3630 2937 3710 igitur
2990 3627 3253 3690 fortasse
3308 3621 3537 3685 Lexico

277 3737 572 3800 utebatur
616 3738 899 3820 Cyrillus,
940 3759 1069 3805 non
1108 3743 1386 3806 Philonis
1430 3749 1536 3806 aut
1584 3741 1889 3820 Origenis,
1919 3747 1989 3803 ut
2016 3758 2131 3803 nos
2167 3739 2482 3802 interdum
2531 3736 2906 3818 putavimus.
2951 3734 3080 3795 Nec
3137 3745 3303 3808 aegre
3359 3725 3534 3808 quis—

275 3858 475 3922 quam
514 3843 632 3904 sibi
671 3847 1068 3923 persuaserit,
1121 3847 1436 3927 Cyrillum,
1489 3848 1598 3926 qui
1630 3853 1832 3908 totum
1857 3846 1999 3906 vitaa
2043 3862 2172 3907 suae
2203 3851 2453 3925 tempus
2495 3844 2561 3905 in
2604 3859 2927 3906 sacrorum
2957 3838 3300 3902 Bibliorum
3329 3831 3537 3895 studio

285 3951 349 4004 et
378 3943 826 4023 explanatione
859 3949 1268 4029 consumpsit,
1317 3947 1515 4010 lexica
1544 3946 1729 4008 etiam
1770 3949 1968 4007 marte
2005 3945 2266 4025 praprio
2297 3944 2418 4006 sibi
2463 3943 2900 4010 concinnasse,
2951 3939 3181 4018 quibus
3242 3935 3308 3995 in
3359 3947 3537 3993 sacro

278 4046 509 4109 codice
569 4048 951 4112 declarando
1007 4051 1341 4114 commode
1391 4051 1484 4112 uti
1535 4055 1780 4131 posset;
1835 4046 1932 4109 vel
1964 4063 2106 4126 qum
2149 4051 2398 4126 sponte,
2434 4051 2506 4106 ut
2566 4044 2654 4118 ﬁt,
2693 4039 3049 4105 lucubranti
3100 4035 3222 4117 ipsi
3275 4033 3537 4146 subnata

275 4146 575 4211 fuissent.
612 4147 726 4210 His
773 4149 852 4212 de
880 4150 1088 4229 Cyrilli
1124 4152 1352 4214 Lexico
1405 4151 1610 4225 dictis,
1651 4148 1925 4228 reliquas
1974 4145 2209 4209 cod-icis
2236 4143 2542 4218 Vaticani,
2587 4158 2776 4222 quem
2834 4153 3229 4220 cmperamus
3296 4134 3536 4196 descri-

274 4248 460 4322 bere,
496 4254 707 4326 partes
759 4265 1244 4330 prosequamur.
1291 4250 1539 4314 Scilicet
1595 4267 1632 4312 a
1683 4267 1748 4330 p.
1801 4247 1863 4309 15

1963 4261 2167 4325 usque
2219 4244 2300 4306 ad
2362 4241 2471 4304 163
2529 4247 2621 4303 est
2676 4247 2924 4304 Ἰωάννου
2951 4245 3244 4299 Φιλοπόνου
3277 4239 3539 4312 περὶτῶν

270 4356 564 4428 διαφόρων
596 4362 880 4429 σημασιῶν
906 4361 1182 4434 διαφόρως
1218 4363 1556 4434 ’πονουμένων
1579 4379 1594 4394 ο
1651 4355 1859 4415 Joann

1954 4349 2295 4429 Philoponi
2357 4347 2429 4409 de
2473 4344 2790 4407 vocabulis
2844 4343 3086 4405 diverse
3127 4357 3246 4418 pro
3281 4335 3538 4398 diversi-

271 4464 407 4515 tate
454 4463 819 4540 accentuum
858 4460 1386 4539 signiﬁcantibus.
1427 4458 1724 4522 Posthinc
1775 4455 2086 4518 rhetorica
2127 4451 2415 4534 quaedam
2464 4450 2664 4513 lexica
2713 4465 2916 4529 usque
2961 4445 3038 4509 ad
3106 4441 3218 4506 fol.
3274 4436 3539 4501 1‘77.~Ibi

269 4573 431 4618 vero
471 4556 730 4640 incipit:
761 4563 986 4629 Λεξικδν
1016 4567 1332 4621 ὲνδιαθέτων
1359 4566 1592 4638 Γραφῶν
1623 4565 1841 4619 ἐκτεθὲν
1873 4565 2025 4636 παρὰ
2052 4565 2326 4635 Στεφάνου
2361 4563 2454 4618 καὶ
2481 4563 2781 4634 Θεοδώρου,
2823 4560 2920 4614 καὶ
2957 4555 3157 4627 ἐτέρων
3197 4547 3540 4658 λεξιγράφων

268 4665 567 4719 Κασιανοῦ
597 4667 691 4719 καὶ
717 4667 982 4736 Λογγῖνον
1020 4668 1338 4738 φιλοσόφου⁵
1404 4662 1675 4722 Lexicon
1695 4661 1857 4738 Scri;

1950 4678 2041 4720 ra:
2059 4660 2384 4740 utr-iusque
2421 4658 2794 4719 Testamenti
2813 4654 3161 4736 (ὲνδιαθέτων
3188 4654 3539 4726 positarum

270 4757 343 4816 in
373 4754 642 4835 canone)
673 4756 903 4824 edit-um
922 4777 960 4817 a
981 4759 1293 4838 Stephano
1325 4767 1381 4820 et
1426 4759 1747 4820 Theodoro
1777 4757 2039 4840 aliisque
2070 4756 2534 4837 Iexicographis
2563 4756 2866 4818 Cassiano
2899 4749 3290 4828 et'Longino,
3327 4761 3536 4823 usque

271 4857 350 4918 ad
387 4854 510 4918 fol.
553 4853 691 4916 212.
751 4855 1058 4935 (Cassiani
1101 4864 1162 4920 et
1195 4859 1462 4938 Longini
1491 4866 1949 4939 ἀποσπασμάτιον
1993 4855 2180 4920 lexici
2225 4874 2343 4936 ego
2379 4857 2506 4918 vidi
2546 4855 2620 4917 in
2656 4856 2780 4920 alio
2830 4855 3021 4917 etiam
3057 4852 3195 4914 Vat:
3254 4847 3538 4928 codice.)

270 4957 528 5021 Deinde
574 4965 748 5031 λέξεις
783 4969 1025 5040 ἰατρικοῦ
1060 4970 1264 5040 βιϐλίου
1285 4989 1298 5002 ·
1329 4971 1456 5044 περὶ
1487 4971 1726 5042 βοτανῶν
1754 4973 1859 5042 ὲρμ

1948 4971 2047 5035 εισι.
2099 4978 2330 5042 nempe
2395 4961 2701 5022 medicum
2751 4971 2808 5022 et
2866 4957 3228 5020 herbarium
3267 4953 3537 5021 texicon,

277 5077 490 5139 usque
546 5060 628 5121 ad
670 5060 783 5124 fol.
838 5061 974 5122 215.
1029 5065 1172 5125 Mox
1221 5072 1364 5144 post
1409 5065 1654 5128 minora
1709 5064 1830 5127 alia
1876 5071 1938 5126 et
2005 5064 2271 5127 fortasse
2311 5061 2653 5124 levidensia
2704 5061 2818 5124 fol.
2853 5059 3008 5121 255:
3057 5061 3340 5120 Θεοδοσίου
3362 5075 3542 5130 γραμ-

281 5161 524 5226 ματικοῦ
568 5161 792 5236 Ἰωάννῃ
811 5164 890 5233 τῷ
928 5165 1326 5237 θεοφιλεστάτῳ
1369 5167 1728 5239 πρεσϐυτέρῳ
1765 5167 1862 5220 καὶ
1895 5169 1953 5220 ὲν
2003 5166 2227 5239 Χριστῷ
2261 5165 2500 5236 ἀδελφῷ,
2539 5166 2667 5237 περὶ
2711 5164 2823 5217 τῶν
2872 5162 2931 5216 ὲν
2988 5163 3102 5223 τοῖς
3135 5156 3384 5212 κανόνεσι
3424 5149 3536 5205 τῶν

281 5260 459 5324 ἁγίων
505 5261 756 5332 ἑορτῶν·
809 5255 1139 5317 Theodosii
1197 5260 1592 5341 grammatici
1639 5259 1722 5319 ad
1769 5259 2076 5319 Joannem
2141 5261 2267 5318 Deo
2340 5257 2810 5320 dilectissimum
2857 5251 3292 5334 presbyterum
3357 5254 3413 5306 et
3464 5244 3532 5303 in

283 5349 540 5412 Christo
590 5353 881 5430 fratrem,
921 5356 996 5417 de
1040 5357 1382 5419 canonibus
1431 5375 1540 5417 seu
1579 5357 1794 5417 metris
1851 5364 2208 5416 sanctarum
2274 5356 2758 5417 solemnitatum.
2813 5355 3140 5415 Postremo
3198 5352 3344 5410 sunt
3413 5343 3530 5402 C0-

281 5464 440 5510 smae
493 5452 793 5515 monachi
832 5454 1113 5534 itemque
1171 5455 1432 5517 Joannis
1493 5452 1928 5535 (Damasceni)
1983 5471 2262 5516 canones
2311 5453 2552 5534 aliquot
2598 5469 2713 5515 seu
2772 5457 2970 5513 metra
3006 5465 3151 5511 cum
3203 5442 3360 5506 odis.
3415 5441 3536 5501 Co-

280 5564 457 5610 smas
509 5550 771 5630 quidem
825 5557 918 5612 est
954 5551 1061 5613 ille
1113 5552 1640 5632 philogregorius,
1689 5557 1751 5612 et
1796 5550 2082 5613 melodus
2142 5550 2430 5624 celebris,
2469 5549 2647 5629 cujus
2715 5565 2832 5610 nos
2904 5542 3150 5624 amplos
3207 5555 3536 5602 commcn-

283 5657 490 5718 tarios
557 5655 638 5717 ad
695 5656 1072 5719 Nazianzeni
1127 5638 1549 5720 carmina'his
1616 5654 1797 5718 annis
1864 5653 2177 5718 edidimus
2230 5656 2298 5716 in
2355 5652 2688 5731 Spicilegio
2749 5651 2947 5723 Rom.,
2995 5642 3540 5724 t.ll(a).l’rofecto

365 5799 450 5872 to)
502 5802 707 5859 Rccusi
741 5802 794 5860 in
828 5811 974 5862 tomo
1003 5803 1267 5861 XXXVIII
1307 5805 1623 5882 Patrologiar
1646 5804 1855 5863 σταται.
1884 5803 2034 5858 Enn'.
