4024 6220
460 396 585 473 Hs'
1340 412 1837 471 PREFATIONES
1872 415 2049 470 nom

2151 416 2213 473 IS
2248 417 2817 478 GRAECO-LATINE.
3594 415 3618 471 ί
3635 415 3740 476 1L

463 535 519 597 si
571 531 818 596 occasio
861 529 1051 593 ferret
1080 529 1159 592 de
1221 529 1452 593 Graecis
1504 529 1723 594 lexicis
1777 529 1978 612 loqui,
2035 550 2177 613 quae
2236 534 2546 614 permulta
2598 536 2664 599 in
2728 533 3042 598 Vaticanis
3095 530 3421 607 codicibus
3468 528 3696 607 latent,

462 633 779 698 dilatando
834 630 1113 694 sermoni
1173 635 1390 694 nostro
1441 647 1699 712 campus
1748 638 2026 713 pateret:
2072 639 2261 715 atque
2315 633 2452 698 haec
2499 652 2629 699 non
2677 631 3033 717 spernenda
3067 631 3334 693 fortasse
3392 628 3696 691 mantissa

460 738 625 801 foret
676 733 1024 815 lexicorum
1070 731 1326 795 illorum
1378 747 1520 811 qua
1576 730 1836 795 Photius
1886 731 1952 794 in
2022 749 2134 795 sua
2182 732 2570 796 Bibliotheca
2607 739 2897 798 numerat
2935 750 2971 794 a
3002 731 3144 794 cod.
3173 746 3337 791 CXLV
3364 726 3443 791 ad
3479 745 3693 790 cum.

458 838 751 902 Profecto
798 837 867 898 in
917 834 1016 898 his
1073 832 1386 897 Vaticanis
1438 833 1741 897 nonnulla
1787 838 1956 897 certe
1994 834 2348 910 excellunt,
2396 852 2667 914 quorum
2712 840 2921 898 tamen
2975 831 3236 895 materia
3289 846 3434 892 cum
3493 828 3683 892 Suida

461 945 523 1000 et
585 956 731 1001 cum
777 934 1210 1016 etymolOgicis
1262 950 1432 1014 saepe
1475 934 1804 1014 congruit;
1861 934 1972 997 sed
2019 951 2150 998 non
2192 937 2329 998 sine
2384 937 2679 999 varietate
2710 936 2905 998 multa
2961 951 3078 996 seu
3110 928 3561 995 vocabulorum
3586 945 3701 991 seu

460 1038 651 1100 etiam
712 1035 1198 1116 exemplorum:
1255 1050 1388 1114 quo
1449 1034 1518 1096 fit
1561 1040 1633 1096 ut
1700 1035 1951 1115 egregia
2007 1035 2197 1099 etiam
2250 1036 2723 1116 deperditorum
2776 1053 3045 1117 operum
3102 1033 3473 1112 fragmenta,
3516 1030 3701 1109 quasi

458 1136 596 1198 auri
650 1135 1074 1218 probatissimi
1126 1134 1421 1209 scobem,
1474 1135 1755 1199 nancisci
1809 1136 2146 1216 possimus.
2212 1137 2332 1199 Sed
2379 1137 2467 1215 [de
2492 1136 2590 1199 his
2645 1137 2767 1199 alio
2797 1137 3062 1199 fortasse
3097 1141 3385 1214 tempore
3414 1148 3693 1211 agemus.

958 1353 1693 1511 PBEFATIONES
1763 1352 2296 1482 EDITIONIS
2387 1353 3206 1529 GBIEGll-LATINIE

1550 1581 1694 1643 QUxE
1729 1580 1972 1634 JOANNE
2005 1582 2306 1634 AUBERTO
2338 1582 2635 1635 CURANTE

480 1248 3679 1287 Μ

829 1703 1066 1789 ’Τοωίε
1093 1734 1334 1807 septem
1366 1728 1597 1808 prodiit
1623 1728 1880 1789 Lutetiae
1915 1727 2292 1789 Parisiorum
2319 1744 2487 1790 anno
2529 1726 2944 1805 1638,’Regiis
2974 1725 3161 1807 typis,
3198 1724 3310 1789 fol.

1201 2010 1681 2058 mnsmrssmo
1719 2013 1968 2058 sanemus
2012 1983 2286 2058 nouam
2327 2014 2628 2058 nccnssuz
2663 2013 2994 2059 CARDINALI

1807 2115 2111 2160 ARMANDO
2144 2115 2391 2172 10mm,

1494 2214 1641 2260 DUCI
1679 2213 1762 2258 DE
1798 2214 2153 2273 RICHELIEU,
2202 2214 2348 2259 PARI
2390 2213 2692 2259 FRANCLE.

544 2360 771 2439 Magni
818 2359 1044 2439 Cyrilli
1083 2366 1480 2422 monumenta
1515 2358 1708 2442 offero
1748 2358 1889 2435 tibi,
1927 2359 2272 2422 eardinalis
2321 2360 2833 2436 eminentissime,
2866 2362 3250 2445 tardumque
3270 2381 3513 2440 nomen,
3545 2366 3714 2446 quod

469 2459 760 2538 expedire
779 2460 1024 2539 pridem
1064 2462 1251 2541 gestit
1299 2460 1567 2535 animus,
1610 2459 1946 2540 aliquando
1976 2459 2284 2541 persolvo.
2326 2461 2596 2523 Vixdum
2625 2462 2768 2524 huic
2810 2465 2990 2549 operi
3037 2474 3298 2525 mentem
3332 2464 3707 2545 adjeceram,

469 2577 607 2620 cum
633 2578 727 2620 me
755 2562 924 2639 regis
954 2557 1400 2637 interpretibus
1427 2559 1771 2638 ascriptum
1798 2560 1982 2641 gravi
2011 2568 2117 2624 tuo
2156 2560 2229 2623 de
2256 2580 2348 2623 me
2358 2562 2606 2643 judicio
2638 2569 2697 2623 et
2729 2562 2928 2641 ofﬁcii
2954 2566 3314 2627 necessitate
3339 2566 3607 2647 quadam
3643 2570 3711 2631 in

469 2659 641 2720 istud
668 2658 905 2721 laboris
927 2658 1249 2740 impulisti.
1270 2658 1438 2737 Quid
1462 2658 1769 2741 reliquum
1795 2669 1951 2736 erat,
1982 2662 2111 2723 nisi
2126 2670 2197 2723 ut
2224 2682 2290 2724 eo
2317 2663 2687 2742 perfunctus
2722 2663 2975 2743 publica
3001 2666 3289 2727 memoris
3310 2667 3506 2728 animi
3535 2671 3711 2730 testi-

470 2762 758 2839 ﬁcatione
791 2762 1062 2824 debitam
1085 2762 1169 2822 E.
1207 2762 1278 2823 Τ.
1308 2760 1580 2840 gratiam
1609 2761 1997 2841 insignirem,
2024 2771 2081 2823 et
2105 2764 2514 2843 inscriptione
2548 2765 2642 2825 tui
2670 2765 2939 2826 nominis
2972 2765 3236 2827 editioni
3266 2764 3407 2827 huic
3433 2755 3715 2830 auctori;

474 2866 662 2922 tatem
689 2878 761 2920 ac
800 2859 985 2921 decus
1015 2858 1417 2939 adjungerem
1441 2858 1470 2917 Υ
1494 2857 1655 2922 Nam
1705 2860 1927 2939 quanti
1971 2860 2053 2920 sit
2088 2861 2385 2922 invictum
2415 2860 2589 2922 illum
2634 2861 2929 2924 haresum
2972 2865 3336 2926 domitorem
3376 2884 3449 2926 ac
3497 2867 3719 2927 trium-

470 2958 795 3038 phatorem
830 2959 914 3021 Ε.
952 2961 1023 3020 Τ.
1058 2959 1297 3034 sistere,
1325 2976 1499 3043 nemo
1525 2969 1727 3039 potest
1754 2979 1882 3022 non
1910 2961 2322 3041 interpretari
2345 3011 2360 3038 ,
2390 2964 2519 3025 nisi
2546 2964 2654 3043 qui
2689 2979 2955 3044 quantus
2981 2967 3101 3042 sis,
3134 2976 3191 3030 et
3231 2968 3473 3051 qualem
3504 2969 3569 3030 in
3601 2968 3716 3031 hoc

475 3080 666 3141 regno
692 3071 749 3123 et
782 3059 1069 3124 Ecclesia
1103 3062 1219 3123 Dei
1248 3080 1580 3143 personam
1615 3064 1946 3138 sustineas,
1977 3081 2105 3124 non
2129 3064 2450 3145 intelligit.
2482 3066 2700 3127 Annus
2726 3067 3071 3130 tricesimus
3105 3089 3298 3151 supra
3323 3070 3716 3134 centesimum

478 3165 714 3242 agitur,
740 3182 818 3224 ea:
841 3182 958 3244 quo
995 3163 1270 3226 Jodocus
1302 3162 1724 3241 Chlictoveus,
1757 3163 2099 3244 theologus,
2126 3166 2258 3246 ejus
2288 3167 2355 3228 in
2370 3167 2636 3228 Joannis
2672 3166 3086 3247 Evangelium
3121 3171 3644 3234 Commentarium
3677 3189 3718 3230 a

483 3264 561 3328 θ.
592 3266 1005 3346 Trapezuntio
1033 3267 1253 3330 Latine
1306 3284 1549 3328 versum
1602 3266 1675 3329 G.
1707 3264 1989 3327 Ambasii
2020 3264 2361 3328 eardinalis
2381 3264 2750 3345 amplissimi
2763 3268 3115 3346 patrocinio
3138 3272 3384 3348 primus
3410 3289 3715 3332 commen-

480 3366 677 3429 davit.
707 3368 888 3431 Felix
911 3368 1014 3431 ille
1049 3368 1273 3432 oblatis
1309 3368 1433 3432 sibi
1454 3377 1598 3431 tunc
1618 3369 1744 3430 viri
1777 3370 1940 3431 tanti
1968 3370 2304 3449 auspiciis:
2326 3368 2579 3448 felicior
2606 3379 2809 3431 tamen
2836 3389 2998 3432 nunc
3029 3390 3137 3452 ego
3171 3376 3316 3436 tuis.
3351 3375 3720 3455 Quanquam

483 3470 645 3531 enim
685 3476 865 3530 erant
894 3470 964 3531 in
991 3468 1283 3531 Ambasio
1335 3470 1509 3532 card.
1544 3487 1781 3531 summa
1812 3467 2295 3549 quamplurima,
2320 3467 2624 3530 altissima
2663 3471 3035 3551 prudentia,
3069 3491 3277 3537 rerum
3303 3476 3721 3537 maximarum

480 3590 662 3647 usus,
694 3571 1037 3632 auctoritas
1080 3579 1139 3631 et
1168 3568 1512 3649 amplitudo
1539 3586 1734 3648 prope
1761 3566 2105 3646 singularis
2127 3586 2148 3626 :
2185 3585 2256 3626 ea
2293 3574 2498 3627 tamen
2534 3566 2603 3627 in
2641 3577 2698 3628 te
2730 3568 2820 3628 sic
2857 3569 3123 3631 eminent
3155 3571 3471 3645 universa,
3502 3573 3719 3634 μεέπ-

479 3670 774 3749 pressisse
799 3670 1072 3749 perfecte
1111 3669 1354 3730 demum
1392 3667 1642 3728 videare
1664 3666 1829 3745 quod
1860 3664 1963 3727 ille
1991 3672 2175 3725 antea
2203 3664 2476 3744 feliciter
2520 3665 2935 3729 adumbravit.
2976 3670 3157 3732 Istud
3195 3679 3359 3732 certe
3400 3672 3719 3747 eximium,

485 3771 652 3852 quod
674 3789 812 3831 cum
839 3767 1193 3831 incredibili
1233 3785 1443 3828 rerum
1492 3766 1848 3827 divinarum
1875 3773 1934 3826 et
1975 3764 2387 3825 humanarum
2416 3766 2679 3828 scientia
2704 3785 3002 3829 summam
3038 3769 3110 3830 de
3144 3769 3371 3832 litteris
3408 3769 3556 3834 bene
3593 3790 3721 3833 me-

484 3871 666 3936 rendi
689 3868 1056 3951 facultatem
1085 3864 1346 3938 obtines,
1365 3862 1802 3945 prasidiisque
1832 3859 2112 3924 omnibus
2138 3860 2421 3923 abundas
2458 3881 2591 3943 qua
2606 3871 2752 3926 sunt
2774 3864 2858 3927 ad
2879 3884 2982 3927 eas
3004 3866 3265 3929 tuendas
3290 3867 3726 3949 amandasque

486 3974 857 4038 necessaria.
890 3971 1040 4049 Qua
1067 3987 1202 4031 cum
1239 3969 1307 4030 in
1336 3976 1392 4029 te
1415 3966 1654 4047 largius
1685 3982 1869 4046 quam
1898 3966 1965 4026 in
2000 3982 2365 4046 quemquam
2395 3973 2753 4053 nostrorum
2796 3966 3107 4031 hominum
3128 3970 3290 4030 Deus
3327 3969 3470 4050 Opt.
3503 3979 3723 4031 contu-

487 4080 656 4155 lerit,
691 4075 882 4140 simul
909 4077 1093 4137 etiam
1118 4074 1387 4136 edixisse
1411 4071 1683 4145 videtur,
1709 4089 1748 4131 a
1773 4067 1946 4130 nullo
1965 4070 2430 4149 prasentiorem
2455 4077 2525 4130 ut
2557 4067 2679 4130 illa
2723 4086 2897 4148 opem
2925 4089 3104 4150 quam
3137 4090 3178 4131 a
3210 4077 3268 4132 te
3307 4079 3586 4152 quarunt
3616 4080 3730 4133 aut

486 4187 757 4259 sperent.
805 4176 974 4240 Unde
997 4175 1223 4237 mirum
1248 4172 1483 4235 nemini
1518 4170 1725 4233 videri
1759 4169 1957 4244 debet,
1990 4170 2155 4232 inter
2174 4175 2265 4230 tot
2281 4166 2546 4248 publica
2583 4168 2680 4229 rei
2706 4185 2889 4229 curas
2917 4176 3089 4230 tuum
3129 4168 3308 4231 illum
3335 4171 3644 4250 ingentem
3668 4179 3729 4231 et

486 4296 717 4357 magna
748 4275 1088 4337 volventem
1115 4273 1390 4335 animum
1423 4268 1507 4333 ad
1525 4270 1791 4350 optimas
1823 4269 1896 4329 de
1913 4267 2219 4347 juvandis
2250 4276 2305 4326 et
2338 4263 2792 4357 ampliﬁcandis
2812 4264 2892 4328 iis
2910 4266 3316 4346 cogitationes
3341 4267 3602 4330 subinde
3622 4285 3727 4329 re-

486 4379 726 4453 vocari,
755 4397 942 4459 eaque
973 4394 1219 4438 versare
1246 4394 1318 4436 ac
1349 4371 1584 4445 moliri,
1614 4387 1766 4451 qua,
1795 4369 1852 4428 si
1876 4369 2038 4428 Deus
2065 4365 2393 4444 aspirarit,
2411 4356 2691 4446 profecto
2719 4366 2988 4446 efficient
3024 4374 3094 4428 ut
3123 4386 3206 4429 ea
3231 4367 3578 4448 disciplina
3595 4386 3732 4449 qua

490 4488 548 4540 te
576 4478 760 4540 talem
795 4484 1151 4555 tantumque
1176 4473 1483 4551 fecerunt,
1511 4468 1776 4546 receptis
1821 4482 1936 4545 per
1987 4471 2044 4527 te
2088 4465 2492 4538 ornamentis,
2521 4465 2731 4546 quales
2761 4475 2821 4529 et
2860 4476 3104 4547 quanta
3133 4469 3263 4531 sint
3292 4486 3501 4531 omnes
3539 4467 3727 4531 intel-

488 4582 711 4662 ligant.
738 4580 954 4659 Itaque
990 4594 1125 4638 cum
1152 4584 1208 4636 te
1233 4569 1675 4652 propemodum
1694 4585 1885 4629 unum
1904 4566 2017 4628 hoc
2037 4575 2306 4646 tempore
2327 4566 2627 4628 doctrina
2661 4585 2866 4629 omnes
2907 4567 3240 4649 appellent,
3264 4578 3508 4651 tamque
3538 4588 3731 4649 supra

489 4708 551 4749 se
570 4686 842 4768 positum
872 4692 951 4758 te,
972 4697 1153 4762 quam
1180 4696 1295 4758 pro
1318 4696 1405 4751 se,
1445 4694 1569 4737 esse
1598 4673 1837 4748 norint,
1870 4669 2179 4751 theologia
2210 4669 2521 4751 peculiari
2542 4671 2690 4752 jure
2726 4679 2931 4734 tamen
2958 4674 3241 4753 agnoscit
3282 4693 3458 4735 suum
3487 4695 3508 4735 :
3546 4675 3646 4736 cui
3673 4675 3735 4736 si

491 4791 575 4853 ad
616 4788 977 4868 magniﬁcas
1019 4783 1159 4846 illas
1198 4780 1685 4845 substructiones
1729 4776 2281 4840 armamentarium
2309 4774 2607 4839 adversus
2662 4774 2915 4838 hareses
2967 4776 3115 4839 olim
3160 4778 3513 4855 addideris,
3544 4777 3731 4858 plura

470 4907 637 4983 )sane
664 4913 735 4957 ac
763 4893 1031 4957 certiora
1063 4889 1185 4952 tela
1203 4906 1386 4971 quam
1404 4884 1677 4965 Cyrillus
1702 4901 1827 4946 non
1838 4883 1978 4964 jam
2004 4889 2238 4957 noster,
2256 4880 2364 4943 sed
2384 4889 2548 4943 totus
2570 4888 2733 4957 tuus,
2747 4881 3133 4945 ministrabit
3160 4901 3369 4954 nemo;
3400 4902 3509 4944 seu
3530 4883 3728 4945 disse-

481 4987 674 5062 rendi
702 4999 796 5060 vis
841 5007 898 5060 et
939 5012 1197 5059 acumen
1231 4998 1567 5074 quaratur,
1596 5008 1703 5051 seu
1729 4985 2210 5069 argumentandi
2235 4984 2505 5048 varietas
2538 4993 2595 5046 et
2619 4986 2820 5065 copia,
2845 4986 2972 5048 sive
3010 4986 3376 5067 disputandi
3416 4986 3733 5048 vehemens

495 5106 555 5161 et
600 5104 894 5162 accurata
943 5096 1110 5158 ratio
1168 5092 1541 5157 Christiana
1579 5086 2048 5152 mansuetudini
2103 5104 2176 5147 ac
2212 5085 2526 5147 modestia
2566 5085 2944 5164 coniuncta:
2999 5084 3222 5166 quibus
3251 5083 3590 5147 virtutibus
3640 5085 3734 5144 ita

493 5192 707 5280 pollet,
747 5208 817 5261 ut
848 5198 1005 5261 hanc
1041 5199 1099 5260 ei
1130 5195 1375 5259 laudem
1413 5195 1619 5257 cateri
1647 5191 1898 5257 Gracia
1923 5189 2148 5252 Patres
2183 5204 2310 5248 non
2342 5185 2686 5249 invideant.
2720 5186 2875 5262 Quis
2912 5186 3074 5247 enim
3106 5203 3380 5265 unquam
3416 5183 3735 5245 haretieos

496 5315 795 5369 eteorum
844 5302 1127 5377 asseclas,
1178 5304 1235 5365 si
1273 5302 1341 5363 in
1378 5299 1687 5362 sententia
1742 5301 2201 5375 permanerent,
2234 5292 2443 5352 acrius
2472 5289 2849 5371 confupavit,
2875 5296 3008 5363 aut,
3039 5289 3097 5350 si
3133 5288 3381 5369 quando
3419 5306 3482 5348 se
3523 5284 3733 5346 studio

492 5408 667 5487 pacis
697 5406 1105 5487 inflecterent,
1129 5402 1213 5465 ad
1253 5419 1463 5463 veram
1491 5417 1564 5461 ac
1596 5399 1901 5460 sinceram
1928 5393 2076 5472 ﬁdei
2121 5391 2567 5467 confessionem
2600 5391 2815 5450 mitius
2841 5388 3193 5468 perduxit?
3222 5389 3301 5448 In
3327 5384 3735 5464 prafractum

499 5515 855 5577 Nestorium
886 5520 1184 5593 quantum
1207 5517 1265 5571 et
1284 5526 1467 5591 quam
1497 5505 1795 5568 invictum
1831 5500 2027 5562 animi
2055 5497 2251 5560 robur
2278 5496 2541 5577 jactatis
2578 5493 2874 5557 Ecclesia
2901 5492 3084 5593 rebus
3113 5488 3445 5552 adhibuit!
3470 5487 3553 5593 At
3587 5505 3735 5593 vero

501 5614 570 5675 in
593 5587 1399 5685 Joannem—Antiochenum,
1429 5609 1482 5670 Τ
1480 5602 1901 5677 heodoretum,
1923 5610 1980 5662 et
2001 5598 2160 5661 alios
2189 5597 2592 5658 adversarum
2609 5594 2890 5674 partium
2918 5590 3257 5670 episcopos,
3284 5606 3421 5650 cum
3453 5587 3537 5649 ad
3557 5587 3731 5649 sani-

502 5718 691 5776 tatem
726 5713 1057 5785 redissent,
1088 5719 1214 5772 tam
1248 5726 1482 5791 aquum
1520 5715 1577 5767 et
1603 5704 1919 5786 placatum
1954 5720 2017 5761 se
2052 5696 2339 5780 prabuit.
2365 5703 2436 5756 ut
2468 5693 2696 5754 librum
2732 5691 2804 5753 de
2839 5690 3182 5763 emissario,
3219 5697 3276 5750 et
3327 5706 3478 5771 quos
3514 5695 3735 5791 contra

501 5810 822 5876 lulianum
866 5810 1237 5873 desertorem
1286 5787 1620 5889 scripserat
1652 5803 2097 5870 examinandos
2138 5801 2223 5863 eis
2285 5797 2543 5862 miserit.
2581 5795 2698 5859 His
2733 5793 3036 5858 machinis
3083 5792 3459 5857 Christiana
3492 5787 3738 5852 militia
