4024 6220
349 263 452 320 H7
905 296 912 298 -
1234 265 1729 324 ΡΒᾸΞΡΑΤΙΟΝΕΒ
1765 269 1938 324 EDlTl

2004 271 2106 327 NIS
2142 272 2713 330 GRIECO—LATINA'I.
3491 279 3593 336 “8

344 381 483 444 dua:
509 383 897 461 fortissimus
922 381 1247 461 gentilium
1280 393 1337 444 et
1365 383 1794 445 haereticorum
1830 405 2003 448 arces
2033 387 2179 449 olim
2211 390 2452 480 evertit.
2489 390 2602 462 Et,
2640 390 2697 450 si
2722 389 2845 450 tuis
2874 391 3173 468 auspiciis
3197 438 3214 466 ,
3251 391 3597 455 cardinalis

346 485 855 559 eminentissime,
891 487 958 546 in
983 495 1228 548 exteras
1263 487 1434 549 orbis
1469 492 1756 568 regiones
1788 491 2124 571 aliquando
2157 495 2598 572 transferetur,
2632 493 2749 555 ibit
2772 512 2964 572 porro
2990 495 3118 557 illis
3146 498 3300 576 ipsis
3330 497 3600 577 insignis

345 588 547 647 armis
574 588 640 646 in
665 587 1078 649 Nestorianas
1111 589 1434 669 reliquias,
1469 591 1715 671 aliaque
1746 594 2102 656 istiusmodi
2128 603 2429 670 monstra,
2465 614 2596 674 quae
2621 595 2864 674 pridem
2900 595 3123 657 Oriens
3161 597 3308 673 alit,
3341 607 3450 658 aut
3469 616 3600 678 qua

347 709 479 751 non
506 690 719 752 multis
754 691 980 754 abhinc
1013 693 1196 753 annis
1236 694 1535 756 Occidens
1573 696 1850 773 infausto
1870 705 2062 774 partu
2088 701 2376 778 suscepit.
2405 698 2644 774 Quibus
2662 699 3053 777 propositum
3085 718 3218 761 cum
3242 700 3324 760 sit
3349 701 3415 760 S.
3449 699 3598 777 Spi-

348 793 516 853 ritus
545 801 604 851 et
636 792 876 855 Christi
901 795 1148 854 Domini
1174 794 1586 868 divinitatem,
1619 796 1766 873 ﬁdei
1787 806 2012 858 nostrae
2030 806 2244 874 caput,
2266 807 2557 871 evertere,
2580 797 2872 857 acerrimi
2890 795 3124 875 pugilis
3151 799 3276 857 vim
3297 806 3352 858 et
3384 800 3598 858 incur-

353 909 488 950 sum
509 909 636 950 non
670 891 919 968 frustra
953 895 1244 968 sentient,
1283 913 1386 974 qut
1417 902 1507 955 tot
1540 894 1686 955 olim
1718 895 1958 958 Christi
1994 897 2108 956 Dei
2153 896 2354 956 hostes
2390 894 2746 958 incredibili
2785 896 3016 956 virtute
3055 898 3424 974 prostravit.
3474 897 3599 960 Nec

353 993 554 1071 magis
584 991 662 1053 ab
687 991 796 1053 illo
830 994 953 1053 tuti
977 995 1115 1072 fore
1139 995 1426 1055 censendi
1454 1005 1597 1056 sunt
1628 1005 2273 1076 novatores:quorum
2302 1005 2546 1057 strenue
2577 995 3100 1074 confutandorum
3121 1014 3256 1056 cum
3295 995 3412 1057 tibi
3439 999 3600 1061 Deus

353 1096 632 1156 animum
678 1113 750 1153 ac
792 1101 1056 1153 mentem
1098 1095 1422 1168 indiderit,
1461 1113 1570 1155 nec
1613 1104 1670 1156 te
1715 1097 1926 1174 pigeat
1975 1097 2482 1175 gravissimorum
2528 1097 2921 1176 negotiorum
2954 1094 3283 1155 intervalla
3323 1096 3435 1156 hoc
3473 1099 3600 1156 otio

351 1205 569 1257 sancto
601 1195 1007 1273 distinguere,
1037 1215 1167 1257 rem
1196 1195 1550 1258 decidendis
1582 1198 1658 1258 iis
1688 1216 1819 1278 qua:
1849 1199 1914 1258 in
1942 1197 2242 1277 religione
2274 1206 2418 1258 sunt
2448 1207 2845 1260 controversa
2880 1196 3188 1276 capitibus
3210 1196 3604 1259 utilissimam

353 1304 520 1356 certe
555 1296 806 1372 feceris,
834 1297 889 1356 si
918 1303 1022 1356 tuo
1059 1295 1372 1376 beneﬁcio,
1406 1316 1537 1378 quae
1563 1298 1681 1360 tibi
1703 1297 2044 1375 amplitudo
2070 1305 2156 1358 est
2177 1299 2624 1372 animi,vetera
2656 1297 2721 1359 id
2739 1316 2932 1377 genus
2955 1307 3315 1359 sanctorum
3339 1299 3604 1359 Patrum

350 1406 752 1457 monumenta
783 1398 1056 1458 studiose
1087 1401 1561 1478 conquirantur,
1584 1409 1642 1462 et
1663 1418 1778 1480 per
1812 1387 2070 1460 idoneos
2094 1399 2369 1459 homines
2401 1401 2463 1460 in
2494 1397 2689 1460 lucem
2719 1399 3008 1460 edantur.
3033 1399 3139 1460 Ea:
3161 1397 3258 1459 his
3290 1399 3452 1460 enim
3472 1416 3606 1478 qua:

348 1497 556 1574 fuerit
577 1498 876 1575 primteva
903 1499 1077 1578 ﬁdes,
1104 1518 1236 1581 qua:
1267 1500 1613 1580 disciplinae
1644 1502 1876 1579 forma,
1910 1508 1968 1560 et
2004 1502 2112 1580 qui
2147 1500 2312 1560 rit-us
2339 1501 2584 1578 antiqui
2617 1501 2889 1562 omnium
2927 1502 3153 1580 optime
3187 1500 3604 1579 dignoscitur.

353 1604 415 1657 et
443 1597 557 1658 via:
586 1596 717 1658 ulla
744 1597 1024 1661 suboriri
1048 1609 1255 1678 potest
1288 1602 1356 1663 in
1377 1601 1498 1680 [ide
1524 1602 1777 1662 novatio
1814 1618 1948 1682 qua:
1979 1619 2107 1661 non
2146 1601 2344 1679 possit
2393 1619 2604 1661 eorum
2636 1600 3006 1680 prwjudicio
3047 1599 3264 1661 deleri.
3295 1600 3430 1660 Hoc
3457 1618 3605 1662 vero

357 1709 420 1760 te
456 1710 663 1762 manet
690 1702 940 1780 facinus
961 1701 1471 1782 pulcherrimum,
1494 1704 1839 1766 cardinalis
1875 1705 2347 1766 eminentissime
2372 1753 2387 1778 ,
2427 1703 2548 1764 hac
2582 1722 2610 1764 e
2651 1704 2944 1763 maximis
2974 1703 3099 1763 tuis
3145 1701 3608 1780 innumerisque

359 1805 658 1869 laudibus
691 1825 814 1868 una
847 1825 915 1868 eo
945 1826 1121 1888 quem
1175 1809 1244 1870 in
1270 1826 1460 1887 regno
1505 1809 1890 1870 Francorum
1929 1814 1988 1869 et
2018 1806 2302 1870 Ecclesia
2328 1807 2444 1868 Dei
2481 1804 2720 1866 obtines
2753 1805 2958 1884 gradu
2994 1802 3171 1882 longe
3209 1802 3603 1881 dignissima.

353 1904 497 1967 Alii
515 1906 670 1970 alios
698 1907 818 1970 tibi
837 1907 1180 1989 triumphos
1210 1916 1422 1989 optent
1448 1927 1470 1969 :
1493 1927 1696 1970 omnes
1721 1927 1829 1988 ego
1860 1907 2000 1984 tibi,
2022 1909 2131 1971 sed
2157 1911 2225 1970 in
2239 1907 2464 1990 primis
2494 1925 2594 1967 eos
2623 1923 2841 1967 vovere
2863 1922 2991 1966 non
3017 1903 3319 1976 desinam,
3346 1916 3607 1982 quorum

354 2027 480 2082 non
511 2010 577 2071 in
610 2012 799 2072 terris
832 2011 1038 2080 modo.
1059 2011 1168 2073 sed
1191 2017 1247 2072 et
1280 2011 1346 2072 in
1375 2009 1536 2074 caelis
1571 2011 1938 2092 consignata
1959 2012 2259 2073 memoria
2290 2008 2695 2072 immortalem
2727 2016 2783 2070 te
2830 2025 2906 2068 ex
2936 2003 3192 2067 mortali
3218 2004 3487 2084 faciant.

1824 2175 1895 2235 Ε.
1945 2176 2016 2236 Τ.
2063 2175 2141 2235 Β.
2685 2253 2966 2313 ΙοΑΝΝεε
3013 2231 3430 2310 ALBERTUS.

364 2454 3592 2482 ww“

1657 2621 2332 2737 LECTORI.

431 2995 535 3065 Qui
555 2995 873 3052 Gracorum
897 2992 1156 3050 Ecclesia
1181 2993 1403 3052 Patrum
1417 2993 1828 3050 lucubrationes
1864 2993 2054 3052 Latine
2088 3001 2300 3052 tantum
2331 2995 2388 3050 in
2407 2995 2586 3051 lucem
2620 2993 2842 3060 dedere,
2878 2991 3094 3048 tametsi
3153 2987 3340 3044 labore
3367 3001 3464 3044 suo
3498 2990 3608 3042 n'on

363 3102 569 3162 parum
595 3088 858 3146 Ecclesia
892 3089 1240 3161 profuerunt,
1273 3087 1526 3144 nonnihil
1553 3097 1732 3144 tamen
1762 3090 1999 3160 posteris
2025 3089 2278 3146 intulisse
2309 3089 2569 3145 videntur
2597 3087 2951 3155 incommodi,
2979 3085 3128 3158 quod
3163 3084 3337 3141 Graeci
3385 3081 3604 3138 codices

373 3195 493 3236 non
523 3180 689 3250 pauci
737 3181 941 3252 quibus
968 3181 1056 3237 usi
1109 3187 1288 3246 erant,
1317 3180 1604 3236 hominum
1635 3181 1856 3238 tandem
1879 3182 2114 3248 incuria,
2145 3197 2269 3238 cum
2301 3181 2508 3237 Latina
2537 3179 2810 3236 versionis
2852 3177 3240 3248 opportunitas
3289 3173 3527 3239 adesset,
3551 3172 3610 3230 in

363 3272 479 3328 situ
501 3289 566 3329 ac
605 3275 850 3330 tenebris
869 3275 1176 3346 perierunt.
1236 3273 1352 3329 Hoc
1380 3274 1639 3330 damnum
1691 3282 1986 3331 senserunt
2015 3276 2146 3330 olim
2190 3275 2449 3346 permulti
2482 3273 2742 3329 Ecclesia
2788 3272 3017 3327 Patres:
3046 3285 3150 3326 nec
3180 3270 3300 3340 ejus
3351 3263 3613 3321 immunis

365 3361 610 3435 Cyrillus
648 3367 973 3431 exstitisset,
999 3367 1106 3422 nisi
1137 3367 1366 3422 studiosi
1395 3367 1647 3423 homines
1695 3369 1804 3440 jam
1854 3369 2185 3439 periclitanti
2238 3368 2532 3423 salutarem
2580 3380 2803 3420 manum
2860 3363 3245 3420 intendissent.
3284 3360 3433 3415 Inter
3477 3371 3618 3427 quos

368 3458 586 3511 utinam
615 3457 816 3513 Anton.
845 3459 1446 3529 Agellius,Acernensis
1457 3459 1766 3530 episcopus,
1795 3467 1890 3514 aut
1907 3460 2286 3516 Bonaventura
2309 3458 2628 3523 Vulcanius,
2653 3455 2859 3512 eruditi
2883 3455 3232 3524 interpretes,
3254 3458 3348 3506 aut
3369 3448 3618 3504 Andreas

371 3545 601 3602 Scottus
628 3555 686 3602 et
715 3546 954 3602 Iacobus
981 3547 1260 3602 Pontanus
1291 3561 1322 3600 e
1369 3547 1632 3603 societate
1660 3547 1812 3612 Jesu,
1853 3555 1951 3602 aut
1983 3546 2186 3603 Anton.
2211 3548 2460 3612 Salmat.,
2484 3561 2553 3602 ex
2570 3546 2934 3602 Ambrosiano
2959 3541 3188 3613 collegio
3222 3539 3416 3596 doctor
3454 3539 3614 3594 theo-

373 3637 553 3711 logus,
596 3648 691 3694 aut
727 3639 903 3694 Nico].
935 3640 1196 3705 Borbon.,
1229 3639 1428 3695 Graca
1459 3641 1659 3710 lingua
1685 3640 1965 3710 professor
1985 3643 2270 3708 emeritus,
2304 3642 2399 3712 qui
2424 3642 2480 3696 in
2509 3641 2615 3698 hoc
2663 3640 2934 3711 scriptore
2977 3633 3245 3691 vertendo
3269 3631 3505 3688 feliciter
3531 3645 3625 3686 su-

378 3735 600 3796 darunt,
633 3747 773 3802 opus
799 3749 829 3787 a
851 3747 910 3788 se
945 3733 1261 3788 inchoatum
1279 3731 1347 3788 ad
1381 3733 1589 3788 exitum
1619 3733 2006 3804 perduxissent
2024 3737 2044 3790 ι’
2066 3736 2268 3807 Dignos
2289 3742 2438 3792 certe
2477 3742 2663 3791 tantus
2696 3731 2956 3790 Ecclesia
3003 3729 3195 3785 doctor
3226 3735 3421 3782 nactus
3448 3724 3626 3781 inter-

373 3828 562 3890 pretes
593 3820 752 3891 longe
788 3821 1017 3876 nitidior
1047 3829 1102 3874 et
1122 3820 1364 3876 ornatior
1388 3829 1694 3891 appareret.
1726 3823 1926 3878 Verum
1968 3823 2083 3879 sive
2145 3825 2260 3880 otio
2288 3841 2399 3880 non
2436 3823 2769 3882 abundarint
2802 3822 2950 3895 quod
2993 3821 3145 3893 operi
3181 3829 3289 3875 tam
3319 3817 3497 3887 spisso
3525 3829 3624 3869 ne-

376 3912 679 3966 cessarium
710 3921 878 3978 esset,
912 3914 1028 3968 sive
1062 3914 1186 3969 aliis
1225 3914 1424 3969 studiis
1452 3922 1549 3969 aut
1574 3917 1810 3987 negotiis
1837 3918 2099 3973 abstracti
2131 3917 2276 3973 istud
2304 3919 2488 3975 oneris
2537 3919 2861 3991 abjecerint,
2918 3918 2976 3972 in
3019 3915 3218 3986 capite,
3255 3910 3402 3982 quod
3447 3909 3625 3970 aiunt,

372 4007 557 4062 solum
597 4007 942 4073 laborarunt,
971 4018 1196 4066 cateras
1217 4011 1464 4081 corporis
1486 4019 1672 4080 partes
1708 4012 2055 4081 imperfectas
2102 4014 2468 4083 reliquerunt.
2509 4015 2664 4081 Quod
2701 4029 2826 4069 cum
2856 4015 2914 4067 in
2944 4011 3136 4082 primis
3177 4009 3449 4071 dolerem,
3478 4011 3535 4061 et
3571 4004 3630 4059 in

368 4118 495 4157 eam
527 4104 656 4157 vita
685 4103 955 4157 rationem
997 4104 1275 4174 ingressus
1298 4121 1477 4160 essem
1511 4105 1568 4160 in
1599 4121 1706 4175 qua
1741 4107 1916 4162 otium
1966 4116 2299 4180 suppeteret,
2339 4109 2482 4178 cepi,
2512 4107 2862 4178 quantumvis
2894 4104 3289 4161 mediocritatis
3325 4117 3461 4157 mea
3491 4116 3628 4157 con-

382 4199 557 4260 scius,
600 4197 864 4254 editionis
889 4198 1052 4268 hujus
1074 4199 1389 4263 consilium,
1416 4208 1590 4265 ratus,
1633 4210 1692 4254 ut
1718 4202 1774 4256 in
1811 4201 2084 4272 locuplete
2124 4203 2308 4268 domo,
2345 4202 2501 4257 sicin
2539 4201 2783 4256 Ecclesia
2815 4200 2915 4254 Dei
2942 4213 3063 4254 esse
3117 4213 3336 4268 quoque
3371 4193 3632 4251 ﬁctilibus

364 4299 424 4344 et
446 4290 648 4360 ligneis
668 4291 812 4345 vasis
837 4291 1016 4344 locum
1039 4291 1298 4360 aliquem,
1329 4291 1562 4347 simodo
1598 4293 1708 4348 sint
1744 4293 1887 4348 usui.
1912 4293 2285 4364 Intelligebam
2319 4293 2466 4348 enim
2497 4308 2660 4363 quam
2698 4291 2838 4346 male
2867 4306 2908 4344 a-
2922 4290 3205 4345 nonnullis
3230 4286 3632 4358 interpretibus

364 4381 597 4436 habitus
619 4390 763 4436 esset
786 4380 1036 4451 plurimis
1068 4381 1125 4435 in
1155 4380 1323 4435 libris.
1363 4380 1622 4452 Cyrillus,
1673 4382 1730 4437 in
1769 4381 1971 4452 quibus
2016 4382 2385 4453 repurgandis
2420 4397 2642 4452 operam
2672 4395 2879 4451 ponere
2927 4395 3040 4435 non
3079 4380 3243 4434 modo
3283 4378 3476 4433 inutile
3517 4391 3629 4431 non

365 4482 538 4536 esset,
567 4473 663 4528 sed
708 4489 969 4544 perquam
1013 4471 1416 4529 necessarium.
1465 4473 1581 4529 Dici
1628 4475 1831 4544 quippe
1872 4489 1984 4529 non
2028 4481 2210 4545 potest
2231 4482 2498 4544 quantum
2525 4474 2631 4530 sibi
2650 4474 2795 4546 juris
2820 4472 2875 4528 in
2900 4487 3027 4529 eum
3072 4467 3456 4538 sumpseritG.
3492 4468 3631 4522 Tra-

363 4567 684 4637 pezuntius,
713 4567 898 4622 multis
930 4567 987 4622 in
1026 4567 1304 4637 epitomen
1327 4565 1584 4631 redactis,
1608 4576 1664 4621 et
1686 4582 1978 4637 perperam
2006 4582 2147 4638 sape
2172 4566 2470 4623 translatis.
2515 4565 2672 4634 Quod
2718 4567 2776 4622 in
2816 4565 3076 4620 Thesauro
3103 4563 3326 4633 quidem
3374 4567 3633 4631 expertus

364 4660 613 4730 primum
657 4659 858 4713 Bonav.
908 4659 1221 4724 Vulcanius,
1259 4673 1360 4730 ego
1384 4658 1583 4713 deinde
1638 4658 1810 4713 nihilo
1861 4659 2258 4731 religiosiorem
2284 4661 2453 4716 fuisse
2487 4660 2543 4715 in
2586 4658 2893 4716 Comment.
2922 4660 3032 4715 illis
3065 4659 3122 4712 in
3159 4656 3424 4711 Joannem
3451 4653 3632 4724 reipsa

366 4751 638 4820 comperi.
656 4751 767 4806 Nec
789 4751 946 4822 longe
972 4750 1186 4806 felicior
1218 4752 1490 4822 interpres
1515 4749 1994 4821 OEcolampadius,
2028 4761 2091 4807 ut
2108 4753 2278 4808 libros
2302 4752 2376 4807 De
2394 4751 2651 4806 Trinitate
2673 4758 2730 4806 et
2754 4759 2939 4805 contra
2963 4747 3241 4804 Iulianum
3261 4743 3465 4817 legenti
3479 4744 3638 4800 facile

369 4843 606 4910 patebit.
642 4841 831 4911 Neque
865 4851 1044 4897 tamen
1070 4858 1165 4898 eos
1186 4858 1284 4898 sua
1318 4843 1478 4897 laude
1511 4856 1698 4898 carere
1723 4843 1912 4909 velim,
1932 4852 2026 4898 aut
2050 4859 2151 4915 ego
2183 4853 2295 4899 tam
2319 4851 2611 4898 accuratus
2635 4842 2848 4908 haberi,
2880 4848 2942 4896 ut
2973 4857 3086 4896 non
3108 4839 3513 4911 quamplurima
3539 4851 3636 4890 su-

367 4948 596 5002 peresse
631 4947 851 5004 qquue
875 4933 1067 4989 fatear.
1104 4949 1225 5004 qua
1249 4933 1662 5005 diligentiorum
1688 4949 1911 5004 operam
1945 4949 2009 4988 ac
2049 4934 2318 5006 judicium
2354 4934 2654 5004 requirant.
2691 4933 2876 5002 Itaque
2909 4929 3109 5000 siquid
3151 4945 3181 4984 a
3229 4943 3317 4983 me
3350 4934 3635 4998 peccatum

371 5024 807 5089 animadvertes,
838 5025 1193 5080 humanitatis
1219 5034 1302 5081 est
1325 5025 1640 5096 ignoscere;
1671 5040 1848 5096 eoque
1865 5026 2069 5097 justius
2093 5027 2254 5082 venia
2281 5026 2490 5096 sperari
2515 5026 2700 5090 debet,
2730 5023 2878 5096 quod
2910 5023 3130 5079 diilicile
3173 5020 3470 5076 admodum
3517 5026 3643 5073 erat

372 5133 428 5189 in
451 5126 560 5171 tam
592 5119 757 5189 longo
786 5118 961 5188 spatio
984 5134 1089 5173 non
1111 5118 1396 5189 cespitare.
1415 5119 1566 5174 Adde
1584 5119 1731 5189 quod
1749 5135 1874 5175 cum
1897 5135 2034 5190 opus
2061 5128 2441 5185 retractarem,
2468 5128 2524 5175 et
2540 5118 2786 5188 quadam
2812 5125 3003 5172 notare
3024 5117 3331 5187 ccepissen,..
3346 5123 3636 5170 excussum

376 5223 435 5264 ac
468 5209 875 5279 pr0pemodum
934 5215 1208 5263 extortum
1240 5207 1376 5262 mihi
1430 5218 1512 5264 est
1551 5210 1729 5279 ipsum
1761 5209 1829 5265 de
1876 5210 2606 5282 manibus,.bibliopolarum
2630 5210 2852 5265 assidua
2894 5207 3229 5280 flagitatione
3250 5246 3264 5269 ,
3302 5219 3428 5260 suas
3453 5201 3638 5272 perire

380 5301 478 5355 sibi
504 5301 752 5355 rationes
774 5300 1177 5372 objicientium,
1201 5309 1256 5355 et
1293 5315 1360 5355 eo
1383 5302 1604 5357 nomine
1638 5301 1693 5356 in
1727 5302 1816 5371 jus
1833 5303 1930 5359 lme
1968 5303 2373 5372 quodammodo
2416 5304 2768 5375 rapientium.

446 5393 513 5448 Ut
563 5409 704 5448 vero
751 5408 850 5464 per
914 5410 1054 5464 quos
1074 5395 1426 5465 profecerim,
1481 5403 1536 5450 et
1581 5395 1782 5465 quibus
1825 5395 2169 5464 adjutoribus
2200 5397 2500 5452 editionem
2541 5397 2682 5452 hanc
2727 5395 3064 5459 adornarim,
3104 5403 3252 5448 nete
3284 5391 3471 5457 lateat,
3502 5391 3650 5448 scito

381 5487 606 5556 gratiam
634 5489 690 5541 in
719 5486 911 5556 primis
933 5488 1123 5544 deberi
1145 5489 1484 5560 amplissimo
1515 5489 1634 5544 viro
1649 5488 1715 5544 N.
1737 5489 1994 5560 Rigaltio,
2037 5490 2130 5560 qui
2161 5491 2296 5546 mihi
2325 5497 2594 5561 quotquot
2632 5491 2688 5544 in
2732 5487 2894 5558 Regis
2935 5485 3231 5540 lectissima
3261 5483 3353 5538 illa
3388 5499 3527 5554 gaza.
3557 5500 3658 5538 re-

381 5577 538 5648 positi
563 5585 731 5632 erant
757 5578 946 5649 Cyrilli
982 5580 1201 5635 codices
1227 5580 1460 5653 benigne
1482 5582 1910 5637 communicavit
1945 5600 1958 5635 :
1996 5581 2298 5654 itidemque
2343 5583 2450 5638 DD.
2487 5581 2635 5639 card.
2678 5577 2976 5634 Barberino
3004 5585 3064 5634 et
3092 5575 3147 5633 S.
3185 5575 3492 5647 Onuphrio,
3524 5589 3642 5630 om-

377 5671 466 5726 nis
485 5671 757 5727 doctrina
781 5679 833 5728 et
864 5672 1218 5728 humanitatis
1240 5673 1402 5729 laude
1428 5670 1896 5739 eminentissimis,
1925 5687 2155 5742 quorum
2173 5673 2493 5729 auctoritate
2528 5670 2890 5729 reverendiss.
2920 5670 3078 5726 Pater
3096 5668 3283 5725 Horat.
3303 5665 3650 5725 Iustiniano;
