4024 6220
472 339 574 397 119
1562 335 1840 390 ΑΝΤΟΝῙΙ
1878 335 2055 390 AGEL

2131 335 2147 387 Ι
2188 329 2566 387 ΡΒᾹΣῈΑΤΙΟ.
3213 374 3222 375 κ
3617 328 3720 384 ΙΩο

473 457 648 512 libros
681 474 718 511 ιι
742 458 1072 528 posteriores
1087 455 1395 509 Comment.
1422 455 1476 508 in
1503 454 1703 509 Isaiam
1729 458 2040 527 prOphetam
2065 466 2121 510 et
2160 457 2363 511 librum
2407 472 2500 511 vni
2534 457 2588 510 in
2613 455 2835 510 Joannis
2875 453 3225 526 Evangelium
3249 449 3316 505 ad
3347 461 3448 504 nos
3481 459 3550 500 ex
3569 444 3721 501 Vati-

468 563 605 603 cana
636 548 956 602 transmisit.
982 547 1116 600 Nam
1149 548 1404 615 quintum
1427 566 1492 604 ac
1526 561 1742 606 sextum
1777 553 1834 606 in
1863 553 2129 607 Joannem
2178 553 2396 607 nescire
2425 561 2478 608 te
2506 568 2617 607 non
2643 560 2861 624 oportet
2908 550 3189 607 illustriss.
3244 564 3310 603 ac
3350 543 3716 600 reverendiss.

463 638 530 693 D.
566 637 761 691 Carolo
783 637 850 690 de
871 636 1140 702 Monchal,
1187 639 1601 711 archiepiscopo
1624 642 1916 708 Tolosano,
1948 641 2016 697 de
2049 643 2253 697 litteris
2279 657 2444 713 supra
2493 658 2657 713 quam
2700 644 2807 698 dici
2849 652 3030 714 potest
3059 643 3198 698 bene
3231 639 3451 703 merito,
3503 635 3716 699 deberi,

431 727 446 754 ’
467 733 558 798 qui
594 727 754 780 nobis
783 742 880 780 eos
913 742 980 780 ex
1009 727 1071 780 L.
1097 727 1348 784 Hostenii
1381 731 1744 786 eruditissimi
1785 733 1889 788 viri
1919 732 2224 804 κειμηλίοις
2259 733 2622 802 deprompsit,
2654 733 2709 786 id
2747 733 2973 803 insuper
3001 731 3247 786 studiose
3302 726 3720 783 commendante

466 821 533 875 N.
581 817 838 872 Fabricio
870 818 1150 873 Peirescio
1192 821 1248 874 in
1279 831 1474 876 senatu
1506 821 1749 892 Aquensi
1780 824 2096 879 consiliario
2121 824 2266 894 regis
2294 823 2654 894 amplissimo,
2687 825 2846 894 cujus
2887 831 3063 877 morte
3098 819 3463 878 clarissimum
3507 818 3721 871 littera-

458 927 583 966 rum
616 912 803 965 lumen
835 913 1171 967 exstinctum
1203 912 1334 966 boni
1367 928 1560 969 omnes
1605 915 1883 969 desiderio
1916 930 2016 969 suo
2047 929 2112 969 ac
2166 913 2356 969 dolore
2409 923 2696 970 testantur.
2735 913 2944 969 Exinde
2995 913 3087 968 alii
3130 911 3381 967 certatim
3411 909 3543 964 huic
3565 913 3716 976 operi

410 1038 414 1048 ι
469 1019 700 1058 manum
737 1004 1125 1060 admoverunt.
1154 1005 1289 1058 Nam
1318 1005 1642 1060 Thesaurum
1676 1022 1784 1060 una
1805 1021 1932 1060 cum
1957 1007 2080 1077 ejus
2105 1006 2582 1076 interpretatione,
2613 1013 2670 1062 et
2689 1006 2767 1060 De
2796 1007 3106 1060 adoratione
3131 1005 3190 1057 in
3240 1002 3430 1073 spiritu
3477 1016 3539 1052 ac
3583 999 3720 1053 veri-

466 1106 574 1151 tate
597 1099 773 1154 libros
797 1115 925 1164 xvu,
960 1115 1101 1169 quos
1128 1099 1436 1156 Academiae
1461 1101 1973 1172 Lugdune-Batava
1999 1101 2382 1157 Bonaventura
2410 1103 2711 1158 Vulcanius
2745 1102 3022 1173 quondam
3056 1101 3350 1170 legaverat,
3383 1094 3581 1150 advehi
3619 1109 3720 1147 cu-

466 1189 611 1243 ravit
634 1190 706 1244 cl.
731 1207 786 1243 ν.
821 1191 881 1245 Ρ.
915 1191 1471 1266 Puteanusjuvandis
1498 1197 1696 1251 litteris
1718 1205 1900 1251 natus.
1923 1196 2003 1250 Ex
2027 1212 2125 1250 sua
2177 1212 2308 1251 vero
2354 1196 2690 1252 bibliotheca
2733 1195 3138 1252 illustrissimus
3170 1193 3234 1246 D.
3264 1191 3332 1246 de
3356 1189 3569 1260 Harlay,
3605 1187 3720 1241 Ma-

465 1279 759 1335 cloviensis
793 1283 1106 1354 episcopus,
1163 1286 1384 1341 codices
1421 1285 1561 1340 duos
1599 1286 1836 1356 benigne
1868 1285 2264 1356 suppeditavit,
2294 1301 2530 1356 quorum
2555 1302 2698 1340 unus
2723 1285 2980 1341 Catenam
3006 1286 3062 1339 in
3084 1281 3311 1339 Joannis
3340 1278 3720 1350 Evangelium,

463 1387 529 1427 ex
557 1373 746 1445 Cyrilli
773 1377 1116 1448 aliorumque
1145 1379 1367 1433 Patrum
1400 1375 1812 1431 commentariis
1839 1376 2244 1441 concinnatam,
2273 1377 2412 1430 alter
2431 1377 2702 1448 Glaphyro
2725 1379 2781 1430 in
2802 1374 3240 1438 Pentateuchum,
3261 1388 3370 1427 una
3401 1387 3527 1427 cum
3564 1369 3724 1423 libris

463 1464 542 1519 De
576 1468 887 1523 adoratione
919 1472 976 1524 in
1025 1472 1215 1542 spiritu
1257 1478 1307 1521 et
1343 1469 1582 1533 veritate,
1629 1482 1692 1520 ac
1723 1466 1988 1519 Thesauro
2032 1467 2434 1536 complectitur.
2471 1466 2551 1520 Ex
2577 1465 2910 1538 Augustana,
2939 1465 3170 1522 Mathias
3211 1464 3543 1534 Ehingerus,
3601 1461 3723 1531 ejus

466 1561 582 1612 tum
615 1568 802 1616 custos
840 1561 1312 1632 diligentissimus,
1338 1562 1416 1614 De
1437 1568 1779 1616 sacrosancta
1827 1559 2084 1614 Trinitate
2116 1559 2289 1614 libros
2324 1575 2424 1614 sua
2457 1575 2623 1614 manu
2655 1559 2861 1615 diﬂicili
2910 1568 3155 1630 tempore
3196 1556 3501 1626 descriptos
3533 1554 3719 1620 {misit.

463 1649 756 1704 Postremo
784 1649 1134 1707 Collectanea
1167 1668 1235 1708 ex
1265 1653 1472 1726 Cyrillo
1506 1653 1737 1723 aliisque
1759 1652 2017 1709 Patribus
2040 1660 2300 1721 excerpta
2327 1651 2700 1722 suppeditavit
2721 1651 2880 1705 nobis
2917 1650 3197 1705 illustriss.
3225 1649 3311 1704 vir
3338 1650 3403 1704 D.
3437 1648 3719 1713 Biberius,

464 1741 609 1794 sacri
644 1740 972 1798 Consistorii
996 1759 1201 1810 comes,
1243 1745 1576 1815 integritatis
1595 1751 1651 1798 et
1678 1742 2010 1797 eruditionis
2027 1741 2202 1812 gloria
2237 1737 2600 1795 clarissimus.
2631 1739 2844 1807 Quibus
2867 1739 3126 1794 omnibus
3170 1747 3381 1793 tantum
3423 1737 3721 1808 gratiarum

463 1847 565 1902 ego
591 1832 768 1889 debeo
802 1845 1070 1905 quantum
1099 1836 1343 1891 Ecclesia
1377 1835 1649 1890 commodi
1678 1849 1747 1889 ex
1778 1833 2001 1903 scriptis
2052 1832 2386 1888 sanctissimi
2441 1831 2689 1886 doctoris
2729 1831 2930 1900 capiet.
2968 1830 3215 1901 Longum
3267 1836 3417 1884 esset
3474 1828 3724 1897 reliquos

465 1939 800 1992 percensere
831 1927 927 1996 qui
955 1927 1091 1982 mihi
1126 1929 1183 1982 in
1213 1928 1320 1982 hoc
1349 1927 1626 1982 curriculo
1658 1924 1878 1980 sudanti
1907 1938 2062 1978 suam
2090 1938 2252 1994 opem
2283 1932 2378 1978 aut
2405 1922 2728 1976 obtulerunt
2748 1928 2843 1976 aut
2873 1921 3268 1990 praestiterunt.
3299 1919 3462 1974 Certe
3486 1926 3718 1987 prmtcr—

463 2015 607 2069 mitti
633 2031 744 2071 non
767 2017 934 2073 debet
963 2019 1228 2074 eximium
1258 2036 1345 2075 vv.
1377 2020 1448 2074 cl.
1476 2018 1778 2074 P.Juniiet
1802 2018 1865 2071 D.
1903 2017 2054 2071 Rous
2075 2015 2130 2069 in
2159 2013 2404 2068 editione
2435 2025 2620 2069 nostra
2649 2012 2889 2084 juvanda
2927 2012 3282 2080 ornandaque
3317 2008 3581 2071 studium,
3622 2023 3694 2076 qu

462 2106 718 2161 homilias
753 2108 962 2178 aliquot
1017 2117 1072 2164 et
1115 2109 1295 2164 varias
1336 2109 1392 2163 in
1430 2123 1522 2162 eas
1574 2108 1842 2162 lectiones
1891 2120 1959 2159 ex
2004 2103 2430 2159 instructissima
2471 2102 2644 2158 Oxon.
2679 2100 2986 2156 Academiae
3015 2099 3349 2166 bibliotheca
3397 2107 3542 2152 tanta
3580 2092 3716 2154 mihi

462 2215 589 2254 cum
619 2200 900 2256 celeritate
925 2201 1217 2268 miserunt,
1247 2210 1308 2257 ut
1338 2201 1678 2272 prazvertisse
1710 2197 2116 2271 quodammodo
2143 2195 2470 2251 viderentur
2503 2194 2824 2264 petitionem
2847 2208 3047 2247 meam.
3080 2193 3192 2248 Nec
3222 2189 3423 2244 tacitus
3450 2189 3624 2244 abibit
3649 2190 3693 2244 N

460 2285 790 2354 Borbonius,
813 2289 1068 2346 candoris
1083 2298 1138 2345 et
1167 2289 1372 2361 ingenii
1402 2289 1628 2344 dotibus
1659 2287 2066 2351 ornatissimus,
2092 2283 2185 2356 qui
2213 2284 2495 2340 luculenta
2534 2282 2696 2338 nobis
2731 2282 3036 2354 fragmenta
3076 2283 3532 2339 intermediorum
3565 2297 3621 2336 tv
3652 2280 3722 2334 li-
3813 2322 3819 2328 .

463 2384 690 2440 brorum
714 2385 771 2437 in
801 2383 1063 2440 Joannem
1094 2401 1164 2442 ex
1189 2385 1393 2442 Catena
1447 2384 1728 2440 illustriss.
1759 2385 1824 2438 D.
1859 2382 2103 2453 episcopi
2161 2380 2544 2436 Macloviensis
2568 2381 2864 2450 desumpta
2919 2379 3153 2450 benigne
3205 2380 3452 2444 tradidit,
3484 2394 3719 2449 quorum

461 2493 565 2547 ope
591 2478 762 2534 multa
791 2479 849 2534 in
896 2495 930 2534 v
982 2489 1040 2535 et
1069 2496 1121 2534 vr
1156 2481 1277 2535 loca
1325 2479 1760 2545 emendavimus,
1823 2492 1950 2534 cum
1996 2476 2220 2532 unicum
2253 2475 2497 2544 alioquin
2545 2475 2826 2546 exemplar
2871 2485 3209 2546 suppeteret,
3259 2474 3510 2541 inﬁnitis,
3556 2483 3620 2529 ut
3647 2487 3719 2529 ne

461 2575 595 2644 quid
626 2563 992 2641 diSsimulem,
1024 2575 1240 2630 mendis
1269 2576 1638 2646 inquinatum.

532 2667 609 2723 De
643 2666 839 2722 ordine
866 2666 1158 2732 librorum,
1218 2667 1323 2723 hoc
1352 2667 1574 2733 habeto,
1618 2681 1720 2722 nos
1745 2680 1871 2722 eum
1910 2680 2022 2720 non
2059 2677 2451 2734 usquequaque
2513 2671 2732 2718 secutos
2768 2677 2910 2729 esse,
2953 2679 3118 2734 quem
3155 2663 3490 2734 exemplaria
3523 2661 3720 2716 Latina

462 2756 846 2830 praeferebant,
865 2755 963 2812 sed
984 2757 1508 2824 commodissimum,
1539 2753 1806 2828 quantum
1840 2757 2152 2828 patiebatur
2179 2757 2318 2812 ratio
2341 2796 2348 2801 -
2369 2765 2665 2820 tomorum,
2713 2755 3039 2811 instituisse.
3077 2757 3321 2813 Primum
3357 2757 3535 2812 locum
3559 2756 3721 2810 libris

462 2849 541 2902 De
570 2847 880 2901 adoratione
907 2846 965 2899 in
988 2846 1181 2916 spiritu
1213 2855 1262 2900 et
1283 2848 1504 2901 veritate
1533 2862 1641 2902 una
1679 2863 1805 2902 cum
1841 2845 2124 2920 Glaphyris
2150 2844 2422 2911 dedimus,
2461 2845 2630 2914 quod,
2673 2847 2951 2916 proposita
3002 2847 3259 2918 legalium
3311 2856 3561 2920 typorum
3591 2863 3719 2903 cum

463 2938 780 3010 evangelica
800 2939 1036 2994 veritate
1080 2939 1484 3005 convenientia,
1511 2941 1736 3009 planum
1763 2940 1870 2994 iter
1892 2937 1960 2992 ad
1987 2937 2274 3006 utriusque
2308 2937 2645 2992 Testamenti
2677 2939 3046 3008 cognitionem
3091 2940 3363 3009 aperiunt,
3398 2941 3718 3010 animosque

463 3031 532 3087 ad
555 3031 673 3102 ejus
685 3031 978 3085 iectionem
1007 3029 1214 3083 utiliter
1244 3035 1571 3099 praeparant.
1598 3030 1768 3084 Porro
1794 3029 1973 3084 varias
2004 3028 2270 3084 lectiones
2289 3043 2398 3083 non
2432 3043 2625 3083 omnes
2655 3027 2754 3081 tibi
2785 3037 3258 3097 repraesentamus,
3299 3030 3378 3084 uti
3404 3046 3507 3086 nec
3527 3046 3718 3086 emen-

463 3127 716 3186 dationes
759 3133 815 3180 et
833 3124 1340 3180 animadversiones
1364 3124 1420 3177 in
1463 3138 1528 3178 ca
1553 3122 1854 3194 Scriptura:
1883 3121 2001 3177 loca
2036 3137 2272 3192 quorum
2308 3122 2490 3176 versio
2545 3137 2670 3176 cum
2697 3120 2891 3175 Latina
2948 3122 3168 3193 vulgata
3217 3123 3398 3178 minus
3442 3125 3715 3191 congruit,

464 3222 872 3292 exemplaribus
899 3236 1134 3291 quorum
1157 3220 1227 3276 ad
1265 3221 1568 3291 marginem
1611 3236 1705 3277 eas
1729 3221 2050 3276 adnotaram
2077 3235 2176 3290 per
2212 3233 2482 3275 summam
2539 3218 2811 3272 incuriam
2843 3233 3136 3288 operarum
3186 3221 3423 3276 amissis.
3477 3221 3604 3276 Haec
3664 3231 3717 3276 te

465 3315 677 3385 paucis,
699 3316 898 3383 lector,
928 3316 1199 3372 monitum
1229 3317 1399 3371 volui.
1435 3316 1590 3383 Quod
1621 3325 1893 3388 superest,
1924 3316 2193 3381 studium,
2219 3331 2427 3386 quasso,
2454 3330 2639 3370 meum
2671 3315 2801 3369 boni
2821 3317 3068 3380 consule,
3093 3324 3149 3372 et
3173 3317 3316 3372 bene
3347 3317 3447 3372 tibi
3495 3317 3723 3387 cupien-

467 3422 578 3462 tem
601 3410 791 3466 eodem
821 3411 1005 3468 animo
1041 3427 1398 3482 prosequere.

475 3602 730 3619 ...ια-ψ

1179 3795 1907 3945 ADMONITIO‘
1958 3795 2413 3892 ANTON.
2498 3797 2978 3891 AGELLII

828 3992 1152 4056 Precmissa
1186 3992 1447 4056 editioni
1478 3993 1710 4054 Latinae
1757 3990 2059 4054 librorum
2089 3992 2176 4053 De
2221 3991 2592 4054 adoratione
2629 3993 2691 4052 in
2736 3991 2967 4070 spiritu
3016 4001 3071 4052 et
3109 3993 3386 4056 veritate.

1798 4162 1814 4222 (
1843 4160 2012 4210 Romae
2062 4157 2201 4219 1588,
2228 4157 2313 4208 fol.
2341 4161 2357 4218 )

540 4444 693 4500 Beati
732 4442 922 4517 Cyrilli
951 4445 1028 4501 De
1075 4444 1396 4500 adoratione
1441 4443 1501 4498 in
1533 4443 1734 4513 spiritu
1765 4451 1823 4498 et
1865 4443 2100 4498 veritate
2143 4442 2302 4497 libros
2351 4457 2470 4498 cum
2506 4443 2826 4516 Lugdunum
2868 4449 3245 4519 imprimendos
3280 4452 3559 4517 misissem,
3593 4453 3724 4507 adeo

470 4537 633 4604 male,
659 4554 765 4592 non
792 4538 945 4592 modo
975 4538 1326 4608 imprimentis
1353 4535 1694 4607 negligentia,
1712 4550 1896 4590 verum
1917 4537 2079 4590 etiam
2103 4536 2413 4606 corrigentis
2445 4535 2624 4608 culpa,
2643 4540 2842 4610 accepti
2872 4541 3105 4610 fuerunt,
3125 4550 3182 4596 ut
3213 4543 3505 4598 innumeris
3523 4543 3724 4599 mendis

472 4631 635 4702 pleni,
671 4641 719 4686 et
754 4631 894 4701 quod
917 4631 1043 4684 mihi
1064 4629 1332 4684 molestius
1349 4629 1469 4700 fuit,
1495 4629 1940 4684 adnotatiunculis
1972 4630 2295 4700 marginibus
2316 4630 2511 4684 additis
2529 4633 2752 4703 respersi
2781 4642 2974 4700 essent,
2993 4651 3124 4704 quas
3143 4653 3308 4706 neque
3323 4653 3417 4708 ego
3438 4641 3687 4694 miseram
3706 4677 3725 4702 ρ

473 4739 640 4795 neque
683 4723 909 4792 feceram
932 4739 950 4775 :
984 4730 1035 4774 et
1061 4722 1136 4774 ita
1161 4721 1353 4792 ineptae
1384 4729 1434 4774 et
1460 4721 1702 4776 absurdae
1724 4730 1899 4785 erant,
1927 4729 1984 4773 ut
2008 4721 2204 4774 alicubi
2237 4737 2301 4775 ne
2335 4722 2568 4776 auctoris
2596 4723 2806 4793 quidem
2831 4727 3158 4780 sanctissimi
3177 4735 3228 4779 et
3260 4729 3611 4785 eruditissimi
3628 4727 3739 4785 viri

430 4817 450 4845 "
474 4819 674 4872 nomini
689 4823 986 4888 parcerent.
1009 4813 1160 4880 Quod
1176 4816 1262 4870 ubi
1282 4817 1545 4887 conspexi,
1575 4825 1740 4870 totam
1759 4816 1912 4870 illam
1938 4816 2301 4887 Lugdunensis
2332 4817 2694 4887 impressionis
2716 4819 3081 4888 cogitationem
3109 4816 3292 4888 abjcci.
3327 4817 3432 4874 Sed
3465 4803 3742 4878 hortanti?

474 4910 568 4962 hus
610 4917 791 4978 postea
825 4909 1046 4962 eruditis
1071 4909 1220 4972 viris,
1252 4924 1556 4979 mecumque
1589 4907 1946 4962 benevolentia
1975 4908 2292 4977 conjunctis,
2311 4915 2360 4959 et
2385 4909 2649 4979 prtecipue
2677 4907 2897 4963 illorum
2923 4911 3344 4967 adhortationem
3374 4913 3725 4970 illustrissimc

476 5000 905 5072 amplissimaque
935 5001 1082 5056 card.
1102 4999 1322 5070 Carafa,
1359 5003 1509 5068 cuius
1532 5001 1688 5072 jussu
1716 5019 1777 5056 ac
1813 4999 2083 5055 voluntate
2111 4999 2233 5054 illos
2257 5009 2641 5064 converteram,
2672 5002 3020 5073 approbante,
3049 5012 3104 5056 ut
3136 5005 3265 5058 vitia
3291 5007 3586 5075 superioris
3624 5008 3723 5060 im-

477 5097 759 5166 pres‘sionis
791 5097 1145 5163 emendarem,
1189 5096 1417 5152 alteram
1447 5106 1503 5151 ut
1528 5098 1720 5152 dicitur
1740 5098 2130 5168 navigationem
2150 5097 2374 5166 suscepi,
2404 5105 2454 5150 et
2493 5096 2562 5149 ad
2583 5097 2825 5151 incudem
2850 5096 3004 5151 illam
3052 5099 3451 5167 impressionem
3471 5103 3726 5166 revocavi,

478 5185 764 5256 curavique
792 5195 849 5239 ut
869 5186 1038 5239 denuo
1076 5185 1196 5240 libri
1223 5185 1602 5240 emendatiores
1623 5187 2074 5256 imprimerentur.
2127 5183 2321 5249 Habes,
2375 5183 2537 5238 lector
2558 5226 2572 5250 ,
2599 5184 2854 5241 Romana:
2887 5188 3045 5256 hujus
3097 5188 3457 5258 impressionis
3491 5207 3727 5245 causam.

475 5279 629 5335 Nunc
663 5277 799 5332 mihi
831 5279 968 5332 ratio
993 5279 1304 5348 exponenda
1327 5287 1402 5331 est
1427 5294 1588 5348 quam
1623 5279 1679 5331 in
1699 5275 2100 5348 interpretando
2123 5293 2242 5330 sum
2279 5286 2506 5331 secutus.

549 5371 664 5443 Ego
688 5387 807 5424 cum
835 5369 1064 5424 viderem
1094 5372 1149 5424 in
1179 5379 1518 5426 externorum
1549 5371 1758 5443 scriptis
1801 5368 2182 5439 transferendis
2207 5367 2368 5437 fidem
2412 5367 2716 5437 interpretis
2779 5367 2999 5438 requiri,
3023 5376 3180 5438 atque
3199 5384 3327 5425 eam
3350 5367 3557 5421 abunde
3581 5386 3721 5440 pra!-

475 5469 632 5532 stari,
662 5471 707 5523 si
735 5468 873 5540 quod
898 5467 954 5521 in
987 5470 1348 5539 permutandis
1378 5469 1603 5524 nummis
1633 5468 1909 5522 usuvenire
1937 5465 2069 5520 sole:
2095 5506 2110 5531 ,
2146 5468 2431 5520 aestimatio
2453 5468 2729 5521 sententiae
2758 5464 3090 5519 tantumdem
3117 5465 3300 5518 valens
3325 5465 3599 5533 reddatur,
3623 5483 3724 5520 non

478 5558 781 5631 scrupulose
819 5558 978 5614 verba
1016 5569 1394 5626 numerentur;
1435 5561 1658 5615 medium
1697 5557 1987 5632 quamdam
2026 5557 2165 5611 viam
2204 5559 2332 5612 mihi
2369 5558 2764 5627 ingrediendum
2796 5557 2997 5628 putavi,
3035 5563 3092 5608 ut
3115 5557 3434 5612 sententiam
3490 5561 3725 5617 auctoris

468 5654 560 5719 ita
582 5648 870 5714 redderem,
904 5659 960 5704 ut
989 5669 1153 5724 neque
1186 5656 1342 5710 illam
1361 5656 1535 5710 solum
1560 5665 1801 5727 spectans
1838 5653 1993 5708 verba
2017 5660 2422 5715 contemnerem,
2461 5668 2627 5723 neque
2676 5668 2856 5704 rursus
2898 5650 3066 5704 verbis
3093 5650 3375 5722 plusquam
3408 5665 3537 5718 opus
3593 5653 3728 5702 esset

485 5747 864 5810 adhtcresccns,
891 5745 1139 5802 obscuras
1170 5763 1352 5804 essem.
1385 5750 1561 5810 Neque
1611 5766 1729 5806 vero
1759 5748 1952 5804 Latina
1981 5747 2138 5803 verba
2181 5745 2274 5801 illa
2318 5753 2525 5802 tantum
2555 5746 2752 5812 vutavi,
2779 5760 2894 5816 rpite
2942 5744 3086 5816 apud
3133 5743 3329 5816 lingua:
3361 5751 3593 5830 supinatas
3619 5751 3720 5790 αα-
