  <div class='ocr_page' id='page_1' title='image "/cluster/home/n/w/nwhite01/storage/ocr_20150623/68/hvd.32044073501975/066.png"; bbox 0 0 4024 6220; ppageno 0'>
   <div class='ocr_carea' id='block_1_1' title="bbox 261 358 1850 457">
    <p class='ocr_par' dir='ltr' id='par_1_1' title="bbox 261 358 1850 457">
     <span class='ocr_line' id='line_1_1' title="bbox 261 358 1850 457; baseline 0.005 -42"><span class='ocrx_word' id='word_1_1' title='bbox 261 358 357 415; x_wconf 77' lang='grc'><strong><em>121</em></strong></span> <span class='ocrx_word' id='word_1_2' title='bbox 1386 365 1670 457; x_wconf 34' lang='grc' dir='ltr'><strong><em>,ΛΝΤΟΝΠ</em></strong></span> <span class='ocrx_word' id='word_1_3' title='bbox 1702 367 1850 425; x_wconf 84' lang='lat' dir='ltr'><strong>AGE]</strong></span> 
     </span>
    </p>
   </div>
   <div class='ocr_carea' id='block_1_2' title="bbox 1924 358 3513 457">
    <p class='ocr_par' dir='ltr' id='par_1_2' title="bbox 1924 372 3513 430">
     <span class='ocr_line' id='line_1_2' title="bbox 1924 372 3513 430; baseline 0.01 -6"><span class='ocrx_word' id='word_1_4' title='bbox 1924 372 1976 426; x_wconf 84' lang='grc' dir='ltr'><strong><em>,ιι</em></strong></span> <span class='ocrx_word' id='word_1_5' title='bbox 2014 374 2394 430; x_wconf 66' lang='grc' dir='ltr'><strong><em>ΡΒιΕῖΑτίο.</em></strong></span> <span class='ocrx_word' id='word_1_6' title='bbox 3409 373 3513 428; x_wconf 65' lang='lat'><strong><em>523</em></strong></span> 
     </span>
    </p>
   </div>
   <div class='ocr_carea' id='block_1_3' title="bbox 251 473 3508 557">
    <p class='ocr_par' dir='ltr' id='par_1_3' title="bbox 251 473 3508 557">
     <span class='ocr_line' id='line_1_3' title="bbox 251 473 3508 557; baseline 0.003 -28"><span class='ocrx_word' id='word_1_7' title='bbox 251 483 422 529; x_wconf 86' lang='lat' dir='ltr'><strong><em>ctores</em></strong></span> <span class='ocrx_word' id='word_1_8' title='bbox 463 473 834 543; x_wconf 85' lang='lat' dir='ltr'><strong><em>reperiuntur;</em></strong></span> <span class='ocrx_word' id='word_1_9' title='bbox 885 491 1010 530; x_wconf 90' lang='lat' dir='ltr'><strong><em>nam</em></strong></span> <span class='ocrx_word' id='word_1_10' title='bbox 1040 476 1137 530; x_wconf 92' lang='lat' dir='ltr'><strong><em>illa</em></strong></span> <span class='ocrx_word' id='word_1_11' title='bbox 1163 478 1420 532; x_wconf 79' lang='lat' dir='ltr'><strong><em>scribendi</em></strong></span> <span class='ocrx_word' id='word_1_12' title='bbox 1467 483 1632 535; x_wconf 84' lang='lat' dir='ltr'><strong><em>anxia</em></strong></span> <span class='ocrx_word' id='word_1_13' title='bbox 1671 484 1910 537; x_wconf 53' lang='lat' dir='ltr'><strong><em>nimis&#39;et</em></strong></span> <span class='ocrx_word' id='word_1_14' title='bbox 1949 487 2262 556; x_wconf 87' lang='lat' dir='ltr'><strong><em>scrupulosa</em></strong></span> <span class='ocrx_word' id='word_1_15' title='bbox 2329 486 2468 540; x_wconf 97' lang='lat' dir='ltr'><strong><em>ratio</em></strong></span> <span class='ocrx_word' id='word_1_16' title='bbox 2500 488 2553 540; x_wconf 90' lang='lat' dir='ltr'><strong><em>in</em></strong></span> <span class='ocrx_word' id='word_1_17' title='bbox 2587 487 2650 540; x_wconf 87' lang='lat' dir='ltr'><strong><em>iis</em></strong></span> <span class='ocrx_word' id='word_1_18' title='bbox 2686 487 2891 557; x_wconf 76' lang='lat' dir='ltr'><strong><em>scriptis</em></strong></span> <span class='ocrx_word' id='word_1_19' title='bbox 2919 500 3036 556; x_wconf 64' lang='lat' dir='ltr'><strong><em>quin</em></strong></span> <span class='ocrx_word' id='word_1_20' title='bbox 3088 485 3158 538; x_wconf 91' lang='lat' dir='ltr'><strong><em>ad</em></strong></span> <span class='ocrx_word' id='word_1_21' title='bbox 3206 483 3508 554; x_wconf 74' lang='lat' dir='ltr'><strong><em>religionem</em></strong></span> 
     </span>
    </p>
   </div>
   <div class='ocr_carea' id='block_1_4' title="bbox 254 569 3507 650">
    <p class='ocr_par' dir='ltr' id='par_1_4' title="bbox 254 569 3507 650">
     <span class='ocr_line' id='line_1_4' title="bbox 254 569 3507 650; baseline 0.003 -30"><span class='ocrx_word' id='word_1_22' title='bbox 254 569 540 638; x_wconf 89' lang='lat' dir='ltr'><strong><em>pertinent,</em></strong></span> <span class='ocrx_word' id='word_1_23' title='bbox 576 581 1086 638; x_wconf 37' lang='lat' dir='ltr'><strong><em>non‘usquequaque</em></strong></span> <span class='ocrx_word' id='word_1_24' title='bbox 1139 571 1341 624; x_wconf 90' lang='lat' dir='ltr'><strong><em>servari</em></strong></span> <span class='ocrx_word' id='word_1_25' title='bbox 1387 579 1590 641; x_wconf 78' lang='lat' dir='ltr'><strong><em>potest;</em></strong></span> <span class='ocrx_word' id='word_1_26' title='bbox 1635 573 1891 645; x_wconf 77' lang='lat' dir='ltr'><strong><em>religione</em></strong></span> <span class='ocrx_word' id='word_1_27' title='bbox 1947 579 2085 631; x_wconf 90' lang='lat' dir='ltr'><strong><em>enim</em></strong></span> <span class='ocrx_word' id='word_1_28' title='bbox 2125 578 2356 650; x_wconf 90' lang='lat' dir='ltr'><strong><em>quadam</em></strong></span> <span class='ocrx_word' id='word_1_29' title='bbox 2399 578 2676 632; x_wconf 90' lang='lat' dir='ltr'><strong><em>verborum</em></strong></span> <span class='ocrx_word' id='word_1_30' title='bbox 2710 579 2959 631; x_wconf 75' lang='lat' dir='ltr'><strong><em>astrictus</em></strong></span> <span class='ocrx_word' id='word_1_31' title='bbox 2998 584 3203 629; x_wconf 90' lang='lat' dir='ltr'><strong><em>tenetur</em></strong></span> <span class='ocrx_word' id='word_1_32' title='bbox 3227 577 3507 645; x_wconf 87' lang='lat' dir='ltr'><strong><em>interpres,</em></strong></span> 
     </span>
    </p>
   </div>
   <div class='ocr_carea' id='block_1_5' title="bbox 254 656 3510 739">
    <p class='ocr_par' dir='ltr' id='par_1_5' title="bbox 254 656 3510 739">
     <span class='ocr_line' id='line_1_5' title="bbox 254 656 3510 739; baseline 0.002 -28"><span class='ocrx_word' id='word_1_33' title='bbox 254 659 386 712; x_wconf 74' lang='lat' dir='ltr'><strong><em>adeo</em></strong></span> <span class='ocrx_word' id='word_1_34' title='bbox 409 665 470 711; x_wconf 89' lang='lat' dir='ltr'><strong><em>ut</em></strong></span> <span class='ocrx_word' id='word_1_35' title='bbox 501 659 545 711; x_wconf 89' lang='lat' dir='ltr'><strong><em>si</em></strong></span> <span class='ocrx_word' id='word_1_36' title='bbox 573 656 871 727; x_wconf 88' lang='lat' dir='ltr'><strong><em>elegantius</em></strong></span> <span class='ocrx_word' id='word_1_37' title='bbox 896 661 1189 731; x_wconf 87' lang='lat' dir='ltr'><strong><em>transferre</em></strong></span> <span class='ocrx_word' id='word_1_38' title='bbox 1222 661 1368 728; x_wconf 89' lang='lat' dir='ltr'><strong><em>velit,</em></strong></span> <span class='ocrx_word' id='word_1_39' title='bbox 1409 679 1574 734; x_wconf 88' lang='lat' dir='ltr'><strong><em>neque</em></strong></span> <span class='ocrx_word' id='word_1_40' title='bbox 1620 666 1776 718; x_wconf 88' lang='lat' dir='ltr'><strong><em>certis</em></strong></span> <span class='ocrx_word' id='word_1_41' title='bbox 1803 666 2116 736; x_wconf 85' lang='lat' dir='ltr'><strong><em>quibusdam</em></strong></span> <span class='ocrx_word' id='word_1_42' title='bbox 2155 669 2234 721; x_wconf 85' lang='lat' dir='ltr'><strong><em>uti</em></strong></span> <span class='ocrx_word' id='word_1_43' title='bbox 2274 669 2442 722; x_wconf 81' lang='lat' dir='ltr'><strong><em>verbis</em></strong></span> <span class='ocrx_word' id='word_1_44' title='bbox 2497 677 2656 739; x_wconf 87' lang='lat' dir='ltr'><strong><em>atque</em></strong></span> <span class='ocrx_word' id='word_1_45' title='bbox 2684 668 3023 730; x_wconf 83' lang='lat' dir='ltr'><strong><em>solemnibus,</em></strong></span> <span class='ocrx_word' id='word_1_46' title='bbox 3057 665 3367 736; x_wconf 88' lang='lat' dir='ltr'><strong><em>plerumque</em></strong></span> <span class='ocrx_word' id='word_1_47' title='bbox 3385 681 3510 718; x_wconf 86' lang='lat' dir='ltr'><strong><em>sen--</em></strong></span> 
     </span>
    </p>
   </div>
   <div class='ocr_carea' id='block_1_6' title="bbox 253 750 3510 832">
    <p class='ocr_par' dir='ltr' id='par_1_6' title="bbox 253 750 3510 832">
     <span class='ocr_line' id='line_1_6' title="bbox 253 750 3510 832; baseline 0.002 -30"><span class='ocrx_word' id='word_1_48' title='bbox 253 752 478 804; x_wconf 77' lang='lat' dir='ltr'><strong><em>tentiam</em></strong></span> <span class='ocrx_word' id='word_1_49' title='bbox 504 750 762 814; x_wconf 82' lang='lat' dir='ltr'><strong><em>obscuret,</em></strong></span> <span class='ocrx_word' id='word_1_50' title='bbox 790 750 916 804; x_wconf 89' lang='lat' dir='ltr'><strong><em>dum</em></strong></span> <span class='ocrx_word' id='word_1_51' title='bbox 948 750 1260 806; x_wconf 82' lang='lat' dir='ltr'><strong><em>Christianis</em></strong></span> <span class='ocrx_word' id='word_1_52' title='bbox 1283 755 1496 824; x_wconf 83' lang='lat' dir='ltr'><strong><em>abjectis</em></strong></span> <span class='ocrx_word' id='word_1_53' title='bbox 1527 755 1754 810; x_wconf 87' lang='lat' dir='ltr'><strong><em>cultiora</em></strong></span> <span class='ocrx_word' id='word_1_54' title='bbox 1779 756 2003 826; x_wconf 81' lang='lat' dir='ltr'><strong><em>fortasse</em></strong></span> <span class='ocrx_word' id='word_1_55' title='bbox 2028 762 2215 831; x_wconf 69' lang='lat' dir='ltr'><strong><em>quaerit</em></strong></span> <span class='ocrx_word' id='word_1_56' title='bbox 2231 779 2250 826; x_wconf 91' lang='lat'><strong><em>;</em></strong></span> <span class='ocrx_word' id='word_1_57' title='bbox 2279 778 2418 832; x_wconf 69' lang='lat' dir='ltr'><strong><em>stupe</em></strong></span> <span class='ocrx_word' id='word_1_58' title='bbox 2441 760 2838 831; x_wconf 84' lang='lat' dir='ltr'><strong><em>simplicitatem</em></strong></span> <span class='ocrx_word' id='word_1_59' title='bbox 2872 757 3027 812; x_wconf 90' lang='lat' dir='ltr'><strong><em>illam</em></strong></span> <span class='ocrx_word' id='word_1_60' title='bbox 3050 756 3343 812; x_wconf 86' lang='lat' dir='ltr'><strong><em>Christiani</em></strong></span> <span class='ocrx_word' id='word_1_61' title='bbox 3371 757 3510 809; x_wconf 91' lang='lat' dir='ltr'><strong><em>scri-</em></strong></span> 
     </span>
    </p>
   </div>
   <div class='ocr_carea' id='block_1_7' title="bbox 251 841 3508 924">
    <p class='ocr_par' dir='ltr' id='par_1_7' title="bbox 251 841 3508 924">
     <span class='ocr_line' id='line_1_7' title="bbox 251 841 3508 924; baseline 0.002 -31"><span class='ocrx_word' id='word_1_62' title='bbox 251 842 419 910; x_wconf 88' lang='lat' dir='ltr'><strong><em>ptoris</em></strong></span> <span class='ocrx_word' id='word_1_63' title='bbox 448 859 481 894; x_wconf 88' lang='lat' dir='ltr'><strong><em>a</em></strong></span> <span class='ocrx_word' id='word_1_64' title='bbox 511 843 643 911; x_wconf 89' lang='lat' dir='ltr'><strong><em>fucis</em></strong></span> <span class='ocrx_word' id='word_1_65' title='bbox 673 841 908 896; x_wconf 89' lang='lat' dir='ltr'><strong><em>alienam</em></strong></span> <span class='ocrx_word' id='word_1_66' title='bbox 930 861 1118 913; x_wconf 91' lang='lat' dir='ltr'><strong><em>parum</em></strong></span> <span class='ocrx_word' id='word_1_67' title='bbox 1152 846 1382 916; x_wconf 79' lang='lat' dir='ltr'><strong><em>referat;</em></strong></span> <span class='ocrx_word' id='word_1_68' title='bbox 1407 863 1789 918; x_wconf 85' lang='lat' dir='ltr'><strong><em>nonnunquam</em></strong></span> <span class='ocrx_word' id='word_1_69' title='bbox 1811 852 1970 906; x_wconf 91' lang='lat' dir='ltr'><strong><em>etiam</em></strong></span> <span class='ocrx_word' id='word_1_70' title='bbox 1989 895 2002 918; x_wconf 94' lang='lat'><strong><em>,</em></strong></span> <span class='ocrx_word' id='word_1_71' title='bbox 2029 853 2167 922; x_wconf 88' lang='lat' dir='ltr'><strong><em>quod</em></strong></span> <span class='ocrx_word' id='word_1_72' title='bbox 2189 861 2348 924; x_wconf 90' lang='lat' dir='ltr'><strong><em>caput</em></strong></span> <span class='ocrx_word' id='word_1_73' title='bbox 2373 862 2469 918; x_wconf 88' lang='lat' dir='ltr'><strong><em>est,</em></strong></span> <span class='ocrx_word' id='word_1_74' title='bbox 2503 854 2709 907; x_wconf 89' lang='lat' dir='ltr'><strong><em>decreta</em></strong></span> <span class='ocrx_word' id='word_1_75' title='bbox 2743 851 2986 923; x_wconf 72' lang='lat' dir='ltr'><strong><em>quoniam</em></strong></span> <span class='ocrx_word' id='word_1_76' title='bbox 3016 857 3211 903; x_wconf 67' lang='lat' dir='ltr'><strong><em>nostra:</em></strong></span> <span class='ocrx_word' id='word_1_77' title='bbox 3239 847 3362 914; x_wconf 80' lang='lat' dir='ltr'><strong><em>ﬁdei</em></strong></span> <span class='ocrx_word' id='word_1_78' title='bbox 3395 849 3508 900; x_wconf 83' lang='lat' dir='ltr'><strong><em>vio-</em></strong></span> 
     </span>
    </p>
   </div>
   <div class='ocr_carea' id='block_1_8' title="bbox 253 930 3510 1016">
    <p class='ocr_par' dir='ltr' id='par_1_8' title="bbox 253 930 3510 1016">
     <span class='ocr_line' id='line_1_8' title="bbox 253 930 3510 1016; baseline 0.003 -33"><span class='ocrx_word' id='word_1_79' title='bbox 253 930 345 983; x_wconf 91' lang='lat' dir='ltr'><strong><em>let.</em></strong></span> <span class='ocrx_word' id='word_1_80' title='bbox 384 930 741 995; x_wconf 85' lang='lat' dir='ltr'><strong><em>Quamobrem</em></strong></span> <span class='ocrx_word' id='word_1_81' title='bbox 768 936 1000 989; x_wconf 88' lang='lat' dir='ltr'><strong><em>auctoris</em></strong></span> <span class='ocrx_word' id='word_1_82' title='bbox 1028 952 1239 991; x_wconf 87' lang='lat' dir='ltr'><strong><em>sensum</em></strong></span> <span class='ocrx_word' id='word_1_83' title='bbox 1265 938 1342 991; x_wconf 91' lang='lat' dir='ltr'><strong><em>ita</em></strong></span> <span class='ocrx_word' id='word_1_84' title='bbox 1382 946 1601 993; x_wconf 84' lang='lat' dir='ltr'><strong><em>conatus</em></strong></span> <span class='ocrx_word' id='word_1_85' title='bbox 1633 957 1753 995; x_wconf 90' lang='lat' dir='ltr'><strong><em>sum</em></strong></span> <span class='ocrx_word' id='word_1_86' title='bbox 1793 945 2107 1014; x_wconf 84' lang='lat' dir='ltr'><strong><em>transferre,</em></strong></span> <span class='ocrx_word' id='word_1_87' title='bbox 2141 955 2199 998; x_wconf 89' lang='lat' dir='ltr'><strong><em>ut</em></strong></span> <span class='ocrx_word' id='word_1_88' title='bbox 2227 946 2550 1016; x_wconf 87' lang='lat' dir='ltr'><strong><em>simplicibus</em></strong></span> <span class='ocrx_word' id='word_1_89' title='bbox 2573 947 2771 1010; x_wconf 87' lang='lat' dir='ltr'><strong><em>verbis,</em></strong></span> <span class='ocrx_word' id='word_1_90' title='bbox 2809 952 2857 997; x_wconf 93' lang='lat' dir='ltr'><strong><em>et</em></strong></span> <span class='ocrx_word' id='word_1_91' title='bbox 2894 961 2926 996; x_wconf 93' lang='lat' dir='ltr'><strong><em>a</em></strong></span> <span class='ocrx_word' id='word_1_92' title='bbox 2949 941 3328 996; x_wconf 87' lang='lat' dir='ltr'><strong><em>consuetudine</em></strong></span> <span class='ocrx_word' id='word_1_93' title='bbox 3355 940 3510 995; x_wconf 80' lang='lat' dir='ltr'><strong><em>Chri-</em></strong></span> 
     </span>
    </p>
   </div>
   <div class='ocr_carea' id='block_1_9' title="bbox 255 1021 3506 1108">
    <p class='ocr_par' dir='ltr' id='par_1_9' title="bbox 255 1021 3506 1108">
     <span class='ocr_line' id='line_1_9' title="bbox 255 1021 3506 1108; baseline 0.003 -34"><span class='ocrx_word' id='word_1_94' title='bbox 255 1021 407 1076; x_wconf 88' lang='lat' dir='ltr'><strong><em>tiana</em></strong></span> <span class='ocrx_word' id='word_1_95' title='bbox 431 1023 647 1076; x_wconf 87' lang='lat' dir='ltr'><strong><em>minime</em></strong></span> <span class='ocrx_word' id='word_1_96' title='bbox 667 1023 862 1078; x_wconf 86' lang='lat' dir='ltr'><strong><em>alienis</em></strong></span> <span class='ocrx_word' id='word_1_97' title='bbox 897 1033 1115 1092; x_wconf 88' lang='lat' dir='ltr'><strong><em>uterer;</em></strong></span> <span class='ocrx_word' id='word_1_98' title='bbox 1137 1028 1455 1100; x_wconf 61' lang='lat' dir='ltr'><strong><em>:curavique,</em></strong></span> <span class='ocrx_word' id='word_1_99' title='bbox 1485 1041 1747 1101; x_wconf 87' lang='lat' dir='ltr'><strong><em>quantum</em></strong></span> <span class='ocrx_word' id='word_1_100' title='bbox 1795 1038 1963 1105; x_wconf 87' lang='lat' dir='ltr'><strong><em>potui,</em></strong></span> <span class='ocrx_word' id='word_1_101' title='bbox 1995 1052 2060 1090; x_wconf 88' lang='lat' dir='ltr'><strong><em>ne</em></strong></span> <span class='ocrx_word' id='word_1_102' title='bbox 2100 1038 2156 1090; x_wconf 92' lang='lat' dir='ltr'><strong><em>in</em></strong></span> <span class='ocrx_word' id='word_1_103' title='bbox 2178 1054 2238 1091; x_wconf 91' lang='lat' dir='ltr'><strong><em>eo</em></strong></span> <span class='ocrx_word' id='word_1_104' title='bbox 2298 1038 2520 1108; x_wconf 89' lang='lat' dir='ltr'><strong><em>legendo</em></strong></span> <span class='ocrx_word' id='word_1_105' title='bbox 2561 1037 2893 1093; x_wconf 87' lang='lat' dir='ltr'><strong><em>Christianus</em></strong></span> <span class='ocrx_word' id='word_1_106' title='bbox 2955 1037 3119 1089; x_wconf 89' lang='lat' dir='ltr'><strong><em>lector</em></strong></span> <span class='ocrx_word' id='word_1_107' title='bbox 3150 1035 3206 1087; x_wconf 91' lang='lat' dir='ltr'><strong><em>in</em></strong></span> <span class='ocrx_word' id='word_1_108' title='bbox 3246 1025 3506 1086; x_wconf 61' lang='lat' dir='ltr'><strong><em>&#39;auctoris</em></strong></span> 
     </span>
    </p>
   </div>
   <div class='ocr_carea' id='block_1_10' title="bbox 252 1116 3508 1200">
    <p class='ocr_par' dir='ltr' id='par_1_10' title="bbox 252 1116 3508 1200">
     <span class='ocr_line' id='line_1_10' title="bbox 252 1116 3508 1200; baseline 0.002 -31"><span class='ocrx_word' id='word_1_109' title='bbox 252 1116 512 1169; x_wconf 79' lang='lat' dir='ltr'><strong><em>sententia</em></strong></span> <span class='ocrx_word' id='word_1_110' title='bbox 537 1131 708 1168; x_wconf 90' lang='lat' dir='ltr'><strong><em>mores</em></strong></span> <span class='ocrx_word' id='word_1_111' title='bbox 729 1118 959 1170; x_wconf 86' lang='lat' dir='ltr'><strong><em>auctoris</em></strong></span> <span class='ocrx_word' id='word_1_112' title='bbox 990 1117 1328 1174; x_wconf 84' lang='lat' dir='ltr'><strong><em>desideraret.</em></strong></span> <span class='ocrx_word' id='word_1_113' title='bbox 1361 1120 1625 1178; x_wconf 86' lang='lat' dir='ltr'><strong><em>Hactenus</em></strong></span> <span class='ocrx_word' id='word_1_114' title='bbox 1657 1125 1718 1179; x_wconf 91' lang='lat' dir='ltr'><strong><em>de</em></strong></span> <span class='ocrx_word' id='word_1_115' title='bbox 1740 1129 2342 1200; x_wconf 57' lang='lat' dir='ltr'><strong><em>meminterpretationis</em></strong></span> <span class='ocrx_word' id='word_1_116' title='bbox 2366 1131 2589 1183; x_wconf 90' lang='lat' dir='ltr'><strong><em>ratione.</em></strong></span> <span class='ocrx_word' id='word_1_117' title='bbox 2622 1128 2777 1184; x_wconf 87' lang='lat' dir='ltr'><strong><em>Nunc</em></strong></span> <span class='ocrx_word' id='word_1_118' title='bbox 2804 1128 2866 1182; x_wconf 89' lang='lat' dir='ltr'><strong><em>de</em></strong></span> <span class='ocrx_word' id='word_1_119' title='bbox 2900 1131 3071 1198; x_wconf 89' lang='lat' dir='ltr'><strong><em>operis</em></strong></span> <span class='ocrx_word' id='word_1_120' title='bbox 3098 1135 3311 1181; x_wconf 87' lang='lat' dir='ltr'><strong><em>auctore</em></strong></span> <span class='ocrx_word' id='word_1_121' title='bbox 3336 1140 3508 1194; x_wconf 90' lang='lat' dir='ltr'><strong><em>pauca</em></strong></span> 
     </span>
    </p>
   </div>
   <div class='ocr_carea' id='block_1_11' title="bbox 251 1209 648 1264">
    <p class='ocr_par' dir='ltr' id='par_1_11' title="bbox 251 1209 648 1264">
     <span class='ocr_line' id='line_1_11' title="bbox 251 1209 648 1264; baseline 0 0"><span class='ocrx_word' id='word_1_122' title='bbox 251 1209 474 1264; x_wconf 84' lang='lat' dir='ltr'><strong><em>dicenda</em></strong></span> <span class='ocrx_word' id='word_1_123' title='bbox 506 1217 648 1264; x_wconf 88' lang='lat' dir='ltr'><strong><em>sunt.</em></strong></span> 
     </span>
    </p>
   </div>
   <div class='ocr_carea' id='block_1_12' title="bbox 320 1298 3506 1385">
    <p class='ocr_par' dir='ltr' id='par_1_12' title="bbox 320 1298 3506 1385">
     <span class='ocr_line' id='line_1_12' title="bbox 320 1298 3506 1385; baseline 0.005 -31"><span class='ocrx_word' id='word_1_124' title='bbox 320 1298 514 1370; x_wconf 75' lang='lat' dir='ltr'><strong><em>Cyr-illi</em></strong></span> <span class='ocrx_word' id='word_1_125' title='bbox 538 1302 635 1354; x_wconf 83' lang='lat' dir='ltr'><strong><em>hoc</em></strong></span> <span class='ocrx_word' id='word_1_126' title='bbox 660 1317 792 1372; x_wconf 89' lang='lat' dir='ltr'><strong><em>opus</em></strong></span> <span class='ocrx_word' id='word_1_127' title='bbox 817 1317 947 1366; x_wconf 88' lang='lat' dir='ltr'><strong><em>esse,</em></strong></span> <span class='ocrx_word' id='word_1_128' title='bbox 979 1304 1069 1372; x_wconf 87' lang='lat' dir='ltr'><strong><em>qui</em></strong></span> <span class='ocrx_word' id='word_1_129' title='bbox 1091 1304 1148 1355; x_wconf 92' lang='lat' dir='ltr'><strong><em>in</em></strong></span> <span class='ocrx_word' id='word_1_130' title='bbox 1173 1303 1285 1373; x_wconf 86' lang='lat' dir='ltr'><strong><em>ejus</em></strong></span> <span class='ocrx_word' id='word_1_131' title='bbox 1324 1305 1533 1374; x_wconf 89' lang='lat' dir='ltr'><strong><em>scriptis</em></strong></span> <span class='ocrx_word' id='word_1_132' title='bbox 1563 1306 1890 1379; x_wconf 87' lang='lat' dir='ltr'><strong><em>perlegendis</em></strong></span> <span class='ocrx_word' id='word_1_133' title='bbox 1913 1312 1981 1365; x_wconf 89' lang='lat' dir='ltr'><strong><em>sit</em></strong></span> <span class='ocrx_word' id='word_1_134' title='bbox 2005 1321 2265 1379; x_wconf 90' lang='lat' dir='ltr'><strong><em>versatus,</em></strong></span> <span class='ocrx_word' id='word_1_135' title='bbox 2309 1320 2436 1384; x_wconf 91' lang='lat' dir='ltr'><strong><em>puto</em></strong></span> <span class='ocrx_word' id='word_1_136' title='bbox 2468 1314 2833 1368; x_wconf 90' lang='lat' dir='ltr'><strong><em>dubitaturum</em></strong></span> <span class='ocrx_word' id='word_1_137' title='bbox 2888 1317 3187 1381; x_wconf 86' lang='lat' dir='ltr'><strong><em>neminem;</em></strong></span> <span class='ocrx_word' id='word_1_138' title='bbox 3218 1315 3376 1385; x_wconf 87' lang='lat' dir='ltr'><strong><em>idque</em></strong></span> <span class='ocrx_word' id='word_1_139' title='bbox 3402 1331 3506 1371; x_wconf 90' lang='lat' dir='ltr'><strong><em>non</em></strong></span> 
     </span>
    </p>
   </div>
   <div class='ocr_carea' id='block_1_13' title="bbox 249 1388 3501 1477">
    <p class='ocr_par' dir='ltr' id='par_1_13' title="bbox 249 1388 3501 1477">
     <span class='ocr_line' id='line_1_13' title="bbox 249 1388 3501 1477; baseline 0.005 -32"><span class='ocrx_word' id='word_1_140' title='bbox 249 1393 673 1462; x_wconf 84' lang='lat' dir='ltr'><strong><em>exinscriptione</em></strong></span> <span class='ocrx_word' id='word_1_141' title='bbox 699 1392 872 1446; x_wconf 89' lang='lat' dir='ltr'><strong><em>solum</em></strong></span> <span class='ocrx_word' id='word_1_142' title='bbox 910 1395 1148 1463; x_wconf 87' lang='lat' dir='ltr'><strong><em>cognosci</em></strong></span> <span class='ocrx_word' id='word_1_143' title='bbox 1166 1388 1352 1464; x_wconf 78' lang='lat' dir='ltr'><strong><em>potest,</em></strong></span> <span class='ocrx_word' id='word_1_144' title='bbox 1383 1411 1499 1466; x_wconf 74' lang='lat' dir='ltr'><strong><em>qua:</em></strong></span> <span class='ocrx_word' id='word_1_145' title='bbox 1531 1399 1586 1452; x_wconf 91' lang='lat' dir='ltr'><strong><em>in</em></strong></span> <span class='ocrx_word' id='word_1_146' title='bbox 1615 1400 1854 1454; x_wconf 86' lang='lat' dir='ltr'><strong><em>omnibus</em></strong></span> <span class='ocrx_word' id='word_1_147' title='bbox 1869 1419 1998 1472; x_wconf 89' lang='lat' dir='ltr'><strong><em>quos</em></strong></span> <span class='ocrx_word' id='word_1_148' title='bbox 2035 1403 2208 1457; x_wconf 88' lang='lat' dir='ltr'><strong><em>videre</em></strong></span> <span class='ocrx_word' id='word_1_149' title='bbox 2257 1407 2406 1474; x_wconf 85' lang='lat' dir='ltr'><strong><em>potui</em></strong></span> <span class='ocrx_word' id='word_1_150' title='bbox 2458 1408 2835 1477; x_wconf 90' lang='lat' dir='ltr'><strong><em>manuscriptis</em></strong></span> <span class='ocrx_word' id='word_1_151' title='bbox 2861 1406 3006 1460; x_wconf 89' lang='lat' dir='ltr'><strong><em>libris</em></strong></span> <span class='ocrx_word' id='word_1_152' title='bbox 3057 1415 3358 1476; x_wconf 73' lang='lat' dir='ltr'><strong><em>praenotata</em></strong></span> <span class='ocrx_word' id='word_1_153' title='bbox 3403 1416 3501 1466; x_wconf 86' lang='lat' dir='ltr'><strong><em>est,</em></strong></span> 
     </span>
    </p>
   </div>
   <div class='ocr_carea' id='block_1_14' title="bbox 246 1488 3506 1572">
    <p class='ocr_par' dir='ltr' id='par_1_14' title="bbox 246 1488 3506 1572">
     <span class='ocr_line' id='line_1_14' title="bbox 246 1488 3506 1572; baseline 0.005 -31"><span class='ocrx_word' id='word_1_154' title='bbox 246 1503 430 1541; x_wconf 83' lang='lat' dir='ltr'><strong><em>verum</em></strong></span> <span class='ocrx_word' id='word_1_155' title='bbox 470 1489 633 1541; x_wconf 89' lang='lat' dir='ltr'><strong><em>etiam</em></strong></span> <span class='ocrx_word' id='word_1_156' title='bbox 661 1504 727 1542; x_wconf 87' lang='lat' dir='ltr'><strong><em>ex</em></strong></span> <span class='ocrx_word' id='word_1_157' title='bbox 758 1488 1068 1543; x_wconf 83' lang='lat' dir='ltr'><strong><em>elocutionis</em></strong></span> <span class='ocrx_word' id='word_1_158' title='bbox 1097 1506 1286 1560; x_wconf 85' lang='lat' dir='ltr'><strong><em>genere</em></strong></span> <span class='ocrx_word' id='word_1_159' title='bbox 1309 1508 1428 1546; x_wconf 89' lang='lat' dir='ltr'><strong><em>cum</em></strong></span> <span class='ocrx_word' id='word_1_160' title='bbox 1457 1495 1658 1548; x_wconf 74' lang='lat' dir='ltr'><strong><em>cwteris</em></strong></span> <span class='ocrx_word' id='word_1_161' title='bbox 1687 1495 1801 1563; x_wconf 78' lang='lat' dir='ltr'><strong><em>eius</em></strong></span> <span class='ocrx_word' id='word_1_162' title='bbox 1835 1497 1982 1551; x_wconf 88' lang='lat' dir='ltr'><strong><em>libris</em></strong></span> <span class='ocrx_word' id='word_1_163' title='bbox 2007 1499 2459 1569; x_wconf 87' lang='lat' dir='ltr'><strong><em>quamsimillimo.</em></strong></span> <span class='ocrx_word' id='word_1_164' title='bbox 2493 1501 2662 1556; x_wconf 87' lang='lat' dir='ltr'><strong><em>Habet</em></strong></span> <span class='ocrx_word' id='word_1_165' title='bbox 2687 1503 2826 1555; x_wconf 90' lang='lat' dir='ltr'><strong><em>enim</em></strong></span> <span class='ocrx_word' id='word_1_166' title='bbox 2863 1500 3121 1571; x_wconf 83' lang='lat' dir='ltr'><strong><em>Cyrillus,</em></strong></span> <span class='ocrx_word' id='word_1_167' title='bbox 3149 1509 3208 1555; x_wconf 91' lang='lat' dir='ltr'><strong><em>ut</em></strong></span> <span class='ocrx_word' id='word_1_168' title='bbox 3226 1503 3506 1572; x_wconf 87' lang='lat' dir='ltr'><strong><em>scriptores</em></strong></span> 
     </span>
    </p>
   </div>
   <div class='ocr_carea' id='block_1_15' title="bbox 247 1584 3506 1665">
    <p class='ocr_par' dir='ltr' id='par_1_15' title="bbox 247 1584 3506 1665">
     <span class='ocr_line' id='line_1_15' title="bbox 247 1584 3506 1665; baseline 0.004 -30"><span class='ocrx_word' id='word_1_169' title='bbox 247 1597 454 1647; x_wconf 85' lang='lat' dir='ltr'><strong><em>omnes,</em></strong></span> <span class='ocrx_word' id='word_1_170' title='bbox 489 1599 644 1636; x_wconf 88' lang='lat' dir='ltr'><strong><em>suam</em></strong></span> <span class='ocrx_word' id='word_1_171' title='bbox 665 1584 958 1654; x_wconf 88' lang='lat' dir='ltr'><strong><em>quamdam</em></strong></span> <span class='ocrx_word' id='word_1_172' title='bbox 988 1585 1243 1639; x_wconf 89' lang='lat' dir='ltr'><strong><em>orationis</em></strong></span> <span class='ocrx_word' id='word_1_173' title='bbox 1269 1586 1498 1655; x_wconf 89' lang='lat' dir='ltr'><strong><em>formam</em></strong></span> <span class='ocrx_word' id='word_1_174' title='bbox 1527 1606 1588 1642; x_wconf 89' lang='lat' dir='ltr'><strong><em>ac</em></strong></span> <span class='ocrx_word' id='word_1_175' title='bbox 1608 1589 1836 1658; x_wconf 88' lang='lat' dir='ltr'><strong><em>faciem;</em></strong></span> <span class='ocrx_word' id='word_1_176' title='bbox 1863 1607 2047 1660; x_wconf 92' lang='lat' dir='ltr'><strong><em>quam,</em></strong></span> <span class='ocrx_word' id='word_1_177' title='bbox 2082 1600 2140 1645; x_wconf 90' lang='lat' dir='ltr'><strong><em>ut</em></strong></span> <span class='ocrx_word' id='word_1_178' title='bbox 2170 1593 2226 1645; x_wconf 90' lang='lat' dir='ltr'><strong><em>in</em></strong></span> <span class='ocrx_word' id='word_1_179' title='bbox 2254 1594 2368 1664; x_wconf 89' lang='lat' dir='ltr'><strong><em>ipsa</em></strong></span> <span class='ocrx_word' id='word_1_180' title='bbox 2397 1591 2572 1646; x_wconf 87' lang='lat' dir='ltr'><strong><em>vultus</em></strong></span> <span class='ocrx_word' id='word_1_181' title='bbox 2600 1595 2819 1648; x_wconf 87' lang='lat' dir='ltr'><strong><em>humani</em></strong></span> <span class='ocrx_word' id='word_1_182' title='bbox 2845 1597 3016 1665; x_wconf 87' lang='lat' dir='ltr'><strong><em>specie</em></strong></span> <span class='ocrx_word' id='word_1_183' title='bbox 3061 1598 3325 1660; x_wconf 88' lang='lat' dir='ltr'><strong><em>usuvenit,</em></strong></span> <span class='ocrx_word' id='word_1_184' title='bbox 3362 1597 3506 1650; x_wconf 85' lang='lat' dir='ltr'><strong><em>haud</em></strong></span> 
     </span>
    </p>
   </div>
   <div class='ocr_carea' id='block_1_16' title="bbox 247 1673 3504 1757">
    <p class='ocr_par' dir='ltr' id='par_1_16' title="bbox 247 1673 3504 1757">
     <span class='ocr_line' id='line_1_16' title="bbox 247 1673 3504 1757; baseline 0.005 -30"><span class='ocrx_word' id='word_1_185' title='bbox 247 1673 403 1745; x_wconf 84' lang='lat' dir='ltr'><strong><em>facile</em></strong></span> <span class='ocrx_word' id='word_1_186' title='bbox 424 1676 481 1728; x_wconf 89' lang='lat' dir='ltr'><strong><em>in</em></strong></span> <span class='ocrx_word' id='word_1_187' title='bbox 505 1675 612 1729; x_wconf 89' lang='lat' dir='ltr'><strong><em>alio</em></strong></span> <span class='ocrx_word' id='word_1_188' title='bbox 643 1676 1001 1746; x_wconf 82' lang='lat' dir='ltr'><strong><em>deprehendas</em></strong></span> <span class='ocrx_word' id='word_1_189' title='bbox 1027 1693 1046 1731; x_wconf 90' lang='lat'><strong><em>:</em></strong></span> <span class='ocrx_word' id='word_1_190' title='bbox 1084 1693 1248 1747; x_wconf 90' lang='lat' dir='ltr'><strong><em>eaque</em></strong></span> <span class='ocrx_word' id='word_1_191' title='bbox 1275 1679 1328 1731; x_wconf 92' lang='lat' dir='ltr'><strong><em>in</em></strong></span> <span class='ocrx_word' id='word_1_192' title='bbox 1350 1678 1540 1733; x_wconf 90' lang='lat' dir='ltr'><strong><em>Latino</em></strong></span> <span class='ocrx_word' id='word_1_193' title='bbox 1561 1698 1780 1753; x_wconf 90' lang='lat' dir='ltr'><strong><em>quoque,</em></strong></span> <span class='ocrx_word' id='word_1_194' title='bbox 1799 1685 1890 1738; x_wconf 91' lang='lat' dir='ltr'><strong><em>sed</em></strong></span> <span class='ocrx_word' id='word_1_195' title='bbox 1917 1684 2128 1754; x_wconf 91' lang='lat' dir='ltr'><strong><em>facilius</em></strong></span> <span class='ocrx_word' id='word_1_196' title='bbox 2157 1703 2220 1739; x_wconf 89' lang='lat' dir='ltr'><strong><em>ac</em></strong></span> <span class='ocrx_word' id='word_1_197' title='bbox 2254 1687 2445 1739; x_wconf 89' lang='lat' dir='ltr'><strong><em>certius</em></strong></span> <span class='ocrx_word' id='word_1_198' title='bbox 2485 1688 2543 1740; x_wconf 88' lang='lat' dir='ltr'><strong><em>in</em></strong></span> <span class='ocrx_word' id='word_1_199' title='bbox 2592 1685 2774 1741; x_wconf 79' lang='lat' dir='ltr'><strong><em>Crteco</em></strong></span> <span class='ocrx_word' id='word_1_200' title='bbox 2816 1687 3152 1757; x_wconf 88' lang='lat' dir='ltr'><strong><em>perspicitur.</em></strong></span> <span class='ocrx_word' id='word_1_201' title='bbox 3180 1687 3392 1741; x_wconf 85' lang='lat' dir='ltr'><strong><em>Accedit</em></strong></span> <span class='ocrx_word' id='word_1_202' title='bbox 3421 1689 3504 1742; x_wconf 90' lang='lat' dir='ltr'><strong><em>al-</em></strong></span> 
     </span>
    </p>
   </div>
   <div class='ocr_carea' id='block_1_17' title="bbox 247 1770 3503 1850">
    <p class='ocr_par' dir='ltr' id='par_1_17' title="bbox 247 1770 3503 1850">
     <span class='ocr_line' id='line_1_17' title="bbox 247 1770 3503 1850; baseline 0.005 -31"><span class='ocrx_word' id='word_1_203' title='bbox 247 1775 426 1820; x_wconf 88' lang='lat' dir='ltr'><strong><em>terum</em></strong></span> <span class='ocrx_word' id='word_1_204' title='bbox 457 1780 845 1838; x_wconf 84' lang='lat' dir='ltr'><strong><em>argumentum,</em></strong></span> <span class='ocrx_word' id='word_1_205' title='bbox 882 1770 1020 1840; x_wconf 91' lang='lat' dir='ltr'><strong><em>quod</em></strong></span> <span class='ocrx_word' id='word_1_206' title='bbox 1053 1770 1248 1824; x_wconf 79' lang='lat' dir='ltr'><strong><em>ccedam</em></strong></span> <span class='ocrx_word' id='word_1_207' title='bbox 1282 1774 1554 1827; x_wconf 74' lang='lat' dir='ltr'><strong><em>sententia:</em></strong></span> <span class='ocrx_word' id='word_1_208' title='bbox 1586 1792 1647 1828; x_wconf 93' lang='lat' dir='ltr'><strong><em>ac</em></strong></span> <span class='ocrx_word' id='word_1_209' title='bbox 1681 1777 1931 1847; x_wconf 87' lang='lat' dir='ltr'><strong><em>dogmata</em></strong></span> <span class='ocrx_word' id='word_1_210' title='bbox 1960 1780 2144 1850; x_wconf 89' lang='lat' dir='ltr'><strong><em>quibus</em></strong></span> <span class='ocrx_word' id='word_1_211' title='bbox 2182 1782 2238 1833; x_wconf 91' lang='lat' dir='ltr'><strong><em>in</em></strong></span> <span class='ocrx_word' id='word_1_212' title='bbox 2275 1781 2354 1834; x_wconf 86' lang='lat' dir='ltr'><strong><em>his</em></strong></span> <span class='ocrx_word' id='word_1_213' title='bbox 2389 1779 2536 1834; x_wconf 89' lang='lat' dir='ltr'><strong><em>libris</em></strong></span> <span class='ocrx_word' id='word_1_214' title='bbox 2573 1781 2762 1844; x_wconf 88' lang='lat' dir='ltr'><strong><em>utitur,</em></strong></span> <span class='ocrx_word' id='word_1_215' title='bbox 2787 1781 2843 1832; x_wconf 90' lang='lat' dir='ltr'><strong><em>in</em></strong></span> <span class='ocrx_word' id='word_1_216' title='bbox 2883 1779 3004 1834; x_wconf 89' lang='lat' dir='ltr'><strong><em>aliis</em></strong></span> <span class='ocrx_word' id='word_1_217' title='bbox 3037 1781 3162 1833; x_wconf 90' lang='lat' dir='ltr'><strong><em>item</em></strong></span> <span class='ocrx_word' id='word_1_218' title='bbox 3197 1781 3312 1846; x_wconf 84' lang='lat' dir='ltr'><strong><em>ejus</em></strong></span> <span class='ocrx_word' id='word_1_219' title='bbox 3335 1779 3503 1846; x_wconf 86' lang='lat' dir='ltr'><strong><em>libris,</em></strong></span> 
     </span>
    </p>
   </div>
   <div class='ocr_carea' id='block_1_18' title="bbox 245 1859 3504 1942">
    <p class='ocr_par' dir='ltr' id='par_1_18' title="bbox 245 1859 3504 1942">
     <span class='ocr_line' id='line_1_18' title="bbox 245 1859 3504 1942; baseline 0.005 -32"><span class='ocrx_word' id='word_1_220' title='bbox 245 1859 316 1911; x_wconf 91' lang='lat' dir='ltr'><strong><em>de</em></strong></span> <span class='ocrx_word' id='word_1_221' title='bbox 349 1859 541 1928; x_wconf 86' lang='lat' dir='ltr'><strong><em>quibus</em></strong></span> <span class='ocrx_word' id='word_1_222' title='bbox 574 1861 717 1914; x_wconf 84' lang='lat' dir='ltr'><strong><em>nulla</em></strong></span> <span class='ocrx_word' id='word_1_223' title='bbox 750 1868 829 1915; x_wconf 89' lang='lat' dir='ltr'><strong><em>est</em></strong></span> <span class='ocrx_word' id='word_1_224' title='bbox 866 1863 1244 1927; x_wconf 86' lang='lat' dir='ltr'><strong><em>controversia,</em></strong></span> <span class='ocrx_word' id='word_1_225' title='bbox 1269 1862 1520 1934; x_wconf 90' lang='lat' dir='ltr'><strong><em>leguntur</em></strong></span> <span class='ocrx_word' id='word_1_226' title='bbox 1551 1865 1650 1937; x_wconf 91' lang='lat' dir='ltr'><strong><em>(a).</em></strong></span> <span class='ocrx_word' id='word_1_227' title='bbox 1681 1867 1921 1939; x_wconf 88' lang='lat' dir='ltr'><strong><em>Longum</em></strong></span> <span class='ocrx_word' id='word_1_228' title='bbox 1949 1888 2071 1926; x_wconf 88' lang='lat' dir='ltr'><strong><em>vero</em></strong></span> <span class='ocrx_word' id='word_1_229' title='bbox 2101 1880 2260 1937; x_wconf 81' lang='lat' dir='ltr'><strong><em>esset,</em></strong></span> <span class='ocrx_word' id='word_1_230' title='bbox 2297 1889 2464 1942; x_wconf 90' lang='lat' dir='ltr'><strong><em>neque</em></strong></span> <span class='ocrx_word' id='word_1_231' title='bbox 2485 1873 2855 1936; x_wconf 89' lang='lat' dir='ltr'><strong><em>necessarium,</em></strong></span> <span class='ocrx_word' id='word_1_232' title='bbox 2885 1873 2929 1925; x_wconf 89' lang='lat' dir='ltr'><strong><em>si</em></strong></span> <span class='ocrx_word' id='word_1_233' title='bbox 2955 1869 3260 1926; x_wconf 72' lang='lat' dir='ltr'><strong><em>eas&#39;omnes</em></strong></span> <span class='ocrx_word' id='word_1_234' title='bbox 3285 1882 3504 1926; x_wconf 78' lang='lat' dir='ltr'><strong><em>senten-</em></strong></span> 
     </span>
    </p>
   </div>
   <div class='ocr_carea' id='block_1_19' title="bbox 243 1953 3502 2036">
    <p class='ocr_par' dir='ltr' id='par_1_19' title="bbox 243 1953 3502 2036">
     <span class='ocr_line' id='line_1_19' title="bbox 243 1953 3502 2036; baseline 0.003 -32"><span class='ocrx_word' id='word_1_235' title='bbox 243 1953 352 2005; x_wconf 86' lang='lat' dir='ltr'><strong><em>tias</em></strong></span> <span class='ocrx_word' id='word_1_236' title='bbox 386 1954 631 2023; x_wconf 83' lang='lat' dir='ltr'><strong><em>persequi</em></strong></span> <span class='ocrx_word' id='word_1_237' title='bbox 656 1953 845 2008; x_wconf 88' lang='lat' dir='ltr'><strong><em>velim:</em></strong></span> <span class='ocrx_word' id='word_1_238' title='bbox 875 1953 1004 2008; x_wconf 89' lang='lat' dir='ltr'><strong><em>satis</em></strong></span> <span class='ocrx_word' id='word_1_239' title='bbox 1035 1956 1135 2006; x_wconf 88' lang='lat' dir='ltr'><strong><em>erit</em></strong></span> <span class='ocrx_word' id='word_1_240' title='bbox 1168 1956 1237 2008; x_wconf 92' lang='lat' dir='ltr'><strong><em>ad</em></strong></span> <span class='ocrx_word' id='word_1_241' title='bbox 1255 1971 1373 2010; x_wconf 89' lang='lat' dir='ltr'><strong><em>eam</em></strong></span> <span class='ocrx_word' id='word_1_242' title='bbox 1407 1972 1517 2010; x_wconf 89' lang='lat' dir='ltr'><strong><em>rem</em></strong></span> <span class='ocrx_word' id='word_1_243' title='bbox 1538 1957 2008 2016; x_wconf 88' lang='lat' dir='ltr'><strong><em>demonstrandam</em></strong></span> <span class='ocrx_word' id='word_1_244' title='bbox 2044 1981 2210 2017; x_wconf 91' lang='lat' dir='ltr'><strong><em>unum</em></strong></span> <span class='ocrx_word' id='word_1_245' title='bbox 2255 1972 2347 2016; x_wconf 90' lang='lat' dir='ltr'><strong><em>aut</em></strong></span> <span class='ocrx_word' id='word_1_246' title='bbox 2390 1963 2621 2018; x_wconf 89' lang='lat' dir='ltr'><strong><em>alterum</em></strong></span> <span class='ocrx_word' id='word_1_247' title='bbox 2647 1964 2944 2036; x_wconf 83' lang='lat' dir='ltr'><strong><em>exemplum</em></strong></span> <span class='ocrx_word' id='word_1_248' title='bbox 2977 1980 3405 2018; x_wconf 89' lang='lat' dir='ltr'><strong><em>commemorare.</em></strong></span> <span class='ocrx_word' id='word_1_249' title='bbox 3425 1961 3502 2017; x_wconf 88' lang='lat' dir='ltr'><strong><em>Ne</em></strong></span> 
     </span>
    </p>
   </div>
   <div class='ocr_carea' id='block_1_20' title="bbox 251 2043 3504 2127">
    <p class='ocr_par' dir='ltr' id='par_1_20' title="bbox 251 2043 3504 2127">
     <span class='ocr_line' id='line_1_20' title="bbox 251 2043 3504 2127; baseline 0.004 -29"><span class='ocrx_word' id='word_1_250' title='bbox 251 2043 462 2114; x_wconf 83' lang='lat' dir='ltr'><strong><em>longius</em></strong></span> <span class='ocrx_word' id='word_1_251' title='bbox 485 2045 690 2109; x_wconf 90' lang='lat' dir='ltr'><strong><em>abeam,</em></strong></span> <span class='ocrx_word' id='word_1_252' title='bbox 717 2046 856 2116; x_wconf 89' lang='lat' dir='ltr'><strong><em>quod</em></strong></span> <span class='ocrx_word' id='word_1_253' title='bbox 885 2046 940 2100; x_wconf 91' lang='lat' dir='ltr'><strong><em>in</em></strong></span> <span class='ocrx_word' id='word_1_254' title='bbox 972 2048 1144 2117; x_wconf 88' lang='lat' dir='ltr'><strong><em>primo</em></strong></span> <span class='ocrx_word' id='word_1_255' title='bbox 1167 2047 1298 2102; x_wconf 90' lang='lat' dir='ltr'><strong><em>libro</em></strong></span> <span class='ocrx_word' id='word_1_256' title='bbox 1335 2051 1529 2118; x_wconf 87' lang='lat' dir='ltr'><strong><em>posuit,</em></strong></span> <span class='ocrx_word' id='word_1_257' title='bbox 1569 2051 2000 2109; x_wconf 86' lang='lat' dir='ltr'><strong><em>substantialiter</em></strong></span> <span class='ocrx_word' id='word_1_258' title='bbox 2045 2073 2109 2110; x_wconf 91' lang='lat' dir='ltr'><strong><em>ex</em></strong></span> <span class='ocrx_word' id='word_1_259' title='bbox 2158 2056 2322 2111; x_wconf 91' lang='lat' dir='ltr'><strong><em>Patre</em></strong></span> <span class='ocrx_word' id='word_1_260' title='bbox 2359 2067 2409 2111; x_wconf 91' lang='lat' dir='ltr'><strong><em>et</em></strong></span> <span class='ocrx_word' id='word_1_261' title='bbox 2464 2057 2599 2111; x_wconf 86' lang='lat' dir='ltr'><strong><em>Filio</em></strong></span> <span class='ocrx_word' id='word_1_262' title='bbox 2644 2057 2920 2127; x_wconf 89' lang='lat' dir='ltr'><strong><em>procedere</em></strong></span> <span class='ocrx_word' id='word_1_263' title='bbox 2947 2055 3204 2127; x_wconf 87' lang='lat' dir='ltr'><strong><em>Spiritum</em></strong></span> <span class='ocrx_word' id='word_1_264' title='bbox 3241 2065 3504 2122; x_wconf 91' lang='lat' dir='ltr'><strong><em>sanctum,</em></strong></span> 
     </span>
    </p>
   </div>
   <div class='ocr_carea' id='block_1_21' title="bbox 247 2135 3507 2218">
    <p class='ocr_par' dir='ltr' id='par_1_21' title="bbox 247 2135 3507 2218">
     <span class='ocr_line' id='line_1_21' title="bbox 247 2135 3507 2218; baseline 0.004 -28"><span class='ocrx_word' id='word_1_265' title='bbox 247 2153 422 2191; x_wconf 82' lang='lat' dir='ltr'><strong><em>nonne</em></strong></span> <span class='ocrx_word' id='word_1_266' title='bbox 454 2135 722 2207; x_wconf 79' lang='lat' dir='ltr'><strong><em>Cyrillum</em></strong></span> <span class='ocrx_word' id='word_1_267' title='bbox 749 2146 1020 2191; x_wconf 86' lang='lat' dir='ltr'><strong><em>auctorem</em></strong></span> <span class='ocrx_word' id='word_1_268' title='bbox 1051 2139 1333 2210; x_wconf 77' lang='lat' dir='ltr'><strong><em>coarguit?</em></strong></span> <span class='ocrx_word' id='word_1_269' title='bbox 1385 2157 1486 2210; x_wconf 87' lang='lat' dir='ltr'><strong><em>quo</em></strong></span> <span class='ocrx_word' id='word_1_270' title='bbox 1530 2157 1595 2194; x_wconf 88' lang='lat' dir='ltr'><strong><em>ex</em></strong></span> <span class='ocrx_word' id='word_1_271' title='bbox 1639 2142 1833 2198; x_wconf 76' lang='lat' dir='ltr'><strong><em>Graecis</em></strong></span> <span class='ocrx_word' id='word_1_272' title='bbox 1863 2146 2160 2200; x_wconf 87' lang='lat' dir='ltr'><strong><em>doctoribus</em></strong></span> <span class='ocrx_word' id='word_1_273' title='bbox 2206 2164 2356 2201; x_wconf 90' lang='lat' dir='ltr'><strong><em>nemo</em></strong></span> <span class='ocrx_word' id='word_1_274' title='bbox 2382 2148 2572 2218; x_wconf 89' lang='lat' dir='ltr'><strong><em>dogma</em></strong></span> <span class='ocrx_word' id='word_1_275' title='bbox 2617 2150 2711 2201; x_wconf 92' lang='lat' dir='ltr'><strong><em>hoc</em></strong></span> <span class='ocrx_word' id='word_1_276' title='bbox 2770 2149 3004 2218; x_wconf 80' lang='lat' dir='ltr'><strong><em>apertius</em></strong></span> <span class='ocrx_word' id='word_1_277' title='bbox 3053 2147 3317 2218; x_wconf 85' lang='lat' dir='ltr'><strong><em>protulit;</em></strong></span> <span class='ocrx_word' id='word_1_278' title='bbox 3377 2164 3507 2202; x_wconf 88' lang='lat' dir='ltr'><strong><em>nam</em></strong></span> 
     </span>
    </p>
   </div>
   <div class='ocr_carea' id='block_1_22' title="bbox 245 2231 3492 2312">
    <p class='ocr_par' dir='ltr' id='par_1_22' title="bbox 245 2231 3492 2312">
     <span class='ocr_line' id='line_1_22' title="bbox 245 2231 3492 2312; baseline 0.003 -27"><span class='ocrx_word' id='word_1_279' title='bbox 245 2231 485 2285; x_wconf 88' lang='lat' dir='ltr'><strong><em>eamdem</em></strong></span> <span class='ocrx_word' id='word_1_280' title='bbox 509 2232 831 2285; x_wconf 89' lang='lat' dir='ltr'><strong><em>sententiam</em></strong></span> <span class='ocrx_word' id='word_1_281' title='bbox 863 2248 982 2285; x_wconf 89' lang='lat' dir='ltr'><strong><em>cum</em></strong></span> <span class='ocrx_word' id='word_1_282' title='bbox 1008 2232 1156 2299; x_wconf 78' lang='lat' dir='ltr'><strong><em>alibi,</em></strong></span> <span class='ocrx_word' id='word_1_283' title='bbox 1193 2237 1376 2288; x_wconf 91' lang='lat' dir='ltr'><strong><em>tumin</em></strong></span> <span class='ocrx_word' id='word_1_284' title='bbox 1409 2234 1676 2292; x_wconf 86' lang='lat' dir='ltr'><strong><em>Thesauri</em></strong></span> <span class='ocrx_word' id='word_1_285' title='bbox 1707 2238 1838 2292; x_wconf 86' lang='lat' dir='ltr'><strong><em>libro</em></strong></span> <span class='ocrx_word' id='word_1_286' title='bbox 1854 2255 1949 2293; x_wconf 76' lang='lat' dir='ltr'><strong><em>xm</em></strong></span> <span class='ocrx_word' id='word_1_287' title='bbox 1984 2238 2222 2310; x_wconf 87' lang='lat' dir='ltr'><strong><em>legimus,</em></strong></span> <span class='ocrx_word' id='word_1_288' title='bbox 2255 2242 2425 2312; x_wconf 90' lang='lat' dir='ltr'><strong><em>capite</em></strong></span> <span class='ocrx_word' id='word_1_289' title='bbox 2453 2242 2488 2294; x_wconf 75' lang='grc'>2</span> <span class='ocrx_word' id='word_1_290' title='bbox 2513 2252 2561 2295; x_wconf 87' lang='lat' dir='ltr'><strong><em>et</em></strong></span> <span class='ocrx_word' id='word_1_291' title='bbox 2582 2243 2648 2307; x_wconf 84' lang='lat'><strong><em>5;</em></strong></span> <span class='ocrx_word' id='word_1_292' title='bbox 2679 2245 2909 2312; x_wconf 88' lang='lat' dir='ltr'><strong><em>itemque</em></strong></span> <span class='ocrx_word' id='word_1_293' title='bbox 2933 2241 3021 2295; x_wconf 91' lang='lat' dir='ltr'><strong><em>lib.</em></strong></span> <span class='ocrx_word' id='word_1_294' title='bbox 3064 2257 3172 2306; x_wconf 68' lang='lat' dir='ltr'><strong><em>xxv,</em></strong></span> <span class='ocrx_word' id='word_1_295' title='bbox 3205 2258 3322 2311; x_wconf 91' lang='lat' dir='ltr'><strong><em>cap.</em></strong></span> <span class='ocrx_word' id='word_1_296' title='bbox 3362 2242 3414 2307; x_wconf 85' lang='grc'><strong><em>1,</em></strong></span> <span class='ocrx_word' id='word_1_297' title='bbox 3441 2251 3492 2296; x_wconf 92' lang='lat' dir='ltr'><strong><em>et</em></strong></span> 
     </span>
    </p>
   </div>
   <div class='ocr_carea' id='block_1_23' title="bbox 250 2325 3504 2404">
    <p class='ocr_par' dir='ltr' id='par_1_23' title="bbox 250 2325 3504 2404">
     <span class='ocr_line' id='line_1_23' title="bbox 250 2325 3504 2404; baseline 0.002 -24"><span class='ocrx_word' id='word_1_298' title='bbox 250 2325 302 2380; x_wconf 86' lang='lat' dir='ltr'><strong><em>in</em></strong></span> <span class='ocrx_word' id='word_1_299' title='bbox 323 2325 598 2380; x_wconf 77' lang='lat' dir='ltr'><strong><em>Joannem</em></strong></span> <span class='ocrx_word' id='word_1_300' title='bbox 635 2325 724 2379; x_wconf 89' lang='lat' dir='ltr'><strong><em>lib.</em></strong></span> <span class='ocrx_word' id='word_1_301' title='bbox 755 2342 810 2391; x_wconf 69' lang='grc' dir='ltr'><strong>ι,</strong></span> <span class='ocrx_word' id='word_1_302' title='bbox 836 2343 956 2397; x_wconf 89' lang='lat' dir='ltr'><strong><em>cap.</em></strong></span> <span class='ocrx_word' id='word_1_303' title='bbox 983 2327 1518 2399; x_wconf 73' lang='lat' dir='ltr'><strong><em>23.]nsufflationem</em></strong></span> <span class='ocrx_word' id='word_1_304' title='bbox 1552 2331 1740 2386; x_wconf 89' lang='lat' dir='ltr'><strong><em>deinde</em></strong></span> <span class='ocrx_word' id='word_1_305' title='bbox 1771 2333 2000 2404; x_wconf 87' lang='lat' dir='ltr'><strong><em>Spiritus</em></strong></span> <span class='ocrx_word' id='word_1_306' title='bbox 2037 2335 2208 2387; x_wconf 87' lang='lat' dir='ltr'><strong><em>sancti</em></strong></span> <span class='ocrx_word' id='word_1_307' title='bbox 2257 2334 2313 2386; x_wconf 89' lang='lat' dir='ltr'><strong><em>in</em></strong></span> <span class='ocrx_word' id='word_1_308' title='bbox 2348 2335 2579 2387; x_wconf 88' lang='lat' dir='ltr'><strong><em>hominis</em></strong></span> <span class='ocrx_word' id='word_1_309' title='bbox 2635 2351 2822 2404; x_wconf 91' lang='lat' dir='ltr'><strong><em>corpus</em></strong></span> <span class='ocrx_word' id='word_1_310' title='bbox 2857 2349 2884 2386; x_wconf 93' lang='lat' dir='ltr'><strong><em>e</em></strong></span> <span class='ocrx_word' id='word_1_311' title='bbox 2929 2331 3054 2386; x_wconf 91' lang='lat' dir='ltr'><strong><em>limo</em></strong></span> <span class='ocrx_word' id='word_1_312' title='bbox 3094 2333 3412 2401; x_wconf 89' lang='lat' dir='ltr'><strong><em>formatum,</em></strong></span> <span class='ocrx_word' id='word_1_313' title='bbox 3445 2342 3504 2386; x_wconf 93' lang='lat' dir='ltr'><strong><em>ut</em></strong></span> 
     </span>
    </p>
   </div>
   <div class='ocr_carea' id='block_1_24' title="bbox 243 2418 3497 2496">
    <p class='ocr_par' dir='ltr' id='par_1_24' title="bbox 243 2418 3497 2496">
     <span class='ocr_line' id='line_1_24' title="bbox 243 2418 3497 2496; baseline 0.002 -22"><span class='ocrx_word' id='word_1_314' title='bbox 243 2419 496 2475; x_wconf 85' lang='lat' dir='ltr'><strong><em>Ceneseos</em></strong></span> <span class='ocrx_word' id='word_1_315' title='bbox 526 2418 753 2472; x_wconf 88' lang='lat' dir='ltr'><strong><em>secundo</em></strong></span> <span class='ocrx_word' id='word_1_316' title='bbox 780 2418 1019 2488; x_wconf 89' lang='lat' dir='ltr'><strong><em>legimus,</em></strong></span> <span class='ocrx_word' id='word_1_317' title='bbox 1060 2420 1116 2473; x_wconf 89' lang='lat' dir='ltr'><strong><em>id</em></strong></span> <span class='ocrx_word' id='word_1_318' title='bbox 1141 2422 1364 2490; x_wconf 78' lang='lat' dir='ltr'><strong><em>effecisse</em></strong></span> <span class='ocrx_word' id='word_1_319' title='bbox 1403 2420 1644 2493; x_wconf 73' lang='lat' dir='ltr'><strong><em>nyrillus</em></strong></span> <span class='ocrx_word' id='word_1_320' title='bbox 1677 2432 1848 2494; x_wconf 89' lang='lat' dir='ltr'><strong><em>putat,</em></strong></span> <span class='ocrx_word' id='word_1_321' title='bbox 1897 2433 1956 2478; x_wconf 93' lang='lat' dir='ltr'><strong><em>ut</em></strong></span> <span class='ocrx_word' id='word_1_322' title='bbox 2006 2424 2235 2496; x_wconf 87' lang='lat' dir='ltr'><strong><em>Spiritus</em></strong></span> <span class='ocrx_word' id='word_1_323' title='bbox 2259 2427 2430 2479; x_wconf 87' lang='lat' dir='ltr'><strong><em>sancti</em></strong></span> <span class='ocrx_word' id='word_1_324' title='bbox 2464 2441 2677 2479; x_wconf 89' lang='lat' dir='ltr'><strong><em>munere</em></strong></span> <span class='ocrx_word' id='word_1_325' title='bbox 2715 2425 2954 2479; x_wconf 90' lang='lat' dir='ltr'><strong><em>animam</em></strong></span> <span class='ocrx_word' id='word_1_326' title='bbox 3003 2423 3296 2477; x_wconf 90' lang='lat' dir='ltr'><strong><em>decoraret.</em></strong></span> <span class='ocrx_word' id='word_1_327' title='bbox 3342 2425 3497 2479; x_wconf 87' lang='lat' dir='ltr'><strong><em>Hanc</em></strong></span> 
     </span>
    </p>
   </div>
   <div class='ocr_carea' id='block_1_25' title="bbox 239 2509 3509 2590">
    <p class='ocr_par' dir='ltr' id='par_1_25' title="bbox 239 2509 3509 2590">
     <span class='ocr_line' id='line_1_25' title="bbox 239 2509 3509 2590; baseline 0.002 -25"><span class='ocrx_word' id='word_1_328' title='bbox 239 2514 562 2565; x_wconf 89' lang='lat' dir='ltr'><strong><em>sententiam</em></strong></span> <span class='ocrx_word' id='word_1_329' title='bbox 598 2513 656 2564; x_wconf 89' lang='lat' dir='ltr'><strong><em>in</em></strong></span> <span class='ocrx_word' id='word_1_330' title='bbox 684 2509 820 2564; x_wconf 81' lang='lat' dir='ltr'><strong><em>libro</em></strong></span> <span class='ocrx_word' id='word_1_331' title='bbox 854 2528 1059 2583; x_wconf 90' lang='lat' dir='ltr'><strong><em>quoque</em></strong></span> <span class='ocrx_word' id='word_1_332' title='bbox 1078 2513 1133 2566; x_wconf 91' lang='lat' dir='ltr'><strong><em>in</em></strong></span> <span class='ocrx_word' id='word_1_333' title='bbox 1160 2513 1370 2586; x_wconf 89' lang='lat' dir='ltr'><strong><em>Evang.</em></strong></span> <span class='ocrx_word' id='word_1_334' title='bbox 1396 2514 1458 2569; x_wconf 87' lang='lat' dir='ltr'><strong><em>B.</em></strong></span> <span class='ocrx_word' id='word_1_335' title='bbox 1494 2515 1654 2570; x_wconf 79' lang='lat' dir='ltr'><strong><em>Joan.</em></strong></span> <span class='ocrx_word' id='word_1_336' title='bbox 1681 2533 1740 2582; x_wconf 83' lang='grc' dir='ltr'><strong><em>ιι,</em></strong></span> <span class='ocrx_word' id='word_1_337' title='bbox 1773 2535 1820 2571; x_wconf 92' lang='lat' dir='ltr'><strong><em>c.</em></strong></span> <span class='ocrx_word' id='word_1_338' title='bbox 1839 2519 1892 2583; x_wconf 79' lang='grc'><strong>5,</strong></span> <span class='ocrx_word' id='word_1_339' title='bbox 1911 2528 1958 2572; x_wconf 90' lang='lat' dir='ltr'><strong><em>et</em></strong></span> <span class='ocrx_word' id='word_1_340' title='bbox 1983 2518 2072 2573; x_wconf 90' lang='lat' dir='ltr'><strong><em>lib.</em></strong></span> <span class='ocrx_word' id='word_1_341' title='bbox 2112 2535 2207 2583; x_wconf 82' lang='lat' dir='ltr'><strong><em>xu,</em></strong></span> <span class='ocrx_word' id='word_1_342' title='bbox 2231 2535 2276 2572; x_wconf 94' lang='lat' dir='ltr'><strong><em>c.</em></strong></span> <span class='ocrx_word' id='word_1_343' title='bbox 2307 2519 2395 2585; x_wconf 82' lang='lat'><strong><em>56,</em></strong></span> <span class='ocrx_word' id='word_1_344' title='bbox 2425 2520 2615 2590; x_wconf 87' lang='lat' dir='ltr'><strong><em>posuit.</em></strong></span> <span class='ocrx_word' id='word_1_345' title='bbox 2666 2517 2852 2589; x_wconf 80' lang='lat' dir='ltr'><strong><em>Cyrilli</em></strong></span> <span class='ocrx_word' id='word_1_346' title='bbox 2893 2516 3192 2587; x_wconf 79' lang='lat' dir='ltr'><strong><em>Opinionem</em></strong></span> <span class='ocrx_word' id='word_1_347' title='bbox 3244 2532 3349 2570; x_wconf 90' lang='lat' dir='ltr'><strong><em>non</em></strong></span> <span class='ocrx_word' id='word_1_348' title='bbox 3377 2520 3509 2572; x_wconf 89' lang='lat' dir='ltr'><strong><em>satis</em></strong></span> 
     </span>
    </p>
   </div>
   <div class='ocr_carea' id='block_1_26' title="bbox 237 2601 3509 2682">
    <p class='ocr_par' dir='ltr' id='par_1_26' title="bbox 237 2601 3509 2682">
     <span class='ocr_line' id='line_1_26' title="bbox 237 2601 3509 2682; baseline 0.002 -26"><span class='ocrx_word' id='word_1_349' title='bbox 237 2603 437 2676; x_wconf 87' lang='lat' dir='ltr'><strong><em>probat</em></strong></span> <span class='ocrx_word' id='word_1_350' title='bbox 453 2601 515 2656; x_wconf 83' lang='grc' dir='ltr'><em>Β.</em></span> <span class='ocrx_word' id='word_1_351' title='bbox 542 2601 766 2656; x_wconf 86' lang='lat' dir='ltr'><strong><em>Thomas</em></strong></span> <span class='ocrx_word' id='word_1_352' title='bbox 789 2603 844 2658; x_wconf 91' lang='lat' dir='ltr'><strong><em>in</em></strong></span> <span class='ocrx_word' id='word_1_353' title='bbox 872 2621 889 2658; x_wconf 91' lang='grc' dir='ltr'><strong>ι</strong></span> <span class='ocrx_word' id='word_1_354' title='bbox 921 2621 1062 2673; x_wconf 90' lang='lat' dir='ltr'><strong><em>par.,</em></strong></span> <span class='ocrx_word' id='word_1_355' title='bbox 1094 2622 1148 2674; x_wconf 94' lang='lat' dir='ltr'><strong><em>q.</em></strong></span> <span class='ocrx_word' id='word_1_356' title='bbox 1191 2605 1282 2670; x_wconf 78' lang='grc'><strong>91,</strong></span> <span class='ocrx_word' id='word_1_357' title='bbox 1315 2617 1421 2662; x_wconf 89' lang='lat' dir='ltr'><strong><em>art.</em></strong></span> <span class='ocrx_word' id='word_1_358' title='bbox 1453 2609 1505 2675; x_wconf 73' lang='grc'><strong>4,</strong></span> <span class='ocrx_word' id='word_1_359' title='bbox 1532 2617 1582 2662; x_wconf 92' lang='lat' dir='ltr'><strong><em>et</em></strong></span> <span class='ocrx_word' id='word_1_360' title='bbox 1605 2611 1661 2663; x_wconf 93' lang='lat' dir='ltr'><strong><em>in</em></strong></span> <span class='ocrx_word' id='word_1_361' title='bbox 1683 2608 1858 2664; x_wconf 90' lang='lat' dir='ltr'><strong><em>libello</em></strong></span> <span class='ocrx_word' id='word_1_362' title='bbox 1898 2628 2054 2682; x_wconf 91' lang='lat' dir='ltr'><strong><em>quem</em></strong></span> <span class='ocrx_word' id='word_1_363' title='bbox 2088 2613 2338 2667; x_wconf 89' lang='lat' dir='ltr'><strong><em>adversus</em></strong></span> <span class='ocrx_word' id='word_1_364' title='bbox 2371 2627 2577 2665; x_wconf 89' lang='lat' dir='ltr'><strong><em>errores</em></strong></span> <span class='ocrx_word' id='word_1_365' title='bbox 2607 2610 2912 2668; x_wconf 75' lang='lat' dir='ltr'><strong><em>ercorum</em></strong></span> <span class='ocrx_word' id='word_1_366' title='bbox 2959 2610 3190 2682; x_wconf 89' lang='lat' dir='ltr'><strong><em>scripsit,</em></strong></span> <span class='ocrx_word' id='word_1_367' title='bbox 3253 2616 3509 2678; x_wconf 87' lang='lat' dir='ltr'><strong><em>tanquam</em></strong></span> 
     </span>
    </p>
   </div>
   <div class='ocr_carea' id='block_1_27' title="bbox 243 2692 3507 2768">
    <p class='ocr_par' dir='ltr' id='par_1_27' title="bbox 243 2692 3507 2768">
     <span class='ocr_line' id='line_1_27' title="bbox 243 2692 3507 2768; baseline 0.001 -20"><span class='ocrx_word' id='word_1_368' title='bbox 243 2692 437 2765; x_wconf 79' lang='lat' dir='ltr'><strong><em>Cyrilli</em></strong></span> <span class='ocrx_word' id='word_1_369' title='bbox 468 2694 750 2764; x_wconf 88' lang='lat' dir='ltr'><strong><em>propriam</em></strong></span> <span class='ocrx_word' id='word_1_370' title='bbox 781 2695 1038 2764; x_wconf 89' lang='lat' dir='ltr'><strong><em>agnoscit.</em></strong></span> <span class='ocrx_word' id='word_1_371' title='bbox 1067 2693 1172 2750; x_wconf 89' lang='lat' dir='ltr'><strong><em>Sed</em></strong></span> <span class='ocrx_word' id='word_1_372' title='bbox 1203 2705 1262 2749; x_wconf 90' lang='lat' dir='ltr'><strong><em>ut</em></strong></span> <span class='ocrx_word' id='word_1_373' title='bbox 1282 2696 1415 2751; x_wconf 91' lang='lat' dir='ltr'><strong><em>solet</em></strong></span> <span class='ocrx_word' id='word_1_374' title='bbox 1451 2697 1678 2753; x_wconf 91' lang='lat' dir='ltr'><strong><em>Patrum</em></strong></span> <span class='ocrx_word' id='word_1_375' title='bbox 1715 2702 2003 2754; x_wconf 88' lang='lat' dir='ltr'><strong><em>sententias</em></strong></span> <span class='ocrx_word' id='word_1_376' title='bbox 2050 2702 2426 2756; x_wconf 84' lang='lat' dir='ltr'><strong><em>modestissime</em></strong></span> <span class='ocrx_word' id='word_1_377' title='bbox 2463 2703 2520 2754; x_wconf 93' lang='lat' dir='ltr'><strong><em>in</em></strong></span> <span class='ocrx_word' id='word_1_378' title='bbox 2561 2706 2762 2754; x_wconf 87' lang='lat' dir='ltr'><strong><em>rectum</em></strong></span> <span class='ocrx_word' id='word_1_379' title='bbox 2797 2715 3010 2752; x_wconf 88' lang='lat' dir='ltr'><strong><em>sensum</em></strong></span> <span class='ocrx_word' id='word_1_380' title='bbox 3050 2698 3416 2768; x_wconf 90' lang='lat' dir='ltr'><strong><em>interpretari,</em></strong></span> <span class='ocrx_word' id='word_1_381' title='bbox 3450 2705 3507 2750; x_wconf 91' lang='lat' dir='ltr'><strong><em>ut</em></strong></span> 
     </span>
    </p>
   </div>
   <div class='ocr_carea' id='block_1_28' title="bbox 243 2782 3511 2863">
    <p class='ocr_par' dir='ltr' id='par_1_28' title="bbox 243 2782 3511 2863">
     <span class='ocr_line' id='line_1_28' title="bbox 243 2782 3511 2863; baseline -0.001 -20"><span class='ocrx_word' id='word_1_382' title='bbox 243 2792 412 2860; x_wconf 84' lang='lat' dir='ltr'><strong><em>magis</em></strong></span> <span class='ocrx_word' id='word_1_383' title='bbox 444 2806 535 2844; x_wconf 88' lang='lat' dir='ltr'><strong><em>eos</em></strong></span> <span class='ocrx_word' id='word_1_384' title='bbox 565 2789 846 2860; x_wconf 88' lang='lat' dir='ltr'><strong><em>defendere</em></strong></span> <span class='ocrx_word' id='word_1_385' title='bbox 880 2805 1040 2859; x_wconf 90' lang='lat' dir='ltr'><strong><em>quam</em></strong></span> <span class='ocrx_word' id='word_1_386' title='bbox 1066 2791 1442 2861; x_wconf 90' lang='lat' dir='ltr'><strong><em>reprehendere</em></strong></span> <span class='ocrx_word' id='word_1_387' title='bbox 1462 2782 1739 2858; x_wconf 79' lang='lat' dir='ltr'><strong><em>videatur,</em></strong></span> <span class='ocrx_word' id='word_1_388' title='bbox 1789 2810 1907 2847; x_wconf 92' lang='lat' dir='ltr'><strong><em>eam</em></strong></span> <span class='ocrx_word' id='word_1_389' title='bbox 1942 2797 2230 2849; x_wconf 89' lang='lat' dir='ltr'><strong><em>reverentia</em></strong></span> <span class='ocrx_word' id='word_1_390' title='bbox 2283 2797 2418 2849; x_wconf 88' lang='lat' dir='ltr'><strong><em>tanti</em></strong></span> <span class='ocrx_word' id='word_1_391' title='bbox 2446 2793 2626 2847; x_wconf 89' lang='lat' dir='ltr'><strong><em>Patris</em></strong></span> <span class='ocrx_word' id='word_1_392' title='bbox 2657 2799 2924 2863; x_wconf 90' lang='lat' dir='ltr'><strong><em>permotus</em></strong></span> <span class='ocrx_word' id='word_1_393' title='bbox 2945 2797 3178 2854; x_wconf 75' lang='lat' dir='ltr'><strong><em>excusat,</em></strong></span> <span class='ocrx_word' id='word_1_394' title='bbox 3229 2788 3511 2858; x_wconf 88' lang='lat' dir='ltr'><strong><em>allegorice</em></strong></span> 
     </span>
    </p>
   </div>
   <div class='ocr_carea' id='block_1_29' title="bbox 243 2877 3511 2953">
    <p class='ocr_par' dir='ltr' id='par_1_29' title="bbox 243 2877 3511 2953">
     <span class='ocr_line' id='line_1_29' title="bbox 243 2877 3511 2953; baseline -0.001 -17"><span class='ocrx_word' id='word_1_395' title='bbox 243 2881 306 2935; x_wconf 88' lang='lat' dir='ltr'><strong><em>ab</em></strong></span> <span class='ocrx_word' id='word_1_396' title='bbox 336 2882 436 2935; x_wconf 91' lang='lat' dir='ltr'><strong><em>illo</em></strong></span> <span class='ocrx_word' id='word_1_397' title='bbox 473 2880 754 2953; x_wconf 88' lang='lat' dir='ltr'><strong><em>prolatum</em></strong></span> <span class='ocrx_word' id='word_1_398' title='bbox 783 2882 980 2935; x_wconf 87' lang='lat' dir='ltr'><strong><em>dicens.</em></strong></span> <span class='ocrx_word' id='word_1_399' title='bbox 1002 2877 1262 2932; x_wconf 87' lang='lat' dir='ltr'><strong><em>Excusari</em></strong></span> <span class='ocrx_word' id='word_1_400' title='bbox 1311 2894 1373 2930; x_wconf 91' lang='lat' dir='ltr'><strong><em>ac</em></strong></span> <span class='ocrx_word' id='word_1_401' title='bbox 1405 2878 1612 2948; x_wconf 89' lang='lat' dir='ltr'><strong><em>defendi</em></strong></span> <span class='ocrx_word' id='word_1_402' title='bbox 1644 2879 1801 2933; x_wconf 90' lang='lat' dir='ltr'><strong><em>aliter</em></strong></span> <span class='ocrx_word' id='word_1_403' title='bbox 1839 2896 2042 2950; x_wconf 87' lang='lat' dir='ltr'><strong><em>quoque</em></strong></span> <span class='ocrx_word' id='word_1_404' title='bbox 2080 2891 2266 2951; x_wconf 88' lang='lat' dir='ltr'><strong><em>potest,</em></strong></span> <span class='ocrx_word' id='word_1_405' title='bbox 2295 2900 2415 2936; x_wconf 90' lang='lat' dir='ltr'><strong><em>cum</em></strong></span> <span class='ocrx_word' id='word_1_406' title='bbox 2441 2880 2674 2953; x_wconf 80' lang='lat' dir='ltr'><strong><em>Cyrillus</em></strong></span> <span class='ocrx_word' id='word_1_407' title='bbox 2706 2880 2762 2932; x_wconf 91' lang='lat' dir='ltr'><strong><em>in</em></strong></span> <span class='ocrx_word' id='word_1_408' title='bbox 2802 2897 2920 2933; x_wconf 91' lang='lat' dir='ltr'><strong><em>eam</em></strong></span> <span class='ocrx_word' id='word_1_409' title='bbox 2953 2881 3271 2933; x_wconf 87' lang='lat' dir='ltr'><strong><em>sententiam</em></strong></span> <span class='ocrx_word' id='word_1_410' title='bbox 3313 2880 3511 2933; x_wconf 89' lang='lat' dir='ltr'><strong><em>venisse</em></strong></span> 
     </span>
    </p>
   </div>
   <div class='ocr_carea' id='block_1_30' title="bbox 241 2969 3511 3046">
    <p class='ocr_par' dir='ltr' id='par_1_30' title="bbox 241 2969 3511 3046">
     <span class='ocr_line' id='line_1_30' title="bbox 241 2969 3511 3046; baseline -0.001 -20"><span class='ocrx_word' id='word_1_411' title='bbox 241 2974 507 3038; x_wconf 77' lang='lat' dir='ltr'><strong><em>videatur,</em></strong></span> <span class='ocrx_word' id='word_1_412' title='bbox 527 2985 586 3026; x_wconf 90' lang='lat' dir='ltr'><strong><em>ut</em></strong></span> <span class='ocrx_word' id='word_1_413' title='bbox 614 2972 900 3028; x_wconf 75' lang='lat' dir='ltr'><strong><em>Marcionis</em></strong></span> <span class='ocrx_word' id='word_1_414' title='bbox 928 2969 1266 3024; x_wconf 78' lang='lat' dir='ltr'><strong><em>etManichcei</em></strong></span> <span class='ocrx_word' id='word_1_415' title='bbox 1292 2969 1642 3040; x_wconf 89' lang='lat' dir='ltr'><strong><em>blasphemias</em></strong></span> <span class='ocrx_word' id='word_1_416' title='bbox 1659 2972 2016 3043; x_wconf 88' lang='lat' dir='ltr'><strong><em>prapulsaret,</em></strong></span> <span class='ocrx_word' id='word_1_417' title='bbox 2039 2976 2127 3044; x_wconf 89' lang='lat' dir='ltr'><strong><em>qui</em></strong></span> <span class='ocrx_word' id='word_1_418' title='bbox 2154 2976 2395 3029; x_wconf 89' lang='lat' dir='ltr'><strong><em>dicebant</em></strong></span> <span class='ocrx_word' id='word_1_419' title='bbox 2431 2992 2524 3046; x_wconf 91' lang='lat' dir='ltr'><strong><em>per</em></strong></span> <span class='ocrx_word' id='word_1_420' title='bbox 2546 2975 2960 3046; x_wconf 85' lang='lat' dir='ltr'><strong><em>insufﬂationem</em></strong></span> <span class='ocrx_word' id='word_1_421' title='bbox 2978 2969 3132 3025; x_wconf 88' lang='lat' dir='ltr'><strong><em>illam</em></strong></span> <span class='ocrx_word' id='word_1_422' title='bbox 3158 2971 3384 3024; x_wconf 89' lang='lat' dir='ltr'><strong><em>inditum</em></strong></span> <span class='ocrx_word' id='word_1_423' title='bbox 3403 2985 3511 3023; x_wconf 85' lang='lat' dir='ltr'><strong><em>esse</em></strong></span> 
     </span>
    </p>
   </div>
   <div class='ocr_carea' id='block_1_31' title="bbox 243 3063 3511 3139">
    <p class='ocr_par' dir='ltr' id='par_1_31' title="bbox 243 3063 3511 3139">
     <span class='ocr_line' id='line_1_31' title="bbox 243 3063 3511 3139; baseline -0.002 -17"><span class='ocrx_word' id='word_1_424' title='bbox 243 3071 444 3122; x_wconf 86' lang='lat' dir='ltr'><strong><em>homini</em></strong></span> <span class='ocrx_word' id='word_1_425' title='bbox 464 3067 568 3124; x_wconf 91' lang='lat' dir='ltr'><strong><em>Dei</em></strong></span> <span class='ocrx_word' id='word_1_426' title='bbox 581 3067 848 3138; x_wconf 78' lang='lat' dir='ltr'><strong><em>spiritum,</em></strong></span> <span class='ocrx_word' id='word_1_427' title='bbox 868 3079 1092 3134; x_wconf 84' lang='lat' dir='ltr'><strong><em>eumque</em></strong></span> <span class='ocrx_word' id='word_1_428' title='bbox 1106 3065 1160 3117; x_wconf 92' lang='lat' dir='ltr'><strong><em>in</em></strong></span> <span class='ocrx_word' id='word_1_429' title='bbox 1175 3064 1412 3118; x_wconf 88' lang='lat' dir='ltr'><strong><em>animam</em></strong></span> <span class='ocrx_word' id='word_1_430' title='bbox 1433 3065 1656 3118; x_wconf 89' lang='lat' dir='ltr'><strong><em>hominis</em></strong></span> <span class='ocrx_word' id='word_1_431' title='bbox 1672 3081 1995 3120; x_wconf 90' lang='lat' dir='ltr'><strong><em>conversum.</em></strong></span> <span class='ocrx_word' id='word_1_432' title='bbox 2017 3067 2126 3120; x_wconf 90' lang='lat' dir='ltr'><strong><em>Hoc</em></strong></span> <span class='ocrx_word' id='word_1_433' title='bbox 2149 3066 2379 3139; x_wconf 87' lang='lat' dir='ltr'><strong><em>Cyrillus</em></strong></span> <span class='ocrx_word' id='word_1_434' title='bbox 2400 3067 2706 3132; x_wconf 87' lang='lat' dir='ltr'><strong><em>detestatus,</em></strong></span> <span class='ocrx_word' id='word_1_435' title='bbox 2736 3074 2892 3138; x_wconf 90' lang='lat' dir='ltr'><strong><em>negat</em></strong></span> <span class='ocrx_word' id='word_1_436' title='bbox 2918 3063 3176 3135; x_wconf 88' lang='lat' dir='ltr'><strong><em>Spiritum</em></strong></span> <span class='ocrx_word' id='word_1_437' title='bbox 3195 3065 3248 3117; x_wconf 89' lang='lat' dir='ltr'><strong><em>in</em></strong></span> <span class='ocrx_word' id='word_1_438' title='bbox 3274 3065 3511 3118; x_wconf 89' lang='lat' dir='ltr'><strong><em>animam</em></strong></span> 
     </span>
    </p>
   </div>
   <div class='ocr_carea' id='block_1_32' title="bbox 241 3159 3567 3238">
    <p class='ocr_par' dir='ltr' id='par_1_32' title="bbox 241 3159 3567 3238">
     <span class='ocr_line' id='line_1_32' title="bbox 241 3159 3567 3238; baseline -0.002 -18"><span class='ocrx_word' id='word_1_439' title='bbox 241 3164 894 3233; x_wconf 80' lang='lat' dir='ltr'><strong><em>conversum;asseritque</em></strong></span> <span class='ocrx_word' id='word_1_440' title='bbox 915 3159 1492 3231; x_wconf 87' lang='lat' dir='ltr'><strong><em>insufflationemillam</em></strong></span> <span class='ocrx_word' id='word_1_441' title='bbox 1526 3162 1594 3214; x_wconf 91' lang='lat' dir='ltr'><strong><em>ad</em></strong></span> <span class='ocrx_word' id='word_1_442' title='bbox 1610 3161 1846 3216; x_wconf 88' lang='lat' dir='ltr'><strong><em>decorem</em></strong></span> <span class='ocrx_word' id='word_1_443' title='bbox 1867 3164 2079 3227; x_wconf 64' lang='lat' dir='ltr'><strong><em>animae,</em></strong></span> <span class='ocrx_word' id='word_1_444' title='bbox 2100 3180 2203 3216; x_wconf 87' lang='lat' dir='ltr'><strong><em>non</em></strong></span> <span class='ocrx_word' id='word_1_445' title='bbox 2222 3165 2291 3216; x_wconf 91' lang='lat' dir='ltr'><strong><em>ad</em></strong></span> <span class='ocrx_word' id='word_1_446' title='bbox 2317 3181 2505 3234; x_wconf 88' lang='lat' dir='ltr'><strong><em>corpus</em></strong></span> <span class='ocrx_word' id='word_1_447' title='bbox 2533 3162 2882 3217; x_wconf 88' lang='lat' dir='ltr'><strong><em>animandum</em></strong></span> <span class='ocrx_word' id='word_1_448' title='bbox 2899 3159 3317 3232; x_wconf 84' lang='lat' dir='ltr'><strong><em>profecisse.Non</em></strong></span> <span class='ocrx_word' id='word_1_449' title='bbox 3336 3168 3513 3214; x_wconf 89' lang='lat' dir='ltr'><strong><em>tamen</em></strong></span> <span class='ocrx_word' id='word_1_450' title='bbox 3562 3233 3567 3238; x_wconf 25' lang='lat'><strong><em>.</em></strong></span> 
     </span>
    </p>
   </div>
   <div class='ocr_carea' id='block_1_33' title="bbox 243 3257 3512 3331">
    <p class='ocr_par' dir='ltr' id='par_1_33' title="bbox 243 3257 3512 3331">
     <span class='ocr_line' id='line_1_33' title="bbox 243 3257 3512 3331; baseline 0 -17"><span class='ocrx_word' id='word_1_451' title='bbox 243 3259 650 3330; x_wconf 82' lang='lat' dir='ltr'><strong><em>negatSpiritus</em></strong></span> <span class='ocrx_word' id='word_1_452' title='bbox 678 3260 868 3312; x_wconf 89' lang='lat' dir='ltr'><strong><em>virtute</em></strong></span> <span class='ocrx_word' id='word_1_453' title='bbox 881 3264 1040 3327; x_wconf 86' lang='lat' dir='ltr'><strong><em>atque</em></strong></span> <span class='ocrx_word' id='word_1_454' title='bbox 1061 3258 1288 3328; x_wconf 77' lang='lat' dir='ltr'><strong><em>efficacia</em></strong></span> <span class='ocrx_word' id='word_1_455' title='bbox 1313 3275 1500 3329; x_wconf 90' lang='lat' dir='ltr'><strong><em>corpus</em></strong></span> <span class='ocrx_word' id='word_1_456' title='bbox 1528 3258 1664 3312; x_wconf 90' lang='lat' dir='ltr'><strong><em>illud</em></strong></span> <span class='ocrx_word' id='word_1_457' title='bbox 1693 3261 1876 3314; x_wconf 89' lang='lat' dir='ltr'><strong><em>anima</em></strong></span> <span class='ocrx_word' id='word_1_458' title='bbox 1902 3262 2100 3314; x_wconf 89' lang='lat' dir='ltr'><strong><em>vivente</em></strong></span> <span class='ocrx_word' id='word_1_459' title='bbox 2130 3268 2460 3331; x_wconf 88' lang='lat' dir='ltr'><strong><em>vegetatum;</em></strong></span> <span class='ocrx_word' id='word_1_460' title='bbox 2491 3262 2582 3316; x_wconf 90' lang='lat' dir='ltr'><strong><em>sed</em></strong></span> <span class='ocrx_word' id='word_1_461' title='bbox 2609 3260 2771 3314; x_wconf 90' lang='lat' dir='ltr'><strong><em>simul</em></strong></span> <span class='ocrx_word' id='word_1_462' title='bbox 2801 3261 2910 3329; x_wconf 90' lang='lat' dir='ltr'><strong><em>fere</em></strong></span> <span class='ocrx_word' id='word_1_463' title='bbox 2957 3262 3194 3313; x_wconf 90' lang='lat' dir='ltr'><strong><em>animam</em></strong></span> <span class='ocrx_word' id='word_1_464' title='bbox 3217 3261 3266 3314; x_wconf 89' lang='lat' dir='ltr'><strong><em>vi</em></strong></span> <span class='ocrx_word' id='word_1_465' title='bbox 3283 3257 3512 3330; x_wconf 87' lang='lat' dir='ltr'><strong><em>Spiritus</em></strong></span> 
     </span>
    </p>
   </div>
   <div class='ocr_carea' id='block_1_34' title="bbox 240 3347 3507 3424">
    <p class='ocr_par' dir='ltr' id='par_1_34' title="bbox 240 3347 3507 3424">
     <span class='ocr_line' id='line_1_34' title="bbox 240 3347 3507 3424; baseline 0 -18"><span class='ocrx_word' id='word_1_466' title='bbox 240 3354 502 3424; x_wconf 80' lang='lat' dir='ltr'><strong><em>infusam,</em></strong></span> <span class='ocrx_word' id='word_1_467' title='bbox 545 3361 594 3406; x_wconf 90' lang='lat' dir='ltr'><strong><em>et</em></strong></span> <span class='ocrx_word' id='word_1_468' title='bbox 628 3351 870 3422; x_wconf 88' lang='lat' dir='ltr'><strong><em>evestigio</em></strong></span> <span class='ocrx_word' id='word_1_469' title='bbox 893 3351 1064 3403; x_wconf 87' lang='lat' dir='ltr'><strong><em>sancti</em></strong></span> <span class='ocrx_word' id='word_1_470' title='bbox 1090 3347 1320 3420; x_wconf 87' lang='lat' dir='ltr'><strong><em>Spiritus</em></strong></span> <span class='ocrx_word' id='word_1_471' title='bbox 1345 3365 1559 3404; x_wconf 88' lang='lat' dir='ltr'><strong><em>munere</em></strong></span> <span class='ocrx_word' id='word_1_472' title='bbox 1593 3351 1916 3406; x_wconf 77' lang='lat' dir='ltr'><strong><em>decoratum.</em></strong></span> <span class='ocrx_word' id='word_1_473' title='bbox 1944 3350 2094 3416; x_wconf 83' lang='lat' dir='ltr'><strong><em>Quod</em></strong></span> <span class='ocrx_word' id='word_1_474' title='bbox 2125 3354 2396 3422; x_wconf 90' lang='lat' dir='ltr'><strong><em>perspicue</em></strong></span> <span class='ocrx_word' id='word_1_475' title='bbox 2419 3353 2552 3405; x_wconf 89' lang='lat' dir='ltr'><strong><em>dixit</em></strong></span> <span class='ocrx_word' id='word_1_476' title='bbox 2582 3354 2637 3405; x_wconf 88' lang='lat' dir='ltr'><strong><em>in</em></strong></span> <span class='ocrx_word' id='word_1_477' title='bbox 2668 3351 3020 3422; x_wconf 86' lang='lat' dir='ltr'><strong><em>Evangelium</em></strong></span> <span class='ocrx_word' id='word_1_478' title='bbox 3058 3352 3122 3406; x_wconf 79' lang='grc' dir='ltr'><strong><em>Β.</em></strong></span> <span class='ocrx_word' id='word_1_479' title='bbox 3153 3352 3378 3407; x_wconf 80' lang='lat' dir='ltr'><strong><em>Joannis</em></strong></span> <span class='ocrx_word' id='word_1_480' title='bbox 3417 3352 3507 3408; x_wconf 91' lang='lat' dir='ltr'><strong><em>lib.</em></strong></span> 
     </span>
    </p>
   </div>
   <div class='ocr_carea' id='block_1_35' title="bbox 242 3443 3512 3518">
    <p class='ocr_par' dir='ltr' id='par_1_35' title="bbox 242 3443 3512 3518">
     <span class='ocr_line' id='line_1_35' title="bbox 242 3443 3512 3518; baseline 0 -18"><span class='ocrx_word' id='word_1_481' title='bbox 242 3461 302 3511; x_wconf 82' lang='grc' dir='ltr'><strong><em>ιι,</em></strong></span> <span class='ocrx_word' id='word_1_482' title='bbox 333 3465 458 3518; x_wconf 88' lang='lat' dir='ltr'><strong><em>cap.</em></strong></span> <span class='ocrx_word' id='word_1_483' title='bbox 481 3446 537 3500; x_wconf 79' lang='grc'><strong><em>’5,</em></strong></span> <span class='ocrx_word' id='word_1_484' title='bbox 578 3444 682 3500; x_wconf 91' lang='lat' dir='ltr'><strong><em>Sed</em></strong></span> <span class='ocrx_word' id='word_1_485' title='bbox 707 3443 896 3515; x_wconf 84' lang='lat' dir='ltr'><strong><em>Cyrilli</em></strong></span> <span class='ocrx_word' id='word_1_486' title='bbox 923 3446 1184 3514; x_wconf 83' lang='lat' dir='ltr'><strong><em>Opinionis</em></strong></span> <span class='ocrx_word' id='word_1_487' title='bbox 1221 3448 1488 3500; x_wconf 81' lang='lat' dir='ltr'><strong><em>excusatio</em></strong></span> <span class='ocrx_word' id='word_1_488' title='bbox 1512 3446 1735 3501; x_wconf 88' lang='lat' dir='ltr'><strong><em>alterius</em></strong></span> <span class='ocrx_word' id='word_1_489' title='bbox 1763 3448 1935 3518; x_wconf 89' lang='lat' dir='ltr'><strong><em>operis</em></strong></span> <span class='ocrx_word' id='word_1_490' title='bbox 1967 3457 2065 3513; x_wconf 90' lang='lat' dir='ltr'><strong><em>est;</em></strong></span> <span class='ocrx_word' id='word_1_491' title='bbox 2090 3463 2227 3500; x_wconf 89' lang='lat' dir='ltr'><strong><em>nunc</em></strong></span> <span class='ocrx_word' id='word_1_492' title='bbox 2252 3448 2383 3501; x_wconf 87' lang='lat' dir='ltr'><strong><em>satis</em></strong></span> <span class='ocrx_word' id='word_1_493' title='bbox 2422 3454 2500 3501; x_wconf 92' lang='lat' dir='ltr'><strong><em>est</em></strong></span> <span class='ocrx_word' id='word_1_494' title='bbox 2537 3445 2826 3500; x_wconf 88' lang='lat' dir='ltr'><strong><em>ostendisse</em></strong></span> <span class='ocrx_word' id='word_1_495' title='bbox 2859 3445 3051 3516; x_wconf 83' lang='lat' dir='ltr'><strong><em>Cyrilli</em></strong></span> <span class='ocrx_word' id='word_1_496' title='bbox 3077 3447 3214 3499; x_wconf 85' lang='lat' dir='ltr'><strong><em>hanc</em></strong></span> <span class='ocrx_word' id='word_1_497' title='bbox 3257 3462 3366 3499; x_wconf 89' lang='lat' dir='ltr'><strong><em>esse</em></strong></span> <span class='ocrx_word' id='word_1_498' title='bbox 3387 3463 3512 3500; x_wconf 89' lang='lat' dir='ltr'><strong><em>sen-</em></strong></span> 
     </span>
    </p>
   </div>
   <div class='ocr_carea' id='block_1_36' title="bbox 249 3535 3512 3610">
    <p class='ocr_par' dir='ltr' id='par_1_36' title="bbox 249 3535 3512 3610">
     <span class='ocr_line' id='line_1_36' title="bbox 249 3535 3512 3610; baseline -0.001 -18"><span class='ocrx_word' id='word_1_499' title='bbox 249 3540 495 3592; x_wconf 83' lang='lat' dir='ltr'><strong><em>tentiam.</em></strong></span> <span class='ocrx_word' id='word_1_500' title='bbox 525 3537 688 3607; x_wconf 78' lang='lat' dir='ltr'><strong><em>Atqui</em></strong></span> <span class='ocrx_word' id='word_1_501' title='bbox 711 3539 768 3592; x_wconf 89' lang='lat' dir='ltr'><strong><em>in</em></strong></span> <span class='ocrx_word' id='word_1_502' title='bbox 810 3539 982 3607; x_wconf 91' lang='lat' dir='ltr'><strong><em>primo</em></strong></span> <span class='ocrx_word' id='word_1_503' title='bbox 1020 3535 1177 3606; x_wconf 87' lang='lat' dir='ltr'><strong><em>hujus</em></strong></span> <span class='ocrx_word' id='word_1_504' title='bbox 1218 3538 1391 3607; x_wconf 92' lang='lat' dir='ltr'><strong><em>operis</em></strong></span> <span class='ocrx_word' id='word_1_505' title='bbox 1432 3536 1564 3592; x_wconf 89' lang='lat' dir='ltr'><strong><em>libro</em></strong></span> <span class='ocrx_word' id='word_1_506' title='bbox 1589 3538 1697 3594; x_wconf 61' lang='lat' dir='ltr'><strong><em>haec</em></strong></span> <span class='ocrx_word' id='word_1_507' title='bbox 1721 3541 1985 3595; x_wconf 84' lang='lat' dir='ltr'><strong><em>sententia</em></strong></span> <span class='ocrx_word' id='word_1_508' title='bbox 2015 3540 2187 3610; x_wconf 88' lang='lat' dir='ltr'><strong><em>posita</em></strong></span> <span class='ocrx_word' id='word_1_509' title='bbox 2216 3547 2331 3604; x_wconf 84' lang='lat' dir='ltr'><strong><em>est;</em></strong></span> <span class='ocrx_word' id='word_1_510' title='bbox 2361 3554 2462 3610; x_wconf 89' lang='lat' dir='ltr'><strong><em>quo</em></strong></span> <span class='ocrx_word' id='word_1_511' title='bbox 2499 3553 2682 3592; x_wconf 88' lang='lat' dir='ltr'><strong><em>verum</em></strong></span> <span class='ocrx_word' id='word_1_512' title='bbox 2729 3552 2837 3591; x_wconf 85' lang='lat' dir='ltr'><strong><em>esse</em></strong></span> <span class='ocrx_word' id='word_1_513' title='bbox 2860 3535 3049 3608; x_wconf 83' lang='lat' dir='ltr'><strong><em>Cyrilli</em></strong></span> <span class='ocrx_word' id='word_1_514' title='bbox 3078 3537 3170 3590; x_wconf 90' lang='lat' dir='ltr'><strong><em>hoc</em></strong></span> <span class='ocrx_word' id='word_1_515' title='bbox 3202 3552 3330 3608; x_wconf 89' lang='lat' dir='ltr'><strong><em>opus</em></strong></span> <span class='ocrx_word' id='word_1_516' title='bbox 3371 3537 3512 3592; x_wconf 88' lang='lat' dir='ltr'><strong><em>indi-</em></strong></span> 
     </span>
    </p>
   </div>
   <div class='ocr_carea' id='block_1_37' title="bbox 247 3641 423 3684">
    <p class='ocr_par' dir='ltr' id='par_1_37' title="bbox 247 3641 423 3684">
     <span class='ocr_line' id='line_1_37' title="bbox 247 3641 423 3684; baseline -0.011 1"><span class='ocrx_word' id='word_1_517' title='bbox 247 3641 423 3684; x_wconf 63' lang='grc' dir='ltr'><em>εστιν.</em></span> 
     </span>
    </p>
   </div>
   <div class='ocr_carea' id='block_1_38' title="bbox 318 3721 3514 3798">
    <p class='ocr_par' dir='ltr' id='par_1_38' title="bbox 318 3721 3514 3798">
     <span class='ocr_line' id='line_1_38' title="bbox 318 3721 3514 3798; baseline -0.002 -18"><span class='ocrx_word' id='word_1_518' title='bbox 318 3722 690 3796; x_wconf 76' lang='lat' dir='ltr'><strong><em>Expositiones</em></strong></span> <span class='ocrx_word' id='word_1_519' title='bbox 721 3741 844 3779; x_wconf 90' lang='lat' dir='ltr'><strong><em>vero</em></strong></span> <span class='ocrx_word' id='word_1_520' title='bbox 872 3725 1062 3779; x_wconf 66' lang='lat' dir='ltr'><strong><em>divinat</em></strong></span> <span class='ocrx_word' id='word_1_521' title='bbox 1095 3723 1402 3797; x_wconf 73' lang='lat' dir='ltr'><strong><em>Scriptum,</em></strong></span> <span class='ocrx_word' id='word_1_522' title='bbox 1424 3743 1542 3798; x_wconf 71' lang='lat' dir='ltr'><strong><em>qua:</em></strong></span> <span class='ocrx_word' id='word_1_523' title='bbox 1564 3728 1618 3782; x_wconf 89' lang='lat' dir='ltr'><strong><em>in</em></strong></span> <span class='ocrx_word' id='word_1_524' title='bbox 1643 3727 1763 3782; x_wconf 89' lang='lat' dir='ltr'><strong><em>aliis</em></strong></span> <span class='ocrx_word' id='word_1_525' title='bbox 1792 3727 1905 3798; x_wconf 86' lang='lat' dir='ltr'><strong><em>ejus</em></strong></span> <span class='ocrx_word' id='word_1_526' title='bbox 1947 3727 2089 3782; x_wconf 86' lang='lat' dir='ltr'><strong><em>libris</em></strong></span> <span class='ocrx_word' id='word_1_527' title='bbox 2121 3728 2437 3798; x_wconf 84' lang='lat' dir='ltr'><strong><em>afferuntur,</em></strong></span> <span class='ocrx_word' id='word_1_528' title='bbox 2459 3724 2622 3780; x_wconf 90' lang='lat' dir='ltr'><strong><em>sicubi</em></strong></span> <span class='ocrx_word' id='word_1_529' title='bbox 2647 3727 2703 3779; x_wconf 92' lang='lat' dir='ltr'><strong><em>in</em></strong></span> <span class='ocrx_word' id='word_1_530' title='bbox 2723 3724 2803 3778; x_wconf 88' lang='lat' dir='ltr'><strong><em>his</em></strong></span> <span class='ocrx_word' id='word_1_531' title='bbox 2837 3723 2983 3777; x_wconf 89' lang='lat' dir='ltr'><strong><em>libris</em></strong></span> <span class='ocrx_word' id='word_1_532' title='bbox 3004 3739 3130 3776; x_wconf 90' lang='lat' dir='ltr'><strong><em>usus</em></strong></span> <span class='ocrx_word' id='word_1_533' title='bbox 3166 3721 3370 3786; x_wconf 90' lang='lat' dir='ltr'><strong><em>incidit,</em></strong></span> <span class='ocrx_word' id='word_1_534' title='bbox 3409 3736 3514 3775; x_wconf 82' lang='lat' dir='ltr'><strong><em>ea:-</em></strong></span> 
     </span>
    </p>
   </div>
   <div class='ocr_carea' id='block_1_39' title="bbox 247 3813 3514 3889">
    <p class='ocr_par' dir='ltr' id='par_1_39' title="bbox 247 3813 3514 3889">
     <span class='ocr_line' id='line_1_39' title="bbox 247 3813 3514 3889; baseline -0.001 -20"><span class='ocrx_word' id='word_1_535' title='bbox 247 3817 371 3871; x_wconf 85' lang='lat' dir='ltr'><strong><em>dem</em></strong></span> <span class='ocrx_word' id='word_1_536' title='bbox 386 3821 564 3888; x_wconf 73' lang='lat' dir='ltr'><strong><em>positae</em></strong></span> <span class='ocrx_word' id='word_1_537' title='bbox 575 3825 724 3882; x_wconf 85' lang='lat' dir='ltr'><strong><em>sunt;</em></strong></span> <span class='ocrx_word' id='word_1_538' title='bbox 749 3817 884 3888; x_wconf 89' lang='lat' dir='ltr'><strong><em>quod</em></strong></span> <span class='ocrx_word' id='word_1_539' title='bbox 895 3817 1068 3887; x_wconf 90' lang='lat' dir='ltr'><strong><em>ipsum</em></strong></span> <span class='ocrx_word' id='word_1_540' title='bbox 1083 3817 1320 3871; x_wconf 89' lang='lat' dir='ltr'><strong><em>eumdem</em></strong></span> <span class='ocrx_word' id='word_1_541' title='bbox 1339 3833 1448 3871; x_wconf 89' lang='lat' dir='ltr'><strong><em>esse</em></strong></span> <span class='ocrx_word' id='word_1_542' title='bbox 1467 3817 1913 3889; x_wconf 81' lang='lat' dir='ltr'><strong><em>prodit.Singuias</em></strong></span> <span class='ocrx_word' id='word_1_543' title='bbox 1926 3835 2189 3872; x_wconf 87' lang='lat' dir='ltr'><strong><em>recensere</em></strong></span> <span class='ocrx_word' id='word_1_544' title='bbox 2205 3834 2370 3889; x_wconf 88' lang='lat' dir='ltr'><strong><em>neque</em></strong></span> <span class='ocrx_word' id='word_1_545' title='bbox 2385 3818 2606 3871; x_wconf 88' lang='lat' dir='ltr'><strong><em>breviter</em></strong></span> <span class='ocrx_word' id='word_1_546' title='bbox 2619 3831 2851 3888; x_wconf 87' lang='lat' dir='ltr'><strong><em>possum,</em></strong></span> <span class='ocrx_word' id='word_1_547' title='bbox 2867 3823 2912 3869; x_wconf 90' lang='lat' dir='ltr'><strong><em>et</em></strong></span> <span class='ocrx_word' id='word_1_548' title='bbox 2935 3815 3085 3868; x_wconf 89' lang='lat' dir='ltr'><strong><em>otiosi</em></strong></span> <span class='ocrx_word' id='word_1_549' title='bbox 3104 3813 3325 3867; x_wconf 89' lang='lat' dir='ltr'><strong><em>hominis</em></strong></span> <span class='ocrx_word' id='word_1_550' title='bbox 3345 3821 3479 3865; x_wconf 89' lang='lat' dir='ltr'><strong><em>esset</em></strong></span> <span class='ocrx_word' id='word_1_551' title='bbox 3497 3827 3514 3865; x_wconf 90' lang='lat'><strong><em>:</em></strong></span> 
     </span>
    </p>
   </div>
   <div class='ocr_carea' id='block_1_40' title="bbox 254 3903 3516 3982">
    <p class='ocr_par' dir='ltr' id='par_1_40' title="bbox 254 3903 3516 3982">
     <span class='ocr_line' id='line_1_40' title="bbox 254 3903 3516 3982; baseline -0.002 -17"><span class='ocrx_word' id='word_1_552' title='bbox 254 3909 503 3979; x_wconf 80' lang='lat' dir='ltr'><strong><em>idquecui</em></strong></span> <span class='ocrx_word' id='word_1_553' title='bbox 533 3908 742 3962; x_wconf 90' lang='lat' dir='ltr'><strong><em>libitum</em></strong></span> <span class='ocrx_word' id='word_1_554' title='bbox 773 3907 929 3978; x_wconf 87' lang='lat' dir='ltr'><strong><em>fuerit</em></strong></span> <span class='ocrx_word' id='word_1_555' title='bbox 946 3907 1101 3976; x_wconf 89' lang='lat' dir='ltr'><strong><em>facile</em></strong></span> <span class='ocrx_word' id='word_1_556' title='bbox 1131 3918 1286 3962; x_wconf 87' lang='lat' dir='ltr'><strong><em>estex</em></strong></span> <span class='ocrx_word' id='word_1_557' title='bbox 1311 3908 1481 3962; x_wconf 90' lang='lat' dir='ltr'><strong><em>indice</em></strong></span> <span class='ocrx_word' id='word_1_558' title='bbox 1499 3906 1789 3979; x_wconf 73' lang='lat' dir='ltr'><strong><em>Scriptum</em></strong></span> <span class='ocrx_word' id='word_1_559' title='bbox 1812 3926 2001 3975; x_wconf 78' lang='lat' dir='ltr'><strong><em>sacrte,</em></strong></span> <span class='ocrx_word' id='word_1_560' title='bbox 2033 3911 2123 3979; x_wconf 89' lang='lat' dir='ltr'><strong><em>qui</em></strong></span> <span class='ocrx_word' id='word_1_561' title='bbox 2148 3910 2218 3962; x_wconf 90' lang='lat' dir='ltr'><strong><em>ad</em></strong></span> <span class='ocrx_word' id='word_1_562' title='bbox 2239 3909 2400 3978; x_wconf 86' lang='lat' dir='ltr'><strong><em>finem</em></strong></span> <span class='ocrx_word' id='word_1_563' title='bbox 2424 3911 2597 3982; x_wconf 88' lang='lat' dir='ltr'><strong><em>operis</em></strong></span> <span class='ocrx_word' id='word_1_564' title='bbox 2633 3915 2710 3962; x_wconf 91' lang='lat' dir='ltr'><strong><em>est</em></strong></span> <span class='ocrx_word' id='word_1_565' title='bbox 2734 3907 2952 3978; x_wconf 84' lang='lat' dir='ltr'><strong><em>positus,</em></strong></span> <span class='ocrx_word' id='word_1_566' title='bbox 2971 3906 3265 3968; x_wconf 85' lang='lat' dir='ltr'><strong><em>desumere,</em></strong></span> <span class='ocrx_word' id='word_1_567' title='bbox 3299 3912 3348 3956; x_wconf 89' lang='lat' dir='ltr'><strong><em>et</em></strong></span> <span class='ocrx_word' id='word_1_568' title='bbox 3391 3903 3516 3958; x_wconf 89' lang='lat' dir='ltr'><strong><em>illas</em></strong></span> 
     </span>
    </p>
   </div>
   <div class='ocr_carea' id='block_1_41' title="bbox 249 3998 3518 4079">
    <p class='ocr_par' dir='ltr' id='par_1_41' title="bbox 249 3998 3518 4079">
     <span class='ocr_line' id='line_1_41' title="bbox 249 3998 3518 4079; baseline -0.002 -21"><span class='ocrx_word' id='word_1_569' title='bbox 249 4010 390 4058; x_wconf 75' lang='lat' dir='ltr'><strong><em>inter</em></strong></span> <span class='ocrx_word' id='word_1_570' title='bbox 400 4019 459 4057; x_wconf 91' lang='lat' dir='ltr'><strong><em>se</em></strong></span> <span class='ocrx_word' id='word_1_571' title='bbox 471 4001 881 4072; x_wconf 84' lang='lat' dir='ltr'><strong><em>conferre.Quin</em></strong></span> <span class='ocrx_word' id='word_1_572' title='bbox 899 4003 1408 4076; x_wconf 83' lang='lat' dir='ltr'><strong><em>etiaminterCyrilli</em></strong></span> <span class='ocrx_word' id='word_1_573' title='bbox 1421 4021 1582 4076; x_wconf 80' lang='lat' dir='ltr'><strong><em>Opera</em></strong></span> <span class='ocrx_word' id='word_1_574' title='bbox 1597 4005 1803 4060; x_wconf 89' lang='lat' dir='ltr'><strong><em>libellus</em></strong></span> <span class='ocrx_word' id='word_1_575' title='bbox 1819 4007 2034 4077; x_wconf 88' lang='lat' dir='ltr'><strong><em>quidam</em></strong></span> <span class='ocrx_word' id='word_1_576' title='bbox 2050 4008 2336 4072; x_wconf 89' lang='lat' dir='ltr'><strong><em>invenitur,</em></strong></span> <span class='ocrx_word' id='word_1_577' title='bbox 2353 4009 2442 4079; x_wconf 87' lang='lat' dir='ltr'><strong><em>qui</em></strong></span> <span class='ocrx_word' id='word_1_578' title='bbox 2464 4008 2810 4064; x_wconf 83' lang='lat' dir='ltr'><strong><em>Collectanea</em></strong></span> <span class='ocrx_word' id='word_1_579' title='bbox 2832 4002 3161 4065; x_wconf 88' lang='lat' dir='ltr'><strong><em>inscribitur;</em></strong></span> <span class='ocrx_word' id='word_1_580' title='bbox 3195 4001 3250 4052; x_wconf 87' lang='lat' dir='ltr'><strong><em>in</em></strong></span> <span class='ocrx_word' id='word_1_581' title='bbox 3265 4016 3324 4052; x_wconf 90' lang='lat' dir='ltr'><strong><em>eo</em></strong></span> <span class='ocrx_word' id='word_1_582' title='bbox 3348 3998 3518 4053; x_wconf 88' lang='lat' dir='ltr'><strong><em>multa</em></strong></span> 
     </span>
    </p>
   </div>
   <div class='ocr_carea' id='block_1_42' title="bbox 251 4090 3517 4165">
    <p class='ocr_par' dir='ltr' id='par_1_42' title="bbox 251 4090 3517 4165">
     <span class='ocr_line' id='line_1_42' title="bbox 251 4090 3517 4165; baseline -0.001 -20"><span class='ocrx_word' id='word_1_583' title='bbox 251 4102 372 4146; x_wconf 78' lang='lat' dir='ltr'><strong><em>sunt</em></strong></span> <span class='ocrx_word' id='word_1_584' title='bbox 401 4092 692 4164; x_wconf 65' lang='lat' dir='ltr'><strong><em>Scriptura</em></strong></span> <span class='ocrx_word' id='word_1_585' title='bbox 743 4093 858 4148; x_wconf 88' lang='lat' dir='ltr'><strong><em>loca</em></strong></span> <span class='ocrx_word' id='word_1_586' title='bbox 885 4093 1181 4149; x_wconf 88' lang='lat' dir='ltr'><strong><em>sublimiori</em></strong></span> <span class='ocrx_word' id='word_1_587' title='bbox 1224 4111 1382 4148; x_wconf 89' lang='lat' dir='ltr'><strong><em>sensu</em></strong></span> <span class='ocrx_word' id='word_1_588' title='bbox 1407 4103 1456 4148; x_wconf 93' lang='lat' dir='ltr'><strong><em>et</em></strong></span> <span class='ocrx_word' id='word_1_589' title='bbox 1477 4096 1765 4165; x_wconf 89' lang='lat' dir='ltr'><strong><em>anagogico</em></strong></span> <span class='ocrx_word' id='word_1_590' title='bbox 1803 4094 2089 4165; x_wconf 86' lang='lat' dir='ltr'><strong><em>explicata,</em></strong></span> <span class='ocrx_word' id='word_1_591' title='bbox 2123 4095 2376 4164; x_wconf 89' lang='lat' dir='ltr'><strong><em>pleraque</em></strong></span> <span class='ocrx_word' id='word_1_592' title='bbox 2402 4111 2464 4148; x_wconf 85' lang='lat' dir='ltr'><strong><em>ex</em></strong></span> <span class='ocrx_word' id='word_1_593' title='bbox 2496 4093 2642 4147; x_wconf 89' lang='lat' dir='ltr'><strong><em>libris</em></strong></span> <span class='ocrx_word' id='word_1_594' title='bbox 2658 4107 2787 4163; x_wconf 89' lang='lat' dir='ltr'><strong><em>pene</em></strong></span> <span class='ocrx_word' id='word_1_595' title='bbox 2808 4094 2877 4147; x_wconf 93' lang='lat' dir='ltr'><strong><em>ad</em></strong></span> <span class='ocrx_word' id='word_1_596' title='bbox 2912 4091 3124 4146; x_wconf 90' lang='lat' dir='ltr'><strong><em>verbum</em></strong></span> <span class='ocrx_word' id='word_1_597' title='bbox 3147 4090 3442 4161; x_wconf 86' lang='lat' dir='ltr'><strong><em>desumpta,</em></strong></span> <span class='ocrx_word' id='word_1_598' title='bbox 3459 4100 3517 4144; x_wconf 87' lang='lat' dir='ltr'><strong><em>ut</em></strong></span> 
     </span>
    </p>
   </div>
   <div class='ocr_carea' id='block_1_43' title="bbox 250 4185 3515 4258">
    <p class='ocr_par' dir='ltr' id='par_1_43' title="bbox 250 4185 3515 4258">
     <span class='ocr_line' id='line_1_43' title="bbox 250 4185 3515 4258; baseline 0 -21"><span class='ocrx_word' id='word_1_599' title='bbox 250 4185 387 4238; x_wconf 77' lang='lat' dir='ltr'><strong><em>illud</em></strong></span> <span class='ocrx_word' id='word_1_600' title='bbox 410 4186 478 4238; x_wconf 88' lang='lat' dir='ltr'><strong><em>de</em></strong></span> <span class='ocrx_word' id='word_1_601' title='bbox 508 4185 686 4256; x_wconf 72' lang='lat' dir='ltr'><strong><em>Moyse</em></strong></span> <span class='ocrx_word' id='word_1_602' title='bbox 710 4185 904 4257; x_wconf 73' lang='lat' dir='ltr'><strong><em>lingua:</em></strong></span> <span class='ocrx_word' id='word_1_603' title='bbox 929 4191 1236 4245; x_wconf 88' lang='lat' dir='ltr'><strong><em>tarditatem</em></strong></span> <span class='ocrx_word' id='word_1_604' title='bbox 1287 4199 1592 4258; x_wconf 83' lang='lat' dir='ltr'><strong><em>excusante,</em></strong></span> <span class='ocrx_word' id='word_1_605' title='bbox 1624 4191 1688 4244; x_wconf 90' lang='lat' dir='ltr'><strong><em>de</em></strong></span> <span class='ocrx_word' id='word_1_606' title='bbox 1717 4199 1874 4246; x_wconf 73' lang='lat' dir='ltr'><strong><em>(etate</em></strong></span> <span class='ocrx_word' id='word_1_607' title='bbox 1894 4191 2099 4254; x_wconf 83' lang='lat' dir='ltr'><strong><em>Aaron,</em></strong></span> <span class='ocrx_word' id='word_1_608' title='bbox 2118 4189 2182 4242; x_wconf 88' lang='lat' dir='ltr'><strong><em>de</em></strong></span> <span class='ocrx_word' id='word_1_609' title='bbox 2203 4191 2351 4258; x_wconf 87' lang='lat' dir='ltr'><strong><em>virga</em></strong></span> <span class='ocrx_word' id='word_1_610' title='bbox 2382 4189 2437 4254; x_wconf 82' lang='lat' dir='ltr'><strong><em>in</em></strong></span> <span class='ocrx_word' id='word_1_611' title='bbox 2473 4195 2769 4257; x_wconf 87' lang='lat' dir='ltr'><strong><em>serpentem</em></strong></span> <span class='ocrx_word' id='word_1_612' title='bbox 2785 4202 2958 4250; x_wconf 89' lang='lat' dir='ltr'><strong><em>versa,</em></strong></span> <span class='ocrx_word' id='word_1_613' title='bbox 2987 4185 3050 4238; x_wconf 91' lang='lat' dir='ltr'><strong><em>de</em></strong></span> <span class='ocrx_word' id='word_1_614' title='bbox 3080 4200 3233 4256; x_wconf 75' lang='lat' dir='ltr'><strong><em>aqua:</em></strong></span> <span class='ocrx_word' id='word_1_615' title='bbox 3259 4185 3480 4256; x_wconf 88' lang='lat' dir='ltr'><strong><em>penuria</em></strong></span> <span class='ocrx_word' id='word_1_616' title='bbox 3500 4226 3515 4251; x_wconf 92' lang='lat'><strong><em>,</em></strong></span> 
     </span>
    </p>
   </div>
   <div class='ocr_carea' id='block_1_44' title="bbox 253 4279 3516 4358">
    <p class='ocr_par' dir='ltr' id='par_1_44' title="bbox 253 4279 3516 4358">
     <span class='ocr_line' id='line_1_44' title="bbox 253 4279 3516 4358; baseline -0 -24"><span class='ocrx_word' id='word_1_617' title='bbox 253 4297 360 4351; x_wconf 81' lang='lat' dir='ltr'><strong><em>qua</em></strong></span> <span class='ocrx_word' id='word_1_618' title='bbox 390 4281 657 4336; x_wconf 80' lang='lat' dir='ltr'><strong><em>Israelita:</em></strong></span> <span class='ocrx_word' id='word_1_619' title='bbox 680 4281 842 4352; x_wconf 90' lang='lat' dir='ltr'><strong><em>paulo</em></strong></span> <span class='ocrx_word' id='word_1_620' title='bbox 865 4292 988 4338; x_wconf 90' lang='lat' dir='ltr'><strong><em>ante</em></strong></span> <span class='ocrx_word' id='word_1_621' title='bbox 1014 4301 1079 4339; x_wconf 87' lang='lat' dir='ltr'><strong><em>ex</em></strong></span> <span class='ocrx_word' id='word_1_622' title='bbox 1099 4285 1330 4358; x_wconf 66' lang='lat' dir='ltr'><strong><em>Egypto</em></strong></span> <span class='ocrx_word' id='word_1_623' title='bbox 1355 4286 1584 4352; x_wconf 89' lang='lat' dir='ltr'><strong><em>liberati,</em></strong></span> <span class='ocrx_word' id='word_1_624' title='bbox 1627 4287 1859 4358; x_wconf 88' lang='lat' dir='ltr'><strong><em>primum</em></strong></span> <span class='ocrx_word' id='word_1_625' title='bbox 1899 4285 2077 4340; x_wconf 85' lang='lat' dir='ltr'><strong><em>vexati</em></strong></span> <span class='ocrx_word' id='word_1_626' title='bbox 2112 4283 2422 4355; x_wconf 88' lang='lat' dir='ltr'><strong><em>probatique</em></strong></span> <span class='ocrx_word' id='word_1_627' title='bbox 2445 4291 2588 4348; x_wconf 91' lang='lat' dir='ltr'><strong><em>sunt,</em></strong></span> <span class='ocrx_word' id='word_1_628' title='bbox 2638 4281 2701 4335; x_wconf 89' lang='lat' dir='ltr'><strong><em>de</em></strong></span> <span class='ocrx_word' id='word_1_629' title='bbox 2726 4296 2905 4352; x_wconf 86' lang='lat' dir='ltr'><strong><em>pugna</em></strong></span> <span class='ocrx_word' id='word_1_630' title='bbox 2937 4280 3188 4334; x_wconf 87' lang='lat' dir='ltr'><strong><em>adversus</em></strong></span> <span class='ocrx_word' id='word_1_631' title='bbox 3212 4279 3516 4334; x_wconf 73' lang='lat' dir='ltr'><strong><em>Amalec/ti-</em></strong></span> 
     </span>
    </p>
   </div>
   <div class='ocr_carea' id='block_1_45' title="bbox 252 4373 1672 4450">
    <p class='ocr_par' dir='ltr' id='par_1_45' title="bbox 252 4373 1672 4450">
     <span class='ocr_line' id='line_1_45' title="bbox 252 4373 1672 4450; baseline 0.004 -22"><span class='ocrx_word' id='word_1_632' title='bbox 252 4380 335 4428; x_wconf 71' lang='grc' dir='ltr'><strong><em>ιω</em></strong></span> <span class='ocrx_word' id='word_1_633' title='bbox 356 4376 516 4438; x_wconf 87' lang='lat' dir='ltr'><strong><em>inita,</em></strong></span> <span class='ocrx_word' id='word_1_634' title='bbox 535 4373 696 4430; x_wconf 77' lang='lat' dir='ltr'><strong><em>Iosue</em></strong></span> <span class='ocrx_word' id='word_1_635' title='bbox 721 4378 870 4442; x_wconf 93' lang='lat' dir='ltr'><strong><em>duce,</em></strong></span> <span class='ocrx_word' id='word_1_636' title='bbox 901 4377 1078 4450; x_wconf 78' lang='lat' dir='ltr'><strong><em>Moyse</em></strong></span> <span class='ocrx_word' id='word_1_637' title='bbox 1098 4387 1412 4450; x_wconf 90' lang='lat' dir='ltr'><strong><em>spectatore.</em></strong></span> <span class='ocrx_word' id='word_1_638' title='bbox 1666 4395 1672 4401; x_wconf 84' lang='lat'><strong><em>&#39;</em></strong></span> 
     </span>
    </p>
   </div>
   <div class='ocr_carea' id='block_1_46' title="bbox 319 4462 3516 4540">
    <p class='ocr_par' dir='ltr' id='par_1_46' title="bbox 319 4462 3516 4540">
     <span class='ocr_line' id='line_1_46' title="bbox 319 4462 3516 4540; baseline -0.002 -20"><span class='ocrx_word' id='word_1_639' title='bbox 319 4465 388 4520; x_wconf 82' lang='lat' dir='ltr'><strong><em>In</em></strong></span> <span class='ocrx_word' id='word_1_640' title='bbox 411 4464 609 4522; x_wconf 62' lang='lat' dir='ltr'><strong><em>Grecis</em></strong></span> <span class='ocrx_word' id='word_1_641' title='bbox 638 4471 838 4522; x_wconf 88' lang='lat' dir='ltr'><strong><em>catenis</em></strong></span> <span class='ocrx_word' id='word_1_642' title='bbox 869 4478 1150 4539; x_wconf 69' lang='lat' dir='ltr'><strong><em>praeterea,</em></strong></span> <span class='ocrx_word' id='word_1_643' title='bbox 1182 4469 1239 4523; x_wconf 92' lang='lat' dir='ltr'><strong><em>in</em></strong></span> <span class='ocrx_word' id='word_1_644' title='bbox 1277 4468 1689 4523; x_wconf 89' lang='lat' dir='ltr'><strong><em>Pentateuchum</em></strong></span> <span class='ocrx_word' id='word_1_645' title='bbox 1721 4468 2002 4540; x_wconf 70' lang='lat' dir='ltr'><strong><em>praecipue,</em></strong></span> <span class='ocrx_word' id='word_1_646' title='bbox 2029 4482 2146 4536; x_wconf 76' lang='lat' dir='ltr'><strong><em>qua:</em></strong></span> <span class='ocrx_word' id='word_1_647' title='bbox 2172 4465 2228 4520; x_wconf 91' lang='lat' dir='ltr'><strong><em>in</em></strong></span> <span class='ocrx_word' id='word_1_648' title='bbox 2265 4465 2524 4520; x_wconf 88' lang='lat' dir='ltr'><strong><em>Vaticana</em></strong></span> <span class='ocrx_word' id='word_1_649' title='bbox 2550 4462 2862 4518; x_wconf 89' lang='lat' dir='ltr'><strong><em>bibliotheca</em></strong></span> <span class='ocrx_word' id='word_1_650' title='bbox 2884 4469 3028 4526; x_wconf 90' lang='lat' dir='ltr'><strong><em>sunt,</em></strong></span> <span class='ocrx_word' id='word_1_651' title='bbox 3050 4479 3212 4532; x_wconf 90' lang='lat' dir='ltr'><strong><em>quam</em></strong></span> <span class='ocrx_word' id='word_1_652' title='bbox 3248 4463 3419 4515; x_wconf 90' lang='lat' dir='ltr'><strong><em>multa</em></strong></span> <span class='ocrx_word' id='word_1_653' title='bbox 3453 4479 3516 4515; x_wconf 92' lang='lat' dir='ltr'><strong><em>ac</em></strong></span> 
     </span>
    </p>
   </div>
   <div class='ocr_carea' id='block_1_47' title="bbox 253 4551 3518 4629">
    <p class='ocr_par' dir='ltr' id='par_1_47' title="bbox 253 4551 3518 4629">
     <span class='ocr_line' id='line_1_47' title="bbox 253 4551 3518 4629; baseline -0.002 -18"><span class='ocrx_word' id='word_1_654' title='bbox 253 4573 420 4626; x_wconf 81' lang='lat' dir='ltr'><strong><em>prope</em></strong></span> <span class='ocrx_word' id='word_1_655' title='bbox 444 4556 673 4612; x_wconf 79' lang='lat' dir='ltr'><strong><em>dixerim</em></strong></span> <span class='ocrx_word' id='word_1_656' title='bbox 700 4560 880 4612; x_wconf 91' lang='lat' dir='ltr'><strong><em>omnia</em></strong></span> <span class='ocrx_word' id='word_1_657' title='bbox 913 4575 975 4613; x_wconf 86' lang='lat' dir='ltr'><strong><em>ex</em></strong></span> <span class='ocrx_word' id='word_1_658' title='bbox 995 4560 1073 4613; x_wconf 89' lang='lat' dir='ltr'><strong><em>his</em></strong></span> <span class='ocrx_word' id='word_1_659' title='bbox 1098 4558 1246 4614; x_wconf 90' lang='lat' dir='ltr'><strong><em>libris</em></strong></span> <span class='ocrx_word' id='word_1_660' title='bbox 1277 4565 1493 4629; x_wconf 89' lang='lat' dir='ltr'><strong><em>accepta</em></strong></span> <span class='ocrx_word' id='word_1_661' title='bbox 1520 4557 1683 4613; x_wconf 82' lang='lat' dir='ltr'><strong><em>sunt?</em></strong></span> <span class='ocrx_word' id='word_1_662' title='bbox 1719 4557 1798 4611; x_wconf 91' lang='lat' dir='ltr'><strong><em>ita</em></strong></span> <span class='ocrx_word' id='word_1_663' title='bbox 1827 4566 1885 4611; x_wconf 91' lang='lat' dir='ltr'><strong><em>ut</em></strong></span> <span class='ocrx_word' id='word_1_664' title='bbox 1908 4572 2039 4628; x_wconf 89' lang='lat' dir='ltr'><strong><em>pene</em></strong></span> <span class='ocrx_word' id='word_1_665' title='bbox 2065 4565 2198 4611; x_wconf 89' lang='lat' dir='ltr'><strong><em>totos</em></strong></span> <span class='ocrx_word' id='word_1_666' title='bbox 2240 4557 2313 4610; x_wconf 91' lang='lat' dir='ltr'><strong><em>ibi</em></strong></span> <span class='ocrx_word' id='word_1_667' title='bbox 2338 4557 2562 4610; x_wconf 89' lang='lat' dir='ltr'><strong><em>insertos</em></strong></span> <span class='ocrx_word' id='word_1_668' title='bbox 2610 4554 2788 4609; x_wconf 90' lang='lat' dir='ltr'><strong><em>videas</em></strong></span> <span class='ocrx_word' id='word_1_669' title='bbox 2813 4555 2902 4610; x_wconf 91' lang='lat' dir='ltr'><strong><em>hos</em></strong></span> <span class='ocrx_word' id='word_1_670' title='bbox 2934 4553 3111 4620; x_wconf 89' lang='lat' dir='ltr'><strong><em>libros,</em></strong></span> <span class='ocrx_word' id='word_1_671' title='bbox 3144 4561 3301 4623; x_wconf 87' lang='lat' dir='ltr'><strong><em>atque</em></strong></span> <span class='ocrx_word' id='word_1_672' title='bbox 3332 4551 3518 4624; x_wconf 84' lang='lat' dir='ltr'><strong><em>Cyrilli</em></strong></span> 
     </span>
    </p>
   </div>
   <div class='ocr_carea' id='block_1_48' title="bbox 257 4650 2371 4706">
    <p class='ocr_par' dir='ltr' id='par_1_48' title="bbox 257 4650 2371 4706">
     <span class='ocr_line' id='line_1_48' title="bbox 257 4650 2371 4706; baseline 0.009 -5"><span class='ocrx_word' id='word_1_673' title='bbox 257 4651 474 4702; x_wconf 75' lang='lat' dir='ltr'><strong><em>nomine</em></strong></span> <span class='ocrx_word' id='word_1_674' title='bbox 504 4650 718 4706; x_wconf 89' lang='lat' dir='ltr'><strong><em>citatos.</em></strong></span> <span class='ocrx_word' id='word_1_675' title='bbox 2361 4653 2371 4665; x_wconf 80' lang='grc'><em>’</em></span> 
     </span>
    </p>
   </div>
   <div class='ocr_carea' id='block_1_49' title="bbox 321 4738 3518 4813">
    <p class='ocr_par' dir='ltr' id='par_1_49' title="bbox 321 4738 3518 4813">
     <span class='ocr_line' id='line_1_49' title="bbox 321 4738 3518 4813; baseline -0.001 -19"><span class='ocrx_word' id='word_1_676' title='bbox 321 4739 605 4795; x_wconf 90' lang='lat' dir='ltr'><strong><em>Postremo</em></strong></span> <span class='ocrx_word' id='word_1_677' title='bbox 630 4742 902 4797; x_wconf 80' lang='lat' dir='ltr'><strong><em>Anastasii</em></strong></span> <span class='ocrx_word' id='word_1_678' title='bbox 925 4744 1244 4813; x_wconf 77' lang='lat' dir='ltr'><strong><em>patriarcha:</em></strong></span> <span class='ocrx_word' id='word_1_679' title='bbox 1293 4741 1962 4807; x_wconf 84' lang='lat' dir='ltr'><strong><em>Antiocheni,sanctissimi</em></strong></span> <span class='ocrx_word' id='word_1_680' title='bbox 1995 4750 2043 4795; x_wconf 89' lang='lat' dir='ltr'><strong><em>et</em></strong></span> <span class='ocrx_word' id='word_1_681' title='bbox 2069 4741 2410 4795; x_wconf 88' lang='lat' dir='ltr'><strong><em>eruditissimi</em></strong></span> <span class='ocrx_word' id='word_1_682' title='bbox 2437 4742 2556 4806; x_wconf 89' lang='lat' dir='ltr'><strong><em>viri,</em></strong></span> <span class='ocrx_word' id='word_1_683' title='bbox 2589 4757 2742 4812; x_wconf 86' lang='lat' dir='ltr'><strong><em>quem</em></strong></span> <span class='ocrx_word' id='word_1_684' title='bbox 2770 4755 2874 4793; x_wconf 90' lang='lat' dir='ltr'><strong><em>non</em></strong></span> <span class='ocrx_word' id='word_1_685' title='bbox 2925 4745 3130 4792; x_wconf 89' lang='lat' dir='ltr'><strong><em>moveat</em></strong></span> <span class='ocrx_word' id='word_1_686' title='bbox 3185 4739 3469 4792; x_wconf 84' lang='lat' dir='ltr'><strong><em>auctoritas</em></strong></span> <span class='ocrx_word' id='word_1_687' title='bbox 3493 4738 3518 4790; x_wconf 83' lang='lat'><strong><em>?</em></strong></span> 
     </span>
    </p>
   </div>
   <div class='ocr_carea' id='block_1_50' title="bbox 256 4831 3517 4906">
    <p class='ocr_par' dir='ltr' id='par_1_50' title="bbox 256 4831 3517 4906">
     <span class='ocr_line' id='line_1_50' title="bbox 256 4831 3517 4906; baseline -0.002 -16"><span class='ocrx_word' id='word_1_688' title='bbox 256 4847 307 4904; x_wconf 71' lang='grc' dir='ltr'><strong><em>ιε</em></strong></span> <span class='ocrx_word' id='word_1_689' title='bbox 329 4839 475 4890; x_wconf 88' lang='lat' dir='ltr'><strong><em>enim</em></strong></span> <span class='ocrx_word' id='word_1_690' title='bbox 500 4838 557 4890; x_wconf 89' lang='lat' dir='ltr'><strong><em>in</em></strong></span> <span class='ocrx_word' id='word_1_691' title='bbox 587 4855 681 4891; x_wconf 91' lang='lat' dir='ltr'><strong><em>suo</em></strong></span> <span class='ocrx_word' id='word_1_692' title='bbox 733 4837 1068 4893; x_wconf 84' lang='lat' dir='ltr'><strong><em>Deductorio</em></strong></span> <span class='ocrx_word' id='word_1_693' title='bbox 1108 4839 1253 4893; x_wconf 88' lang='lat' dir='ltr'><strong><em>libro</em></strong></span> <span class='ocrx_word' id='word_1_694' title='bbox 1299 4838 1365 4891; x_wconf 91' lang='lat' dir='ltr'><strong><em>de</em></strong></span> <span class='ocrx_word' id='word_1_695' title='bbox 1392 4839 1472 4891; x_wconf 89' lang='lat' dir='ltr'><strong><em>his</em></strong></span> <span class='ocrx_word' id='word_1_696' title='bbox 1517 4836 1661 4891; x_wconf 88' lang='lat' dir='ltr'><strong><em>libris</em></strong></span> <span class='ocrx_word' id='word_1_697' title='bbox 1714 4837 2070 4890; x_wconf 89' lang='lat' dir='ltr'><strong><em>testimonium</em></strong></span> <span class='ocrx_word' id='word_1_698' title='bbox 2116 4835 2340 4906; x_wconf 90' lang='lat' dir='ltr'><strong><em>profert,</em></strong></span> <span class='ocrx_word' id='word_1_699' title='bbox 2379 4835 2795 4905; x_wconf 85' lang='lat' dir='ltr'><strong><em>interrogatione</em></strong></span> <span class='ocrx_word' id='word_1_700' title='bbox 2849 4833 3115 4887; x_wconf 90' lang='lat' dir='ltr'><strong><em>vicesima.</em></strong></span> <span class='ocrx_word' id='word_1_701' title='bbox 3144 4831 3310 4886; x_wconf 88' lang='lat' dir='ltr'><strong><em>Locus</em></strong></span> <span class='ocrx_word' id='word_1_702' title='bbox 3340 4841 3517 4885; x_wconf 90' lang='lat' dir='ltr'><strong><em>autem</em></strong></span> 
     </span>
    </p>
   </div>
   <div class='ocr_carea' id='block_1_51' title="bbox 257 4921 3520 5001">
    <p class='ocr_par' dir='ltr' id='par_1_51' title="bbox 257 4921 3520 5001">
     <span class='ocr_line' id='line_1_51' title="bbox 257 4921 3520 5001; baseline -0.001 -19"><span class='ocrx_word' id='word_1_703' title='bbox 257 4935 410 4990; x_wconf 70' lang='lat' dir='ltr'><strong><em>quem</em></strong></span> <span class='ocrx_word' id='word_1_704' title='bbox 433 4930 566 4982; x_wconf 88' lang='lat' dir='ltr'><strong><em>citat</em></strong></span> <span class='ocrx_word' id='word_1_705' title='bbox 614 4929 864 4984; x_wconf 90' lang='lat' dir='ltr'><strong><em>adversus</em></strong></span> <span class='ocrx_word' id='word_1_706' title='bbox 908 4932 1198 4985; x_wconf 90' lang='lat' dir='ltr'><strong><em>vanitatem</em></strong></span> <span class='ocrx_word' id='word_1_707' title='bbox 1247 4930 1614 5001; x_wconf 84' lang='lat' dir='ltr'><strong><em>auguriorum,</em></strong></span> <span class='ocrx_word' id='word_1_708' title='bbox 1640 4929 1704 4982; x_wconf 89' lang='lat' dir='ltr'><strong><em>de</em></strong></span> <span class='ocrx_word' id='word_1_709' title='bbox 1741 4927 1872 4981; x_wconf 92' lang='lat' dir='ltr'><strong><em>libro</em></strong></span> <span class='ocrx_word' id='word_1_710' title='bbox 1902 4944 1954 4982; x_wconf 67' lang='grc' dir='ltr'><strong><em>γι</em></strong></span> <span class='ocrx_word' id='word_1_711' title='bbox 1978 4935 2216 4998; x_wconf 89' lang='lat' dir='ltr'><strong><em>sumptus</em></strong></span> <span class='ocrx_word' id='word_1_712' title='bbox 2254 4934 2348 4980; x_wconf 90' lang='lat' dir='ltr'><strong><em>est.</em></strong></span> <span class='ocrx_word' id='word_1_713' title='bbox 2381 4926 2464 4980; x_wconf 85' lang='lat' dir='ltr'><strong><em>Ex</em></strong></span> <span class='ocrx_word' id='word_1_714' title='bbox 2500 4927 2578 4980; x_wconf 89' lang='lat' dir='ltr'><strong><em>his</em></strong></span> <span class='ocrx_word' id='word_1_715' title='bbox 2622 4925 2860 4979; x_wconf 90' lang='lat' dir='ltr'><strong><em>omnibus</em></strong></span> <span class='ocrx_word' id='word_1_716' title='bbox 2905 4923 3040 4978; x_wconf 91' lang='lat' dir='ltr'><strong><em>illud</em></strong></span> <span class='ocrx_word' id='word_1_717' title='bbox 3075 4924 3303 4994; x_wconf 88' lang='lat' dir='ltr'><strong><em>profecto</em></strong></span> <span class='ocrx_word' id='word_1_718' title='bbox 3335 4921 3520 4995; x_wconf 86' lang='lat' dir='ltr'><strong><em>liquet,</em></strong></span> 
     </span>
    </p>
   </div>
   <div class='ocr_carea' id='block_1_52' title="bbox 263 5013 2958 5094">
    <p class='ocr_par' dir='ltr' id='par_1_52' title="bbox 263 5013 2958 5094">
     <span class='ocr_line' id='line_1_52' title="bbox 263 5013 2958 5094; baseline -0.001 -23"><span class='ocrx_word' id='word_1_719' title='bbox 263 5021 535 5088; x_wconf 82' lang='lat' dir='ltr'><strong><em>praprium</em></strong></span> <span class='ocrx_word' id='word_1_720' title='bbox 563 5035 673 5076; x_wconf 90' lang='lat' dir='ltr'><strong><em>esse</em></strong></span> <span class='ocrx_word' id='word_1_721' title='bbox 703 5020 890 5093; x_wconf 81' lang='lat' dir='ltr'><strong><em>Cyrilli</em></strong></span> <span class='ocrx_word' id='word_1_722' title='bbox 911 5038 1064 5094; x_wconf 89' lang='lat' dir='ltr'><strong><em>opus,</em></strong></span> <span class='ocrx_word' id='word_1_723' title='bbox 1093 5039 1255 5094; x_wconf 89' lang='lat' dir='ltr'><strong><em>neque</em></strong></span> <span class='ocrx_word' id='word_1_724' title='bbox 1279 5022 1421 5093; x_wconf 90' lang='lat' dir='ltr'><strong><em>apud</em></strong></span> <span class='ocrx_word' id='word_1_725' title='bbox 1442 5037 1759 5093; x_wconf 87' lang='lat' dir='ltr'><strong><em>quemquam</em></strong></span> <span class='ocrx_word' id='word_1_726' title='bbox 1778 5028 1904 5091; x_wconf 88' lang='lat' dir='ltr'><strong><em>puto</em></strong></span> <span class='ocrx_word' id='word_1_727' title='bbox 1951 5021 2089 5075; x_wconf 90' lang='lat' dir='ltr'><strong><em>hanc</em></strong></span> <span class='ocrx_word' id='word_1_728' title='bbox 2116 5037 2227 5074; x_wconf 89' lang='lat' dir='ltr'><strong><em>rem</em></strong></span> <span class='ocrx_word' id='word_1_729' title='bbox 2267 5021 2322 5073; x_wconf 90' lang='lat' dir='ltr'><strong><em>in</em></strong></span> <span class='ocrx_word' id='word_1_730' title='bbox 2341 5019 2556 5073; x_wconf 88' lang='lat' dir='ltr'><strong><em>dubium</em></strong></span> <span class='ocrx_word' id='word_1_731' title='bbox 2588 5013 2958 5071; x_wconf 89' lang='lat' dir='ltr'><strong><em>revocandam.</em></strong></span> 
     </span>
    </p>
   </div>
   <div class='ocr_carea' id='block_1_53' title="bbox 329 5132 3521 5210">
    <p class='ocr_par' dir='ltr' id='par_1_53' title="bbox 329 5132 3521 5210">
     <span class='ocr_line' id='line_1_53' title="bbox 329 5132 3521 5210; baseline -0.001 -21"><span class='ocrx_word' id='word_1_732' title='bbox 329 5135 404 5189; x_wconf 81' lang='lat' dir='ltr'><strong><em>Ne</em></strong></span> <span class='ocrx_word' id='word_1_733' title='bbox 430 5152 557 5190; x_wconf 85' lang='lat' dir='ltr'><strong><em>vero</em></strong></span> <span class='ocrx_word' id='word_1_734' title='bbox 585 5139 863 5210; x_wconf 87' lang='lat' dir='ltr'><strong><em>quisquam</em></strong></span> <span class='ocrx_word' id='word_1_735' title='bbox 909 5139 1226 5210; x_wconf 83' lang='lat' dir='ltr'><strong><em>offendatur,</em></strong></span> <span class='ocrx_word' id='word_1_736' title='bbox 1253 5156 1369 5194; x_wconf 89' lang='lat' dir='ltr'><strong><em>cum</em></strong></span> <span class='ocrx_word' id='word_1_737' title='bbox 1403 5139 1729 5203; x_wconf 89' lang='lat' dir='ltr'><strong><em>testimonia,</em></strong></span> <span class='ocrx_word' id='word_1_738' title='bbox 1773 5155 1890 5208; x_wconf 75' lang='lat' dir='ltr'><strong><em>quae</em></strong></span> <span class='ocrx_word' id='word_1_739' title='bbox 1918 5139 1982 5192; x_wconf 91' lang='lat' dir='ltr'><strong><em>de</em></strong></span> <span class='ocrx_word' id='word_1_740' title='bbox 2033 5137 2314 5208; x_wconf 90' lang='lat' dir='ltr'><strong><em>Scriptura</em></strong></span> <span class='ocrx_word' id='word_1_741' title='bbox 2374 5135 2741 5207; x_wconf 89' lang='lat' dir='ltr'><strong><em>proferuntur,</em></strong></span> <span class='ocrx_word' id='word_1_742' title='bbox 2783 5132 3047 5204; x_wconf 90' lang='lat' dir='ltr'><strong><em>aliquibus</em></strong></span> <span class='ocrx_word' id='word_1_743' title='bbox 3077 5132 3203 5188; x_wconf 90' lang='lat' dir='ltr'><strong><em>locis</em></strong></span> <span class='ocrx_word' id='word_1_744' title='bbox 3245 5151 3350 5188; x_wconf 90' lang='lat' dir='ltr'><strong><em>non</em></strong></span> <span class='ocrx_word' id='word_1_745' title='bbox 3394 5149 3521 5186; x_wconf 90' lang='lat' dir='ltr'><strong><em>con-</em></strong></span> 
     </span>
    </p>
   </div>
   <div class='ocr_carea' id='block_1_54' title="bbox 270 5229 3520 5301">
    <p class='ocr_par' dir='ltr' id='par_1_54' title="bbox 270 5229 3520 5301">
     <span class='ocr_line' id='line_1_54' title="bbox 270 5229 3520 5301; baseline 0.001 -23"><span class='ocrx_word' id='word_1_746' title='bbox 270 5243 449 5296; x_wconf 79' lang='lat' dir='ltr'><strong><em>gruere</em></strong></span> <span class='ocrx_word' id='word_1_747' title='bbox 469 5247 594 5284; x_wconf 86' lang='lat' dir='ltr'><strong><em>cum</em></strong></span> <span class='ocrx_word' id='word_1_748' title='bbox 621 5231 811 5286; x_wconf 90' lang='lat' dir='ltr'><strong><em>Latina</em></strong></span> <span class='ocrx_word' id='word_1_749' title='bbox 837 5233 1062 5287; x_wconf 90' lang='lat' dir='ltr'><strong><em>editione</em></strong></span> <span class='ocrx_word' id='word_1_750' title='bbox 1083 5233 1293 5299; x_wconf 89' lang='lat' dir='ltr'><strong><em>viderit,</em></strong></span> <span class='ocrx_word' id='word_1_751' title='bbox 1324 5233 1686 5288; x_wconf 90' lang='lat' dir='ltr'><strong><em>admonendus</em></strong></span> <span class='ocrx_word' id='word_1_752' title='bbox 1713 5235 1756 5288; x_wconf 87' lang='lat' dir='ltr'><strong><em>is</em></strong></span> <span class='ocrx_word' id='word_1_753' title='bbox 1784 5235 1911 5288; x_wconf 90' lang='lat' dir='ltr'><strong><em>mihi</em></strong></span> <span class='ocrx_word' id='word_1_754' title='bbox 1930 5242 2024 5300; x_wconf 89' lang='lat' dir='ltr'><strong><em>est,</em></strong></span> <span class='ocrx_word' id='word_1_755' title='bbox 2049 5235 2105 5288; x_wconf 93' lang='lat' dir='ltr'><strong><em>id</em></strong></span> <span class='ocrx_word' id='word_1_756' title='bbox 2127 5249 2232 5288; x_wconf 89' lang='lat' dir='ltr'><strong><em>non</em></strong></span> <span class='ocrx_word' id='word_1_757' title='bbox 2261 5234 2316 5286; x_wconf 91' lang='lat' dir='ltr'><strong><em>in</em></strong></span> <span class='ocrx_word' id='word_1_758' title='bbox 2338 5247 2442 5285; x_wconf 88' lang='lat' dir='ltr'><strong><em>uno</em></strong></span> <span class='ocrx_word' id='word_1_759' title='bbox 2466 5229 2690 5301; x_wconf 81' lang='lat' dir='ltr'><strong><em>Cyrillo,</em></strong></span> <span class='ocrx_word' id='word_1_760' title='bbox 2711 5230 2801 5283; x_wconf 90' lang='lat' dir='ltr'><strong><em>sed</em></strong></span> <span class='ocrx_word' id='word_1_761' title='bbox 2820 5231 2874 5283; x_wconf 90' lang='lat' dir='ltr'><strong><em>in</em></strong></span> <span class='ocrx_word' id='word_1_762' title='bbox 2896 5231 3130 5283; x_wconf 90' lang='lat' dir='ltr'><strong><em>omnium</em></strong></span> <span class='ocrx_word' id='word_1_763' title='bbox 3153 5230 3379 5284; x_wconf 88' lang='lat' dir='ltr'><strong><em>Patrum</em></strong></span> <span class='ocrx_word' id='word_1_764' title='bbox 3411 5241 3520 5281; x_wconf 90' lang='lat' dir='ltr'><strong><em>tam</em></strong></span> 
     </span>
    </p>
   </div>
   <div class='ocr_carea' id='block_1_55' title="bbox 274 5321 3518 5399">
    <p class='ocr_par' dir='ltr' id='par_1_55' title="bbox 274 5321 3518 5399">
     <span class='ocr_line' id='line_1_55' title="bbox 274 5321 3518 5399; baseline -0.002 -20"><span class='ocrx_word' id='word_1_765' title='bbox 274 5321 574 5380; x_wconf 64' lang='lat' dir='ltr'><strong><em>Grecorum</em></strong></span> <span class='ocrx_word' id='word_1_766' title='bbox 630 5344 790 5398; x_wconf 88' lang='lat' dir='ltr'><strong><em>quam</em></strong></span> <span class='ocrx_word' id='word_1_767' title='bbox 827 5337 1062 5381; x_wconf 91' lang='lat' dir='ltr'><strong><em>veterum</em></strong></span> <span class='ocrx_word' id='word_1_768' title='bbox 1120 5328 1432 5384; x_wconf 88' lang='lat' dir='ltr'><strong><em>Latinorum</em></strong></span> <span class='ocrx_word' id='word_1_769' title='bbox 1479 5329 1625 5384; x_wconf 90' lang='lat' dir='ltr'><strong><em>libris</em></strong></span> <span class='ocrx_word' id='word_1_770' title='bbox 1673 5331 1966 5385; x_wconf 89' lang='lat' dir='ltr'><strong><em>usuvenire.</em></strong></span> <span class='ocrx_word' id='word_1_771' title='bbox 2016 5329 2084 5385; x_wconf 88' lang='lat' dir='ltr'><strong><em>Hi</em></strong></span> <span class='ocrx_word' id='word_1_772' title='bbox 2124 5345 2353 5399; x_wconf 90' lang='lat' dir='ltr'><strong><em>namque</em></strong></span> <span class='ocrx_word' id='word_1_773' title='bbox 2391 5341 2570 5381; x_wconf 85' lang='lat' dir='ltr'><strong><em>omnes</em></strong></span> <span class='ocrx_word' id='word_1_774' title='bbox 2632 5325 2828 5378; x_wconf 85' lang='lat' dir='ltr'><strong><em>Veteris</em></strong></span> <span class='ocrx_word' id='word_1_775' title='bbox 2875 5324 3196 5379; x_wconf 89' lang='lat' dir='ltr'><strong><em>Testamenti</em></strong></span> <span class='ocrx_word' id='word_1_776' title='bbox 3231 5322 3518 5393; x_wconf 86' lang='lat' dir='ltr'><strong><em>Scripturis</em></strong></span> 
     </span>
    </p>
   </div>
   <div class='ocr_carea' id='block_1_56' title="bbox 340 5498 3522 5623">
    <p class='ocr_par' dir='ltr' id='par_1_56' title="bbox 340 5498 3522 5623">
     <span class='ocr_line' id='line_1_56' title="bbox 340 5498 3522 5623; baseline -0.001 -69"><span class='ocrx_word' id='word_1_777' title='bbox 340 5498 414 5623; x_wconf 54' lang='lat' dir='ltr'><strong><em>(a2</em></strong></span> <span class='ocrx_word' id='word_1_778' title='bbox 475 5500 883 5584; x_wconf 69' lang='lat' dir='ltr'><strong><em>Argumentum</em></strong></span> <span class='ocrx_word' id='word_1_779' title='bbox 948 5503 1088 5558; x_wconf 82' lang='lat' dir='ltr'><strong><em>nulli</em></strong></span> <span class='ocrx_word' id='word_1_780' title='bbox 1118 5504 1418 5559; x_wconf 89' lang='lat' dir='ltr'><strong><em>secundum</em></strong></span> <span class='ocrx_word' id='word_1_781' title='bbox 1455 5505 1666 5574; x_wconf 64' lang='lat' dir='ltr'><strong><em>praebet</em></strong></span> <span class='ocrx_word' id='word_1_782' title='bbox 1720 5503 1840 5573; x_wconf 86' lang='lat' dir='ltr'><strong><em>ipse</em></strong></span> <span class='ocrx_word' id='word_1_783' title='bbox 1947 5503 2158 5623; x_wconf 64' lang='lat' dir='ltr'><strong><em>copiam</em></strong></span> <span class='ocrx_word' id='word_1_784' title='bbox 2179 5504 2446 5584; x_wconf 47' lang='lat' dir='ltr'><strong><em>compleri</em></strong></span> <span class='ocrx_word' id='word_1_785' title='bbox 2463 5503 2836 5584; x_wconf 76' lang='lat' dir='ltr'><strong><em>simus,capita</em></strong></span> <span class='ocrx_word' id='word_1_786' title='bbox 2854 5501 2982 5581; x_wconf 75' lang='lat' dir='ltr'><strong><em>huic</em></strong></span> <span class='ocrx_word' id='word_1_787' title='bbox 2999 5500 3152 5569; x_wconf 84' lang='lat' dir='ltr'><strong><em>Operi</em></strong></span> <span class='ocrx_word' id='word_1_788' title='bbox 3171 5499 3374 5579; x_wconf 72' lang='lat' dir='ltr'><strong><em>inserta</em></strong></span> <span class='ocrx_word' id='word_1_789' title='bbox 3387 5512 3522 5552; x_wconf 74' lang='lat' dir='ltr'><strong><em>con—</em></strong></span> 
     </span>
     <span class='ocr_line' id='line_1_57' title="bbox 340 5568 3518 5623; baseline 0 0"><span class='ocrx_word' id='word_1_790' title='bbox 340 5585 388 5622; x_wconf 87' lang='lat' dir='ltr'><strong><em>&#39;l&#39;l</em></strong></span> <span class='ocrx_word' id='word_1_791' title='bbox 413 5570 523 5623; x_wconf 91' lang='lat' dir='ltr'><strong><em>lus.</em></strong></span> <span class='ocrx_word' id='word_1_792' title='bbox 556 5581 721 5623; x_wconf 84' lang='lat' dir='ltr'><strong><em>lnlllO</em></strong></span> <span class='ocrx_word' id='word_1_793' title='bbox 751 5572 1146 5623; x_wconf 81' lang='lat' dir='ltr'><strong><em>Glanhnrorum</em></strong></span> <span class='ocrx_word' id='word_1_794' title='bbox 1172 5575 1226 5623; x_wconf 88' lang='lat' dir='ltr'><strong><em>in</em></strong></span> <span class='ocrx_word' id='word_1_795' title='bbox 1267 5575 1489 5623; x_wconf 75' lang='lat' dir='ltr'><strong><em>Cenesin</em></strong></span> <span class='ocrx_word' id='word_1_796' title='bbox 1539 5575 1614 5623; x_wconf 86' lang='lat' dir='ltr'><strong><em>ln.</em></strong></span> <span class='ocrx_word' id='word_1_797' title='bbox 1651 5572 1730 5623; x_wconf 57' lang='grc' dir='ltr'><strong><em>ω.</em></strong></span> <span class='ocrx_word' id='word_1_798' title='bbox 1753 5575 1842 5623; x_wconf 87' lang='lat' dir='ltr'><strong><em>di-</em></strong></span> <span class='ocrx_word' id='word_1_799' title='bbox 1948 5589 2009 5623; x_wconf 83' lang='lat' dir='ltr'><strong><em>su</em></strong></span> <span class='ocrx_word' id='word_1_800' title='bbox 2038 5584 2092 5623; x_wconf 79' lang='lat' dir='ltr'><strong><em>to</em></strong></span> <span class='ocrx_word' id='word_1_801' title='bbox 2147 5575 2601 5623; x_wconf 66' lang='lat' dir='ltr'><strong><em>nraatermlsimns</em></strong></span> <span class='ocrx_word' id='word_1_802' title='bbox 2631 5581 2688 5623; x_wconf 87' lang='lat' dir='ltr'><strong><em>el.</em></strong></span> <span class='ocrx_word' id='word_1_803' title='bbox 2732 5578 3100 5623; x_wconf 78' lang='lat' dir='ltr'><strong><em>mexamlnala</em></strong></span> <span class='ocrx_word' id='word_1_804' title='bbox 3151 5568 3518 5623; x_wconf 71' lang='lat' dir='ltr'><strong><em>reliquimus:</em></strong></span> 
     </span>
    </p>
   </div>
   <div class='ocr_carea' id='block_1_57' title="bbox 271 5565 3518 5655">
    <p class='ocr_par' dir='ltr' id='par_1_57' title="bbox 271 5565 3518 5655">
     <span class='ocr_line' id='line_1_58' title="bbox 271 5565 3518 5655; baseline 0 -32"><span class='ocrx_word' id='word_1_805' title='bbox 271 5565 721 5655; x_wconf 28' lang='lat' dir='ltr'><strong><em>Cyrilluskiniliq</em></strong></span> <span class='ocrx_word' id='word_1_806' title='bbox 751 5572 1146 5655; x_wconf 80' lang='lat' dir='ltr'><strong><em>Claphyrvrum</em></strong></span> <span class='ocrx_word' id='word_1_807' title='bbox 1172 5575 1226 5628; x_wconf 90' lang='lat' dir='ltr'><strong><em>in</em></strong></span> <span class='ocrx_word' id='word_1_808' title='bbox 1266 5565 1489 5655; x_wconf 69' lang='lat' dir='ltr'><strong><em>Cenesin</em></strong></span> <span class='ocrx_word' id='word_1_809' title='bbox 1535 5575 1614 5655; x_wconf 86' lang='lat' dir='ltr'><strong><em>_(p.</em></strong></span> <span class='ocrx_word' id='word_1_810' title='bbox 1651 5565 1842 5655; x_wconf 52' lang='lat' dir='ltr'><strong><em>2),}l&#39;i-</em></strong></span> <span class='ocrx_word' id='word_1_811' title='bbox 1948 5565 2112 5655; x_wconf 28' lang='lat' dir='ltr'><strong><em>sulto‘</em></strong></span> <span class='ocrx_word' id='word_1_812' title='bbox 2147 5565 2696 5655; x_wconf 64' lang='lat' dir='ltr'><strong><em>praetermisimuset</em></strong></span> <span class='ocrx_word' id='word_1_813' title='bbox 2725 5565 3124 5655; x_wconf 51' lang='lat' dir='ltr'><strong><em>inexgmina&#39;tu</em></strong></span> <span class='ocrx_word' id='word_1_814' title='bbox 3146 5567 3518 5655; x_wconf 56' lang='lat' dir='ltr'><strong><em>reliquimus;</em></strong></span> 
     </span>
    </p>
   </div>
   <div class='ocr_carea' id='block_1_58' title="bbox 271 5640 3526 5714">
    <p class='ocr_par' dir='ltr' id='par_1_58' title="bbox 271 5640 3526 5714">
     <span class='ocr_line' id='line_1_59' title="bbox 271 5640 3526 5714; baseline 0.002 -24"><span class='ocrx_word' id='word_1_815' title='bbox 271 5653 429 5714; x_wconf 56' lang='lat' dir='ltr'><strong><em>cans:</em></strong></span> <span class='ocrx_word' id='word_1_816' title='bbox 468 5659 488 5714; x_wconf 59' lang='grc' dir='ltr'><strong><em>ς</em></strong></span> <span class='ocrx_word' id='word_1_817' title='bbox 518 5640 818 5714; x_wconf 80' lang='lat' dir='ltr'><strong><em>Sciendum</em></strong></span> <span class='ocrx_word' id='word_1_818' title='bbox 850 5640 987 5701; x_wconf 44' lang='lat' dir='ltr'><strong><em>vero</em></strong></span> <span class='ocrx_word' id='word_1_819' title='bbox 1044 5645 1211 5699; x_wconf 86' lang='lat' dir='ltr'><strong><em>etiam</em></strong></span> <span class='ocrx_word' id='word_1_820' title='bbox 1266 5645 1371 5699; x_wconf 87' lang='lat' dir='ltr'><strong><em>hoc</em></strong></span> <span class='ocrx_word' id='word_1_821' title='bbox 1405 5640 1578 5714; x_wconf 57' lang='lat' dir='ltr'><strong><em>quocf</em></strong></span> <span class='ocrx_word' id='word_1_822' title='bbox 1603 5640 1728 5699; x_wconf 86' lang='lat' dir='ltr'><strong><em>cum</em></strong></span> <span class='ocrx_word' id='word_1_823' title='bbox 1765 5643 1843 5698; x_wconf 90' lang='lat' dir='ltr'><strong><em>De</em></strong></span> <span class='ocrx_word' id='word_1_824' title='bbox 1951 5640 2166 5699; x_wconf 78' lang='lat' dir='ltr'><strong><em>tametsi</em></strong></span> <span class='ocrx_word' id='word_1_825' title='bbox 2200 5643 2475 5698; x_wconf 83' lang='lat' dir='ltr'><strong><em>interdum</em></strong></span> <span class='ocrx_word' id='word_1_826' title='bbox 2506 5641 2704 5714; x_wconf 77' lang='lat' dir='ltr'><strong><em>accidit</em></strong></span> <span class='ocrx_word' id='word_1_827' title='bbox 2731 5650 2790 5695; x_wconf 89' lang='lat' dir='ltr'><strong><em>ut</em></strong></span> <span class='ocrx_word' id='word_1_828' title='bbox 2821 5641 3055 5714; x_wconf 71' lang='lat' dir='ltr'><strong><em>alicujus</em></strong></span> <span class='ocrx_word' id='word_1_829' title='bbox 3103 5653 3297 5714; x_wconf 63' lang='lat' dir='ltr'><strong><em>eorum</em></strong></span> <span class='ocrx_word' id='word_1_830' title='bbox 3329 5653 3526 5709; x_wconf 40' lang='lat' dir='ltr'><strong><em>necesﬁ</em></strong></span> 
     </span>
    </p>
   </div>
   <div class='ocr_carea' id='block_1_59' title="bbox 274 5708 3270 5788">
    <p class='ocr_par' dir='ltr' id='par_1_59' title="bbox 274 5708 3270 5788">
     <span class='ocr_line' id='line_1_60' title="bbox 274 5708 3270 5788; baseline 0.002 -30"><span class='ocrx_word' id='word_1_831' title='bbox 274 5709 586 5788; x_wconf 74' lang='lat' dir='ltr'><strong><em>adoratione</em></strong></span> <span class='ocrx_word' id='word_1_832' title='bbox 629 5721 680 5766; x_wconf 90' lang='lat' dir='ltr'><strong><em>et</em></strong></span> <span class='ocrx_word' id='word_1_833' title='bbox 727 5713 874 5788; x_wconf 79' lang='lat' dir='ltr'><strong><em>cultu</em></strong></span> <span class='ocrx_word' id='word_1_834' title='bbox 900 5716 955 5768; x_wconf 88' lang='lat' dir='ltr'><strong><em>in</em></strong></span> <span class='ocrx_word' id='word_1_835' title='bbox 981 5716 1170 5788; x_wconf 77' lang='lat' dir='ltr'><strong><em>spiritu</em></strong></span> <span class='ocrx_word' id='word_1_836' title='bbox 1186 5725 1257 5788; x_wconf 82' lang='lat' dir='ltr'><strong><em>_e_t_</em></strong></span> <span class='ocrx_word' id='word_1_837' title='bbox 1273 5708 1494 5769; x_wconf 74' lang='lat' dir='ltr'><strong><em>veritate</em></strong></span> <span class='ocrx_word' id='word_1_838' title='bbox 1526 5715 1696 5788; x_wconf 67' lang='lat' dir='ltr'><strong><em>libros</em></strong></span> <span class='ocrx_word' id='word_1_839' title='bbox 1735 5730 1844 5768; x_wconf 82' lang='lat' dir='ltr'><strong><em>xvn</em></strong></span> <span class='ocrx_word' id='word_1_840' title='bbox 1952 5714 2094 5770; x_wconf 79' lang='lat' dir='ltr'><strong><em>saria</em></strong></span> <span class='ocrx_word' id='word_1_841' title='bbox 2125 5714 2192 5771; x_wconf 89' lang='lat' dir='ltr'><strong><em>de</em></strong></span> <span class='ocrx_word' id='word_1_842' title='bbox 2221 5729 2383 5770; x_wconf 83' lang='lat' dir='ltr'><strong><em>causa</em></strong></span> <span class='ocrx_word' id='word_1_843' title='bbox 2418 5712 2850 5770; x_wconf 86' lang='lat' dir='ltr'><strong><em>meminerimus.</em></strong></span> <span class='ocrx_word' id='word_1_844' title='bbox 2881 5728 2899 5764; x_wconf 71' lang='grc' dir='ltr'><strong><em>ι</em></strong></span> <span class='ocrx_word' id='word_1_845' title='bbox 2937 5708 3085 5767; x_wconf 75' lang='lat' dir='ltr'><strong><em>Enn.</em></strong></span> <span class='ocrx_word' id='word_1_846' title='bbox 3109 5708 3270 5766; x_wconf 72' lang='lat' dir='ltr'><strong><em>Pun.</em></strong></span> 
     </span>
    </p>
   </div>
   <div class='ocr_carea' id='block_1_60' title="bbox 275 5781 1845 5853">
    <p class='ocr_par' dir='ltr' id='par_1_60' title="bbox 275 5781 1845 5853">
     <span class='ocr_line' id='line_1_61' title="bbox 275 5781 1845 5853; baseline 0.006 -23"><span class='ocrx_word' id='word_1_847' title='bbox 275 5781 681 5850; x_wconf 80' lang='lat' dir='ltr'><strong><em>scripserimus,</em></strong></span> <span class='ocrx_word' id='word_1_848' title='bbox 719 5781 1056 5853; x_wconf 76' lang='lat' dir='ltr'><strong><em>multamque</em></strong></span> <span class='ocrx_word' id='word_1_849' title='bbox 1092 5785 1146 5839; x_wconf 88' lang='lat' dir='ltr'><strong><em>in</em></strong></span> <span class='ocrx_word' id='word_1_850' title='bbox 1186 5785 1292 5841; x_wconf 88' lang='lat' dir='ltr'><strong><em>illis</em></strong></span> <span class='ocrx_word' id='word_1_851' title='bbox 1319 5784 1845 5851; x_wconf 81' lang='lat' dir='ltr'><strong><em>contemplationum</em></strong></span> 
     </span>
    </p>
   </div>
  </div>
