4024 6220
496 289 602 346 125
1583 248 1887 340 'Anronu
1924 283 2196 338 AGELLll
2235 283 2610 340 purum.
3572 361 3582 366 η
3630 283 3734 338 iet

489 404 650 473 juxta
679 398 813 454 LXX
832 397 1189 468 Interpretum
1230 391 1636 447 translationem
1659 400 1902 447 utuntur.
1931 391 2033 448 Sed
2060 395 2188 464 quia
2217 403 2361 448 vetus
2385 395 2573 448 horum
2605 395 2954 465 interpretum
2980 395 3138 450 editio
3168 395 3289 465 jam
3315 396 3407 449 diu
3457 393 3598 465 apud
3622 394 3732 448 La-

495 495 632 546 tinos
655 491 850 544 amissa
879 496 979 553 est,
1019 487 1139 540 dedi
1182 501 1400 556 operam
1434 493 1492 537 ut
1539 500 1658 555 qua
1711 486 1769 538 in
1794 486 1872 539 his
1929 485 2075 539 libris
2114 502 2177 539 ex
2222 485 2394 540 Veteri
2432 484 2790 540 Instrumenta
2810 488 3064 552 citantur,
3129 501 3193 540 ea
3232 502 3351 541 cum
3387 487 3730 557 antiquorum

498 583 696 636 Latina
741 579 982 635 Ecclesia
1028 579 1254 633 Patrum
1290 577 1509 632 lectione
1527 587 1915 648 congruerent:
1952 580 2008 632 in
2029 594 2194 648 eaque
2231 593 2286 631 re
2313 577 2592 648 Augustini
2611 580 2871 650 pracipue
2902 579 3047 633 libris
3075 578 3290 650 adjutus
3311 594 3452 644 sum,
3477 579 3531 632 in
3573 577 3727 648 cujus

490 671 893 741 Quaestionibus
927 687 1032 724 non
1067 687 1236 741 pauca
1265 685 1328 723 ex
1356 668 1454 723 illa
1486 671 1646 723 veteri
1677 669 1814 723 LXX
1850 671 2289 740 interpretatione
2323 668 2589 739 leguntur.

561 764 625 818 In
657 761 800 817 Novo
829 772 1006 817 autem
1036 761 1360 816 Testamento
1388 760 1635 815 Latinam
1673 760 1944 831 vulgatam
1974 761 2250 814 editionem
2275 760 2461 830 ubique
2490 762 2710 826 retinui;
2743 761 2842 815 nisi
2871 761 2954 814 ubi
2983 769 3077 816 aut
3105 761 3259 818 aliter
3289 760 3492 832 legisset
3523 770 3729 829 auctor,

492 864 584 909 aut
609 870 726 908 eam
755 855 1125 923 expositionem
1159 851 1440 915 attulisset,
1475 867 1593 922 qua:
1617 868 1734 904 cum
1765 851 1954 905 Latina
1980 850 2202 904 editione
2229 866 2511 921 congruere
2545 868 2647 904 non
2674 861 2862 921 posset.
2905 850 3097 916 Quibus
3128 853 3180 907 in
3209 852 3332 908 locis
3361 869 3424 906 ne
3452 850 3515 905 ab
3546 860 3728 905 aucto-

491 946 563 998 ris
589 946 845 998 sententia
875 945 1221 1007 dissentirem,
1251 955 1374 996 nev‘e
1405 936 1936 996 illam'obscuriorem
1973 941 2261 1006 redderem,
2293 949 2500 995 coactus
2534 958 2648 994 sum
2681 941 3070 1012 aliquantulum
3104 961 3137 996 a
3171 941 3394 1014 Vulgata
3432 941 3729 1006 discedere;

489 1035 578 1087 sed
610 1037 718 1090 hac
747 1035 861 1090 loca
895 1052 998 1088 non
1027 1033 1193 1088 multa
1217 1042 1359 1087 sunt.
1404 1031 1555 1097 Quod
1584 1033 1908 1086 admonitum
1936 1040 2006 1098 te,
2059 1030 2240 1098 lector,
2269 1031 2430 1097 volui,
2457 1048 2521 1086 ne
2556 1032 2714 1086 sicubi
2747 1031 2902 1086 aliter
2930 1050 3090 1104 quam
3118 1033 3215 1088 illa
3244 1033 3431 1088 habeat
3461 1032 3727 1097 transtuli,

493 1131 764 1200 vulgatam
792 1133 1068 1186 editionem
1113 1129 1486 1200 reprehendere
1517 1146 1598 1182 me
1635 1128 1858 1183 voluisse
1887 1137 2052 1200 putes.
2085 1126 2270 1182 Altera
2306 1129 2464 1181 etiam
2497 1128 2710 1181 accessit
2749 1144 2908 1182 causa
2939 1143 3032 1181 cur
3071 1126 3126 1180 id
3161 1127 3285 1180 mihi
3322 1126 3492 1197 facere
3529 1142 3733 1180 necesse

492 1219 610 1286 fuit,
641 1237 704 1273 ne
733 1223 779 1274 si
811 1221 968 1276 aliter
993 1238 1152 1292 quam
1179 1233 1364 1278 auctor
1395 1225 1450 1276 in
1484 1222 1663 1279 Graco
1696 1230 1966 1294 posuerat,
1999 1219 2286 1292 Scriptura
2321 1237 2487 1276 saera
2519 1222 2813 1275 testimonia
2848 1221 3253 1285 transtulissem,
3283 1223 3636 1274 characterem
3668 1238 3731 1276 ac

492 1318 670 1364 notam
698 1313 839 1366 haud
859 1314 1100 1384 exiguam
1126 1315 1433 1378 adimerem,
1460 1331 1566 1384 qua
1595 1312 1781 1384 Cyrilli
1806 1315 1900 1367 hoc
1927 1329 2056 1384 opus
2080 1329 2187 1368 esse
2214 1312 2425 1382 probari
2451 1321 2639 1384 posset.
2663 1310 2874 1366 Etenim
2902 1330 3021 1368 cum
3048 1314 3102 1367 in
3124 1314 3187 1367 iis
3214 1311 3378 1378 libris,
3406 1314 3496 1383 qui
3520 1312 3730 1366 tamdiu

491 1406 615 1458 editi
642 1415 783 1471 sunt,
801 1416 852 1460 et
871 1410 983 1462 sine
1004 1408 1154 1462 dubio
1171 1406 1358 1479 Cyrilli
1380 1425 1488 1462 esse
1509 1409 1814 1472 creduntur,
1837 1407 2094 1462 nonnulla
2116 1406 2402 1478 Scriptura
2433 1415 2630 1462 sancta
2653 1406 2766 1461 loca
2789 1406 3048 1478 singulari
3065 1425 3128 1462 ac
3145 1408 3357 1478 proprio
3379 1409 3608 1474 quodam
3633 1423 3734 1462 au-

487 1502 643 1553 ctoris
670 1501 818 1554 modo
843 1501 1106 1572 legantur,
1129 1502 1412 1572 eodemque
1435 1501 1585 1556 modo
1608 1503 1663 1556 in
1686 1502 1761 1556 his
1785 1501 1948 1566 libris,
1970 1518 2096 1573 quos
2117 1502 2336 1567 edimus,
2363 1501 2734 1570 reperiantur;
2765 1500 2819 1554 id
2845 1508 2983 1554 certe
3004 1517 3108 1554 non
3139 1499 3248 1556 leve
3267 1501 3519 1554 indicium
3545 1508 3619 1554 est
3641 1501 3733 1554 hos

489 1590 644 1645 libras
672 1595 904 1662 ejusdem
938 1593 1166 1648 auctoris
1195 1610 1324 1660 esse,
1362 1595 1508 1664 eique
1545 1601 1797 1665 tanquam
1827 1595 2124 1654 certissimis
2159 1594 2292 1648 notis
2320 1593 2594 1665 insignitos
2624 1593 2750 1664 jure
2792 1593 2984 1662 optimo
3011 1593 3334 1647 asserendos.
3363 1592 3619 1664 Exemplo
3649 1610 3732 1649 res

484 1679 680 1736 clarior
702 1682 814 1750 ﬁet.
847 1681 989 1738 Solet
1016 1683 1248 1755 Cyrillus
1275 1687 1331 1739 in
1360 1685 1469 1739 suis
1499 1683 1644 1738 libris
1674 1683 1829 1739 illum
1854 1683 2047 1756 psalmi
2078 1700 2198 1739 XLVI
2231 1699 2435 1742 versum
2471 1683 2564 1737 hoc
2596 1683 2746 1736 modo
2776 1682 2960 1748 citare,
2985 1682 3085 1737 Dei
3111 1681 3299 1749 fortes,
3332 1699 3364 1738 a
3394 1692 3538 1739 terra
3567 1685 3735 1741 vehe-

484 1788 698 1836 menter
715 1779 913 1834 elevati
939 1788 1099 1846 sunt;
1121 1797 1286 1852 neque
1308 1780 1480 1836 solum
1502 1783 1687 1846 citare,
1714 1781 1806 1836 sed
1819 1781 1980 1836 etiam
1996 1781 2368 1852 expositionem
2384 1781 2502 1834 huic
2522 1779 2730 1834 lectioni
2745 1787 3115 1850 congruentem
3137 1796 3418 1851 apponere.
3448 1781 3558 1836 Hoc
3580 1783 3734 1840 modo

489 1879 631 1926 certe
664 1873 719 1926 in
747 1873 858 1943 ejus
879 1875 1269 1928 commentariis
1292 1875 1348 1929 in
1370 1875 1633 1931 Joannem
1662 1874 1752 1931 lib.
1783 1890 1858 1942 :1,
1880 1892 1998 1946 cap.
2030 1875 2120 1940 29,
2148 1876 2228 1930 hic
2245 1890 2424 1929 versus
2448 1873 2656 1945 legitur.
2683 1873 2846 1944 Atqui
2877 1871 3058 1928 eodem
3084 1873 3235 1928 modo
3263 1875 3459 1929 citatur
3485 1876 3650 1930 etiam
3673 1879 3731 1931 in

483 1971 577 2023 hoc
601 1986 756 2040 opere
770 1969 858 2024 lib.
881 1988 922 2035 ι,
941 1969 1070 2024 libro
1096 1972 1256 2024 etiam
1282 1987 1360 2026 ιιι.
1384 1970 1440 2027 Si
1462 1973 1625 2043 igitur
1646 1973 1786 2044 quod
1809 1980 1927 2027 erat
1955 1974 2010 2026 in
2040 1973 2266 2027 editione
2288 1970 2482 2026 Latina
2510 1971 2831 2041 posuissem:
2851 1968 2950 2024 Dei
2975 1967 3147 2022 fortes
3174 1974 3358 2031 terra,
3375 1966 3734 2022 vehementer

481 2061 679 2117 elevati
707 2071 854 2128 sunt,
895 2080 999 2118 non
1028 2061 1178 2118 modo
1210 2081 1405 2135 magna
1430 2081 1494 2119 ex
1517 2076 1670 2136 parte
1697 2067 1924 2122 auctoris
1950 2068 2264 2121 sententiam
2287 2067 2663 2131 obscurassem,
2693 2063 3103 2135 expositionique
3126 2061 3424 2133 olfecissem,
3454 2062 3546 2117 sed
3573 2064 3736 2118 etiam

481 2153 623 2206 haud
655 2152 763 2208 leve
796 2154 1046 2210 indicium
1082 2171 1183 2226 quo
1217 2163 1424 2225 poterat
1469 2168 1654 2211 auctor
1682 2158 1839 2228 hujus
1880 2158 2052 2229 aperis
2094 2158 2327 2228 dignosci
2358 2156 2708 2212 sustulissem.
2750 2155 2922 2212 Plura
2961 2156 3074 2226 ejus
3106 2155 3182 2208 rei
3216 2153 3456 2224 exempla
3495 2155 3587 2208 hoc
3622 2153 3721 2214 loc,

459 2242 669 2312 afferre
693 2260 798 2298 non
824 2254 899 2300 est
920 2262 1068 2318 Opus,
1095 2263 1212 2304 cum
1237 2251 1292 2303 in
1325 2250 1468 2305 calce
1487 2254 1656 2323 operis
1684 2253 1966 2324 adjecerim
1989 2252 2245 2308 nonnulla
2271 2251 2560 2325 Scriptura
2589 2251 2702 2308 loca
2736 2250 3093 2306 observatione
3116 2247 3370 2315 collecta;
3396 2249 3534 2302 unde
3561 2255 3736 2319 petere

480 2343 666 2402 potest,
690 2337 736 2390 si
769 2339 883 2408 quis
911 2339 1069 2409 plura
1095 2342 1371 2397 desideret.
1408 2344 1472 2400 In
1500 2345 1579 2399 his
1608 2354 1786 2400 autem
1820 2347 1965 2402 libris
2000 2354 2165 2401 totam
2193 2346 2304 2414 fere
2334 2347 2627 2401 secretioris
2660 2341 3020 2414 intelligentia
3051 2337 3427 2409 mystagogiam
3464 2337 3645 2402 tradit,
3677 2338 3735 2391 in

479 2439 585 2492 qua
613 2428 840 2481 maxime
866 2430 1072 2486 videtur
1099 2435 1383 2504 excellere;
1414 2439 1542 2494 adeo
1570 2449 1630 2494 ut
1658 2443 1714 2496 in
1742 2441 1909 2514 Moysi
1943 2441 2087 2497 libris
2118 2441 2249 2498 nihil
2280 2443 2388 2513 fere
2425 2443 2493 2496 sit
2520 2441 2590 2495 ad
2615 2440 2859 2494 umbram
2887 2437 2938 2492 et
2965 2437 3265 2507 futurarum
3298 2436 3583 2507 imaginem
3609 2447 3731 2502 per-

481 2516 670 2580 tinens,
705 2518 843 2586 quod
880 2519 961 2574 hic
998 2540 1103 2577 non
1136 2525 1454 2596 explicetur;
1486 2541 1543 2585 ut
1573 2534 1707 2586 sicut
1737 2533 1858 2587 illos
1887 2532 2042 2588 libros
2083 2535 2140 2588 in
2176 2534 2363 2604 quibus
2400 2533 2463 2586 de
2495 2531 2754 2603 theologia
2786 2531 3050 2595 disseruit,
3077 2526 3415 2584 Thesaurum
3446 2524 3731 2596 inscripsit,

479 2605 555 2659 ita
582 2607 673 2660 hos
709 2605 887 2676 libros,
919 2612 1146 2670 alterum
1175 2620 1315 2674 velut
1348 2640 1606 2697 anagoges
1634 2637 1682 2681 et
1707 2629 2010 2701 tropologia
2041 2630 2346 2683 thesaurum
2376 2629 2539 2699 possis
2569 2627 2861 2699 appellare.

551 2713 799 2780 Quamvis
827 2728 1001 2775 autem
1033 2727 1266 2782 omnium
1291 2730 1399 2799 fere
1426 2732 1592 2804 Moysi
1625 2734 1880 2790 librorum
1913 2737 2162 2807 mysteria
2192 2737 2248 2789 in
2277 2735 2355 2790 his
2390 2735 2534 2789 libris
2565 2735 2896 2805 aperiantur,
2921 2749 3023 2788 non
3055 2741 3228 2789 tamen
3258 2735 3494 2789 eamdem
3519 2736 3731 2802 seriem,

480 2824 640 2878 quam
666 2810 758 2865 ille
778 2813 833 2866 in
859 2817 1129 2873 scribendo
1160 2825 1347 2890 tenuit,
1375 2827 1454 2880 hic
1477 2828 1530 2881 in
1561 2829 1867 2899 explicando
1896 2839 2099 2884 secutus
2131 2838 2225 2894 est,
2261 2831 2352 2884 sed
2378 2847 2529 2884 suum
2558 2829 2835 2901 quemdam
2865 2829 3104 2884 ordinem
3128 2832 3373 2897 servavit,
3395 2831 3470 2885 ita
3499 2839 3556 2886 ut
3584 2832 3730 2901 prius

481 2915 793 2974 argumenta
823 2912 1065 2981 quadam
1102 2926 1242 2972 certa
1281 2922 1378 2976 sibi
1406 2925 1729 2992 prascribat,
1763 2934 1873 2981 tum
1905 2925 2018 2980 loca
2048 2925 2336 2998 Scriptura
2367 2928 2518 2981 varia
2551 2942 2670 2980 cum
2702 2924 2808 2980 illis
2843 2925 3167 2996 argumentis
3199 2925 3555 2978 convenientia
3589 2939 3616 2978 e
3645 2925 3731 2979 di-

480 3002 637 3054 versis
667 3000 955 3075 Scriptura
985 3007 1127 3065 libris
1154 3012 1368 3085 colligat
1396 3025 1443 3070 et
1469 3017 1708 3089 explicet.
1747 3019 1937 3090 Itaque
1964 3023 2016 3075 in
2054 3025 2222 3092 primo
2263 3021 2392 3075 libro
2417 3038 2534 3075 cum
2560 3020 2622 3075 de
2650 3019 2801 3092 lapsu
2837 3021 3060 3073 hominis
3093 3019 3148 3072 in
3186 3027 3454 3090 peccatum
3487 3019 3729 3083 disserat,

426 3136 429 3139 .
481 3099 530 3144 et
572 3093 752 3149 doceat
785 3113 888 3166 qua
928 3101 1132 3154 ratione
1168 3121 1200 3157 a
1238 3110 1460 3175 peccatis
1495 3126 1558 3162 ac
1595 3110 1732 3166 vitiis
1777 3113 1846 3166 ad
1891 3113 2159 3167 meliorem
2202 3115 2406 3184 frugem
2452 3111 2624 3166 redire
2669 3112 2850 3183 possit,
2890 3109 3143 3180 decerptis
3179 3109 3410 3180 undique
3445 3107 3734 3180 Scriptura

477 3193 675 3275 s_¢mcta
709 3190 1033 3257 testimoniis,
1068 3191 1276 3264 illisque
1319 3195 1389 3250 ad
1432 3197 1700 3270 allegoria
1747 3204 2003 3258 rationem
2042 3206 2332 3268 enarratis,
2365 3205 2420 3258 id
2450 3203 2586 3274 quod
2630 3209 2976 3275 praposuerat
3013 3198 3234 3270 planum
3276 3200 3448 3271 facere
3484 3209 3730 3254 conatur.

480 3272 737 3330 Eamdem
791 3281 1049 3335 rationem
1092 3291 1226 3338 tenet
1279 3286 1336 3340 in
1387 3291 1643 3356 secundo,
1695 3308 1810 3345 cum
1856 3291 2020 3364 legem
2080 3294 2149 3347 ad
2202 3272 2470 3347 hominem
2505 3272 2912 3363 justiﬁcandum
2959 3309 3064 3348 non
3111 3295 3239 3349 satis
3295 3294 3484 3348 habere
3539 3295 3734 3349 virium

480 3368 724 3423 ostendit.
787 3371 1048 3428 Eamdem
1107 3377 1163 3430 in
1221 3379 1407 3444 tertio,
1455 3380 1511 3433 in
1548 3397 1650 3451 quo
1710 3383 1940 3437 homines
1992 3385 2046 3437 in
2102 3383 2309 3439 Christo
2362 3382 2690 3454 justiﬁcari,
2744 3392 2792 3437 et
2854 3385 2910 3437 in
2973 3386 3087 3454 ejus
3151 3386 3410 3455 pracipue
3475 3385 3734 3456 baptismo

483 3456 597 3510 tolli
656 3472 925 3529 peccatum
982 3465 1148 3520 docet.
1205 3467 1314 3522 Nec
1373 3469 1633 3524 diversam
1679 3475 1936 3527 rationem
1999 3475 2053 3528 in
2110 3483 2300 3544 quarto
2359 3483 2408 3528 et
2468 3475 2650 3545 quinto
2709 3476 2968 3545 sequitur,
3005 3477 3061 3530 in
3125 3477 3310 3547 quibus
3371 3477 3732 3546 fortitudinem

483 3565 591 3643 esse
624 3558 972 3611 necessariam
1001 3575 1106 3612 non
1139 3563 1292 3615 modo
1325 3565 1396 3616 ad
1425 3566 1751 3621 incommoda
1791 3568 2120 3639 perferenda,
2153 3587 2334 3624 verum
2362 3571 2521 3624 etiam
2562 3569 2630 3623 ad
2665 3578 2896 3624 terrenos
2934 3571 3146 3642 affectus
3181 3571 3572 3643 voluptatesque
3603 3587 3729 3626 con-

482 3642 788 3734 culcandas,
823 3648 1079 3705 declarat.
1125 3653 1273 3708 Idem
1311 3666 1485 3712 servat
1528 3661 1583 3714 in
1611 3671 1776 3727 sexto,
1810 3663 1864 3715 in
1910 3679 2011 3733 quo
2041 3663 2104 3717 de
2143 3665 2399 3717 charitate
2437 3664 2493 3716 in
2527 3661 2714 3726 Deum,
2751 3670 2799 3716 et
2827 3663 2890 3716 de
2919 3665 2983 3716 iis
3019 3642 3438 3734 praceptisqua
3475 3642 3544 3716 ad
3585 3663 3729 3718 illius

481 3733 807 3790 dilectionem
836 3741 1116 3808 pertinent,
1148 3743 1420 3814 disputat;
1462 3747 1526 3801 de
1569 3749 1632 3802 iis
1677 3752 1836 3804 etiam
1870 3751 2019 3805 rebus
2062 3752 2245 3823 quibus
2279 3753 2392 3823 ejus
2429 3751 2634 3806 dilectio
2661 3751 2892 3806 violatur
2920 3768 2938 3807 :
2969 3767 3042 3806 ea
3072 3733 3196 3806 sunt
3231 3733 3488 3823 perversa
3523 3753 3586 3806 de
3620 3753 3729 3808 Deo

481 3825 732 3900 falsaque
759 3832 1044 3902 Opiniones,
1076 3844 1125 3888 et
1153 3853 1270 3907 qua
1301 3838 1364 3892 de
1397 3842 1654 3911 ejusmodi
1691 3844 1837 3914 falsis
1873 3847 2199 3917 opinionibus
2239 3847 2673 3918 proficiscuntur;
2704 3849 2996 3919 cujusmodi
3023 3857 3148 3903 sunt
3179 3850 3511 3920 prastigiosa
3553 3855 3728 3903 astro:

479 3934 616 3986 rum,
662 3923 915 3988 ominum,
963 3929 1305 3996 auguriorum
1329 3933 1734 4004 observationes,
1774 3943 2011 3995 manium
2051 3944 2394 4008 evocationes,
2438 3943 2803 4006 divinationes,
2853 3943 3094 4008 oracula,
3138 3944 3565 4012 superstitiones;
3611 3958 3730 4010 qua

480 4014 658 4066 omnia
688 4014 1007 4070 idololatria
1034 4031 1257 4089 cognata
1288 4033 1433 4092 sunt,
1465 4037 1515 4082 et
1551 4044 1614 4083 ex
1648 4029 1745 4085 illa
1771 4034 2042 4103 ﬂuxerunt
2082 4050 2098 4089 :
2135 4034 2203 4088 ad
2229 4034 2415 4089 hacin
2442 4033 2597 4104 culpa
2627 4034 2724 4102 fati
2752 4032 3076 4104 fortunaque
3103 4041 3406 4105 pratextus,
3434 4033 3727 4104 genethlia-

479 4119 661 4156 eorum
695 4108 922 4170 vanitas,
957 4117 1246 4180 temporum
1290 4119 1509 4173 notatio.
1553 4119 1812 4175 Eamdem
1837 4123 1976 4178 viam
2005 4131 2140 4176 tenet
2168 4125 2222 4176 in
2252 4124 2470 4192 septimo
2506 4128 2554 4174 et
2579 4128 2789 4185 octavo,
2832 4136 2948 4174 cum
2977 4121 3040 4176 de
3073 4121 3190 4176 aliis
3221 4123 3489 4192 praceptis
3519 4121 3727 4175 disserit

481 4214 598 4268 qua
633 4203 858 4269 proximi
890 4202 1218 4261 dilectionem
1259 4211 1561 4280 attingunt;
1601 4227 1799 4265 necnon
1843 4213 1898 4266 in
1938 4229 2076 4266 nono
2105 4212 2413 4275 ac-decimo,
2445 4226 2563 4264 cum
2601 4209 2665 4263 de
2700 4209 3039 4264 tabernaculo
3083 4211 3300 4282 ejusque
3339 4209 3724 4273 instrumentis,

478 4295 702 4366 api/icio,
730 4314 847 4362 usu,
879 4297 1093 4369 legibus,
1125 4301 1470 4369 dedicatione,
1504 4305 1852 4361 oblationibus
1887 4309 2014 4379 agit.
2065 4305 2342 4362 Undecimo
2378 4321 2498 4360 vero
2533 4323 2596 4360 ac
2626 4303 2927 4359 duodecimo
2965 4303 3179 4358 diversis
3212 4319 3239 4357 e
3273 4302 3560 4374 Scriptura
3601 4301 3726 4357 locis

460 4405 538 4463 ea
571 4391 768 4461 colligit
792 4410 910 4464 qua
944 4395 1014 4447 ad
1048 4396 1397 4450 sacerdotium
1425 4396 1642 4466 ejusque
1686 4396 1843 4468 leges,
1877 4399 1947 4452 ad
1989 4398 2319 4453 sacerdotum
2351 4404 2536 4463 vestes,
2565 4397 3026 4461 consecrationem,
3048 4393 3311 4464 sacriﬁcia
3337 4395 3618 4465 pertinent.
3663 4392 3724 4447 In

478 4479 828 4532 tertiodecimo
876 4482 1120 4550 expendit
1163 4498 1280 4551 qua
1319 4482 1383 4535 de
1426 4483 1612 4549 levitis,
1652 4501 1935 4557 eorumque
1983 4487 2297 4552 recensione,
2338 4487 2662 4552 ministeriis,
2711 4485 2906 4558 legibus
2946 4486 3146 4558 Moyses
3195 4486 3444 4558 prodidit.
3487 4484 3723 4550 Quartus

477 4573 704 4626 decimus
743 4576 1001 4643 sequitur,
1028 4576 1084 4628 in
1123 4592 1225 4644 quo
1247 4579 1369 4648 jam
1399 4587 1660 4634 exstructo
1691 4580 2047 4646 tabernaculo,
2080 4581 2299 4636 mundos
2330 4597 2439 4636 esse
2467 4590 2706 4654 oportere
2745 4582 2834 4653 qui
2880 4586 3003 4634 ante
3028 4587 3358 4658 conspectum
3396 4576 3610 4631 Domini
3639 4591 3724 4630 ve-

477 4669 646 4731 niant,
682 4669 991 4740 vitiatosque
1021 4673 1254 4726 homines
1298 4689 1330 4726 a
1368 4675 1568 4728 sanctis
1613 4675 1782 4728 arceri
1827 4675 2115 4746 prafatus,
2168 4691 2256 4730 eas
2297 4675 2432 4746 leges
2469 4685 2841 4730 commemorat
2876 4691 2994 4747 qua
3025 4673 3087 4726 de
3117 4672 3354 4744 leprosis,
3384 4669 3720 4741 seminiﬂuis,
3755 4664 3767 4731 ξ

475 4761 758 4815 immundis
807 4762 861 4814 in
905 4762 1105 4826 anima,
1146 4764 1209 4817 de
1245 4765 1458 4831 collisis,
1500 4768 1733 4831 exsectis,
1772 4768 1988 4837 spuriis,
2029 4767 2243 4821 diversis
2293 4767 2414 4822 locis
2455 4765 2730 4839 Scriptura
2783 4766 3020 4820 tradidit.
3072 4763 3166 4818 His
3219 4763 3401 4833 adjicit
3440 4761 3718 4826 Moabitas,

475 4841 823 4922 Ammonitas,
856 4857 1152 4912 immundos
1197 4859 1321 4912 item
1361 4875 1423 4912 ex
1459 4859 1764 4929 impuritate
1809 4859 2107 4912 studiorum
2139 4876 2200 4913 ac
2227 4861 2346 4915 vita
2372 4876 2560 4930 genere
2595 4875 2786 4931 parum
2830 4866 2993 4921 casto,
3033 4855 3215 4926 quales
3247 4863 3368 4909 sunt
3403 4854 3717 4915 meretrices,

478 4949 837 5017 fornicatores,
865 4951 1110 5017 adulteri,
1138 4953 1417 5022 prostituti,
1445 4968 1572 5022 quos
1595 4954 2063 5021 τελισχομένους
2092 4951 2364 5022 Scriptura
2390 4959 2555 5006 vocat.
2582 4951 2710 5005 Tum
2735 4951 2798 5005 de
2824 4949 3029 5006 mundis
3057 4948 3443 5019 immundisque
3468 4945 3720 5000 animali-

477 5038 567 5092 bus
601 5039 831 5105 disserit,
861 5042 1047 5112 quidve
1087 5059 1180 5114 per
1205 5042 1517 5114 allegoriam
1547 5043 1733 5097 horum
1770 5041 1979 5113 singula
2007 5043 2301 5114 signiﬁcent
2331 5042 2563 5115 exponit.
2603 5042 2727 5097 Iam
2755 5043 2811 5096 in
2838 5043 3019 5114 quinto
3051 5043 3268 5110 decimo,
3294 5045 3420 5114 quia
3452 5059 3554 5097 non
3588 5044 3717 5097 satis

476 5142 590 5188 erat
617 5136 874 5191 immundi
903 5139 1118 5208 quinam
1149 5147 1316 5191 essent
1346 5136 1557 5202 dixisse,
1591 5137 1692 5191 nisi
1732 5137 2014 5192 adderetur
2047 5155 2151 5209 qua
2182 5139 2387 5192 ratione
2416 5137 2661 5192 mundari
2695 5139 2912 5209 possint,
2945 5155 3007 5193 ea
3040 5139 3219 5194 omnia
3263 5138 3458 5210 colligit
3497 5154 3613 5208 qua
3649 5136 3718 5190 ad

477 5241 658 5281 eorum
685 5228 1048 5298 purgationem
1079 5236 1235 5299 atque
1265 5227 1655 5280 mundationem
1683 5227 1842 5280 veteri
1875 5225 1982 5297 lege
2009 5228 2341 5281 constitutum
2371 5233 2466 5282 est.
2501 5224 2628 5291 Qua
2661 5227 2930 5282 mundatio
2957 5231 3080 5299 quia
3104 5228 3373 5299 sacriﬁciis
3406 5229 3561 5298 ﬁebat
3582 5230 3718 5282 inte-

476 5318 602 5388 gris,
637 5319 699 5371 de
727 5321 967 5392 perfectis
993 5319 1309 5374 animalibus
1335 5320 1404 5373 ad
1434 5319 1754 5388 sacriﬁcium
1782 5322 1919 5390 aptis
1955 5320 2180 5375 disserit.
2218 5320 2387 5375 Porro
2411 5320 2745 5390 sacriﬁcandi
2784 5322 2917 5376 ritus
2949 5323 3077 5393 quia
3116 5341 3211 5395 pro
3248 5323 3595 5378 immunditia
3633 5323 3719 5376 di-

477 5409 722 5464 versitate
755 5413 1095 5477 variabatur,
1138 5427 1342 5467 necesse
1380 5412 1479 5482 fuit
1513 5419 1570 5465 ut
1613 5412 1862 5483 quidquid
1909 5412 1995 5467 lex
2041 5414 2104 5466 de
2149 5412 2307 5484 lepra
2349 5413 2663 5483 differentia,
2703 5413 2866 5483 deque
2909 5413 3029 5469 aliis
3072 5416 3416 5470 immunditia
3445 5413 3719 5484 generibus

478 5502 758 5567 statuerat,
797 5512 1245 5560 commemoraret.
1293 5503 1395 5560 Sed
1430 5505 1554 5577 quia
1600 5521 1793 5576 parum
1831 5514 1905 5559 est
1950 5503 2184 5559 maculas
2231 5504 2507 5574 culparum
2545 5503 2778 5571 abluere,
2816 5507 2916 5560 nisi
2945 5509 3244 5578 purgationi
3280 5508 3438 5561 etiam
3462 5505 3717 5559 sanctitas

480 5587 783 5656 adiiciatur,
807 5612 898 5664 per
926 5613 1082 5666 quam
1117 5614 1206 5652 nos
1239 5598 1376 5667 ipsos
1400 5595 1509 5650 Deo
1538 5611 1922 5660 conserramus,
1950 5597 2004 5651 in
2028 5605 2174 5652 sexto
2200 5595 2396 5649 decimo
2423 5593 2553 5648 libro
2579 5593 2676 5648 illa
2713 5598 2889 5651 omnia
2918 5597 3106 5669 digerit
3134 5612 3250 5665 qua
3277 5595 3362 5650 lex
3397 5594 3461 5649 de
3486 5594 3635 5648 donis
3667 5603 3715 5648 et

483 5676 826 5736 oblationibus
864 5685 1159 5741 instituerat
1184 5728 1196 5749 ,
1231 5707 1348 5760 qua:
1373 5693 1491 5746 item
1523 5692 1584 5746 de
1611 5709 1763 5748 censu
1797 5691 1885 5746 illo
1910 5711 2059 5748 sacro
2086 5694 2172 5751 ani
2204 5710 2296 5749 vro
2331 5694 2498 5750 atatis
2532 5693 2732 5747 ratione
2760 5691 3074 5763 solvebatur,
3114 5711 3228 5760 qua:
3255 5705 3316 5749 ae
3345 5708 3536 5764 magno
3574 5701 3712 5760 voto,
