4024 6220
447 413 551 470 127

1640 403 1970 460 VETERUM
2011 395 2447 456 TESTIMONIA.

3611 378 3713 437 ηε

447 535 542 579 aut
571 524 626 577 in
686 521 844 576 libris
904 519 980 573 De
1018 516 1329 571 adoratione
1366 517 1422 568 in
1456 515 1666 584 spiritu.
1709 514 1902 569 Sermo
1943 511 2022 565 illi
2054 524 2097 576 Α

2148 508 2217 562 τοῦ
2255 507 2390 578 πρὸς
2432 503 2713 574 Ἑρμείαν,
2748 503 2840 556 καὶ
2873 500 2967 554 τοῦ
3008 500 3146 568 Περί
3177 498 3375 566 τῆςὲν
3421 499 3712 566 πνεύματι

449 611 742 675 conﬁctos,
776 620 832 664 et
868 608 935 662 ad
971 607 1249 677 propriam
1278 605 1498 660 dicendi
1543 603 1774 660 formam
1804 611 2026 658 contor-

450 715 558 767 tus,
593 719 658 758 ac
701 699 873 756 veluti
921 699 1164 754 solutum
1199 713 1566 767 numerosque
1605 696 1885 767 negligens
1915 709 2031 749 me—

451 804 622 849 trum.

2132 598 2432 666 λατρείας.
2481 594 2543 647 '0
2586 593 2641 646 δὲ
2672 593 2827 660 λόγος
2861 591 3010 662 αύτῷ
3045 589 3416 660 πεποιημένος
3438 629 3452 651 ,
3489 588 3584 641 καὶ
3631 591 3710 646 εἱς

2143 690 2451 754 ἰδιάζουσαν
2499 687 2643 741 ἱδέαν
2689 683 3136 754 ἐκϐεϐιασμένος,
3167 682 3260 735 καὶ
3293 677 3404 736 οἷον
3435 681 3709 751 λελυμένη

2129 782 2224 835 καὶ
2250 781 2311 834 τὸ
2343 779 2541 850 μέτρον
2564 775 2890 849 ὑπερορῶσα
2918 775 3157 844 ποίησις.

523 883 647 938 Vide
677 881 914 936 eumdem
951 898 1073 952 pag.
1097 880 1201 934 578
1229 889 1276 932 et
1309 879 1411 934 379
1431 879 1494 931 de
1516 877 1660 932 libris
1686 887 1869 931 contra
1903 875 2224 938 Nestorium,
2260 873 2323 925 de
2344 869 2616 942 Epistolis,
2641 878 2689 923 et
2708 868 2904 924 scholia
2935 868 3000 920 de
3017 866 3392 922 lncarnatione
3425 863 3710 936 Unigeniti.

1421 994 1863 1066 Martyrologium
1906 991 2206 1046 Romanum
2243 989 2327 1042 die
2365 989 2434 1042 27
2473 987 2746 1042 Januarii.

442 1081 470 1108 ⁸
525 1112 709 1168 Sancti
747 1111 955 1183 Cyrilli,
992 1111 1566 1183 Alexandrinaeurbis
1611 1111 1877 1181 episcopi,
1907 1110 2002 1181 qui
2037 1108 2320 1166 catholicae
2346 1104 2475 1160 ﬁdei
2506 1098 2958 1174 praeclarissimus
3008 1103 3417 1168 propugnator;
3458 1091 3709 1150 doctrina

454 1191 510 1238 et
547 1181 833 1238 sanctitate
871 1182 1121 1248 illustris,
1145 1182 1357 1252 quievit
1387 1181 1443 1236 in
1481 1196 1637 1252 pace.

1632 1271 1800 1328 erci
1845 1273 1901 1326 in
1941 1271 2256 1342 Menologio,
2309 1269 2343 1324 9
2378 1268 2545 1323 Junii.

526 1387 683 1457 Apud
722 1386 1125 1457 Alexandriam
1151 1386 1350 1440 natalis
1407 1385 1464 1440 S.
1503 1385 1716 1457 Cyrilli,
1749 1386 1996 1456 ejusdem
2037 1384 2276 1457 civitatis
2315 1380 2579 1457 episcOpi,
2613 1379 2719 1457 viri
2754 1376 3142 1457 eruditissimi,
3186 1383 3243 1430 et
3274 1375 3571 1457 catholica:
3588 1374 3713 1457 (ἱόοί

453 1444 880 1528 propugnatoris
924 1455 1130 1528 egregii
1175 1472 1187 1506 :
1219 1471 1382 1524 quem
1435 1445 1684 1511 sum'mus
1705 1444 1713 1450 ’
1735 1444 1982 1526 pontifex
2023 1444 2366 1512 leestinus‘
2387 1444 2643 1507 idoneum
2673 1449 2938 1521 judicavit
2981 1448 3072 1503 cui
3102 1461 3229 1503 suas
3263 1445 3413 1501 vices
3445 1445 3502 1500 in
3531 1444 3715 1514 Ephe-

454 1525 576 1582 sino
628 1525 864 1582 eoncilio
915 1525 1208 1596 delegaret.

1466 1595 1633 1648 Iidem
1675 1594 1844 1650 Grtzci
1889 1596 1944 1650 in
1991 1595 2234 1658 Μεηιεὶδ,
2267 1591 2446 1645 eodem
2491 1589 2524 1644 9
2562 1587 2730 1643 Junii.

429 1710 432 1718 -
526 1687 787 1742 Flammis
839 1687 1014 1742 sancti
1065 1685 1304 1756 Spiritus
1345 1695 1529 1742 mente
1574 1687 1897 1752 illustratus,
1933 1688 2031 1742 "sol

457 1777 752 1843 irradians,
787 1779 940 1832 velut
984 1778 1186 1842 radios,
1235 1779 1458 1834 oracula
1499 1777 1754 1844 edidisti;
1811 1784 1904 1831 tua
1939 1776 2036 1832 do-

458 1877 638 1937 gmata
681 1869 738 1923 in
786 1884 978 1924 omnes
1013 1869 1166 1924 orbis
1209 1869 1562 1939 ﬁdeliumque
1599 1868 1749 1924 lines‘
1774 1868 2029 1933 emisisti,

2209 1681 2587 1754 Φρυκτωρίαις
2617 1678 2711 1733 τοῦ
2739 1678 3058 1748 Πνεύματος
3099 1674 3429 1746 ἐλλαμφθεὶς
3459 1673 3558 1746 τὴν
3601 1675 3718 1730 διά-⁹

2141 1792 2324 1840 νοιαν,
2364 1771 2667 1843 φωτοὸόλος
2711 1770 2862 1842 ἣλιος
2902 1767 3307 1840 ἐχρημάτισας,
3347 1765 3534 1838 ὥσπερ
3573 1768 3720 1820 ἀκτῖο

2142 1885 2258 1932 νας,
2301 1866 2370 1920 τὰ
2403 1867 2649 1936 δόγματα
2691 1864 2772 1928 εἱς
2817 1863 2992 1916 πάντα
3043 1859 3110 1914 τὰ
3155 1859 3366 1932 πέρατα
3401 1859 3719 1924 ἐξαπέστει-

459 1966 637 2013 coetus
686 1973 875 2014 omnes
909 1959 1244 2025 illuminans,
1289 1975 1323 2014 ο
1363 1959 1699 2023 beatissime,
1735 1974 1799 2014 ac
1827 1959 2032 2026 divine,
2072 1989 2111 2044 Β

2148 1959 2238 2022 λας
2254 1958 2481 2022 πιστῶν,
2503 1954 2865 2023 καταυγάζων
2885 1951 3247 2024 πληρώματα,
3264 1951 3716 2024 παμμακάριστε,

462 2049 829 2119 tenebrasque
873 2050 1155 2105 haereseon
1208 2066 1576 2120 persequens,
1629 2051 1684 2105 vi
1714 2051 2039 2120 viribusque

2148 2050 2234 2103 καὶ
2265 2047 2474 2102 διώκων
2505 2047 2565 2101 τὸ
2599 2047 2821 2111 σκότος,
2857 2045 3104 2114 θεοφόρε,
3139 2044 3247 2097 τῶν
3290 2046 3579 2115 αἱρέσεων,
3616 2044 3715 2097 δυ-

463 2137 614 2192 illius
641 2139 736 2208 qui
764 2154 794 2192 e
818 2139 1042 2209 Virgine
1065 2148 1231 2195 natus
1251 2140 1445 2195 eluxit.

537 2228 858 2299 Eloquentia
926 2239 982 2285 et
1033 2229 1285 2286 facundia
1331 2231 1597 2287 orationis
1655 2241 1794 2298 tute,
1844 2247 1877 2287 ο
1919 2248 2044 2287 san-

463 2319 703 2376 ctissime
728 2320 948 2392 Cyrille,
982 2322 1226 2378 Ecclesia
1279 2331 1391 2378 tota
1443 2335 1761 2389 exornatur,
1810 2331 1866 2378 et
1913 2341 2042 2395 spe-

463 2411 614 2465 ciosa
657 2421 946 2469 venustate
986 2422 1079 2468 tua
1117 2414 1205 2484 pie
1252 2415 1586 2480 decoratur;
1618 2424 1878 2485 tuamque
1912 2431 2040 2469 san-

464 2513 607 2558 ctam
672 2505 1083 2560 translationem
1137 2521 1294 2560 sacro
1341 2506 1452 2560 ritu
1508 2506 1763 2569 honorat,
1804 2521 1838 2561 o
1902 2507 2043 2560 cele-

464 2591 726 2657 berrime,
744 2592 1203 2661 sacerdotumque
1230 2593 1475 2648 omnium
1499 2594 1688 2660 decus,
1711 2595 1934 2649 Patrum
1952 2610 2044 2651 co-

465 2681 914 2754 ryphaae,synodi
951 2683 1309 2738 sanctissima:
1345 2694 1720 2755 propugnator
1753 2686 2039 2740 acerrime.

535 2773 668 2828 Tuis
697 2773 871 2844 igneis
895 2773 1262 2844 dogmatibus,
1297 2793 1330 2830 ο
1362 2778 1562 2846 praesul
1618 2778 2039 2848 sapientissime,

463 2879 682 2919 omnem
737 2874 1130 2922 sarmentosam
1183 2866 1505 2938 aridamque
1550 2869 1829 2924 haereseon
1873 2879 2046 2925 mate-

464 2955 602 3008 riam
651 2958 1054 3024 concremasti;
1111 2961 1510 3015 sententiarum
1563 2969 1779 3016 tuarum
1813 2960 2042 3031 profun-

465 3045 670 3112 ditate,
707 3063 741 3102 o
782 3049 1148 3105 sacratissime
1185 3050 1419 3122 Cyrille,
1474 3051 1769 3122 impiorum
1804 3050 2045 3121 perﬁdo-

466 3153 698 3209 rumque
718 3140 1101 3198 haereticorum
1120 3143 1456 3214 demergitur
1483 3144 1795 3210 exercitus;
1829 3153 1921 3200 tua
1941 3145 2044 3200 do-

465 3230 660 3295 ctrina,
691 3247 725 3286 o
753 3233 934 3298 beate,
957 3233 1155 3290 diebus
1171 3237 1402 3308 singulis
1431 3247 1734 3292 exornatur
1760 3246 1873 3293 tota
1905 3237 2044 3293 lide-

464 3321 600 3377 lium
623 3324 886 3392 Ecclesia,
907 3344 1028 3398 quae
1047 3329 1245 3387 eximie
1286 3339 1338 3386 te
1360 3331 1615 3396 honorat,
1648 3331 1930 3402 praedicat.

537 3414 798 3486 Repletus
825 3435 884 3474 es
913 3419 1282 3477 illustratione
1335 3422 1509 3477 sancti
1561 3421 1820 3492 Spiritus,
1861 3437 1894 3476 ο
1940 3420 2044 3492 Cy-

466 3505 608 3571 rille,
649 3519 1050 3580 praeceptorum
1079 3512 1284 3568 Christi
1336 3524 1540 3580 custos,
1593 3524 1757 3584 atque
1797 3515 1866 3568 ab
1905 3513 2040 3568 alie-

2145 2143 2304 2214 νάμει
2334 2141 2427 2196 τοῦ
2463 2142 2527 2194 ἐκ
2564 2139 2842 2209 Παρθένου
2873 2137 3270 2209 ἐκλάμψαντος.

2209 2233 2489 2304 Εὐφραδίᾳ
2516 2232 2622 2285 τῶν
2645 2231 2819 2300 λόγων
2853 2247 2966 2293 σου,
3006 2229 3265 2301 ἱερώτατε
3295 2228 3552 2298 Κύριλλε,
3588 2229 3714 2284 Ἐκ-

2141 2326 2339 2396 κλησία
2366 2323 2553 2378 ἅπασα
2592 2321 2908 2394 ώραῖζεται,
2935 2321 3030 2376 καὶ
3056 2319 3296 2382 εὐσεϐῶς
3318 2319 3720 2384 καλλωπίζεται

2141 2415 2365 2486 ὡραίοις
2423 2415 2480 2466 ἐν
2514 2411 2772 2476 κάλλεσι,
2806 2411 2900 2464 καὶ
2939 2410 3071 2480 τιμᾷ
3105 2426 3197 2464 σου
3230 2409 3390 2480 ἱερῶς
3421 2409 3520 2481 τήν
3559 2409 3722 2477 ἁγίαν

2145 2505 2492 2577 μετάστασιν,
2519 2503 2861 2573 παναοίδιμε,
2889 2501 3078 2571 ἱερέων
3119 2501 3181 2555 τί.
3209 2501 3384 2565 κλέος,
3409 2499 3518 2556 τῶν
3547 2499 3720 2554 πατέ-

2145 2616 2253 2671 ρων
2303 2599 2600 2670 κορυφαῖε,
2661 2597 2759 2668 τῆς
2815 2595 3031 2650 συνόδου
3085 2593 3188 2665 τῆς
3227 2593 3498 2662 παναγίας
3550 2591 3722 2663 ὑπέρ-

2147 2706 2308 2760 μαχε.

2214 2779 2340 2841 Τοῖς
2370 2777 2618 2849 πυρίνοις
2653 2793 2745 2830 σου
2775 2777 3010 2846 δόγμασι
3043 2774 3152 2829 τῶν
3199 2773 3464 2845 αἱρέσεων
3497 2773 3722 2828 ἃπασαν

2144 2867 2467 2940 φρυγανώδη
2484 2867 2710 2937 ἔφλεξας
2735 2866 2888 2938 ὕλην,
2910 2865 3282 2936 πάνσοφε,τῶν
3301 2864 3584 2938 νοημάτων
3606 2867 3728 2930 τοῖς

2146 2961 2332 3032 βάθεσι
2371 2959 2645 3030 βυθίζεται
2670 2959 2992 3031 στράτευμα
3017 2957 3388 3012 ἀπειθούντων
3413 2955 3716 3024 δυσσεόῶν,

2145 3052 2406 3125 ἱερώτατε
2432 3051 2690 3122 Κύριλλε,
2718 3053 2828 3116 τοῖς
2842 3051 3131 3121 διδάγμασι
3160 3047 3576 3114 καλλωπίζεται,
3615 3047 3724 3118 μά·

2147 3161 2274 3215 καρ,
2306 3143 2427 3196 καθ’
2461 3143 2697 3214 ἐκάστην
2726 3143 2832 3197 τῶν
2861 3141 3067 3196 πιστῶν
3091 3144 3124 3212 ή
3157 3141 3452 3214 Ἐκκλησία
3479 3140 3717 3213 μεγαλο-

2149 3235 2360 3308 φρόνως
2379 3234 2597 3306 τιμῶσά
2619 3251 2700 3290 σε.

2230 3410 2539 3482 Ἐπλήσθης
2593 3410 2695 3482 τῆς
2750 3409 3032 3480 δᾳδουχίας
3059 3448 3074 3473 ,
3121 3407 3393 3479 Κύριλλε,
3431 3405 3526 3461 τοῦ
3573 3407 3722 3461 θείου

2156 3503 2496 3572 Πνεύματος,
2551 3501 2657 3556 τῶν
2703 3500 2932 3555 ἐντολῶν
2972 3500 3048 3565 ῶς
3083 3500 3258 3568 φύλαξ
3307 3499 3401 3554 τοῦ
3456 3498 3721 3568 Χριστοῦ,

467 3597 648 3653 ctibus
675 3609 730 3654 et
757 3603 1106 3669 passionibus
1128 3616 1512 3674 perpurgatus,
1539 3605 1896 3660 divinissimaa
1916 3605 2041 3660 Tri-
2070 3643 2111 3699 ϐ

2148 3595 2256 3648 τῶν
2304 3593 2494 3647 παθῶν
2541 3593 2958 3664 καθηράμενος,
3019 3592 3118 3664 τῆς
3179 3590 3451 3664 ὑπερθέου
3489 3591 3726 3661 γέγονας

467 3686 658 3741 nitatis
692 3704 822 3743 vere
857 3689 1034 3746 lactus
1068 3708 1129 3747 es
1164 3693 1563 3748 habitaculum.

539 3777 628 3834 Uti
686 3780 824 3845 zelo,
878 3782 953 3836 ita
989 3783 1243 3839 libertate
1304 3785 1568 3855 loquendi
1613 3787 1832 3856 plenus,
1863 3803 1896 3842 o
1928 3787 2044 3858 glo-

2143 3687 2311 3750 ὅντως
2341 3685 2570 3757 Τριάδος
2605 3684 2946 3755 ἐνδιαίτημα.

2221 3745 2308 3842 Ὠς
2336 3745 2522 3850 ζήλου,
2550 3745 2648 3831 καὶ
2679 3745 2990 3849 παρρησίας
3034 3775 3306 3846 ἔμπλεως,
3350 3745 3612 3846 Κύριλλιι⁹⁵
3632 3772 3720 3826 ἔνο

469 3869 614 3924 riose
644 3868 845 3942 Cyrille
866 3914 880 3937 ,
919 3873 1238 3930 orthodoxa:
1278 3875 1542 3931 doctrinae
1589 3877 1906 3948 praesidens,
1934 3877 2046 3933 hae-

2148 3870 2258 3936 505s
2285 3910 2299 3934 ,
2347 3869 2446 3934 τὰς
2485 3869 2787 3942 θεομάχους
2825 3868 3005 3932 πάσας
3059 3867 3305 3938 ἀψευδῶς
3343 3864 3722 3936 γλωσσαλγίας

470 3961 669 4016 reticas
715 3965 1116 4035 mendacesque
1171 3967 1461 4036 impiarum
1510 3967 1779 4023 haeresum
1828 3969 2044 4039 linguas

2148 3962 2385 4027 Ξιέλυσας
2427 3962 2536 4016 τῶν
2586 3961 2862 4015 δυσσεσῶν
2903 3959 3190 4050 αἱρέσεων,
3241 3957 3546 4031 ὀρθοδοξίας
3586 3973 3720 4028 upo-

473 4049 793 4110 dissolvisti.

2137 4056 2449 4128 ῖσςτάμενος.

543 4145 686 4217 Haec,
720 4155 770 4217 et
816 4146 1088 4217 complura
1136 4148 1247 4204 alia
1283 4150 1473 4204 ibidem
1517 4151 1683 4207 (ἓν-αξιδὶ
1721 4152 1776 4205 in
1812 4149 2045 4212 Henwis,
2086 4151 2277 4203 mensis
2312 4147 2461 4202 Junii
2507 4147 2600 4217 die
2636 4163 2722 4209 rx,
2769 4154 2818 4199 et
2856 4144 3141 4217 inconcil.
3181 4145 3436 4217 Ephesini
3471 4154 3522 4200 et
3555 4145 3721 4217 Chal-

471 4214 773 4269 cedonensis
812 4214 964 4270 actis.
1006 4217 1128 4273 Vide

471 4237 773 4269 σεαυηεηδῑε
812 4237 964 4270 acus.
1011 4237 1128 4273 γιαε
1198 4237 1225 4271 Γη

471 4283 693 4352 phorum
737 4283 824 4338 lib.
857 4302 962 4352 xxv,
1001 4303 1118 4358 cap.
1157 4237 1225 4344 Ξῖ)

1198 4228 1415 4293 rauci-ea
1453 4220 1920 4293 .Euagriumjib.)
1961 4219 2112 4293 Histo

2148 4259 2190 4293 _.,
2221 4235 2341 4288 cap.
2386 4217 2440 4277 5,
2478 4224 2540 4293 et_
2563 4213 2833 4270 Socratem
2877 4213 2964 4269 lib.
3004 4231 3098 4281 vtt,
3153 4231 3200 4268 ο.
3232 4213 3308 4270 ⁷52
3338 4226 3387 4272 et
3421 4216 3523 4285 ὅτις
3563 4215 3720 4272 Nice-

1257 4307 1272 4357 ;
1310 4286 1615 4344 Liberatum
1651 4291 1706 4342 in
1745 4288 2042 4353 Breviario,
2083 4286 2320 4358 aliosque
2357 4300 2486 4357 pene
2521 4286 2848 4339 innumeros.

1324 4399 1387 4458 S.
1436 4398 1790 4459 Anastasius
1836 4397 2069 4459 Sinaita
2122 4395 2189 4458 in
2240 4395 2499 4474 Hodego
2550 4393 2710 4474 (cap.
2763 4393 2845 4475 5).

541 4493 739 4550 Sancta
782 4495 900 4552 hate
937 4497 1178 4568 synodus
1221 4495 1539 4569 (Ephesina)
1589 4497 1737 4567 quod
1787 4497 2040 4553 Christus

471 4597 581 4645 tam
621 4586 907 4642 divinitate
965 4601 1129 4656 quam
1173 4588 1514 4643 humanitate
1575 4604 1729 4658 teque
1766 4589 2044 4658 perfectus

2232 4497 2294 4550 Ἢ
2326 4497 2381 4550 δὲ
2408 4496 2537 4566 ἁγία
2568 4496 2784 4561 σύνοδος
2805 4495 2892 4551 διὰ
2919 4497 2980 4552 τὸ
3001 4498 3203 4552 τέλειον
3230 4492 3371 4554 εἶναι
3414 4497 3473 4553 ἐν
3503 4483 3721 4573 θεότητι

2151 4585 2244 4640 καὶ
2285 4585 2490 4639 τέλειον
2545 4585 2744 4653 ὁμοίως
2793 4588 2850 4640 ἐν
2919 4587 3294 4658 ἀνθρωπότητι
3341 4589 3430 4642 τὸν
3461 4592 3720 4662 Χριστὸν,

467 4684 637 4742 esset,
676 4676 734 4731 in
763 4676 978 4733 duabus
1004 4677 1288 4734 inconfuse
1323 4687 1379 4734 et
1408 4678 1848 4749 inseparabiliter
1871 4679 2042 4735 unitis
2073 4718 2112 4774 Β

2149 4675 2206 4729 ἐν
2234 4675 2326 4728 δύο
2361 4674 2523 4728 αὑτὸν
2569 4676 2879 4746 ήνωμέναις
2926 4675 3154 4746 φύσεσιν
3188 4677 3282 4731 ἕνα
3307 4677 3510 4749 Κύριον
3543 4681 3718 4748 ἀσυγ-

469 4767 702 4830 naturis,
737 4782 908 4821 unum
937 4767 1229 4824 Dominum
1271 4779 1356 4826 est
1393 4769 1638 4840 professa
1670 4788 1682 4822 :
1720 4769 2042 4851 conﬁrmata
2073 4762 2110 4774 ”

2148 4762 2320 4832 χύτως
2358 4765 2452 4818 καὶ
2490 4763 2808 4835 ἀδιαιρέτως
2844 4763 3111 4836 ἐκήρυξεν
3137 4804 3151 4828 ,
3197 4765 3588 4836 ἐπικυρώσασα
3617 4767 3722 4837 τήν

467 4852 728 4920 Nestorii,
782 4856 836 4910 in
870 4857 1051 4926 priore
1099 4858 1374 4928 Ephesino
1401 4859 1655 4923 concilio,
1686 4868 1906 4913 auctore
1935 4857 2042 4930 Cy-

471 4942 614 5008 rillo,
653 4946 1175 5019 damnatione;quo
1215 4951 1436 5020 quidem
1480 4949 1540 5004 B.
1595 4949 1798 5021 Cyrillo
1831 4950 2042 5005 collau-

2143 4852 2461 4923 καθαίρεσιν
2487 4852 2783 4924 Νεστορίου
2814 4853 2882 4923 ἢν
2931 4855 3184 4917 ἐποίησεν
3221 4857 3250 4908 ό
3303 4857 3572 4928 μακάριος
3604 4855 3722 4909 Κύ-

2147 4943 2344 5014 ριλλος,
2376 4946 2440 5014 τῇ
2485 4945 2542 4997 ἐν
2591 4943 2804 5014 Ἐφέσῳ
2841 4943 2902 4997 τὸ
2925 4945 3190 5016 πρότερον
3216 4945 3347 5016 ἁγίᾳ
3379 4947 3600 5018 συνόδῳ,
3626 4948 3718 5000 sia-

471 5031 619 5098 dato,
655 5034 834 5090 eidem
873 5036 978 5092 hoc
1026 5036 1200 5093 edidit
1248 5039 1486 5110 elogium
1521 5058 1533 5092 :
1573 5038 1796 5111 Cyrillo,
1834 5046 2043 5093 azterna

2148 5033 2436 5102 φημίσασα
2493 5033 2586 5085 καὶ
2648 5033 2742 5087 τὸν
2791 5034 2954 5086 αὐτὸν
2992 5035 3262 5104 μακάριον
3311 5035 3578 5106 Κύριλλον
3621 5035 3720 5089 καὶ

470 5123 754 5178 memoria.

2144 5124 2393 5179 εἰποῦσαο
2423 5123 2691 5194 Κυρίλλου
2725 5125 2919 5178 αἱωνία
2951 5127 2984 5197 ή
3014 5127 3223 5198 μνήμη.

1663 5219 1849 5283 Idem,
1889 5219 2065 5272 eodem
2113 5215 2266 5280 libro,
2299 5232 2416 5285 cap.
2468 5213 2520 5268 8.

542 5327 891 5385 Adducamus
927 5345 1052 5386 eum
1102 5332 1281 5401 ipsum
1331 5329 1613 5402 Cyrillum,
1676 5332 1861 5386 lumen
1901 5330 2036 5386 illud

2216 5329 2667 5399 Παραστήσωμεν
2711 5328 2872 5382 αὐτὸν
2906 5327 2996 5382 τὸν
3027 5331 3306 5401 φωστῆρα,
3359 5330 3452 5382 καὶ
3497 5328 3588 5382 τοῦ
3622 5346 3714 5398 χο-

473 5416 697 5472 Patrum
726 5418 1170 5486 celeberrimum,
1212 5428 1268 5474 et
1311 5419 1710 5486 beatissimum,
1751 5422 2038 5477 docentem

2148 5421 2241 5492 ροῦ
2269 5420 2376 5473 τῶν
2405 5419 2664 5491 Πατέρων
2706 5420 2946 5490 ἀοίδιμον
2999 5420 3092 5472 τὸν
3125 5420 3391 5491 μακάριον
3424 5419 3712 5491 Κύριλλον,

475 5509 770 5576 apostolice
818 5512 1103 5568 veritatem
1159 5520 1368 5568 natura“:
1403 5512 1654 5568 humanae
1701 5513 1756 5568 in
1795 5512 2035 5569 Christo.

2146 5513 2244 5584 τὴν
2274 5512 2434 5582 φύσιν
2473 5511 2727 5582 ἀλήθειαν
2775 5506 2916 5564 εἶναι
2942 5511 3284 5576 διδάσκοντος
3307 5510 3712 5574 ἁποστολικῶς.

1762 5623 1929 5689 Idem,
1965 5625 2174 5691 ibidem,
2209 5643 2325 5697 cap.
2363 5623 2448 5677 l0.

546 5705 752 5778 Cyrillo
815 5720 1018 5766 aeterna
1077 5714 1378 5778 memoria,
1447 5713 1588 5770 sicut
1637 5723 1691 5770 et
1737 5712 2039 5770 Chalcedo-

2217 5714 2482 5785 Κυρίλλου
2539 5714 2730 5769 αίωνία
2783 5715 2816 5784 ή
2874 5715 3062 5786 μνήμη
3108 5715 3250 5769 καθὰ
3298 5716 3391 5770 κα¹ι
3421 5718 3454 5786 ή
3495 5714 3712 5778 σύνοδος

478 5804 666 5858 ncnsis
722 5801 962 5876 synodus
1006 5803 1160 5860 dixit.
1211 5805 1425 5862 Etenim
1481 5807 1665 5864 nullus
1728 5819 2039 5864 sanctorum

2153 5806 2490 5884 Χαλκηδόνος
2518 5806 2723 5877 εἴρηκε.
2767 5806 2874 5861 Καὶ
2915 5806 3021 5879 γὰρ
3048 5807 3222 5871 οὐδεὶς
3261 5806 3369 5863 τῶν
3398 5805 3564 5878 ἁγίων
3603 5807 3712 5860 ηα-
