4024 6220
277 238 384 293 I29

1761 249 2074 307 MONITUM
2083 293 2095 306 .

3427 271 3530 327 150

273 354 454 424 τέρων
511 353 574 406 τὸ
607 354 890 423 πανάγιον,
923 357 1018 411 καὶ
1048 357 1340 428 ἀμειωτον,
1373 359 1466 413 καὶ
1498 360 1733 428 αἰώνιον,
1763 363 1856 415 καὶ

1959 365 2181 420 Patrum
2214 369 2619 426 sanctissimum
2651 373 2785 429 illud
2817 386 2873 431 et
2907 377 3249 445 indeflciens,
3285 390 3528 439 et-azter—

275 444 664 508 ἁνεξάλειπτον
701 446 810 498 τῶν
854 446 1092 517 Χριστοῦ
1120 449 1333 518 φύσεων
1367 451 1610 522 εἴρηκεν,
1639 451 1713 513 ὡς
1743 451 1858 505 θεο-

276 538 505 608 φάντωρ
547 537 835 609 Κύριλλος.
885 539 948 593 Οἱ
1001 541 1100 610 μὲν
1153 541 1262 613 γὰρ
1310 543 1572 614 μακάριοι
1617 543 1858 614 Πατὲρες

271 633 370 681 τὸν
408 627 642 698 ἀριθμὸν
672 629 986 698 εἰρήκασιν·
1020 631 1049 682 ὁ
1085 631 1142 684 δὲ
1171 633 1569 706 τρισμακάριος
1593 633 1857 704 Κύριλλος

277 718 420 788 μετὰ
452 718 546 772 τοῦ
578 718 813 790 ἀριθμοῦ
845 721 937 773 καὶ
960 718 1056 792 τὴν
1087 723 1499 790 ἀνεξάλειπτον,
1535 724 1628 779 καὶ
1657 742 1856 796 τηρου-

276 810 450 881 μένην
478 813 565 864 ἀεὶ
608 811 716 864 τῶν
752 811 967 882 φύσεων
1027 814 1121 866 τοῦ
1171 817 1379 888 Κυρίου
1423 818 1685 890 διαμονὴν
1718 819 1858 889 μετὰ

271 902 377 971 τὴν
407 903 619 967 ἕνωσιν,
639 901 733 954 καὶ
764 902 833 955 τὰ
861 904 1006 977 ἑξῆς.
1029 900 1102 959 Εὖ
1123 923 1204 958 σοι
1229 907 1459 974 γένοιτο,
1480 909 1726 981 φωστὴρ,
1760 908 1857 962 καὶ

277 993 457 1065 πυρσὲ
481 1033 496 1056 ,
530 995 623 1046 καὶ
659 993 818 1047 στύλε
862 996 960 1066 τῆς
999 996 1280 1069 ἀληθείας,
1317 998 1575 1070 Κύριλλε.
1647 1001 1853 1066 Ὄντως

278 1083 576 1153 Κυρίλλου,
611 1082 773 1136 πάλιν
813 1082 978 1152 λέγω,
1013 1084 1203 1138 altovid
1231 1086 1264 1156 ἡ
1301 1089 1509 1157 μνήμη,
1542 1085 1617 1154 μὴ
1647 1103 1858 1157 συγχω-

1954 467 2088 505 ιιιιιιι
2135 460 2190 507 et
2228 453 2520 511 indelebile
2568 468 2778 517 natura:
2828 462 3031 520 Christi
3083 467 3413 526 beneﬁcium
3454 473 3528 529 ita

1953 543 2290 611 przedicavit,
2323 546 2466 602 sicut
2497 548 2714 606 divinus
2761 552 3015 625 Cyrillus.
3065 558 3201 613 Nam
3245 560 3392 615 beati
3425 563 3529 617 Pa—

1955 641 2065 688 tres
2092 650 2384 690 numerum
2413 638 2794 710 assignarunt;
2820 661 2884 700 ac
2916 645 3269 704 beatissimus
3291 650 3531 722 Cyrillus

1953 722 2118 778 simul
2149 740 2275 779 cum
2305 742 2539 783 numero
2555 730 2925 790 indelebiliter
2947 751 3273 810 semperque
3304 752 3530 798 naturas

1953 825 2303 872 conservatas
2359 834 2478 874 esse
2503 861 2518 888 ,
2578 823 2742 878 etiam
2790 835 2914 896 post
2952 830 3208 885 unionem
3238 833 3529 904 perspicue

1955 905 2161 971 docuit,
2190 915 2295 961 etc.
2339 908 2485 965 Bene
2530 912 2600 966 sit
2635 915 2754 980 tibi,
2792 915 2999 982 lumen,
3031 919 3119 973 fax
3142 961 3157 986 ,
3189 930 3245 976 et
3273 923 3528 977 columna

1954 997 2224 1062 veritatis,
2256 997 2479 1068 Cyrille.
2515 1000 2714 1057 Iterato
2755 1005 2953 1072 dicam,
2992 1007 3182 1080 Cyrilli
3213 1026 3342 1066 vere
3371 1022 3529 1068 aeter-

1954 1105 2025 1142 na
2055 1089 2338 1157 memoria,
2372 1092 2464 1160 qui
2489 1107 2599 1147 non
2631 1095 2764 1150 sinit
2787 1112 2889 1152 nos
2922 1114 2953 1153 a
2981 1116 3114 1156 vero
3139 1102 3418 1160 deerrare.

276 1172 498 1242 ροῦντος
523 1174 667 1243 ἡμᾶς
691 1175 755 1226 ὲκ
776 1174 878 1244 τῆς
906 1172 1164 1244 ἀληθείας
1191 1174 1554 1247 πλανηθῆναι.

271 1287 349 1348 Β.
389 1285 703 1365 Eulogius
747 1287 1250 1374 archiepiscopus
1295 1287 1732 1374 Alexandriae,
1779 1288 1848 1374 in
1884 1289 2165 1374 {ratione
2206 1287 2513 1374 adversus
2560 1290 3006 1374 calumniantes
3040 1297 3154 1359 SS.
3177 1300 3422 1374 Patres,
3475 1309 3530 1362 et

714 1365 1043 1426 concilium
1085 1366 1598 1428 Chalcedonense.
1649 1367 1836 1447 Apud
1883 1367 2180 1427 Photium
2234 1368 2301 1426 in
2344 1368 2731 1431 Bibliotheca
2758 1419 2772 1446 ,
2851 1391 3085 1435 ccxxx.

339 1494 560 1550 Ardens
592 1493 686 1547 ille
724 1492 974 1547 veritatis
995 1491 1278 1548 studiosus
1305 1493 1562 1563 Cyrillus,
1586 1495 1705 1549 haec
1741 1502 1797 1548 et
1825 1492 1912 1546 his
1945 1492 2259 1563 consimilia
2286 1491 2586 1562 Scripturis
2621 1512 2890 1563 asserens,
2923 1515 3034 1554 non
3069 1501 3233 1557 modo
3265 1502 3526 1560 libenter.

267 1575 330 1619 et
381 1563 785 1635 iucundissime
823 1563 1090 1640 accessit,
1133 1563 1230 1640 sed
1269 1561 1581 1640 etPaulum
1622 1564 1963 1640 Emisenum,
2004 1564 2097 1640 qui
2132 1561 2205 1640 ab_
2249 1561 2368 1640 ipso
2411 1561 2614 1619 missus
2641 1577 2762 1640 erat
2793 1568 2848 1621 in
2875 1561 3095 1640 publico
3122 1581 3264 1626 coetu
3301 1575 3529 1629 concio-

266 1630 805 1757 naturqsitquteet
849 1632 954 1688 sibi
1005 1643 1061 1688 et
1105 1633 1346 1689 mittenti
1384 1634 1589 1704 Cyrillo
1639 1633 1807 1688 fuerit
1845 1630 2149 1696 sententia,
2192 1630 2447 1686 laudibus
2483 1635 2732 1705 excepit,
2765 1645 2821 1690 et
2857 1630 2917 1691 tit
2951 1639 3142 1693 eadem
3175 1642 3526 1706 sentientem,

267 1720 453 1757 marini
476 1718 560 1757 eet
594 1745 607 1757 .

267 1720 607 1774 magntteut.

1692 1771 1859 1840 Idem,
1904 1772 2112 1828 ibidem.

343 1863 574 1946 Doctus,
611 1873 665 1947 et
695 1863 847 1947 pius,
882 1863 1236 1947 minimeque.
1253 1865 1515 1947 vacillans
1543 1864 1779 1947 Cyrillus
1811 1882 1975 1921 unam
2007 1866 2394 1947 docetHVerbi
2419 1876 2693 1933 naturam,
2734 1879 2791 1947 et
2829 1869 2978 1924 illam
3009 1868 3377 1947 ‘incarnatam,
3415 1882 3525 1931 etc.

263 1933 492 2074 Ettqenim
516 1935 682 1988 multa
698 1933 932 2058 'cggitat,
965 1950 1076 1990 non
1122 1933 1328 2000 verbis,
1370 1943 1425 1990 et
1458 1933 1777 1991 nominibus
1804 1951 2028 1991 sensum
2066 1937 2262 2003 credit,
2301 1938 2396 1992 sed
2426 1947 2609 1993 mente
2646 1940 2815 1993 verba
2866 1947 2922 1994 et
2957 1940 3180 1995 nomina
3213 1933 3525 2012 conferens,

263 2017 296 2056 a
363 2019 432 2058 ue
455 2019 734 2059 accommo
774 2019 891 2059 ans.
2541 2047 2552 2062 .

263 2017 432 2059 atoue
455 2017 891 2059 acwmmouans.

1483 2114 3492 2142 Μ

1605 2206 2186 2298 MONITUM

1064 2369 1138 2429 In
1163 2366 1359 2430 libros
1385 2367 1474 2431 De
1506 2364 1877 2426 adoratione
1914 2365 1978 2424 in
2007 2366 2240 2444 spiritu
2283 2376 2341 2430 et
2381 2357 2640 2432 veritate
2667 2370 2774 2454 (1).

329 2492 490 2547 Libri
519 2499 815 2562 sequentes
843 2491 971 2546 inde
1002 2507 1203 2546 nomen
1244 2489 1422 2545 sortiti
1464 2497 1593 2544 sunt
1621 2487 1766 2558 quod
1797 2486 2031 2558 Cyrillus
2073 2489 2128 2543 in
2172 2490 2346 2546 forma
2387 2492 2586 2564 dialogi
2627 2509 2745 2549 eam
2781 2494 3151 2552 difﬁcultatem
3193 2497 3402 2554 solvere
3433 2515 3525 2571 ag-

261 2597 491 2652 gressus
517 2583 605 2648 sit,
639 2599 747 2654 qua
775 2583 1001 2638 tandem
1022 2581 1254 2646 ratione,
1280 2582 1398 2651 lege
1421 2579 1593 2634 veteri
1620 2593 1718 2648 per
1741 2579 1954 2634 Novum
1986 2579 2401 2637 Testamentum
2427 2583 2708 2654 abrogata,
2739 2585 2993 2640 Christus
3024 2586 3222 2641 dixerit
3245 2587 3522 2659 (Matth.v,

266 2675 361 2744 i7)
392 2693 406 2726 :
437 2693 455 2725 ι
489 2674 608 2730 Non
632 2676 758 2730 veni
787 2676 997 2730 solvere
1029 2677 1224 2745 legem,
1257 2672 1350 2726 sed
1376 2669 1712 2740 adimplere;
1747 2688 1766 2721 ι
1804 2677 1859 2723 et
1889 2668 2065 2740 (Joan.
2101 2687 2173 2737 tv,
2213 2671 2302 2744 24)
2337 2691 2350 2726 :
2400 2692 2418 2724 ι
2453 2675 2513 2729 In
2541 2676 2736 2746 spiritu
2766 2686 2821 2732 et
2848 2679 3077 2734 veritate
3106 2680 3278 2734 Deum
3311 2681 3525 2736 Patrem

260 2777 482 2840 oportet
513 2769 762 2825 adorare.
798 2789 818 2822 ι
856 2770 996 2824 Ειιιιι
1032 2770 1087 2824 ἰιι
1127 2768 1290 2823 finem
1317 2767 1520 2837 optime
1552 2765 1731 2830 docet,
1770 2775 2040 2837 praecepta
2071 2768 2207 2839 legis
2240 2769 2506 2837 Mosaicae,
2538 2788 2658 2842 qua:
2686 2773 2754 2828 ab
2787 2774 2948 2829 Israel
2978 2777 3278 2832 secundum
3307 2793 3527 2832 carnem

261 2862 557 2917 observata
595 2872 724 2917 sunt
761 2863 1075 2925 carnaliter,
1103 2877 1135 2915 a
1167 2860 1346 2926 nobis,
1377 2858 1470 2930 qui
1504 2857 1807 2914 secundum
1848 2858 2103 2928 Spiritum
2137 2860 2304 2916 Israel
2339 2878 2530 2918 sumus
2555 2863 2724 2936 (Rom.
2753 2864 2850 2937 ut),
2884 2868 3243 2937 spiritualiter
3274 2885 3396 2926 esse
3425 2870 3527 2925 ob-

256 2953 726 3018 servandarhinc
757 2953 983 3007 umbras
1015 2952 1136 3006 illas
1164 2951 1402 3020 antiquae
1435 2949 1571 3019 legis
1603 2947 1863 3017 penicillo
1891 2948 2126 3016 quodam
2157 2951 2422 3005 orationis
2449 2951 2514 3005 ad
2548 2952 2835 3015 veritatem
2867 2954 3137 3021 eﬁ‘ormat,
3168 2966 3223 3012 et
3257 2958 3527 3013 carnalem

256 3043 414 3099 illum
438 3043 842 3115 ﬁguratumque
871 3045 1079 3098 cultum
1109 3059 1139 3098 a
1162 3041 1310 3096 veris
1331 3041 1428 3096 Dei
1454 3039 1838 3094 adoratoribus
1854 3038 1909 3092 in
1932 3039 2130 3108 spiritu
2154 3050 2208 3096 et
2233 3043 2464 3097 veritate
2482 3043 2670 3113 perfici
2696 3061 2854 3114 posse
2880 3047 3236 3104 demonstrat.
3271 3049 3529 3116 Quamvis

254 3149 443 3196 autem
474 3139 724 3193 omnium
757 3139 870 3195 fere
898 3139 1065 3193 Mosis
1104 3138 1374 3192 librorum
1415 3136 1672 3208 mysteria
1707 3135 1764 3188 in
1791 3134 1880 3188 bis
1908 3135 2067 3190 libris
2104 3137 2440 3206 aperiantur,
2469 3154 2579 3192 non
2620 3148 2800 3194 tamen
2831 3143 3078 3198 eamdem
3113 3145 3332 3209 seriem,
3366 3161 3529 3214 quam

255 3235 313 3288 in
349 3233 653 3289 scribendo
679 3233 858 3288 tenuit
892 3233 1089 3296 Moses,
1125 3231 1182 3285 in
1215 3229 1539 3299 explicando
1575 3236 1798 3283 secutus
1832 3235 1918 3282 est
1940 3227 2195 3299 Cyrillus,
2227 3229 2323 3284 sed
2361 3245 2522 3284 suum
2558 3234 2847 3300 quemdam
2883 3235 3130 3290 ordinem
3165 3237 3421 3301 servavit,
3455 3237 3528 3291 ita

257 3335 316 3380 ut
345 3327 508 3398 prius
538 3335 856 3398 argumenta
889 3324 1136 3396 quadam
1167 3331 1315 3378 certa
1353 3328 1641 3390 proponat,
1677 3328 1792 3374 tum
1824 3318 1943 3374 loca
1973 3320 2266 3390 Scripturte
2295 3322 2444 3376 varia
2475 3338 2599 3376 cum
2635 3323 2742 3377 illis
2777 3326 3112 3395 argumentis
3148 3327 3531 3382 convenientia

253 3435 284 3474 e
314 3417 561 3473 diversis
595 3417 891 3487 Scriptura
922 3416 1080 3470 libris
1113 3414 1332 3484 colligat
1360 3427 1424 3466 ac
1451 3412 1704 3482 explicet.
1735 3411 1905 3480 Igitur
1924 3420 2214 3481 postquam
2254 3413 2322 3468 de
2358 3414 2514 3484 lapsu
2560 3415 2800 3470 hominis
2838 3417 2894 3470 in
2930 3427 3212 3486 peccatum
3248 3419 3528 3483 disseruit,

252 3509 564 3580 sunjungit,
605 3507 808 3562 debere
844 3507 1143 3571 hominem,
1183 3506 1331 3576 quod
1377 3522 1532 3575 azque
1563 3505 1861 3575 gloriosum
1907 3519 1972 3559 ac
2016 3505 2150 3560 utile
2193 3505 2285 3570 sit,
2327 3506 2563 3576 peccatis
2607 3507 2913 3562 valedicere
2969 3517 3025 3561 et
3076 3508 3143 3561 ad
3189 3509 3529 3563 honestatem

254 3601 516 3666 transire,
559 3600 765 3655 diaboli
802 3602 991 3670 jugum
1028 3608 1291 3655 excutere
1329 3609 1385 3654 et
1421 3599 1597 3669 legem
1633 3599 1875 3653 divinam
1915 3597 2093 3668 sequi,
2135 3606 2324 3668 utpote
2370 3614 2491 3668 qua:
2530 3599 2596 3653 ad
2641 3614 2825 3653 veram
2875 3599 3188 3654 libertatem
3232 3615 3333 3654 nos
3373 3607 3533 3656 vocat

255 3690 379 3760 (lib.
413 3691 482 3763 l);
532 3691 680 3747 istud
730 3700 913 3745 autem
965 3685 1344 3744 tantummodo
1387 3705 1487 3758 per
1535 3691 1766 3759 gratiam
1803 3689 2030 3754 Christi,
2062 3698 2117 3743 et
2168 3705 2278 3744 non
2325 3704 2423 3759 per
2463 3689 2637 3760 legem
2677 3689 2964 3744 Mosaicam
3017 3689 3226 3744 homini
3274 3691 3532 3760 possibile

252 3783 416 3837 reddi
450 3783 570 3854 (lib.
597 3798 636 3837 ιι
665 3791 720 3836 et
745 3781 848 3852 ιιι),
877 3780 1040 3836 simul
1078 3788 1260 3834 tamen
1297 3779 1509 3833 ﬁrmam
1543 3779 1783 3833 hominis
1813 3779 2138 3834 voluntatem
2171 3779 2448 3847 animique
2488 3778 2866 3834 fortitudinem
2902 3778 3107 3850 requiri
3133 3778 3249 3852 (lib.
3282 3796 3335 3834 tv
3370 3789 3425 3834 et
3454 3777 3527 3850 v).

254 3871 482 3928 Initium
524 3889 660 3928 vero
703 3881 760 3928 et
807 3872 1225 3926 fundamentum
1267 3871 1460 3926 salutis
1499 3871 1752 3926 humanae
1793 3871 1956 3926 docet
1988 3886 2108 3926 esse
2149 3871 2308 3939 ﬁdem
2348 3871 2404 3925 in
2446 3887 2616 3926 unum
2647 3888 2839 3926 verum
2879 3874 3050 3928 Deum
3101 3888 3209 3925 una
3249 3887 3374 3926 cum
3412 3873 3533 3941 ejus

257 3963 536 4018 dilectione
562 3965 682 4034 (lib.
711 3963 808 4034 vi),
845 3965 935 4019 cui
967 3974 1115 4020 recte
1151 3963 1399 4035 adjungit
1436 3964 1787 4018 dilectionem
1821 3965 2076 4035 proximi,
2113 3979 2343 4033 eamque
2357 3964 2671 4033 plurimum
2695 3965 3040 4018 commendat
3071 3963 3168 4035 (lib
3214 3981 3286 4018 vn
3313 3973 3370 4018 et
3391 3963 3528 4034 vm).

253 4056 350 4111 His
383 4057 641 4111 decursis
673 4058 823 4128 leges
857 4058 926 4112 de
961 4057 1334 4120 tabernaculo,
1366 4056 1434 4110 de
1479 4056 1855 4110 sacerdotibus
1893 4064 2056 4125 atque
2097 4056 2278 4109 levitis
2323 4055 2661 4120 considerat;
2710 4069 2775 4109 ac
2818 4054 2995 4124 primo
3042 4052 3264 4122 quidem
3307 4059 3532 4106 cunctas

253 4147 400 4221 leges
438 4148 505 4203 ad
557 4149 972 4205 tabernaculum
1009 4149 1237 4219 ejusque
1274 4147 1455 4202 varias
1495 4154 1698 4216 partes,
1733 4161 1947 4201 necnon
1996 4147 2063 4201 ad
2118 4147 2584 4200 constructionem
2635 4154 2691 4200 et
2757 4144 3242 4200 sanctificationem
3284 4142 3530 4214 ejusdem

251 4247 621 4317 pertinentes,
658 4246 726 4300 ad
767 4245 1062 4300 Ecclesium
1112 4243 1470 4299 Christianam
1514 4245 1742 4314 ejusque
1787 4242 2159 4297 institutiones
2202 4241 2369 4296 refert
2412 4241 2530 4313 (lib.
2572 4257 2624 4294 rx
2673 4253 2730 4296 et
2767 4237 2859 4311 x);
2907 4241 3034 4295 dein
3083 4255 3423 4310 quaecunque
3460 4239 3529 4294 de

253 4341 642 4396 sacerdotibus
675 4349 731 4396 et
764 4340 1050 4395 sacrificiis
1083 4339 1321 4409 antiqua
1350 4339 1487 4410 legis
1523 4339 1817 4394 constituta
1854 4338 2091 4403 fuerant,
2125 4338 2180 4391 in
2221 4337 2528 4392 sacerdotio
2565 4336 2700 4392 Novi
2738 4336 2981 4391 Fozderis
3009 4335 3285 4405 implenda
3313 4335 3531 4405 egregie

253 4438 528 4486 monstrat
562 4431 683 4499 (lib.
710 4446 764 4483 ιι
792 4438 850 4483 et
877 4427 995 4498 ιιι),
1026 4444 1147 4498 quae
1181 4438 1363 4482 autem
1403 4427 1470 4482 de
1514 4427 1695 4482 levitis
1732 4427 1787 4481 in
1825 4427 1944 4497 lege
1980 4425 2151 4480 veteri
2187 4427 2576 4492 continentur,
2611 4427 2924 4498 singillatim
2965 4427 3198 4495 explicat
3231 4427 3300 4480 de
3339 4426 3406 4480 iis
3436 4427 3530 4496 qui

252 4522 445 4577 divino
484 4521 798 4575 ministerio
833 4520 889 4573 in
929 4519 1082 4574 Novo
1112 4519 1464 4573 Testamento
1493 4532 1552 4572 se
1591 4519 1971 4586 manciparunt
2013 4518 2135 4590 (lib.
2169 4518 2304 4591 mn).
2335 4519 2474 4573 Hinc
2505 4519 2571 4574 ad
2607 4529 2809 4574 emtum
2840 4517 3080 4573 ﬁdelium
3119 4534 3434 4583 conversus,
3464 4535 3532 4574 ex

251 4612 528 4666 munditia
577 4613 632 4665 in
677 4611 799 4682 lege
837 4611 966 4665 olim
1011 4610 1329 4680 praescripta
1373 4607 1556 4662 cordis
1603 4609 1838 4676 vitaeque
1879 4609 2174 4676 puritatem
2214 4609 2472 4664 omnibus
2507 4609 2601 4680 qui
2645 4610 2702 4663 in
2741 4609 2974 4664 ecclesia
3013 4615 3138 4662 ante
3175 4621 3529 4678 conspectum

249 4703 470 4757 Domini
507 4703 760 4766 veniunt,
798 4700 1164 4755 necessariam
1206 4713 1326 4752 esse
1369 4697 1608 4752 ostendit
1643 4698 1760 4770 (lib.
1798 4697 1932 4770 xrv),
1971 4699 2244 4770 simulque
2285 4716 2352 4754 ex
2387 4701 2496 4754 ritu
2533 4700 2923 4754 sacriﬁciorum
2954 4700 3167 4755 Veteris
3200 4700 3530 4757 Testamenti

253 4793 498 4848 declarat
533 4809 642 4862 qua
675 4793 888 4846 ratione
919 4792 1083 4845 homo
1118 4791 1231 4859 per;
1259 4788 1542 4844 Christum
1580 4788 1638 4842 in
1671 4788 1790 4843 dies
1841 4788 2012 4858 magis
2050 4789 2372 4858 puriﬁcetur
2409 4799 2465 4845 et
2506 4787 2878 4843 sanctiﬁcctur
2917 4787 3036 4860 (lib.
3073 4788 3182 4861 xv).
3224 4789 3360 4845 Cum
3401 4809 3534 4849 vero

252 4887 479 4976 iustitia;
511 4885 781 4954 perfectio
819 4884 875 4937 in
917 4899 985 4938 eo
1027 4882 1312 4947 consistat,
1345 4889 1408 4936 ut
1449 4881 1614 4935 homo
1659 4881 2014 4952 semetipsum
2077 4881 2188 4936 Deo
2232 4882 2288 4935 in
2324 4881 2581 4936 omnibus
2621 4881 2854 4936 hostiam
2896 4883 3094 4947 vivam,
3126 4892 3389 4950 sanctam,
3421 4885 3534 4941 Deo

258 4971 567 5045 placentem
597 4974 813 5040 offerat,
846 4974 992 5029 istud
1022 4989 1241 5044 quoque
1269 4989 1337 5027 ex
1363 4971 1740 5027 oblationibus
1783 4973 1919 5044 legis
1951 4973 2198 5028 Mosaica:
2234 4989 2336 5028 nos
2372 4983 2520 5029 recte
2549 4973 2835 5028 instituere
2866 4972 3029 5027 docet
3059 4973 3178 5045 (lib.
3216 4976 3345 5048 xvi).
3375 4975 3531 5042 Quod

260 5070 300 5122 si
328 5069 500 5123 homo
539 5083 604 5122 ea
639 5067 854 5121 ratione
879 5067 1182 5122 Ecclesiam
1205 5064 1412 5121 Christi
1443 5067 1720 5136 ingressus
1753 5066 1919 5120 vitam
1951 5066 2070 5121 labe
2100 5081 2295 5136 puram
2321 5076 2484 5136 atque
2512 5064 2809 5135 perfectam
2833 5067 2945 5122 Deo
2968 5067 3254 5134 dicaverit,
3281 5070 3533 5124 mercede

264 5179 468 5218 summa
509 5165 758 5234 potietur
791 5163 846 5216 in
874 5171 1076 5216 aeterna
1105 5160 1467 5226 beatitudine,
1496 5177 1657 5230 quam
1687 5161 1998 5216 Iudaeorum
2029 5162 2301 5216 solemnes
2327 5161 2650 5216 festivitates
2683 5177 2750 5216 ex
2777 5163 2872 5218 Dei
2905 5164 3188 5219 voluntate
3217 5162 3532 5237 praefigura-

266 5254 390 5311 bant
422 5259 541 5328 (lib.
582 5244 837 5325 xvn).l—
870 5256 1282 5326 Amplissimum
1323 5255 1426 5310 hoc
1471 5269 1628 5324 opus,
1675 5256 1874 5326 insigni
1921 5256 2154 5326 quadam
2199 5264 2315 5311 arte
2360 5256 2707 5326 dispositum,
2739 5257 2939 5313 merito
2972 5269 3200 5316 vocatur
3240 5259 3530 5314 thesaurus

269 5349 666 5414 expositionum
701 5345 1117 5416 allegoricarum
1159 5353 1215 5399 et
1253 5345 1546 5399 veritatum
1590 5347 1881 5426 moralium
1925 5346 2026 5419 (2),
2067 5363 2178 5417 quo
2221 5347 2477 5402 universa
2520 5347 2605 5401 lex
2648 5348 2880 5403 Mosaica
2924 5364 3086 5404 sensu
3124 5352 3354 5421 mystico
3389 5347 3528 5404 scite

263 5442 583 5508 explicatur,
611 5451 669 5498 et
694 5442 822 5495 vita:
852 5439 1154 5509 spiritualis
1185 5455 1285 5508 per
1315 5439 1544 5510 gratiam
1571 5438 1774 5494 Christi
1810 5447 1943 5495 acta:
1971 5438 2211 5506 initium,
2244 5439 2522 5509 profectus
2552 5455 2616 5494 ac
2646 5440 2772 5494 finis
2797 5441 3146 5496 describitur.

555 5578 1478 5664 institationibus“Eutrologitejos.
1511 5579 1741 5664 Fegsler.
1777 5579 2086 5651 OEniponte
2118 5579 2276 5648 1851,
2309 5581 2364 5636 in
2395 5580 2470 5647 8°,
2508 5588 2638 5634 tom.
2673 5579 2737 5644 II,
2769 5595 2823 5648 ρ.
2854 5579 2975 5634 558.

330 5648 406 5714 (Ξ)
448 5649 522 5704 Ita
557 5650 878 5714 Tillcmont,
907 5663 961 5716 p.
987 5649 1109 5714 67f,
1143 5659 1199 5704 et
1222 5648 1463 5713 Coillier,
1497 5665 1550 5723 p.
1580 5648 1702 5704 954.
