4024 6220
510 238 611 295 155

1535 229 1592 286 S.
1633 227 1907 286 CYRILLI
1945 225 2414 284 ALEXANDRINI
2453 225 2772 284 ARCHIEP.

3666 224 3764 284 158

507 357 624 413 lum
654 364 709 410 et
729 363 897 416 terra,
953 354 1045 407 ota
1074 363 1247 405 unum
1287 355 1382 401 aut
1404 363 1549 402 unus
1597 363 1736 417 apex
1793 363 1902 403 non
1937 363 2073 419 pra:-

2188 348 2263 419 μὴ
2284 345 2529 420 παρέλθῃ
2553 344 2661 399 ἀπὸ
2687 343 2783 399 τοῦ
2823 342 3011 414 νόμου,
3037 341 3144 406 ἕως
3171 341 3240 398 ἀν
3261 339 3440 398 πάντα
3461 338 3710 409 γένηται.
3738 359 3760 395 ι

507 446 700 503 teribit
730 446 925 516 alege,
963 443 1141 498 donec
1194 440 1380 495 omnia
1423 438 1556 494 ﬁant
1592 441 1634 492 ¹.
1675 459 1693 491 ι
1743 439 1804 493 In
1862 439 2087 495 Joannis

506 546 771 610 praeterea
792 534 1072 591 volumine
1099 532 1165 586 ad
1183 532 1470 586 mulierem
1488 530 1911 586 Samaritanam:
1938 528 2086 584 «Mu-

504 629 626 692 lier,
665 627 831 682 crede
858 625 1016 688 mihi,
1057 623 1187 692 quia
1241 621 1395 676 venit
1448 619 1604 685 hora,
1653 619 1870 690 quando
1907 633 2086 688 neque

504 718 561 772 in
594 727 779 772 monte
807 717 931 780 hoc,
990 729 1169 784 neque
1204 712 1598 782 Hierosolymis
1638 710 1941 765 adorabitis
1986 710 2087 764 Pa-

465 835 470 840 ι
507 816 664 862 trem.
702 807 813 863 Vos
841 806 1084 861 adoratis
1135 805 1284 875 quod
1336 803 1746 869 nescitispnos
1795 802 2086 857 adoramus

503 899 650 970 quod
686 899 920 964 scimus;
963 897 1093 968 quia
1128 898 1277 951 salus
1304 912 1372 951 ex
1409 894 1615 950 Iudaeis
1661 903 1766 948 est.
1802 893 1909 949 Sed
1934 893 2086 948 venit

503 991 660 1055 hora,
696 1000 753 1046 et
779 1005 927 1044 nunc
953 998 1056 1054 est,
1095 988 1316 1058 quando
1347 988 1466 1043 veri
1514 986 1836 1042 adoratores
1885 985 2083 1040 adora-

503 1083 643 1138 bunt
668 1085 884 1138 Patrem
928 1083 986 1136 in
1035 1081 1234 1150 spiritu
1263 1090 1320 1135 et
1358 1079 1616 1135 veritate.
1649 1079 1784 1133 Nam
1829 1086 1885 1132 et
1925 1078 2085 1131 Pater

504 1174 642 1227 tales
660 1174 888 1244 quaerit,
917 1172 1012 1241 qui
1047 1171 1286 1226 adorent
1329 1185 1477 1224 eum.
1517 1168 1756 1238 Spiritus
1783 1175 1868 1222 est
1913 1167 2078 1232 Deus,

503 1267 560 1312 et
599 1274 697 1313 eos
755 1259 849 1328 qui
908 1258 1144 1312 adorant
1203 1274 1352 1324 eum,
1387 1257 1444 1310 in
1505 1255 1703 1326 spiritu
1765 1263 1823 1311 et
1853 1255 2081 1310 veritate

504 1357 723 1418 oportet
751 1349 982 1403 adorare
1012 1350 1054 1402 ’.
1087 1367 1105 1400 ι

572 1439 730 1496 CYR.
755 1439 897 1506 Quid
929 1454 1062 1494 vero
1104 1437 1206 1492 tibi
1244 1437 1301 1491 in
1351 1438 1438 1492 his
1481 1437 1665 1493 verbis
1692 1451 1812 1491 esse
1841 1423 2083 1490 arduum

501 1529 746 1595 videtur,
787 1529 920 1600 quid
953 1529 1252 1584 obscurum
1279 1535 1337 1582 et
1372 1528 1653 1582 intellectu
1685 1525 1940 1581 diﬁicile?
1969 1525 2078 1592 dic,

501 1635 636 1692 rogo
664 1629 734 1675 te.

2204 439 2291 492 ’Ev
2317 438 2374 492 δέ
2402 455 2465 507 γε
2491 439 2558 508 τῇ
2585 435 2727 490 κατὰ
2749 435 2838 490 τὸν
2879 434 3132 505 Ἰωάννην
3162 435 3478 506 συγγραφῇ,
3505 433 3642 506 πρὸς
3666 435 3766 507 τὴν

2188 531 2252 583 ἐκ
2275 529 2377 600 τῆς
2412 527 2724 599 Σαμαρείας
2749 528 3000 596 γυναῖκα’
3033 543 3050 577 ι
3080 526 3308 579 Πίστευέ
3335 543 3446 597 μοι,
3475 525 3654 596 γύναι,
3685 529 3765 583 δτ.

2187 620 2405 692 ἔρχεται
2456 620 2597 692 ὥρα,
2646 623 2734 676 ὅτε
2772 619 2895 674 οὔτε
2931 621 2989 673 ἐν
3033 619 3112 690 τῷ
3143 618 3263 690 δρει
3302 618 3475 690 τούτῳ
3499 658 3515 684 ,
3553 619 3678 674 οὔτε
3708 622 3767 676 ἐν

2197 711 2586 784 Ἰεροσολύμοις
2607 712 3013 784 προσκυνήσετε
3038 711 3115 783 τῷ
3144 710 3345 782 Πατρί.
3381 710 3571 782 Ὑμεῖς
3599 729 3764 784 προσ-

2187 804 2401 856 κυνεῖτε
2442 802 2470 856 ὃ
2499 801 2600 856 οὐκ
2621 801 2822 855 οἴδατε⁹
2841 803 3004 872 ἡμεῖς
3029 801 3442 872 προσκυνοῦμεν
3465 801 3495 854 ὃ
3518 800 3760 873 οἴδαμεν,

2185 893 2267 946 ὅτι
2291 894 2324 964 ή
2349 893 2591 965 σωτηρία
2619 895 2686 947 ἐκ
2711 893 2819 946 τῶν
2857 892 3129 948 Ἰουδαίων
3154 893 3322 946 ἐστίν.
3356 892 3518 946 Ἀλλά
3545 893 3763 964 ἔρχεται

2185 985 2335 1056 ὥρα,
2371 986 2466 1039 καὶ
2509 986 2605 1040 νῦν
2647 988 2817 1052 ἐστιν,
2863 987 2957 1038 ὅτε
2991 985 3040 1039 οί
3091 984 3338 1056 ἀληθινοὶ
3391 986 3766 1058 προσκυνηταὶ

2185 1079 2616 1150 προσκυνήσουσι
2646 1078 2725 1148 τῷ
2766 1078 2944 1149 Πατρὶ
2989 1079 3046 1132 ἐν
3081 1077 3354 1150 πνεύματι
3387 1080 3480 1132 καὶ
3510 1079 3761 1150 ἀληθεία.

2184 1168 2296 1222 Καὶ
2321 1169 2428 1240 γάρ
2453 1171 2481 1222 ὁ
2513 1169 2702 1241 Πατὴρ
2721 1169 2995 1233 τοιούτους
3017 1169 3167 1241 ζητεῖ
3179 1170 3308 1234 τοὺς
3328 1172 3765 1243 προσκυνοῦντας

2184 1259 2365 1314 αὐτόν.
2391 1260 2616 1331 Πνεῦμα
2634 1263 2662 1315 ὁ
2683 1261 2834 1326 Θεὸς,
2862 1263 2956 1315 καὶ
2979 1264 3106 1326 τοὺς
3125 1262 3561 1334 προσκυνοῦντας
3579 1264 3762 1334 αὑτὸν,

2183 1351 2240 1404 ἐν
2265 1351 2534 1422 πνεύματι
2566 1353 2662 1406 καὶ
2687 1356 2754 1425 τῇ
2785 1352 3012 1424 ἀληθείᾳ
3034 1353 3114 1406 δεῖ
3139 1355 3484 1426 προσκυνεῖν.
3525 1374 3545 1408 ι

2251 1442 2414 1495 ΚΥΡ.
2448 1439 2580 1495 Εἶτα
2614 1443 2668 1497 τί
2700 1442 2761 1496 τὺ
2790 1443 3017 1506 ἄναντες
3061 1439 3202 1498 εἷναί
3233 1462 3314 1498 σοι
3345 1445 3554 1513 δοκοῦν,
3594 1447 3671 1512 ὡς
3704 1447 3762 1502 έν

2182 1549 2245 1601 γε
2277 1533 2339 1605 δὴ
2381 1534 2632 1601 τούτοις;
2669 1535 2820 1589 Τίδέ
2862 1537 2927 1608 δὴ
2971 1537 3032 1591 τὸ
3078 1535 3214 1608 βαθὺ
3257 1539 3353 1592 καὶ
3401 1538 3758 1608 δυσέφικτον;

2183 1625 2426 1696 ἐρομένῳ
2452 1626 2680 1696 φράσον.
3758 1654 3762 1659 ·

570 1713 772 1768 PALL.
834 1713 880 1768 A
929 1714 1214 1770 veteribus
1263 1713 1485 1784 quidem
1536 1713 1737 1768 ritibus
1774 1712 2073 1779 discedere,

2257 1714 2464 1767 IIAAA.
2515 1714 2685 1768 Ἐθῶν
2725 1715 2824 1786 μὲν
2861 1717 2970 1770 τῶν
3017 1717 3386 1790 ἀρχαιοτέρων
3435 1719 3761 1794 ἀποφοιτᾷν,

498 1812 555 1859 et
589 1805 658 1859 ab
693 1820 758 1860 ea
797 1821 918 1874 quae
963 1805 1267 1860 secundum
1310 1806 1512 1876 Legem
1563 1813 1649 1860 est
1694 1806 1911 1876 justitia
1960 1820 2081 1860 ces-

499 1911 642 1962 sare,
684 1912 853 1952 sacra:
878 1897 1042 1951 nobis
1073 1896 1299 1952 Littera:
1332 1896 1680 1966 praecipiunt.
1713 1896 1786 1950 Iis
1810 1896 1956 1950 enim
1986 1895 2080 1965 qui

500 1993 557 2046 in
587 2007 706 2047 eam
742 1993 909 2046 etiam
962 2003 1088 2062 post
1119 2002 1438 2063 perceptam
1497 1992 1661 2046 ﬁdem
1718 1992 2077 2057 inclinabant,

499 2082 706 2137 Paulus
738 2081 962 2136 dicebat
989 2099 1000 2134 :
1045 2101 1062 2134 ι
1089 2083 1354 2137 Evacuati
1393 2082 1531 2136 estis
1561 2097 1591 2136 a
1620 2080 1866 2146 Christo,
1899 2082 1992 2151 qui
2023 2082 2080 2136 in

500 2171 642 2243 Lege
690 2171 1093 2244 justiﬁcamini,
1124 2189 1154 2226 a
1200 2173 1376 2243 gratia
1427 2172 1727 2228 excidistis.
1769 2171 1881 2226 Nos
1932 2173 2080 2227 enim

497 2263 698 2332 spiritu
727 2279 794 2318 ex
835 2261 941 2318 ﬁde
970 2278 1123 2333 spem
1150 2263 1377 2333 iustitia:
1404 2271 1788 2334 exspectamus
1826 2263 1865 2316 ³.
1894 2281 1913 2314 ι
1942 2262 2079 2318 Cum

499 2369 628 2409 vero
654 2354 725 2410 ob
759 2355 926 2409 vitam
957 2356 1258 2409 secundum
1290 2354 1494 2424 Legem
1529 2355 1835 2409 institutam
1859 2370 2081 2426 magnas

498 2445 662 2500 licere
716 2461 919 2515 easque
957 2446 1250 2515 praeclaras
1305 2445 1510 2499 habere
1563 2445 1836 2516 gloriandi
1886 2461 2080 2500 causas

496 2537 771 2601 ostendat,
834 2538 911 2601 ait
943 2553 1175 2592 rursus:
1222 2536 1392 2603 «Quae
1431 2536 1568 2590 mihi
1623 2536 1852 2593 fuerunt
1900 2539 2074 2605 lucra,

496 2630 612 2685 haac
642 2629 948 2684 arbitratus
979 2645 1101 2684 sum
1131 2637 1362 2700 prOpter
1401 2629 1680 2686 Christum
1725 2631 2072 2689 detrimenta.

500 2724 700 2780 Verum
745 2721 911 2777 etiam
958 2722 1214 2777 existimo
1253 2722 1438 2777 omnia
1495 2722 1889 2779 detrimentum
1955 2739 2076 2780 esse

495 2820 719 2882 propter
771 2812 1108 2867 eminentem
1163 2813 1450 2868 scientiam
1479 2812 1722 2867 'Domini
1788 2814 1896 2869 mei
1945 2814 2075 2869 Jesu

495 2901 720 2966 Christi,
767 2911 996 2973 propter
1016 2919 1180 2972 quem
1210 2903 1459 2958 omnium
1505 2902 1898 2958 detrimentum
1945 2905 2072 2970 feci,

495 3005 549 3049 et
581 2995 822 3050 arbitror
852 3005 1118 3061 stercora,
1160 3003 1221 3050 ut
1277 2994 1560 3050 Christum
1600 2995 1965 3063 Iucrifaciam,
2019 3005 2076 3051 et

2185 1807 2405 1877 καὶτῆς
2451 1808 2508 1860 ἐν
2549 1806 2718 1877 Νόμῳ
2740 1807 3084 1878 δικαιοσύνης
3131 1809 3432 1880 καταλῆξαι
3475 1811 3586 1866 δεῖν
3618 1812 3765 1884 ἱερὸς

2182 1897 2314 1965 ἡμῖν
2343 1896 2619 1950 ἐπιτάττει
2646 1895 2821 1966 λόγος.
2867 1899 3010 1969 Ἔφη
3045 1898 3102 1951 δὲ
3120 1902 3148 1952 ό
3176 1899 3387 1964 Παῦλος
3417 1903 3529 1964 τοῖς
3556 1902 3764 1974 ταύτης

2181 1983 2489 2053 ἐφιεμένοις
2519 1985 2614 2038 καὶ
2647 1984 2785 2054 μετά
2804 1985 2902 2056 τὴν
2927 1986 3128 2040 πίστιν·
3168 2005 3186 2038 ι
3222 1989 3622 2061 Κατηργήθητε
3653 1993 3763 2047 ἀπὺ

2180 2073 2272 2126 τοῦ
2307 2074 2565 2145 Χριστοῦ,
2595 2076 2789 2138 οἵτινες
2819 2077 2877 2130 ἐν
2909 2077 3078 2147 Νόμῳ
3110 2076 3418 2131 δικαιοῦσθε
3439 2119 3452 2144 ,
3483 2081 3582 2152 τῆς
3605 2083 3762 2155 χάρι-

2179 2181 2272 2228 τος
2318 2165 2631 2232 ἐξεπέσατε.
2691 2165 2880 2236 Ἡμεῖς
2926 2166 3036 2238 γὰρ
3085 2167 3359 2240 πνεύματι
3404 2169 3469 2223 ἐκ
3524 2171 3762 2238 πίστεως

2180 2254 2368 2308 ἐλπίδα
2398 2255 2742 2328 δικαιοσύνης
2763 2257 3193 2328 ἀπεκδεχόμεθα.
3226 2278 3242 2310 ι
3277 2259 3556 2324 Πολιτείας
3580 2261 3640 2314 δέ
3661 2259 3763 2330 τῆς

2179 2346 2321 2399 κατὰ
2346 2346 2438 2399 τὸν
2464 2347 2667 2418 Νόμον,
2691 2347 2784 2400 καί
2799 2364 2877 2401 τοι
2903 2347 3128 2419 λαμπρά
3153 2350 3248 2403 καὶ
3272 2350 3479 2421 μεγάλα
3499 2352 3758 2406 δεικνύων

2179 2439 2309 2510 ἡμῖν
2346 2439 2430 2508 ἐφ’
2461 2439 2635 2510 ἐαυτῷ
2658 2440 2728 2493 τά
2754 2441 3068 2512 αὐχήματα,
3097 2441 3256 2496 πάλιν
3277 2444 3462 2513 φησιν·
3507 2463 3527 2497 ι
3566 2446 3760 2500 Ἀτινα

2176 2525 2244 2601 ἦν
2277 2548 2364 2601 μοι
2389 2531 2576 2603 κέρδη,
2603 2531 2777 2586 ταῦτα
2799 2533 3014 2604 ἥγημαι
3041 2533 3130 2587 διὰ
3157 2534 3248 2587 τὸν
3275 2535 3508 2604 Χριστὸν
3532 2536 3753 2608 ζημίαν.

2190 2622 2348 2675 Ἀλλά
2381 2623 2644 2694 μενοῦνγε
2677 2626 2770 2678 καὶ
2799 2624 3038 2695 ἡγοῦμαι
3087 2624 3154 2678 τά
3200 2625 3376 2680 πάντα
3410 2626 3633 2698 ζημίαν,
3668 2629 3758 2685 διὰ

2175 2715 2236 2768 τὸ
2273 2715 2537 2787 ὑπερέχον
2565 2717 2667 2787 τῆς
2711 2716 2964 2786 γνώσεως
2994 2719 3087 2772 τοῦ
3120 2719 3324 2792 Κυρίου
3365 2721 3520 2792 ἡμῶν
3583 2722 3757 2795 Ἰησοῦ

2175 2805 2434 2876 Χριστοῦ,
2479 2806 2545 2859 δι’
2585 2807 2645 2861 ὃν
2686 2808 2754 2862 τὰ
2801 2807 2980 2863 πάντα
3017 2807 3352 2882 ἐζημιώθην,
3384 2812 3476 2864 καὶ
3513 2811 3753 2883 ἡγοῦμαι
3801 2817 3838 2840 ’ί

2178 2897 2419 2952 σκύϐαλα
2449 2893 2610 2966 εῖναι,
2643 2898 2731 2953 ἵνα
2763 2900 2996 2970 Χριστὸν
3034 2901 3304 2972 κερδήσω,
3336 2903 3428 2956 καὶ
3458 2903 3666 2974 εὑρεθῶ
3693 2906 3750 2957 ἐν

2176 2989 2323 3060 αὐτῷ
2348 2990 2423 3060 μὴ
2439 2989 2576 3061 έχων
2598 2989 2737 3062 ἐμὴν
2760 2991 3128 3065 δικαιοσύνην,
3159 2992 3258 3063 τὴν
3287 2995 3351 3046 ἐκ
3377 2994 3586 3063 Νόμου,
3618 2995 3755 3050 ἀλλά

495 3083 745 3140 inveniar
771 3087 829 3139 in
852 3086 975 3156 ipso
1014 3103 1125 3142 non
1179 3087 1390 3142 habens
1432 3089 1916 3160 meamjustitiam,
1952 3105 2073 3160 qua:

2180 3082 2276 3153 τὴν
2300 3084 2364 3136 ἐκ
2388 3083 2625 3147 πίστεως
2670 3083 2928 3154 Χριστοῦ,
2954 3086 3052 3156 τὴν
3081 3087 3144 3139 ἐκ
3173 3085 3310 3139 Θεοῦ
3336 3086 3699 3160 δικαιοσύνην.
3731 3108 3750 3142 ι

495 3191 565 3230 ex
591 3177 711 3247 lege
747 3186 856 3242 est,
882 3177 977 3232 sed
1013 3178 1184 3255 illam,
1214 3195 1335 3249 qua:
1363 3195 1430 3232 ex
1459 3179 1565 3234 ﬁde
1591 3194 1676 3235 est
1701 3180 1927 3246 Christi,
1953 3197 2073 3252 qua}

493 3282 561 3321 ex
598 3268 711 3322 Deo
767 3277 853 3324 est
887 3269 1099 3340 justitia
1135 3270 1175 3324 ⁸.
1204 3290 1221 3321 ι
1283 3271 1453 3325 Vetus
1507 3279 1691 3326 autem
1741 3272 1878 3327 illud
1914 3288 2072 3327 man-

493 3359 680 3414 datum
713 3376 822 3415 non
838 3360 1064 3415 omnino
1092 3361 1252 3431 culpa
1287 3378 1506 3428 vacare,
1546 3364 1835 3419 manifeste
1868 3365 2072 3419 conﬁr-

493 3454 679 3508 mavit.
710 3455 948 3524 Ideoque
979 3455 1161 3525 inquit
1187 3455 1333 3510 illius
1355 3456 1406 3526 3
1432 3457 1792 3512 loco’novum
1818 3458 1925 3513 hoc
1972 3473 2072 3528 per

492 3543 798 3609 Christum,
843 3546 900 3600 id
946 3553 1050 3611 est,
1085 3548 1468 3617 evangelicum
1509 3549 1722 3603 utiliter
1757 3549 2067 3604 inductum.

495 3633 588 3689 Sic
616 3636 764 3689 enim
807 3635 1048 3691 scribit:
1081 3656 1099 3688 ι
1129 3637 1470 3707 Reprobatio
1504 3639 1731 3707 quidem
1764 3638 1826 3692 ﬁt
1866 3654 2072 3709 praace-

493 3728 678 3783 dentis
712 3727 994 3793 mandati,
1042 3739 1268 3798 propter
1305 3728 1680 3785 inﬁrmitatem
1726 3732 1846 3802 ejus
1896 3739 1954 3785 et
1981 3731 2070 3785 iu-

495 3820 815 3875 utilitatem.
872 3821 1024 3876 Nihil
1057 3821 1204 3876 enim
1231 3822 1297 3877 ad
1335 3822 1640 3892 perfectum
1679 3825 1905 3879 adduxit
1934 3825 2068 3890 Lex,

493 3911 588 3968 sed
615 3912 960 3970 introductio
990 3913 1238 3968 melioris
1279 3915 1418 3984 spei,
1449 3931 1550 3984 per
1592 3931 1754 3985 quam
1792 3915 2068 3984 proxima-

491 4021 617 4060 mus
637 4005 708 4059 ad
739 4005 916 4060 Deum
950 4005 1022 4058 ’.ι
1056 4006 1124 4060 Et
1157 4005 1360 4060 iterum
1387 4025 1400 4060 :
1438 4025 1455 4058 ι
1483 4005 1540 4061 Si
1570 4007 1715 4062 enim
1741 4006 1892 4077 prius
1931 4007 2070 4062 illud

490 4097 650 4164 culpa
687 4107 958 4162 vacasset,
987 4112 1097 4151 non
1131 4098 1323 4168 utique
1358 4097 1588 4153 secundi
1632 4099 1786 4153 locus
1819 4099 2068 4168 inquire-

491 4198 666 4242 retur.
710 4188 1041 4258 Vituperans
1066 4190 1214 4244 enim
1265 4205 1363 4245 eos
1407 4190 1588 4246 dicit:
1631 4191 1770 4246 Ecce
1821 4191 1940 4246 dies
1970 4207 2068 4246 ve-

490 4278 672 4344 niunt,
714 4279 852 4334 dicit
904 4281 1191 4348 Dominus,
1246 4291 1304 4336 et
1345 4282 1737 4337 consummabo
1763 4297 1930 4350 super
1965 4282 2066 4336 do-

489 4384 639 4422 mum
692 4369 884 4434 Israel,
917 4378 974 4425 et
1020 4385 1188 4439 super
1227 4369 1450 4424 domum
1489 4369 1627 4424 Juda
1680 4379 2067 4426 testamentum

489 4475 710 4524 novum,
751 4477 862 4514 non
901 4461 1206 4515 secundum
1239 4468 1626 4514 testamentum
1655 4461 1803 4530 quod
1833 4462 1936 4516 feci
1968 4479 2067 4532 pa-

489 4551 667 4604 trihus
695 4564 890 4604 eorum
930 4549 986 4602 in
1051 4549 1142 4603 die
1184 4565 1291 4618 qua
1323 4549 1660 4619 apprehendi
1705 4567 1924 4606 manum
1976 4569 2070 4608 eo-

488 4649 607 4687 rum
665 4640 725 4688 ut
763 4632 1055 4687 educerem
1090 4632 1214 4687 illos
1243 4632 1310 4687 de
1358 4641 1505 4686 terra
1540 4632 1778 4705 IEgypti,
1807 4635 2064 4706 quoniam

485 4722 592 4791 ipsi
624 4737 738 4777 non
765 4731 1196 4792 permanserunt
1231 4723 1284 4777 in
1329 4732 1657 4780 testamento
1697 4741 1840 4792 meo,
1872 4736 1928 4782 et
1965 4743 2067 4799 ego

486 4811 696 4881 neglexi
718 4828 835 4878 eos,
869 4813 1004 4868 dicit
1029 4813 1312 4868 Dominus.
1345 4815 1482 4881 Quia
1508 4816 1614 4870 hoc
1639 4827 1724 4872 est
1764 4824 2060 4874 testamen-

485 4911 598 4956 tum
648 4903 797 4973 quod
841 4904 1128 4974 disponam
1156 4906 1345 4960 domui
1403 4907 1566 4964 Israel
1599 4918 1721 4978 post
1763 4911 1880 4966 dies
1913 4911 2056 4978 illos,

482 4991 619 5046 dicit
642 4993 929 5060 Dominus,
955 4995 1093 5050 dans
1130 4996 1278 5066 leges
1309 5013 1460 5053 meas
1479 5000 1534 5054 in
1560 5012 1799 5056 mentem
1838 5019 2056 5071 eorum,

479 5083 608 5138 etin
639 5085 807 5141 corde
831 5101 1020 5142 eorum
1040 5087 1338 5144 inscribam
1364 5106 1458 5145 eas
1481 5093 1520 5145 ⁸.
1552 5111 1569 5141 ι
1606 5093 1890 5165 Praecipue
1921 5111 2054 5151 vero

479 5175 741 5231 novitatis
769 5193 970 5234 nomen
1019 5179 1332 5250 intelligens
1371 5191 1534 5252 atque
1574 5183 1878 5252 declarans,
1914 5207 1932 5238 ι
1955 5187 2053 5242 Di-

2181 3171 2295 3224 Ούκ
2331 3171 2629 3242 ἀμώμητον
2665 3173 2721 3226 δὲ
2750 3168 3013 3246 εἶναιτὴν
3055 3176 3290 3246 ἀρχαίαν
3323 3177 3538 3250 ἐντολὴν
3579 3179 3756 3234 διεϐε-

2181 3262 2399 3316 ϐαιοῦτο
2421 3265 2624 3332 σαφῶς.
2651 3265 2920 3338 Ταύτῃτοί
2964 3285 3095 3338 φησι
3126 3270 3218 3322 καὶ
3245 3270 3358 3323 ἀντ’
3390 3271 3605 3344 ἐκείνης
3625 3274 3758 3345 ἡμῖν

2179 3356 2593 3426 είσκεκομίσθαι
2627 3359 2917 3430 χρησίμως
2949 3359 3048 3430 την
3088 3359 3175 3414 διὰ
3200 3360 3436 3431 Χριστοῦ
3472 3364 3567 3417 καὶ
3606 3364 3756 3430 νέαν,

2176 3448 2589 3521 τοῦτ’έστι,τὴν
2617 3451 2998 3522 εύαγγελικήν.
3016 3452 3220 3522 Γράφει
3247 3453 3302 3507 δέ
3323 3453 3513 3518 οὕτως’
3544 3475 3563 3507 ι
3605 3455 3760 3510 Ἀθέ-

2176 3557 2332 3610 τησις
2365 3541 2462 3611 μὲν
2492 3541 2602 3613 γὰρ
2633 3541 2843 3610 γίνεται
2878 3543 3258 3613 προσαγούσης
3297 3545 3535 3617 ἐντολῆς,
3563 3547 3650 3600 διὰ
3697 3548 3761 3602 τὸ

2176 3631 2348 3701 αὐτῆς
2385 3630 2609 3695 ἀσθενὲς
2637 3633 2732 3686 καὶ
2763 3634 3060 3703 ἀνωφελές.
3091 3633 3260 3690 Οὐδὲν
3290 3635 3399 3708 γὰρ
3442 3637 3758 3692 ἐτελείωσεν

2175 3727 2204 3778 ὁ
2229 3725 2432 3796 Νόμος,
2461 3726 2810 3795 ἐπεισαγωγὴ
2853 3727 2911 3780 δέ
2961 3727 3265 3800 κρείττονος
3301 3730 3534 3799 ἐλπίδος,
3575 3732 3642 3785 δι’
3688 3728 3760 3804 ἦς

2176 3816 2468 3888 ἐγγίζομεν
2492 3818 2572 3889 τῷ
2596 3819 2735 3890 Θεῷ.
2771 3839 2790 3872 ι
2827 3822 2938 3876 Καὶ
2979 3823 3164 3879 πάλιν·
3201 3843 3222 3877 ι
3266 3826 3330 3879 EI
3358 3825 3467 3898 γὰρ
3497 3829 3528 3897 ή
3561 3827 3757 3898 πρώτη

2175 3909 2357 3982 ἐκείνη
2399 3906 2468 3983 ἦν
2508 3912 2798 3984 ἄμεμπτος
2823 3956 2836 3978 ,
2871 3913 2970 3967 οὐκ
3003 3914 3070 3968 ἂν
3096 3917 3354 3988 δευτέρας
3384 3917 3630 3989 ἐζητεῖτο
3667 3919 3757 3973 τό-

2175 4017 2297 4064 πος.
2330 4020 2348 4053 ι
2382 4001 2745 4071 Μεμφόμενος
2765 4001 2873 4073 γὰρ
2897 4003 3093 4066 αὐτοὺς
3112 4005 3259 4073 λέγει
3277 4023 3293 4038 ο
3329 4023 3349 4058 ι
3395 4007 3525 4062 Ἰδοὺ
3547 4008 3754 4081 ἡμέραι

2175 4091 2448 4161 ἔρχονται,
2480 4090 2626 4159 λέγει
2658 4092 2884 4163 Κύριος,
2909 4094 3006 4148 καὶ
3030 4095 3333 4150 συντελέσω
3361 4099 3454 4152 ἐπὶ
3483 4098 3576 4153 τὸν
3604 4095 3756 4156 οἷκον

2187 4180 2421 4252 Ἰσραὴλ,
2448 4182 2541 4234 καὶ
2567 4180 2660 4236 ἐπὶ
2683 4183 2773 4235 τὸν
2794 4179 2941 4238 οἷκον
2970 4184 3140 4239 Ἰούδα
3162 4186 3427 4260 διαθήκην
3456 4190 3670 4261 καινὴν,
3693 4192 3755 4245 ού

2173 4270 2316 4324 κατὰ
2346 4270 2445 4343 τὴν
2474 4271 2759 4346 διαθήκην,
2785 4276 2853 4347 ἢν
2880 4262 3111 4347 ἐποίησα
3142 4280 3254 4342 τοῖς
3280 4279 3550 4350 πατράσιν
3575 4281 3758 4336 αὐτῶν

2174 4363 2232 4416 ἐν
2263 4363 2446 4435 ἡμέρᾳ
2472 4364 2866 4437 ἐπιλαϐομένου
2914 4384 3016 4437 μου
3059 4369 3156 4440 τῆς
3198 4371 3380 4440 χειρὸς
3421 4373 3621 4436 αὐτῶν,
3667 4373 3758 4439 ἑξ-

2172 4458 2398 4524 αγαγεῖν
2427 4455 2624 4520 αὐτοὺς
2656 4458 2721 4510 ἐκ
2747 4458 2848 4529 γῆς
2876 4458 3172 4528 Αἰγύπτου,
3204 4462 3286 4515 ὅτι
3324 4462 3480 4518 αὐτοὶ
3526 4464 3628 4518 οὐκ
3665 4466 3759 4518 ἐν-

2173 4547 2395 4619 έμειναν
2423 4550 2484 4602 ἐν
2521 4552 2587 4622 τῇ
2617 4550 2849 4623 διαθήκῃ
2885 4568 2987 4622 μου
3010 4592 3026 4618 ,
3070 4553 3227 4621 κάγὼ
3261 4555 3514 4626 ⁴ἠμέλησα
3548 4556 3753 4622 αὐτῶν,

2171 4639 2316 4710 λέγει
2341 4641 2568 4714 Κύριος.
2611 4643 2732 4696 Ὅτι
2766 4643 2905 4714 αῦτη
2941 4646 2974 4715 ή
3017 4644 3272 4718 διαθήκη,
3321 4648 3388 4718 ἣν
3425 4649 3758 4720 διαθήσομαι

2168 4731 2247 4802 τῷ
2300 4733 2433 4803 οἴκῳ
2472 4733 2689 4805 Ἰσραὴλ
2741 4734 2881 4804 μετά
2924 4735 3021 4798 τὰς
3069 4735 3282 4807 ἡμέρας
3322 4739 3554 4804 ταύτας,
3605 4741 3758 4810 λέγει

2167 4824 2396 4895 Κύριος,
2424 4825 2601 4887 διδοὺς
2641 4827 2839 4897 νόμους
2875 4845 2975 4899 μου
3020 4830 3101 4892 εἰς
3128 4828 3223 4900 τὴν
3261 4829 3499 4884 διάνοιαν
3546 4832 3755 4898 αὐτῶν,

2166 4918 2260 4972 καὶ
2294 4920 2374 4982 είς
2404 4918 2502 4989 τὴν
2529 4919 2756 4989 καρδίαν
2784 4921 2964 4974 αὐτῶν
2999 4921 3291 4991 ἐπιγράψω
3319 4923 3536 4987 αὐτούς.
3569 4943 3588 4975 ι
3636 4925 3760 4991 Ἐξ·-

2163 5006 2303 5078 όχως
2324 5008 2381 5062 δέ
2410 5008 2472 5062 τὸ
2489 5012 2585 5081 τῆς
2613 5010 2928 5082 καινότητος
2947 5011 3116 5082 ὄνομα
3140 5012 3339 5076 συνιείς
3365 5030 3426 5067 τε
3459 5013 3551 5067 καὶ
3575 5015 3756 5085 ἑρμη-

2165 5099 2354 5155 νεύων·
2385 5118 2402 5153 ι
2444 5101 2530 5157 Ἐν
2550 5101 2627 5173 τῷ
2652 5103 2854 5172 λέγειν,
2881 5121 2900 5154 ι
2929 5105 3082 5174 φησὶ,
3116 5123 3134 5157 ι
3163 5105 3374 5176 καινὴν,
3397 5093 3757 5159 πεπαλαίωκε

2161 5191 2262 5259 τὴν
2312 5191 2555 5263 πρώτην·
2605 5192 2668 5246 τὸ
2701 5193 2810 5265 γάρ
2855 5193 3256 5266 παλαιούμενον
3303 5196 3398 5249 καὶ
3444 5197 3753 5269 γηράσκον,

477 5267 717 5335 cendo,»
771 5269 972 5340 inquit,
1041 5290 1058 5321 ι
1088 5288 1312 5337 novum,
1347 5276 1620 5355 yeteravit
1671 5277 1857 5347 prius:
1905 5278 2053 5348 quod

2180 5282 2332 5349 ἐγγὺς
2356 5283 2681 5356 ἀφανισμοῦ.
2709 5304 2726 5334 ι
2759 5287 2822 5340 Ei
2851 5286 3026 5340 τοίνυν
3055 5287 3371 5343 τετελείωκε
3400 5291 3497 5360 μὲν
3569 5290 3756 5360 Νόμος

478 5369 661 5416 autem
714 5361 1031 5432 antiquatur
1099 5373 1156 5418 et
1208 5365 1483 5431 senescit,
1543 5383 1712 5438 prope
1773 5370 2056 5426 interitum

2180 5372 2339 5436 ιύδέν,
2366 5373 2624 5446 ἀθέτησις
2651 5375 2706 5429 δὲ
2739 5377 2841 5447 τῆς
2869 5378 3103 5450 ἀρχαίας
3132 5379 3355 5448 γέγονεν
3398 5381 3618 5452 ἐντολῆς
3656 5383 3759 5436 καὶ

477 5459 560 5504 est
595 5453 635 5504 ⁷.
681 5471 700 5504 ι
757 5452 814 5508 Si
847 5453 1013 5525 igitur
1049 5454 1184 5508 nihil
1218 5456 1447 5525 perfecit
1483 5457 1614 5525 Lex,
1639 5468 1694 5514 et
1745 5462 2058 5533 reprobatio

2180 5463 2266 5534 τῆς
2305 5465 2560 5536 δευτέρας
2609 5469 2911 5540 ἐπεισφορά
2935 5510 2949 5536 ,
2991 5473 3441 5546 προσοικειούσης
3489 5475 3639 5544 ἡμᾶς
3673 5476 3756 5547 τῷ

486 5651 504 5681 ε
551 5583 856 5654 'Mattb.v,
891 5591 977 5654 ΓΙ,
1013 5591 1096 5647 l8.
1173 5593 1374 5673 ’J_oan.
1421 5611 1492 5664 tv,
1538 5597 1729 5656 2l-2l.
1835 5601 2048 5660 'Galat.

528 5651 693 5711 Hebr.
750 5673 860 5724 vm,
908 5661 1052 5715 7-l0.
1129 5663 1334 5731 'lbid.,
1373 5665 1458 5721 l5.
1807 5670 1815 5676 ’

2180 5605 2223 5673 ί,
2254 5606 2305 5661 5.
2384 5606 2660 5678 δΡΙιίΙίρρ.
2737 5625 2817 5676 m,
2886 5613 3003 5668 7-9.
3085 5611 3292 5668 bIlebr.
3351 5627 3442 5679 vn,
3504 5611 3592 5680 I8,
3663 5613 3753 5670 I9.
