4024 6220
218 943 230 990 J

273 271 374 326 157

983 268 1072 324 DE
1108 267 1550 324 ADORATIONE
1587 268 1654 323 IN
1694 263 1965 324 SPIRITU
2007 269 2094 322 ET
2134 267 2502 323 VERITATE.
2540 270 2670 325 LIB.
2710 271 2752 324 Ι.

3436 268 3538 325 158

269 387 413 458 Θεῷ,
451 388 508 440 τί
549 387 614 458 δὴ
655 386 764 457 ἄρα
793 388 958 456 φησὶν
984 387 1012 438 6
1041 387 1252 457 Σωτὴρ,
1300 406 1317 438 ι
1354 387 1467 441 Οὐκ
1495 383 1660 458 ἦλθον
1693 405 1862 442 κατα-

1983 389 2172 444 nioris
2211 389 2452 444 mandati
2503 389 2608 444 fuit
2640 389 2756 444 haec
2813 389 3138 459 posverioris
3197 389 3538 458 subrogatto.

269 481 431 534 λῦσαι
468 479 561 532 τὸν
583 479 770 547 νόμον,
795 477 929 530 ἀλλά
964 479 1284 551 πληρῶσαις
1323 498 1341 528 ι
1367 479 1462 532 καὶ
1487 479 1588 539 ὅτι.
1624 497 1644 530 ι
1681 481 1858 551 ιῖροσ⁴

271 575 395 644 ἡκει
431 571 763 642 προσκυνεῖν
803 571 954 640 ἡμᾶς
993 571 1052 623 ὲν
1087 571 1358 641 πνεύματι
1393 570 1491 624 κα)⁸
1519 571 1746 642 ἀληθείᾳ
1785 570 1861 642 τῷ

270 663 392 733 Θεῷ
419 663 512 716 καὶ
546 661 763 732 Πατρί;
801 679 819 713 ι
861 661 1020 731 Δηλοῖ
1051 661 1179 734 γὰρ,
1205 658 1380 732 οἶμαι,
1411 663 1582 724 τουτὶ,
1616 664 1678 717 τὸ
1725 664 1861 716 ἀπο-

274 754 590 808 παύσασθαι
618 755 730 807 δεῖν
765 755 911 824 ἡμᾶς
957 753 1104 824 ὴθῶν
1148 755 1244 808 καὶ
1296 754 1552 826 λατρείας
1579 756 1680 826 τῆς
1720 755 1862 810 κατὰ

272 846 363 898 τὸν
393 844 580 914 νόμον.

349 936 512 990 ΚΥΡ.
577 935 668 998 Ὠς
697 937 778 998 είς
807 935 982 989 πλατύ
1015 936 1346 1008 ζητημάτων
1375 936 1558 1010 ὲξοίχῃ
1591 937 1859 1008 πέλαγοςί

278 1031 435 1090 Ποῖος
467 1027 579 1097 γὰρ
609 1027 675 1080 ἂν
704 1027 957 1098 ἀρκέσειε
984 1027 1128 1093 νοῦς,
1157 1029 1272 1092 τοῖς
1299 1016 1442 1082 οὕτω
1475 1029 1693 1092 λεπτοῖς
1729 1029 1864 1082 θεω-

281 1122 521 1191 ρήμασιν
567 1119 873 1173 ὲνατενίσαι
915 1118 1214 1191 λαμπρῶς,
1243 1120 1318 1184 ὡς
1358 1123 1470 1184 τοῖς
1505 1120 1671 1175 πάλαι
1710 1120 1864 1173 τεθε-

281 1211 600 1282 σπισμὲνοις
645 1210 732 1265 διὰ
757 1210 852 1264 τοῦ
891 1211 1166 1281 πανσόφου
1195 1211 1472 1276 Μωσέως,
1512 1212 1748 1284 ἀδελφὴν
1779 1206 1866 1265 οἶά

276 1323 384 1376 περ
415 1305 512 1357 καὶ
539 1304 778 1371 γείτονα,
809 1303 904 1358 καὶ
928 1303 1017 1357 διὰ
1041 1303 1150 1357 τῶν
1173 1304 1353 1359 αὐτῶν
1385 1305 1571 1360 ίοῦσαν
1603 1305 1866 1378 πραγμάο

274 1416 405 1461 των,
435 1396 536 1468 τὴν
562 1396 690 1449 νέαν
720 1397 855 1466 ἡμῖν
888 1395 1153 1461 ἐπιδεῖξαι
1178 1397 1421 1469 Γραφὴν,
1457 1399 1548 1452 καὶ
1577 1400 1675 1470 τῆς
1711 1417 1865 1470 νομι-

276 1492 381 1558 κῆς
416 1488 698 1551 πολιτείας
722 1487 784 1540 οὐ
807 1487 1014 1558 σφόδρα
1041 1488 1406 1561 διῳκισμένην
1431 1489 1530 1559 τὴν
1556 1491 1613 1543 ὲν
1646 1490 1868 1561 Χριστῷ

277 1580 447 1650 ζωὴν,
483 1581 533 1631 εἰ
565 1579 700 1649 πρὸς
744 1577 982 1650 Θεωρίαν
1024 1579 1209 1648 ἄγοιτο
1253 1579 1354 1651 τὴν
1392 1581 1769 1652 πνευματικὴν
1801 1582 1869 1634 τὰ

277 1672 391 1731 τοῖς
425 1669 674 1738 ἀρχαίοις
709 1667 1064 1740 διωρισμένα.
1108 1669 1290 1733 Τύπος
1322 1670 1432 1741 γὰρ
1482 1672 1510 1723 6
1565 1670 1728 1740 νόμος
1775 1672 1868 1724 καὶ

284 1759 437 1823 σκιὰ,
477 1760 571 1811 καὶ
597 1759 692 1828 τῆς
723 1758 1007 1823 εὐσεδείας
1051 1760 1086 1830 ἡ
1128 1759 1413 1831 μόρφωσις
1457 1760 1533 1823 ὡς
1579 1763 1637 1814 ὲν
1681 1760 1868 1814 ὠδῖσιν

285 1851 393 1910 ἔτι,
447 1853 540 1903 καὶ
585 1850 970 1921 κεκρυμμένον
1018 1852 1077 1903 ὲν
1129 1851 1294 1922 ἑαυτῇ
1345 1851 1404 1903 τὸ
1449 1851 1548 1922 τῆς
1611 1851 1870 1922 ἀληθείας

285 1942 488 2011 ἔχουσα
518 1931 729 2006 κάλλοςξ
765 1943 835 1994 Ἦ
867 1941 964 2012 οὐχ
998 1935 1102 1996 ὧδε
1140 1941 1286 2014 ἔχειν
1317 1942 1462 2014 ὲρεῖς
1500 1943 1636 2016 ὅπερ
1661 1941 1836 2014 ἔφην;

354 2125 566 2178 ΠΑΛΛ.
613 2125 762 2179 Πάνυ
800 2123 1014 2191 μενοῦν.
1055 2123 1217 2178 Ἀλλὰ
1241 2124 1326 2188 τίς
1349 2124 1415 2178 ἂν
1439 2124 1653 2193 γένοιτο
1679 2123 1870 2178 τούτου

285 2221 314 2286 ἡ
347 2219 709 2289 agiagi-‘32:;
739 2219 811 2271 Ἦ
841 2217 924 2281 τίς
955 2219 983 2271 6
1007 2217 1208 2291 τρόπος
1231 2217 1327 2270 τοῦ
1365 2215 1744 2270 πολιτεύεσθαι
1772 2216 1873 2285 μὲν

287 2309 677 2378 Εὐαγγελικῶς
702 2307 934 2386 ὲξῇφθαι
961 2307 1040 2362 ἔτι
1060 2308 1237 2362 δοκεῖν
1257 2309 1356 2379 τῆς
1376 2307 1609 2378 ἀρχαίας
1632 2307 1870 2378 ἐντολῆς,

285 2404 382 2456 καὶ
419 2401 666 2473 πληῳῦν
694 2401 903 2456 οἴεσθαι
928 2401 998 2454 τὰ
1027 2401 1115 2455 διὰ
1149 2401 1427 2468 Μωσέως-ς

364 2582 528 2636 ΚΥΡ.
568 2583 679 2653 Οὐχ
718 2582 926 2646 ἁπλοῦς
969 2584 998 2636 6
1037 2583 1216 2653 λόγος,
1264 2583 1340 2645 ὡς
1379 2583 1446 2637 ἄν
1487 2600 1572 2646 τις
1613 2582 1871 2636 εἰκάσειε·

287 2676 481 2746 χρῆμα
515 2676 593 2738 δὲ,
629 2673 818 2746 οἶμαι.
861 2677 954 2729 καὶ
984 2675 1301 2747 πολυσχιδὲς
1333 2673 1428 2728 καὶ
1464 2673 1811 2745 πολύμορφον
1841 2674 1876 2743 ἡ

285 2767 483 2837 ἀρετή·
519 2765 612 2819 καὶ
650 2767 750 2836 τῆς
788 2767 846 2818 ὲν
878 2765 1096 2838 Χριστῷ
1137 2765 1414 2829 πολιτείας
1445 2766 1513 2820 τὰ
1551 2765 1876 2836 αὐχήματα,

279 2855 374 2910 διὰ
411 2857 674 2926 πλείστης
709 2859 838 2926 ὅσης
879 2859 1009 2928 ἡμῖν
1058 2857 1159 2927 τῆς
1193 2857 1564 2928 ἁγαθουργίας
1605 2856 1881 2910 ὲκποικίλ-

279 2947 456 3002 λεται.
495 2949 608 3002 Καὶ
629 2947 758 3017 γοῦν
782 2951 812 3002 6
841 2948 1131 3012 θεσπέσιος
1168 2948 1333 3002 Δαὸὶδ
1355 2950 1413 3001 ὲν
1451 2948 1652 3020 ψαλμῷ
1691 2947 1766 3018 τῷ
1796 2965 1884 3001 τε·

1965 493 2064 546 per
2091 479 2239 548 quod
2265 481 2378 534 Deo
2410 480 2795 546 conciliamur,
2834 495 2936 535 cur
2965 496 3098 552 ergo
3142 480 3391 536 Salvator
3439 480 3537 542 ait,

1972 589 1990 620 ι
2024 570 2146 626 Non
2204 571 2331 626 veni
2397 572 2610 627 solvere
2666 572 2866 644 legem,
2900 572 2996 627 sed
3035 572 3425 642 adimplere?»
3471 571 3542 626 Ει

1966 666 2099 721 illud
2126 666 2278 727 item,
2317 684 2336 715 ‹
2359 663 2420 718 In
2454 664 2651 733 spiritu
2686 674 2742 720 et
2773 665 3004 720 veritate
3024 666 3195 720 Deum
3233 680 3297 719 ac
3323 665 3539 719 Patrem

1965 768 2185 831 oportet
2217 759 2489 813 adorare?
2518 777 2535 809 ι
2575 757 2692 814 Ηοο
2743 758 2914 824 enim,
2955 757 3063 812 nisi
3093 757 3272 821 fallor,
3327 757 3534 829 signiﬁ-

1965 860 2052 908 cat
2077 869 2108 907 a
2138 852 2338 906 ritibus
2361 851 2622 919 cultuque
2649 850 2784 921 legis
2802 864 2922 905 csse
2947 850 3107 904 nobis
3132 849 3538 904 abstinendum.

2035 945 2192 1002 CYR.
2217 944 2391 1012 Quam
2421 953 2636 998 vastum
2678 944 3044 1013 quaestionum
3084 943 3312 1014 pelagus
3357 943 3544 1012 ingrc-

1968 1035 2120 1090 deris
2151 1036 2164 1089 ι
2199 1033 2330 1100 Quae
2360 1033 2507 1088 enirn
2555 1033 2757 1087 mentis
2793 1032 2877 1086 vis
2920 1039 3071 1087 tanta
3098 1041 3278 1102 potest
3323 1033 3378 1086 in
3407 1032 3544 1086 adeo

1968 1127 2202 1184 subtiles
2255 1124 2660 1196 disputationes
2689 1124 2822 1179 satis
2867 1124 3068 1178 claram
3119 1123 3293 1178 aciem
3358 1124 3542 1178 inten-

1968 1220 2124 1285 dere,
2163 1226 2224 1272 ut
2266 1217 2334 1271 iis
2367 1233 2489 1286 qua:
2519 1216 2653 1271 olim
2686 1231 2718 1270 a
2755 1215 3161 1285 sapientissimo
3201 1215 3382 1287 Moyse
3414 1231 3542 1270 san-

1968 1313 2076 1367 eita
2114 1319 2264 1376 sunt,
2294 1317 2554 1379 tanquam
2607 1316 2891 1379 cognatam
2947 1322 3011 1362 ac
3042 1308 3348 1378 proximam
3400 1322 3542 1368 esse,

1970 1403 2026 1458 in
2091 1402 2399 1472 iisdemque
2462 1400 2677 1455 versari
2742 1399 2910 1454 rebus
2965 1415 3166 1453 novam
3203 1398 3545 1468 Scripturam

1969 1497 2245 1560 ostendat,
2310 1509 2544 1562 esseque
2597 1493 2765 1546 vitam
2801 1491 2857 1546 in
2887 1491 3110 1546 Christo
3141 1507 3252 1545 non
3303 1492 3464 1561 longe
3517 1507 3547 1543 a

1969 1588 2127 1659 legali
2158 1586 2512 1656 disjunctam,
2534 1583 2578 1637 si
2604 1599 2726 1653 quae
2750 1583 3033 1636 veteribus
3055 1582 3374 1652 praescripta
3396 1589 3575 1641 sunt.’

1971 1678 2038 1732 ad
2069 1676 2418 1747 spiritualem
2458 1674 2977 1744 contemplationem
3009 1673 3405 1728 traducantur:
3458 1673 3546 1726 lex

1972 1785 2207 1839 namque
2247 1769 2420 1840 figura
2459 1775 2514 1822 et
2538 1767 2733 1822 umbra
2761 1773 2866 1831 est,
2899 1775 2953 1820 et
2985 1764 3157 1838 forma
3179 1765 3400 1834 pietatis
3423 1773 3546 1818 tan—

1970 1876 2132 1930 quam
2164 1860 2347 1915 adhuc
2368 1859 2707 1930 parturiens,
2741 1867 2797 1913 et
2826 1858 3087 1911 latentem
3114 1857 3170 1910 in
3209 1871 3268 1910 se
3297 1855 3545 1925 pulchri-

1973 1948 2220 2004 tudinem
2270 1947 2522 2003 veritatis
2564 1946 2874 2001 contincns.
2904 1945 2985 1999 An
3025 1959 3134 1998 non
3167 1945 3264 2009 ita,
3300 1951 3362 1998 ut
3409 1943 3546 2010 dixi,

1973 2057 2088 2096 rem
2121 2056 2180 2096 se
2202 2040 2410 2095 habere
2435 2039 2627 2094 dices?

2043 2131 2241 2186 PALL.
2283 2131 2362 2186 lta
2415 2147 2664 2201 prorsus.
2720 2129 2992 2186 Caeterum
3047 2143 3284 2199 quanam
3335 2127 3549 2182 ratione

1973 2222 2091 2276 haec
2120 2220 2390 2276 declarari
2419 2221 2718 2291 poterunt?
2751 2221 2860 2274 Aut
2908 2219 3186 2292 quomodo
3232 2217 3550 2288 evangelice

1976 2311 2244 2376 vivamus,
2298 2312 2346 2365 si
2406 2327 2506 2366 nos
2563 2311 2743 2364 adhuc
2781 2309 2849 2364 de
2887 2310 3064 2364 veteri
3113 2309 3371 2363 mandato
3411 2324 3552 2378 pcn-

1975 2398 2127 2462 dere,
2166 2410 2222 2455 et
2259 2399 2314 2471 4
2341 2415 2406 2454 ea
2445 2397 2719 2468 implenda
2755 2406 3011 2468 putemus
3039 2410 3163 2465 qua:
3189 2410 3288 2465 per
3326 2395 3552 2466 Moysen

1977 2492 2184 2547 sancita
2215 2492 2375 2546 sunt?

2045 2583 2206 2641 CYR.
2263 2583 2385 2638 Non
2415 2582 2648 2652 simplex
2690 2590 2746 2636 et
2788 2595 2896 2634 una
2939 2579 3079 2634 ratio
3121 2586 3226 2642 est,
3255 2587 3316 2632 ut
3353 2577 3555 2647 aliquis

1980 2674 2267 2747 imaginari
2299 2672 2509 2743 possit;
2555 2670 2845 2740 multiplex
2901 2669 3049 2723 enim
3095 2682 3157 2721 ac
3203 2666 3556 2720 multiformis

1981 2783 2072 2822 res
2105 2775 2192 2822 est
2230 2765 2452 2829 virtus;
2506 2770 2563 2816 et
2605 2760 2933 2817 Christianae
2987 2758 3115 2813 vitaa
3171 2757 3346 2829 gloria
3389 2773 3554 2827 quam

1981 2859 2237 2931 plurimis
2268 2855 2430 2911 bonis
2455 2854 2717 2926 operibus
2747 2851 3062 2920 variegatur
3087 2859 3144 2904 et
3171 2857 3424 2904 ornatur.
3452 2847 3558 2902 lta-

1983 2967 2089 3023 que
2129 2949 2352 3004 divinus
2386 2949 2477 3002 ille
2503 2945 2676 3001 David
2702 2945 2912 3015 psalmo
2941 2941 3362 3012 quadragesimo
3388 2955 3556 3010 quar-

279 3037 474 3109 τάρτῳ
499 3039 596 3090 καὶ
621 3037 1039 3109 τεσσαρακοστῷ
1073 3038 1370 3110 παρίστησι
1401 3038 1498 3108 μὲν
1523 3038 1600 3108 τῷ
1631 3037 1869 3109 Χριστῷ,

1987 3051 2062 3107 to,
2098 3041 2320 3096 Clu-isto
2367 3037 2638 3108 virginem
2682 3044 2889 3090 castam
2945 3042 3124 3088 astare
3180 3031 3312 3086 facit
3370 3030 3559 3085 Eccle-

282 3129 564 3200 παρθένον
589 3130 782 3199 ἁγνὴν,
814 3130 890 3192 ὡς
920 3131 976 3182 ὲν
1000 3129 1152 3194 τάξει
1179 3129 1468 3200 βασιλίδος,
1508 3130 1608 3200 τὴν
1647 3129 1874 3200 Ἐκκλη-

284 3223 434 3285 σίαν,
476 3221 810 3292 περίχρυσον
847 3222 904 3274 δὲ
941 3222 1080 3293 αὐτῇ
1115 3223 1211 3276 καὶ
1254 3221 1688 3291 πεποικιλμένην
1731 3238 1885 3292 περι-

281 3317 472 3386 τίθησι
522 3314 736 3385 στολὴν,
781 3312 922 3366 οῦτω
963 3312 1160 3382 λέγων·
1193 3330 1210 3363 ι
1245 3311 1498 3382 Παρέστη
1529 3312 1562 3382 ἡ
1597 3309 1885 3381 βασίλισσα

282 3409 347 3462 ὲκ
397 3406 590 3472 δεξιῶν
624 3422 752 3468 σου,
785 3406 842 3457 ἐν
874 3404 1155 3474 ἱματισμῷ
1201 3401 1477 3473 διαχρύσῳ
1517 3401 1885 3472 περιϐεὸλημ-

287 3500 429 3567 μένη
459 3498 555 3549 καὶ
589 3494 1009 3564 πεποικιλμένη.
1045 3513 1063 3544 ι
1098 3492 1204 3546 Τοῦ
1235 3493 1331 3563 μὲν
1358 3492 1672 3563 διαχρύσου,
1702 3491 1763 3544 τδ
1801 3493 1884 3544 ἔν-

283 3604 448 3656 τιμον
479 3587 576 3638 καὶ
604 3585 924 3657 περιφανὲς,
955 3583 1204 3653 καθάπερ
1233 3582 1468 3653 ἐγῷμαι,
1495 3582 1589 3636 τοῦ
1622 3581 1678 3634 δὲ
1711 3583 1886 3636 ποικί-

287 3678 409 3742 λου,
435 3678 498 3730 τὸ
552 3676 831 3739 πολυειδὲς
874 3675 974 3745 τῆς
1017 3674 1218 3745 ἀρετῆς
1253 3669 1310 3727 εὖ
1350 3674 1495 3744 μάλα
1542 3674 1884 3745 κατασημαί-

287 3784 495 3829 νοντος.
547 3764 980 3837 [εὐπρεπεστάτη
1021 3765 1131 3837 γὰρ
1173 3764 1292 3818 λίαν
1337 3765 1372 3836 ἡ
1431 3764 1746 3835 Ἐκκλησία,
1787 3762 1878 3816 7.6-

291 3877 434 3930 σμον
455 3859 658 3929 ἔχουσα
687 3859 781 3911 τὸν
811 3857 1101 3927 πέσητον,ξού
1127 3860 1241 3921 τοῖς
1261 3858 1360 3926 τῆς
1382 3857 1584 3928 σαρκὸς
1609 3854 1884 3927 ὁρώμενον

288 3951 616 4020 ὀφθαλμοῖς,
644 3949 758 4004 ἀλλ’
786 3950 868 4012 είς
894 3947 1017 4002 νοῦν
1046 3947 1154 4001 ἔσω
1181 3949 1274 4002 καὶ
1302 3948 1553 4020 καρδίαν,
1592 3948 1683 4000 τὸν
1722 3949 1779 4000 ὲν
1807 3947 1884 4018 τῷ

285 4043 523 4116 κρυπτῷ
544 4041 834 4112 νοούμενον
867 4040 1135 4103 Ἰουδαῖον,
1168 4040 1255 4094 διὰ
1292 4039 1558 4093 πλείστων
1584 4041 1716 4111 ἡμῖν
1745 4039 1885 4092 ὅσων

285 4135 594 4207 ὡραῖσμῶν
629 4135 809 4203 εὐφυᾶ
850 4133 944 4187 καὶ
968 4131 1243 4203 ἐξαίρετον
1273 4131 1504 4194 ἀστείως
1537 4130 1882 4199 ἐκφαίνοντα.

294 4228 392 4291 Ὠς
420 4228 536 4299 γὰρ
578 4228 607 4279 6
641 4225 908 4296 μακάριος
935 4225 1136 4295 γράφει
1169 4222 1379 4286 Παῦλος
1401 4239 1414 4252 ·
1458 4242 1474 4274 ι
1517 4222 1592 4275 Οὐ
1623 4220 1734 4293 γὰρ
1765 4223 1793 4274 6
1827 4221 1885 4272 ἐν

285 4318 368 4388 τῷ
403 4315 634 4388 φανερῷ
661 4313 932 4376 ,Ἰουδαῖός
973 4315 1142 4377 ἐστιν,
1169 4311 1293 4365 οὐτε
1327 4312 1432 4384 μὴν
1458 4312 1516 4364 ἒν
1561 4312 1640 4382 τῷ
1669 4309 1886 4382 φανερῷ

1985 3136 2170 3189 siam:
2215 3133 2411 3187 stolam
2447 3144 2576 3184 vero
2623 3128 2701 3182 illi
2761 3126 3080 3182 deauratam
3138 3132 3194 3180 et
3226 3125 3558 3194 variegatam

1987 3223 2376 3296 circumponit,
2409 3222 2486 3276 ita
2505 3220 2730 3275 dicens:
2773 3237 2791 3270 ι
2823 3218 3015 3273 Astitit
3043 3216 3233 3288 regina
3279 3231 3312 3270 a
3351 3215 3556 3269 dextris

1987 3314 2096 3367 tuis
2143 3312 2200 3366 in
2235 3310 2439 3364 vestitu
2483 3309 2768 3372 deaurato,
2819 3304 3238 3361 circumamicta
3281 3311 3338 3357 et
3375 3300 3543 3356 varie-

1986 3415 2108 3476 gata
2143 3405 2184 3457 ⁸.
2213 3422 2230 3454 ›
2266 3401 2368 3457 Ubi
2415 3398 2668 3455 deaurati
2695 3397 2990 3460 vocabulo,
3042 3394 3303 3466 splendor
3344 3402 3400 3448 et
3432 3407 3549 3463 pre-

1989 3497 2124 3550 tium
2152 3493 2327 3548 Harii
2348 3501 2532 3546 autem
2558 3489 2803 3553 nomine,
2830 3486 3052 3542 virtutis
3080 3485 3318 3540 varietas
3333 3485 3558 3554 Optime,

1987 3594 2048 3641 ut
2103 3585 2322 3655 opinor,
2378 3581 2742 3654 signiﬁcatur.
2795 3578 3212 3650 Speciosissima
3267 3575 3416 3630 enirn
3480 3585 3568 3631 est

1986 3678 2211 3731 omnino
2240 3674 2504 3737 Ecclesia,
2542 3678 2800 3727 ornatum
2823 3669 3034 3725 habens
3066 3668 3434 3741 spiritualem,
3465 3666 3563 3737 qui

1987 3784 2096 3822 non
2125 3766 2306 3821 carnis
2331 3763 2507 3819 oculis
2531 3763 2801 3826 cernitur,
2825 3761 2921 3816 sed
2945 3762 3003 3816 in
3032 3769 3218 3816 mente
3238 3769 3296 3816 et
3313 3759 3372 3814 in
3397 3757 3565 3814 corde

1986 3858 2219 3928 positus,
2249 3855 2424 3918 illum,
2461 3853 2555 3923 qui
2580 3853 2639 3907 in
2675 3851 2893 3907 occulto
2916 3851 3268 3922 intelligitur,
3313 3848 3564 3904 Judaeum

1987 3949 2240 4021 plurimis
2279 3945 2619 4002 ornamentis
2663 3945 2933 4014 insignem
2987 3951 3151 4012 atque
3205 3941 3566 4010 conspicuum

1985 4042 2122 4097 scite
2150 4040 2310 4095 nobis
2331 4038 2591 4094 ostendit.
2619 4037 2753 4091 Nam
2783 4044 2844 4089 ut
2876 4035 3072 4089 beatus
3099 4033 3304 4088 Paulus
3328 4032 3520 4086 scribit
3549 4051 3561 4085 :

1996 4151 2014 4184 ι
2050 4131 2169 4186 Non
2195 4130 2291 4200 qui
2323 4131 2379 4184 in
2400 4127 2728 4190 manifesto,
2758 4125 2978 4189 Iudaeus
3002 4133 3116 4190 est,
3148 4138 3329 4194 neque
3357 4137 3478 4194 qum
3508 4123 3562 4177 in

1988 4222 2280 4279 manifesto
2305 4220 2361 4275 in
2388 4233 2575 4284 carne,
2603 4216 3075 4280 estcircumcisio,
3099 4215 3195 4272 sed
3225 4216 3321 4286 qui
3351 4215 3408 4269 in
3437 4215 3567 4270 abs-

1987 4315 2232 4379 condito,
2273 4311 2496 4368 Judzeus
2519 4319 2622 4375 est,
2663 4318 2720 4364 et
2753 4307 3104 4362 circumcisio
3137 4308 3323 4363 cordis
3367 4307 3424 4360 in
3449 4307 3564 4377 spi-

285 4413 348 4462 ἐν
382 4409 557 4481 σαρκὶ
588 4405 890 4478 περιτομὴ,
916 4405 1031 4459 ἀλλ’
1055 4408 1084 4460 6
1106 4407 1166 4458 ὲν
1193 4404 1272 4473 τῷ
1310 4403 1562 4475 κρυπτῷ,
1601 4403 1877 4465 Ἰουδαῖος.

1995 4409 2127 4472 ritu,
2152 4423 2264 4464 non
2293 4407 2499 4468 littera,
2532 4405 2691 4474 cujus
2713 4404 2832 4457 laus
2861 4417 2971 4455 non
3000 4416 3070 4455 ex
3093 4399 3433 4463 hominibus,
3467 4399 3565 4454 sed

284 4502 388 4554 καὶ
424 4499 702 4572 περιτομὴ
731 4499 979 4570 καρδίας,
1011 4499 1069 4550 ὲν
1098 4497 1368 4567 πνεύματι
1395 4497 1455 4549 οὐ
1483 4496 1791 4568 γράμματι,
1825 4489 1886 4547 οὗ

281 4594 313 4646 6
344 4595 577 4655 ἔπαινος
601 4592 702 4644 οὐκ
728 4588 788 4655 ἐξ
821 4589 1145 4662 ἀνθρώπων,
1178 4588 1293 4641 ἀλλ’
1325 4590 1389 4642 ἐκ
1413 4588 1506 4641 τοῦ
1535 4587 1688 4641 Θεοῦ.
1723 4607 1741 4639 ι

360 4684 586 4737 ΠΑΛΛ.
614 4677 744 4752 τΑρ⁹
773 4675 886 4742 οῦν,
915 4679 1037 4732 είπέ
1081 4696 1199 4750 μοι,
1225 4679 1324 4750 τῆς
1351 4679 1407 4730 ἐν
1435 4676 1708 4747 πνεύματι
1735 4694 1890 4746 περι-

283 4775 470 4845 τομῆς
516 4769 1050 4842 είσκεκομισμένης,
1100 4770 1195 4823 καὶ
1235 4768 1437 4822 θυσιῶν
1481 4767 1588 4820 τῶν
1619 4768 1760 4821 κατὰ
1797 4768 1890 4820 τὸν

285 4867 461 4937 νόμον
491 4862 1014 4936 ἀνατετραμμένων,
1058 4863 1148 4914 καὶ
1185 4860 1348 4913 τόπον
1375 4858 1566 4912 οὐδένα
1597 4859 1724 4930 παρ’
1755 4861 1788 4928 ἡ
1799 4861 1890 4928 μίν

286 4957 534 5028 ἐχούσης
562 4956 662 5024 τῆς
689 4953 982 5017 πολιτείας,
1018 4954 1118 5005 οὐκ
1149 4951 1412 5005 ἀπίθανόν
1440 4968 1555 5014 πως
1582 4950 1720 5003 εἶναι
1745 4949 1892 5002 δοκεῖ

283 5050 349 5100 τὸ
383 5048 562 5117 φάναι
584 5045 842 5116 Χριστὸν,
876 5064 893 5096 ι
931 5045 1046 5098 Οὐκ
1070 5039 1230 5116 ἦλθον
1262 5041 1564 5096 καταλῦσαι
1588 5042 1679 5094 τὸν
1705 5041 1888 5112 νόμον,

287 5140 441 5194 ἀλλὰ
472 5138 795 5210 tangebam;
827 5156 846 5189 ι
894 5137 967 5190 Ἦ
997 5137 1154 5208 εἰπερ
1191 5137 1290 5205 οὐχ
1316 5131 1418 5188 ὦδε
1452 5135 1585 5206 ἔχει,
1632 5133 1894 5187 διακωλύ-

292 5247 452 5284 σειεν
490 5231 552 5284 ἂν
586 5225 740 5300 οἶμαί
772 5246 874 5282 που
915 5228 1008 5281 καὶ
1041 5228 1190 5298 ἡμᾶς
1218 5226 1391 5292 οὐδὲν,
1443 5226 1752 5297 βουθυσίαις
1793 5225 1892 5295 μὲν

295 5322 396 5372 καὶ
424 5319 746 5383 λιῦανωτοῖς
790 5318 885 5372 τὸν
929 5317 1039 5370 τῶν
1089 5316 1227 5370 ὅλων
1266 5316 1692 5386 καταγεραίρειν
1734 5315 1890 5380 Θεὸν,

295 5410 699 5479 προσκομίζειν
723 5409 782 5462 δὲ
810 5408 959 5478 αὐτῷ
983 5407 1248 5479 τρυγόνας
1283 5407 1376 5462 καὶ
1405 5407 1736 5480 περιστερὰς
1755 5447 1770 5470 ,
1800 5407 1894 5459 καὶ

290 5503 351 5554 εἴ
373 5520 434 5554 τι
459 5502 586 5572 δρᾷν
613 5502 804 5573 ἕτερον
828 5503 941 5564 τοῖς
963 5500 1336 5572 ἀρχαιοτέροις
1369 5499 1701 5571 νενόμισται,
1734 5497 1891 5551 τοῦτο

289 5593 394 5644 καὶ
425 5592 573 5660 ἡμᾶς
599 5591 800 5652 αὐτοὺς
827 5590 1142 5657 ἐπείγεσθαι
1171 5589 1433 5661 πληροῦν.

370 5702 557 5759 'Psal.
598 5719 741 5766 xuv,
796 5703 884 5756 10.
960 5703 1164 5758 'Rom.
1215 5721 1273 5763 ιι.
1304 5704 1395 5769 Ξ8,
1445 5706 1532 5760 29.

627 5796 901 5854 Px'nton.
946 5795 1061 5856 Gn.
1103 5795 1358 5855 LXVIII.
1392 5827 1405 5847 κ

1989 4515 2058 4553 ex
2086 4499 2198 4553 Deo
2226 4504 2314 4550 est
2336 4498 2378 4546 θ.
2401 4514 2419 4545 ι

2061 4685 2256 4744 PALL.
2291 4685 2389 4741 Dic
2427 4685 2564 4740 mihi
2596 4683 2783 4754 igitur,
2810 4682 2855 4737 si
2889 4681 3240 4738 circumcisio
3272 4681 3327 4736 in
3357 4679 3560 4751 spiritu

1993 4777 2309 4832 introducta
2331 4783 2434 4839 est,
2465 4783 2522 4828 ct
2557 4773 2753 4828 hostia:
2777 4772 2979 4844 legales
3003 4771 3252 4836 sublatae,
3279 4771 3564 4828 etnullum

1992 4868 2141 4939 apud
2166 4867 2467 4922 noslocum
2485 4863 3004 4920 habetillaJudaica
3022 4863 3247 4919 vivendi
3276 4863 3436 4928 ratio,
3461 4879 3561 4918 an-

1993 4975 2102 5014 non
2113 4957 2415 5012 absurdum
2431 4971 2550 5010 esse
2565 4954 2969 5026 quodammodo
2984 4954 3224 5018 videtur,
3244 4955 3388 5024 quod
3403 4949 3552 5010 Chri-

1993 5058 2111 5104 stus
2136 5049 2232 5113 ait,
2258 5067 2276 5099 ι
2299 5046 2421 5101 Non
2435 5047 2561 5101 veni
2584 5046 2796 5100 solvere
2819 5045 3018 5116 legem,
3051 5045 3148 5101 sed
3168 5045 3506 5117 adimplere?
3539 5066 3557 5097 ι

1992 5142 2159 5196 Autsi
2177 5141 2336 5196 aliter
2358 5155 2416 5194 se
2440 5155 2528 5194 res
2549 5139 2736 5204 habet,
2760 5138 3150 5208 nihil,opinor,
3171 5140 3563 5210 impedimento

1994 5236 2156 5291 nobis
2191 5235 2321 5300 erit,
2343 5235 2641 5306 quominus
2693 5241 2981 5290 taurorum
3016 5236 3264 5290 victimis
3313 5251 3377 5290 ac
3403 5235 3563 5288 thure

1992 5329 2166 5383 Deum
2181 5341 2535 5390 veneremur,
2554 5332 2906 5395 turturesquc
2927 5341 2991 5380 ac
3005 5325 3284 5379 columbas
3301 5323 3352 5377 ei
3373 5321 3562 5376 oti‘era-

1996 5433 2146 5483 mus;
2169 5416 2406 5487 denique
2424 5415 2694 5486 quidquid
2708 5415 2907 5486 priscis
2925 5415 3032 5470 illis
3053 5411 3370 5467 hominibus
3392 5410 3564 5468 facere

1995 5505 2164 5562 moris
2191 5506 2314 5572 fuit,
2352 5506 2408 5562 id
2440 5520 2542 5562 nos
2567 5505 2671 5576 ipsi
2709 5519 2930 5574 quoque
2960 5504 3194 5573 implere
3221 5501 3566 5562 studeamus.

3185 5798 3218 5857 5
