4024 6220
485 233 588 290 139

1468 237 1523 291 5.
1564 237 1838 292 CYRlLLl
1879 236 2347 295 ALEXANDRINI
2385 239 2705 296 ARCHIEP.

3641 240 3738 299 “0

553 347 709 404 (ἶγῆ
733 348 904 419 Atqui
935 349 1251 421 longissime
1290 365 1322 405 a
1351 359 1504 406 recto
1557 350 1804 416 aberras,
1846 355 2051 409 amice:

2230 355 2391 409 ΚΥΡ.
2446 355 2571 409 Καὶ·
2599 355 2727 425 μὴν,
2768 345 2812 407 ὦ
2857 354 3076 425 ιταϊρε,
3125 352 3259 407 πολὺ
3299 352 3392 407 τοῦ
3433 356 3736 423 πρέποντος

487 455 611 494 nam
645 439 721 493 ita
754 439 1012 494 abolitam
1040 455 1162 500 esse
1193 439 1364 510 legem
1410 449 1590 510 putas,
1649 452 1710 497 ut
1741 443 1952 498 nullum
1989 460 2058 500 ex

433 520 437 521 ί
487 549 552 588 ea
589 533 829 587 fructum
852 532 1139 601 percipere
1166 530 1350 597 liccat,
1376 538 1432 586 et
1457 532 1710 587 inutilem
1746 533 1867 589 ess‘e
1898 550 2056 605 pror-

488 641 583 681 sus
609 624 676 680 ad
707 637 1091 693 quamcunque
1117 632 1330 693 partem
1382 639 1567 677 rerum
1622 626 2058 680 necessariarum

488 715 871 772 declarandam
898 714 1202 777 existimas,
1240 729 1351 768 non
1386 729 1706 769 conversam
1730 731 1850 770 esse
1876 717 2060 786 potius

487 808 555 862 ad
585 808 876 862 veritatem
920 806 1428 871 demonstrandam,
1461 822 1585 861 cum
1625 807 1828 877 alioqui
1856 808 2060 862 scribat

487 901 680 956 beatus
707 899 910 954 Paulus
941 917 954 951 :
992 919 1010 949 ‹
1042 898 1242 969 Legem
1273 899 1442 969 igitur
1495 898 1834 954 destruimus
1869 916 1964 969 per
1992 898 2058 952 ﬁ-

488 992 612 1048 dem
635 992 817 1046 ?absit
847 994 860 1046 ι
901 990 1007 1046 Sed
1058 991 1231 1061 legem
1265 991 1315 1060 5
1344 991 1636 1046 statuimus
1657 991 1721 1044 ‘°.
1747 1010 1764 1041 ι
1800 989 2058 1061 Ρωάοεο-

488 1101 589 1158 gus
625 1085 770 1138 enim
806 1092 889 1138 est
925 1084 1032 1148 lex,
1077 1091 1240 1152 atque
1272 1082 1477 1153 optime
1505 1082 1758 1152 perducit
1800 1081 1867 1136 ad
1897 1081 2058 1136 Chri-

489 1178 560 1232 sti
600 1176 927 1248 mysterium
962 1176 1025 1228 “.
1059 1175 1153 1229 llla
1195 1190 1327 1228 vero
1349 1215 1362 1239 ,
1397 1190 1516 1244 qua:
1553 1175 1684 1228 olim
1707 1191 1807 1245 per
1838 1173 2058 1242 Moysen

490 1276 619 1323 sunt
648 1267 846 1338 priscis
869 1266 1188 1321 hominibus
1211 1266 1413 1328 edicta,
1439 1265 1712 1321 elementa
1762 1281 1882 1321 esse
1915 1264 2056 1320 dici-

489 1376 614 1416 mus
641 1361 857 1416 exordii
885 1377 1199 1416 sermonum
1257 1361 1358 1415 Dei
1385 1361 1450 1412 “.
1480 1359 1654 1431 Igitur
1703 1361 1749 1416 si
1796 1361 2057 1432 .paadago-

489 1466 616 1521 gum
645 1453 1034 1523 repulerimus,
1077 1453 1202 1522 quis
1238 1467 1341 1508 nos
1379 1452 1446 1506 ad
1487 1451 1694 1508 Christi
1737 1453 2056 1524 mysterium

488 1541 792 1611 perducet?
838 1543 906 1605 Et
951 1543 996 1596 si
1030 1543 1476 1597 recusaverimus
1524 1542 1739 1597 discere
1788 1543 2057 1597 elementa

491 1633 630 1686 initii
664 1631 1142 1696 sermonum'Dei,
1174 1632 1450 1702 quomodo
1477 1632 1738 1704 deinceps
1774 1642 1870 1688 aut
1912 1632 2056 1687 unde

2159 447 2471 518 ἁποκομίζῃ
2500 446 2737 519 μακράψ
2763 446 3166 516 ἀνατετράφθαι
3191 446 3300 517 γάρ
3321 447 3420 498 οίει
3441 445 3530 499 τὸν
3555 447 3738 517 νόμον,

2159 537 2234 600 ὡς
2283 538 2432 590 οὐδὲν
2471 536 2788 590 ἀπώνασθαι
2839 536 2938 606 μὲν
2981 535 3089 588 τῶν
3134 536 3336 598 αὑτοῦ,
3379 536 3476 590 καὶ
3520 538 3738 608 ἀχρεῖον

2159 629 2350 698 ἔχοντα
2375 627 2654 688 παντελῶς
2681 628 2781 698 τὴν
2807 629 2887 690 εἰς
2933 629 3038 680 πᾶν
3066 627 3246 680 ὁτιοῦν
3279 628 3387 681 τῶν
3426 630 3739 697 ἀναγκαίων

2157 719 2406 790 δήλωσιν,
2437 720 2556 790 οὑχί
2599 717 3038 790 μετατετρὰφθαι
3071 719 3269 790 μᾶλλον
3302 719 3463 774 αὐτὸν
3493 723 3572 784 είς
3603 721 3738 793 ἀλη-
3801 719 3808 758 θ

2159 809 2307 871 Θείας
2335 808 2579 876 ἔνδειξιν,
2605 808 2780 861 καίτοι
2818 807 2910 861 τοῦ
2953 808 3222 879 μακαρίου
3251 809 3552 880 γράφοντος
3587 810 3738 865 Παύ-

2157 894 2272 948 λουο
2331 915 2349 948 ι
2407 896 2591 967 Νόμον
2646 893 2740 949 οὖν
2792 896 3176 968 καταργοῦμεν
3220 898 3307 952 διὰ
3351 899 3614 965 πίστεωςς
3665 902 3738 972 μὴ

2158 985 2410 1054 γένοιτοι
2454 986 2589 1040 ἀλλά
2633 987 2794 1058 νόμον
2842 988 3152 1057 ἱστάνομεν.
3185 1008 3204 1040 ι
3253 989 3596 1059 Παιδαγωγεῐ
3633 993 3742 1063 γὰρ

2158 1080 2185 1130 ὁ
2215 1077 2399 1146 νόμος,
2431 1079 2525 1130 καὶ
2549 1079 2814 1150 ἀποφέρει
2842 1064 3030 1142 καλῶς
3053 1082 3132 1143 εἰς
3155 1080 3213 1133 rb
3237 1081 3333 1133 ἐπὶ
3374 1082 3592 1154 Χριστῷ
3642 1102 3742 1154 μυ-

2162 1171 2401 1240 στήριον.
2447 1167 2597 1223 Εἶναι
2630 1170 2686 1223 δέ
2709 1188 2887 1242 φαμεν
2929 1172 2997 1228 τὰ
3042 1172 3209 1225 πάλαι
3235 1173 3320 1226 διὰ
3349 1175 3590 1238 Μωσέως
3628 1179 3741 1240 τοῖς

2158 1260 2531 1332 ἀρχαιοτέροις
2552 1261 2976 1333 τεθεσπισμένα,
3009 1268 3254 1334 στοιχεῖα
3296 1265 3396 1335 τῆς
3429 1268 3605 1336 ἀρχῆς
3632 1267 3743 1321 τῶν

2159 1352 2330 1421 λόγων
2355 1353 2448 1407 τοῦ
2474 1352 2630 1406 Θεοῦ.
2663 1355 2724 1406 El
2758 1355 2815 1408 δὲ
2849 1355 3218 1426 παρεπόμεθα
3247 1356 3336 1409 τὸν
3368 1357 3740 1425 παιδαγωγὸν,

2158 1445 2242 1508 τίς
2267 1446 2412 1515 ἡμᾶς
2451 1444 2530 1498 ἔτι
2565 1445 2840 1517 διακομιεῖ
2874 1448 3011 1517 πρὸς
3039 1448 3099 1500 rb
3125 1448 3362 1519 Χριστοῦ
3406 1450 3741 1521 μυστήριονς

2161 1536 2268 1588 Καὶ
2291 1537 2339 1587 εί
2367 1538 2764 1608 παραιτοίμεθα
2785 1538 2847 1591 rb
2870 1541 3062 1610 μαθεῖν
3085 1539 3155 1592 τὰ
3189 1543 3427 1608 στοιχεῖα
3445 1541 3542 1610 τῆς
3565 1541 3744 1611 ἀρχῆς

2161 1626 2266 1679 τῶν
2291 1627 2485 1696 λογίων
2527 1629 2620 1682 τοῦ
2673 1630 2829 1692 Θεοῦ,
2874 1631 2990 1696 πῶς
3033 1633 3095 1686 ἂν
3141 1631 3220 1686 ἔτι
3265 1631 3467 1695 λοιπὸν,
3510 1631 3542 1703 ἢ
3578 1633 3743 1686 πόθεν

489 1722 777 1793 pervenire
802 1721 870 1776 ad
902 1721 1066 1775 ﬁnem
1091 1722 1394 1792 poterimus
1417 1722 1442 1774 ί
1481 1721 1562 1776 An
1594 1736 1703 1776 non
1725 1720 1872 1775 enim
1901 1722 2053 1791 juxta

2157 1718 2459 1790 ἀφιξόμεθα
2489 1720 2622 1794 πρὸς
2653 1721 2713 1775 τὸ
2742 1721 2926 1789 τέλος;
2957 1723 3029 1776 Ἣ
3056 1724 3164 1794 γὰρ
3193 1724 3253 1776 οὐ
3285 1723 3426 1776 κατά
3453 1723 3553 1786 τάς
3596 1723 3741 1794 Γρα-

490 1815 803 1885 Scripturas
874 1813 1162 1884 plenitudo
1217 1815 1355 1884 legis
1414 1823 1469 1868 et
1523 1813 1918 1883 prophetarum
1977 1821 2053 1867 est

2165 1811 2270 1879 φὰς
2295 1811 2567 1883 πλήρωμα
2596 1813 2761 1883 νόμου
2787 1815 2881 1868 καὶ
2913 1813 3205 1886 προφητῶν
3238 1816 3267 1866 ὁ
3299 1817 3562 1886 Χριστὸςς

487 1906 738 1961 Christus
765 1906 806 1937 ”
829 1907 853 1959 ?

558 1998 753 2052 PALL.
806 1998 1002 2052 Etiam.

557 2085 714 2141 CYR.
752 2085 841 2141 Sic
867 2087 1014 2141 enim
1045 2087 1310 2157 scriptum
1344 2093 1446 2140 est.
1497 2085 1629 2139 Esse
1689 2095 1872 2140 autem
1903 2085 2057 2140 illum

488 2177 622 2248 legis
660 2191 723 2231 ac
750 2177 1141 2246 prophetarum
1168 2174 1567 2246 plenitudinem
1599 2191 1663 2229 ca
1711 2176 1921 2230 ratione
1953 2191 2058 2246 pu-

489 2282 565 2336 to,
591 2273 720 2341 quia
750 2271 804 2325 in
828 2271 980 2325 illum
1030 2269 1213 2326 omnia
1239 2269 1562 2340 prophetica
1599 2276 1654 2322 et
1684 2269 1878 2340 legalia
1928 2285 2058 2324 ora-

488 2363 607 2417 cula
643 2372 909 2433 spectant,
940 2372 1103 2433 atque
1122 2363 1352 2418 obversa
1399 2342 1783 2430 suntfltaque
1817 2361 2054 2426 dicebat,

488 2468 611 2507 cum
650 2451 852 2507 ludatis
917 2452 1358 2506 incredulitatem
1408 2450 1800 2520 exprobraret:
1845 2451 2056 2505 «Nolite

487 2550 680 2611 putare
710 2541 856 2611 quod
887 2557 986 2611 ego
1017 2549 1374 2595 accusaturus
1397 2539 1499 2593 sim
1523 2554 1621 2593 vos
1643 2538 1785 2609 apud
1818 2540 2054 2607 Patrem;

425 2649 428 2651 ·
485 2632 692 2700 estqui
725 2640 947 2685 accusat
1005 2646 1100 2684 vos
1149 2629 1382 2700 Moyses,
1413 2629 1464 2682 in
1507 2644 1617 2698 quo
1651 2644 1746 2683 vos
1801 2630 2054 2699 speratis.

487 2721 544 2776 Si
599 2721 748 2776 enim
789 2719 1090 2775 crederetis
1137 2718 1328 2790 Moysi,
1377 2717 1678 2798 crederetis
1733 2717 1963 2773 forsitan
2001 2729 2056 2773 et

484 2811 660 2877 mihi;
703 2810 770 2865 de
801 2825 887 2865 me
916 2810 1063 2864 enim
1097 2810 1188 2864 ille
1225 2808 1464 2879 scripsit.
1494 2809 1551 2863 Si
1580 2816 1763 2863 autem
1797 2809 1944 2864 illius
1970 2810 2056 2864 lit-

487 2903 624 2957 teris
650 2917 760 2956 non
797 2900 1048 2964 creditis,
1095 2900 1371 2970 quomodo
1422 2899 1610 2954 verbis
1660 2901 1800 2954 meis
1856 2900 2052 2954 crede-

487 2994 558 3048 tis
584 2993 665 3044 “?
700 3010 719 3042 υ
753 2991 890 3046 Cum
927 2991 1093 3061 igitur
1135 3006 1194 3044 se
1228 2989 1442 3044 venisse
1473 2988 1620 3044 dicat
1659 2998 1718 3043 ut
1743 3004 1850 3044 non
1880 2990 2053 3045 solvat

2233 1987 2443 2040 ΠΑΛΛ.
2476 1987 2603 2041 Ναί.

2233 2079 2397 2132 ΚΥΡ.
2431 2079 2743 2150 Γέγραπται
2767 2080 2874 2153 γὰρ
2911 2082 3026 2137 ὡδί.
3060 2083 3339 2154 Πλήρωμα
3363 2082 3420 2136 δὲ
3448 2083 3617 2154 νόμον
3644 2084 3741 2137 καὶ

2162 2167 2474 2239 προφητῶν,
2494 2170 2579 2238 εἴη
2606 2169 2670 2223 ἄν
2691 2187 2703 2199 ·
2741 2172 2820 2234 είς
2848 2172 3010 2224 αὐτὸν
3035 2167 3191 2243 οἶμαί
3218 2190 3320 2226 που
3348 2173 3544 2236 παντὸς
3566 2174 3740 2244 ὁρῶν-

2157 2274 2250 2322 τος
2306 2260 2399 2313 καὶ
2437 2262 2815 2334 τετραμμένου
2865 2264 3202 2334 προφητικοῦ
3259 2281 3318 2318 τε
3371 2266 3464 2319 καὶ
3510 2265 3738 2335 νομικοῦ

2159 2347 2543 2421 θεσπίσματος.
2587 2354 2879 2426 Τοιγάρτοι
2931 2355 3136 2424 ἔφασκε
3175 2356 3274 2420 τὰς
3303 2357 3411 2410 τῶν
3470 2357 3741 2410 Ἰουδαίων

2157 2440 2438 2505 ἀπειθείας
2476 2443 2804 2497 ὲκδυσωπῶν
2829 2462 2841 2475 ο
2886 2464 2903 2496 ε
2937 2447 3026 2518 Μὴ
3069 2447 3294 2512 δοκεῖτε,
3333 2449 3416 2500 ὅτι
3449 2446 3561 2517 ἐγὼ
3608 2464 3741 2501 κατ·

2153 2533 2412 2603 ηγορήσω
2443 2534 2596 2602 ὑμῶν
2626 2535 2762 2605 πρὸς
2790 2537 2879 2589 τὸν
2913 2538 3132 2608 Πατέρα
3153 2555 3166 2568 ·
3191 2538 3338 2593 ἔστιν
3361 2541 3389 2592 ὀ
3417 2539 3739 2610 κατηγορῶν

2156 2621 2184 2671 ὑ
2193 2621 2308 2690 μῶν
2320 2623 2543 2693 Μωσῆς,
2562 2625 2642 2689 είς
2663 2625 2721 2678 ὃν
2740 2627 2896 2697 ὑμεῖς
2912 2627 3200 2697 ἠλπίκατε,
3222 2629 3402 2700 Εἱγὰρ
3424 2630 3737 2683 ἐπιστεύετε

2156 2713 2348 2784 Μωσῇ,
2389 2715 2704 2770 ἐπιστεύετε
2745 2719 2810 2772 ἂν
2851 2721 3007 2790 ὲμοί·
3043 2722 3170 2792 περὶ
3205 2722 3314 2794 γὰρ
3360 2723 3492 2794 ἐμοῦ
3530 2726 3737 2786 ἐκεῖνος

2158 2803 2414 2875 ἔγραψεν.
2449 2807 2510 2860 Εἰ
2543 2809 2600 2862 δὲ
2628 2812 2736 2873 τοῖς
2764 2810 2970 2864 ἐκείνου
2999 2813 3319 2884 γράμμασιν
3340 2815 3399 2868 ού
3428 2816 3736 2880 πιστεύετε,

2156 2895 2273 2959 πῶς
2312 2899 2426 2962 τοῖς
2464 2902 2614 2970 ἐμοῖς
2665 2903 2872 2972 ῥήμασι
2927 2903 3278 2972 πιστεύσετε;
3309 2926 3327 2959 ι
3371 2908 3620 2979 Ἀφῖχθαι
3672 2909 3736 2980 δὴ

2154 2981 2247 3040 οὖν
2293 2989 2342 3041 εί
2393 2987 2561 3058 λέγοι,
2612 2991 2933 3046 καταλύσων
2970 2995 3068 3064 μὲν
3115 2997 3370 3068 οὐδαμῶς
3410 2999 3500 3052 τὸν
3552 3001 3736 3071 νόμον,

485 3082 679 3152 legem,
719 3080 814 3135 sed
865 3080 1047 3151 potius
1096 3087 1156 3134 ut
1206 3078 1475 3149 perficiat,
1525 3080 1636 3133 noli
1675 3087 1865 3150 putare
1918 3079 2051 3134 sub-

2159 3078 2517 3150 ἀποπερανῶν
2550 3081 2606 3134 δὲ
2638 3082 2837 3152 μᾶλλον
2864 3084 3044 3150 αὑτὸν,
3081 3085 3156 3158 μὴ
3185 3089 3282 3158 τὴν
3317 3090 3396 3153 εἰς
3430 3091 3575 3144 ἅπαν
3607 3093 3739 3147 ἀνα·-

484 3173 794 3228 versionem
822 3187 1016 3227 eorum
1043 3187 1164 3242 quae
1185 3171 1316 3224 olim
1347 3169 1558 3224 sancita
1583 3179 1730 3234 sunt,
1759 3169 1854 3224 sed
1883 3170 2051 3226 veluti

485 3265 931 3320 reformationem
980 3279 1100 3319 esse
1135 3262 1332 3317 factam
1361 3303 1376 3327 ,
1430 3269 1486 3316 et
1518 3277 1708 3316 eorum
1747 3278 1868 3332 qum
1903 3262 1956 3317 in
1994 3263 2054 3316 ἢ·

482 3357 634 3428 guris
683 3355 1006 3410 adumbrata
1035 3362 1212 3419 erant,
1253 3361 1315 3407 ut
1347 3355 1421 3407 ita
1467 3353 1668 3416 dicam,
1709 3354 2052 3409 reensionem

481 3449 547 3505 ad
581 3446 981 3518 expressiorcm
1016 3445 1246 3500 formam
1279 3445 1555 3498 veritatis.

552 3538 746 3594 PALL.
775 3540 944 3593 Recte
982 3538 1141 3591 dicis.

547 3629 704 3684 CYR.
738 3627 817 3682 Ac
844 3628 948 3682 tale
979 3626 1241 3696 quiddam
1301 3641 1331 3680 a
1368 3625 1590 3682 Christo
1624 3625 1741 3680 ﬁeri
1779 3625 2047 3696 oportuit.

481 3719 587 3788 Qui
655 3719 708 3773 in
767 3717 969 3772 tabulis
1018 3715 1360 3786 picturisque
1424 3715 1717 3770 artiﬁcium
1773 3724 2049 3781 exercent,

480 3827 589 3864 non
621 3809 804 3864 statim
838 3816 1001 3876 atque
1050 3807 1273 3878 pingere
1305 3807 1598 3877 incipiunt,
1631 3823 1751 3862 eam
1803 3808 2045 3878 speciem

477 3899 706 3972 picturis
737 3898 1028 3965 inducunt,
1047 3897 1135 3952 cui
1159 3897 1235 3952 nil
1264 3897 1427 3963 desit,
1454 3907 1617 3968 atque
1641 3914 1708 3953 ex
1732 3899 1886 3953 omni
1915 3915 2045 3970 par-

480 4003 530 4048 te
563 3991 807 4063 perfecta
829 3990 922 4054 sit,
954 3989 1051 4045 scd
1084 3989 1410 4060 simpliciori
1443 3990 1598 4061 prius
1630 4005 1694 4046 ac
1737 3991 1923 4061 minus
1953 4007 2048 4046 ve-

479 4093 648 4138 nusto
679 4083 864 4138 colore
895 4080 1016 4137 illas
1048 4079 1396 4147 adumbrant,
1422 4091 1480 4136 et
1517 4081 1677 4153 longe
1703 4082 2050 4138 obscuriores

477 4185 638 4230 antea
675 4174 894 4245 ﬁguras,
935 4189 1097 4244 quam
1129 4173 1321 4238 velint,
1347 4174 1523 4229 oculis
1549 4185 1850 4244 exponunt.
1879 4175 2047 4229 Deni-

474 4280 580 4335 que
613 4264 828 4318 umbris
855 4263 962 4317 illis
985 4263 1208 4318 illinunt
1232 4263 1471 4318 colorem
1497 4264 1692 4332 cuique
1720 4265 2045 4319 decentissi-

2154 3170 2359 3243 τροπὴν
2390 3172 2501 3226 τῶν
2532 3174 2698 3228 πάλαι
2717 3176 3162 3249 τεθεσπισμένων
3181 3179 3466 3251 εἰργάσθαι
3487 3180 3732 3235 διανοοῦο

2157 3262 2353 3332 μᾶλλον
2385 3264 2442 3318 δὲ
2490 3267 2878 3336 μεταπλασμὸν
2909 3270 3098 3342 ὥσπερ
3158 3273 3299 3335 τινὰ,
3330 3283 3424 3326 και
3468 3274 3531 3326 (ν’
3559 3273 3736 3340 οὕτως

2156 3350 2316 3414 εἴπω,
2355 3354 2726 3424 μεταχάραξιν
2754 3358 2860 3410 τῶν
2890 3360 2948 3413 ὲν
2971 3359 3159 3424 τύποις
3180 3362 3272 3415 ἐπὶ
3299 3363 3360 3415 rb
3385 3363 3602 3434 ἀληθές.

2225 3527 2434 3581 ΠΛΛΛ.
2477 3529 2680 3597 Ὀρθῶς
2705 3530 2862 3603 ἔφης.

2221 3618 2383 3671 ΚΥΡ.
2426 3620 2535 3673 Καὶ
2548 3621 2609 3690 δὴ
2632 3621 2776 3674 τοιοῦ
2788 3640 2870 3676 τον
2894 3622 2999 3677 ἔδει
3023 3625 3276 3693 γενέσθαι
3301 3630 3450 3699 παρὰ
3466 3627 3509 3682 X
3520 3629 3728 3701 ριστοῦ.

2154 3708 2216 3762 Ol
2249 3710 2346 3780 τὴν
2365 3711 2420 3764 ὲν
2437 3711 2621 3776 πίναξι
2654 3714 2748 3766 uati
2768 3718 3004 3785 γραφαῖς
3033 3717 3315 3789 εὐτεκνίαν
3334 3721 3726 3792 ἑξησκηκότες,

2149 3801 2248 3854 οὐκ
2273 3801 2436 3866 εὐθὺς
2476 3802 2568 3856 τοῦ
2601 3805 2835 3876 γράφειν
2863 3809 3176 3879 ἀρχόμενοι,
3207 3812 3267 3864 τὸ
3293 3813 3554 3878 ἀνενδειῖκ
3583 3815 3727 3886 ἔχον,

2150 3889 2247 3944 καὶ
2278 3892 2356 3955 είς
2385 3891 2531 3946 ἆπαν
2569 3895 2975 3967 ἀπηρτισμένον
3018 3899 3371 3970 ἐπιφέρουσιν
3423 3898 3558 3968 εἶδος
3605 3907 3728 3968 rat;

2148 3985 2409 4054 γραφαῖς,
2429 3985 2486 4037 ἐν
2511 3985 2640 4042 εῐὸει
2667 3985 2931 4057 πρότερον
2965 3989 3059 4041 καὶ
3076 3990 3270 4044 ἀκαλλε
3281 3992 3453 4064 στέρῳ
3473 3992 3728 4066 χρώματι

2151 4069 2618 4146 σκιαγραφοΰντες
2652 4075 2724 4147 (l)
2760 4072 2820 4129 εὖ
2877 4077 3040 4148 μάλα,
3082 4081 3175 4133 καὶ
3204 4074 3385 4156 ὦνπερ
3419 4083 3484 4137 ἂν
3523 4084 3727 4139 ἕλοιντο

2146 4167 2308 4236 τυχὸν
2342 4167 2817 4238 ἀμυδροτέρωνέτι
2838 4171 2962 4234 τοὺς
2986 4171 3188 4236 τύπους
3206 4177 3723 4246 προαναφαίνοντες,
3747 4245 3750 4247 λ

2147 4253 2266 4310 εἶτα
2297 4261 2416 4321 ταῖς
2447 4259 2626 4336 σκιαῖς
2664 4259 3066 4330 ἐπαλείφοντες,
3095 4264 3156 4317 rb
3194 4266 3398 4340 ἑκάστῃ
3428 4268 3634 4338 πρέπον
3663 4286 3723 4322 τε

471 4373 621 4412 mum
645 4369 705 4410 ac
724 4355 954 4409 maxime
978 4370 1280 4424 congruum
1303 4355 1408 4420 ;ita
1445 4354 1697 4408 rudiores
1715 4354 1834 4409 illas
1847 4354 2046 4424 ﬁguras

2157 4351 2246 4402 καὶ
2278 4351 2684 4422 ἁρμοδιώτατον
2730 4354 2938 4424 σχῆμα,
2983 4357 3350 4429 μεταφέρουσι
3371 4362 3493 4424 τοὺς
3519 4361 3725 4425 τύπους

469 4448 538 4503 ad
567 4447 911 4517 perspicuam
941 4461 1004 4499 ac
1031 4446 1188 4514 longe
1217 4443 1668 4512 prmstantiorem,
1699 4461 1859 4513 quam
1883 4455 2039 4500 antea

2157 4443 2204 4504 ὲς
2231 4415 2370 4506 εἶδος
2412 4442 2474 4496 τὸ
2501 4415 2890 4514 ὲμφανὲςίᾏίάὶ
2925 4415 3276 4520 ἀσυγκρίτως
3307 4415 3547 4521 ἄμεινον,
3583 4453 3616 4523 ἢ
3660 4415 3724 4508 rb

467 4539 666 4603 fuerat,
694 4539 930 4607 speciem
963 4534 1316 4589 transferunt.
1337 4533 1529 4587 Annon
1555 4535 1628 4590 ita
1651 4551 1708 4589 se
1730 4552 1817 4590 res
1842 4536 2040 4593 habet?

537 4629 738 4684 PALL.
771 4628 967 4681 Fateor
1013 4624 1293 4694 equidem.

536 4719 693 4775 CYR.
739 4719 858 4774 .lam
916 4731 1047 4770 vero
1104 4715 1243 4770 fabri
1282 4717 1484 4780 aerarii,
1523 4717 1567 4771 si
1606 4717 1745 4773 forte
1802 4729 2035 4776 statuam

2145 4534 2203 4584 ὲν
2235 4533 2450 4604 ἀρχαῖς.
2487 4535 2557 4589 Ἢ
2584 4535 2681 4607 οὐχ
2703 4529 2804 4591 ὧδε
2836 4537 2983 4608 ἔχεις

2207 4626 2416 4681 ΠΑΛΛ.
2457 4629 2673 4698 Ἔγωγέ
2708 4647 2780 4700 φη
2790 4649 2874 4701 μι.
3373 4706 3380 4714 ⁸

2211 4719 2375 4774 ΚΥΡ.
2412 4720 2476 4773 Οἱ
2521 4721 2576 4773 δὲ
2611 4721 2676 4792 δὴ
2717 4721 2816 4793 τὴν
2863 4723 3266 4797 χαλκουργικὴν
3311 4728 3722 4799 ἐπιτηδεύοντες

466 4809 735 4865 conﬁcere
757 4808 946 4870 velint,
974 4822 1097 4862 cera
1133 4809 1285 4879 prius
1306 4809 1497 4864 rudem
1535 4809 1824 4880 quemdam
1854 4820 2036 4884 typum

2157 4812 2454 4883 ἐμπειρίαν,
2505 4814 2798 4886 ἀνδριάντα
2828 4816 2990 4886 τυχὸν
3019 4820 3068 4871 εί
3111 4815 3385 4887 βούλοιντο
3417 4820 3721 4891 διαπήγνυ·

466 4902 722 4965 formant,
757 4916 934 4972 eoque
959 4899 1070 4969 igni
1115 4901 1428 4971 absumpto,
1459 4902 1900 4972 colliquefaetum
1949 4905 2035 4958 in-

2157 4902 2290 4965 ςθαι,
2324 4903 2479 4975 κηρῷ
2516 4905 2614 4976 μὲν
2639 4906 2698 4959 τὸ
2731 4906 2944 4977 πρῶτον
2975 4908 3055 4968 είς
3102 4904 3242 4972 εἶδος
3283 4911 3508 4980 ἄγουσιν
3549 4913 3718 4984 ἀδρα-

465 4991 722 5056 fundunt,
756 5002 920 5062 atque
948 4991 1023 5045 ita
1052 4989 1121 5044 ad
1151 4991 1456 5046 absolutam
1483 4991 1717 5047 formam
1748 5003 1912 5064 atque
1936 4995 2033 5049 de—

2157 4993 2250 5058 ρὲς,
2278 4990 2397 5048 εἷτα
2445 4999 2577 5067 πυρὶ
2618 4999 3038 5069 κατατήκοντες,
3069 5001 3347 5071 ὲπιχέουσι
3376 5002 3466 5057 τὸν
3493 5004 3714 5074 χαλκὸν,

465 5095 648 5135 corem
686 5095 825 5150 opus
864 5079 1195 5149 perducunt.
1255 5079 1394 5135 Cum
1424 5082 1636 5137 umbris
1694 5083 1804 5138 illis
1839 5101 2034 5154 super—

2157 5085 2333 5155 ἱγουσί
2363 5104 2421 5139 τε
2459 5088 2600 5141 οὕτω
2632 5089 2768 5161 πρὸς
2812 5091 2874 5143 rb
2911 5090 3112 5160 ἀρτίως
3159 5091 3281 5164 ἔχον
3318 5089 3456 5158 είδός
3507 5111 3567 5147 τε
3620 5095 3717 5149 καὶ

462 5171 519 5242 6
557 5169 779 5225 inducta
826 5171 898 5225 sit
951 5171 1200 5226 colorum
1254 5173 1510 5237 varietas,
1559 5181 1795 5244 eumque
1851 5176 1970 5231 illas
2003 5193 2032 5231 e

2157 5179 2333 5243 ιάλλος
2362 5175 2421 5232 εὖ
2465 5179 2608 5250 μάλα
2637 5181 2697 5233 τὸ
2722 5183 3236 5256 τεχνουργούμενον.
3268 5184 3716 5259 Ἐπιρῥιφθείσης

463 5277 589 5318 cera
622 5260 822 5333 ﬁguras
842 5276 917 5317 ass
939 5261 1333 5332 absumpserit,
1390 5262 1563 5317 videri
1590 5265 1812 5335 quidem
1861 5267 2033 5337 possit

2157 5270 2191 5322 ῖὲ
2220 5273 2336 5334 ταῖς
2372 5274 2552 5336 σκιαῖς
2595 5274 2696 5344 τῆς
2736 5275 2844 5329 τῶν
2885 5277 3193 5348 χρωμάτων
3237 5279 3567 5344 πολυειδίας,
3618 5281 3716 5335 καὶ

463 5355 676 5424 priores
723 5353 845 5409 illas
875 5352 1080 5410 formas
1117 5352 1350 5410 abolitas
1402 5363 1566 5424 atque
1597 5372 1818 5412 eversas
1862 5373 1984 5414 esse
2016 5378 2028 5412 :

2157 5359 2243 5431 ιὴν
2278 5361 2372 5416 καὶ
2408 5361 2608 5432 χαλκοῦ
2650 5363 2720 5419 τά
2753 5365 2817 5420 ὲκ
2865 5367 3038 5440 κηροῦ
3074 5370 3496 5442 κατατήκοντος,
3540 5369 3717 5438 δόξειε

530 5504 606 5574 (1)
637 5505 822 5562 Codex
849 5507 1055 5574 Sirleti,
1089 5507 1170 5563 ἑνὶ
1203 5507 1263 5562 δὲ
1295 5508 1358 5581 δὴ
1393 5509 1657 5582 πρότερον
1692 5511 1786 5566 καὶ
1810 5513 2050 5567 ἀκαλλεσ

2157 5534 2196 5586 ῳ
2226 5517 2467 5588 σχήματι
2493 5536 2716 5592 σκιαγρ.

539 5635 754 5690 "Rom.
793 5655 869 5706 ut,
915 5640 1002 5694 31.
1082 5645 1120 5675 “
1152 5643 1324 5699 Galat.
1364 5645 1560 5714 "1,24.
1646 5647 1686 5679 "
1721 5647 1887 5704 llebr.
1916 5668 1966 5717 v,
2004 5650 2089 5704 12.
2171 5653 2214 5683 ⁸³
2249 5653 2406 5708 Rom.
2460 5670 2511 5720 κ,
2549 5656 2600 5708 4.
2671 5656 2725 5732 _”
2775 5657 2930 5713 Joan.
2993 5676 3046 5726 v,
3087 5660 3279 5718 45-47.
