4024 6220
302 277 397 333 Nl
1015 268 1106 322 DE
1156 264 1598 325 ADOBATIONE
1634 264 1703 327 ΙΝ
1747 258 1909 322 SPlRl

2055 265 2143 320 ΕΤ
2173 266 2540 323 VERITATE.
2580 270 2708 324 LIB.
2750 271 2789 323 l.
3463 282 3567 338 ηε

301 395 404 467 μὲν
436 390 507 446 ἂν
536 385 840 461 ἡθιτῆσθαί
888 403 947 439 τε
994 384 1087 438 καὶ
1134 378 1542 453 ἀνατετράφθαι
1587 380 1780 453 βραχὺ.
1817 379 1883 432 τά

2014 381 2042 435 d
2073 397 2204 437 vero
2229 399 2392 439 secus
2417 393 2522 439 est.
2578 385 2714 441 Nam
2751 398 2809 442 et
2839 384 2995 444 faber
3021 391 3247 446 uarius
3293 399 3351 447 et
3386 395 3566 464 pictor

250 482 499 597 ι
527 497 587 535 τε
616 480 710 597 κέλ
753 480 811 583 έν
844 478 1011 597 ea.
1040 474 1478 597 ure-45::
1486 469 1885 597 3:231:21”

253 561 261 649 ξ
298 576 360 629 τὸ
385 575 582 646 χρῆμα
611 573 678 642 τῇ
706 568 885 639 φύσει.
908 569 1068 628 ⁴ιιαῖεν
1087 567 1197 638 γὰρ
1224 564 1290 620 ἂν
1311 563 1692 634 ἀληθεύοντες,
1718 561 1887 632 χαλκ-

252 654 258 689 ²
298 665 501 738 ουργός
543 680 604 716 τε
656 663 751 716 καὶ
775 658 1020 737 γραφεύς
1039 675 1052 687 ·
1085 658 1158 712 οὐ
1186 655 1566 726 κατελύσαμεν
1588 653 1685 716 τὰς
1709 650 1887 716 σκιὰς,

299 759 407 810 οὐκ
434 757 519 819 εἰς
551 754 882 825 ἀχρειότητα
896 749 1137 821 παντελῆ
1164 748 1511 812 τοὺς’τύπους
1540 744 1887 815 ἐπέμψαμεν,

305 846 760 918 πεπληρώκαμεν
801 844 860 897 δὲ
913 843 1132 915 gmw.
1171 841 1239 896 '0
1276 841 1386 914 γὰρ
1418 836 1488 912 ἦν
1537 839 1667 893 ἰδεῖν
1712 836 1790 901 ὡς
1832 837 1922 888 ὲν·

305 943 492 1003 σκιαῖς
518 939 602 992 ἔτι
627 939 725 993 καὶ
742 937 937 1001 τύποις
962 935 1332 1008 ἀφανέστερόν
1348 952 1409 988 τε
1442 934 1539 988 καὶ
1563 930 1893 987 ἀκαλλέστε-

311 1050 429 1103 ρον,
455 1031 613 1086 τοῦτο
645 1028 995 1102 προϐέϐηκεν
1025 1028 1121 1083 ἐπὶ
1158 1027 1221 1081 τὸ
1251 1025 1473 1098 ἄμεινόν
1498 1041 1559 1078 τε
1588 1024 1678 1077 καὶ
1713 1023 1892 1094 ἐμφα-

308 1123 585 1193 νέστερον.
1000 1176 1005 1182 ,

382 1215 591 1270 HAAA.
629 1207 703 1266 Εὖ
724 1210 923 1281 λέγεις.

2065 1198 2261 1253 PALL.
2296 1201 2464 1256 Recte
2504 1202 2662 1258 dicis.

373 1310 544 1366 KTP.
576 1306 689 1360 Kal.
722 1304 887 1374 εἴπερ
931 1318 1020 1366 τις
1047 1300 1225 1355 ἕλοιτο
1252 1296 1730 1368 πολυπραγμονεῖν
1761 1292 1895 1363 ἀλη-

2064 1286 2221 1343 CYR.
2250 1290 2328 1344 Ac
2350 1292 2398 1346 si
2417 1294 2542 1362 quis
2591 1295 2830 1350 voluerit
2861 1298 3008 1353 serio
3043 1316 3251 1360 sacram
3290 1315 3346 1362 et
3376 1307 3571 1363 divini-

304 1407 420 1469 θῶς
447 1403 551 1474 τὴν
586 1398 742 1471 ἱεράν
782 1414 844 1450 τε
888 1395 981 1450 καλ⁸
1019 1393 1376 1448 θεόπνευστον
1416 1388 1660 1461 Γραφὴν,
1692 1386 1897 1440 εἴσεται

2014 1396 2084 1435 .us
2113 1380 2433 1451 inspiratam
2468 1384 2808 1455 Scripturam
2862 1392 3253 1463 pervestigare,
3289 1398 3426 1453 sciet
3451 1415 3570 1454 om-

302 1499 374 1568 δὴ
415 1471 639 1555 πάντως
681 1487 882 1560 ἀληθὲς
921 1485 1186 1557 ὑπάρχον,
1214 1484 1245 1536 ὅ
1286 1498 1450 1554 φημι.
1485 1480 1765 1551 Κάλυμμα
1790 1477 1900 1547 γὰρ

2014 1471 2131 1524 iino
2153 1487 2345 1526 verum
2374 1489 2496 1529 esse
2534 1475 2682 1544 quod
2706 1476 2819 1531 dixi
2859 1496 2871 1531 :
2916 1480 3167 1538 velamen
3195 1486 3345 1541 enim
3398 1503 3572 1558 pone-

306 1561 480 1642 ἐτίθει
522 1581 733 1652 Μωσῆς
766 1579 859 1633 ιπι
896 1577 960 1632 τδ
1002 1576 1294 1648 πρόσωπον
1341 1574 1542 1638 αὐτοῦ,
1576 1571 1666 1624 διὰ
1705 1568 1768 1623 τδ
1825 1568 1899 1637 μὴ

2014 1569 2099 1616 nat
2125 1561 2338 1634 Moyses
2366 1578 2533 1634 super
2572 1564 2767 1621 faciem
2808 1583 2987 1635 suam,
3028 1587 3096 1627 eo
3125 1575 3275 1643 quod
3305 1593 3414 1632 non
3443 1594 3572 1649 pos—

1988 566 2240 633 umbras,
2266 584 2448 639 neque
2498 569 2576 624 ita
2634 570 2803 626 rudes
2832 572 2953 627 illas
2985 572 3207 645 ﬁguras,
3244 584 3307 630 ut
3340 577 3565 634 inutiles

1990 670 2220 725 prorsus
2241 658 2568 730 abjccimus,
2616 661 2715 717 sed
2755 664 2941 732 potius
2987 665 3354 736 implevimus.
3407 671 3564 738 Quod

1988 749 2137 803 enim
2177 749 2235 804 in
2271 752 2486 808 umbris
2521 753 2705 809 adhuc
2753 764 2916 826 atque
2955 756 3150 828 ﬁguris
3184 760 3473 819 obscurius
3501 779 3565 819 ac

1989 840 2175 895 minus
2199 846 2857 925 venustumgidebatur,
2913 849 2968 903 id
3014 851 3083 905 ad
3121 852 3406 910 meliorem
3438 856 3563 911 illu-

1991 933 2363 1003 strioremque
2391 935 2624 990 formam
2657 939 2931 1008 pervenit.

1989 488 2120 528 vere
2177 474 2465 531 dixerint:
2497 476 2607 533 Nos
2636 477 2861 547 quidem
2913 478 3142 537 minime
3193 481 3567 543 destruximus
3666 536 3675 545 ,

308 1676 573 1733 δύνασθαι
596 1674 723 1736 τοὺς
752 1669 905 1734 υἰοὺς
945 1666 1164 1741 Ἰσραὴλ
1203 1665 1473 1731 ἀτενίζειν
1512 1665 1590 1728 εἰς
1630 1662 1693 1716 τὸ
1736 1659 1904 1733 πρόσ-

318 1786 469 1824 ωπον
496 1765 677 1828 αὐτοῦ,
704 1762 847 1819 κατά
872 1761 933 1815 τὸ
962 1758 1370 1832 γεγραμμένον.

366 1898 373 1903 -
398 1857 604 1912 ΠΑΛΛ.
641 1855 750 1909 Καὶ
778 1853 832 1906 τί
863 1851 929 1923 δὴ
960 1849 1121 1905 τοῦτο
1146 1848 1487 1922 παραδηλοῖ,

383 2033 551 2087 ΚΥΡ.
609 2031 744 2094 Ταῖς
785 2029 894 2100 γάρ
937 2027 1208 2082 Ἰουδαίων
1257 2024 1519 2092 διανοίαις
1565 2021 1898 2094 παχυτέραις

314 2124 505 2188 δῦσαις
528 2124 613 2175 ἔτι
644 2121 801 2175 οἱστά
827 2120 926 2191 μέν
955 2137 1072 2183 πως
1099 2114 1171 2190 ἦν
1199 2116 1270 2173 τὰ
1299 2116 1550 2187 ἐξωφανῆ
1583 2114 1677 2168 τοῦ
1707 2114 1896 2184 νόμου,

2002 1662 2125 1709 sent
2163 1653 2260 1708 filii
2301 1654 2471 1711 Israel
2510 1655 2797 1712 intendere
2855 1660 2910 1714 in
2942 1659 3137 1717 faciem
3172 1665 3364 1734 ipsius,
3432 1669 3575 1725 sicut

1928 1733 1972 1787 Β
2000 1746 2267 1817 scriptum
2299 1755 2385 1802 est
2425 1748 2489 1800 ³⁸.

2071 1836 2267 1891 PALL.
2304 1838 2513 1909 Ecquid
2546 1837 2681 1895 illud
2722 1849 2808 1895 est
2847 1842 2994 1913 quod
3042 1844 3147 1900 hoc
3179 1846 3325 1903 facto
3369 1849 3576 1921 signiﬁ—

2002 1929 2200 1984 catur?

2067 2020 2226 2078 CYB.
2256 2022 2572 2080 Iudaeorum
2596 2041 2833 2097 namque
2855 2039 3071 2087 mentes
3103 2046 3229 2087 cum
3263 2032 3579 2090 hebetiores

2001 2112 2183 2168 adhuc
2214 2122 2418 2178 essent,
2459 2116 2734 2171 exteriore
2766 2118 2903 2190 legis
2946 2120 3131 2190 aliquo
3160 2122 3323 2179 modo
3375 2124 3579 2179 tolera-

317 2216 464 2286 φημὶ
514 2214 668 2285 δὲδὴ
710 2212 871 2267 πάλιν
920 2210 989 2264 τὰ
1045 2209 1134 2265 διὰ
1195 2208 1359 2282 μόνου
1407 2207 1501 2262 τοῦ
1551 2206 1898 2279 γράμματος,

2014 2202 2135 2256 bilia
2159 2202 2514 2272 judicabant;
2545 2220 2631 2269 ea,
2665 2204 2919 2275 inquam,
2964 2226 3087 2279 qua:
3108 2227 3208 2281 per
3228 2212 3398 2268 solam
3428 2213 3579 2269 litte-

294 2310 573 2379 ﬁeo'p'qm
614 2306 673 2358 δὲ
717 2306 809 2358 καί⁸
844 2302 1168 2374 ἀπρόὸλητα
1220 2300 1521 2364 παντελῶς,
1565 2300 1635 2352 τὰ
1676 2297 1783 2350 ἔσω
1810 2312 1901 2349 κε-

2014 2308 2123 2348 ram
2150 2292 2629 2363 significabantur;
2657 2295 2852 2352 iisdem
2889 2313 3012 2353 vero
3034 2314 3146 2353 non
3168 2299 3394 2356 ferenda
3413 2313 3467 2358 et
3487 2302 3583 2357 ab.

313 2394 634 2471 κρυμμὲνα,
666 2396 763 2448 καὶ
805 2394 873 2446 ἵν’
915 2391 1090 2455 οὕτως
1131 2392 1373 2463 εἰπωμεν
1398 2388 1460 2444 τὸ
1479 2388 1588 2443 τῶν
1616 2388 1903 2459 νοημάτων

2014 2381 2244 2452 iicienda
2265 2383 2492 2437 omnino
2510 2383 2865 2447 videbantur,
2895 2401 3017 2455 qua)
3045 2387 3279 2444 interius
3314 2389 3579 2452 latebant,

316 2489 615 2561 πρόσωπον
658 2484 882 2561 ἀληθές.
923 2483 1213 2555 Τοιγάρτοι
1251 2481 1418 2544 καὶὸ
1457 2478 1743 2542 θεσπέσιος
1772 2479 1902 2549 ἡμῖν

2014 2484 2190 2545 atque,
2216 2484 2279 2531 ut
2294 2475 2367 2530 ita
2395 2474 2596 2540 dicam,
2621 2475 2738 2545 ipsa
2756 2491 3017 2532 sensuum
3038 2494 3165 2534 vera
3180 2480 3369 2543 facies.
3396 2481 3584 2553 Itaque

321 2582 528 2649 γράφει
550 2577 761 2641 Παῦλος
784 2594 798 2607 ·
829 2596 848 2630 ι
879 2578 1044 2648 ’Δχρι
1070 2573 1181 2647 γὰρ
1205 2574 1303 2645 τῆς
1338 2574 1578 2645 σήμερον
1605 2568 1816 2641 ἡμέρας
1844 2569 1905 2623 τὸ

2014 2567 2200 2622 beatus
2245 2582 2468 2638 quoque
2519 2566 2725 2622 Paulus
2762 2568 2993 2622 scribit:
3060 2589 3078 2621 ι
3109 2570 3247 2626 Nam
3300 2586 3475 2642 usque
3527 2573 3584 2627 in

322 2674 458 2728 αὐτὸ
480 2671 743 2741 κάλυμμα
769 2668 865 2722 ἐπὶ
882 2669 947 2739 τῇ
978 2664 1284 2735 ἀναγνώσει
1314 2663 1415 2734 τῆς
1441 2661 1684 2725 Παλαιᾶς
1710 2659 1906 2731 Διαθή-

2014 2658 2337 2715 hodiernum
2369 2659 2517 2714 diem
2551 2658 2606 2713 id
2636 2658 2815 2728 ipsum
2844 2660 3096 2717 velamen
3124 2662 3181 2717 in
3203 2662 3439 2719 lectione
3477 2665 3584 2720 Ve-

318 2784 429 2838 κης
463 2765 617 2836 μένει
649 2763 724 2835 μὴ
753 2761 1292 2832 ἀνακαλυπτόμενον,
1320 2760 1403 2813 ὅτι
1431 2760 1489 2812 ὲν
1516 2756 1738 2830 Χριστῷ
1769 2772 1903 2810 κατ-

2014 2752 2141 2808 teris
2165 2752 2502 2809 Testamenti
2542 2762 2729 2811 manet
2772 2768 2884 2808 non
2938 2755 3276 2823 revelatum;
3324 2757 3584 2827 quoniam

316 2858 600 2925 ἀργεῖται.
638 2854 777 2906 Ἀλλ’
809 2853 917 2916 ἕως
943 2852 1221 2923 σήμερον,
1265 2849 1426 2920 ἡνίκα
1466 2846 1906 2917 ἀναγινώσκηται

2014 2845 2066 2899 in
2111 2843 2332 2900 Christo
2383 2856 2706 2903 evacuatur.
2763 2846 2871 2903 Sed
2920 2863 3096 2918 usque
3154 2849 3210 2904 in
3254 2850 3587 2906 hodiernum

318 2946 559 3016 Μωσῆς,
601 2945 866 3015 κάλυμμα
909 2943 1004 2996 ἐπὶ
1049 2942 1150 3012 τὴν
1178 2940 1405 3013 καρδίαν
1430 2940 1612 2994 αὐτῶν
1641 2941 1838 2993 κεῖται.
1881 2955 1900 2987 ι

2014 2936 2175 3000 diem,
2221 2952 2349 2992 cum
2392 2938 2594 3009 legitur
2641 2939 2872 3010 Moyses,
2925 2940 3175 2995 velamen
3225 2942 3465 3011 positum
3504 2952 3588 2998 est

334 3038 485 3094 Ἀλλ’
513 3031 616 3092 ὧδε
648 3036 750 3107 μὲν
777 3036 843 3106 δὴ
865 3035 935 3089 τά
957 3034 1067 3088 τῶν
1102 3034 1373 3088 Ἰουδαίων
1398 3032 1627 3091 ἑστάτω.
1660 3050 1679 3082 ι
1721 3031 1908 3102 Ἡμεῖς

2014 3043 2178 3099 super
2208 3044 2304 3085 cor
2325 3045 2520 3085 eorum
2553 3029 2648 3083 ’⁶.›
2679 3028 2787 3086 Sed
2815 3030 2893 3086 ita
2913 3031 3136 3101 quidem
3161 3032 3475 3091 Iudaeorum
3498 3050 3588 3090 res

318 3137 385 3192 δὲ
421 3131 490 3203 δὴ
543 3131 763 3193 πάντες,
795 3125 1304 3199 ἀνακεκαλυμμένῳ
1327 3123 1623 3197 προσώπῳ,
1663 3142 1682 3176 ι
1727 3124 1907 3194 φησιν,

328 3244 352 3276 ι
392 3225 493 3294 τὴν
549 3222 707 3288 δόξαν
754 3220 959 3293 Κυρίου
1016 3217 1530 3289 κατοπτριζόμενοι,
1597 3216 1696 3288 τὴν
1743 3215 1913 3284 αὐτὴν

321 3313 520 3368 εἰκόνα
551 3305 1053 3381 μεταμορφούμεθα
1085 3306 1194 3361 ἀπὸ
1229 3305 1389 3376 δόξης
1426 3306 1507 3369 εἰς
1534 3303 1709 3371 δόξαν,
1745 3302 1915 3358 καθά-

321 3418 437 3471 περ
480 3401 593 3453 ἀπὸ
623 3399 831 3471 Κυρίου
862 3397 1205 3468 πνεύματος”
1236 3398 1264 3450 ό
1288 3396 1347 3450 δὲ
1370 3395 1577 3468 Κύριος
1603 3395 1666 3450 τὸ
1698 3392 1916 3465 πνεῦμά

322 3496 499 3548 ἔστιν.
541 3513 560 3543 ›
600 3492 811 3559 Ὠσπερ
840 3490 950 3563 γὰρ
976 3491 1025 3544 οἱ
1049 3491 1109 3544 ἐν
1138 3489 1390 3561 ἐσόπτρῳ
1420 3488 1706 3559 βλέποντες
1731 3488 1914 3542 εἰκόνα

324 3587 425 3639 καὶ
457 3585 634 3638 τύπον
676 3584 771 3637 τοῦ
800 3583 1054 3654 ἀληθοῦς,
1084 3584 1180 3639 καί
1205 3582 1306 3638 οὐκ
1334 3581 1468 3636 αὐτό
1496 3599 1599 3636 που
1627 3581 1690 3635 τὸ
1716 3579 1914 3652 ἀληθὲς

326 3676 798 3747 ὲγκαταθρήσειαν
816 3676 914 3740 ἀν’,
946 3675 1086 3730 κατά
1112 3678 1204 3731 τὸν
1229 3676 1393 3729 αὑτὸν
1425 3673 1583 3747 οἶμαι
1616 3674 1839 3746 τρόπον,
1864 3674 1915 3727 οἱ

326 3770 428 3839 τῆς
441 3770 507 3823 ὲν
525 3769 751 3839 Χριστῷ
776 3767 1047 3831 πολιτείας
1066 3768 1128 3821 τὸ
1140 3767 1335 3831 κάλλος
1356 3765 1747 3839 ἐπιθυμοῦντες
1762 3765 1911 3829 ἰδεῖν,

329 3857 593 3929 καθάπερ
621 3857 875 3929 ἐσόπτρῳ
899 3855 978 3927 τῷ
1011 3856 1162 3928 νόμῳ
1203 3855 1479 3928 χρώμενοι
1510 3854 1918 3927 κατορθώσειαν

331 3950 400 4004 ἂν
440 3951 524 4013 ὡς
568 3951 769 4021 ἄριστα
808 3948 871 4002 τὸ
912 3947 1275 4019 ποθούμενον.
1312 3948 1424 4016 Τὴν
1448 3948 1558 4017 γὰρ
1600 3946 1772 4018 αὐτὴν
1808 3946 1919 4001 τῶν

338 4040 693 4112 πραγμάτων
745 4039 930 4094 εἰκόνα
965 4038 1434 4109 μεταπλάττοντες
1499 4040 1579 4103 εἰς
1638 4038 1913 4110 ἀλήθειαν,

329 4133 573 4185 εἴσονται
622 4130 882 4202 καθαρῶς
944 4130 1007 4196 τὸ
1044 4131 1126 4183 ὃτι
1187 4130 1422 4201 μάλιστα
1467 4129 1657 4184 δοκοῦν
1706 4131 1800 4185 καὶ
1830 4131 1920 4184 εὐ-

332 4223 568 4295 άρεστον
593 4220 678 4289 τῷ
704 4221 843 4292 Θεῷ.

402 4314 621 4368 ΠΔΔΛ.
654 4308 787 4366 Εἶτα
813 4312 898 4377 τίς
929 4313 995 4366 ἂν
1028 4312 1240 4382 γένοιτο
1268 4313 1431 4383 τυχὸν
1467 4314 1497 4366 ό
1527 4312 1684 4380 λόγος
1720 4310 1813 4365 τοῦ
1842 4312 1917 4382 μὴ

2013 3135 2073 3176 se
2094 3120 2350 3176 habeant.
2373 3139 2391 3172 ι
2417 3121 2529 3177 Nos
2544 3136 2675 3178 vero
2694 3136 2886 3177 omnes
2905 3122 3142 3178 revelata
3161 3121 3321 3189 facie,
3343 3144 3360 3176 ›
3383 3125 3586 3196 inquit,

2022 3228 2040 3259 ι
2068 3208 2297 3279 gloriam
2321 3209 2539 3265 Domini
2561 3211 2930 3280 speculantes,
2951 3211 3007 3265 in
3028 3210 3276 3266 eamdem
3296 3211 3588 3284 imaginem

2014 3296 2472 3353 transformamur
2499 3313 2530 3352 a
2558 3297 2808 3353 claritate
2836 3298 2891 3352 in
2912 3298 3240 3364 claritatem,
3273 3308 3531 3370 tanquam
3558 3318 3587 3355 ιι

2014 3388 2230 3445 Domini
2256 3387 2499 3458 spiritu;
2551 3388 2819 3451 Dominus
2869 3396 3056 3443 autem
3098 3388 3328 3458 spiritus
3357 3399 3442 3445 est
3471 3392 3532 3444 ¹⁷.
3565 3411 3582 3442 ι

2015 3479 2086 3536 Ut
2113 3479 2260 3535 enim
2283 3479 2379 3550 qui
2410 3478 2467 3533 in
2518 3478 2747 3550 speculo
2777 3479 3248 3550 contemplantur,
3297 3479 3589 3551 imaginem

2014 3581 2072 3627 et
2098 3570 2329 3641 ﬁguram
2364 3571 2448 3631 rei
2494 3586 2638 3628 vere
2675 3571 2889 3637 vident,
2937 3587 3048 3627 non
3089 3571 3265 3642 ipsam
3308 3587 3467 3629 rem:
3510 3574 3591 3630 sic

2017 3662 2111 3731 qui
2140 3661 2468 3729 Christianae
2510 3663 2948 3720 conversationis
2986 3663 3459 3734 pulchritudinem
3506 3668 3591 3722 vi-

2016 3751 2149 3808 dere
2182 3752 2519 3818 desiderant,
2553 3752 2600 3809 si
2622 3752 2745 3824 lege
2778 3761 3041 3824 tanquam
3085 3755 3310 3824 speculo
3341 3766 3590 3820 utantur,

2016 3841 2227 3911 optime
2289 3842 2435 3911 quod
2474 3842 2728 3913 cupiunt,
2782 3852 3166 3914 assequentur.
3212 3844 3389 3918 Ipsam
3446 3847 3591 3903 enim

2018 3948 2204 3987 rerum
2227 3934 2519 4004 imaginem
2548 3933 2617 3989 ad
2637 3934 2922 3990 veritatem
2950 3934 3358 4000 transferendo,
3382 3937 3593 4006 liquido

2018 4022 2352 4092 perspicicnt
2384 4023 2517 4092 quid
2557 4024 2668 4077 Deo
2703 4032 2988 4093 acceptum
3016 4023 3072 4076 in
3121 4024 3317 4094 primis
3348 4036 3592 4097 gratum-

2020 4129 2126 4183 que
2153 4114 2245 4167 sit.

2091 4311 2291 4369 PALL.
2326 4311 2438 4368 Sed
2464 4327 2584 4381 quae
2626 4274 2769 4375 ratio
2794 4312 2983 4370 afferri
3019 4325 3222 4387 potest,
3250 4335 3349 4375 cur
3385 4337 3494 4377 nou
3524 4323 3593 4377 ab

333 4407 390 4459 ἰν
418 4406 624 4478 ἀρχαῖς
664 4407 777 4470 τοῖς
822 4404 1012 4469 πάλαι,
1050 4405 1113 4460 τὸ
1151 4405 1270 4469 νέον
1308 4422 1367 4458 τε
1416 4404 1513 4459 καὶ
1552 4404 1909 4474 Εὐαγγελικὸν

2022 4400 2182 4456 initio
2207 4400 2489 4459 veteribus
2526 4399 2635 4456 illis
2671 4416 2811 4457 nova
2844 4411 2902 4458 et
2943 4405 3258 4475 evangelica
3299 4406 3388 4463 lex
3430 4408 3593 4464 dare-

331 4495 581 4549 δεδόσθαι
614 4494 1029 4566 χρησμώδημαο
1068 4494 1275 4560 τύπους
1319 4495 1377 4548 δὲ
1406 4495 1606 4565 μᾶλλον
1645 4494 1922 4566 νενομοθε-

331 4586 535 4657 τῆσθαι
569 4587 668 4640 καὶ
696 4587 854 4650 σκιάς
877 4604 895 4653 ;
1068 4638 1085 4651 ,

400 4676 572 4731 ΚΥΡ.
604 4675 681 4730 Τὸ
709 4677 807 4745 μὲν
834 4676 1063 4747 ἀκριόὲς
1082 4678 1184 4748 τῆς
1207 4678 1541 4750 οἰκονομίας,
1578 4680 1670 4743 καὶ
1691 4680 1838 4743 ὅπως
1854 4678 1919 4732 ἂν

336 4769 447 4840 ἔχοι
471 4770 660 4832 ταυτὶ,
678 4770 823 4824 κατά
850 4786 915 4840 γε
941 4770 1004 4823 τὸ
1025 4770 1408 4844 ἀληθέστερον,
1447 4771 1735 4827 ἀναθετέον
1765 4772 1919 4824 εὐσε-

336 4862 445 4926 ϐῶς
479 4860 563 4931 τῷ
590 4862 769 4915 πάντα
791 4861 957 4928 εἰδότι
1153 4863 1417 4935 Λογισμώ.
1443 4863 1500 4917 δὲ
1528 4864 1678 4935 ἡμᾶς
1702 4862 1918 4927 ἐννοιῶν

335 4950 559 5021 ἀγαθῶν
583 4950 836 5022 ἀμοιρεῖν
874 4951 976 5004 οὐκ
1024 4952 1247 5019 εἰδότες.
1287 4951 1625 5025 ἀποφέρουσί
1658 4970 1774 5021 πως
1814 4952 1919 5006 κᾶν

340 5042 462 5111 γοῦν
503 5043 589 5107 εἰς
624 5042 854 5114 μετρίαν
898 5041 1125 5114 εἴδησιν,
1161 5043 1194 5115 ἢ
1227 5044 1320 5098 καὶ
1357 5042 1498 5114 τάχα
1547 5058 1647 5097 που
1694 5042 1831 5112 πρὸς
1860 5041 1920 5095 τὸ

343 5132 538 5186 εἰδέναι
568 5132 754 5187 δοκεῖν
784 5135 886 5204 τῆς
918 5134 1231 5204 οἰκονομίας
1265 5134 1361 5205 τὴν
1399 5133 1699 5208 πρόφασιν.
1733 5134 1917 5204 Φαμὲν

344 5219 444 5289 οὖν,
490 5225 578 5277 ὃτι
612 5223 994 5292 παιδαγωγίας
1036 5224 1146 5280 ἔδει
1180 5224 1402 5301 πολλῆς.
1456 5225 1551 5279 καὶ
1605 5225 1917 5297 ἀνατροφῆς

346 5315 533 5384 τρόπον
557 5313 687 5366 τινὰ
724 5315 1157 5389 νηπιοπρεποῦς,
1188 5319 1300 5381 τοῖς
1341 5315 1402 5382 ἐξ
1443 5317 1721 5387 Αἰγύπτου
1759 5316 1914 5370 λελυ-

348 5407 660 5477 τρωμὲνοις.
705 5406 945 5476 Παχύνοι
974 5406 1085 5479 γὰρ
1114 5403 1254 5479 ἦσαν
1285 5408 1365 5462 ἔτι
1414 5410 1510 5462 καὶ
1538 5409 1914 5482 εὐπαράφοροι

349 5499 529 5569 κομιδῇ
562 5496 704 5568 πρὸς
728 5498 835 5549 πᾶν
866 5497 1045 5552 ότιοῦν
1076 5499 1185 5552 τῶν
1212 5499 1630 5570 ἀπηχεστάτων.
1669 5502 1914 5554 Δυσαπό-

412 5675 643 5730 “Exod.
691 5692 870 5740 sxxrv,
923 5677 1111 5762 33:35.
1194 5679 1243 5708 η
1287 5678 1331 5733 ιι
1365 5678 1492 5733 Cor.
1556 5694 1629 5744 ιη,
1687 5681 1785 5746 Μ,
1832 5682 1913 5736 15.

310 5784 373 5799 *ο

2021 4498 2134 4556 tur,
2181 4490 2367 4561 figura:
2384 4505 2520 4547 vero
2543 4491 2728 4563 potius
2742 4501 2907 4562 atque
2937 4493 2988 4564 7
3005 4493 3217 4551 umbra
3239 4494 3595 4552 institueren-

2018 4583 2154 4639 tur?

2089 4673 2247 4730 CYR.
2284 4674 2615 4733 Accuratam
2647 4691 2944 4747 veramque
2973 4678 3139 4748 hujus
3164 4678 3595 4750 dispensationis

2018 4766 2284 4832 rationem
2301 4766 2390 4837 pie
2406 4781 2470 4823 ac
2487 4776 2803 4825 reverenter
2818 4768 2913 4824 uni
2927 4770 3060 4835 Deo,
3075 4770 3164 4826 cui
3178 4772 3361 4826 omnia
3377 4772 3593 4844 cognita
3615 4770 3624 4780 ’

2019 4858 2411 4929 explorataque
2443 4868 2597 4923 sunt,
2630 4859 3009 4932 relinquamus
3048 4870 3286 4932 oportet.
3329 4863 3591 4920 Rationes

2021 4959 2201 5006 tamen
2252 4965 2283 5005 a
2335 4948 2440 5020 piis
2498 4950 2926 5021 cogitationibus
2968 4968 3081 5019 non
3120 4954 3313 5010 aliena:
3362 4971 3464 5012 nos
3522 4958 3590 5012 ad

2017 5043 2559 5114 quantulamcunque
2591 5043 2966 5115 cognitionem
3018 5047 3350 5117 perducunt,
3377 5060 3474 5105 aut
3524 5066 3593 5108 eo

2019 5149 2197 5204 usque
2241 5142 2428 5199 certe,
2465 5144 2527 5193 ut
2557 5136 2700 5193 scire
2736 5136 3026 5194 videamur
3073 5155 3197 5209 qua:
3232 5139 3403 5196 fuerit
3429 5142 3594 5211 hujus

2022 5225 2242 5282 consilii
2276 5241 2459 5282 causa.
2478 5226 2724 5284 Dicimus
2744 5228 2936 5300 igitur,
2962 5245 3031 5286 ex
3060 5229 3293 5303 Λεωτριο
3344 5230 3591 5287 liberatis

2022 5316 2310 5381 Israelitis,
2342 5315 2619 5387 frequenti
2644 5318 3000 5387 institutione
3029 5320 3212 5391 longa,
3244 5331 3301 5376 et
3349 5335 3495 5383 esca,
3529 5331 3591 5376 ut

2023 5407 2097 5462 ita
2119 5406 2319 5472 dicam,
2354 5400 2554 5479 puerili
2596 5425 2736 5480 opus
2781 5410 2986 5475 fuisse;
3023 5412 3191 5466 rudes
3232 5408 3381 5465 enim
3407 5408 3590 5466 adhuc

2018 5510 2197 5563 erant,
2227 5508 2285 5554 et
2323 5501 2391 5555 ad
2433 5501 2830 5559 absurdissima
2860 5516 3092 5572 quaeque
3132 5500 3424 5557 admodum
3460 5519 3589 5575 pro-

1997 5682 2035 5713 ιτ
2071 5680 2231 5747 ihid.,
2272 5679 2355 5744 l8,
2391 5681 2476 5734 ιτ.
