4024 6220
433 330 536 388 ιιι»

1446 310 1503 366 S.
1543 304 1817 363 CYRILLI
1857 301 2325 359 ALEXANDRINI
2361 299 2677 358 ARCHI‘EP.

3571 297 3679 355 ιιι

433 449 620 506 clivos.
643 443 779 500 Nam
809 452 934 495 cum
966 432 1146 491 carinis
1169 440 1355 484 amore
1394 423 1732 485 laborarent,
1763 429 1819 474 et
1864 434 1993 489 per—

2112 435 2297 473 νιπτον
2334 418 2391 472 δὲ
2422 417 2700 480 παντελῶς
2743 434 2839 487 την
2883 416 3245 487 φιλοσαρκίαν
3275 412 3676 486 ὴῤῥωστηκὸσι,

436 534 842 598 turbationibus
867 541 1049 584 essent
1083 518 1300 586 irretiti,
1333 531 1454 588 quae
1487 511 1777 569 diﬂiculter
1801 508 1914 565 elui
1942 516 2000 561 et

433 628 721 700 exstirpari
760 626 1003 695 possent,
1059 609 1394 683 impossibile
1434 602 1831 678 propemodum
1860 608 1998 663 erat,

435 688 780 787 minimeque
798 716 1133 783 promptum,
1170 701 1357 759 statim
1393 698 1462 754 ad
1505 707 1775 752 summam
1820 688 2001 762 perl‘e—

433 817 671 872 ctionem
694 806 927 864 evadere
954 800 1117 865 velle,
1145 812 1211 852 ac
1242 795 1368 850 vita:
1397 788 1670 846 rationem
1720 781 2000 852 suscipere

418 906 569 962 adeo
594 902 864 957 illustrem
897 902 954 949 et
995 885 1397 949 admirandam,
1428 891 1511 964 ut,
1559 893 1687 935 cum
1734 876 1794 930 in
1834 870 2002 929 terris

432 996 799 1055 ambularent,
833 982 1304 1042 conversationem
1334 985 1518 1031 tamen
1547 971 1603 1026 in
1644 968 1802 1024 caelis
1828 964 2001 1019 babe-

436 1096 583 1155 rent,
616 1085 762 1143 sicut
789 1078 1059 1150 scriptum
1091 1079 1176 1129 est
1200 1072 1265 1122 “'.
1297 1068 1495 1123 Annon
1545 1062 1693 1118 enim
1726 1057 2000 1130 perfecto-

434 1198 555 1238 rum
570 1152 668 1235 est
693 1173 900 1232 solidus
925 1169 1104 1232 cibus,
1140 1164 1225 1218 lac
1277 1175 1408 1217 vero
1440 1155 1627 1229 pueris
1660 1152 1842 1208 adhuc
1881 1164 2001 1204 ma-

431 1273 515 1347 gis
547 1266 803 1328 convenit
836 1263 913 1317 "?

501 1360 700 1420 PALL.
731 1357 962 1413 Maxime
984 1366 1134 1409 vero.

503 1452 659 1510 CYR.
706 1446 902 1504 Pueris
934 1443 1103 1514 igitur
1144 1434 1491 1493 institutione
1518 1444 1659 1501 opus
1705 1432 1826 1483 erat
1881 1436 2003 1494 qua:

433 1544 623 1620 ﬁguris
673 1538 1069 1599 contineretur,
1095 1542 1171 1598 et,
1223 1538 1285 1585 ut
1313 1528 1390 1583 ita
1436 1525 1637 1587 dicam,
1681 1516 2002 1574 delicatiore

433 1606 581 1694 victu
603 1675 617 1701 ,
645 1648 757 1689 non
783 1644 851 1685 eo
890 1624 1163 1683 sermonis
1201 1633 1405 1692 genere
1433 1612 1581 1687 quod
1616 1611 1685 1667 ad
1706 1606 2005 1682 perfectio-

402 1768 407 1773 -
432 1745 560 1787 nem
594 1725 927 1787 institueret,
962 1726 1018 1775 et
1042 1717 1109 1772 ad
1138 1713 1455 1770 absolutum
1481 1704 1729 1763 numeris
1746 1701 2005 1759 omnibus

2102 511 2198 565 καὶ¹
2243 509 2658 579 δυσδιαφύκτοις
2716 507 2946 562 πάθεσιν
2997 506 3542 578 ἐγκατειλημμένοις,
3583 504 3680 558 άν-

2102 604 2321 672 έφικτόν
2354 620 2472 666 πως
2508 598 2576 674 ἦν
2619 601 2700 654 ἔτι
2744 601 2841 654 καὶ
2872 600 2972 671 οὐχ
3016 600 3236 670 ἕτοιμον
3265 599 3403 653 ἑλεῖν
3431 597 3493 651 τὸ
3521 598 3681 661 εὐθὺς

2102 695 2476 767 ἀναθρώσκειν
2525 692 2783 748 δύνασθαι
2829 693 2967 766 πρὸς
3002 693 3064 747 τὸ
3113 694 3252 762 ἄγαν
3300 692 3554 755 ἀστεῖον,
3600 689 3680 754 ὡς

2102 789 2198 842 καὶ
2227 784 2373 859 ζωῆς
2398 804 2521 841 τινα
2549 786 2750 858 τρόπον
2792 785 3174 850 ἐπανελέσθαι,
3216 783 3376 854 τυχὸν
3418 783 3516 853 τῆς
3540 781 3681 834 οὕτω

2102 877 2362 951 λαμπρᾶς
2386 880 2480 934 καὶ
2507 877 2841 950 ὑπερφυοῦς,
2872 877 2950 941 ὡς
2980 878 3304 949 περιπατεῖν
3332 865 3431 946 μὲῖι
3459 872 3555 926 ἐπὶ
3579 871 3681 943 τῆς

2103 971 2232 1049 γῆς,
2281 970 2427 1042 ἔχειν
2476 971 2535 1024 δὲ
2584 970 2647 1023 τὸ
2694 970 2999 1040 πολίτευμα
3035 969 3094 1021 ὲν
3126 967 3394 1039 οὐρανοῖς,
3431 963 3578 1019 κατά
3622 961 3683 1016 τὸ

2101 1063 2506 1137 γεγραμμένον.
2516 1058 2594 1117 Ἦ
2616 1062 2725 1133 γὰρ
2745 1061 2867 1133 οὐχὶ
2887 1059 3108 1114 τελείων
3129 1059 3229 1131 μὲν
3255 1056 3402 1111 ἔστιν
3421 1058 3455 1125 ἠ
3487 1054 3683 1126 στερεά

2102 1154 2298 1228 τροφὴ,
2327 1154 2470 1224 γάλα
2492 1154 2550 1209 δὲ
2584 1157 2699 1219 τοῖς
2723 1152 2803 1208 ἔτι
2843 1151 3060 1224 νηπίοις
3091 1149 3155 1203 τὸ
3189 1147 3680 1221 πρεπωδέστερον;

2172 1337 2382 1391 ΠΑΛΔ.
2413 1336 2525 1391 Καὶ
2553 1334 2719 1407 μάλα.

2173 1428 2339 1483 ΚΥΡ.
2372 1428 2520 1481 Ἔδει
2551 1426 2731 1491 τοίνυν
2754 1421 3128 1493 παιδαγωγίας
3154 1420 3251 1492 μὲν
3264 1416 3368 1489 τῆς
3392 1418 3451 1472 ὲν
3465 1415 3680 1479 τύποις,

2104 1519 2184 1572 ἔτι
2233 1517 2467 1589 νηπίοις,
2498 1517 2595 1571 καὶ
2643 1515 2709 1570 ἵν’
2742 1513 2918 1577 οὕτως
2945 1511 3213 1583 εἴπωμεν,
3260 1507 3684 1580 τρυφερωτέρας

2104 1612 2439 1686 ἀνατροφῆς,
2472 1613 2594 1683 οὐχὶ
2621 1611 2718 1665 τοῦ
2772 1610 2910 1682 πρὸς
2957 1594 3271 1679 τελειότητα
3308 1603 3683 1665 διατάττοντος

2104 1706 2285 1777 λόγου,
2314 1706 2408 1759 καὶ⁹
2429 1699 2790 1774 ἀποκομίζειν
2829 1700 2943 1754 οἴου
2964 1716 3026 1752 τε
3052 1696 3190 1770 πρὸς
3217 1696 3279 1750 τὸ
3305 1693 3507 1766 ἀρτίως
3533 1692 3680 1762 ἔχον.

433 1831 637 1879 statum
669 1815 1018 1890 perduceret.
1054 1810 1134 1864 Ita
1166 1822 1299 1863 vero
1322 1806 1474 1860 leves
1492 1816 1558 1857 ac
1595 1797 1827 1869 stupidi,
1858 1803 1914 1851 et
1931 1793 2000 1848 ad

2117 1771 2376 1869 Ἐλαφροὶ
2406 1794 2464 1849 δὲ
2493 1771 2666 1857 οὕτως
2694 1793 2792 1847 καὶ⁵
2818 1788 3269 1865 δλιγογνὼμονες,
3296 1786 3390 1839 καὶ
3417 1783 3554 1856 πρὸς
3575 1785 3685 1837 πᾶν

432 1915 618 1971 omnia
648 1888 1123 1983 perturbationum
1149 1915 1348 1972 genera
1380 1894 1568 1952 faciles
1579 1888 2003 1963 deprehendun-

434 2019 525 2063 tur
555 2003 656 2059 ﬁlii
687 1997 876 2064 Israel,
925 2004 1007 2059 ut,
1062 1992 1111 2049 si
1165 1990 1456 2060 diligenter
1487 1998 1681 2042 eorum
1721 1996 1905 2038 mores
1941 1994 2005 2035 ac

402 2132 403 2135 η
435 2093 618 2152 studia
642 2085 1076 2161 perpendantur,
1110 2094 1182 2135 ne
1214 2077 1411 2133 umbra
1440 2071 1663 2144 quidem
1702 2068 1819 2139 ipsa
1853 2064 2005 2137 digni

433 2187 796 2244 :nstimentur.
820 2177 989 2247 ldque
1016 2174 1228 2244 Moyses
1266 2165 1550 2231 ostendit;
1601 2162 1716 2218 Deo
1766 2173 2005 2228 namque

434 2281 516 2336 sic
536 2271 910 2349 praecipiente,
974 2263 1223 2322 ascendit
1264 2260 1358 2315 ille
1408 2258 1469 2312 in
1511 2262 1779 2317 montem,
1830 2251 2005 2322 legem

436 2341 814 2440 suscepturus.
887 2362 958 2418 At
1008 2358 1067 2415 bi
1119 2350 1306 2412 statim
1348 2351 1406 2406 in
1444 2346 1809 2405 defectionem
1868 2341 2005 2413 lapsi

436 2470 567 2519 sunt
592 2433 619 2527 ς’
642 2456 814 2514 vitulo
844 2463 1082 2522 namque
1116 2443 1380 2507 conﬂato,
1429 2439 1614 2494 dicere
1651 2435 1839 2491 miseri
1887 2433 2006 2489 ausi

436 2559 565 2609 sunt
583 2526 601 2605 :7
643 2547 751 2603 ιΗί
793 2551 923 2601 sunt
967 2540 1045 2595 dii
1096 2538 1201 2602 tui,
1232 2532 1425 2597 Israel,
1462 2529 1558 2600 qui
1614 2538 1667 2584 te
1696 2526 2009 2582 eduxerunt

435 2658 504 2697 ex
562 2649 709 2695 terra
753 2629 1069 2704 Egypti”.
1101 2623 1417 2692 )Quocirca
1477 2628 1682 2675 tantam
1730 2616 2005 2672 levitatem

436 2734 651 2803 Moyses
674 2726 898 2796 indigne
940 2721 1126 2777 ferens
1147 2758 1162 2783 ,
1192 2713 1406 2770 tabulas
1434 2710 1703 2781 confregit
1726 2709 1783 2763 in
1807 2706 2009 2778 quibus

436 2798 663 2880 lex'erat
691 2816 1007 2885 descripta;
1044 2825 1158 2865 non
1186 2809 1299 2879 jam
1331 2804 1525 2860 umbra
1543 2801 1770 2872 quidem
1813 2807 1911 2854 aut
1937 2798 2005 2853 ﬁ-

438 2915 611 2988 guris,
645 2908 742 2965 sed
774 2921 843 2962 ne
871 2905 983 2960 ulla
1009 2900 1234 2973 quidem
1273 2895 1531 2952 doctrina
1572 2891 1785 2948 caelesti
1813 2890 2010 2962 dignos

438 2986 537 3063 eos
574 3014 827 3064 censens,
855 2996 951 3067 qui
974 3008 1041 3050 eo
1076 2988 1318 3062 stuporis
1361 2986 1671 3050 venissent,
1729 2990 1791 3038 ut
1826 2989 2007 3037 tanto-

442 3111 565 3152 rum
595 3091 755 3149 obliti
808 3084 1226 3146 miraculorum,
1257 3094 1379 3150 que
1419 3075 1602 3131 divina
1652 3074 1710 3130 vi
1763 3073 2007 3144 ipsorum

409 3202 606 3243 .causa
641 3192 790 3255 gesta
806 3185 984 3244 erant,
1003 3175 1177 3231 vitulo
1214 3185 1408 3226 rursus
1452 3166 1862 3223 venerationem
1909 3163 2008 3219 de-

440 3279 671 3340 ferrent,
710 3282 768 3328 et
790 3268 1105 3341 Egyptium
1142 3263 1299 3318 illum
1327 3259 1536 3315 cultum
1561 3255 1827 3312 memoria
1849 3268 2012 3324 repe-

442 3374 646 3426 terent.
672 3365 847 3422 Porro
864 3362 922 3417 in
976 3357 1181 3415 tabulis
1217 3351 1453 3425 lapideis
1507 3348 1833 3404 adumbrata
1891 3353 2010 3400 tum

440 3467 562 3518 erat
591 3455 874 3519 veteribus
910 3452 999 3507 lex
1028 3449 1129 3504 Dei
1172 3445 1366 3517 digito,
1402 3450 1465 3496 ut
1511 3438 1778 3509 scriptum
1820 3437 1878 3507 8
1907 3444 2010 3491 est.

444 3552 551 3608 Sed
571 3551 662 3605 illa
685 3547 858 3620 ﬁgura
883 3551 1041 3600 erant
1061 3554 1255 3596 eorum
1287 3550 1409 3607 quae
1431 3530 1575 3620 apud
1597 3544 1698 3584 nos
1714 3529 1769 3583 in
1786 3526 2014 3620 _Christo

444 3640 684 3713 perfecta
700 3616 818 3692 esse
832 3632 1135 3689 creduntur
1157 3644 1173 3681 :
1197 3623 1464 3682 describit
1486 3619 1635 3676 enim
1660 3616 2015 3689 quodammo-

444 3706 517 3785 do
541 3728 597 3782 in
616 3724 778 3781 nobis
795 3720 1094 3777 voluntatis
1120 3732 1232 3773 sure
1257 3713 1629 3785 cognitionem
1652 3709 1744 3764 ille
1767 3706 2013 3763 omnium

445 3820 712 3877 Dominus
740 3815 908 3878 Deus,
946 3820 1203 3878 tanquam
1227 3805 1435 3862 calamo
1458 3810 1621 3857 utens
1645 3814 1746 3855 suo
1774 3797 1912 3852 Filio
1958 3796 2017 3852 in

447 3911 678 3984 Spiritu.
712 3906 806 3963 Sic
839 3903 991 3960 enim
1028 3900 1210 3972 ipsum
1240 3895 1536 3968 appellavit
1566 3909 1666 3964 per
1720 3891 1891 3947 David
1933 3890 2019 3946 di-

445 3981 616 4058 cens:
657 4016 676 4050 ι
698 3996 909 4068 Lingua
934 4007 1057 4048 mea
1087 3989 1333 4046 calamus
1357 3984 1555 4041 scribat
1592 3983 1856 4039 velociter
1872 3981 2014 4038 scri-

444 4091 629 4151 bentis
663 4091 730 4144 ¹¹.
763 4109 781 4140 ι
818 4082 1107 4156 Inscripsit
1151 4080 1302 4137 enim
1360 4079 1423 4133 in
1454 4075 1705 4133 omnium
1749 4074 2017 4130 cordibus
2063 4102 2069 4109 ι

449 4187 542 4242 ille
568 4183 811 4239 calamus
838 4178 1039 4243 Patris,
1066 4175 1121 4232 id
1146 4182 1233 4230 est
1282 4172 1474 4236 Filius,
1527 4168 1708 4224 omnis
1734 4167 1866 4224 boni
1920 4182 2015 4222 co-

450 4275 772 4349 gnitionem,
801 4269 957 4341 quasi
986 4268 1157 4338 digito
1178 4263 1417 4337 quodam
1443 4262 1563 4327 Dei,
1603 4258 1811 4331 Spiritu
1839 4258 2018 4314 Patris

449 4383 515 4423 ac
539 4374 640 4420 suo
669 4377 821 4418 usus.
848 4360 1089 4432 Digitum
1117 4352 1351 4433 ﬁamque
1367 4357 1581 4413 vocavit
1606 4355 1872 4424 Spiritum
1896 4351 2014 4416 Dei,

2104 1888 2282 1945 ὁτιοῦν
2312 1885 2524 1941 εὔκολοι
2553 1885 2662 1939 τῶν
2694 1883 2904 1949 παθῶν,
2950 1882 3126 1936 ἁλοῖεν
3154 1879 3219 1934 ἂν
3242 1879 3293 1932 οἱ
3323 1876 3384 1942 ἐξ
3428 1875 3680 1947 Ἰσραήλ·

2103 1982 2180 2046 ὡς
2211 1980 2371 2053 είπερ
2398 1998 2483 2045 τις
2510 1980 2568 2033 έν
2593 1979 2776 2041 αὐτοῖς
2800 1976 3034 2048 ἀκριϐὴς
3061 1970 3129 2045 ῆν
3161 1972 3394 2044 βάσανος
3412 1968 3558 2040 ὴθῶν
3588 1969 3685 2022 καὶ

2101 2073 2546 2146 ἐγχειρημάτων,
2584 2071 2708 2126 οὐδὲ
2759 2070 2826 2124 ἂν
2869 2063 3025 2140 οἶμαι
3061 2067 3219 2130 σκιᾶς
3269 2063 3517 2135 ὴξίωντο.
3573 2061 3687 2114 Καὶ

2103 2168 2264 2223 τοῦτο
2304 2167 2539 2237 δέδειχεν
2567 2166 2597 2219 6
2627 2164 2856 2234 Μωσῆς.
2897 2158 3032 2215 Θεοῦ
3073 2157 3183 2229 γὰρ
3227 2154 3683 2227 προστάττοντος,

2104 2259 2331 2332 ἀνέθορε
2363 2258 2463 2331 μὲν
2492 2258 2573 2325 είς
2598 2256 2661 2310 τὸ
2687 2255 2812 2326 ὅρος
2849 2252 3030 2316 αὐτὸς,
3054 2250 3145 2303 τὸν
3173 2249 3336 2319 νόμον
3364 2244 3686 2315 ύποδεξὸμεη

2106 2369 2217 2416 νος.
2259 2352 2324 2404 Οἱ
2347 2349 2404 2403 δὲ
2454 2349 2800 2421 παραχρῆμα
2845 2339 3184 2398 κατώλισθον
3234 2340 3316 2403 εἰς
3363 2337 3684 2393 ἀπόστασιν.

2104 2441 2632 2514 Μεμοσχοποιήκασι
2658 2438 2789 2509 γὰρ,
2819 2435 2986 2506 φάναι
3009 2450 3068 2487 τε
3092 2434 3140 2486 οἱ
3166 2431 3392 2486 δείλαιοι
3421 2427 3686 2499 τετολμή-

2106 2554 2268 2592 κασιν
2291 2553 2307 2567 '
2345 2553 2366 2588 ι
2406 2530 2564 2589 Οὗτοι
2597 2534 2646 2586 οἱ
2692 2530 2803 2586 θεοί
2839 2548 2954 2593 σου,
2992 2525 3231 2600 Ἰσραὴλ,
3264 2524 3459 2586 οἵτινες
3487 2522 3683 2592 ἀνηγαρ

2105 2630 2203 2699 γόν
2237 2645 2296 2682 σε
2336 2629 2400 2681 ἐκ
2426 2627 2531 2696 γῆς
2555 2623 2853 2693 Αἰγύπτου.
2886 2640 2906 2674 ι
2957 2619 3083 2673 Ἐπὶ
3119 2614 3214 2671 οῦν
3247 2618 3368 2678 ταῖς
3399 2613 3542 2666 οὕτω
3581 2611 3689 2664 δει-

2109 2723 2228 2785 ναῖς
2253 2718 2539 2790 ὲλαφρίαις
2567 2716 2853 2788 ἐδυσφόρει
2889 2713 2990 2783 μὲν
3022 2713 3051 2765 6
3076 2710 3304 2779 Μωσῆς,
3334 2705 3684 2776 κατεῤῥήγνυ

2107 2810 2165 2867 δέ
2191 2812 2293 2877 τὰς
2319 2811 2553 2876 πλάκας,
2602 2811 2661 2863 ὲν
2691 2801 2780 2872 αἷς
2808 2802 2877 2878 ῆν
2909 2806 2937 2857 6
2971 2802 3156 2873 νόμος,
3193 2799 3315 2854 οὐδὲ
3346 2799 3504 2860 σκιᾶς
3527 2796 3562 2867 ἢ
3593 2795 3687 2847 τύ-

2110 2916 2251 2965 πων,
2276 2899 2309 2971 ῆ
2338 2897 2440 2952 κᾶν
2461 2894 2592 2966 γοῦν
2606 2895 2745 2959 ⁴ὀλως
2764 2893 3143 2961 παιδαγωγίας
3156 2889 3257 2959 τῆς
3279 2885 3485 2941 ἄνωθεν
3503 2883 3689 2948 ἀξίους

2110 2986 2249 3044 εἷναι
2277 2969 2506 3060 νομίσας
2537 2986 2664 3050 τοὺς
2690 2977 2772 3048 οἷς
2819 3000 2884 3053 γε
2911 2980 3165 3035 τοσοῦτον
3191 2977 3540 3047 ἀπόπληκτος
3564 2969 3633 3045 ἦν
3659 2976 3690 3026 6

2112 3081 2258 3146 νοῦς,
2292 3080 2369 3143 ὡς
2395 3076 2781 3151 ἀμνημονῆσαι
2829 3074 2938 3147 μὲν,
2961 3073 3070 3126 τῶν
3109 3070 3252 3124 οὕτω
3300 3065 3691 3137 τεθαυμασμέ-

2114 3190 2243 3239 νων,
2274 3170 2311 3226 ἃ
2329 3170 2418 3225 διὰ
2438 3170 2537 3241 τῆς
2561 3168 2712 3231 θείας
2732 3164 2913 3237 ἰσχύος
2945 3163 3087 3235 ὑπὲρ
3107 3160 3288 3216 αὐτῶν
3308 3160 3689 3230 ἐξεπράττετο,

2119 3266 2311 3337 μόσχῳ
2368 3263 2427 3317 δὲ
2467 3262 2530 3315 τὸ
2595 3258 2761 3322 σέϐας
2802 3255 3079 3311 ἀναθεῖναι
3123 3253 3307 3317 πάλιν,
3345 3250 3438 3305 καὶ
3478 3248 3580 3320 τῆς
3632 3249 3694 3300 ἐν

2115 3355 2375 3426 Αίγύπτῳ
2426 3351 2682 3424 λατρείας
2720 3349 2895 3403 ἐλθεῖν
2948 3350 3007 3411 ές
3055 3346 3383 3417 ἀνάμνησιν.
3442 3341 3583 3395 Ἀλλ’
3633 3342 3694 3410 ἐν

2116 3446 2282 3511 πλαξὶ
2311 3446 2409 3517 μὲν
2435 3443 2666 3507 λιθίναις
2687 3442 3107 3512 ὲσκιογραφεῖτο
3125 3438 3245 3493 τότε
3273 3439 3387 3500 τοῖς
3408 3432 3697 3507 ἀρχαιοτέο

2119 3555 2234 3609 ροις
2265 3538 2294 3590 6
2318 3537 2484 3607 νόμος
2512 3535 2571 3589 ἐν
2597 3532 2844 3604 δακτύλῳ
2874 3531 3032 3595 Θεοῦ,
3060 3529 3206 3585 καθὰ
3228 3528 3557 3599 γέγραπται.
3588 3524 3697 3577 τύ-

2118 3645 2220 3693 πος
2242 3628 2299 3682 δὲ
2331 3624 2399 3700 ἦν
2428 3629 2612 3681 ἐκεῖνα
2640 3626 2751 3680 τῶν
2781 3624 2902 3678 καθ’
2935 3624 3087 3695 ἡμᾶς
3106 3624 3165 3675 ἐν
3193 3617 3415 3692 Χριστῷ
3444 3614 3697 3687 γενέσθαι

2118 3719 2589 3791 πεπιστευμένων.
2616 3715 2977 3788 Καταγράφει
3006 3714 3115 3786 γὰρ
3142 3714 3329 3783 ὥσπερ
3355 3711 3415 3765 ἑν
3433 3710 3567 3781 ἡμῖν
3592 3707 3696 3778 τῆς

2118 3811 2313 3867 ἑαυτοῦ
2342 3810 2539 3882 βουλῆς
2559 3809 2659 3881 τὴν
2689 3809 2895 3880 εἴδησιν
2923 3810 2952 3861 6
2978 3806 3195 3867 πάντων
3230 3803 3508 3872 Δεσπότης
3536 3800 3694 3862 Θεὸς,

2118 3904 2281 3961 οἱονεὶ
2304 3902 2536 3975 καλάμῳ
2562 3900 2845 3973 χρώμενος
2866 3898 2944 3969 τῷ
2975 3897 3089 3969 Υίῷ
3116 3898 3175 3949 ὲν
3208 3894 3506 3965 Πνεύματι.
3551 3891 3699 3946 Ὠνό-

2123 3996 2262 4071 μαζε
2317 3995 2428 4067 γὰρ
2477 3993 2652 4056 οὕτως
2689 3991 2852 4046 αὐτὸν
2897 3989 2984 4043 διὰ
3034 3987 3221 4052 Δαδὶδ,
3271 3987 3474 4055 λέγων’
3536 4002 3557 4036 ι
3629 3984 3698 4036 Ἥ

2117 4087 2344 4158 γλῶσσά
2384 4103 2487 4157 μου
2554 4081 2800 4152 κάλαμος
2849 4076 3224 4152 γραμματέως
3278 4074 3611 4147 ὀξυγράφου.
3669 4090 3692 4124 ι

2132 4172 2454 4247 Ἐνεχάραξε
2483 4171 2589 4241 γὰρ
2618 4172 2740 4232 ταῖς
2757 4168 3013 4222 ἁπάντων
3040 4165 3288 4238 καρδίαις
3308 4167 3336 4218 6
3360 4163 3452 4217 τοῦ
3483 4161 3700 4232 Πατρδς

2121 4269 2388 4339 κάλαμος,
2422 4264 2567 4318 τοῦτ’
2616 4262 2784 4325 εστιν,
2830 4262 2859 4314 6
2901 4259 3054 4325 Υἱὸς,
3089 4257 3188 4330 τὴν
3242 4255 3444 4319 παντὸς
3490 4253 3701 4324 εἴδησιν

2122 4353 2350 4427 ἀγαθοῦ,
2386 4353 2547 4406 οἱονεί
2578 4369 2682 4406 τινι
2709 4349 2959 4420 δακτύλῳ
2977 4346 3135 4412 Θεοῦ,
3157 4346 3236 4417 τῷ
3259 4362 3319 4399 τε
3341 4344 3434 4398 τοῦ
3463 4341 3699 4415 Πατρδς,

451 4470 599 4513 nunc
621 4454 843 4526 quidem
873 4452 1096 4508 dicens:
1135 4469 1153 4502 ι
1182 4450 1239 4504 Si
1276 4464 1378 4520 ego
1405 4448 1461 4502 in
1502 4446 1710 4517 Spiritu
1738 4446 1835 4502 Dei
1857 4443 2011 4516 ejicia

2123 4450 2218 4504 καὶ
2245 4447 2323 4519 τῷ
2348 4447 2464 4517 ἰδίῳ
2489 4445 2772 4517 χρώμενος
2803 4441 3104 4512 ῐίνεύματι.
3134 4436 3403 4492 Δάκτυλον
3426 4435 3534 4506 γάρ
3560 4433 3701 4487 ὡνδ-

418 4549 717 4616 ~daemonia
756 4548 834 4613 “;
864 4565 882 4597 ι
940 4558 1091 4599 nunc
1125 4557 1295 4597 vero:
1338 4561 1356 4592 ι
1384 4540 1444 4595 Si
1488 4546 1671 4594 autem
1700 4553 1801 4609 ego
1831 4538 1888 4592 in
1934 4537 2021 4593 di-

448 4643 561 4714 gito
583 4641 681 4696 Dei
732 4638 894 4709 ejicio
949 4634 1218 4689 daemonia
1248 4635 1354 4687 ²³.›
1397 4632 1698 4702 Epistolam
1745 4645 1876 4686 vero
1920 4645 2024 4685 nos

449 4732 790 4806 spiritualem
843 4729 1012 4784 etiam
1042 4726 1247 4783 Paulus
1294 4725 1616 4798 appellavit,
1668 4740 1796 4782 cum
1844 4724 2019 4781 dixit:

429 4844 478 4875 ἰ
512 4823 754 4896 Epistola
792 4829 981 4876 nostra
1022 4834 1120 4874 vos
1166 4819 1302 4874 estis
1352 4817 1614 4888 inscripta
1655 4818 1712 4872 in
1764 4817 2024 4875 cordibus

450 4915 676 4979 nostris,
701 4928 825 4983 quae
855 4911 1029 4968 scitur
1049 4919 1107 4967 et
1151 4910 1354 4981 legitur
1391 4910 1462 4965 ab
1494 4909 1752 4964 omnibus
1781 4908 2023 4964 homini-

451 5005 578 5069 bus,
605 5001 941 5058 manil‘estati
977 4999 1124 5071 quod
1150 4999 1382 5070 epistola
1423 5000 1559 5054 estis
1595 4996 1823 5063 Christi,
1856 4997 2024 5052 mini-

451 5104 623 5151 strata
653 5109 684 5148 a
719 5092 902 5158 nobis,
937 5102 994 5148 et
1028 5091 1235 5162 scripta
1272 5105 1385 5145 non
1419 5099 1745 5155 atramento,
1767 5089 1862 5144 sed
1899 5088 2024 5160 Spi-

453 5186 569 5242 ritu
594 5184 692 5239 Dei
738 5183 1008 5250 viventis;
1039 5198 1150 5238 non
1183 5182 1241 5237 in
1276 5182 1477 5236 tabulis
1525 5182 1781 5252 lapideis,
1828 5182 1926 5238 sed
1969 5182 2024 5237 in

455 5275 659 5336 tabulis
692 5274 875 5332 cordis
898 5273 1213 5331 carnalibus
1239 5272 1305 5326 “.
1332 5289 1352 5326 ι

527 5542 732 5600 PALL.
763 5543 1033 5615 Equidem
1091 5542 1386 5610 assentior,
1426 5541 1631 5615 ﬁguras
1684 5560 1806 5602 esse
1861 5557 2024 5620 atque

527 5663 937 5740 t-AphiliRme:
960 5665 1049 5720 20.
1127 5667 1172 5740 ίξ
1201 5666 1365 5740 llebr.
1400 5684 1454 5733 ν,
1477 5667 1667 5727 12-14.
1718 5672 1772 5740 ε¹⁰
1799 5672 1972 5729 Exod.

2112 5691 2192 5740 ιιι,
2229 5676 2281 5729 4.
2330 5671 2389 5708 ’⁸⁸
2416 5673 2558 5730 Psal.
2593 5689 2732 5736 χιιι,
2769 5671 2825 5727 2.

454 5751 530 5794 ιι.
572 5732 660 5792 20.
739 5732 793 5764 π
822 5734 863 5789 ll
894 5735 1019 5789 Cor.
1043 5751 1122 5800 ιιι,
1144 5735 1198 5799 2,
1226 5736 1277 5790 5.

2123 4557 2262 4614 μασε
2293 4538 2355 4593 τὸ
2380 4536 2607 4608 Πνεῦμα
2623 4528 3004 4602 Θεοῦ,’λέγων,
3036 4530 3167 4584 ποτὲ
3203 4529 3332 4600 μὲν,
3367 4545 3386 4579 ι
3422 4527 3484 4580 El
3512 4526 3570 4579 δὲ
3590 4524 3704 4593 ἐγὼ

2119 4635 2177 4687 ἐν
2208 4628 2492 4701 Πνεύματι
2524 4625 2662 4682 Θεοῦ
2690 4625 2938 4681 ἐκϐάλλω
2965 4623 3036 4677 τά
3072 4620 3357 4692 δαιμόνια·
3411 4637 3431 4671 ι
3472 4615 3605 4670 ποτὲ
3642 4615 3704 4669 δὲ

2119 4722 2213 4788 αῦ,
2247 4741 2266 4775 σ
2298 4724 2361 4777 El
2384 4721 2442 4778 δὲ
2457 4723 2515 4776 ἐν
2549 4717 2801 4789 δακτύλῳ
2828 4714 2966 4770 Θεοῦ
2991 4713 3239 4769 ἐκϐάλλω
3263 4711 3334 4766 τά
3363 4708 3637 4781 δαιμόνια.
3678 4724 3699 4758 ι

2132 4814 2452 4885 Ἐπιστολὴν
2484 4814 2543 4867 δὲ
2575 4814 2724 4885 ἡμᾶς
2757 4808 2858 4881 τὴν
2898 4805 3273 4878 πνευματικὴν
3301 4802 3396 4858 καὶ
3426 4804 3454 4855 6
3488 4798 3706 4862 Παῦλος

2121 4909 2521 4978 ἑκάλει,λέγων
2539 4923 2553 4937 ’
2587 4924 2606 4958 ι
2649 4906 2715 4959 Ἦ
2744 4901 3005 4972 ἐπιστολὴ
3030 4898 3188 4971 ⁴ἡμῶν
3207 4898 3365 4969 ὑμεῖς
3393 4896 3515 4949 ὲστε
3544 4895 3706 4962 ἐγγε-

2121 5000 2417 5076 γραμμένη
2450 5003 2509 5053 ὲν
2542 4999 2665 5062 ταῖς
2698 4995 2951 5067 καρδίαις
2979 4993 3157 5063 ἡμῶν,
3190 4984 3570 5058 γινωσκομένη
3611 4984 3707 5039 καὶ

2122 5091 2606 5164 ἀναγινωσκομένη
2637 5088 2745 5142 ὑπὸ
2767 5087 2985 5141 πάντων
3016 5080 3340 5153 ἀνθρώπων,
3365 5075 3707 5161 φανερούμετ

2123 5204 2204 5240 vos
2230 5150 2314 5239 δτι
2337 5150 2737 5250 ὲστὲίέπιστολὴ
2754 5176 2887 5232 Θεοῦ
2904 5150 3290 5246 διακονηθεῖσα
3309 5170 3403 5239 ὑφ’
3418 5168 3598 5241 ἡμῶν,
3618 5150 3709 5235 ὲγέ

2128 5273 2592 5348 γεγραμμένη,ού
2619 5271 2833 5344 μέλανι,
2860 5267 2997 5324 ἀλλά
3026 5266 3303 5337 Πνεύματι
3324 5263 3458 5319 Θεοῦ
3481 5261 3708 5329 ζῶντος,

2131 5370 2231 5422 οὐκ
2252 5368 2311 5421 έν
2335 5364 2521 5432 πίναξι
2551 5363 2804 5430 λιθίναις,
2837 5360 2951 5415 ἀλλ’
2978 5361 3036 5414 ὲν
3067 5355 3230 5425 πλαξὶ
3268 5356 3497 5429 καρδίας
3520 5353 3707 5426 σαρκί-

2133 5477 2271 5524 ναις.
2316 5477 2335 5511 ι

2205 5550 2411 5605 ΠΑΛΔ.
2456 5548 2596 5603 Ἀλλ’
2645 5547 2726 5601 ὃτι
2771 5545 2871 5618 μὲν
2907 5541 3070 5597 τύποι
3108 5543 3203 5596 καί⁵
3250 5540 3405 5595 σκιαὶ
3450 5538 3520 5595 τὰ
3568 5538 3712 5594 κατὰ

2927 5662 2974 5695 “
2992 5666 3183 5722 Matth.
3209 5682 3304 5732 xu,
3325 5665 3419 5721 27.
3493 5665 3541 5697 ”
3575 5662 3710 5719 Luc.
