4024 6220
297 358 404 417 145

1059 367 1146 423 DE
1177 366 1623 424 ADORATIONE
1659 369 1728 426 IN
1767 370 2042 428 SPlRIT-U
2074 371 2162 427 ET
2201 374 2570 429 VERITATE.
2613 376 2742 430 LIB.
2781 377 2821 431 l.

3465 378 3568 434 “6

293 477 390 528 τὸν
418 479 609 546 νόμον,
641 477 808 549 φαίην
836 480 904 533 ἂν
934 491 1028 534 και
1068 481 1252 549 αὐτὸς,
1286 478 1345 536 εὖ
1375 480 1485 536 ίσθι
1524 501 1627 538 τοι.
1657 483 1792 555 Φέρε
1821 484 1886 556 δὴ

1996 487 2241 553 umbras,
2265 503 2388 558 quae
2415 489 2534 560 lege
2561 489 2940 546 continentur.
2989 490 3096 547 Sed
3132 506 3251 562 age,
3289 491 3568 546 subtiliter

292 563 387 622 οὖν
409 568 612 622 λεπτόν
636 587 698 622 τε
721 572 815 626 καὶ⁹
842 571 1044 644 ἀκριϐῆ
1073 575 1187 636 τοῖς
1221 576 1280 628 ἐν
1307 573 1464 646 τύπῳ
1493 577 1886 647 κεχρησμωδηρ

293 663 486 731 μένοις
523 661 764 727 ἐνιέντες
790 664 884 717 τὸν
909 663 1053 731 νοῦν,
1079 664 1623 739 πολυπραγμονῶμεν
1654 663 1713 720 εὖ
1738 667 1884 738 μάλα

291 756 392 822 τῆς
423 755 683 825 ἀληθείας
734 755 795 808 τὸ
841 755 1055 821 κάλλος.
1102 757 1207 829 an;
1245 758 1357 829 γὰρ
1401 758 1468 812 ἂν
1509 758 1653 811 οὕτω
1700 757 1884 812 λοιπὸν

288 845 472 898 οὐδενὶ
512 844 624 898 τῶν
675 844 846 900 ὄντων
889 847 1208 918 ἀσυμφανὲς
1243 850 1344 920 τῆς
1380 850 1438 903 ἐν
1485 849 1758 922 πνεύματι
1793 849 1886 903 λα-

290 955 318 988 τ
324 937 487 1007 psic;
518 936 580 990 τὸ
608 938 932 1008 μυστήριον.

364 1028 537 1081 ΚΥΡ.
565 1027 677 1080 Καὶ
699 1030 829 1104 μὴν,
849 1023 894 1082 ὦ
910 1032 1147 1098 γενναῖε,
1165 1031 1563 1102 καταπέφρικά
1579 1049 1661 1085 τοι
1680 1031 1886 1104 σφόδρα

294 1121 544 1184 εἰκότως,
572 1120 938 1176 δυσοκνότατά
965 1123 1026 1174 τέ
1063 1123 1176 1194 εἰμι
1207 1123 1343 1194 πρὸς
1375 1124 1532 1178 τοῦτο
1575 1125 1718 1179 λίαν.
1760 1121 1884 1180 Εἶεν

295 1211 400 1283 γὰρ
434 1206 595 1280 οἶμαι
619 1228 722 1264 που
751 1215 865 1275 τοῖς
895 1211 1016 1266 καθ’
1045 1213 1194 1284 ἡμᾶς
1209 1213 1307 1284 οὐχ
1330 1212 1687 1284 ἁλώσιμα,τά
1712 1214 1884 1280 οὕτως

293 1301 688 1373 ἀνῳκισμένην
723 1303 829 1355 κκαὶ
876 1303 1146 1374 ὑπερτενῆ
1198 1304 1434 1376 λαχόντα
1465 1305 1565 1376 τὴν
1627 1305 1882 1378 θεωρίαν.

297 1395 510 1464 Χρῆναι
561 1394 621 1447 δὲ
676 1391 830 1464 οἶμαι
877 1394 1060 1464 λέγειν
1093 1395 1559 1468 ἀνασκοπουμένῳ
1606 1398 1666 1452 τὸ
1721 1398 1885 1469 βάθος

295 1481 400 1536 τῶν
419 1484 478 1537 ἐν
506 1483 589 1552 τῷ
622 1483 774 1553 νόμῳ
795 1484 1174 1557 θεωρημάτων
1193 1505 1206 1518 ο
1246 1507 1264 1538 ι
1298 1488 1393 1552 Τίς
1431 1488 1593 1558 σοφὸς
1621 1490 1717 1543 καὶ⁸
1760 1507 1877 1546 συν-

301 1577 415 1648 ήσει
447 1574 658 1643 ταῦτας
681 1576 776 1629 καὶ
803 1577 1043 1643 συνετὸς,
1075 1578 1170 1631 καὶ
1191 1579 1555 1648 ἐπιγνώσεται
1577 1581 1751 1648 αὐτάς
1785 1601 1804 1634 ι

377 1758 584 1812 11AM.
608 1757 723 1811 Οὐκ
770 1758 982 1829 ἀτραχυ
1020 1757 1118 1829 μὲν
1147 1758 1209 1812 τὸ
1254 1757 1461 1830 χρῆμα,
1495 1752 1542 1812 ὦ
1576 1759 1698 1814 τᾶν.
1741 1778 1759 1812 ι
1791 1760 1884 1812 Αἰ·

1989 589 2054 635 et
2072 590 2351 646 accurate,
2388 596 2510 650 quae
2537 597 2637 652 per
2675 582 2877 653 ﬁguras
2907 583 3107 638 tradita
3135 593 3286 648 sunt,
3312 585 3566 639 animad-

1989 681 2288 737 vertamus,
2323 689 2387 728 ac
2417 672 2716 744 diligenter
2767 675 3160 746 investigemus
3225 676 3397 746 ipsam
3435 677 3566 747 pul-

1989 763 2366 820 chritudinem
2392 766 2680 821 veritatis:
2710 766 2786 822 ita
2839 767 3063 822 demum
3113 768 3322 823 nemini
3360 769 3564 824 obscu-

1988 871 2110 910 rum
2132 872 2253 912 esse
2287 858 2610 929 mysterium
2635 859 2817 914 cultus
2847 859 2902 914 in
2941 861 3139 931 spiritu
3161 861 3386 930 poterit.

2056 1036 2214 1092 ΟΥΕ.
2255 1039 2526 1108 Equidem
2579 1033 2802 1105 horreo,
2833 1039 3076 1106 Palladi;
3136 1055 3314 1110 neque
3359 1040 3413 1095 id
3445 1039 3566 1094 sine

1949 1131 1952 1140 '
1987 1143 2170 1195 causa,
2213 1139 2269 1185 et
2291 1140 2509 1202 gravate
2552 1132 2850 1187 admodum
2887 1131 2954 1186 ad
2985 1133 3092 1187 hoc
3150 1148 3352 1187 munus
3404 1148 3563 1187 acce-

1988 1221 2078 1275 do.
2115 1221 2320 1276 Harum
2353 1222 2502 1276 enim
2523 1239 2710 1279 rerum
2748 1223 3146 1294 contemplatio
3175 1223 3250 1278 ita
3281 1222 3453 1277 ardua
3483 1232 3567 1278 est

1986 1322 2151 1384 atque
2213 1314 2488 1379 sublimis,
2520 1324 2582 1370 ut
2615 1316 2858 1371 humano
2903 1315 3188 1371 intellectu
3234 1315 3326 1369 vix
3355 1315 3563 1385 percipi

1986 1412 2193 1474 queat:
2217 1421 2282 1461 ac
2307 1407 2355 1460 si
2384 1406 2510 1477 quis
2531 1407 2876 1463 altitudinem
2921 1407 3452 1477 contemplationum
3470 1423 3566 1462 ea-

1987 1514 2110 1552 rum
2163 1515 2284 1569 quae
2312 1499 2489 1555 latent
2530 1501 2588 1555 in
2637 1502 2777 1572 lege,
2815 1500 3144 1572 spectaverit
3185 1516 3294 1554 non
3327 1498 3568 1554 absurde

1986 1590 2153 1644 verba
2186 1591 2278 1645 illa
2307 1607 2578 1661 usurpare
2605 1591 2810 1662 poterit
2836 1610 2850 1645 :
2892 1611 2909 1643 ι
2938 1591 3074 1658 Quis
3105 1591 3346 1662 sapiens,
3373 1599 3430 1648 et
3478 1591 3568 1645 in-

1987 1682 2196 1754 telliget
2229 1683 2386 1738 haec?
2407 1692 2463 1739 et
2485 1684 2750 1754 prudens,
2782 1690 2838 1738 et
2858 1691 3154 1754 cognoscet
3181 1683 3298 1753 ipsa
3319 1685 3363 1716 "
3389 1685 3412 1736 τ
3434 1703 3451 1734 ι

2058 1774 2257 1829 PALL.
2287 1775 2542 1846 Magnum
2593 1791 2735 1846 opus
2757 1782 2814 1830 et
2863 1775 3120 1840 arduum,
3173 1773 3396 1846 Cyrille.
3457 1773 3566 1828 Sed

323 1851 454 1902 τεῖτε
488 1869 506 1900 ι
555 1849 608 1903 δὲ
637 1851 807 1922 ὅμως,
841 1852 1006 1922 φησὶν
1044 1852 1074 1904 ό
1123 1850 1380 1924 Χριστὸς,
1419 1869 1438 1904 ι
1475 1852 1569 1905 καὶ
1599 1851 1884 1922 δοθήσεται

1996 1886 2012 1917 ι
2037 1866 2238 1937 petite,
2267 1886 2285 1918 ι
2307 1867 2487 1937 inquit
2509 1867 2783 1933 Christus,
2820 1885 2837 1919 ‹
2864 1873 2919 1922 et
2941 1866 3162 1922 dabitur
3181 1865 3339 1921 vobis
3363 1882 3377 1932 ;
3414 1880 3567 1936 qum-

321 1944 474 2013 ῠμῖν·
504 1942 711 2014 ζητεῖτε
739 1943 838 1997 καὶ
876 1943 1165 2016 εὑρήσετε,
1214 1942 1442 2016 κρούετε
1472 1942 1567 1997 καὶ
1601 1944 1884 2015 ἀνοιγήσε-

313 2052 395 2088 ται
419 2036 560 2105 ὑμῖν.
595 2054 616 2086 ι

373 2127 534 2182 ΚΥΡ.
584 2128 748 2182 ’Ῑτέον
777 2127 842 2200 δὴ
889 2123 984 2182 οὖν
1017 2129 1111 2182 ἐπὶ
1141 2127 1201 2182 τὺ
1230 2129 1426 2201 χρῆναι
1471 2129 1783 2201 φιλοθηρεῖν
1824 2129 1886 2183 τδ

305 2217 486 2272 τελοῦν
512 2220 597 2283 είς
624 2219 812 2290 ὄνησιν
836 2234 850 2247 ·
883 2219 980 2273 καὶ
1022 2219 1088 2292 δὴ
1121 2221 1217 2274 καὶ
1252 2221 1531 2293 ἱκετηρίαν
1559 2221 1886 2291 προανατεί-

303 2329 476 2382 νωμν
497 2310 759 2381 λέγοντες
779 2329 793 2342 ⁸
824 2330 844 2365 ι
891 2313 1268 2382 Ἀποκάλυψον
1289 2315 1412 2377 τοὺς
1427 2313 1740 2385 ὀφθαλμούς
1760 2331 1882 2386 μου,

301 2405 394 2457 καὶ
422 2406 756 2476 κατανοήσω
784 2405 856 2458 τά
880 2405 1163 2478 θαυμάσιά
1188 2423 1281 2459 σου
1317 2407 1382 2460 ὲκ
1403 2406 1497 2460 τοῦ
1530 2407 1696 2478 νόμου
1721 2424 1836 2460 σου.
1859 2425 1879 2458 ι

298 2499 388 2549 Δεῖ
410 2496 468 2550 δὲ
504 2498 684 2568 ἡμᾶς,
718 2497 795 2561 ὥς
822 2497 990 2564 ἔοικε,
1023 2498 1130 2569 πρό
1153 2515 1217 2568 γε
1244 2497 1352 2552 τῶν
1375 2498 1550 2553 ἄλλων
1577 2500 1771 2564 εἰπεῖν,
1787 2499 1886 2570 τήν

296 2604 358 2640 τε
385 2590 467 2651 είς
483 2587 802 2660 φαυλότητα
818 2588 912 2642 τοῦ
932 2587 1219 2660 ἀνθρώπου
1242 2589 1624 2660 παρατροπὴν,
1645 2587 1887 2651 δουλείας

297 2697 359 2731 τε
390 2680 538 2752 πέρι,
568 2681 664 2734 καὶ
686 2681 1069 2751 αἰχμαλωσίας
1087 2681 1188 2752 τῆς
1215 2679 1320 2733 ὑπὸ
1337 2681 1416 2750 τῷ
1436 2681 1654 2734 πάντων
1681 2679 1885 2751 ἐχθρῷ,

295 2772 444 2835 ὅπως
480 2789 542 2825 τε
590 2773 686 2826 καὶ
715 2772 836 2826 τίνα
881 2770 1084 2843 τρόπον
1130 2773 1290 2826 ταυτὶ⁵
1323 2771 1454 2844 παρ’
1498 2771 1658 2843 ἡμῶν
1697 2772 1794 2825 καὶ
1827 2773 1886 2824 ἐν

292 2866 426 2936 ἦμῖν
470 2865 865 2936 ὲκπράττεται.
919 2866 1323 2937 Προσεπειπεῖν
1371 2863 1428 2917 δὲ
1472 2864 1537 2934 δὴ
1590 2862 1754 2930 οὕτω,
1787 2865 1886 2918 καὶ

289 2959 415 3011 τίνα
439 2959 548 3029 χρὴ
574 2959 778 3028 τρόπον
791 2958 1079 3012 ἀπονεύειν
1091 2956 1184 3011 τοῦ
1206 2956 1401 3023 κακοῦ,
1426 2957 1520 3010 καὶ
1532 2957 1887 3011 ἀποσείεσθαι

294 3049 399 3117 μὲν
424 3049 529 3119 τῆς
563 3049 654 3100 ἐπ’
682 3049 879 3119 ἐκείνῳ
920 3047 1166 3111 δουλείας
1187 3047 1280 3100 τὸν
1307 3046 1491 3116 ζυγὸν,
1515 3047 1888 3120 ἀναθρώσκειν

289 3137 353 3190 δὲ
369 3133 438 3190 αὖ
463 3138 603 3208 πρὸς
619 3139 682 3191 τὸ
707 3140 763 3191 ὲν
788 3139 1006 3210 ἀρχαῖς,
1031 3136 1388 3202 διασώζοντος
1399 3139 1495 3193 καὶ
1515 3138 1884 3210 ἐπαμύνοντος

290 3228 388 3282 τοῦ
423 3229 587 3284 Θεοῦ.
636 3229 778 3300 Τῇδε
821 3228 932 3300 γὰρ
973 3231 1109 3301 ἡμῖν
1141 3230 1312 3294 ἰόντος
1349 3229 1446 3284 τοῦ
1475 3230 1637 3301 λόγου
1665 3231 1772 3303 ὁδῷ
1813 3234 1880 3305 τῇ

289 3319 614 3394 πρεπούσῃ.
643 3322 914 3392 προσήκοι
948 3321 1035 3386 ἂν,
1064 3317 1242 3392 οἶμαι,
1265 3321 1360 3376 καὶ
1387 3323 1456 3377 τά
1485 3319 1669 3380 λοιπά.

365 3414 582 3467 ΠΑΛΛ.
627 3413 922 3482 Ὀρθὸτατα
953 3413 1158 3485 διανοῇς

365 3504 537 3560 ΚΥΡ.
580 3503 657 3557 Τδ
684 3504 794 3576 γάρ
822 3522 906 3559 τοι
947 3507 1323 3578 καρποφορεῖν
1363 3505 1624 3561 δύνασθαι
1655 3507 1734 3578 τῷ
1769 3506 1887 3577 Θεῷ

293 3596 396 3649 καὶ
439 3595 746 3666 προσάγειν
774 3594 966 3658 θυσίας
1008 3596 1408 3668 πνευματικὰς,
1437 3598 1604 3667 ἤγουν
1643 3597 1888 3670 ἀνδρίζε-

299 3687 471 3753 σθαι,
507 3687 608 3741 καὶ
632 3687 964 3758 εὐδοκιμεῖν,
997 3687 1299 3760 κατορθοῦν
1327 3688 1608 3753 ἐθέλοντας
1643 3690 1741 3761 τὴν
1763 3690 1890 3761 ἀρε-

292 3780 418 3851 τὴν,
470 3779 602 3850 οὐχὶ
633 3779 806 3850 δήπου
845 3778 1046 3850 πρέποι
1090 3780 1157 3833 ἂν
1189 3782 1302 3845 τοῖς
1337 3780 1479 3835 οὓτω
1515 3781 1757 3846 δουλείας
1793 3780 1890 3834 καὶ

295 3867 492 3920 παθῶν
523 3867 774 3937 ἀνάγκης
806 3866 1283 3938 ἀπηλλαγμένοις,
1316 3869 1432 3922 ἀλλ’
1457 3864 1540 3934 οἷς
1571 3870 1671 3942 ἤδη
1712 3887 1828 3935 πως
1861 3872 1890 3924 ὁ

298 3959 424 4024 νοῦς
452 3960 726 4028 ἀνανήφει
746 3958 885 4031 πρὸς
901 3959 963 4013 τὸ
984 3958 1284 4030 ἐλεύθερον,
1319 3959 1416 4014 καὶ
1441 3961 1541 4014 οὐκ
1560 3961 1892 4034 ἀμελέτητον

296 4053 410 4124 ἔχει
427 4053 494 4108 τὸ
508 4052 866 4108 ἀποσείεσθαι
888 4052 1160 4122 τὸνιζυγδν
1184 4053 1282 4122 τῆς
1302 4052 1398 4106 τοῦ
1428 4051 1674 4109 διαϐόλου
1701 4055 1894 4110 πλεον-

296 4144 472 4209 εξίας.

365 4236 587 4290 ΠΑΛΛ.
625 4235 912 4307 Σύμφημι,
941 4237 1090 4300 νοεῖς
1103 4236 1214 4308 γὰρ
1238 4235 1436 4308 ὀρθῶς.

367 4330 541 4385 ΚΥΡ.
573 4328 690 4382 Καὶ
725 4329 791 4402 δὴ
823 4328 918 4383 καὶ
945 4328 1216 4400 λέγωμεν,
1377 4328 1669 4402 πεποίηται
1720 4330 1820 4403 μὲν
1867 4332 1895 4384 ὁ

295 4420 598 4493 ἄνθρωπος
629 4423 687 4475 ὲν
719 4421 938 4492 ἀρχαῖς,
975 4421 1253 4493 ἁμαρτίας
1283 4421 1382 4494 μὲν
1407 4422 1502 4477 καὶ
1533 4423 1723 4478 παθῶν
1751 4425 1896 4479 ἀνω-

1987 1958 2114 2025 rite,
2146 1965 2202 2013 et
2225 1957 2560 2025 invenietis;
2604 1959 2824 2030 pulsate
2844 1999 2858 2023 ,
2895 1966 2951 2013 et
2970 1957 3248 2028 aperietur
3277 1955 3514 2011 vobis“.
3541 1975 3560 2008 ι

2055 2138 2211 2194 CYR.
2239 2134 2584 2210 Pergendurn
2612 2139 2778 2209 igitur
2811 2137 2973 2192 nobis
3012 2145 3099 2192 est
3133 2136 3201 2192 ad
3242 2150 3307 2192 ea
3335 2135 3567 2191 investi-

1987 2230 2160 2300 ganda
2217 2245 2338 2298 quae
2383 2231 2680 2284 utilitatem
2717 2230 2919 2285 aﬁ‘erre
2969 2237 3220 2299 possunt,
3277 2243 3342 2283 ac
3375 2243 3569 2298 preces

1987 2319 2407 2390 praemittamus,
2439 2319 2726 2374 dicentes:
2767 2337 2785 2369 ι
2814 2319 3018 2374 Revela
3064 2318 3258 2373 oculos
3303 2333 3478 2382 meos,
3513 2326 3570 2373 et

1987 2407 2354 2462 considerabo
2383 2407 2662 2462 mirabilia
2715 2407 2784 2462 de
2823 2407 2942 2478 lege
2993 2415 3086 2462 tua
3111 2407 3219 2460 ".i
3274 2406 3417 2461 Ante
3459 2407 3567 2461 alia

1991 2497 2160 2570 igitur
2202 2497 2500 2552 dicendum
2544 2497 2708 2552 nobis
2749 2505 2837 2552 est
2885 2496 2954 2552 de
3005 2496 3164 2567 lapsu
3201 2496 3447 2551 hominis
3508 2497 3566 2550 in

1985 2599 2306 2661 peccatum,
2336 2591 2516 2662 deque
2567 2590 2834 2646 servitute
2878 2598 3045 2660 atque
3095 2589 3420 2659 captivitate
3459 2603 3568 2658 qua

1984 2682 2042 2752 9
2065 2683 2168 2738 sub
2198 2683 2447 2738 omnium
2472 2683 2752 2738 communi
2779 2682 2939 2738 hoste
2987 2681 3301 2745 tenebatur,
3335 2688 3397 2734 ut
3423 2694 3567 2749 quo-

1989 2775 2282 2832 dammodo
2316 2776 2433 2831 ha3c
2475 2775 2698 2831 a-nobis
2724 2783 2782 2830 et
2825 2775 2882 2829 in
2925 2775 3089 2829 nobis
3110 2773 3264 2828 ﬁant.
3298 2772 3397 2827 His
3422 2771 3566 2842 adji-

1989 2867 2247 2923 ciendum
2279 2876 2366 2922 est
2402 2866 2680 2938 quomodo
2723 2865 3115 2921 declinandum
3140 2865 3213 2919 sit
3251 2879 3282 2918 a
3305 2864 3472 2927 malo,
3511 2869 3569 2916 et

1987 2959 2382 3014 excutiendum
2417 2959 2703 3014 servitutis
2753 2959 2967 3029 jugum,
2993 2973 3102 3027 qua
3130 2955 3234 3011 sub
3285 2954 3380 3009 illo
3410 2963 3567 3008 tene-

1943 3079 1945 3081 ι
1987 3067 2135 3116 mur,
2185 3057 2248 3106 ut
2286 3051 2358 3105 ad
2400 3050 2691 3120 pristinam
2733 3049 2953 3104 tandem
3004 3047 3397 3118 integritatem,
3450 3060 3568 3099 ser-

1988 3151 2152 3198 vante
2193 3151 2251 3197 et
2298 3142 2601 3213 adjuvante
2640 3143 2790 3207 Deo,
2824 3141 3009 3196 redire
3059 3140 3374 3210 possimus.-
3413 3137 3569 3192 Hanc

1984 3233 2133 3288 enim
2171 3231 2314 3286 viam
2354 3232 2402 3285 si
2448 3240 2658 3286 nostra
2684 3231 2862 3286 oratio
2899 3230 3160 3295 tenuerit,
3205 3238 3358 3285 recto
3401 3229 3567 3284 etiam

1986 3324 2182 3379 itinere
2210 3322 2660 3393 progredientur,
2683 3331 2745 3377 ut
2773 3323 2992 3392 opinor,
3015 3329 3072 3377 et
3087 3321 3324 3392 reliqua.

2061 3414 2258 3472 PALL.
2301 3415 2472 3468 Recte
2499 3412 2692 3468 sentis.

2059 3507 2217 3562 CYB.
2251 3505 2526 3571 Quocirca
2566 3503 2873 3559 oblationes
2931 3510 3096 3572 atque
3134 3501 3343 3556 hostias
3373 3499 3575 3556 oﬂ‘erre

1991 3600 2105 3654 Deo
2154 3596 2490 3668 spirituales,
2527 3603 2730 3665 nempe
2754 3601 2978 3649 strenue
3024 3609 3084 3649 se
3127 3602 3184 3648 et
3222 3591 3577 3648 laudabiliter

1989 3689 2349 3760 exsequenda;
2378 3686 2814 3743 virtutisstudio
2841 3702 3032 3758 gerere
3050 3727 3064 3752 ,
3098 3685 3324 3742 minime
3347 3686 3415 3742 iis
3441 3702 3576 3741 con-

1990 3780 2140 3835 venit
2173 3778 2269 3849 qui
2304 3794 2363 3833 se
2400 3777 2648 3832 nondum
2685 3792 2715 3831 a
2757 3777 3018 3831 vitiorum
3055 3775 3354 3842 servitute,
3395 3775 3576 3831 domi-

1991 3881 2234 3943 natuque
2257 3870 2583 3938 liberarint;
2619 3869 2715 3925 sed
2750 3869 2818 3925 iis
2856 3885 3091 3941 quorum
3132 3870 3349 3925 animus
3395 3855 3576 3924 ad'li-

1993 3965 2262 4020 bertatem
2305 3963 2556 4034 erigitur,
2614 3971 2671 4017 et
2725 3962 2793 4016 ad
2845 3962 3236 4018 excutiendum
3292 3960 3579 4016 diabolicae

1995 4054 2302 4126 tyrannidis
2335 4054 2527 4125 iugum
2565 4069 2676 4108 non
2717 4060 2805 4108 est
2843 4052 3156 4107 incuriosus
3183 4060 3242 4107 et
3277 4051 3574 4124 negligens.

2066 4234 2263 4291 PALL.
2302 4231 2616 4287 Assentior:
2645 4240 2794 4287 recte
2823 4247 3062 4302 namque
3087 4233 3390 4288 existimas.

2065 4317 2224 4383 CYR.
2255 4325 2500 4381 Dicimus
2542 4323 2710 4394 igitur
2759 4323 2964 4379 factum
3012 4340 3133 4380 esse
3179 4325 3459 4380 hominem
3509 4324 3580 4379 ab

2001 4422 2160 4479 initio
2184 4419 2474 4493 ejusmodi,
2507 4427 2590 4484 ut,
2629 4419 2881 4490 quamvis
2912 4418 3156 4474 animum
3195 4419 3425 4475 haberet
3449 4436 3579 4490 pec-

297 4514 444 4584 τέρω
477 4531 600 4576 πως
628 4512 716 4570 ἔτι
733 4514 835 4584 τὴν
861 4513 1100 4568 διάνοιαν
1128 4513 1288 4586 ἔχων,
1312 4515 1372 4569 οὐ
1400 4515 1506 4587 μὴν
1540 4516 1889 4582 ἀνεπίδεκτος

1997 4521 2121 4572 cato
2155 4523 2213 4570 et
2241 4512 2528 4568 affectibus
2559 4511 2900 4583 superiorem
2926 4551 2940 4575 ,
2984 4525 3095 4565 non
3137 4509 3182 4565 is
3219 4519 3401 4565 tamen
3434 4522 3583 4566 esset

298 4605 591 4670 παντελῶς
622 4605 721 4675 τῆς
752 4607 838 4674 ἐφ’
861 4605 1000 4678 ὅπερ
1028 4606 1094 4660 ἂν
1123 4605 1298 4659 ἕλοιτο
1342 4607 1716 4679 παρατροπῆς.
1755 4607 1898 4660 Ἐδό-

301 4715 386 4751 κει
438 4698 555 4770 γὰρ
589 4699 734 4768 ἔχειν
764 4696 943 4770 ὀρθῶς
982 4697 1061 4769 τῷ
1095 4697 1314 4752 πάντων
1347 4698 1700 4770 ἀριστοτέχνῃ
1743 4699 1893 4771 Θεῷ.

300 4789 407 4843 τῶν
442 4789 596 4844 ἰδίων
627 4788 948 4861 θελημάτων
989 4789 1250 4844 ἀνάπτειν
1275 4789 1424 4860 αὐτῷ
1452 4789 1554 4854 τὰς
1591 4789 1769 4862 ἡνίας,
1802 4790 1897 4845 καὶ

306 4883 594 4937 ἀναθεῖναι
660 4882 793 4954 δρᾷν
839 4881 904 4935 τὸ
949 4881 1142 4936 δοκοῦν
1187 4880 1632 4946 αὑτοκελεύστοις
1673 4882 1893 4953 ὁρμαῖς.

308 4971 714 5045 Προαιρετικὴν
751 4971 860 5044 γάρ
889 4971 1029 5036 ἔδει,
1060 4971 1154 5026 καὶ
1191 4971 1290 5043 οὐχ
1320 4970 1508 5043 ὥσπερ
1547 4971 1608 5037 ἐξ
1649 4971 1896 5042 ἀνάγκης

311 5065 542 5136 ὁρᾶσθαι
587 5067 690 5135 τὴν
714 5063 940 5137 ἀρετὴν,
989 5064 1108 5118 ἀλλ’
1133 5065 1254 5119 οὐδὲ
1293 5064 1506 5135 φύσεως
1529 5064 1716 5137 νόμοις
1741 5064 1897 5119 ἀδια-

315 5160 538 5220 πτώτως
561 5155 981 5227 ἐρηρεισμένην·
1009 5155 1135 5209 ἴδιον
1153 5155 1261 5227 γὰρ
1279 5155 1346 5212 ἂν
1369 5156 1456 5227 εἴη
1471 5157 1620 5209 τουτὶ
1632 5156 1734 5226 τῆς
1757 5156 1902 5209 ἀνω-

319 5249 455 5304 τάτω
489 5247 686 5302 πασῶν
711 5247 903 5311 οὐσίας
947 5248 1044 5301 καὶ
1089 5249 1383 5320 ὑπεροχῆς.
1438 5247 1658 5320 Ἐπειδὴ
1686 5248 1745 5302 δὲ
1785 5251 1900 5312 τοῖς

323 5337 407 5407 τῆς
433 5338 577 5401 ἰδίας
604 5336 824 5407 φύσεως
850 5336 1033 5406 λόγοις
1060 5339 1122 5391 τὸ
1149 5338 1286 5404 ζῶον
1306 5339 1612 5411 ἀπήρτιστο
1641 5357 1899 5411 τεχνουρ-

325 5431 535 5496 γοῦντος
582 5429 757 5495 Θεοῦ,
813 5429 1172 5484 κατεπλούτει
1222 5432 1566 5503 παραχρῆμα
1613 5431 1711 5503 τὴν
1762 5431 1900 5502 πρὸς

324 5521 474 5574 αὐτὸν
501 5521 788 5592 ὁμοίωσιν.
839 5521 1262 5592 Ἐνεχαράττετο
1292 5522 1401 5593 γάρ
1431 5523 1577 5594 αὐτῷ
1607 5523 1706 5594 τῆς
1750 5521 1900 5586 θείας

325 5615 529 5680 φύσεως
562 5618 599 5686 ἡ
648 5614 850 5680 εἰκὼν,
901 5613 1319 5686 ἐμφυσηθέντος
1357 5617 1513 5686 ἁγίου
1560 5616 1897 5687 Πνεῦματος.

1997 4615 2059 4662 ιιι
2084 4607 2141 4661 in
2169 4614 2571 4674 utramcunque
2599 4611 2811 4674 partem
2836 4603 3022 4667 vellet,
3057 4601 3202 4656 ﬂecti
3238 4616 3347 4656 non
3373 4611 3577 4672 posset.

1996 4699 2215 4756 Etenim
2249 4697 2329 4752 illi
2361 4713 2550 4752 rerum
2582 4696 2967 4752 universarum
3002 4695 3225 4765 optimo.
3249 4694 3431 4764 opiﬁci
3470 4695 3583 4749 Deo

1996 4789 2369 4844 rectissimum
2392 4797 2480 4845 est
2500 4788 2702 4854 visum,
2743 4789 2980 4859 propria:
3009 4788 3313 4843 voluntatis
3341 4787 3585 4841 habenas

1996 4883 2075 4938 illi
2102 4884 2443 4955 permittere,
2477 4883 2904 4953 spontaneisque
2925 4880 3214 4936 conatibus
3235 4878 3502 4944 tribuere,
3529 4879 3582 4933 id

2002 4982 2064 5029 ut
2085 4975 2310 5042 faceret,
2337 4975 2485 5046 quod
2520 4975 2738 5030 libitum
2764 4973 2978 5030 fuisset.
3015 4971 3316 5044 Oportebat
3349 4972 3497 5026 enim
3523 4981 3588 5026 ut

2005 5066 2182 5122 virtus
2203 5066 2482 5121 voluntate
2509 5074 2783 5136 suscepta,
2817 5080 2928 5119 non
2949 5065 3002 5118 vi
3031 5063 3377 5119 necessitatis
3401 5073 3588 5119 coacta

2007 5159 2326 5225 videretur;
2376 5166 2471 5214 aut
2507 5159 2581 5214 ita
2608 5168 2818 5213 natura:
2861 5157 2977 5227 lege
3018 5156 3263 5220 munita,
3299 5164 3360 5210 ut
3393 5154 3588 5210 cadere

2003 5252 2228 5306 omnino
2253 5267 2362 5306 non
2387 5260 2614 5321 posset:
2659 5250 2712 5305 id
2742 5249 2890 5304 enim
2929 5248 3006 5302 illi
3043 5264 3314 5319 supremae
3341 5245 3586 5301 omnium

2000 5343 2254 5399 essentia:
2305 5353 2468 5413 atque
2511 5342 2848 5398 excellentia:
2898 5340 3179 5411 proprium
3237 5347 3340 5395 est.
3393 5339 3589 5392 Postea

2001 5451 2133 5489 vero
2169 5451 2332 5505 quam
2379 5434 2615 5505 proprize
2645 5443 2856 5488 natura:
2893 5431 3198 5486 rationibus
3239 5430 3343 5481 hoc
3385 5425 3587 5482 animal

2004 5527 2314 5582 absolutum
2352 5527 2457 5580 fuit
2495 5525 2690 5595 opiﬁce
2738 5525 2869 5584 Deo,
2906 5523 3088 5576 statim
3134 5520 3280 5572 illius
3326 5518 3588 5574 similitu-

2005 5619 2132 5672 dine
2156 5617 2442 5686 prmditum
2473 5624 2572 5670 est.
2603 5614 2867 5683 lmpressa
2903 5610 3047 5665 enim
3077 5610 3131 5664 in
3163 5609 3257 5665 illo
3285 5620 3370 5666 est
3393 5599 3599 5666 divina!

394 5791 600 5850 'Osce
639 5810 748 5861 xlv,
786 5793 866 5848 ιο.
947 5794 991 5826 ³⁸
1023 5793 1214 5850 Matth.
1249 5811 1340 5858 vn,
1381 5796 1431 5848 7.
1512 5796 1554 5827 ⁸⁷
1590 5795 1729 5849 Psal.
1787 5811 1967 5861 cxvm,
2016 5792 2100 5848 18.
