4024 6220
446 309 548 381 tu

1468 317 1524 374 S.
1566 318 1841 377 CYRILLI
1879 323 2356 386 ALEXANDRLVI
2387 280 2709 392 .ﬂiCﬂiEP.

3597 332 3704 393 με

447 431 626 503 imago
652 441 880 499 natura,
901 435 1166 505 inspirata
1186 434 1394 504 Spiritu
1414 445 1622 493 sancto.
1642 440 1765 510 Ipse
1787 457 2023 513 namque

2129 450 2270 502 Αὐτὸ
2302 448 2404 520 γάρ
2434 453 2582 504 ἐστιν
2608 451 2639 519 ὴ
2672 446 2805 522 πνοὴ
2845 454 2949 523 τῆς
2972 452 3139 523 ζωῆς,
3166 451 3289 506 ἐπεί
3312 469 3391 509 τοι
3419 451 3530 524 ζωὴ
3562 454 3702 511 κατὰ

442 530 528 585 est
551 521 780 592 spiritus
807 523 896 579 ille
931 523 1077 587 vitae,
1108 521 1554 594 quandoquidem
1593 529 1895 587 secundum
1921 548 2021 588 na-

444 623 625 667 turam
651 614 762 667 vita
779 612 925 668 Dens
949 622 1050 669 est.

458 766 461 769 ς
512 702 709 758 PALL.
748 703 960 775 Ergone
998 705 1179 762 anima
1207 707 1415 764 homini
1438 709 1660 768 divinus
1690 714 1919 785 spiritus
1937 726 2024 773 est

441 796 659 850 factus?
1554 868 1561 876 .

511 887 668 943 CYR.
710 886 994 955 Quomodo
1025 905 1137 946 non
1181 893 1639 952 absurdissimum
1671 899 1746 954 sit
1782 900 1857 954 ita
1893 913 2022 955 sen-

444 980 582 1037 tire?
615 979 709 1035 Sic
734 980 881 1036 enim
911 981 1268 1041 immutabilis
1300 986 1418 1057 ipsa
1449 1005 1669 1060 quoque
1698 991 1879 1047 anima
1898 1007 2025 1062 per—

442 1073 767 1141 mansisset;
805 1091 955 1130 nunc
992 1092 1126 1132 vero
1152 1079 1433 1135 mutabilis
1472 1090 1578 1137 est.
1612 1082 1891 1139 Mutabilis
1919 1100 2020 1140 au-

441 1174 555 1220 tem
586 1164 740 1220 nullo
786 1164 952 1221 modo
993 1167 1222 1238 spiritus
1267 1179 1386 1237 est;
1417 1182 1547 1238 aut,
1601 1173 1649 1229 si
1701 1166 2025 1231 mutationis

442 1254 636 1309 morbo
678 1253 914 1321 laborat,
946 1256 1014 1311 ad
1040 1257 1215 1329 ipsam
1264 1260 1361 1316 Dei
1398 1271 1651 1319 naturam
1698 1265 1815 1320 hzec
1868 1267 2024 1323 labes

440 1345 781 1414 pertinebit;
817 1346 1089 1417 siquidem
1122 1362 1209 1406 est
1244 1351 1341 1408 Dei
1368 1362 1424 1408 et
1455 1354 1631 1412 Patris
1662 1366 1718 1412 et
1751 1358 1898 1427 Filii,
1930 1359 2022 1416 ille

440 1444 536 1514 qui
567 1445 1003 1503 substantialiter
1052 1464 1119 1503 ex
1169 1460 1423 1522 utroque,
1459 1454 1720 1509 nimirum
1759 1472 1828 1512 ex
1864 1444 2023 1515 Patre

440 1552 541 1606 per
579 1537 781 1592 Filium
805 1538 1032 1608 proﬂuit
1077 1539 1333 1610 Spiritus.
1370 1542 1613 1598 Stultum
1643 1545 1811 1617 igitur
1856 1547 2025 1603 fuerit

440 1635 634 1695 putare
656 1635 906 1682 sanctum
923 1627 1186 1698 Spiritum
1207 1629 1262 1684 in
1284 1630 1519 1686 animum
1535 1648 1657 1688 esse
1674 1649 2022 1704 conversum,

440 1718 582 1774 etin
629 1719 871 1774 hominis
906 1720 1167 1776 transisse
1196 1731 1470 1778 naturam.
1519 1722 1628 1779 Sed
1660 1723 1891 1781 formata
1932 1727 2024 1782 illa

2126 538 2288 607 φύσιν
2314 540 2342 593 ό
2369 538 2522 604 Θεός.

2195 714 2403 768 ΠΑΛΛ.
2435 710 2563 788 Ἆρ’
2593 704 2685 769 οὖν
2713 715 2860 787 ψυχὴ
2886 715 2966 787 τῷ
3003 715 3276 786 ἀνθρώπῳ
3305 715 3366 769 τὸ
3396 716 3539 771 θεῖον
3576 717 3699 787 ἐγέ-

2124 822 2247 859 νετο
2273 807 2492 876 πνεῦμα
2515 825 2530 873 ;

2194 899 2359 952 ΚΥΡ.
2393 900 2504 954 Καὶ
2540 899 2661 964 πῶς
2690 901 2790 954 οὐκ
2818 900 3015 956 ἄτοπον
3040 903 3236 974 κομιδῇ
3267 902 3337 955 τὸ
3362 901 3488 972 τῇδε
3522 904 3700 965 νοεϊνς

2124 984 2201 1042 Ἦ
2225 988 2336 1061 γάρ
2364 989 2431 1044 ἂν
2465 991 2754 1062 ἄτρεπτος,
2788 992 2885 1045 καὶ
2922 993 3061 1063 αὐτή
3101 1009 3204 1046 που
3232 991 3635 1063 διαμεμένηκεν
3665 994 3699 1062 ἡ

2123 1081 2267 1152 ψυχή
2290 1098 2304 1113 ·
2336 1081 2453 1135 νυνὶ
2484 1080 2542 1134 δέ
2571 1083 2687 1135 ἐστι
2719 1084 2949 1154 τρεπτή.
2992 1083 3238 1154 Τρεπτδν
3263 1083 3321 1137 δὲ
3358 1081 3475 1136 οὔτι
3510 1100 3614 1136 που
3642 1084 3703 1136 τὸ

2124 1173 2343 1243 πνεῦμά
2365 1175 2532 1228 ἐστιν.
2557 1174 2629 1226 Ἦ
2646 1174 2803 1244 εἴπερ
2830 1173 2891 1226 τὸ
2912 1172 3210 1245 τρέπεσθαι
3236 1174 3401 1237 νοσεῖ,
3423 1172 3509 1226 ἐπ’
3531 1172 3705 1242 αὐτὴν

2122 1265 2152 1318 ὁ
2182 1264 2375 1336 μῶμος
2397 1268 2493 1337 τὴν
2523 1264 2671 1318 Θείαν
2702 1265 3093 1337 ἀναδραμεῖται
3126 1264 3286 1334 φύσιν
3311 1281 3327 1329 ;
3368 1263 3530 1335 εἴπερ
3576 1262 3701 1316 ἐστὶ

2122 1358 2217 1410 τοῦ
2252 1357 2387 1412 Θεοῦ
2413 1359 2507 1413 καὶ
2537 1358 2785 1430 Πατρός,
2816 1357 2911 1411 καὶ
2943 1357 3049 1428 μὴν
3085 1358 3182 1411 καὶ
3207 1356 3303 1410 τοῦ
3337 1354 3487 1420 Υίοῠ,
3520 1354 3584 1407 τὸ
3613 1354 3705 1407 οὐ·

2126 1447 2333 1511 σιωδῶς
2359 1448 2418 1514 ἐξ
2446 1450 2668 1520 ἀμφοῖν,
2698 1451 2864 1522 ἤγουν
2898 1450 2963 1501 ἐκ
2991 1448 3205 1519 Πατρὸς
3226 1447 3293 1502 δι’
3316 1445 3448 1500 Υίοῦ
3476 1444 3706 1515 προχεό-

2128 1555 2288 1608 μενον
2317 1539 2562 1610 Πνεῦμα.
2605 1539 2837 1612 Ἀμαθὲς
2856 1535 2949 1593 οὖν
2971 1539 3080 1611 ἄρα
3108 1538 3168 1592 τὸ
3190 1541 3270 1600 είς
3293 1536 3475 1608 ψυχὴν
3499 1536 3706 1590 οἴεσθαι

2128 1632 2576 1702 μεταπεπλάσθαι
2601 1633 2663 1686 τὸ
2702 1632 2949 1702 Πνεῦμα.
2977 1632 3071 1686 καὶ
3103 1634 3184 1696 είς
3219 1628 3511 1702 ἀνθρώπου
3542 1645 3708 1699 μετα-

2126 1721 2375 1794 χωρῆσαι
2394 1722 2574 1791 φύσιν.
2592 1723 2732 1778 Ἀλλ’
2755 1722 3022 1794 ὲψυχοῢτο
3051 1722 3150 1794 μὲν
3174 1723 3235 1775 τὸ
3255 1718 3706 1791 πλαστουργηθὲν

441 1809 916 1867 massaineliabili
952 1813 1058 1883 ιο
1084 1814 1289 1870 virtute
1317 1815 1557 1871 animata
1578 1815 1702 1882 fuit,
1730 1827 1787 1872 et
1820 1818 2022 1873 evesti-

2128 1787 2357 1883 ἆρῤήτῳ
2384 1787 2650 1885 δυνάμει·
2691 1787 3122 1868 κατεκαλλύνετο
3165 1812 3224 1866 δὲ
3256 1787 3605 1883 παραχρῆμα
3636 1811 3705 1879 τῇ

441 1904 532 1974 gio
560 1902 797 1974 Spiritus
828 1905 1004 1960 sancti
1046 1922 1277 1963 munere
1325 1908 1616 1976 decorata;
1659 1926 1839 1981 neque
1875 1910 2022 1966 enim

442 1996 549 2050 alia
575 1997 789 2052 ratione
823 1997 1009 2052 divina
1042 1998 1278 2071 imagine
1310 1999 1474 2056 ditari
1507 2010 1843 2072 poteramus.

512 2088 713 2144 PALL.
740 2090 910 2146 Recte
945 2089 1044 2145 ais.

405 2185 417 2203 '
511 2180 670 2237 CYR.
704 2179 846 2237 Huic
880 2181 1050 2252 igitur
1070 2182 1291 2253 opificio
1336 2185 1420 2239 sic
1461 2195 1744 2251 exornato,
1785 2187 2022 2257 paradisi

438 2272 620 2338 sedes,
652 2272 710 2328 in
740 2273 943 2342 quibus
970 2286 1303 2339 versaretur,
1337 2275 1566 2346 largitus
1584 2285 1670 2333 est
1705 2277 1871 2333 Deus.
1915 2277 2023 2334 Sed

439 2366 571 2437 quia
604 2376 823 2436 aequum
852 2375 990 2431 erat,
1020 2365 1303 2422 hominem
1350 2367 1426 2423 ita
1453 2375 1873 2433 exornatum,et
1908 2384 2022 2426 cm-

439 2455 665 2513 lestium
712 2456 989 2514 bonorum
1034 2459 1193 2528 copia
1250 2458 1566 2527 praeditum,
1611 2474 1723 2514 non
1757 2458 1915 2514 facile
1966 2460 2020 2516 in

431 2550 811 2621 arrogantiam
836 2550 1086 2620 pertrahi
1117 2551 1320 2614 sinere,
1354 2565 1464 2606 non
1487 2562 1875 2622 agnoscentem
1904 2569 2022 2609 ser-

438 2639 535 2695 vili
563 2656 624 2696 se
653 2654 775 2697 esse
820 2640 1533 2712 conditione,modumque
1591 2651 1806 2699 certum
1850 2645 2025 2701 servis

437 2744 561 2786 esse
615 2732 978 2789 constitutum
1024 2730 1137 2804 (ille
1182 2749 1422 2804 namque
1472 2733 1617 2789 latus
1679 2733 1750 2790 ad
1792 2735 2023 2806 gloriam

436 2838 653 2889 cursus,
687 2834 746 2880 et
777 2823 1081 2884 immodica
1097 2825 1345 2891 libertas,
1374 2825 1444 2881 ad
1472 2827 1830 2896 supercilium
1850 2835 1907 2883 et
1925 2843 2023 2883 ex-

435 2915 708 2971 secrabile
739 2916 938 2971 vitium
964 2916 1280 2990 pertrahit),
1340 2917 1468 2974 ideo
1508 2918 1597 2974 lex
1624 2918 1705 2975 illi
1734 2920 2022 2975 continen-

434 3005 528 3061 tiae
551 3005 677 3060 data
706 3012 813 3072 est,
844 3022 967 3079 quae
1006 3007 1224 3063 occasio
1246 3008 1323 3062 illi
1351 3018 1499 3064 esset
1521 3007 1814 3065 Dominum
1854 3024 2026 3080 agno-

2123 1904 2218 1958 τοῦ
2252 1904 2561 1976 πνεύματος
2585 1906 2747 1963 δόσει.
2780 1902 2890 1982 Ἦν
2922 1904 3029 1976 γὰρ
3065 1905 3165 1976 οὐχ
3194 1903 3395 1975 ἑτέρως
3421 1902 3521 1971 τὴν
3554 1898 3707 1954 Θείαν

2123 1997 2272 2065 ἡμᾶς
2300 1998 2484 2051 εἰκόνα
2510 1997 2768 2053 δύνασθαι
2795 1997 3065 2053 πλουτεῖν.

2197 2087 2405 2143 ΠΑΛΛ.
2439 2085 2515 2143 Εὖ
2548 2089 2747 2160 λέγεις.
3410 2118 3413 2121 ·
3472 2158 3477 2163 γ

2196 2178 2361 2234 ΚΥΡ.
2392 2181 2835 2251 Κατακοσμήσας
2865 2179 2930 2252 δὴ
2956 2175 3050 2234 οὖν
3076 2177 3139 2233 τὸ
3157 2178 3401 2253 τέχνημα
3429 2173 3582 2237 Θεὸς,
3605 2171 3705 2243 τὴν

2123 2278 2182 2329 ἐν
2209 2272 2519 2346 παραδείσῳ
2540 2271 2754 2326 δίαιταν
2783 2270 3087 2343 ἐχαρίζετο.
3136 2267 3358 2339 Ἐπειδὴ
3386 2267 3442 2320 δὲ
3478 2265 3583 2319 ἔδει
3612 2264 3706 2318 τὸν

2123 2366 2297 2431 οὓτως
2333 2364 2837 2436 καπγλαῖσμένον,
2880 2364 2977 2417 καὶ
3003 2365 3070 2435 τῇ
3097 2361 3205 2415 τῶν
3233 2359 3439 2415 ἄνωθεν
3481 2356 3707 2425 ἀγαθῶν

2120 2458 2357 2530 ἀφθονίᾳ
2404 2455 2881 2528 κατεστεμμένον,
2928 2454 3004 2526 μὴ
3053 2453 3291 2517 εὐκόλως
3333 2447 3705 2522 ἀναφέρεσθαι

2120 2550 2262 2622 πρὸς
2305 2547 2624 2613 ἀλαζονείαν
2667 2548 2784 2619 ὲᾷν,
2814 2540 3116 2615 ἀγνοοῦντα
3158 2545 3259 2616 τὴν
3294 2542 3559 2607 δουλείαν,
3609 2540 3705 2595 καὶ

2122 2641 2198 2707 ὡς
2226 2641 2341 2695 ἐστι
2369 2640 2565 2712 μέτρον
2599 2640 2706 2693 τῶν
2733 2636 3017 2693 οίκετικῶν
3048 2635 3130 2709 (τὸ
3162 2635 3273 2707 γάρ
3306 2652 3388 2689 τοι
3419 2633 3539 2687 λίαν
3570 2632 3703 2704 εὑρῦ

2125 2735 2261 2804 πρὸς
2295 2733 2357 2787 τὸ
2380 2732 2621 2796 εὐκλεὲς,
2656 2731 2753 2785 καὶ
2779 2730 2840 2783 τὸ
2869 2729 3125 2799 ἀμέτρως
3164 2725 3467 2795 ἐλεύθερον,
3498 2723 3707 2795 ἀποφέ-

2125 2842 2210 2898 ρει
2235 2823 2374 2894 πρὸς
2392 2823 2453 2876 τδ
2482 2821 2764 2895 ὑπέροφρυ
2795 2818 2890 2872 καὶ
2918 2817 3192 2899 ἐπάρατον
3218 2814 3448 2880 πάθος),
3480 2813 3704 2884 πρόφα-

2126 2929 2209 2977 σις
2238 2910 2388 2982 αὑτῷ
2413 2908 2509 2964 τοῦ
2558 2909 2635 2981 μὴ
2663 2910 2878 2977 ἀγνοεῖν
2912 2906 3004 2960 τὸν
3040 2904 3339 2976 Δεσπότην,
3377 2900 3706 2974 ἐγκρατείας

2126 3004 2282 3076 ἐδόθη
2311 3005 2475 3074 νόμος
2498 3017 2512 3031 ·
2548 3001 2634 3055 ἵνα
2662 3000 2728 3055 δι’
2773 2998 2940 3055 αὐτοῦ
2970 2998 3191 3053 καλοῖτο
3224 2998 3362 3067 πρὸς
3400 2995 3706 3065 ἀνάμνησιν

435 3094 651 3159 scendi,
666 3104 729 3152 ut
746 3110 845 3166 per
864 3112 985 3151 eam
1008 3112 1226 3167 semper
1245 3096 1315 3151 ad
1333 3098 1652 3153 memoriam
1676 3107 2023 3153 revocaretur

2127 3097 2215 3152 ἀεὶ
2241 3093 2336 3149 τοῦ
2379 3094 2496 3165 μετ’
2522 3091 2772 3157 ἐξουσίας
2800 3087 3231 3163 προστεταχότος
3250 3127 3265 3151 ,
3300 3085 3394 3140 καὶ
3418 3083 3583 3154 εἰδείη
3610 3100 3707 3137 σα-

436 3186 591 3242 illius
643 3186 740 3257 qui
796 3187 1089 3257 potestatis
1132 3187 1258 3258 jure
1305 3188 1704 3259 praecepisset,
1757 3198 2019 3260 certoque

2127 3188 2262 3260 φῶς,
2299 3187 2377 3250 ὡς
2424 3185 2574 3239 ἐστιν
2621 3183 3031 3254 ὑπεζευγμένος
3070 3184 3186 3245 τοῖς
3227 3183 3320 3234 τοῦ
3377 3183 3707 3249 κρατοῦντος

436 3272 609 3330 sciret
636 3288 696 3331 se
735 3274 1097 3331 dominatoris
1128 3276 1342 3349 legibus
1385 3292 1507 3333 esse
1550 3278 1879 3350 subjectum.
1912 3279 2021 3337 Sed

436 3366 607 3439 impia
637 3368 730 3423 illa
761 3368 984 3439 Deoque
1010 3382 1176 3423 exosa
1199 3368 1385 3426 bellua
1411 3384 1522 3454 non
1549 3369 1889 3438 quiescebat.

426 3490 431 3497 -
504 3456 701 3514 PALL.
736 3457 1012 3523 Satanam,
1039 3458 1258 3531 opinor,
1282 3459 1563 3531 intelligis,
1586 3459 1683 3530 qui
1714 3475 1747 3516 ο
1776 3462 2020 3518 scelesti-

420 3550 543 3607 bus
589 3549 823 3605 orbibus
856 3550 1091 3621 fulguris
1135 3551 1312 3606 instar
1356 3551 1606 3623 dejectus
1648 3562 1735 3610 est
1750 3554 1818 3608 ’⁸.
1866 3552 2020 3613 Adeo

434 3639 589 3696 enim
605 3639 807 3708 puerili
831 3639 1069 3695 stultitia
1095 3639 1387 3708 laboravit,
1416 3651 1481 3697 ut
1502 3642 1649 3699 Deus
1677 3659 1798 3699 esse
1826 3645 2015 3710 vellet,

420 3738 494 3791 .et
525 3745 649 3799 qua:
684 3744 850 3801 supra
888 3737 1141 3787 naturam
1179 3747 1336 3788 suam
1362 3742 1539 3801 erant,
1567 3736 1798 3793 demens
1832 3736 2019 3794 animo

434 3818 688 3890 ﬁngeret.

504 3909 662 3966 CYR.
697 3910 914 3982 Optime
961 3911 1207 3985 conjicis.
1237 3914 1375 3970 Nam
1410 3930 1537 3973 cum
1562 3917 1784 3975 invidiae
1812 3927 1870 3975 et
1892 3934 2021 3991 peo-

436 4002 544 4058 cati
571 4012 719 4059 esset
770 4003 1048 4071 inventor,
1090 4021 1206 4062 non
1260 4006 1367 4063 sibi
1415 4010 1743 4067 cessandum
1780 4012 2015 4083 putavit,

436 4094 734 4165 quominus
763 4094 910 4150 circa
938 4104 1216 4151 terrenum
1255 4098 1477 4165 animal,
1503 4100 1559 4155 id
1601 4110 1686 4157 est
1716 4102 2016 4171 hominem,

436 4186 648 4258 aliquid
685 4188 1052 4258 experiretur.
1074 4189 1241 4269 Tum
1269 4190 1399 4249 dole
1434 4200 1493 4250 et
1518 4194 1735 4263 artibus,
1756 4212 1885 4253 eum
1923 4213 2018 4269 ag-

435 4293 676 4350 gressus,
732 4279 805 4335 ad
836 4267 1265 4338 inobedientiam
1296 4286 1586 4356 pertraxit,
1641 4288 1874 4345 muliere
1917 4267 2021 4359 pro

435 4370 801 4426 instrumento
827 4385 941 4427 sua:
974 4372 1295 4429 calliditatis
1316 4388 1472 4428 usus.
1493 4373 1723 4445 Semper
1743 4374 1891 4430 enim
1917 4390 2018 4431 nos

434 4461 507 4517 ad
539 4461 958 4534 turpitudinem,
993 4465 1100 4519 hoc
1130 4473 1249 4530 est,
1282 4464 1347 4520 ad
1381 4474 1670 4535 peccatum
1704 4467 2014 4538 impellunt,
2049 4452 2094 4509 Ῐ)

435 4570 561 4625 qua:
581 4554 872 4610 nobiscum
887 4563 945 4633 et
968 4554 1027 4610 in
1055 4555 1221 4611 nobis
1247 4556 1526 4613 exsistunt
1542 4555 1851 4629 voluptates
1868 4574 1884 4625 ;
1899 4573 2020 4615 mu—

433 4646 541 4705 lier
585 4654 769 4724 autem
815 4646 988 4718 figura
1025 4655 1112 4705 est
1148 4648 1479 4721 voluptatis;
1520 4649 1802 4707 blanditiis
1854 4665 2020 4722 porro

433 4740 779 4811 voluptatum
803 4738 1021 4796 illectus
1056 4739 1272 4797 animus
1307 4739 1624 4813 frequenter
1657 4742 1726 4799 ad
1757 4742 1843 4810 id,
1869 4743 2018 4813 quod
2080 4791 2083 4797 .

434 4833 667 4897 minime
708 4834 951 4900 volebat,
981 4833 1276 4891 delabitur.
1322 4835 1480 4904 Quod
1526 4836 1695 4910 igitur
1741 4837 1798 4895 in
1844 4839 2017 4897 Adam

434 4934 696 4995 tanquam
720 4925 780 4981 in
807 4925 1078 4983 crassiore
1107 4926 1346 4997 quadam
1375 4944 1562 4985 rerum
1585 4929 1823 5002 imagine
1850 4930 2017 4989 etiam

434 5014 687 5075 sensibili
720 5016 887 5072 modo
918 5016 1243 5074 usuvenisse
1270 5019 1663 5091 conspicimus,
1691 5021 1798 5077 hoc
1835 5021 2017 5091 ipsum

433 5110 494 5167 in
532 5123 865 5180 unoquoque
890 5117 1142 5167 nostrum
1186 5111 1458 5182 Spirituali
1491 5113 1655 5170 modo
1691 5130 1759 5171 ac
1783 5114 2017 5171 latenter

434 5198 676 5275 impleri,
703 5198 853 5255 haud
898 5198 1123 5256 difﬁcile
1171 5210 1258 5257 est
1298 5200 1509 5259 videre.
1560 5203 1826 5275 Voluptas
1869 5204 2016 5260 enim

2122 3279 2365 3350 θεσμοῖς.
2404 3272 2543 3329 Ἀλλ’
2580 3276 2683 3330 οὐκ
2705 3275 2905 3348 ἠρέμει
2937 3273 2996 3328 τὸ
3022 3274 3236 3328 ἀνόσιον
3263 3274 3440 3327 έκεῖνο
3467 3272 3558 3325 καὶ
3587 3271 3707 3326 θεο-

2125 3369 2281 3445 μισὲς
2309 3366 2518 3440 θηρίον.
3418 3441 3423 3445 θ

2190 3462 2404 3517 ΠΛΛΛ.
2433 3460 2602 3529 Φαίης
2631 3459 2698 3514 ἂν
2734 3455 2889 3530 οἶμαί
2930 3474 3032 3513 που
3062 3456 3155 3512 τὸν
3183 3457 3428 3511 Σατανᾶν
3448 3494 3463 3519 ,
3498 3455 3558 3518 ὃς
3594 3451 3706 3507 τῶν

2119 3553 2385 3626 οὐρανίων
2423 3551 2628 3622 ἀψίδων
2682 3551 2973 3622 ἀστραπῆς
3024 3550 3182 3622 δίκην
3240 3536 3701 3618 κατηκοντίζετο·

2119 3646 2296 3699 νοσεῖν
2317 3643 2427 3715 γὰρ
2450 3641 2600 3713 αὐτῷ
2636 3641 3011 3715 μειρακιωδῶς
3039 3641 3214 3697 ἐδόκει
3237 3641 3300 3697 τὸ
3335 3638 3512 3693 θέλειν
3556 3631 3702 3691 εἶναι

2119 3735 2253 3799 Θεὸς
2278 3775 2295 3800 ,
2334 3734 2432 3788 καὶ
2475 3731 2545 3787 τὰ
2578 3731 2720 3804 ὑπὲρ
2772 3731 2935 3803 φύσιν
2976 3730 3078 3804 τὴν
3112 3731 3308 3788 ἑαυτοῦ
3353 3728 3704 3802 παραδηλῶν,

2120 3826 2471 3900 ἐφαντάξετο.

2189 3920 2356 3977 ΚΥΡ.
2402 3917 2779 3990 Διατεκμαίρῃ
2801 3910 3005 3981 καλῶς.
3037 3913 3236 3969 Φθόνου
3263 3912 3372 3985 γὰρ
3402 3911 3495 3966 καὶ
3525 3911 3709 3980 ἀμαρ-

2119 4013 2242 4076 τίας
2301 4010 2532 4082 εὑρετὴς
2560 4009 2658 4073 ὢν,
2689 4009 2782 4063 καὶ
2822 4008 3032 4079 πατὴρ,
3067 4006 3365 4078 ἀπρακτεῖν
3403 4004 3503 4057 οὐκ
3544 3999 3706 4073 ἤθελε

2121 4106 2250 4176 περὶ
2290 4104 2352 4158 τδ
2384 4105 2480 4156 ἐπὶ
2516 4102 2622 4172 γῆς
2665 4099 2825 4165 ζῶον,
2871 4098 3016 4152 τοῦτ’
3056 4098 3207 4160 ἔστι,
3258 4098 3351 4152 τὸν
3392 4095 3705 4168 ἄνθρωπον.

2119 4195 2254 4254 Εἶτα
2298 4194 2435 4264 δόλῳ
2478 4193 2576 4247 καὶ
2611 4192 2852 4255 ἀπάταις
2895 4189 3164 4252 ὑπελθὼν,
3208 4187 3583 4259 παρεκόμισεν
3623 4188 3707 4251 εἰς

2120 4287 2429 4359 παρακοὴν,
2457 4283 2797 4356 πανουργίας
2818 4282 3039 4353 ὀργάνῳ
3061 4280 3140 4352 τῷ
3164 4280 3370 4351 γυναίῳ
3396 4277 3704 4351 χρώμενος.

2132 4379 2244 4432 Ἀεὶ
2275 4376 2385 4447 γάρ
2415 4391 2535 4439 πως
2575 4373 2723 4445 ἡμᾶς
2770 4371 3120 4426 κατασείουσι
3158 4371 3294 4440 πρὸς
3325 4368 3386 4422 τὸ
3430 4365 3663 4430 ἀκαλλὲς
3687 4406 3704 4429 ,

2123 4467 2269 4524 τοῦτ’
2294 4466 2466 4530 ἐστιν,
2498 4467 2580 4529 είς
2600 4464 2897 4537 ἁμαρτίαν,
2921 4463 2976 4518 αἱ
3011 4464 3106 4518 σὺν
3136 4464 3267 4534 ἡμῖν
3290 4478 3349 4514 τε
3371 4461 3465 4514 καὶ
3488 4462 3545 4513 ὲν
3570 4459 3705 4528 ἡμῖν

2124 4560 2336 4635 ἡδοναί·
2363 4558 2557 4631 ἡδονῆς
2579 4556 2637 4613 δὲ
2663 4555 2852 4623 τύπος,
2881 4556 2915 4625 ἡ
2941 4555 3077 4625 γυνή
3095 4569 3109 4582 ’
3135 4551 3396 4615 θωπείαις
3422 4550 3480 4603 δὲ
3506 4552 3624 4611 ταῖς
3644 4548 3707 4614 ἐξ

2124 4650 2324 4725 ἡδονῶν
2357 4648 2585 4705 καταθεῖ
2633 4645 2894 4709 πολλάκις
2924 4645 3016 4698 ἐπὶ
3059 4642 3120 4696 τὸ
3141 4639 3460 4712 ἀνεθέλητον
3491 4638 3519 4691 ό
3555 4635 3702 4698 νοῦς.

2127 4745 2305 4817 Ὅπερ
2357 4737 2451 4797 οὖν
2484 4742 2544 4795 ὲν
2599 4737 2773 4809 ’Δδάμ
2807 4737 2884 4801 ὼς
2926 4738 2984 4790 ὲν
3024 4735 3189 4807 πάχει
3221 4730 3563 4806 πραγμάτων
3609 4728 3707 4783 καὶ

2122 4838 2401 4911 αἰσθητῶς
2433 4835 2630 4908 ὁρᾶται
2666 4829 3044 4905 συμϐεϐηκὸς,
3073 4827 3233 4884 τοῦτο
3260 4826 3357 4880 καὶ
3396 4828 3454 4878 ὲν
3487 4821 3705 4892 ἑκάστῳ

2122 4932 2230 4989 τῶν
2265 4928 2387 4985 καθ’
2416 4928 2586 5001 ἡμᾶς,
2626 4924 2835 4998 νοητῶς
2861 4940 2921 4976 τε
2948 4922 3045 4977 καὶ
3067 4915 3467 4990 κεκρυμμένως
3492 4912 3703 4966 κατίδοι

2120 5042 2207 5090 τις
2232 5025 2300 5080 ἂν
2330 5019 2730 5094 πληρούμενον.
2767 5011 3246 5094 Προανατέλλουσα
3271 5006 3381 5080 γάρ
3412 5004 3576 5078 ἡδονὴ
3600 5020 3703 5058 κα-

2121 5092 2558 5189 ταγοητεύειῗτδν
2577 5111 2724 5175 νοῦν,
2755 5104 3009 5164 καὶκατὰ
3033 5092 3207 5175 βραχὺ
3235 5098 3455 5170 ὑποσπᾷ
3480 5097 3617 5189 προς
3641 5096 3704 5150 τὸ

2120 5209 2328 5265 οίεσθαι
2353 5206 2560 5270 λοιπδν,
2602 5203 2665 5258 τδ
2703 5196 2869 5275 μηδὲν
2900 5193 3041 5252 εἶναι
3078 5192 3390 5257 παντελῶς,
3420 5189 3512 5244 τοῦ
3555 5188 3707 5241 θείου

435 5290 709 5363 ati‘ulgens
752 5291 1045 5363 praestigiis
1094 5291 1212 5347 suis
1256 5290 1490 5348 fascinat
1526 5303 1805 5359 mentem,
1843 5309 2023 5367 eoque

2127 5303 2285 5374 νόμου
2312 5299 2649 5372 παράϐασιν.
2677 5294 2794 5350 Καὶ
2839 5289 3173 5346 πιστώσεται
3202 5284 3378 5355 λέγων
3409 5285 3438 5338 ό
3463 5281 3710 5374 Χριστοῦ

436 5385 703 5454 paulatim
735 5383 982 5452 deducit,
1018 5395 1083 5440 ut
1112 5384 1449 5442 arbitremur
1465 5385 1583 5457 jam
1617 5386 1825 5443 nullius
1859 5388 2021 5457 plane

437 5471 704 5528 momenti
731 5487 856 5532 esse
882 5473 1085 5531 divina
1114 5473 1253 5546 legis
1279 5473 1653 5532 violationem.
1693 5476 1865 5547 quue
1887 5493 2021 5533 con-

440 5560 620 5616 ﬁrmat
649 5565 737 5620 illo
765 5564 972 5623 Christi
1004 5567 1327 5641 discipulus,
1371 5582 1497 5625 cum
1540 5568 1674 5626 dicit
1706 5587 1718 5623 :
1771 5589 1789 5622 ι
1826 5570 2017 5637 Nemo,

510 5740 555 5772 ’⁸
576 5738 713 5795 Luc.
744 5756 798 5807 ι,
827 5740 915 5797 18.

2120 5369 2443 5463 μαθητήςοί
2485 5387 2690 5458 Μηδεὶς
2726 5380 3145 5454 πειραζόμενος,
3188 5376 3393 5446 λεγέτω
3441 5375 3523 5428 ὅτι
3573 5369 3712 5428 ’Δπὺ

2117 5480 2254 5536 θεοῦ
2276 5478 2627 5551 πειράζομαι.
2652 5476 2712 5529 '0
2727 5472 2836 5543 γάρ
2851 5470 2985 5534 Θεὸς
3005 5467 3338 5540 ἀπείραστός
3360 5468 3476 5519 ἐστι
3490 5465 3708 5519 κακῶν·

2121 5569 2373 5644 πειράζει
2406 5570 2464 5623 δὲ
2510 5568 2676 5631 αὐτὸς
2714 5562 2926 5619 οὐδένα.
2967 5558 3242 5623 Ἕκαστος
3286 5558 3341 5610 δὲ
3382 5556 3708 5626 πειράζεται
