4024 6220
319 372 415 429 NO

1061 375 1145 430 DE
1183 373 1628 432 ADORATIONE
1670 375 1737 430 IN
1778 375 2049 433 SPIRITU
2092 377 2182 434 ΕΤ
2225 377 2592 434 \TERITA-TE.
2633 377 2760 433 LIB.
2803 379 2843 434 l.

3485 383 3585 438 150

320 487 418 540 ὑπὸ
445 485 548 556 τῆς
583 485 721 550 ιδίας
753 484 1049 556 ἐπιθυμίας
1077 487 1429 557 ἐξελκόμενος
1458 489 1552 542 καί
1575 488 1896 562 δελεαζόμε-

2030 509 2131 547 tum
2190 501 2456 558 tentatur,
2493 492 2641 548 dicat
2673 493 2820 563 quod
2872 509 2901 548 a
2954 495 3066 549 Deo
3129 499 3390 551 tentatur.
3441 496 3585 552 Deus

320 597 420 642 νος.
456 575 592 632 Εῐτα
625 580 659 649 ἡ
689 578 956 650 ἐπιθυμία
996 578 1332 632 συλλαϐοῦσα
1377 580 1553 634 τίκτει
1584 581 1856 653 ἁμαρτίαν
1877 599 1891 610 ·

323 673 346 739 ἡ
373 669 431 723 δὲ
459 669 705 740 ἁμαρτία
731 669 1172 735 ἀποτελεσθεῖσα,
1204 671 1436 725 ἀποκῦει
1467 671 1716 728 θάνατον.

2001 584 2149 638 enim
2187 585 2487 639 intentator
2509 583 2778 638 malorum
2804 592 2920 649 est;
2961 583 3076 654 ipse
3105 594 3288 642 autem
3310 585 3584 642 neminem

2003 683 2197 730 tentat.
2229 673 2617 744 Unusquisque
2645 683 2826 730 autem
2860 685 3100 731 tentatur
3137 693 3168 731 a
3190 679 3585 748 concupiscen-

323 768 389 820 tia
445 781 549 822 sua
612 764 925 820 abstractus
977 774 1033 821 et
1081 766 1317 822 illectus.
1354 769 1564 824 Deinde
1604 771 2090 840 concupiscentia,
2141 785 2266 824 cum
2325 769 2683 839 conceperit,
2734 769 2881 839 parit
2935 781 3253 840 peccatum;
3301 781 3586 842 peccatum

323 867 527 921 autem,
561 871 687 911 cum
744 866 1177 911 consummatum
1229 857 1415 925 fuerit,
1467 869 1693 930 generat
1739 869 1972 915 mortem
1993 861 2057 912 ".
2099 877 2117 909 ι

387 949 598 1002 ΠΑΛΛ.
646 948 909 1019 Ἀτρεκὴς
935 950 962 1000 6
986 949 1162 1018 λόγος.

387 1039 556 1093 ΚΥΡ.
591 1039 901 1109 Ἀπεμπολή
912 1057 1051 1094 σασα
1069 1041 1132 1113 δὴ
1147 1038 1241 1096 οῦν
1258 1043 1356 1116 τὴν
1385 1062 1458 1097 πα
1469 1044 1536 1116 ρά
1559 1044 1693 1098 Θεοῦ
1719 1046 1900 1117 χάριν,

329 1132 412 1184 καὶ
438 1147 507 1198 γυ
517 1129 792 1200 μνωθεῖσα
815 1130 915 1201 ήδη
951 1130 1057 1185 τῶν
1091 1134 1148 1186 ὲν
1170 1136 1362 1205 ἀρχαῖς
1391 1136 1630 1204 ἀγαθῶν,
1663 1137 1900 1209 ἐξεπέμ-

331 1238 452 1274 πετο
496 1221 598 1292 μὲν
631 1220 727 1274 τοῦ
761 1221 1091 1292 παραδείσου
1117 1225 1216 1296 τῆς
1239 1227 1470 1298 τρυφῆς,
1499 1228 1902 1299 μετεπλάττετο

330 1313 379 1365 δέ
402 1311 541 1381 πρὸς
570 1312 634 1365 τὸ
661 1311 892 1376 ἀκαλλὲς
919 1313 1080 1378 εὐθὺς
1109 1317 1141 1386 ἡ
1169 1315 1457 1387 ἀνθρώπου
1483 1319 1664 1388 φύσις,
1699 1322 1907 1392 φθορᾶς

332 1401 381 1453 δὲ
407 1402 540 1453 εἴσω
569 1399 816 1457 πεσοῦσα
839 1401 1025 1456 λοιπὸν
1051 1404 1410 1460 ἀνεδείκνυτο.

394 1491 604 1545 ΠΛΛΔ.
651 1492 1006 1561 ’Δναγκαίως.
1039 1495 1250 1549 Ἐνδεια
1277 1497 1386 1570 γάρ
1419 1495 1572 1570 οἶμαι
1609 1500 1716 1553 τῶν
1759 1503 1912 1574 παρὰ

341 1583 460 1636 Θεοῦ
521 1583 919 1656 χαρισμάτων,
971 1586 1122 1641 οὐδὲν
1178 1588 1367 1661 ἕτερόν
1424 1593 1572 1645 ἐστιν
1625 1593 1658 1664 ῆ
1709 1596 1912 1659 παντὸς

2082 950 2280 1005 PALL.
2320 949 2459 1022 Vera
2485 949 2682 1004 oratio.

2079 1043 2235 1099 CYR.
2271 1042 2408 1097 Cum
2446 1043 2543 1112 11
2581 1041 2747 1113 igitur
2783 1040 2880 1095 Dei
2907 1040 3133 1112 gratiam
3180 1050 3586 1106 commutasset.

2009 1153 2074 1194 ac
2104 1138 2264 1192 bonis
2300 1137 2407 1191 illis
2444 1136 2645 1206 quibus
2675 1135 2744 1189 ab
2787 1133 2944 1189 initio
2977 1132 3176 1187 donata
3207 1131 3411 1196 fuerat,
3447 1144 3592 1188 esset

2009 1227 2213 1282 nudata
2239 1243 2269 1281 e
2295 1224 2549 1296 paradiso
2577 1224 2898 1280 deliciarum
2927 1225 3120 1295 ejecta,
3152 1230 3206 1277 et
3235 1222 3302 1277 ad
3328 1223 3585 1279 deformi-

2016 1321 2180 1368 tatem
2223 1312 2488 1384 evestigio
2516 1327 2778 1368 conversa
2802 1322 2886 1368 est
2907 1311 3190 1366 hominum
3212 1320 3424 1377 natura,
3443 1328 3590 1367 mor-

2009 1404 2158 1473 tique
2192 1402 2454 1475 deinceps
2488 1402 2726 1457 obnoxia
2751 1410 2835 1458 est
2868 1402 3164 1459 declarata.

2080 1494 2276 1548 PALL.
2336 1495 2661 1550 Necessario
2697 1509 2849 1549 sane.
2891 1493 2988 1549 Dei
3036 1510 3274 1566 namque
3321 1495 3592 1550 donorum

2011 1586 2228 1655 inopem
2259 1599 2401 1650 esse,
2425 1585 2566 1639 nihil
2590 1591 2695 1649 est,
2721 1585 2938 1654 opinor,
2966 1585 3317 1656 aliud,quam
3343 1587 3411 1641 ab
3445 1589 3594 1642 omni

346 1675 645 1738 ἀπόπτωσις
675 1676 754 1747 (1)
776 1675 1004 1745 ἀγαθοῦ.
1044 1680 1442 1754 ’Ᾱρῤωστήσειε
1473 1683 1518 1736 δ’
1540 1681 1606 1737 ἂν
1636 1685 1668 1756 ὴ
1699 1685 1910 1758 ἀνθρώ-

2030 1680 2230 1735 >οηίιυε
2262 1679 2421 1735 bono-
2448 1688 2725 1735 extorrem
2756 1679 2893 1735 ﬁeri.
2930 1678 3110 1734 Facile
3144 1689 3326 1735 autem
3357 1682 3598 1737 hominis

359 1783 447 1820 που
469 1765 622 1834 qaut;
662 1767 761 1819 καὶ
794 1765 939 1837 μάλα
984 1769 1186 1840 ῥᾳδίως
1216 1770 1316 1842 τὴν
1347 1772 1426 1835 είς
1465 1773 1571 1825 πᾶν
1597 1774 1775 1827 ὁτιοῦν
1803 1775 1911 1829 τῶν

366 1855 592 1913 ἐκτόπων
618 1857 958 1929 παραφορὰν,
996 1860 1044 1912 εί
1093 1859 1168 1932 μὴ
1195 1860 1375 1931 ἀνέχοι
1410 1861 1546 1933 πρὸς
1579 1864 1780 1935 ἀρετὴν
1813 1865 1914 1919 αὺ-

359 1945 497 2017 τὴνὴ
531 1946 618 2000 τοῦ
644 1947 1000 2015 διασώζοντος
1030 1951 1212 2024 χάρις,
1243 1955 1357 2018 τοῖς
1396 1952 1609 2007 ἀνωθεν
1653 1957 1745 2010 καί
1780 1957 1911 2030 παρ’

354 2039 533 2109 ἑαυτῆς
564 2040 787 2106 ἀγαθοῖς
810 2043 1188 2106 πλουτίζουσα.

410 2130 564 2182 ΚΥΡ.
606 2127 678 2185 Εὖ
721 2131 926 2202 λέγεις.
965 2134 1352 2209 Συναινέσαιμι
1389 2139 1501 2212 γὰρ
1533 2139 1599 2194 ἂν
1631 2143 1725 2196 καὶ
1767 2140 1914 2211 μάλα

346 2220 556 2284 εἰκότως
579 2238 594 2252 ⁶
637 2223 828 2293 τρέφει
863 2226 963 2295 μὲν
987 2226 1093 2298 γάρ
1113 2230 1192 2292 είς
1215 2229 1386 2301 ἀλκὴν
1409 2231 1506 2304 τὴν
1541 2232 1914 2304 πνευματικὴν

341 2314 366 2364 ό
389 2311 547 2384 ἄρτος
569 2315 600 2367 6
630 2311 761 2380 ζῶν,
789 2315 929 2369 τοῦτ’
956 2317 1124 2385 ἐστιν,
1159 2321 1187 2373 ό
1223 2320 1318 2374 τοῦ
1340 2321 1476 2374 Θεοῦ
1499 2322 1676 2390 λόγος.
1709 2323 1747 2374 Γ
1751 2323 1916 2395 ἐγρα-

341 2421 460 2456 πται
484 2406 622 2478 γάρ,
665 2408 748 2460 ὃτι
787 2426 806 2460 ι
842 2410 952 2462 Καὶ
979 2409 1142 2482 ἄρτος
1174 2413 1418 2488 στηρίξει
1443 2415 1670 2486 καρδίαν
1707 2415 1916 2486 ἀνθρώ-

340 2511 457 2549 που.
499 2517 518 2548 ι
555 2498 814 2562 Δουλείας
844 2499 901 2554 δὲ
933 2502 1268 2557 ἀπαλλάττει
1305 2507 1400 2558 καὶ
1431 2505 1637 2570 παθῶν,
1682 2508 1916 2571 καὶτοῖς

341 2588 417 2650 είς
442 2588 758 2660 ἐλευθερίαν
795 2593 1106 2663 αὐχήμασιν
1131 2591 1188 2648 εῦ
1229 2596 1372 2667 μάλα
1401 2600 1753 2669 καταχρυσοῖ.
1781 2599 1914 2651 Συν-

343 2680 664 2746 εσταλκότος
689 2683 746 2736 δὲ
768 2682 958 2756 ὥσπερ
1000 2686 1104 2756 τὴν
1131 2689 1289 2758 χεῖρα
1312 2688 1405 2741 τοῦ
1434 2689 1591 2752 Θεοῦ,
1617 2692 1708 2743 καὶ
1727 2689 1825 2762 τὴν
1858 2693 1917 2746 ἐν

340 2773 543 2837 τούτοις
573 2776 707 2845 ἡμῖν
737 2776 1001 2847 χορηγίαν
1029 2779 1089 2831 οὐ
1123 2779 1492 2850 διανέμοντοςο
1525 2783 1673 2835 πᾶσα
1702 2781 1915 2853 ἀνάγκη

338 2879 444 2925 πως
492 2865 595 2917 καὶ
629 2865 972 2936 ἀνεθελήτοις
1009 2869 1155 2939 ἡμᾶς
1184 2871 1532 2942 περιπίπτειν
1566 2875 1756 2935 κακοῖς
1778 2913 1792 2936 ,
1823 2873 1918 2926 καὶ

337 2957 538 3028 ἀρετῆς
572 2957 676 3025 μὲν
714 2957 933 3031 ἁπάσης
971 2959 1322 3024 άπωλισθεῖν,
1353 2963 1604 3017 ὑπελθεῖν
1636 2964 1693 3017 δὲ
1728 2964 1917 3038 ῶσπερ

2013 1780 2205 1826 natura
2232 1771 2298 1828 ad
2321 1772 2526 1842 quaevis
2552 1771 2792 1826 absurda
2830 1761 3131 1837 deferetur,
3157 1771 3264 1826 nisi
3293 1773 3442 1827 illam
3475 1771 3595 1827 Sal-

2012 1864 2218 1919 vatoris
2254 1864 2428 1936 gratia
2464 1864 2523 1918 in
2568 1863 2773 1918 virtute
2821 1861 3110 1929 sustineat,
3143 1878 3206 1918 ac
3232 1863 3393 1918 bonis
3430 1863 3600 1919 coele-

2012 1956 2209 2021 stibus,
2241 1971 2478 2027 quorum
2507 1964 2590 2010 est
2612 1955 2730 2026 ipsa
2759 1953 2901 2021 fons,
2925 1962 3141 2026 augeat.

2083 2045 2242 2102 CYR.
2274 2048 2445 2102 Recte
2491 2062 2621 2102 sane
2666 2045 2825 2111 dicis,
2873 2055 2930 2101 et
2976 2046 3174 2101 merito
3200 2045 3458 2116 equidem
3499 2043 3599 2098 tibi

2013 2135 2320 2200 assentior;
2353 2135 2616 2189 alitenim
2642 2135 2707 2189 ad
2735 2135 3050 2206 spirituales
3074 2135 3222 2191 vires
3254 2135 3601 2206 accipiendas

2015 2224 2174 2293 panis
2216 2223 2307 2278 ille
2333 2223 2491 2277 vivus
2511 2264 2526 2288 ,
2555 2224 2608 2277 id
2640 2235 2746 2289 est,
2778 2225 2876 2280 Dei
2906 2225 3160 2280 verbum.
3191 2225 3469 2296 Scriptum
3515 2235 3600 2280 est

2015 2314 2199 2370 enim:
2233 2333 2251 2364 ι
2284 2313 2450 2368 Panis
2482 2313 2774 2367 conﬁrmat
2808 2329 2904 2368 cor
2922 2314 3163 2370 hominis
3184 2317 3248 2368 ⁸ο.
3280 2335 3297 2366 ι
3328 2314 3602 2370 Servitute

2014 2421 2233 2476 quoque
2265 2415 2322 2461 et
2355 2405 2536 2476 pravis
2573 2405 2863 2460 aﬂ‘ectibus
2895 2406 3126 2471 liberat,
3155 2414 3211 2462 et
3238 2422 3402 2461 aurea
3431 2407 3601 2461 liber-

2017 2496 2143 2551 tatis
2192 2495 2364 2565 gloria
2411 2495 2656 2550 decorat.
2699 2495 2770 2550 At
2825 2493 2872 2549 si
2920 2509 3142 2551 manum
3198 2493 3604 2564 quodammodo

2016 2585 2352 2640 contraxerit
2404 2585 2585 2650 Deus,
2633 2584 2942 2654 horumque
2987 2583 3256 2638 bonorum
3306 2582 3468 2636 nobis
3516 2597 3605 2636 co-

2016 2675 2160 2744 piam
2192 2674 2416 2729 minime
2443 2673 2826 2745 suppeditarit,
2849 2687 3073 2728 necesse
3099 2680 3184 2728 est
3207 2670 3433 2725 omnino
3458 2677 3520 2724 ut
3551 2670 3605 2723 in

2018 2766 2160 2821 mala
2190 2765 2355 2820 etiam
2386 2774 2586 2837 praeter
2616 2767 2959 2820 voluntatem
2989 2763 3318 2828 incidamus,
3349 2770 3513 2833 atque
3538 2761 3606 2814 ab

2019 2858 2168 2912 omni
2208 2871 2432 2928 prorsus
2455 2858 2658 2913 virtute
2703 2857 3045 2922 cxcidamus,
3078 2871 3142 2912 ac
3175 2856 3347 2910 veluti
3380 2855 3609 2918 alterius

2013 2951 2202 3022 jugum
2233 2950 2548 3015 subeamus,
2580 2949 2648 3004 ad
2677 2965 2852 3020 eaque
2890 2949 3052 3014 mala,
3084 2963 3315 3018 eamque
3346 2946 3605 3019 injuriam

332 3049 418 3102 τὸν
445 3049 652 3121 ἐτέρου
677 3048 860 3119 ζυγὸν,
886 3051 1042 3124 ἥκειν
1069 3071 1127 3106 τε
1148 3055 1204 3118 ἐς
1232 3054 1386 3108 τοῦτο
1414 3055 1598 3111 κακῶν
1621 3058 1714 3112 καὶ
1733 3058 1922 3112 πλεον-

2030 3043 2424 3113 pervcniamus,
2461 3052 2522 3098 ut
2542 3060 2651 3098 non
2676 3044 2910 3098 multum
2939 3043 3083 3098 absit
3111 3043 3246 3115 quin
3275 3043 3448 3112 ipsam
3474 3058 3610 3112 quo-

334 3141 522 3205 εΞίας,
572 3143 652 3206 ὡς
713 3142 883 3214 ἀγχοῦ
927 3144 1178 3214 γενέσθαι
1231 3146 1417 3201 λοιπὸν
1464 3148 1558 3200 τοῦ
1595 3150 1691 3202 καὶ
1748 3147 1918 3220 αὐτὴν

333 3232 602 3286 ἀπολέσαι
625 3233 726 3306 τὴν
754 3236 833 3298 είς
857 3237 966 3289 πᾶν
982 3237 1157 3290 ὁτιοῦν
1173 3237 1279 3291 τῶν
1305 3239 1522 3308 ἀγαθῶν
1543 3239 1921 3312 ὑπηρετοῦσαν

331 3325 456 3393 ἡμῖν
493 3325 598 3377 καὶ
633 3327 1043 3399 συνῳκισμένην
1079 3327 1325 3393 σύνεσιν,
1357 3330 1450 3382 καὶ
1479 3331 1668 3399 σοφίας
1707 3332 1922 3403 ἐρήμην

330 3416 424 3486 τῆς
463 3416 622 3470 κατὰ
655 3416 808 3471 Θεὸν
845 3419 1225 3492 ἀποφανθῆναί
1269 3437 1328 3474 τε
1363 3423 1640 3487 παντελῶς
1678 3422 1777 3495 τὴν
1820 3421 1916 3476 τοῦ

333 3509 610 3572 παθόντος
646 3507 892 3581 καρδίαν,
928 3513 1438 3584 ἐκπεπορνευμένην
1468 3514 1656 3586 ὥσπερ
1702 3515 1780 3587 τῷ
1818 3516 1925 3570 Σα-

333 3603 464 3672 τανᾷ
484 3639 504 3663 ,
549 3605 648 3653 καὶ
674 3602 1062 3673 ὑπενεχθεῖσαν
1091 3605 1326 3668 εὐκόλως
1352 3604 1542 3677 ὕϐρεσι
1559 3623 1619 3660 τε
1644 3607 1737 3662 καὶ
1761 3607 1922 3663 ἀσελ-

335 3691 508 3757 γείαις
548 3696 672 3755 ταῖς
696 3693 790 3746 ὑπ’
817 3693 1004 3748 αὑτοῦ.

399 3791 624 3844 ΠΑΛΛ.
678 3789 1005 3856 Ἐκδείξειας
1036 3791 1102 3846 ἂν
1143 3793 1310 3857 ὅπως,
1339 3793 1371 3865 ἤ
1401 3793 1573 3865 ψιλοῖς
1597 3795 1778 3859 ἐάσεις
1808 3797 1926 3850 ἐπι·

333 3880 604 3950 νιξχεσθαι
639 3881 919 3952 λογισμοῖς
943 3899 960 3948 ;

406 3975 586 4028 ΚΥΡ.
639 3974 882 4027 Ἷίκιστά
908 3991 992 4042 γε.
1030 3974 1426 4046 Παραδείξαιμι
1469 3975 1578 4048 γάρ
1628 3977 1693 4030 ἂν
1733 3979 1808 4041 ὼς
1849 3967 1948 4032 ἔνι’

332 4067 516 4130 καλῶς
557 4067 780 4143 τάιτοῖς
826 4066 1074 4139 ἀρχαίοις
1127 4065 1549 4141 συμϐεϐηκότα,
1602 4069 1924 4141 διαμορφῶν

330 4159 614 4229 εὐτέχνως
649 4161 728 4222 εἰς
756 4157 926 4212 τόπον
967 4160 1074 4212 τῶν
1115 4161 1341 4232 νοητῶν.
1378 4159 1596 4228 Είκόνες
1628 4161 1737 4233 γάρ
1770 4164 1928 4232 ἐναρ-

329 4253 444 4318 γεῖς
471 4251 580 4304 καὶ
605 4245 981 4322 άριδηλότατοι
1009 4250 1248 4320 γένοιντο
1276 4251 1339 4306 ἂν
1365 4254 1495 4324 ἡμῖν
1517 4250 1624 4307 τῶν
1646 4254 1702 4306 ἐν
1730 4253 1932 4326 θεωρίᾳ

328 4337 534 4409 λεπτῇ,
572 4335 644 4390 τὰ
671 4337 746 4401 ὡς
773 4340 831 4391 ἐν
868 4338 1116 4412 αἰσθήσει
1149 4357 1210 4394 τε
1242 4341 1336 4394 καὶ
1365 4341 1440 4406 ὡς
1476 4343 1533 4395 ἐν
1564 4340 1683 4413 ὕψει
1720 4361 1929 4414 σημαν-

2027 3156 2133 3210 que
2171 3140 2284 3211 jam
2315 3140 2752 3211 intelligentiam,
2775 3156 2897 3211 qua:
2924 3139 2993 3196 ad
3029 3140 3214 3194 omnia
3246 3139 3408 3194 nobis
3439 3139 3610 3193 bono-

2027 3245 2151 3283 rum
2181 3245 2377 3301 genera
2420 3229 2773 3302 adipiscenda
2811 3239 2868 3286 et
2898 3229 3220 3289 admiuistra
3257 3236 3344 3284 est
3375 3236 3431 3283 et
3474 3243 3606 3283 con-

2022 3321 2231 3391 juncta,
2265 3321 2602 3386 amittamus,
2641 3328 2812 3391 utque
2845 3322 2966 3392 ejus
2997 3321 3092 3390 qui
3136 3321 3212 3375 ita
3264 3318 3492 3374 aﬂ‘ectus
3528 3327 3612 3372 est

2028 3428 2125 3469 cor
2153 3411 2338 3467 divina
2371 3413 2640 3484 sapientia
2660 3413 2820 3483 plane
2843 3415 3076 3466 vacuum
3099 3420 3378 3474 cernatur,
3410 3409 3612 3480 quippe

2030 3504 2123 3574 qui
2155 3518 2347 3575 passus
2374 3505 2444 3559 sit
2466 3504 2601 3560 illud
2636 3503 2894 3575 prostitui
2925 3502 3158 3567 Satanae,
3189 3501 3460 3571 facileque
3491 3501 3613 3570 ejus

2030 3596 2247 3652 libidini
2277 3606 2438 3669 atque
2477 3595 2827 3655 contumeliis
2860 3593 3080 3667 subjici.

2089 3777 2300 3832 PALL-
2327 3775 2806 3832 Demonstrabisue
2829 3837 2833 3841 ,
2856 3791 2966 3845 quo
2991 3782 3150 3845 pacto
3181 3770 3511 3836 idaocidat,
3546 3787 3614 3825 an

2035 3868 2089 3922 in
2114 3867 2278 3923 nudis
2303 3867 2724 3939 cogitationibus
2751 3883 2851 3922 nos
2877 3865 3146 3922 ﬂuctuare
3169 3865 3355 3920 sines?

2103 3957 2264 4014 CYR.
2288 3959 2508 4015 Minime
2537 3975 2690 4015 vero.
2725 3957 3019 4014 Ostendam
3046 3958 3215 4020 enim,
3251 3965 3312 4010 ut
3345 3971 3435 4009 res
3471 3957 3616 4024 pati-

2035 4059 2146 4113 tur,
2175 4051 2545 4119 pulcberrime
2572 4092 2586 4116 ,
2614 4061 2670 4106 et
2704 4066 2766 4104 ea
2801 4065 2919 4119 quae
2963 4049 3242 4103 veteribus
3276 4047 3613 4112 acciderunt,

2035 4141 2329 4195 artiﬁciose
2354 4142 2420 4195 ad
2447 4157 2632 4196 rerum
2659 4140 3026 4210 spiritualium
3051 4140 3278 4211 ﬁguram
3303 4140 3616 4211 expressius

2037 4230 2305 4301 etiingam.
2338 4230 2472 4285 Nam
2511 4247 2574 4286 ca
2605 4246 2725 4300 qua:
2757 4230 2927 4285 vcluti
2977 4231 3234 4286 sensibus
3275 4239 3332 4287 et
3371 4232 3614 4302 aspectui

2038 4335 2302 4390 corporeo
2329 4330 2456 4376 sunt
2479 4321 2748 4390 exposita,
2781 4336 2964 4374 rerum
3009 4337 3132 4390 quae
3157 4320 3346 4377 subtili
3369 4331 3616 4376 contem—

326 4400 828 4502 ttxﬁ.'l‘éypamat
846 4400 1028 4485 τοίνυν
1043 4432 1273 4504 περὶτοῦ
1292 4400 1633 4506 προπάτορος
1661 4400 1923 4506 Ἀϐραάμ·

2035 4413 2275 4484 platione
2303 4420 2624 4477 cernuntur,
2660 4411 2926 4482 imagines
2965 4412 3254 4466 evidentes
3282 4420 3446 4482 atque
3493 4427 3619 4481 per-

335 4539 351 4569 ι
393 4522 516 4574 Καὶ
561 4521 786 4589 ἐγένετο
802 4519 958 4592 λιμὸς
977 4521 1070 4574 ἐπὶ
1089 4523 1187 4593 τῆς
1207 4523 1330 4593 γῆς,
1347 4523 1439 4578 καὶ
1455 4523 1661 4594 κατέϐη
1687 4524 1935 4597 Ἀϐραὰμ

328 4615 409 4675 είς
443 4614 744 4680 Αἴγυπτον
775 4614 1095 4683 παροικίσαι
1124 4616 1258 4676 ἐκεῖ,
1289 4615 1370 4667 ὅτι
1400 4616 1680 4688 ἐνίσχυσεν
1711 4618 1739 4669 6
1781 4617 1936 4688 λιμὸς

328 4705 419 4756 ἐπὶ
455 4705 576 4774 τῆς
600 4704 724 4772 γῆς.
768 4722 786 4754 ι
822 4703 933 4774 Τὴν
965 4705 1074 4776 γάρ
1105 4721 1190 4758 τοι
1213 4703 1372 4775 φίλην
1396 4723 1454 4758 τε
1475 4708 1624 4777 αὐτῷ
1654 4709 1747 4760 καὶ
1781 4709 1935 4777 ἐνεγ-

326 4797 549 4850 κοῦσαν
577 4795 758 4865 ἀφεὶς,
790 4796 1168 4868 μεθωρμίζετο
1189 4797 1325 4870 πρὸς
1350 4797 1563 4870 ἑτέραν,
1589 4799 1656 4869 ἢν
1690 4800 1934 4864 ὑπέδειξε

326 4886 485 4950 Θεός.
528 4906 552 4938 ι
599 4884 824 4950 Ἔξελθε
857 4886 984 4956 γὰρ,
1027 4905 1045 4938 ι
1079 4887 1264 4956 φησὶν,
1295 4905 1313 4938 ι
1345 4887 1411 4940 ἐκ
1435 4887 1534 4958 τῆς
1566 4888 1666 4959 γῆς
1699 4905 1816 4954 σου,
1841 4890 1936 4942 καὶ

326 4980 390 5029 ἐκ
425 4978 544 5047 τῆς
579 4975 907 5042 συγγενείας
939 4992 1054 5042 σου,
1084 4976 1178 5029 καὶ
1203 4969 1362 5046 δεῦρο
1389 4977 1467 5040 είς
1496 4976 1620 5048 γῆν,
1653 4977 1719 5048 ῆν
1751 4978 1816 5033 ἄν
1853 4996 1936 5032 σοι

325 5068 515 5134 δείξω.
578 5087 599 5120 ›
661 5066 1102 5137 Καταϐρίθοντος
1143 5067 1199 5121 δὲ
1236 5068 1330 5122 τοῦ
1383 5069 1563 5140 λιμοῦ,
1596 5069 1689 5122 καὶ
1721 5069 1935 5125 δυσδιά-

329 5178 548 5229 ςυκτον
583 5157 784 5230 κομιδῇ
823 5159 924 5230 τὴν
952 5156 1154 5230 ζημίαν
1186 5159 1504 5228 ἐπάγοντος,
1533 5159 1630 5232 τὴν
1665 5161 1936 5229 Αιγυπτον

334 5250 488 5314 ἰδεῖν,
538 5249 643 5304 καὶ
690 5250 790 5320 οὐχ
842 5247 1006 5312 ἑκὼν,
1041 5248 1309 5313 ἐϐιάζετο.
1354 5251 1462 5302 Καὶ
1512 5249 1799 5321 κατῴκησε
1837 5251 1936 5320 μὲν

332 5341 472 5411 oili,
503 5339 819 5413 παρῴκησε
849 5339 906 5393 δέ
931 5339 1129 5410 μᾶλλον
1159 5343 1215 5394 ἐν
1241 5341 1400 5412 αὐτῇ.

401 5513 634 5567 ΠΛΛΛ.
678 5510 744 5565 Τί
766 5507 862 5566 οῦν
886 5511 1042 5566 τοῦτό
1064 5530 1125 5580 γε
1148 5531 1162 5578 ;

2032 4504 2234 4575 spicum
2273 4519 2396 4559 esse
2446 4510 2725 4574 poterunt.
2769 4503 3044 4574 Scriptum
3081 4512 3167 4558 est
3211 4501 3358 4556 enim
3407 4501 3474 4556 de
3515 4517 3616 4572 pa-

2033 4597 2268 4651 triarcha
2301 4595 2612 4651 Abraham:
2650 4614 2668 4646 ι
2709 4594 2780 4649 Et
2822 4593 2966 4649 facta
3001 4603 3086 4650 est
3124 4592 3299 4648 fames
3336 4592 3394 4646 in
3431 4601 3612 4647 terra:

2034 4696 2089 4742 et
2112 4685 2397 4742 descendit
2419 4685 2693 4740 Abraham
2723 4686 2778 4739 in
2806 4683 3118 4756 IEgyptum,
3149 4691 3209 4739 ut
3234 4683 3614 4754 peregrinare-

2036 4789 2125 4833 tur
2173 4778 2282 4844 ibi;
2311 4779 2438 4847 quia
2473 4777 2776 4831 invalucrat
2819 4775 2988 4831 fames
3025 4777 3081 4830 in
3128 4785 3280 4830 terra
3301 4776 3367 4830 ³⁸.
3401 4793 3417 4826 ι
3459 4774 3614 4828 Dulci

2035 4870 2182 4924 enim
2214 4878 2269 4923 et
2307 4869 2473 4922 natali
2513 4869 2630 4922 solo
2674 4867 2866 4921 relicto
2891 4908 2904 4932 ,
2933 4868 2989 4921 in
3033 4867 3198 4921 aliam
3236 4881 3295 4921 se
3335 4866 3617 4937 regionem

2035 4964 2462 5033 contulit,quam
2486 4960 2802 5018 ostenderat
2832 4962 2994 5016 Deus.
3017 4980 3033 5011 ‹
3054 4961 3153 5016 Exi
3176 4960 3346 5027 enim,
3369 4979 3386 5012 ι
3417 4960 3616 5030 inquit,

2045 5077 2062 5110 ι
2095 5057 2163 5112 de
2195 5067 2338 5112 terra
2366 5063 2478 5120 tua,
2511 5064 2568 5111 et
2589 5045 2659 5110 de
2679 5054 3004 5125 cognatione
3039 5063 3150 5120 tua,
3173 5062 3230 5110 et
3259 5054 3384 5109 veni
3412 5054 3469 5107 in
3505 5061 3616 5108 ter-

2038 5161 2176 5213 ram,
2197 5163 2361 5218 quam
2386 5155 2764 5201 monstravero
2795 5145 2896 5199 tibi
2919 5144 2986 5198 ³¹.
3026 5163 3043 5196 ι
3077 5144 3494 5215 Ingravescente
3516 5156 3614 5196 au-

2043 5249 2152 5294 tem
2184 5237 2346 5302 fame,
2372 5245 2428 5293 et
2456 5236 2773 5292 inevitabile
2803 5235 3060 5290 damnum
3089 5231 3378 5297 inferente,
3413 5231 3616 5287 invitus

2048 5331 2150 5400 12
2183 5329 2397 5400 Egypti
2427 5328 2706 5399 regionem
2738 5328 2974 5382 invisere
3007 5333 3230 5380 coactus
3265 5332 3384 5386 est;
3428 5320 3479 5374 in
3508 5335 3615 5389 qua

2046 5437 2152 5475 non
2181 5430 2239 5475 ut
2262 5421 2460 5486 incola,
2492 5419 2587 5475 sed
2622 5428 2682 5474 ut
2707 5418 3030 5489 peregrinus
3054 5424 3303 5471 versatus
3327 5419 3432 5469 est.

2115 5511 2308 5566 PALL.
2337 5510 2607 5577 Quorsum
2639 5511 2742 5564 boc
2770 5507 3018 5578 spectat?

401 5668 487 5739 (1)
562 5669 708 5731 Vat.,
778 5670 1109 5736 ἀπόγνωσις.
1175 5669 1433 5723 (Iudicem
1497 5669 1680 5723 Sirlcti
1745 5669 2045 5738 sequimur.

402 5784 453 5816 ”
484 5784 613 5839 Jac.
649 5785 901 5847 1.15-1.52
983 5787 1024 5816 ³ο
1055 5787 1192 5840 Psal.
1223 5790 1334 5850 (.lll,
1374 5788 1454 5842 l3.

1535 5788 1572 5818 ³⁸
1607 5785 1741 5842 Gen.
1775 5804 1865 5848 xu.
1903 5787 1985 5838 10.
2066 5785 2106 5818 ³³
2136 5782 2300 5837 lbid..
2334 5781 2374 5834 1.
