4024 6220
504 247 601 303 151

1529 265 1584 320 S.
1625 266 1900 326 CYRILLI
1938 272 2412 334 ALEXANDRLVI
2449 282 2766 340 Αιιωιιιςι».

3652 300 3754 355 152

568 360 726 417 CYR.
775 364 1204 426 Pulcherrimam
1254 376 1414 431 nobis
1475 393 1664 436 rerum
1717 389 2028 445 secretiora]

2131 412 2146 453 ι
2250 397 2412 453 ΚΥΡ.
2431 399 2689 472 Ἀρίστην
2705 403 2837 473 ἡμῖν
2859 402 2967 455 τῶν
2989 403 3373 478 ἀφανεστέρων
3398 410 3493 481 τὴν
3518 410 3750 484 Θεωρίαν

497 450 728 508 formam
758 458 1014 528 proponit
1047 465 1538 533 contemplandam.

492 725 668 781 Deus:
710 747 730 779 ι
763 729 902 786 Ecce
953 733 1208 791 inducam
1246 739 1447 798 famem
1479 759 1646 816 super
1674 758 1904 819 terram,
1955 773 2067 812 non

489 817 688 874 famem
731 823 910 890 panis,
937 841 1116 897 neque
1159 831 1306 886 sitim
1354 849 1543 904 aquaa,
1587 839 1685 895 sed
1734 842 1931 900 famem
1965 863 2065 903 au-

487 907 674 965 diendi
703 913 932 968 verbum
961 917 1195 974 Domini.
1238 923 1307 978 Et
1332 924 1401 980 ab
1429 928 1638 985 oriente
1666 949 1838 1003 usque
1867 937 1936 992 ad
1969 954 2064 994 oc-

487 997 760 1058 cidentem
805 1005 1317 1068 circumcursabunt
1357 1029 1666 1085 qurerentes
1690 1026 1919 1082 verbum
1953 1031 2064 1086 Do-

485 1087 643 1156 mini,
677 1102 876 1150 etnon
921 1096 1202 1156 invenient
1222 1103 1316 1157 ⁸³.»
1363 1107 1548 1177 Atqui,
1584 1112 1778 1178 amice,
1817 1118 1912 1186 qui
1962 1120 2065 1175 hac

483 1175 626 1233 fame
673 1187 920 1253 Oppressi
964 1197 1112 1254 sunt,
1161 1200 1218 1247 et
1257 1195 1766 1260 subministratione
1812 1207 1902 1261 illa
1941 1209 2058 1275 Dei,

481 1286 604 1339 quae
633 1290 734 1329 nos
758 1277 824 1331 in
855 1279 1059 1336 virtute
1089 1285 1335 1343 continet
1359 1289 1563 1360 lapsos,
1595 1295 1865 1364 destituti,
1904 1317 2059 1358 esca-

479 1379 586 1430 que
616 1363 696 1420 illi
741 1370 949 1426 caelesti
987 1383 1152 1445 atque
1185 1393 1422 1448 superna
1450 1395 1660 1452 carent,
1694 1403 1762 1442 an
1799 1406 1909 1446 non
1939 1408 2059 1447 om-

478 1453 610 1510 nino
631 1472 855 1515 necesse
883 1471 968 1518 est
997 1469 1362 1538 peregrinari,
1394 1476 1750 1548 exsulemque
1791 1484 2058 1552 quodam-

477 1547 640 1601 modo
667 1561 908 1606 mentem
937 1555 1021 1610 eis
1049 1557 1166 1612 fieri
1191 1560 1261 1614 ad
1289 1561 1565 1622 deteriora
1598 1547 1857 1642 deinceps
1880 1575 2057 1631 demi-

3720 503 3744 534 Ι

2242 673 2408 728 ΚΥΡ.
2439 675 2570 740 Ταῖς
2591 677 2699 730 τῶν
2736 679 3002 733 Ἰουδαίων
3025 683 3300 748 ἀπειθίαις
3323 685 3616 756 ἐπιτιμῶν,
3641 687 3744 758 ἔστι

2172 782 2275 817 που
2312 767 2340 818 ό
2380 766 2543 829 Θεός·
2585 787 2604 820 ι
2657 769 2788 824 Ἰδοὺ
2833 772 3024 841 ἐπάγω
3068 775 3225 846 λιμὸν
3255 777 3346 830 ἐπὶ
3382 778 3482 846 τὴν
3515 779 3640 848 γῆν,
3681 782 3744 832 οὐ

2169 856 2326 927 λιμὸν
2346 857 2533 929 ἄρτου,
2555 859 2677 912 οὐδὲ
2707 860 2868 932 δίψαν
2895 863 3101 932 ὕδατος,
3128 867 3265 921 ἀλλὰ
3290 867 3449 939 λιμὸν
3469 869 3560 922 τοῦ
3583 871 3746 924 ἀκοῦ-

2169 964 2261 1001 σαι
2304 948 2459 1018 λόγον
2499 951 2725 1024 Κυρίου.
2764 953 2877 1007 Καὶ
2909 955 3019 1009 ἀπὺ
3063 957 3337 1010 ἀνατολῶν
3375 959 3482 1023 ’ἐως
3523 960 3744 1030 δυσμῶν

2168 1041 2630 1112 περιδραμοὼται
2673 1043 2962 1114 ζητοῦντες
2989 1046 3147 1116 λόγον
3175 1049 3408 1119 Κυρίου,
3438 1052 3532 1104 καὶ
3560 1053 3622 1104 ού
3667 1052 3742 1122 μὴ

2167 1131 2418 1202 εὕρωσιν.
2464 1151 2483 1184 ›
2518 1129 2645 1205 'Ap‘
2684 1129 2867 1201 οὖν,ὧ
2919 1138 3121 1208 ἑταῖρε,
3165 1139 3292 1204 τοὺς
3341 1141 3528 1211 τοιῷδε
3577 1143 3741 1210 τυχὸν

2165 1223 2630 1288 καταπιεσθέντας
2659 1225 2802 1297 λιμῷ
2828 1267 2842 1290 ,
2889 1229 2984 1282 καὶ
3011 1229 3275 1302 χορηγίας
3315 1232 3738 1294 ἐκπεπτωκότας

2160 1313 2262 1382 τῆς
2282 1312 2678 1386 διακρατούσης
2701 1318 2780 1380 είς
2800 1318 3022 1390 ἀρετὴν,
3046 1320 3140 1372 καὶ
3161 1321 3368 1391 τροφὰς
3389 1321 3488 1374 οὐκ
3515 1321 3738 1391 ἔχοντας

2159 1401 2259 1466 τὰς
2293 1403 2350 1469 ἐξ
2381 1404 2609 1475 ούρανοῦ
2640 1406 2734 1459 καὶ
2763 1408 2990 1474 ἄνωθεν,
3027 1409 3148 1480 οὐχὶ
3187 1410 3338 1463 πᾶσά
3373 1429 3489 1474 πως
3521 1413 3732 1484 ἀνάγκη

2163 1494 2502 1566 μετανάστην
2553 1495 2740 1568 ὥσπερ
2778 1499 2898 1552 τινὰ
2938 1501 3034 1553 καὶ
3077 1501 3289 1570 φυγάδα
3333 1503 3601 1557 ποιεῖσθαι
3641 1505 3734 1557 τὸν

2159 1583 2304 1646 νοῦν,
2339 1585 2670 1654 μεταθέοντα
2705 1587 2888 1641 λοιπὸν
2921 1590 3013 1645 ἐπὶ
3045 1590 3113 1644 τὰ
3141 1592 3356 1662 αἰσχίω,
3409 1594 3501 1647 καὶ
3533 1593 3728 1667 ῶσπερ

473 1643 742 1702 grantem,
765 1648 821 1694 et
845 1655 913 1694 ex
935 1643 1155 1701 virtutis
1179 1647 1436 1708 ﬁrmitate
1459 1663 1716 1726 tanquam
1744 1677 1812 1716 ex
1835 1665 2028 1735 propri;

2155 1643 2302 1736 τινὸς
2325 1643 2429 1743 γῆς
2456 1674 2590 1738 ἰδίας
2619 1676 2718 1745 τῆς
2742 1678 2822 1740 εἰς
2854 1678 3054 1750 ἀρετὴν
3087 1643 3397 1745 εὐσθεινείας
3425 1643 3732 1751 ἐξωθούμεῗ-

472 1725 692 1794 regione
743 1732 958 1799 pulsam
987 1776 1002 1800 ,
1053 1736 1388 1798 descendere
1452 1744 1511 1800 in
1571 1725 1739 1805 alium
1799 1725 2052 1813 habitum

470 1824 633 1886 atque
663 1821 1027 1894 voluntatem,
1059 1845 1238 1900 neque
1267 1832 1527 1907 deinceps
1555 1840 1652 1896 Dei
1683 1843 1935 1915 imperio,
1953 1851 2049 1906 sed

468 1912 700 1978 sceptris
739 1913 1029 1973 diabolicis
1088 1922 1394 1994 subjectam
1423 1931 1587 1986 esse?
1617 1912 1820 1992 Parens
1875 1941 2044 2008 enim,

466 1999 680 2068 opinor,
716 2013 773 2059 et
809 2023 906 2062 rex
944 2013 1156 2080 peccati
1205 2015 1252 2070 is
1294 2027 1377 2072 est
1417 2022 1510 2090 qui
1560 2012 1770 2094 primus
1801 2029 1935 2084 illud
1988 2033 2048 2090 in

461 2093 729 2149 mundum
760 2097 964 2168 intulit,
997 2105 1152 2174 cujus
1176 2106 1402 2180 ﬁguram
1423 2093 1587 2184 atque
1617 2117 1907 2190 imaginem
1933 2139 2045 2181 non

462 2182 720 2252 absurde,
748 2198 809 2244 ut
835 2193 1050 2262 opinor,
1075 2207 1280 2256 statuat
1316 2182 1657 2262 Pharaonem
1688 2182 1843 2267 illum
1875 2213 2042 2288 Egy-

461 2274 698 2342 ptiorum
719 2281 1045 2354 principem,
1078 2292 1224 2360 apud
1247 2309 1385 2364 quos
1402 2296 1586 2353 densa:
1607 2311 1763 2356 erant
1787 2320 2042 2364 errorum

461 2368 718 2439 tenebrae,
742 2375 1063 2450 nullumque
1091 2385 1353 2454 nequitiae
1378 2404 1553 2459 genus
1580 2392 1930 2452 intentatum.

527 2551 722 2607 PALL.
756 2555 826 2610 Et
856 2573 1093 2627 quanam
1126 2561 1232 2616 fuit
1258 2563 1535 2624 Abraham
1584 2572 1821 2632 affectus
1856 2577 2034 2634 mole-

452 2641 578 2705 stia,
610 2658 676 2699 ex
701 2660 768 2700 eo
797 2650 1022 2718 quodin
1049 2653 1340 2727 {Egyptum
1368 2659 1766 2722 descenderat?

520 2733 678 2790 CYR.
701 2736 932 2796 Maxima
953 2758 1103 2800 sane.
1134 2747 1537 2819 Propemodum
1563 2755 1712 2811 enim
1746 2758 1889 2815 ultra
1911 2775 2032 2818 om-

448 2840 576 2881 nem
600 2829 869 2885 malorum
900 2834 1124 2890 modum
1149 2839 1394 2908 perlatus
1427 2851 1529 2898 est.
1569 2843 1628 2899 Id
1661 2855 1844 2903 autem
1874 2849 2032 2907 facile

449 2917 649 2986 disces,
681 2919 967 2992 Scriptura
995 2925 1243 2985 dicente:
1271 2950 1289 2982 ‹
1317 2931 1547 2990 Factum
1572 2946 1658 2992 est
1687 2947 1869 2994 autem
1902 2957 2030 2997 cum

447 3017 826 3090 ingrederetur
841 3023 1115 3082 Abraham
1139 3027 1198 3084 in
1223 3028 1538 3104 Egyptum,
1571 3034 1826 3093 videntes
1860 3037 2028 3112 Egy-
2053 3086 2098 3145 ο

447 3109 545 3145 πιίί
587 3113 875 3145 ωηιξη-..ΑΜ
947 3119 1090 3145 mm;
1128 3131 1269 3145 η--.
1308 3125 1528 3145 ---μιμ
1825 3137 1838 3145 .
1907 3131 1958 3145 ..

443 3109 547 3180 ptii
587 3113 877 3170 mulierem
898 3156 912 3182 ,
945 3119 1090 3188 quod
1123 3131 1273 3176 esset
1308 3125 1539 3194 pulchra
1571 3127 1758 3195 nimis,
1787 3137 1845 3185 et
1867 3109 2026 3189 vide-

445 3210 577 3258 runt
607 3219 728 3260 eam
756 3207 1032 3280 principes
1065 3213 1366 3272 Pharaonis
1384 3257 1399 3282 ,
1426 3226 1482 3273 et
1510 3218 1873 3279 laudaverunt
1902 3240 2023 3280 eam

442 3295 588 3364 apud
639 3297 1002 3368 Pharaonem,
1039 3313 1097 3360 et
1152 3304 1490 3363 induxerunt
1521 3326 1642 3366 eam
1693 3313 1751 3369 in
1795 3314 2021 3374 domum

440 3386 742 3446 Pharaonis
766 3390 833 3445 “.
873 3411 892 3444 ι
943 3395 1079 3451 Vide
1126 3397 1314 3468 igitur,
1361 3400 1590 3468 Palladi,
1625 3418 1790 3473 quam
1822 3421 2017 3478 parum

438 3478 677 3536 abfuerit
703 3481 838 3552 quin
866 3499 1094 3541 uxorem
1125 3490 1394 3546 amiserit.

506 3570 705 3628 PALL.
737 3571 912 3640 Quam
942 3591 1104 3646 asper
1135 3593 1325 3646 casus,
1355 3591 1412 3637 et
1452 3585 1692 3655 graviter
1723 3584 2010 3644 ferendus!

503 3744 661 3802 CYR.
694 3746 860 3820 Atqui
895 3750 1000 3808 hoc
1037 3752 1181 3810 idem
1215 3756 1574 3826 spiritualitcr
1604 3762 1658 3816 in
1689 3764 1849 3820 nobis
1877 3765 2012 3837 ipsis

431 3836 711 3892 usuvenit.
755 3838 967 3906 Quibus
1020 3844 1166 3900 enim
1215 3848 1478 3905 acciderit
1512 3853 1582 3907 ab
1624 3854 1908 3912 honestate
1947 3873 2011 3913 ac

430 3924 633 3982 virtute
655 3968 670 3993 ,
701 3944 866 3999 quam
900 3930 1006 3986 sibi
1037 3935 1269 3990 amicam
1299 3946 1359 3993 et
1386 3939 1708 3998 familiarem
1755 3944 2004 4014 fecerint,

430 4024 688 4087 tanquam
715 4035 746 4075 e
777 4036 875 4076 sua
899 4024 1076 4092 patria
1104 4025 1253 4095 pelli,
1290 4037 1348 4084 et
1374 4029 1442 4085 ad
1478 4031 1751 4090 deteriora
1780 4035 2006 4092 descen-

425 4105 576 4171 dere,
611 4115 668 4161 et
695 4111 922 4180 sceptris
951 4113 1236 4173 diabolicis
1264 4119 1448 4187 subdi,
1483 4139 1580 4180 eos
1609 4125 1852 4197 undique
1881 4143 2005 4184 om-

424 4196 697 4268 nibusque
736 4201 914 4258 modis
959 4207 1382 4278 aggrediuntur,
1422 4213 1600 4286 iisque
1641 4233 1831 4288 graves
1871 4218 2006 4273 insi-

420 4287 540 4343 dias
568 4298 789 4349 struunt
820 4293 1081 4366 improbze
1112 4308 1275 4370 atque
1304 4303 1631 4362 adversaria:
1653 4287 1998 4382 potestates,

2155 1781 2263 1827 νον,
2301 1766 2644 1818 καταϐαίνειν
2677 1769 2756 1832 εἰς
2781 1769 2972 1841 ἑτέραν
2992 1771 3103 1836 ἕξιν
3135 1790 3195 1825 τε
3229 1773 3323 1825 καὶ
3356 1772 3570 1844 θέλησιν
3590 1793 3603 1805 ·
3627 1778 3729 1830 οὐκ

2152 1854 2233 1909 ἔτι
2266 1856 2363 1925 μὲν
2395 1856 2491 1926 τὴν
2531 1858 2634 1910 ὑπὸ
2667 1859 2804 1930 Θεῷ,
2851 1864 3151 1935 σκήπτροις
3178 1864 3234 1918 δὲ
3268 1865 3468 1936 μᾶλλον
3505 1869 3727 1924 ὑποκει-

2153 1945 2322 2016 μένην
2358 1948 2698 2015 διαϐολικοῖς.
2733 1953 2921 2024 Πατὴρ
2958 1953 3067 2025 γὰρ
3090 1998 3104 2018 ,
3127 1953 3279 2027 οἶμαι
3299 1998 3313 2020 ,
3345 1958 3437 2012 καὶ
3469 1958 3724 2029 βασιλεὺς

2147 2038 2441 2108 ἁμαρτίας,
2467 2042 2495 2094 ὁ
2518 2041 2733 2113 πρῶτος
2761 2043 2929 2114 αὐτὴν
2949 2047 3006 2109 ἐς
3027 2047 3230 2116 κόσμον
3255 2049 3511 2118 ἐνεγκὼν,
3535 2044 3596 2103 οὗ
3627 2051 3725 2103 καὶ

2144 2130 2225 2192 εἰς
2264 2131 2448 2185 εἰκόνα
2477 2133 2571 2184 καὶ
2601 2133 2768 2187 τύπον
2805 2137 3156 2206 παραδέξαιτ’
3194 2138 3260 2192 ἂν
3299 2136 3449 2210 οἶμαί
3485 2157 3591 2204 τις,
3625 2141 3724 2195 καὶ

2145 2221 2356 2292 σφόδρα
2387 2223 2613 2288 εἰκότως
2634 2266 2649 2289 ,
2681 2226 2774 2279 τὸν
2804 2227 3007 2299 Φαραὼ
3029 2272 3044 2295 ,
3070 2230 3174 2299 τῆς
3210 2231 3522 2300 Αἰγυπτίων
3557 2232 3718 2304 ἐξάρ-

2140 2327 2324 2382 χοντα.
2357 2314 2494 2386 Παρ’
2521 2309 2603 2378 οἷς
2628 2316 2796 2388 βαθὺς
2819 2318 2918 2388 μὲν
2941 2315 3010 2391 ἦν
3031 2321 3153 2376 λίαν
3172 2325 3199 2376 ό
3220 2323 3312 2377 τοῦ
3340 2326 3718 2396 πεπλανῆσθαι

2141 2403 2333 2470 σκότος
2359 2421 2374 2438 ο
2407 2408 2611 2472 κακίας
2659 2409 2716 2463 δὲ
2746 2405 2946 2481 τρόπος
2984 2412 3400 2486 ἁνεπιτήδευτος
3433 2417 3714 2482 παντελῶς

2137 2492 2330 2558 οὐδείς.

2211 2586 2420 2643 ΠΑΛΛ.
2448 2588 2558 2643 Καὶ
2573 2591 2626 2644 τί
2650 2592 2710 2645 τὸ
2737 2591 2983 2666 λυπῆσαν
3011 2597 3104 2650 τὸν
3133 2599 3400 2668 μακάριον
3437 2600 3708 2673 Ἀϐραὰμ,

2136 2678 2202 2733 ἐκ
2226 2678 2320 2732 τοῦ
2347 2680 2668 2738 καθικέσθαι
2698 2686 2858 2756 τυχὸν
2888 2689 2967 2750 εἰς
2993 2688 3093 2760 τὴν
3123 2690 3468 2757 Αἰγυπτίωνς

2203 2769 2366 2824 ΚΥΡ.
2394 2772 2650 2830 Πλεῖστον
2679 2777 2873 2847 μενοῦν
2905 2781 3049 2834 ὅσον.
3081 2782 3295 2853 Μικροῦ
3319 2782 3427 2853 γὰρ
3450 2783 3706 2838 ἐπέκεινα

2135 2861 2334 2927 παντὸς
2359 2865 2562 2936 ἠνέχθη
2613 2869 2806 2922 κακοῦ.
2855 2869 3183 2942 Ἀναμόιθοις
3219 2873 3264 2925 δ’
3305 2873 3370 2927 ἂν
3405 2874 3499 2927 καὶ
3547 2875 3706 2930 τοῦτο

2132 2954 2388 3021 εὐκόλως,
2423 2958 2568 3029 ἱεροῦ
2598 2962 2900 3030 φωνοῦντος
2921 2964 3280 3034 Γράμματοςο
3322 2985 3340 3018 ‹
3377 2966 3624 3034 Ἐγένετο
3646 2969 3705 3021 δὲ

2130 3045 2294 3114 ἡνίκα
2342 3048 2588 3120 εἰσῆλθεν
2644 3052 2899 3126 Ἀϐραὰμ
2941 3057 3022 3120 εἰς
3060 3057 3356 3124 Αἴγυπτον,
3404 3057 3605 3123 ἰδόντες
3651 3060 3703 3112 οἰ

2126 3131 2415 3203 Αἰγύπτιοι
2467 3138 2567 3211 τὴν
2597 3145 2839 3209 γυναῖκα
2888 3144 2971 3197 ὅτι
3017 3146 3156 3215 καλὴ
3197 3146 3284 3217 εἴη
3325 3147 3572 3219 σφόδρα,
3607 3152 3702 3204 καὶ

2123 3221 2261 3280 εἶδον
2286 3228 2455 3300 αὐτὴν
2485 3233 2534 3285 οἱ
2558 3234 2817 3304 ἄρχοντες
2844 3237 3044 3308 Φαραὼ
3065 3278 3080 3302 ,
3108 3240 3201 3292 καὶ
3223 3241 3496 3312 ἐπῄνεσαν
3527 3243 3700 3314 αὐτὴν

2122 3317 2258 3388 πρὸς
2274 3321 2474 3392 Φαραὼ
2504 3323 2600 3376 καὶ
2627 3326 2833 3395 ἤγαγον
2857 3329 3028 3400 αὐτὴν
3043 3330 3123 3394 εἰς
3145 3329 3236 3384 τὸν
3257 3326 3404 3385 οἷκον
3425 3333 3645 3404 Φαραώ.
3673 3350 3695 3385 ι

2125 3409 2323 3483 Ἀθρει
2353 3411 2420 3485 δὴ
2449 3409 2542 3468 οὖν
2574 3414 2657 3467 δτι
2695 3416 2890 3488 μικροῦ
2919 3418 3170 3474 διόλωλεν
3197 3419 3342 3492 αύτῷ
3363 3423 3426 3476 τὸ
3452 3422 3696 3492 γύναιον,

2116 3495 2162 3555 ὦ
2191 3503 2310 3557 τᾶν.

2186 3595 2396 3649 ΠΑΔΛ.
2439 3596 2526 3661 Ὠς
2572 3599 2736 3669 δριμὺ
2793 3599 2854 3654 τὸ
2919 3603 3113 3675 χρῆμα
3145 3642 3162 3669 ,
3214 3607 3310 3661 καὶ
3359 3609 3694 3666 καταλυπεῖν

2114 3685 2315 3741 ἰκανόν.

2181 3779 2345 3834 ΚΥΡ.
2377 3780 2489 3835 Καὶ
2522 3782 2629 3855 μὴν
2657 3783 2814 3839 τοῦτό
2843 3803 2925 3840 τοι
2947 3788 3077 3860 περί
3101 3791 3251 3861 ἡμᾶς
3268 3792 3462 3857 αὐτοὺς
3483 3794 3691 3864 νοητῶς

2111 3871 2470 3943 συμϐήσεται.
2499 3870 2595 3940 Οἷς
2616 3877 2725 3949 γὰρ
2751 3879 2818 3932 ἂν
2839 3879 3046 3948 γένοιτο
3074 3883 3330 3953 πατρίδος
3358 3885 3475 3954 μὲν,
3499 3884 3690 3958 ὥσπερ

2107 3964 2208 4032 τῆς
2239 3963 2376 4029 ἰδίας
2396 3966 2730 4032 ἀπολισθείν,
2758 3973 2858 4040 τῆς
2885 3971 3151 4042 συνήθους
3171 3991 3230 4027 τε
3253 3977 3346 4028 καὶ
3366 3975 3690 4046 φιλαιτάτης

2105 4055 2406 4126 εὐκοσμίας
2431 4059 2524 4111 καὶ
2550 4059 2770 4132 ἀρετῆς,
2802 4061 3122 4118 καθικέσθαι
3153 4065 3209 4118 δὲ
3234 4067 3370 4138 πρὸς
3399 4067 3466 4121 τὰ
3491 4069 3682 4140 χείρω,

2104 4147 2199 4200 καὶ
2236 4148 2355 4202 ὑπὸ.
2378 4149 2634 4220 σκῆπτρα
2665 4151 2916 4220 γενέσθαι
2946 4155 3231 4211 διαϐολικὰ
3255 4197 3270 4222 ,
3306 4159 3483 4230 πάντη
3505 4176 3566 4212 τε
3586 4161 3685 4214 καὶ⁵

2103 4235 2320 4300 πάντως
2357 4237 2675 4305 ὲπιφύονταί
2705 4256 2766 4293 τε
2811 4242 2907 4294 καὶ
2948 4245 3356 4300 ἐπιϐουλεύουσι
3399 4247 3589 4310 δεινῶς
3621 4249 3684 4301 αἰ

2103 4325 2335 4396 πονηραί
2360 4328 2452 4379 καὶ
2475 4329 2711 4382 ἐναντίαι
2731 4329 2988 4400 δυνάμεις
3006 4351 3017 4364 ο
3047 4335 3148 4388 κᾶν
3170 4339 3219 4389 εἰ
3243 4336 3525 4392 θεάσαιντό
3557 4357 3680 4393 τινα

418 4399 483 4436 ac
520 4383 567 4437 si
617 4400 780 4455 quem
811 4387 1054 4445 viderint
1084 4407 1154 4445 ex
1198 4393 1268 4446 iis
1296 4393 1392 4463 qui
1443 4396 1549 4451 sibi
1587 4400 1821 4471 subjecti
1865 4408 1996 4474 sint,

422 4473 523 4503 10)
558 4478 782 4503 ..ιηΙηι-,ι
815 4481 1199 4503 __._-.-_-.:_-_-
1234 4483 1382 4503 LL“
1458 4496 1468 4503 .
1676 4492 1710 4503 ..

2131 4416 2210 4469 (iw
2240 4418 2333 4470 ὑπ’
2373 4420 2567 4484 αὐταῖς
2595 4423 2895 4491 γεγονότων
2937 4427 3038 4480 οὐκ
3085 4429 3294 4499 ἀκαλλῆ
3329 4431 3426 4503 τὴν
3461 4432 3678 4485 σύνεσιν

421 4473 523 4544 13
557 4478 787 4545 pulchro
815 4481 1205 4552 praestantique
1232 4483 1513 4543 intellectu
1543 4492 1853 4564 praeditum,
1871 4473 2000 4557 eum

415 4583 517 4622 suo
543 4568 669 4624 duci
694 4587 938 4629 asserere
963 4586 1252 4644 conantur,
1269 4587 1434 4650 atque
1452 4582 1599 4638 illius
1623 4585 1840 4646 libidini
1863 4593 1998 4649 sub-

408 4657 642 4726 jiciunt,
688 4668 751 4714 ut
779 4676 888 4716 non
918 4663 1032 4734 jam
1081 4667 1315 4737 amplius
1341 4669 1474 4737 Deo,
1502 4673 1598 4729 sed
1627 4674 1839 4734 Satanze
1875 4681 1996 4738 fru-

411 4749 633 4805 ctiﬁcet.
671 4771 689 4802 ι
717 4753 869 4808 Esca:
907 4769 1142 4827 namque
1187 4757 1358 4828 illius,
1397 4781 1417 4814 ι
1461 4771 1523 4818 ιιι
1571 4768 1836 4839 scriptum
1885 4784 1990 4840 est,

419 4858 437 4888 ‹
476 4840 664 4896 electae
700 4854 834 4900 sunt
853 4846 918 4912 ³⁸;
959 4865 986 4903 ι,
1015 4863 1080 4902 ac
1113 4849 1426 4910 demulcere
1475 4859 1700 4916 student
1723 4865 1989 4933 quodam-

2101 4507 2245 4579 ἔχειν
2291 4509 2606 4582 δυνάμενον,
2662 4517 2967 4585 περιποιεῖν
3013 4518 3371 4584 σπουδάζουσι
3419 4523 3498 4591 τῷ
3558 4523 3678 4593 ἰδίῳ

2099 4596 2422 4671 καθηγητῇ,
2469 4601 2698 4666 καὶτοῖς
2743 4604 2954 4659 ἐκείνου
3005 4613 3444 4680 σπερματισμοῖς
3472 4611 3676 4677 ὑποφέ-

2101 4702 2304 4758 ρουσιν,
2347 4689 2436 4742 ἵνα
2466 4689 2585 4762 Θεῷ
2621 4691 2719 4761 μὲν
2752 4693 2958 4759 οὐκέτι,
3005 4703 3328 4770 καρποφορῇ
3371 4701 3428 4753 δὲ
3470 4701 3674 4772 μᾶλλον

2094 4779 2172 4849 τῷ
2205 4781 2440 4854 Σατανᾷ.
2481 4803 2500 4836 (
2552 4785 2632 4838 Τὰ
2670 4785 2779 4857 γὰρ
2829 4787 3094 4860 βρώματα
3123 4791 3308 4858 αὐτοῦ,
3362 4812 3381 4844 ι
3434 4793 3576 4847 κατά
3607 4795 3671 4846 τὸ

2092 4874 2493 4945 γεγραμμένον,
2529 4896 2548 4930 ι
2583 4877 2817 4933 ὲκλεκτόι
2855 4897 2902 4932 ι’
2933 4882 3340 4954 κατακηλοῦσαι
3379 4885 3437 4938 δὲ
3477 4884 3669 4956 ῶσπερ

411 4931 574 4986 modo
607 4936 885 5004 captivum
913 4953 977 4993 ac
1007 4940 1327 5013 sublapsum
1357 4947 1623 5017 animum,
1661 4970 1730 5009 ne
1750 4956 1795 5010 si
1830 4968 1989 5016 acute

411 5021 697 5049 ..Α-ηηῖηζ...
747 5026 810 5049 -.1
840 5027 1134 5049 I:L-_.-._,,-
1185 5048 1190 5049 ,
1364 5036 1396 5049 ο.
1455 5047 1459 5049 .
1595 5043 1613 5049 -
1685 5045 1697 5049 -
1806 5048 1822 5049 κ

2131 4931 2415 5022 ἱνηὰλόντα
2445 4931 2506 5022 τε
2550 4971 2642 5024 καὶ
2687 4931 3310 5049 ὑπολισθήσανταινοῦν,
3356 4976 3433 5041 ὡς
3474 4976 3540 5030 ἂν
3587 4931 3667 5048 μῆ

407 5021 723 5103 perspiciat,
745 5026 813 5080 ad
838 5027 1145 5086 libertatem
1173 5048 1205 5087 a
1236 5036 1499 5096 servitute
1528 5043 1776 5115 refugiat.
1804 5048 1990 5120 Itaque

407 5113 700 5139 unum“,
733 5115 808 5139 ειη
844 5132 1092 5139 _-______
1270 5125 1282 5137 .
1372 5135 1380 5139 -
1558 5132 1570 5139 -
1696 5135 1712 5139 -

2461 5021 2499 5022 η
2696 5021 2709 5024 τ
2961 5021 3050 5027 -—-
3071 5021 3125 5028 -κ
3172 5021 3310 5039 -σ--ν
3359 5021 3430 5041 -ι
3474 5021 3535 5030 --
3587 5021 3663 5048 .--.

2131 5056 2220 5110 ολὺ
2239 5059 2455 5128 βλέπων
2475 5064 2554 5123 εἰς
2575 5063 2634 5116 τὸ
2656 5021 2956 5136 ἐλεύθερον,
2982 5047 3083 5136 τῆς
3110 5068 3200 5119 ὑπ’
3218 5067 3413 5132 αὐταῖς
3436 5068 3663 5139 θητείας

405 5113 705 5169 conciliant
733 5115 812 5170 illi
844 5132 1237 5191 nonnunquam
1268 5125 1325 5180 in
1366 5132 1604 5187 terrenis
1635 5113 1800 5193 rebus
1827 5141 1986 5194 volu—

404 5215 600 5277 ptates,
637 5216 694 5262 et
742 5208 999 5266 inanibus
1037 5214 1498 5278 oblectationibus
1537 5236 1767 5297 augent,
1799 5240 1859 5284 ut
1901 5233 1980 5288 illi

399 5313 620 5372 quoque
633 5297 1012 5373 Egyptiorum
1027 5307 1303 5378 principes
1314 5309 1581 5381 fecerunt,
1601 5319 1694 5386 qui
1706 5319 1979 5380 Abraham

400 5391 599 5446 amissa
635 5395 862 5466 conjuge
886 5437 901 5460 ,
932 5396 1284 5465 blandiendo,
1324 5401 1628 5462 honoribus
1665 5424 1728 5463 ac
1756 5413 1914 5469 donis
1947 5435 1975 5472 a
2084 5391 2402 5490 Αἰγυπτίων

398 5481 636 5534 ωεικίωο
679 5500 914 5542 maerore
953 5504 1184 5545 avocare
1221 5493 1532 5563 cupiebant.
1588 5497 1860 5570 Scriptum
1895 5516 1977 5560 est

2085 5146 2488 5219 ἀποφοιτήσειε.
2536 5155 2918 5226 Περιποιοῦσιν
2964 5156 3080 5209 ἐσθ’
3121 5157 3209 5210 ὅτε
3249 5158 3349 5220 τὰς
3398 5160 3492 5212 ἐπὶ
3547 5162 3662 5222 τοῖς

2089 5239 2294 5308 γηῖνοις
2324 5242 2538 5312 ἡδονὰς,
2586 5245 2680 5299 καὶ
2705 5247 2986 5312 οίονείπως
3012 5249 3501 5314 καταπλουτίζουσι
3538 5253 3662 5314 ταῖς

2089 5333 2170 5395 εἰς
2198 5333 2258 5385 τὸ
2289 5335 2456 5404 μηδὲν
2492 5336 2802 5411 θυμηδίαις,
2832 5341 3089 5413 καθάπερ
3118 5343 3311 5414 ἀμέλει
3355 5345 3448 5396 καὶ
3476 5345 3524 5396 οἰ
3552 5344 3665 5398 τῶν

2451 5425 2744 5497 ἄρχοντες,
2779 5429 2878 5500 τὴν
2915 5429 3162 5484 σύνοικον
3211 5431 3519 5484 ἀπολλύντα
3567 5431 3664 5486 τὸν

2088 5514 2355 5583 μακάριον
2389 5516 2655 5588 Ἀϐραὰμ,
2683 5521 2846 5574 οίονεί
2867 5522 3274 5591 περισαίνοντες
3306 5526 3426 5587 ταῖς
3447 5525 3656 5595 τιμαῖς,

467 5677 510 5709 ⁸³
557 5678 723 5736 Amos
762 5700 870 5750 vm,
908 5686 985 5740 ll.
1067 5690 1111 5724 “
1140 5692 1269 5746 Gen.
1308 5710 1398 5758 xu.
1443 5696 1522 5760 il,
1561 5699 1639 5753 ιδ.
1723 5702 1765 5734 ³⁵
1805 5702 2005 5758 Hahae.
2039 5721 2076 5766 ι,
2109 5706 2187 5759 l6.
