4024 6220
267 329 390 387 I53

1002 336 1093 391 DE
1131 338 1577 404 ADORATIONE
1614 349 1684 406 IN
1723 351 1882 408 SPIR4

1993 355 1997 399 ί
2051 356 2161 425 ΕΤ,
2191 355 2561 413 VERI'I‘ATE.
2603 357 2731 413 LIB.
2772 358 2813 413 I.

3461 360 3565 416 154

265 449 383 504 καὶ
413 448 610 518 δώρων
644 455 1059 521 προσαγωγαῖς,
1092 455 1188 507 τοῦ
1212 455 1500 513 λυπεῖσθαι
1520 459 1642 515 λίαν
1668 463 1874 516 ἀποκο-

1993 468 2122 524 anim
2147 489 2160 523 :
2196 490 2215 522 ι
2246 471 2523 528 Abraham
2555 475 2790 546 benigne
2822 477 2903 531 usi
2930 487 3061 531 sunt
3088 486 3314 548 propter
3335 476 3506 541 illam,
3537 496 3557 528 ι

268 536 466 603 μίζειν
487 536 701 609 ἤθελον.
721 538 1036 611 Γέγραπται
1055 542 1186 614 γὰρ,
1216 545 1303 598 δτι
1329 565 1348 598 ι
1383 548 1493 601 Καὶ
1514 548 1594 618 τῷ
1621 549 1875 621 Ἀϐραὰμ

268 623 339 681 εὖ
382 629 689 699 ἐχρήσαντο
717 628 787 681 δι’
814 628 1005 701 αὐτὴν,
1047 649 1067 684 ι
1096 630 1257 702 δῆλον
1280 634 1359 698 δὲ,
1391 636 1474 690 ὅτι
1502 638 1601 710 τὴν
1630 639 1873 711 Σάρραν,

274 739 297 773 ι
345 723 448 774 καὶ
466 720 718 790 ἐγένοντο
738 723 908 795 αὐτῷ,
933 724 1181 796 πρόϐατά
1196 746 1255 781 τε
1272 730 1365 782 καὶ
1388 729 1597 800 μόσχοι,
1627 731 1720 784 καὶ
1740 730 1871 794 ὄνοι,

272 813 385 866 καὶ
406 814 616 877 παῖδες,
632 815 730 867 καὶ
747 817 1052 881 παιδίσκαι,
1077 820 1172 872 καὶ
1201 819 1435 891 ἡμίονοι,
1455 822 1547 875 καὶ
1563 821 1826 893 κάμηλοι.
1848 842 1868 875 ι

277 906 639 961 Πλεονεκτῶν
676 907 793 978 γὰρ,
824 907 972 980 ἡμᾶς
1000 911 1079 975 είς
1100 911 1172 965 τὰ
1202 912 1566 984 καιριώτατα,
1596 916 1692 969 καὶ
1711 915 1877 969 olost

280 1000 457 1071 γονῆς
489 1017 550 1053 τε
579 1001 677 1055 καὶ
705 1002 1013 1073 εὐκαρπίας
1040 1004 1363 1076 ἀποστερῶν
1395 1005 1689 1078 ἐλευθέρας
1715 1009 1744 1061 ὁ
1769 1009 1875 1062 Σα-

280 1094 479 1157 τανᾶς,
498 1094 593 1147 καὶ⁸
613 1097 732 1159 ταῖς
755 1095 914 1158 ἰδίαις
933 1095 1121 1168 ὕϐρεσι
1139 1096 1235 1151 καὶ
1249 1096 1558 1167 ἀσελγείαις
1572 1098 1662 1153 τὸν
1676 1099 1876 1170 εὐγενῆ

282 1184 413 1239 νοῦν
438 1185 735 1257 ὑποφέρων
758 1187 826 1241 ἐκ
846 1185 1180 1255 πλεονεξίας,
1199 1192 1267 1261 τῇ
1286 1190 1396 1244 τῶν
1410 1191 1668 1259 ἐπιγείων
1686 1191 1877 1263 τέρψει

288 1277 650 1348 καταδεσμεϊ.
679 1278 984 1350 Διελήλακε
1006 1278 1065 1332 δὲ
1089 1279 1296 1348 μανίας
1323 1282 1404 1346 είς
1431 1281 1590 1336 τοῦτό
1616 1299 1772 1346 ποτε,
1801 1283 1878 1348 ὡς

294 1370 390 1424 καὶ
429 1369 587 1441 αὑτῷ
628 1369 729 1441 τὴν
759 1372 953 1443 πεῖραν
996 1371 1248 1428 καθεῖναι
1279 1372 1359 1444 τῷ
1404 1374 1646 1445 Χριστῷ.
1685 1392 1707 1427 ι
1758 1371 1880 1429 Ἀν-

296 1463 519 1533 αγαγὼν
537 1461 652 1533 γὰρ
676 1462 863 1527 αὑτὸν,
891 1482 911 1515 ι
937 1465 1123 1534 φησὶν,
1142 1483 1161 1515 ι
1182 1465 1381 1532 ἔδειξεν
1402 1467 1551 1538 αὐτῷ
1578 1468 1758 1531 πάσας
1779 1470 1878 1533 τὰς

301 1551 576 1623 βασιλείας
606 1552 709 1623 τῆς
736 1552 1081 1624 οἰκουμένης,
1106 1557 1167 1608 ὲν
1193 1560 1395 1628 στιγμῇ
1425 1558 1643 1629 χρόνου,
1672 1557 1770 1612 καὶ⁵
1802 1552 1881 1610 εἷ-

302 1663 392 1699 σεν
413 1644 567 1717 αὐτῷ
592 1646 627 1698 ὁ
654 1645 902 1710 διάὄολος
918 1662 934 1679 ’
965 1647 1070 1715 Σοὶ]
1089 1647 1249 1703 δώσω
1273 1649 1372 1721 τὴν
1393 1648 1644 1715 ἐξουσίαν
1674 1650 1878 1718 ταύτην

309 1738 542 1802 ἀπασαν,
561 1739 657 1792 καὶ
673 1738 774 1810 τὴν
798 1737 958 1803 δόξαν
984 1740 1186 1807 αὐτῶν,
1210 1741 1293 1794 ὅτι
1315 1741 1440 1811 ἐμοὶ
1459 1741 1874 1813 παραδέδονται,

1982 559 2131 616 haud
2185 561 2416 617 dubium
2446 564 2583 634 quin
2619 577 2846 636 propter
2876 566 3117 632 Sarram,
3174 586 3192 618 ι
3227 576 3286 622 et
3336 566 3568 621 fuerunt

1979 649 2060 706 illi
2089 667 2222 708 oves
2246 663 2304 709 et
2334 654 2524 719 boves,
2558 664 2616 709 et
2665 656 2826 721 asini,
2860 666 2918 712 et
2948 657 3094 712 servi
3139 666 3199 712 et
3237 657 3470 720 ancilla,
3509 665 3569 712 et

1979 740 2113 795 muli
2144 751 2204 798 et
2234 744 2429 799 cameli
2449 746 2516 799 “.
2561 765 2579 797 ι
2622 746 2836 802 Fraude
2882 748 3030 805 enim
3071 763 3171 803 sua
3194 763 3297 802 nos
3329 747 3398 802 ad
3430 755 3571 802 tein-

1978 831 2201 898 poraria
2231 833 2536 903 pellicicns,
2563 842 2621 891 et
2644 836 3048 907 quodammodo
3077 837 3287 893 semine
3315 837 3384 892 ad
3420 837 3568 892 fetu-

1979 937 2096 977 ram
2136 923 2413 980 libertatis
2438 924 2772 982 defraudans
2811 926 3041 982 Satanas
3062 968 3076 993 ,
3106 934 3164 982 et
3201 926 3482 999 tyrannica
3513 925 3568 980 vi

1978 1028 2093 1068 suae
2131 1013 2351 1069 libidini
2408 1022 2466 1071 et
2517 1008 2957 1087 intemperantia:
2991 1016 3337 1072 nobilitatem
3393 1015 3567 1071 animi

1977 1104 2297 1176 subiiciens,
2330 1120 2516 1161 rerum
2546 1117 2894 1163 terrenarum
2926 1107 3347 1164 oblectamentis
3370 1107 3566 1164 devin-

1977 1195 2075 1251 cit.
2103 1195 2245 1263 Quin
2274 1197 2441 1253 etiam
2480 1212 2547 1254 eo
2589 1198 2819 1255 insaniae
2853 1199 3152 1270 aliquando
3188 1199 3472 1269 prorupit,
3505 1206 3568 1253 ut

1978 1285 2160 1358 ipsum
2205 1303 2426 1359 quoque
2474 1288 2758 1345 Christum
2811 1299 3024 1346 tentare
3072 1291 3284 1345 veritus
3319 1305 3432 1368 non
3470 1290 3563 1344 sit.

1986 1396 2006 1431 ι
2043 1378 2115 1434 Et
2145 1394 2450 1446 assumens,
2494 1400 2513 1435 ›
2559 1380 2759 1453 inquit,
2794 1400 2812 1434 ι
2841 1397 2991 1447 eum,
3020 1381 3262 1437 ostendit
3299 1381 3351 1436 ei
3380 1380 3568 1435 omnia

1979 1484 2147 1542 regna
2173 1471 2325 1527 orbis
2353 1481 2514 1528 terrae
2542 1473 2598 1528 in
2630 1483 2907 1529 momento
2946 1473 3233 1543 temporis,
3269 1482 3329 1528 ct
3350 1472 3492 1527 dixit
3512 1472 3568 1527 ei

1978 1559 2265 1619 diabolus:
2294 1563 2420 1617 Tibi
2449 1563 2593 1619 dabo
2612 1572 2941 1635 potestatem
2971 1565 3114 1619 hanc
3147 1564 3486 1628 universam,
3511 1574 3569 1619 et

1978 1654 2207 1728 gloriam
2241 1670 2455 1721 eorum,
2478 1655 2611 1726 quia
2636 1656 2771 1709 mihi
2802 1655 3002 1710 tradita
3025 1664 3172 1720 sunt,
3205 1665 3263 1710 et
3301 1655 3391 1709 cui
3415 1655 3565 1720 volo,

1979 1747 2052 1803 do
2082 1748 2195 1803 illa.
2231 1748 2315 1803 Tu
2366 1746 2557 1818 igitur,
2588 1748 2635 1803 si
2687 1747 3002 1804 adoraveris
3067 1762 3252 1803 coram
3304 1761 3424 1811 me,
3474 1757 3569 1802 tua

316 1830 407 1881 καὶ
435 1822 483 1897 ᾧ
518 1828 613 1882 ἐὰν
637 1805 767 1883 θέλω
786 1868 804 1896 ,
834 1829 1028 1902 δίδωμι
1058 1805 1220 1886 αὑτά.
1253 1831 1327 1884 Σὺ
1348 1805 1464 1887 -οὖν
1503 1805 1599 1887 ὲάν
1631 1851 1874 1907 προσκυ-
1908 1805 1952 1860 Β
1979 1849 2143 1899 erunt
2166 1840 2350 1897 omnia
2370 1805 2436 1894 δῖ.
2471 1859 2492 1894 ι

316 1922 483 1994 νήσῃς
516 1921 731 1975 ἐνώπιόν
763 1938 901 1993 μου,
940 1922 1092 1976 ἔσται
1124 1938 1208 1976 σοι
1237 1924 1438 1979 πάντα.
1477 1944 1495 1977 ι

368 2013 577 2067 ΠΑΛΛ.
624 2014 776 2084 Ἔχει
804 2012 906 2083 μὲν
937 2013 1135 2086 ὀρθῶς.
1165 2013 1314 2086 Πλὴν
1339 2016 1585 2088 ἐρομένῳ
1604 2055 1620 2082 ,
1643 2015 1872 2088 φράσον.

305 2105 392 2170 τίς
420 2104 492 2158 ἂν
516 2105 729 2175 γένοιτο
756 2107 871 2169 τοῖς
919 2103 1184 2160 παθοῦσιν
1217 2106 1252 2177 ἢ
1283 2095 1470 2178 ὄνησις
1492 2106 1659 2177 ἤγουν
1691 2109 1727 2179 ἡ
1752 2108 1877 2161 ἑπι-

302 2196 558 2270 κοῦρησις
575 2214 591 2263 ;

362 2290 531 2343 ΚΥΡ.
562 2289 730 2356 Θεὸς,
768 2282 814 2344 ὦ
845 2290 1096 2360 γενναῖε,
1124 2291 1272 2363 καὶὴ
1308 2292 1442 2362 παρ’
1468 2289 1636 2345 αὐτοῦ
1680 2291 1838 2363 χάρις
1859 2331 1876 2356 ,

290 2383 351 2437 οὐ
405 2383 573 2454 μέχρι
618 2383 822 2447 παντὸς
863 2385 1077 2452 ὲφιεῖσα
1116 2383 1209 2437 τὸν
1247 2383 1589 2455 ὴσθενηκότα
1619 2383 1745 2439 νοῦν
1772 2384 1880 2438 ὑπὸ

292 2475 461 2540 πόδας
491 2471 634 2530 εἶναι
658 2475 1001 2540 διαϐολικοὺς
1017 2518 1033 2542 ,
1061 2476 1198 2530 ἀλλὰ
1220 2476 1673 2548 ὕπερασπίζουσά
1696 2493 1758 2530 τε
1781 2476 1880 2530 καὶ

290 2567 677 2639 ἐξαιρουμένη,
707 2567 800 2620 τὸν
824 2567 978 2622 οὐδὲν
1013 2567 1310 2639 ἐπαμύνειν
1351 2567 1531 2638 ἑαυτῷ
1556 2567 1876 2638 δυνάμενον.

294 2659 464 2723 Ἴδοις
490 2659 535 2712 δ’
564 2659 632 2713 ἂν
652 2700 667 2725 ,
710 2662 761 2713 εἰ
804 2659 1013 2731 βούλοιο
1032 2700 1048 2719 .
1082 2659 1233 2713 τουτὶ
1278 2661 1501 2728 γεγονὸς
1526 2662 1621 2714 καὶ
1657 2660 1750 2714 ἐπὶ
1783 2659 1877 2714 τοῦ

287 2752 645 2823 προπάτορος
671 2751 947 2824 Ἀϐραάμ.
982 2751 1369 2823 Ἀπειρηκότος
1393 2752 1505 2823 γὰρ
1522 2751 1617 2806 τοῦ
1644 2752 1879 2818 δικαίου,

284 2845 388 2898 καὶ
413 2845 552 2916 δρᾷν
578 2843 695 2898 οἴου
722 2860 784 2897 τε
814 2842 1094 2908 παντελῶς
1116 2844 1289 2910 οὐδὲν,
1311 2844 1475 2914 μέσος
1498 2843 1692 2915 ὲχώρει
1724 2843 1879 2909 Θεὸς,

280 2936 387 2991 καὶ
418 2937 521 3005 τῆς
552 2934 870 3004 Αἰγυπτίων
896 2934 1185 3004 ἀσελγείας
1209 2935 1272 2989 τὸ
1310 2935 1530 3004 γύναιον
1561 2933 1878 3006 ἠλευθέρου.

284 3048 308 3082 ι
346 3031 568 3083 Ἥτασε
589 3029 702 3099 γάρ
743 3028 950 3100 Κύριος
971 3028 1066 3084 τὸν
1092 3026 1290 3099 Φαραὼ
1333 3029 1589 3098 ὲτασμοῖς
1624 3027 1884 3098 μεγάλοις

278 3121 388 3175 καὶ
433 3122 696 3192 πονηροῖς
713 3160 729 3183 ,
761 3120 857 3173 καὶ
899 3120 992 3173 τὸν
1020 3115 1169 3174 οἷκον
1193 3118 1358 3172 αὐτοῦ
1387 3119 1515 3190 περὶ
1540 3119 1758 3190 Eappa:
1783 3120 1884 3189 τῆς
1911 3159 1956 3219 C

275 3214 560 3284 γυναικὸς
599 3211 873 3283 Ἀϐραάμ.
911 3230 932 3262 ι
968 3210 1149 3281 Ἠφίει
1197 3210 1256 3264 δὲ
1297 3210 1441 3265 οὓτω
1478 3210 1632 3282 μόλις
1670 3209 1882 3284 ὕϐρεως

276 3305 599 3376 ἐλευθέραν
640 3304 741 3375 τὴν
782 3303 862 3374 τῷ
896 3303 1092 3376 δικαίῳ
1138 3303 1576 3375 συνῳκισμένην.
1619 3302 1751 3368 Θεὸς
1789 3299 1886 3357 οὖν

275 3399 404 3471 ἄρα
440 3397 541 3451 καὶ
577 3395 738 3467 μόνος
764 3394 999 3461 ἐξέλοιτο
1025 3394 1092 3449 ἂν
1121 3397 1187 3449 ὲκ
1221 3394 1322 3466 τῆς
1351 3394 1446 3449 τοῦ
1477 3393 1726 3449 διασόλου
1764 3411 1883 3466 χει-

279 3490 385 3563 ρὸς
404 3491 506 3545 τὸν
534 3489 793 3543 ὲναλόντα
818 3488 977 3554 νοῦν,
1006 3489 1105 3545 καὶ
1122 3490 1202 3553 εἰς
1234 3486 1539 3560 εὐκοσμίαν
1564 3488 1729 3542 αὑτὸν
1762 3488 1889 3541 ἀναν

278 3580 529 3655 στρέψει
559 3579 659 3651 τὴν
685 3582 745 3635 ὲν
774 3579 995 3652 ἀρχαῖς.

357 3752 586 3808 ΠΔΛΔ.
639 3751 846 3824 Ἐνδείᾳ
893 3750 961 3822 δὴ
999 3745 1096 3805 οὖν
1138 3753 1208 3824 τῇ
1256 3750 1368 3806 τῶν
1416 3751 1626 3807 ἀνωθεν
1664 3752 1887 3821 ἀγαθῶν

277 3843 710 3915 κατωθοὺμενοι
740 3843 974 3914 κάτιμεν
1000 3842 1114 3897 ἔσθ’
1138 3843 1228 3898 ὅτε
1253 3843 1393 3916 πρὸς
1429 3843 1501 3899 τά
1540 3846 1745 3917 αἰσχρά
1789 3844 1887 3901 καὶ

282 3936 560 4009 βδελυρά-

358 4029 544 4084 ΚΥΡ.
573 4027 731 4082 Οὕτω
755 4029 919 4099 φημί.

356 4121 589 4178 ΠΔΛΔ.
632 4119 775 4174 Ἀλλ’
804 4119 923 4174 ἔστι
960 4136 1065 4173 που
1103 4119 1320 4184 πάντως
1346 4119 1426 4190 τῷ
1449 4119 1734 4191 φιλαγάθῳ
1759 4122 1887 4193 πρέ-

280 4230 397 4268 πον
447 4209 593 4282 Θεῷ,
625 4209 686 4264 τὸ
734 4209 927 4281 μηδενὶ
968 4208 1078 4262 τῶν
1117 4208 1374 4263 τοιούτων
1401 4210 1496 4280 ὲᾷν
1535 4209 1888 4280 περιπίπτειν

564 4391 781 4463 Πρέπον
807 4393 908 4461 μὲν
932 4391 1014 4445 ὃτι
1042 4389 1278 4461 μάλιστα
1293 4391 1443 4444 τουτὶ
1462 4391 1603 4462 Θεῷ,
1620 4392 1716 4445 καὶ
1736 4391 1888 4464 θεληο

1990 1958 2023 1976 ο
2342 1944 2509 1974 ιιι-ν·θῦ

2052 2017 2249 2074 PALL.
2290 2019 2463 2076 Recte
2507 2018 2694 2075 habet.
2733 1998 3021 2075 Cetera-nm.
3042 2018 3152 2083 dic,
3197 2019 3448 2074 obsecro.
3495 2020 3570 2076 lis

1981 2109 2077 2181 qui
2125 2109 2184 2165 in
2230 2110 2350 2165 haec
2396 2109 2538 2164 mala
2590 2108 2925 2174 inciderunt,
2966 2107 3244 2178 quodnam
3278 2108 3566 2173 levamen,

1981 2202 2199 2273 quodve
2225 2202 2492 2256 auxilium
2526 2201 2792 2256 exsistere
2820 2200 3033 2270 possit?

2053 2288 2212 2346 CYR.
2249 2290 2436 2354 Deus,
2476 2288 2727 2352 Palladi,
2770 2296 2829 2342 et
2878 2289 2999 2358 ejus
3039 2290 3248 2360 gratia,
3288 2306 3410 2359 quae
3456 2306 3567 2345 non

1983 2396 2380 2453 usquequaque
2444 2380 2716 2450 permittit
2752 2379 3033 2434 inﬁrmum
3070 2379 3316 2434 animum
3344 2381 3448 2435 sub
3476 2396 3571 2450 pe-

1982 2473 2147 2530 dibus
2169 2488 2291 2527 csse
2318 2471 2545 2536 diaboli,
2582 2471 2678 2526 sed
2706 2471 2943 2542 protegit
2972 2487 3034 2527 ac
3061 2471 3262 2526 liberat
3305 2488 3433 2527 eum
3473 2473 3568 2542 qui

1983 2578 2044 2619 se
2077 2563 2222 2618 tueri
2250 2578 2316 2618 ac
2348 2560 2645 2617 defendere
2680 2562 2832 2616 nullo
2863 2561 3028 2617 modo
3057 2571 3256 2633 potest.
3288 2563 3443 2618 Licet
3474 2578 3572 2617 au-

1984 2664 2095 2710 tem
2125 2654 2334 2719 videre,
2366 2654 2412 2708 si
2447 2652 2609 2719 velis,
2643 2653 2884 2724 idipsum
2934 2653 3208 2709 Abraham
3248 2651 3572 2724 patriarchae

1985 2745 2280 2817 contigisse
2314 2763 2329 2798 :
2365 2760 2491 2799 cum
2533 2744 2685 2801 enim
2728 2744 3076 2815 desperasset
3114 2744 3201 2799 vir
3234 2746 3436 2816 justus,
3469 2759 3570 2799 ne-

1986 2852 2093 2908 que
2124 2837 2310 2893 animo
2340 2836 2551 2906 aliquid
2580 2836 2796 2892 efﬁcere
2838 2845 3044 2907 posset,
3088 2835 3304 2892 medius
3335 2835 3575 2891 interve-

1985 2930 2069 2984 nit
2098 2929 2265 2994 Deus,
2297 2930 2390 2999 qui
2422 2928 2495 2983 ab
2516 2927 2894 3000 Egyptiorum
2926 2927 3348 2997 intemperantia
3377 2926 3571 2980 multe~

1988 3035 2106 3076 rem
2140 3020 2413 3076 liberavit.
2461 3037 2480 3072 ι
2512 3018 2834 3091 Flagellavit
2860 3034 3100 3089 namque
3128 3018 3394 3073 Dominus
3427 3019 3572 3073 Pha-

1987 3128 2213 3168 raonem
2254 3112 2485 3185 ﬂagellis
2524 3111 2739 3183 magnis
2782 3120 2949 3182 atque
2992 3111 3356 3177 terribilibus,
3386 3120 3443 3165 ct
3477 3110 3576 3165 do-

1985 3220 2139 3259 mum
2176 3205 2297 3275 ejus
2344 3212 2568 3275 propter
2619 3203 2839 3259 Sarram
2886 3218 3116 3259 uxorem
3152 3200 3516 3257 Abraham".
3545 3220 3566 3252 ι

1986 3295 2107 3363 Quo
2138 3296 2283 3351 facto
2332 3296 2553 3351 tandem
2586 3295 2723 3366 justi
2761 3294 3005 3350 hominis
3051 3294 3338 3366 conjugem
3372 3292 3466 3347 vix
3502 3291 3573 3347 ab

1977 3383 2190 3461 injuria
2226 3387 2460 3441 liberam
2488 3385 2719 3440 dimisit.
2744 3385 2893 3440 Deus
2917 3384 3105 3456 igitur,
3142 3391 3199 3439 et
3232 3382 3460 3452 quidem
3485 3397 3574 3437 so-

1985 3482 2094 3546 lus,
2134 3488 2357 3551 captum
2398 3478 2643 3533 animum
2688 3493 2757 3533 ex
2803 3476 3009 3532 diaboli
3059 3476 3314 3531 manibus
3358 3475 3573 3544 eripere

1986 3572 2148 3629 facile
2176 3579 2378 3643 potest,
2410 3579 2574 3641 atque
2611 3569 2681 3625 ad
2714 3569 3057 3624 honestatem
3090 3566 3377 3638 pristinam
3417 3580 3577 3620 revo;

1987 3678 2114 3719 care
2122 3704 2135 3717 .
2501 3680 2507 3687 '

2065 3752 2172 3826 14
2216 3752 2414 3808 PALL.
2467 3750 2656 3823 Inopia
2712 3750 2881 3823 igitur
2936 3750 3244 3805 caelestium
3303 3746 3574 3801 bonorum

1988 3843 2205 3915 depulsi
2250 3844 2583 3917 quandoque
2639 3843 2708 3899 ad
2755 3852 2946 3914 turpes
2999 3850 3165 3912 atque
3215 3837 3578 3895 exsecrandas

1989 3936 2234 3992 actiones
2260 3935 2596 3991 delabimur.
3176 3946 3185 3956 ‘

2059 4026 2218 4083 CYR.
2255 4028 2337 4083 Ita
2371 4028 2572 4083 sentio.

2061 4119 2258 4175 PALL.
2320 4118 2578 4173 Attamen
2633 4116 2836 4171 divina:
2890 4114 3216 4187 benignitati
3270 4113 3576 4187 congrueré

1989 4210 2244 4274 videtur,
2279 4223 2390 4263 non
2429 4206 2749 4278 permittere
2796 4214 2861 4261 ut
2899 4205 2958 4260 in
3003 4205 3318 4279 hujusmodi
3360 4204 3575 4277 aliquid

1992 4303 2323 4360 incidamus.

2066 4395 2224 4451 CYR.
2259 4391 2526 4464 Congruit
2553 4399 2611 4447 et
2645 4390 2869 4462 quidem
2906 4390 3141 4446 maxime
3170 4391 3225 4446 id
3252 4391 3384 4455 Deo,
3413 4398 3578 4460 atque

277 4492 379 4544 τᾶν
416 4504 509 4556 γε,
540 4480 588 4539 ὦ
618 4487 718 4539 τᾶν
736 4502 752 4517 ·
780 4486 867 4554 εἴη
892 4482 1003 4555 γὰρ
1029 4483 1095 4537 ἂν
1125 4482 1325 4553 ἥκιστα
1368 4483 1466 4553 μὲν
1494 4481 1729 4552 ἀγαθὸς,
1764 4483 1882 4553 φιλ-

1993 4488 2132 4544 adeo
2174 4486 2314 4551 vult,
2364 4483 2601 4551 Palladi;
2653 4483 2859 4553 alioqui
2908 4483 3132 4537 minime
3184 4482 3364 4537 bonus
3409 4489 3575 4545 esset,

278 4582 499 4654 ἀρετος
533 4578 592 4632 δὲ
624 4579 687 4632 οὐ
722 4577 876 4643 λίαν,
904 4579 953 4631 εἱ
980 4577 1055 4648 μὴ
1082 4576 1272 4631 τοῦτον
1314 4576 1427 4647 ἔχοι
1460 4576 1597 4648 πρὸς
1625 4577 1773 4647 ἡμᾶς
1798 4575 1889 4649 τὸν

280 4671 528 4729 σκοπόν.
583 4668 871 4741 Παραίτιοι
917 4669 976 4722 δὲ
1024 4668 1119 4723 τοῦ
1181 4667 1377 4731 παθεῖν
1423 4670 1636 4732 ἑαυτοῖς
1689 4669 1887 4740 ἡμεῖς,

283 4765 718 4836 παραθήγοντες
762 4762 844 4825 εἰς
885 4760 1058 4832 ὀργὰς
1100 4759 1194 4815 τὸν
1235 4760 1346 4816 τῶν
1390 4760 1528 4815 ὅλων
1575 4760 1853 4831 Δεσπότην
1871 4776 1886 4791 ·

282 4858 481 4927 ἐνίησι
506 4853 620 4925 γὰρ
653 4852 797 4908 οὕτω
828 4853 969 4924 πρὸς
1006 4851 1212 4923 ἀσθενῆ
1237 4868 1298 4905 τε
1336 4852 1429 4905 καὶ
1450 4851 1712 4925 ἄνανδρον
1738 4849 1884 4905 νοῦν.

286 4950 364 5002 Ἦ
400 4944 535 5014 οὐχὶ
571 4934 804 5015 βοῶντος
831 4940 1052 5005 ἀκούεις
1081 4940 1151 4995 δι’
1192 4940 1312 5005 ἑνὸς
1342 4940 1452 4994 τῶν
1473 4940 1646 5010 ἁγίων
1677 4957 1891 5013 προφη-

285 5041 407 5094 τῶν
428 5055 446 5068 ·
484 5057 505 5090 ι
555 5037 690 5092 Ἰδοὺ
726 5034 838 5105 ἐγὼ
876 5035 1068 5106 δίδωμι
1097 5035 1190 5088 ἐπὶ
1236 5036 1326 5089 τὸν
1364 5034 1492 5088 λαὸν
1529 5033 1717 5088 τοῦτον
1735 5033 1896 5089 ἀσθέ-

289 5148 475 5193 νειαν,
507 5128 607 5184 καὶ
643 5127 1039 5198 ἀσθενήσουσιν
1076 5127 1136 5180 ὲν
1158 5127 1306 5198 αὐτῇ
1349 5125 1585 5199 πατέρες
1627 5127 1721 5180 καὶ
1764 5124 1889 5179 υἱοί·

300 5223 501 5290 γείτων
525 5220 627 5274 καὶ
652 5221 684 5273 δ
714 5217 945 5289 πλησίον
969 5217 1136 5272 αὐτοῦ
1156 5216 1521 5284 ἀπολοῦνται;
1549 5237 1569 5269 ι
1601 5218 1807 5290 Γράφει
1836 5219 1895 5273 δὲ

303 5314 435 5384 περί
471 5330 639 5367 τινων
676 5312 773 5366 καὶ
814 5314 845 5366 ὁ
887 5309 1200 5382 σοφώτατος
1232 5310 1464 5375 Παῦλος⁸
1504 5332 1524 5364 ι
1563 5314 1674 5366 Καὶ
1704 5313 1893 5378 καθὼς

302 5408 412 5461 οὐκ
440 5406 775 5477 ὲδοκίμασαν
818 5404 912 5459 τὸν
953 5403 1086 5458 Θεὸν
1111 5403 1257 5475 ἔχειν
1300 5405 1357 5458 ὲν
1387 5402 1717 5472 ἐπιγνώσει,
1747 5422 1889 5475 παρ-

298 5500 507 5555 ἔδωκεν
534 5499 739 5562 αὐτοὺς
765 5498 797 5550 ὁ
833 5496 967 5559 Θεὸς
1006 5496 1089 5560 είς
1113 5494 1372 5564 ἀδόκιμον
1417 5493 1543 5548 νοῦν
1562 5533 1578 5558 ,
1619 5497 1795 5548 ποιεῖν
1823 5492 1893 5547 τὰ

298 5592 385 5663 μὴ
411 5591 747 5663 καθήκοντα.
800 5607 821 5641 ι
857 5586 1213 5661 Τρανώτερον
1254 5587 1311 5642 δὲ
1347 5589 1498 5642 τουτὶ
1520 5590 1614 5642 καὶ
1645 5589 1675 5641 ὁ
1699 5586 1893 5642 θεσπέ-

1996 4596 2098 4637 ucc
2140 4594 2272 4634 sane
2315 4578 2540 4637 virtutis
2579 4592 2791 4643 amans,
2833 4576 2941 4631 nisi
2985 4576 3091 4631 hoc
3127 4591 3258 4647 erga
3295 4589 3398 4630 nos
3432 4582 3580 4629 esset

1994 4671 2200 4727 animo.
2236 4669 2345 4725 Sed
2378 4669 2525 4741 quod
2558 4669 2677 4724 hac
2704 4668 2868 4723 nobis
2897 4668 3173 4733 accidunt,
3202 4676 3391 4723 nostra
3420 4666 3579 4736 culpa

1991 4771 2101 4829 cst,
2133 4762 2229 4832 qui
2256 4760 2503 4816 omnium
2534 4760 2826 4815 Dominum
2860 4758 2929 4815 ad
2963 4759 3101 4815 iram
3137 4773 3577 4825 commovemus;

1993 4871 2105 4925 quo
2146 4854 2311 4917 facto,
2341 4853 2585 4907 animum
2631 4852 2723 4907 ille
2763 4852 2927 4908 nobis
2963 4851 3240 4907 inﬁrmum
3274 4866 3581 4922 parumque

1994 4946 2211 5001 virilem
2248 4944 2517 4998 immittit.
2563 4943 2648 4998 An
2683 4952 2741 4998 tu
2780 4943 3007 4999 minime
3056 4943 3287 5001 exaudis
3328 4944 3449 5015 ejus
3486 4958 3583 4999 vo-

1993 5053 2135 5103 cem,
2178 5052 2306 5092 cum
2352 5050 2454 5106 per
2492 5035 2789 5105 quemdam
2833 5043 3147 5091 sanctorum
3188 5035 3583 5106 prophetarum

1993 5132 2195 5187 clamat
2226 5147 2239 5183 :
2279 5148 2297 5181 ι
2339 5129 2481 5184 Ecce
2509 5144 2611 5200 ego
2646 5128 2719 5184 do
2752 5144 2920 5201 super
2945 5128 3211 5201 pepulum
3248 5128 3400 5185 hunc
3430 5128 3584 5183 inﬁr-

1994 5225 2275 5288 mitatem;
2315 5230 2375 5277 et
2414 5221 2845 5277 inﬁrmabuntur
2879 5222 2939 5277 in
2982 5222 3077 5277 illa
3110 5232 3367 5294 parentes
3399 5231 3458 5278 et
3485 5221 3580 5275 ﬁlii

1993 5315 2180 5380 simul,
2196 5312 2414 5369 vicinus
2433 5320 2490 5368 et
2508 5312 2793 5384 proximus
2810 5313 2932 5385 ejus
2954 5313 3221 5384 peribunt
3237 5312 3282 5346 ”
3295 5312 3320 5366 ’ἔ
3335 5330 3354 5364 υ
3381 5308 3584 5365 Scribit

1996 5400 2162 5457 etiam
2210 5399 2281 5456 de
2326 5400 2655 5472 quibusdam
2693 5401 2782 5456 vir
2834 5400 3273 5471 sapientissimus
3321 5396 3523 5453 Paulus
3564 5412 3579 5449 :

2007 5512 2027 5544 ι
2058 5492 2128 5547 Ει
2150 5492 2296 5548 sicut
2313 5509 2423 5548 non
2446 5494 2823 5563 probaverunt
2840 5493 3014 5548 Deum
3043 5493 3248 5548 habere
3278 5491 3334 5545 in
3363 5488 3580 5553 notitia,

2002 5589 2229 5645 tradidit
2257 5590 2380 5646 illos
2418 5592 2560 5648 Deus
2594 5590 2653 5646 in
2679 5589 2973 5661 reprobum
3013 5603 3257 5653 sensum,
3288 5594 3350 5643 ut
3381 5585 3584 5644 faciant

380 5768 426 5800 "
443 5768 644 5827 (tenes.
675 5769 883 5836 xu,16.
962 5768 1004 5801 ³⁷
1028 5766 1161 5823 Luc.
1190 5783 1260 5833 Iv,
1291 5766 1404 5823 5-7.
1482 5766 1524 5798 "
1549 5766 1685 5823 Gen.
1727 5785 1820 5836 xu,
1851 5770 1932 5824 l7.
2012 5769 2056 5802 ”
2090 5768 2201 5827 .Icr.
2231 5783 2305 5829 γι.
2332 5769 2415 5824 2i.
