4024 6220
466 355 580 416 155

1511 349 1569 405 3.
1610 349 1888 406 CYBILLI
1925 345 2400 406 ALEXANDRINI
2440 348 2757 406 ARCHIEP.

3629 354 3729 410 158

468 487 593 544 qua
639 485 751 526 non
795 467 1126 540 conveniunt
1153 465 1218 518 λθ.
1259 483 1279 517 ι
1323 463 1566 535 Idipsum
1616 464 1789 535 magis
1834 463 2087 534 perspi-,

2191 480 2267 527 ιος
2306 464 2532 528 Ἡσαΐας
2553 464 2863 535 καθίστησι,
2895 463 3085 532 λέγων,
3113 463 3188 528 ὡς
3214 465 3278 518 ὲκ
3301 461 3592 536 προσώπου
3623 465 3730 517 τῶν

473 578 642 619 cuum
668 561 797 616 facit
820 560 1007 623 Isaias,
1031 557 1221 612 dicens
1257 565 1516 625 tanquam
1543 571 1613 610 ex
1643 571 1880 625 persona
1919 554 2059 608 ﬁlio-

475 668 596 707 rum
632 652 828 716 Israel,
877 659 973 704 aut
1006 663 1198 703 eorum
1237 655 1386 702 certe
1419 647 1514 716 qui
1561 647 1617 700 in
1654 655 1879 716 peccata
1919 646 2058 716 lapsi

476 752 709 798 essent:
755 761 772 792 ι
831 741 971 797 Ecce
1039 748 1099 794 tu
1167 739 1339 793 iratus
1400 753 1496 803 es,
1551 745 1609 791 et
1660 752 1762 792 nos
1812 736 2064 807 peccavi-

479 852 601 890 mus
631 837 693 888 ".
725 855 744 886 ι

549 927 746 982 PALL.
808 927 952 982 Num
1008 926 1204 997 igitur,
1255 923 1524 988 obsecro,
1597 921 1828 992 segnitia
1899 929 2064 990 atque

481 1020 683 1074 inertia
719 1018 1054 1073 decedentes
1090 1009 1159 1070 ab
1196 1015 1393 1079 ollicio,
1443 1025 1506 1068 ac
1545 1013 1784 1082 peccatis
1841 1011 2060 1077 irretiti,

479 1110 838 1179 conjiciemus
863 1109 1081 1178 culpam
1121 1108 1178 1160 in
1215 1108 1408 1170 Deum,
1436 1113 1493 1160 et
1524 1107 1644 1175 ejus
1676 1105 1810 1159 iram
1842 1117 2068 1159 accusa-

481 1202 686 1266 bimus,
715 1209 776 1254 ut
806 1183 898 1270 (ιῖιὶ
932 1208 1156 1269 propter
1185 1215 1305 1254 eam
1342 1197 1785 1268 peccaverimus?

551 1293 710 1348 ΟΥΕ.
752 1293 849 1347 Ille
889 1308 1021 1346 vero
1069 1291 1294 1346 minime
1337 1289 1644 1360 culpandus
1678 1306 1708 1344 a
1747 1289 1908 1344 nobis
1944 1295 2066 1356 est;

485 1383 540 1437 id
585 1385 734 1438 enim
790 1393 940 1438 esset
998 1385 1254 1450 insaniae;
1287 1383 1402 1448 sed,
1433 1398 1560 1438 cum
1607 1383 1843 1438 dicimus
1879 1402 1890 1436 :
1933 1401 1951 1434 ι
1983 1381 2069 1437 Tu

487 1475 662 1530 iratus
691 1489 772 1538 es,
802 1485 858 1530 et
891 1491 991 1530 nos
1028 1477 1396 1546 peccavimus,
1433 1495 1450 1527 ι
1489 1477 1595 1530 tale
1627 1477 1834 1545 aliquid
1872 1473 2074 1530 intelli-

487 1565 664 1636 gimus
701 1583 713 1619 :
746 1566 862 1620 Nisi
919 1575 970 1622 te
1030 1568 1327 1637 benignum
1382 1568 1768 1632 habuerimus,
1819 1566 2070 1633 Domine,

488 1657 628 1710 nihil
677 1657 782 1710 erit
820 1658 966 1726 quod
1013 1658 1302 1727 prohibeat
1337 1659 1632 1728 quominus
1673 1675 1704 1712 a
1739 1659 1948 1728 peccati
1987 1667 2073 1728 ty-v

489 1749 720 1803 rannide
773 1750 1167 1818 opprimamur,
1209 1760 1434 1819 propter
1479 1757 1683 1804 nostra;
1729 1759 1943 1805 natura:
1975 1750 2072 1803 in-

490 1839 826 1905 ﬁrmitatem,
856 1850 1019 1911 atque
1052 1841 1125 1895 ita
1156 1818 1393 1911 denique
1420 1843 1679 1897 omnibus
1707 1844 1864 1899 malis
1893 1840 2075 1912 impli-
2103 1818 2147 1873 Β

491 1948 701 1985 CCIIIlII‘.

565 2025 758 2078 PALL.
800 2023 1049 2094 Intelligo
1077 2024 1222 2093 quod
1259 2024 1417 2079 dicis.

559 2113 716 2168 ΟΥΕ.
754 2113 1002 2183 Superna
1045 2114 1230 2183 itaqtte
1277 2128 1410 2166 cura
1457 2128 1521 2168 ac
1567 2113 1913 2183 providentia
1953 2127 2081 2183 spo-

492 2203 631 2267 liati,
670 2218 793 2258 cum
827 2204 894 2258 de
927 2204 1095 2258 nimia
1128 2211 1311 2258 nostra
1345 2204 1545 2258 inertia
1583 2214 1746 2274 atque
1780 2204 1848 2257 ad
1887 2203 2082 2274 nequi-

495 2296 626 2350 tiam
660 2297 927 2366 praecipiti
961 2297 1350 2366 propensione,
1393 2311 1568 2365 poma:
1597 2312 1628 2350 a
1661 2297 1819 2351 nobis
1849 2312 2079 2351 sumun-

495 2398 606 2451 tur,
639 2387 842 2441 inﬁrmi
883 2397 997 2441 tum
1037 2397 1094 2441 et
1137 2397 1298 2456 captu
1343 2387 1550 2450 faciles,
1582 2396 1637 2442 ct
1669 2404 1778 2456 quo
1816 2403 1925 2440 non
1961 2389 2082 2457 ejus

495 2481 716 2550 generis
746 2482 890 2535 malo
916 2479 1168 2534 laborare
1201 2479 1706 2548 deprelnendimur?
1732 2479 1791 2532 In
1825 2485 2080 2548 promptu

495 2583 682 2628 autem
729 2573 825 2626 tibi
862 2582 967 2634 est,
1005 2573 1060 2626 id
1101 2581 1286 2641 aperte
1331 2571 1660 2640 perspicere,
1695 2571 1894 2641 legenti
1932 2571 2086 2625 Jere-

496 2664 620 2718 mine
647 2664 833 2717 verba.
869 2663 1107 2717 ElIerata
1147 2677 1380 2730 namque
1410 2661 1722 2715 Judieorum
1763 2661 2080 2726 multitudo,

495 2751 749 2822 quamvis
774 2751 1067 2805 admodum
1103 2751 1320 2805 abunde
1360 2750 1685 2814 luxuriaret,
1713 2767 1776 2804 ac
1811 2750 2084 2804 diﬂlueret

499 2841 554 2896 in
591 2847 801 2897 sumina
837 2843 932 2898 Dei
977 2843 1326 2908 liberalitate,
1363 2857 1488 2897 cum
1523 2851 1578 2896 et
1615 2843 1869 2897 hostibus
1910 2842 2086 2896 omni-

499 2934 605 2989 bus
637 2935 1034 2999 dominaretur,
1065 2944 1122 2989 et
1155 2935 1224 2989 ad
1259 2949 1533 2989 sunnnum
1570 2934 1807 3004 denique.
1835 2935 2086 2988 humana:

501 3025 688 3095 gloria:
714 3026 975 3080 verticem
1001 3026 1360 3096 pervenisset,
1392 3026 1491 3095 15
1514 3027 1861 3081 clarissimam
1907 3033 2085 3080 tamen

505 3124 668 3186 atque
700 3117 1195 3186 pervicacissimam
1226 3117 1511 3186 perﬁdiam
1543 3126 1627 3170 est
1655 3115 1934 3170 meditata.
1974 3116 2085 3169 Ita-

504 3223 612 3277 que
643 3223 768 3262 cum
801 3208 970 3279 Moysi
1001 3209 1275 3262 mandatis
1316 3217 1524 3263 tantum
1547 3224 1655 3262 non
1677 3209 2083 3273 valedixissent,

503 3314 570 3354 ac
591 3304 830 3355 sancitas
851 3301 998 3371 leges
1025 3315 1251 3370 prorsus
1267 3315 1369 3370 pro
1392 3299 1621 3354 minimo
1643 3301 1930 3361 haberent,
1945 3314 2087 3371 prte-

505 3391 658 3460 cipiti
721 3391 930 3461 impetu
991 3392 1048 3446 in
1101 3400 1335 3446 mortem
1380 3401 1545 3461 atque
1590 3393 1890 3462 perniciem
1940 3392 2088 3446 fere-

507 3483 731 3539 bantur.
760 3482 874 3537 Sub
903 3499 1143 3553 quercus
1170 3499 1428 3552 namque,
1467 3491 1525 3538 et
1564 3483 1771 3552 populi,
1797 3492 1852 3536 et
1877 3483 2091 3537 arboris

506 3567 814 3623 frondentis
857 3570 1072 3633 umbra,
1115 3572 1268 3638 juxta
1319 3571 1601 3639 prephetae
1647 3585 1838 3624 vocem
1874 3573 1940 3635 δ’,
1968 3587 2092 3626 aras

509 3663 905 3719 exstruxerant,
941 3658 1071 3710 etin
1104 3657 1423 3711 nemoribus
1460 3658 1717 3712 arborum
1742 3661 2092 3717 multitudine

512 3747 760 3811 consitis,
802 3748 944 3802 fanis
971 3750 1036 3802 ad
1069 3749 1334 3803 dte-monia
1363 3751 1590 3806 colenda
1617 3752 1950 3817 constitutis,
2003 3753 2094 3808 illa

514 3835 680 3890 boum
710 3837 951 3891 victimis
982 3847 1039 3893 et
1073 3839 1252 3904 thure,
1283 3849 1336 3893 et
1373 3841 1482 3895 alio
1511 3841 1658 3895 omni
1688 3842 1838 3896 cultu
1870 3859 2096 3898 venera—

515 3927 734 3991 bantur,
784 3927 916 3982 deos
973 3939 1030 3984 et
1083 3939 1527 3996 conservatores,
1565 3942 1622 3987 et
1670 3935 1927 3990 omnibus
1978 3937 2097 4007 ejus

515 4021 734 4090 generis
779 4021 1095 4076 nominibus
1141 4039 1306 4092 opera
1349 4039 1448 4079 sua
1495 4025 1770 4094 appellare
1818 4044 1923 4082 non
1965 4043 2096 4083 eru-

517 4112 822 4180 bexentes.
867 4111 1009 4178 Quin
1050 4114 1216 4168 etiam
1268 4115 1326 4170 in
1367 4131 1486 4170 eam
1514 4117 1798 4172 stultitiam
1830 4135 2098 4189 pervene-

518 4210 648 4256 runt
698 4203 1013 4272 aliquando,
1050 4214 1109 4259 ut
1139 4208 1248 4277 jam
1299 4207 1496 4276 impias
1529 4209 1916 4265 illas‘suorum
1965 4213 2102 4268 libe-

520 4308 708 4346 rorum
756 4295 932 4348 caedes
977 4296 1082 4350 sibi
1127 4299 1313 4368 gloriae
1359 4315 1479 4356 esse
1526 4309 1802 4370 putarent,
1840 4312 2100 4372 tantoque

519 4383 726 4439 scelere
769 4385 1006 4454 opimam
1045 4403 1102 4443 se
1133 4389 1242 4444 illis
1272 4391 1550 4445 victimam
1585 4392 1782 4447 oﬂ‘erre
1818 4395 2099 4449 existima-

2161 556 2292 610 υἱῶν
2332 556 2568 628 Ἰσραὴλ,
2593 557 2756 626 ἤγουν
2779 556 2888 610 τῶν
2910 555 3288 628 ὠλισθηκὸτων
3317 556 3398 619 είς
3427 555 3728 627 ἁμαρτίαςο

2167 668 2186 702 ι
2240 649 2370 702 Ἰδοὺ
2409 650 2472 703 σὺ
2504 648 2803 720 ὠργίσθης,
2837 649 2931 702 καὶ
2965 651 3124 720 ἡμεῖς
3153 649 3491 721 ἡμάρτομεν.
3524 667 3546 696 ι

2233 910 2440 964 ΠΛΛΛ.
2489 904 2614 977 Ἆρ’
2658 904 2788 972 οὖν,
2840 909 2962 962 εἰπέ
3015 925 3138 979 μοι,
3183 905 3736 979 καταρῤᾳθυμοῦντες

2161 1004 2326 1072 ἡμεῖς
2350 1000 2442 1054 τοῦ
2466 1001 2767 1072 πρέποντος
2796 1002 2891 1055 καὶ
2908 1004 3024 1065 ταῖς
3047 1002 3340 1072 ἁμαρτίαις
3366 1000 3736 1071 ἁλισκόμενοι,

2165 1093 2537 1164 προσρίψομεν
2576 1093 2674 1164 τὴν
2712 1094 2891 1146 αἰτίαν
2925 1093 3002 1164 τῷ
3049 1092 3195 1164 Θεῷ,
3238 1096 3332 1147 καὶ
3372 1093 3740 1164 ὲγκαλέσομεν

2165 1185 2314 1254 αὐτῷ
2339 1185 2438 1254 τὴν
2459 1183 2662 1254 ὀργὴν,
2686 1184 2761 1247 ὡς
2788 1185 2876 1238 διά
2901 1185 3060 1237 τοῦτο
3085 1185 3500 1256 ἡμαρτηκότες;

2238 1275 2402 1328 ΚΥΡ.
2446 1273 2901 1344 Ἐπαιτιασόμεθα
2939 1275 3038 1344 μὲν
3077 1275 3217 1344 οὐχὶ,
3249 1274 3411 1345 μανία
3451 1273 3559 1344 γὰρ
3582 1273 3745 1328 τοῦτό

2168 1382 2253 1435 γε·
2273 1365 2571 1434 φάσκοντες
2590 1365 2669 1430 δὲ,
2690 1365 2771 1417 ὄτι
2794 1384 2813 1417 ι
2842 1365 2912 1419 Σὺ
2937 1365 3235 1437 ὠργίσθης,
3261 1367 3353 1418 καὶ
3377 1367 3536 1436 ἡμεῖς
3565 1366 3745 1436 ἡμάρ-

2169 1473 2362 1526 τομεν,
2395 1475 2414 1508 ι
2441 1455 2681 1509 τοιοῦτόν
2700 1473 2755 1509 τι
2787 1455 3016 1526 νοοῦμεν
3035 1472 3049 1486 ο
3096 1456 3182 1519 Ὠς
3211 1457 3258 1509 εί
3296 1457 3370 1528 μὴ
3395 1459 3454 1510 τὺ
3485 1458 3576 1510 σὸν
3610 1457 3747 1528 ἔχοι-

2174 1559 2273 1612 μεν
2308 1542 2553 1612 εὐμενὲς,
2585 1536 2630 1595 ὦ
2663 1543 2926 1607 Δέσποτα,
2957 1545 3018 1597 τὸ
3047 1545 3308 1615 ἀπεῖργον
3341 1545 3524 1609 οὐδὲν,
3545 1565 3749 1618 τυραν-

2171 1633 2382 1687 νεῖσθαι
2415 1635 2513 1704 μὲν
2540 1634 2645 1688 ὑπὸ
2668 1636 2964 1707 ἁμαρτίας,
2991 1636 3080 1690 διὰ
3118 1637 3178 1690 τὸ
3201 1637 3300 1708 τῆς
3328 1639 3605 1709 ἡμετέρας
3645 1639 3750 1709 φύ-

2175 1743 2312 1792 σεως
2343 1729 2593 1795 ἀσθενὲς,
2627 1730 2788 1783 παντὶ
2819 1727 2878 1784 δὲ
2913 1729 3096 1784 λοιπὸν
3125 1731 3402 1802 ἐνέχεσθαι
3430 1731 3601 1800 κακῷ.

2247 2015 2456 2070 ΠΑΛΛ.
2488 2015 2717 2086 Συνίημι
2747 2015 2775 2068 ὃ
2811 2016 2936 2088 φῄς.

2249 2108 2414 2161 ΚΥΡ.
2439 2107 2721 2178 Φροντίδος
2746 2106 2838 2162 οὖν
2869 2109 2985 2179 ἃμα
3014 2110 3107 2163 καὶ
3139 2111 3247 2182 μὴν
3288 2113 3380 2165 καὶ
3411 2112 3620 2181 φειδοῦς
3651 2119 3752 2186 τῆς

2178 2198 2384 2253 ἄνωθεν
2406 2199 2748 2268 ἀπαμφιεννύ
2758 2217 2927 2269 μενοι,
2950 2202 3044 2254 καὶ
3067 2203 3162 2273 τῆς
3188 2206 3267 2266 είς
3292 2203 3430 2273 ἄγαν
3452 2205 3750 2277 ὲξιτηλίας,

2179 2288 2403 2342 καὶτῶν
2449 2291 2528 2351 είς
2554 2290 2614 2342 τὸ
2653 2289 2852 2357 φαῦλον
2883 2291 3123 2361 ἀσχέτων
3155 2293 3548 2366 ἀπονευμάτων
3579 2316 3754 2372 πρατ-

2178 2380 2399 2449 τόμενοι
2431 2380 2585 2444 δίκας
2609 2422 2622 2443 ,
2652 2381 2900 2446 ἀσθενεῖς
2944 2385 3037 2437 καὶ
3067 2385 3356 2452 εὐάλωτοι,
3405 2391 3500 2442 καὶ
3539 2391 3591 2443 τί
3642 2393 3751 2462 γὰρ

2179 2473 2301 2542 οὐχὶ
2349 2471 2456 2525 τῶν
2507 2473 2762 2526 τοιούτων
2817 2476 3235 2547 ἡρρωστηκὸτες
3283 2479 3750 2552 ἀποδεικνύμεθας

2182 2563 2340 2634 Πάρα
2370 2563 2426 2616 δὲ
2457 2564 2518 2632 δή
2553 2580 2634 2617 σοι
2667 2566 2823 2618 ταυτὶ
2865 2567 3302 2622 καταθεάσασθαι
3331 2571 3616 2642 λαμπρῶς,
3639 2577 3754 2636 τοῖς

2194 2653 2458 2724 Ἱερεμίου
2505 2656 2846 2725 περιτυχόντι
2887 2657 3083 2725 λόγοις.
3143 2660 3408 2715 Ἰουδαίων
3455 2665 3551 2732 μὲν
3581 2665 3689 2736 γὰρ
3719 2668 3753 2736 ἡ

2183 2744 2351 2814 ἀγρία
2381 2743 2626 2813 πληθὺς,
2675 2745 2769 2798 καί
2815 2761 2895 2798 τοι
2931 2746 3133 2820 σφόδρα
3183 2749 3448 2815 πλουσίως
3478 2755 3749 2806 ὲνσπαταο

2184 2835 2334 2888 λῶσά
2375 2852 2435 2888 τε
2475 2836 2566 2888 καὶ
2600 2837 2996 2910 ὲνενρυνομένη
3030 2843 3149 2904 ταῖς
3188 2842 3336 2913 παρᾶ
3374 2842 3509 2895 Θεοῦ
3552 2845 3760 2914 φιλοτιο

2189 2928 2368 3000 μίαις,
2429 2927 2522 2981 καὶ
2577 2930 2830 2983 ἁπάντων
2899 2932 3219 3003 κρατήσασά
3283 2951 3343 2987 τε
3403 2935 3587 2989 λοιπὸν
3643 2936 3758 2989 τῶν

2187 3018 2417 3090 ἐχθρῶν,
2452 3018 2743 3074 διελάσασά
2781 3037 2839 3074 τε
2873 3021 3059 3074 λοιπδν
3087 3024 3165 3086 είς
3196 3024 3325 3077 αὐτό
3353 3041 3454 3078 που
3480 3025 3619 3096 τάχα
3655 3028 3760 3096 τῆς

2189 3111 2246 3162 ὲν
2278 3109 2585 3182 ἀνθρώποις
2618 3111 2868 3175 εὐκλείας
2893 3113 2953 3165 τὸ
2979 3115 3236 3168 ἀνωτάτω
3257 3157 3270 3179 ,
3310 3115 3550 3186 σκληρὰν
3569 3133 3628 3168 τε
3664 3117 3762 3169 καὶ

2189 3200 2491 3272 ἄθραυστον
2519 3203 2748 3272 ἐμελέτα
2779 3205 2878 3275 τὴν
2909 3206 3210 3279 ἀπείθειαν.
3259 3208 3552 3279 Μονονουχὶ
3581 3208 3636 3260 δὲ
3667 3210 3763 3262 καὶ

2190 3293 2462 3366 ἐρρῶσθαι
2491 3295 2796 3366 φράταντες
2824 3300 2943 3360 ταῖς
2976 3277 3340 3362 διᾶίΜωσέως
3371 3277 3630 3364 ἐντολαῖς,
3665 3301 3765 3355 καὶΙ
3847 3363 3862 3373 _

2195 3385 2391 3456 μικροῦ
2422 3387 2698 3450 παντελῶς
2741 3388 3018 3452 ἀξιοῦντες
3045 3389 3204 3459 λόγου
3236 3391 3304 3444 τὰ
3336 3391 3757 3463 τεθεσπισμὲνα.

2192 3476 2654 3546 ἀπαραποδίστοις
2704 3474 2960 3548 ἐφέροντο
3017 3482 3209 3549 ῥοπαῖς
3251 3483 3329 3543 είς
3389 3481 3609 3553 ὄλεθρον
3668 3483 3767 3535 καὶ

2193 3567 2483 3621 ἀπώλειαν.
2535 3569 2821 3622 Ύποκάτω
2863 3572 2971 3641 γὰρ
3019 3572 3215 3642 δρυὸς.
3260 3573 3353 3626 καὶ
3385 3571 3622 3643 λεύκης,
3673 3575 3768 3627 καὶ¹

2193 3657 2409 3730 δένδρου
2439 3658 2819 3724 συσκιάζοντος
2844 3660 2985 3714 κατά
3009 3662 3106 3733 τὴν
3135 3661 3227 3714 τοῦ
3253 3664 3530 3734 προφήτου
3558 3664 3764 3733 φωνὴν,

2198 3749 2418 3820 βωμοὺς
2449 3752 2814 3822 ἀνεδείμαντο,
2845 3754 2939 3808 καὶ
2969 3756 3026 3807 ὲν
3058 3757 3170 3818 τοῖς
3205 3754 3633 3826 εὐδενδροτάτοις
3659 3756 3768 3808 τῶν

2197 3840 2396 3903 ἀλσῶν,
2427 3841 2627 3912 τεμένη
2656 3845 2766 3907 τοῖς
2795 3843 3011 3914 δαίμοσι
3041 3842 3429 3916 διαπήξαντες,
3460 3844 3772 3915 βουθυσίαις

2200 3932 2292 3984 καὶ
2313 3931 2650 3998 λιϐανωτοῖς,
2673 3934 2768 3986 καὶ
2792 3937 2903 3996 τοῖς
2928 3935 3104 3999 ἄλλοις
3132 3937 3320 3997 ἆπασι,
3349 3936 3774 4007 καταγεραίρειν

2199 4023 2417 4090 ἠξίουν,
2453 4023 2620 4087 Θεοὺς
2655 4023 2748 4076 καὶ
2802 4026 3083 4094 σωτῆρας,
3130 4025 3223 4077 καὶ
3258 4027 3311 4077 τί
3356 4025 3463 4096 γὰρ
3495 4025 3614 4094 οὐχὶ
3659 4025 3772 4077 τῶν

2199 4114 2456 4170 τοιούτων
2492 4116 2590 4167 οὐκ
2622 4114 2980 4184 ὲρυθριῶντες
3023 4116 3231 4184 λέγειν,
3271 4117 3339 4170 τὰ
3379 4116 3464 4169 διὰ
3515 4115 3664 4184 σφῶν
3694 4133 3778 4168 τε-

2201 4207 2642 4274 χνουργούμενα;
2666 4204 2968 4258 Καθίκοντο
2992 4206 3049 4258 δὲ
3083 4207 3292 4279 μωρίας
3326 4208 3406 4270 είς
3432 4207 3588 4259 τοῦτό
3617 4223 3774 4264 ποτε.

2201 4295 2277 4357 ὼς
2310 4297 2366 4347 ὲν
2406 4296 2774 4365 καυχημάτων
2812 4296 2961 4360 τάξει
3010 4297 3192 4350 λοιπὸν
3238 4298 3504 4350 ποιεῖσθαι
3546 4298 3644 4361 τὰς
3682 4298 3778 4350 ἀν-

2201 4385 2378 4449 οσίους
2411 4375 2834 4456 τεκνοσφαγίας,
2883 4387 3087 4441 οίεσθαι
3136 4389 3191 4441 δὲ
3243 4389 3339 4442 ὡδὶ
3389 4388 3780 4461 λιπαρωτάτην

519 4481 662 4527 rent.
699 4474 887 4545 Neque
919 4493 1052 4532 vero
1083 4479 1227 4532 intra
1266 4480 1366 4534 hos
1404 4480 1541 4536 ﬁnes
1579 4482 1831 4553 impietas
1865 4485 2087 4540 ﬁliorurr.

2202 4479 2462 4534 ἀνάπτειν
2509 4479 2608 4550 τὴν
2647 4480 2836 4533 θυσίαν
2866 4481 3068 4544 αὐτοῖς.
3104 4481 3211 4534 Καὶ
3257 4481 3317 4533 οὐ
3355 4481 3517 4551 μέχρι
3568 4480 3780 4533 τούτων

519 4564 685 4620 Israel
728 4568 908 4632 stetit;
951 4568 1046 4622 sed
1091 4568 1294 4639 ﬂagitia
1331 4569 1551 4641 ﬂagitiis
1589 4576 2016 4641 accumulantes,
2049 4589 2106 4634 et

520 4655 578 4708 in
619 4656 1016 4712 absurdissima
1056 4672 1288 4730 quaeque
1335 4663 1646 4733 praecipites
1681 4665 1795 4731 lati,
1825 4667 2102 4738 legislato-

523 4745 600 4798 ris
644 4747 998 4814 quantumvis
1043 4747 1265 4822 benigni
1311 4753 1451 4807 iram
1499 4756 1556 4808 in
1608 4771 1666 4810 se
1711 4767 2099 4826 provocarunt.

524 4837 686 4907 Ergo,
724 4839 984 4908 quoniam
1044 4841 1166 4911 ejus
1220 4845 1538 4900 servitutem
1597 4847 1960 4904 audacissime
2025 4851 2102 4906 illi

525 4929 870 4998 repulerant,
921 4933 1172 5002 permisit
1216 4935 1264 4990 is
1303 4945 1364 4991 ut
1407 4938 1476 4991 ab
1527 4937 1779 4994 hostibus
1824 4941 2099 5011 opprime-

524 5027 738 5084 rentur,
779 5030 836 5076 et
877 5022 946 5076 ad
992 5025 1357 5080 necessariam
1407 5027 1815 5084 abducerentur
1861 5031 2098 5085 servitu-

525 5115 658 5174 tem,
688 5126 794 5179 qua
831 5113 933 5167 sub
983 5114 1191 5170 ditione
1237 5116 1614 5173 Chaldaeorum
1649 5120 2100 5191 Babyloniorum-

525 5218 634 5274 que
678 5203 919 5260 fuerunt.
951 5206 1054 5272 Qui
1105 5225 1252 5274 cum,
1303 5211 1510 5266 relictis
1557 5228 1679 5282 quae
1727 5212 1874 5266 domi
1921 5224 2098 5280 erant,

527 5296 824 5361 venissent,
858 5307 919 5351 ut
951 5299 1072 5355 illos
1098 5302 1344 5371 captivos
1377 5303 1660 5367 ducerent,
1695 5319 1758 5358 ac
1779 5307 2104 5360 sanctamil-

529 5389 636 5444 lam
662 5390 1163 5463 nobilissimamque
1203 5394 1396 5448 urbem
1425 5395 1797 5460 incenderent,
1825 5405 1939 5450 tum
1972 5412 2102 5453 vero

531 5478 601 5532 iis
641 5483 733 5551 qui
772 5483 1228 5554 oppugnabantur
1272 5485 1360 5540 vix
1399 5487 1616 5542 tandem
1669 5487 1853 5541 animo
1902 5487 2104 5544 insedit

533 5577 594 5623 ut
613 5571 902 5630 Jeremiam
921 5577 1242 5646 preplietam
1275 5579 1627 5634 consulerent
1651 5578 1777 5649 quis
1807 5578 1931 5634 linis
1959 5580 2104 5635 illius

605 5762 652 5796 “
681 5765 838 5823 Rom.
871 5783 908 5832 ι,
936 5769 1026 5824 28.
1106 5773 1146 5804 “
1187 5774 1311 5828 lsai.
1355 5791 1495 5840 εχιτ,
1529 5775 1578 5830 5.
1663 5777 1702 5806 δ’
1727 5774 1865 5831 Osee
1896 5791 1966 5840 Iv,
2013 5773 2096 5827 15.

2201 4568 2271 4620 τὰ
2307 4568 2408 4639 τῆς
2423 4569 2742 4634 δυσσεϐείας
2770 4570 3066 4641 ἐπράττετο
3095 4575 3205 4634 τοῖς
3227 4571 3284 4638 ἐξ
3322 4571 3556 4642 Ἰσραήλ.
3596 4573 3780 4641 Προα-

2203 4661 2376 4732 οήκην
2425 4661 2480 4715 δὲ
2534 4661 2721 4733 ὥσπερ
2757 4662 2880 4716 τινὰ
2929 4665 3042 4726 τοῖς
3091 4663 3434 4734 τολμήμασιν
3479 4664 3565 4716 ἀεὶ
3609 4681 3784 4735 προσο

2201 4754 2531 4821 επάγοντες,
2564 4753 2662 4825 τὴν
2700 4757 2777 4818 είς
2820 4756 2928 4809 πᾶν
2969 4755 3147 4808 ὁτιοῦν
3195 4755 3304 4807 τῶν
3345 4754 3590 4808 ἐκτόπων
3635 4755 3784 4825 ἀχά-

2205 4859 2350 4898 Αινον
2382 4846 2760 4916 ἀποφοίτησιν,
2796 4847 2856 4899 οὐ
2890 4847 3124 4917 μετρίως
3170 4846 3255 4914 ἐφ’
3286 4847 3495 4909 ἑαυτοῖς
3540 4847 3786 4915 κατηρὲο

2205 4936 2352 5002 θιζον
2401 4939 2482 5002 εἰς
2527 4938 2690 5009 ὀργὰς
2715 4979 2727 5002 ,
2768 4941 2944 4993 καίτοι
2987 4939 3220 5010 χρηστὸν
3278 4938 3406 4992 ὄντα
3432 4938 3523 4991 τὸν
3548 4936 3784 5008 νομοθέ-

2205 5046 2324 5100 την.
2371 5030 2585 5100 Ἐπειδὴ
2621 5031 2678 5082 δὲ
2715 5031 2814 5101 τὴν
2853 5033 2940 5084 ἐπ’
2984 5029 3132 5101 αὐτῷ
3175 5030 3419 5084 δουλείαν
3461 5015 3784 5084 ἀπεσείοντο

2207 5121 2468 5184 νεανικῶς
2487 5164 2501 5188 ,
2529 5121 2700 5192 μεθίει
2733 5122 2918 5175 λοιπὸν
2940 5122 3036 5176 καὶ¹
3061 5121 3495 5175 πλεονεκτεῖσθαι
3525 5121 3614 5173 καὶ
3644 5121 3781 5190 παρ’

2208 5211 2438 5282 ἐχθρῶν,
2467 5214 2559 5265 καὶ
2592 5211 2726 5281 πρὸς
2768 5211 3073 5280 ἀναγκαίαν
3101 5211 3200 5282 ἥδη
3247 5227 3366 5273 πως
3403 5207 3782 5280 ἀποφέρεσθαι

2209 5303 2448 5374 θητείαν,
2479 5303 2578 5374 τὴν
2617 5305 2722 5358 ὑπὸ
2751 5305 3040 5368 Χαλδαίοις
3073 5305 3216 5374 φημὶ
3258 5303 3351 5356 καὶ
3393 5300 3783 5364 Βαϐυλωνίοις.

2208 5395 2270 5448 Οἱ
2307 5394 2404 5464 μὲν
2435 5395 2562 5464 γὰρ,
2588 5391 2721 5466 ἧκον
2759 5396 2829 5448 τὰ
2855 5397 2990 5450 οἶκοι
3032 5395 3284 5467 μεθέντες
3327 5391 3788 5464 ἐξανδραποδισά-

2213 5482 2364 5550 μενοί
2391 5498 2450 5534 τε
2483 5483 2700 5548 αὐτοὺς,
2731 5485 2824 5537 καὶ
2865 5486 2964 5557 τὴν
2989 5485 3154 5553 ἁγίαν
3178 5486 3271 5538 καὶ
3303 5479 3587 5555 διαϐόητον
3626 5482 3788 5535 πόλιν

2209 5575 2610 5647 ἐμπρήσαντες,
2644 5575 2859 5646 ἔρεσθαι
2891 5576 2946 5629 δὲ
2980 5576 3132 5648 μόλις
3159 5575 3331 5631 ἐδόκει
3363 5577 3477 5638 τοῖς
3513 5574 3787 5646 πολεμου-
