4024 6220
339 289 450 346 ιδτ

1087 289 1175 347 DE
1214 293 1658 351 ADORATIONE
1698 297 1765 353 IN
1800 297 2072 358 SPIBITU
2117 304 2204 360 ΕΤ
2246 307 2613 365 ἚἙΒΠΑΤΕ.
2655 311 2783 366 LIB.
2825 314 2866 368 1.

3492 323 3609 379 τίεις

336 401 531 472 μένοις
551 396 641 452 τὸν
668 400 957 472 προφήτην
992 399 1280 474 Ἱερεμίαν,
1307 403 1367 458 τὸ
1384 406 1618 477 ὅποιπερ
1646 408 1714 462 ἂν
1738 382 1905 475 αὐτοῖς

2022 414 2149 469 mali
2175 426 2321 473 esset
2339 417 2557 476 futurus
2588 441 2601 475 :
2633 442 2654 473 ι
2681 424 2749 479 Et
2776 424 2934 490 dixit,
2962 444 2980 478 ι
3021 427 3217 498 inquit,
3260 451 3276 482 ι
3304 431 3603 489 Jeremtas.

336 490 750 560 εκτελευτήσειε
780 490 840 543 τὸ
868 490 1054 546 κακόν.
1081 511 1099 544 ι
1125 490 1235 547 Καὶ
1267 491 1456 567 εἷπεέ»
1480 498 1668 568 φησιν,
1703 517 1722 549 ι
1757 501 1919 571 Ἱερε-

334 583 497 653 μίας·
522 581 710 646 Οὕτως
736 583 911 654 ἐρεῖτε
967 583 1104 656 πρὸς
1143 585 1392 639 Σεδεκίαν
1413 604 1427 617 ·
1455 588 1593 642 Τάδε
1625 588 1771 658 λέγει
1807 591 1920 644 Κῦ-

332 690 481 745 ριοςο
532 672 664 727 Ἰδοὺ
718 672 832 741 ἐγὼ
882 674 1240 744 μεταστρέφω
1264 675 1332 730 τὰ
1360 677 1501 732 ὅπλα
1525 678 1595 731 τὰ
1626 679 1916 751 πολεμικὰ,

332 767 401 818 ἑν
428 761 512 829 οἷς
533 765 694 836 ὑμεῖς
719 764 1007 837 πολεμεῖτε
1032 767 1090 821 ἐν
1111 767 1294 833 αὐτοῖς
1314 769 1450 841 πρὸς
1473 770 1596 834 τοὺς
1620 772 1918 838 Χαλδαίους

333 857 471 920 τοὺς
511 857 968 926 συγκεκλεικότας
1013 858 1157 930 ὑμᾶς
1197 859 1302 925 ἔξω
1341 861 1437 915 τοῦ
1469 862 1714 934 τείχους,
1748 866 1830 929 εἰς
1856 866 1918 920 τὸ

337 947 510 1019 μέσον
538 949 637 1019 τῆς
667 948 876 1011 πόλεως
907 944 1133 1021 ταύτης.
1170 952 1279 1006 Καὶ
1311 952 1607 1025 πολεμήσω
1636 955 1781 1026 ὑμᾶς
1806 954 1917 1025 ἐγὼ

334 1042 401 1093 ὲν
423 1041 567 1111 χειρὶ
606 1040 966 1112 ἐκτεταμένη.
999 1042 1093 1094 καὶ
1115 1043 1174 1094 ἐν
1201 1041 1447 1114 βραχίονι
1474 1048 1752 1118 κραταιῷ,
1777 1047 1916 1119 μετὰ

337 1132 517 1203 θυμοῦ
550 1134 648 1187 καὶ
674 1133 847 1205 ὀργῆς
878 1133 1141 1204 μεγάλης.
1181 1137 1288 1189 Καὶ
1308 1135 1533 1203 πατάξω
1554 1137 1763 1203 πάντας
1788 1140 1918 1203 τοὺς

332 1224 734 1288 κατοικοῦντας
757 1226 813 1276 ἐν
834 1226 900 1295 τῇ
930 1223 1082 1278 πόλει
1102 1225 1301 1298 ταύτῃ,
1315 1227 1448 1292 τοὺς
1477 1228 1796 1298 ἀνθρώπους
1818 1229 1913 1283 καὶ

332 1314 401 1368 τὰ
430 1316 606 1385 κτήνη
640 1315 701 1368 ἐν
740 1313 958 1386 θανάτῳ
982 1315 1246 1387 μεγάλῳ,
1289 1319 1384 1372 καὶ
1421 1319 1836 1375 ἀποθανοῦνται.
1886 1341 1905 1373 ι

334 1398 469 1459 Εἶτα
521 1405 644 1475 μεθ’
689 1406 875 1477 ἓτεραο
910 1424 934 1457 ‹
984 1406 1094 1461 Καὶ
1122 1408 1259 1479 πρὸς
1305 1409 1397 1465 τὸν
1433 1409 1597 1477 λαὸν,
1639 1431 1660 1465 ι
1715 1413 1908 1483 φησὶν,

344 1516 363 1547 ι
395 1499 543 1569 ὲρεῐς
575 1496 791 1560 τοῦτον,
819 1497 957 1551 Τάδε
985 1496 1134 1567 λέγει
1153 1498 1379 1570 Κύριος·
1417 1503 1547 1557 Ἰδοὺ
1576 1502 1688 1573 ἐγὼ
1707 1504 1912 1558 δέδωκα

341 1590 443 1658 πρὸ
480 1588 778 1660 προσώπου
818 1590 973 1659 ὑμῶν
1015 1591 1119 1661 τήν
1149 1591 1268 1647 ὁδὸν
1311 1593 1413 1664 τῆς
1448 1592 1625 1665 ζωῆς,
1672 1596 1768 1649 καὶ
1811 1594 1910 1668 τὴν

345 1679 458 1733 ὁδὸν
497 1679 589 1734 τοῦ
618 1680 868 1735 Θανάτου.
909 1679 970 1734 '0
1010 1681 1320 1753 καθήμενος
1343 1684 1402 1738 ὲν
1425 1687 1492 1756 τῇ
1537 1685 1692 1739 πόλει
1715 1685 1906 1759 ταύτῃ,

2022 504 2113 562 Sic
2146 507 2344 564 dicetis
2390 511 2638 569 S‘edecia:
2674 532 2687 567 :
2744 516 2868 571 Haec
2921 517 3059 573 dicit
3109 520 3422 579 Dominus:
3463 527 3605 581 Ecce

2018 611 2121 668 ego
2150 611 2410 657 converto
2446 619 2597 659 arma
2640 604 2837 661 bellica
2889 606 2945 661 in
2987 608 3189 678 quibus
3219 627 3319 668 vos
3351 626 3607 685 pugnatts

2017 688 2281 745 adversus
2307 690 2610 759 Chaldaeos,
2641 697 2735 765 qui
2757 696 3148 762 concluserunt
3180 714 3278 756 vos
3295 712 3447 758 extra
3478 721 3602 761 ωας-

2017 795 2163 845 rum,
2199 782 2257 837 in
2294 784 2535 841 medium
2580 786 2820 844 civitatis
2864 790 3050 862 hujus,
3084 800 3141 847 et
3184 792 3472 851 debellabo
3502 813 3604 868 ego

2015 887 2114 928 vos
2143 873 2199 928 in
2227 891 2393 930 manu
2426 886 2669 943 extenta,
2699 889 2757 936 et
2796 881 2853 936 in
2895 883 3122 938 brachio
3157 884 3309 950 forti,
3343 901 3469 942 cum
3511 889 3600 943 fu-

2015 979 2139 1019 rore
2169 974 2224 1021 et
2255 966 2335 1021 ira
2364 983 2593 1039 magna;
2624 979 2681 1025 et
2723 973 3027 1040 percutiam
3069 960 3261 1029 omnes
3288 976 3602 1033 habitantes

2013 1054 2070 1110 in
2103 1057 2323 1113 civitate
2353 1059 2487 1126 hac,
2533 1061 2787 1120 homines
2828 1071 2885 1119 et
2914 1065 3162 1135 iumenta
3191 1066 3249 1122 in
3282 1077 3457 1123 morte
3480 1084 3598 1123 ma-

2012 1161 2137 1216 gna,
2165 1155 2221 1201 et
2249 1150 2553 1205 morientur
2578 1151 2645 1206 ".
2680 1171 2698 1204 ι
2734 1154 2942 1209 Deinde
2979 1165 3103 1225 post
3134 1159 3430 1217 nonnulla:
3480 1178 3498 1211 ι
3530 1160 3599 1215 Et

2012 1236 2080 1290 ad
2107 1239 2391 1318 populum,
2423 1261 2441 1292 ι
2482 1243 2682 1313 inquit,
2713 1263 2732 1296 ι
2761 1244 2925 1300 istum
2955 1247 3142 1303 dices:
3168 1248 3296 1309 Hinc
3322 1250 3457 1306 dicit
3486 1252 3595 1307 Do-

2012 1326 2195 1385 minus
2213 1348 2224 1383 :
2240 1330 2381 1386 Ecce
2398 1347 2499 1403 ego
2517 1333 2645 1389 dedi
2666 1351 2851 1391 coram
2872 1338 3031 1394 vobis
3049 1339 3195 1394 viam
3215 1342 3339 1397 vitae
3364 1351 3421 1398 et
3448 1343 3592 1397 viam

2011 1421 2208 1476 mortis
2240 1441 2253 1477 :
2282 1424 2377 1492 qui
2408 1426 2672 1482 manserit
2708 1427 2766 1482 in
2803 1428 3028 1486 civitate
3069 1432 3194 1496 hac,
3243 1434 3510 1490 morietur
3537 1435 3593 1491 in

2009 1510 2196 1582 gladio
2227 1523 2286 1567 ct
2312 1514 2366 1568 in
2389 1514 2557 1580 fame,
2587 1525 2645 1572 et
2670 1518 2766 1587 qui
2796 1535 3053 1590 egressus
3079 1522 3247 1578 fuerit
3271 1534 3332 1580 ut
3352 1534 3594 1583 transeat

2009 1601 2077 1656 ad
2104 1600 2407 1671 Chaldaeos,
2424 1605 2521 1675 qui
2544 1608 2936 1671 concluserunt
2953 1628 3075 1677 vos,
3096 1614 3265 1678 vivet,
3291 1616 3395 1685 ιθ
3412 1624 3469 1671 et
3482 1618 3592 1673 erit

2008 1695 2189 1750 anima
2205 1697 2325 1766 ejus
2348 1698 2407 1765 in
2430 1698 2624 1768 spolia,
2645 1709 2703 1755 et
2725 1701 2899 1767 vivet;
2928 1703 3059 1773 quia
3080 1704 3374 1763 obfirmavi,
3392 1706 3587 1763 faciem

352 1769 693 1823 ἀποθανεῖται
717 1772 773 1823 ἐν
821 1772 1089 1844 μαχαίρᾳ,
1121 1773 1215 1827 καὶ
1247 1776 1305 1827 ἐν
1346 1773 1509 1845 λιμῷ,
1558 1776 1700 1830 καὶὸ
1737 1777 1902 1830 ἐκπο-

2005 1800 2183 1840 meam
2209 1787 2472 1843 adversus
2492 1789 2682 1845 urbem
2706 1791 2923 1861 hancin
2950 1794 3110 1857 mala.
3127 1802 3307 1850 etnon
3330 1796 3384 1850 in
3412 1796 3584 1864 bona;

352 1861 641 1933 ρευόμενος
674 1864 1057 1935 προσχωρῆσαι
1101 1864 1237 1936 πρὸς
1275 1866 1401 1930 τοὺς
1443 1865 1742 1931 Χαλδαίους
1776 1867 1904 1931 τοὺς

344 1954 789 2021 ουγκεκλεικότας
831 1957 1005 2027 ὑμᾶς,
1056 1954 1307 2028 ζήσεται.
1342 1958 1452 2011 Καὶ
1484 1957 1635 2011 ἔσται
1678 1961 1712 2030 ή
1756 1958 1902 2031 ψυχὴ

335 2043 502 2099 αὐτοῦ
546 2047 626 2108 εις
670 2045 880 2109 σκῦλα,
926 2048 1022 2101 καὶ
1063 2047 1311 2119 ζήσεται.
1360 2047 1507 2102 Διότι
1542 2050 1802 2121 ἐστήριξα
1843 2048 1905 2104 τὸ

334 2137 621 2209 πρόσωπόν
653 2156 758 2208 μου
799 2142 895 2196 ἐπὶ
926 2141 1027 2212 τὴν
1069 2141 1224 2196 πόλιν
1264 2139 1469 2211 ταύτην
1494 2144 1573 2207 είς
1600 2141 1777 2206 κακὰ,
1809 2143 1905 2197 καὶ

330 2229 423 2282 οὒκ
453 2230 539 2293 εις
572 2231 778 2300 ἀγαθά,
806 2233 901 2288 atat
928 2235 1009 2297 είς
1046 2235 1235 2304 χεῖρας
1281 2232 1546 2304 βασιλέως
1585 2233 1904 2298 Βαϐυλῶνος

328 2322 793 2394 παραδοθήσεται,
826 2326 923 2380 καὶ
972 2323 1310 2380 κατακαύσει
1356 2326 1533 2397 αὐτὴν
1578 2329 1636 2380 ὲν
1681 2326 1832 2399 πυρί.
1878 2350 1899 2380 ι

2011 1886 2067 1934 et
2092 1878 2149 1933 in
2184 1895 2379 1935 manus
2411 1881 2554 1952 regis
2581 1882 2873 1954 Babylonis
2917 1884 3188 1951 tradetur,
3233 1894 3291 1942 et
3334 1887 3587 1945 incendet

2007 1983 2129 2024 eam
2155 1970 2268 2043 igni
2294 1972 2359 2027 εἰ
2392 1992 2410 2024 ι
2449 1973 2713 2046 lntclligis
2741 1975 2927 2046 igitur,
2959 1976 3006 2031 si
3045 1979 3248 2034 nostris
3287 1980 3588 2039 malefactis

2002 2058 2174 2115 Deum
2199 2062 2614 2129 offenderimus,
2635 2064 2750 2120 fore
2770 2074 2831 2120 ut
2857 2051 3099 2122 hostium
3120 2069 3380 2139 potentia:
3400 2071 3585 2126 miseri

2004 2151 2274 2208 obsistere
2306 2170 2417 2209 non
2442 2155 2740 2225 possimus,
2781 2157 2878 2213 sed
2909 2159 3259 2229 opprimente
3288 2177 3389 2218 nos
3424 2173 3587 2233 atque

2002 2240 2299 2298 invadente
2341 2243 2423 2298 ira
2464 2245 2673 2313 divina,
2705 2248 2850 2302 servi
2877 2250 3050 2305 simus
3084 2267 3152 2306 ex
3188 2252 3400 2318 liberis,
3434 2255 3585 2327 igno-

2000 2328 2277 2401 bilemque
2315 2331 2485 2387 vitam
2517 2342 2681 2405 atque
2719 2335 3086 2393 miserabilem
3126 2340 3411 2397 ducamus.

323 2413 515 2484 Συνίης
575 2408 695 2477 οῦν,
746 2415 830 2468 ὅτι
896 2416 1018 2479 ταῖς
1064 2413 1299 2481 εἰσάπαξ
1352 2415 1685 2484 φιλοτιμίαις
1724 2413 2166 2482 καταλυποῦντες
2237 2419 2406 2485 Θεὸν,
2450 2424 2690 2496 ἐσόμεθα
2739 2426 2839 2498 μὲν
2892 2429 2995 2500 οὐχ
3044 2425 3148 2483 οἶοί
3204 2449 3267 2485 τε
3314 2436 3434 2495 ταῖς
3474 2434 3584 2487 τῶν

320 2506 535 2578 ἑχθρῶν
593 2506 930 2570 εὗσθενείαις
984 2506 1371 2578 ἀντιπράττειν
1434 2507 1486 2559 οἱ
1523 2506 1769 2573 δείλαιοι,
1838 2508 2168 2581 ἐγκειμένης
2223 2509 2283 2565 δὲ
2331 2511 2522 2587 ὥσπερ
2568 2517 2664 2571 καὶ⁵
2730 2518 3228 2593 καταθρωσκούσης
3278 2522 3436 2594 ἡμῶν
3483 2525 3585 2596 τῆς

318 2601 476 2665 θείας
509 2602 699 2672 ὀργῆς,
746 2601 922 2656 δοῦλοι
970 2601 1069 2672 μὲν
1112 2602 1230 2657 ἀντ’
1280 2601 1580 2673 ἐλευθέρων
1622 2602 1881 2673 ἐσόμεθα,
1918 2603 2094 2658 ἀκλεᾶ
2128 2604 2185 2658 δὲ
2229 2608 2323 2661 καὶ
2354 2608 2588 2666 ἐλεεινὸν
2615 2612 2944 2686 διαξήσομεν
2978 2615 3112 2686 βίον.

390 2690 603 2745 ΠΔΛΔ.
632 2686 710 2745 Εῦ
742 2689 944 2760 λέγεις.

386 2783 558 2835 ΚΥΡ.
611 2781 901 2852 ’Δποφέρει
940 2782 1039 2853 μὲν
1066 2781 1176 2853 γὰρ
1204 2784 1233 2836 ὁ
1262 2780 1356 2835 τοῦ
1394 2779 1528 2834 Θεοῦ
1558 2780 1721 2852 νόμος
1760 2779 1897 2853 πρὸς

308 2874 626 2946 ἀμώμητον
644 2874 918 2928 πολιτείαν
935 2872 1026 2928 τὸν
1046 2874 1313 2945 τρυφερὸν
1333 2876 1428 2927 καὶ
1449 2875 1683 2944 εὐήνιον,
1705 2873 1897 2945 λύχνος

304 2968 372 3021 δὲ
414 2967 609 3038 ῶσπερ
638 2962 722 3031 τις
753 2966 970 3038 ἑκάστῳ
1002 2966 1234 3035 γίνεται,
1270 2965 1408 3037 πρὸς
1438 2966 1539 3037 τὴν
1566 2965 1657 3020 τοῦ
1703 2967 1897 3038 χρησί-

304 3076 429 3129 μου
454 3075 519 3111 τε
552 3059 647 3111 καὶ
674 3059 972 3129 ἀναγκαίου
1009 3058 1325 3129 παράδειξιν
1344 3098 1360 3123 ,
1390 3059 1485 3113 καὶ
1521 3059 1660 3112 αίδοί
1699 3059 1797 3129 μὲν
1824 3061 1891 3130 τῇ

301 3116 459 3223 πρὸς
483 3152 646 3205 αὐτὸν
671 3116 1009 3223 ήττῶμενος,
1038 3116 1272 3222 διαδιιῇ
1301 3116 1386 3216 τίς
1417 3149 1483 3204 ἂν
1508 3151 1609 3203 οὐκ
1638 3116 1894 3221 ἁθαυμᾰιΞΖ
1921 3116 1963 3174 C

298 3263 460 3310 πως
486 3242 643 3316 οἶμαί
669 3263 802 3311 που,
832 3247 928 3300 καὶ
959 3245 1207 3316 καθάπερ
1240 3243 1401 3315 ἁγίαν
1444 3243 1764 3314 κατοικήσει
1795 3245 1893 3296 πός

295 3338 397 3392 λιν
440 3338 504 3390 τὸ
554 3338 945 3408 ἐρηρεισμένον
990 3338 1071 3400 είς
1120 3334 1351 3408 ἀρετὴν,
1398 3335 1494 3386 καὶ
1536 3332 1769 3404 βεϐηκὸς
1814 3334 1893 3396 είς

295 3424 629 3482 εὐλάΰειαν.
678 3428 740 3481 Ei
762 3426 819 3481 δὲ
850 3426 917 3497 δή
948 3443 1035 3489 τις
1060 3424 1236 3478 ἕλοιτο
1265 3423 1516 3496 καθάπερ
1542 3421 1665 3476 τινὰ
1688 3422 1892 3493 δρυμόν

294 3536 365 3573 τι
395 3519 499 3572 καὶ
524 3516 657 3590 ὓλην
683 3517 886 3588 εὐανθῆ
928 3533 989 3570 τε
1036 3517 1131 3571 καὶ
1155 3514 1396 3580 εῦξυλον,
1424 3512 1727 3569 είσῦάλλειν
1757 3512 1893 3568 ἑτοί-

301 3629 440 3682 μως
465 3612 549 3673 είς
576 3610 673 3674 τὰς
699 3609 967 3681 κοσμικὰς
991 3608 1203 3680 ἡδονὰς,
1232 3607 1329 3662 καὶ
1351 3605 1577 3677 τέρψεσι
1603 3608 1724 3669 ταῖς
1750 3604 1893 3659 κατὰ

293 3705 403 3758 τὸν
438 3703 554 3774 βίον
583 3703 999 3774 ἐμφιλοχωρεῖν,
1025 3700 1121 3755 καὶ
1143 3700 1304 3755 οἱονεί
1324 3717 1441 3764 πως
1465 3698 1700 3753 εἰδώλων
1723 3697 1889 3767 ἐσμὸν

293 3798 391 3858 εἰς
446 3794 572 3847 νοῦν
610 3796 704 3848 καὶ
750 3793 977 3866 καρδίαν
1015 3790 1346 3862 εἰσδέχεσθαι
1386 3791 1488 3862 τὴν
1540 3788 1891 3860 πολύμορφον

295 3885 548 3959 ἡδονήν,
582 3885 676 3938 καὶ
723 3885 925 3956 θυμιᾷν
967 3887 1077 3948 τοῖς
1133 3883 1350 3954 δαίμοσι
1400 3883 1530 3945 τοὺς
1571 3881 1672 3950 τῆς
1721 3877 1888 3933 αὑτοῦ

294 3973 631 4048 προθυμίας
667 3973 937 4047 καρπούς*
975 3974 1095 4027 τότε
1127 3972 1191 4044 δὴ
1226 3972 1349 4026 τότε
1390 3972 1487 4025 καὶ
1516 3969 1720 4040 σφόδρα
1747 3968 1889 4037 είκόο

2075 2692 2273 2750 PALL.
2314 2697 2484 2754 Recte
2515 2699 2617 2756 ais.

2072 2784 2229 2841 CYR.
2284 2788 2502 2846 Etenim
2547 2793 2646 2850 Dei
2689 2794 2779 2850 lex
2825 2796 3040 2868 facilem
3070 2797 3366 2855 hominem
3418 2811 3583 2873 atque

2000 2874 2469 2947 obtemperantem
2494 2883 2562 2938 ad
2586 2884 2885 2955 perfectam
2912 2888 3134 2944 vivendi
3161 2891 3426 2948 rationem
3452 2909 3580 2964 per-

2000 2964 2172 3033 ducit,
2213 2985 2276 3025 ac
2308 2971 2551 3028 lucerna:
2581 2977 2987 3045 quodammodo
3014 2996 3176 3036 usum
3206 2985 3403 3054 cuique
3443 3000 3583 3055 pra)-

1999 3053 2092 3110 bct
2111 3056 2179 3110 ad
2204 3060 2601 3116 ostendendum
2631 3065 2762 3133 quid
2792 3069 3047 3137 expediat
3065 3110 3080 3135 ,
3115 3053 3329 3141 quidch
3356 3053 3582 3133 necesse

1997 3145 2101 3213 sit;
2130 3163 2294 3217 quam
2326 3151 2421 3220 qui
2460 3154 2825 3221 reverebitur,
2860 3158 2928 3218 is.
2961 3160 3178 3229 opinor,
3219 3178 3328 3217 non
3363 3165 3579 3234 ignobi-

1994 3235 2102 3292 lem
2135 3238 2303 3293 vitam
2355 3242 2635 3313 transiget,
2675 3254 2734 3301 et
2772 3247 2946 3303 veluti
2997 3251 3055 3305 in
3105 3261 3288 3308 sancta
3333 3255 3574 3323 civitate,

1992 3326 2256 3384 nimirum
2311 3329 2368 3384 in
2422 3331 2515 3388 illa
2574 3333 2833 3391 ﬁrmitate
2882 3339 3126 3407 virtutis,
3167 3358 3232 3398 ac
3279 3344 3577 3403 stabilitate

1992 3417 2273 3488 religionis
2308 3420 2601 3477 habitabit.
2642 3423 2713 3479 At
2747 3440 2880 3480 vero
2913 3427 2960 3482 si
2994 3429 3119 3498 quis
3153 3431 3392 3486 voluerit
3423 3449 3482 3489 se
3518 3435 3578 3490 in

1991 3507 2156 3581 hujus
2186 3511 2380 3566 mundi
2414 3513 2726 3584 voluptates
2764 3523 3023 3590 tanquam
3067 3519 3123 3574 in
3167 3536 3363 3576 nemus
3399 3525 3576 3594 quod-

1990 3600 2137 3667 dam,
2165 3618 2233 3658 ac
2256 3602 2542 3660 florentem
2562 3613 2618 3661 et
2644 3606 2938 3664 arboribus
2979 3608 3203 3666 densam
3245 3614 3459 3681 silvam,
3506 3616 3575 3671 li-

1989 3694 2309 3753 bentissime
2343 3698 2638 3770 conjicere,
2672 3708 2731 3756 et
2759 3701 2818 3756 in
2849 3702 3017 3776 hujus
3043 3705 3170 3761 vitae
3203 3706 3576 3765 oblectamen-

1982 3786 2061 3841 tis
2104 3789 2333 3855 versari,
2382 3805 2447 3846 ac
2491 3790 2885 3850 multiformem
2926 3796 3283 3868 voluptatem,
3316 3807 3576 3871 tanquam

1988 3876 2262 3934 idolorum
2292 3881 2572 3952 quoddam
2614 3900 2867 3953 examen,
2903 3888 2962 3943 in
3006 3904 3103 3944 cor
3146 3899 3311 3960 atque
3354 3893 3411 3946 in
3453 3895 3574 3947 ani-

1986 3982 2138 4023 mum
2164 3970 2475 4038 admittere,
2501 3980 2558 4027 et
2583 3965 2888 4032 alacritatis
2913 3992 3026 4031 suae
3052 3977 3267 4033 fructus
3292 3980 3575 4037 damoniis

289 4084 421 4131 τως
459 4064 872 4137 ἀπολισθήσειεν
902 4064 970 4118 ἂν
997 4063 1212 4134 φειδοῦς
1230 4064 1330 4135 τῆς
1360 4061 1588 4129 ἄνωθεν,
1620 4061 1717 4115 καὶ
1750 4061 1888 4115 ἑτοι-

2007 4059 2311 4126 ncendere,
2358 4061 2406 4116 is
2455 4077 2588 4117 vero
2624 4064 2751 4134 jure
2792 4065 3000 4134 Optimo
3031 4081 3062 4120 a
3095 4066 3281 4123 divino
3319 4071 3575 4140 pmsidio

290 4156 528 4226 μοτάτη
556 4155 674 4208 λίαν
693 4154 1076 4228 προσκείσεται
1102 4153 1248 4226 θήρα
1273 4155 1385 4217 τοῖς
1413 4152 1691 4208 ἐθέλουσιν
1720 4151 1883 4207 ἑλεῖν.

2005 4148 2218 4216 excidet,
2259 4158 2315 4206 et
2346 4158 2408 4206 ut
2443 4153 2793 4222 paratissima
2819 4156 3005 4226 praeda
3034 4173 3230 4229 capere
3258 4162 3577 4221 volentibus

287 4247 533 4310 Πόλεως
564 4246 617 4300 δὲ
655 4245 843 4317 ὥσπερ
874 4244 1034 4315 ἁγίας
1057 4243 1428 4315 ὲξωθούμενος
1459 4243 1560 4314 τῆς
1592 4244 1651 4296 ὲν
1688 4243 1887 4315 ἀρχαῖς

2005 4240 2262 4311 )roposita
2301 4241 2429 4307 erit,
2454 4244 2826 4316 expulsusque
2868 4246 2938 4302 ab
2968 4263 3034 4304 ea
3071 4265 3180 4319 qua
3226 4251 3386 4309 initio
3428 4270 3573 4327 prae-

286 4337 635 4406 εὑκοσμίας.
660 4337 1040 4407 κατοιχήσεται
1067 4334 1255 4389 λοιπὸν
1281 4332 1472 4407 ὥσπερ
1492 4332 1553 4400 ἐξ
1581 4334 1880 4403 ἀναγκαίου

2005 4327 2132 4384 litus
2182 4337 2303 4385 erat
2353 4347 2572 4388 morum
2618 4333 2941 4403 honestate,
2979 4346 3242 4408 tanquam
3300 4358 3331 4398 e
3383 4354 3576 4406 sancta

288 4427 506 4496 ζυγοῦ,
540 4427 677 4498 πρὸς
715 4427 778 4481 τὸ
814 4429 931 4491 τοῖς
961 4427 1227 4498 κρατοῦσι
1269 4425 1483 4488 δοκοῦν,
1531 4425 1627 4478 καὶ
1669 4424 1884 4497 μακρὰν

2005 4421 2239 4488 :ivitate,
2292 4424 2605 4481 necessario
2656 4427 2941 4484 servitutis
2986 4430 3118 4500 jugo
3171 4430 3239 4485 ad
3291 4432 3573 4502 imperan-

284 4522 467 4575 ἐσται
493 4518 649 4582 Θεοῦ,
668 4519 809 4573 κατά
834 4535 899 4588 γε
926 4518 1018 4573 τὸν
1054 4520 1155 4591 τῆς
1179 4518 1473 4582 διαθέσεως
1500 4517 1726 4590 τρόπον,
1749 4534 1880 4587 μετ-

2005 4512 2125 4567 ium
2174 4514 2465 4571 arbitrium
2506 4516 2823 4583 descendet,
2851 4527 2908 4575 et
2943 4520 3103 4592 longe
3147 4522 3254 4576 erit
3284 4539 3331 4578 a-
3352 4525 3486 4591 Deo,
3509 4542 3575 4582 ac

285 4611 564 4680 οεκισμὸν
614 4611 898 4681 ὑπομένων
941 4610 1034 4665 τὸν
1069 4613 1150 4674 είς
1177 4608 1513 4683 βαϐυλῶνα,
1547 4608 1694 4665 τοῦτ’
1743 4608 1879 4674 ἔστι,

2008 4611 2135 4659 uxta
2171 4606 2439 4662 moralem
2476 4606 2895 4681 intelligentiam
2939 4611 3304 4669 transferetur
3340 4614 3573 4686 Babylo-

284 4707 365 4762 τὰ
416 4702 682 4759 ιπέκεινα
715 4703 1004 4775 τερμάτων
1044 4702 1148 4773 γῆς
1181 4701 1364 4771 ἁγίας,
1396 4703 1457 4755 ὲν
1499 4694 1536 4775 ᾖ
1566 4699 1807 4770 γνωστὸς
1853 4702 1882 4753 ὁ

2005 4712 2132 4763 tem,
2168 4697 2227 4752 id
2254 4705 2341 4754 est
2362 4739 2378 4764 ,
2413 4699 2561 4754 ultra
2594 4701 2860 4758 terminos
2897 4710 3060 4760 terra:
3101 4704 3251 4762 illius
3280 4717 3480 4763 sancta:
3515 4708 3573 4762 in

285 4800 463 4862 Θεὸς,
491 4796 588 4850 καὶ
612 4796 755 4867 μέγα
778 4796 842 4850 τὸ
865 4795 1039 4866 δνομα
1062 4793 1246 4849 αὐτοῦ.
1271 4794 1560 4865 Τοιγάρτοι
1588 4790 1880 4862 διακεκρα-

2005 4804 2094 4859 [ua
2131 4797 2317 4867 notus.
2343 4798 2428 4846 est
2469 4791 2647 4858 Deus,
2695 4801 2754 4848 et
2798 4810 3058 4867 magnum
3102 4812 3309 4853 nomen
3356 4800 3476 4871 ejus
3504 4800 3571 4856 “.

287 4904 471 4957 γασιν
495 4889 548 4940 οι
576 4886 673 4940 τὸν
698 4885 842 4940 οὕτω
881 4885 1118 4958 σκληρὸν
1154 4885 1519 4957 ὑπομένοντες
1558 4884 1751 4947 πόνον,
1789 4882 1883 4936 καί⁵

2005 4890 2165 4952 taque
2205 4881 2517 4938 clamabant
2564 4884 2605 4939 ii
2649 4885 2745 4956 qui
2783 4894 2898 4942 tam
2943 4887 3096 4960 gravi
3144 4904 3393 4946 aerumna
3442 4908 3552 4962 pre

288 4983 381 5042 εις
415 4982 612 5050 χεῖρας
651 4977 910 5041 πεσόντες
950 4976 1183 5049 ἐχθρῶν,
1217 4978 1313 5030 καὶ
1340 4975 1440 5048 τὴν
1486 4977 1617 5049 παρ’
1652 4974 1882 5038 ἐκείνοις

2005 4971 2295 5040 nebantur,
2313 4981 2371 5030 et
2397 4973 2455 5029 in
2486 4973 2753 5031 ditionem
2775 4976 3020 5036 hostium
3042 4990 3327 5050 venerant,
3347 4991 3405 5038 et
3424 4982 3571 5038 illam

291 5073 536 5136 δίαιταν,
564 5071 641 5135 ὡς
664 5070 1046 5142 ἀνδραποδώδη
1080 5071 1176 5125 καὶ⁵
1204 5069 1483 5141 οἰκετικὴν
1511 5069 1571 5123 οὐ
1602 5068 1877 5140 φέροντες·

2005 5064 2126 5137 ιριιιί
2173 5079 2273 5122 eos
2317 5065 2663 5124 mansionem
2708 5078 2967 5143 tanquam
3019 5073 3311 5145 mancipiis
3344 5075 3570 5147 dignam

302 5181 323 5213 ς
368 5163 500 5216 Ἐπὶ
541 5162 655 5216 τῶν
693 5163 956 5234 ποταμῶν
1003 5162 1344 5228 Βαϐυλῶνος,
1383 5164 1502 5218 ἐκεῖ
1547 5161 1882 5231 ικαθίσαμεν

2005 5167 2141 5229 itque
2172 5156 2428 5214 servilem
2461 5174 2574 5215 non
2600 5158 2855 5216 ferebant
2895 5180 2908 5217 :
2953 5180 2972 5213 ι
3004 5161 3181 5234 Super
3207 5163 3434 5220 ﬂumina
3464 5165 3568 5219 Ba-

302 5254 403 5307 καὶ
425 5254 799 5326 ὲκλαῦσαμεν,
825 5256 885 5309 ὲν
906 5252 987 5325 τῷ
1012 5253 1317 5326 μνησθῆναι
1351 5254 1499 5324 ἡμᾶς
1526 5252 1628 5322 τὴν
1653 5249 1812 5305 Σιών.
1852 5268 1874 5303 ι

2005 5247 2200 5320 )ylonis
2244 5247 2358 5304 illic
2394 5248 2640 5309 sedimus
2678 5259 2736 5307 et
2778 5250 3051 5319 ﬂevimus,
3082 5254 3213 5309 dum
3245 5254 3566 5310 recordare-

298 5343 470 5396 Noeri
490 5343 605 5415 γὰρ
627 5339 785 5415 οἶμαί
811 5361 866 5400 τι
894 5343 1138 5399 τοιοῦτον
1163 5344 1195 5397 ὁ
1223 5342 1569 5413 ἀνθρώπινος,
1600 5340 1743 5405 νοῦς.

2005 5356 2111 5397 nur
2158 5341 2272 5409 tui,
2320 5340 2453 5399 Sion
2486 5342 2551 5398 “.
2591 5363 2612 5396 ι
2638 5344 2961 5417 Hujusmodi
2989 5363 3223 5419 namque
3256 5347 3418 5413 malo,
3458 5344 3562 5404 nisi

1982 5428 2162 5497 fallor,
2193 5431 2410 5488 laborat
2439 5433 2714 5491 humanus
2741 5439 2984 5494 animus.

373 5520 588 5575 IIAAA.
621 5519 697 5577 Τὸ
715 5520 770 5575 τί
795 5521 861 5594 δὴ
883 5522 1025 5593 cf“;

2054 5521 2255 5579 PALL.
2295 5522 2542 5591 Quonam
2588 5527 2849 5583 tandem?

375 5692 422 5725 ⁸³
445 5693 560 5751 let.
591 5712 703 5762 nt,
735 5697 791 5762 5,
818 5697 869 5752 6.
948 5696 994 5725 “
1023 5695 1189 5762 Ibid.,
1225 5697 1376 5753 8-10.
1454 5699 1499 5733 “
1528 5700 1667 5755 Psal.
1701 5716 1856 5764 Lxxv,
1894 5698 1949 5753 2.
1988 5698 2072 5771 ﬂ“
2103 5699 2246 5754 Psal.
2285 5715 2497 5765 cxxxvr,
2526 5699 2573 5751 l.
