4024 6220
471 331 577 396 189

1503 335 1560 392 s.
1601 336 1879 393 CYRlLLl
1914 293 2389 393 ALEXANnmNI
2426 337 2745 395 ARCHIEP.

3634 338 3738 396 160

543 445 701 508 (ΠΒ.
744 451 938 522 Segnis
968 461 1051 508 est
1083 460 1140 508 et
1166 450 1399 522 supinus
1428 451 1542 507 fere
1571 451 1639 507 ad
1675 468 1740 508 ea
1765 452 1907 508 bona
1939 468 2062 523 quae

2235 453 2398 508 ΚΥΡ.
2427 454 2697 527 Ῥᾴθυμος
2722 455 2820 526 μὲν
2841 456 2952 529 γὰρ
2971 457 3065 511 καὶ
3084 457 3497 523 ἀναπεπτωκῶς
3512 459 3598 513 ἀεί
3621 477 3736 524 πως

475 551 604 598 sunt
633 543 690 596 in
720 557 906 605 manu,
949 542 1407 612 concupiscenda,
1444 559 1625 614 neque
1661 545 1956 600 admodum
1991 561 2055 602 ea

474 632 682 702 expetit
713 647 834 701 quae
867 641 996 686 sunt
1031 633 1088 686 in
1124 635 1244 704 ejus
1292 644 1561 704 potestate
1591 635 1712 691 sita.
1753 638 1855 707 17
1888 637 1977 704 At,
2009 638 2056 693 si
2100 657 2106 663 ·

475 736 584 794 qua
625 724 769 779 facta
815 724 984 780 fuerit
1025 726 1082 780 in
1127 726 1355 782 alteram
1404 737 1614 799 partem
1659 729 1962 795 inclinatio,
2001 739 2059 786 et

473 815 847 882 ornamentis,
895 832 1019 886 quae
1068 818 1341 884 habebat,
1403 821 1668 876 minorari
1724 823 2055 895 contigerit,

475 912 608 960 tunc
649 904 742 958 vix
787 905 1006 960 tandem
1047 906 1297 980 inmalis
1329 909 1604 981 intelligit,
1633 911 1892 968 omnibus
1920 913 2058 966 viri-

476 996 578 1050 bus
622 996 1013 1062 resistendum,
1057 1014 1238 1068 neque
1288 999 1358 1055 ad
1406 1010 1715 1058 extremum
1761 1019 1936 1074 usque
1976 1005 2061 1059 in—

474 1087 646 1140 sultui
691 1087 875 1143 locum
919 1088 1162 1144 dandum
1204 1090 1393 1158 fuisse,
1430 1108 1500 1148 ne
1551 1094 1609 1148 in
1655 1094 1952 1152 discrimen
1999 1112 2059 1152 se

475 1179 794 1250 conjiceret.

546 1270 743 1326 PALL.
778 1273 857 1327 lta
885 1281 987 1330 est.

545 1361 703 1418 ΟΥΕ.
736 1365 1120 1422 Necessarium
1179 1377 1263 1424 est
1292 1368 1458 1441 igitur
1477 1411 1491 1436 ,
1523 1381 1579 1426 et
1606 1371 1890 1441 sapientiae,
1939 1372 2060 1442 ple-

477 1467 634 1518 num,
657 1462 714 1509 et
745 1454 801 1510 in
831 1457 1026 1525 primis
1055 1458 1428 1524 utilissimum,
1460 1462 1760 1530 praecidere
1790 1463 2059 1518 malorum

478 1557 692 1610 causas,
731 1553 788 1600 et
809 1557 1014 1602 coactae
1036 1550 1320 1604 servitutis
1351 1550 1559 1605 aditum
1611 1553 1970 1622 praecludere,
2002 1563 2060 1610 et

477 1648 544 1688 ea
576 1651 789 1691 summo
819 1639 1003 1694 studio
1035 1640 1333 1708 declinare,
1365 1658 1508 1712 quae,
1539 1643 1586 1698 si
1651 1645 1895 1714 experiri
1925 1661 2061 1701 con-

476 1725 682 1796 tigerit,
712 1728 768 1782 in
793 1731 1051 1786 omnibus
1094 1733 1253 1788 malis
1291 1734 1658 1791 versabimur.

549 1818 747 1875 PALL.
779 1822 858 1878 lta
887 1840 945 1879 se
976 1840 1065 1880 res
1096 1826 1280 1884 habet.

549 1909 706 1966 CYR.
734 1911 812 1968 Ac
843 1915 888 1968 si
920 1915 1107 1971 divina
1131 1918 1292 1974 nobis
1324 1919 1404 1974 ira
1426 1922 1752 1977 necessariae
1771 1923 2060 1978 servitutis

472 2003 666 2074 jugum
707 2004 1040 2074 imponatur,
1099 2010 1236 2065 adeo
1289 2021 1351 2066 ut
1390 2012 1449 2066 in
1500 2013 1798 2084 reprobum
1838 2031 2058 2070 sensum

478 2093 928 2152 descendendum
978 2100 1088 2164 sit,
1125 2101 1394 2158 obsistere
1443 2104 1667 2174 quidem
1704 2105 1853 2160 haud
1901 2105 2060 2161 facile

478 2185 667 2240 fuerit.
690 2186 832 2241 lllud
864 2197 1046 2244 tamen
1069 2191 1324 2258 dixerim,
1346 2194 1610 2264 expedire
1629 2195 1716 2250 vel
1743 2194 2061 2250 meminisse

479 2278 697 2344 solum,
738 2282 1030 2351 exquibus
1078 2284 1134 2339 in
1179 2301 1301 2356 quae
1346 2285 1840 2352 declinaverimus,
1898 2295 2062 2357 atque

478 2367 679 2422 acerbe
704 2368 906 2426 detlere
934 2379 1050 2426 tum
1079 2383 1322 2430 nostram
1351 2375 1643 2441 incuriam,
1682 2384 1797 2431 tum
1836 2377 2062 2447 superni

479 2475 610 2532 erga
656 2478 756 2517 nos
799 2464 992 2520 auxilii
1041 2467 1280 2537 inopiam
1325 2485 1338 2520 :
1385 2487 1404 2519 ι
1439 2469 1536 2522 Illa
1555 2485 1790 2539 namque
1839 2470 2063 2525 tristitia

480 2567 603 2620 quae
631 2555 936 2609 secundum
985 2557 1157 2611 Deum
1189 2565 1294 2622 est,
1336 2558 1713 2627 pcenitentiam
1745 2560 1802 2614 in
1832 2560 2062 2614 salutem

481 2639 935 2712 impoenitendam-
962 2657 1222 2717 operatur
1258 2651 1321 2704 ".
1367 2670 1384 2702 ι
1439 2651 1549 2706 Sed
1593 2652 1638 2706 si
1685 2651 1845 2706 nobis
1875 2651 2061 2707 divina

480 2732 562 2786 ira
602 2749 714 2787 non
763 2736 1067 2803 immineat,
1118 2749 1280 2810 atque
1315 2743 1551 2797 liberum
1596 2742 1669 2796 sit
1707 2749 1763 2797 et
1794 2742 1957 2808 velle,
2007 2753 2066 2799 ct

479 2824 628 2894 quod
675 2825 854 2880 visum
903 2827 1091 2894 fuerit,
1129 2829 1332 2897 facere,
1385 2841 1442 2886 ct
1494 2832 1642 2887 illam
1685 2832 1741 2887 in
1775 2841 2065 2905 utramque

480 2925 694 2983 partem
739 2918 1185 2986 propensionem,
1231 2920 1299 2974 ad
1339 2921 1566 2986 malum,
1611 2921 1854 2992 inquam,
1899 2933 1952 2979 et
1995 2925 2062 2978 ad

480 3005 711 3070 bonum,
751 3007 983 3060 solutam
1036 3024 1101 3064 ac
1158 3009 1388 3064 liberam
1437 3019 1495 3066 et
1533 3012 1602 3066 ab
1649 3015 1798 3067 omni
1846 3015 2064 3083 penitus

479 3097 763 3152 coactione
782 3097 1016 3153 alienam
1037 3101 1280 3155 retinere
1303 3102 1486 3167 liceat,
1517 3103 1794 3159 cavendus
1817 3113 1902 3159 est
1924 3115 2064 3160 stre-

2161 545 2306 598 ὲστὶν
2339 547 2418 608 είς
2453 545 2752 616 ἐπιθυμίαν
2777 547 2886 601 τῶν
2917 549 2975 600 ὲν
3017 549 3207 620 χερσὶν
3244 548 3484 617 ἀγαθῶν,
3527 550 3737 619 ἐφίεται

2159 636 2216 690 δὲ
2243 637 2304 689 οὐ
2331 636 2450 691 λίαν
2469 631 2653 710 ὧνπερ
2698 637 2764 692 ἂν
2796 639 2909 710 ἔχοι
2947 639 3045 710 τὴν
3073 639 3345 706 ἐξουσίαν.
3381 642 3444 694 Et
3472 641 3528 694 δὲ
3555 641 3618 714 δή
3653 660 3739 707 τις

2160 728 2371 796 γένοιτο
2401 729 2736 801 μετάκλησις
2761 731 2856 784 ἐπὶ
2883 730 3106 802 θάτερα,
3151 732 3246 786 καὶ
3273 725 3348 785 ὧν
3371 732 3438 786 ἂν
3459 732 3571 805 ἔχοι
3593 733 3735 804 λαμ-

2161 820 2314 892 πρῶν
2351 821 2619 892 ἡττᾶσθαι
2648 825 2819 894 παρῇ,
2850 823 2973 875 τότε
3005 824 3069 895 δὴ
3097 823 3249 892 μόλις
3281 825 3600 880 αἰσθάνεται
3629 844 3737 880 πα-

2161 912 2290 976 θὼν,
2313 914 2342 966 ὃ
2373 914 2537 968 παντὶ
2584 913 2648 986 δὴ
2699 915 2875 969 σθένει
2913 915 3300 987 διακρούεσθαι
3332 917 3520 990 ἐχρῆν,
3552 919 3644 971 καὶ
3675 919 3735 972 οὐ

2159 1004 2249 1058 διά
2273 1005 2473 1077 πείρας
2498 1006 2657 1077 ἥκειν
2697 1008 2792 1077 ὲᾷν
2823 1007 3262 1079 προαναιροῦντα
3296 1008 3394 1080 τὴν
3423 1009 3631 1079 ἔφοδον.

2231 1268 2442 1324 ΠΑΛΛ.
2495 1267 2738 1340 Ἀληθές.

2229 1361 2394 1416 ΚΥΡ.
2452 1361 2770 1431 Ἀναγκαῖον
2803 1357 2897 1416 οὖν
2943 1359 3070 1432 ἄρα,
3125 1359 3221 1416 καὶ
3260 1359 3440 1430 σοφὸν,
3486 1358 3583 1413 rei.
3629 1359 3741 1412 τῶν

2159 1452 2189 1505 ὅ
2208 1467 2262 1503 τι
2294 1452 2529 1521 μάλιστα
2557 1452 3014 1506 λυσιτελεστάτων
3038 1454 3099 1506 τὸ
3128 1455 3479 1524 προαναιρεὲν
3503 1446 3561 1504 εὖ
3594 1451 3742 1521 μάλα

2158 1543 2229 1597 τὰ
2259 1544 2527 1616 μοχθηρὰ,
2564 1545 2659 1597 καὶ
2688 1545 2786 1615 τῆς
2816 1543 3114 1616 ἀδουλήτου
3139 1543 3359 1614 θητείας
3389 1543 3489 1614 τὴν
3527 1541 3738 1610 ἔφοδον,

2161 1635 2255 1688 καλ⁸
2297 1635 2692 1706 προαπονεύειν
2719 1635 3013 1709 πειρᾶσθαι
3050 1635 3267 1707 γοργῶς
3299 1635 3386 1698 τὰ,
3427 1628 3503 1689 ὧν
3546 1637 3594 1687 εί
3645 1633 3741 1702 γέ-

2161 1741 2306 1779 νοιτο
2334 1725 2470 1796 πρὸς
2499 1727 2695 1795 πεῖραν
2726 1725 2921 1790 ἐλθεῖν,
2947 1726 3006 1778 ὲν
3042 1723 3210 1779 παντὶ
3236 1721 3529 1794 κειώμεθα
3560 1719 3738 1791 κακῷ.

2092 1809 2134 1863 Β
2233 1817 2438 1870 ΠΑΛΛ.
2481 1811 2610 1869 τοδε
2641 1815 2773 1887 ἔχει.

2233 1909 2396 1962 ΚΥΡ.
2446 1909 2558 1962 Καὶ
2584 1909 2632 1961 εί
2661 1909 2758 1978 μὲν
2791 1909 2858 1962 ἐκ
2881 1907 3029 1971 θείας
3056 1908 3226 1981 ὀργῆς
3252 1911 3280 1962 ὁ
3312 1907 3414 1978 τῆς
3436 1909 3740 1978 ἀναγκαίας

2162 2002 2402 2065 δουλείας
2428 2003 2558 2072 ἡμῖν
2593 2001 2909 2072 ἐπιφέροιτο
2937 2000 3120 2070 ζυγὸς,
3158 2001 3251 2053 καὶ
3277 1999 3383 2072 μὴν
3415 2001 3510 2053 καὶ
3540 2000 3602 2053 τὸ
3627 1999 3744 2052 δεῖν

2161 2095 2243 2156 εἰς
2267 2092 2524 2162 ἀδόκιμον
2569 2091 2889 2146 καθικέσθαι
2928 2091 3073 2156 νοῦν,
3116 2091 3502 2162 ἀντιφέρεσθαι
3537 2091 3635 2162 μὲν
3675 2092 3741 2144 οὐ

2165 2186 2315 2256 ῥᾷον.
2345 2185 2514 2255 Φαίην
2541 2183 2585 2236 δ’
2625 2183 2691 2237 ἂν
2725 2178 2865 2237 εἶναι
2913 2185 3210 2254 χρήσιμον,
3236 2182 3341 2236 κᾶν
3369 2181 3498 2251 γοῦν
3534 2181 3594 2235 τὸ
3616 2182 3744 2235 δια-

2167 2277 2475 2350 μεμνῆσθαι
2509 2277 2667 2348 μόνον
2701 2277 2759 2345 ἐξ
2793 2277 2922 2331 οἵων
2955 2280 3033 2341 είς
3059 2271 3147 2330 οἶα
3180 2277 3618 2348 μετακεκλίσθαι,
3644 2279 3746 2332 καὶ

2165 2369 2623 2440 κατολοφύρεσθαι
2671 2369 2883 2442 πικρῶς
2925 2369 3025 2440 τὴν
3081 2369 3439 2441 παράϐλεψιν,
3493 2371 3586 2423 καὶ
3636 2369 3745 2439 τῆς

2164 2461 2368 2516 ἀνωθεν
2397 2460 2715 2530 ἐπικουρίας
2743 2460 2840 2532 τὴν
2865 2462 3060 2514 σπάνιν
3082 2478 3095 2492 ·
3135 2480 3153 2512 ι
3198 2461 3262 2513 Ἥ
3290 2461 3407 2531 γὰρ·
3435 2461 3576 2515 κατὰ
3603 2460 3743 2513 Θεδν
3835 2505 3838 2508 .

2163 2553 2331 2625 λύπη,
2369 2553 2654 2624 μετάνοιαν
2679 2553 2759 2616 είς
2787 2551 3059 2623 σωτηρίαν
3093 2551 3517 2623 ἀμεταμέλητον·
3539 2568 3743 2621 κατερ-

2165 2642 2412 2712 γάζεται.
2453 2642 2658 2704 »Θείας
2695 2641 2753 2694 δὲ
2794 2642 2925 2712 ἡμῖν
2963 2641 3063 2694 οὐκ
3110 2640 3501 2711 ἀπηρτημένης
3547 2641 3743 2710 ὀργῆς,

2166 2733 2281 2788 ἀλλ’
2308 2733 2426 2787 ὲνδν
2455 2733 2541 2787 ἐπ’
2571 2731 2819 2798 ἐξουσίας
2848 2731 3066 2785 ἑλέσθαι
3084 2749 3144 2785 τε
3167 2732 3259 2784 καὶ
3285 2730 3414 2802 δρᾷν
3436 2730 3496 2783 τὸ
3526 2730 3742 2795 δοκοῦν,

2165 2827 2260 2879 καὶ
2291 2824 2389 2896 τὴν
2438 2824 2525 2876 ἐπ’
2581 2823 2748 2894 ἄμφω
2781 2822 2974 2894 ῥοπὴν,
3022 2823 3122 2894 τήν
3169 2838 3233 2874 τε
3279 2822 3360 2884 είς
3406 2819 3467 2873 τὸ
3513 2819 3744 2889 φαῦλον,

2167 2917 2330 2988 φημὶ,
2365 2917 2459 2970 καὶ
2493 2915 2591 2987 τὴν
2615 2918 2694 2979 εἰς
2721 2915 2783 2968 τὸ
2811 2915 3035 2984 ἀγαθὸν,
3072 2915 3360 2986 ἀνειμένην
3395 2931 3510 2977 πως
3539 2913 3616 2965 ἐτι
3648 2914 3751 2966 καὶ

2165 3007 2562 3063 ἀκαταϐίαστον
2590 3007 2869 3072 παντελῶς
2901 3006 3291 3076 διακεκτῆσθαι
3322 3004 3514 3076 παρὸν,
3546 3021 3752 3073 παραι-

2163 3103 2356 3173 τητέον
2388 3100 2651 3170 γεννικῶς
2689 3101 2780 3153 τὸν
2814 3101 2890 3163 ὡς
2931 3101 2991 3153 ὲν
3031 3099 3327 3168 φαυλότητι
3373 3094 3746 3167 μαλακισμὸν,

481 3203 590 3242 nuc
634 3187 724 3242 ille
775 3187 833 3242 in
888 3189 1137 3258 nequitia
1179 3190 1428 3262 languor,
1487 3208 1552 3247 ac
1607 3194 1958 3264 repellendae,
2003 3195 2060 3249 ni

2167 3191 2315 3264 οἶμαι
2357 3193 2414 3246 δὲ
2471 3193 2582 3246 δεῖν
2625 3189 2976 3245 ἀποσείεσθαι
3021 3191 3196 3260 φιλεῖν
3251 3189 3350 3253 τὰς
3395 3187 3480 3241 ἐπ’
3529 3187 3750 3258 ἐχθροῖς

479 3277 659 3342 fallor,
689 3279 1017 3348 voluptates,
1049 3280 1119 3334 ab
1141 3281 1399 3337 hostibus
1415 3282 1635 3349 oblatae,
1663 3284 2062 3357 vitandumque

478 3382 550 3422 ne
591 3367 648 3421 in
694 3368 936 3423 hostium
998 3370 1209 3427 ditione
1261 3372 1454 3439 simus,
1495 3374 1589 3444 qui
1648 3375 1814 3445 hujus
1871 3376 2063 3431 mundi

478 3459 758 3532 principes
781 3478 900 3518 esse
933 3463 1229 3532 dicuntur;
1261 3466 1476 3522 etiamsi
1507 3467 1671 3522 alicui
1694 3468 1925 3524 fortasse
1941 3486 2066 3540 pars

479 3551 661 3621 aliqua
705 3553 983 3610 felicitatis
1017 3556 1189 3622 adsit,
1242 3555 1541 3622 felicitatis,
1602 3557 1846 3628 inquam,
1893 3560 2064 3628 illius,

478 3657 604 3710 quae
650 3643 705 3695 in
749 3646 956 3699 mundo
996 3647 1103 3700 hoc
1158 3662 1353 3718 magna
1405 3656 1632 3718 putatur
1674 3649 1922 3719 quidem,
1969 3651 2067 3708 sed

483 3740 700 3801 turpem
733 3736 958 3790 omnino
981 3736 1192 3791 exitum
1219 3745 1384 3808 atque
1416 3739 1722 3810 deformem
1769 3740 1957 3798 habet.

555 3823 750 3877 PALL.
779 3823 899 3890 Quo
937 3827 1158 3882 tandem
1192 3828 1394 3884 modo?

550 3915 707 3971 CYR.
739 3915 905 3973 Visne
939 3928 1002 3973 ut
1037 3922 1290 3975 veterum
1321 3922 1569 3993 exempla
1598 3926 1913 3981 sumamus?

553 4109 750 4164 PALL.
785 4109 1037 4167 Maxime.

551 4199 707 4254 CYR.
729 4199 866 4254 Cum
888 4201 1030 4256 fame
1051 4202 1456 4258 conﬁcerentur
1473 4219 1663 4260 omnes
1679 4205 1794 4260 fere
1815 4203 2068 4259 homines

2165 3283 2376 3357 ἡδονὰς,
2403 3283 2499 3337 καὶ
2522 3283 2582 3337 τὸ
2602 3283 2708 3337 ὑπὸ
2732 3285 2889 3353 χεῖρα
2920 3280 3180 3354 πράττειν
3201 3278 3431 3351 ἐχθρῶν,
3456 3279 3507 3331 οἶ
3537 3276 3753 3348 κατάρ-

2164 3393 2282 3448 χειν
2317 3375 2564 3444 λέγονται
2592 3373 2699 3428 τοῦ¹
2723 3374 2917 3438 αίῶνος
2948 3371 3161 3426 τούτου.
3198 3371 3316 3425 Κᾶν
3349 3371 3399 3424 εί
3446 3369 3664 3441 προσίοι
3685 3369 3751 3420 τὸ

2165 3467 2327 3538 τυχὸν
2358 3465 2656 3540 εὐημερίας
2693 3466 2794 3518 οὐκ
2831 3459 3120 3536 ἀμοιροῦν,
3167 3462 3467 3534 εὐημερίας
3509 3459 3566 3514 δέ
3602 3476 3751 3531 φημι

2166 3561 2266 3628 τῆς
2296 3561 2353 3613 ὲν
2381 3559 2572 3629 κόσμῳ
2603 3557 2993 3628 τετιμημένης,
3030 3557 3108 3619 εἰς
3137 3555 3360 3628 αἰσχρὸν
3389 3553 3497 3626 γὰρ
3526 3552 3752 3616 πάντως

2167 3653 2263 3707 καὶ
2284 3650 2513 3714 ἀκαλλὲς
2551 3649 2924 3722 καταστρέφειΔ
2957 3646 3130 3712 τέλος.

2241 3831 2448 3885 ΠΑΑΛ.
2494 3829 2628 3893 Πῶς
2652 3827 2820 3898 ἔφηςς

2239 3924 2404 3978 ΚΥΡ.
2446 3921 2634 3976 Βούλει
2668 3920 2920 3990 λέγωμεν
2966 3917 3030 3986 ἐξ
3059 3916 3304 3990 ἀρχαίων
3331 3913 3540 3977 ἑλόντες
3565 3930 3751 3986 παρα-

2167 4017 2478 4089 δειγμάτων
2494 4034 2509 4084 ;

2241 4112 2450 4165 ΠΔΛΛ.
2491 4109 2603 4162 Καὶ
2631 4106 2795 4178 μάλα.

2238 4201 2402 4255 ΚΥΡ.
2441 4197 2615 4271 Λιμοῦ
2654 4197 3051 4269 κατατήκοντος
3092 4197 3219 4260 τοὺς
3273 4195 3378 4250 ἀνά
3430 4197 3632 4257 πᾶσαν,
3674 4192 3758 4255 ὡς

480 4289 596 4360 qui,
626 4299 690 4344 ut
725 4290 779 4344 in
822 4306 1036 4347 summa
1080 4293 1280 4360 dicam,
1321 4295 1526 4364 ubique
1586 4304 1858 4350 terrarum
1881 4304 2059 4359 erant,

2167 4293 2294 4358 ἔπος
2333 4295 2527 4356 εἰπεῖν,
2568 4289 2667 4362 τὴν
2711 4289 2838 4360 γῆν,
2875 4287 3199 4342 καθικέσθαι
3233 4287 3370 4359 πρὸς
3418 4284 3760 4355 Αἰγυπτίους

478 4381 658 4436 visum
699 4391 785 4438 est
829 4382 956 4440 ﬁliis
1007 4385 1174 4441 Iacob
1217 4387 1274 4439 in
1311 4385 1602 4456 Egyptum
1652 4385 1988 4442 descendere
2046 4405 2058 4439 :

477 4482 638 4528 erant
667 4483 852 4529 autem
882 4475 1260 4530 adolescentes
1293 4491 1524 4530 numero
1548 4476 1758 4531 decem.
1790 4477 1848 4531 Id
1878 4485 2062 4532 autem

479 4566 637 4636 cujus
666 4565 840 4636 gratia
872 4567 1374 4637 peregrinationem
1410 4567 1802 4637 suscipiebant,
1837 4577 1957 4624 erat
2002 4578 2062 4624 ut

479 4663 798 4710 coemerent
824 4669 999 4719 escas,
1032 4662 1299 4725 praeterea
1325 4657 1484 4711 nihil.
1521 4659 1714 4714 Postea
1746 4674 1880 4714 vero
1895 4675 2058 4730 quam

477 4745 601 4814 ejus
621 4745 699 4798 rei
718 4755 1002 4815 compotes
1019 4745 1148 4800 facti
1172 4753 1320 4811 sunt,
1354 4756 1518 4818 atque
1547 4749 1718 4819 agniti
1747 4751 1882 4821 jam,
1911 4750 2058 4820 quod

479 4833 680 4890 fratres
706 4845 892 4891 essent
917 4836 1142 4907 Joscph,
1165 4837 1260 4908 qui
1291 4846 1407 4893 tum
1441 4839 1713 4894 frumenta
1763 4840 2060 4906 vendebat,

477 4935 536 4980 ct
553 4928 809 4999 princeps
828 4937 948 4984 erat
977 4937 1139 4984 terra:
1166 4929 1404 5002 Egypti,
1449 4947 1567 4986 rem
1598 4941 1807 5004 gestam
1836 4933 2064 4988 auribus

478 5018 689 5089 accepit
705 5021 935 5085 Pharao,
984 5041 1003 5072 ι
1034 5021 1271 5086 Etdixit,
1299 5043 1316 5074 ι
1345 5023 1544 5095 inquit,
1571 5044 1590 5075 ι
1613 5024 1822 5079 Pharao
1837 5025 2060 5095 Ioseph:

483 5107 592 5176 18
622 5107 720 5163 Dic
752 5109 1017 5166 fratribus
1059 5112 1171 5168 tuis
1192 5154 1207 5179 ,
1250 5113 1365 5169 Hoc
1390 5114 1552 5170 facite
1585 5132 1598 5168 :
1627 5115 1854 5185 lmplete
1876 5130 2065 5170 saccos

479 5208 714 5265 vestros,
740 5208 798 5255 et
817 5201 963 5273 abite
987 5203 1043 5259 in
1088 5212 1292 5259 terram
1330 5204 1608 5271 Chanaan,
1641 5215 1698 5261 et
1727 5207 2064 5277 accipientes

482 5299 693 5362 patrem
732 5301 978 5348 vestrum
1022 5303 1079 5350 et
1127 5296 1491 5352 substantiam
1550 5307 1828 5362 vestram,
1874 5297 2059 5353 venite

480 5385 547 5438 ad
571 5400 679 5450 me,
706 5393 763 5440 et
791 5385 934 5441 dabo
967 5388 1126 5443 vobis
1153 5403 1222 5444 ex
1243 5390 1500 5445 omnibus
1526 5389 1688 5444 bonis
1733 5389 1970 5461 lEgypti,
2005 5399 2062 5446 et

481 5476 788 5533 cmncdetis
815 5478 1110 5534 medullam
1135 5487 1314 5537 terra.
1342 5481 1425 5536 Tu
1454 5490 1637 5537 autem
1670 5483 1905 5553 praecipe
1919 5483 2056 5548 haec,

482 5575 545 5622 ut
565 5570 838 5638 accipiant
868 5571 1114 5642 plaustra
1139 5573 1210 5630 de
1243 5583 1390 5630 terra
1405 5574 1619 5649 Egypti
1644 5575 1836 5631 liberis
1861 5575 2059 5633 vestris

554 5745 597 5775 ⁸⁷
631 5744 674 5800 ll
697 5745 822 5802 Cor.
852 5763 945 5815 vn,
980 5750 1063 5804 10.

2159 4386 2287 4448 τοὺς
2318 4385 2377 4450 ἐξ
2424 4382 2617 4437 Ἰακὼϐ
2645 4382 2839 4447 ἐδόκει,
2874 4380 3083 4435 νεανίαι
3133 4381 3192 4434 δὲ
3219 4376 3360 4451 ἦσαν
3391 4379 3481 4433 τὸν
3515 4377 3761 4449 ἀριθμόν

2161 4493 2264 4530 που
2299 4474 2452 4536 δέκα,
2482 4475 2577 4528 καὶ
2615 4474 2644 4525 ὁ
2683 4474 2782 4543 τῆς
2809 4471 3119 4542 ἀποδημίας
3159 4471 3378 4535 σκοπὸς,
3412 4469 3473 4522 τὸ
3519 4467 3763 4537 ὲκπρία-

2161 4567 2285 4622 σθαι
2316 4565 2543 4636 τροφὰς,
2574 4567 2672 4618 καὶ
2711 4563 2898 4633 ἕτερον
2929 4558 3000 4633 ἦν
3029 4563 3205 4616 οὐδέν.
3258 4560 3476 4632 Ἐπειδὴ
3503 4559 3561 4612 δὲ
3610 4555 3762 4630 ἧκον

2157 4661 2238 4723 εἰς
2269 4658 2427 4713 τοῦτο
2453 4657 2549 4711 καὶ
2565 4655 3027 4727 κατεγνωρίζοντο
3041 4654 3226 4706 λοιπὸν
3246 4653 3322 4716 ῶς
3338 4651 3578 4721 ἀδελφοὶ,
3599 4668 3762 4704 σιτο-

2157 4751 2433 4814 δοτοῦντος
2459 4751 2580 4804 τότε
2616 4748 2714 4802 καὶ
2761 4747 3083 4819 ἐξάρχοντος
3129 4746 3228 4817 τῆς
3285 4743 3601 4812 Αἰγυπτίων
3648 4743 3761 4797 τοῦ

2171 4841 2388 4913 Ἰωσὴφ,
2433 4841 2514 4905 είς
2554 4837 2648 4903 οὖς
2677 4838 2740 4892 τὸ
2777 4837 3023 4909 πραχθὲν
3067 4835 3284 4906 ἐδέχετο
3313 4833 3534 4906 Φαραὼ,
3576 4851 3596 4885 ι
3636 4833 3767 4886 Καὶ

2159 4927 2300 4993 εἷπε,
2337 4949 2356 4982 ι
2418 4931 2576 5001 φησὶ,
2641 4947 2662 4980 ι
2705 4926 2905 4999 Φαραὼ
2946 4925 3085 4996 πρὸς
3128 4925 3349 4995 Ἰωσήφ*
3411 4920 3580 4977 Εἶπον
3635 4926 3766 4987 τοῖς

2158 5023 2406 5091 ἀδελφοῖς
2438 5038 2554 5074 σουο
2602 5019 2774 5073 Τοῦτο
2815 5019 3078 5090 ποιήσατε
3099 5032 3115 5047 ο
3138 5017 3410 5087 Γεμίσατε
3443 5014 3514 5067 τά
3548 5017 3764 5084 πυρεῖα

2161 5114 2336 5186 ὑμῶν,
2374 5115 2470 5167 καὶ
2515 5111 2780 5166 ἀπέλθετε
2819 5111 2900 5174 εἰς
2946 5112 3053 5182 γῆν
3105 5109 3328 5162 Χαναὰν
3355 5107 3452 5161 καὶ
3501 5107 3766 5176 παραλα-

2159 5207 2347 5270 ϐόντες
2377 5204 2470 5258 τὸν
2511 5205 2723 5275 πατέρα
2757 5205 2786 5257 ὑ
2796 5203 2934 5276 μῶν,
2963 5204 3059 5257 καὶ
3099 5201 3168 5256 τὰ
3205 5201 3520 5274 ὑπάρχοντα
3566 5199 3762 5269 ὑμῶν,

2157 5299 2322 5370 ἥκετε
2354 5298 2488 5369 πρὸς
2519 5297 2606 5368 μὲ,
2639 5298 2735 5351 καὶ
2768 5295 2924 5350 δώσω
2961 5297 3089 5366 ὑμῖν
3134 5294 3354 5349 πάντων
3383 5292 3494 5346 τῶν
3521 5291 3764 5360 ἀγαθῶν

2158 5390 2458 5459 Αἰγύπτου,
2509 5389 2605 5442 καὶ⁹
2649 5385 2888 5458 φάγεσθε
2917 5385 3010 5440 τδν
3055 5385 3250 5456 μυελὸν
3277 5387 3379 5456 τῆς
3407 5383 3532 5454 γῆς.
3567 5381 3643 5436 Σὺ
3691 5381 3766 5434 δὲ

2157 5483 2390 5537 ἕντειλαι
2419 5483 2611 5546 ταῦτα,
2651 5480 2838 5536 λαϐεῖν
2869 5480 3070 5543 αὐτοὺς
3095 5478 3312 5549 ἁμάξας
3345 5479 3411 5531 ἐκ
3441 5475 3545 5546 γῆς
3575 5472 3765 5543 Αίγύ-

2158 5593 2314 5640 πτου,
2341 5577 2454 5639 τοῖς
2481 5573 2711 5640 παιδίοις
2736 5572 2890 5643 ὑμῶν
2916 5571 3012 5627 καὶ
3030 5573 3151 5635 ταῖς
3176 5568 3411 5640 γυναιξὶ,
3437 5566 3534 5622 καὶ
3551 5565 3762 5620 ἀναλα-
