4024 6220
284 294 396 352 181
1048 300 1137 356 DE
1173 300 1618 360 ADORATIONE
1651 307 1724 362 ΙΝ
1761 306 1856 364 SP1

1958 309 2032 365 ru
2069 312 2157 368 ET
2193 302 2560 373 VERITATE.
2602 320 2728 375 ιω.
2768 321 2809 375 ι.
3449 329 3552 390 tes

279 411 483 474 δόντες
509 409 602 463 τὸν
633 409 847 481 πατέρα
880 410 1033 482 ὑμῶν
1073 415 1465 485 παραγίνεσθε,
1499 418 1593 470 καί⁵
1639 419 1714 489 μὴ
1756 421 1856 490 φεί·

1981 431 2035 477 et
2062 426 2345 492 uxoribus,
2379 438 2435 484 et
2473 429 2724 486 tollentes
2754 442 2967 502 patrem
2990 447 3233 494 vestrum
3257 441 3462 508 venite,
3491 457 3552 504 et

285 503 463 573 σησθε
510 503 622 565 τοῖς
668 501 967 573 ὀφθαλμοῖς
998 505 1108 558 τῶν
1161 506 1370 560 σκευῶν
1420 508 1611 578 ὑμῶν’
1653 509 1721 562 τὰ
1769 512 1856 583 γάι

1978 527 2048 567 ne
2069 515 2309 583 parcatis
2327 517 2502 571 oculis
2527 501 2960 587 supellectilibus
2981 527 3199 592 vestris,
3216 529 3344 598 quia
3363 501 3548 588 omnia

282 593 473 646 πάντα
501 591 686 661 ἀγαθὰ
716 591 995 660 Αἰγύπτου
1023 594 1150 684 ὑμῖν
1178 595 1350 649 ἔσται.
1390 616 1409 648 ι
1447 599 1504 651 ’0
1536 599 1634 670 μὲν
1654 595 1747 653 οὖν
1779 604 1856 672 τῆε

1976 600 2118 656 bona
2144 601 2360 674 Egypti
2385 605 2541 660 vobis
2574 618 2739 663 erunt
2767 609 2830 662 ⁸⁸.
2870 630 2888 662 ›
2952 612 3140 682 Itaque
3169 591 3548 688 Ekyptiorum

278 684 609 752 Αἰγυπτίων
640 684 943 754 ἡγούμενος
981 687 1164 749 αὐτοῖς
1211 687 1530 742 ἀνάπαυλαν
1572 692 1666 744 καὶ
1694 697 1856 764 τρυφῇ

1974 691 2229 763 princeps
2262 695 2348 748 his
2377 697 2550 750 otium
2571 707 2627 752 et
2641 698 2949 770 voluptates
2969 684 3380 765 allluentissime
3402 727 3545 780 prae-

280 776 675 830 καταπιαίνειν
711 773 772 830 εὖ
811 777 956 848 μάλα
990 780 1481 850 κατεπηγγείλατο,
1507 783 1600 835 καὶ
1647 783 1755 854 μὴν
1783 786 1856 837 κα“

1974 782 2217 838 biturum
2247 801 2304 840 se
2342 787 2735 856 pollicebatur;
2765 793 3003 860 plaustra
3027 811 3244 866 quoque
3276 773 3546 872 largi-eba-

279 869 510 938 ἁμάξας
579 868 897 939 ἐχαρίζετο,
959 869 1326 926 καταλεαίνων
1381 869 1535 944 οἶμαί
1600 891 1701 927 που
1761 878 1874 939 τοῖς

280 960 508 1014 ὀκνοῦσι
537 959 634 1031 τὴν
665 960 912 1016 κάθοδον.
951 961 1015 1013 Οἱ
1057 961 1114 1014 δὲ
1146 964 1383 1029 πανοικὶ,
1431 965 1750 1018 κατέϐαινον
1783 966 1873 1018 εὐ-

281 1055 408 1118 θὺς,
457 1053 555 1124 τὴν
600 1054 935 1126 πρόσκαιρον
961 1055 1072 1108 τῶν
1111 1055 1388 1126 ἐδωδίμων
1421 1056 1735 1118 ἀπόλαυσιν,
1771 1057 1871 1110 οὐκ

279 1143 380 1199 οἷδ’
416 1147 566 1209 ὅπως
595 1146 1060 1218 προτετιμηκότες
1085 1149 1189 1218 γῆς
1219 1164 1277 1199 τε
1301 1148 1397 1200 καὶ
1420 1149 1602 1218 χώρας
1620 1147 1870 1219 δοθείσης

280 1239 437 1310 παρὰ
459 1237 598 1292 Θεοῦ
624 1256 638 1268 ·
682 1235 750 1309 ἦν
781 1239 893 1308 γὰρ
923 1239 986 1310 δή
1027 1257 1130 1292 που
1170 1240 1320 1311 παρὰ
1363 1240 1496 1294 πολὺ
1521 1243 1766 1314 κρεῖττόν
1807 1258 1864 1297 τι

280 1332 376 1385 καὶ
405 1332 635 1402 ἄμεινον
667 1330 730 1383 τὸ
761 1331 975 1401 ἐκείνην
1007 1331 1288 1401 νέμεσθαι,
1317 1335 1365 1386 εί
1396 1336 1490 1386 καὶ
1531 1334 1627 1386 σὺν
1676 1333 1869 1405 βραχεῖ

279 1423 338 1474 τὸ
368 1421 566 1492 χρῆμα
609 1419 960 1491 κατωρθοῦτο
999 1421 1168 1492 πόνῳ.
1232 1420 1448 1493 Ἐπειδὴ
1497 1421 1564 1474 δὲ
1599 1417 1734 1493 ἧκον
1786 1423 1867 1486 είς

289 1511 582 1581 Αἴγυπτον,
637 1507 805 1580 ᾤοντο
851 1510 949 1580 μὲν
999 1511 1130 1574 ἴσως
1191 1512 1286 1564 καὶ⁸
1347 1512 1628 1582 διαδράναι
1681 1512 1864 1566 λοιπὸν

1973 883 2084 939 tur,
2110 884 2172 929 ut
2195 875 2336 942 illos,
2375 886 2436 932 ut
2471 888 2623 949 puto,
2657 881 3078 942 reformidantes
3110 889 3178 942 ad
3201 890 3545 949 descenden-

1971 965 2102 1020 dum
2139 967 2404 1024 alliceret.
2435 969 2500 1023 Hi
2533 987 2668 1026 vero
2699 989 2826 1028 cum
2853 976 3109 1033 universa
3139 979 3345 1036 familia
3360 984 3544 1041 statim

1967 1055 2393 1124 descenderunt,
2429 1062 2891 1130 temporariorum
2941 1065 3194 1120 ciborum
3235 1085 3397 1124 usum
3458 1089 3547 1126 ra-

1972 1148 2119 1202 tione
2164 1149 2349 1204 nescio
2407 1166 2534 1220 qua,
2577 1160 2735 1207 terra:
2784 1154 3105 1225 regionique
3161 1173 3193 1212 a
3249 1160 3360 1214 Deo
3405 1161 3544 1218 datae

1969 1239 2322 1310 praeferentes
2358 1259 2370 1296 :
2408 1243 2584 1296 multo
2634 1259 2871 1315 namque
2930 1248 3126 1303 melius
3157 1257 3318 1319 atque
3353 1252 3545 1308 utilius

1966 1337 2086 1382 erat
2121 1344 2191 1383 ex
2244 1329 2336 1383 illa
2402 1331 2508 1384 sibi
2559 1341 2775 1401 pastum
2828 1349 3098 1404 quaerere,
3155 1341 3408 1408 quamvis
3432 1358 3542 1396 non

1965 1419 2086 1474 sine
2139 1421 2322 1490 aliquo
2361 1421 2550 1480 labore
2602 1424 2658 1478 id
2689 1424 2828 1480 elIici
2883 1437 3089 1496 posset.
3153 1430 3350 1486 Postea
3407 1449 3542 1488 vero

1964 1526 2128 1580 quam
2148 1511 2202 1565 in
2239 1511 2530 1582 Egyptum
2557 1524 2849 1580 venerunt,
2890 1519 3156 1587 putabant
3205 1537 3263 1576 se
3309 1522 3541 1579 fortasse

290 1605 409 1666 τοὺς
436 1601 581 1655 οἶκοι
629 1601 845 1664 πόνους,
883 1595 965 1665 οἷς
995 1602 1088 1655 καὶ
1120 1600 1231 1654 τῶν
1273 1602 1591 1673 παραυτίκα
1615 1602 1856 1672 τερπνῶν

1958 1603 2070 1673 jam
2100 1601 2355 1673 effugisse
2377 1603 2591 1658 labores
2614 1620 2752 1674 quos
2787 1606 2933 1661 domi
2968 1609 3290 1678 habuerant,
3315 1625 3541 1685 eratque

295 1695 596 1765 ήαῐσθησις
641 1693 796 1764 ἡδεῖά
822 1710 940 1757 πως
966 1688 1036 1764 ἦν
1067 1693 1270 1757 αὐτοῖς.
1319 1693 1642 1762 Διέρποντος
1686 1694 1743 1746 δὲ
1769 1694 1862 1748 τοῦ

1965 1692 2073 1746 iilis
2100 1694 2455 1762 praesentium
2512 1695 2853 1764 voluptatum
2903 1712 3097 1753 sensus
3142 1703 3536 1771 periucundus.

300 1789 511 1858 χρόνου,
542 1787 632 1838 τὸν
670 1785 841 1839 ἀκλεᾶ
871 1786 971 1856 τῆς
999 1785 1242 1850 δουλείας
1278 1786 1566 1858 ὑποτρέχει
1600 1784 1784 1855 ξυγδνν
1828 1787 1856 1859 ἡ

1964 1779 2070 1835 Sed
2115 1781 2404 1851 interjecto
2454 1791 2698 1852 tempore
2735 1783 3030 1840 multitudo
3084 1787 3173 1842 illa
3221 1789 3332 1858 jam
3356 1790 3539 1846 indea

302 1877 506 1932 ἄνωθέν
545 1893 604 1928 τε
650 1876 736 1930 καὶ
775 1877 841 1928 ὲκ
889 1876 1142 1949 πατέρων
1177 1877 1404 1949 εὐγενὴς
1453 1878 1546 1931 καὶ
1601 1877 1863 1947 ἐλευθέρα

1962 1872 2078 1927 suis
2108 1873 2408 1943 majoribus
2437 1874 2673 1946 ingenua
2699 1889 2764 1930 ac
2820 1875 3016 1943 libera,
3078 1879 3213 1934 rude
3255 1883 3538 1938 servitutis

299 1970 520 2041 πληθύς.
556 1967 755 2022 Οὐκοῦν
781 1970 831 2021 εί
863 1969 1091 2040 προσείη
1115 1971 1234 2040 μετ’
1262 1970 1560 2041 εὐημερίας
1588 1971 1856 2040 κοσμικῆς

1958 1964 2148 2034 jugum
2177 1964 2373 2019 subiit.
2403 1965 2570 2035 Igitur
2602 1965 2877 2020 mundana
2902 1967 3152 2035 felicitas,
3205 1972 3294 2024 cui
3338 1972 3536 2043 adjunv

292 2063 345 2115 τὸ
380 2061 744 2134 προσπίπτειν
778 2063 860 2127 είς
903 2061 972 2115 τὰ
999 2062 1216 2133 αἰσχίω,
1247 2063 1632 2133 παραιτητέον,
1659 2055 1705 2115 ὦ
1737 2064 1859 2128 τᾶν,

287 2154 435 2223 εἴπερ
465 2152 586 2204 ἐστὶ
612 2153 745 2224 παρ’
770 2153 902 2223 ἡμῖν
927 2154 985 2206 ὲν
1015 2152 1160 2223 λόγῳ
1183 2151 1243 2206 τὸ
1272 2151 1576 2223 ἐλεύθερον,
1610 2151 1860 2222 βδελυρόν

284 2261 338 2295 τε
365 2244 458 2296 καὶ
488 2242 899 2314 ἀπηχθισμένον
947 2243 1010 2296 τὸ
1044 2243 1409 2314 δουλοπρεπὲς
1449 2245 1640 2318 χρῆμά
1671 2263 1730 2298 τε
1765 2246 1861 2299 καὶ

279 2337 552 2408 φρόνημα·
1175 2350 1186 2360 ’

346 2427 555 2483 ΠᾹΛΛ.
575 2467 584 2491 ε
602 2428 837 2497 ’Δριστα
862 2427 1020 2497 ἔφης.

344 2520 518 2574 KTP.
557 2520 625 2574 Τί
663 2520 742 2584 δὲ,
777 2520 898 2590 οὐχὶ
927 2520 1145 2574 κάκεῖνό
1174 2538 1376 2592 φαμεν,
1417 2521 1478 2575 οὗ
1514 2521 1744 2594 μετρίαν
1781 2521 1860 2586 ὥς

272 2613 333 2679 γέ
375 2630 471 2682 μοι
497 2612 645 2666 δοκεῖ
678 2616 792 2677 τοῖς
819 2612 1021 2685 ἀρτίως
1055 2615 1188 2685 ημῖν
1219 2613 1531 2685 εἰρημένοις
1574 2614 1860 2670 συνωδίνον

269 2703 369 2774 τὴν
393 2702 613 2773 Emam;

1025 2776 1156 2798 τετυ
1248 2774 1252 2776 ’

338 2885 558 2940 ΗΔΛΛ.
599 2884 675 2937 Th
703 2885 797 2936 ποῖ
813 2883 867 2935 τί
891 2881 1017 2954 φῄς.

337 2976 516 3029 ΚΥΡ.
573 2975 851 3045 Ῥαψάκης
905 2975 934 3027 ὀ
986 2971 1322 3036 Βαϐυλώνιος
1377 2971 1486 3026 τῶν
1561 2971 1858 3043 Ἀσσυρίων

264 3067 608 3138 στρατηγὸς,
632 3066 865 3137 ἀριθμοῦ
901 3067 1188 3139 κρείττονα
1217 3065 1528 3138 δορυφόρων
1567 3064 1698 3117 ποτὲ
1721 3063 1858 3133 πλη-

258 3125 366 3214 θὺν
402 3125 721 3232 ἐπεσῦρετο,
754 3125 856 3232 ἧκέ
883 3125 954 3213 τε.
983 3125 1381 3230 πολιορκήσων,
1420 3125 1620 3228 μᾶλλον
1650 3158 1727 3222 δὲ,
1761 3125 1854 3210 καὶ
1883 3125 1924 3182 c

257 3251 392 3304 λίαν
430 3250 690 3318 ἀμογητὶ,
726 3251 906 3302 πᾶσαν
932 3251 994 3302 ὲκ
1027 3248 1242 3319 βάθρων
1271 3249 1516 3319 αἱρήσειν
1539 3243 1853 3316 ὑπειληφὼς

251 3345 362 3412 τὴν
388 3343 565 3411 ἁγίαν
593 3343 760 3395 πόλιν.
791 3337 924 3395 Εἶτα
953 3340 1283 3412 προεσὰλευε
1303 3339 1410 3393 τῶν
1430 3339 1609 3392 ὃπλων
1637 3338 1733 3410 τὴν
1755 3339 1854 3392 οὐκ

252 3435 610 3505 ἀμελέτητον
631 3433 800 3504 αὐτῷ,
837 3433 1256 3504 κατειθισμένην
1280 3431 1336 3486 δὲ
1365 3432 1568 3504 σφόδρα
1596 3431 1737 3486 κατὰ
1759 3431 1853 3484 τοῦ

251 3524 406 3578 Θεοῦ
440 3521 839 3592 γλωσσαλγίαν.
870 3523 1056 3594 Μυρία
1079 3522 1135 3575 δὲ
1163 3523 1263 3575 ὅσα
1291 3521 1544 3592 παλίμφη
1554 3537 1629 3590 μα
1656 3520 1850 3589 λέγων,

255 3617 688 3690 προσεπεφώνει
729 3616 790 3668 τὸ
815 3615 1125 3668 τελευταῖον
1168 3615 1282 3677 τοῖς
1319 3612 1418 3684 τὴν
1452 3612 1612 3682 ἁγίαν
1643 3610 1851 3665 οἰκοῦσι

253 3711 456 3763 πόλιν
479 3727 498 3760 ι
523 3708 657 3760 Τάδε
675 3708 822 3776 λέγει
844 3709 871 3760 ὁ
894 3705 1145 3777 βασιλεὺς
1169 3705 1490 3776 Ἀσσυρίων·
1509 3704 1571 3757 El
1598 3701 1850 3774 βούλεσθε

253 3798 655 3869 εὐλογηθῆναι,
697 3796 994 3868 πορεύεσθε
1029 3795 1163 3868 πρὸς
1201 3796 1289 3866 μὲ,
1323 3795 1418 3848 καὶ
1447 3792 1684 3864 φάγεσθε
1719 3793 1853 3846 ’ἐκα-

247 3908 392 3954 619;
433 3891 533 3959 τὴν
566 3889 805 3960 ἄμπελον
842 3887 1029 3951 αὑτοῦ,
1062 3887 1158 3940 καὶ
1188 3889 1286 3950 τὰς
1320 3887 1492 3947 συκᾶς
1526 3883 1711 3950 αὑτοῦ,
1757 3883 1851 3936 καὶ

251 3982 467 4037 πίεσθε
518 3980 659 4052 ὕδωρ
707 3979 802 4032 τοῦ
855 3978 1061 4032 λάκκου
1116 3977 1290 4048 ὑμῶν,
1325 3976 1432 4040 ἓως
1461 3975 1526 4029 ἂν
1551 3974 1708 4038 ἔλθω,
1758 3974 1852 4028 καὶ

249 4075 422 4130 Sitiﬁm
472 4075 613 4142 ὑμᾶς
666 4073 747 4135 είς
797 4073 922 4141 γῆν,
977 4069 1053 4132 ὡς
1084 4070 1118 4139 ὴ
1159 4069 1232 4138 γῆ
1264 4067 1438 4138 ὑμῶν,
1479 4066 1552 4135 γῆ
1583 4066 1730 4119 σίτου
1758 4067 1852 4120 καὶ

247 4166 408 4219 οἶνον
447 4163 541 4216 καὶ
571 4161 748 4231 ἄρτων
775 4162 872 4214 καὶ
902 4157 1260 4231 ἀμπελώνων.
1285 4175 1304 4209 ι
1342 4157 1534 4228 Ἀθρει
1562 4155 1626 4227 δὴ
1652 4152 1746 4210 οὖν
1768 4156 1851 4208 ὅτι

248 4258 350 4311 καὶ
386 4254 563 4316 αὐτὸς
590 4251 984 4322 ἐπαγγέλλεται
1009 4251 1109 4322 τὴν
1132 4249 1219 4304 ἐπ’
1239 4249 1470 4321 ἀμπέλῳ
1501 4267 1560 4302 τε
1592 4249 1688 4302 καὶ
1710 4250 1848 4320 συκῇ

245 4347 486 4420 τρυφήν
509 4363 568 4398 τε
595 4346 689 4398 καὶ
711 4343 902 4416 τέρψιν
930 4341 1238 4413 προσετίθει
1263 4341 1341 4408 δὲ,
1368 4343 1450 4396 ὅτι
1485 4359 1504 4394 ι
1529 4341 1640 4396 Καὶ
1658 4339 1848 4394 πίεσθε

247 4441 410 4511 ὕδωρ
449 4435 541 4489 τοῦ
572 4436 775 4490 λάκκου
801 4435 978 4507 ὑμῶν.
1013 4453 1032 4486 ι

316 4616 552 4669 ΠΑΛΛ.
604 4613 763 4667 Ἀλλὰ
800 4613 856 4667 τί
902 4613 970 4668 ἂν
1021 4612 1265 4685 βούλοιτο
1316 4612 1487 4666 ταῦτα
1543 4610 1760 4682 δηλοῦν,
1799 4611 1848 4665 εί

241 4708 398 4778 πρὸς
431 4705 670 4776 θεωρίαν
693 4705 881 4772 ἄγοιτο
903 4707 1002 4776 τὴν
1023 4704 1435 4775 πνευματικήνς

315 4798 500 4853 ΚΥΡ.
543 4796 702 4850 Κατὰ
729 4797 904 4850 διττὸν
929 4795 1081 4867 οἶμαι
1107 4797 1308 4868 τρόπον
1337 4797 1370 4867 ἡ
1393 4795 1491 4866 τῆς
1515 4796 1846 4864 φαυλότητος

241 4893 302 4944 ὲν
343 4891 493 4960 ἡμῖν
523 4889 952 4961 ἀποπεραίνεται
994 4888 1242 4959 δύναμις.
1279 4890 1351 4943 ’Ἡ
1390 4889 1499 4959 γὰρ
1529 4891 1648 4951 ταῖς
1677 4886 1846 4958 θύρας

239 4983 340 5035 θεν
392 4981 637 5050 ἡδοναῖς,
671 4981 703 5052 ἢ
744 4983 868 5044 ταῖς
919 4980 1184 5051 ὲμφύτοις
1215 4982 1311 5034 καὶ⁸
1363 4982 1421 5033 ὲν
1461 4982 1614 5052 ἡμῖν,
1639 4980 1742 5033 ὑπό
1783 4996 1844 5032 τε

243 5073 409 5141 σφῶν
441 5071 646 5134 αὐτῶν,
684 5073 778 5125 καὶ
809 5071 915 5143 μὴν
944 5073 1040 5124 καὶ
1068 5071 1292 5142 ἐτέρων,
1327 5071 1598 5141 ὲντρυφᾷν
1619 5071 1845 5124 ἀναπει-

243 5165 498 5233 θόμενοι,
534 5163 672 5235 πρὸς
719 5165 828 5216 πᾶν
852 5161 1028 5216 ὁτιοῦν
1069 5161 1178 5216 τῶν
1207 5161 1622 5232 ἀπηχεστάτων,
1662 5160 1843 5213 διωλι-

247 5257 520 5325 cfs-aries;
575 5257 755 5310 ἁλοῖεν
800 5255 889 5321 ἂν,
961 5257 1010 5309 οἱ
1060 5256 1198 5328 πρὸς
1257 5256 1529 5326 ἁμαρτίαν
1602 5253 1836 5308 εὔκολοι.

256 5347 557 5412 Ἐκδείξειε
602 5348 649 5401 δ’
694 5347 761 5402 ἂν
806 5349 901 5401 καὶ
944 5347 1102 5400 τοῦτο
1135 5348 1268 5418 ἡμῖν
1307 5345 1382 5409 ὡς
1429 5345 1574 5399 ἔστιν
1614 5345 1835 5416 ἀληθὲς,

234 5439 349 5494 τοῦ
375 5441 626 5511 Σωτῆρος
646 5442 675 5494 ὁ
694 5439 964 5512 μαθητὴς,
987 5439 1164 5510 ὠδίπη
1187 5438 1381 5506 λέγων,
1401 5439 1554 5491 «Ὅτι
1577 5439 1685 5492 πᾶν
1704 5437 1764 5490 τὸ
1781 5439 1838 5490 ὲν

233 5531 326 5603 τῷ
358 5533 574 5602 κόσμῳ,
614 5533 647 5602 ὴ
685 5529 954 5602 ἐπιθυμία
977 5531 1076 5601 τῆς
1117 5530 1340 5601 σαρκὸς,
1377 5529 1472 5582 καὶ
1499 5529 1534 5599 ἡ
1571 5526 1838 5597 ἐπιθυμία

1960 2061 2082 2108 ctus
2125 2062 2210 2108 est
2262 2053 2353 2108 ille
2385 2054 2453 2108 ad
2522 2055 2768 2126 turpiora
2799 2059 3004 2128 lapsus,
3068 2062 3374 2131 respuenda
3427 2076 3532 2127 est,

1959 2145 2200 2210 Palladi,
2229 2145 2277 2199 si
2312 2160 2475 2214 quam
2505 2148 2771 2204 rationem
2801 2151 3072 2207 libertatis
3135 2152 3420 2219 habemus,
3479 2166 3537 2212 et

1959 2235 2237 2291 servitutis
2257 2243 2315 2288 et
2337 2250 2453 2290 rem
2481 2246 2536 2292 et
2561 2253 2780 2295 sensum
2806 2258 3157 2298 exsecramur
3184 2256 3348 2316 atque
3379 2264 3536 2303 aver-

1957 2342 2164 2384 samur.
3137 2343 3147 2348 “

2028 2421 2224 2478 PALL.
2260 2423 2478 2496 Optime
2522 2425 2731 2481 dixisti.
2838 2469 2840 2471 .

2028 2513 2187 2571 CYR.
2221 2515 2364 2583 Quid
2394 2533 2527 2573 vero
2575 2518 2834 2588 prohibet
2880 2520 3179 2590 quominus
3205 2519 3339 2575 illud
3391 2535 3530 2590 quo-

1957 2621 2064 2677 que
2090 2607 2356 2675 dicamus,
2417 2609 2585 2680 quod,
2623 2620 2684 2665 ut
2729 2610 2866 2666 mihi
2895 2612 3119 2682 quidem
3154 2613 3398 2680 videtur,
3421 2629 3530 2668 non

1956 2697 2290 2754 mediocrem
2339 2702 2501 2756 simul
2539 2717 2665 2758 cum
2695 2702 2763 2758 iis
2794 2719 2917 2774 qua:
2953 2704 3118 2760 modo
3151 2705 3392 2760 diximus
3421 2705 3533 2758 uti-

1956 2787 2166 2843 litatem
2188 2791 2479 2846 continet?

2026 2879 2223 2935 PALL.
2249 2880 2519 2949 Quidnam
2551 2883 2686 2939 illud
2707 2885 2832 2939 est?

2023 2969 2181 3027 CYR.
2247 2972 2519 3044 Rapsaces
2557 2973 2926 3046 Babylonius,
2980 2975 3327 3047 Assyriorum
3400 2977 3533 3040 dux,

1957 3064 2370 3121 multitudinem
2428 3067 2666 3121 militum
2740 3068 3086 3123 innumeram
3145 3079 3532 3136 contraxerat,

1957 3165 2292 3227 veneratque
2339 3168 2774 3230 oppugnaturus,
2819 3160 2928 3214 imo
2952 3175 3104 3226 vero,
3162 3171 3223 3216 ut
3260 3163 3377 3232 ipse
3429 3179 3535 3233 pu-

1958 3249 2127 3313 tabat,
2167 3250 2318 3304 nullo
2343 3251 2563 3322 negotio
2595 3261 2836 3307 sanctam
2861 3253 3140 3309 civitatem
3187 3270 3254 3309 ex
3287 3255 3412 3308 imis
3449 3271 3537 3311 sc-

1957 3341 2119 3396 dibus
2156 3357 2450 3398 eversurus
2481 3342 2715 3399 :deinde
2745 3354 3040 3414 antequam
3075 3346 3182 3401 tela
3209 3348 3531 3418 conjiceret,

1956 3430 2187 3485 nimium
2233 3433 2586 3487 exercitatam
2642 3442 2698 3488 et
2758 3434 3081 3488 familiarem
3135 3435 3533 3505 blasphemiam

1955 3520 2218 3577 adversus
2251 3523 2426 3578 Deum
2462 3524 2719 3579 vibravit.
2761 3525 2950 3594 Itaque
2977 3541 3100 3580 cum
3134 3526 3305 3580 multa
3367 3528 3535 3584 male-

1955 3610 2101 3666 dicta
2141 3612 2485 3681 conjecisset,
2557 3611 2624 3666 ad
2684 3620 2993 3667 extremum
3050 3613 3160 3667 illis
3208 3610 3397 3666 verbis
3448 3616 3533 3665 est

1955 3700 2227 3754 allocutus
2268 3715 2366 3754 eos
2391 3699 2485 3769 qui
2532 3699 2588 3753 in
2653 3708 2839 3754 sancta
2895 3699 3117 3755 civitate
3170 3698 3528 3754 habitabant:

1962 3806 1981 3840 ι
2015 3786 2141 3843 Haec
2174 3788 2307 3842 dicit
2365 3803 2462 3842 rex
2493 3787 2842 3858 Assyriorum
2871 3806 2884 3840 :
2943 3787 2999 3841 Si
3056 3787 3224 3843 vultis
3255 3787 3529 3852 benedici,

1952 3879 2275 3950 egredimini
2315 3879 2384 3934 ad
2422 3894 2530 3943 me,
2563 3888 2619 3934 et
2645 3879 2913 3934 comedite
2941 3880 3318 3950 unusquisque
3364 3880 3531 3934 vitem

1951 3979 2204 4037 suam,et
2244 3971 2382 4026 ficus
2427 3986 2573 4036 suas,
2606 3979 2664 4025 et
2709 3971 2882 4024 bibite
2937 3986 3132 4039 aquam
3172 3969 3239 4024 de
3293 3970 3530 4025 cisterna

1949 4070 2153 4127 vestra,
2182 4061 2288 4131 19
2317 4074 2605 4130 quousque
2634 4060 2872 4122 veniam,
2895 4068 2951 4112 et
2977 4057 3301 4112 transferam
3334 4073 3432 4112 vos
3475 4057 3530 4112 in

1953 4163 2154 4211 terram
2174 4167 2295 4223 qum
2311 4158 2414 4215 est,
2446 4151 2591 4205 sicut
2613 4159 2760 4204 terra
2780 4155 2986 4213 vestra,
3014 4154 3160 4202 terra
3195 4145 3458 4201 frumenti
3475 4157 3532 4203 et

1950 4246 2086 4312 vini,
2126 4253 2181 4300 et
2239 4258 2443 4314 panum
2508 4250 2565 4297 et
2591 4241 2879 4296 vinearum
2913 4244 2981 4294 δ’.
3038 4260 3057 4293 ›
3103 4239 3238 4296 Vide
3269 4240 3435 4312 igitur
3473 4249 3530 4296 et

1950 4337 2100 4392 hunc
2143 4334 2392 4407 polliceri
2433 4335 2536 4390 sub
2596 4333 2707 4388 vite
2751 4341 2808 4387 et
2858 4331 2962 4391 ficu
2994 4332 3330 4402 voluptatem
3363 4340 3528 4402 atque

1951 4429 2394 4485 oblectationem.
2433 4427 2572 4482 Illud
2617 4440 2782 4496 porro
2819 4423 3038 4495 adjecit,
3071 4441 3091 4476 ι
3129 4423 3305 4478 Bibite
3328 4440 3524 4494 aquam

1949 4521 2018 4577 de
2045 4522 2167 4576 lacu
2189 4528 2396 4576 vestro.
2435 4538 2456 4571 ι

2017 4611 2213 4667 PALL.
2278 4610 2388 4666 Sed
2440 4609 2703 4681 quidnam
2757 4609 2874 4665 haec
2929 4609 3036 4664 sibi
3096 4608 3306 4674 volunt,
3349 4608 3394 4664 si
3453 4607 3522 4662 ad

1946 4702 2288 4773 Spiritualem
2331 4701 2844 4772 contemplationem
2875 4700 3310 4755 transferantur?

2014 4795 2170 4850 CYR.
2202 4794 2448 4859 Duobus,
2484 4802 2545 4848 ut
2577 4793 2839 4858 arbitror,
2859 4793 3036 4848 modis
3064 4792 3323 4863 nequitia:
3351 4793 3435 4848 vis
3466 4793 3524 4855 in

1943 4887 2104 4943 nobis
2142 4885 2450 4958 perficitur.
2499 4885 2608 4939 Aut
2633 4885 2780 4939 enim
2819 4885 3064 4940 externis
3126 4884 3519 4954 voluptatibus,

1941 4989 2038 5035 aut
2060 4975 2241 5033 insitis
2273 4987 2438 5048 atque
2469 4977 2525 5031 in
2565 4977 2726 5033 nobis
2776 4977 3132 5043 haerentibus,
3163 4978 3415 5034 homines
3451 4979 3525 5036 ad

1940 5068 2280 5138 peccandum
2315 5067 2508 5121 faciles
2527 5067 2611 5121 vel
2674 5083 2773 5121 sua
2808 5077 3021 5137 sponte,
3053 5067 3143 5122 vel
3177 5067 3246 5121 ab
3287 5067 3408 5123 aliis
3452 5068 3527 5123 ad

1940 5159 2335 5213 oblectationes
2363 5157 2749 5229 percipiendas
2793 5157 3062 5228 persuasi,
3131 5156 3198 5210 ad
3234 5156 3522 5212 absurdis-

1945 5251 2084 5306 sima
2130 5266 2360 5321 qureque
2413 5250 2550 5321 lapsi
2602 5265 2722 5305 esse
2763 5249 3252 5319 deprehenduntur
3296 5267 3310 5303 :
3357 5249 3524 5317 idque

1945 5359 2139 5398 verum
2171 5359 2292 5398 esse
2329 5343 2420 5399 ille
2461 5341 2762 5398 Salvatoris
2800 5341 2976 5397 nostri
2999 5341 3303 5411 discipulus
3329 5347 3520 5394 osten—

1944 5433 2029 5488 dit
2083 5433 2172 5486 his
2198 5432 2382 5488 verbis
2414 5449 2428 5486 :
2477 5450 2495 5484 ι
2531 5431 2708 5487 Omne
2745 5429 2892 5502 quod
2946 5437 3031 5484 est
3060 5429 3114 5483 in
3145 5427 3386 5491 mundo,
3427 5433 3524 5481 aut

1945 5523 2393 5594 concupiscentia
2420 5525 2604 5580 carnis
2627 5532 2731 5590 est,
2762 5531 2858 5578 aut
2889 5518 3341 5591 concupiscentia
3390 5532 3526 5574 ocu-

317 5715 370 5744 ⁸⁵
406 5709 545 5766 Gen.
581 5727 702 5777 va,
746 5710 932 5768 17-20.
1010 5711 1058 5744 δ’
1093 5711 1162 5769 IV
1196 5711 1495 5780 Reg.xvm,
1526 5708 1615 5773 51,
1650 5707 1756 5775 52;
1804 5705 1853 5790 Is

1958 5720 2127 5770 lxxvt,
2167 5703 2255 5770 16,
2301 5703 2387 5757 17.

3394 5810 3455 5825 us.
