4024 6220
526 267 631 329 163

1550 263 1605 317 S.
1646 261 1925 317 CY’RILLI
1966 258 2441 318 ALEXANDle
2477 258 2811 315 ABGHIEP.’

3681 259 3783 319 164

524 383 726 445 lorum,
761 389 857 436 aut
878 376 1138 449 superbia
1171 375 1297 430 vitae
1323 374 1388 427 '°.
1415 393 1434 425 ι
1469 374 1636 429 Insita
1670 389 1908 445 namque
1930 384 2016 431 est
2045 385 2101 431 et

2208 372 2313 426 τῶν
2339 370 2654 443 ὀφθαλμῶν,
2682 371 2778 426 καὶ
2814 370 2850 442 ἡ
2875 368 3292 435 ἀλοζονείατοῦ
3328 370 3465 442 βίον.
3503 388 3523 425 ›
3563 372 3778 444 Ἕμφυ-

525 473 583 529 in
616 471 779 527 nobis
803 471 936 543 ipsis
961 467 1125 523 inﬁxa
1156 474 1213 520 et
1234 465 1450 520 haerens
1479 466 1926 536 concupiscentia
1978 482 2103 521 car—

523 563 639 626 nis,
673 576 903 630 eamque
929 558 1140 628 peccati
1167 558 1345 628 legem
1384 556 1582 613 beatus
1629 573 1853 629 quoque
1901 552 2105 614 Paulus

523 653 759 723 appellat
790 654 859 715 ",
881 650 1222 705 habitantem
1256 649 1315 704 in
1339 650 1604 706 membris
1628 651 1830 707 carnis.
1851 649 2106 706 Externa;

522 752 705 797 autem
733 741 1041 811 voluptates
1075 747 1244 810 atque
1271 739 1586 796 adventitiae
1613 740 2008 796 oblectationes
2027 755 2107 796 eae

522 840 652 886 sunt
698 846 821 901 quae
863 832 1151 885 oculorum
1200 844 1366 885 sensu
1422 829 1821 902 percipiuntur.
1876 832 2106 887 Divitias

521 922 670 978 enim
708 938 809 992 per
846 922 1040 977 oculos
1071 920 1418 976 admirantur
1461 920 1733 989 homines,
1767 938 1980 978 necnon
2009 939 2106 979 ve-

523 1012 691 1067 stium
753 1012 1106 1082 splendorem
1163 1013 1489 1083 reliquaque
1546 1014 1603 1069 id
1663 1030 1836 1086 genus
1902 1015 2107 1086 quibus

523 1104 735 1159 addicti
764 1112 893 1158 sunt
913 1104 1184 1170 nonnulli,
1217 1114 1479 1176 tanquam
1507 1105 1865 1162 suavissimus
1887 1106 2107 1163 illorum

522 1196 597 1253 sit
625 1212 777 1260 usus,
808 1196 1170 1252 vehementer
1221 1198 1479 1268 probant.
1512 1198 1656 1269 Ergo
1694 1197 1823 1253 vitis
1858 1198 2106 1267 quidem,

522 1296 578 1342 et
603 1286 739 1342 ﬁcus
770 1294 1013 1342 externa:
1035 1287 1186 1343 illius
1207 1298 1264 1343 et
1282 1288 1597 1346 adventitiae
1619 1288 2007 1344 delectationis
2040 1304 2106 1344 ac

522 1379 819 1449 voluptatis
852 1379 1080 1450 ﬁguram
1107 1395 1219 1433 non
1252 1379 1494 1435 absurde
1524 1388 1737 1445 tenent,
1791 1394 1919 1433 cum
1942 1377 2107 1433 simul

523 1485 709 1525 rerum
756 1485 878 1539 quae
934 1469 993 1523 in
1048 1468 1256 1523 mundo
1323 1477 1471 1534 sunt,
1530 1469 1754 1524 brevem
1795 1467 2108 1536 ﬂuxamque

520 1566 794 1623 naturam,
824 1572 1042 1627 unaque
1081 1556 1429 1613 dulcedinem
1471 1559 1823 1628 coniunctam
1880 1572 2008 1612 cum
2039 1573 2105 1613 ea

521 1649 577 1702 vi
630 1663 752 1718 qua:
807 1654 973 1717 caput
1010 1656 1202 1712 tentet,
1245 1657 1302 1704 et
1354 1649 1613 1703 tenebras
1666 1648 1934 1711 oﬂ'undat,
1992 1662 2104 1703 non

2202 481 2298 537 τος
2322 465 2432 535 γὰρ
2460 464 2553 518 καὶ
2580 464 2639 516 ἐν
2663 465 2794 534 ἡμῖν
2821 462 3006 526 αὐτοῖς
3032 462 3379 534 ὲρῤιζωμένη
3419 464 3515 517 καὶ
3546 464 3781 534 μένουσα

2203 554 2302 625 τῆς
2334 555 2537 626 σαρκὸς
2579 557 2614 625 ἡ
2644 553 2928 625 ἐπιθυμία,
2959 554 3126 626 νόμον
3163 554 3221 609 δὲ
3266 554 3439 627 αὐτὴν
3483 556 3779 627 ἁμαρτίας,

2204 646 2298 699 καὶ
2319 647 2350 698 ὁ
2381 645 2523 709 θεῖος
2569 647 2704 717 ἡμῖν
2745 643 2997 716 ὠνόμαζε
3047 643 3280 709 Παῦλος,
3327 645 3638 700 ἐνοικοῦντα
3671 650 3781 714 τοῖς

2209 738 2394 809 μέλεσι
2434 739 2533 809 τῆς
2560 737 2783 808 σαρκός.
2815 737 3049 809 Τέρψεις
3097 736 3155 790 δὲ
3197 738 3292 792 καὶ
3335 732 3518 809 ἡδοναὶ
3550 737 3782 810 θύραθεν

2205 846 2264 882 τε
2292 831 2389 884 καὶ
2423 830 2899 900 εἰσπεποιημέναι,
2929 829 2998 883 τὰ
3027 829 3096 883 δι’
3115 829 3400 902 ὀμμάτων.
3432 830 3780 903 Θαυμάζεται

2204 920 2314 993 γὰρ
2354 920 2424 975 τὰ
2454 922 2520 974 ὲκ
2561 919 2794 974 πλούτου
2821 919 2888 973 δι’
2918 918 3238 990 ὀφθαλμῶν,
3286 920 3385 974 καὶ
3433 922 3541 993 μὴν
3564 922 3660 975 καὶ
3690 924 3780 978 εὐ-

2207 1009 2441 1079 ιματίαι,
2475 1009 2571 1062 καὶ
2599 1009 2668 1067 τὰ
2697 1005 2777 1073 οἷς
2808 1007 2873 1063 ἂν
2902 1009 3252 1080 προσκέοιντό
3278 1027 3444 1076 τινες,
3469 1011 3544 1075 ὡς
3562 1012 3781 1085 ἡδίστην

2203 1099 2382 1171 ἔχοιεν
2434 1099 2535 1171 τὴν
2582 1099 2900 1165 ἀπόλαυσιν,
2956 1099 3138 1170 ψῆφον
3192 1100 3376 1164 αὐτοῖς
3431 1101 3533 1155 οὐκ
3580 1103 3781 1173 ἀγεννῆ

2203 1188 2552 1261 δωρούμενοι.
2604 1190 2834 1255 Οὐκοῦν,
2875 1189 3117 1261 ἄμπελος
3172 1191 3270 1262 μὲν
3327 1192 3422 1245 καὶ
3475 1192 3640 1264 συκῆ,
3681 1195 3781 1265 τῆς

2205 1278 2404 1346 ἔξωθέν
2438 1298 2493 1334 τε
2518 1279 2611 1334 καὶ
2630 1282 3091 1353 εἰσπεποιημένης
3113 1281 3355 1354 τέρψεὼς
3376 1300 3435 1336 τε
3459 1283 3550 1338 καὶ
3569 1284 3783 1356 τρυφῆς

2206 1365 2318 1424 εἷεν
2342 1371 2409 1425 ἂν
2436 1372 2516 1435 εἰς
2543 1371 2715 1425 τύπον
2741 1372 2878 1443 ὁμοῦ
2912 1373 3023 1427 τῶν
3051 1374 3109 1426 ἐν
3136 1373 3327 1444 κόσμῳ
3357 1375 3694 1446 πραγμάτων
3721 1376 3784 1430 τὸ

2205 1462 2539 1534 πρόσκαιρον
2590 1481 2649 1517 τε
2701 1463 2796 1518 καὶ
2846 1464 3188 1535 εὐμάραντον
3247 1465 3478 1528 ἀστείως
3533 1466 3784 1521 καταδει-

2204 1550 2487 1617 κνύουσαι,
2525 1552 2620 1606 καὶ
2647 1552 2746 1607 σὺν
2778 1551 2916 1624 τῷδε
2971 1554 3031 1607 τὸ
3069 1553 3240 1623 γλυκὺ
3270 1553 3409 1624 μετὰ
3436 1554 3531 1608 τοῦ
3558 1556 3787 1611 σκοτοῦν

2205 1643 2477 1709 εἰωθότος.
2511 1644 2703 1717 Τρυφὴ
2735 1645 2834 1717 μὲν
2867 1646 2979 1719 γὰρ
3003 1648 3191 1702 ἅπασα
3222 1648 3481 1720 κοσμικὴ,
3525 1648 3785 1718 γλυκεῖαν

522 1739 859 1809 ineleganter
896 1739 1190 1794 ostendant
1241 1757 1253 1792 :
1307 1741 1512 1795 etenim
1544 1740 1818 1795 mundana
1852 1740 2101 1809 voluptas

2208 1735 2304 1813 μὲν
2336 1734 2449 1806 ἔχει
2491 1737 2591 1808 τὴν
2623 1737 2936 1808 παραυτίκα
2969 1738 3208 1810 μέθεξιν,
3254 1743 3435 1794 σκοτεί
3470 1740 3528 1793 δὲ
3562 1739 3628 1811 δὴ
3660 1740 3786 1794 λίαν

520 1831 702 1884 omnis
729 1831 947 1885 dulcem
986 1831 1154 1887 habet
1176 1832 1243 1886 ad
1276 1847 1519 1901 praesens
1547 1832 1632 1886 sui
1654 1831 2101 1902 perceptionem;

520 1921 621 1977 sed
671 1921 948 1976 fruentem
975 1921 1239 1987 obcarcat,
1294 1932 1351 1977 et
1408 1924 1652 1993 graviter
1707 1922 1954 1977 inebriat
2033 1923 2102 1978 At

520 2026 654 2067 vero
683 2012 835 2067 lacus
856 2011 1029 2083 ﬁgura
1057 2023 1143 2068 est
1175 2013 1467 2069 insitorum
1503 2013 1558 2068 in
1609 2013 1770 2068 nobis
1814 2023 2101 2079 motuum;

521 2118 701 2173 neque
757 2102 905 2158 enim
932 2105 1221 2160 adventitii
1258 2113 1390 2160 sunt
1441 2105 1499 2159 bi
1536 2103 1789 2159 similiter
1811 2114 1977 2175 atque
2001 2104 2101 2169 illi,

522 2193 619 2248 sed
669 2195 725 2248 in
757 2195 920 2251 nobis
961 2197 1112 2252 velut
1151 2212 1184 2252 e
1217 2196 1367 2251 fonte
1417 2204 1663 2261 manant,
1717 2212 1845 2250 cum
1870 2211 1937 2252 ex
1990 2196 2104 2266 ipsa

520 2291 709 2340 nostra
786 2300 952 2339 carne
1002 2287 1323 2340 scaturiant.
1381 2285 1586 2340 Harum
1642 2285 1807 2356 igitur
1858 2287 2106 2341 omnium

524 2384 633 2429 tam
680 2376 1015 2457 naturalium
1061 2392 1226 2448 quam
1273 2376 1703 2432 adventitiarum
1759 2376 2105 2446 voluptatum

522 2463 752 2521 liberam
817 2467 980 2524 nobis
1027 2467 1436 2538 perceptionem
1462 2507 1479 2532 ,
1528 2466 2107 2538 aﬂlueutissimamque

522 2556 947 2614 oblectationem
993 2559 1113 2615 fore
1158 2560 1416 2630 inquiunt
1474 2560 1578 2617 illa:
1622 2560 1973 2630 nequissima:
2004 2576 2107 2632 po-

523 2654 771 2712 testates,
799 2648 846 2702 si
869 2649 1210 2707 continentia
1243 2649 1520 2713 videlicet,
1559 2649 1714 2705 velut
1736 2658 1923 2709 sancta
1942 2659 2107 2722 atque

524 2732 834 2790 ﬁrmissima
879 2738 1101 2792 civitate
1161 2739 1387 2803 relicta,
1444 2739 1514 2793 ad
1560 2754 1744 2811 regem
1794 2739 2104 2811 Babylonis.

522 2823 618 2893 qui
662 2823 837 2895 ﬁgura
882 2835 968 2881 est
1022 2827 1272 2892 Satanae,
1311 2843 1415 2883 nos
1455 2829 1872 2886 contulerimus.
1918 2829 2108 2900 Itaque

523 2911 799 2983 Rapsaces
824 2914 1050 2986 quidem
1104 2918 1389 2990 indulgere
1429 2919 1540 2975 illis
1569 2927 1897 2991 praesentem
1948 2922 2107 2977 volu-

522 3010 748 3073 ptatem,
776 3005 937 3076 eique
960 3021 1020 3063 se
1042 3008 1384 3079 adiecturum
1414 3010 1523 3079 20
1540 2995 1927 3081 pollicebatur,
1961 3012 2008 3066 si
2036 3011 2106 3068 ad

2203 1829 2299 1884 καὶ
2365 1827 2699 1900 ὲκμεθύσκει
2766 1828 2956 1893 δεινῶς
3000 1830 3093 1884 τὸν
3141 1828 3542 1899 εἰσδεδεγμένον
3589 1829 3786 1900 αὐτήν.

2203 1915 2381 1969 Εἰκὼν
2407 1916 2463 1970 δὲ
2488 1918 2517 1969 ὁ
2543 1915 2742 1982 λάκκος
2763 1916 2870 1971 τῶν
2894 1916 3151 1988 ἐμφύτων
3172 1934 3232 1972 τε
3264 1917 3359 1972 καὶ
3381 1918 3438 1970 ὲν
3465 1918 3595 1989 ἡμῖν
3623 1935 3788 1990 κινη-

2207 2007 2410 2079 μάτων.
2444 2008 2519 2060 υῦ
2550 2008 2656 2080 γὰρ
2683 2007 3065 2079 εἰσπεποίηται
3103 2007 3263 2062 ταυτὶ
3290 2006 3542 2081 καθάπερ
3573 2009 3790 2073 ἐκεῖνα,

2207 2099 2444 2171 πηγάζει
2466 2100 2523 2153 δὲ
2551 2101 2740 2173 ὥσπερ
2762 2103 2819 2156 ἐν
2842 2103 2998 2172 ἡμῖν,
3024 2102 3084 2168 ἐξ
3102 2100 3275 2172 αὐτῆς
3299 2099 3638 2173 ἀναδρύοντα
3679 2101 3795 2171 τῆς

2208 2193 2429 2264 σαρκός.
2472 2192 2689 2251 Τούτων
2731 2189 2822 2248 οὖν
2854 2194 3111 2248 ἁπάντων
3156 2192 3399 2263 φυσικῶν
3452 2209 3515 2246 τε
3550 2193 3646 2247 καὶ
3684 2194 3797 2248 ἑπ-

2206 2282 2411 2347 ακτῶν,
2443 2282 2731 2355 ἐλευθέραν
2754 2285 2884 2353 ἡμῖν
2904 2283 3004 2353 τὴν
3029 2281 3262 2353 μέθεξιν,
3290 2284 3384 2336 καὶ
3410 2281 3669 2337 πλατεῖαν
3691 2298 3794 2336 κο-

2210 2374 2337 2446 μιδῇ
2368 2375 2468 2446 τὴν
2509 2375 2827 2441 ἀπόλαυσιν,
2881 2373 3098 2427 ἔσεσθαί
3143 2390 3307 2443 φασιν
3336 2374 3392 2426 αἱ
3425 2374 3656 2447 πονηραὶ
3688 2372 3793 2425 δυ-

2205 2465 2418 2537 νάμεις,
2453 2467 2504 2519 εἰ
2534 2465 2782 2540 καθάπερ
2808 2464 2967 2535 ἁγίαν
2991 2464 3086 2519 καὶ
3111 2464 3502 2520 ἀκατάσειστον
3539 2466 3745 2522 καταλε
3764 2495 3784 2506 -

2206 2552 2455 2619 λοιπότες
2501 2554 2675 2619 πόλιν,
2721 2557 2821 2629 τὴν
2876 2554 3224 2629 ἐγκράτειαν,
3288 2557 3792 2629 προσχωρήσαιμεν

2206 2644 2286 2716 τῷ
2329 2645 2541 2718 βασιλεῖ
2586 2646 2926 2711 Βαϐυλῶνος,
2960 2646 3020 2711 ὃς
3058 2641 3126 2718 ἦν
3152 2649 3210 2701 ὲν
3230 2646 3386 2719 τύπῳ
3418 2647 3511 2702 τοῦ
3544 2649 3789 2704 Σατανᾶ.

2220 2736 2360 2791 Ἀλλ’
2388 2739 2417 2792 ὁ
2442 2738 2540 2810 μὲν
2579 2738 2880 2811 Ῥαψάκης,
2909 2738 2971 2792 τὺ
3000 2739 3311 2811 παραυτίκα
3346 2740 3595 2812 τερπνὸν,
3636 2741 3794 2795 ἀνεῖ-

2209 2829 2296 2882 ναί
2325 2846 2387 2883 τε
2438 2830 2620 2894 αὐτοῖς
2656 2832 2751 2884 καὶ
2797 2830 3082 2885 ἐπιδώσειν
3129 2831 3497 2903 ἐπηγγέλλετο
3537 2849 3793 2904 προσκε-

2209 2921 2488 2993 χωρηκὼι
2540 2925 2656 2986 τοῖς
2704 2922 3088 2988 Βαϐυλωνίοις.
3146 2924 3210 2978 Ol.
3252 2925 3310 2978 δὲ
3353 2925 3455 2978 οῦκ
3505 2925 3797 2995 ἐπείθοντο

2211 3013 2533 3084 φρονοῦντες
2584 3013 2780 3086 ὀρθῶς,
2844 3014 3037 3086 ἕψεται
3084 3014 3192 3089 γὰρ
3236 3017 3454 3093 πάντως
3487 3016 3568 3088 τῷ
3605 3016 3796 3073 θέλειν

524 3093 850 3183 Babylonios
867 3078 1199 3156 defecissent
1223 3100 1318 3154 :‘at
1335 3100 1413 3154 illi
1439 3078 1564 3156 cum
1580 3111 1856 3173 saperent,
1878 3103 2101 3159 minime

2208 3078 2423 3160 ἑλέσθαι
2448 3104 2518 3161 τὰ
2536 3078 2794 3177 κυαμικὰ,
2822 3078 3110 3179 τδνχρῆναι
3136 3078 3323 3163 πεσεῖν
3351 3078 3447 3177 εἰς-
3457 3078 3792 3183 ἀνεθέλητον

521 3180 577 3236 id
604 3184 709 3239 sibi
746 3186 1067 3256 persuaderi
1092 3188 1236 3258 passi
1271 3197 1418 3243 sunt.
1460 3188 1564 3256 Qui
1604 3189 1752 3245 enim
1800 3191 2106 3249 mundanas

2209 3194 2476 3261 δουλείαν,
2510 3197 2604 3259 καὶ
2629 3199 2687 3251 ἐν
2708 3198 3059 3268 δορυκτήτων
3089 3199 3340 3268 γενέσθαι
3360 3200 3529 3268 τάξει.

523 3277 830 3348 voluptates
860 3280 1049 3337 volens
1093 3290 1357 3349 sectatur,
1422 3298 1549 3338 eum
1588 3283 1674 3341 vel
1714 3286 1991 3341 nolentem
2038 3295 2259 3358 oportet
2294 3289 2353 3345 in
2392 3291 2712 3351 servitutem
2750 3290 3015 3359 incidere,
3055 3300 3113 3348 et
3174 3294 3232 3350 in
3270 3295 3613 3366 captivorum
3680 3313 3796 3353 nu-

520 3385 676 3426 mero
708 3374 943 3429 censeri.

592 3465 790 3523 PALL.
823 3466 966 3523 Vera
989 3466 1146 3524 dicis.
1184 3467 1293 3524 Sed
1320 3469 1427 3525 hoc
1459 3468 1596 3524 mihi
1625 3468 1835 3526 dictum
1891 3471 2058 3526 velim
2080 3510 2096 3535 ,

521 3556 797 3628 quomodo
824 3558 893 3611 de
917 3558 1084 3612 tantis
1108 3558 1268 3612 malis
1294 3558 1436 3628 eripi
1453 3558 1745 3628 possimus.

592 3644 754 3701 ΟΥΕ.
789 3643 1036 3711 Quonam
1067 3645 1175 3699 alio
1206 3645 1392 3711 modo,
1420 3646 1528 3701 nisi
1550 3647 1627 3703 illi
1660 3647 1832 3717 priori
1886 3657 2103 3707 contra:

524 3735 644 3790 rio?
665 3735 802 3789 Nam
834 3750 961 3790 cum
990 3744 1308 3790 nostrarum
1332 3735 1677 3793 voluntatum
1710 3740 2003 3794 momentis
2031 3740 2101 3795 ad

523 3825 694 3879 vitam
724 3824 969 3905 turpiter
1019 3823 1288 3895 agendam
1327 3824 1822 3895 propenderemus,
1861 3836 1919 3883 et
1958 3828 2105 3883 illam

524 3914 779 3985 perfectae
815 3915 941 3969 vitae
964 3914 1294 3985 elegantiam
1342 3914 1753 3986 abjecissemus,
1788 3917 1857 3973 ad
1890 3918 2107 3990 ignobi—

524 4006 633 4061 lem
662 4020 727 4059 ac
751 4003 1009 4060 servilem
1030 4002 1279 4059 animum
1304 4003 1548 4074 prolapsi
1570 4019 1783 4073 sumus,
1825 4021 1953 4067 cum
1988 4009 2103 4073 sola

522 4111 590 4150 ea
622 4110 744 4165 quae
770 4108 938 4164 super
966 4102 1173 4151 terram
1209 4103 1339 4151 sunt
1381 4110 1736 4165 saperemus,
1773 4106 1941 4169 atque
1982 4115 2105 4155 om-

523 4186 690 4241 nibus
739 4185 921 4241 modis
972 4187 1154 4244 carnis
1210 4187 1590 4258 voluptatibus
1633 4181 2095 4256 incumbereﬁtus.

526 4277 713 4347 itaque
741 4276 991 4357 permisit
1030 4278 1178 4337 Deus
1219 4288 1281 4337 ut
1312 4279 1368 4332 in
1402 4280 1700 4348 reprobum
1748 4296 1970 4345 sensum
1998 4281 2096 4337 de-

525 4366 855 4423 laberemur.

2279 3468 2484 3526 ﬂAAA.
2538 3469 2799 3539 Ἀτρεκὴς
2827 3469 3052 3539 ὁ-λόγος.
3077 3469 3174 3536 Τίς
3193 3470 3237 3524 δ’
3262 3471 3329 3527 ἂν
3344 3473 3552 3541 γένοιτο
3575 3477 3798 3535 τούτων

2205 3564 2241 3633 ἡ
2272 3562 2443 3625 λύσις,
2469 3562 2546 3625 ώς
2577 3562 2769 3631 ἥδιστα
2800 3562 2866 3616 ἂν
2892 3562 3136 3635 ἐρομένῳ
3169 3565 3392 3635 φράσον.

2278 3654 2443 3710 ΚΥΡ.
2482 3652 2580 3716 Τίς
2606 3652 2653 3705 δ’
2677 3652 2744 3707 ἂν
2772 3652 2933 3724 ἑτέρα
2965 3652 3116 3726 παρά
3140 3654 3239 3726 τὴν
3266 3655 3525 3723 ἐναντίως
3553 3658 3800 3729 ἔχουσαν

2206 3744 2272 3814 τῇ
2308 3741 2499 3816 πρώτῃ
2539 3741 2635 3795 καὶ
2673 3743 2732 3794 ὲν
2760 3743 2986 3827 ἀρχαῖςς
3033 3742 3252 3812 Ῥοπαῖς
3297 3744 3404 3817 γὰρ
3454 3746 3600 3801 ἰδίων
3648 3751 3802 3804 ἀπο-

2207 3833 2453 3897 νεύοντες
2483 3832 2827 3903 θελημάτων,
2869 3834 2962 3886 ὲπὶ
2990 3833 3050 3886 τὸ
3098 3832 3248 3904 βιοῦν
3285 3834 3486 3890 ἐθέλειν
3515 3839 3802 3911 αἰσχρῶς,

2206 3926 2432 3997 καὶτῆς
2473 3926 2776 3997 ἀμωμήτου
2818 3925 3092 3991 πολιτείας
3136 3927 3234 3999 τὴν
3280 3929 3597 4002 ἀστειὸτητα
3644 3951 3808 4007 παρ.

2207 4016 2533 4088 ωθούμενοι,
2569 4017 2707 4088 πρὸς
2731 4017 2932 4088 ἀγεννῆ
2956 4018 3051 4071 καὶ
3079 4018 3458 4094 ἀνδραποδώδη
3486 4024 3809 4081 πεπτώκα-

2175 4145 2177 4148 ι
2204 4122 2308 4175 μεν
2339 4105 2483 4169 νοῦν,
2517 4105 2654 4176 μόνα
2682 4105 3005 4175 φρονοῦντες
3026 4107 3097 4163 τὰ
3125 4109 3221 4164 ἐπὶ
3244 4109 3342 4180 τῆς
3364 4111 3488 4182 γῆς.
3520 4113 3619 4167 καὶ
3661 4119 3809 4181 ταῖς

2205 4201 2303 4268 τῆς
2359 4195 2557 4269 σαρκὸς
2606 4196 2820 4267 ήδοναὶς
2869 4188 3178 4269 eamqu
3203 4201 3530 4272 ἐγκείμενοι.
3560 4202 3810 4282 Ταύτῃ-

2203 4303 2286 4341 τοι
2313 4286 2505 4353 λοιπὸν,
2528 4288 2623 4351 καὶ
2646 4288 2979 4356 κατολωθεῖν
3010 4291 3157 4360 ἡμᾷς
3182 4292 3334 4377 ῆφίει
3367 4292 3522 4363 Θεὸς,
3557 4297 3641 4361 εἰς
3664 4298 3812 4354 au-

2204 4394 2364 4447 κιμον
2389 4393 2535 4431 νουν.

593 4456 790 4512 PALL'.
824 4456 1113 4512 Contrario
1146 4456 1314 4526 igitur
1339 4470 1503 4511 cursu
1531 4456 1693 4512 nobis
1720 4466 1807 4513 est
1824 4458 1892 4523 ad
1921 4460 2096 4517 virtue

2273 4463 2484 4525 11AM.
2523 4468 2914 4541 Παλινδρομεῖν
2941 4464 3039 4523 οὖν
3064 4469 3172 4541 ἄρα
3212 4471 3347 4542 πρὸς
3368 4472 3569 4545 ἀρετὴν
3604 4476 3813 4548 ἀναγ-

474 4588 485 4601 ς
523 4556 634 4605 tem
669 4546 1077 4603 remeantium?

591 4638 749 4695 CYR.
785 4639 856 4695 Et
882 4638 1107 4708 quidem
1137 4637 1287 4693 nulla
1314 4636 1637 4708 interposita
1667 4654 1842 4708 mora,
1868 4641 2094 4713 Palladi,

520 4729 599 4783 ita
643 4737 705 4783 ut
735 4728 897 4783 nobis
936 4726 1270 4783 mundanam
1320 4727 1462 4783 hanc
1495 4727 1664 4785 vitam
1699 4745 1812 4795 non
1843 4746 1966 4787 esse
1997 4747 2093 4787 ex-

520 4818 816 4889 petendam
847 4818 1306 4889 ducamus,juxta
1337 4816 1471 4873 illud
1492 4857 1507 4882 ,
1547 4818 1697 4888 quod
1734 4827 1820 4877 est
1860 4836 1893 4876 a
1924 4822 2095 4878 Paulo

520 4911 783 4978 prazclare
804 4908 1045 4964 dictum:
1083 4927 1102 4960 ι
1130 4908 1328 4964 Mortui
1346 4908 1494 4965 enim
1520 4911 1677 4975 estis,
1694 4919 1753 4967 et
1778 4912 1890 4968 vita
1913 4924 2094 4972 vestra

518 4997 843 5053 abscondita
871 5007 958 5053 est
991 5013 1118 5052 cum
1137 4997 1358 5054 Christo
1388 4999 1445 5053 in
1472 4999 1588 5055 Deo
1620 5001 1685 5054 ⁸⁸.
1721 5020 1741 5053 ι
1771 5000 1879 5057 Sed
1908 5004 2094 5073 potius

518 5102 589 5142 eo
614 5086 891 5143 desiderio
922 5087 1233 5154 ardeamus,
1265 5103 1467 5144 nomen
1498 5097 1561 5144 ut
1587 5100 1833 5146 nostrum
1855 5093 1911 5149 in
1937 5095 2092 5151 caelis

517 5176 884 5243 describatur,
911 5178 1256 5250 patriamque
1305 5187 1548 5235 nostram
1612 5192 1776 5253 atque
1812 5183 2089 5242 civitatem

520 5271 668 5328 illam
683 5287 976 5343 supernam
990 5271 1349 5338 aestimemus,
1366 5272 1777 5344 clamemusque
1793 5275 1863 5330 ad
1877 5277 2049 5333 Deum
2071 5298 2085 5333 :

526 5386 546 5418 ‹
578 5366 816 5424 Remitte
841 5367 999 5432 mihi,
1043 5366 1175 5438 quia
1198 5365 1409 5423 advena
1441 5380 1543 5437 ego
1590 5381 1713 5422 sum
1744 5367 1799 5424 in
1834 5380 1998 5434 terra,
2030 5382 2087 5428 et

520 5462 860 5533 peregrinus,
887 5460 1032 5521 sicut
1066 5475 1259 5519 omnes
1282 5467 1469 5531 patres
1501 5458 1610 5514 mei
1634 5460 1711 5514 ".'
1745 5480 1764 5514 ›
1824 5462 1959 5518 Nam
1987 5465 2083 5535 qui

2206 4567 2359 4619 καῖον
2377 4582 2395 4631 ;
2600 4620 2603 4623 ,

2271 4655 2436 4711 ΚΥΡ.
2488 4653 2745 4727 Ἀμελητί
2775 4671 2861 4724 γε,
2883 4648 2929 4708 ῶ
2957 4656 3075 4721 τᾶν,
3100 4654 3202 4709 οὐκ
3230 4656 3548 4728 ἐφιεμένους
3567 4658 3657 4714 ἔτι
3687 4664 3818 4736 τῆς

2200 4749 2260 4805 ὲν
2289 4747 2481 4819 κόσμῳ
2501 4745 2666 4818 ζωῆς,
2695 4746 2819 4801 κατ’
2838 4745 3018 4800 ἐκεῖνό
3049 4762 3152 4800 που
3188 4746 3407 4814 πάντως
3441 4747 3502 4802 τδ
3537 4748 3632 4805 διὰ
3687 4755 3820 4826 τῆς

2199 4837 2292 4892 τοῦ
2330 4836 2543 4897 Παύλου
2581 4837 2762 4908 φωνῆς
2799 4836 3086 4907 εἰρημένον
3130 4836 3325 4910 ὀρθῶς·
3371 4855 3389 4890 ι
3448 4839 3822 4901 ’Δπεθάνετε

2199 4922 2328 4995 γὰρ,
2353 4925 2447 4981 καὶ
2481 4928 2514 4997 ή
2551 4925 2664 4999 ζωὴ
2707 4928 2859 4999 ὑμῶν
2881 4930 3189 5001 κέκρυπται
3220 4930 3317 4983 σῦν
3352 4932 3574 5002 Χριστῷ
3604 4934 3676 4989 ὲν
3719 4939 3824 5011 τῷ

2196 5013 2335 5084 Θεῷ.
2375 5033 2393 5067 ι
2421 5015 2790 5087 Δεδιψηκότας
2822 5018 2880 5072 δὲ
2912 5018 3108 5089 μᾶλλον
3135 5017 3233 5090 τὴν
3272 5021 3329 5087 ἒν
3353 5020 3605 5095 οῦρανυῖς
3636 5025 3823 5081 ἀπο-

2194 5102 2430 5174 γραφὴν,
2501 5104 2597 5160 καὶ
2643 5106 2805 5159 οἱονεὶ
2858 5107 3092 5179 πατρίδα
3139 5107 3235 5162 καλ⁵
3294 5107 3450 5162 πόλιν
3511 5109 3616 5182 τὴν
3673 5116 3825 5171 ἄνω

2198 5196 2619 5267 πεποιημένους,
2671 5199 2767 5252 καί
2810 5199 3256 5272 ἀνακεκραγότας
3307 5197 3368 5254 εὖ
3430 5200 3573 5273 μάλα
3640 5210 3831 5279 πρὸς

2196 5283 2346 5337 Θεόν-
2388 5303 2407 5336 ι
2445 5284 2605 5351 "Ave;
2635 5304 2725 5357 μοι
2759 5289 2841 5341 ὅτι
2867 5288 3128 5361 πάροικος
3159 5286 3270 5358 ἐγώ
3306 5290 3419 5359 εἰμι
3460 5290 3520 5342 ἐν
3557 5293 3633 5363 τῇ
3689 5300 3823 5368 τῇ.

2193 5376 2285 5428 καὶ
2326 5377 2726 5449 παρεπίδημος,
2761 5378 2944 5443 καθὼς
2977 5380 3176 5443 πάντες
3213 5380 3263 5433 οἱ
3293 5378 3527 5452 πατέρες
3567 5397 3734 5451 μου.
3797 5410 3821 5438 ι

2203 5468 2260 5520 Ὁ
2295 5466 2405 5537 γάρ
2428 5483 2511 5520 τοι
2552 5470 2864 5541 περιπατῶν
2897 5471 2990 5525 ἐπὶ
3021 5472 3120 5543 τῆς
3153 5470 3274 5541 γῆς,
3310 5469 3403 5525 καὶ
3426 5470 3711 5542 λαμπρὸν
3751 5479 3831 5536 ἐν

593 5632 638 5663 ⁸⁸
665 5632 686 5686 l
711 5631 868 5691 Joan.
909 5652 969 5702 tt,
993 5637 1081 5693 ιι».
1157 5640 1199 5673 ³¹
1228 5640 1387 5697 Rom.
1413 5658 1509 5708 vn,
1550 5642 1639 5697 25.
1716 5645 1762 5677 "
1782 5643 1990 5701 Coloss.
2019 5661 2096 5716 tu,

2268 5648 2316 5679 ⁵³
2343 5647 2485 5702 Psal.
2520 5662 2739 5716 xxxviii,
2771 5647 2856 5715 14,
2901 5649 2988 5704 l5.
