4024 6220
263 276 378 332 £65

1028 274 1117 330 DE
1151 272 1592 330 ADORATIONE
1631 275 1699 330 IN
1742 272 2011 329 SI‘IRITU
2050 273 2136 327 ΕΤ
2178 273 2542 329 VERITATE.
2584 275 2714 331 LIB.
2758 276 2801 330 I.

3438 280 3540 340 166

256 392 520 462 οὐρανοῖς
547 391 607 445 τὸ
644 391 946 463 πολίτευμα
990 391 1130 463 ἔχων
1173 391 1435 462 πάροικός
1481 408 1541 444 τε
1581 392 1678 446 καὶ
1717 407 1856 461 παρ-

1988 407 2020 445 n
2060 392 2223 453 terris
2259 392 2525 457 ambulat,
2572 395 2887 463 praeclaram
2927 404 3110 453 autem
3167 398 3544 454 conversatio-

257 483 538 554 ιπὶδημος
570 481 788 552 ἀληθῶς
819 482 882 547 ἐξ
904 482 1081 539 αὐτῶν
1116 482 1183 536 ἂν
1224 482 1451 546 εἰκότως
1484 480 1726 551 φαίνοιτο
1748 480 1856 534 τῶν

257 573 635 644 πραγμάτων.
658 574 766 627 Καὶ
802 574 933 643 γοῦν
978 573 1071 627 τοῦ
1097 572 1345 645 Σωτῆρος
1369 574 1396 626 ό
1423 571 1668 643 μαθητὴς
1698 569 1857 624 τοῦτο

260 666 551 720 ποιεῖσθαι
594 664 828 731 κελεύει,
874 666 972 720 καὶ
1019 667 1169 738 ἡμᾶς
1213 665 1411 728 αὐτοὺς
1445 663 1674 735 αὐχημα
1702 680 1859 733 περι-

261 758 446 827 φανές
474 775 533 810 τε
577 758 674 812 καὶ
712 757 1020 829 εὐπρεπὲς,
1060 758 1156 812 ὡδί
1197 774 1274 829 πη
1299 757 1495 825 λέγων’
1530 775 1550 808 ι
1594 755 1856 825 Ἀδελφοὶ,

262 847 581 918 παρακαλῶ
615 847 691 910 ὡς
728 846 1025 918 παροίκους
1056 848 1148 900 καὶ
1190 846 1606 918 παρεπιδήμους
1656 844 1859 914 ἀπέχε-

266 936 403 990 σθαι
423 937 533 991 τῶν
564 937 840 1014 σαρκικῶν
879 935 1203 1008 ἐπιθυμιῶν,
1228 937 1429 1000 αἵτινες
1471 934 1860 1008 στρατεύονται

268 1028 421 1084 κατὰ.
436 1029 536 1099 τῆς
555 1028 754 1100 ψυχῆς.
779 1047 799 1081 ι

350 1118 564 1173 ΠΑΛΛ,
606 1114 676 1172 *Α
689 1120 734 1189 ρ’
758 1113 852 1172 οὖν
874 1115 1127 1188 ἀρκέσειε
1151 1115 1287 1186 πρὸς
1308 1115 1642 1188 κατόρθωσιν
1663 1116 1862 1188 ἀρετῆς

271 1213 310 1280 ἡ
347 1210 523 1263 τοιάδε
552 1208 815 1274 διάθεσις,
847 1208 910 1262 τὸ
935 1207 1236 1280 καταλῆξαι
1260 1225 1403 1280 φημι
1436 1208 1547 1263 τῶν
1585 1207 1860 1281 σαρκικῶν

272 1301 588 1373 δπιθυμιῶν
608 1318 624 1366 ;

348 1397 515 1451 ΚΥΡ.
557 1394 624 1448 Et
651 1389 1003 1463 προσγένοιτο
1033 1391 1213 1462 σοφῶς
1233 1392 1326 1446 καὶ
1352 1391 1423 1449 τὰ
1450 1393 1516 1446 ὲκ
1540 1391 1640 1463 τῆς
1673 1390 1865 1462 ἑτέρας

280 1487 606 1549 ἐπιεικείας,
641 1484 801 1555 δῆλον
819 1483 877 1537 δὲ
904 1483 988 1537 ὅτι
1005 1482 1106 1554 τῆς
1130 1484 1528 1553 πνευματικῆς.
1550 1482 1864 1553 Γέγραπται

286 1582 417 1652 γάρ’
454 1598 475 1630 ι
503 1577 747 1631 Πλατεῖα
762 1576 799 1646 ή
816 1574 1002 1646 ἐντολή
1024 1591 1117 1629 σου
1140 1574 1363 1647 σφόδρα.
1397 1593 1416 1627 ι
1454 1575 1526 1627 Ἦ
1550 1574 1669 1642 οὐχὶ
1691 1570 1866 1634 διττὸς

291 1675 345 1727 ὲν
365 1672 500 1743 ἡμῖν
521 1671 552 1723 ό
577 1666 874 1739 μολυσμὸς,
894 1664 1075 1739 ψυχῆς
1093 1683 1152 1720 τε
1173 1667 1270 1721 καὶ
1290 1665 1541 1736 σώματος
1561 1681 1576 1730 ;
1598 1663 1864 1719 Ἕπεσθαι

1957 496 2083 536 nem
2115 481 2282 537 habet
2333 482 2387 536 in
2434 483 2607 548 caelis,
2637 483 2683 539 is
2717 484 2938 540 demum
2964 486 3173 543 advena
3210 495 3265 542 et
3297 487 3544 558 peregri-

1958 583 2064 623 nus
2087 584 2155 623 ex
2177 568 2311 639 ipsis
2336 570 2503 626 rebus
2533 571 2693 640 plane
2749 573 3159 643 comprobatur.
3200 575 3387 645 Itaque
3418 576 3541 632 Sal—

1956 660 2162 716 vatoris
2206 661 2380 716 nostri
2425 661 2730 731 discipulus
2782 664 2838 720 id
2910 675 3170 736 tanquam
3223 667 3545 736 praeclarum

1958 761 2123 822 atque
2150 752 2449 823 gloriosum
2482 760 2675 824 putare
2698 770 2799 810 nos
2833 757 2980 827 ipsos
3004 758 3159 828 jubet
3192 757 3280 812 his
3310 758 3494 813 verbis
3527 776 3539 812 :

1967 860 1985 893 ι
2019 842 2256 908 Fratres,
2292 843 2542 909 obsecro,
2573 852 2830 914 tanquam
2862 846 3102 902 advenas
3130 848 3540 919 etpercgrinos,

1959 933 2237 990 abstinere
2259 950 2358 988 vos
2393 950 2423 989 a
2451 935 2764 991 carnalibus
2809 936 3100 993 desideriis
3120 978 3134 1003 ,
3166 954 3288 1008 qua:
3310 939 3546 997 militant

1961 1025 2226 1081 adversus
2248 1025 2488 1080 animam
2509 1026 2576 1081 “.
2610 1046 2628 1078 ι

2032 1118 2233 1173 PALL.
2272 1117 2414 1173 Num
2446 1118 2635 1191 igitur,
2684 1118 2764 1174 sic
2801 1117 3061 1174 affectum
3102 1134 3245 1185 esse,
3285 1121 3340 1175 id
3374 1128 3479 1188 est,
3513 1137 3545 1176 a

1962 1210 2274 1266 carnalibus
2316 1210 2783 1281 concupiscentiis
2827 1211 3154 1277 cessavisse,
3183 1212 3317 1267 satis
3359 1222 3445 1268 est
3476 1212 3547 1268 ad

1961 1302 2225 1358 virtutem
2258 1302 2663 1373 praestandam?

2034 1391 2190 1448 ΟΥΕ.
2211 1392 2497 1463 Siquidem
2515 1394 2631 1449 hzec
2650 1408 2866 1463 quoque
2890 1393 3174 1463 sapienter
3190 1394 3545 1459 accesserint,

1963 1498 2086 1553 quae
2125 1483 2195 1539 ad
2241 1484 2390 1538 illam
2433 1486 2668 1539 alteram
2703 1501 2919 1540 morum
2973 1485 3324 1555 probitatem,
3380 1485 3548 1556 spiri—

1967 1574 2168 1629 tualem
2238 1590 2463 1646 nempe,
2522 1584 2792 1645 spectant.
2849 1575 3126 1644 Scriptum
3183 1586 3269 1632 est
3319 1577 3466 1633 enim
3531 1594 3544 1631 :

1974 1683 1993 1715 ι
2020 1664 2217 1719 Latum
2253 1665 2571 1720 mandatum
2598 1673 2754 1719 tuum
2780 1665 2946 1719 nimis
2972 1665 3039 1719 ⁸⁸.
3078 1686 3096 1717 ι
3143 1666 3323 1732 Quid?
3355 1668 3549 1725 Nonne

298 1736 425 1815 ﬁsi;
443 1736 678 1830 οἱτιύείην
713 1736 804 1820 ἂν,
835 1759 931 1812 καὶ
964 1736 1083 1811 λίαν
1135 1757 1383 1821 εἰκότως,
1424 1758 1537 1820 τοῖς
1574 1753 1864 1827 καταμιαί-

1982 1755 2169 1826 luplex
2207 1764 2291 1811 est
2335 1755 2393 1810 in
2444 1756 2605 1811 nobis
2658 1755 3162 1826 inquinamentum,
3205 1758 3420 1822 animas,
3460 1757 3548 1812 in-

305 1870 417 1906 νειν
451 1850 702 1914 εἰωθόσιν,
725 1848 960 1920 ἰσοπαλῆ
985 1865 1046 1902 τε
1070 1850 1165 1903 καὶ
1201 1846 1431 1920 ίσουργὰ
1454 1848 1524 1905 τὰ
1545 1847 1865 1919 διασμήχειν

302 1943 547 1999 εἰωθότα.

357 2120 567 2175 una.
621 2118 825 2190 Ὀρθῶς
850 2088 1008 2189 εφηξ.

356 2211 523 2266 ΚΥΡ.
566 2210 776 2282 Ὠσπερ
810 2205 904 2264 οὖν
937 2208 1130 2280 ἀμέλει
1166 2208 1341 2274 διττὸς
1367 2208 1398 2262 ό
1438 2207 1609 2281 ῥύπος
1639 2208 1867 2279 ψυχικὸς

286 2320 341 2357 τε
367 2303 462 2355 καὶ
508 2301 843 2372 σωματικὺς,
881 2298 1026 2355 οὕτω
1061 2300 1158 2354 καὶ
1185 2301 1219 2371 ή
1259 2297 1616 2371 διακαθαρσις
1660 2297 1866 2369 ψυχική

284 2412 343 2451 τε
372 2397 470 2450 καὶ
506 2396 796 2466 σωματικὴ
839 2394 1038 2464 γένοιτ’
1089 2392 1156 2449 ἂν
1205 2395 1454 2459 εἰκότως.
1502 2393 1649 2464 Πλὴν
1676 2393 1758 2446 ὅτι
1806 2393 1901 2446 το

285 2486 584 2558 παροικξαν
616 2485 888 2557 ἡγεῖσθαι,
917 2484 1093 2555 φιλεῖν
1121 2485 1219 2556 τὴν
1246 2487 1304 2540 ὲν
1342 2485 1533 2555 κόσμῳ
1559 2481 1727 2554 ζωὴν.
1756 2485 1869 2546 τοῖς

280 2576 417 2648 τῇδε
456 2574 822 2645 διακειμένοις
870 2575 971 2628 οὐκ
1012 2573 1242 2645 ἀκερδὲς
1280 2570 1678 2645 ἀταλαιπώρως
1721 2572 1866 2638 ἰδεῖν,

280 2668 449 2741 εἰπερ
474 2668 649 2723 ἕλοιτὸ
669 2685 756 2732 τις
782 2668 968 2723 εἰκόνα
995 2666 1089 2722 τοῦ
1123 2667 1452 2739 πράγματος
1484 2665 1752 2721 ποιεῖσθαι
1780 2665 1871 2719 τὸν

294 2759 575 2830 Ἁϐραάμ,
608 2758 748 2830 πρὸς
777 2757 837 2811 ὃν
865 2758 1079 2831 εἴρηται
1112 2760 1266 2830 παρὰ
1300 2758 1456 2813 Θεοῖν
1494 2776 1514 2811 ι
1554 2755 1776 2824 Ἔξελθε
1808 2757 1873 2808 ἐκ

277 2854 389 2923 τῆς
420 2852 527 2922 γῆς
565 2868 661 2905 σου
695 2852 789 2905 καὶ
814 2851 879 2903 ἐκ
912 2854 1009 2923 τῆς
1038 2850 1359 2919 συγγενείας
1407 2867 1525 2915 σου,
1556 2849 1651 2903 καὶ
1682 2850 1747 2902 ὲκ
1776 2846 1871 2902 τοῦ

276 2944 443 2996 οἴκου
475 2940 575 2996 τοῦ
604 2943 811 3014 πατρός
854 2958 970 2997 σου.
1012 2941 1123 2995 Καὶ
1147 2940 1307 3013 δεῦρο
1335 2937 1417 3005 είς
1444 2941 1569 3011 γῆν,
1598 2942 1664 3012 ἣν
1695 2940 1761 2995 ἄν
1791 2954 1873 2992 σοι

274 3032 472 3097 δείξω,
503 3033 599 3086 καὶ
634 3033 844 3104 ποιήσω
885 3049 945 3086 σε
975 3033 1057 3098 είς
1078 3031 1230 3097 ἔθνος
1261 3032 1424 3103 μέγα,
1467 3030 1564 3085 καὶ
1596 3032 1874 3102 εὐλογήσω

276 3141 375 3187 σε,
414 3125 513 3177 καὶ
562 3123 849 3195 μεγαλυνῶ
872 3124 933 3178 τὸ
956 3124 1128 3195 ὄνομά
1159 3141 1277 3191 σου,
1308 3125 1401 3178 καὶ
1432 3124 1533 3196 ἔσῃ
1564 3122 1877 3194 εὐλογητὸς,

276 3216 391 3271 καὶ
416 3215 700 3286 εὐλογήσω
738 3216 866 3279 τοὺς
897 3214 1256 3286 εὐλογοῦντὰς
1307 3233 1388 3281 σε,
1436 3215 1531 3270 καὶ
1566 3218 1692 3279 τοὺς
1750 3231 1882 3269 κατ-

275 3310 618 3381 αρωμένους
636 3323 694 3361 σε
719 3307 1120 3378 καταράσομαι,
1143 3308 1235 3361 καὶ
1251 3306 1702 3379 εὐλογηθήσονται
1720 3309 1778 3359 ὲν
1799 3306 1881 3361 σοὶ

275 3405 473 3457 πᾶσαι
524 3403 580 3454 αἱ
620 3401 786 3470 φυλαὶ
807 3400 909 3471 τῆς
939 3400 1064 3471 γῆς.
1114 3420 1134 3454 ι
1163 3401 1358 3472 Συνίης
1384 3401 1530 3465 ὅπως
1561 3400 1662 3454 οὐκ
1688 3402 1753 3452 ὲκ
1776 3398 1882 3469 γῆς

274 3511 345 3547 τε
382 3492 487 3545 καί
511 3491 663 3545 οἴκου
696 3492 878 3562 μόνον.
910 3491 1050 3546 ἀλλά
1078 3492 1173 3547 καὶ
1201 3494 1266 3546 ὲκ
1292 3493 1392 3563 τῆς
1419 3492 1756 3561 συγγενείας,
1787 3490 1883 3544 καὶ

281 3585 414 3657 μὴν
441 3584 542 3639 καὶ
566 3587 630 3637 ἐκ
652 3583 746 3637 τοῦ
771 3583 921 3637 οἴκου
949 3583 1044 3636 τοῦ
1070 3582 1276 3656 πατρὸς
1298 3583 1554 3653 ἀπαίρειν
1576 3581 1880 3647 ἐκέλευσεν,

278 3679 461 3749 ήκειν
487 3692 547 3728 τε
573 3676 655 3739 είς
680 3675 804 3746 γῆν,
829 3676 1006 3746 ἥνπερ
1028 3675 1190 3739 αὐτὸς
1219 3674 1509 3741 ὲκδείξειεν
1533 3677 1563 3728 ό
1581 3672 1792 3739 καλῶν;

366 3766 585 3819 ΠΑΔΔ.
637 3765 798 3820 Ἀλλὰ
822 3765 875 3819 τί
905 3765 969 3837 δὴ
990 3764 1149 3819 τοῦτό
1176 3767 1355 3830 ἑστινς

364 3858 544 3912 ΚΥΡ.
583 3853 717 3913 Εἶτά
744 3875 862 3923 πως
889 3859 991 3912 οὐκ
1024 3858 1277 3931 ἐναργὲς,
1312 3858 1395 3912 ὅτι
1420 3857 1556 3911 Θεοῦ
1593 3856 1886 3920 καλοῦντος

286 3955 385 4017 εἰς
430 3949 807 4023 ἀκολούθησιν,
853 3950 1012 4023 δῆλον
1039 3951 1095 4007 δὲ
1116 3952 1197 4006 ὅτι
1232 3950 1331 4022 τὴν
1369 3950 1764 4020 πνευματικὴν,
1790 3950 1886 4003 καὶ

283 4044 407 4114 τῆς
434 4043 492 4096 ὲν
513 4042 702 4114 κόσμῳ
723 4041 892 4112 ζωης,
924 4044 1070 4116 φημὶ
1096 4042 1155 4096 δὲ
1176 4042 1242 4112 δὴ
1263 4042 1425 4098 πάλιν
1453 4040 1557 4112 τῆς
1582 4043 1641 4096 ὲν
1672 4040 1887 4111 ἡδοναῖς

284 4135 401 4190 καὶ
450 4132 843 4205 φιλοσαρκίαις,
891 4132 986 4197 οὒς
1048 4133 1116 4188 ἂν
1161 4133 1336 4191 ἕλοιτο
1384 4134 1569 4205 τιμᾷν,
1633 4131 1886 4204 ἐξέρπειν

283 4224 608 4290 ἐθέλοντος,
639 4225 989 4296 ἀπόπληκτον
1032 4225 1251 4297 κομιδῇ,
1297 4224 1360 4281 τὸ
1419 4224 1666 4297 ἡγεῖσθαί
1707 4241 1761 4277 τι
1792 4222 1884 4277 τοῦ

284 4314 518 4370 τοιοῦδε
560 4315 816 4386 duum;
851 4315 1306 4386 Καταλογιςέσθω
1335 4316 1444 4388 γὰρ
1481 4315 1555 4380 ὡς
1597 4316 1751 4370 οὐδὲν
1782 4332 1888 4370 πα·-

1964 1863 2148 1918 quam,
2182 1863 2244 1904 ac
2281 1848 2546 1918 spiritus?
2589 1848 2761 1917 Igitur
2803 1847 3335 1917 aequissimumcsse
3398 1847 3548 1902 arbi—

1965 1949 2081 1996 tror
2122 1948 2183 1995 ut
2216 1940 2288 1996 iis
2329 1957 2451 2012 qua:
2487 1941 2777 2011 inquinare
2824 1941 3005 1996 solent
3040 1941 3268 2011 aequalia
3306 1956 3368 1995 ac
3397 1940 3553 2011 paria

1964 2032 2284 2098 succedant,
2318 2048 2439 2103 qua:
2463 2032 2817 2104 abstergendi
2846 2032 2998 2089 vires
3024 2032 3281 2089 habeant.

2038 2123 2237 2179 PALL.
2268 2124 2438 2179 Recte
2468 2124 2628 2179 dicis.
3254 2188 3261 2199 ι

2035 2213 2191 2269 GYR.
2227 2213 2296 2269 Ut
2322 2215 2489 2284 igitur
2515 2214 2719 2286 duplex
2736 2226 2820 2271 est
2845 2216 3077 2281 macula,
3098 2215 3266 2271 animi
3283 2224 3340 2272 et
3358 2232 3553 2288 corpo-

1968 2302 2064 2368 ris,
2081 2303 2161 2359 sic
2176 2303 2306 2359 item
2323 2304 2699 2376 purgationem
2719 2308 2823 2376 21
2839 2307 2998 2361 aliam
3024 2307 3240 2371 animae,
3259 2306 3420 2362 aliam
3437 2323 3555 2362 cor-

1966 2394 2117 2465 poris
2133 2409 2275 2461 esse,
2301 2396 2884 2451 convenientissimum
2915 2407 3018 2453 est.
3041 2396 3311 2453 Caeterum
3342 2399 3447 2453 hoc
3468 2400 3551 2469 ip-

1969 2502 2112 2553 sum,
2139 2504 2336 2559 nempe
2358 2498 2682 2560 pmsentem
2705 2490 2875 2547 vitam
2919 2492 3218 2547 incolatum
3246 2502 3461 2564 putare,
3489 2493 3556 2547 iis

1969 2580 2064 2650 qui
2088 2580 2162 2635 ita
2184 2592 2314 2635 sunt
2337 2580 2542 2646 affecti,
2570 2596 2682 2636 non
2716 2597 2837 2637 esse
2860 2583 3080 2649 inutile,
3101 2583 3364 2654 perfacile
3380 2583 3554 2639 videri

1970 2679 2171 2743 potest,
2194 2672 2240 2727 si
2264 2672 2354 2727 cui
2391 2671 2663 2742 placuerit
2698 2672 2754 2727 in
2780 2672 3058 2731 Abraham
3093 2676 3214 2747 ejus
3247 2675 3326 2731 rei
3361 2674 3556 2746 imagi-

1971 2775 2099 2816 nem
2133 2760 2356 2827 intueri,
2396 2761 2484 2816 cui
2512 2761 2721 2817 dictum
2753 2778 2783 2816 a
2810 2764 2924 2818 Deo
2960 2772 3082 2819 est:
3126 2784 3144 2817 ι
3178 2765 3276 2820 Exi
3305 2765 3373 2821 de
3416 2774 3561 2823 terra

1971 2860 2086 2918 tua,
2111 2860 2167 2909 et
2194 2853 2262 2910 de
2304 2855 2629 2927 cognatione
2674 2868 2789 2925 tua,
2833 2867 2891 2914 et
2945 2858 3013 2914 de
3054 2859 3219 2915 domo
3250 2861 3420 2931 patris
3453 2861 3556 2928 tui;

1973 2955 2028 3003 et
2051 2945 2177 3002 veni
2226 2946 2281 3001 in
2336 2956 2536 3002 terram
2576 2964 2739 3019 quam
2777 2958 3155 3015 monstravere
3191 2951 3329 3015 tibi,
3366 2961 3422 3007 et
3477 2952 3557 3008 fa-

1978 3037 2118 3093 ciam
2157 3048 2207 3095 te
2238 3039 2293 3094 in
2332 3048 2551 3111 gentem
2587 3056 2863 3112 magnam,
2904 3049 2961 3097 et
2991 3041 3316 3103 benedicam
3340 3043 3466 3108 tibi,
3503 3052 3561 3100 et

1980 3130 2342 3200 magniﬁcabo
2396 3147 2601 3188 nomen
2631 3140 2808 3199 tuum,
2845 3142 2902 3188 et
2940 3133 3052 3190 eris
3100 3134 3461 3203 benedictus;
3505 3146 3562 3192 et

1980 3215 2301 3273 benedicam
2326 3219 2788 3277 benedicentibus
2835 3222 2970 3287 tibi,
3009 3229 3066 3278 et
3103 3223 3563 3280 maledicentibus

1984 3307 2083 3363 tibi
2121 3308 2482 3379 maledicam;
2518 3318 2575 3365 et
2609 3312 3016 3367 benedicentur
3065 3313 3120 3367 in
3164 3322 3216 3368 te
3246 3329 3439 3371 omnes
3469 3314 3567 3369 tri-

1980 3398 2085 3455 bus
2099 3400 2343 3454 terrae“.
2384 3420 2403 3452 ι
2431 3401 2701 3473 Intelligis
2730 3402 2897 3474 igitur
2932 3403 3081 3472 quod
3113 3419 3225 3458 non
3246 3420 3313 3460 ex
3337 3413 3480 3459 terra
3508 3413 3565 3459 et

1980 3489 2144 3545 domo
2170 3490 2368 3556 solum,
2399 3490 2497 3546 sed
2523 3490 2691 3546 etiam
2718 3509 2789 3548 ex
2815 3493 3161 3564 cognatione,
3197 3502 3362 3564 atque
3423 3493 3562 3548 adeo

1979 3597 2047 3637 ex
2090 3582 2254 3637 domo
2293 3583 2464 3653 patris
2529 3583 2819 3640 discedere
2878 3584 3082 3656 jussit,
3145 3593 3202 3640 et
3260 3586 3449 3643 venire
3506 3586 3564 3642 in

1982 3683 2182 3731 terram
2211 3690 2373 3746 quam
2406 3675 2542 3745 ipse,
2581 3677 2676 3748 qui
2705 3677 2961 3743 vocabat,
2988 3677 3343 3736 ostenderet!

2052 3766 2249 3822 PALL.
2284 3766 2391 3823 Sed
2420 3767 2685 3838 quidnam
2718 3768 2826 3823 hoc
2856 3768 2963 3823 sibi
2988 3769 3143 3824 vult?

2051 3858 2208 3915 CYR.
2236 3859 2319 3915 An
2341 3876 2496 3925 vero,
2534 3872 2661 3915 cum
2697 3860 2845 3915 Deus
2878 3877 2981 3915 nos
3019 3861 3086 3928 ad
3126 3861 3468 3932 sequendum
3504 3877 3564 3918 se

1981 3958 2163 4015 vocet,
2212 3950 2360 4005 haud
2402 3950 2634 4005 dubium
2691 3952 2827 4020 quin
2876 3952 3242 4025 spiritualiter
3269 3992 3284 4017 ,
3328 3968 3565 4023 cumque

1980 4054 2077 4095 eos
2108 4054 2250 4108 quos
2275 4039 2356 4093 illi
2390 4038 2661 4095 honorare
2681 4040 2975 4110 placuerit,
3022 4055 3091 4094 ex
3119 4039 3397 4095 mundana
3426 4041 3561 4105 vita,

1984 4130 2341 4202 voluptuosa,
2395 4130 2652 4201 inquam,
2692 4137 2750 4185 et
2798 4131 2984 4184 carnis
3021 4129 3315 4186 desideriis
3357 4131 3564 4196 dedita,

1985 4223 2139 4279 exire
2174 4223 2329 4288 velit,
2359 4222 2548 4294 negari
2578 4230 2761 4293 potest
2789 4221 2924 4292 quin
2952 4230 3141 4292 aperte
3181 4223 3564 4280 stultissimum

1986 4316 2057 4372 sit
2087 4314 2368 4387 quidpiam
2399 4320 2595 4385 putare
2623 4313 2755 4369 huic
2794 4320 2960 4369 tantae
3004 4313 3085 4369 rei
3113 4329 3235 4369 esse
3272 4315 3567 4385 prmferen-

283 4407 429 4479 τρες
468 4422 528 4460 τε
558 4407 649 4461 καὶ
680 4407 857 4476 γένος,
901 4409 997 4461 καὶ
1042 4402 1187 4471 οἶκος
1235 4407 1461 4479 πατρὸς,
1495 4406 1727 4462 καὶτῶν
1764 4407 1875 4459 ὲπι-

1989 4407 2162 4464 dum?
2190 4407 2304 4462 Imo
2331 4419 2462 4462 vero
2490 4420 2590 4476 pro
2628 4404 2802 4460 nihilo
2831 4404 3102 4460 habeatur
3130 4404 3337 4474 patria,
3371 4420 3565 4476 genus,

285 4498 477 4568 γείων
507 4499 541 4569 ἡ
583 4499 793 4569 κτῆσις.
821 4499 1111 4571 Τοιγάρτοι
1150 4499 1245 4552 καὶ
1287 4499 1448 4562 αὐτὸς
1474 4501 1505 4553 ό
1532 4499 1724 4570 Σωτὴρ
1752 4500 1875 4570 πρὸς

1991 4499 2189 4555 domus
2206 4501 2402 4568 patris,
2432 4496 2551 4567 ipsa
2581 4493 2820 4564 denique
2859 4503 3208 4549 terrenarum
3238 4507 3425 4546 rerum
3442 4507 3568 4563 pos-

286 4591 405 4663 τὴν
460 4588 582 4658 ῐσην
618 4592 765 4660 ἡμᾶς
795 4592 1050 4661 ἀνδρείαν
1086 4591 1290 4656 ἐκάλει,
1325 4591 1516 4660 λέγων·
1564 4609 1583 4642 ι
1629 4590 1688 4645 '0
1721 4589 1892 4659 φιλῶν

288 4680 531 4751 πατέρα
559 4680 592 4750 ἢ
616 4682 828 4752 μητέρα
857 4680 1001 4752 ὑπὲρ
1027 4681 1150 4752 ἐμὲ,
1180 4683 1282 4734 οὐκ
1312 4681 1428 4736 ἔστι
1464 4697 1567 4752 μου
1597 4681 1765 4746 ἄξιος.
1796 4681 1893 4735 καὶ

290 4774 324 4825 δ
354 4768 539 4839 φιλῶν
590 4770 705 4824 υἱὸν
745 4769 780 4842 ἢ
825 4770 1103 4838 θυγατέρα
1146 4770 1288 4842 ὑπὲρ
1338 4771 1462 4841 ἐμὲ,
1495 4772 1597 4826 οὐκ
1642 4770 1759 4825 ἔστι
1790 4787 1894 4843 μου

290 4864 496 4929 ἄξιος·
531 4862 627 4914 καὶ
661 4861 721 4925 ὃς
759 4861 822 4914 οὐ
856 4859 1125 4930 λαμϐάνει
1164 4861 1254 4916 τὸν
1294 4862 1527 4933 σταυρὸν
1570 4863 1750 4929 αὐτοῦ,
1800 4862 1896 4916 καὶ

294 4950 600 5009 ἀκολουθεί
630 4952 809 5006 ὀπίσω
849 4970 977 5024 μου,
1008 4954 1110 5007 οὐκ
1159 4953 1274 5007 ἐστι
1306 4970 1408 5024 μου
1443 4952 1613 5017 ἄξιος.
1660 4971 1678 5004 ι
1716 4954 1888 5023 Προσο

295 5043 480 5098 ετίθει
508 5043 601 5099 δέ’
640 5062 659 5094 ι
697 5044 807 5097 Καὶ
828 5045 937 5109 πᾶς
974 5044 1123 5107 ὅστις
1144 5045 1354 5115 ἀφῆκεν
1379 5041 1663 5112 ἀδελφοὺς,
1690 5042 1722 5113 ἢ
1746 5041 1897 5096 ἀδελ-

303 5134 443 5203 φὰς,
473 5135 509 5205 ἢ
542 5134 784 5206 πατέρα,
832 5135 867 5207 ἢ
912 5134 1147 5208 μητέρα,
1188 5134 1222 5205 ἢ
1273 5137 1528 5203 γυναῖκα,
1564 5133 1596 5203 ἦ
1630 5132 1816 5197 τέκνα,
1860 5132 1895 5203 ἢ

307 5226 538 5295 ἀγροὺς,
572 5225 607 5295 ἦ
632 5226 813 5289 οἰκίας
841 5227 1005 5279 ἕνεκα
1025 5226 1119 5280 τοῦ
1144 5225 1408 5295 ὀνόματός
1436 5241 1559 5295 μου,
1589 5223 1893 5277 πολλαπλα-

312 5318 467 5371 σίανα
509 5318 769 5390 λήψεται,
805 5319 901 5373 καὶ
941 5317 1085 5389 ζωὴν
1136 5316 1354 5371 αἰώνιον
1408 5316 1827 5388 κληρονομήσει.
1870 5334 1891 5367 ι

315 5407 393 5462 Ἥ
425 5409 531 5481 γὰρ
557 5410 680 5482 οὐχὶ
714 5412 815 5483 τῆς
838 5413 918 5473 εις
944 5411 1114 5482 ἄκρον
1135 5407 1446 5472 εὐσθενείας
1464 5408 1568 5478 τῆς
1598 5410 1657 5461 ὲν
1676 5406 1897 5478 Χριστῷ

307 5503 612 5574 *λουμένης
652 5503 819 5573 ἔργον
843 5497 984 5557 εἶναι
1022 5502 1150 5572 φῂς,
1183 5500 1283 5572 τὴν
1326 5499 1470 5555 οὕτω
1499 5499 1761 5572 λαμπρὰν
1803 5501 1896 5554 καὶ

387 5688 435 5720 ’λ
465 5687 483 5740 1
524 5687 679 5742 Pctr.
725 5702 787 5749 ιι,
822 5685 911 5739 Η.
987 5685 1032 5717 ⁸³
1058 5681 1204 5737 Psal.
1239 5695 1421 5745 cxvin,
1447 5677 1539 5737 96.
1620 5678 1663 5710 ³⁸
1682 5676 1818 5736 Gen.
1846 5696 1938 5747 xu,
1976 5681 2091 5735 1-3.

1988 4589 2182 4648 sessio.
2214 4588 2404 4659 Itaque
2431 4587 2601 4643 etiam
2636 4583 2752 4657 ipse
2791 4584 3042 4641 Salvator
3078 4583 3151 4639 ad
3192 4582 3433 4640 similem
3464 4598 3570 4639 nos

1992 4681 2160 4737 animi
2181 4679 2561 4735 fortitudinem
2580 4677 2830 4743 vocabat,
2868 4676 3094 4733 dicens:
3126 4693 3145 4726 ι
3169 4674 3274 4742 Qui
3304 4682 3451 4729 amat
3475 4689 3571 4745 pa~

1996 4781 2136 4828 trem
2170 4780 2266 4827 aut
2284 4778 2519 4826 matrem
2538 4785 2706 4839 super
2736 4784 2846 4833 me,
2877 4784 2988 4822 non
3026 4774 3110 4822 est
3139 4781 3226 4823 me
3256 4766 3481 4838 dignus;
3514 4773 3569 4820 et

1994 4864 2089 4935 qui
2119 4871 2266 4919 amat
2290 4862 2464 4916 tilium
2496 4869 2592 4915 aut
2634 4859 2799 4914 filiam
2841 4875 3006 4930 super
3040 4874 3153 4923 me,
3190 4874 3302 4914 non
3344 4867 3427 4913 est
3482 4873 3574 4912 me
3605 4930 3610 4938 ’

1993 4954 2220 5026 dignus;
2261 4960 2318 5008 et
2349 4951 2445 5022 qui
2479 4965 2588 5005 non
2616 4948 2820 5020 accipit
2841 4965 3064 5005 crucem
3093 4964 3271 5015 suam,
3299 4957 3355 5004 et
3382 4948 3568 5021 sequi-

1994 5053 2084 5101 tur
2112 5059 2222 5109 me,
2253 5059 2365 5099 non
2398 5050 2483 5097 est
2513 5056 2599 5095 me
2645 5040 2846 5111 dignus
2866 5040 2931 5093 ’⁷.
2971 5060 2991 5092 ι
3033 5038 3249 5111 Adjecit
3293 5038 3461 5094 etiam
3510 5037 3574 5093 il-

1993 5137 2089 5193 Iud
2122 5154 2135 5189 :
2170 5156 2188 5187 ι
2210 5136 2279 5191 Et
2327 5134 2509 5190 omnis
2533 5133 2628 5204 qui
2657 5132 2933 5187 dimiserit
2969 5131 3187 5197 fratres,
3216 5139 3311 5186 aut
3335 5145 3575 5196 sorores,

1994 5237 2091 5285 aut
2132 5235 2365 5299 patrem,
2401 5236 2497 5282 aut
2530 5234 2786 5291 matrem,
2820 5232 2915 5280 aut
2970 5241 3220 5289 uxorem,
3266 5233 3361 5279 aut
3410 5223 3570 5287 ﬁlios,

2000 5330 2096 5376 aut
2121 5335 2299 5392 agros,
2329 5326 2425 5375 aut
2446 5317 2638 5373 domos
2654 5324 2880 5389 propter
2903 5332 3104 5373 nomen
3142 5330 3353 5378 meum;
3377 5319 3574 5368 centu-

2000 5412 2152 5482 plum
2199 5410 2467 5481 accipiet,
2510 5417 2567 5464 et
2613 5407 2780 5464 vitam
2829 5416 3089 5463 zeternam
3122 5402 3426 5476 possidebit
3445 5402 3512 5459 ⁸⁸.
3549 5419 3570 5455 ι

1997 5501 2180 5570 Quid?
2199 5502 2321 5558 Non
2341 5516 2568 5557 summae
2592 5499 2954 5566 fortitudinis,
2985 5499 3151 5563 illius,
3172 5497 3414 5565 inquam,
3455 5510 3581 5567 qua:

2193 5683 2234 5714 "
2282 5683 2475 5739 Matth.
2525 5701 2578 5749 κ,
2619 5683 2708 5751 57,
2735 5684 2823 5750 58,
2902 5685 2947 5719 ⁸⁸
2980 5681 3168 5739 Matth.
3212 5697 3323 5750 XIX,
3348 5679 3442 5740 29.
