4024 6220
479 268 584 328 1οῚ

1501 267 1558 321 S.
1600 265 1878 321 CYRILLI
1916 263 2382 321 ALEXANDRINI
2424 266 2738 324 ARCHIEP.

3624 264 3727 321 {68

478 386 536 440 in
559 382 777 439 Christo
803 390 905 445 est,
945 395 1084 451 opus
1106 394 1226 435 esse
1253 378 1554 444 conﬁteris,
1584 379 1728 434 hanc
1752 377 1890 434 adeo
1915 393 2039 448 prce

2157 380 2450 449 περέοπτον
2485 382 2760 450 ἀνδρείαν,
2789 387 2824 455 ἠ
2854 384 2985 456 παρ’
3013 383 3164 438 οὐδὲν
3192 384 3409 457 ἡγεῖται
3440 383 3628 447 ταυτί;
3668 385 3730 440 τὸ

477 478 708 540 claram,
747 481 1154 545 Spectatamque
1196 471 1479 536 virtutem,
1513 487 1636 541 qua:
1653 470 1817 526 nihili
1854 471 2058 541 pendat

477 567 595 622 haec
631 565 849 629 omnia;
874 563 1029 633 sequi
1062 571 1244 617 autem
1270 562 1575 628 Christum,
1616 563 1838 633 plurimi
1859 563 2058 618 faciat?

545 653 742 709 PALL.
777 654 889 723 Ego
915 668 1049 708 vero
1083 653 1278 717 fateor,
1314 669 1440 708 nam
1473 661 1530 708 et
1557 654 1625 708 ab
1654 655 1747 708 illa
1788 663 2055 725 prmstan-

476 745 688 799 tissima
720 760 816 814 spe
838 785 852 808 ,
886 752 945 799 et
976 760 1008 800 a
1039 744 1386 816 jucunditate
1416 761 1539 815 quze
1583 753 1668 800 est
1714 745 1772 799 in
1811 744 2052 809 Christo,

362 836 367 842 '
474 833 829 897 exciderunt;
851 835 946 905 qui
973 836 1186 901 venire,
1228 851 1353 890 cum
1383 835 1453 890 ad
1487 837 1707 905 nuptias
1734 844 1919 891 essent
1954 851 2055 891 vo-

476 923 604 987 cati,
638 933 962 979 renuerunt.
998 926 1079 980 Ex
1118 925 1323 995 quibus
1362 942 1509 981 unus
1538 927 1679 981 dixit
1712 945 1727 981 :
1767 946 1785 977 ι
1818 926 2054 982 Uxorem

473 1011 626 1075 duxi,
661 1021 718 1067 et
746 1029 857 1068 non
880 1029 1104 1085 possum
1149 1015 1341 1071 venire
1361 1016 1430 1070 ⁸³.
1459 1034 1479 1067 ι
1515 1015 1670 1071 Alter
1690 1031 1825 1070 vero
1861 1031 2054 1086 agrum

473 1105 745 1161 coemisse
778 1122 903 1161 cum
937 1108 1170 1172 diceret,
1200 1107 1399 1163 divina:
1417 1107 1693 1163 vocationi
1735 1107 2057 1178 temporalia

472 1199 717 1266 praetulit
739 1200 783 1231 ⁸⁸

543 1286 700 1343 CYR.
741 1289 1010 1345 Przeclare
1042 1306 1195 1357 sane,
1220 1290 1447 1346 Palladi.
1477 1288 1734 1345 Oblectas
1757 1290 1907 1345 enim
1930 1305 2051 1356 nos,

473 1393 598 1432 cum
618 1380 833 1434 veritati
854 1388 1219 1437 consentanea
1248 1381 1410 1445 dicis,
1436 1390 1492 1436 et
1511 1379 1843 1451 22‘ingenii
1862 1380 2057 1435 alacri-

472 1476 582 1523 tate
613 1470 912 1539 prmeurris
936 1470 1004 1525 ad
1035 1481 1238 1527 nostra;
1260 1471 1525 1526 orationis
1552 1470 1717 1525 finem
1740 1470 1943 1526 acriter
1973 1470 2056 1525 in-

472 1559 849 1630 telligendum.
880 1562 1017 1617 Vide
1048 1562 1236 1637 igitur,
1267 1561 1337 1616 iis
1376 1562 1471 1632 qui
1501 1562 1716 1634 integre
1744 1569 1909 1632 atque
1929 1577 2056 1632 per-

469 1650 610 1707 fecte
657 1653 830 1706 Deum
876 1661 1207 1725 sequuntur,
1237 1663 1294 1708 et
1323 1654 1438 1724 Spei
1483 1668 1648 1724 quam
1685 1652 1741 1707 in
1779 1652 1874 1708 illo
1918 1668 2052 1707 con-

2155 470 2212 522 δὲ
2234 471 2344 524 δεῖν
2372 471 2601 525 ἔπεσθαι
2627 472 2704 543 τῷ
2728 474 2949 546 Χριστῷ
2979 478 3212 529 ποιεῖται
3246 476 3374 549 περὶ
3403 473 3621 533 πολλοῦ.

2226 648 2438 705 IIAAA.
2462 650 2610 704 Πάνυ
2635 651 2734 721 μὲν
2751 647 2866 713 οῦν,
2894 653 3016 707 ἐπεί
3041 671 3122 707 τοι
3143 655 3238 709 καὶ
3265 654 3365 725 τῆς
3382 655 3612 726 ἀρίστης
3641 654 3729 710 ἐλ-

2159 738 2330 802 πίδος,
2356 741 2450 793 καὶ
2477 742 2579 811 τῆς
2605 744 2663 796 ὲν
2692 744 2909 816 Χριστῷ
2925 746 3191 817 θυμηδίας
3221 747 3657 820 διωλισθήκασιν,
3679 755 3726 806 οἱ

2156 828 2483 900 κεκλημένοι
2511 832 2610 902 μὲν
2643 836 2724 897 εἰς
2751 836 2878 899 τοὺς
2909 837 3142 908 γάμους,
3169 840 3641 911 καταρνησὰμενοι
3672 843 3728 896 δὲ

2156 918 2253 989 τὴν
2278 920 2482 989 ἄφιξιν.
2530 918 2629 979 Ὧν
2678 928 2707 979 ὁ
2749 927 2847 997 μέν
2879 946 2962 992 τις
2990 929 3093 1000 ἔφη
3117 948 3132 963 ο
3177 949 3197 983 ι
3241 932 3478 986 Γυναῖκα
3515 933 3724 1004 ἔγημα,

2157 1010 2252 1064 καὶ
2276 1012 2337 1064 οὐ
2369 1012 2597 1085 δύναμαι
2629 1016 2823 1073 ἐλθεῖν.
2854 1039 2872 1072 ι
2917 1021 2977 1075 '0
2997 1020 3073 1076 ’δέ
3096 1040 3178 1087 τις
3204 1022 3370 1095 ἀγρὸν
3397 1024 3728 1096 ἑκπρίσσθαι

2157 1099 2349 1170 λέγων,
2380 1105 2587 1177 ἀμείνω
2611 1109 2711 1180 τῆς
2730 1110 2975 1182 κλήσεως
3000 1114 3234 1169 ἐποιεῖτο
3256 1116 3325 1171 τά
3353 1119 3682 1189 πρόσκαιρα.

2225 1279 2388 1335 ΚΥΡ.
2431 1281 2672 1354 Εὗγεκῶ
2695 1289 2958 1345 Παλλάδιε
2979 1309 2994 1324 ·
3021 1294 3333 1366 εὐφραίνεις
3360 1296 3470 1369 γὰρ
3494 1300 3641 1370 ἡμᾶς
3660 1300 3730 1355 τὰ

2155 1371 2339 1462 εἰκότα
2365 1374 2559 1445 λέγων,
2592 1381 2688 1434 καὶ
2722 1380 2782 1446 ἐξ
2811 1383 3107 1454 εὐμαθείας
3146 1390 3248 1458 τῆς
3292 1389 3432 1457 ἄγαν
3484 1409 3726 1462 προανα-

2155 1459 2417 1557 θρὼσκων
2448 1463 2509 1557 εὖ
2539 1470 2682 1540 μάλα
2734 1474 2869 1545 πρὸς
2907 1474 2970 1528 τὸ
3004 1477 3239 1532 συνιέναι
3274 1479 3491 1551 θερμῶς
3518 1459 3611 1534 τοῦ
3641 1482 3729 1535 λό-

2154 1568 2250 1645 γου
2284 1554 2344 1607 τὸ
2377 1554 2573 1631 πέρας.
2607 1563 2800 1635 Ἀθρει
2829 1565 2893 1638 δὴ
2923 1564 3019 1622 οὖν
3053 1570 3135 1624 ὅτι
3173 1575 3282 1635 τοῖς
3315 1572 3616 1645 ὁλοσχερῶς
3663 1592 3725 1629 τε

2155 1641 2252 1695 καὶ
2297 1646 2609 1718 ὁλοτρὸπως
2637 1653 2987 1710 ἀκολουθοῦσι
3015 1657 3153 1730 Θεῷ,
3189 1661 3283 1714 καὶ
3313 1665 3413 1733 τῆς
3561 1665 3727 1719 αὐτὸν

469 1743 793 1809 stituerunt,
822 1760 913 1800 res
961 1746 1210 1800 carnales
1243 1761 1309 1800 ac
1341 1744 1679 1799 mundanam
1709 1744 2039 1815 voluptatem

2152 1734 2366 1802 ἐλπίδος
2398 1745 2785 1816 πεποιημένοις
2823 1748 3053 1821 δεύτερα
3096 1752 3167 1807 τὰ
3214 1753 3316 1824 τῆς
3365 1732 3593 1826 σαρκὸς,
3629 1758 3728 1811 καὶ

468 1835 815 1904 posthabent,
848 1836 1167 1907 contingere
1205 1837 1430 1892 omnino
1471 1844 1530 1891 ut
1557 1835 1837 1891 cmlestem
1876 1835 2049 1891 bene-

468 1928 766 1983 dictionem
799 1929 1018 1984 abunde
1049 1939 1482 2000 consequantur.
1526 1927 1669 1995 Quid
1707 1928 1857 1983 enim
1885 1928 1967 1983 ait
1980 1927 2049 1984 ad

467 2018 788 2074 Abraham?
839 2038 858 2071 ι
890 2020 960 2074 Ει
985 2019 1180 2075 faciam
1219 2030 1273 2075 te
1306 2019 1365 2074 in
1403 2027 1623 2091 gentem
1666 2033 1940 2090 magnam,
1993 2026 2051 2074 et

468 2109 792 2165 benedicam
835 2120 890 2167 te
927 2111 1014 2176 ⁵⁸⁸,
1050 2130 1068 2162 ο
1128 2119 1186 2166 et
1217 2126 1280 2165 ea
1332 2126 1454 2181 quae
1500 2116 1830 2180 sequuntur.
1879 2109 2048 2165 Vides

467 2231 600 2287 ergo
647 2216 868 2286 quantis
912 2216 1068 2271 illum
1107 2215 1492 2286 spiritualibus
1523 2216 1686 2272 bonis
1712 2216 2050 2272 cumularit?

465 2305 584 2359 Jam
635 2321 768 2361 vero
823 2305 1289 2377 quemadmodum
1345 2305 1577 2362 excedat
1620 2322 1652 2362 e
1703 2306 1874 2362 natali
1929 2306 2048 2361 solo

467 2397 763 2463 Abraham,
788 2413 972 2454 nonne
999 2413 1182 2469 operte
1198 2397 1439 2468 pretium
1469 2399 1578 2453 erit
1606 2398 1837 2454 videre?
1883 2417 1901 2451 ι
1939 2399 2047 2455 Ac-

465 2490 612 2560 cepit
644 2491 814 2556 enim,
840 2510 859 2543 ›
890 2489 1091 2561 inquit,
1130 2510 1149 2543 ι
1172 2491 1393 2547 Sarram
1414 2508 1642 2548 uxorem
1675 2507 1852 2557 suam,
1874 2501 1929 2549 et
1945 2493 2049 2548 Lot

468 2580 639 2634 tilium
666 2580 852 2651 fratris
891 2581 1000 2646 sui,
1033 2590 1089 2636 et
1149 2596 1370 2637 omnem
1399 2582 1765 2638 substantiam
1800 2582 2046 2654 ipsorum

466 2686 630 2740 quam
658 2669 1040 2741 possederant,
1084 2680 1140 2727 et
1180 2687 1400 2727 omnem
1441 2673 1681 2728 animam
1709 2688 1874 2744 quam
1915 2689 2045 2744 pos-

466 2761 722 2817 sederant
744 2761 801 2816 in
822 2760 1092 2828 Charran,
1116 2770 1173 2817 et
1201 2763 1459 2819 exierunt
1478 2771 1539 2818 ut
1569 2763 1828 2820 venirent
1856 2763 1913 2818 in
1934 2771 2046 2819 ter-

466 2867 584 2906 ram
611 2850 892 2917 Chanaan,
920 2861 976 2908 et
994 2851 1351 2924 pertransivit
1381 2863 1587 2910 terram
1623 2852 1900 2908 Abraham
1947 2868 2045 2924 per

464 2943 863 3016 longitudinem
921 2945 1060 3016 ejus,
1104 2960 1281 3016 usque
1337 2945 1404 3000 ad
1460 2945 1644 3002 locum
1701 2944 1921 3001 Sichem
1975 2946 2043 3001 ad

464 3049 730 3104 quercum
761 3034 1053 3090 sublimem
1074 3036 1139 3088 ".
1177 3054 1195 3086 ι
1226 3035 1476 3090 Excessit
1501 3034 1725 3106 quidem
1758 3051 1827 3090 ex
1865 3034 2040 3090 Char-

464 3142 584 3194 ran,
612 3143 714 3183 nec
734 3128 872 3182 ullas
903 3127 979 3182 ibi
1017 3143 1204 3183 rerum
1250 3144 1474 3183 suarum
1509 3127 1771 3198 reliquias
1797 3127 2038 3192 dimisit,

462 3219 559 3274 sed
609 3235 734 3275 cum
766 3235 966 3291 genere
1003 3219 1263 3275 universo
1310 3219 1734 3290 quodammodo,
1761 3219 2042 3274 universa-

461 3329 572 3383 que
619 3312 844 3377 familia,
895 3328 1110 3368 summa
1157 3329 1283 3368 cum
1313 3312 1596 3368 alacritate
1650 3311 1936 3367 contendit
1984 3310 2041 3365 in

463 3413 665 3461 terram
679 3404 958 3471 Chanaan,
977 3421 1140 3477 quam
1158 3404 1303 3461 Deus
1323 3403 1664 3460 ostenderat.
1683 3402 1890 3459 Deinde
1910 3417 2037 3472 per-

460 3497 682 3552 transiit
713 3504 919 3552 terram
948 3511 1048 3566 per
1078 3495 1477 3567 longitudinem
1502 3496 1642 3565 ejus,
1665 3503 1723 3549 et
1753 3493 1811 3547 in
1836 3502 2040 3548 terram

459 3587 709 3654 pervenit
736 3586 1049 3641 sublimem.
1074 3584 1337 3656 Quisquis
1361 3585 1513 3639 enim
1548 3584 1861 3640 decreverit
1893 3582 2038 3638 divi-

458 3678 544 3733 nis
580 3678 810 3748 obsequi
858 3679 1188 3749 praaceptis,
1233 3694 1298 3734 ac
1339 3692 1635 3749 supernam
1692 3676 2036 3732 vocationem

456 3769 735 3838 pnecipua
770 3783 904 3822 cura
930 3766 1310 3838 excipiendam
1339 3767 1567 3839 putarit,
1601 3776 1761 3823 exeat
1798 3766 1847 3822 is
1877 3782 1909 3822 e
1935 3781 2036 3821 vo-

455 3859 710 3929 luptuosa
744 3858 878 3925 vita,
919 3867 1066 3915 totus
1090 3860 1240 3915 omni
1275 3876 1344 3915 ex
1367 3866 1544 3930 parte,
1588 3873 1654 3914 ac
1686 3858 1860 3913 veluti
1909 3874 2034 3913 cum

452 3967 655 4022 genere
687 3950 983 4017 universo;
1008 3968 1186 4023 neque
1214 3953 1382 4008 ullam
1418 3952 1618 4007 mentis
1669 3967 1783 4006 sum
1816 3959 2033 4022 partem

453 4043 528 4098 ibi
560 4042 853 4113 relinquat,
889 4043 984 4098 ubi
1011 4053 1173 4099 antea
1202 4044 1548 4100 versabatur.
1594 4043 1686 4099 Sic
1726 4043 1875 4098 enim
1927 4043 2034 4098 rite

450 4130 853 4202 proficiscetur,
870 4142 1183 4206 terramque
1198 4122 1578 4206 pertransibit,
1607 4134 1675 4191 ad
1705 4150 1869 4206 quam
1893 4142 1978 4189 est
2001 4150 2033 4189 a

450 4222 562 4277 Deo
577 4231 824 4289 vocatus,
844 4233 925 4289 ut,
957 4225 1422 4303 quemadmodum
1448 4225 1649 4280 scribit
1665 4224 1863 4279 beatus
1885 4224 2029 4278 Pau-

364 4353 368 4356 .
450 4312 557 4377 ius,
618 4312 790 4381 possit
839 4314 1308 4384 comprehendere
1340 4329 1467 4369 cum
1516 4312 1775 4368 omnibus
1829 4312 2032 4367 sanctis

448 4419 570 4473 qua:
592 4403 663 4459 sit
697 4405 948 4471 latitudo,
978 4414 1035 4459 et
1052 4405 1357 4474 longitudo,
1387 4412 1443 4458 et
1465 4403 1797 4467 sublimitas,
1822 4409 1879 4456 et
1899 4416 2029 4473 pro-

448 4495 679 4551 fundum
726 4496 975 4567 mysterii
1022 4496 1227 4551 Christi
1269 4496 1334 4548 ".
1391 4494 1549 4550 Tunc
1604 4495 1754 4549 enim
1822 4497 2027 4565 optime

446 4588 515 4644 ad
550 4596 752 4644 terram
783 4587 1074 4643 sublimem
1109 4586 1387 4651 ascendet,
1420 4586 1473 4641 id
1490 4594 1593 4651 est,
1630 4586 1698 4641 ad
1729 4587 1899 4641 animi
1926 4587 2028 4642 ha-

447 4679 645 4746 bitum,
660 4672 761 4749 qui
786 4678 842 4733 in
857 4679 1140 4750 superiore
1156 4678 1423 4733 virtutum
1438 4677 1560 4734 loco
1592 4678 1732 4733 situs
1747 4688 1853 4743 est,
1878 4677 2027 4734 nulla

444 4784 513 4825 ex
537 4780 693 4840 parte
730 4769 799 4825 ad
825 4768 1006 4824 carnis
1037 4770 1345 4841 voluptates
1368 4771 1645 4841 projectus
1690 4778 1855 4840 atque
1895 4784 2027 4840 pro-

444 4860 620 4918 clivis.
656 4861 708 4917 Is
737 4869 921 4916 autem
952 4861 1048 4933 qui
1078 4877 1146 4917 eo
1182 4862 1495 4933 pervenerit
1535 4860 1670 4932 quid
1716 4860 1847 4916 boni
1878 4875 2028 4915 asse-

443 4959 661 5020 quatur,
695 4966 762 5006 ex
783 4950 916 5022 ipsis
944 4951 1114 5006 sacris
1131 4951 1355 5007 Litteris
1383 4950 1769 5022 intelligemus.
1796 4969 1814 4999 σ
1842 4949 2025 5019 Appa-

444 5039 555 5093 ruit
583 5041 752 5105 enim,
783 5061 800 5093 ι
850 5041 1050 5112 inquit,
1101 5061 1120 5094 ι
1157 5042 1424 5097 Dominus
1452 5042 1748 5106 Abraham,
1791 5051 1848 5096 et
1886 5040 2027 5096 dixit

440 5130 530 5187 ei:
564 5130 772 5187 Semini
788 5141 883 5188 tuo
913 5133 1057 5188 dabo
1097 5142 1297 5189 terram
1329 5134 1490 5189 hanc.
1514 5135 1583 5188 Et
1602 5132 1900 5189 :edilicavit
1929 5133 2021 5198 ibi

440 5220 716 5278 Abraham
771 5223 943 5279 altare
996 5224 1228 5279 Domino
1286 5226 1382 5296 qui
1432 5232 1762 5296 apparuerat
1809 5224 1863 5278 ei
1882 5224 1950 5279 “.
1997 5241 2016 5275 ι

439 5313 578 5369 Nam
611 5329 738 5371 cum
762 5314 945 5372 adhuc
974 5315 1031 5370 in
1054 5316 1233 5386 patria
1261 5322 1731 5380 commoraretur,
1774 5314 2016 5370 necdum

438 5404 507 5458 ad
538 5415 784 5463 sanctam
833 5416 1036 5463 terram
1079 5423 1201 5463 sese
1249 5407 1612 5473 contulisset,
1643 5406 1825 5461 solum
1876 5403 2012 5460 illud

442 5508 763 5566 responsum
793 5499 1029 5570 accepit,
1058 5516 1169 5571 quo
1203 5500 1261 5555 in
1305 5499 1467 5554 aliam
1502 5498 1803 5571 regionem,
1862 5496 2013 5551 omni

439 5604 553 5728 xu"
582 5605 727 5729 ἔλυε.
781 5629 885 5676 xlv,
928 5613 1018 5668 20.
1134 5616 1178 5647 “
1225 5612 1387 5672 ibid..
1420 5613 1504 5667 18.

1610 5614 1683 5687 λ⁸⁰⁶
1708 5612 1860 5694 Gen.
1885 5627 1979 5678 xu,
2031 5612 2085 5665 2.

2156 1829 2467 1902 φιληδονίαν
2499 1839 2789 1910 κοσμικὴν,
2822 1841 3010 1912 ἕψεται
3037 1844 3102 1917 δὴ
3128 1845 3364 1912 πάντως,
3390 1847 3452 1902 τὸ
3479 1849 3727 1920 εὐλογίας

2282 1923 2488 1980 ἄνωθεν
2519 1929 2789 1996 πλουσίως
2817 1935 3162 2008 μεταλαχεῖν.
3195 1938 3262 1992 Τί
3286 1939 3395 2012 γὰρ
3418 1940 3567 2011 λέγει
3588 1944 3729 2015 πρὸς

2168 2012 2449 2088 Ἀϐραάμς
2493 2038 2515 2070 ι
2554 2021 2666 2075 Καὶ
2693 2026 2902 2097 ποιήσω
2935 2044 2994 2081 σε
3018 2028 3100 2093 είς
3135 2028 3284 2096 ἔθνος
3321 2032 3484 2103 μέγα,
3514 2037 3605 2088 καὶ
3631 2012 3730 2089 εὐ-

2152 2102 2369 2186 λογήσῳ
2411 2124 2493 2175 σε,
2528 2128 2547 2162 ι
2580 2111 2675 2165 καὶ
2702 2113 2771 2168 τά
2813 2113 3025 2180 τούτοις
3054 2102 3396 2190 συνημμένα.
3441 2121 3604 2194 Ὁρᾷς
3629 2120 3730 2178 οὖν

2150 2195 2285 2268 ὅσην
2303 2200 2449 2273 αὐτῷ
2471 2202 2680 2277 πληθὺν
2697 2206 3039 2279 ὲπεσώρευσε
3058 2214 3444 2284 πνευματικῶν
3466 2215 3686 2284 ἀγαθῶν
3707 2236 3727 2285 ;

2152 2288 2286 2345 Τίνα
2299 2291 2356 2345 δὲ
2374 2293 2572 2364 τρόπον
2589 2295 2813 2368 ἀπαίρει
2833 2298 2933 2370 τῆς
2948 2300 3279 2375 ἐνεγκούσης
3303 2304 3577 2378 Ἀϐραὰμ,
3605 2308 3731 2372 πῶς

2149 2383 2252 2437 οὐκ
2294 2384 2442 2452 ἄξιον
2474 2388 2630 2457 ίδεῖν;
2687 2408 2709 2442 ι
2761 2390 2960 2447 Ἐλασε
2995 2394 3126 2468 γὰρ,
3171 2415 3192 2449 ι
3240 2396 3394 2468 φησι,
3448 2417 3468 2451 ι
3504 2400 3729 2473 Σάρραν

2149 2472 2249 2544 τὴν
2285 2480 2521 2544 γυναῖκα
2547 2480 2736 2547 αὐτοῦ,
2766 2484 2861 2537 καὶ
2892 2484 2985 2538 τὸν
3013 2484 3136 2540 Λὼτ
3171 2487 3266 2542 τόν
3300 2490 3415 2545 υίδν
3446 2490 3541 2546 τοῦ
3570 2492 3729 2546 ἀδελ-

2150 2566 2251 2635 φοῦ
2304 2569 2491 2636 αὐτοῦ,
2535 2575 2630 2628 καὶ
2679 2575 2855 2631 πάντα
2891 2577 2960 2631 τὰ
3017 2578 3330 2652 ὑπάρχοντα
3368 2582 3568 2652 αὐτῶν,
3619 2584 3727 2640 ὅσα

2149 2658 2485 2730 ἐκτήσαντο,
2536 2665 2629 2718 καὶ
2688 2669 2869 2722 πᾶσαν
2941 2669 3139 2743 ψυχὴν,
3192 2672 3261 2743 ἦν
3314 2674 3610 2747 ἐκτήσαντο
3661 2679 3725 2731 ὲν

2148 2747 2392 2821 Χαρράν.
2425 2753 2533 2807 Καὶ
2572 2755 2796 2826 ἐξῆλθον
2836 2760 3170 2833 πορευθῆναι
3220 2764 3302 2827 είς
3334 2764 3441 2836 γῆν
3479 2764 3724 2833 Χαναὰν,

2146 2839 2241 2892 καὶ
2270 2839 2555 2919 διῴδευσεν
2597 2845 2850 2918 Ἀϐραὰμ
2871 2849 2969 2919 τὴν
3001 2850 3106 2920 γῆν
3135 2853 3216 2916 εἰς
3239 2853 3300 2906 τὸ
3333 2853 3506 2924 μῆκος
3528 2856 3726 2928 αὐτῆς,

2148 2928 2254 2992 ἕως
2291 2932 2386 2985 τοῦ
2420 2934 2585 2989 τόπου
2622 2937 2825 3010 Συχὲμ,
2857 2941 2950 2995 ἐπὶ
2985 2942 3085 3014 τὴν
3121 2942 3251 3014 δρῦν
3289 2946 3387 3019 τὴν
3418 2947 3650 3020 ύψηλήν.
3699 2970 3722 3003 ι

2159 3020 2442 3095 Ἐξεχὼρει
2469 3027 2567 3097 μὲν
2590 3028 2701 3101 γὰρ
2724 3032 2788 3084 ἐκ
2809 3032 3056 3104 Χαρρὰν,
3080 3035 3233 3089 οὐδὲν
3254 3037 3445 3103 ἑαυτοῦ
3467 3039 3728 3111 λείψανον

2145 3114 2326 3207 ἀφιεῖις
2353 3118 2411 3170 ἐν
2433 3119 2594 3192 αὐτῇ,
2613 3125 2876 3192 παγγενεὶ
2901 3125 2957 3179 δὲ
2982 3125 3171 3199 ὥσπερ
3199 3130 3293 3183 καὶ
3324 3132 3561 3202 πανοικὶ,
3584 3152 3728 3207 προ-

2144 3201 2423 3294 θυμότατα
2478 3211 2826 3281 μετατρέχων
2862 3215 2942 3278 είς
2988 3215 3095 3286 γῆν
3134 3217 3390 3290 Χαναάμ,
3429 3223 3496 3294 ἣν
3550 3201 3727 3290 ἔδειξε

2141 3292 2292 3359 Θεός.
2335 3292 2468 3351 Εἶτα
2507 3299 2666 3354 δίεισι
2703 3303 2803 3376 τὴν
2845 3305 2949 3374 γῆν
2979 3308 3059 3370 είς
3094 3310 3154 3362 τὺ
3180 3310 3355 3381 μῆκος
3395 3292 3589 3386 αὐτῆς,
3624 3321 3729 3373 καὶ

2140 3386 2222 3449 είς
2240 3387 2341 3478 γῆν
2361 3387 2586 3478 ,ἔρχεται
2616 3393 2716 3462 τὴν
2755 3394 2988 3468 ὑψηλήν.
3020 3399 3080 3452 '0
3098 3399 3204 3472 γάρ
3230 3419 3310 3455 τοι
3326 3401 3729 3478 βεϐουλημένος

2138 3478 2253 3539 τοῖς
2284 3476 2448 3541 θείοις
2484 3476 2544 3535 εὖ
2594 3483 2741 3552 μάλα
2770 3489 3187 3543 κατακολουθεῖν
3230 3476 3587 3566 θεσπίσμασι,
3622 3501 3728 3555 καὶ

2140 3568 2438 3659 Ῠβοντίξος-
2466 3569 2568 3659 τῆς
2601 3571 2831 3644 ἀρίστης
2876 3577 3062 3643 ἀξιοῦν
3096 3582 3197 3654 τὴν
3241 3582 3449 3639 ἀνωθεν
3502 3587 3723 3659 κλῆσιν,

2138 3652 2300 3745 ἐξίτω
2329 3653 2474 3727 ζωῆς
2514 3658 2610 3729 τῆς
2657 3660 2717 3714 ἐν
2749 3662 2963 3734 ἡδοναῖς
3007 3652 3300 3741 κοσμικαῖς
3341 3673 3463 3740 ὅλος
3511 3652 3720 3745 διόλου,

2139 3744 2234 3834 καὶ
2267 3746 2428 3800 οἱονεὶ
2460 3753 2744 3820 παγγενεὶ,
2786 3755 2938 3811 οὐδὲν
2977 3760 3077 3832 τῆς
3110 3763 3302 3818 ἑαυτοῦ
3331 3765 3571 3834 διανοίας
3601 3744 3724 3825 λείὲ

2136 3832 2304 3933 trba-vexa
2339 3836 2524 3933 ἀφεῖς,
2557 3843 2614 3895 ὲν
2644 3839 2726 3909 οἷς
2768 3841 2837 3918 ἦν
2886 3866 3035 3905 ποτε.
3080 3854 3330 3929 Ἀπαίρει
3379 3860 3488 3933 γὰρ
3537 3832 3726 3930 οὕτως

2136 3924 2342 4025 όλρθῶς1
2374 3930 2471 4025 κιςι
2508 3931 2767 3990 διοδεύσει
2804 3939 2905 4009 τὴν
2944 3942 3070 4012 γῆν,
3099 3924 3359 4017 κέκληται
3391 3924 3515 4021 ’γάρ
3559 3924 3725 4025 παρά

2137 4015 2300 4121 Θεοῦ,
2319 4021 2408 4121 ἱνα
2424 4022 2614 4121 ῶσπερ
2631 4028 2661 4079 ό
2687 4031 2949 4102 μακάριος
2972 4035 3172 4106 γράφει
3200 4015 3430 4107 nemos;
3451 4015 3727 4121 ὲὲισχῠῖηι

2137 4111 2537 4201 καταλαϐέσθαι
2561 4119 2658 4171 σὺν
2683 4121 2816 4175 πᾶσι
2844 4125 2957 4188 τοῖς
2978 4127 3172 4195 ἁγίοις,
3204 4129 3259 4185 τί
3280 4132 3342 4186 τὸ
3368 4111 3732 4201 πλάτοςῖκαί

2139 4199 2333 4299 μῆκος,
2349 4204 2445 4299 καὶ
2456 4203 2611 4299 ῦψος,
2628 4210 2722 4263 καὶ
2735 4209 2898 4281 βάθος
2912 4215 3005 4269 τοῦ
3029 4222 3329 4292 μυστηρίου
3340 4224 3435 4279 τοῦ
3449 4199 3694 4299 Χριστοῦ
3704 4277 3726 4290 .

2136 4291 2282 4389 Πρὸς
2307 4296 2410 4366 γῆν
2441 4297 2550 4371 γὰρ
2576 4301 2696 4355 τότε
2727 4303 2827 4374 τὴν
2872 4306 3082 4380 ὑψηλὴν
3113 4291 3462 4385 ἀναίφοιτήσει
3501 4291 3728 4389 καλῶς,

2133 4387 2278 4481 τοῦτ’
2320 4390 2456 4452 ἔστι,
2495 4392 2632 4464 πρὸς
2660 4393 2773 4459 ἕξιν
2810 4397 2911 4468 τὴν
2945 4400 3322 4477 ἀνῳκισμένην
3356 4410 3424 4462 ’ἐν
3463 4387 3731 4481 ἀρεταῖς,

2135 4480 2228 4577 καὶ
2256 4481 2552 4577 οὐδαμόθεν
2580 4485 2808 4557 ἔχουσαν
2845 4493 2925 4548 ἔτι
2952 4496 3014 4550 τὸ
3044 4503 3478 4572 κατερριμμένον
3505 4480 3587 4570 είς
3617 4525 3734 4577 φι-

2131 4569 2442 4642 λοσαρκίαν.
2491 4576 2832 4652 Ἀφικομὲνῳ
2858 4583 2915 4638 δὲ
2952 4585 3054 4658 ῆδη
3256 4569 3433 4654 τοῦτο,
3457 4594 3512 4648 τί
3541 4569 3737 4655 πάλιν

2130 4659 2283 4755 ἕσται
2328 4663 2438 4755 τῶν
2485 4667 2725 4736 ἀγαθῶν,
2773 4672 2831 4738 ἐξ
2878 4674 3058 4730 αὐτῶν
3095 4679 3352 4751 εἰσόμεθα
3394 4683 3501 4736 τῶν
3541 4687 3739 4755 ἱερῶν

2131 4752 2498 4850 Γραμμάτωνε
2554 4775 2574 4809 ι
2623 4760 2802 4850 ΪΩφθη
2855 4764 2983 4835 γὰρ,
3029 4783 3049 4817 ι
3112 4769 3266 4839 φησὶ,
3310 4788 3330 4821 ι
3370 4752 3743 4850 Κύριος-τῷ

2140 4846 2410 4919 Ἀϐραὰμ,
2454 4852 2550 4904 καὶ
2594 4847 2747 4906 εἶπεν
2783 4854 2965 4927 αὐτῷ·
2994 4857 3084 4929 Τῷ
3108 4861 3385 4933 σπέρματί
3420 4881 3513 4918 σου
3544 4846 3744 4926 δὼσῷ

2125 4937 2224 5026 τὴν
2272 4938 2376 5010 γῆν
2423 4941 2648 5014 ταύτην.
2709 4944 2819 4998 Καὶ
2867 4946 3218 5020 ᾠκοδόμησεν
3280 4953 3532 5026 Ἀϐραὰμ
3586 4959 3748 5016 ἐκεῖ

2125 5029 2510 5104 θυσιαστήριον
2533 5034 2611 5106 τῷ
2635 5037 2844 5108 Κυρίῳ,
2861 5038 2939 5111 τῷ
2958 5040 3175 5110 ὀφθέντι
3191 5044 3359 5116 αὐτῷ.
3394 5064 3414 5096 ι
3445 5047 3726 5118 Ἐμφιλον
3776 5056 3789 5062 ’

2124 5123 2392 5196 χωροῦντι
2421 5126 2519 5196 μὲν
2545 5126 2654 5199 γὰρ
2684 5130 2763 5193 είς
2790 5131 2893 5200 γῆν
2927 5134 3184 5206 πατρίδος
3211 5137 3398 5204 αὐτοῦ,
3425 5139 3517 5193 καὶ
3544 5137 3743 5200 οὔπω
3824 5147 3841 5157 '

2125 5215 2263 5286 πρὸς
2297 5215 2396 5288 τὴν
2442 5216 2602 5285 ἀγίαν
2650 5224 3100 5293 μεταχωρήσαντι
3133 5228 3256 5298 γῆν,
3285 5229 3446 5298 μόνος
3488 5228 3750 5290 δέδοται

2123 5306 2374 5378 χρησμὸς
2399 5307 2494 5360 τοῦ
2533 5311 2917 5381 μεταχωρῆσαι
2938 5312 3047 5367 δεῖν
3077 5317 3157 5379 είς
3184 5318 3397 5389 ἑτέραν,
3424 5318 3525 5389 τῆς
3547 5320 3753 5390 ὲνεγ-

2123 5396 2325 5468 κούσης
2348 5398 2704 5470 ὴφειδηκότα.
2741 5399 2957 5474 Ἐπειδὴ
2981 5404 3038 5458 δὲ
3059 5400 3224 5477 ῆλθεν
3247 5410 3327 5472 είς
3345 5408 3451 5478 γῆν
3475 5406 3758 5467 Χαναὰν

2122 5488 2341 5543 πανοικί
2369 5507 2431 5543 τε
2472 5491 2568 5544 καὶ
2599 5494 2915 5555 πανσκευεὶ.
2950 5497 3042 5551 καὶ
3079 5498 3216 5570 πρὸς
3246 5499 3347 5570 τὴν
3384 5500 3548 5555 ἁγίαν
3573 5501 3757 5557 ἀνέ-

2190 5605 2419 5683 “ibid..
2452 5606 2527 5671 ὅ,
2578 5607 2631 5661 6.
2746 5609 3021 5683 “Ephes.
3064 5630 3141 5680 ιιι,
3194 5615 3280 5670 18.
3330 5609 3336 5614 ’
3396 5617 3443 5649 ⁸³
3491 5617 3752 5680 Ger-es.
