4024 6220
225 322 315 381 169

940 313 1029 369 DE
1064 309 1504 369 ADORATIONE
1539 309 1608 388 Ιῌ
1649 261 1918 365 δίδιΒΙΤῐ]
1958 309 2048 363 ΕΤ
2086 306 2454 362 VERITATE.
2496 306 2622 363 LIB.
2664 306 2707 362 ῐ.

3342 308 3442 363 HO

223 438 333 506 θορε
360 430 483 503 γῆν,
510 430 545 500 ἢ
589 427 691 498 τῆς
733 427 985 491 θεοπτίας
1027 427 1235 482 δέδοται
1282 428 1463 498 χάρις,
1523 425 1620 480 κοιλ⁸
1673 427 1774 497 τῆς

1901 439 2008 480 :ura
2061 423 2224 494 patrii
2293 423 2400 493 23
2470 423 2572 477 soli
2648 421 2996 493 posthabita,
3056 423 3286 494 migrare
3356 424 3446 495 ju-

223 526 415 587 ἑλπίδος
452 521 516 575 τὸ
558 519 797 589 ἀσφαλὲς
827 519 887 573 ὲν
930 518 1132 589 βεϐαίῳ
1176 518 1276 589 τῆς
1314 517 1645 589 ἐλευθερίας,
1679 516 1776 573 καὶ

223 619 277 673 τὸ
309 614 504 681 ἐξεῖναι
553 608 740 663 λοιπὸν
771 608 1004 680 ἐγείρειν
1049 608 1453 679 θυσιαστήριον.
1488 606 1598 661 Καὶ
1644 607 1775 677 ἡμῖν

224 704 304 763 οὖν
329 706 454 775 ἄρα,
491 700 637 756 κατά
657 717 719 769 γε
757 700 818 753 τὸ
849 699 963 752 ἴσον
987 698 1081 753 τοῦ
1106 698 1265 767 λόγου
1292 698 1494 769 σχῆμα,
1536 690 1779 768 προσμέ-

225 815 355 855 νουσι
386 796 490 867 μὲν
520 794 601 864 τῷ
627 792 816 863 κόσμῳ
837 792 932 844 καὶ
960 792 1079 855 ταῖς
1106 791 1228 844 κατ’
1251 791 1413 844 αὐτὸν
1445 788 1779 860 βδελυρωτά-

224 906 327 951 ταις
348 886 582 959 ἡδοναῖς,
627 884 853 953 οὐδεμία
885 882 984 952 μὲν
1027 880 1179 934 ἔσται
1233 879 1384 951 παρά
1428 877 1564 932 Θεοῦ
1595 878 1774 949 χάρις·

228 976 561 1049 κεκλημένοις
606 974 664 1028 δὲ
713 974 808 1028 καὶ
846 974 961 1036 τοῖς
1016 970 1182 1035 θείοις
1230 970 1517 1025 ὑπείκουσι
1567 970 1778 1039 νόμοις,

228 1067 617 1139 ἀναθρώσκουσι
650 1063 758 1117 τῶν
804 1062 1058 1132 καθάπερ
1092 1061 1174 1125 είς
1209 1062 1313 1132 γῆν
1342 1059 1550 1131 ὑψηλὴν
1575 1059 1673 1131 τὴν
1700 1060 1783 1122 είς

230 1162 322 1215 πᾶν
354 1156 533 1212 ὁτιοῦν
572 1155 684 1209 τῶν
737 1151 958 1222 ἀγαθῶν
999 1151 1185 1221 έφεσίν
1233 1168 1292 1204 τε
1326 1153 1419 1205 καὶ
1450 1150 1777 1222 προθυμίαν,

230 1251 377 1321 ἐνίησι
408 1249 509 1319 μὲν
531 1246 632 1317 τῆς
657 1245 794 1308 ίδίας
824 1242 983 1314 δόξης
1004 1242 1105 1313 τὴν
1136 1240 1340 1311 γνῶσιν
1362 1243 1392 1297 ό
1412 1241 1564 1306 Θεὸς,
1598 1241 1693 1295 καὶ
1720 1240 1784 1294 τὸ

230 1342 314 1412 τῆς
341 1339 553 1402 ἐλπίδος
585 1335 976 1409 ὲρηρεισμένον
1010 1333 1423 1401 ἐπαγγέλλεται·
1464 1332 1693 1403 εὐσθενῆ
1726 1331 1784 1385 δὲ

234 1431 352 1485 οὕτω
381 1430 473 1483 τὸν
507 1431 566 1482 ὲν
606 1429 740 1499 ἡμῖν
780 1423 1153 1496 ἀπεργάζεται
1204 1422 1361 1488 νοῦν,
1406 1421 1484 1486 ὡς
1521 1422 1621 1493 ἠδη
1670 1438 1787 1484 πως

239 1521 426 1591 ἰσχύσαι
460 1517 657 1580 θυσίας
675 1515 970 1587 προσάγειν
1003 1511 1404 1583 πνευματικὰς,
1436 1511 1530 1566 καὶ
1561 1511 1786 1565 εὐωδίαν

242 1610 461 1680 γενέσθαι
476 1607 717 1679 Χριστοῦ
737 1605 816 1676 τῷ
834 1604 953 1676 Θεῷ
976 1604 1070 1658 καὶ
1093 1604 1290 1675 Πατρὶ,
1311 1602 1452 1656 κατά
1471 1603 1531 1655 τὸ
1549 1617 1790 1672 γεγραμ-

254 1702 419 1771 μένον·
451 1699 797 1769 παραστῆσαι
840 1696 897 1749 δὲ
922 1696 1023 1749 καὶ
1065 1694 1215 1764 αὐτῷ
1258 1692 1321 1747 τὸ
1364 1691 1545 1763 σῶμα,
1599 1691 1789 1745 θυσίαν

1875 515 2145 571 bebatur:
2180 522 2371 585 postea
2390 530 2525 568 vero
2559 529 2725 582 quam
2784 529 2910 568 cum
2954 523 3067 568 tota
3112 515 3276 569 domo
3316 515 3444 569 uni-

1874 620 2143 676 versaque
2185 604 2512 675 supellectili
2547 604 2702 659 venit
2744 605 2801 660 in
2844 604 3140 669 Chanaan,
3173 614 3337 674 atque
3376 603 3446 659 ad

1876 701 2080 749 terram
2135 703 2379 750 sanctam
2419 694 2707 759 ascendit,
2756 703 2873 749 tum
2930 710 3064 750 vero
3114 695 3193 749 illi
3246 695 3447 749 divina:

1876 784 2106 841 visionis
2166 784 2341 855 gratia
2382 799 2648 842 concessa
2686 794 2793 851 est,
2850 787 3081 858 ejusque
3134 802 3260 857 spes
3293 785 3448 840 ﬁrma

1876 873 2243 946 promissione
2284 874 2637 929 corroborata
2680 885 2793 941 est,
2831 877 3130 946 altarisque
3160 885 3449 931 exstruen-

1879 965 1935 1020 di
1962 967 2076 1038 jam
2123 975 2375 1038 potestas
2406 969 2574 1025 facta.
2610 969 2680 1024 At
2708 984 2809 1024 nos
2848 969 2981 1024 item
3021 969 3187 1023 simili
3218 969 3449 1034 ratione,

1879 1054 2123 1122 quandiu
2162 1054 2221 1109 in
2272 1056 2480 1111 mundo
2537 1072 2844 1122 manemus,
2881 1065 2938 1111 et
2969 1056 3122 1112 illius
3157 1071 3449 1111 exsecran-

1880 1143 1967 1199 dis
2013 1146 2389 1216 voluptatibus
2430 1148 2874 1214 adhaerescimus,
2915 1149 3068 1203 nulla
3110 1148 3455 1218 permanebit

1883 1252 1916 1291 a
1964 1238 2075 1293 Deo
2107 1239 2313 1309 gratia;
2367 1239 2462 1294 sed
2514 1240 2559 1295 si
2612 1240 2791 1294 vocati
2851 1240 3057 1294 divinis
3097 1239 3312 1309 legibus
3351 1237 3455 1293 ob-

1880 1329 2397 1399 temperaverimus,
2427 1336 2485 1385 et
2513 1330 2585 1385 ad
2634 1331 2881 1385 omnium
2921 1330 3194 1384 bonorum
3248 1327 3458 1398 expeti-

1884 1422 2093 1478 tionem
2131 1430 2295 1492 atque
2325 1422 2502 1477 alacre
2527 1423 2770 1478 studium
2811 1431 3071 1493 tanquam
3098 1421 3154 1475 in
3187 1420 3458 1475 excelsam

1887 1519 2087 1568 terram
2115 1513 2637 1579 conscenderimus,
2670 1523 2789 1569 tum
2824 1529 2959 1570 vero
3002 1512 3166 1568 nobis
3209 1510 3460 1566 immittit

1886 1603 2034 1659 Deus
2058 1603 2243 1675 gloria:
2270 1618 2383 1660 suae
2410 1604 2801 1675 cognitionem,
2828 1613 2888 1661 et
2937 1604 3053 1675 spei
3089 1602 3461 1660 conﬁrmatio—

1889 1708 2018 1748 nem
2048 1693 2340 1764 pollicetur
2362 1734 2377 1759 ,
2427 1702 2753 1765 tantumque
2793 1695 2964 1750 robur
3021 1687 3306 1765 mentibus
3360 1706 3463 1746 no-

260 1790 413 1855 ζῶσαν
437 1790 529 1843 καὶ
554 1788 845 1859 εὐάρεστον
889 1784 968 1857 τῷ
1000 1784 1140 1856 Θεῷ,
1179 1784 1281 1854 τὴν
1322 1782 1546 1854 λογικὴν
1592 1782 1687 1837 καὶ
1735 1783 1793 1837 ὲν

1901 1783 2025 1840 stris
2040 1783 2307 1849 immittit,
2331 1793 2392 1839 ut
2408 1786 2520 1855 jam
2539 1786 2814 1855 possimus
2841 1784 3050 1840 hostias
3076 1784 3276 1839 olierre
3302 1781 3463 1853 Spiri-

262 1881 501 1950 πνεύματι
529 1878 773 1950 λατρείαν
816 1877 913 1949 τὴν
944 1875 1241 1930 ἀπόδεκτον
1269 1874 1423 1946 παρά
1447 1873 1587 1944 Θεῷ.
1616 1875 1794 1945 Προσ-

260 1972 379 2025 ίεται
413 1970 512 2041 γάρ
542 1970 787 2041 ἀσμένως
830 1968 929 2037 τῆς
974 1969 1033 2021 ἐν
1080 1964 1353 2036 πνεύματι
1384 1964 1636 2036 λατρείας
1662 1965 1789 2030 τοὺς

250 2061 473 2131 τρόπους,
504 2060 596 2113 ut
621 2057 816 2112 θυσίαν
845 2058 1059 2127 ἡγεῖται
1079 2054 1142 2108 τὸ
1173 2056 1362 2126 χρῆμα
1391 2053 1787 2124 πνευματικήν.

1900 1873 2158 1938 tuales“,
2187 1880 2244 1929 et
2261 1873 2468 1930 Christi
2500 1875 2678 1930 bonus
2710 1874 2847 1929 odor
2876 1873 2995 1929 ﬁeri
3043 1874 3157 1928 Deo
3199 1880 3257 1927 et
3282 1871 3460 1936 Patri,

1893 1966 2038 2021 sicut
2066 1966 2336 2037 scriptum
2374 1975 2462 2022 est
2480 1967 2563 2034 ";
2614 1966 2875 2022 exhibere
2919 1966 3086 2020 etiam
3116 1964 3220 2034 ipsi
3246 1978 3465 2034 quoque

1901 2071 2103 2126 corpus
2133 2057 2371 2112 hostiam
2420 2058 2728 2122 viventem,
2793 2058 3209 2128 placentemque
3264 2055 3462 2120 Deo“,

249 2168 418 2223 nempe
468 2151 796 2207 rationalem
834 2149 992 2204 illum
1054 2154 1114 2203 et
1164 2147 1223 2203 in
1265 2147 1463 2218 spiritu
1500 2147 1747 2211 cultum,
1778 2146 1876 2216 qui
1904 2148 2017 2202 Deo
2045 2156 2131 2202 est
2158 2149 2215 2203 in
2250 2150 2443 2218 primis
2477 2156 2754 2219 acceptus.
2803 2149 3065 2204 Libenter
3124 2148 3272 2203 enim
3345 2161 3465 2202 am-

241 2243 475 2312 plectitur
500 2242 806 2314 spiritualis
844 2241 994 2297 illius
1043 2229 1297 2311 obsequii
1350 2239 1492 2294 ritus
1514 2278 1530 2303 ,
1575 2246 1742 2308 atque
1793 2239 1929 2295 illud
1965 2239 2200 2295 hostiam
2226 2240 2567 2311 spiritualem
2599 2249 2774 2312 putat.

298 2357 493 2410 ΠΔΛΛ.
546 2353 987 2426 Μεθορμίζεσθαι
1032 2354 1097 2424 δὴ
1148 2348 1242 2407 οὖν
1304 2354 1398 2406 ἐπὶ
1463 2352 1531 2405 τὰ
1585 2352 1796 2423 ἀμείνω

236 2452 439 2521 πρέπει,
476 2450 590 2503 τῶν
620 2447 907 2518 αἰσχιόνων
953 2447 1306 2518 ἀπαίροντας·
1353 2446 1448 2499 καὶ
1478 2447 1793 2519 προσίεσθαι

238 2542 324 2612 μὲν
356 2542 431 2605 ὡς
460 2542 654 2612 ἣδιστα
681 2539 781 2611 τὴν
820 2538 1028 2595 ἀνωθεν
1064 2539 1276 2609 κλῆσιν,
1320 2538 1714 2610 ἐμφιλοχωρεῖν
1737 2537 1794 2592 δὲ

232 2631 305 2685 δτι
340 2631 578 2703 μάλιστα
608 2630 788 2699 φιλεῖν
826 2631 940 2692 τοῖς
966 2630 1032 2682 ἐκ
1071 2627 1238 2698 νόμου
1265 2628 1670 2699 τετιμημένοις,
1702 2628 1798 2682 καὶ

232 2721 318 2792 τὴν
339 2722 574 2793 ἀρίστην
624 2720 824 2792 ψῆφονο
849 2719 1072 2791 λαχοῦσι
1117 2718 1268 2791 παρὰ
1313 2717 1450 2789 Θεῷ.
1506 2718 1595 2782 Ὠς
1625 2718 1688 2773 τό
1721 2736 1805 2774 τοι

231 2811 395 2882 ζητεῖν
424 2814 625 2867 ἀνόπιν
653 2814 788 2867 ἰέναι
812 2812 906 2867 καὶ
936 2813 1238 2866 ἐπινοστεῖν
1264 2810 1356 2865 ὲπί
1381 2829 1434 2865 τι
1461 2811 1570 2865 τῶν
1597 2811 1803 2866 ἀδικεῖν

230 2902 510 2969 εἰωθότων,
538 2903 722 2965 αἰτίας
740 2903 842 2955 οὐκ
871 2900 1273 2972 ἀπαλλάξομεν.

289 3017 457 3071 ΚΥΡ.
501 3016 578 3070 Οὐ
613 3015 714 3086 μὲν
743 3012 857 3080 οὖν,
881 3008 927 3069 ὦ
960 3017 1163 3088 ἑταῖρε.
1190 3016 1545 3087 Παγχάλεπον
1572 3015 1672 3088 μὲν
1696 3017 1803 3089 γὰρ

1968 2353 2165 2408 PALL.
2200 2354 2367 2409 Decet
2397 2354 2583 2425 igitur,
2621 2363 2682 2410 ut
2722 2370 2756 2409 a
2801 2355 3141 2425 turpioribus
3193 2355 3355 2409 factis
3384 2353 3466 2409 di-

1898 2446 2097 2515 gressi,
2134 2445 2202 2500 ad
2223 2446 2509 2514 meliorem
2544 2447 2711 2503 vitam
2746 2463 2846 2503 nos
2875 2448 3240 2511 conferamus,
3271 2463 3466 2518 super-

1897 2550 2136 2606 namque
2171 2528 2514 2592 vocationem
2545 2538 2909 2594 libentissime
2955 2540 3379 2610 amplectamur,
3411 2539 3467 2593 in

1899 2626 2078 2697 iisque
2107 2628 2273 2683 rebus
2300 2629 2537 2685 maxime
2563 2630 2767 2685 versari
2810 2631 3119 2700 cupiamus,
3144 2646 3267 2701 quae
3291 2647 3322 2685 a
3349 2632 3469 2702 lege

1898 2721 2226 2791 probantur,
2257 2730 2315 2777 et
2355 2737 2387 2777 a
2424 2723 2537 2777 Deo
2582 2723 2789 2793 Optima
2836 2723 3173 2793 iudicantur.
3215 2723 3350 2777 Nam
3385 2738 3469 2778 re-

1900 2817 2138 2867 trorsum
2164 2812 2317 2866 abire
2344 2812 2507 2878 velle,
2531 2820 2587 2867 et
2617 2812 2686 2867 ad
2709 2828 2774 2867 ea
2803 2812 3028 2880 reverti,
3049 2828 3079 2868 a
3096 2813 3299 2884 quibus
3323 2813 3470 2868 laedi-

1900 2916 2048 2967 mur,
2078 2902 2135 2957 id
2161 2918 2292 2958 vero
2316 2903 2476 2974 culpa
2501 2905 2725 2960 minime
2748 2915 2926 2961 vacat.

1970 3014 2125 3072 CYR.
2160 3017 2380 3073 Minime
2400 3034 2550 3083 vero,
2571 3018 2796 3073 Palladi.
2833 3018 3364 3074 Periculosissimum
3389 3028 3472 3074 est

225 3107 282 3162 τδ
309 3110 491 3162 νοσεῖν
531 3106 749 3160 ἑλέσθαι
782 3106 945 3160 πάλιν
978 3106 1048 3160 τά
1083 3100 1160 3161 ὧν
1191 3107 1258 3162 ἂν
1290 3107 1549 3178 ἐξοίχοιτό
1585 3124 1695 3171 τις’
1728 3107 1802 3171 ὼς

1904 3106 2052 3162 enim
2097 3108 2157 3161 in
2210 3124 2307 3164 eos
2367 3108 2589 3164 morbos
2628 3109 2876 3165 recidere
2910 3110 3085 3175 velle,
3126 3126 3266 3180 quos
3303 3111 3472 3165 semel

222 3194 329 3263 τοῖς
369 3217 438 3270 γε
471 3197 622 3262 ἀπαξ
664 3197 1019 3270 ὲξῃρημένοις
1058 3197 1286 3268 δυνάμει
1341 3198 1477 3251 Θεοῦ
1526 3198 1803 3262 πολιτείας

224 3281 515 3365 κοσμικῆς,
570 3291 835 3365 σφαλερὸν
878 3292 1016 3361 ἄγαν
1057 3291 1119 3344 τὸ
1169 3292 1274 3345 κᾶν
1327 3291 1457 3360 γοῦν
1508 3294 1588 3354 είς
1636 3292 1804 3363 αὐτὴν

226 3384 530 3452 ἀποϐλέψαι
580 3381 759 3451 μόνον,
808 3380 901 3435 καὶ
946 3381 1108 3433 οἱονεὶ
1164 3378 1301 3448 πρὸς
1331 3379 1634 3449 ἀνάμνησιν
1668 3376 1806 3431 ίέναι

228 3474 738 3548 πλημμελημάτων,
772 3473 972 3543 είςξτὴν
1000 3473 1086 3525 ἐπ’
1113 3472 1298 3535 αὐτοῖς
1324 3471 1602 3541 ἀγάπησιν
1628 3470 1808 3532 ἱέντας

228 3567 309 3620 τὸν
334 3562 491 3621 νοῦν.
534 3565 647 3619 Καὶ
698 3562 828 3633 γοῦν
876 3565 904 3616 ό
945 3562 1229 3641 θεσπέσιος
1259 3562 1512 3633 Μελῳδδς
1561 3561 1808 3631 ἐλιπάρει

226 3656 414 3725 λέγων·
471 3668 491 3709 ι
540 3654 908 3726 ’Δπόστρειίων
949 3656 1077 3718 τοὺς
1120 3653 1431 3725 ὀφθαλμούς
1474 3670 1575 3724 μου
1612 3651 1706 3706 τοῦ
1734 3653 1809 3724 μὴ

232 3747 353 3800 ἰδεῖν
400 3747 771 3819 ματαιότητα.
811 3763 830 3796 ι
890 3745 1204 3813 Ματαιότης
1247 3745 1357 3816 γὰρ
1405 3744 1481 3808 ὡς
1514 3743 1729 3814 ἀληθῶς
1777 3745 1807 3796 ό

229 3838 375 3893 τοῦδε
405 3837 511 3892 τοῦ
540 3835 660 3908 βίου
687 3835 1086 3906 περισπασμὸς,
1128 3836 1218 3889 κα)⁵
1243 3837 1276 3907 ὴ
1313 3835 1421 3887 τῶν
1461 3834 1809 3904 προσκαίρων

232 3928 478 3993 διάκενος
523 3927 748 3999 τέρψις,
789 3919 866 3979 ὧν
916 3927 998 3979 ὅτι
1054 3928 1317 3998 προσήκει
1361 3925 1663 3979 διίστασθαι
1717 3926 1813 3979 καὶ

232 4021 559 4091 ἀποφοιτᾷν,
588 4018 973 4091 παραιτεῖσθαι
1005 4017 1060 4071 δὲ
1090 4018 1183 4071 καὶ
1214 4017 1381 4088 μόνην
1408 4016 1507 4088 τὴν
1534 4014 1610 4078 ὡς
1639 4015 1695 4067 ὲν
1724 4015 1813 4067 ὲν-

229 4112 396 4175 νοίαις
442 4112 548 4183 μὲν
584 4110 664 4164 ἔτι
714 4112 811 4164 σὺν
854 4110 1011 4180 ἡδονῇ
1037 4125 1097 4162 τε
1140 4106 1478 4177 κατάσκεψιν
1519 4104 1612 4159 τόν
1635 4121 1698 4174 γε
1740 4104 1816 4169 ὼς

226 4200 444 4271 ἀληθῶς
487 4201 806 4272 δρθοποδεῖν
842 4199 1137 4271 ᾑρημένον,
1171 4198 1441 4270 ἀναμάθοι
1477 4214 1563 4261 τις
1590 4196 1657 4252 ἂν
1686 4198 1819 4252 κάν-

226 4290 416 4344 τεῦθεν
444 4291 712 4354 εὐκόλως.

294 4380 518 4435 ΠΔΛΛ.
572 4381 668 4433 Ἐκ
698 4380 792 4435 τοῦ
826 4380 891 4452 δὴ
921 4380 1068 4452 φής;

294 4494 476 4551 ΚΥΡ.
520 4495 583 4547 Οί
625 4491 735 4546 τῶν
774 4494 1026 4565 Σοδόμων
1064 4480 1349 4565 οἰκήτορες
1401 4492 1482 4555 εἰς
1522 4489 1621 4554 τὰς
1668 4487 1819 4561 παρά

225 4584 395 4654 φύσιν
416 4580 625 4656 ἡδονὰς
645 4585 851 4657 ἀγρίως
871 4584 1321 4656 ὲξοιστρούμενοι,
1350 4582 1445 4636 καὶ
1469 4580 1823 4652 ἀτιμάζοντες

230 4673 332 4742 μὲν
356 4673 461 4726 τὸν
482 4673 702 4726 συνόδου
736 4673 921 4743 νόμον,
949 4672 1009 4726 ὃν
1031 4672 1124 4726 ἐπὶ
1150 4672 1356 4726 παίδων
1386 4671 1571 4739 γοναῖς
1601 4670 1635 4739 ἡ
1664 4668 1824 4738 φύσις

223 4763 502 4835 ὡρίσατο,
551 4763 725 4836 ὥραις
750 4763 808 4817 δὲ
839 4766 959 4828 ταῖς
996 4762 1244 4837 ἀρρένων
1274 4759 1682 4830 ὲπιθηγόμενοι,
1731 4756 1826 4810 καὶ

228 4859 282 4909 τί
301 4859 426 4930 γὰρ
464 4859 586 4929 οὐχ).
616 4858 725 4912 τῶν
754 4857 876 4912 λίαν
930 4858 1321 4912 ὲκτοπωτάτων
1366 4852 1825 4925 διαπεραίνοντες,

230 4944 608 5017 κατηρέθιζον
655 4949 737 5010 είς
764 4948 954 5019 ὀργὰς,
992 4948 1087 5002 καὶ
1126 4946 1405 5009 οἱονείπως
1448 4942 1832 5006 κατεϐιάζοντο

233 5036 378 5106 πρὸς
408 5036 518 5106 τὴν
538 5036 625 5089 ἐπ’
651 5037 837 5099 αὐτοῖς
868 5038 1003 5089 ἰέναι
1033 5037 1211 5105 δίκην,
1239 5035 1419 5090 καίτοι
1453 5030 1831 5102 φιλάνθρωπον

235 5126 369 5180 ὂντα
400 5127 500 5181 τὸν
540 5128 907 5200 Δημιουργόν,
952 5128 1167 5197 Ἐπειδὴ
1197 5127 1254 5180 δὲ
1282 5126 1373 5179 τοῦ
1406 5125 1605 5197 χρῆναι
1635 5123 1832 5177 παθεῖν

240 5218 336 5268 επὶ
378 5216 583 5287 θύραις
606 5215 675 5289 ἦν
706 5220 736 5272 ὁ
769 5218 980 5291 καιρὸς,
1023 5216 1467 5288 δεδαπανημένης
1505 5214 1696 5287 ὥσπερ
1733 5216 1832 5286 τῆς

242 5307 333 5358 ἐπ’
402 5306 589 5371 αὐτοῖς
624 5308 996 5375 ἀνεξικακίας,
1040 5306 1350 5361 εἰσέϐαλλον
1386 5309 1443 5360 ἐν
1487 5305 1744 5376 Σοδόμοις
1781 5305 1831 5357 οἱ

242 5394 414 5452 τοῦτο
448 5397 848 5468 πληρώσοντες.
894 5400 1209 5470 Γέγραπται
1251 5397 1307 5451 δὲ
1334 5396 1525 5461 οὕτως’
1565 5415 1585 5448 ο
1632 5392 1834 5449 Ἦλθον

237 5482 298 5537 δὲ
325 5484 431 5538 δύο
454 5485 671 5555 ἄγγελοι
704 5492 784 5554 εἰς
814 5489 1022 5560 Σόδομα
1052 5488 1311 5561 ἑσπέρας.
1343 5487 1468 5542 Λὼτ
1516 5487 1574 5542 δὲ
1600 5487 1836 5558 ἐκάθητο

318 5688 375 5721 ⁸⁸
405 5686 435 5743 1
464 5687 574 5745 Pet.
596 5706 656 5756 ιι,
683 5691 737 5746 5.
780 5691 824 5723 "
862 5692 908 5747 ll
942 5690 1071 5749 Cor.
1110 5710 1170 5759 ιι,
1206 5695 1289 5751 15.

584 5782 859 5842 ΡΑτιιοι..
905 5784 1021 5843 Gn.
1065 5784 1325 5847 LXVIII,

1391 5695 1438 5729 “
1468 5696 1628 5752 Rom.
1656 5709 1754 5763 xu,
1792 5695 1847 5753 Ι.

1847 4442 1894 4501 D

1902 3199 2145 3254 evaseris
2175 3217 2188 3252 :
2216 3214 2344 3256 nam
2378 3200 2465 3264 iis,
2497 3199 2590 3270 qui
2632 3201 2803 3255 semel
2830 3200 2929 3254 Dei
2968 3215 3071 3269 ope
3094 3215 3161 3253 ex
3200 3200 3471 3254 mundana
3576 3262 3579 3263 ν

1903 3291 2313 3346 conversatione
2346 3291 2456 3345 sint
2496 3290 2695 3360 erepti,
2716 3292 2787 3347 ad
2826 3307 2946 3346 eam
2979 3292 3067 3346 vel
3096 3290 3367 3361 respicere
3388 3307 3463 3346 so

1901 3381 2037 3447 lum,
2071 3397 2135 3435 ac
2153 3381 2419 3435 memoria
2453 3388 2700 3451 repetere
2724 3380 2968 3451 peccata,
3005 3390 3167 3451 atque
3200 3382 3269 3435 ad
3292 3398 3355 3435 ca
3374 3382 3474 3435 ad-
3574 3454 3581 3459 κ

1906 3473 2137 3528 amanda
2175 3472 2419 3527 animum
2448 3472 2745 3543 appellere,
2780 3470 3004 3527 minime
3038 3480 3217 3526 tutum
3247 3480 3350 3527 est.
3366 3473 3475 3527 Ita-

1907 3581 2013 3635 que
2046 3564 2268 3620 divinus
2299 3564 2391 3619 ille
2415 3564 2699 3619 Psalmista
2737 3563 2927 3619 orabat
2959 3563 3149 3620 dicens
3176 3582 3190 3618 :
3226 3583 3245 3615 ‹
3279 3564 3477 3619 Averte

1907 3656 2097 3711 oculos
2133 3671 2306 3720 meos,
2354 3672 2424 3711 ne
2474 3655 2701 3711 videant
2747 3656 3048 3711 vanitatem
3067 3657 3131 3711 ".
3173 3675 3191 3708 ι
3255 3656 3478 3712 Vanitas

1908 3745 2055 3800 enim
2077 3761 2268 3801 revera
2295 3755 2378 3802 est
2403 3746 2570 3817 hujus
2595 3747 2722 3802 vitae
2758 3747 3062 3813 distractio,
3097 3757 3261 3818 atque
3292 3766 3477 3805 rerum

1910 3836 2293 3904 temporalium
2339 3835 2519 3891 inanis
2566 3835 2880 3901 oblectatio,
2910 3851 2942 3890 a
2991 3836 3193 3907 quibus
3240 3838 3478 3909 disjungi

1913 3933 2075 3995 atque
2089 3926 2344 3981 recedere
2368 3934 2639 3996 oportere,
2665 3940 2963 3996 earumque
2989 3943 3170 3981 rerum
3195 3929 3282 3982 vel
3309 3929 3478 3982 solam

1914 4015 2259 4085 cogitationis
2297 4031 2423 4070 cum
2459 4016 2737 4085 voluptate
2783 4017 3128 4086 conjunctam
3163 4018 3478 4073 considera-

1915 4105 2119 4160 tionem
2158 4105 2236 4169 ei,
2257 4105 2353 4174 qui
2383 4114 2533 4185 recte
2562 4105 2772 4175 ingredi
2806 4104 2973 4172 velit,
3009 4121 3130 4163 esse
3161 4109 3479 4173 cavendam,

1916 4196 2046 4251 hinc
2078 4196 2235 4251 facile
2262 4197 2490 4268 intelligi
2507 4205 2705 4268 potest.

1990 4377 2189 4435 PALL.
2213 4377 2521 4445 Undenam,
2565 4376 2789 4449 quzeso?

1992 4491 2102 4564 24
2121 4491 2278 4548 CYR.
2315 4490 2681 4547 Sodomorum
2722 4490 3081 4557 habitatores,
3123 4506 3246 4547 cum
3286 4491 3354 4546 ad
3392 4508 3483 4548 eas

1918 4586 2246 4654 voluptates,
2278 4599 2398 4654 quae
2424 4591 2620 4654 praeter
2642 4591 2892 4638 naturam
2926 4591 3142 4646 essent,
3179 4583 3495 4639 immaniter

1919 4675 2070 4730 velut
2110 4683 2278 4730 (nstro
2317 4674 2552 4744 quodam
2584 4674 3030 4740 stimularentur,
3070 4689 3307 4745 eumque
3354 4690 3483 4729 con-

1920 4774 2129 4835 tempta
2158 4780 2484 4836 congressus
2519 4765 2659 4836 lege,
2692 4781 2855 4835 quam
2904 4765 3095 4820 liberis
3138 4766 3491 4836 procreandis

1923 4855 2251 4924 naturaipsa
2281 4855 2635 4925 praescripsit,
2666 4855 3034 4910 masculorum
3072 4855 3252 4926 specie
3297 4854 3487 4919 illecti,

1927 4947 1997 5003 ad
2027 4947 2287 5002 libidines
2312 4946 2712 5014 excitarentur,
2744 4947 3002 5017 nullaque
3042 4948 3181 5002 adeo
3227 4946 3488 5018 ﬂagitiosa

1928 5053 2017 5092 res
2048 5044 2194 5092 esset
2234 5052 2264 5091 a
2291 5052 2400 5107 qua
2438 5037 2801 5108 perpetranda
2831 5038 3202 5104 abstinerent,
3237 5039 3373 5094 iram
3394 5038 3489 5094 Dei

1926 5136 2315 5198 provocarunt,
2350 5137 2407 5184 et
2433 5129 2748 5185 Creatorem
2790 5131 2997 5201 alioqui
3040 5132 3372 5205 benignum,
3423 5131 3489 5188 ad

1928 5209 2116 5288 pinnas
2154 5221 2224 5275 ab
2260 5222 2343 5276 eis
2367 5224 2688 5293 repetendas
2724 5224 3055 5281 descendere
3094 5226 3459 5297 quodammod
3559 5279 3565 5294 ,

1929 5320 2244 5381 coegerunt.
2279 5310 2501 5382 Itaque,
2559 5329 2684 5369 cum
2742 5324 2959 5386 tempus
3002 5316 3191 5372 luendi
3244 5312 3517 5385 supplicii!
3554 5343 3565 5380 ς

1930 5401 2178 5464 instaret,
2199 5402 2487 5473 absumpta
2506 5405 2616 5476 jam
2640 5407 3043 5475 quodammodo
3082 5408 3267 5462 divina
3309 5407 3369 5459 in
3417 5405 3506 5461 eis

1931 5492 2216 5562 patientia,
2242 5494 2471 5565 ingressi
2518 5506 2646 5553 sunt
2665 5497 2899 5553 Sodoma
2920 5498 3147 5556 ultionis
3173 5498 3372 5554 divinae
3398 5496 3505 5551 mi-

1938 5696 1982 5728 "
2032 5695 2176 5751 Psal.
2219 5711 2398 5764 cxvm,
2458 5698 2546 5753 57.

3113 5789 3149 5850 6
