4024 6220
521 337 615 391 171

1532 334 1586 388 S.
1629 332 1899 389 CYRlLLl
1939 329 2404 385 ALEXANDRINI
2443 329 2756 385 ARCHIEP.

3638 327 3740 387 172

513 450 689 507 nistri.
725 449 814 505 Sic
841 465 1074 518 namque
1091 449 1353 519 scriptum
1377 456 1494 504 est:
1530 467 1547 499 ι
1586 449 1865 503 Venerunt
1887 455 2072 500 autem

2174 442 2324 512 παρά
2369 443 2467 510 τὴν
2499 442 2673 512 πύλην
2713 441 2978 513 Σοδόμων.
3025 442 3167 497 Ἰδὼν
3201 442 3257 496 δὲ
3301 441 3444 507 Λὼτ,
3480 442 3737 518 ἐξανέστη

512 540 622 593 duo
659 538 835 608 angeli
859 537 1149 593 Sodomam
1194 537 1428 608 vesperi.
1486 537 1588 591 Lot
1628 543 1812 590 autem
1849 534 2074 589 sedebat

512 641 680 697 prope
708 633 920 696 portam
943 623 1324 679 Sodomorum.
1356 624 1560 680 Videas
1595 631 1776 678 autem
1808 623 1930 688 Lot,
1955 637 2076 676 sur-

514 715 653 770 rexit
685 715 741 768 in
783 729 1072 769 occursum
1113 730 1326 779 eorum,
1375 723 1432 770 et
1483 714 1729 769 adoravit
1762 729 1970 784 pronus
2017 713 2075 767 in

515 811 733 869 terram,
766 813 823 859 et
843 804 981 859 dixit
1013 805 1152 869 :En,
1201 805 1430 870 domini,
1451 804 1719 859 deelinate
1755 803 1813 858 in
1851 803 2074 858 domum

513 894 656 950 servi
687 894 879 959 vestri,
899 903 956 949 et
987 894 1266 959 divertite,
1314 903 1370 949 et
1408 891 1808 963 abluite'pedes
1839 901 2072 957 vestros,

510 995 566 1042 et
596 1002 753 1041 mane
791 994 1074 1058 surgentes
1090 985 1508 1056 proficiscemini
1556 986 1612 1040 in
1639 985 1783 1039 viam
1815 993 2072 1038 vestram.

512 1076 580 1129 Et
627 1074 884 1128 dixerunt
919 1075 1098 1129 :Non.
1139 1073 1246 1129 Sed
1293 1073 1348 1128 in
1391 1075 1572 1145 platea
1617 1073 1982 1128 manebimus.
2005 1073 2077 1128 Et

511 1166 690 1236 coegit
715 1165 859 1229 illos,
889 1172 946 1220 et
987 1165 1403 1221 declinaverunt
1451 1166 1518 1221 ad
1555 1182 1705 1231 eum,
1742 1175 1800 1221 et
1843 1167 2074 1237 ingressi

514 1263 643 1308 sunt
665 1255 888 1310 domum
920 1256 1060 1327 ejus,
1091 1265 1147 1311 et
1184 1256 1316 1311 fecit
1341 1257 1423 1311 eis
1448 1257 1799 1320 .eonvivium,
1839 1265 1896 1310 et
1930 1255 2077 1325 coxit

511 1361 719 1416 azyma,
746 1354 802 1400 et
820 1347 1177 1401 comederunt
1205 1354 1496 1416 antequam
1523 1347 1666 1401 irent
1685 1346 1933 1400 cubitum
1953 1346 2018 1399 ⁸⁸.
2050 1365 2068 1398 ι

511 1435 613 1490 Lot
640 1451 872 1506 namque
904 1451 1030 1490 eum
1066 1452 1133 1491 ex
1165 1438 1372 1491 semine
1411 1446 1555 1491 esset
1600 1437 1892 1502 Abraham,
1931 1444 1987 1491 et
2019 1437 2076 1493 in

511 1525 676 1579 rectis
699 1525 913 1596 legibus
937 1525 1224 1588 educatus,
1249 1535 1306 1579 ct
1338 1525 1560 1594 pietatis
1600 1525 1656 1579 in
1705 1526 1879 1580 Deum
1910 1525 2077 1579 vehe-

510 1623 724 1697 menter
780 1615 1082 1680 studiosus,
1150 1616 1435 1670 habitabat
1507 1616 1560 1670 in
1617 1615 1888 1671 Sodomis.
1945 1616 2078 1670 Erat

511 1716 690 1761 autem
721 1707 865 1777 apud
897 1723 994 1762 eos
1029 1707 1235 1762 advena
1262 1715 1318 1761 et
1342 1707 1542 1776 hospes
1567 1714 1624 1760 et
1647 1721 1846 1777 genere
1879 1714 1933 1760 et
1954 1721 2074 1760 mo-

2176 533 2254 594 si;
2278 531 2598 602 συνάντησιν
2621 530 2820 596 αὐτῶν,
2845 531 2938 584 καὶ
2971 533 3338 604 προσεκύνησε
3361 531 3439 603 τῷ
3465 532 3738 606 προσώπῳ

2143 622 2267 674 ’ἐπὶ
2293 622 2393 694 τὴν
2423 621 2549 692 γῆν,
2609 621 2704 674 καὶ
2768 617 2948 676 εἶπεν·
3009 622 3162 687 Ἰδοὺ,
3205 622 3420 692 Κύριοι,
3456 621 3735 676 ἐκκλίνατε

2179 713 2258 774 είς
2283 711 2374 766 τὸν
2410 708 2557 766 οἶκον
2593 712 2686 766 τοῦ
2719 714 2907 776 παιδὸς
2935 713 3106 784 ὑμῶν,
3138 715 3231 768 καὶ
3257 712 3617 781 καταλύσατε,
3647 716 3738 770 καὶ

2179 802 2402 872 νίψασθε
2427 804 2554 866 τοὺς
2592 803 2759 867 πόδας
2803 804 2976 875 ὑμῶν,
3015 805 3111 858 καὶ
3134 805 3483 877 ὀρθρίσαντες
3511 805 3738 859 ἀπελεύ-

2180 891 2336 945 σεσθε
2375 893 2455 956 εἰς
2495 892 2594 962 τὴν
2621 892 2737 946 ὁδὸν
2769 893 2943 963 ὑμῶν.
2973 894 3083 947 Καὶ
3120 889 3290 948 εἷπονο
3338 894 3493 965 Οὐχί.
3519 895 3660 947 Ἀλλ’
3681 897 3739 948 ἐν

2174 982 2241 1051 τῇ
2272 980 2504 1052 πλατείᾳ
2549 981 2947 1052 καταλύσομεν,
2998 983 3090 1037 καὶ
3127 981 3479 1046 κατεϐιάζετο
3519 984 3737 1049 αὐτοὺς,

2177 1072 2270 1125 καὶ
2290 1071 2564 1137 ἐξέκλιναν
2607 1072 2742 1144 πρὸς
2768 1072 2949 1138 αὐτὸν,
2978 1075 3072 1127 καὶ
3107 1073 3353 1144 εἰσῆλθον
3379 1075 3460 1138 είς
3485 1075 3576 1128 τὸν
3595 1069 3742 1130 οἷκον

2177 1160 2362 1226 αὐτοῦ,
2393 1161 2487 1214 καὶ
2511 1162 2765 1234 ἐποίησεν
2793 1164 2975 1227 αὐτοῖς
2999 1165 3177 1219 πότον,
3211 1165 3319 1217 Καὶ
3349 1164 3587 1236 ἀζύμους
3610 1166 3740 1220 ἐπε-

2175 1251 2274 1322 ψεν
2309 1252 2510 1320 αὐτοῖς,
2545 1253 2640 1307 καὶ
2667 1254 2870 1322 ἔφαγον
2911 1254 3019 1324 πρὸ
3056 1253 3151 1308 τοῦ
3183 1255 3530 1328 κοιμηθῆναι.
3565 1276 3584 1310 ι
3617 1258 3742 1313 Λὼτ

2181 1340 2280 1410 μὲν
2309 1339 2439 1411 γὰρ,
2479 1341 2574 1396 ἆτε
2603 1341 2668 1412 δή
2696 1344 2788 1396 καὶ
2816 1341 2874 1408 ἐξ
2913 1344 3142 1415 αἵματος
3170 1346 3428 1417 ὑπάρχων
3468 1346 3737 1418 Ἀϐραάμ,

2176 1432 2411 1495 καὶτοῖς
2439 1431 2538 1502 τῆς
2553 1432 2836 1505 ὀρθότητος
2875 1435 3060 1506 νόμοις
3098 1437 3550 1506 ἐντεθραμμένος,
3588 1439 3740 1492 sbse-

2176 1520 2328 1585 ϐείας
2362 1539 2421 1574 τε
2445 1523 2544 1593 τῆς
2582 1524 2662 1587 είς
2703 1524 2835 1578 Θεὸν
2870 1526 2971 1579 οὐκ
2999 1528 3056 1580 ἐν
3095 1527 3288 1598 βραχεῖ
3327 1528 3469 1599 λόγῳ
3504 1545 3742 1602 πεφρον-

2175 1610 2360 1678 τικὼς,
2390 1612 2637 1684 παρῴκει
2660 1614 2729 1668 τά
2759 1615 2986 1686 Σόδομα.
3011 1610 3120 1671 Ἦν
3145 1617 3200 1670 δὲ
3225 1617 3310 1670 ἐπ’
3330 1620 3513 1683 αὐτοῖς
3538 1620 3743 1692 ἔπηλυς

2176 1704 2269 1756 καὶ⁵
2295 1702 2444 1768 ξένος
2477 1706 2570 1759 καὶ
2602 1706 2747 1774 γένει
2776 1708 2871 1760 καὶ
2893 1707 3098 1779 τρόπῳ.
3147 1728 3166 1760 ι
3212 1709 3310 1774 Τίς
3336 1710 3444 1783 γὰρ
3491 1714 3746 1769 κοινωνία

510 1798 682 1853 ribus.
724 1817 742 1849 ι
777 1797 906 1864 Quae
928 1798 1075 1852 enim
1116 1799 1349 1852 societas
1391 1797 1503 1852 luci
1559 1797 1629 1851 ad
1661 1797 1948 1852 tenebras?
1990 1797 2074 1852 vel

2177 1793 2317 1861 φωτὶ
2371 1795 2506 1866 πρὸς
2557 1796 2777 1863 σκότος;
2829 1797 2862 1868 ἢ
2909 1776 2992 1861 τίς
3029 1776 3185 1871 μερὶς
3231 1776 3584 1873 πιστῷνμετά
3616 1805 3744 1858 ἀπί-

509 1907 629 1960 quae
656 1906 782 1960 pars
803 1890 948 1944 ﬁdeli
983 1904 1108 1944 cum
1131 1889 1375 1943 inﬁdeli?
1398 1908 1415 1940 ι
1439 1889 1582 1943 sicut
1610 1887 1874 1956 scriptum
1905 1897 1989 1942 est
2009 1888 2072 1940 ‘9.

508 1982 693 2051 Itaque
717 1997 840 2036 cum
869 1987 1242 2037 contemneret
1275 1981 1408 2035 vitia
1465 1979 1864 2051 indigenarum,
1890 1995 1953 2034 ac
1981 1995 2078 2049 per

509 2069 644 2123 illud
693 2069 798 2123 iter
823 2069 965 2123 vitae.
1009 2067 1418 2140 ingrederetur,
1471 2069 1562 2124 cui
1621 2076 1875 2123 assuetus
1933 2078 2073 2135 erat,

509 2161 712 2215 sanctis
742 2159 1146 2216 adbzerescebat
1191 2161 1408 2227 studiis,
1443 2168 1608 2232 atque
1638 2176 1763 2216 cum
1791 2161 2077 2231 hospitali-

509 2251 638 2304 tatis
674 2251 849 2321 legem
879 2249 934 2303 in
973 2249 1166 2319 primis
1189 2250 1418 2315 coleret,
1456 2249 1513 2304 in
1554 2250 1674 2320 ipso
1709 2249 1865 2304 urbis
1922 2248 2076 2303 aditu

507 2341 726 2406 sedens,
779 2341 1151 2412 ingredientes
1192 2341 1428 2413 benigne
1475 2341 1779 2411 accipiebat
1821 2358 1834 2394 :
1867 2341 2077 2396 sciebat

505 2434 652 2488 enim
679 2433 730 2488 id
751 2448 869 2488 esse
894 2434 1006 2487 Deo
1019 2442 1350 2503 pergratum.
1380 2433 1517 2488 Cum
1545 2447 1675 2487 vero
1706 2433 1986 2489 venissent
2013 2433 2071 2496 ii,

506 2525 600 2593 qui
626 2524 945 2579 hominibus
971 2523 1206 2578 libidine
1237 2523 1500 2577 eﬂ‘renata
1529 2522 1841 2579 furentibus
1865 2523 2073 2593 suppli-

508 2615 653 2669 cium
680 2614 884 2669 illaturi
916 2623 1071 2668 erant
1099 2614 1234 2684 (par
1256 2613 1309 2668 id
1341 2621 1460 2668 erat
1489 2612 1848 2687 angelorum),
1880 2628 2072 2668 occur-

508 2703 580 2758 rit
607 2705 878 2769 alacriter,
912 2713 968 2759 et
997 2703 1350 2774 benignitatis
1389 2720 1501 2759 suae
1531 2705 1809 2774 specimen
1853 2705 2076 2760 eviden-

509 2795 780 2850 tissimum
803 2795 910 2851 illis
949 2796 1153 2866 praebet
1188 2797 1242 2850 in
1288 2811 1383 2862 eo,
1416 2797 1561 2866 quod
1615 2797 1739 2852 illos
1793 2799 2069 2852 salutavit.

508 2887 766 2941 Adoravit
816 2888 964 2942 enim
1009 2902 1217 2957 pronus
1267 2887 1324 2941 in
1384 2895 1620 2953 terram;
1678 2897 1735 2943 et
1761 2896 1820 2942 ut
1846 2889 2071 2946 domum

507 2985 652 3039 cant,
695 2977 976 3042 hortatur,
1007 2977 1396 3047 charitatisque
1442 2978 1654 3047 legibus
1698 2977 2068 3048 perfruantur.

2179 1903 2336 1953 στου,
2377 1904 2396 1938 ι
2438 1886 2580 1940 κατά
2613 1887 2674 1942 τὸ
2709 1889 3126 1960 γεγραμμένον;
3167 1892 3662 1964 Κατευμεγεθήσας
3685 1896 3744 1950 δὲ

2174 1975 2284 2029 τῶν
2333 1975 2637 2046 ἐπιχωρίων
2690 1977 2894 2042 κακῶν,
2943 1978 3038 2031 καὶ
3083 1979 3183 2051 τὴν
3226 1979 3373 2052 αὐτῷ
3417 1983 3616 2054 συνήθη
3647 1985 3742 2038 τοῦ

2178 2066 2294 2136 βίου
2331 2065 2644 2136 διαστείχων
2683 2067 2820 2133 ὁδὸν,
2865 2068 3037 2138 ἁγίων
3069 2069 3245 2141 εἴχετο
3291 2073 3742 2144 σπουδασμάτων,

2176 2155 2270 2210 καὶ
2321 2156 2420 2227 τῆς
2466 2156 2765 2226 φιλοξενίας
2807 2159 2899 2212 τὸν
2941 2160 3103 2231 νόμον
3144 2163 3226 2214 ὅτι
3269 2163 3501 2232 μάλιστα
3541 2165 3741 2236 τιμῶν,

2175 2250 2294 2312 ταῖς
2350 2246 2445 2301 τοῦ
2491 2249 2695 2312 ἄστεως
2745 2250 3078 2322 προσιζήσας
3126 2253 3425 2320 εἰσϐολαῖς,
3476 2257 3601 2319 τοὺς
3631 2259 3746 2310 είσ-

2177 2338 2464 2409 τρέχοντας
2489 2340 2547 2392 ἐν
2574 2339 2765 2404 αὐταῖς
2797 2343 3077 2411 προσίεται
3116 2343 3469 2415 φιλοφρόνως,
3499 2344 3746 2414 θεοφιλὲς

2175 2428 2235 2481 τὸ
2274 2428 2460 2499 χρῆμα
2497 2427 2673 2492 είδώς.
2736 2430 2954 2502 Ἐπειδὴ
3001 2432 3054 2485 δὲ
3085 2426 3219 2504 ἧκον
3261 2435 3309 2487 οἱ
3333 2437 3444 2498 τοῖς
3474 2437 3551 2498 είς
3577 2436 3745 2489 ἀσέλ-

2173 2534 2326 2586 γειαν
2356 2519 2625 2590 ἀχαλίνως
2664 2520 3078 2593 ἐκλελυττηκόσι
3111 2523 3210 2594 τὴν
3237 2525 3392 2595 δίκην
3433 2525 3743 2588 ἐποίσοντες

2175 2610 2342 2679 (δυάς
2364 2610 2410 2663 δ’
2435 2606 2503 2680 ἦν
2540 2611 2837 2680 ἀγγέλων),
2887 2613 3204 2679 ὑπαντιάζει
3234 2614 3468 2686 γοργῶς,
3509 2617 3602 2670 καὶ
3641 2617 3744 2685 τῆς

2173 2701 2396 2770 ἐνούσης
2427 2701 2574 2771 αὐτῷ
2610 2703 2972 2774 χρηστότητος
3007 2709 3235 2777 μήνυσιν
3266 2707 3469 2778 ἐναργῆ
3501 2725 3743 2778 προαναι-

2173 2791 2350 2860 φαίνει
2395 2791 2492 2863 τὴν
2517 2793 2839 2864 πρόσρησιν.
2873 2796 3289 2867 Προσκεκύνηκε
3322 2797 3428 2868 γάρ
3465 2797 3540 2868 τῷ
3573 2816 3743 2870 προσ-

2171 2882 2305 2952 ώπῳ
2357 2881 2448 2934 ἐπὶ
2480 2882 2580 2953 τὴν
2606 2884 2728 2953 γῆν,
2769 2883 2948 2938 οῐκαδε
2993 2902 3052 2938 τε
3099 2886 3234 2940 ἰέναι
3273 2888 3591 2960 προτρέπει,
3645 2889 3746 2943 καὶ⁸

2172 2977 2280 3038 τοῖς
2317 2975 2415 3043 τῆς
2437 2975 2656 3046 ἀγάπης
2691 2977 3091 3046 ἐνσπαταλῆσαι
3125 2981 3326 3050 νόμοις.
3363 2982 3425 3035 Οἱ
3465 2982 3519 3034 δέ
3549 2999 3738 3051 φασινο

507 3068 575 3121 At
599 3067 698 3130 illi,
734 3067 975 3134 Minime,
996 3068 1276 3138 inquiunt,
1311 3068 1404 3122 sed
1435 3069 1488 3122 in
1506 3069 1686 3139 platea
1705 3069 2067 3124 manebimus.

2176 3064 2327 3133 Οὐχὶ,
2353 3064 2465 3117 ἀλλ’
2489 3066 2545 3119 ἐν
2574 3067 2641 3136 τῇ
2668 3065 2898 3137 πλατείᾳ
2932 3067 3324 3139 καταλύσομεν·
3378 3070 3439 3123 τὸ
3479 3071 3574 3142 μὲν
3602 3066 3747 3124 εἶναι

507 3159 716 3226 Quibus
738 3160 920 3215 verbis
950 3160 1196 3231 hospites
1229 3161 1448 3231 quidem
1477 3177 1534 3217 se
1567 3169 1623 3215 et
1645 3160 1761 3216 sine
1793 3168 1937 3216 tecto
1954 3175 2073 3216 esse

2177 3155 2313 3219 ξένοι
2345 3156 2437 3209 καὶ
2465 3157 2700 3209 ἀνέστιοι
2732 3156 2819 3211 διὰ
2844 3157 3031 3212 τούτου
3061 3161 3570 3231 κατασημαίνοντες,
3607 3178 3745 3214 κατ-

508 3251 913 3322 signiﬁcaba-nt;
963 3252 1127 3307 simul
1177 3268 1308 3307 vero
1357 3253 1635 3311 hominem
1688 3252 2075 3323 hospitalitatis

507 3343 813 3398 studiosum
843 3344 910 3398 ad
939 3345 1217 3415 majorem,
1239 3345 1342 3414 25
1371 3353 1431 3399 ut
1457 3345 1712 3411 arbitror,
1736 3345 1903 3400 studii
1938 3360 2070 3399 con-

509 3435 808 3489 tentionem
848 3435 1169 3500 incitabant,
1195 3451 1260 3490 ac
1302 3444 1512 3491 tantum
1555 3451 1666 3490 non
1703 3437 1908 3491 urbane
1937 3435 2070 3490 insi-

511 3533 764 3588 nuantes,
801 3524 946 3578 haud
980 3525 1062 3579 illi
1106 3525 1396 3581 honestum
1423 3525 1562 3588 fore,
1598 3525 1645 3579 si
1689 3540 1748 3579 se
1787 3525 1946 3580 tectis
1974 3539 2070 3578 ex-

507 3615 690 3667 clusos
719 3622 775 3668 et
808 3614 864 3666 in
896 3615 1074 3669 triviis
1105 3615 1350 3685 abjectos
1376 3615 1680 3670 dimitteret
1720 3632 1733 3668 :
1765 3613 1912 3684 quod
1948 3629 2072 3668 cum

510 3704 600 3757 ille
649 3703 734 3756 vir
789 3705 973 3773 justus
1018 3703 1396 3767 intellexisset,
1439 3705 1826 3760 vehementius
1877 3720 2072 3775 urgere

507 3793 701 3864 etrapit;
736 3808 914 3863 neque
941 3802 1198 3863 tanquam
1234 3794 1430 3865 frigide
1467 3811 1768 3866 parumque
1799 3810 1868 3850 ex
1890 3795 2074 3852 animo

508 3885 633 3940 illos
672 3885 946 3948 invitaret,
979 3885 1194 3939 illorum
1220 3887 1627 3942 excusationem
1654 3901 1754 3956 pro
1787 3887 2072 3943 occasione

507 3975 707 4046 rapuit.
741 3975 929 4045 Itaque
966 3975 1188 4030 domum
1214 3992 1310 4032 eos
1349 3976 1520 4042 ducit,
1551 3991 1722 4048 panes
1744 3993 1962 4048 azymos
1980 3993 2074 4047 ap-

509 4066 716 4136 posuit,
769 4065 1079 4120 convivium
1143 4066 1416 4121 instruxit.
1455 4067 1633 4137 Atque
1677 4067 1793 4122 hazc
1852 4067 2074 4138 quidem

507 4157 600 4212 ille
640 4158 724 4212 vir
747 4158 949 4228 justus.
978 4156 1272 4213 Sodomitas
1311 4174 1439 4213 vero
1473 4167 1662 4228 aperto
1703 4173 1768 4213 ac
1799 4157 1944 4227 turpi
1981 4173 2076 4212 vo-

507 4248 730 4318 luptatis
764 4248 957 4302 morbo
985 4262 1110 4302 cum
1150 4248 1499 4313 laborarent,
1538 4249 1779 4303 hominis
1829 4249 1904 4317 pii
1967 4247 2071 4300 do-

508 4338 821 4393 munculam
862 4337 1068 4393 nefarie
1115 4338 1362 4408 cingunt,
1399 4346 1562 4406 atque
1602 4347 1858 4390 extremae
1897 4336 2076 4405 impu-

2173 3246 2507 3317 ερεθίςοντες
2560 3246 2616 3299 δὲ
2646 3242 2800 3316 οἶμαι
2855 3265 2958 3301 που
2999 3251 3133 3321 πρὸς
3182 3251 3541 3322 ἐντονωτέραν
3576 3268 3748 3304 σπου-

2171 3337 2265 3408 δὴν
2329 3338 2421 3391 τὸν
2481 3335 2774 3406 φιλοξενείν
2825 3340 3133 3410 ᾑρημένον,
3198 3343 3477 3413 μονονουχὶ
3527 3343 3584 3396 δὲ
3647 3345 3747 3397 καὶ

2172 3428 2399 3492 ἀστείως
2445 3429 2936 3500 ὑποσημαίνοντες,
2971 3433 3047 3494 ὡς
3083 3434 3179 3486 οὐκ
3205 3433 3272 3488 ἂν
3302 3435 3496 3497 αὐτοὺς
3528 3435 3750 3506 μεθεῖτο

2174 3518 2486 3589 πρεπόντως
2545 3518 2786 3588 ἐρήμους
2830 3519 2989 3584 ὄντας
3045 3523 3248 3586 ἐστίας,
3293 3523 3386 3576 καὶ
3445 3525 3502 3577 ἐν
3553 3525 3749 3588 αὑταῖς

2171 3607 2401 3678 τριόδοις
2429 3607 2883 3678 ἐξερῤιμμένουςο
2944 3610 2972 3664 ὃ
3004 3611 3069 3682 δὴ
3104 3613 3197 3664 καὶ
3230 3614 3405 3677 συνεὶς
3443 3615 3472 3667 ὁ
3512 3613 3745 3679 δίκαιος,

2176 3695 2437 3768 μειζόνως
2463 3695 2836 3762 κατεϐιάξετο,
2864 3701 2957 3753 καὶ
2980 3702 3078 3770 οὐχ
3104 3702 3392 3773 ἁρπαγμὸν
3416 3703 3512 3772 τήν
3545 3705 3751 3774 παραί-

2173 3804 2326 3858 τησιν
2378 3788 2452 3851 ὡς
2505 3788 2563 3856 ἐξ
2613 3789 2877 3860 ἀδρανοῦς
2935 3791 3030 3844 καὶ
3092 3792 3452 3864 ύδαρεστέρας
3511 3795 3754 3849 ἐποιεῖτο

2173 3878 2387 3948 φρενός.
2415 3879 2622 3933 Οὐκοῦν
2666 3881 3011 3946 είσοικίζεται
3045 3884 3141 3952 μὲν
3173 3884 3391 3948 αὐτοὺς,
3418 3883 3662 3955 ἀζύμους
3684 3903 3752 3940 τε

2173 3971 2370 4042 ἄρτους
2398 3971 2698 4043 παρετίθει,
2731 3975 2824 4026 καὶ
2873 3973 3031 4026 πότον
3061 3975 3362 4045 εἰργάζετο.
3403 3976 3561 4029 Ἀλλά
3586 3979 3754 4032 ταυτὶ

2178 4062 2274 4132 μὲν
2299 4063 2327 4114 ό
2374 4062 2598 4125 δίκαιος.
2645 4063 2922 4134 Σοδομῖται
2965 4065 3020 4117 δὲ
3073 4067 3285 4137 γυμνὴν
3318 4066 3411 4119 καὶ
3459 4068 3758 4138 ἀσχήμονα

2174 4151 2452 4215 νοσοῦντες
2501 4153 2710 4222 ἡδονὴν,
2757 4153 2818 4206 τὸ
2846 4151 2938 4206 τοῦ
2969 4153 3176 4207 δικαίου
3208 4155 3474 4224 δωμάτιον
3512 4157 3760 4221 ἀνοσίως

2173 4243 2606 4314 περιερχόμενοι,
2639 4243 2731 4295 καὶ
2757 4244 2853 4313 τῆς
2883 4245 2962 4307 είς
2990 4245 3157 4314 ἀκρον
3185 4245 3422 4314 ἡκούσης
3450 4248 3759 4316 ἀναισχυν-

2175 4333 2291 4395 τίας
2316 4332 2569 4395 πεσόντες
2590 4332 2860 4399 ἐπέκεινα,
2890 4333 3133 4387 ἀνεῖσθαι
3157 4335 3254 4404 μὲν
3280 4335 3426 4404 σφίσι
3449 4337 3515 4390 τὰ
3537 4337 3760 4406 συνήθη

517 4429 718 4484 (lentia:
747 4429 1008 4484 terminos
1030 4427 1256 4498 egressi,
1296 4427 1469 4481 solita:
1498 4426 1747 4480 libidinis
1775 4441 1932 4480 usum
1955 4442 2074 4496 per-

2180 4422 2310 4494 δρᾷν
2333 4421 2536 4491 ἠξίουν,
2569 4418 2688 4474 εἶτα
2726 4421 2842 4475 δέον
2871 4423 3081 4477 ἑλέσθαι
3131 4424 3451 4493 φιλοξενίαν,
3485 4426 3767 4498 ἀσελγείᾳ

509 4521 651 4575 mitti
691 4520 795 4574 sibi
837 4518 1276 4584 contendebant;
1309 4528 1364 4571 et
1407 4517 1463 4570 in
1496 4532 1634 4586 quos
1687 4515 2076 4586 hospitalitatis

504 4610 683 4664 ofﬁcia
717 4608 965 4664 conferre
991 4608 1296 4670 debebant,
1342 4608 1396 4661 in
1431 4623 1528 4662 eos
1563 4608 1846 4662 libidinem
1884 4615 2080 4678 praeter

510 4712 758 4757 naturam
777 4715 1034 4756 exercere
1061 4700 1337 4755 volebant.
1375 4699 1482 4769 lpsi
1506 4699 1608 4753 Lot
1629 4707 1912 4769 praeterea,
1950 4715 2074 4754 cum

511 4793 633 4846 Illos
664 4807 693 4845 a
736 4798 847 4844 tam
885 4789 1218 4844 immanibus
1256 4788 1525 4859 {dedisque
1574 4789 1770 4859 emptis
1831 4797 2078 4844 avertere

411 4927 421 4932 .
510 4887 818 4938 conaretur,
849 4878 959 4932 vim
992 4878 1188 4932 ati‘erre
1211 4878 1498 4943 volebant,
1553 4893 1857 4948 parumque
1903 4878 2079 4933 abluit

511 4972 642 5039 quin
666 4971 743 5024 illi
770 4971 880 5023 vim
913 4968 1194 5032 afferrent,
1227 4969 1335 5023 nisi
1365 4969 1669 5023 adfuissent
1710 4968 1790 5022 illi
1830 4976 2076 5023 servato-

514 5075 616 5113 res.
647 5080 664 5109 ι
692 5060 1062 5115 Extendentes
1095 5060 1264 5125 enim,
1299 5079 1316 5109 ι
1345 5060 1544 5129 inquit,
1595 5079 1612 5110 ι
1643 5059 1747 5113 viri
1774 5059 1855 5113 illi
1883 5074 2080 5113 manus

511 5163 635 5203 snas
664 5156 1047 5218 pertraxerunt
1074 5149 1176 5203 Lot
1207 5149 1274 5203 ad
1309 5165 1365 5204 se
1389 5149 1642 5213 domum,
1693 5158 1749 5204 et
1788 5149 1934 5204 fores
1977 5150 2078 5204 do-

513 5255 635 5294 mus
680 5241 1016 5295 clauserunt.
1075 5239 1337 5294 Homines
1391 5248 1576 5295 autem
1612 5281 1626 5305 ,
1662 5241 1756 5310 qui
1815 5240 1882 5294 ad
1933 5240 2081 5295 fores

510 5339 670 5386 erant
715 5331 930 5394 domus,
991 5341 1382 5401 percusserunt
1441 5333 1719 5397 excitate,
1766 5347 1798 5386 a
1848 5332 2076 5386 minimo

513 5437 683 5492 usque
717 5422 783 5475 ad
811 5423 1106 5476 maximum
1130 5463 1144 5486 ,
1176 5430 1232 5476 et
1277 5421 1553 5491 defatigati
1591 5430 1720 5476 sunt
1769 5431 2077 5491 quaerentes

504 5512 812 5580 januam".
849 5533 867 5565 ι
897 5513 1085 5583 Neque
1135 5527 1264 5567 vero
1306 5513 1598 5578 auxilium,
1640 5512 1784 5583 quod
1823 5513 1900 5567 illi
1940 5530 2076 5583 prte-

2172 4517 2237 4585 τῇ
2275 4512 2426 4583 παρά
2469 4513 2629 4582 φύσιν
2692 4513 2969 4567 ἐϐούλοντο
3024 4515 3247 4569 κακοῦν.
3311 4517 3638 4586 Ἀφιστάντα
3692 4518 3767 4572 δὲ

2173 4604 2368 4668 αὐτοὺς
2406 4603 2498 4657 τὸν
2545 4602 2668 4658 Λὼτ
2705 4603 2812 4658 τῶν
2844 4605 3014 4669 οὕτως
3042 4606 3248 4677 ἀγρίων
3289 4610 3380 4660 καὶ
3407 4607 3770 4678 βδελυρωτά-

2171 4711 2278 4747 των
2302 4695 2713 4764 ἐγχειρημάτων
2739 4695 3034 4766 παραλύειν
3055 4697 3261 4767 ήθελον,
3291 4699 3405 4768 ἥλω
3433 4699 3475 4751 δ’
3511 4698 3578 4752 ἂν
3605 4699 3774 4770 τάχα

2175 4785 2267 4838 καὶ
2295 4787 2373 4849 είς
2411 4785 2542 4839 αὐτὸ
2567 4785 2626 4838 τὸ
2655 4787 2866 4852 παθεῖν,
2901 4789 2949 4840 εί
2983 4789 3057 4859 μὴ
3092 4789 3344 4860 παρῆσαν
3377 4789 3424 4841 οί
3457 4787 3770 4854 σώζοντες.

2181 4892 2200 4924 ι
2247 4871 2614 4936 Έκτεξναντες
2643 4875 2772 4944 γὰρ,
2808 4892 2826 4924 ι
2860 4876 3042 4944 φησιν,
3080 4895 3098 4926 ι
3130 4878 3177 4929 ot
3201 4877 3390 4947 ἄνδρες
3414 4877 3512 4939 τὰς
3537 4879 3774 4946 χεῖρας,

2177 4963 2580 5017 είσεσπάσαντο
2610 4963 2700 5016 τὸν
2736 4962 2858 5016 Λὼτ
2893 4965 3025 5034 πρὸς
3059 4967 3284 5030 ἑαυτοὺς
3325 4969 3404 5029 είς
3437 4967 3527 5017 τὸν
3574 4962 3779 5032 οἷκον,

2176 5055 2270 5108 καὶ
2296 5055 2396 5125 τὴν
2429 5054 2598 5125 θύραν
2661 5054 2754 5107 τοῦ
2801 5057 2948 5109 οἴκου
3009 5057 3356 5112 ἀπέκλεισαν.
3395 5058 3532 5120 Τοὺς
3565 5058 3623 5109 δὲ
3657 5061 3786 5114 ἇν-
3823 5087 3828 5094 ’

2174 5147 2306 5216 δρας
2333 5149 2458 5212 τοὺς
2485 5148 2643 5212 ὄντας
2677 5149 2769 5201 ἐπὶ
2811 5153 2910 5221 τῆς
2942 5151 3110 5222 θύρας
3147 5151 3240 5206 τοῦ
3285 5153 3432 5206 οἴκου
3471 5152 3782 5217 ἐπάταξα-δ

2176 5235 2406 5307 ἀορασίᾳ
2439 5237 2548 5289 ἀπὸ
2574 5239 2768 5310 μικροῦ
2805 5241 2913 5303 ἕως
2948 5243 3206 5310 μεγάλου,
3235 5243 3327 5296 καὶ
3361 5241 3786 5311 παρελύθησαν

2178 5325 2464 5395 ζητοῦντες
2487 5327 2586 5396 τὴν
2612 5328 2801 5401 θύραν.
2851 5349 2869 5382 ι
2915 5333 3334 5404 Εὑμεμέτρηται
3367 5334 3424 5386 δὲ
3473 5333 3572 5385 οὐκ
3602 5333 3663 5384 ἓν
3697 5353 3785 5404 γε

2180 5419 2418 5471 τουτοισὶ
2447 5421 2627 5490 μόνοις
2653 5421 2719 5474 τά
2752 5422 2852 5491 τῆς
2875 5423 3192 5496 ἐπικουρίας
3224 5423 3392 5494 αύτῷ.
3426 5425 3790 5490 Γέγραπται

2178 5510 2287 5583 γὰρ
2313 5511 2494 5566 πάλιν·
2537 5531 2554 5562 ι
2603 5513 2791 5568 Ἡνίκα
2807 5515 2861 5568 δέ
2881 5515 3072 5587 ὄρθρος
3097 5517 3330 5585 ἐγένετο,
3350 5515 3796 5580 ἐπεσπσύδαζον

609 5689 650 5718 ⁵³
689 5688 823 5743 Gen.
851 5705 956 5753 xxx,
995 5692 1106 5745 1-4.
1200 5695 1242 5725 ⁸³
1270 5695 1310 5747 ll
1335 5694 1458 5748 Cor.
1499 5695 1682 5758 V1,”.
1774 5695 1817 5726 7°
1859 5693 1992 5749 Gen.
2040 5710 2144 5755 xm,
2191 5692 2342 5746 θ-Η.
