4024 6220
292 336 391 393 1ῖὸ

950 392 953 395 .
1034 330 1126 387 DE
1163 326 1608 387 ADORATIONE
1642 327 1711 384 1N
1752 326 2024 386 SPmlTU
2060 327 2149 385 ET
2189 326 2562 383 VERITATE.
2604 326 2734 381 LIB.
2768 326 2810 379 ῐ.

3458 292 3599 379 17(

290 453 338 506 οἱ
360 446 588 517 ἄγγελοι
622 444 717 499 τὸν
763 442 910 506 Λὼτ,
958 442 1207 512 λέγοντες
1231 460 1246 475 ·
1303 442 1569 506 Ἀναστὰς
1611 440 1745 496 λάϐε
1782 440 1882 511 τὴν

2001 440 2225 505 nabant,
2268 439 2411 493 intra
2441 439 2589 494 hunc
2617 437 2842 492 modum
2874 435 3069 502 stetit;
3107 434 3374 506 scriptum
3410 453 3563 493 nam-

290 541 528 611 γυναῖκά
585 554 681 591 σου
728 535 825 590 καὶ
864 535 966 598 τὰς
1011 533 1106 588 δύο
1141 533 1450 605 θυγατέρας
1476 533 1544 599 ᾃς
1571 532 1736 603 ἔχεις,
1786 532 1881 585 καὶ

291 633 498 700 ἔξελθε,
539 630 627 683 ἵνα
678 627 756 699 μὴ
792 627 889 681 καὶ
937 626 1001 680 σὺ
1040 625 1314 697 συναπόλῃ
1343 627 1462 688 ταῖς
1494 622 1750 695 ἀνομίαις
1778 621 1881 692 τῆς

293 725 526 787 πόλεως.
551 720 666 775 Καὶ
702 716 1103 789 ἐταράχθησαν,
1149 717 1245 772 καὶ
1294 716 1605 788 ὲκράτησαν
1630 715 1681 767 οί
1718 713 1883 782 ἄγγε-

293 815 368 868 λοι
406 814 513 882 τῆς
549 811 736 882 χειρὸς
790 807 980 872 αὑτοῦ,
1018 807 1114 861 κα)⁵
1147 810 1247 879 τῆς
1275 807 1456 878 χειρὸς
1492 806 1595 875 τῆς
1624 805 1883 874 γυναικὸς

294 902 487 968 αὐτοῦ,
520 901 615 957 καὶ
649 898 761 955 τῶν
787 897 881 951 δύο
913 896 1228 969 θυγατέρων
1269 897 1457 959 αὐτοῦ,
1490 897 1549 951 ὲν
1580 895 1658 967 τῷ
1689 895 1881 965 φείσαο

299 995 421 1049 σθαι
479 991 687 1064 Κύριον
730 989 930 1045 αὐτῶν.
966 1008 987 1042 ι
1019 988 1315 1060 Ἔνδειγμα
1359 988 1424 1060 δή
1473 1004 1554 1042 σοι
1598 987 1750 1041 τουτὶ
1788 987 1885 1041 καὶ

301 1085 506 1157 σφόδρα
552 1081 749 1154 τρανὲς
792 1080 890 1136 τοῦ
924 1080 1000 1152 μὴ
1046 1079 1231 1150 μόνοις
1262 1081 1410 1151 ἡμᾶς
1463 1077 1883 1151 παραθήγεσθαι

301 1176 495 1244 λόγοις,
548 1174 644 1226 καὶ
681 1173 804 1235 ταῖς
846 1172 906 1235 ἐς
952 1168 1082 1225 νοῦν
1130 1168 1543 1241 παρακλήσεσιν
1584 1169 1885 1239 ἀποφοιτᾷν

301 1265 596 1339 ἁμαρτίας,
618 1265 781 1336 ήκειν
807 1261 866 1317 δὲ
890 1264 987 1317 καὶ
1024 1263 1107 1326 είς
1136 1260 1295 1315 τοῦτο
1334 1259 1520 1315 λοιπὸν
1548 1259 1886 1332 ἡμερότητος

302 1361 393 1430 τῆς
415 1358 499 1421 εις
517 1356 671 1427 ἡμᾶς
696 1352 791 1408 τὸν
819 1352 929 1408 τῶν
961 1352 1101 1407 ὅλων
1133 1351 1352 1423 σωτῆρα
1377 1350 1531 1421 Θεὸν,
1561 1351 1636 1415 ὼς
1664 1350 1887 1422 ἐνεργὸν

308 1448 569 1505 ποιεῖσθαι
595 1447 699 1515 τὴν
723 1443 1064 1515 ἐπικουρίαν,
1096 1441 1239 1513 κατά
1280 1459 1343 1511 γε
1367 1442 1449 1508 τὸ,
1495 1459 1516 1493 ι
1537 1442 1885 1512 Ἐκράτησας

311 1541 400 1611 τῆς
436 1537 624 1610 χειρὸς
672 1535 776 1605 τῆς
808 1533 989 1598 δεξιᾶς
1033 1550 1168 1603 μου,
1224 1533 1318 1588 καὶ
1364 1533 1426 1587 ἐν
1466 1536 1535 1604 τῇ
1578 1532 1743 1603 βουλῇ
1792 1548 1887 1584 σου

313 1629 593 1709 eamea;
622 1643 713 1697 με.
755 1644 776 1678 ι
822 1624 1043 1697 Ἐπειδὴ
1076 1626 1185 1696 γάρ
1216 1626 1367 1679 ἐστιν
1391 1625 1453 1678 οὐ
1482 1623 1603 1679 λίαν
1629 1623 1890 1694 εὐσθενὴς

324 1727 356 1793 ή
384 1722 657 1794 ἀνθρώπου
717 1719 902 1787 φύσις,
941 1715 1065 1772 οὔτε
1116 1718 1223 1790 μὴν
1276 1715 1645 1791 ἀποχρώντως
1688 1716 1889 1789 ἔχουσα

1981 548 2089 603 que
2115 541 2200 587 est
2226 533 2466 587 iterum:
2508 549 2527 581 ι
2566 528 2704 585 Cum
2750 544 2883 584 vero
2920 543 3082 583 mane
3136 528 3345 584 factum
3390 539 3561 607 esset,

1982 622 2251 693 urgebant
2297 621 2477 693 angeli
2537 620 2673 685 Lot,
2715 620 2965 675 dicentes
3006 636 3019 672 :
3070 618 3272 689 Accipe
3331 635 3561 675 uxorem

1982 722 2155 780 tuam,
2179 721 2235 768 et
2256 713 2397 768 duas
2424 712 2567 768 filias
2596 722 2739 778 tuas,
2773 726 2909 782 quas
2935 710 3131 773 habes,
3175 717 3233 766 et
3252 711 3363 776 exi,
3400 727 3471 765 ne
3505 721 3565 767 et

1982 811 2041 858 tu
2082 818 2276 874 pereas
2312 817 2449 870 cum
2497 801 2885 872 iniquitatibus
2936 800 3198 857 civitatis.
3240 802 3308 856 Et
3355 802 3563 857 turbati

1984 902 2132 961 sunt,
2167 904 2223 951 et
2258 904 2552 950 tenuerunt
2600 892 2778 964 angeli
2807 907 3032 947 manum
3066 893 3206 963 ejus,
3244 902 3301 947 et
3339 908 3566 948 manum

1984 987 2172 1041 uxoris
2217 987 2358 1057 ejus,
2403 994 2461 1041 et
2513 999 2709 1040 manus
2746 983 2981 1038 duarum
3018 982 3255 1038 ﬁliarum
3305 985 3456 1055 ejus,
3498 999 3567 1038 eo

1984 1075 2133 1146 quod
2166 1076 2434 1130 Dominus
2470 1081 2722 1144 parceret
2772 1072 2935 1128 illi“.
2973 1090 2992 1124 ι
3036 1071 3096 1127 Id
3126 1087 3288 1142 porro
3321 1089 3441 1128 esse
3480 1089 3568 1128 ar-

1985 1175 2247 1239 gumento
2283 1166 2701 1223 evidentissimo
2721 1172 2926 1236 potest,
2955 1179 3058 1219 nos
3090 1180 3201 1221 non
3225 1166 3410 1221 verbis
3442 1178 3566 1220 tan-

1987 1267 2104 1316 tum
2138 1268 2195 1315 et
2223 1257 2697 1315 admonitionibus
2729 1258 2786 1313 in
2822 1257 3068 1312 animum
3109 1257 3369 1311 immissis
3427 1257 3568 1313 inci-

1990 1350 2092 1405 tari
2118 1356 2180 1405 ut
2206 1365 2238 1404 a
2285 1348 2527 1420 peccatis
2578 1346 2927 1413 recedamus,
2985 1346 3085 1403 sed
3108 1348 3277 1403 etiam
3327 1348 3397 1403 ad
3446 1364 3570 1403 eam

1987 1457 2114 1512 erga
2135 1456 2239 1496 nos
2266 1439 2660 1511 benignitatem
2683 1438 3018 1495 descendere
3049 1440 3298 1495 omnium
3337 1441 3573 1496 salvato-

1989 1547 2107 1588 rem
2133 1533 2327 1597 Deum,
2347 1540 2409 1586 ut
2424 1529 2630 1586 efﬁcaci
2658 1546 2763 1586 nos
2787 1531 2991 1587 auxilio
3011 1532 3189 1603 juvet,
3212 1534 3368 1604 juxta
3392 1533 3530 1589 illud
3553 1552 3568 1589 :

1998 1644 2017 1677 ι
2049 1624 2298 1681 Tenuisti
2326 1638 2549 1678 manum
2574 1622 2856 1677 dexteram
2888 1638 3088 1689 meam,
3120 1633 3177 1679 et
3205 1624 3262 1679 in
3288 1626 3573 1682 voluntate

1991 1725 2087 1772 tua
2132 1715 2409 1773 deduxisti
2459 1716 2631 1771 me".
2669 1717 2697 1767 ι’
2729 1714 2868 1770 Nam
2914 1716 3045 1785 quia
3083 1716 3325 1778 hominis
3377 1725 3575 1772 natura

332 1813 457 1884 πρὸς
499 1814 563 1865 τὸ
588 1808 886 1865 διεκνεῦσαι
934 1805 1191 1863 δύνασθαι
1227 1805 1325 1861 τοῦ
1376 1805 1547 1861 κακοῦ
1569 1845 1585 1872 ,
1640 1804 1893 1861 συναθλεί

2001 1823 2102 1864 non
2127 1815 2214 1864 est
2236 1806 2533 1887 admodum
2569 1806 2749 1876 ﬁrma,
2772 1821 2954 1877 neque
2983 1807 3119 1862 satis
3146 1807 3348 1871 virium
3383 1808 3571 1872 habet,

336 1922 444 1969 πως
485 1905 617 1975 αὐτῇ
663 1902 799 1975 πρὸς
831 1898 991 1954 τοῦτο
1011 1899 1164 1964 Θεός.
1209 1899 1321 1956 Καὶ
1365 1897 1553 1971 διττὴν
1602 1899 1894 1969 ἀπονέμων

328 1998 506 2068 ὁρᾶται
536 1996 624 2066 τήν
650 1995 808 2066 χάριν
829 2006 847 2042 9
879 1990 1184 2055 νουθεσίαις
1217 1990 1526 2047 ἀναπείθων
1549 1990 1644 2045 καὶ
1671 1991 1894 2045 ἐπικου-

322 2088 438 2159 ρίαν
479 2086 680 2160 εὑρὼν,
723 2085 820 2141 καὶ
859 2083 1071 2155 ἀμείνω
1089 2081 1260 2146 τιθεὶς
1296 2082 1394 2137 τοῦ
1428 2082 1580 2154 παρὰ
1624 2081 1794 2146 πόδας
1834 2098 1895 2135 τε

320 2180 406 2234 καὶ
433 2176 823 2250 τυραννοῦντος
852 2172 1049 2230 κακοῦ.
1082 2173 1243 2239 Ἵδοις
1279 2173 1323 2227 δ’
1347 2173 1414 2229 ἂν
1441 2173 1638 2246 ἀληθὲς
1677 2174 1897 2229 κάκεῖνο

317 2274 574 2345 ὑπάρχον,
611 2269 691 2334 ὡς
733 2268 910 2337 ὀλίγοι
954 2266 1056 2338 μὲν
1098 2266 1294 2339 κομιδῇ
1346 2266 1444 2339 τῆς
1477 2265 1819 2337 δικαιοσύνης
1848 2267 1896 2319 οἱ

312 2360 659 2433 ἐπιμεληταὶ,
703 2359 799 2415 καὶ
845 2356 1019 2428 πολλὴ
1060 2356 1203 2417 κατὰ
1232 2355 1349 2428 βίον
1392 2357 1427 2428 ή
1461 2357 1658 2419 σπάνις
1688 2356 1896 2427 ἀνδρῶν

310 2457 549 2527 ἀγαθῶν
604 2455 777 2526 ἄνδρα
832 2452 942 2524 γὰρ
979 2451 1169 2506 πιστὸν
1195 2450 1358 2523 ἔργον
1397 2451 1600 2523 εὑρεῖν,
1646 2448 1787 2504 κατὰ
1837 2450 1898 2504 τὸ

308 2546 719 2621 γεγραμμένον.
751 2545 899 2616 Πλὴν
926 2545 1227 2609 ἀπόλεκτος
1250 2546 1280 2599 ὁ
1311 2542 1577 2609 τοιοῦτος,
1600 2542 1698 2598 καὶ
1729 2560 1898 2616 φρον-

310 2645 450 2708 τίδος
489 2645 588 2715 τῆς
620 2642 831 2699 ἄνωθεν
868 2642 930 2696 οὐ
977 2640 1272 2713 παρέργως
1305 2637 1631 2710 ἠξιωμένος.
1678 2637 1742 2690 Εἰ
1788 2634 1898 2706 γάρ

309 2740 422 2792 ἐστι
446 2736 595 2792 κατὰ
623 2735 714 2790 τὸν
743 2734 950 2805 κόσμον
982 2732 1187 2805 ἀναμὶξ
1223 2734 1337 2797 τοῖς
1369 2731 1568 2798 ἄλλοις,
1600 2729 1715 2785 ἀλλ’
1744 2727 1899 2783 οὐδὲν

306 2832 557 2887 ἐντεῦθεν
593 2830 855 2901 ὑπομένει
882 2828 945 2882 τὺ
970 2826 1186 2899 βλάὸος,
1226 2826 1304 2890 ὼς
1339 2825 1524 2898 κρίνον
1560 2822 1622 2888 ἐξ
1645 2818 1899 2893 ᾁκανθῶν

310 2925 654 2997 ἁρπάζεται,
692 2922 789 2976 καὶ
819 2921 921 2975 οὒκ
970 2918 1037 2973 ἂν
1087 2918 1442 2973 συναπόλοιτο
1486 2915 1695 2978 δίκαιος
1750 2909 1897 2984 μετὰ

303 3015 544 3082 ἁσεσῶν,
580 3013 726 3070 κατὰ
750 3013 852 3078 τὰς
878 3013 990 3069 τῶν
1016 3013 1190 3085 ἁγίων
1213 3010 1418 3081 φωνάς.

366 3274 599 3331 ΠΔΔΔ.
638 3272 879 3344 Ἀραρεν
904 3265 1021 3334 οὖν,
1046 3270 1129 3324 ὅτι
1152 3268 1327 3340 φειδοῖ
1349 3269 1415 3340 τῇ
1436 3265 1587 3338 παρὰ
1611 3264 1771 3331 Θεοῦ,
1804 3264 1900 3320 καὶ

298 3367 557 3438 ἀγγέλων
586 3364 760 3433 ἁγίων
790 3362 1080 3434 ωνδρομῇ,
1103 3361 1199 3415 καὶ
1222 3361 1323 3432 τὴν
1348 3362 1413 3414 ὲκ
1437 3359 1536 3431 τῆς
1565 3357 1901 3429 φαυλότητος

301 3457 630 3525 πλεονεξίαν
662 3452 1043 3525 ἁπονιψόμεθα
1061 3493 1087 3520 ,
1122 3452 1216 3507 καὶ
1258 3451 1320 3505 τὸ
1358 3449 1584 3523 μηδαμῆ
1635 3446 1898 3521 μηδαμῶς

298 3555 421 3617 ταῖς
452 3550 572 3605 τῶν
600 3546 856 3620 πονηρῶν
882 3545 1087 3602 ἁλῶναι
1111 3544 1291 3609 δίκαις
1321 3541 1711 3614 ἀναμφιλόγως
1739 3540 1901 3612 εὑρή-

305 3659 498 3715 σομεν,
526 3639 649 3712 Θεῷ
667 3638 1015 3702 πιστεύοντες
1043 3634 1232 3707 σαφῶς
1256 3632 1658 3704 ἀνακεκραγότι
1688 3630 1755 3685 δι’
1782 3630 1902 3694 ἑνὸς

304 3734 415 3789 τῶν
461 3732 790 3805 προφητῶν,
850 3731 934 3785 ὅτι
970 3747 990 3782 ι
1035 3726 1177 3797 Ἐγὼ
1222 3725 1485 3798 Κύριοςό
1519 3723 1653 3787 Θεός
1700 3739 1834 3787 σου,
1872 3724 1902 3776 ό

304 3825 535 3897 κρατῶν
565 3824 667 3895 τῆς
695 3822 873 3888 δεξιᾶς
906 3838 1022 3886 σου,
1051 3821 1082 3877 δ
1105 3818 1281 3887 λέγων
1320 3833 1424 3882 σοι,
1449 3815 1543 3887 Μὴ
1559 3814 1750 3886 φοϐοῦ,
1792 3815 1899 3867 Ἰα-

308 3914 446 3980 κὼὸ,
494 3911 779 3981 ὀλιγοστὸς
825 3909 1073 3983 Ἰσραὴλ,
1119 3906 1231 3977 ἐγὼ
1278 3905 1554 3978 ἐϐοήθησά
1599 3921 1703 3974 σοι,
1726 3904 1900 3978 ιλιίγει

307 4007 541 4079 Κύριος,
566 4005 597 4058 δ
623 4001 986 4076 λυτρούμενδς
1017 4017 1097 4068 σε,
1140 3999 1377 4071 Ἰσραήλ.
1414 4017 1436 4051 ι

378 4186 555 4239 ΚΥΡ.
594 4184 668 4236 Ἦ
695 4181 803 4255 γὰρ
842 4180 964 4250 οὐχὶ
994 4178 1337 4251 συλλήπτορα
1377 4178 1490 4240 τοῖς
1512 4173 1692 4246 ἁγίοις
1723 4177 1899 4231 ἐκδεί-

309 4276 454 4341 ξειεν
504 4275 578 4328 ἂν
618 4273 712 4327 τὸν
756 4271 934 4327 πάντα
980 4268 1235 4341 ἰσχύοντα
1274 4268 1408 4322 Θεὸν
1442 4268 1507 4321 τὸ
1548 4268 1899 4340 ἀπηρτῆσθαι

306 4368 404 4423 τὸν
425 4367 557 4421 Λὼτ
588 4365 692 4435 τῆς
721 4362 831 4416 τῶν
858 4361 1106 4431 ἀγγέλων
1137 4359 1318 4433 χειρός
1335 4377 1352 4426 ;
1390 4359 1527 4414 Θεοῦ
1574 4361 1683 4431 γὰρ
1730 4360 1898 4426 τύπος

1994 1910 2056 1956 ut
2078 1917 2358 1973 emergere
2390 1917 2436 1957 e.
2454 1902 2563 1973 26
2587 1902 2740 1957 vitiis
2766 1900 2963 1972 possit,
2986 1914 3144 1971 opem
3180 1899 3261 1955 illi
3290 1901 3398 1955 fert
3427 1900 3483 1955 in
3508 1917 3575 1957 ea

1992 2011 2053 2051 re
2075 1995 2240 2051 Deus.
2273 1994 2462 2065 Itaque
2502 1994 2779 2066 duplicem
2822 1994 3052 2065 gratiam
3090 1994 3334 2050 tribuere
3370 2008 3576 2065 cogno-

1992 2087 2208 2142 scitur:
2238 2102 2363 2143 cum
2410 2086 2561 2142 enim
2598 2086 2825 2147 monitis
2858 2086 3073 2152 suadet,
3109 2095 3226 2142 tum
3281 2086 3577 2159 adjuvandi

1997 2177 2244 2237 rationes
2273 2178 2504 2243 invenit,
2535 2194 2738 2249 easque
2765 2178 3021 2249 praesenti
3052 2179 3197 2233 malo
3223 2179 3444 2249 vimque
3475 2195 3576 2234 no-

1996 2270 2083 2325 bis
2110 2269 2376 2325 aﬂ‘erente
2391 2270 2744 2325 «valentiores
2773 2268 2960 2325 efﬁcit.
2993 2269 3182 2325 Videri
3205 2280 3391 2326 autem
3417 2271 3580 2327 facile

1994 2369 2198 2433 potest,
2260 2377 2457 2418 verum
2513 2377 2637 2418 esse
2675 2362 2834 2429 illud,
2878 2378 3088 2433 paucos
3122 2362 3423 2418 admodum
3458 2379 3580 2421 esse

1994 2454 2199 2524 quibus
2230 2454 2444 2526 justitia
2472 2470 2618 2511 cum
2640 2454 2732 2521 sit,
2768 2455 3107 2525 multamque
3132 2453 3189 2509 in
3222 2455 3326 2510 hac
3343 2456 3457 2510 vita
3479 2472 3581 2527 pe-

1995 2544 2217 2600 nuriam
2272 2544 2578 2615 proborum
2641 2544 2969 2600 hominum:
3002 2544 3196 2601 Virum
3249 2545 3401 2601 enim
3440 2546 3580 2603 fide-

1996 2638 2128 2703 lem,
2171 2646 2234 2692 ut
2266 2637 2535 2708 scriptum
2565 2646 2671 2704 est,
2699 2635 2918 2693 difﬁcile
2969 2647 3053 2694 est
3095 2637 3345 2695 invenire
3364 2641 3431 2695 ’³.
3473 2641 3581 2696 Ta-

1997 2740 2125 2781 men
2144 2725 2416 2796 ejusmodi
2446 2726 2614 2781 homo
2642 2725 2852 2782 electus
2889 2735 2993 2793 est,
3018 2734 3076 2783 et
3100 2727 3288 2784 divina
3325 2745 3455 2786 cura
3495 2743 3582 2788 at-

1998 2831 2107 2887 que
2144 2815 2490 2887 providentia
2533 2830 2647 2871 non
2678 2816 2946 2872 mediocri
2997 2817 3272 2889 dignatus.
3321 2819 3587 2886 Quamvis

1997 2904 2148 2960 enim
2167 2903 2226 2960 in
2256 2904 2361 2960 hac
2385 2905 2498 2960 vita
2522 2905 2598 2960 sit
2630 2904 2778 2960 inter
2812 2915 3040 2962 caeteros
3067 2907 3287 2975 mistus,
3324 2910 3466 2966 nihil
3496 2920 3585 2967 ta-

1999 3012 2125 3052 men
2150 3013 2219 3053 ex
2251 3012 2316 3053 ea
2344 3012 2403 3052 re
2433 2998 2621 3052 damni
2650 3013 2867 3068 passus,
2901 3008 2962 3054 ut
2996 2999 3173 3055 lilium
3210 3018 3242 3057 e
3279 3003 3454 3074 spinis
3480 3005 3582 3061 de-

1999 3088 2263 3160 cerpitur,
2292 3104 2471 3161 neque
2511 3091 2721 3162 justum
2744 3090 3025 3148 hominem
3048 3092 3131 3149 fas
3168 3105 3275 3162 est,
3314 3106 3376 3152 ut
3406 3100 3583 3156 sancti

1890 3177 1964 3202 ’ν
2003 3177 2109 3232 viri
2143 3186 2434 3244 testantur,
2458 3194 2584 3234 eum
2606 3179 2791 3250 impiis
2824 3181 3025 3249 perire.

2076 3268 2274 3333 PALL.
2310 3269 2452 3341 Ergo
2497 3270 2595 3325 Dei
2631 3271 2991 3343 benignitate,
3028 3289 3095 3330 ac
3124 3284 3441 3335 sanctorum
3480 3297 3583 3338 an-

2006 3357 2257 3428 gelorum
2281 3371 2405 3427 ope,
2424 3366 2541 3412 tum
2565 3359 2827 3428 nequitiae
2854 3360 3194 3418 dominatum
3218 3369 3581 3432 excutiemus.

2007 3459 2124 3507 tum
2142 3450 2281 3506 illud
2299 3465 2523 3521 quoque
2548 3451 2743 3521 procul
2762 3450 2934 3507 dubio
2963 3466 3346 3523 assequemur,
3377 3466 3586 3517 ulnus-

2004 3555 2173 3610 quam
2219 3539 2447 3596 omnino
2485 3539 2545 3594 in
2589 3555 2894 3611 pravorum
2945 3541 3231 3599 hominum
3281 3549 3462 3618 pmnis
3504 3552 3582 3607 εί-

2005 3632 2120 3689 mul
2163 3632 2543 3704 implicemur,
2589 3632 2704 3688 Deo
2755 3633 2917 3700 freti,
2957 3634 3051 3706 qui
3115 3648 3306 3709 aperte
3365 3644 3583 3712 procla-

2006 3732 2120 3780 mat
2158 3725 2443 3795 propheta:
2512 3724 2802 3796 cujusdam
2854 3741 2991 3783 voce
3028 3745 3042 3781 :
3095 3748 3113 3780 ι
3155 3730 3270 3802 Ego
3318 3732 3588 3791 Dominus

2004 3815 2152 3871 Deus
2188 3824 2338 3881 tuus,
2384 3815 2480 3885 qui
2540 3824 2701 3872 teneo
2740 3816 3022 3874 dexteram
3068 3829 3248 3887 tuam,
3308 3825 3405 3895 qui
3461 3826 3586 3883 dico

2006 3907 2143 3973 tibi,
2174 3907 2296 3963 Noli
2331 3907 2546 3973 timere,
2603 3908 2794 3975 Iacob,
2826 3910 3056 3982 exiguus
3084 3912 3393 3986 lsrael,ego
3425 3921 3585 3974 auxi-

2004 3997 2173 4053 liatus
2202 4013 2327 4053 sum
2364 3998 2490 4065 tibi,
2522 3998 2660 4053 dicit
2682 3999 2983 4065 Dominus,
3014 4000 3109 4071 qui
3146 4003 3357 4059 redemi
3386 4014 3465 4076 te,
3499 4009 3583 4064 ls-

2004 4090 2117 4146 rae]
2144 4090 2210 4145 ".
2250 4109 2270 4141 ι

2074 4181 2234 4237 CYR.
2261 4180 2346 4235 An
2376 4194 2510 4235 vero
2553 4196 2748 4252 parum
2777 4183 3090 4240 ostenditur
3127 4187 3301 4243 Deum
3332 4192 3586 4265 omnipo-

2006 4283 2212 4343 tentem
2239 4288 2362 4330 esse
2386 4282 2702 4330 sanctorum
2736 4275 3021 4335 hominum
3062 4280 3370 4351 adjutorem
3388 4326 3403 4351 ,
3435 4286 3491 4341 in
3520 4304 3588 4343 eo

2004 4366 2153 4437 quod
2183 4366 2289 4421 Lot
2336 4381 2500 4421 manu
2545 4365 2651 4421 fuit
2696 4367 3018 4438 angelorum
3064 4374 3587 4441 apprehensusﬂlli

312 4460 383 4514 ἂν
412 4455 528 4513 εἶεν
564 4455 679 4528 [ἂν]
709 4449 877 4510 οὗτοι.
919 4454 1081 4524 Τρεῖς
1110 4452 1211 4523 μὲν
1244 4454 1305 4515 ,ἐν
1334 4453 1476 4525 ἀρχῇ
1507 4451 1585 4524 τῷ
1647 4453 1895 4526 Ἀϐραὰμ

2007 4458 2155 4513 enim
2204 4456 2384 4528 angeli
2415 4456 2645 4528 figuram
2678 4457 2778 4514 Dei
2806 4468 2918 4513 non
2945 4458 3184 4516 absurde
3216 4472 3426 4531 tenent,
3461 4483 3587 4522 cum

313 4549 752 4623 προσϐάλλοντες
782 4547 843 4599 ὲν
888 4547 956 4617 τῇ
1000 4544 1122 4616 δρυῒ
1162 4546 1230 4615 τῇ
1264 4544 1533 4617 Μαμόρῇ,
1561 4544 1655 4599 δύο
1695 4546 1753 4599 δὲ
1792 4548 1895 4611 τοῖς

2011 4557 2125 4604 tres
2145 4548 2298 4619 prius
2310 4547 2377 4603 ad
2392 4546 2669 4602 Abraham
2685 4550 3019 4605 accesserint
3032 4551 3103 4606 ad
3125 4568 3391 4623 quercum
3414 4557 3553 4614 Mam
3564 4591 3588 4602 -

312 4643 577 4713 Σοδόμοις
598 4637 1077 4708 κὲπιφοιτήσαντες.
1113 4653 1133 4687 ι
1168 4634 1303 4688 οὐδὲ
1324 4634 1433 4706 γὰρ
1460 4637 1490 4689 ὁ
1511 4636 1703 4708 Πατήρ
1729 4637 1906 4709 κρίνει

314 4732 536 4799 «eam,
591 4750 611 4785 ι
675 4730 820 4785 κατὰ
866 4726 967 4798 τήν
1016 4726 1181 4781 αὑτοῦ
1227 4724 1323 4779 τοῦ
1376 4726 1630 4799 Σωτῆρος
1700 4728 1903 4799 φωνήν,

320 4844 344 4877 ι
381 4825 522 4878 ἀλλὰ
551 4824 740 4878 πᾶσαν
767 4820 865 4893 τὴν
889 4819 1071 4892 κρίσιν
1096 4818 1296 4877 δέδωκε
1328 4817 1410 4889 τῷ
1434 4818 1568 4889 Υίῷο
1604 4837 1625 4873 ι
1659 4819 1907 4885 συνόντος

318 4914 471 4985 αὐτῷ
513 4913 760 4985 δηλονότι
809 4912 908 4967 καὶ
944 4910 1343 4982 ἐνυπάρχοντος
1380 4911 1626 4979 φυσικῶς
1673 4913 1768 4965 καὶ
1810 4912 1905 4966 τοῦ

317 5004 480 5071 ἁγίου
516 5002 661 5058 Πνεύ
669 5020 859 5075 ματος.

401 5096 603 5150 ΠΔΔΛ.
637 5096 835 5166 Συνίης
868 5087 929 5148 εὖ
959 5092 1124 5164 μάλα.
1161 5091 1242 5168 Τὰ
1278 5091 1335 5147 δὲ
1368 5092 1567 5166 ἑφεξῆς
1599 5093 1909 5167 περιαθρῶ-

330 5202 459 5254 μεν,
482 5189 528 5240 εί
546 5187 712 5241 δοκεῖ.

407 5278 561 5334 ΚΥΡ.
598 5277 931 5332 Ἀοκνάτατά
950 5294 1036 5348 γε,
1062 5276 1157 5331 καὶ
1189 5275 1255 5348 δὴ
1284 5276 1459 5349 ὲρῶ.ξ‹
1480 5278 1591 5331 Καὶ
1620 5277 1855 5343 ἐγένετο,
1882 5296 1901 5330 ι

332 5368 518 5435 φησὶν.
550 5372 754 5443 «ἡνίκα
784 5370 1053 5441 ἐξήγαγον
1085 5368 1247 5422 αὐτὸν
1268 5368 1394 5434 ἔξω,
1432 5364 1605 5423 duov-
1635 5369 1783 5435 Σῶζε
1815 5370 1912 5439 τὴν

333 5462 555 5514 σεαυτοῦ
590 5461 791 5534 ψυχὴν,
834 5460 909 5533 μή
950 5459 1255 5533 mmmam
1295 5460 1376 5523 είς
1415 5459 1485 5514 τὰ
1533 5458 1739 5524 ὀπίσω.
1778 5460 1913 5531 μηδὲ

329 5550 472 5618 Oti;
496 5555 548 5605 ὲν
573 5555 718 5626 πάσῃ
765 5556 832 5626 τῇ
873 5551 1168 5625 περιχώρῳ
1187 5568 1202 5584 ο
1232 5544 1314 5615 εἰς
1342 5551 1404 5605 τὸ
1429 5550 1557 5621 ὅρος
1594 5549 1790 5620 σώζου,
1836 5553 1911 5625 μή

428 5734 472 5767 ⁷¹
500 5734 629 5795 Gen.
679 5755 791 5806 xxx,
834 5739 922 5806 15,
959 5740 1047 5797 16.

1148 5742 1194 5776 ⁷²
1221 5741 1366 5798 Psal.
1402 5757 1565 5811 um,
1609 5741 1699 5797 24.
1797 5739 1846 5774 ’³
1884 5739 1895 5793 1

2001 5754 2043 5795 v.
2083 5754 2176 5805 xx,
2227 5739 2280 5795 6.
2380 5740 2428 5775 "
2491 5741 2595 5798 lsa.
2644 5758 2751 5813 xu,
2818 5743 2852 5801 8
2893 5760 3016 5818 sqq.

2012 4642 2144 4704 bre,
2195 4641 2306 4697 duo
2362 4655 2557 4696 rursus
2619 4640 2887 4697 adversus
2964 4641 3258 4700 Sodomam
3309 4650 3585 4707 venerint.

2021 4753 2039 4783 ι
2061 4732 2249 4802 Neque
2281 4732 2427 4787 enim
2452 4732 2614 4787 Pater
2636 4731 2848 4803 judicat
2868 4749 3220 4807 quemquam,
3246 4758 3264 4790 ι
3283 4741 3438 4812 juxta
3467 4744 3588 4801 Sal-

2014 4823 2223 4878 vatoris
2273 4822 2448 4878 nostri
2493 4837 2706 4889 vocem,
2747 4824 2888 4880 «sed
2925 4841 3089 4883 omne
3119 4828 3392 4901 judicium
3436 4835 3591 4893 dedit

2010 4913 2236 4969 Filio":
2268 4932 2285 4965 ι
2305 4928 2430 4969 cum
2452 4929 2565 4984 quo
2586 4916 2776 4984 procul
2800 4916 2971 4974 dubio
2992 4920 3156 4976 simul
3186 4922 3343 4979 adest
3367 4937 3592 4987 sanctus

2010 5005 2248 5077 Spiritus
2270 5015 2328 5062 et
2354 5007 2681 5063 naturaliter
2712 5003 2874 5065 ineSt.

2080 5098 2277 5154 PALL.
2308 5098 2476 5154 Recte
2496 5099 2776 5172 intelligis.
2810 5100 2939 5170 Sed,
2966 5104 3011 5159 si
3044 5106 3244 5178 placet,
3263 5126 3327 5168 ea
3355 5129 3479 5185 quae
3507 5131 3594 5171 se-

2012 5201 2257 5260 quuntur
2288 5190 2721 5248 consideremus.

2082 5280 2239 5337 CYR.
2286 5281 2434 5337 Nihil
2475 5298 2681 5347 moror,
2717 5294 2882 5356 atque
2917 5287 3031 5358 jam
3075 5289 3276 5347 dicam.
3336 5315 3354 5346 ι
3388 5297 3458 5349 Ει
3505 5296 3588 5350 fa-

2013 5379 2162 5426 ctum
2189 5381 2294 5439 est,
2335 5391 2354 5425 ι
2394 5372 2599 5444 inquit,
2631 5392 2651 5424 ι
2678 5385 2969 5445 postquam
2998 5379 3461 5437 eduxerunteum
3504 5384 3588 5440 fo-

2014 5478 2126 5529 ras,
2157 5464 2460 5520 dixerunt:
2495 5464 2655 5521 Salva
2707 5467 2945 5521 animam
2996 5478 3166 5534 tuam,
3209 5488 3278 5526 ne
3331 5476 3592 5545 respicias

2014 5563 2186 5622 retro,
2217 5571 2400 5628 neque
2424 5563 2537 5611 stes
2568 5556 2625 5610 in
2654 5556 2805 5611 omni
2822 5558 2965 5613 circa
3000 5560 3222 5633 regione
3244 5579 3256 5615 :
3276 5561 3331 5617 in
3346 5580 3590 5625 montem

3131 5749 3179 5783 "
3206 5750 3365 5807 Joan.
3404 5770 3458 5821 ν,
3497 5750 3589 5809 22.
