4024 6220
417 243 520 298 175
1429 231 1483 284 S.
1524 227 1806 286 εῖῐιιιιι
1838 223 2305 282 ALEXANDRINI
2347 223 2666 279 ARCHIEP.
3019 283 3022 286 λ
3559 212 3658 270 Πδ

417 359 626 414 salvum
663 364 714 410 te
740 355 855 418 fac,
895 369 963 408 ne
987 351 1127 406 forte
1159 350 1321 406 simul
1350 345 1915 418 comprehendaris".
1955 363 1973 396 ι
2011 376 2024 410 Α

2133 360 2214 397 οτε
2237 341 2728 414 συμπαραληφθῇς.
2767 358 2782 389 ι
2808 335 2919 393 ’Ἑν
2953 337 3051 408 μὲν
3079 330 3172 390 οὖν
3200 333 3300 406 τῷ,
3335 353 3353 385 ι
3391 333 3538 398 Σῶζε
3566 335 3663 406 τὴν

417 449 478 504 ln
522 447 628 503 illis
655 447 835 515 itaque
863 441 1063 505 verbis,
1092 459 1112 492 ι
1149 439 1307 495 Salva
1329 437 1566 492 animam
1591 445 1758 500 tuam,
1793 453 1811 486 ι
1851 432 1984 488 illud

2133 435 2314 488 εαυτοῦ
2334 434 2532 504 ψυχὴν,
2561 452 2578 485 ι
2611 432 2753 502 φημὶ
2773 431 2834 503 δὴ
2857 429 3107 498 λέγεσθαι
3138 426 3324 496 σαφῶς
3341 426 3420 490 τὸ,
3455 443 3473 476 ι
3501 427 3666 478 Σεαυ-

419 537 704 592 manifeste
734 514 842 589 dici
862 533 1146 587 arbitror:
1183 549 1201 582 ι
1239 529 1529 599 Te'ipsum
1577 536 1789 582 castum
1859 541 1986 580 cus-

2133 543 2176 581 >v
2206 525 2365 594 ἁγνόν
2391 527 2565 596 τήρειο
2614 524 2707 576 καὶ
2743 521 2816 592 μὴ
2863 520 3111 574 κοινώνει
3157 517 3456 588 ἁμαρτίαις
3505 514 3667 569 ἀλλο-

420 630 554 694 todi,
575 637 715 683 etne
735 623 1105 680 communices
1135 623 1371 692 peccatis
1393 619 1587 676 alienis
1601 620 1666 672 '".
1697 636 1714 670 ›
1737 617 1813 672 Ac
1832 616 1989 671 vince

2133 617 2284 688 βίαις.
2325 636 2344 669 ι
2389 618 2498 669 Καὶ
2525 614 2764 684 ἀμείνων
2809 613 2901 666 ἔσο
2931 612 3042 665 τῶν
3091 613 3147 663 tv
3186 610 3378 680 κόσμῳ
3409 625 3665 678 παραπο·

419 736 504 782 ea,
535 732 655 786 quae
687 714 926 769 mundus
953 712 1135 778 affert,
1163 711 1588 782 impedimenta;
1619 721 1800 776 neque
1840 705 1991 760 enim

2133 708 2383 778 ,σμάτωψ
2417 704 2594 775 ψυχῆς
2626 704 2735 775 γὰρ
2774 703 3130 773 ἀντάλλαγμα
3158 701 3218 754 τὸ
3249 700 3473 770 σύμπαν
3495 700 3667 754 οὐδέν.

422 808 715 863 universus
739 804 976 859 mundus
993 805 1201 875 justum
1224 809 1308 856 cst
1337 800 1594 870 pretium,
1626 813 1724 867 pro
1743 811 1851 867 quo
1872 793 1993 849 ani-

423 915 511 953 ma
563 906 954 954 commutctur.
1003 914 1021 946 ι
1059 893 1201 960 Quid
1239 892 1386 947 enim
1412 889 1635 962 prodest
1681 886 1912 951 homini,
1947 884 1992 940 si

425 993 742 1048 universum
763 989 1026 1044 mundum
1055 988 1319 1050 lucretur,
1356 985 1462 1054 27
1495 983 1690 1036 animae
1720 996 1852 1036 vero
1885 994 1996 1034 sum

425 1084 816 1140 detrimentum
839 1077 1177 1150 patiatur“?
1209 1096 1226 1128 ›
1253 1075 1408 1142 Quod
1454 1083 1637 1128 autem
1677 1073 1754 1127 ait
1784 1072 1858 1126 ita
1892 1071 1997 1125 sibi

425 1193 547 1233 esse
577 1174 989 1239 ambulandum,
1028 1188 1098 1227 ne
1155 1186 1214 1226 se
1252 1178 1548 1225 retrorsum
1595 1173 1904 1229 convertat,
1942 1163 1998 1218 id

2097 819 2116 851 ι
2154 799 2218 854 Τί
2243 798 2352 870 γὰρ
2382 795 2793 867 ὠφεληθήσεται
2838 794 3121 866 ἄνθρωπος
3141 833 3155 857 ,
3188 793 3316 847 ὅταν
3345 792 3438 845 τὸν
3468 793 3672 863 κόσμον

2091 888 2209 942 ὅλον
2240 887 2498 957 κερδήσῃ,
2532 885 2629 956 τὴν
2653 884 2708 938 δέ
2735 883 2914 954 ψυχὴν
2944 883 3106 935 αὑτοῦ
3141 881 3429 952 ζημιωθῇς
3468 900 3486 933 ι
3516 881 3591 934 Τὸ
3620 881 3676 934 δὲ

2092 981 2157 1050 δὴ
2182 979 2377 1049 χρῆναι
2397 978 2575 1046 λέγειν
2602 974 3012 1047 ἀμεταστρεπτὶ
3032 973 3304 1028 ποιεῖσθαι
3325 973 3422 1044 τὴν
3443 972 3674 1044 βάδισιν,

2099 1071 2351 1142 σημαίνει
2396 1086 2500 1125 που
2546 1069 2690 1138 τάχα
2714 1067 2796 1132 τὸ,
2829 1067 2902 1139 μὴ
2935 1068 3054 1130 ταῖς
3097 1068 3177 1130 είς
3219 1065 3532 1135 φαυλότητα
3582 1082 3681 1136 μεο

2097 1164 2425 1232 ταστροφαῖς
2469 1160 2539 1214 τὰ
2572 1160 2662 1214 ίσα
2694 1160 2909 1230 φρονεῖν
2948 1157 3166 1211 ἑλέσθαι
3213 1157 3374 1210 πάλιν
3423 1158 3533 1219 τοῖς
3572 1156 3681 1209 ὑπὸ

428 1269 655 1322 fortasse
676 1265 968 1336 signiﬁcat,
1002 1261 1307 1318 cavendum
1345 1275 1490 1325 esse,
1527 1274 1597 1314 ne
1627 1258 1758 1312 dum
1803 1272 1904 1311 nos
1930 1254 1999 1309 ad

2133 1255 2252 1325 ίκην
2280 1254 2379 1325 τὴν
2403 1252 2575 1323 πυρὸς
2609 1252 2666 1318 ἐξ
2700 1251 2972 1325 ἀκρασίας
2993 1247 3374 1318 ἐνηνεγμένοις
3405 1247 3451 1318 (ι
3488 1245 3683 1309 Οὐδεὶς

431 1357 736 1428 nequitiam
763 1354 1155 1418 convertimus,
1187 1353 1379 1407 eadem
1414 1367 1540 1406 cum
1573 1349 1640 1404 iis
1664 1349 1847 1403 denuo
1873 1363 2000 1402 sen-

2133 1344 2230 1415 ’ἀρ,
2273 1362 2292 1396 ι
2332 1343 2488 1414 φησὶ,
2534 1362 2554 1395 ι
2605 1342 2701 1414 τὴν
2751 1345 2907 1413 χεῖρα
2953 1339 3128 1410 βαλὼν
3173 1341 3260 1393 ἐπ’
3298 1340 3548 1412 ἄροτρον,
3588 1337 3684 1391 καὶ

431 1451 535 1504 tire
583 1447 950 1517 incipiamus,
999 1445 1094 1514 qui
1134 1444 1190 1498 in
1227 1442 1555 1514 supplicium
1595 1439 1739 1510 ignis
1781 1446 2004 1509 propter

2133 1436 2363 1506 ’τραφεὶς
2405 1437 2486 1496 εἰς
2521 1435 2592 1489 τὰ
2619 1434 2814 1499 ὀπίσω,
2847 1433 3064 1496 εὔθετός
3097 1433 3246 1485 ἐστιν
3283 1434 3362 1496 είς
3393 1431 3491 1502 τὴν
3525 1431 3684 1501 βασι-

431 1537 907 1610 intemperantiam
940 1535 1270 1590 inciderunt.
1310 1553 1327 1586 ι
1350 1535 1522 1589 Nemo
1544 1533 1712 1597 enim,
1743 1551 1760 1584 ι
1803 1531 2001 1601 inquit,

2133 1529 2254 1583 etav
2281 1528 2388 1582 τῶν
2421 1527 2686 1599 οὐρανῶν)
2709 1545 2721 1559 ·
2763 1545 2781 1577 ι
2821 1524 3043 1596 ἔχεσθαι
3083 1523 3141 1578 δὲ
3183 1525 3293 1578 δεῖν
3325 1524 3425 1593 τῆς
3464 1524 3544 1587 είς
3577 1539 3686 1576 σω-

440 1655 456 1684 .
490 1633 712 1687 mittens
744 1643 965 1684 manum
1002 1627 1071 1682 ad
1105 1635 1376 1690 aratrum,
1409 1635 1467 1679 et
1503 1637 1804 1679 conversus
1835 1631 2002 1685 retro,

2133 1620 2300 1692 πηρίαν
2333 1619 2476 1685 ὁδοῦ,
2519 1620 2592 1689 μὴ
2625 1619 2751 1690 τῇδε
2783 1619 3004 1671 κάκεῖσε
3051 1615 3502 1688 περισπωμένους
3525 1653 3540 1678 ,
3591 1615 3691 1667 καὶ

433 1734 592 1795 aptus
617 1733 702 1778 est
736 1737 904 1792 regno
925 1721 1188 1776 caalorum
1212 1720 1277 1772 ⁷³.
1321 1737 1338 1768 ›
1370 1715 1631 1770 Tenenda
1656 1721 1739 1768 est
1772 1726 2007 1781 namque

2133 1712 2429 1781 pawaoiat;
2459 1710 2646 1774 ἑώλοις
2679 1709 2960 1780 κοσμικῶν
2988 1707 3295 1778 ἐπιθυμιῶν
3328 1707 3560 1780 ἐλαφρὸν
3591 1710 3689 1762 καὶ

432 1818 628 1873 salutis
652 1815 758 1878 via,
806 1829 915 1868 non
957 1813 1059 1865 hac
1099 1811 1224 1864 illac
1260 1806 1684 1869 deflectendum,
1719 1817 1899 1874 neque
1938 1802 2006 1857 ad

434 1925 599 1964 vanas
625 1905 889 1976 imagines
917 1903 1318 1958 mundanarum
1358 1899 1720 1970 cupiditatum
1750 1897 1888 1952 levis
1918 1904 2006 1950 at-

435 2021 541 2075 que
572 2000 832 2057 volubilis
873 1998 1090 2053 animus
1119 2003 1203 2050 est
1255 1993 1622 2064 impellendus
1642 2010 1658 2059 ;
1678 1991 1774 2047 sed
1803 1991 2012 2061 integer

436 2107 598 2167 atque
614 2093 864 2164 vigilans,
893 2099 949 2145 et
990 2089 1083 2160 qui
1113 2102 1329 2158 semper
1357 2086 1624 2141 directum
1658 2085 1764 2139 iter
1797 2083 2010 2152 aspice-

437 2202 496 2242 re
535 2192 719 2250 curet,
761 2183 819 2238 in
851 2181 1014 2236 nobis
1053 2179 1188 2250 ipsis
1223 2187 1308 2234 est
1358 2175 1792 2233 conservandus.
1836 2173 2011 2241 Quin-

438 2281 606 2336 etiam
624 2278 700 2343 id,
734 2275 879 2348 quod
900 2276 1081 2346 majus
1109 2281 1215 2337 est,
1247 2271 1426 2326 dicam
1450 2288 1462 2322 ε
1494 2270 1572 2324 ait
1597 2268 1742 2323 enim
1767 2267 2012 2336 angelus,

439 2388 549 2428 non
579 2370 742 2426 modo
773 2369 848 2422 ita
878 2367 957 2422 illi
990 2380 1110 2420 esse
1155 2361 1568 2423 ambulandum,
1611 2375 1682 2413 ne
1715 2365 2015 2412 retrorsum

2109 1802 2543 1876 εὐδιαρῤίπιστον
2573 1800 2718 1865 νοῦν,
2749 1801 2866 1856 ἀλλ’
2903 1800 3088 1871 ἐντελῆ
3119 1817 3177 1852 τε
3208 1800 3302 1852 καὶ¹
3330 1799 3553 1864 ἄϋπνον,
3594 1800 3691 1854 καὶ

2111 1898 2190 1960 εἰς
2237 1894 2365 1949 εὐθὺ
2415 1894 2631 1964 βλέπειν
2680 1894 2765 1947 ἀεὶ
2817 1892 3248 1963 μεμελετηκότα,
3288 1891 3586 1961 τηροῦντας
3630 1892 3694 1944 ἑο

2109 1984 2341 2045 ἑαυτοῖς.
2371 1981 2479 2036 Καὶ
2505 1982 2565 2034 τὸ
2592 1981 2671 2034 ἔτι
2701 1981 2884 2051 μεῖζον
2915 1980 3044 2052 ἐρᾶν
3088 1981 3223 2052 φησὶ
3252 1979 3359 2052 γὰρ
3390 1982 3418 2034 ό
3455 1980 3690 2050 ἄγγελος

2113 2075 2212 2144 οὐχ
2243 2074 2323 2127 ὄτι
2351 2071 2456 2144 χρὴ
2477 2073 2576 2144 ἤδη
2603 2072 2762 2143 μόνον
2791 2071 2952 2125 αὐτὸν
2980 2072 3394 2143 ἀμεταστρεπτὶ
3422 2071 3695 2125 ποιεῖσθαι

2117 2166 2215 2237 τὴν
2237 2165 2463 2235 βάδισινο
2488 2164 2794 2237 προσετίθει
2816 2163 2872 2217 δὲ
2903 2163 3187 2234 χρησίμως
3211 2164 3292 2229 τὸ,
3329 2182 3346 2215 ι
3370 2163 3462 2235 Μὴ
3482 2166 3610 2235 στῇς
3637 2166 3696 2217 ἐν

2116 2259 2266 2331 πάσῃ
2289 2261 2355 2330 τῇ
2385 2256 2696 2329 περιχώρῳ.
2730 2256 2825 2319 Εἰς
2850 2255 2912 2308 τὸ
2933 2254 3058 2326 ὅρος
3089 2254 3285 2321 σώζου,
3316 2257 3524 2328 μήποτε
3556 2271 3697 2325 συμ-

2122 2350 2508 2425 παραληφθῇς.
2546 2369 2565 2401 ι

441 2486 499 2526 se
539 2473 840 2529 convertat,
869 2462 966 2518 sed
999 2469 1306 2530 opportune
1345 2457 1586 2528 adjecit:
1630 2475 1648 2507 ι
1686 2455 1765 2510 Ne
1797 2464 1909 2508 stes
1951 2451 2008 2506 in
2043 2449 2190 2505 omni
2222 2449 2368 2504 circa
2405 2445 2669 2518 regione:
2707 2446 2764 2500 in
2834 2454 3076 2501 montem
3116 2445 3326 2500 salvum
3363 2453 3416 2500 te
3481 2443 3586 2507 fac,
3625 2458 3698 2498 ne

443 2563 583 2617 forte
609 2569 664 2615 et
693 2567 750 2612 tu
773 2553 935 2610 simul
966 2551 1222 2620 capiaris.
1263 2569 1280 2600 ι

514 2651 711 2708 PALL.
746 2645 890 2714 Quid
917 2657 1050 2699 vero
1087 2641 1224 2698 illud
1285 2649 1404 2706 est,
1454 2659 1472 2693 ι
1499 2639 1578 2694 Ne
1611 2647 1723 2694 stes
1775 2637 1831 2690 in
1865 2635 2015 2690 omni

447 2745 594 2800 circa
623 2737 884 2811 regione?
913 2755 930 2788 ι

523 2831 680 2887 CYR.
721 2829 895 2892 Illam,
925 2824 978 2880 ni
1019 2824 1200 2890 fallor,
1246 2822 1504 2878 inertiam
1539 2830 1700 2891 atque
1729 2820 2018 2892 segnitiem

451 2925 520 2979 ad
560 2920 918 2978 resiliendum
944 2933 974 2972 a
1011 2916 1184 2981 vitiis,
1217 2914 1490 2971 lubricam
1516 2926 1658 2977 esse,
1718 2921 1777 2966 et
1796 2912 2018 2982 pericu-

452 3019 623 3071 losum
665 3011 961 3083 significat.

524 3105 675 3162 PAL.
712 3104 960 3171 Quonam
989 3099 1172 3164 modo,
1216 3097 1328 3163 dic,
1369 3096 1622 3152 obsecro.

521 3197 680 3253 CYR.
706 3191 1067 3262 Propheticus
1083 3190 1232 3245 enim
1259 3204 1440 3245 sermo
1465 3189 1546 3244 sic
1579 3188 1657 3242 ait
1684 3206 1696 3240 :
1736 3206 1753 3237 ι
1782 3186 1893 3251 ναι,
1927 3185 2020 3256 qui

469 3284 653 3340 facitis
672 3297 810 3352 opus
837 3280 932 3336 Dei
968 3279 1306 3350 negligenter
1327 3279 1392 3331 εδ.
1421 3309 1492 3318 -
1519 3277 1738 3334 Currite
1775 3275 1940 3331 etiam
1966 3285 2028 3331 ut

457 3373 956 3447 comprehendatis,
992 3392 1009 3423 ι
1055 3371 1133 3426 ait
1158 3371 1352 3426 beatus
1383 3369 1585 3424 Paulus
1615 3370 1681 3421 ⁸⁸.
1715 3367 1848 3422 Nam
1882 3367 2026 3421 nolle

460 3469 676 3523 fortiter
688 3482 752 3521 ac
772 3464 918 3520 serio
931 3480 962 3518 a
978 3463 1210 3533 turpiori
1234 3463 1346 3515 vita
1362 3461 1632 3530 refugere,
1651 3459 1798 3530 quod
1813 3459 2028 3512 animus

461 3573 603 3628 aegre
630 3572 687 3611 se
723 3554 949 3610 aveteri
987 3551 1389 3608 consuetudine
1427 3550 1616 3605 divelli
1655 3551 1919 3620 patiatur,
1967 3563 2031 3604 ac

462 3647 634 3702 veluti
663 3660 787 3700 cum
826 3642 1059 3713 quadam
1082 3641 1332 3695 molestia
1371 3655 1402 3694 a
1445 3639 1674 3710 singulis
1719 3638 2031 3708 quibusque

476 3739 633 3794 vitiis
679 3735 928 3792 discedat
979 3732 1409 3805 gravissimeque
1455 3746 1513 3786 se
1550 3731 1620 3785 ad
1665 3731 1720 3784 id
1762 3730 2029 3794 conferat,

463 3829 611 3901 quod
663 3833 854 3896 suapte
881 3831 1077 3880 natura
1115 3822 1358 3894 prodest,
1393 3837 1504 3877 non
1535 3821 1686 3877 aliud
1727 3831 1833 3888 est,
1868 3835 2032 3892 quam

466 3923 522 3976 in
561 3920 742 3975 vicina
769 3916 1031 3986 nequitiae
1068 3915 1290 3985 regione
1347 3913 1668 3978 subsistere,
1694 3913 1838 3968 unde
1867 3911 2032 3967 celeri

2189 2627 2395 2682 IIAAA.
2431 2625 2541 2679 Καὶ
2575 2623 2627 2676 τί
2661 2623 2726 2677 ἂν
2757 2620 3000 2693 βούλοιτο
3029 2618 3224 2692 δηλοῦν
3281 2620 3361 2683 τὸ,
3403 2637 3423 2671 ι
3453 2617 3542 2689 Μὴ
3570 2620 3701 2688 στῇς

2119 2724 2176 2774 tv
2206 2719 2352 2789 πάσῃ
2381 2719 2447 2788 τῇ
2478 2714 2804 2786 περιχώρῳ;
2847 2732 2865 2764 ι

2192 2810 2356 2863 ΚΥΡ.
2387 2810 2428 2861 Τ
2432 2808 2460 2861 δ
2487 2804 2638 2876 οἶμαι
2665 2803 2870 2875 νωθρόν
2909 2819 2968 2855 τε
3000 2801 3094 2854 καὶ
3134 2800 3362 2871 ἀδρανὲς
3404 2801 3481 2862 είς
3505 2799 3565 2852 τὸ
3591 2799 3705 2851 δεῖν

2123 2899 2442 2966 ἐξίπτασθαι
2465 2898 2558 2951 τοῦ
2586 2896 2780 2960 κακοῦ,
2808 2893 3073 2965 σφαλερόν
3102 2909 3161 2945 τε
3199 2892 3290 2946 καὶ
3316 2891 3626 2962 ἐπιζήμιον.

2192 3077 2397 3132 ΠΑΛΛ.
2429 3075 2640 3148 Φράσον
2664 3073 2834 3136 ὅπως.

2191 3170 2355 3223 ΚΥΡ.
2389 3167 2730 3237 Προφητικδς
2758 3163 2860 3235 ἔφη
2901 3162 3076 3230 λόγος’
3111 3181 3130 3214 ι
3163 3161 3316 3225 Οὐαὶ,
3352 3160 3398 3213 οἱ
3432 3158 3710 3222 ποιοῦντες

2122 3263 2182 3314 τὸ
2210 3261 2368 3332 ἔργον
2407 3257 2612 3329 Κυρίου
2647 3253 2884 3326 ἀμελῶς.
2911 3250 3228 3324 -Τρὲχετε
3254 3251 3309 3304 δὲ
3340 3251 3427 3305 ἴνα
3467 3250 3714 3304 καταλά-

2126 3351 2277 3421 ϐητε,
2309 3367 2326 3401 ι
2359 3348 2455 3401 καὶ
2487 3345 2648 3410 αὑτός
2679 3345 2780 3399 πού
2806 3361 2975 3414 φησιν
3003 3346 3031 3396 ό
3055 3343 3336 3405 θεσπέσιος
3362 3341 3592 3404 Παῦλος.
3628 3339 3707 3393 Τὸ

2127 3445 2236 3514 γάρ
2284 3458 2367 3495 τοι
2417 3439 2491 3511 μὴ
2540 3439 2670 3510 δρᾷν
2727 3436 2931 3491 ἐθέλειν
2980 3433 3375 3488 εὐσθενέστατά
3421 3449 3481 3485 τε
3527 3431 3623 3484 καὶ
3655 3432 3716 3484 ἐν

2129 3533 2333 3602 σπουδῇ
2379 3531 2479 3602 τὴν
2518 3531 2584 3583 ἐκ
2622 3527 2732 3583 τῶν
2769 3527 3054 3597 αἰσχιόνων
3101 3522 3436 3596 ἀποδρομὴν,
3470 3523 3713 3576 δυσαπο-

2131 3623 2384 3684 σπάστως
2415 3619 2626 3690 ἔχοντος
2661 3617 2796 3690 πρὸς
2824 3616 2892 3670 τὰ
2923 3616 3124 3688 ἀρχαῖα
3150 3614 3244 3668 τοῦ
3283 3612 3397 3677 νοῦ,
3427 3613 3522 3666 καὶ
3550 3613 3717 3664 οἱονεὶ

2132 3711 2369 3781 στυγνῶς
2399 3711 2490 3780 ἀφ’
2526 3710 2756 3764 ἑκάστου
2810 3707 2918 3761 τῶν
2949 3706 3168 3775 φαύλων
3197 3705 3554 3776 ἀπαίροντος,
3589 3702 3714 3756 δυσ-

2131 3804 2394 3858 οκνότατα
2413 3801 2470 3855 δὲ
2489 3797 2956 3871 μεθορμιζομὲνου
2978 3795 3114 3867 πρὸς
3129 3796 3190 3849 τὸ
3211 3794 3450 3864 πεφυκὸς
3462 3793 3719 3862 ὠφελεῖν,

2132 3895 2218 3967 εἴη
2253 3895 2318 3948 ἂν
2349 3893 2533 3963 ἕτερον
2558 3889 2732 3954 οὐδὲν,
2751 3888 2785 3958 ἢ
2815 3886 2875 3941 τὸ
2903 3886 3090 3956 στῆναι
3119 3885 3302 3939 λοιπὸν
3332 3887 3389 3938 tv
3421 3881 3722 3954 περιχώρῳ

467 4029 632 4070 cursu
677 4009 941 4066 excedere
979 4014 1216 4078 oportet.
1249 4005 1392 4059 Fieri
1443 4019 1679 4073 namque
1744 4009 1926 4073 potest
1977 4012 2024 4057 ul

2135 3985 2368 4048 κακίας,
2412 3983 2588 4035 καίτοι
2632 3976 2905 4050 δρομαίως
2946 3975 3148 4041 ἐξιέναι
3189 3974 3328 4028 δέον.
3381 3975 3457 4027 ’Ἡ-
3501 3975 3609 4044 γὰρ
3647 3973 3720 4026 ἀν

467 4107 790 4177 priusquam
825 4100 944 4154 vitii
978 4097 1233 4154 terminis
1258 4095 1676 4159 excesserimus,
1721 4093 1853 4148 dum
1889 4107 2036 4147 sem—

470 4211 570 4267 per
605 4200 934 4248 cunctamur
958 4204 1022 4244 ac
1047 4189 1492 4258 tergiversamur,
1532 4184 1718 4239 divina
1761 4199 1865 4237 nos
1891 4180 2038 4238 ultio

2136 4081 2243 4133 τῶν
2285 4073 2665 4145 ἐνδεχομένων,
2705 4070 2834 4142 πρὶν
2875 4069 3016 4139 ὅρων
3067 4065 3172 4131 ἔξω
3217 4065 3470 4134 γενέσθαι
3518 4063 3722 4127 κακοῦ,

2144 4167 2433 4238 μέλλοντας
2473 4162 2561 4216 ἀεὶ⁸
2609 4160 2702 4214 καὶ
2748 4157 3144 4228 ἀναδυομένους
3185 4154 3600 4225 καταληφθῆναι
3650 4154 3723 4225 τῇ

471 4245 561 4267 τν-
782 4245 804 4246 η
1131 4245 1161 4258 υ
1480 4245 1489 4250 ,

469 4282 786 4356 praeveniat,
814 4292 1107 4350 antequam
1147 4277 1392 4332 maculas
1414 4275 1848 4344 purgaverimus,
1882 4280 2024 4326 ante-

2144 4260 2291 4331 δίκῃ,
2317 4257 2446 4329 πρὶν
2475 4251 2929 4324 ἀποκαθήρασθαι
2950 4250 3050 4320 τὴν
3077 4248 3289 4319 κηλίδα,
3316 4248 3446 4318 πρὶν
3472 4245 3727 4300 ἀποπλύ-

471 4391 639 4447 quam
673 4372 874 4427 veteris
905 4369 1170 4425 socordiae
1194 4366 1428 4420 infusam
1447 4365 1632 4418 animo
1666 4363 1846 4417 labem
1882 4363 2039 4417 elue-

471 4468 666 4529 rimus,
700 4470 994 4530 antequam
1023 4455 1316 4512 criminum
1366 4469 1399 4507 a
1445 4451 1606 4506 nobis
1629 4452 1899 4506 sarcinam
1942 4467 2038 4506 ex-

470 4553 829 4617 cusserimus,
872 4550 1174 4619 jugumque
1228 4543 1563 4600 subierimus
1595 4541 1729 4596 illud
1779 4543 2038 4606 salutare,

2137 4351 2327 4406 νασθαι
2363 4349 2455 4402 τὸν
2488 4348 2553 4399 ἐκ
2585 4347 2684 4416 τῆς
2715 4341 2948 4414 ἀρχαίας
2983 4339 3252 4410 ῥᾳθυμίας
3297 4337 3622 4407 ἐντετηκότα
3648 4339 3724 4406 τῇ

2136 4443 2281 4512 ψυχῇ
2315 4436 2605 4510 μολυσμὸν,
2628 4433 2756 4504 πρὶν
2779 4428 3249 4501 ἀποφορτίσασθαι
3273 4427 3341 4482 τὰ
3369 4426 3536 4497 ἑγκλή
3547 4441 3722 4495 ματα,

2138 4531 2234 4586 καὶ
2261 4527 2422 4597 ζυγὸν
2456 4524 2789 4596 ὑποδραμεῖν
2833 4521 2925 4575 τδν
2964 4519 3251 4588 σωτήριον,
3301 4514 3730 4574 ἀναπαύσασθαι

467 4662 537 4705 ac
574 4643 817 4714 requiem
849 4655 949 4710 per
978 4637 1259 4693 Christum
1291 4634 1686 4690 invenerimus.
1725 4631 1941 4702 Optima
1958 4646 2024 4689 es?

2137 4622 2227 4677 διὰ
2274 4616 2528 4691 Χριστοῦ.
2591 4616 2847 4686 Ἀριστον
2897 4606 2991 4666 οὖν
3039 4607 3571 4680 παρακελευσμόπων
3621 4605 3731 4670 τὸ,

383 4746 412 4756 ·’
469 4732 640 4804 igitur
676 4728 1004 4789 exhortatio,
1055 4743 1073 4776 ι
1113 4724 1190 4779 Ne
1223 4732 1336 4779 stes
1378 4723 1434 4777 in
1481 4721 1631 4777 omni
1679 4721 1824 4776 circa
1859 4722 2040 4792 regio-

471 4839 564 4886 ne,
596 4843 614 4873 ι
666 4822 772 4875 hoc
807 4826 912 4882 est,
969 4832 1100 4871 cave
1148 4830 1218 4869 ne
1254 4815 1310 4868 in
1366 4815 1478 4869 ullo
1524 4813 1787 4882 nequitia:
1839 4827 2040 4882 genere

475 4922 659 4965 moras
688 4909 908 4964 trahere
958 4903 1410 4976 deprehendaris,
1455 4902 1552 4958 sed
1589 4900 1824 4957 ascende
1871 4901 2040 4956 veluti

425 5043 434 5048 -
478 5013 531 5054 in
558 5006 816 5062 montem,
859 4996 914 5049 in
947 4993 1200 5049 eximiam
1239 5007 1435 5062 nempe
1463 5007 1528 5047 ac
1551 4991 1903 5062 spectabilem
1953 4991 2041 5045 vi-

479 5101 609 5154 tam,
637 5102 759 5157 quae
807 5085 1016 5140 humile
1046 5091 1105 5139 et
1154 5083 1429 5153 abiectum
1479 5082 1618 5136 nihil
1669 5081 1890 5146 habeat,
1931 5082 2042 5152 23

477 5180 574 5236 sed
605 5178 819 5233 excelsa
869 5173 1200 5244 sublimique
1243 5171 1450 5226 virtute
1493 5171 1786 5239 praecellat,
1826 5170 1894 5224 ab
1937 5170 2043 5224 hu-

478 5273 594 5328 mili
621 5283 837 5342 quoquo
860 5281 1044 5330 sensu,
1073 5273 1316 5328 terreno,
1344 5263 1589 5334 inquam,
1618 5273 1783 5335 atque
1813 5263 2043 5327 carnali,

479 5367 551 5420 sit
615 5362 815 5418 aliena.
873 5357 1150 5427 Scriptum
1214 5370 1451 5424 namque
1507 5364 1592 5410 est
1643 5374 1655 5409 :
1712 5375 1729 5406 ι
1763 5355 1862 5411 Dei
1934 5353 2046 5408 for-

413 5492 416 5497 .
483 5461 564 5504 tes
621 5465 653 5502 a
683 5459 827 5505 terra
877 5444 1231 5499 vehementer
1268 5442 1467 5498 elevati
1504 5451 1634 5498 sunt
1677 5441 1743 5495 ⁸⁸.
1776 5461 1794 5492 ι
1840 5439 2047 5498 Sensus

2149 4732 2169 4767 ι
2200 4710 2292 4782 Μὴ
2312 4712 2440 4781 στῇς
2468 4708 2525 4762 ἐν
2552 4705 2700 4776 πάσῃ
2728 4706 2796 4774 τῇ
2829 4697 3122 4772 περιχώρῳ
3141 4737 3154 4761 ,
3195 4715 3215 4750 ι
3251 4695 3394 4750 τοῦτ’
3417 4695 3585 4758 ἔστιν,
3632 4694 3733 4748 Ἐν

2150 4797 2339 4868 μηδενὶ
2371 4794 2558 4866 τρόπῳ
2598 4789 2927 4862 φαυλότητος
2964 4784 3326 4856 διαμελλήσας
3361 4783 3502 4853 ἀλῷς
3523 4826 3537 4848 ,
3577 4782 3735 4837 ἄνιθι

2141 4889 2196 4942 δὲ
2228 4886 2445 4958 μᾶλλον,
2479 4884 2666 4952 ὥσπερ
2694 4883 2776 4943 είς
2817 4879 2962 4950 ὅρος,
2995 4878 3075 4940 είς
3109 4874 3454 4948 ἐξῃρημένην
3479 4874 3602 4926 τινὰ
3630 4875 3737 4926 καὶ

2146 4980 2437 5051 περίοπτον
2470 4974 2636 5046 ζωὴν,
2662 4972 2814 5026 οὐδὲν
2843 4970 3070 5040 ἔχουσαν
3098 4967 3159 5019 τὸ
3187 4964 3574 5036 χαμαιρριφὲς,
3606 4963 3734 5017 ἀλλ’

2145 5075 2204 5126 tv
2235 5069 2412 5140 ὑψηλῇ
2442 5083 2501 5120 τε
2530 5066 2626 5120 καὶ
2654 5063 2938 5134 ἐπηρμένη
2962 5057 3370 5129 διαπρέπουσαν
3395 5056 3565 5126 ἀρετῇ
3583 5095 3598 5121 ,
3627 5056 3734 5109 καὶ

2150 5159 2541 5233 ἀπηλλαγμένῃ
2573 5157 2918 5228 φρονήματος
2965 5151 3057 5206 τοῦ
3094 5148 3546 5221 χθαμαλωτάτου,
3581 5145 3738 5201 τοῦτ’

2153 5253 2297 5308 ἔστιν
2321 5251 2413 5305 τοῦ
2436 5249 2677 5317 ἐπιγείου
2703 5246 2798 5300 καὶ
2829 5241 3114 5315 σαρκικοῦ.
3142 5240 3455 5311 Γέγραπται
3479 5237 3614 5311 γὰρ,
3641 5238 3734 5292 ὅτι

2157 5364 2175 5397 ι
2207 5344 2312 5398 Τοῦ
2336 5340 2469 5397 Θεοῦ
2492 5342 2540 5394 oi
2566 5338 2816 5411 κραταιοὶ
2837 5336 2936 5405 τῆς
2960 5334 3067 5404 γῆς
3103 5333 3304 5405 σφόδρα
3325 5330 3668 5404 ἐπήρθησαν.
3707 5348 3729 5380 ι

2165 5436 2450 5491 Ἀνωτάτω
2465 5432 2574 5505 γὰρ
2591 5431 2696 5486 τῶν
2715 5427 2970 5495 ἐπιγείων
2998 5425 3058 5478 τὸ
3075 5423 3412 5493 ἀγιοπρεπές
3440 5425 3558 5476 ἐστι
3587 5423 3732 5492 (996-

553 5561 599 5594 "
627 5561 759 5615 Gen.
797 5575 906 5623 xix,
940 5549 1025 5629 l7.
1101 5558 1146 5589 ""
1181 5555 1466 5629 l_Timoth.
1497 5573 1550 5624 v,
1584 5555 1757 5629 22.""
1789 5553 1978 5610 Matth.
2008 5569 2024 5607 ι

2133 5568 2156 5619 :,
2185 5549 2273 5605 26.
2349 5549 2394 5582 "
2425 5548 2560 5603 Luc.
2595 5561 2654 5607 ιι,
2681 5542 2769 5599 62.
2845 5538 2891 5572 ⁸⁸
2908 5532 3112 5594 Ierem.
3150 5533 3407 5602 ιινιῌθ.
3485 5532 3529 5565 ⁶¹
3554 5529 3736 5588 lCor.

489 5649 561 5699 ιχ,
587 5629 677 5684 24.
764 5629 809 5659 ⁸³
840 5628 978 5681 l’sal.
1021 5643 1162 5691 nvi,
1193 5627 1238 5680 ί.
