4024 6220
238 325 344 380 I77

987 333 1076 388 DE
1115 333 1558 390 ADORATIONE
1594 333 1662 389 IN
1704 332 1976 390 SPIRITU
2012 333 2104 388 ET
2147 332 2520 390 VERITATE.
2563 333 2692 388 LIB.
2731 332 2771 388 1.

3413 333 3518 387 178

238 458 302 534 νη
313 457 411 510 μα.
441 460 460 493 ι
490 442 598 496 Καὶ
616 444 824 499 νεοττοὶ
848 448 1018 514 γυπὸς
1043 447 1112 502 τὰ
1137 450 1314 520 ὑψηλὰ
1334 452 1610 518 πέτονται,
1647 473 1664 506 ι
1691 452 1831 507 κατὰ

1946 453 2085 508 enim
2139 454 2254 520 ille,
2298 455 2392 524 qui
2443 461 2664 508 sanctos
2702 451 2880 517 decet,
2941 451 3100 522 longe
3138 460 3224 507 est
3279 451 3520 508 terrenis

238 525 299 585 τὸ
326 534 735 605 γεγραμμένον,
771 538 934 611 εἴπερ
978 540 1161 612 ἔχουσι
1210 545 1460 619 καθάπερ
1490 548 1570 609 είς
1603 548 1729 618 ὅρος
1772 549 1831 600 ἐν

235 624 458 696 οὐρανῷ
498 625 560 679 τὸ
589 627 923 700 πολίτευμα,
957 633 1050 684 καὶ
1102 637 1525 703 μεταποιοῦνται
1576 637 1832 708 πατρίδος

236 716 337 784 τῆς
367 717 498 770 ἄνω.
539 718 744 788 Γράφει
789 722 846 774 δέ
874 740 975 775 που
1015 726 1109 778 καὶ
1140 727 1370 792 Παῦλοςο
1414 749 1432 780 ι
1473 730 1553 782 Τὰ
1585 729 1696 784 ἄνω
1736 729 1832 800 ζη-

237 810 405 874 τεῖτε,
437 808 512 880 μὴ
546 809 612 866 τὰ
645 812 740 864 ἐπὶ
775 812 878 883 τῆς
911 815 1031 885 γῆς.
1070 835 1087 867 ι

310 1075 522 1131 ΠΑΛΛ.
577 1078 740 1151 Ὄρος
784 1075 877 1134 οὖν
907 1081 1014 1152 ἄρα
1049 1083 1110 1136 τὸ
1156 1085 1364 1159 νοητὸν,
1405 1087 1438 1157 ἡ
1477 1089 1534 1142 ἐν
1578 1085 1834 1157 ἁγιασμῷ

236 1169 372 1239 ζωὴ,
403 1171 498 1223 καὶ
525 1174 625 1242 τῆς
652 1173 932 1244 ἐξαιρέτου
961 1175 1236 1240 πολιτείας
1265 1180 1324 1231 τὸ
1348 1180 1668 1250 ὐπερτενές,
1693 1197 1836 1233 νοου-

239 1262 408 1332 μένης
442 1279 548 1315 που
578 1265 728 1317 κάτω
751 1267 851 1336 τῆς
883 1269 941 1319 ὲν
972 1267 1335 1340 ἁκαθαρσίαις
1364 1271 1458 1324 κοιλ⁵
1488 1270 1834 1343 φιλαμαρτή-

240 1368 417 1420 μονος,
456 1353 552 1406 καὶ
588 1356 702 1418 τοῖς
728 1353 989 1421 ἐπιγείοις
1015 1358 1440 1431 ἐντετηγμένης.

306 1641 474 1694 ΚΥΡ.
503 1636 578 1694 Εῦ
612 1640 774 1710 ἔφηςο
826 1640 981 1694 τουτὶ
1015 1640 1127 1713 γὰρ
1159 1642 1294 1712 ἡμῖν
1335 1642 1364 1694 6
1395 1640 1552 1711 λόγος
1581 1635 1640 1694 εὖ
1692 1640 1835 1712 μάλα

253 1733 558 1803 καταδηλοῖ,
583 1733 922 1804 θαυμάσειας
945 1733 990 1786 δ’
1021 1732 1087 1789 ἂν
1115 1733 1194 1788 ἔτι
1225 1735 1318 1788 καὶ
1339 1733 1478 1788 τόδε.

324 1824 538 1877 ΠΑᾹΛ.
568 1824 636 1878 Τδ
670 1825 761 1891 τί;

323 1914 492 1968 ΚΥΡ.
541 1916 596 1969 ’0
631 1915 728 1986 μὲν
771 1916 883 1988 γὰρ
916 1918 1186 1989 μακάριος
1229 1918 1462 1988 ἄγγελος
1505 1919 1740 1990 ὰμελητί
1777 1936 1834 1972 τε

252 2008 341 2060 καὶ
396 2009 806 2080 ἀμεταστρεπτὶ
861 2010 1140 2065 διαθέοντα
1193 2011 1286 2066 τὸν
1333 2011 1623 2065 θεσπέσιον
1670 2011 1834 2076 Λὼτ,

245 2099 439 2170 χρῆναι
469 2100 581 2153 δεῖν
616 2101 855 2171 ἔφασκεν
889 2104 970 2166 είς
1016 2102 1078 2155 τὸ
1123 2103 1246 2174 ὅρος
1275 2103 1578 2174 ἀναπηδᾷν.
1619 2104 1684 2157 Ὀ
1731 2104 1839 2158 ἐλι-

247 2196 415 2264 πάρει
445 2193 643 2263 λέγων·
696 2215 714 2246 ι
752 2195 976 2266 Δέομαι,
1011 2195 1183 2268 Κύριε
1203 2237 1218 2261 ,
1247 2197 1436 2267 ἐπειδὴ
1465 2189 1624 2269 εὗρεν
1650 2199 1678 2250 6
1710 2200 1837 2260 παῖς

242 2303 332 2338 σου
355 2285 502 2348 Eleo;
522 2284 768 2340 ἐναντίον
797 2304 913 2350 σου,
947 2289 1042 2342 κει)⁸
1069 2288 1415 2360 ὲμεγάλυνας
1447 2289 1543 2359 τὴν
1565 2289 1838 2344 δικαιοσύ-

237 2394 333 2445 νην
370 2394 490 2440 σου,
533 2377 566 2430 ὃ
605 2382 778 2442 ποιεῖς
807 2379 899 2431 ἐπὶ
922 2378 1015 2434 τοῦ
1055 2367 1279 2452 ζῇν’τὴν
1337 2381 1516 2451 ψυχήν
1556 2396 1690 2452 μου·
1728 2378 1839 2448 ἐγὼ

239 2468 292 2520 δὲ
318 2468 380 2520 οὐ
416 2468 724 2540 δυνήσομαι
761 2469 1094 2540 διασωθῆναι
1127 2471 1206 2534 εἰς
1234 2461 1298 2524 ’τὸ
1344 2470 1466 2541 ὅρος
1488 2511 1502 2536 ,
1557 2471 1632 2542 μὴ
1666 2488 1837 2524 καταα

239 2559 375 2629 λάϐῃ
416 2576 488 2629 με
525 2560 597 2611 τὰ
623 2560 771 2613 κακὰ
795 2600 810 2625 ,
849 2562 941 2613 καὶ
974 2560 1250 2615 ἀποθάνω.
1291 2561 1423 2615 Ἰδοὺ
1455 2564 1487 2634 ἡ
1515 2562 1669 2626 πόλις
1697 2561 1837 2632 αὕτη

239 2653 408 2720 ἐγγὺς
450 2651 544 2704 τοῦ
576 2654 912 2721 καταφυγεῖν
954 2670 1021 2723 με
1065 2654 1214 2718 ἐκεῖ,
1242 2653 1278 2722 ἦ
1310 2654 1427 2706 ἐστι
1461 2653 1672 2725 μικρὰ,
1723 2656 1841 2707 ἐκεῖ

244 2741 587 2813 σωθήσομαι.
615 2743 687 2795 Οὐ
721 2743 893 2813 μικρά
923 2745 1058 2808 ἐστι,
1088 2745 1183 2796 καὶ
1211 2743 1435 2814 ζήσεται
1469 2745 1501 2814 ἡ
1527 2745 1670 2815 ψυχή
1705 2763 1837 2816 μου;

239 2833 349 2888 Καὶ
380 2833 557 2886 εἰπὼν
593 2833 765 2904 αὐτῷ,
794 2834 979 2904 φησίν·
1035 2835 1165 2889 Ἰδοὺ
1195 2834 1306 2904 ἐγὼ
1339 2835 1628 2905 ἐθαύμασά
1663 2853 1756 2889 σου
1780 2837 1841 2890 τὸ

235 2927 535 2996 πρόσωπον
563 2928 660 2981 καλ⁵
689 2928 783 2980 ἐπὶ
820 2927 897 2998 τῷ
937 2928 1142 2998 ῥήματι
1183 2921 1394 2999 τούτῳ,
1424 2926 1529 2993 ,τοῦ
1574 2927 1648 3000 μὴ
1672 2946 1840 2982 κατα-

234 3018 472 3088 στρέψαι
492 3019 592 3088 τὴν
614 3017 768 3071 πόλιν
791 3019 920 3088 περὶ
953 3013 1018 3090 ἧς
1048 3017 1335 3090 ὲλάλησας.
1362 3018 1605 3074 Σπεῦσον
1628 3013 1720 3072 οῦν
1745 3020 1837 3073 τοῦ

236 3109 491 3178 σωθῆναι
544 3111 694 3171 ἐκεῖ,
727 3110 786 3162 οὐ
840 3109 948 3181 γὰρ
997 3109 1296 3182 δυνήσομαι
1334 3111 1567 3181 ,ποιῆσαι
1608 3112 1841 3182 πρᾶγμα

226 3202 334 3264 ἕως
364 3201 464 3254 τοῦ
493 3201 551 3255 σὲ
575 3201 836 3256 εἰσελθεῖν
853 3203 990 3256 ἐκεῖ.
1017 3201 1117 3255 Διὰ
1146 3202 1303 3256 τοῦτο
1322 3202 1549 3257 ἐκάλεσε
1583 3201 1642 3255 τὸ
1661 3201 1833 3274 ὄνομα

224 3291 331 3360 τῆς
368 3293 584 3356 πόλεως
631 3295 870 3364 ἐκείνης,
904 3292 1122 3366 Σηγώρ.
1167 3293 1226 3346 Ὁ
1271 3295 1422 3365 ἥλιος
1469 3293 1695 3364 ἐξῆλθεν
1745 3293 1837 3347 ἐπὶ

225 3388 326 3454 τὴν
360 3383 493 3453 γῆν,
531 3385 626 3439 καὶ
659 3384 780 3438 Λὼτ
804 3384 1052 3457 εἰσῆλθεν
1086 3387 1165 3449 είς
1192 3385 1291 3456 τὴν
1321 3384 1540 3459 Σηγὼρ.
1574 3405 1594 3437 ι

301 3479 522 3532 ΠΑΛΛ.
558 3479 668 3531 Καὶ
697 3479 782 3542 τίς
817 3479 885 3531 ἂν
916 3478 1125 3548 γένοιτο
1153 3478 1248 3532 καὶ
1280 3478 1368 3532 διὰ
1402 3478 1608 3533 τούτων
1641 3480 1771 3552 ἡμῖν
1802 3483 1835 3552 ἡ

222 3572 455 3642 ὄνησις,
487 3570 728 3642 ἐθέλοιμ’
755 3569 840 3637 ἂν,
871 3570 948 3634 ὼς
986 3565 1046 3624 εὖ
1080 3570 1188 3625 ῐσθι
1231 3588 1341 3637 τοι,
1384 3571 1690 3643 διαμαθεῖν.

305 3747 482 3801 ΚΥΡ.
521 3748 593 3800 Ἦ
616 3747 738 3818 οὐχὶ
770 3747 977 3819 συνίης,
1004 3747 1181 3801 καίτοι
1204 3747 1338 3802 πολὺ
1368 3749 1636 3812 νενευκὼς
1665 3751 1744 3813 είς
1776 3749 1836 3803 τὸ

225 3842 352 3894 λίαν
387 3840 653 3911 εὐμαθὲς,
691 3840 776 3893 ὅτι
823 3843 936 3903 τοῖς
972 3840 1098 3910 ἄρτι
1138 3840 1470 3912 φαυλότητος
1505 3840 1836 3913 ἐκδεδραμη-

226 3934 379 3994 κόσι,
415 3933 612 4004 χρῆναι
650 3933 706 3985 δὲ
735 3933 843 3987 δεῖν
880 3932 1148 4004 οἰομένοις
1173 3932 1266 3985 ἐπὶ
1297 3932 1397 4004 τὴν
1425 3932 1526 4001 τῆς
1558 3932 1834 4002 σωτηρίας

223 4025 417 4080 [εσθαι
443 4024 656 4096 τρίϐον,
684 4025 785 4079 οὐκ
811 4024 993 4089 εὐθὺς,
1021 4023 1144 4078 οὗτε
1174 4024 1282 4095 μὴν
1307 4025 1370 4077 ἐκ
1400 4022 1632 4094 πρώτων
1657 4023 1835 4092 ἐγχει-

223 4135 294 4188 pr;
306 4118 522 4187 μάτων,
553 4115 832 4187 ἁλώσιμος
861 4118 894 4187 ἡ
923 4116 1092 4187 ἁρετὴ
1121 4117 1218 4170 καὶ
1245 4115 1475 4186 βάσιμον
1507 4115 1568 4168 τὸ
1605 4112 1830 4182 δοκοῦν;

221 4212 374 4263 Ἀλλ’
407 4210 520 4263 οὐδ’
555 4208 622 4263 ἂν
650 4209 888 4272 εὐκόλως
910 4207 1298 4280 ἁνακομίξοιτό
1321 4225 1404 4271 τις
1441 4209 1522 4271 είς
1562 4204 1833 4260 πολιτείαν

1934 549 2105 604 τείως
2141 546 2414 617 superior.
2460 563 2478 596 ι
2514 545 2582 599 Et
2614 545 2750 614 pulli
2797 543 3034 598 vulturis
3057 543 3113 598 in
3150 543 3388 598 sublime
3416 558 3519 598 vo--

1933 644 2071 705 lant,
2104 660 2120 691 ι
2160 647 2220 694 ιιι
2237 639 2501 708 scriptum
2541 645 2625 692 est
2649 636 2734 701 ⁸³;
2794 635 3069 706 siquidem
3105 636 3160 690 in
3216 636 3356 692 coelo
3393 643 3518 690 tan-

1935 749 2099 806 quam
2137 734 2194 788 in
2224 740 2410 786 monte
2438 729 2678 798 quodam
2707 730 2798 799 jus
2825 729 3064 784 civitatis
3094 728 3320 793 habent,
3344 736 3401 783 et
3421 743 3517 782 su-

1936 841 2163 898 pernam
2201 824 2351 878 illam
2392 821 2623 892 patriam
2665 835 2818 875 suam
2851 828 3066 890 putant.
3103 819 3309 874 Scribit
3349 819 3517 874 etiam

1936 920 2140 974 Paulus
2175 936 2187 970 :
2233 936 2250 968 ‹
2287 916 2420 982 Quae
2485 929 2707 969 sursum
2764 922 2895 967 sunt
2933 912 3185 984 quaerite,
3217 929 3328 968 non
3397 928 3522 982 qua:

1936 1025 2102 1080 super
2136 1017 2338 1062 terram
2369 1005 2434 1059 ⁵⁸.
2478 1024 2495 1057 ι

2007 1101 2206 1157 PALL.
2254 1099 2409 1154 Mons
2459 1097 2644 1168 itaque
2699 1097 3007 1168 spiritualis
3061 1111 3173 1151 non
3228 1095 3368 1151 alius
3436 1104 3520 1151 est

1935 1209 2100 1264 quam
2156 1192 2272 1247 vita
2309 1206 2430 1262 qua:
2478 1189 2534 1244 in
2598 1189 2890 1244 sanctitate
2927 1189 3169 1251 ducitur,
3228 1202 3520 1242 conversa-

1937 1285 2214 1354 tionisque
2274 1281 2744 1353 przestantissima:
2807 1280 3117 1335 sublimitas
3141 1296 3166 1344 ς’
3219 1288 3520 1350 contraque

1937 1375 2031 1430 illa
2054 1373 2275 1429 vivendi
2312 1373 2476 1437 ratio,
2512 1387 2635 1442 qua:
2674 1371 2732 1425 in
2771 1370 3190 1440 impuritatibus
3243 1375 3518 1433 versatur,

1936 1477 1993 1521 et
2027 1465 2291 1536 peccandi
2324 1464 2507 1518 studio
2540 1473 2783 1527 tenetur,
2820 1471 2987 1532 atque
3020 1462 3078 1517 in
3117 1461 3287 1516 rebus
3344 1469 3520 1516 terre—

1938 1555 2024 1609 nis
2063 1553 2376 1618 intabescit,
2407 1552 2593 1606 inﬁma
2616 1552 2961 1623 intelligitur.

2007 1647 2166 1702 ΟΥΕ.
2199 1647 2367 1700 Recte
2407 1646 2520 1700 ais:
2557 1645 2612 1699 id
2646 1644 2794 1699 enim
2851 1644 3021 1698 verba
3053 1643 3170 1713 ipsa
3202 1644 3407 1713 optime
3441 1643 3518 1698 si-

1939 1738 2217 1810 gniﬁcant.
2243 1737 2381 1791 Puto
2403 1746 2588 1791 autem
2607 1736 2775 1791 etiam
2794 1735 2930 1790 illud
2966 1735 3264 1790 mirabere.

1865 1823 1908 1877 Β
2007 1829 2205 1884 PALL.
2234 1828 2378 1896 Quid
2411 1827 2547 1882 illud
2590 1827 2854 1882 tandem?

2005 1919 2161 1975 CYR.
2185 1919 2320 1974 Nam
2360 1920 2452 1974 ille
2481 1919 2676 1973 beatus
2708 1918 2936 1990 angelus
2963 1917 3083 1972 sine
3130 1917 3240 1971 ulla
3289 1924 3517 1972 cuncta-

1937 2013 2086 2068 tione
2120 2027 2185 2066 ac
2223 2013 2628 2082 respectatione
2664 2020 2982 2067 currentem
3036 2011 3259 2065 beatum
3316 2008 3420 2063 Lot
3454 2008 3512 2062 in

1935 2114 2177 2158 montem
2230 2103 2604 2158 conscendere
2657 2111 2916 2173 Oportere
2965 2101 3203 2156 dicebat.
3240 2100 3292 2154 Is
3333 2109 3517 2154 autem

1937 2196 2161 2266 rogabat
2201 2195 2428 2250 dicens:
2473 2215 2490 2246 ‹
2519 2194 2734 2261 Quaeso,
2757 2195 3008 2257 Domine,
3050 2193 3312 2265 quoniam
3359 2191 3517 2248 inve—

1937 2289 2016 2343 nit
2049 2303 2246 2342 servus
2277 2297 2406 2342 tuus
2429 2287 2658 2358 gratiam
2678 2301 2862 2340 coram
2882 2294 3030 2351 te,ct
3051 2284 3517 2357 magniﬁcastiju—

1938 2381 2144 2436 stitiam
2180 2389 2353 2446 tuam,
2395 2395 2560 2451 quam
2591 2379 2728 2433 facis
2759 2379 2814 2432 in
2850 2394 2959 2442 me,
3020 2386 3082 2432 ut
3135 2378 3286 2431 vivat
3336 2377 3519 2432 anima

1937 2488 2096 2527 mea:
2134 2487 2236 2542 ego
2291 2486 2427 2526 vero
2467 2486 2578 2525 non
2647 2479 2842 2540 potero
2890 2470 3090 2524 salvari
3151 2469 3206 2522 in
3254 2476 3518 2531 montem,

1937 2578 2006 2616 ne
2045 2561 2515 2632 comprehendant
2542 2576 2629 2616 me
2668 2562 2832 2625 mala,
2867 2571 2923 2615 et
2957 2561 3181 2615 moriar.
3211 2561 3351 2615 Ecce
3377 2559 3512 2614 civi~

1939 2661 2023 2707 tas
2047 2654 2226 2724 juxta,
2269 2661 2332 2707 ut
2361 2652 2668 2723 confugiam
2702 2652 2858 2717 illuc,
2915 2667 3038 2722 quae
3072 2660 3158 2706 est
3193 2667 3382 2722 parva,
3441 2651 3518 2705 ibi

1939 2745 2194 2799 salvabor
2228 2762 2242 2797 :
2274 2758 2460 2799 nonne
2501 2759 2669 2814 parva
2697 2751 2802 2809 est,
2843 2753 2900 2798 et
2937 2744 3087 2798 vivet
3119 2743 3302 2798 anima
3358 2743 3522 2797 mea?

1939 2835 2008 2889 Et
2049 2835 2190 2891 dixit
2247 2835 2354 2900 illi,
2387 2835 2610 2904 inquit:
2645 2835 2788 2890 Ecce
2827 2834 3136 2890 admiratus
3165 2850 3286 2890 sum
3324 2834 3521 2890 faciem

1940 2935 2090 2982 tuam
2128 2927 2293 2982 etiam
2326 2927 2383 2981 in
2417 2927 2588 2982 verbo
2616 2927 2743 2992 hoc,
2778 2943 2846 2982 ne
2871 2927 3188 2982 subvertam
3218 2927 3518 2990 civitatem,

1940 3018 2008 3074 de
2046 3035 2154 3089 qua
2174 3021 2392 3076 locutus
2425 3036 2505 3076 es.
2530 3019 2751 3075 Festina
2787 3019 2954 3090 igitur
2983 3028 3046 3074 ut
3088 3019 3319 3074 salveris
3347 3019 3518 3084 illuc;

1942 3126 2121 3181 neque
2141 3111 2290 3165 enim
2326 3120 2520 3181 potero
2552 3110 2732 3166 facere
2761 3110 3083 3180 quidquam,
3114 3124 3402 3180 quousque
3431 3108 3517 3163 in-

1940 3220 2163 3277 gressus
2206 3204 2380 3260 fueris
2415 3204 2566 3260 illuc.
2605 3205 2734 3259 ldeo
2772 3204 2994 3259 vocavit
3027 3219 3228 3258 nomen
3279 3202 3521 3257 civitatis

1939 3297 2109 3361 illius,
2163 3295 2353 3367 Segor.
2408 3295 2500 3352 Sol
2535 3303 2693 3351 ortus
2721 3303 2807 3351 est
2852 3311 3019 3366 super
3051 3304 3280 3360 terram,
3321 3293 3521 3348 et'Lot
3557 3314 3561 3318 '

1937 3387 2217 3460 ingressus
2244 3397 2328 3443 est
2352 3387 2523 3459 Segor
2559 3389 2625 3441 ⁸⁸.
2665 3407 2681 3439 ι

2007 3480 2205 3536 PALL.
2225 3478 2484 3547 Quaenam
2502 3494 2632 3534 vero
2662 3494 2730 3534 ex
2753 3479 2838 3534 bis
2870 3477 3056 3533 verbis
3075 3477 3143 3532 ad
3167 3492 3270 3532 nos
3296 3490 3517 3548 perma-

1937 3586 2070 3625 nare
2103 3570 2277 3642 possit
2333 3570 2544 3625 utilitas
2565 3609 2580 3635 ,
2611 3568 2893 3640 equidem,
2921 3576 2999 3622 ut-
3025 3567 3144 3638 ipse
3183 3567 3348 3632 nosti,
3379 3580 3518 3621 aveo

1938 3662 2175 3718 discere.

2005 3756 2163 3812 CYR.
2196 3757 2281 3811 An
2315 3756 2555 3830 ignoras,
2591 3771 2716 3812 cum
2755 3753 2962 3824 alioqui
2991 3753 3068 3808 sis
3104 3752 3217 3808 acri
3256 3749 3520 3822 praeditus

1937 3846 2177 3918 ingenio,
2209 3847 2304 3916 qui
2362 3863 2590 3918 nupere
2641 3847 2888 3916 nequitia
2945 3844 3296 3908 emerserint,
3345 3852 3517 3911 atque

1936 3937 2430 3993 statuerint'viam
2486 3938 2684 3994 salutis
2728 3937 2965 4008 ingredi,
3019 3951 3115 3990 eos
3161 3950 3273 3988 non
3329 3934 3516 3988 statim

1934 4044 2114 4100 neque
2184 4029 2364 4100 primo
2421 4038 2623 4084 conatu
2678 4029 2968 4098 percipere
3019 4041 3180 4096 posse
3228 4025 3514 4089 virtutem,

1934 4127 2078 4175 eteo
2098 4118 2409 4190 pervenire,
2432 4133 2542 4187 quo
2563 4115 2995 4172 constituerint?
3025 4113 3337 4181 Quinetiam
3367 4113 3515 4168 haud

1934 4212 2094 4268 facile
2124 4211 2250 4282 quis
2288 4209 2357 4265 ad
2415 4209 2675 4264 eximiam
2705 4207 2833 4264 vita:
2866 4206 3135 4262 rationem
3179 4205 3376 4261 adduci
3411 4222 3514 4277 po-

219 4299 610 4375 ὶξηρημένην,
644 4300 754 4353 οὐδ’
789 4299 856 4375 ay
887 4299 1098 4368 γένοιτο
1129 4297 1348 4370 μακρὰν
1379 4298 1488 4351 τῶν
1525 4297 1688 4352 οἱονεί
1715 4313 1833 4360 πως

1946 4313 2042 4360 test
2066 4310 2162 4358 aut
2185 4301 2456 4358 semoveri
2495 4300 2650 4356 abiis
2685 4299 2913 4364 morbis,
2947 4301 3042 4370 qui
3077 4315 3202 4354 eum
3234 4299 3327 4355 illo
3375 4300 3510 4355 ado-

215 4393 379 4465 αὐτῷ
435 4391 934 4462 συντεθραμμένων
976 4391 1186 4457 παθῶν,
1228 4390 1343 4445 ἀλλ’
1389 4388 1496 4455 ἔξω
1543 4390 1641 4461 μὲν
1680 4388 1832 4443 ἔσται

1946 4395 2186 4460 leverint,
2211 4394 2307 4450 sed
2338 4393 2407 4449 ab
2433 4391 2719 4464 ejusmodi
2749 4391 2906 4446 vitiis
2940 4390 3280 4462 pedetentim
3310 4390 3507 4457 exibit,

216 4487 333 4538 τῶν
379 4485 648 4537 τοιούτων
681 4484 864 4556 ἡρέμα
885 4526 899 4550 ,
931 4486 991 4539 τό
1015 4502 1078 4553 γε
1121 4485 1244 4538 ὅσον
1271 4485 1352 4547 είς
1388 4481 1695 4554 προθυμίας
1735 4481 1832 4546 τὰς

1946 4487 2083 4559 quod
2103 4487 2171 4542 ad
2191 4485 2436 4543 melioris
2470 4487 2597 4542 vitae
2633 4484 2898 4548 studium,
2931 4489 2989 4538 et
3027 4489 3324 4537 conatuum
3353 4481 3511 4537 initia

213 4579 310 4629 ἐπ’
348 4579 636 4648 ἀμείνοσι,
684 4578 779 4630 καὶ
817 4578 1235 4650 ἐγχειρημάτων
1269 4575 1461 4648 ἀρχάς·
1508 4573 1644 4644 ὑψοῦ
1678 4574 1734 4627 δὲ
1770 4574 1831 4628 οὐ

1946 4580 2192 4651 pertinet,
2225 4579 2336 4650 29
2390 4594 2502 4633 non
2555 4586 2739 4633 tamen
2796 4575 3020 4631 sublimi
3061 4573 3359 4629 admodum
3397 4572 3508 4628 erit

211 4671 364 4732 λίαν,
398 4672 436 4740 ἢ
469 4671 714 4742 μακράν·
746 4671 1028 4742 μονονουχὶ
1057 4671 1114 4724 δὲ
1153 4669 1599 4742 μεταφοιτήσειεν
1624 4668 1703 4731 είς
1731 4668 1835 4738 γῆν

1946 4675 2075 4738 loco,
2107 4680 2204 4727 aut
2227 4671 2444 4743 longius
2461 4679 2694 4734 remoto,
2715 4669 2808 4724 sed
2842 4666 3176 4739 demigrabit
3199 4666 3314 4731 ille,
3338 4680 3513 4736 prope

215 4765 326 4831 μὲν
357 4763 563 4832 ὥσπερ
592 4764 674 4825 είς
707 4763 919 4834 ἑτέραν,
961 4764 1041 4826 είς
1083 4761 1228 4832 ζωὴν
1270 4761 1368 4832 μὲν
1413 4758 1831 4830 ἐπαινουμένην,

1946 4765 2189 4830 dixerim,
2249 4773 2513 4834 tanquam
2549 4764 2603 4818 in
2636 4763 2776 4818 alias
2815 4770 3014 4826 terras,
3044 4761 3114 4816 ad
3163 4761 3355 4824 vitam,
3386 4759 3512 4814 lau-

211 4855 452 4924 ῦτζοηλὴν
486 4854 547 4907 δὲ
581 4853 736 4908 οὔπω
771 4854 864 4908 καὶ
903 4854 1194 4925 περίοπτον
1224 4850 1495 4924 λαχοῦσαν
1528 4851 1626 4922 τὴν
1654 4851 1831 4916 δόξαν,

1946 4856 2174 4911 labilem
2201 4855 2428 4925 quidem
2461 4854 2634 4920 illam,
2668 4853 2767 4909 sed
2793 4853 2860 4908 de
2885 4855 3046 4924 cujus
3080 4852 3254 4924 gloria
3275 4866 3387 4907 non
3416 4851 3516 4906 ad-

209 4948 390 5000 ὀποία
431 4963 517 5008 tt;
548 4941 618 5016 ἦν
643 4947 864 5012 ἠ¹κατὰ
901 4945 1063 5016 νόμον
1092 4943 1458 5012 παιδαγωγία,
1490 4943 1626 5015 πρὸς
1651 4941 1832 5013 ’ἀρχὰς

1946 4948 2160 5002 modum
2202 4946 2456 5002 sublimis
2501 4955 2668 5016 atque
2723 4946 3019 5016 conspicua
3058 4945 3130 5000 sit
3174 4945 3384 5016 opinio,
3418 4960 3514 4999 eu—

209 5038 592 5108 ἁναερέρουσα
628 5037 779 5108 ζωῆς
805 5038 1035 5109 ἀρίστης
1061 5053 1118 5090 τε
1143 5038 1237 5090 καὶ
1261 5037 1490 5107 ἀγαθῆς.
1519 5035 1833 5104 Γέγραπται

1946 5037 2171 5105 iusmodi
2227 5046 2348 5092 erat
2400 5037 2493 5091 illa
2549 5037 2686 5108 legis
2731 5035 3027 5102 institutio,
3069 5051 3192 5106 quae
3228 5035 3298 5090 ad
3342 5035 3502 5090 initia

207 5134 361 5201 γᾶρ·
403 5151 422 5181 ι
473 5130 644 5202 Ἀρχὴ
669 5129 790 5183 ὁδοῦ
821 5129 1030 5199 ἀγαθῆς
1053 5129 1116 5182 τὺ
1139 5132 1311 5182 ποιεῖν
1339 5128 1409 5182 τὰ
1435 5127 1639 5182 δίκαια.
1682 5145 1700 5178 ›
1737 5127 1834 5179 Ὃν

1946 5130 2119 5200 probae
2144 5138 2508 5200 spectataeque
2526 5127 2652 5184 vitae
2673 5128 3025 5199 perducebat.
3050 5127 3328 5198 Scriptum
3359 5143 3516 5182 nam-

204 5227 339 5293 γὰρ
369 5225 577 5293 τράγων
609 5225 724 5284 τοῖς
753 5222 881 5292 περὶ
924 5221 1123 5290 γνῶσιν
1151 5219 1547 5283 ἐσπουδακόσι,
1580 5219 1674 5273 καὶ
1698 5218 1834 5271 θεω-

1946 5237 2042 5292 ῃιε
2075 5229 2200 5277 est:
2244 5239 2262 5273 ι
2293 5220 2519 5276 Initium
2541 5221 2644 5276 vite
2674 5221 2833 5277 home
2866 5231 2952 5276 est
3013 5219 3196 5275 facere
3224 5221 3372 5292 justa
3399 5220 3500 5273 “.o

207 5313 363 5384 ρὲας
419 5312 729 5382 ἐφιεμένοις
760 5313 860 5384 τῆς
915 5313 1214 5383 μυστικῆς,
1270 5310 1574 5381 ἐπιτήδειος
1628 5307 1727 5380 μὲν
1775 5309 1834 5361 ἐν

1946 5314 2004 5370 Ut
2032 5313 2179 5368 enim
2231 5313 2326 5382 qui
2376 5312 2690 5384 cognitioni
2712 5313 2961 5376 student,
3007 5320 3065 5367 et
3086 5311 3509 5381 contemplatio-

200 5405 441 5477 ἀρχαῖς
465 5405 557 5456 καὶ
587 5406 670 5458 ὅτι
710 5404 944 5476 μάλιστα
978 5406 1204 5476 πρέπων
1238 5402 1324 5474 εῐη
1371 5402 1436 5456 ἂν
1475 5404 1503 5456 6
1546 5402 1644 5473 τῆς
1697 5417 1828 5454 κατ-

1946 5419 2062 5458 nem
2096 5404 2385 5474 mysticam
2421 5412 2707 5474 expetunt,
2736 5403 2803 5458 iis
2841 5411 3004 5472 aptus
3050 5412 3135 5456 est
3157 5402 3226 5454 ab
3256 5399 3414 5454 initio
3452 5405 3510 5454 et

199 5499 493 5569 τιή-σεως
521 5497 681 5566 λόγος
698 5513 713 5528 ⁸
745 5496 1019 5552 διάττουσι
1041 5497 1098 5550 δὲ
1130 5497 1263 5568 πρὸς
1287 5496 1456 5568 ἄνδρα
1478 5493 1676 5549 τέλειον
1698 5494 1822 5564 ἤδη,

198 5591 316 5644 καὶ
349 5587 443 5650 εἰς
466 5586 663 5657 μέτρον
695 5588 908 5658 ἡλικίας
928 5589 1023 5641 τοῦ
1051 5587 1411 5660 πληρώματος
1439 5587 1532 5642 τοῦ
1561 5585 1823 5658 Χριστοῦ,

1936 5495 1991 5550 in
2046 5494 2240 5565 primis
2297 5495 2634 5550 conveniens
2692 5492 3068 5549 eatecheticus
3129 5503 3336 5553 sermo,
3407 5487 3506 5545 sed

1933 5583 2022 5648 iis,
2059 5583 2154 5653 qui
2181 5583 2294 5654 jam
2322 5583 2378 5638 in
2401 5583 2584 5639 virum
2612 5582 2918 5653 perfectum
2943 5590 3320 5653 pervenerunt
3365 5588 3424 5636 et
3448 5579 3508 5638 in

316 5767 378 5803 ⁸³
408 5766 512 5824 Job
563 5771 866 5839 uxr/111,4.
957 5771 1014 5843 ,⁸⁵
1049 5770 1260 5828 Coloss.
1307 5788 1387 5840 ut,
1428 5774 1484 5829 2‘.
1583 5773 1629 5808 θ’
1660 5772 1798 5831 Gen.
1828 5787 1835 5826 :

1978 5770 2159 5827 18-25.
2236 5771 2281 5803 "
2319 5771 2477 5827 Prov.
2528 5783 2635 5836 xvr,
2672 5766 2728 5822 5.
