4024 6220
507 322 615 380 179
1544 325 1601 381 S.
1633 323 1911 381 CYRILLI
1949 325 2420 382 ALEXANDRINI
2449 326 2767 385 ARClllEP.
3680 329 3779 383 180

416 453 817 494 vmensuram
852 438 1028 492 anatis
1078 436 1443 506 plenitudinis
1483 434 1691 493 Christi
1717 438 1784 502 ⁸⁷,
1825 437 2075 493 convenit

2187 437 2481 509 ἁρμόσειεν
2515 436 2582 491 ἂν
2614 438 2717 509 ήδη
2756 454 2874 503 πως
2922 438 2956 509 ἡ
2991 437 3332 509 στερεωτέρα
3374 438 3550 508 τροφὴ
3576 480 3592 504 ,
3636 437 3777 492 τοῦτ’

427 530 471 599 ῖξ
503 532 736 588 solidior
775 524 955 593 cibus,
1000 529 1055 583 id
1094 536 1198 593 est,
1231 545 1419 583 rerum
1469 544 1853 599 supremamm
1904 530 2075 599 expli-

2191 526 2358 592 ἐστιν,
2394 530 2423 582 6
2462 528 2591 600 περὶ
2636 528 2745 582 τῶν
2777 528 3038 583 ἀνωτάτω
3085 528 3277 599 λόγος,
3306 526 3462 600 οἶμος
3502 546 3561 582 τε
3592 530 3776 585 ἅπασα

3954 90 3967 149 l

458 620 669 688 "catio,
713 623 800 676 via
834 621 1077 690 denique
1115 620 1298 676 omnis
1329 637 1395 676 ac
1456 622 1598 676 ratio
1624 622 1949 693 dogmatica:
1995 623 2083 676 in-

504 713 820 786 dagationis
843 721 929 767 est
945 713 1282 783 aperienda:
1311 714 1391 768 sic
1434 713 1491 768 in
1525 714 1628 769 hac
1653 730 1882 785 quoque
1903 723 2082 784 parte,
2113 771 2115 773 ,

502 807 559 862 id
585 817 700 872 est,
766 807 822 860 in
862 805 1115 861 moribus
1153 806 1498 878 corrigendis
1529 806 1677 862 haud
1717 805 1799 862 fas
1842 815 1929 862 est
1960 805 2083 861 cui-

499 914 688 968 quam,
712 899 892 970 primo
922 899 1111 954 statim
1164 898 1374 969 impetu
1418 898 1487 955 ad
1513 907 1720 955 statum
1754 899 1931 968 culpae
1960 914 2082 953 om-

497 990 587 1045 nis
601 990 967 1060 expertem,id
989 997 1073 1045 est
1094 989 1163 1044 ad
1187 989 1569 1045 admirabilem
1592 996 1758 1059 atque
1788 987 2081 1043 sublimem

496 1082 722 1138 vivendi
781 1082 1055 1138 rationem
1109 1081 1499 1137 conscendere.
1526 1076 1845 1138 'Procedere
1897 1090 2082 1137 tamen

498 1174 648 1231 idem
684 1184 867 1246 potest
925 1174 1190 1245 paulatim
1230 1173 1298 1230 ad
1332 1174 1583 1230 habitum
1618 1174 1867 1229 numeris
1898 1173 2079 1229 omni-

497 1265 605 1322 bus
640 1265 981 1330 absolutum,
1038 1265 1086 1319 si
1126 1264 1196 1320 ah
1249 1264 1465 1335 exiguis
1496 1272 1553 1318 et
1581 1262 1960 1319 mediocribus
1990 1260 2080 1315 in-

495 1356 727 1427 ceperit,
768 1372 834 1412 ac
855 1356 1262 1426 quodammodo
1294 1370 1622 1427 progressus
1656 1353 1824 1409 fuerit
1859 1352 1929 1409 ad
1965 1352 2082 1408 exi-

496 1464 663 1520 guam
709 1448 996 1504 civitatem
1045 1456 1103 1503 et
1155 1447 1377 1503 excelso
1429 1446 1603 1500 monti
1642 1445 1969 1516 proximam,
2008 1440 2077 1498 ad

493 1556 618 1597 eam
657 1556 857 1612 nempe
889 1539 1116 1596 vivendi
1146 1538 1439 1605 rationem,
1474 1553 1597 1608 qua:
1625 1538 1753 1592 vita:
1788 1537 2074 1608 praestanti

493 1641 666 1704 atque
712 1631 940 1689 sublimi
1011 1632 1260 1703 subjecta
1301 1638 1388 1686 est
1433 1639 1490 1685 et
1538 1628 1785 1684 inferior.
1819 1628 1933 1683 Hac
1986 1644 2077 1683 ra-

493 1721 646 1777 tione
667 1722 853 1793 justus
898 1721 1023 1786 Lot,
1052 1720 1148 1792 qui
1204 1736 1315 1775 non
1361 1719 1417 1773 in
1449 1726 1692 1773 montem
1732 1718 1939 1783 statim,
1979 1717 2076 1773 sed

2188 618 2374 674 λοιπὸν
2431 619 2661 690 ἐρεύνης
2710 618 3078 692 δογματικῆςο
3127 620 3271 674 οὑτω
3321 618 3552 674 κάνθάδε
3601 625 3772 692 φημὶ,

2187 708 2330 762 τοῦτ’
2369 706 2537 773 ἐστιν,
2566 710 2624 762 ὲν
2655 711 2774 773 ταῖς
2801 709 2908 764 τῶν
2927 709 3076 779 ἠθῶν
3106 710 3201 763 καὶ
3228 707 3447 780 τρόπων
3472 710 3775 780 ἐπανορθώ-

2188 816 2326 864 σεσι,
2348 800 2448 853 οὐκ
2478 799 2544 855 ἂν
2569 800 2654 873 εἴη
2679 801 2788 855 τῶν
2811 801 3175 873 ἐνδεχομένων
3203 799 3365 864 εὐθὺς
3397 800 3776 873 ἀναθρώσκειν

2183 891 2443 946 δύνασθαί
2486 910 2638 955 τινας
2690 892 2784 946 ἐπὶ
2831 893 2894 948 τὸ
2940 893 3260 965 ἀμωμήτως
3308 891 3452 964 ἕχον,
3487 893 3657 965 ἤγουν
3699 898 3775 959 εἰς

2185 983 2440 1054 ὑπερφυᾶ
2462 985 2556 1038 καὶ
2605 983 2913 1055 ὑπέρλοφον
2948 984 3244 1038 πολιτείαν.
3296 984 3573 1056 Προσήκοι
3599 986 3645 1040 δ’
3686 987 3770 1053 ἂν,

2184 1065 2361 1142 οἶμαι,
2387 1073 2527 1127 κατὰ
2551 1072 2726 1146 βραχὺ
2758 1073 2893 1146 πρὸς
2923 1073 3020 1145 τὴν
3047 1072 3252 1145 ἀρτίως
3280 1073 3510 1144 ἔχουσαν
3538 1076 3676 1141 ἕξιν,
3709 1081 3771 1132 ἐκ

2185 1162 2397 1236 μικρῶν
2443 1164 2539 1218 καὶ
2582 1165 2912 1238 συμμέτρων
2960 1163 3301 1237 ἀρξάμενος,
3348 1166 3444 1222 καὶ
3489 1174 3772 1240 μονονουχὶ

2181 1256 2584 1330 προειστρέχων
2613 1257 2866 1330 καθάπερ
2898 1259 2979 1324 είς
3029 1258 3185 1313 πόλιν
3214 1259 3438 1331 μικρὰν,
3482 1261 3577 1314 καὶ
3610 1262 3770 1333 ὅρους

2182 1345 2386 1419 ὑψηλοῦ
2419 1348 2659 1417 γείτονα,
2691 1348 2792 1421 τὴν
2821 1352 2922 1422 τῆς
2949 1348 3228 1420 ἐξαιρέτου
3259 1351 3355 1403 καὶ
3376 1347 3772 1426 ἀνῳκισμένης

2180 1441 2328 1513 ζωῆς
2344 1442 2766 1514 ὑποκαθημένην
2784 1461 2844 1497 τε
2865 1444 2957 1497 καὶ
2976 1444 3035 1497 ἐν
3050 1444 3227 1515 μείοσι
3243 1445 3539 1503 πολιτείαν.
3559 1449 3769 1524 Ταύτῃ·

2177 1550 2259 1587 τοι
2289 1534 2385 1587 καὶ
2404 1535 2433 1588 6
2459 1534 2668 1599 δίκαιος
2692 1535 2836 1600 Λὼτ,
2861 1536 3031 1602 τύπος
3051 1538 3118 1591 ἂν
3151 1537 3239 1608 εἴη
3272 1537 3382 1592 τῶν
3408 1539 3537 1611 τῇδε
3562 1540 3771 1597 διακει-

2182 1627 2380 1697 μένων,
2415 1627 2515 1680 οὑκ
2549 1627 2628 1691 εἰς
2662 1627 2722 1680 τὸ
2749 1627 2874 1699 ὅρος
2917 1627 3111 1694 εὐθὺς,
3141 1629 3256 1684 ἀλλ’
3288 1631 3347 1684 ἐν
3389 1630 3545 1686 πόλει
3572 1632 3770 1706 Σηγὼρ

2177 1720 2242 1790 τῇ
2272 1719 2444 1791 μικρᾷ
2462 1760 2477 1784 ,
2503 1712 2829 1773 καταλύσειν
2858 1718 3044 1785 ἀξιῶν.
3078 1718 3148 1774 Ἢ
3178 1721 3286 1794 γὰρ
3312 1722 3432 1793 οὐχὶ
3454 1724 3633 1779 καὶέν
3656 1730 3772 1794 τοῖς

492 1811 553 1866 in
573 1811 855 1867 civitatem
894 1811 1065 1882 Segor
1093 1812 1345 1882 exiguam
1377 1809 1651 1865 divertere
1675 1817 1734 1863 ut
1757 1809 1863 1864 sibi
1893 1808 2075 1874 liccat,

2180 1810 2556 1880 εὑᾳγγελικοίς
2619 1810 2941 1883 κηρύγμασι
3003 1811 3259 1877 τοιαύτας
3332 1812 3623 1879 πολλάκις.
3668 1816 3768 1881 τὰς

493 1902 656 1973 petit,
685 1917 884 1960 eorum
914 1903 1011 1972 qui
1050 1902 1133 1958 sic
1171 1901 1355 1957 affecti
1398 1908 1547 1966 sunt,
1589 1915 1701 1955 non
1729 1896 1972 1955 absurde
2010 1900 2077 1954 ﬁ-

494 2010 632 2066 gura
692 1993 883 2050 fuerit.
931 1995 1133 2050 Annon
1179 1994 1328 2051 enim
1368 1993 1422 2048 in
1464 1994 1582 2065 ipsa
1620 2008 1845 2064 quoque
1901 1993 2079 2048 Evan-

491 2086 624 2157 gelii
660 2086 1092 2157 praedicatione,
1151 2086 1468 2159 hujusmodi
1527 2101 1908 2157 saepenumero
1954 2101 2076 2141 mo-

491 2179 840 2236 derationem
875 2195 1006 2253 erga
1049 2180 1241 2237 fideles
1291 2181 1642 2236 observatam
1685 2196 1807 2236 esse
1846 2196 2074 2250 compe-

491 2272 737 2329 riemus?
781 2272 985 2329 Beatus
1020 2273 1226 2328 Paulus
1272 2281 1423 2328 certe
1466 2271 1523 2326 in
1556 2258 1803 2343 Epistola
1841 2272 2072 2327 scribit:

499 2383 519 2415 ι
540 2364 754 2420 Bonum
791 2371 879 2421 est
905 2365 1118 2421 homini
1152 2364 1444 2421 mulierem
1474 2381 1585 2420 non
1637 2372 1862 2436 tangere
1896 2384 1909 2419 :
1942 2381 2074 2436 pro-

490 2462 616 2527 pter
648 2454 1048 2512 fornicationes
1085 2464 1269 2511 autem
1301 2455 1684 2526 unusquisque
1741 2470 1895 2510 suam
1925 2470 2066 2510 uxo-

491 2562 609 2602 rem
647 2547 870 2613 habeat,
921 2556 979 2603 et
1013 2562 1354 2617 unaquaeque
1393 2562 1554 2602 suum
1602 2547 1783 2602 virum
1827 2547 2069 2603 habeat:

490 2637 596 2692 hoc
625 2647 812 2693 autem
835 2636 963 2695 dico
997 2637 1303 2693 secundum
1345 2637 1768 2710 indulgentiam,
1812 2653 1925 2693 non
1980 2654 2070 2695 se-

2179 1902 2494 1973 σίκονομίας
2534 1904 2844 1976 εὑρήσομεν
2875 1905 2933 1959 ἐν
2965 1906 3078 1970 τοῖς
3108 1903 3427 1959 πιστεύουσι
3459 1908 3768 1979 γεγενημέο

2179 2014 2276 2061 νας
2301 2013 2315 2063 ;
2346 1998 2455 2052 Καὶ
2480 1997 2610 2068 γοῦν
2633 2001 2662 2052 6
2690 1999 2960 2071 μακάριος
2987 1998 3199 2064 Παῦλος
3224 2000 3529 2056 ἐπιστέλλει
3557 2002 3735 2070 λέγων
3751 2017 3767 2033 ⁸

2184 2109 2203 2142 ι
2236 2090 2416 2145 Καλὸν
2448 2091 2721 2164 ἀνθρώπῳ
2744 2090 3002 2161 γυναικὸς
3030 2091 3104 2163 μὴ
3137 2076 3422 2146 ἅπτεσθαιο
3458 2091 3545 2145 διὰ
3573 2092 3634 2146 δὲ
3668 2092 3769 2156 τὰς

2178 2181 2431 2252 πορνείας
2468 2181 2699 2246 ἕκαστος
2746 2182 2846 2253 τὴν
2895 2181 3089 2235 ἐαυτοῦ
3137 2184 3372 2250 γυναῖκα
3427 2181 3622 2251 ἐχέτω,
3670 2182 3768 2236 καὶ

2177 2272 2385 2341 ἑκάστη
2418 2271 2510 2328 τὸν
2538 2271 2666 2326 ίδιον
2713 2270 2882 2343 ἄνδρα
2920 2270 3112 2342 ἐχέτω.
3144 2268 3315 2323 Τοῦτο
3355 2269 3411 2323 δὲ
3442 2269 3586 2338 λέγω
3622 2268 3767 2322 κατὰ

2177 2361 2528 2433 συγγνώμην,
2553 2362 2655 2415 οὑκ
2681 2360 2968 2432 ἐπιταγήν.
3000 2359 3150 2413 Θέλω
3175 2358 3283 2430 γὰρ
3313 2359 3522 2423 πάντας
3554 2358 3765 2430 ἀνθρώ-

2176 2466 2311 2517 πους
2334 2448 2476 2506 εἶναι
2504 2452 2581 2517 ὡς
2618 2452 2712 2506 καὶ
2743 2450 3000 2521 ἐμαυτόν.
3050 2450 3191 2504 Ἀλλ’
3226 2449 3454 2514 ἕκαστος
3488 2449 3617 2504 ἴδιον
3647 2450 3764 2522 ἔχει

2172 2544 2418 2617 χάρισμα
2454 2548 2519 2598 ἐκ
2558 2544 2715 2610 Θεοῦ,
2755 2546 2786 2597 6
2812 2542 2911 2615 μὲν
2947 2542 3140 2608 οὕτως,
3170 2545 3198 2597 6
3225 2543 3281 2597 δὲ
3313 2541 3504 2606 οὕτως.
3545 2563 3562 2595 ι
3595 2544 3764 2614 Ὁρᾷς

2171 2638 2290 2702 πῶς
2312 2638 2412 2710 τῆς
2438 2636 2767 2707 ἐγκρατείας
2790 2634 2852 2689 τὸ
2881 2637 2960 2701 εἰς
2987 2634 3126 2705 ἄγαν
3150 2634 3479 2707 ὑπερφερές,
3508 2632 3759 2708 καθάπερ

491 2730 734 2787 cundum
763 2732 1083 2803 imperium.
1114 2731 1254 2788 Volo
1281 2731 1430 2786 enim
1475 2747 1669 2787 omnes
1707 2732 1964 2789 homines
1983 2748 2072 2790 es-

2177 2722 2294 2797 ὄρος
2326 2722 2457 2796 ἡμῖν
2485 2723 2731 2789 ὑπέδειξε
2764 2723 2958 2794 λέγων·
2993 2742 3012 2776 ι
3044 2723 3227 2779 Καλὸν
3262 2723 3532 2795 ἀνθρώπῳ
3562 2741 3756 2792 γυναι-

489 2838 549 2878 se
578 2822 723 2878 sicut
781 2839 870 2879 me
934 2824 1135 2894 ipsum.
1198 2821 1307 2879 Sed
1335 2823 1716 2894 unusquisque
1782 2823 2068 2895 proprium

2177 2817 2264 2881 κὸς
2292 2816 2367 2890 μὴ
2396 2816 2684 2872 ἅπτεσθαι·
2733 2834 2753 2869 ι
2805 2816 2980 2888 ἐφῆκε
3026 2816 3083 2870 δέ
3134 2818 3286 2888 ἡμᾶς
3324 2816 3628 2871 καταλῦσαι
3677 2818 3760 2881 είς

490 2916 661 2972 habet
692 2916 899 2972 donum
924 2931 993 2971 ex
1023 2916 1157 2981 Deo,
1192 2916 1335 2971 alius
1363 2916 1590 2987 quidem
1619 2916 1723 2982 sic,
1756 2916 1905 2972 alius
1936 2930 2069 2971 vero

2177 2911 2387 2983 Σηγὼρ,
2425 2908 2571 2963 τοῦτ’
2619 2908 2790 2975 ἐστιν,
2829 2910 2909 2974 εἰς
2949 2908 3048 2981 τὴν
3089 2909 3513 2981 ὑποκαθημένην
3541 2909 3623 2963 ἔτι
3661 2908 3760 2962 τοῦ

488 3008 569 3064 sic
604 3007 672 3062 ⁸³.
703 3027 723 3060 ι
761 3007 930 3063 Vides
956 3015 1019 3062 ut
1062 3021 1382 3078 supremum
1435 3006 1791 3063 continentiae
1835 3006 2066 3078 gradum

2177 2996 2387 3066 τελείως
2412 3000 2626 3072 ἐχοντος
2658 3001 2901 3073 ἀγωγὴν,
2929 3001 2990 3056 τό
3025 3018 3084 3055 τε
3123 2998 3321 3067 ἐξεῖναί
3352 3019 3495 3073 φημι
3529 3002 3669 3074 μόνῃ
3691 3004 3761 3072 τῇ

484 3099 658 3156 veluti
692 3108 933 3163 montem
977 3098 1140 3155 nobis
1165 3098 1491 3165 ostenderit,
1550 3098 1764 3165 dicens,
1804 3118 1821 3150 ι
1849 3099 2061 3155 Bonum

2177 3091 2278 3164 ίδία
2306 3088 2717 3164 συμπλέκεσθαι
2740 3090 2993 3161 γυναικί;
3021 3090 3133 3163 Τήν
3157 3089 3215 3145 δὲ
3243 3091 3347 3162 γῆν
3376 3090 3476 3164 τὴν
3501 3091 3762 3164 ἀρίστην,

2177 3185 2415 3208 .-μ-Α,
2442 3183 2991 3208 ι-Αιι-ο.----.ι..--,---.
3018 3186 3036 3208 ι
3063 3183 3251 3208 (πη-ξ.-
3294 3185 3389 3208 έι-.
3419 3183 3515 3208 -.ιη
3541 3182 3738 3208 ι.---ι-.

485 3200 572 3247 est
602 3191 814 3247 homini
836 3191 1124 3246 mulierem
1170 3206 1281 3246 non
1308 3197 1552 3261 tangere,
1580 3208 1599 3241 ι
1630 3190 1944 3261 permiserit
1978 3198 2062 3245 ta-

2177 3185 2415 3256 καρποὺς
2435 3183 2738 3239 ἀποδώσειν
2755 3183 2991 3254 ἔφασκεν
3014 3186 3043 3238 6
3063 3183 3275 3255 Σωτὴρ,
3292 3185 3390 3256 τὴν
3416 3183 3515 3255 μὲν
3538 3182 3765 3247 ἑκατὸν,

486 3299 616 3341 men
644 3284 701 3340 in
725 3284 896 3355 Segor
920 3283 1221 3349 divertere,
1256 3282 1314 3338 id
1346 3290 1454 3348 est,
1509 3281 1568 3336 in
1601 3281 1909 3354 subiectam
1965 3280 2065 3336 ad-

2177 3277 2261 3349 τὴν
2292 3278 2349 3332 δὲ
2377 3277 2671 3348 ἐξήκοντα,
2709 3276 2809 3349 τὴν
2853 3274 2912 3330 δὲ
2947 3276 3264 3348 τριάκοντα.
3307 3275 3540 3330 Διεδίδου
3574 3275 3632 3328 δὲ
3664 3275 3765 3330 καὶ

485 3376 599 3433 huc
628 3375 889 3448 perfectae
927 3375 1126 3431 virtuti
1174 3374 1305 3430 vitae
1333 3373 1626 3439 rationem,
1662 3382 1725 3429 ut
1760 3374 1945 3439 liceat,
1976 3372 2065 3428 in-

2177 3368 2224 3422 τὸ
2247 3366 2530 3435 τάλαντον,
2563 3370 2664 3422 οὑκ
2706 3368 2764 3422 ἐν
2796 3367 2897 3440 ἴσῳ
2931 3367 3138 3442 μέτρῳ,
3166 3369 3303 3423 ἀλλὰ
3332 3369 3408 3441 τῷ
3441 3370 3541 3440 μὲν
3568 3369 3764 3435 πέντε,

484 3483 677 3539 quam,
698 3483 826 3524 cum
851 3467 969 3523 sola
998 3481 1098 3523 sua
1118 3466 1321 3537 cuique
1343 3479 1514 3520 uxore
1539 3463 1807 3534 copulari.
1834 3462 2064 3519 Terram

2177 3461 2236 3534 τῷ
2262 3461 2321 3516 δὲ
2350 3460 2465 3526 δύο,
2489 3460 2568 3532 τῷ
2594 3461 2650 3515 δὲ
2678 3461 2756 3515 ἐν·
2784 3461 2866 3523 τὸ,
2894 3455 3072 3532 οἶμαι,
3096 3453 3385 3530 τῶνέξεων
3411 3461 3768 3528 ἀνισοσθενὲς

484 3572 707 3628 quoque
758 3557 1023 3629 optimam
1053 3556 1270 3614 fructus
1317 3555 1549 3611 reddere
1605 3553 1828 3610 dicebat
1871 3550 2062 3609 Salva-

2177 3554 2245 3609 ῑιὰ
2272 3552 2477 3607 τούτων
2499 3551 2732 3618 δεικνὺς,
2760 3552 2976 3626 ἐκάστῳ
2997 3572 3055 3609 τε
3082 3554 3350 3629 διανέμων
3371 3555 3447 3622 ώς
3470 3556 3538 3611 ἂν
3564 3558 3772 3631 ἐπιτη-

486 3654 576 3702 tor
607 3646 676 3713 ³⁸,
717 3647 828 3718 30
850 3647 993 3701 hanc
1019 3646 1244 3716 quidem
1270 3645 1657 3709 centesimum,
1697 3643 1926 3699 alteram
1974 3657 2066 3698 se-

2177 3644 2443 3715 δειότητος
2469 3643 2583 3716 ἔχοι
2609 3647 2705 3700 καὶ
2742 3644 2989 3718 γνώμης.
3032 3647 3121 3712 Ὠς
3144 3649 3253 3722 γὰρ
3291 3648 3502 3721 ἔφαμεν
3526 3650 3766 3722 ἀρτίως,

484 3737 847 3808 xagesimum,
879 3738 1047 3792 aliam
1072 3737 1313 3807 denique
1353 3736 1720 3808 trigesimum.
1770 3726 2069 3791 Distribuit

2177 3752 2194 3786 ι
2224 3735 2493 3800 Ἕκαστος
2524 3736 2654 3791 ῑδιον
2678 3735 2794 3808 ἔχει
2818 3736 3152 3811 χάρισμαβκ
3183 3740 3341 3807 Θεοῦ,
3370 3743 3399 3796 6
3428 3742 3529 3815 μὲν
3557 3742 3766 3812 οὕτως,

486 3828 660 3885 etiam
700 3830 971 3886 talentum
997 3844 1110 3884 non
1138 3843 1297 3899 aequa
1320 3842 1605 3893 mensura,
1634 3823 1733 3883 sed
1777 3822 2065 3898 uniquin-
2164 3826 2196 3880 6
2221 3825 2279 3881 δέ
2310 3825 2504 3891 οὕτως.
2540 3846 2559 3881 ι

482 3932 614 3989 que,
642 3919 804 3975 alteri
823 3919 955 3985 duo,
973 3918 1068 3974 alii
1100 3932 1272 3975 unum
1296 3918 1363 3972 ⁹⁰.
1396 3915 1611 3984 Quibus
1659 3916 1926 3987 exemplis
1978 3930 2089 3971 non
2161 3922 2375 3988 aequam
2440 3933 2563 3976 esse
2615 3920 2823 3978 virium
2871 3920 3189 4001 facqltatem
3248 3925 3512 3992 ostendit,
3577 3941 3771 3999 seque

482 4014 717 4087 singulis
736 4014 879 4070 dona
896 4029 999 4085 pro
1044 4020 1209 4085 captu
1252 4013 1520 4085 cujusque
1556 4021 1613 4068 et
1654 4011 1941 4067 habilitate
1980 4011 2248 4067 tribuere.
2285 4011 2353 4069 Ut
2382 4014 2532 4070 enim
2579 4016 2744 4073 modo
2783 4017 3027 4073 diximus
3064 4035 3077 4071 :
3119 4037 3138 4070 ι
3177 4017 3572 4093 Unusquisque
3613 4039 3775 4095 pre-

483 4105 664 4176 prium
706 4106 875 4162 habet
908 4105 1116 4161 donum
1140 4119 1172 4160 a
1199 4104 1334 4172 Deo,
1358 4121 1503 4163 unus
1522 4105 1748 4177 quidem
1778 4103 1878 4172 sic,
1911 4104 2054 4161 alius
2088 4120 2222 4162 vero
2252 4104 2357 4162 sic.
2394 4124 2413 4157 ι

553 4197 752 4253 PALL.
782 4198 953 4253 Recte
981 4198 1083 4253 ais.

2233 4199 2442 4252 IIAAA.
2474 4192 2549 4253 Εύ
2595 4199 2793 4270 λέγεις.

531 4288 692 4345 CYR.
716 4288 1197 4363 Permittititaque
1221 4292 1418 4350 beatus
1440 4292 1669 4365 angelus
1711 4300 1774 4348 ut
1804 4292 1863 4347 in
1890 4291 2061 4364 Segor

2238 4289 2405 4343 ΚΥΡ.
2448 4288 2665 4363 Ἐφίησι
2691 4280 2791 4364 μὲν
2818 4293 2848 4347 6
2874 4295 3146 4367 μακάριος
3163 4294 3394 4367 ἄγγελος
3418 4298 3785 4358 καταλύσειν

482 4380 741 4438 divertat.
784 4381 968 4438 «Ecce
1008 4381 1180 4448 enim,
1209 4401 1228 4434 ι
1268 4382 1470 4453 inquit,
1530 4400 1551 4433 ι
1578 4381 1883 4437 admiratus
1934 4395 2059 4436 sum

2177 4381 2246 4445 είς
2280 4378 2502 4452 Σηγώρ.
2547 4402 2568 4435 ί
2616 4383 2749 4438 Ἰδοὺ
2793 4384 2924 4457 γὰρ,
2970 4404 2989 4438 ι
3027 4388 3212 4459 φησὶν,
3252 4407 3271 4442 ι
3320 4389 3614 4462 ἐθαύμασα
3658 4411 3785 4450 σου

481 4475 679 4535 faciem
707 4485 861 4533 tuam
887 4477 1054 4533 etiam
1081 4477 1139 4531 in
1179 4476 1351 4532 verbo
1410 4478 1538 4544 hoc,
1589 4493 1661 4534 ne
1689 4487 1938 4534 evertam
1979 4477 2059 4533 ci-

2177 4474 2227 4528 τδ
2265 4475 2555 4547 πρόσωπον
2592 4476 2689 4530 καὶ
2728 4477 2824 4530 ἐπὶ
2846 4477 2927 4550 τῷ
2971 4480 3176 4551 ῥήματι
3205 4481 3381 4553 τούτῳ
3404 4482 3499 4536 τοῦ
3533 4485 3611 4556 μὴ
3653 4504 3794 4543 κα..

480 4568 732 4634 vitatem,
766 4568 836 4623 de
857 4584 964 4638 qua
996 4567 1217 4623 locutus
1243 4582 1323 4623 es.
1353 4568 1575 4630 Festina
1627 4568 1813 4643 igitur,
1843 4578 1905 4626 ut
1946 4570 2056 4626 sal-

2177 4565 2464 4637 ιαστρέψαι
2510 4565 2608 4639 τὴν
2656 4568 2834 4638 πόλιν,
2870 4571 2999 4642 περὶ
3041 4566 3108 4645 ἦς
3152 4571 3443 4646 ἐλάλησας.
3496 4577 3793 4637 Σπεῦσον

483 4658 630 4714 veris
652 4656 750 4712 ibi.
785 4675 806 4709 ι
843 4654 1055 4711 Deinde
1094 4655 1297 4726 inquit,
1335 4676 1353 4708 ι
1375 4655 1467 4712 Sol
1492 4671 1751 4729 egressus
1777 4669 1863 4741 est
1887 4672 2059 4732 super

2177 4654 2252 4714 ὤν
2282 4658 2378 4713 τοῦ
2413 4659 2652 4731 σωθῆναι
2676 4662 2813 4718 ἐκεῖ.
2857 4680 2876 4714 ι
2913 4659 3047 4717 Εἶτά
3088 4681 3275 4736 φησιν,
3314 4666 3395 4719 ὅτι
3431 4685 3450 4719 ι
3500 4666 3562 4721 '0
3594 4670 3799 4740 ἥλιος

480 4759 712 4816 terram,
763 4757 821 4805 et
874 4747 978 4803 Lot
1020 4748 1306 4819 ingressus
1360 4758 1446 4805 est
1496 4748 1686 4821 Segor.
1738 4770 1756 4803 ι
1791 4751 1905 4809 Nec
1948 4754 2058 4809 mi-

2177 4748 2381 4823 ιξῆλθεν
2416 4752 2511 4806 ἐπὶ
2536 4752 2636 4825 τὴν
2666 4753 2791 4823 γῆν,
2821 4755 2917 4808 καὶ
2936 4752 3061 4810 Λὼτ
3090 4754 3340 4828 εἰσῆλθεν
3359 4759 3439 4821 είς
3468 4757 3717 4833 Σηγώρ.
3759 4784 3790 4817 ι

479 4857 588 4897 nus
619 4841 911 4906 mirabere,
942 4840 1171 4905 Palladi,
1211 4841 1308 4897 ubi
1357 4841 1627 4899 didiceris
1671 4858 1798 4914 quae
1850 4845 1924 4901 sit
1950 4847 2054 4902 ho-

2177 4842 2479 4914 θαυμάσαις
2517 4845 2562 4899 δ’
2603 4844 2691 4909 ἂν,
2734 4840 2780 4899 ὦ
2824 4846 3030 4918 ἐταῖρε,
3061 4846 3144 4911 τίς
3179 4846 3246 4901 ἂν
3287 4848 3496 4918 γένοιτο
3551 4852 3804 4922 μαθὼν

479 4948 605 4988 rum
625 4932 922 4989 verborum
948 4931 1240 4999 sententia,
1268 4951 1287 4986 ι
1312 4932 1629 4990 Admiratus
1668 4949 1790 4990 sum
1816 4935 1990 5001 enim,
2028 4955 2049 4989 ι

2177 4934 2254 4988 ut
2285 4934 2491 4989 τούτων
2519 4936 2549 4989 6
2592 4936 2737 5004 νοῦς,
2789 4956 2809 4989 ι
2862 4937 3186 5010 Ἐθαύμασα
3211 4941 3320 5013 γάρ
3354 4957 3469 5006 σου,
3515 4960 3537 4995 ι
3582 4949 3805 5017 φησι,

480 5023 683 5094 inquit,
720 5043 739 5077 ι
787 5024 984 5080 faciem
1025 5031 1197 5090 tuam,
1231 5040 1302 5081 ne
1337 5035 1581 5082 evertam
1630 5027 1931 5095 civitatem,
1974 5029 2045 5086 de

2177 5045 2183 5078 ι
2215 5026 2277 5081 τὸ
2316 5028 2609 5111 πρόσωπόν
2642 5046 2735 5084 σου
2764 5030 2859 5086 τοῦ
2894 5032 2969 5104 μὴ
3006 5034 3382 5106 καταστρέψαι
3406 5034 3510 5107 τὴν
3556 5038 3807 5113 πόλιν,

479 5130 588 5185 qua
617 5115 840 5171 locutus
874 5130 986 5171 es.»
1015 5114 1218 5171 Odiosa
1263 5116 1412 5172 enim
1449 5134 1644 5174 revera
1675 5119 1789 5175 Deo
1821 5131 1908 5177 est
1958 5122 2052 5178 illa

2177 5119 2289 5191 τερὶ
2316 5116 2385 5193 ἧς
2424 5120 2711 5193 ἐλάλησας.
2751 5141 2770 5176 ι
2809 5124 3151 5197 Ἀνεθέλητος
3187 5126 3287 5198 μὲν
3323 5126 3434 5199 γὰρ
3461 5126 3542 5199 τῷ
3591 5131 3805 5208 Θεῷ,

480 5206 607 5262 vitae
639 5206 800 5269 ratio,
825 5221 948 5277 qua;
968 5223 1029 5263 se
1052 5224 1163 5264 non
1206 5208 1447 5279 perfecte
1481 5209 1550 5266 ad
1595 5211 1858 5268 virtutem
1902 5229 2053 5269 com-

2177 5208 2301 5263 ιατὰ
2329 5208 2392 5263 τὸ
2424 5210 2646 5282 ἀληθὲς,
2675 5214 2708 5284 ἡ
2734 5211 2959 5278 τελείως
2988 5215 3089 5269 οὑκ
3120 5214 3320 5287 ἔχουσα
3353 5217 3491 5289 πρὸς
3533 5206 3815 5300 ἀρετ-ἧν
3872 5237 3903 5251 ’

480 5299 638 5372 ponit
664 5316 679 5367 ;
704 5306 761 5354 et
773 5298 881 5355 hoc
908 5301 1088 5370 ipsum
1108 5301 1196 5356 vel
1230 5300 1459 5362 minima
1481 5317 1549 5358 ex
1580 5312 1738 5374 parte
1759 5304 1913 5360 vitiis
1929 5321 2053 5363 suc-

2177 5300 2424 5374 τολιτεία,
2454 5303 2549 5356 καὶ
2581 5303 2645 5357 τὸ
2673 5304 2816 5359 κατά
2842 5322 2893 5359 τι
2944 5306 3074 5373 γοῦν
3106 5308 3372 5377 ἡττᾶσθαι
3394 5309 3506 5365 τῶν
3548 5298 3816 5376 παθῶν

2158 5390 2466 5464 ἀπόϐλητόν
2504 5410 2566 5447 τε
2618 5395 2769 5466 αὐτῷ
2811 5395 2908 5451 καὶ
2960 5399 3338 5471 κατακρίσεως
3369 5402 3429 5455 οὐ
3491 5412 3814 5479 μακράν,

2158 5485 2306 5585 Πλὴν
2336 5485 2552 5585 ἐςρίησιν
2578 5489 2641 5542 ἐκ
2673 5489 3108 5585 φιλανθρωπίας,
3135 5494 3679 5585 καὶσυμμετρήσας
3712 5515 3819 5585 τῇ

2159 5577 2318 5648 φύσει
2348 5578 2410 5632 τὸ
2442 5581 2501 5634 ἐν
2528 5570 2725 5651 ἀρχαῖς
2754 5581 2998 5652 ἐφικτὸν,
3046 5582 3317 5648 σώζεσθαι
3350 5586 3591 5663 κελεύει,

479 5394 763 5456 cumbere,
799 5392 879 5447 illi
906 5393 1280 5465 respuendum
1316 5395 1557 5463 videtur,
1588 5407 1646 5452 et
1675 5414 1787 5453 non
1838 5400 1997 5474 longe
2020 5400 2065 5458 a‘

478 5482 937 5539 condemnatione
979 5482 1155 5539 abest.
1182 5482 1455 5540 Caeterum
1493 5485 1739 5558 indulget
1769 5503 1867 5545 sua
1892 5490 2051 5546 heni-

481 5571 707 5641 gnitate,
754 5581 812 5629 et
854 5572 1138 5629 initiorum
1189 5572 1528 5643 facultatem,
1582 5582 1794 5632 naturae
1835 5576 2055 5634 viribus

580 5748 625 5782 "
657 5747 857 5820 Ephcs.
887 5768 959 5823 tv,
994 5754 1078 5810 l5.
1177 5757 1221 5791 "
1256 5756 1425 5816 lCor.
1462 5776 1556 5830 vn,
1604 5760 1653 5830 l,
1686 5762 1740 5833 2,
1775 5763 1828 5832 6,
1856 5763 1909 5819 7.
2010 5764 2055 5798 ⁸⁵
2088 5763 2280 5823 Matth.
2312 5782 2428 5836 xui,
2480 5769 2570 5827 9.5.
2683 5771 2729 5808 '°
2756 5773 2947 5829 Matth.
2988 5789 3111 5843 xxv,
3166 5774 3254 5832 15.
