4024 6220
1031 230 1119 287 DE
1157 231 1598 290 ADORATIONE
1638 235 1708 291 ΙΝ
1748 234 2020 295 SPIRITU
2059 237 2148 294 ET
2188 239 2555 296 VERITATE.
2599 241 2726 297 LlB.
2765 242 2804 296 1.

3439 252 3541 308 18‘!

269 333 626 408 μελετῶντας
670 337 751 392 ἔτι
794 339 858 393 τδ
893 341 1097 412 ἀγαθὸν
1118 383 1134 411 ,
1179 344 1337 401 ούπω
1373 365 1435 401 τε
1479 348 1580 419 τὴν
1619 350 1861 405 ύπαίτιον

1971 351 2281 418 dimetitus,
2307 354 2506 410 salvari
2544 355 2703 427 jubet
2727 370 2825 411 eos
2856 370 3098 426 quoque,
3126 357 3221 428 qui
3267 357 3541 415 meditan-

268 428 473 500 κομιδῇ
527 428 939 501 διαστείχοντας
975 435 1222 508 ἀγωγήν.
1262 439 1422 493 Ἀλλά
1460 441 1556 494 καὶ⁵
1603 444 1714 504 τοῖς
1784 443 1863 507 είς

267 519 436 594 τοῦτο
468 521 667 592 ἥκουσι
697 523 934 594 μέτρων,
953 526 1050 582 καὶ
1066 529 1147 592 είς
1160 530 1388 602 ταυτηνί
1409 547 1470 583 τε
1493 531 1863 587 εἰσελαύνουσι

267 613 374 684 τὴν
410 613 776 679 κατάστασιν,
802 617 864 669 ού
895 617 1020 688 δίχα
1059 619 1237 688 φωτὸς
1258 621 1354 675 τοῦ
1383 621 1530 675 θείου
1560 623 1656 676 καὶ
1675 623 1865 696 δᾳδου-

269 704 400 775 χίας
437 707 540 777 τῆς
576 705 786 762 ἀνωθεν
813 710 847 779 ἡ
885 710 1146 783 είσδρομὴ
1178 711 1377 781 γένοιτ’
1415 713 1500 769 ἄν.
1525 733 1556 790 ,ι
1601 716 1864 772 Ἀνέτειλε

270 799 409 871 γὰρ,
443 816 464 850 ι
497 801 687 872 φησὶν,
723 819 744 853 ι
781 803 812 856 6
838 801 992 872 ἥλιος
1034 805 1130 858 καὶ
1181 805 1304 860 Λὼτ
1348 806 1599 878 εἰσῆλθεν
1637 809 1719 872 είς
1757 810 1864 880 Ση-

269 907 414 962 γωρο
461 909 482 944 ο

346 1070 560 1124 ΠΑΛΔ.
605 1069 696 1134 Ὧς
721 1071 929 1142 σφόδρα
957 1088 1022 1141 γε
1065 1072 1134 1127 τά
1158 1073 1344 1128 εἰκότα
1374 1073 1544 1145 ἔφηςί

346 1161 514 1216 ΚΥΡ.
576 1162 633 1214 ’0
663 1162 765 1232 μὲν
797 1158 890 1216 οὖν
923 1162 1210 1228 θεσπέσιος
1237 1164 1362 1219 Λὼτ
1401 1166 1481 1228 είς
1515 1164 1615 1237 τὴν
1664 1165 1743 1220 ἔτι
1775 1183 1864 1238 μι-

271 1251 412 1323 κρὰν
447 1253 656 1307 είσέθει
691 1255 870 1319 πόλιν,
919 1257 1166 1326 ἐφιέντος
1199 1258 1348 1331 αὐτῷ
1376 1259 1470 1313 τοῦ
1505 1259 1664 1313 Θεοῦ·
1710 1260 1865 1330 ἠλέγ·

274 1360 397 1413 χετο
427 1343 488 1398 δὲ
523 1345 624 1398 καὶ
653 1344 792 1416 πρὸς
817 1344 977 1399 τοῦτο
1013 1347 1248 1418 ἀσθενὴς
1289 1351 1323 1420 ἡ
1352 1350 1594 1420 ἑπομένη
1622 1368 1680 1405 τε
1713 1349 1864 1420 αύτῷ

284 1433 375 1486 καὶ
405 1433 784 1489 συνεκθέουσα
832 1437 990 1507 γυνή.
1023 1455 1042 1487 ι
1089 1435 1389 1510 Ἐπέὁλεψε
1433 1440 1565 1512 γὰρ,
1609 1459 1628 1492 ι
1675 1442 1860 1512 φησὶν,

286 1541 304 1575 ι
337 1525 420 1587 είς
458 1522 528 1577 τὰ
573 1524 774 1591 ὀπίσω,
824 1526 918 1580 καὶ
963 1526 1182 1595 ἐγένετο
1213 1530 1386 1600 στήλη
1427 1531 1573 1596 ἁλός.
1611 1550 1630 1584 ι
1665 1531 1775 1586 Θέα
1806 1532 1863 1586 δὲ

283 1615 361 1668 ὃτι
383 1615 509 1678 νοῦς
541 1617 638 1686 μὲν
665 1618 696 1669 6
716 1617 964 1688 ἀνδρεῖος
987 1620 1083 1672 καὶ
1103 1621 1360 1693 φρόνημα
1382 1622 1442 1675 τὸ
1468 1622 1735 1690 νεανικὸν,
1758 1623 1862 1677 κᾶν

291 1706 337 1759 εἰ
381 1707 462 1778 μὴ
489 1708 702 1772 τελείως
728 1709 1015 1778 ἀφικνοῖτο
1042 1711 1204 1782 τυχὸν
1236 1715 1318 1777 είς
1346 1713 1408 1766 τὸ
1445 1714 1678 1785 ἀρέσκον
1720 1713 1860 1785 Θεῷ,
1895 1698 1941 1756 Β

294 1798 597 1867 κατορθοῦν
611 1801 880 1872 ἠργμένος
899 1802 998 1874 τὴν
1019 1804 1241 1875 ἀρετὴν,
1265 1804 1380 1860 ἀλλ’
1403 1799 1498 1860 οὖν
1515 1806 1658 1873 ἕξεις
1675 1807 1862 1861 παθῶν

291 1894 522 1946 ποιεῖται
564 1895 698 1949 κατά
739 1895 913 1969 βραχὺ
958 1897 1095 1968 πρὸς
1121 1898 1184 1951 τὸ
1212 1899 1514 1970 ἀμεινόνως
1540 1898 1684 1969 ἔχον.
1725 1899 1783 1953 '0
1807 1899 1864 1954 δὲ

283 1984 516 2055 ἀσθενής
537 2003 596 2039 τε
620 1989 716 2041 ui
742 1988 1025 2059 ἄνανδρος,
1047 1983 1108 2044 οὗ
1140 1992 1366 2061 σημεῖον
1396 1993 1422 2060 ἡ
1451 1989 1612 2062 γυνὴ,
1633 1993 1751 2053 ταῖς
1782 1991 1864 2054 είς

281 2077 588 2148 φαυλότητα
610 2084 1002 2152 μετατροπαῖς,
1037 2081 1350 2152 ἀχρειοῦται
1374 2083 1674 2146 παντελῶς.
1700 2083 1862 2137 Τουτὶ

279 2169 384 2241 γάρ
420 2165 579 2241 οἶμαι
609 2171 807 2242 δηλοῦν
834 2173 896 2226 τὸ
923 2173 1176 2242 γενέσθαι
1204 2175 1375 2246 στήλη
1425 2172 1550 2238 ἀλός
1569 2191 1582 2204 ·
1632 2175 1770 2246 ὅπερ
1795 2174 1862 2228 ἂν

275 2264 357 2335 εἴη
400 2265 674 2336 σύμϐολον
705 2268 1192 2340 ἀπομαρανθείσης
1223 2270 1438 2340 φρενὸς,
1473 2270 1566 2322 καὶ
1589 2268 1682 2323 νοῦ
1724 2269 1862 2341 πρὸς

274 2356 594 2429 ἠλιθιότητα
649 2361 984 2430 μεταφοιτᾷν
1023 2361 1300 2431 κειμένου,
1354 2361 1450 2414 καὶ
1497 2362 1577 2424 είς
1625 2361 1862 2431 ἐσχάτην

275 2447 372 2517 ἤδη
399 2465 519 2506 πως
545 2448 908 2518 ἀναισθησίαν
937 2449 1261 2518 ὲληλακότος
1298 2451 1396 2520 (1).
1441 2449 1862 2521 Ἀπομωρανθὲν

271 2537 329 2591 δὲ
352 2537 415 2590 τδ
441 2538 596 2602 ἃλας,
625 2542 708 2601 είς
733 2540 884 2592 οὐδὲν
913 2539 1156 2610 ἰσχύσειν
1188 2540 1289 2604 ἔτι,
1322 2542 1415 2595 καὶ
1441 2541 1601 2605 αὐτὸς
1623 2541 1861 2611 ἔφασκεν

268 2630 299 2680 6
313 2627 509 2699 Σωτήρ
529 2647 542 2659 ·
557 2628 1035 2700 ἀχρειωθήσεσθαι
1055 2630 1111 2684 δὲ
1125 2630 1423 2696 παντελῶς,
1448 2630 1552 2696 ἔξω
1568 2648 1628 2684 τε
1646 2649 1714 2684 πε
1723 2632 1861 2702 μπό-

272 2737 458 2786 μενον,
492 2723 592 2774 καὶ
615 2719 724 2774 ὑπὸ
754 2721 922 2782 πόδας
946 2721 1250 2793 ἀνθρώπων
1283 2724 1691 2794 διερῤιμμένον.
1736 2724 1861 2776 Ἀπ-

267 2813 520 2867 ελιθοῦτο
535 2814 635 2884 μὲν
651 2809 744 2867 οὖν
768 2816 802 2884 ὴ
824 2813 983 2885 γυνὴ,
1003 2814 1314 2886 προσετίθει
1329 2815 1386 2868 δὲ
1408 2815 1509 2869 οὐκ
1533 2817 1612 2878 εἰς
1641 2814 1859 2886 μακρὰν

267 2906 331 2958 τὺ
359 2906 549 2958 λεῖπον
583 2907 614 2958 6
642 2903 787 2958 Λώτ.
819 2905 1138 2976 Γέγραπται
1171 2905 1303 2976 γάρ,
1331 2906 1415 2960 ὅτι
1453 2925 1472 2958 ι
1510 2905 1700 2978 Ἀνέϐη
1736 2904 1860 2959 Λὼτ

261 2995 332 3048 ὲκ
365 2994 590 3067 Σηγὼρ,
633 2995 730 3048 καὶ
759 2994 997 3064 ἐκάθητο
1023 2995 1082 3047 ὲν
1127 2993 1206 3065 τῷ
1237 2995 1377 3068 δρει,
1433 2995 1595 3060 αὐτὸς
1657 2997 1753 3050 καὶ
1801 2996 1858 3049 αί

258 3085 364 3140 δύο
395 3086 702 3156 θυγατέρες
727 3083 896 3139 αὐτοῦ
943 3085 1060 3156 μετ’
1104 3085 1289 3140 αὐτοῦ.
1334 3087 1712 3158 Ἐφοόήθησαν
1753 3087 1859 3159 γὰρ

258 3179 604 3250 κατοικῆσαι
633 3180 694 3232 ὲν
727 3179 946 3252 Σηγὼρ,
985 3179 1080 3233 καὶ
1106 3180 1332 3252 ᾤκησαν
1377 3180 1436 3232 ὲν
1471 3178 1550 3249 τῷ
1581 3178 1856 3250 σπηλαίῳ,

260 3272 436 3334 αὐτὸς
494 3271 591 3340 καὶ
641 3273 697 3324 αί
750 3270 843 3324 δύο
889 3271 1185 3343 θυγατέρες
1223 3270 1389 3325 αὐτοῦ
1438 3270 1556 3341 μετ’
1608 3270 1796 3325 αὐτοῦ.
1837 3289 1855 3322 ι

260 3358 500 3429 Πρόεισι
550 3358 663 3430 γάρ
701 3358 892 3434 ὥσπερ
930 3359 998 3414 δι’
1049 3359 1384 3432 ἀναϐαθμῶν
1423 3360 1452 3413 6
1483 3359 1610 3426 νοῦς
1661 3360 1756 3414 ἐπὶ
1799 3360 1861 3414 1:6

258 3454 395 3521 ἔχον
441 3451 691 3522 ἀρτίως,
739 3452 836 3507 καὶ¹
902 3452 1247 3530 ἀναθρεῦσκει
1296 3453 1438 3508 κατὰ
1495 3454 1670 3526 βραχὺ
1724 3453 1860 3525 πρὸς

260 3546 414 3613 ὅπερ
445 3539 518 3615 ἦν
552 3547 612 3598 ὲν
655 3547 871 3617 ἀρχαῖς,
909 3545 1012 3599 οὐκ
1047 3545 1370 3616 ἐπιτηδείως
1398 3545 1538 3617 ἔχων
1585 3545 1710 3600 οὐτε
1740 3545 1862 3601 λίαν

264 3636 504 3700 ἱκανῶς.
527 3637 754 3708 Πρόεισί
793 3655 853 3691 τε
893 3639 987 3691 καὶ
1023 3639 1291 3710 ἀναφοιτᾷ
1340 3639 1476 3710 πρὸς
1515 3638 1578 3692 τὸ
1613 3639 1860 3710 ἀμεινον,

261 3731 542 3800 φρονήσει
587 3747 648 3782 τε
692 3731 786 3784 καὶ
835 3730 1057 3802 ἀνδρείᾳ
1101 3732 1171 3802 τῇ
1219 3735 1563 3803 πνευματικῇ
1606 3732 1860 3804 καθάπερ

258 3823 415 3875 τισὶν
450 3821 613 3885 ίδίαις
653 3822 988 3894 θυγατράσιν
1031 3823 1526 3894 ἐπισκηπτόμενος,
1568 3825 1663 3877 καὶ
1710 3824 1861 3878 κάτω

261 3932 380 3969 που
411 3917 600 3985 μένειν
641 3915 802 3984 ἀφεὶς
834 3915 894 3968 τὸ
931 3914 1207 3986 ήδυπαθές
1239 3932 1300 3968 τε
1337 3917 1433 3969 καὶ
1473 3914 1752 3988 ἄνανδρον,
1786 3910 1860 3971 ὧν

263 4010 354 4072 είς
385 4009 558 4064 τύπον
600 4010 634 4079 ἠ
670 4007 832 4077 γυνή.
878 4009 1145 4062 Κατοικεϊ
1174 4007 1232 4060 δὲ
1277 4007 1463 4062 λοιπὸν
1507 4007 1761 4080 καθάπερ
1803 4011 1861 4063 ὲν

263 4101 390 4171 δρει
418 4117 478 4154 τε
500 4099 597 4153 καὶ
621 4101 679 4152 ὲν
697 4098 967 4169 σπηλαίῳ·
994 4098 1088 4152 τοῦ
1124 4097 1222 4168 μὲν
1236 4097 1398 4170 δρους
1417 4100 1554 4168 ἡμῖν
1573 4098 1636 4151 τὸ
1658 4098 1861 4168 ὑψηλόν

260 4209 325 4245 τε
359 4193 458 4245 καὶ
492 4189 808 4262 ἐπηρμένον
836 4191 917 4252 είς
963 4189 1178 4257 εὐεξίαν
1207 4189 1306 4261 τὴν
1340 4190 1737 4260 πνευματικὴν,
1767 4191 1858 4244 τοῦ

261 4284 322 4338 δὲ
360 4282 661 4351 σπηλαίου,
689 4281 753 4335 τὸ
781 4281 1030 4353 πεπηγὸς
1071 4281 1168 4335 καὶ¹
1197 4281 1407 4353 ἑδραῖον
1427 4281 1530 4352 τῆς
1555 4283 1634 4344 είς
1660 4283 1861 4353 ἀρετὴν

1966 453 2059 499 tur
2089 445 2354 500 virtutem
2402 446 2604 511 adhuc,
2640 462 2752 501 non
2798 455 2979 501 tamen
3024 461 3124 517 per
3154 463 3274 504 eam
3317 450 3539 506 vivendi

1965 534 2110 590 viam
2147 536 2456 600 ambulant,
2487 553 2610 606 qum
2636 552 2667 590 a
2698 537 2860 606 culpa
2889 537 3049 607 longe
3082 547 3291 593 remota
3325 538 3540 596 sit.Sed

1967 626 2036 681 iis
2050 641 2291 696 quoque,
2329 627 2424 698 qui
2447 628 2515 682 ad
2545 628 2926 684 huncvirtutis
2951 629 3180 700 gradum
3204 631 3453 697 tendunt,
3485 640 3542 688 et

1966 716 2034 771 ad
2057 715 2390 787 hujusmodi-
2407 726 2610 772 statum
2639 718 3040 788 provehuntur,
3067 734 3178 774 non
3202 719 3320 774 sine
3352 720 3541 776 divino

1965 807 2195 875 lumine,
2231 825 2596 881 supernaeque
2647 811 2912 881 lampadis
2952 811 3158 880 praevio
3182 811 3429 883 fulgore,
3476 827 3543 867 eo

1965 898 2178 968 ingredi
2220 899 2510 970 contingit.
2551 918 2571 951 ι
2598 898 2766 956 Ortus
2803 908 2886 955 est
2917 900 3089 965 enim,
3121 919 3140 952 ι
3170 901 3368 972 inquit,
3401 902 3541 968 (sol,

1965 997 2023 1044 et
2045 988 2149 1043 Lot
2178 989 2460 1060 ingressus
2489 997 2575 1044 est
2609 988 2802 1058 Segor.
2836 1009 2852 1040 ι

2037 1079 2236 1134 PALL.
2271 1079 2445 1146 Quam
2483 1096 2568 1144 ea,
2607 1096 2730 1150 qua:
2755 1081 2962 1146 dixisti,
2991 1081 3292 1150 quadram!

2034 1169 2192 1226 ΟΥΕ.
2231 1170 2428 1226 Beatus
2456 1171 2624 1241 igitur
2646 1171 2748 1226 Lot
2805 1171 2861 1226 in
2907 1172 3159 1241 exiguam
3193 1171 3376 1227 adhuc
3403 1173 3540 1228 civi-

1966 1270 2158 1327 tatem,
2194 1263 2305 1317 Deo
2355 1263 2745 1332 permittente,
2787 1273 2872 1318 est
2907 1264 3225 1334 ingressus:
3279 1264 3374 1318 sed
3422 1281 3544 1334 quae

1962 1368 2090 1408 eum
2134 1354 2521 1418 comitabatur,
2564 1371 2784 1424 unaque
2833 1355 3079 1426 fugiebat
3117 1372 3277 1421 uxor,
3330 1356 3398 1410 ad
3440 1357 3545 1412 hoc

1963 1459 2184 1514 quoque
2239 1445 2456 1500 inﬁrma
2504 1461 2626 1501 esse
2683 1447 3024 1516 deprehensa
3084 1458 3187 1503 est.
3264 1468 3282 1500 ‹
3320 1448 3545 1520 Aspexit

1962 1535 2135 1599 enim,
2161 1555 2180 1586 ι
2211 1535 2410 1605 inquit,
2461 1554 2480 1586 ‹
2507 1545 2678 1601 retro,
2723 1546 2778 1592 et
2799 1537 2856 1590 in
2883 1538 3015 1592 salis
3039 1546 3274 1593 statuam
3299 1547 3383 1593 est
3409 1556 3542 1594 con-

1963 1640 2120 1682 versa
2152 1627 2220 1680 ⁹¹.
2292 1647 2310 1678 ›
2350 1627 2739 1682 Animadverte
2790 1628 2958 1700 igitur
3015 1629 3258 1684 animum
3328 1631 3543 1684 virilem

1964 1726 2366 1789 strenuumque
2400 1734 2645 1785 sensum,
2679 1735 2804 1774 eum
2843 1720 3106 1775 virtutem
3150 1737 3405 1776 exercere
3428 1738 3542 1777 ρω-

1963 1806 2131 1874 perit,
2155 1807 2322 1860 etiam
2352 1807 2399 1862 si
2421 1807 2488 1861 ad
2528 1807 2603 1872 id,
2639 1807 2788 1878 quod
2818 1809 2932 1864 Deo
2976 1809 3175 1878 placet,
3203 1809 3387 1863 minus
3415 1826 3540 1879 per—

1962 1899 2137 1962 venit,
2166 1907 2350 1954 tamen
2384 1900 2653 1956 excedere
2692 1916 2723 1955 e
2752 1900 2907 1956 vitiis
2965 1909 3137 1963 certe,
3174 1910 3230 1954 ct
3279 1901 3543 1970 paulatim

1963 1989 2031 2043 ad
2067 1990 2451 2059 prmstantiora
2477 1992 2735 2062 progredi
2760 2009 2774 2045 :
2808 1993 3033 2047 atillum
3058 1992 3335 2046 inﬁrmum
3358 2000 3414 2047 et
3443 2007 3547 2062 pa-

1965 2095 2088 2132 rum
2125 2080 2363 2145 virilem,
2403 2083 2559 2152 cujus
2591 2081 2761 2151 ﬁgura
2805 2089 2891 2136 est
2937 2081 3137 2135 mulier
3169 2080 3299 2136 dum
3344 2081 3411 2134 ad
3443 2096 3543 2135 ne-

1964 2171 2200 2240 quitiam
2255 2173 2624 2236 convertitur,
2691 2171 2810 2226 ﬁeri
2873 2188 3103 2242 prorsus
3154 2173 3404 2228 inutilem
3439 2189 3453 2226 :
3487 2171 3543 2228 id

1963 2263 2111 2318 enim
2146 2263 2462 2334 signiﬁcare
2496 2263 2746 2318 arbitror
2789 2263 2909 2318 ﬁeri
2938 2273 3173 2318 statuam
3209 2266 3359 2330 salis,
3394 2267 3543 2335 quod

1962 2367 2075 2406 non
2106 2353 2348 2408 absurde
2377 2353 2685 2424 symbolum
2717 2352 2887 2407 fuerit
2917 2352 3200 2408 infatuata:
3234 2355 3457 2418 mentis,
3483 2364 3544 2410 et

1963 2442 2157 2508 animi,
2182 2444 2276 2513 qui
2301 2443 2370 2498 ad
2395 2445 2686 2499 stultitiam
2729 2444 2965 2500 transire
2997 2445 3251 2511 voluerit,
3282 2454 3444 2516 atque
3474 2447 3541 2501 ad

1961 2542 2276 2589 extremum
2307 2536 2421 2605 jam
2453 2544 2737 2605 stuporem
2767 2536 3100 2606 pervenerit.
3125 2536 3228 2607 31
3266 2535 3355 2591 Sal
3381 2538 3534 2592 enim

1963 2627 2289 2682 infatuatum
2343 2628 2411 2682 ad
2459 2627 2700 2682 nihilum
2749 2628 2895 2682 ultra
2948 2629 3155 2694 valere,
3201 2629 3369 2683 etiam
3427 2629 3543 2699 ipse

1964 2717 2214 2772 Salvator
2246 2717 2475 2783 ait;sed
2493 2719 2719 2788 penitus
2752 2719 2949 2774 inutile
2979 2719 3096 2774 ﬁeri
3119 2719 3268 2774 foras
3288 2719 3538 2784 missum,

1961 2819 2018 2865 et
2040 2812 2144 2866 sub
2182 2812 2420 2882 pedibus
2451 2813 2738 2868 hominum
2765 2815 3148 2869 conculcatum
3176 2817 3242 2870 ".
3281 2815 3418 2871 Cum
3442 2817 3543 2872 ita-

1961 2917 2070 2973 que
2105 2903 2302 2958 mulier
2349 2903 2405 2957 in
2453 2904 2692 2974 lapidem
2751 2905 2948 2960 durata
2999 2914 3164 2974 esset,
3216 2923 3325 2964 non
3367 2909 3542 2964 multo

1961 3000 2085 3062 post
2117 2993 2240 3059 Lot,
2268 2995 2419 3065 quod
2445 2995 2656 3061 deerat,
2685 2995 2906 3066 adjecit.
2943 2996 3220 3068 Scriptum
3247 3006 3332 3054 est
3369 3000 3539 3054 enim:

1971 3101 1990 3134 ι
2017 3083 2281 3139 Ascendit
2309 3085 2414 3140 Lot
2439 3100 2508 3141 ex
2530 3087 2718 3157 Segor,
2743 3094 2801 3142 et
2833 3087 2982 3142 sedit
3014 3089 3070 3142 in
3104 3097 3313 3155 monte,
3339 3090 3456 3161 ipse
3487 3101 3544 3146 et

1961 3173 2086 3228 duae
2114 3174 2240 3230 ﬁlia:
2277 3177 2397 3248 ejus
2450 3192 2578 3232 cum
2617 3192 2705 3233 eo.
2744 3178 3072 3234 Timuerant
3103 3181 3252 3235 enim
3293 3181 3541 3238 habitare

1964 3264 2020 3318 in
2053 3264 2243 3336 Segor,
2269 3275 2326 3321 et
2356 3267 2750 3323 habitaverunt
2779 3269 2835 3323 in
2857 3271 3118 3339 spelunca
3149 3271 3286 3341 ipse,
3339 3281 3398 3326 et
3419 3273 3540 3330 dua:

1962 3354 2088 3412 ﬁlia:
2123 3358 2246 3429 ejus
2275 3373 2399 3413 cum
2430 3373 2496 3414 eo
2525 3359 2592 3412 ".
2614 3379 2632 3411 ι
2665 3359 2898 3416 Animus
2923 3361 3074 3415 enim
3108 3362 3259 3416 velut
3287 3377 3388 3431 per
3423 3379 3544 3433 gra-

1963 3447 2067 3503 dus
2095 3449 2448 3521 progreditur
2487 3450 2556 3504 ad
2606 3450 3007 3521 perfectionem
3065 3452 3308 3519 virtutis,
3361 3462 3417 3508 et
3473 3454 3542 3509 ad

1961 3556 2090 3596 eum
2121 3549 2345 3607 statum,
2380 3543 2450 3599 ad
2478 3559 2644 3614 quem
2669 3544 2738 3600 ab
2777 3545 2937 3600 initio
2956 3546 3178 3616 ineptus
3207 3554 3264 3601 et
3294 3545 3543 3602 inﬁrmus

1963 3630 2162 3698 fuerat,
2209 3633 2474 3704 paulatim
2511 3636 2798 3703 ascendit;
2835 3637 3199 3708 proceditque
3233 3645 3290 3693 et
3319 3654 3542 3708 promo-

1961 3734 2056 3780 vet
2099 3725 2154 3780 in
2195 3727 2416 3791 melius,
2466 3727 2760 3797 prudentia
2797 3738 2854 3784 et
2895 3730 3220 3785 fortitudine
3271 3729 3544 3801 spirituali

1963 3822 2222 3886 tanquam
2262 3820 2379 3875 suis
2397 3821 2730 3891 quibusdam
2774 3821 2993 3878 ﬁliabus
3041 3824 3225 3890 nixus,
3286 3839 3351 3879 ac
3382 3826 3543 3879 volu-

1961 3910 2203 3980 ptarium
2235 3912 2393 3967 illum
2451 3914 2715 3970 affectum
2746 3924 2804 3970 et
2835 3916 3237 3980 cﬂ‘eminatum,
3273 3918 3431 3986 cujus
3477 3917 3542 3971 ﬁ-

1962 4015 2097 4070 gura
2125 4009 2211 4056 est
2232 4004 2454 4069 mulier,
2498 4005 2756 4060 deorsum
2797 4019 3024 4061 manere
3064 4007 3272 4061 sinens.
3318 4007 3542 4064 Habitat

1961 4093 2161 4148 deinde
2193 4102 2453 4165 tanquam
2493 4096 2551 4150 in
2593 4105 2782 4150 monte
2833 4110 2898 4151 ac
2935 4097 3218 4166 spelunca.
3255 4097 3332 4152 Ac
3383 4115 3542 4155 mons

1961 4181 2184 4251 quidem
2217 4182 2612 4239 sublimitatem
2647 4191 2810 4254 atque
2853 4185 3212 4240 eminentiam
3238 4187 3542 4256 spiritualis

1963 4273 2199 4340 roboris,
2227 4275 2492 4345 spelunca
2522 4291 2655 4331 vero
2693 4275 2852 4330 ﬁxam
2883 4292 2946 4331 ac
2982 4277 3194 4332 ﬁrmam
3240 4279 3295 4341 in
3335 4280 3540 4336 virtute

258 4373 537 4443 διαμονῆς
558 4370 972 4440 ύποδηλούντων
1004 4367 1061 4424 εὖ
1098 4370 1262 4442 μάλα.
1294 4370 1608 4440 Γέγραπται
1631 4371 1740 4442 γάρ
1763 4370 1858 4424 ὡδὶ

1962 4369 2427 4436 perseverantiam
2471 4369 2676 4440 Optime
2726 4369 3055 4440 signiﬁcant.
3105 4368 3198 4425 Sic
3260 4371 3406 4426 enim
3458 4380 3542 4427 est

261 4467 401 4535 περὶ
426 4463 644 4536 ἀνδρῶν
678 4463 930 4532 ἀγαθῶν*
971 4481 990 4515 ι
1027 4463 1400 4536 Πορευόμενος
1433 4463 1489 4515 ἐν
1519 4462 1856 4534 δικαιοσύνῃ,

258 4559 449 4614 λαλῶν
471 4557 689 4611 εὐθεῖαν
719 4556 858 4621 ὁδὸν,
915 4554 1088 4626 μισῶν
1117 4553 1348 4624 ἀνομίαν
1374 4553 1470 4607 καὶ
1492 4553 1728 4618 ἀδικίαν,
1763 4555 1859 4608 καὶ

260 4652 365 4715 τὰς
410 4653 610 4721 χεῖρας
647 4648 1038 4718 ἀποσειόμενος
1081 4647 1190 4701 ἀπὸ
1221 4645 1430 4717 δώρων,
1491 4644 1740 4716 βαρύνων
1790 4645 1859 4700 τὰ

261 4736 406 4807 ὦτα,
435 4742 530 4795 ἵνα
560 4739 638 4812 μὴ
668 4740 877 4811 ἀκούσῃ
911 4739 1090 4811 κρίσιν
1113 4739 1366 4809 αἵματος,
1411 4736 1684 4807 καμμύων
1729 4737 1857 4799 τοὺς

260 4833 614 4902 ὀφθαλμοὺς,
650 4833 736 4885 ἵνα
771 4831 847 4902 μὴ
899 4830 984 4903 ἴδῃ
1039 4829 1280 4893 ἀδικίαν,
1335 4821 1492 4892 οὗτος
1539 4830 1750 4900 οἰκήσει
1797 4830 1854 4882 ὲν

265 4925 463 4997 ὑψηλῷ
507 4923 759 4995 σπηλαίῳ
809 4923 1017 4994 πέτρας
1051 4923 1301 4993 ἰσχυρᾶς.
1345 4939 1363 4972 ι
1407 4919 1506 4990 Είη
1551 4919 1596 4973 δ’
1646 4919 1712 4974 ἂν
1762 4919 1854 4974 καὶ

267 5020 472 5090 ἑτέρως
499 5017 602 5070 οὐκ
632 5015 893 5078 ἀπίθανος
931 5016 1063 5086 ἡμῖν
1096 5016 1124 5066 6
1166 5013 1258 5066 ἐπὶ
1289 5012 1425 5083 τῷδε
1464 5012 1640 5082 λόγος.
1671 5013 1858 5082 Πέτρα

277 5110 376 5176 μὲν
402 5107 514 5178 γάρ
546 5101 572 5158 6
607 5105 865 5176 Χριστὸς,
896 5103 1064 5157 διὰτὸ
1089 5102 1343 5166 εὐσθενές
1375 5119 1433 5154 τε
1479 5104 1574 5155 καὶ
1611 5101 1857 5172 ἄτρωτον

269 5197 373 5265 τῆς
395 5197 660 5250 ἀνωτάτω
681 5194 870 5248 πασῶν
883 5194 1090 5258 οὐσίας.
1106 5193 1376 5264 Σπήλαιον
1399 5192 1455 5244 δὲ
1476 5192 1538 5244 τὸ
1553 5192 1611 5244 έν
1640 5191 1858 5263 Χριστῷ

270 5289 430 5340 vos?!
470 5288 538 5342 ἀν
592 5291 628 5358 ἡ
665 5285 983 5356 Ἐκκλησία,
1050 5283 1110 5337 τὸ
1168 5283 1275 5338 τῶν
1338 5283 1509 5351 ἁγίων
1543 5282 1852 5354 κατάλυμα,

267 5378 381 5434 τῶν
420 5379 792 5434 εὐσεϐούντων
838 5379 872 5449 ἡ
934 5378 1131 5446 σκέπη,
1171 5377 1238 5447 ἢν
1277 5375 1590 5429 κατοικοῦσι
1632 5375 1850 5439 δίκαιοι,

1957 4457 2024 4512 dc
2054 4459 2242 4528 probis
2292 4460 2427 4515 viris
2455 4461 2722 4531 scriptum
2761 4479 2772 4514 :
2816 4481 2833 4512 ι
2857 4461 2962 4528 Qui
2996 4461 3241 4516 ambulat
3272 4461 3328 4515 in
3380 4463 3540 4532 justi-

1955 4547 2052 4613 tia,
2079 4559 2135 4605 et
2164 4552 2412 4622 loquitur
2436 4560 2643 4608 rectam
2680 4552 2862 4619 viam;
2893 4553 2988 4623 qui
3031 4552 3149 4607 odit
3189 4551 3536 4624 injustitiam,

1953 4650 2011 4699 et
2043 4643 2418 4716 iniquitatem,
2478 4657 2534 4702 et
2577 4649 2789 4703 excutit
2835 4662 3031 4701 manus
3089 4662 3118 4700 a
3163 4647 3531 4712 muneribus;

1956 4738 2051 4809 qui
2075 4737 2298 4791 obturat
2354 4751 2537 4802 aures,
2567 4753 2637 4792 ne
2685 4739 2875 4794 audiat
2921 4739 3193 4810 judicium
3233 4741 3538 4811 sanguinis,

1960 4839 2016 4885 et
2042 4828 2247 4884 claudit
2276 4828 2488 4894 oculos,
2521 4845 2590 4884 ne
2612 4829 2796 4886 videat
2833 4831 3199 4902 injustitiam:
3230 4832 3320 4888 hic
3379 4832 3539 4886 habi-

1960 4919 2100 4974 tabit
2132 4917 2188 4972 in
2225 4918 2447 4972 sublimi
2490 4919 2750 4988 spelunca
2793 4931 2963 4991 petra:
3005 4920 3262 4980 ﬁrma”.
3291 4941 3308 4973 ι
3337 4922 3538 4979 Aﬁ‘erri

1963 5022 2145 5066 autem
2179 5020 2235 5066 et
2292 5011 2396 5065 alia
2447 5011 2622 5081 possit
2659 5028 2688 5065 a
2718 5012 2877 5068 nobis
2926 5031 3037 5070 non
3087 5015 3325 5070 absurda
3376 5016 3540 5088 hujus

1963 5102 2068 5157 loci
2101 5102 2389 5172 expositio.
2405 5103 2563 5156 Petra
2595 5101 2817 5173 quidem
2838 5105 3092 5160 Christus
3113 5115 3198 5162 est
3223 5108 3292 5174 ",
3315 5118 3538 5178 propter

1965 5193 2176 5248 ﬁrmam
2206 5193 2353 5248 illam
2387 5201 2444 5247 et
2478 5195 2738 5249 invictam
2786 5212 3058 5267 suprema:
3108 5200 3353 5253 omnium
3411 5198 3539 5252 sub-

1963 5285 2176 5339 stantia:
2213 5294 2490 5339 naturam.
2533 5287 2702 5342 Porro
2747 5289 3008 5358 spelunca
3061 5291 3172 5354 illa,
3217 5290 3272 5343 in
3318 5288 3538 5344 Christo

1961 5377 2191 5446 intelligi
2230 5385 2410 5447 potest
2460 5378 2726 5442 Ecclesia,
2787 5396 2984 5445 nempe
3028 5381 3164 5435 illud
3223 5388 3534 5434 sanctorum

337 5519 378 5550 θ’
413 5518 555 5573 Gen.
601 5534 712 5580 im,
744 5517 834 5570 26.
912 5517 955 5548 "
990 5515 1179 5569 Matth.
1208 5532 1258 5579 v,
1299 5517 1378 5570 l5.
1457 5516 1500 5548 ’³
1533 5514 1670 5570 Gen.
1704 5531 1810 5580 xix,
1835 5513 1902 5570 50
2002 5516 2047 5548 "
2077 5516 2177 5572 lsa.
2214 5533 2398 5582 xum,
2431 5516 2625 5580 15,16.
2702 5517 2747 5547 ⁸⁸
2783 5515 2943 5571 lCor.
2970 5533 3022 5582 κ,
3047 5517 3098 5570 4.

338 5637 417 5708 (1)
449 5635 588 5692 Cod.
631 5635 752 5690 Vat.
788 5631 1238 5704 κατεσκληκότος.
