4024 6220
494 268 598 328 185

1513 263 1568 316 S.
1609 258 1885 317 GYRlLLl
1923 253 2392 312 ALEXANDle
2427 251 2750 308 ARCHIEP.

3633 248 3738 304 184

492 385 778 442 hominum
811 385 1198 447 diversorium,
1233 381 1560 450 piorumque
1612 385 1838 439 tectum,
1867 375 1924 428 in
1951 389 2061 443 quo

2187 371 2257 425 ιαὶ
2310 369 2416 442 μὴν
2439 369 2555 423 ὅσοι
2610 368 2711 438 τὴν
2763 364 2852 421 διὰ
2883 365 3055 436 πυρὸς
3124 362 3516 436 παραιτοῦνται
3557 363 3736 436 δίκην.

491 475 622 548 justi
663 476 768 531 viri
788 474 1058 539 habitant,
1080 480 1138 528 et
1174 472 1492 541 quicunque
1535 470 1677 541 ignis
1732 470 2064 542 supplicium

493 569 758 625 evadunt.

565 657 762 712 PALL.
786 654 958 721 Quam
999 655 1259 724 praclare
1293 655 1430 709 mihi
1459 655 1665 710 habere
1707 656 1927 711 videtur
1953 656 2070 709 haec

493 748 799 817 expositio!
835 746 944 802 Sed
977 747 1142 802 velim
1182 747 1438 816 equidem
1479 747 1630 802 aliis!
1651 748 2069 818 quamplurimis

495 834 916 904 probationibus
943 844 1269 906 praesentem
1307 835 1489 890 locum
1510 852 1542 890 a
1573 844 1626 891 te
1665 837 1891 890 versari.
1933 837 2070 890 Nam

497 927 553 982 id
592 927 731 981 velle
755 927 917 996 plene
944 941 1300 997 cognoscere,
1339 927 1486 996 quod
1525 928 1660 983 utile
1680 937 1787 994 est,
1821 943 1922 999 ego
1943 927 2068 997 qui-

497 1016 622 1072 dem
655 1016 878 1087 plurimi
903 1015 1150 1071 fecerim.

568 1105 728 1160 CYR.
781 1106 967 1175 Atqui,
1009 1106 1235 1171 Palladi,
1287 1115 1345 1162 et
1392 1108 1752 1179 congruentia
1781 1109 1940 1164 dicis.
1977 1111 2074 1165 Est

497 1197 668 1261 enim,
701 1207 762 1252 ut
785 1198 1004 1268 opinor,
1035 1213 1099 1252 ea
1130 1215 1218 1253 res
1239 1200 1441 1253 mentis
1473 1201 1632 1270 longe
1653 1201 2074 1259 studiosissima:

498 1289 734 1354 fructus,
773 1298 830 1344 et
861 1305 982 1344 mea
1023 1290 1200 1344 oratio
1247 1291 1538 1360 segnitiem
1587 1307 1808 1347 omnem
1864 1295 2073 1360 vincet,

500 1380 759 1448 quoniam
786 1395 855 1434 ne
889 1379 1026 1434 mihi
1077 1381 1302 1449 quidem
1347 1381 1450 1451 ipsi
1498 1398 1716 1452 (equum
1756 1383 1976 1439 videtur
2019 1385 2074 1440 in

504 1478 612 1525 tam
641 1471 919 1540 praaclaris
964 1480 1186 1541 tamque
1211 1473 1474 1542 jucundis
1503 1475 1856 1529 sermonibus
1906 1476 2075 1531 silen—

504 1564 664 1627 tium,
708 1563 754 1617 si
805 1563 1119 1632 importune
1152 1564 1460 1634 irrepserit,
1503 1574 1708 1622 tenere.
1759 1567 1865 1637 32
1907 1568 2079 1638 Igitur

504 1654 562 1708 in
596 1655 914 1709 universum
951 1655 1318 1724 omnibusque
1352 1657 1530 1711 modis
1549 1657 1617 1710 ab
1646 1657 1955 1723 aﬂ'ectione,
1987 1673 2078 1713 so-

503 1747 816 1816 cietateque
838 1747 1159 1801 vitiosarum
1194 1762 1398 1811 rerum,
1417 1747 1598 1815 quoad
1636 1763 1726 1802 res
1747 1748 1974 1817 patitur,
1997 1764 2082 1803 se—

497 1838 721 1908 junctos
746 1853 846 1892 nos
891 1853 1012 1892 esse
1063 1845 1354 1907 Oportere:
1391 1837 1696 1906 quinetiam
1747 1852 1858 1892 non
1917 1837 2079 1894 aliter

503 1930 666 1985 nobis
692 1944 850 1999 posse
879 1929 1216 1997 contingere,
1253 1936 1313 1981 ut
1331 1926 1398 1981 ad
1428 1927 1687 1982 virtutem
1713 1944 2079 1996 recurramus,

451 2077 453 2086 ,
504 2038 669 2093 quam
700 2022 804 2075 hoc
836 2021 954 2090 ipso
993 2020 1177 2083 modo,
1219 2034 1330 2089 quo
1377 2018 1636 2083 diximus,
1691 2021 1809 2075 sine
1838 2021 1952 2076 ullo
1981 2037 2081 2077 ne-

507 2114 657 2184 gotio
714 2111 1233 2181 contemplabimur,
1276 2111 1322 2164 si
1357 2110 1557 2164 mentis
1597 2109 1789 2165 oculos
1827 2111 2081 2180 injeceri-

507 2220 632 2259 mus
676 2212 789 2257 tum
816 2203 874 2256 in
912 2219 973 2257 ea
1029 2218 1150 2272 qua:
1212 2202 1374 2256 beato
1424 2201 1652 2254 Abrahae
1707 2202 2075 2270 contigerunt,

509 2305 624 2351 tum
649 2313 771 2366 quae
799 2297 853 2350 in
888 2295 1041 2351 exitu
1084 2295 1326 2349 filiorum
1380 2293 1552 2348 Israel
1586 2294 1962 2349 admirabilius
1988 2310 2084 2365 ge-

508 2399 590 2443 sta
616 2399 764 2452 sunt,
805 2402 971 2457 quam
1001 2395 1061 2441 ut
1088 2388 1339 2440 oratione
1369 2385 1633 2454 explicari
1678 2386 1910 2454 possint,
1958 2401 2084 2440 cum

509 2481 626 2536 suis
651 2480 1013 2550 temporibus,
1049 2478 1291 2534 effractis
1325 2477 1563 2548 [Egyptii
1612 2477 1925 2534 dominatus
1967 2478 2085 2533 vin-

511 2573 674 2636 culis,
714 2579 844 2626 sunt
860 2570 1086 2640 egressi.

583 2662 782 2717 PALL.
811 2662 1129 2731 Exsequere
1165 2661 1335 2731 igitur
1363 2661 1578 2732 singula
1615 2677 1628 2715 :
1679 2662 1759 2717 sic
1804 2662 1952 2717 enim
1990 2662 2088 2717 ha-

517 2755 665 2819 beto,
694 2753 986 2808 maximam
1013 2762 1068 2807 te
1109 2753 1276 2808 nobis
1315 2753 1654 2824 voluptatem
1693 2755 2009 2821 allaturum,
2039 2756 2086 2809 si

517 2847 572 2900 id
611 2845 791 2901 facere
816 2861 1107 2916 aggressus
1135 2845 1326 2901 fueris.

585 2937 743 2994 CYR.
767 2939 1098 2994 Dicebamus
1133 2939 1341 3008 itaque,
1378 2939 1600 2994 beatum
1641 2940 1914 2994 Abraham
1961 2954 2088 2994 cum

517 3032 660 3086 fame
685 3032 961 3102 quondam
988 3032 1343 3096 intolerabili,
1367 3040 1421 3086 et
1445 3033 1878 3087 necessariarum
1903 3046 2084 3085 rerum

2191 3016 2287 3070 καὶ
2315 3017 2436 3079 ταῖς
2467 3013 2578 3068 τῶν
2624 3011 2937 3081 ἀναγκαίων
2980 3007 3212 3069 ἐνδείαις

518 3123 704 3193 inopia
775 3131 1150 3193 premeretur,
1187 3138 1298 3176 non
1333 3131 1526 3192 sponte
1555 3123 1623 3177 ad
1672 3122 1952 3193 Egyptios
2000 3122 2095 3176 dc-

519 3214 820 3279 scendisse,
855 3214 950 3269 sed
992 3215 1305 3269 necessitati
1346 3214 1720 3269 succubuisse.
1792 3213 1949 3268 Hunc
1992 3213 2094 3268 ho-

517 3302 718 3374 Spitem
742 3314 798 3359 et
828 3304 1096 3358 advenam
1125 3304 1391 3359 molestiis
1411 3304 1600 3359 multis
1616 3311 1672 3359 et
1700 3303 1916 3375 injuriis
1948 3304 2094 3358 Pha-

519 3410 617 3449 rao
644 3395 879 3451 vexavit.
922 3395 1058 3450 Nam
1112 3395 1260 3450 illius
1311 3395 1599 3465 coniugem
1650 3394 1853 3448 violare
1900 3392 2093 3458 voluit,

518 3488 914 3560 intemperanti
939 3489 1168 3544 libidine
1193 3488 1261 3543 ad
1285 3487 1588 3558 turpissimi
1610 3486 1798 3557 ﬂagitii
1821 3484 2095 3554 cupidita-

520 3589 632 3635 tem
660 3582 938 3636 incensus.
975 3580 1035 3634 Id
1079 3594 1246 3649 porro
1288 3588 1352 3632 ut
1391 3577 1652 3643 eﬂiceret,
1690 3593 1800 3633 non
1849 3576 2098 3645 permisit

519 3671 683 3725 Deus.
724 3690 741 3722 ι
775 3671 1089 3741 Flagellavit
1115 3669 1286 3733 enim,
1317 3688 1334 3720 ›
1368 3668 1569 3737 inquit,
1595 3688 1612 3720 ι
1641 3668 1980 3722 Pharaonem
2004 3667 2100 3722 ila-

521 3760 676 3830 gellis
697 3759 947 3813 maximis
966 3767 1191 3829 propter
1215 3757 1404 3812 Saram
1432 3773 1654 3812 uxorem
1681 3757 1954 3811 Abraham
1977 3757 2043 3809 ⁹⁶.
2073 3776 2090 3808 ι

520 3852 619 3905 Est
663 3859 848 3904 autem
904 3851 1118 3906 Pharao
1164 3851 1335 3921 ﬁgura
1390 3859 1556 3919 atque
1599 3848 1776 3919 imago
1815 3847 2100 3903 diabolica:

521 3942 993 4013 intemperantiae;
1037 3941 1094 3997 id
1147 3941 1298 3996 enim
1345 3941 1436 3996 ille
1495 3948 1733 4010 spectat,
1775 3941 1833 3994 in
1865 3954 2098 4009 eamque

520 4052 639 4092 rem
663 4035 813 4091 omni
853 4035 1038 4090 studio
1082 4033 1376 4098 incumbit,
1413 4040 1474 4086 ut
1522 4032 1578 4086 in
1612 4040 1923 4086 sanctorum
1953 4030 2100 4085 viro-

520 4145 646 4187 rum
671 4138 882 4184 mentes
925 4128 1137 4183 semina
1175 4141 1288 4182 suae
1316 4124 1652 4195 impuritatis
1703 4123 1976 4188 infundat,
2037 4129 2100 4176 ut

522 4223 603 4280 illi
627 4229 913 4290 exoptatos
952 4220 1339 4292 jucundosque
1386 4218 1598 4272 fructus
1635 4216 1880 4285 pariant:
1915 4214 1953 4268 ii
1997 4229 2097 4268 au-

2239 653 2446 708 HAAA.
2484 653 2570 716 Ὢς
2596 644 2722 719 εὖγε
2744 651 2895 719 ἡμῖν,
2920 641 2965 701 ὧ
2983 647 3102 709 τᾶν,
3127 647 3155 698 ὁ
3182 645 3338 713 λόγος
3364 641 3496 711 ἔχειὶ
3531 639 3743 695 Βουλοίι-

2176 764 2282 816 μην
2311 746 2355 798 δ’
2384 743 2450 798 ἂν
2480 743 2668 816 Ῠὲγωγε
2701 742 2795 795 καὶ
2827 741 2894 792 δι’
2929 738 3134 811 ἐτέρων
3169 737 3310 790 ὅσων
3349 736 3482 805 ἡμῖν
3528 732 3742 787 ἀποδεί-

2171 815 2304 905 ξεων
2324 836 2459 890 ἰέναι
2476 815 2544 889 τὸ
2573 833 2890 904 γύμνασμα.
2917 829 2990 884 Τὸ
3013 831 3121 900 γάρ
3142 846 3224 882 τοι
3249 826 3422 896 φιλεῖν
3457 824 3741 892 ἐξεπίστα-

2174 930 2297 983 σθαι
2329 929 2597 992 πλουσίως
2636 928 2698 980 τὸ
2750 924 2939 979 τελοῢν
2970 925 3050 987 εἰς
3085 921 3292 992 δνησιν,
3337 918 3631 990 οίησαίμην
3675 914 3740 970 ἂν

2173 1018 2347 1089 ἔγωγε
2376 1019 2470 1072 τοῦ
2506 1016 2706 1080 παντὸς
2735 1014 2903 1079 ἀξιον.

2243 1111 2408 1165 ΚΥΡ.
2436 1110 2547 1163 Καὶ
2577 1109 2702 1180 μὴν,
2725 1101 2770 1160 ὦ
2787 1104 3074 1168 Παλλάδιε,
3096 1102 3166 1156 τά
3191 1117 3255 1170 γε
3282 1100 3466 1154 εἰκότα
3491 1100 3619 1170 φής.
3641 1098 3742 1169 Εῖη

2173 1203 2284 1273 γὰρ
2325 1201 2391 1256 ἀν
2415 1199 2652 1263 διανοίας
2684 1199 2819 1269 ἡμῖν
2847 1199 2946 1265 τῆς
2969 1196 3049 1258 είς
3072 1196 3154 1248 ὅτι
3180 1193 3414 1263 μάλιστα
3449 1190 3746 1261 φιλομαθε-

2178 1295 2380 1366 στάτης
2403 1293 2463 1348 τὸ
2491 1292 2680 1363 χρῆμα
2714 1286 2949 1360 καρπὸς,
2976 1285 3135 1339 ὄκνου
3185 1283 3244 1336 δέ
3287 1282 3526 1353 ἀμείνων
3551 1283 3580 1334 ὁ
3611 1281 3749 1352 πρὸς

2176 1387 2332 1458 ἡμῶν
2371 1384 2525 1437 ἐσται
2556 1381 2732 1450 λόγος,
2757 1379 2817 1431 ού
2845 1377 2906 1430 τὸ
2935 1375 3067 1429 αὐτό
3099 1391 3188 1445 μοι
3212 1372 3423 1438 δοκοῦν,
3457 1373 3570 1435 τοῖς
3607 1371 3750 1425 οὕτω

2176 1477 2452 1548 λαμπροῖς
2491 1473 2588 1527 καὶ
2635 1468 2978 1541 ἀξιεράστοις
3017 1465 3342 1536 διηγήμασι,
3391 1462 3492 1534 τὴν
3540 1463 3639 1516 οὑκ
3691 1464 3750 1514 ἐν

2180 1568 2356 1639 καιρῷ
2381 1563 2877 1637 παρειστρέχουσαν
2897 1559 3206 1628 ἐπασκῆσαι
3232 1557 3411 1627 σιγήν.
3439 1555 3645 1610 Οὐκοῦν
3669 1556 3752 1609 ὅτι

2179 1660 2278 1728 τῆς
2306 1657 2442 1729 πρὸς
2462 1656 2530 1709 τά
2570 1653 2747 1724 φαῦλα
2776 1648 3070 1712 διαθέσεως
3090 1666 3150 1702 τε
3185 1649 3280 1701 καὶ
3315 1647 3601 1709 κοινωνίας
3638 1648 3752 1700 είσ-

2181 1749 2326 1803 άπαν
2355 1763 2413 1799 τε
2434 1745 2530 1798 καὶ
2548 1743 2856 1813 ὸλοτρόπως
2886 1737 3358 1809 ἀποσχοινίζεσθαι
3371 1737 3486 1809 χρὴ
3521 1737 3662 1792 κατά
3693 1736 3754 1791 τὸ

2182 1835 2493 1908 ἐγχωροῦν·
2532 1835 2627 1888 καὶ
2661 1834 2766 1905 μὴν
2787 1833 2870 1886 ὅτι
2903 1832 2964 1884 τὸ
3006 1829 3262 1901 ἀναθρεῖν
3307 1828 3565 1884 δύνασθαι
3617 1829 3755 1900 πρὸς

2180 1928 2402 2000 ἀρετὴν,
2451 1926 2787 1996 προσγένοιτ’
2830 1923 2894 1976 ἂν
2931 1923 3028 1992 οὐχ
3057 1921 3278 1992 ἐτέρως,
3317 1921 3351 1992 ἢ
3389 1921 3527 1974 κατά
3565 1921 3754 1974 τοῦτον

2181 2019 2344 2075 αὐτὸν
2375 2017 2470 2071 τὸν
2503 2017 2726 2087 τρόπον,
2745 2014 2979 2082 ἀπονητὶ
3004 2010 3374 2084 θεωρήσομεν,
3396 2013 3494 2082 τῆς
3517 2011 3757 2075 διανοίας

2182 2112 2273 2163 τὸν
2300 2108 2575 2179 ὀφθαλμὸν
2609 2107 2842 2169 ἐνιέντες
2892 2101 2950 2157 εὖ
2985 2103 3152 2173 μάλα,
3198 2103 3292 2157 καὶ
3333 2106 3445 2164 τοῖς
3479 2101 3621 2155 κατὰ
3662 2102 3758 2155 τὸν

2186 2201 2472 2254 θεσπέσιον
2509 2197 2784 2269 Ἀϐραὰμ,
2837 2197 2931 2249 καὶ
2959 2198 3070 2258 τοῖς
3106 2195 3246 2263 ὑπὲρ
3278 2193 3434 2260 λόγον
3463 2191 3759 2262 κατωρθω-

2190 2293 2368 2364 μένοις
2392 2291 2484 2343 ἐπὶ
2517 2291 2583 2360 τῇ
2612 2287 2777 2358 ἐξόδῳ
2803 2285 2911 2338 τῶν
2951 2285 3011 2349 ἐξ
3051 2283 3290 2353 Ἰσραὴλ,
3322 2283 3388 2353 ἢν
3433 2281 3759 2352 πεποίηνται

2185 2384 2329 2439 κατὰ
2356 2383 2583 2453 καιροὺς
2615 2381 2717 2452 τῆς
2759 2378 3070 2448 Αἰγυπτίων
3111 2374 3444 2442 πλεονεξίας,
3487 2373 3554 2427 τὰ
3582 2371 3757 2443 δεσμά

2185 2474 2594 2546 διαρρήξαντες.

2258 2655 2466 2709 ΠΑΛΛ.
2500 2651 2679 2724 Φράζε
2704 2649 2768 2720 δὴ
2802 2641 2897 2702 οὗν
2936 2645 3042 2702 ἀνά
3085 2649 3268 2716 μέρος.
3308 2643 3396 2707 Ὠς
3439 2636 3496 2695 εὖ
3540 2640 3650 2694 ῐσΘι
3676 2657 3758 2692 τοι

2190 2747 2457 2808 πλουσίως
2483 2746 2630 2815 ἡμᾶς
2651 2741 2976 2813 εὐφραίνων,
3005 2740 3052 2792 εί
3081 2737 3213 2808 δρᾷν
3239 2737 3378 2789 ἐλοιο
3409 2733 3586 2793 ταυτί.

2260 2923 2425 2976 ΚΥΡ.
2470 2920 2762 2992 Ἐλέγομεν
2796 2918 2997 2982 τοίνυν,
3027 2916 3104 2978 ὼς
3145 2912 3404 2984 ἀφορήτῳ
3437 2909 3564 2963 ποτὲ
3595 2907 3763 2978 λιμῷ.

3261 3000 3696 3072 ἐκπεπιεσμένος
3737 3003 3768 3056 ὁ

2195 3109 2481 3172 θεσπέσιος
2545 3106 2815 3177 Ἀϐραὰμ,
2876 3103 2938 3156 ού
2991 3099 3220 3171 Θελητὴν
3272 3099 3506 3150 ἐποιεῖτο
3539 3093 3638 3164 τὴν
3686 3093 3768 3156 είς

2192 3201 2470 3269 Αἴγυπτον
2501 3197 2744 3261 κάθοδον,
2763 3195 2859 3248 καὶ
2887 3195 3007 3256 ταῖς
3032 3191 3300 3258 ἀνάγκαις
3319 3187 3487 3242 ἐδίδου
3515 3186 3765 3256 κρατεῖν.

2194 3292 2355 3345 Ξένον
2379 3291 2435 3344 δὲ
2467 3290 2594 3344 ὄντα
2626 3288 2718 3340 καὶ
2749 3285 2973 3356 ἔπηλυν,
3010 3283 3207 3345 λύπαις
3237 3282 3331 3334 καὶ
3372 3275 3712 3340 πλεονεξίαις
3740 3274 3772 3327 ὁ

2193 3379 2395 3453 Φαραὼ
2429 3376 2776 3448 κατῃκίζετο.
2806 3375 2917 3446 Τὴν
2935 3373 3044 3442 γάρ
3069 3389 3152 3425 τοι
3179 3367 3590 3440 συνῳκισμένην
3618 3362 3773 3453 αὐτῷ

2197 3445 2495 3542 παραλύειν
2543 3445 2757 3537 ἢθελεν,
2793 3445 3005 3535 ἡδοναῖς
3051 3460 3308 3532 ἀκράτοις
3339 3445 3769 3527 ἐκκεκαυμένος,

2196 3565 2276 3625 είς
2305 3560 2697 3632 αἰσχρουργίας
2740 3558 2944 3625 ἔφεσιν.
2982 3553 3340 3625 Κατορθῶσαι
3363 3552 3416 3606 δὲ
3452 3551 3630 3615 τοῦτο,
3671 3551 3773 3605 oux

2196 3651 2351 3721 ἠφίει
2397 3649 2549 3712 Θεὸς.
2588 3668 2606 3698 ι
2645 3648 2848 3702 Ἤτασε
2906 3646 3036 3716 γὰρ,
3090 3663 3109 3694 ›
3143 3643 3296 3713 φησὶ,
3353 3660 3372 3694 ι
3423 3641 3514 3694 τὸν
3567 3639 3773 3710 Φαραὼ

2198 3745 2452 3813 ἐτασμοῖς
2525 3738 2781 3811 μεγάλοις
2854 3738 2984 3809 περὶ
3041 3737 3255 3807 Eappa;
3332 3733 3432 3804 τῆς
3511 3731 3773 3802 γυναικὸς

2211 3835 2480 3907 Ἀϐραάμ.
2515 3851 2533 3884 ι
2574 3829 2752 3885 Εἱκὼν
2779 3830 2836 3884 δέ
2865 3829 2958 3882 καὶ
2989 3826 3158 3890 τύπος
3188 3829 3216 3879 ὁ
3242 3823 3438 3896 Φαραὼ
3458 3820 3775 3892 summa;

2199 3925 2489 3997 ἀκρασίας.
2521 3923 2730 3984 Σκοπὸς
2781 3919 2891 3990 γὰρ
2926 3920 3118 3989 ἐκείνῳ
3149 3917 3243 3970 καὶ
3282 3915 3390 3968 τῶν
3419 3915 3500 3968 ὅτι
3535 3912 3777 3982 μάλιστα

2199 4014 2726 4085 διεσπουδασμένων,
2759 4011 2820 4064 τὸ
2852 4012 2943 4064 καὶ
2983 4012 3102 4072 ταῖς
3139 4006 3246 4061 τῶν
3280 4006 3448 4075 ἀγίων
3491 4002 3776 4056 συνέσεσιν

2202 4109 2401 4164 ἐνιέναι
2423 4107 2596 4176 φιλεῖν
2614 4104 2712 4174 τῆς
2742 4102 2964 4172 ἐνούσης
2981 4098 3129 4169 αὐτῷ
3144 4095 3482 4168 ἀκαθαρσίας
3504 4093 3571 4146 τά
3604 4092 3778 4165 σπέρ-

2205 4219 2371 4273 ματα,
2405 4199 2480 4260 ὡς
2508 4197 2572 4250 ἂν
2610 4196 2814 4250 ἕλοιντο
2857 4193 3223 4263 καρποφορεῖν
3250 4188 3320 4242 τά
3351 4186 3498 4258 αύτῷ
3537 4186 3668 4254 φίλα
3714 4203 3780 4241 τε

524 4323 636 4370 tem
691 4320 841 4378 sunt,
906 4321 968 4367 ut
1005 4313 1232 4382 Opinor,
1268 4309 1590 4375 ivariorum
1643 4306 2084 4374 diversorumque

2201 4294 2296 4347 καὶ
2325 4289 2444 4344 καθ’
2482 4288 2698 4360 ἡδονήν.
2731 4282 2856 4340 Εἶεν
2886 4283 2931 4337 δ’
2962 4283 3028 4337 ἂν
3059 4277 3214 4353 οἶμαι
3243 4281 3422 4346 ταυτὶ,
3457 4278 3525 4332 τὰ
3550 4280 3631 4342 είς
3671 4295 3779 4331 πο-

522 4414 872 4476 peccatorum
900 4404 1150 4460 crimina.
1175 4400 1352 4468 Atque
1378 4397 1528 4451 illius
1553 4394 1779 4464 quidem
1805 4395 1858 4448 vi
1915 4403 1972 4449 et
2010 4395 2084 4448 in-

2203 4384 2466 4449 λύτροπον
2513 4379 2783 4452 ἁμαρτίαν
2823 4376 3165 4445 ἐγκλήματα.
3201 4373 3312 4427 Καὶ
3337 4369 3490 4441 ἁλοίη
3535 4370 3634 4440 μέν
3665 4370 3782 4433 πᾶς

518 4497 664 4568 juria
690 4511 856 4552 nemo
894 4511 1006 4549 non
1045 4498 1357 4560 caperetur,
1382 4495 1438 4542 et
1485 4487 1572 4541 vel
1608 4485 1801 4539 nolens
1846 4499 2084 4539 succum-

2204 4491 2288 4536 τις
2310 4469 2424 4536 οὖν,
2453 4472 2546 4526 καὶ
2561 4471 2658 4540 ούχ
2680 4467 2820 4523 ἐκὼν
2839 4466 3186 4520 ὑποκείσεται
3213 4465 3334 4525 ταῖς
3357 4461 3562 4515 ἐκείνου
3584 4459 3784 4514 πλεον-

527 4587 684 4642 beret
737 4586 954 4654 (natura
993 4595 1231 4650 namque
1283 4586 1474 4634 nostra
1518 4575 1838 4632 inﬁrmitate
1892 4575 2084 4630 virium

2205 4563 2398 4629 εξίαις.
2435 4564 2599 4616 Νοσεῖ
2628 4562 2736 4631 γὰρ
2773 4561 2806 4630 ή
2843 4558 3004 4628 φύσις
3035 4555 3095 4609 τὸ
3122 4554 3343 4618 ἀναλκι,
3381 4554 3564 4622 ἐφίησι
3597 4551 3782 4621 γεμὴν

524 4643 782 4746 laborati,
816 4676 922 4730 nisi
952 4674 1009 4728 id
1039 4672 1267 4728 minime
1303 4669 1652 4741 permitteret
1672 4668 1853 4733 Deus;
1885 4674 1940 4721 et
1974 4666 2084 4737 illo:

2203 4656 2320 4710 ούτι
2350 4673 2452 4708 που
2487 4653 2640 4718 Θεὸς,
2687 4650 3056 4722 ἀνασειράςων
3097 4646 3297 4718 τρόπον
3351 4644 3471 4699 τινὰ
3518 4644 3585 4696 τά
3633 4643 3785 4698 κατὰ

527 4770 790 4825 adversus
823 4775 1043 4821 sanctos
1066 4764 1212 4818 viros
1240 4770 1488 4826 conatus,
1513 4776 1576 4816 ac
1603 4759 1822 4829 maligni
1847 4759 1996 4812 illius
2017 4758 2084 4812 in-

2204 4749 2313 4803 τῶν
2340 4747 2508 4816 ἁγίων
2547 4745 2970 4816 ἐπιχειρήματα,
3006 4741 3099 4794 καὶ
3127 4739 3220 4792 τοῦ
3255 4737 3489 4808 πονηροῦ
3518 4737 3616 4799 τάς
3657 4739 3788 4790 ἐπι-

528 4861 696 4916 sidias
717 4859 1018 4914 cohiberet.
1049 4855 1156 4910 Sed
1211 4871 1322 4910 non
1370 4854 1475 4908 alia
1522 4854 1733 4907 ratione
1781 4850 2084 4921 contigisse!

2207 4838 2423 4900 ϐουλάς.
2455 4833 2775 4906 Συμὸέὸηκε
2801 4831 2857 4884 δέ
2875 4831 2973 4900 οὐχ
2993 4830 3194 4900 ἑτέρως
3212 4828 3487 4898 διαδράναι
3508 4828 3577 4879 τὰ.
3604 4826 3785 4900 βλάϐη

530 4951 690 5004 beato
715 4949 947 5005 Abrahae
977 4949 1068 5002 illa
1097 4945 1441 5002 incommoda
1462 4945 1657 5008 vitare,
1687 4943 1793 4997 nisi
1821 4916 2084 5013 ngvptio-

2207 4931 2295 4984 τὸν
2330 4927 2612 4982 Θεσπέσιον
2662 4921 2933 4993 Ἀϐραὰμ,
2981 4921 3029 4972 εί
3060 4919 3154 4990 μὴ,
3186 4919 3283 4991 τὴν
3321 4919 3428 4972 τῶν
3465 4916 3788 4986 Αἰγυπτίων

529 5056 655 5094 rum
681 5040 902 5110 regione
942 5039 1165 5103 relicta,
1206 5038 1273 5092 ad
1315 5044 1558 5091 veterem
1604 5034 1760 5088 illum
1804 5034 2084 5101 divinoqut

2207 5024 2384 5093 ἀφεὶς,
2413 5020 2549 5091 πρὸς
2573 5017 2662 5070 τὸν
2684 5019 2740 5069 ἐν
2771 5017 2912 5087 ἀρχῇ
2941 5014 3035 5068 καὶ
3065 5012 3341 5066 Θεόσδοτον
3374 5011 3787 5081 ἀναπεφοίτηκε

533 5145 760 5186 munere
810 5145 1132 5184 concessum
1199 5128 1294 5183 Dei
1361 5127 1542 5180 locum
1590 5125 1940 5187 revertisset,
1994 5139 2084 5192 qui

2202 5114 2399 5186 χῶρον,
2424 5103 2485 5164 οὗ
2508 5110 2603 5164 καὶ
2625 5107 2923 5178 ἀφιγμένος
2952 5104 3385 5174 σπουδασμὰτων
3404 5102 3623 5171 ἀγαθῶν
3655 5117 3788 5171 σχο-
3848 5139 3853 5145 .

534 5229 889 5292 posteaquam
920 5218 1196 5288 pervenit,
1246 5217 1396 5272 omni
1438 5232 1569 5271 cura
1615 5231 1844 5278 vacuus,
1883 5213 2084 5283 optimi:

2203 5206 2350 5265 λαῖος
2380 5199 2447 5271 ἦν
2471 5197 2827 5268 ἐπιμελητής.
2864 5195 3253 5265 Γέγραπταιδέ
3277 5195 3448 5257 οὕτως
3467 5210 3481 5223 ⁸
3523 5214 3541 5245 ι
3585 5192 3789 5264 Ἀνέϐη

531 5286 984 5382 studiis‘operam
1008 5310 1179 5364 dedit.
1207 5310 1300 5365 Sic
1327 5309 1474 5364 enim
1505 5309 1771 5377 scriptum
1800 5315 1886 5362 est
1913 5325 1926 5358 :
1962 5326 1978 5356 ι
2003 5305 2084 5360 As

2203 5298 2259 5351 δὲ
2301 5295 2552 5366 ’Λὸραάμ
2593 5291 2651 5358 ἐξ
2684 5289 2982 5357 Αἰγύπτου,
3025 5286 3189 5350 αὐτὸς
3221 5288 3373 5357 καὶή
3418 5286 3557 5356 γυνὴ
3589 5286 3788 5350 αὐτοῦ,

534 5404 722 5459 ccndit
772 5377 953 5456 autem
987 5399 1262 5453 Abraham
1313 5413 1379 5451 ex
1426 5395 1680 5465 Egypto,
1727 5396 1842 5464 ipse
1888 5400 1944 5448 et
1974 5406 2080 5445 uxo

2207 5389 2301 5443 καὶ
2330 5389 2506 5443 πάντα
2544 5385 2614 5438 τά
2664 5381 2854 5449 αὑτοῦ,
2899 5380 2993 5434 καὶ
3022 5377 3146 5432 Λὼτ
3187 5381 3304 5450 μετ’
3344 5377 3509 5432 αὑτοῦ
3560 5379 3643 5442 είς
3684 5379 3794 5450 τὴν

534 5497 676 5565 ejus,
705 5504 760 5549 et
780 5493 964 5547 omnia
985 5493 1124 5562 ejus.
1184 5499 1241 5546 et
1284 5489 1385 5545 Lot
1420 5503 1545 5543 cum
1586 5501 1652 5543 eo
1708 5485 1765 5540 in
1805 5485 2084 5540 desertum

2206 5481 2430 5555 ἔρημον..
2474 5475 2722 5549 Ἀϐραὰμ
2762 5473 2821 5528 δέ
2861 5468 2930 5544 ἦν
2980 5471 3233 5536 πλούσιος
3289 5471 3517 5542 σφόδρα,
3561 5473 3792 5545 κτήνεσι

615 5674 660 5706 ⁸³
683 5669 886 5736 0011.3,
920 5672 1006 5735 12,
1043 5672 1124 5729 17.
