4024 6220
342 285 459 344 185

1093 294 1182 351 DE
1216 296 1659 356 ADORATIONE
1697 302 1764 358 IN
1803 303 2076 364 SPlRlTU
2113 309 2202 365 ET
2240 307 2608 366 VERITATE.
2651 309 2778 366 LIB.
2816 311 2860 367 ῐ.

3495 317 3597 372 186

346 398 446 494 καὶ
469 397 745 494 ἀργυρίῳ,
773 402 870 494 καὶ
888 403 1114 474 χρυσίῳ,
1140 408 1234 460 καὶ
1259 409 1528 481 ἐπορεύθη
1555 413 1678 466 ὅποι
1706 413 1905 485 ἐξῆλθε

2025 418 2299 475 Abraham
2330 430 2510 477 autem
2529 429 2649 478 erat
2672 423 2828 478 dives
2860 422 3038 486 valde,
3064 424 3331 494 jumentis
3355 433 3412 480 et
3435 442 3592 493 auro,

345 491 430 552 είς
451 489 553 560 τήν
583 489 789 562 ἔρημον
830 492 932 558 ἕως
967 495 1187 568 Βαιθὴλ,
1217 499 1320 562 ἕως
1356 502 1449 554 τού
1477 503 1662 568 τόπου,
1694 499 1754 558 οὗ
1791 503 1856 578 ἦν
1882 510 1916 577 ἡ

347 581 527 651 σκηνὴ
554 581 722 634 αὐτοῦ
750 584 1038 655 πρότερον,
1085 588 1188 641 ἀνά
1221 590 1382 659 μέσον
1423 592 1645 664 Βαιθὴλ,
1690 596 1784 648 καὶ
1820 598 1923 651 ἀνὰ

347 671 778 742 μέσον.’Δγγαί,
822 676 903 738 εἰς
937 676 1027 728 τὸν
1068 678 1233 732 τόπον
1267 681 1362 734 τοῦ
1407 683 1817 758 θυσιαστηρίου,
1860 681 1921 741 οὗ

344 763 610 833 ἐποίησεν
671 766 790 817 ἐκεῖ
847 767 946 836 τὴν
996 769 1191 840 ἀρχήν.
1249 773 1359 824 Καὶ
1419 776 1748 832 ἐπεκάλεσεν
1807 782 1924 834 ἐκεῖ

357 854 612 926 ’Δὸραάμ
631 855 692 908 τὸ
713 855 882 925 ὄνομα
909 859 1134 928 Κυρίου.
1161 880 1178 912 ι
1206 864 1399 934 Συνίης
1424 861 1516 919 οὖν
1538 868 1621 921 ὅτι
1649 886 1922 924 συναναπ-

344 944 526 1015 αίρειν
555 946 768 1017 ἀνάγκη
792 949 905 1010 τοῖς
936 948 996 1013 ἐξ
1023 950 1292 1021 ἀκρασίας
1317 960 1586 1030 κοσμικῆς
1618 963 1699 1025 εἰς
1730 965 1921 1036 ἑτέραν

345 1036 708 1106 ἀνατρέχουσι
741 1038 881 1110 ζωὴν
930 1041 1114 1110 ἰεράν,
1173 1045 1335 1100 οἰονεί
1380 1049 1557 1104 πάντα
1597 1053 1666 1106 τὰ
1706 1055 1917 1122 αὐτῶνς
1979 1039 1984 1046 ι

351 1129 570 1180 πανοικὶ
597 1127 706 1198 γὰρ
749 1131 844 1183 καὶ
872 1136 1158 1200 παγγενεί,
1205 1138 1499 1211 προσθείην
1532 1144 1576 1196 δ’
1615 1145 1680 1198 ἂν
1705 1146 1788 1199 ὅτι
1821 1148 1913 1201 καὶ

346 1218 680 1282 πανσκευεὶ,
745 1219 846 1289 τῆς
903 1221 1216 1289 Αἰγυπτίων
1268 1229 1680 1304 ἀποδεδράμηκε
1735 1236 1842 1306 γῆς
1890 1239 1918 1291 ὁ

342 1308 649 1379 προπάτωρ
701 1309 972 1381 Ἀϐραάμ.
1013 1315 1108 1366 Δεῖ
1141 1318 1248 1389 γὰρ
1281 1321 1586 1393 όλοτρόπως
1619 1327 1919 1399 ἀποφοιτᾷν

339 1399 431 1451 καὶ
474 1400 703 1452 πανοικί
751 1401 949 1471 τρόπον
986 1406 1108 1460 τινὰ
1162 1409 1588 1481 μεθορμίζεσθαι
1630 1417 1802 1486 φιλεῖν
1839 1421 1918 1484 εἰς

348 1491 442 1560 τὴν
472 1489 706 1561 ἔρημον,
741 1492 886 1545 τοῦτ’
913 1494 1080 1560 ἔστιν,
1129 1500 1209 1560 είς
1241 1501 1678 1574 ἀπαρενόχλητόν
1721 1524 1781 1559 τε
1821 1509 1916 1562 καὶ

345 1580 584 1651 καθαρὰν
614 1581 856 1648 διανοίας
884 1588 1237 1652 κατάστασιν,
1274 1591 1396 1644 ὅθεν
1435 1595 1528 1648 καὶ
1560 1597 1616 1648 ὲν
1655 1598 1847 1667 ἀρχαῖς
1881 1601 1914 1670 ή

349 1671 436 1724 τοῦ
469 1671 761 1744 ἀνθρώπου
810 1676 972 1742 φύσις
1005 1678 1327 1749 ἐκϐέϐηκεν,
1365 1684 1541 1754 ἐνδείᾳ
1571 1685 1679 1738 τῶν
1711 1687 1914 1740 ἀνωθεν

358 1764 562 1830 ἀγαθῶν
590 1765 942 1820 ἀπονεύσασα
976 1770 1112 1839 πρὸς
1138 1771 1210 1824 τὰ
1228 1772 1414 1844 χείρω.
1445 1775 1613 1829 Τοῦτο
1642 1778 1750 1847 γάρ
1779 1780 1910 1831 αἰνι-
1945 1757 1985 1813 Β

371 1855 648 1922 γματωδῶς
674 1859 1114 1927 κατασημήνειεν
1143 1859 1211 1913 ἂν
1255 1863 1288 1932 ὴ
1317 1864 1397 1925 εἰς
1437 1863 1748 1936 ἀλλοτρίους
1777 1867 1910 1920 κάθ-

357 1943 483 2008 οδος,
509 1945 609 1997 ἀπὸ
628 1947 733 2015 γῆς
762 1948 924 1999 οἰονεί
944 1949 1037 2001 καὶ
1069 1951 1272 2020 σκηνῆς
1292 1956 1391 2024 τῆς
1420 1956 1477 2007 ἐν
1500 1955 1696 2027 ἀρχαῖς
1724 1974 1782 2009 τε
1814 1957 1908 2010 καὶ

351 2035 676 2104 ςάαιτάτης,
707 2037 766 2087 ἐν
793 2029 828 2109 ᾖ
863 2037 957 2089 καὶ
981 2037 1377 2110 θυσιαστήριον.
1411 2043 1907 2116 Παλινδρομοῦντες

344 2124 441 2192 γὰρ
468 2123 668 2186 οὕτως,
699 2125 805 2187 ἕως
845 2126 911 2179 ἂν
940 2129 996 2179 ἐν
1020 2128 1172 2198 τόπῳ
1192 2131 1286 2182 καὶ
1315 2129 1468 2202 χώρᾳ
1495 2133 1782 2204 γενώμεθα
1811 2135 1905 2189 τοῦ

340 2214 722 2284 θυσιαστηρίου
756 2215 851 2268 τοῦ
882 2218 939 2268 ἐν
986 2218 1203 2287 ἀρχαῖς,
1252 2220 1394 2273 τοῦτ’
1431 2222 1568 2287 ἔστι,
1606 2223 1698 2276 τοῦ
1740 2225 1905 2279 πάλαι

337 2305 786 2375 προσπεφυκότος
826 2307 1126 2378 ἀγιασμοῦ,
1167 2311 1261 2365 καὶ
1303 2312 1467 2383 ἡμεῖς
1505 2314 1907 2387 ἐπικαλούμεθα

329 2396 412 2448 τὸν
433 2396 549 2450 τῶν
575 2398 716 2450 ὅλων
756 2398 908 2464 Θεὸν,
935 2398 997 2452 τὸ
1026 2403 1364 2472 προφητικὸν
1396 2407 1572 2459 ἐκεῖνο
1611 2407 1904 2480 πρόσρημα

327 2487 574 2556 λέγοντες
592 2505 607 2519 ο
651 2507 669 2540 ι
699 2490 893 2558 Κύριε,
922 2492 1078 2558 ἐκτὸς
1113 2493 1208 2547 σοῦ
1238 2494 1396 2552 ἄλλον
1424 2497 1523 2551 οὐκ
1556 2497 1799 2570 οἴδαμεν.
1831 2501 1904 2554 Τὸ

325 2577 494 2648 δνομά
526 2595 624 2632 σου
661 2580 1024 2653 ὀνομάζομεν.
1071 2602 1091 2636 ι

383 2760 604 2814 ΠΑΛΛ.
658 2761 1004 2815 Ἀστειότατα
1040 2763 1199 2834 ἔφης.

380 2848 554 2903 ΚΥΡ.
594 2849 756 2913 Ἵδοις
779 2851 825 2903 δ’
847 2851 913 2905 ἂν
943 2853 1004 2904 τὸ
1029 2854 1220 2925 χρῆμα
1245 2854 1374 2924 ἡμῖν
1399 2855 1495 2925 ούχ
1526 2856 1728 2928 ἑτέρως
1755 2855 1898 2928 ἔχον,

316 2939 406 2991 καὶ
449 2939 521 2993 τὰ
554 2941 650 2993 ἐπὶ
677 2944 789 3002 τοῖς
808 2943 944 3006 υἰοῖς
985 2944 1198 3015 Ἰσραὴλ
1220 2945 1482 3014 γεγονότα
1507 2948 1648 3001 κατὰ
1677 2951 1901 3019 καιροὺς

314 3025 368 3082 εὖ
426 3031 578 3100 μάλα
609 3031 1101 3103 διασκοπούμενος·
1137 3034 1232 3098 οὓς
1280 3037 1509 3109 ἐπείπερ
1544 3033 1686 3092 εἷλον
1717 3041 1766 3092 οἱ
1799 3042 1897 3094 Αί-

2023 518 2079 567 et
2105 522 2360 581 argento:
2391 522 2448 568 et
2475 514 2609 568 abiit
2635 514 2832 569 itinere
2847 529 2957 583 quo
2994 523 3220 570 venerat
3243 516 3298 570 in
3313 516 3593 571 desertum

2024 619 2197 672 usque
2219 604 2428 668 Bethel,
2457 620 2633 674 usque
2670 605 2738 659 ad
2767 607 2946 659 locum
2981 605 3076 658 ubi
3113 605 3291 661 fuerat
3334 608 3592 662 taberna-

2023 696 2206 749 culum
2237 697 2359 765 ejus
2381 697 2555 764 prius,
2605 697 2711 765 33
2765 697 2909 750 inter
2935 697 3126 752 Betbel
3173 707 3228 752 et
3281 699 3501 768 llaggai,
3533 699 3592 754 in

2020 784 2202 839 locum
2231 785 2440 849 altaris,
2479 785 2626 853 quod
2657 786 2862 840 fecerat
2888 786 2962 840 ibi
2999 786 3176 855 prius,
3223 796 3278 840 et
3314 788 3593 843 invocavit

2021 875 2098 929 ibi
2123 874 2398 929 Abraham
2439 890 2638 929 nomen
2675 876 2891 929 Domini
2920 878 2986 930 ⁸⁷.
3026 897 3044 928 ι
3083 879 3348 949 lntelligis
3397 881 3588 949 igitur,

2020 965 2115 1035 qui
2161 981 2229 1019 ex
2273 964 2696 1034 intemperantia
2738 966 2987 1018 saeculari
3035 966 3103 1020 ad
3148 967 3375 1020 alteram
3419 968 3590 1022 vitam

2020 1065 2335 1120 recurrunt,
2379 1056 2448 1110 iis
2489 1056 2673 1110 omnia
2713 1055 2876 1110 simul
2919 1071 3040 1110 esse
3070 1057 3410 1112 abducenda.
3446 1058 3583 1113 Nam

2019 1164 2145 1203 cum
2175 1148 2430 1202 universa
2472 1147 2701 1211 familia,
2753 1147 3124 1216 universoque
3175 1163 3394 1218 genere,
3453 1149 3588 1203 illud

2017 1239 2184 1292 etiam
2199 1238 2525 1303 addiderim,
2564 1252 2691 1292 cum
2727 1237 2986 1292 universa
3016 1239 3372 1306 supellectili,
3411 1239 3587 1292 Abra-

2019 1330 2143 1384 ham
2175 1329 2486 1399 patriarcha
2529 1345 2597 1384 ex
2637 1328 3017 1400 [Egyptiorum
3049 1331 3270 1399 regione
3310 1331 3581 1400 migravit.

2015 1420 2242 1490 Oportet
2277 1421 2424 1474 enim
2483 1420 2741 1474 omnibus
2792 1420 2969 1473 modis
3010 1420 3315 1483 discedere,
3362 1429 3418 1475 et
3459 1436 3587 1475 cum

2016 1512 2270 1566 universa
2303 1511 2706 1581 quodammodo
2748 1510 2953 1564 familia
2989 1510 3047 1563 in
3085 1509 3363 1564 desertum
3409 1510 3584 1564 demi-

2015 1617 2193 1672 grare,
2250 1601 2306 1656 id
2353 1609 2458 1666 est,
2502 1601 2570 1654 ad
2601 1601 3062 1669 imperturbatum
3109 1609 3166 1654 et
3218 1601 3580 1669 tranquillum

2014 1691 2182 1744 animi
2230 1698 2453 1755 statum,
2489 1689 2633 1744 unde
2670 1689 2740 1743 ab
2781 1689 2940 1742 initio
2965 1688 3204 1741 hominis
3235 1699 3430 1742 natura
3462 1690 3578 1744 dis-

2014 1785 2196 1848 cessit,
2227 1801 2351 1839 cum
2395 1785 2575 1854 inopia
2604 1798 2966 1852 supernorum
2995 1782 3263 1835 bonorum
3303 1782 3370 1835 ad
3399 1783 3584 1851 pejora

2014 1875 2348 1930 declinavit:
2387 1875 2439 1929 id
2462 1877 2610 1931 enim
2644 1891 2742 1944 per
2770 1875 2999 1944 aenigma
3054 1872 3323 1942 signiﬁcat
3361 1872 3452 1926 ille
3513 1872 3582 1926 ad

2013 1974 2226 2022 exteras
2263 1967 2519 2020 nationes
2546 1966 2866 2028 descensus,
2903 1964 2973 2018 ab
3015 1963 3107 2016 illa
3137 1963 3334 2026 veteri,
3391 1969 3448 2016 et
3487 1963 3579 2031 ju-

2013 2057 2346 2112 cundissima
2382 2066 2548 2122 terra,
2579 2059 2635 2112 in
2684 2073 2790 2126 qua
2822 2057 2992 2111 altare
3026 2070 3244 2125 quoque
3268 2062 3422 2108 erat:
3451 2070 3579 2108 nam

2013 2147 2117 2201 hoc
2142 2155 2300 2216 pacto
2329 2155 2697 2211 recurrentes,
2729 2161 3016 2216 quousque
3062 2145 3130 2199 ad
3164 2145 3344 2198 locum
3387 2159 3452 2198 ac
3488 2159 3577 2198 re-

2011 2235 2227 2305 gionem
2274 2237 2662 2305 perveniamus
2701 2234 2891 2288 altaris
2942 2235 3084 2303 ejus,
3126 2234 3273 2302 quod
3312 2233 3380 2286 ab
3417 2231 3578 2286 initio

2011 2326 2208 2391 fuerat,
2235 2327 2291 2381 id
2314 2334 2398 2381 est
2426 2326 2576 2380 illius
2599 2325 2800 2378 veteris
2823 2332 2880 2378 et
2910 2325 3073 2378 nobis
3098 2324 3281 2378 insita:
3306 2323 3576 2378 sanctita-

2009 2417 2105 2482 tis,
2132 2433 2234 2472 nos
2282 2418 2385 2488 ipsi
2425 2431 2645 2486 quoque
2698 2415 3016 2469 invocamus
3054 2429 3237 2467 rerum
3289 2415 3576 2467 universa-

2008 2525 2131 2565 rum
2189 2511 2382 2573 Deum,
2441 2507 2764 2579 prophetica
2825 2506 2919 2559 illa
2966 2505 3242 2559 dicentes:
3279 2504 3572 2567 «Domine,

2006 2608 2160 2657 extra
2196 2609 2248 2655 te
2293 2600 2462 2655 alium
2506 2614 2618 2653 non
2648 2597 2926 2662 novimus,
2956 2610 3158 2650 nomen
3206 2603 3363 2648 tuum
3414 2594 3572 2648 invo-

2005 2706 2194 2748 camus
2221 2692 2286 2746 ’⁸.
2319 2711 2338 2743 ι

2075 2785 2272 2840 PALL.
2297 2783 2705 2854 Elegantissime
2732 2780 2937 2836 dixisti.

2074 2874 2232 2930 CYR.
2265 2875 2322 2928 ld
2352 2883 2534 2929 autem
2563 2887 2674 2928 non
2703 2872 2864 2928 aliter
2887 2888 2946 2927 se
2981 2871 3190 2927 habere
3219 2871 3376 2926 facile
3409 2872 3571 2926 intel-

2003 2965 2160 3036 liges,
2211 2966 2256 3020 si
2307 2982 2429 3036 qua:
2463 2964 2592 3019 ﬁliis
2627 2978 2847 3034 quoque
2877 2962 3049 3017 Israel
3084 2962 3199 3016 suis
3235 2962 3573 3032 temporibus

2004 3055 2346 3119 acciderunt,
2385 3055 2678 3125 diligenter
2701 3052 3010 3123 inspexeris
3055 3069 3068 3105 :
3114 3067 3253 3120 quos
3296 3067 3422 3106 cum
3462 3067 3572 3106 caa-

314 3120 542 3190 γύπτιοι
598 3123 761 3193 λιμοῦ
811 3124 1228 3196 κατωθήσαντος
1274 3130 1333 3181 ἐν
1385 3107 1581 3200 ἀρχαῖς
1630 3131 1724 3184 καὶ
1771 3131 1895 3195 τοὺς

2002 3146 2209 3215 pissent
2237 3107 2515 3215 {Egyptiif
2539 3145 2680 3199 fame
2706 3107 3019 3212 compulsos
3069 3142 3136 3196 ab
3171 3143 3352 3206 initio,
3385 3152 3440 3198 et
3466 3143 3570 3196 ho-

311 3215 522 3269 ἄνωθέν
558 3234 620 3268 τε
656 3219 750 3269 καὶ
791 3219 856 3270 ἐκ
895 3218 1050 3289 ῥίζης
1088 3221 1291 3289 ἁγίων,
1338 3225 1434 3276 καὶ⁴
1473 3223 1789 3295 ἐλευθέρους
1820 3227 1900 3288 εἰς

308 3308 583 3378 ἀδόκητόν
629 3326 690 3361 τε
730 3310 822 3362 καὶ
854 3311 1187 3382 ἀμελέτητον
1219 3315 1401 3378 αὐτοῖς
1438 3314 1898 3384 καταζευγνύντες

309 3397 558 3465 θητείαν,
590 3399 797 3468 ἀγρίως
814 3401 1219 3468 κατεὸιάζοντο,
1236 3405 1335 3473 τῆς
1356 3406 1442 3457 ἐπ’
1465 3407 1658 3469 αὐτοὺς
1681 3406 1899 3476 ὠμότη-

307 3503 394 3550 τος
439 3487 656 3540 τοιάνδε
687 3489 807 3541 τινὰ
850 3489 1133 3556 συνθέντες
1162 3494 1262 3562 τὴν
1291 3495 1566 3567 ἀφορμήν.
1609 3516 1626 3548 ‹
1672 3499 1893 3568 Ἀνέστη

307 3579 438 3648 γὰρ,
481 3599 499 3629 ι
538 3580 696 3649 φησὶ,
731 3600 749 3630 ε
792 3579 1038 3649 βασιλεὺς
1056 3583 1242 3655 ἐτερος
1272 3586 1361 3638 ἐπ’
1393 3589 1684 3655 Αἴγυπτον,
1713 3589 1771 3651 ὃς
1795 3590 1896 3643 οὐκ

310 3669 424 3737 ᾔδει
457 3671 552 3722 τὸν
601 3672 822 3742 Ἰωσήφ.
858 3671 994 3726 Εἷπε
1025 3673 1080 3727 δὲ
1109 3675 1188 3745 τῷ
1220 3678 1367 3744 γένει
1413 3677 1575 3731 αὐτοῦ
1605 3695 1620 3709 ο
1674 3679 1804 3733 Ἰδοὺ
1833 3679 1896 3734 τὸ

306 3759 467 3824 γένος
507 3760 619 3810 τῶν
661 3761 794 3813 υἰών
837 3761 1088 3832 Ἰσραὴλ,
1127 3766 1268 3834 μέγα
1307 3766 1530 3837 πλῆθος,
1575 3767 1669 3821 καὶ
1723 3769 1893 3839 ἰσχύει

308 3847 452 3917 ὑπὲρ
482 3849 656 3917 ἡμᾶς,
697 3849 848 3902 δεῦτε
883 3855 1382 3924 κατασοφισώμεθα
1424 3857 1646 3924 αὐτοὺς,
1683 3860 1892 3929 μήποτε

311 3936 618 4007 πληθυνθῇ,
649 3939 764 4002 καὶ,
789 3940 953 4009 ἡνίκα
982 3943 1076 3996 ἐὰν
1104 3944 1282 4015 συμϐῇ
1315 3945 1570 4017 πόλεμος,
1595 3949 1894 4020 προστεθή-

317 4045 499 4081 σονται
551 4029 650 4081 καὶ
675 4021 820 4082 οὗτοι
857 4033 992 4101 πρὸς
1024 4035 1149 4096 τοὺς
1193 4036 1566 4102 ὑπεναντίους,
1607 4039 1702 4091 καὶ
1725 4042 1891 4094 ἐκποο

306 4119 650 4190 λεμήσαντες
671 4123 838 4192 ἡμᾶς,
869 4124 1242 4190 ἐξελεύσονται
1266 4130 1329 4181 ἐκ
1355 4129 1456 4199 τῆς
1477 4130 1601 4200 γῆς.
1628 4149 1646 4180 ι
1668 4129 1888 4186 Ἐλύπει

306 4209 432 4288 γάρ,
457 4205 642 4279 οἶμαι,
659 4212 751 4266 τὸν
777 4211 878 4282 τῆς
905 4214 1216 4281 Αἰγυπτίων
1243 4216 1536 4287 ἐξάρχοντα
1566 4219 1764 4287 γῆς,τὸ
1787 4219 1891 4273 κᾶν

305 4303 431 4370 γοῦν
478 4303 708 4356 ἑλέσθαι
761 4306 888 4358 ποτέ
939 4306 1072 4376 πρὸς
1121 4306 1430 4378 ἐλευθερίαν
1475 4310 1616 4374 ἰδεῖν,
1661 4313 1788 4373 τοὺς
1832 4311 1889 4378 ἐξ

305 4397 610 4464 ἀναγκαίου
644 4396 865 4466 δεσμοῦ,
895 4397 954 4449 ού
987 4399 1128 4452 κατά
1166 4399 1388 4469 γνώμην
1423 4402 1881 4472 ὑπεζευγμένους.
1917 4435 1960 4487 D

312 4506 329 4536 ι
351 4489 462 4540 Καὶ
477 4489 788 4558 ἐπέστησεν
802 4489 1004 4552 αὐτοῖς,
1025 4491 1211 4559 φησὶν,
1239 4493 1533 4555 ἐπιστάτας
1557 4494 1663 4546 τῶν
1683 4495 1884 4564 ἔργων,

309 4577 392 4628 ἵνα
422 4575 759 4631 κακώσωσιν
796 4577 992 4641 αὐτοὺς
1027 4581 1091 4632 ἐκ
1121 4581 1228 4633 τῶν
1257 4581 1455 4650 ἔργων,
1484 4583 1576 4634 καὶ
1603 4582 1887 4655 ᾠκοδόμη-

309 4682 407 4716 σαν
446 4665 636 4728 πόλεις
664 4666 866 4736 ὀχυρὰς
909 4668 988 4737 τῷ
1034 4668 1233 4739 Φαραὼ
1264 4673 1364 4739 τήν
1405 4688 1465 4724 τε
1506 4671 1748 4734 Πειθὼν,
1797 4673 1891 4727 καὶ

315 4752 621 4823 Ῥαμεσσῆ,
655 4757 748 4807 καὶ
781 4750 902 4821 Ὧν,
925 4759 960 4827 ἦ
994 4759 1143 4812 ἐστιν
1183 4759 1361 4813 Ἠλίου
1405 4762 1576 4826 πόλις.
1620 4781 1637 4812 ι
1671 4765 1890 4834 Καρποὶ

306 4843 412 4914 γὰρ
455 4841 601 4914 ἦσαν
659 4846 758 4916 τῆς
783 4848 1056 4918 ἀφορήτου
1089 4849 1416 4919 πλεονεξίας,
1442 4853 1766 4924 τληπάθειαι
1789 4855 1886 4924 μὲν

307 4931 362 4980 αἰ
410 4930 684 5001 διηνεκεῖς
724 4933 816 4986 ἐπί
852 4952 911 4987 τε
947 4937 1102 5008 πηλῷ
1138 4938 1232 4990 καὶ
1284 4940 1562 5012 πλινθείᾳ,
1599 4942 1783 5005 πόλεις
1827 4944 1884 4996 δὲ

307 5021 614 5090 περιϐόλοις
649 5023 1027 5095 πυργούμεναι
1053 5064 1067 5088 ,
1101 5028 1323 5082 καὶτῶν
1363 5031 1421 5082 ἐν
1463 5032 1652 5101 ἀγροῖς
1694 5034 1882 5104 χωμά-

307 5127 410 5164 των
430 5114 703 5185 ἐγέρσεις,
727 5115 920 5185 ἀμισθί
948 5116 1006 5169 δὲ
1034 5119 1190 5171 ταυτὶ
1208 5119 1302 5172 κα)¹
1333 5121 1428 5173 σὺν
1466 5122 1652 5193 ἱδρῶτι
1680 5126 1876 5196 μακρῷ

1997 3233 2173 3287 mines
2210 3233 2279 3287 ab
2332 3232 2452 3301 ipsa
2501 3233 2773 3301 majorum
2799 3245 3026 3285 suorum
3068 3231 3302 3301 origine,
3329 3247 3360 3286 e
3401 3232 3570 3302 stirpe

1994 3332 2308 3378 sanctorum
2331 3331 2501 3386 ortos,
2529 3333 2584 3378 et
2601 3323 2826 3385 liberos,
2846 3320 2914 3375 ad
2938 3321 3278 3389 inopinatam
3297 3331 3354 3376 et
3379 3322 3568 3376 insue-
3627 3373 3631 3378 .

1995 3420 2132 3468 tam-
2161 3413 2547 3483 subjugassent
2591 3415 2948 3480 servitutem,
2990 3414 3318 3469 immaniter
3361 3412 3571 3466 violen-

1996 3514 2191 3575 terque
2238 3506 2571 3571 tractabant,
2600 3522 2713 3561 suae
2749 3507 3017 3561 adversus
3058 3507 3179 3560 illos
3223 3503 3568 3558 crudelitatis

1994 3598 2098 3654 hac
2120 3600 2407 3654 occasione
2459 3599 2709 3654 conﬁcta.
2764 3618 2782 3651 ι
2815 3600 3068 3654 Surrexit
3115 3599 3323 3660 enim,»
3365 3597 3564 3666 inquit,

2001 3706 2133 3744 «rex
2153 3691 2292 3746 alter
2316 3691 2370 3744 in
2398 3690 2650 3761 Egypto,
2680 3690 2775 3760 qui
2801 3706 2912 3745 non
2959 3700 3187 3745 noverat
3216 3689 3439 3759 Joseph,
3471 3688 3566 3758 qui

1992 3781 2130 3835 dixit
2156 3783 2357 3851 populo
2401 3798 2531 3836 suo:
2565 3783 2705 3838 Ecce
2735 3797 2909 3853 genus
2931 3782 3168 3836 ﬁliorum
3197 3781 3360 3836 Israel
3421 3780 3566 3833 mul-

1992 3882 2227 3936 tumest,
2255 3882 2314 3928 et
2349 3874 2705 3930 multitudine
2757 3876 2904 3930 valet
2943 3890 3109 3945 super
3161 3889 3281 3927 nos.
3346 3872 3562 3934 Venite,

1990 3962 2280 4019 fraudibus
2318 3966 2693 4034 opprimamus
2723 3966 2864 4030 illos,
2890 3981 2960 4020 ne
3006 3965 3148 4018 forte
3194 3961 3564 4031 multiplicen-

1995 4060 2120 4117 tur;
2147 4060 2205 4106 et
2255 4067 2382 4106 cum
2423 4053 2690 4107 acciderit
2729 4054 2892 4107 nobis
2920 4053 3146 4114 bellum,
3197 4051 3564 4121 adjungantur

1990 4139 2154 4194 etiam
2193 4139 2251 4192 hi
2305 4139 2548 4193 inimicis
2590 4139 2829 4203 nostris,
2877 4147 2953 4203 et,
3005 4139 3336 4209 expugnatis
3371 4137 3559 4217 pobis,

1991 4229 2344 4299 egrediantur
2387 4229 2455 4284 de
2495 4237 2640 4283 terra
2670 4229 2736 4283 9°.
2769 4247 2788 4280 ι
2836 4229 3085 4299 Angebat
3119 4231 3288 4294 enim,
3339 4229 3558 4298 opinor,

1988 4315 2364 4386 AEgyptiorum
2391 4324 2552 4370 terra:
2581 4316 2909 4386 principem,
2937 4319 3084 4388 quod
3109 4320 3195 4373 vel
3225 4319 3562 4388 respicerent

1989 4408 2281 4476 aliquando
2305 4407 2525 4462 tandem
2547 4406 2615 4461 ad
2639 4406 2973 4473 libertatem,
3033 4409 3071 4462 ii
3101 4409 3195 4476 qui
3245 4407 3559 4463 necessario

1988 4514 2164 4568 eoque
2191 4509 2388 4568 praeter
2414 4499 2730 4568 opinionem
2750 4499 2992 4564 vinculo,
3025 4499 3296 4568 subjugati
3319 4498 3554 4553 fuerant.

1995 4608 2014 4640 ι
2056 4590 2458 4660 Etprzeposuit,
2495 4609 2512 4641 ι
2560 4590 2760 4658 inquit,
2791 4610 2809 4641 ι
2842 4591 2924 4645 eis
2966 4590 3255 4661 magistros
3301 4605 3554 4659 operum,

1988 4688 2048 4733 ut
2074 4680 2376 4749 aflligerent
2405 4695 2501 4734 eos
2518 4681 2783 4750 operibus
2809 4698 2824 4746 ;
2874 4690 2930 4735 et
2957 4681 3364 4735 mdiﬁcaverunt
3392 4680 3558 4737 urbes

1989 4769 2228 4824 munitas
2257 4771 2550 4835 Pharaoni,
2586 4771 2803 4825 Phitom
2852 4780 2909 4826 et
2948 4773 3256 4835 Ramesses,
3307 4781 3362 4826 et
3410 4771 3553 4837 Hon,

1989 4875 2111 4928 qua:
2134 4867 2219 4914 est
2241 4860 2541 4930 Heliopolis
2575 4863 2612 4914 ¹.
2635 4881 2652 4912 ι
2677 4862 2784 4932 34.
2813 4863 2880 4916 Ili
2909 4878 3144 4931 namque
3169 4863 3383 4916 fructus
3398 4872 3557 4917 erant

1988 4949 2134 5002 illius
2159 4964 2268 5002 non
2307 4948 2521 5003 ferendi
2567 4950 2901 5013 dominatus,
2956 4951 3274 5005 vexationes
3333 4967 3554 5021 nempe,

1988 5046 2150 5106 atque
2177 5053 2435 5092 aerumnae
2479 5038 2714 5092 assiduae
2753 5041 2807 5093 in
2842 5041 2957 5094 luto
2994 5047 3160 5110 atque
3194 5056 3363 5111 opere
3413 5042 3553 5096 late-

1973 5129 2120 5192 ritio,
2159 5129 2326 5183 urbes
2371 5145 2593 5204 quoque
2639 5131 2918 5186 mmnibus
2956 5148 3020 5186 ac
3057 5133 3306 5188 turribus
3336 5133 3550 5198 cinctae,

309 5205 415 5264 τοῖς
453 5205 676 5258 πονοῦσ.
715 5206 1107 5276 διεπεραίνετο.
1150 5209 1284 5263 Ὑπὸ
1323 5215 1480 5283 χεῖρα
1518 5213 1626 5284 γάρ
1667 5215 1878 5278 ἑλόντες

2010 5226 2028 5270 ι
2056 5232 2312 5288 aggerum
2335 5217 2390 5271 in
2407 5218 2553 5288 agris
2581 5220 3000 5275 exstructiones.
3025 5221 3152 5276 Hzec
3180 5230 3363 5276 autem
3385 5235 3551 5290 opera

312 5290 403 5358 τὴν
426 5293 633 5346 ἑαυτῶν
664 5296 712 5345 οἰ
737 5296 1178 5368 κοσμοκράτορες
1205 5299 1299 5353 τοῦ
1327 5302 1522 5364 αἰῶνος
1557 5303 1748 5356 τούτου
1779 5306 1879 5367 τάς

2006 5307 2094 5362 ine
2128 5309 2236 5363 ulla
2267 5310 2544 5375 mercede,
2590 5313 2886 5381 multisque
2910 5327 3035 5366 cum
3066 5311 3362 5366 sudoribus
3395 5311 3550 5364 labo-

315 5381 489 5447 ἀθλίας
526 5386 637 5437 τῶν
679 5386 983 5458 ἀνθρώπων
1014 5386 1210 5459 ψυχὰς,
1248 5392 1404 5463 πηλῷ
1445 5397 1538 5449 καί
1579 5395 1880 5459 πλινθείαις

312 5475 533 5539 καὶτοῖς
565 5479 648 5541 είς
686 5479 791 5549 γῆν
835 5496 895 5532 τε
938 5481 1034 5535 καὶ
1073 5484 1202 5554 περὶ
1233 5485 1336 5556 γῆν
1373 5486 1672 5560 δρωμένοις
1715 5492 1882 5558 ἐγκα-

1977 5407 2161 5455 rantes
2211 5400 2593 5470 perﬁciebant.
2641 5404 2926 5472 Principes
2947 5404 3100 5458 enim
3153 5403 3337 5458 sweuli
3383 5401 3550 5472 hujus

1981 5492 2076 5548 ubi
2099 5493 2202 5548 sub
2232 5493 2500 5553 ditionem
2541 5511 2698 5552 suam
2734 5495 2984 5551 infelices
3013 5495 3227 5551 animos
3262 5494 3548 5552 hominum

377 5651 414 5681 ’⁷
438 5652 568 5708 Gen.
597 5671 654 5724 ι,
687 5656 738 5712 8.
816 5659 860 5693 ³⁸
889 5659 989 5716 lsa.
1020 5679 1140 5718 xxv:
1161 5705 1174 5731 ,
1211 5663 1294 5718 15.
1373 5666 1414 5697 θ’
1441 5666 1610 5724 Exod.
1642 5684 1680 5736 ι,
1723 5667 1875 5723 8-10.

2002 5667 2131 5724 ibid.
2183 5670 2271 5725 “2|.
