4024 6220
397 241 497 298 187

1413 242 1468 298 8.
1510 241 1784 298 CYRILLI
1827 241 2296 301 ALEXANDRINI
2331 243 2649 302 ARCHIEP.

3527 236 3629 291 £88

404 361 686 427 ceperint,
741 357 798 414 in
831 360 947 415 luto
985 375 1049 415 ac
1095 358 1354 414 lateritiis
1398 360 1680 428 operibus,
1727 360 1816 425 iis,
1871 360 1992 424 in-,

2092 363 2404 442 ατρύχουσι,
2456 365 2553 418 καὶ
2595 359 2887 433 πειρασμῷ
2931 355 3151 429 πονηρῷ
3182 373 3242 409 τε
3263 338 3371 410 ’καὶ
3411 358 3629 428 ἀκερδεῖ

299 455 302 458 ’
397 464 581 518 quam,
627 465 747 519 qua:
779 451 833 504 in
864 459 1005 504 terra
1037 458 1092 503 et
1116 448 1260 503 circa
1291 459 1494 504 terram
1528 449 1688 516 ﬁunt,
1714 467 1812 507 eos
1827 467 1961 506 con-

399 549 619 606 terunt,
668 551 725 596 et
765 541 832 595 ad
867 541 1168 596 laboriosas
1201 540 1537 610 inutilesque
1573 543 1965 612 occupationes

398 633 667 686 distentos
687 641 848 700 atque
882 631 1168 685 devinctos
1190 629 1481 702 (ejusmodi
1513 647 1746 702 namque
1768 633 1964 687 viden-

401 737 493 776 tur
524 721 704 776 carnis
727 737 912 790 opera,
945 729 1000 775 et
1028 736 1149 790 qua:
1175 722 1322 776 circa
1362 736 1485 776 eam
1514 720 1672 789 ﬁunt)
1707 721 1963 776 acerbam

398 813 772 881 arumnisque
816 812 1070 870 omnibus
1124 811 1342 880 plenam
1385 811 1555 866 vitam
1619 811 1816 882 degere
1875 826 1966 867 co-

401 911 557 971 gunt,
586 916 707 971 quae
733 901 937 954 nullam
977 915 1202 970 prorsus
1237 900 1328 966 iis,
1369 902 1464 971 qui
1509 899 1972 972 hujusmodi0pe-

405 999 566 1052 ribus
622 993 944 1048 incumbere
996 991 1171 1045 coacti
1219 1000 1368 1056 sunt,
1408 991 1604 1046 aﬁ‘erat
1649 993 1968 1046 utilitatem.

402 1089 543 1158 Quid
591 1086 738 1142 enim
771 1083 968 1138 'carnis
1012 1097 1181 1152 opera
1227 1097 1292 1136 ac
1337 1083 1472 1138 vitia
1505 1083 1721 1138 miserae
1767 1093 1972 1139 nostrae

404 1181 600 1236 animae
638 1175 888 1247 prosint?
921 1174 993 1228 Et
1030 1173 1169 1228 lucri
1216 1171 1464 1243 quaedam
1513 1173 1726 1242 species
1754 1173 1823 1227 ad
1854 1173 1974 1227 dia-

404 1272 593 1327 bolum
649 1284 713 1323 ac
750 1267 1036 1332 daemonan
1063 1264 1384 1335 pertinebit,
1435 1272 1492 1318 et
1529 1263 1970 1318 adversariorum

406 1377 576 1432 regno
609 1368 778 1430 parta;
823 1372 955 1427 Opes
987 1364 1152 1410 erunt
1189 1364 1244 1409 et
1273 1355 1466 1426 gloria,
1511 1354 1970 1424 quemadmodum

405 1453 573 1506 etiam
614 1447 884 1505 Pharaoni
921 1445 1109 1516 gloriae
1161 1459 1270 1498 non
1298 1443 1563 1498 mediocri
1607 1443 1730 1507 fuit,
1766 1451 1828 1497 ut
1867 1459 1973 1512 pu-

2067 456 2469 526 προσδήσαντες
2511 453 2731 525 (τοιάδε
2769 453 2878 522 γὰρ
2921 449 2991 504 τά
3025 448 3224 520 σαρκὸς
3259 449 3354 502 καὶ
3391 450 3460 502 τά
3501 451 3628 520 περὶ

2066 547 2234 618 αὐτὴν
2257 547 2393 618 ἔργα
2419 547 2668 617 φαίνεται
2697 547 2736 610 ),
2760 541 2964 613 πικρὰν
2986 538 3352 609 ἀναγκάζουσι
3372 539 3464 592 ml
3485 557 3631 609 παμ-

2072 636 2342 709 μόχθηρον
2374 637 2569 708 κομιδῇ
2600 633 2987 704 καταδέχεσθαι
3027 632 3190 703 ζωὴν,
3222 632 3256 702 ἡ
3289 630 3410 684 κατ’
3442 629 3635 684 οὐδένα

2066 729 2266 798 τρόπον
2304 729 2417 791 τοῖς
2454 725 2793 796 ἐπιτηδεύειν
2841 721 3277 793 ἠναγκασμένοις
3318 719 3542 773 είσοίσει
3572 719 3634 774 τδ

2067 816 2330 887 ὠφελοῦν.
2361 818 2427 870 Τί
2455 817 2563 887 γὰρ
2597 815 2660 870 ἀν
2702 815 2771 868 τά
2818 813 3020 884 σαρκὸς
3061 813 3199 884 ἔργα
3241 827 3302 864 τε
3344 811 3440 863 ml
3489 811 3634 880 πάθη

2065 909 2165 978 τὴν
2205 907 2394 963 ἀθλίαν
2440 907 2598 979 ἡμῶν
2629 906 2810 975 ὀνήσει
2847 903 3058 974 ψυχήν;
3113 901 3318 970 Κέρδος
3357 899 3414 952 δὲ
3449 899 3635 971 ὥσπερ

2066 999 2410 1053 ἀνακείσεται
2457 995 2588 1068 παρ’
2627 995 2786 1067 ἡμῶν
2833 992 3064 1062 διαϐόλῳ
3107 990 3203 1044 καὶ
3249 987 3491 1058 δαίμοσι,
3544 990 3641 1040 καὶ

2067 1088 2168 1157 τῆς
2199 1087 2305 1141 τῶν
2340 1084 2727 1156 ἀντικειμένων
2761 1082 3037 1154 βασιλείας
3077 1078 3306 1141 πλοῦτος
3344 1078 3498 1130 ἐσται
3546 1078 3643 1130 καὶ

2071 1177 2327 1249 καύχημα
2350 1219 2364 1244 ,
2397 1177 2652 1247 καθάπερ
2690 1174 2883 1245 ἀμέλει
2910 1171 3003 1227 καὶ
3033 1169 3110 1241 τῷ
3138 1167 3337 1240 Φαραὼ
3373 1168 3511 1239 πρὸς
3557 1168 3647 1221 εύ-

2074 1268 2257 1330 κλείας
2302 1267 2360 1321 ὃν
2400 1268 2460 1321 ού
2508 1267 2706 1337 μικρᾶς
2757 1261 2895 1334 ᾤετο
2937 1261 2998 1315 τὺ
3031 1258 3421 1327 ἀναδείμασθαι
3463 1257 3646 1318 πόλεις

2076 1356 2223 1426 αὺτῷ
2238 1356 2364 1419 τοὺς
2379 1355 2441 1419 ἐξ
2475 1349 2691 1426 Ἰσραὴλ
2715 1351 2862 1405 ἀσιτί
2892 1366 2953 1402 τε
2979 1348 3073 1402 ml
3097 1346 3290 1418 ἀμισθὶ
3325 1345 3460 1416 πρὸς
3488 1343 3649 1398 τοῦτο

2077 1445 2176 1514 ἦκε
2185 1461 2232 1497 ιν
2252 1444 2719 1515 ἠναγκασμένους.
3279 1438 3296 1500 ἰ

409 1543 579 1607 tabat,
622 1539 789 1594 urbes
850 1536 956 1591 sibi
1009 1549 1131 1590 esse
1155 1549 1187 1588 a
1222 1532 1349 1588 ﬁliis
1391 1532 1556 1588 Israel
1600 1539 1930 1600 exstructas,
1981 1548 2160 1606 neque
2195 1537 2320 1591 cibo
2359 1535 2472 1591 ullo
2511 1533 2763 1607 praebito,
2803 1544 2982 1602 neque
3017 1525 3293 1593 mercede,
3330 1541 3458 1582 eum
3492 1525 3648 1580 labo-

410 1649 527 1688 rem
557 1629 836 1699 suscipere
882 1627 1106 1683 coactis.

478 1726 678 1783 PALL.
728 1723 820 1780 Sic
873 1737 933 1778 se
966 1737 1058 1777 res
1092 1721 1278 1776 habet.
1327 1719 1425 1775 Est
1456 1733 1693 1788 namque
1736 1725 1832 1772 tua
1871 1717 1970 1774 ad—

2142 1717 2351 1772 ΠΑΔΛ.
2380 1709 2508 1770 ’Ὧδε
2539 1714 2675 1786 ἔχει.
2710 1711 2820 1767 Kal
2848 1709 2957 1782 γάρ
2979 1726 3058 1763 τοι
3088 1707 3208 1762 λίαν
3238 1707 3384 1761 ἐστὶν
3411 1705 3648 1776 ἐναργὴς

413 1816 642 1872 modum
684 1813 912 1868 evidens
941 1811 1138 1866 oratio.

479 1908 638 1964 (ΠΗ.
676 1905 1002 1960 Nostrorum
1028 1902 1195 1972 igitur
1217 1901 1272 1954 in
1306 1900 1469 1954 terris
1505 1899 1748 1954 inanium
1777 1906 1832 1954 et
1858 1913 1985 1968 pro-

421 1997 677 2051 fanorum
691 1994 1020 2056 studiorum,
1056 1991 1285 2046 formam
1319 1989 1722 2058 quodammodo
1751 1997 1808 2042 et
1845 1988 1984 2042 ima-

415 2086 596 2155 ginem
616 2083 776 2138 nobis
810 2082 1182 2138 lsraelitarum
1220 2078 1376 2132 labor
1415 2077 1682 2148 depingit,
1725 2093 1848 2131 cum
1896 2077 1983 2130 in-

414 2185 524 2231 stet
554 2185 720 2245 atque
745 2173 1029 2227 immineat
1066 2169 1316 2233 Satanas,
1355 2169 1582 2240 ejusque
1619 2167 1853 2226 comites
1885 2181 1984 2220 ne-

415 2267 693 2338 quissima:
718 2271 1033 2335 potestates,
1069 2275 1207 2336 quos
1243 2267 1560 2314 exactorum
1613 2272 1843 2327 operum
1887 2271 1988 2310 no-

416 2359 564 2412 mine
591 2357 876 2426 Scriptura
913 2351 1098 2406 divina
1131 2350 1418 2421 signiﬁcat.
1458 2350 1587 2404 Haec
1619 2364 1752 2403 vero
1801 2347 1987 2402 studia

414 2462 778 2505 aerumnosam
805 2444 1189 2500 distentionem
1210 2451 1374 2510 atque
1405 2439 1816 2509 occupationem
1837 2437 1992 2506 equi-

417 2540 543 2594 dem
573 2539 828 2602 dixerim,
851 2535 1069 2590 sudoris
1117 2548 1182 2587 ac
1215 2532 1420 2587 laboris
1451 2533 1689 2601 plenam,
1725 2545 1789 2583 ac
1836 2529 1992 2582 velut

415 2632 535 2685 luto
585 2629 824 2699 quodam
883 2625 1218 2696 impuritatis
1289 2637 1631 2692 caenosaeque
1692 2620 1992 2690 voluptatis

418 2720 711 2789 oppletam.
745 2717 852 2772 Sed
901 2717 1195 2770 miseratus
1261 2722 1346 2769 est
1405 2723 1521 2768 tum
1586 2728 1806 2783 quoque
1845 2712 1992 2765 Deus

418 2827 535 2875 eos,
573 2811 668 2880 qui
699 2825 796 2880 per
831 2819 1098 2864 summam
1139 2806 1473 2876 impietatem
1507 2814 1673 2874 atque
1728 2802 1990 2859 immani-

423 2907 587 2953 tatem
628 2899 818 2967 iniquo
868 2895 1250 2966 Egyptiorum
1300 2893 1583 2947 dominatu
1625 2890 1989 2952 vexabantur,

422 2988 599 3058 iisque
631 2996 830 3058 praeter
864 3002 1026 3040 omne
1069 2986 1161 3055 jus
1201 2984 1393 3053 fasque
1424 2981 1766 3038 serviebant.
1835 2979 1995 3034 Illico

2081 1809 2111 1864 ό
2139 1808 2316 1877 λόγος.

2152 1900 2316 1954 ΚΥΡ.
2367 1895 2736 1951 Ἀνατύπωσιν
2767 1894 2833 1965 δὴ
2865 1887 2958 1946 οὖν
2989 1889 3084 1944 καὶ
3113 1887 3276 1942 οἱονεί
3319 1904 3435 1950 πως
3469 1887 3653 1940 είκόνα

2085 1991 2232 2060 σαφῆ
2261 1989 2368 2043 τῶν
2401 1987 2624 2042 είκαίων
2651 2003 2712 2040 τε
2740 1985 2835 2038 καὶ
2865 1983 3098 2054 ἀνιέρων
3132 1979 3206 2051 (ί)
3243 1979 3334 2032 ἐπὶ
3360 1979 3462 2048 γῆς
3497 1977 3658 2047 ἡμῶν

2085 2081 2512 2151 σπυδασμάτων
2538 2079 2567 2132 ό
2594 2077 2703 2131 τῶν
2751 2073 3097 2147 Ἰσραηλιτῶν
3128 2072 3431 2141 ἀναγράφει
3470 2068 3655 2130 πόνος,

2085 2169 2403 2242 ἐγκειμένου
2451 2185 2512 2221 τε
2556 2167 2650 2221 καὶ¹
2692 2163 3122 2233 ἐπιθρώσκοντος
3151 2157 3316 2213 αὑτοῦ
3344 2174 3405 2211 τε
3440 2156 3532 2210 τοῦ
3556 2157 3664 2208 Σα-

2083 2263 2241 2327 τανᾶ,
2287 2260 2382 2314 καὶ
2424 2257 2533 2311 τῶν
2581 2257 2678 2310 σὺν
2716 2253 2864 2323 αὐτῷ
2911 2250 3192 2321 δυνάμεων
3245 2244 3520 2316 πονηρῶν,
3564 2243 3659 2306 οὓς

2085 2355 2197 2416 τοῖς
2246 2351 2353 2404 τῶν
2405 2345 2782 2420 ἐργοδιωκτῶν
2825 2343 3084 2413 ὀνόμασιν
3143 2341 3176 2410 ἡ
3227 2337 3347 2392 θεία
3405 2335 3660 2406 σημαίνει

2087 2443 2276 2515 Γραφή
2293 2459 2307 2474 ·
2338 2441 2428 2493 τὸν
2459 2439 2691 2509 πονηρὸν
2713 2437 2770 2490 δὲ
2796 2432 3179 2505 περισπασμὸν
3201 2430 3369 2499 φαίην
3395 2428 3460 2482 ἀν
3486 2427 3662 2494 ἔγωγε

2087 2533 2264 2597 ταυτὶ,
2294 2530 2486 2601 μεστὸν
2515 2529 2613 2599 μὲν
2645 2524 2868 2596 ἱδρῶτος
2897 2523 2992 2577 καὶ
3023 2522 3208 2586 πόνου,
3237 2515 3664 2585 ἀναπεπλησμέ-

2088 2642 2179 2680 νον
2206 2625 2262 2678 δέ
2287 2625 2473 2694 ὥσπερ
2504 2619 2676 2692 πηλοῦ
2711 2618 2802 2672 καὶ
2836 2613 3177 2686 ἀκαθαρσίας
3197 2653 3212 2677 ,
3246 2612 3340 2665 καὶ
3387 2607 3663 2679 βορϐορώ-

2089 2719 2210 2781 δους
2235 2715 2448 2787 ἡδονῆς.
2495 2713 2630 2767 Ἀλλ’
2665 2711 2813 2781 ἠλέει
2847 2710 2940 2762 καὶ
2970 2707 3092 2761 τότε
3119 2704 3252 2767 Θεὸς
3281 2703 3406 2764 τοὺς
3439 2699 3667 2755 ἀνοσιὼ-

2090 2810 2228 2864 τατά
2255 2825 2315 2862 τε
2347 2806 2440 2861 ml
2480 2802 2795 2875 ἀγριώτατα
2835 2801 2954 2862 ταῖς
2993 2797 3100 2850 τῶν
3139 2791 3449 2862 Αἰγυπτίων
3483 2790 3669 2842 πλεον-

2091 2902 2262 2967 εξίαις
2293 2898 2750 2972 κατῃκισμένους,
2774 2894 2868 2948 ml.
2910 2889 3040 2962 παρ’
3074 2886 3206 2941 αὐτὸ
3242 2885 3302 2938 τὸ
3334 2883 3510 2954 χρεὼν
3545 2881 3668 2933 δου-

2091 2991 2363 3053 λεύοντας.
2402 2985 2701 3056 ’Υπουργδν
2729 2982 2842 3053 γὰρ
2865 2980 2968 3050 τῆς
2993 2979 3073 3041 είς
3093 2975 3291 3038 αὐτοὺς
3311 2973 3669 3044 ἡμερότητος,

424 3096 661 3150 namque
694 3095 804 3134 suae
835 3093 966 3148 erga
1024 3077 1148 3132 illos
1195 3073 1551 3144 benignitatis
1599 3069 1984 3127 administrum

2092 3083 2180 3137 τὸν
2208 3082 2541 3150 πανάριστον
2565 3078 2727 3140 εὐθὺς
2765 3074 3000 3129 ἐποιεῖτο
3029 3069 3256 3126 Μωσέα.
3290 3067 3362 3119 Ἦ
3402 3063 3511 3133 γὰρ
3552 3061 3673 3132 οὐχὶ

424 3170 646 3240 Moysen
705 3168 976 3238 optimum
1034 3165 1219 3220 virum
1273 3164 1459 3234 elegit.
1491 3161 1676 3228 Quid?
1728 3175 1837 3214 non
1890 3158 1995 3211 hoc

334 3320 342 3332 ,
427 3262 606 3330 ipsum
640 3257 1009 3328 comperimus
1063 3257 1236 3312 Deum
1273 3270 1402 3324 erga
1439 3267 1542 3307 nos
1577 3243 1797 3306 facere?
1827 3247 1997 3304 Nobis

423 3350 572 3405 enim
601 3349 657 3402 in
683 3355 906 3417 peccata
935 3345 1103 3415 lapsis
1135 3341 1577 3398 misericordiam
1613 3337 1885 3408 impertit,
1917 3342 1997 3389 at—

422 3456 533 3511 que
556 3441 611 3494 ἱιι
630 3437 874 3493 omnium
915 3436 1176 3492 cordibus
1197 3435 1348 3488 illico
1378 3447 1532 3487 suam
1569 3431 1747 3500 legem
1779 3427 1994 3490 inserit,

426 3547 550 3600 quae
582 3532 733 3585 velut
770 3529 1041 3586 mediator
1072 3526 1296 3597 quidam
1334 3524 1402 3578 ad
1431 3523 1663 3578 liberam
1703 3535 1806 3575 nos
1837 3526 1996 3573 reto-

429 3630 517 3678 cet
543 3623 732 3676 vitam.

502 3711 698 3766 PALL.
729 3709 978 3779 Intelligo
1012 3705 1160 3776 quod
1192 3704 1352 3760 dicis.

499 3801 658 3858 ΟΥΕ.
723 3800 892 3856 Visne
933 3798 1122 3868 igitur,
1177 3794 1283 3865 35
1330 3801 1412 3858 ut,
1472 3791 1706 3846 historia
1754 3787 1999 3843 breviter

431 3892 848 3962 camprehensa,
883 3888 1065 3960 quoad
1101 3886 1220 3942 ﬁeri
1265 3884 1491 3956 poterit,
1528 3879 1887 3952 congruentia
1914 3877 2000 3935 di-

432 3984 664 4042 camus?

506 4073 702 4131 PALL.
721 4071 953 4126 Maxime
981 4085 1135 4125 vero.

504 4161 662 4217 CYR.
731 4161 821 4215 Sic
855 4160 1025 4230 igitur
1062 4159 1327 4228 scriptum
1351 4164 1473 4212 est:
1519 4155 1685 4210 (Post
1739 4153 1856 4207 haec
1920 4149 2005 4204 in-

435 4271 659 4328 gressus
681 4262 765 4308 est
789 4254 1002 4325 Moyses
1033 4261 1089 4307 et
1116 4253 1296 4307 Aaron
1318 4252 1385 4306 ad
1420 4251 1798 4312 Pharaonem;
1823 4255 1881 4300 et
1915 4245 2002 4298 di-

2095 3172 2188 3225 καὶ⁴
2212 3173 2291 3234 είς
2318 3171 2465 3241 ἡμᾶς
2499 3167 2694 3231 αὐτοὺς
2724 3164 2881 3219 τοῦτο
2918 3160 3133 3233 δρῶντα
3165 3157 3294 3210 Θεὸν
3329 3155 3671 3226 εὐρήσομενς

2095 3261 2487 3332 Διωλισθηκόσι
2513 3259 2624 3330 γὰρ
2656 3259 2786 3329 ἡμῖν
2812 3259 2892 3320 είς
2925 3254 3218 3327 ἁμαρτίας,
3245 3250 3530 3322 χαρίζεται
3573 3247 3674 3319 pta

2097 3351 2186 3405 τὸν
2215 3350 2383 3417 ἔλεον,
2419 3349 2648 3420 μεσίτην
2672 3347 2729 3401 δὲ
2761 3345 2950 3418 ὥσπερ
2985 3343 3121 3416 πρὸς
3154 3341 3446 3412 ἐλευθέραν
3470 3338 3676 3407 ἀναφέ-

2100 3458 2262 3513 ροντα
2305 3439 2450 3512 ζωὴν
2499 3441 2557 3492 ἐν
2594 3439 2713 3501 ταῖς
2749 3436 3003 3491 ἁπάντων
3051 3433 3300 3504 καρδίαις
3343 3431 3434 3486 τὸν
3477 3431 3677 3483 οἰκεῖον

2098 3531 2260 3593 εὐθὺς
2301 3531 2475 3602 ἐνίησι
2505 3529 2689 3600 νόμον.

2171 3703 2382 3756 ΠΑΛΛ.
2405 3700 2635 3772 Συνίημι
2656 3699 2684 3754 ὃ
2703 3699 2830 3772 φής.

2170 3794 2332 3848 ΚΥΡ.
2365 3793 2552 3848 Βούλει
2575 3792 2640 3863 δὴ
2673 3787 2789 3856 οὖν,
2823 3789 2885 3843 τὸ
2919 3789 3120 3853 πλάτος
3145 3788 3244 3858 τῆς
3281 3783 3523 3856 ἱστορίας
3551 3783 3678 3835 ἐπι-

2100 3887 2375 3958 τεμόντες,
2407 3885 2482 3948 ὡς
2508 3883 2587 3938 ἔνι
2610 3882 2678 3936 τά
2703 3882 2889 3936 εἰκότα
2917 3879 3197 3950 λέγωμεν;

2173 4058 2381 4113 ΠΑΛΛ.
2414 4055 2527 4111 Καὶ
2558 4055 2724 4126 μάλα.

2172 4143 2695 4219 ΚΥΡ.⁶Γέγραπται
2724 4147 2903 4201 τοίνυν
2947 4145 3079 4200 ὡδί·
3117 4163 3136 4198 ι
3186 4141 3294 4198 Καὶ
3337 4140 3472 4213 μετὰ
3510 4139 3682 4194 ταῦτα

2103 4243 2318 4312 εἰσῆλθε
2350 4242 2552 4317 Μωσῆς
2589 4242 2682 4293 ml.
2723 4238 2933 4308 Ἀαρὼν
2967 4237 3104 4308 πρὸς
3133 4234 3364 4306 Φαραὼ,
3407 4233 3500 4286 ml.
3531 4226 3682 4283 εἷπον

436 4323 636 4406 serunt
659 4347 709 4402 ei
736 4364 749 4399 :
781 4323 908 4402 Haec
934 4346 1068 4400 dicit
1085 4345 1348 4399 Dominus
1367 4343 1514 4396 Deus
1541 4339 1706 4394 Israel
1733 4355 1747 4390 :
1781 4336 1992 4391 Dimitte

2105 4333 2272 4403 αὐτῷ’
2313 4331 2451 4385 Τάδε
2479 4330 2631 4399 λέγει
2672 4328 2876 4401 Κύριος
2915 4330 2944 4382 ὁ
2977 4327 3108 4391 Θεὸς
3167 4325 3411 4396 Ἰσραήλ·
3460 4323 3695 4388 Ἐξαπό-

437 4441 700 4517 populum
738 4453 943 4500 meum,
973 4445 1034 4490 ut
1069 4434 1204 4488 mihi
1246 4433 1446 4486 festum
1495 4429 1778 4485 celebrent
1810 4427 1867 4480 in
1903 4425 1992 4480 de-

2110 4397 2316 4477 στειλον
2361 4423 2455 4475 τὸν
2503 4397 2630 4474 λαόν
2681 4397 2804 4491 μου,
2857 4420 2944 4472 ἵνα
2995 4435 3085 4490 μοι
3125 4416 3456 4517 ἐορτρσωσιν
3506 4414 3565 4465 ἐν
3615 4414 3682 4482 τῇ

435 4541 605 4588 serto.
637 4531 706 4584 Et
735 4529 875 4583 dixit
902 4527 1144 4582 Pharao:
1175 4522 1310 4589 Quis
1331 4528 1435 4584 est,
1461 4528 1522 4573 ut
1555 4519 1774 4573 audiam
1814 4531 2005 4571 vocem

437 4620 578 4688 ejus,
623 4625 683 4670 ut
729 4615 1005 4668 dimittam
1045 4611 1187 4664 ﬁlios
1238 4608 1442 4663 Israel?
1475 4607 1593 4661 Non
1639 4607 1767 4659 novi
1819 4604 2008 4658 Domi—

441 4724 593 4772 num,
619 4717 675 4762 et
704 4705 870 4760 Israel
907 4718 1016 4758 non
1064 4701 1334 4755 dimittam
1361 4699 1402 4750 '.
1443 4717 1460 4748 ι
1504 4697 1713 4768 Moyses
1761 4695 1908 4749 enim
1961 4702 2018 4750 et

442 4799 620 4854 Aaron
652 4813 720 4852 ex
742 4795 1116 4866 [Egyptiorum
1140 4791 1360 4862 regione
1401 4805 1465 4844 ac
1494 4799 1638 4843 terra
1672 4786 1873 4841 dimitti
1911 4785 2007 4841 de-

443 4891 572 4946 bere
619 4889 878 4960 populum
933 4885 1101 4940 lsrael
1159 4881 1576 4946 conﬁrmabant,
1634 4880 1745 4934 Deo
1795 4879 1862 4933 ad
1926 4877 2010 4932 fe-

443 4989 588 5035 stum
643 4979 911 5050 agendum
967 4982 1250 5030 evocante.
1332 4973 1555 5027 Festum
1624 4971 1774 5026 enim
1825 4983 2014 5024 revera

443 5077 528 5123 est
575 5077 778 5122 coactae
831 5065 1115 5120 servitutis
1169 5079 1200 5117 a
1265 5077 1322 5117 se
1373 5062 1564 5132 jugum
1609 5068 1886 5123 excutere,
1960 5067 2015 5113 et

448 5162 503 5216 in
576 5158 673 5214 Dei
732 5173 853 5212 esse
930 5165 1197 5227 praeterea
1267 5161 1570 5224 potestate,
1637 5167 1868 5222 quaeque
1937 5151 2015 5205 illi

447 5263 600 5326 grata
686 5259 814 5306 sunt
901 5248 1169 5318 exsequi,
1228 5247 1449 5301 nemine
1538 5245 1836 5299 obsistente
1870 5284 1884 5308 ,
1959 5244 2014 5298 id

449 5357 549 5411 est,
590 5344 809 5399 nemine
843 5350 1070 5412 cogente
1135 5338 1202 5393 ad
1237 5337 1291 5391 id
1332 5335 1747 5406 suscipiendum
1786 5343 1842 5389 ct
1893 5349 2014 5389 am-

520 5485 539 5514 ²
560 5480 730 5563 Exoil.
758 5495 810 5544 v,
850 5477 901 5542 I,
951 5475 1006 5529 2.

527 5593 602 5658 (l)
637 5593 726 5648 Sic
751 5594 873 5649 cod.
901 5592 1022 5648 Vat.
1047 5591 1182 5649 Cod.
1219 5591 1424 5659 Sirleti,
1459 5590 1715 5661 ἀνιαρῶν,
1751 5587 2083 5643 molestor:..-:

2106 4515 2318 4586 ἐρήμῳ.
2354 4512 2467 4566 Kal.
2495 4508 2616 4566 εἶπε
2641 4509 2860 4581 Φαραώ·
2890 4509 2985 4572 Τίς
3014 4509 3182 4569 ἐστιν,
3210 4497 3270 4559 οὗ
3297 4501 3683 4570 είσακούσομαι

2106 4604 2206 4672 τῆς
2244 4600 2429 4670 φωνῆς
2481 4598 2680 4662 αὑτοῦ,
2729 4598 2870 4652 ὥστε
2928 4593 3307 4663 ἐξαποστεῖλαι
3359 4591 3484 4653 τοὺς
3537 4589 3684 4650 υἱοὺς

2124 4694 2374 4766 ’1σραήλ;
2408 4693 2522 4745 Ούκ
2547 4688 2664 4746 οἶδα
2697 4691 2787 4744 τὸν
2819 4688 3042 4758 Κύριον,
3073 4687 3167 4740 ml.
3202 4685 3293 4738 τὸν
3345 4681 3560 4751 Ἰσραὴλ
3584 4680 3690 4732 οὐκ

2113 4780 2474 4848 ἐξαποστελῶ.
2530 4798 2548 4831 ι
2603 4780 2666 4834 Οί
2722 4778 2820 4848 μὲν
2869 4777 2976 4848 γὰρ
3033 4775 3177 4845 ἀμφὶ
3231 4772 3434 4827 Μωσέα
3477 4776 3547 4822 τε·
3590 4768 3684 4821 καὶ

2127 4874 2356 4946 Ἀαρὼν,
2386 4875 2486 4942 τῆς
2517 4871 2830 4939 Αίγυπτίων
2862 4868 3044 4940 χώρας
3077 4884 3138 4919 τε
3170 4865 3266 4919 ml
3302 4864 3404 4934 γῆς
3443 4861 3684 4917 ἀνεῖσθαι

2112 4965 2220 5019 δεῖν
2247 4960 2641 5018 διεϐεϐαιοῦντο
2681 4961 2773 5013 τὸν
2819 4958 3068 5030 Ἰσραὴλ,
3097 4956 3232 5010 Θεοῦ
3275 4955 3566 5015 καλοῦντος
3606 4953 3686 5014 εἰς

2113 5059 2324 5128 ἑορτήν·
2369 5055 2529 5125 ἐορτὴ
2562 5053 2668 5123 γὰρ
2695 5052 2862 5115 ὅντως
2894 5050 3099 5122 ἀληθὴς
3121 5050 3212 5101 τὸν
3237 5047 3338 5117 τῆς
3365 5045 3685 5113 ἀνεθελὴτου

2110 5147 2354 5210 δουλείας
2381 5143 2752 5199 ἀπολύσασθαι
2794 5142 2976 5211 ζυγὸν,
3009 5141 3104 5194 καὶ
3133 5140 3240 5193 ὑπὸ
3277 5137 3399 5208 Θεῷ
3432 5134 3690 5204 γενέσθαι

2111 5240 2314 5302 λοιπὸν,
2356 5237 2449 5290 ml
2487 5236 2557 5288 τὰ
2585 5233 2733 5305 αὑτῷ
2759 5233 2977 5304 θυμήρη
3009 5231 3271 5303 πληροῦν,
3303 5228 3688 5294 ἀντεξάγοντος

2112 5330 2344 5406 οὐδενὸς,
2383 5329 2549 5398 ἤγουν
2585 5326 2648 5381 τὸ
2687 5325 2835 5397 αὐτῷ
2877 5322 3068 5380 δοκοῦν
3118 5320 3437 5377 ἀνθελέσθαι
3488 5333 3549 5370 τε
3595 5315 3689 5368 καὶ

2072 5626 2104 5636 ιλ
