4024 6220
362 262 468 323 £89

1113 274 1202 331 DE
1238 272 1684 334 ADORATIONE
1718 277 1789 334 IN
1822 277 2096 339 SPIRITU
2137 284 2227 339 ET
2268 286 2635 345 VERITATE.
2675 292 2805 347 LIB.
2847 293 2889 348 Ι.

3528 292 3631 348 190

365 381 590 477 ἀγαπᾷν
605 382 1047 477 ,ἀναγκάζοντοςι
1086 389 1515 461 Ἀθυρογλωττεῖ
1550 392 1606 446 δὲ
1638 392 1760 448 λίαν
1790 395 1820 448 ὁ
1851 395 1946 449 Φα-

2059 405 2434 475 plcctcndum,
2476 408 2624 477 quod
2657 408 2764 463 sibi
2801 408 3077 464 videatur.
3115 407 3387 465 Caeterum
3416 409 3630 466 Pharao

362 469 498 541 ραὼ,
534 473 629 526 καὶ
676 474 773 544 τῆς
796 474 892 528 τοῦ
920 476 1054 529 Θεοῦ
1083 478 1242 549 δόξης
1269 480 1774 553 καταθρασύνεται,
1809 488 1947 555 μήτε

358 563 450 616 τὸν
475 563 683 634 Κύριον
712 567 861 629 ὅστις
891 567 1021 620 ποτέ
1046 570 1192 623 ἐστιν
1224 572 1420 626 εἰδέναι
1446 573 1641 641 λέγων,
1670 576 1807 645 μήτε
1840 575 1948 647 μὴν

357 653 579 726 ἀνήσειν
600 655 691 708 τὸν
734 656 972 729 Ἰσραήλ.
1005 660 1321 731 Καταλήγει
1347 663 1403 716 δὲ
1425 665 1675 736 οὐδαμῶς
1692 669 1722 720 ό
1749 666 1947 720 θεσπέ-

357 759 473 806 σιος
508 744 739 814 Μωσῆς,
784 745 1250 818 ἀποπεραίνεσθαι
1282 751 1340 804 δὲ
1368 752 1475 807 δεῖν
1502 755 1563 807 τὸ
1602 755 1681 826 τῷ
1710 756 1830 828 Θεῷ
1859 758 1948 811 δο-

353 834 489 888 κοῦν
518 830 577 887 εὖ
608 836 755 906 μάλα
780 836 1191 910 διισχυρίζεται.
1222 844 1689 914 Παραποδίζοντος
1720 848 1829 921 γὰρ
1869 853 1949 915 εἰς

353 924 676 996 ἐλευθερίαν
711 926 852 981 ἰέναι
883 927 975 1003 τοῦ
1002 931 1235 996 Σατανᾶ,
1267 935 1395 999 τοὺς
1422 936 1583 1009 οἵπερ
1614 937 1682 992 ἂν
1712 936 1821 996 εἷεν
1856 942 1948 995 ὑπ’

353 1016 505 1086 αὐτῷ
548 1019 840 1086 γεγονότες
876 1023 1330 1093 κατανδρίζεσθαι
1367 1028 1505 1100 χρὴ,
1559 1030 1653 1083 καὶ
1691 1032 1949 1102 ἀμεινους

354 1107 608 1175 γίνεσθαι
633 1108 837 1173 παντὸς
866 1111 988 1182 μὲν,
1020 1112 1197 1184 οἶμαι,
1218 1115 1342 1187 δίχα
1371 1118 1715 1191 κωλύματος,
1747 1124 1948 1194 ἥκιστα

351 1199 535 1269 γεμὴν
582 1199 816 1271 ὁρᾶσθαι
874 1202 1102 1268 δειλοὺς,
1163 1206 1278 1260 ἀλλ’
1318 1209 1601 1277 ἐγκεῖσθαι
1649 1212 1945 1280 λέγοντας·

355 1304 379 1339 c
421 1289 486 1341 ὐ
516 1287 653 1351 Θεὸς
675 1288 787 1342 τῶν
821 1289 1087 1361 Ἐϐραίων
1112 1296 1517 1368 προσκέκληται
1541 1301 1711 1371 ἡμᾶς.
1740 1303 1949 1373 Πορευ-

353 1378 564 1448 σόμεθα
592 1374 689 1433 οὖν
714 1380 831 1434 ὁδὸν
858 1382 1023 1454 τριῶν
1046 1385 1273 1456 ἡμερῶν
1299 1390 1380 1452 εἰς
1404 1389 1501 1461 τὴν
1531 1391 1770 1464 ἔρημον,
1800 1395 1949 1458 ὅπως

354 1469 615 1540 θύσωμεν
658 1471 738 1543 τῷ
777 1471 896 1544 Θεῷ
929 1474 1122 1545 ἡμῶν,
1170 1479 1246 1549 μή
1295 1497 1423 1533 ποτε
1459 1486 1770 1556 συναντήσῃ
1818 1486 1950 1555 ἡμῖν

356 1562 586 1626 θάνατος
617 1564 653 1635 ἧ
686 1565 866 1634 φόνος.
907 1586 927 1618 ι
963 1568 1135 1621 Ταυτὶ
1159 1569 1268 1642 γὰρ
1295 1572 1423 1641 ἡμῖν
1453 1574 1546 1627 καὶ
1580 1576 1608 1628 ό
1636 1576 1799 1645 σοφὸς
1827 1577 1949 1629 τότε

359 1654 706 1726 διεκεκριήει
726 1656 953 1727 Μωσῆς.
984 1658 1059 1710 Οὐ
1082 1658 1191 1730 γὰρ
1210 1660 1274 1732 δὴ
1299 1661 1422 1716 καθ’
1448 1665 1765 1737 ὁμοιότητα,
1788 1668 1945 1738 φησὶ,

368 1747 459 1818 τὴν
509 1748 643 1818 πρὸς
694 1749 862 1819 ὑμᾶς,
915 1744 961 1804 ὧ
1013 1750 1335 1821 Αἰγύπτιοι,
1396 1755 1595 1825 μόσχος
1643 1759 1778 1828 ἡμῖν
1833 1761 1946 1823 τοῖς
1979 1755 2029 1814 Β.

384 1837 642 1909 Ἑϐραίοις
675 1839 737 1892 τὸ
773 1840 960 1905 σέϐας,
1001 1842 1115 1895 ἀλλ’
1151 1844 1272 1897 οὐδὲ
1309 1844 1425 1911 σῦς,
1472 1848 1506 1918 ἦ
1537 1848 1716 1922 αἲξ,ἢ
1749 1850 1947 1922 βρέτας

371 1931 576 2002 ἀνδρὸς,
594 1933 682 1986 καὶ
703 1934 922 2005 πτηνῶν
940 1935 1313 2008 ἀποσκίασμα,
1332 1940 1425 1992 καὶ
1444 1941 1691 2011 ἑρπετῶν
1714 1945 1943 2010 εἰκόνες,

365 2024 428 2076 τὰ
456 2025 513 2076 ἐν
543 2026 729 2094 σηκοῖς
762 2025 1040 2096 ἱδρυμένα.
1082 2026 1467 2099 Ἐπικέκληται
1489 2030 1546 2084 δὲ
1579 2034 1728 2103 ἡμᾶς
1758 2037 1786 2087 ὁ
1813 2034 1946 2098 Θεὸς

360 2117 452 2167 καὶ
476 2116 779 2187 Δεσπότης,
812 2118 870 2181 ὃς
901 2117 1021 2172 τόδε
1052 2118 1275 2189 σύμπαν
1320 2120 1720 2195 διετεκτήνατο.
1755 2127 1945 2195 Μέγας

356 2202 446 2261 οὖν
476 2209 609 2279 ἄρα,
652 2211 748 2263 καὶ
780 2212 893 2274 τοῖς
922 2211 1240 2280 Αἰγυπτίων
1277 2212 1636 2281 ἀσύντακτος,
1674 2218 1768 2271 καὶ
1804 2218 1945 2289 ὑπὲρ

351 2300 537 2354 πᾶσαν
569 2300 672 2371 τὴν
707 2301 882 2355 κτίσιν
904 2343 918 2368 ,
951 2303 980 2355 ό
1012 2302 1120 2356 τῶν
1161 2302 1428 2375 Ἐϐραίων
1461 2305 1627 2372 Θεὸς,
1654 2308 1713 2371 δς
1740 2310 1821 2372 είς
1848 2310 1945 2381 τὴν

350 2390 564 2460 ἔρημον
620 2394 768 2462 ἡμᾶς
823 2393 1013 2459 καλεῖ,
1069 2394 1167 2465 τὴν
1213 2396 1506 2467 εὐάρεστον
1551 2397 1701 2469 αὐτῷ
1753 2398 1944 2454 θυσίαν

352 2483 829 2552 προσκομιοῦντας
856 2485 993 2537 ἐκεῖ.
1032 2488 1364 2557 Σκοτισμὸς
1402 2489 1499 2559 μὲν
1536 2484 1629 2543 οὖν
1657 2489 1935 2560 Αἴγυπτος

353 2571 703 2641 ὀνομάζεται,
733 2576 933 2647 χρῆναι
959 2577 1015 2631 δὲ
1049 2573 1204 2649 οἶμαι
1231 2581 1358 2644 τοὺς
1389 2582 1548 2652 οἵπερ
1577 2582 1744 2653 ἐσμὲν
1778 2601 1944 2637 πνευ-

358 2664 605 2732 ματικῶς
645 2665 1006 2735 προσϐάλλειν
1043 2672 1157 2733 τοῖς
1194 2671 1251 2724 ὲν
1295 2673 1425 2743 σκιᾷ
1471 2673 1567 2725 καὶ
1593 2673 1808 2738 τύποις.
1852 2677 1946 2728 Δεῖ

351 2755 464 2825 γὰρ
510 2759 661 2827 ἡμᾶς
704 2759 1112 2827 ἀποφοιτῶντας
1148 2757 1208 2815 εὖ
1240 2764 1384 2833 μάλα
1415 2764 1614 2830 παντὸς
1644 2762 1798 2837 οῐμαί
1838 2785 1941 2820 που

351 2847 682 2919 πράγματος
694 2849 787 2903 τοῦ
809 2856 1165 2907 κατασκοτεῖν
1189 2855 1440 2919 εἰωθότος
1457 2897 1472 2921 ,
1492 2858 1585 2910 καὶ
1602 2856 1792 2929 ὥσπερ
1824 2858 1943 2912 τινὰ

348 2940 536 3010 χώραν
581 2941 951 3012 ἐκϐεϐηκότας
988 2944 1086 3016 τὴν
1122 2945 1227 2999 ὑπὸ
1259 2946 1336 3017 τῷ
1367 2947 1616 3019 τυράννῳ
1644 2949 1900 3020 κειμένην
1923 2989 1939 3015 ,

349 3034 497 3103 φημὶ
534 3033 601 3104 δὴ
627 3033 706 3104 τῷ
737 3035 970 3107 Σατανᾷ,
1001 3036 1064 3090 τὸ
1095 3038 1153 3090 ὲν
1180 3038 1479 3110 ἁμαρτίαις
1506 3039 1747 3105 εὔκολον,
1779 3057 1941 3112 μετα·-

350 3128 554 3195 χωρεῖν
601 3126 921 3195 ἐπείγεσθαι
963 3128 1229 3193 νεανικῶς
1279 3132 1360 3193 είς
1406 3132 1700 3203 ἀνειμένην
1747 3151 1807 3187 τε
1846 3135 1942 3188 καὶ

350 3215 745 3289 καθαρωτέραν
768 3217 936 3289 ζωὴν,
959 3219 1054 3273 καὶ
1076 3218 1350 3284 πολιτείας
1370 3221 1597 3290 ἐννόμου
1619 3222 1944 3294 διαστείχειν

348 3307 494 3373 ὁδὸν,
525 3311 625 3380 οὐχ
660 3311 1030 3383 ὑποκειμένην
1060 3310 1301 3383 δαίμοσι·
1347 3313 1694 3385 δυνησόμεθα
1738 3315 1846 3385 γὰρ
1880 3311 1940 3370 εὖ

349 3399 471 3451 τότε
526 3401 657 3464 τοὺς
704 3401 807 3471 τῆς
847 3402 1195 3475 δικαιοσύνης
1245 3405 1489 3475 καρποὺς
1538 3406 1830 3461 καταθύειν
1864 3407 1943 3479 τῷ

350 3490 497 3561 Θεῷ.
524 3492 849 3547 Στέλλεσθαι
880 3493 936 3547 δὲ
967 3494 1078 3549 δεῖν
1105 3495 1232 3560 τοὺς
1261 3495 1318 3562 ἐξ
1374 3496 1590 3569 Ἰσραὴλ
1615 3497 1732 3551 ὁδὸν
1776 3497 1944 3570 τριῶν

351 3580 579 3651 ἡμερῶν
622 3581 989 3637 διεϐεϐαιοῦτο
1013 3584 1155 3638 κατὰ
1177 3585 1277 3657 τὴν
1306 3585 1540 3657 ἔρημον,
1569 3587 1631 3640 τὸ
1664 3586 1739 3659 μὴ
1772 3590 1942 3658 ἐγγὺς

354 3667 494 3726 εἶναι
527 3672 638 3727 τῶν
683 3675 785 3746 τῆς
828 3677 1165 3749 φαυλότητος
1209 3680 1350 3751 ὅρων
1391 3679 1487 3734 καὶ
1528 3679 1671 3752 ζωῆς
1709 3680 1815 3752 τῆς
1853 3698 1948 3735 τυ-

356 3766 729 3837 ραννουμένης
759 3767 850 3821 διὰ
887 3767 1076 3821 τούτου
1116 3768 1310 3840 δηλῶν.
1350 3771 1661 3841 Σκήπτεται
1687 3770 1745 3825 δέ
1773 3788 1825 3825 τι
1852 3771 1947 3826 καὶ

354 3857 519 3926 σοφὸν
561 3860 592 3910 ὁ
626 3859 915 3922 θεσπέσιος
939 3862 1165 3933 Μωσῆς,
1208 3862 1303 3916 καὶ
1340 3863 1672 3934 εὐαφόρμως
1714 3863 1780 3935 δὴ
1822 3863 1944 3917 λίαν

354 3948 819 4019 ἀπονοσφίζεσθαι
851 3952 962 4006 δεῖν
1011 3953 1112 4023 τῆς
1152 3952 1430 4023 Αἰγύπτου
1471 3953 1638 4025 φησὶν
1674 3955 1802 4018 τοὺς
1840 3954 1945 4009 ὑπὸ

354 4036 491 4091 Θεοῦ
525 4040 926 4111 κεκλημένους
966 4060 984 4095 ι
1031 4044 1122 4114 Μή
1165 4061 1283 4109 πως
1314 4044 1423 4117 γὰρ
1467 4046 1775 4117 συναντήσῃ
1814 4048 1946 4118 ἡμῖν

351 4128 604 4196 θάνατος,
641 4151 661 4184 ι
700 4135 881 4202 φησὶν,
914 4154 932 4186 ι
971 4134 1213 4205 ἢφόνος.
1259 4153 1279 4188 ι

2022 493 2223 565 nimia
2259 496 2458 566 linguae
2489 495 2709 551 licentia
2745 498 2943 565 utitur,
2970 507 3028 553 et
3063 498 3329 555 adversus
3360 500 3459 554 Dei
3507 501 3629 571 glo-

2052 588 2189 643 riam
2236 589 2429 643 audaci
2466 590 2777 646 temeritate
2814 591 3014 655 fertur,
3053 607 3118 647 ac
3155 593 3467 657 Dominum,
3500 592 3597 662 qui

2049 698 2176 737 nam
2216 682 2308 737 ille
2339 683 2430 747 sit,
2468 698 2527 737 se
2546 698 2708 737 nosse
2728 671 2915 754 negat,
2958 701 3061 739 nec
3093 686 3518 740 commissurum
3542 701 3625 751 se,

2052 784 2112 829 ut
2141 774 2306 828 Israel
2330 774 2593 829 dimittat.
2627 773 2732 829 Sed
2762 776 2956 830 beatus
2988 777 3198 848 Moyses
3241 777 3475 832 minime
3523 777 3624 831 de-

2048 864 2212 928 sistit,
2246 865 2453 934 Deique
2485 866 2825 921 voluntatem
2848 866 3041 937 perﬁci
3069 876 3325 936 oportere
3356 867 3624 922 audacter

2048 955 2356 1012 conﬁrmat.
2387 957 2525 1011 Nam
2575 956 2778 1013 Satana
2807 972 2925 1021 eos,
2963 959 3058 1026 qui
3106 958 3163 1011 in
3216 973 3316 1012 sua
3351 965 3624 1028 potestate

2049 1046 2180 1113 sint,
2221 1046 2576 1117 impediente,
2607 1064 2679 1103 ne
2717 1048 2785 1103 ad
2820 1048 3133 1103 libertatem
3189 1049 3625 1119 recuperandam

2050 1137 2299 1203 tendant,
2342 1140 2651 1194 curandum
2683 1140 2793 1194 illis
2833 1148 2939 1205 est,
2981 1150 3043 1195 ut
3066 1140 3306 1196 viriliter
3332 1151 3517 1213 agant,
3567 1151 3627 1197 et

2048 1228 2233 1282 omnia
2258 1227 2649 1297 impedimenta
2676 1231 2919 1294 vincant,
2948 1231 3285 1301 minimeque
3328 1231 3506 1286 timidi
3537 1232 3625 1286 vi-

2047 1318 2303 1384 deantur,
2343 1320 2478 1389 quin
2538 1321 2726 1390 potius
2785 1321 2996 1376 instent
3057 1322 3358 1377 dicentes:
3421 1340 3440 1372 ι
3479 1322 3626 1377 Deus

2048 1414 2404 1470 Hebrmorurn
2433 1416 2650 1470 vocavit
2677 1430 2797 1470 nos.
2830 1416 3038 1470 Ibimus
3067 1415 3236 1485 igitur
3262 1415 3407 1468 viam
3454 1415 3624 1469 trium

2048 1505 2262 1561 dierum
2288 1509 2346 1562 in
2384 1508 2688 1573 desertum,
2726 1516 2789 1563 ut
2827 1509 3201 1565 sacriﬁcemus
3256 1510 3369 1563 Deo
3409 1517 3621 1572 nostro,

2047 1613 2117 1652 ne
2164 1597 2307 1652 forte
2338 1607 2597 1654 occurrat
2634 1599 2796 1653 nobis
2831 1615 2981 1654 mors
3013 1606 3108 1653 aut
3141 1598 3318 1654 caedes
3345 1598 3411 1652 ³⁸.
3449 1617 3467 1648 ι
3496 1597 3625 1651 Haec

2048 1690 2197 1745 enim
2221 1690 2391 1745 verba
2419 1690 2583 1745 nobis
2611 1706 2829 1760 quoque
2865 1698 2992 1745 tunc
3031 1691 3251 1760 sapiens
3274 1689 3359 1743 vir
3411 1690 3626 1760 Moyses

2048 1794 2160 1834 non
2188 1780 2305 1835 sine
2329 1780 2483 1835 vocis
2515 1780 2871 1836 contentione
2920 1780 3157 1834 dicebat.
3197 1779 3388 1848 Neque
3449 1780 3620 1843 enim,

2046 1871 2249 1941 inquit,
2311 1871 2541 1943 perinde
2583 1887 2647 1926 ac
2703 1886 2821 1937 vos,
2861 1885 2895 1925 ο
2931 1869 3193 1943 Egyptii,
3235 1870 3471 1924 vitulum
3520 1884 3624 1924 nos

2046 1960 2261 2015 Hebraei
2289 1977 2642 2027 veneramur,
2676 1976 2857 2030 neque
2908 1974 3063 2015 suem
3101 1968 3198 2015 aut
3229 1974 3472 2030 capram,
3530 1967 3624 2013 aut

2046 2052 2289 2108 hominis
2339 2053 2594 2124 efﬁgiem,
2642 2053 3065 2121 volucriumque
3123 2051 3485 2106 animantium
3520 2050 3621 2104 ad-

2046 2145 2354 2198 umbratam
2372 2143 2626 2210 formam,
2661 2153 2757 2198 aut
2799 2142 3135 2212 reptantium
3172 2142 3462 2212 imagines,
3499 2156 3620 2210 qum

2046 2233 2104 2286 in
2137 2234 2341 2287 vestris
2373 2233 2639 2287 collocata
2688 2240 2818 2286 sunt
2852 2232 3091 2301 templis.
3124 2231 3232 2286 Sed
3269 2230 3490 2285 vocavit
3521 2245 3624 2284 nos

2045 2323 2192 2378 Deus
2219 2337 2284 2377 ac
2308 2322 2595 2385 Dominus,
2638 2320 2734 2390 qui
2767 2320 2874 2375 hoc
2902 2320 3225 2374 universum
3257 2328 3344 2374 est
3378 2319 3621 2373 fabrica-

2046 2424 2156 2470 tus.
2180 2415 2408 2485 Magnus
2433 2422 2620 2468 autem
2659 2422 2763 2477 est,
2805 2419 2861 2466 et
2902 2427 3031 2466 cum
3069 2409 3338 2481 Egyptiis
3375 2411 3482 2464 diis
3514 2410 3622 2463 mi-

2045 2508 2193 2564 nime
2244 2507 2638 2570 recensendas,
2680 2519 2848 2575 supra
2885 2510 3194 2559 creaturam
3248 2515 3466 2570 quoque
3501 2516 3622 2555 om-

2043 2615 2191 2664 nem,
2227 2598 2585 2654 Hebraeorum
2622 2598 2789 2662 Deus,
2819 2597 2916 2666 qui
2964 2609 3066 2649 nos
3114 2592 3171 2647 in
3209 2592 3489 2648 desertum
3523 2606 3622 2647 vo-

2043 2698 2151 2754 cat,
2189 2696 2251 2744 ut
2284 2689 2362 2744 ibi
2397 2698 2616 2761 gratam
2640 2689 2743 2760 ipsi
2791 2689 3025 2744 hostiam
3082 2688 3399 2742 offeramus.
3446 2687 3622 2757 Atque

2042 2782 2307 2854 Egyptus
2326 2782 2549 2851 quidem
2597 2781 2955 2836 obtenebratio
2997 2780 3222 2836 dicitur.
3259 2780 3497 2850 Equum
3521 2796 3624 2835 au-

2044 2883 2153 2929 tem
2179 2887 2299 2927 esse
2328 2871 2588 2936 arbitror,
2630 2880 2692 2925 ut
2742 2884 2864 2938 nos,
2892 2873 2989 2941 qui
3041 2871 3359 2942 spirituales
3407 2882 3620 2936 sumus,

2044 2963 2406 3034 spiritualiter
2445 2977 2530 3027 ea,
2564 2974 2688 3032 quae
2725 2961 2784 3016 in
2850 2961 3047 3016 umbra
3087 2968 3144 3015 et
3186 2959 3376 3032 ﬁguris
3416 2957 3622 3013 tradita

2043 3060 2193 3117 sunt,
2217 3052 2610 3122 intelligamus.
2641 3050 2751 3121 36
2777 3049 3011 3121 Oportet
3039 3050 3191 3105 enim
3238 3064 3341 3104 nos
3381 3048 3452 3103 ab
3472 3047 3621 3103 omni

2045 3158 2123 3207 re,
2158 3158 2281 3211 quae
2315 3140 2572 3196 tenebras
2604 3140 2890 3196 oﬁ'undere
2917 3140 3111 3206 soleat,
3148 3140 3462 3212 longissime
3494 3140 3622 3194 abs-

2040 3231 2273 3297 cedere;
2331 3238 2390 3286 et
2442 3230 2538 3284 ubi
2597 3245 2667 3285 ex
2716 3229 2809 3284 illa
2846 3228 3110 3285 facilitate
3147 3229 3414 3301 peccandi
3472 3229 3621 3285 velut

2043 3322 2283 3393 regione
2306 3321 2543 3391 quadam
2578 3336 2702 3390 quae
2730 3321 2787 3375 in
2816 3322 3056 3393 tyranni,
3096 3320 3313 3377 Satanae
3338 3320 3620 3387 videlicet,

2044 3419 2318 3483 potestate
2357 3411 2450 3478 sit,
2471 3410 2897 3476 excesserimus,
2925 3420 3041 3465 tum
3088 3410 3158 3466 ad
3204 3411 3434 3465 liberam
3471 3409 3620 3465 illam

2044 3502 2434 3575 purioremque
2455 3502 2626 3556 vitam
2664 3506 2891 3554 strenue
2920 3512 3238 3569 properare,
3266 3512 3330 3552 ac
3362 3495 3623 3567 perviam

2041 3596 2304 3667 legitima:
2356 3592 2797 3650 conversationis
2842 3590 3147 3655 ambulare,
3188 3588 3474 3645 daemoniis
3519 3586 3624 3641 mi-

2040 3689 2191 3744 nime
2228 3686 2568 3757 subiectam:
2614 3693 2727 3739 tum
2760 3682 3000 3752 denique
3028 3679 3338 3752 poterimus
3384 3679 3497 3734 Deo
3530 3679 3621 3749 ju-

2042 3778 2208 3834 stitia:
2248 3776 2464 3831 fructus
2532 3775 2753 3830 oﬁerre.
2819 3772 2932 3828 Iter
2968 3786 3137 3843 porro
3189 3770 3357 3825 trium
3410 3768 3622 3823 dierum

2041 3866 2307 3923 Israelitis
2340 3867 2656 3924 faciendum
2688 3880 2810 3921 esse
2868 3866 3085 3937 Moyses
3122 3861 3462 3918 aﬂirmabat:
3497 3858 3624 3930 qui-

2047 3960 2153 4014 bus
2186 3961 2371 4016 verbis
2398 3959 2765 4031 signiﬁcabat,
2802 3951 3120 4028 longissime
3150 3972 3182 4010 a
3214 3954 3476 4025 nequitia:
3516 3960 3626 4007 ter-

2049 4049 2234 4114 minis,
2265 4059 2322 4104 ct
2348 4050 2417 4103 ab
2439 4064 2505 4103 ea
2539 4049 2672 4113 vita,
2707 4062 2829 4116 qua:
2854 4047 3043 4114 iniquo
3080 4043 3361 4098 dominatu
3405 4055 3624 4112 prema-

2051 4148 2162 4207 tur,
2194 4141 2387 4195 abesse
2416 4147 2698 4209 oportere.
2726 4136 2973 4206 Sapienti
3010 4142 3194 4190 autem
3221 4132 3458 4204 quodam
3484 4146 3626 4201 pra:-

354 4231 510 4278 textu
537 4225 734 4280 beatus
763 4226 976 4297 Moyses
1034 4227 1248 4293 utitur,
1286 4234 1344 4284 et
1379 4226 1694 4284 rationabili
1743 4228 2039 4288 admodum
2067 4249 2233 4290 causa
2266 4232 2356 4298 iis,
2396 4231 2493 4303 qui
2554 4245 2587 4285 a
2656 4232 2770 4285 Deo
2842 4228 3021 4284 vocati
3070 4234 3279 4293 essent,
3353 4223 3623 4281 seceden-

353 4320 490 4374 dum
524 4334 647 4374 esse
681 4319 821 4374 dixit
855 4335 923 4374 ex
963 4319 1226 4393 tEgypto:
1267 4322 1383 4379 «Ne
1411 4322 1577 4390 forte,
1610 4343 1629 4376 ι
1665 4324 1869 4396 inquit,
1905 4344 1924 4377 ι
1960 4335 2218 4383 occurrat
2237 4328 2398 4383 nobis
2431 4338 2579 4381 mors
2607 4332 2704 4379 aut
2732 4322 2929 4378 caedes.
2960 4341 2980 4372 ι

424 4413 637 4467 ΠΑᾹΛ.
671 4414 782 4467 Καὶ
818 4414 873 4466 τί
917 4414 983 4485 δὴ
1011 4414 1169 4468 τοῦτό
1217 4416 1398 4484 tactv;
1439 4418 1658 4489 ἕτοιμον
1686 4418 1797 4490 γὰρ
1818 4420 1945 4491 οὐχὶ

2128 4421 2326 4476 PALL.
2378 4419 2522 4487 Quid
2566 4433 2699 4473 vero
2753 4415 2858 4469 hoc
2915 4413 3038 4468 est?
3068 4425 3250 4480 neque
3299 4424 3448 4463 enim
3481 4407 3624 4462 scire

350 4504 465 4567 τοῖς
498 4504 715 4558 θέλουσι
740 4508 903 4561 νοεῖν.

425 4596 592 4650 ΚΥΡ.
637 4596 780 4666 Ἐγὼ
799 4597 1016 4669 φράσωο
1036 4599 1356 4669 Αἰγυπτίοις
1375 4594 1444 4671 ἦν
1472 4599 1617 4669 ἔθος,
1642 4603 1941 4675 τετήρηται

352 4687 413 4744 δὲ
444 4688 541 4743 καὶ
573 4693 655 4752 είς
697 4688 857 4761 δεῦρο
891 4689 1042 4762 παρὰ
1066 4694 1181 4756 τοῖς
1215 4692 1323 4748 τῶν
1359 4694 1594 4749 εἰδώλων
1633 4713 1943 4768 προσκυνη-

349 4781 501 4844 ταῖς,
528 4781 590 4833 τὸ
615 4782 749 4846 δεῖν,
783 4782 1167 4852 εἰσφοιτῶντας
1204 4786 1262 4838 ὲν
1303 4786 1486 4857 ίεροῖς,
1519 4786 1697 4858 νεκρῷ
1719 4804 1942 4860 περιτυ-

349 4874 472 4942 χεῖν
513 4872 896 4943 παραιτεῖσθαι
932 4872 1165 4944 σώματι.
1198 4875 1491 4947 Μολυσμὸν
1533 4878 1642 4949 γὰρ
1681 4873 1821 4933 εἶναι
1850 4879 1943 4935 τὸν

350 4964 621 5018 ἀνωτάτω
647 4965 784 5034 φασὶ
810 4964 872 5018 τὸ
893 4964 992 5036 οὐχ
1024 4966 1173 5031 ὅπως
1213 4967 1278 5039 δὴ
1315 4969 1477 5040 μόνον
1496 5008 1512 5033 ,
1541 4968 1596 5023 εῐ
1627 4987 1711 5034 τις
1748 4970 1943 5035 ἕλοιτο,

350 5052 569 5126 θήγειν,
588 5054 725 5109 ἀλλὰ
740 5055 850 5128 γὰρ
870 5055 973 5111 κᾶν
988 5058 1037 5111 εί
1054 5060 1112 5112 ὲν
1130 5057 1314 5128 ψιλαῖς
1336 5059 1635 5134 ταυιιτ[αισ]λ⁵
1662 5064 1947 5133 παραπίπ-

350 5164 439 5200 τοι
469 5146 640 5211 θέαις.
667 5148 880 5201 Οὐκοῦν
905 5150 969 5202 ὲκ
989 5149 1098 5203 τῶν
1128 5149 1281 5222 παρὰ
1298 5151 1483 5220 σφίσιν
1500 5152 1642 5207 ἐθῶν
1654 5154 1946 5209 ἀναπείθει

354 5241 599 5309 φρονεῖν,
628 5238 704 5302 ὡς
732 5238 835 5292 οὐκ
858 5237 925 5292 ἂν
948 5240 1158 5308 γένοιτο
1184 5241 1441 5313 καθαρῶς
1467 5243 1529 5298 τὸ
1565 5243 1714 5299 θύειν
1738 5246 1945 5314 αὐτοῖς,

352 5332 403 5383 εἰ
430 5329 496 5395 ἐξ
525 5329 839 5401 ἅπροόπτου
869 5330 1032 5385 ποθὲν
1070 5332 1228 5385 τοῦτο
1257 5332 1389 5406 δρᾷν
1425 5336 1723 5407 ὴργμένοις
1760 5354 1941 5409 παρα-

350 5418 509 5490 τύχοι
552 5417 749 5489 νεκρὸς
792 5419 824 5490 ἢ
855 5418 1034 5489 φόνος,
1060 5420 1206 5474 τοῦτ’
1239 5422 1405 5489 ἐστιν,
1458 5424 1491 5494 ἢ
1538 5425 1688 5497 νόμῳ
1725 5428 1942 5495 φύσεως

348 5506 831 5580 τετελευτηκὼς,ῆ
860 5509 964 5563 ὑπὸ
985 5511 1078 5566 τοῦ
1098 5511 1207 5568 τῶν
1228 5515 1559 5584 φονευόντων
1575 5516 1941 5589 ἐκϐεϐιασμέ-

378 5600 417 5634 ο

432 5690 486 5723 ³⁸
514 5690 690 5748 Exod.
716 5704 767 5757 ν,
801 5692 858 5747 '5.

2045 4512 2402 4584 cupientibus
2424 4510 2741 4581 expeditum
2776 4514 2862 4561 est
2890 4504 2948 4559 id
2978 4502 3303 4571 intelligere.

2115 4603 2273 4658 CYR.
2320 4603 2433 4675 Ego
2456 4617 2587 4657 vero
2626 4612 2915 4669 exponam.
2966 4594 3082 4649 Mos
3136 4589 3286 4661 apud
3342 4587 3626 4660 Egyptios

2045 4693 2371 4759 inoleverat,
2411 4692 2506 4761 qui
2537 4689 2720 4745 adhuc
2742 4685 2888 4757 apud
2931 4684 3203 4739 idolorum
3237 4682 3477 4735 cultores
3503 4694 3623 4734 ser-

2046 4794 2231 4850 vatur,
2250 4796 2312 4841 ut
2340 4785 2543 4854 templa
2563 4781 2831 4837 adeuntes
2852 4778 3027 4832 vitent
3046 4791 3116 4830 ne
3144 4773 3398 4830 cadaveri
3421 4787 3622 4827 occur~

2046 4884 2191 4931 rant.
2241 4875 2520 4930 Summam
2558 4872 2708 4927 enim
2755 4869 3133 4939 impuritatem
3162 4881 3284 4921 esse
3314 4866 3471 4920 aiunt
3512 4879 3626 4924 non

2048 4967 2214 5023 modo
2254 4976 2449 5036 sponte
2486 4963 2624 5019 illud
2667 4961 2961 5032 attingere,
2994 4958 3092 5014 sed
3128 4957 3213 5012 vel
3254 4956 3312 5010 in
3333 4957 3455 5028 ejus
3479 4956 3625 5011 dun-

2047 5068 2196 5115 taxat
2234 5066 2520 5129 aspectum
2570 5057 2876 5111 incurrere.
2904 5052 3076 5123 Igitur
3107 5065 3177 5105 ex
3206 5050 3447 5121 receptis
3480 5046 3625 5119 apud

2045 5168 2144 5209 eos
2168 5152 2419 5207 moribus
2440 5149 2656 5214 suadet,
2686 5163 2745 5203 se
2782 5160 2922 5217 pure
2949 5142 3261 5199 sacriﬁcare
3298 5158 3410 5197 non
3439 5156 3622 5212 posse,

2044 5245 2091 5300 si
2118 5243 2341 5300 aliunde
2376 5258 2446 5298 ex
2477 5240 2800 5312 improviso,
2844 5238 2938 5294 ubi
2979 5238 3085 5293 hoc
3111 5251 3275 5306 agere
3306 5236 3621 5304 coepissent,

2044 5336 2281 5392 cadaver
2308 5343 2402 5390 aut
2438 5334 2617 5390 caedes
2650 5338 2988 5394 occursaret,
3022 5328 3079 5384 id
3125 5336 3229 5392 est,
3273 5327 3362 5381 vel
3411 5331 3623 5379 natura:

2044 5429 2165 5499 lege
2205 5437 2476 5493 mortuus,
2537 5426 2624 5480 vel
2655 5425 2724 5479 ab
2756 5422 3051 5477 homicidis
3102 5436 3200 5490 per
3232 5420 3345 5473 vim
3383 5416 3625 5472 occisus.

2047 5519 2219 5575 Vobis
2255 5519 2425 5585 enim,
2488 5516 2691 5586 inquit,
2733 5528 2903 5568 sacra:
2941 5517 3073 5567 sunt
3097 5508 3244 5564 aedes
3288 5521 3354 5562 ac
3398 5506 3629 5564 delubra
