4024 6220
373 216 472 276 191

1406 228 1461 284 S.
1503 227 1780 286 CYRI'LLI
1817 230 2290 293 ALEXANDRINI
2326 233 2643 299 ARCIIIEP.

3528 240 3633 299 I92

370 359 631 416 claustris
656 374 721 418 ac
750 362 924 431 portis
945 365 1179 432 munita,
1214 366 1360 422 intra
1386 383 1509 438 quae
1539 385 1666 425 cum
1705 372 1941 444 ingressi

2060 370 2156 418 loc.
2198 354 2361 426 Ὑμῖν
2400 357 2510 426 γὰρ
2541 356 2811 425 ἔφασκεν,
2858 356 2978 427 ἱερά
3013 356 3074 410 τέ
3107 355 3223 410 ἐστι
3264 356 3358 411 καὶ
3389 358 3590 429 τεμένη
3615 401 3629 423 ,

372 450 611 520 fueritis,
641 462 791 509 caste
831 455 1167 524 sacrificare,
1190 467 1256 512 ut
1289 458 1396 529 ipsi
1432 461 1780 529 existimatis,
1811 466 1948 521 lice-

372 539 480 596 bit:
510 557 613 598 nos
663 558 795 598 vero
845 544 903 598 in
936 546 1120 601 media
1158 548 1295 603 urbe
1347 551 1746 618 sacriﬁcantes,
1805 563 1861 609 et
1892 555 1950 610 in

375 630 561 685 triviis
591 641 649 686 et
685 632 743 686 in
787 633 957 703 agris,
1019 650 1247 692 necesse
1292 650 1379 694 est
1424 640 1753 697 cadaverum
1790 660 1951 715 aspe-

375 731 467 776 ctu
504 723 676 792 pollui
715 741 729 776 :
781 725 921 780 nihil
980 728 1131 782 enim
1187 738 1275 785 est
1314 732 1559 799 omnino,
1610 735 1756 804 quod
1790 751 1951 807 aspe-

372 820 522 866 ctum
558 828 815 870 coercere
853 818 1047 886 possit.
1086 819 1166 874 Ac
1205 820 1473 891 simplicis
1517 824 1742 894 quidem
1780 827 1953 882 histo-

374 903 472 958 riae
510 904 652 959 ratio
686 920 755 960 ex
798 905 1181 979 Egyptiorum
1225 914 1475 970 moribus
1506 916 1953 985 probabilitatem

375 993 562 1049 habet.
594 995 786 1067 Neque
824 1006 1010 1054 tamen
1037 1002 1221 1058 minus
1273 1013 1423 1059 recte
1467 1005 1617 1061 dicta
1655 1007 1953 1078 sapientis-

374 1084 499 1139 simi
537 1086 643 1140 viri
683 1089 851 1143 verba
893 1094 1330 1162 comperiemus,
1371 1094 1418 1149 si
1454 1095 1818 1165 spiritualiter
1870 1097 1953 1152 in-

375 1176 724 1247 telligantur.
751 1178 982 1250 Oportet
1013 1184 1161 1238 enim
1202 1200 1303 1240 nos
1345 1192 1602 1255 tanquam
1646 1186 1705 1241 in
1734 1187 1955 1242 deserto

375 1266 712 1334 sacriﬁcare,
750 1281 1110 1343 sanctumque
1153 1274 1354 1329 festum
1393 1277 1505 1331 Deo
1543 1278 1846 1343 celebrare,
1887 1279 1955 1334 ab

370 1355 753 1428 Egyptiorum
786 1362 952 1417 terris
990 1364 1323 1421 cxcedentes
1355 1384 1371 1419 :
1407 1368 1668 1424 vitandus
1691 1379 1957 1439 praeterea

372 1448 569 1502 mortis
592 1458 887 1519 aspectus;
918 1469 1095 1509 vacuo
1119 1455 1269 1509 enim
1293 1458 1499 1523 animo,
1529 1466 1586 1513 et
1634 1461 1795 1532 longe
1815 1478 1847 1516 a
1873 1468 1956 1517 te-

372 1538 562 1594 nebris
603 1551 834 1608 remoto,
878 1559 1017 1613 quas
1071 1546 1312 1601 mundus
1343 1547 1601 1615 oﬂ‘undit,
1636 1551 1743 1620 37
1781 1554 1959 1609 oculis

375 1645 600 1701 quoque
630 1634 843 1689 aversis
865 1635 935 1689 ab
969 1634 1036 1690 iis
1056 1637 1244 1714 rebus,
1271 1655 1391 1709 qua:
1421 1641 1489 1695 ad
1519 1642 1802 1697 interitum
1829 1658 1953 1699 cor-

372 1720 793 1793 ruptionemque
825 1725 1155 1794 perducunt,
1184 1728 1259 1783 ita
1295 1730 1514 1784 demum
1536 1738 1683 1787 caste
1705 1733 1953 1789 omnium

372 1811 610 1882 principi
637 1813 749 1867 Deo
770 1814 1222 1871 sacriﬁcabimus.
1249 1817 1426 1887 Opera
1448 1836 1683 1891 namque
1713 1831 1949 1889 mortua,

372 1903 555 1959 carnis
592 1920 758 1977 opera
810 1915 970 1966 sunt:
1008 1908 1392 1965 obtenebratio
1421 1921 1604 1967 autem
1654 1915 1948 1983 mundana,

376 1993 470 2046 illa
496 2009 565 2048 ex
593 1994 888 2052 laboriosis
934 1999 1339 2070 inutilibusque
1369 2003 1522 2057 curis
1551 2010 1713 2073 atque
1743 2005 1953 2060 disten-

374 2084 619 2139 tionibus
647 2087 990 2155 perturbatio
1032 2100 1196 2161 atque
1241 2092 1513 2157 confusio,
1573 2110 1695 2164 quae
1753 2112 1953 2166 purum

377 2174 534 2229 illum
567 2185 732 2247 atque
768 2180 1123 2248 .pellueidum
1164 2183 1364 2237 mentis
1410 2184 1671 2240 aetherem
1712 2187 1949 2257 polluit;

374 2283 405 2321 a
435 2269 637 2337 quibus
665 2285 788 2325 esse
819 2273 1191 2327 recedendum
1227 2274 1316 2339 iis,
1366 2276 1461 2348 qui
1517 2277 1734 2332 sincere
1782 2279 1955 2334 Deum

374 2362 555 2417 colere
585 2364 775 2427 velint,
798 2364 966 2418 etiam
999 2365 1248 2421 bistorim
1272 2367 1445 2422 verba
1478 2368 1735 2423 suadent.

446 2452 642 2507 PALL.
675 2453 733 2508 Id
774 2455 997 2524 quidem
1032 2457 1256 2512 minime
1284 2466 1370 2512 est
1404 2457 1700 2513 obscurum
1740 2477 1761 2513 ι
1798 2460 1955 2514 ideo-

375 2559 484 2612 que
510 2544 674 2599 velim
707 2544 819 2611 illa,
854 2562 978 2616 qua:
1022 2547 1285 2620 deinceps
1325 2560 1653 2621 sequuntur,
1684 2567 1954 2623 exsequa-

377 2632 475 2686 ris.

446 2722 605 2779 CVR.
637 2725 911 2783 Israelitas
939 2729 1105 2800 igitur
1139 2731 1603 2801 ardentissimum,
1643 2746 1702 2792 ut
1740 2736 1954 2807 Opinor,

378 2825 435 2870 et
474 2816 806 2872 acerrimum
848 2822 1085 2892 antiqua:
1124 2824 1397 2880 libertatis
1431 2826 1704 2883 invaserat
1736 2829 1957 2886 deside-

381 2907 589 2961 rium‘:
638 2925 873 2980 cumque
936 2914 1292 2971 vehementer
1340 2916 1408 2971 ad
1458 2932 1579 2973 eam
1627 2919 1953 2989 aspirarent,

2052 445 2279 516 κλεῖθρά
2304 463 2364 500 τε
2389 448 2486 501 καὶ
2520 447 2709 511 πύλαι,
2735 440 2811 501 ὧν
2840 449 2970 502 εῖσω
3012 449 3176 520 τυχὸν
3204 449 3631 522 εἰσδεδραμηκό-

2053 552 2138 589 σιν
2183 536 2399 601 ἐξέσται
2448 537 2596 593 θύειν
2647 538 2855 607 ἁγνῶς,
2907 538 3096 610 ὥσπερ
3148 539 3215 594 ἂν
3263 540 3442 594 οἴεσθε
3490 542 3633 597 κατά

2052 628 2193 695 σφᾶς
2225 628 2458 692 αὐτούς’
2501 632 2649 701 ἡμᾶς
2684 630 2743 683 δὲ
2782 631 2995 702 ἀνάγκη
3034 631 3174 686 κατὰ
3206 632 3379 703 μέσην
3406 631 3634 692 θύοντας

2051 717 2225 783 πόλιν,
2260 718 2317 771 ἐν
2339 720 2572 790 τριόδοις
2595 738 2655 774 τε
2677 723 2773 776 καὶ
2797 723 2856 777 ἐν
2885 723 3094 791 ἀγροῖς,
3117 724 3239 777 ταῖς
3264 722 3373 776 τῶν
3399 720 3630 776 τεθνεώ-

2051 824 2160 863 των
2202 810 2666 882 καταμολύνεσθαι
2699 812 2867 878 θέαις.
2900 814 2973 868 Τὸ
3014 814 3123 885 γὰρ
3152 815 3416 884 ἀπεῖργον
3456 814 3623 886 ὅροις,

2052 901 2330 966 παντελῶς
2356 903 2529 958 οὐδέν.
2564 906 2675 958 Καὶ
2712 907 2740 959 ό
2773 906 2872 976 μὲν
2901 905 3004 976 τῆς
3044 906 3284 977 ἱστορίας
3316 904 3472 974 λόγος
3513 904 3629 976 ἔχοι

2054 990 2123 1044 ἂν
2156 993 2287 1062 ἡμῖν
2322 992 2398 1056 ὡς
2431 995 2491 1047 ἐν
2518 993 2666 1049 ἔθεσι
2690 996 2799 1050 τῶν
2826 995 3137 1065 Αἰγυπτίων
3172 997 3251 1065 (1)
3288 995 3351 1048 τὸ
3382 994 3629 1063 πιθανὸν,

2055 1082 2139 1152 εῖη
2169 1083 2215 1136 δ’
2239 1082 2306 1136 ἂν
2334 1084 2510 1155 ὀρθῶς
2532 1086 2819 1157 εἰρημένον
2852 1088 2913 1140 τὸ
2942 1086 3047 1141 ὑπὸ
3074 1087 3166 1140 τοῦ
3195 1086 3468 1156 πανσόφου
3496 1088 3632 1143 Μω-

2057 1172 2214 1235 σέως,
2261 1173 2364 1226 κᾶν
2414 1176 2463 1227 εἰ
2506 1178 2680 1229 νοοῖτο
2728 1176 3134 1247 πνευματικῶς.
3177 1176 3299 1248 Χρὴ
3343 1175 3452 1247 γὰρ
3484 1177 3637 1247 ἡμᾶς

2054 1263 2131 1327 ὡς
2163 1267 2221 1318 ἐν
2258 1267 2451 1337 ἐρήμῳ
2484 1267 2653 1332 θύειν,
2694 1269 2789 1322 καὶ
2825 1269 3017 1340 ἑορτὴν
3048 1267 3210 1337 ἀγίαν
3237 1267 3636 1342 ἀποπεραίνειν

2056 1353 2197 1424 Θεῷ,
2235 1356 2335 1426 τῆς
2384 1355 2698 1424 Αἰγυπτίων
2743 1358 3107 1429 ἀπαίροντας,
3145 1358 3527 1428 παραιτεῖσθαι
3576 1359 3637 1413 δὲ

2058 1445 2154 1498 καὶ
2182 1445 2413 1501 θανάτου
2438 1447 2586 1502 θέαν.
2615 1449 2857 1520 Σχολαίῳ
2883 1449 2994 1522 γὰρ
3026 1448 3102 1520 νῷ
3128 1451 3222 1504 καὶ
3247 1450 3502 1520 βεϐηκότι
3530 1468 3639 1523 μα-

2059 1536 2202 1607 κρὰν
2243 1537 2336 1591 τοῦ
2380 1539 2867 1604 κατασκοτίξεσθαι
2910 1540 3228 1610 κοσμικῶς,
3276 1541 3509 1595 καὶτῶν
3554 1545 3638 1608 είς

2060 1627 2362 1697 νεκρότητα
2384 1629 2479 1683 καὶ
2498 1628 2705 1699 φθορὰν
2737 1630 3213 1701 κατακομιζόντων
3238 1630 3331 1684 τὸν
3356 1632 3639 1704 ὀφθαλμὸν

2053 1717 2488 1782 ἀπαλλάττοντες
2509 1760 2524 1783 ,
2556 1718 2793 1790 θύσομεν
2838 1720 3093 1791 καθαρῶς
3120 1719 3199 1791 τῷ
3242 1722 3461 1776 πάντων
3500 1741 3641 1796 κρα·

2050 1807 2233 1862 τοῦντι
2263 1809 2402 1880 Θεῷ.
2429 1802 2609 1881 Ἔργα
2638 1810 2696 1864 δὲ
2723 1810 2914 1884 νεκρά,
2941 1811 3011 1865 τὰ
3039 1812 3240 1884 σαρκὸς
3266 1812 3332 1866 ἂν
3360 1814 3466 1885 εἴη.
3498 1815 3641 1868 Σκο-

2050 1901 2244 1971 τισμὸς
2298 1900 2355 1955 δὲ
2399 1902 2702 1972 κοσμικὸς,
2747 1904 2780 1973 ή
2823 1905 2888 1958 ἐκ
2941 1904 3196 1976 πονηρῶν
3264 1904 3360 1959 καὶ
3414 1904 3641 1961 είκαίων

2056 1991 2456 2062 περισπασμῶν
2476 1990 2797 2055 ἐπιθόλωσις
2812 2032 2827 2056 ,
2850 1992 2942 2046 τὸν
2967 1992 3207 2066 καθαρόν
3234 1998 3295 2047 τε
3321 1995 3415 2048 καὶ
3434 1995 3638 2067 διαυγῆ

2053 2082 2156 2152 τῆς
2186 2081 2427 2145 διανοίας
2451 2082 2646 2153 αἰθέρα
2689 2083 3163 2155 καταμολύνουσα.
3200 2079 3301 2141 Ὧν
3338 2086 3422 2140 ὅτι
3462 2103 3644 2159 προσ·-

2054 2174 2188 2243 ἧκεν
2252 2175 2707 2245 ἁπονοσφίζεσθαι
2780 2181 2906 2243 τοὺς
2978 2181 3287 2253 εἰλικρινῶς
3352 2182 3643 2256 λατρεύειν

2057 2262 2358 2332 ἐθέλοντας,
2388 2267 2481 2320 καὶ
2514 2270 2543 2321 ό
2574 2269 2671 2341 τῆς
2699 2270 2940 2344 ἱστορίας
2966 2274 3116 2344 ἡμᾶς
3147 2274 3430 2329 ἀναπείθει
3457 2277 3637 2346 λόγος.

2055 2480 2064 2491 ~
2101 2453 2336 2523 ηΠΑΛΛ.
2368 2458 2476 2511 Καὶ
2505 2457 2610 2530 μὴν
2627 2459 2786 2514 τοῦτό
2808 2460 2870 2530 γέ
2890 2464 3040 2519 ἐστιν
3068 2463 3169 2519 οὐκ
3197 2465 3535 2536 ἀσυμφανές·
3567 2465 3640 2519 τὰ

2054 2542 2100 2597 δ’
2120 2539 2214 2600 οὖν
2243 2546 2442 2618 ἐφεξῆς
2468 2548 2780 2623 διαπέραινὲ
2815 2569 2926 2624 μοι.

2126 2724 2291 2780 ΚΥΡ.
2324 2725 2463 2790 Τοὺς
2488 2725 2587 2797 μὲν
2610 2722 2704 2781 οὖν
2729 2726 2790 2794 ἐξ
2825 2728 3041 2802 Ἰσραὴλ
3071 2731 3349 2797 δύσοιστος
3377 2730 3530 2803 οἶμαί
3552 2748 3643 2797 τις

2056 2818 2153 2872 καὶ
2196 2817 2395 2891 δριμὺς
2438 2818 2539 2889 τῆς
2590 2821 2823 2891 ἀρχαίας
2875 2821 3185 2897 ἐλευθερίας
3221 2824 3421 2878 εἰσέθει
3455 2822 3640 2888 πόθος·

2057 2911 2478 2975 ἀπονενευκότες
2503 2912 2560 2965 δὲ
2580 2912 2680 2983 ἤδη
2711 2913 2847 2982 πρὸς
2861 2913 3037 2982 τοῦτο,
3073 2915 3261 2978 δεινῶς
3285 2934 3420 2992 κατη
3431 2914 3644 2988 ρέθιζον

377 2998 499 3067 ejus
522 2998 650 3063 iras,
677 3002 772 3070 qui
792 3002 900 3058 illis
919 3004 1108 3075 jugum
1131 3007 1413 3063 servitutis
1434 3009 1787 3079 imposuerat,
1812 3028 1956 3067 com—

2061 3006 2140 3068 εἰς
2164 3002 2335 3074 όργάς
2358 3003 2448 3057 τὸν
2485 3005 2597 3068 τοῖς
2619 3003 2718 3074 τῆς
2745 3000 2986 3069 δουλείας
3015 3006 3409 3075 ἐγκαταδέοντα
3437 3008 3642 3076 ζυγοῖς.

380 3099 702 3157 moverunt;
733 3093 828 3162 qui
867 3110 992 3149 cum
1021 3096 1230 3153 diceret
1254 3100 1569 3170 hujusmodi
1599 3117 1783 3157 rerum
1811 3103 1959 3159 desi-

381 3178 600 3235 derium
628 3198 695 3237 ex
730 3184 846 3240 otio
874 3185 1230 3253 descendere,
1258 3192 1443 3262 augeri
1473 3191 1582 3247 illis
1610 3208 1836 3263 operum
1866 3211 1961 3249 su-

381 3270 570 3327 dorem
619 3274 974 3346 laboremque
1008 3279 1189 3348 jussit.
1220 3281 1408 3352 Itaque
1438 3292 1496 3337 ut
1526 3284 1643 3340 sine
1678 3285 1787 3339 ulla
1822 3285 1962 3341 dila-

382 3363 531 3419 tione
573 3366 642 3420 ab
676 3366 758 3423 eis
798 3380 1185 3439 exposceretur
1226 3375 1472 3429 consueti
1516 3376 1699 3445 operis
1729 3392 1960 3442 summa,

378 3454 662 3524 palearum
693 3474 826 3514 vero
858 3460 1088 3516 tributio
1136 3472 1335 3532 praeter
1377 3465 1830 3521 consuetudinem
1863 3466 1962 3522 de-

381 3554 695 3612 uegaretur,
724 3548 990 3618 injunxit;
1020 3551 1237 3606 dicebat
1265 3553 1412 3607 enim
1436 3572 1449 3606 :
1491 3574 1508 3605 ι
1537 3556 1776 3622 Vacatis,
1801 3558 1965 3614 otiosi

380 3635 537 3699 estis,
570 3636 694 3690 ideo
733 3637 939 3704 dicitis,
980 3641 1182 3696 Eamus
1212 3650 1268 3696 et
1308 3643 1679 3702 sacriﬁcemus
1712 3649 1825 3703 Deo
1862 3665 1964 3706 no-

381 3733 516 3778 stro.
568 3726 726 3782 Nunc
764 3727 933 3797 igitur
974 3738 1170 3785 euntes
1212 3734 1519 3802 cperaniini
1564 3737 1776 3806 :paleae
1816 3740 1964 3794 enim

383 3830 495 3868 non
525 3815 822 3884 dabuntur,
866 3828 924 3875 et
954 3836 1223 3876 summam
1261 3824 1485 3881 lateritii
1525 3830 1706 3899 aperis
1740 3831 1961 3888 dabitis.

382 3904 763 3978 Videbantque
808 3925 866 3965 se
893 3909 1100 3967 Scriba:
1129 3910 1365 3968 ﬁliorum
1391 3916 1556 3972 Israel
1588 3919 1641 3974 in
1670 3921 1848 3987 malis,
1879 3923 1967 3978 di-

382 4006 570 4054 centes
603 4016 616 4052 :
642 3999 761 4054 Non
791 4001 1050 4058 minuetis
1075 4019 1106 4057 a
1134 4012 1337 4060 statuta
1360 4022 1572 4065 summa
1601 4011 1834 4071 laterum
1868 4031 1969 4085 per

383 4088 630 4159 singulos
662 4090 801 4146 dies.
835 4091 1210 4150 Occurrerunt
1253 4104 1437 4153 autem
1478 4100 1647 4173 Moysi
1685 4111 1743 4159 et
1783 4103 1967 4162 Aaron

384 4179 737 4236 venientibus
769 4183 826 4237 in
853 4200 1144 4242 occursum
1170 4204 1385 4256 eorum,
1411 4208 1537 4247 cum
1572 4195 1968 4265 egrederentur

387 4285 419 4324 a
448 4271 751 4339 Pharaone,
780 4284 835 4330 et
856 4277 1115 4335 dixerunt
1144 4281 1253 4337 illis
1279 4282 1553 4353 :Aspiciat
1579 4286 1844 4344 Dominus
1871 4305 1966 4344 su-

2064 3094 2267 3164 Ἔργον
2301 3092 2358 3146 δὲ
2391 3089 2531 3145 εἶναι
2570 3092 2765 3163 σχολῆς
2798 3093 2897 3158 τὰς
2938 3094 3031 3147 ἐπὶ
3054 3094 3279 3148 τοιοῖσδε
3309 3094 3481 3163 λέγων
3523 3097 3647 3148 ἐπι-

2061 3184 2295 3255 θυμίας,
2330 3183 2804 3254 ἐγκατατείνεσθαι
2848 3185 2999 3256 σφίσι
3046 3185 3136 3239 τὸν
3172 3186 3264 3239 ἐπὶ
3307 3188 3418 3250 τοῖς
3463 3185 3649 3258 ἔργοις

2065 3275 2263 3349 ἱδρῶτα
2286 3277 2519 3342 κελεύει,
2544 3279 2640 3349 τῆς
2669 3277 2768 3349 μὲν
2789 3279 2845 3331 ἐν
2872 3277 2982 3332 ἐθει
3016 3277 3320 3343 συντάξεως
3349 3277 3652 3350 ἀνυπερθέ-

2062 3385 2169 3431 τως
2197 3366 2617 3438 ἐξαιτουμένης,
2648 3371 3116 3441 περιτεμνομένης
3142 3369 3199 3423 δὲ
3235 3369 3519 3442 ἀσυνήθως
3550 3369 3650 3423 αὐ-

2064 3460 2177 3521 τοῖς
2211 3457 2311 3528 τῆς
2339 3456 2447 3511 τῶν
2503 3457 2721 3529 ἀχύρων
2761 3458 3056 3532 διανομῆς
3100 3461 3336 3530 ἔφασκεν
3373 3462 3514 3533 γὰρ,
3562 3461 3649 3516 ὅτι

2076 3546 2426 3616 «Σχολάξετε,
2453 3546 2743 3617 σχολασταὶ
2764 3547 2908 3613 ἐστε,
2931 3546 3019 3602 διὰ
3039 3547 3197 3602 τοῦτο
3213 3548 3421 3618 λέγετε,
3442 3548 3652 3617 Πορευ-

2065 3637 2248 3708 θῶμεν
2279 3638 2372 3691 καὶ
2401 3637 2651 3709 θύσωμεν
2690 3637 2768 3709 τῷ
2797 3636 2919 3709 Θεῷ
2962 3639 3141 3709 ἡμῶν.
3171 3638 3287 3693 Νῦν
3324 3635 3418 3693 οὖν
3450 3655 3652 3710 πορευ-

2066 3728 2249 3792 θέντες
2281 3728 2611 3800 ἐργάζεσθε·
2640 3728 2702 3783 τὸ
2730 3729 2838 3801 γάρ
2866 3730 3068 3802 ἄχυρον
3098 3731 3158 3784 οὐ
3193 3731 3511 3803 δοθήσεται,
3546 3731 3650 3785 καὶ

2065 3821 2164 3893 τὴν
2200 3820 2450 3886 σύνταξιν
2489 3822 2589 3893 τῆς
2635 3822 2913 3888 πλινθεὶας
2954 3825 3107 3878 αὐτοὶ
3150 3818 3369 3879 δώσετε.
3427 3823 3650 3896 Ἐὡρων

2065 3910 2158 3969 οὖν
2190 3916 2240 3968 οἱ
2264 3915 2619 3987 Γραμματεῖς
2647 3915 2754 3968 τῶν
2784 3916 2916 3969 υἱῶν
2955 3916 3172 3988 Ἰσραὴλ
3202 3918 3426 3982 ἑαυτοὺς
3457 3918 3515 3969 ἐν
3544 3934 3649 3970 κα·-

2067 4009 2205 4071 κοῖς,
2232 4007 2503 4077 λέγοντες*
2539 4008 2654 4061 Οὐκ
2679 4006 2999 4076 ἀπολείψετε
3022 4007 3129 4061 ἀπὸ
3158 4007 3261 4079 τῆς
3281 4006 3560 4072 πλινθείας
3586 4006 3653 4061 τὸ

2067 4099 2306 4170 καθῆκον
2330 4102 2394 4170 τῇ
2421 4099 2625 4170 ἡμέρᾳ.
2653 4098 3001 4169 Συνὴντησαν
3025 4099 3081 4153 δὲ
3102 4099 3274 4170 Μωσῇ
3306 4099 3400 4153 καὶ
3437 4099 3652 4170 ’Δαρῶν

2067 4188 2383 4260 ἐρχομένοις
2427 4190 2509 4247 εἰς
2570 4187 2893 4259 συνάντησιν
2924 4189 3142 4253 αὐτοῖς,
3196 4188 3652 4260 ἐκπορευομένων

2070 4278 2249 4332 αὐτῶν
2275 4278 2382 4331 ἀπὸ
2400 4278 2495 4332 τοῦ
2515 4280 2736 4352 Φαραὼ,
2756 4282 2852 4334 καὶ
2871 4274 3021 4333 εἷπον
3039 4280 3242 4345 αὐτοῖς·
3282 4277 3599 4351 Ἐπίδοι[τ]ο
3623 4280 3654 4334 ὀ

388 4375 488 4431 per
528 4378 627 4418 vos
671 4374 728 4420 et
769 4367 1001 4438 judicet,
1034 4374 1294 4441 quoniam
1335 4374 1726 4430 exsecrabilem
1758 4378 1956 4436 fecistis

2068 4368 2200 4432 Θεὸς
2232 4369 2403 4439 ὑμᾶς,
2442 4370 2538 4422 καὶ
2576 4369 2791 4439 κρίναι.
2845 4369 2929 4424 ὅτι
2973 4368 3292 4435 ἐϐδελύξατε
3325 4370 3427 4442 τὴν
3474 4369 3659 4445 ὀσμὴν

388 4452 615 4509 odorem
640 4467 889 4514 nostrum
919 4477 1103 4517 coram
1138 4464 1441 4527 Pharaone,
1474 4473 1530 4519 et
1570 4479 1755 4521 coram
1796 4471 1956 4526 servis

2070 4457 2225 4529 ἡμῶν
2249 4457 2490 4512 ἐναντίον
2518 4457 2738 4531 Φαραὼ,
2759 4460 2854 4513 καὶ
2885 4460 3124 4515 ἐναντίον
3160 4459 3270 4513 τῶν
3303 4459 3656 4532 θεραπόντων

387 4542 529 4611 ejus,
567 4553 629 4600 ut
671 4547 877 4604 daretis
915 4550 1154 4620 gladium
1200 4552 1258 4606 in
1300 4568 1495 4607 manus
1517 4554 1635 4623 ejus
1660 4556 1728 4611 ad
1760 4557 1956 4615 interﬁ-

2070 4548 2259 4613 αὐτοῦ.
2289 4550 2471 4605 δοῦναι
2504 4552 2776 4624 ῥομφαίαν
2814 4554 2893 4616 εἰς
2917 4551 3016 4617 τάς
3043 4555 3231 4624 χεῖρας
3270 4550 3437 4605 αὐτοῦ
3460 4589 3475 4613 ,
3495 4550 3654 4604 ’ἀπο-

390 4633 614 4691 ciendos
656 4653 757 4693 nos
796 4641 837 4695 ⁸.
875 4659 896 4692 ι
944 4639 1086 4707 Quid
1129 4650 1222 4709 tu,
1264 4643 1468 4713 amice,
1514 4661 1697 4703 nonne
1743 4652 1956 4707 verissi-

2071 4644 2277 4697 κτεῖναι
2299 4645 2470 4714 ἡμᾶς.
2503 4662 2522 4696 ι
2549 4644 2618 4697 Ἢ
2645 4645 2773 4715 γὰρ,
2796 4635 2841 4696 ὦ
2861 4643 3103 4714 φιλότης,
3133 4643 3234 4696 οὐκ
3261 4642 3487 4713 ἀτρεκὲς
3510 4636 3651 4694 εἶναι

392 4740 543 4781 mum
566 4743 687 4784 esse
714 4730 884 4796 dices,
914 4733 1008 4786 ubi
1036 4736 1267 4804 emperit
1291 4739 1413 4808 quis
1441 4740 1696 4796 diabolici
1722 4741 1956 4798 domina-

2076 4736 2204 4805 φὴς,
2241 4736 2318 4798 ὡς
2359 4734 2582 4789 ἐπειδὰν
2629 4735 2803 4789 ἓλοιτό
2825 4753 2908 4799 τις
2931 4737 3032 4806 τῆς
3055 4733 3152 4787 τοῦ
3184 4734 3432 4788 διαϐόλου
3461 4732 3656 4786 πλεον-

394 4822 483 4870 tus
505 4818 694 4889 jugum
716 4831 993 4888 excutere,
1015 4835 1315 4897 contraque
1343 4830 1515 4887 divini
1543 4833 1723 4889 cultus
1741 4834 1956 4904 gloriam

394 4903 709 4928 “mal---”
745 4908 884 4928 ξιιΑ---
928 4919 968 4928 -.
1002 4911 1058 4928 ιιι
1391 4920 1402 4928 .

2070 4826 2220 4893 εξὶας
2251 4827 2626 4911 ἀπολύσασθαι
2674 4827 2764 4881 τὸν
2791 4826 2972 4897 ζυγὸν,
3019 4828 3114 4882 καὶ
3154 4828 3215 4881 τὸ
3261 4825 3512 4928 λαμπρὸν
3554 4824 3653 4928 καὶ

392 4903 711 4969 praeclaram
742 4908 891 4963 illam
919 4919 974 4965 et
1001 4911 1229 4968 liberam
1260 4920 1561 4990 suscipere,
1585 4903 1890 4993 vacareque
1915 4934 1956 4979 el

2073 4915 2353 4989 ἐλεύθερον
2377 4917 2476 4988 τῆς
2509 4903 2589 4981 εἰς
2628 4916 2760 4971 Θεὸν
2800 4916 3056 4989 λατρείας
3097 4915 3483 4971 ἀντανελέσθαι
3516 4912 3654 4967 καύ⁸

391 5005 721 5061 cognoscere
751 5013 899 5065 eum,
931 5003 1025 5070 qui
1047 5011 1131 5059 est
1157 5021 1286 5062 vere
1316 5010 1598 5078 Dominus,
1623 5022 1682 5067 ut
1713 5014 1769 5068 in
1802 5014 1953 5069 Psal-

2060 5030 2232 5084 χημα,
2262 5013 2520 5084 σχολάσαι
2550 5030 2609 5066 τε
2630 5012 2726 5067 καὶ
2757 5011 2957 5081 γνῶναι
2982 5011 3073 5066 τὸν
3094 5011 3312 5082 ἀληθῶς
3337 5009 3639 5079 Δεσπότην,

394 5082 500 5136 mis
527 5084 743 5141 canitur
772 5107 784 5142 :
825 5109 843 5141 ι
877 5091 1076 5149 Vacate
1112 5103 1169 5151 et
1204 5097 1403 5166 videte,
1432 5104 1689 5171 quoniam
1720 5119 1821 5175 ego
1844 5119 1956 5159 sum

2062 5082 2215 5157 ἠκατά
2254 5082 2325 5157 τὸ
2350 5105 2409 5157 ἐν
2440 5103 2689 5173 Ψαλμοῖς
2730 5102 3084 5174 ὑμνούμενον’
3140 5121 3159 5156 ι
3204 5102 3509 5173 Σχολάσατε
3554 5100 3651 5154 καὶ

394 5173 539 5229 Deus
584 5174 626 5241 ',
667 5196 687 5228 ι
734 5186 851 5234 tum
893 5181 1010 5239 fore
1064 5192 1126 5239 ut
1169 5187 1258 5243 ille
1291 5190 1347 5244 in
1393 5191 1709 5261 hujusmodi
1749 5173 1956 5265 negotio

2072 5193 2246 5262 γνῶτε
2278 5195 2361 5248 ὃτι
2394 5191 2506 5262 ἐγώ
2545 5196 2660 5265 εἱμι
2689 5173 2950 5265 Κύριοςγό
2991 5193 3144 5257 Θεὸς,
3181 5212 3201 5245 ι
3235 5193 3520 5262 ἐγκαλέσει
3549 5189 3652 5262 μὲν

394 5266 568 5323 otium
605 5283 671 5324 ac
709 5272 952 5328 studium
1001 5284 1261 5347 tanquam
1307 5280 1642 5352 impietatem
1675 5283 1956 5354 quamdam

2073 5285 2205 5356 ἡμῖν
2240 5285 2317 5348 ὡς
2347 5284 2560 5339 ἀνόσιόν
2587 5302 2640 5338 τι
2669 5285 2878 5355 χρῆμα,
2912 5284 3011 5356 τὴν
3039 5284 3133 5337 ἐπὶ
3161 5283 3297 5356 τῷδε
3337 5282 3531 5354 σχολὴν
3556 5280 3650 5334 καὶ

472 5427 495 5461 ⁵
521 5429 694 5486 Exod.
730 5447 784 5499 v,
810 5432 877 5487 l7
907 5449 1027 5507 sqq.
1104 5437 1127 5470 ⁸
1154 5438 1295 5494 Psal.
1331 5456 1453 5508 XLV,
1484 5442 1534 5497 l.

722 5565 845 5621 cod.
889 5567 1010 5625 Vat.
1054 5570 1173 5629 Non
1221 5575 1450 5645 probavi
1514 5576 1663 5648 quod
1719 5585 1839 5634 erat
1890 5578 1948 5634 in

2060 5576 2183 5633 dice
2237 5575 2446 5643 Sirleti,
2492 5573 2567 5641 ὡς
2624 5577 2682 5633 ἐν
2717 5573 2986 5650 ,αἰσθήσει
3036 5575 3147 5631 τῶν
3202 5574 3533 5648 Αἰγυπτίων,
3581 5587 3646 5627 ea

397 5627 765 5701 ﬁgyptiorum
797 5653 970 5693 sensu.
