4024 6220
291 259 397 316 193

1044 256 1131 316 DE
1169 258 1611 318 ADORATIONE
1650 258 1718 315 IN
1758 258 2028 315 SPIRITU
2074 257 2164 313 ET
2201 254 2569 316 VERITATE.
2613 260 2745 315 LIB.
2782 260 2823 315 l.

3447 268 3548 323 £95

292 371 536 441 θέλησιν,
564 366 1022 434 κατεξανίσταται
1044 367 1101 422 δὲ
1121 371 1231 432 τοῖς
1254 369 1432 434 ἄλλοις
1461 369 1596 440 ὁμοῦ
1622 367 1877 438 πονηροῖς

1983 366 2140 423 nobis
2169 367 2304 425 vitio
2333 377 2531 433 vertat,
2555 384 2772 438 unaque
2796 384 2921 424 cum
2951 370 3073 427 aliis
3106 387 3341 443 nequam
3369 375 3552 449 impu-

290 478 351 515 τε
400 459 498 513 καὶ
557 457 893 531 ἀκαθάρτοις
952 458 1257 530 πνεύμασιν
1310 462 1340 514 ὁ
1394 462 1614 515 πάντων
1659 458 1873 528 ἐχθρὸς,

258 612 261 615 η
292 549 569 622 σαρκικῆς
606 549 708 620 μὲν
750 549 848 602 καὶ
887 549 1121 618 γεώδους
1163 550 1505 624 ἀκαθαρσίας
1535 551 1629 605 καὶ
1663 548 1772 603 τῶν
1817 549 1877 602 ὲν

290 644 487 713 κόσμῳ
524 640 924 711 ἀκαταλήκτως
958 641 1200 711 ἔχεσθαι,
1238 642 1381 696 κατὰ
1411 643 1475 696 τὸ
1504 643 1719 711 ἑκάστῳ
1753 639 1877 693 σύν-

290 735 445 805 ηθες,
470 730 887 800 ἑπαναγκάζωνξ
905 732 1131 801 ἀγρίως,
1155 732 1453 803 ἀπέχεσθαι
1484 732 1541 785 δὲ
1572 731 1674 801 τῆς
1702 732 1878 801 ὲντριο

292 825 423 889 6οὖς
459 824 795 893 φαυλότητος
824 824 1022 894 ἥκιστα
1057 824 1156 893 μὲν
1187 824 1360 893 ἐφιεὶς
1380 862 1395 887 ,
1436 822 1790 894 δυσπόριστον
1819 820 1877 875 δὲ

293 918 390 970 καὶ
426 915 589 968 τοῦτο
636 913 844 977 τιθεὶς,
890 913 967 977 ὡς
1013 914 1081 968 ἂν
1114 915 1191 987 μὴ
1237 912 1314 985 τῷ
1354 913 1474 969 λίαν
1523 914 1723 984 ἑτοίμῳ
1761 913 1877 966 δια-

294 1007 518 1063 πτύοιτό
560 1023 622 1058 τε
655 1005 750 1058 καὶ
799 1006 880 1068 εἰς
922 1004 1084 1075 κόρον
1118 1005 1187 1058 ἴοι
1224 1006 1284 1059 τὸ
1324 1005 1527 1070 κακόν;
1568 1005 1738 1058 Ταυτὶ¹
1767 1004 1877 1075 γὰρ

294 1097 450 1171 οἶμαι
477 1096 839 1167 καταδηλοῖΝ,
861 1096 923 1149 τὸ
957 1096 1189 1161 ἐξαιτεῖν
1219 1096 1319 1168 μὲν
1344 1097 1576 1161 εὐτόνως
1598 1097 1698 1168 τῆς
1721 1095 1878 1148 πλιν-

295 1192 449 1254 θείας
481 1188 581 1261 τὴν
608 1186 861 1254 σύνταξιν
880 1226 896 1252 ,
926 1185 997 1240 τὰ
1025 1186 1084 1239 δὲ
1113 1186 1182 1240 δι’
1220 1181 1295 1241 ὧν
1330 1188 1396 1242 ἂν
1432 1186 1642 1257 γένοιτο
1680 1185 1878 1258 ῥαδίως

292 1282 644 1351 ἀποστερεῖν,
676 1279 821 1332 τοῦτ’
866 1272 1048 1344 ἔστιν,
1080 1278 1141 1331 τὸ
1183 1279 1407 1351 ἄχυρον.
1451 1277 1781 1348 Πεφύκαμεν
1821 1278 1877 1331 δέ

293 1389 448 1436 πως,
488 1369 613 1423 τότε
645 1368 711 1436 δὴ
764 1367 999 1439 μάλιστα
1047 1367 1434 1439 προθυμότατα
1469 1384 1528 1420 τε
1560 1367 1655 1421 καὶ
1686 1364 1879 1419 εὐσθε-

297 1463 531 1517 νέστατα
568 1459 640 1512 τὰ
679 1457 882 1529 συνήθη
924 1457 1128 1528 ζητεῖν,
1168 1458 1265 1511 καὶ
1302 1456 1661 1529 θερμοτέραις
1695 1455 1882 1510 ἐπιθυ-

300 1554 452 1624 μίαις
476 1550 568 1603 ἐπ’
590 1548 733 1604 αὐτὰ
751 1548 1205 1618 καταφλέγεσθαι,
1222 1548 1310 1602 ὅτε
1329 1565 1383 1601 τι
1410 1547 1652 1617 φαίνοιτο
1677 1544 1879 1617 μεταξὺ

297 1647 359 1701 τὸ
384 1646 463 1709 ὡς
494 1643 557 1708 ἐξ
586 1641 833 1712 ἀνάγκης
865 1640 1140 1712 ἀποφέρον
1171 1639 1264 1693 ἐπὶ
1294 1639 1356 1693 τὸ
1403 1638 1478 1710 μὴ
1506 1637 1765 1693 δύνασθαι
1787 1654 1880 1690 τυ-

1975 459 2162 529 risque
2204 460 2490 529 spiritibus
2534 461 2623 515 ille
2662 460 2908 516 omnium
2952 462 3126 520 hostis
3154 464 3419 540 insurgat,
3448 471 3554 526 im-

1975 550 2317 633 maniterque
2366 557 2542 621 cogat,
2577 560 2640 605 ut
2688 553 2892 606 carnali
2938 562 3276 626 terrenaque
3320 558 3556 631 impuri-

1976 641 2096 706 iaii,
2126 642 2238 711 38
2272 650 2328 696 et
2360 642 2545 696 saeculi
2580 642 2728 697 curis
2770 651 2938 714 atque
2984 645 3413 707 distentionibus
3455 669 3557 724 pro

1975 732 2241 801 cujusque
2269 733 2666 787 consuetudine
2692 733 2922 789 ﬁrmiter
2962 735 3415 807 adbazrescamus,
3449 743 3554 798 mi-

1974 821 2232 891 nimeque
2265 823 2565 892 permittat,
2594 830 2706 878 uta
2731 824 2974 894 nequitia
3005 825 3062 879 in
3092 843 3199 897 qua
3226 832 3428 886 versati
3459 833 3556 889 diu

1976 927 2187 979 sumus,
2232 914 2633 980 abstineamus;
2665 915 2797 984 quin
2839 916 3003 970 etiam
3030 918 3084 972 id
3120 919 3297 989 ipsum
3331 924 3562 982 minime

1975 1003 2138 1059 nobis
2165 1005 2480 1076 expeditum
2510 1005 2721 1071 reddat,
2755 1021 2823 1059 ne
2851 1004 3046 1060 vitium
3085 1008 3131 1063 si
3172 1011 3464 1068 admodum
3498 1016 3554 1069 in

1976 1104 2236 1166 promptu
2286 1097 2376 1161 sit,
2429 1105 2831 1162 contemnatur,
2883 1105 2939 1152 et
2985 1098 3288 1156 satietatem
3330 1105 3414 1158 sui
3457 1122 3555 1174 pa-

1976 1185 2119 1241 riat?
2145 1187 2204 1242 Id
2233 1188 2379 1242 enim
2410 1187 2719 1258 signiﬁcare
2751 1188 3010 1251 arbitror.
3049 1176 3287 1246 laterum
3313 1204 3556 1250 structu-

1976 1293 2094 1331 ram
2113 1275 2315 1333 acriter
2337 1293 2665 1347 exposcere;
2689 1294 2752 1334 ea
2772 1295 2959 1349 porro,
2983 1296 3083 1350 per
3107 1298 3229 1352 quae
3249 1282 3405 1340 facile
3429 1302 3560 1341 con-

1976 1366 2065 1421 ﬁci
2106 1376 2353 1437 possunt,
2389 1367 2443 1421 id
2475 1376 2578 1431 est,
2610 1368 2791 1438 paleas
2830 1371 3099 1425 subtrahi.
3139 1373 3235 1428 Est
3279 1376 3426 1430 enim
3455 1393 3558 1432 na-

1979 1469 2101 1515 tura
2132 1460 2291 1514 nobis
2314 1459 2716 1529 quodammodo
2741 1473 3137 1531 comparatum,
3164 1474 3227 1519 ut
3254 1481 3319 1521 ea
3351 1468 3407 1523 in
3432 1469 3559 1539 qui-

1978 1552 2083 1607 bus
2110 1552 2315 1606 assueti
2350 1567 2560 1617 sumus,
2597 1560 2713 1606 tum
2742 1554 2976 1607 maxima
3007 1556 3311 1622 alacritate,
3340 1568 3396 1614 et
3424 1575 3562 1615 con-

1980 1643 2225 1699 tentione
2247 1659 2579 1714 quaeramus,
2606 1659 2908 1715 eorumque
2937 1645 3238 1702 ardentiori
3260 1651 3561 1719 cupiditate

301 1741 445 1809 χεϊν.
495 1734 649 1788 Θείου
790 1709 863 1804 *δὴ
913 1709 1078 1802 νόμου
1117 1731 1209 1785 τὸν
1258 1709 1598 1802 ἀνθρώπινον
1641 1726 1766 1781 νοῦν
1814 1725 1882 1780 τὰ

1983 1709 2291 1804 ﬁagremus,
2318 1748 2443 1788 cum
2472 1734 2677 1804 aliquid
2712 1709 3024 1799 intercedit,
3058 1737 3206 1805 quod
3240 1737 3293 1792 vi
3323 1709 3559 1808 quadam

304 1826 508 1897 αἰσχίω
560 1823 1044 1895 μεταπαιδεύοντος
1108 1822 1296 1895 μακρά
1346 1837 1431 1883 τις
1482 1817 1713 1872 εἰσδύνει
1760 1816 1883 1870 τότε

300 1919 369 1990 δὴ
402 1900 637 1988 μάλιστα
660 1914 821 1987 ποθὴ,
851 1913 1090 1968 καλοῦσα
1115 1912 1252 1984 πρὸς
1275 1911 1345 1966 τὰ
1376 1909 1535 1975 αὐτὰ,
1571 1909 1666 1963 καὶ
1693 1924 1884 1979 μονον-

299 2010 424 2081 ουχὶ
480 2008 575 2063 τοῦ
629 2006 927 2078 νομοθέτου
1007 2004 1282 2076 καταῦοᾷν
1334 2001 1731 2057 ἀναπείθουσαο
1789 1997 1884 2053 καὶ¹

303 2098 455 2152 τοῦδε
478 2097 544 2168 δὴ
587 2096 751 2152 πάλιν
804 2095 881 2159 ὡς
920 2094 979 2149 ὲν
1012 2096 1191 2157 σκιαῖς
1224 2092 1496 2158 ἀπόδειξις
1539 2092 1590 2143 οἱ
1618 2091 1883 2161 Γραμμα-

305 2194 414 2257 est;
449 2189 560 2242 τῶν
588 2188 723 2241 υἱῶν
760 2186 1010 2258 Ἰσραὴλ,
1041 2183 1419 2257 ὲντρυχόμενοί
1452 2201 1511 2237 τε
1541 2185 1652 2246 τοῖς
1682 2182 1883 2253 ἔργοις,

304 2284 396 2339 καὶ
422 2283 522 2354 τὴν
554 2281 645 2336 ἐπ’
691 2281 833 2336 αὐτὰ
876 2279 1065 2352 ῥᾳδίαν
1096 2280 1197 2349 οὐχ
1228 2278 1461 2350 ὁρῶντες
1493 2275 1614 2331 ὁδόν
1633 2293 1646 2307 ·
1681 2274 1884 2346 ἀχύρου

300 2375 411 2446 γαρ
451 2369 593 2443 ἦσαν
626 2373 686 2426 ὲν
716 2371 915 2425 σπάνει
936 2410 950 2436 ,
986 2368 1287 2441 ἐπῃτιῶντο
1318 2368 1376 2422 δὲ
1423 2367 1544 2421 λίαν
1592 2365 1797 2420 Μωσέα
1824 2380 1884 2417 τε

302 2466 403 2518 καὶ
472 2462 686 2536 Ἀαρὼν
752 2463 855 2534 τῆς
914 2460 1355 2531 ἐπενηνεγμένης
1427 2458 1610 2520 αίτίας
1668 2455 1882 2519 αὐτοῖς,

305 2556 576 2628 πρόφασιν
604 2556 801 2618 αὐτοὺς
832 2552 1082 2623 γενέσθαι
1108 2553 1377 2622 λέγοντες,
1403 2552 1498 2604 καὶ⁸
1524 2546 1881 2619 δυσαχθεστέ-

303 2664 410 2718 ραν
430 2646 724 2716 ἀνατλῆναι
753 2645 855 2715 τῆς
880 2642 1192 2707 πλεονεξίας
1212 2643 1312 2713 τὴν
1332 2642 1541 2712 ἔφοδον,
1567 2642 1666 2711 οὐχ
1693 2640 1881 2709 ἑτέρου

299 2753 395 2789 του
419 2736 616 2807 χάριν,
648 2736 683 2808 ἢ
713 2736 797 2789 ὅτι
836 2734 901 2806 δὴ
937 2734 1097 2806 μόνον
1129 2731 1443 2804 ἐλευθερίας
1474 2731 1673 2795 αὐτοὺς
1705 2728 1879 2783 είσέδυ

298 2826 491 2891 πόθος,
520 2828 634 2890 τοῖς
666 2826 796 2896 παρ’
828 2825 1007 2878 αὐτῶν
1038 2824 1216 2891 λόγοις
1247 2822 1770 2892 ἅναπεπεισμένους.

1978 1841 2082 1880 nos
2120 1825 2190 1879 ab
2226 1824 2294 1879 iis
2341 1826 2744 1896 consequendis
2794 1825 3038 1881 abducit.
3083 1827 3269 1897 Itaque
3304 1844 3430 1884 cum
3473 1832 3560 1886 di-

1978 1915 2107 1970 vina
2138 1916 2226 1970 lex
2255 1916 2556 1970 humanum
2587 1916 2829 1970 animum
2862 1918 3046 1987 turpia
3085 1918 3336 1985 dedocet,
3368 1921 3563 1993 ingens

1980 2006 2254 2075 quoddam
2292 2006 2626 2060 desiderium
2670 2013 2784 2060 tum
2824 2008 3058 2063 maxime
3099 2010 3268 2075 subit,
3303 2013 3448 2081 quod
3491 2012 3561 2067 ad

1981 2096 2173 2150 eadem
2199 2103 2439 2158 revocat,
2469 2104 2525 2150 et
2552 2097 2947 2165 propemodum
2975 2099 3239 2154 adversus
3268 2099 3443 2169 ipsum
3476 2102 3559 2157 le-

1980 2187 2294 2257 gislatorem
2324 2188 2614 2242 vociferari
2650 2188 2862 2253 suadet,
2890 2191 3116 2259 ejusque
3147 2192 3227 2245 rei
3258 2201 3318 2246 ut
3346 2192 3402 2245 in
3436 2209 3559 2246 um-

1981 2276 2098 2333 bris
2146 2276 2495 2346 quibusdam,
2523 2276 2800 2345 specimen
2846 2276 3113 2331 habemus
3154 2277 3375 2333 Scribas
3419 2279 3560 2333 ﬁlio-

1982 2383 2105 2424 rum
2137 2368 2323 2433 lsrael,
2358 2367 2452 2437 qui
2488 2374 2602 2421 tum
2627 2382 2855 2436 operum
2888 2366 3072 2423 labore
3104 2370 3559 2436 conﬁciebantur,

1982 2466 2097 2513 tum
2126 2460 2268 2514 viam
2302 2458 2370 2513 ad
2412 2473 2475 2512 ea
2503 2456 2836 2528 perﬁcienda
2878 2457 3095 2514 facilem
3121 2460 3324 2514 nullam
3364 2475 3561 2515 cerne~

1986 2551 2151 2616 bant;
2202 2551 2483 2620 palearum
2524 2550 2671 2604 enim
2707 2549 2889 2620 inepia
2926 2550 3249 2604 laborabant
3278 2568 3292 2604 ι
3325 2553 3562 2621 graviter

1985 2655 2205 2710 quoque
2247 2639 2466 2712 Moysen
2504 2648 2561 2695 et
2592 2640 2775 2696 Aaron
2805 2641 3119 2711 culpabant,
3155 2658 3280 2697 cum
3314 2642 3563 2697 dicerent

1982 2729 2107 2786 illos
2139 2731 2478 2786 occasionem
2508 2746 2620 2786 sua;
2653 2731 2956 2786 vexationis
2983 2733 3306 2802 praebuisse,
3348 2731 3564 2803 gravio-

1987 2837 2214 2892 remque
2241 2838 2299 2877 se
2337 2822 2551 2894 injuriae
2582 2821 2694 2875 vim
2730 2823 2964 2892 perpeti,
2999 2839 3109 2877 non
3137 2824 3241 2878 alia
3278 2823 3346 2878 de
3375 2838 3561 2888 causa,

294 2917 405 2972 nisi
433 2916 539 2971 hac
567 2915 703 2978 sola,
729 2913 876 2986 quod
908 2913 1031 2971 illos
1064 2911 1453 2983 recuperanda:
1492 2911 1765 2966 libertatis
1792 2919 2012 2979 ceperat
2064 2912 2423 2977 desiderium,
2452 2927 2520 2967 ex
2586 2925 2696 2982 quo
2728 2912 2946 2967 illorum
3003 2914 3349 2969 sermonibus
3401 2913 3565 2969 ﬁdem

294 3006 691 3063 adhibuissent

372 3100 590 3153 ΠΔΛΛ.
630 3097 706 3151 Ού
742 3096 853 3168 γὰρ
879 3097 981 3149 οῖει
1012 3095 1191 3164 λέγειν
1219 3093 1291 3148 τὰ
1332 3093 1519 3148 είκύτα
1550 3094 1643 3148 καὶ
1667 3090 1880 3164 ἀληθῆ;

2054 3083 2252 3141 PALL.
2294 3085 2474 3152 Quid?
2494 3100 2606 3140 non
2642 3100 2741 3141 eos
2783 3088 3179 3157 propemodum
3209 3105 3363 3161 aequa
3389 3103 3445 3149 et
3474 3110 3568 3151 ve-

372 3279 544 3333 ΚΥΡ.
576 3275 895 3329 Παντάπασι
938 3274 1036 3345 μὲν
1074 3267 1202 3337 οὖν,
1231 3265 1277 3326 ὦ
1316 3270 1604 3326 Παλλάδιε·
1631 3269 1747 3340 ἅμα
1774 3268 1885 3340 γὰρ

292 3373 453 3443 ’l'r'ﬁ;
481 3366 748 3437 ἐπιθυμία
785 3364 996 3437 χρηστὴ
1034 3366 1129 3420 καὶ
1165 3361 1425 3433 λογισμὸς
1459 3360 1661 3429 ἀγαθὸς
1699 3358 1886 3414 ἀνεσύ-

294 3464 440 3533 6ησε
492 3460 654 3531 τυχὸν
696 3457 833 3529 πρὸς
875 3457 937 3510 τὸ
976 3457 1086 3509 δεῖν
1137 3454 1351 3508 ἑλέσθαι
1391 3451 1460 3506 τὰ
1504 3451 1582 3523 τῷ
1633 3450 1752 3522 Θεῷ
1799 3451 1887 3504 δο-

296 3553 533 3614 κοῦντα,
556 3550 653 3603 καὶ
674 3549 842 3619 νόμου
864 3546 958 3601 τοῦ
984 3546 1119 3618 πρὸς
1141 3544 1420 3598 εὐσέϐειαν
1443 3543 1716 3615 διαμεμνή
1726 3542 1882 3613 μεθα·

296 3642 574 3709 κατάγχει
599 3638 658 3691 δὲ
686 3638 918 3708 μάλιστα
950 3636 1207 3707 χειρόνως
1235 3634 1328 3687 ἐπὶ
1351 3633 1412 3686 τὸ
1438 3633 1676 3687 σίνεσθαι
1714 3648 1887 3702 πεφυ-

297 3733 401 3795 ιὼς
432 3734 462 3783 ὁ
493 3730 712 3784 πάντων
738 3727 950 3801 ἐχθρὸς,
972 3726 1109 3797 πλὴν
1137 3723 1390 3797 ὲκρύεται
1410 3723 1503 3779 καὶ
1539 3724 1697 3789 σώζει
1729 3724 1883 3789 Θεός.

294 3824 419 3878 Καὶ
454 3820 587 3888 γοῦν
633 3820 737 3889 ἔφη
772 3818 908 3889 πρὸς
948 3816 1186 3870 Μωσέα’
1249 3832 1268 3866 ι
1321 3813 1565 3874 Βάδισον,
1612 3812 1732 3865 είπὲ
1775 3814 1887 3873 τοῖς

296 3917 443 3978 υἱοῖς
474 3911 694 3984 Ἰσραὴλ
730 3910 924 3979 λέγων,
954 3906 1102 3977 Ἐγὼ
1138 3907 1364 3978 Κύριος,
1412 3905 1506 3958 καὶ
1539 3903 1712 3969 ἐξάξω
1743 3902 1888 3971 ὑμᾶς

298 4004 417 4061 ἀπὺ
458 4005 560 4074 τῆς
604 3999 921 4063 δυναστείας
966 3998 1075 4052 τῶν
1117 3997 1464 4066 Αἰγυπτίων,
1515 3996 1610 4048 καὶ
1656 3993 1888 4063 ῥύσομαι

296 4096 453 4165 ὑμᾶς
514 4095 581 4147 ὲκ
649 4092 750 4162 τῆς
812 4089 1052 4153 δουλείας
1109 4087 1316 4151 αὐτῶν,
1376 4087 1470 4140 καὶ
1541 4081 1890 4154 λυτρώσομαι

296 4188 489 4258 ὑμᾶς,
539 4186 599 4237 ὲν
644 4183 887 4255 βραχίονι
932 4179 1142 4252 ὑψηλῷ,
1175 4179 1268 4232 καὶ
1307 4177 1486 4248 κρίσει
1523 4173 1767 4247 μεγάλῃ,
1796 4174 1890 4226 καὶ

294 4276 551 4347 λήψομαι
599 4275 743 4343 ὑμᾶς
786 4275 866 4336 είς
901 4271 1029 4325 λαὸν
1073 4267 1313 4340 ἐμαυτῷ.
1359 4268 1472 4322 Καὶ
1501 4267 1695 4336 ἔσομαι
1735 4261 1889 4334 ὑμῶν

292 4367 460 4431 Θεὸς,
499 4367 597 4419 καὶ
624 4361 897 4433 γνώσεσθε
924 4363 1005 4415 ὅτι
1039 4360 1150 4429 ἐγὼ
1182 4360 1386 4431 Κύριος
1426 4359 1456 4410 ὁ
1487 4356 1619 4419 Θεὸς
1654 4353 1829 4425 ὑμῶν,
1860 4353 1890 4406 ὁ

1985 3194 2046 3232 ra
2074 3178 2260 3233 dicere
2288 3178 2518 3233 censes?

2052 3267 2209 3324 CYR.
2245 3268 2322 3322 Ita
2352 3276 2437 3322 est
2465 3268 2709 3331 omnino,
2749 3268 2975 3323 Palladi.
3012 3269 3186 3325 Simul
3219 3273 3367 3327 enim
3402 3284 3567 3347 atque

1984 3357 2272 3412 laudabilis
2305 3356 2578 3426 cupiditas
2608 3365 2865 3425 rectaque
2896 3358 3155 3428 cogitatio
3186 3376 3286 3415 nos
3309 3364 3566 3419 excitavit

1984 3448 2214 3504 fortasse
2260 3447 2329 3502 ad
2371 3462 2456 3511 ea,
2486 3462 2605 3516 qua:
2647 3447 2760 3501 Deo
2802 3447 3038 3518 placent,
3073 3451 3469 3519 amplectenda,
3511 3463 3567 3509 ct

1985 3543 2121 3613 legis
2158 3540 2529 3605 meminimus,
2565 3556 2687 3610 quae
2731 3555 2834 3594 nos
2882 3540 2951 3594 ad
2994 3540 3257 3610 pietatem
3290 3541 3564 3611 hortatur,

1986 3633 2079 3689 ille
2107 3632 2413 3689 communis
2443 3633 2687 3687 omnium
2729 3634 2903 3689 hostis
2942 3647 3047 3687 nos
3084 3632 3150 3686 ad
3181 3648 3267 3698 ea,
3299 3650 3421 3703 qua:
3462 3651 3564 3689 no-

1986 3732 2131 3790 cent,
2168 3727 2326 3797 pejus
2359 3726 2610 3795 impellit.
2655 3725 2830 3796 Eripit
2875 3733 3057 3780 tamen
3099 3724 3226 3780 inde
3263 3741 3327 3781 ac
3365 3727 3563 3783 liberat

1985 3814 2158 3880 Deus;
2194 3815 2377 3885 itaque
2400 3815 2476 3869 ait
2495 3815 2564 3869 ad
2586 3815 2805 3886 Moysen
2830 3833 2843 3868 :
2870 3815 3067 3880 «Vade,
3093 3816 3182 3870 dic
3203 3815 3330 3871 ﬁliis
3356 3817 3519 3872 Israel
3549 3835 3564 3872 :

1987 3906 2100 3976 Ego
2128 3906 2420 3972 Dominus;
2445 3913 2500 3960 et
2523 3906 2754 3961 educam
2782 3922 2879 3961 vos
2901 3905 2968 3960 de
2997 3913 3267 3974 potestate
3287 3905 3567 3977 [Egyptia-

1988 4011 2132 4059 rum,
2155 4003 2211 4049 et
2241 3996 2488 4051 liberabo
2524 4011 2623 4050 vos
2660 3996 2728 4050 de
2766 3995 3032 4050 servitute
3068 4010 3284 4061 eorum,
3314 4005 3371 4050 et
3413 3997 3564 4051 redi-

1986 4103 2129 4142 mam
2157 4103 2256 4142 vos
2298 4088 2357 4141 in
2393 4087 2621 4141 brachio
2658 4086 2900 4150 sublimi,
2930 4095 2987 4141 et
3011 4086 3222 4157 judicio
3253 4103 3466 4159 magno,
3510 4098 3566 4143 et

1988 4180 2252 4249 accipiam
2283 4194 2383 4234 vos
2428 4179 2484 4232 in
2516 4177 2780 4247 populum
2814 4178 2949 4232 mihi
2999 4178 3122 4248 ipsi,
3155 4186 3212 4234 et
3250 4195 3347 4235 ero
3384 4188 3567 4237 vester

1988 4273 2164 4336 Deus;
2196 4279 2254 4327 et
2292 4270 2633 4341 cognoscetis
2682 4270 2830 4340 quod
2866 4285 2967 4340 ego
2996 4270 3264 4325 Dominus
3294 4272 3438 4326 Deus
3467 4287 3563 4326 ve-

1990 4371 2120 4426 ster,
2149 4360 2242 4430 qui
2285 4358 2450 4414 eduxi
2493 4373 2591 4412 vos
2618 4356 2687 4412 de
2726 4365 2873 4412 terra
2913 4355 3149 4425 Egypti,
3181 4355 3249 4409 de
3296 4364 3565 4425 potestate

294 4454 597 4525 ἐξαγαγὼν
623 4454 767 4523 ὑμᾶς
789 4453 852 4506 ὲκ
884 4452 987 4522 γῆς
1013 4448 1314 4518 Αἰγύπτου,
1349 4449 1415 4501 ὲκ
1445 4448 1543 4517 τῆς
1570 4442 1883 4504 δυναστείας

1984 4452 2362 4524 Egyptiorum
2400 4452 2443 4503 '.
2487 4469 2505 4502 ›
2531 4449 2700 4515 Nam,
2737 4463 2862 4503 cum
2890 4447 3117 4502 Satanas
3166 4446 3234 4501 ab
3272 4448 3421 4501 omni
3465 4463 3568 4502 nos

292 4549 415 4601 τῶν
440 4544 776 4615 Δίγυπτίων.
822 4562 841 4595 ι
891 4540 1314 4611 Ἀποτρέποντος
1346 4537 1457 4609 γὰρ
1490 4537 1636 4607 ἡμᾶς
1664 4533 1758 4588 τοῦ
1784 4535 1887 4585 Σα-

294 4639 467 4705 τανᾶ,
516 4635 612 4689 καὶ
642 4633 859 4702 ἁπάσης
895 4632 1108 4702 ἀγαθῆς
1142 4629 1520 4696 ὲξανιστάντος
1558 4624 1886 4696 ἐπιθυμίας,

296 4729 400 4783 καὶ
437 4726 555 4780 τῶν
605 4726 684 4789 είς
722 4722 882 4778 τοῦτο
932 4719 1305 4791 διανευμάτων
1344 4719 1410 4773 δι’
1447 4714 1522 4772 ὧν
1568 4716 1635 4770 ἂν
1675 4714 1891 4768 δύναιτο

298 4815 697 4889 παρωθοῦντος
723 4814 970 4883 τρόπων,
1009 4810 1306 4883 προτρέπει
1347 4807 1483 4878 πρὸς
1510 4806 1727 4875 θέλησιν
1755 4805 1893 4872 ἀγα·

296 4911 413 4981 θὴν
445 4910 478 4962 ὁ
509 4906 603 4960 τοῦ
643 4904 778 4959 Θεοῦ
822 4904 1019 4975 νόμος,
1061 4902 1365 4973 ἄθραυστον
1410 4898 1508 4969 μὲν
1539 4898 1632 4951 τὸν
1669 4898 1893 4949 ἐπικου-

302 4997 511 5071 ροῦντα
530 4995 764 5061 δεικνὺς,
796 4994 969 5049 ἐλπίδι
997 4992 1055 5047 δὲ
1078 4995 1145 5065 τῇ
1174 4989 1527 5063 λιπαρωτάτη
1552 4986 1887 5058 παραθήγων

304 5094 385 5156 είς
409 5086 730 5159 εὐτολμίαν,
765 5086 862 5140 καὶ
902 5085 1083 5138 πίστει
1106 5082 1334 5155 νευρῶν,
1361 5082 1456 5137 καὶ
1479 5080 1558 5150 τῷ
1580 5079 1698 5151 Θεῷ
1720 5094 1888 5151 προσ-

304 5182 519 5250 νέμων,
550 5178 631 5243 ὡς
652 5176 869 5250 ἀληθῶς
896 5177 1099 5247 σωτῆρι
1117 5174 1213 5229 καὶ
1239 5174 1505 5245 λυτρωτῇ.

380 5270 595 5324 ΙΙΔΔΛ.
644 5268 731 5330 Ὠς
763 5266 1095 5338 πανάριστόν
1121 5284 1175 5321 τι
1212 5265 1399 5337 χρῆμα
1434 5263 1528 5316 καὶ
1560 5262 1884 5333 σωτήριονή

307 5362 518 5425 πίστις,
543 5360 640 5415 καὶ
662 5361 727 5415 τὸ
762 5358 1121 5425 δεῖνὲπεσθαι
1146 5357 1307 5427 διψῆν
1339 5353 1417 5426 τῷ
1445 5351 1564 5424 Θεῷ
1587 5354 1600 5405 l
1650 5426 1661 5437 Ι

380 5454 545 5508 ΚΥΡ.
589 5452 793 5524 Ὀρθῶς
832 5452 987 5524 ἔφης.
1026 5450 1223 5521 Ἕρπει
1263 5447 1321 5501 δὲ
1356 5447 1439 5501 ὅτι
1475 5442 1611 5514 πρὸς
1648 5442 1819 5514 πέρας
1852 5444 1887 5513 ἡ

385 5624 409 5657 ’
434 5635 608 5692 Exod.
647 5653 721 5701 vt,
761 5636 816 5697 6.
843 5637 896 5689 7.

1978 4545 2127 4599 bono
2155 4541 2430 4598 desiderio
2460 4540 2783 4595 dehortetur
2805 4547 2862 4594 et
2887 4546 3125 4603 avertat,
3154 4546 3212 4592 et
3240 4537 3442 4608 quibus
3467 4553 3565 4608 po-

1984 4642 2090 4688 test
2111 4633 2314 4697 modis,
2339 4647 2370 4685 a
2396 4638 2583 4686 nostra
2608 4630 2665 4684 in
2687 4630 2892 4685 bonum
2913 4628 3282 4700 propensione
3307 4627 3560 4696 repellat;

1984 4729 2196 4786 contra,
2248 4720 2345 4775 Dei
2390 4721 2481 4775 lex
2527 4718 2596 4773 ad
2642 4719 2841 4773 bonam
2888 4717 3227 4772 voluntatem
3274 4716 3561 4781 hortatur;

1985 4812 2095 4883 39
2117 4820 2280 4881 atque
2313 4810 2577 4865 invictum
2602 4824 2730 4864 eum
2755 4822 2897 4873 esse,
2925 4809 3019 4877 qui
3057 4822 3159 4861 nos
3201 4806 3441 4876 adjuvat,
3471 4821 3563 4862 os-

1990 4903 2241 4968 tendens,
2288 4901 2621 4971 amplissima
2657 4915 2752 4970 spe
2794 4899 2864 4953 ad
2901 4896 3216 4953 audendum
3257 4895 3480 4960 excitat,
3509 4905 3565 4951 et

1995 4995 2120 5051 ﬁdei
2165 5008 2366 5049 nervos
2417 4991 2592 5055 addit,
2636 4991 2857 5060 Deoque
2899 4997 3160 5059 tanquam
3208 5003 3343 5044 vero
3384 4988 3561 5044 salva-

1988 5083 2096 5141 tori
2127 5099 2192 5140 ac
2217 5083 2498 5139 liberatori
2530 5081 2754 5137 addicit.

2057 5257 2254 5315 PALL.
2287 5255 2461 5324 Quam
2490 5255 2633 5311 bona
2665 5269 2755 5309 res
2795 5268 2861 5308 ac
2897 5250 3156 5307 salutaris
3196 5259 3284 5306 est
3323 5249 3475 5312 fides,
3505 5252 3561 5302 et

1987 5349 2189 5411 ardens
2214 5349 2387 5403 Deum
2413 5344 2676 5417 sequendi
2703 5343 3068 5398 desiderium!

2057 5441 2212 5498 (ΠΒ.
2257 5440 2426 5495 Recte
2464 5439 2623 5495 dicis.
2675 5435 2832 5503 Quod
2872 5442 3054 5490 autem
3084 5431 3220 5486 ﬁdes
3264 5428 3330 5485 ad
3372 5429 3556 5499 perfe-
