3954 6200
402 323 507 380 195

1417 313 1473 368 S.
1515 310 1795 368 CYRILLI
1836 309 2312 367 ALEXANDRINI
2351 310 2674 368 ARCHIEP.

3573 310 3677 368 196

402 451 513 495 tam
554 440 816 494 virtutem
848 444 1109 506 tanquam
1150 432 1218 488 ad
1253 431 1416 488 ﬁnem
1462 429 1671 493 tendat,
1723 436 1839 484 tum
1885 444 1980 499 op-

2092 428 2274 492 πίστις
2342 428 2403 482 τδ
2441 429 2678 498 ἀγαθὸν,
2724 427 2847 500 εἴσῃ
2884 444 2965 482 τοι
2999 428 3211 495 καλῶς,
3251 422 3678 495 ἑκτελευτῶντος

401 535 533 588 time
578 545 793 595 nosces,
817 543 942 583 cum
978 542 1045 581 eo
1085 541 1195 595 quo
1224 529 1435 594 spectat
1456 531 1646 577 nostra
1671 520 1989 591 pervenerit

400 625 598 679 oratio.
623 624 759 678 Cum
783 620 930 674 enim
955 617 1166 689 Moyses
1192 616 1421 687 ejusque
1449 624 1682 670 comites
1707 613 1988 669 venissent

400 716 469 770 ad
494 716 857 775 Pharaonem,
893 719 956 765 ut
980 724 1104 765 cum
1135 723 1206 764 eo
1224 722 1420 762 rursus
1446 716 1762 777 agerent,ac
1785 704 1986 759 suade-

399 814 524 859 rent
573 812 636 858 ut
672 803 976 857 dimitteret
1000 817 1069 857 ex
1096 799 1473 873 {Egyptiorum
1510 799 1694 863 terris,
1727 807 1784 852 et
1804 797 1986 853 exsol-

398 904 556 950 veret
580 896 863 950 veteribus
881 894 1116 949 vinculis
1138 892 1416 956 Israclem,
1445 890 1637 962 signis,
1656 890 1800 945 ultra
1822 906 1986 961 quam

400 987 508 1042 dici
542 987 733 1056 possit,
765 985 1182 1040 admirabilibus
1227 984 1383 1039 illum
1429 982 1653 1039 ﬂectere
1696 982 1985 1049 volebant;

399 1079 609 1150 virgam
648 1079 797 1134 enim
838 1077 892 1131 in
941 1084 1253 1147 serpentem
1298 1083 1689 1131 commutatam
1728 1074 1987 1130 ostende—

401 1180 551 1237 runt,
586 1170 870 1239 multoque
900 1169 1107 1239 majora
1140 1167 1633 1238 prmstantioraque
1664 1166 1880 1223 efﬁcere
1929 1183 1987 1223 se

399 1263 498 1318 Dei
548 1276 652 1332 ope
694 1259 951 1314 facillime
995 1274 1175 1328 posse,
1206 1268 1396 1329 aperte
1448 1258 1867 1328 proﬁtebantur.
1918 1257 1989 1312 At

400 1353 493 1408 ille
516 1352 631 1407 suis
656 1351 846 1421 Magis,
871 1360 933 1405 ut
960 1350 1112 1421 paria
1140 1349 1404 1414 facerent,
1434 1348 1815 1419 imperavit,ad
1839 1347 1990 1405 hunc

396 1444 512 1499 fere
542 1443 768 1498 modum
823 1443 1065 1497 clamans
1107 1440 1269 1495 :Non
1303 1455 1406 1495 nos
1445 1439 1620 1511 ignari
1660 1455 1851 1495 sumus
1879 1440 1987 1494 hu-

391 1534 636 1606 jusmodi
660 1549 912 1605 operum,
940 1532 1211 1601 longeque
1251 1531 1441 1601 plures
1480 1538 1609 1584 sunt
1638 1530 1783 1601 apud
1822 1529 1987 1603 [Εεν-

396 1626 561 1695 ptios,
588 1626 683 1695 qui
706 1625 823 1680 inec
853 1622 1237 1694 profiteantur,
1268 1638 1433 1692 quam
1462 1622 1607 1692 apud
1644 1638 1773 1689 vos;
1814 1631 1870 1678 et
1897 1638 1991 1679 ars

398 1715 680 1786 Magorum
707 1724 793 1770 est
832 1729 897 1769 ac
939 1715 1184 1769 studium
1228 1714 1349 1770 haec
1397 1713 1665 1769 miracula
1707 1713 1893 1781 edere,
1928 1715 1984 1770 in

2089 520 2220 591 ἡμῖν
2262 519 2357 573 τοῦ
2397 518 2555 588 λόγου
2597 519 2735 592 πρὸς
2759 520 2850 573 τὸν
2876 519 3005 574 ἴδιον
3047 520 3267 576 σκοπόν.
3308 519 3528 593 Ἐπειδή
3567 521 3676 596 γὰρ

2086 605 2221 682 ἧκον
2246 611 2383 684 πρὸς
2404 610 2495 664 τὸν
2513 609 2714 682 Φαραὼ
2730 610 3091 683 διαλεξόμενοι
3117 613 3281 670 πάλιν
3302 614 3352 667 οἱ
3383 614 3526 685 ἀμφὶ
3548 616 3678 668 Μω-

2091 702 2206 765 σέα,
2241 702 2450 756 ἀνεῖναί
2476 720 2535 756 τε
2563 703 2661 773 τῆς
2701 703 3014 773 Αἰγυπτίων
3044 705 3136 758 καὶ
3170 705 3435 760 ἀπολῦσαι
3461 706 3675 777 δεσμῶν

2087 795 2196 849 τῶν
2228 795 2396 849 πάλαι
2428 795 2519 849 τὸν
2556 794 2771 867 Ἰσραὴλ
2792 796 3194 861 ἀναπείσοντες,
3219 797 3467 869 σημείοις
3490 799 3678 854 ἐκδυσ-

2088 889 2257 941 ωπεῖν
2285 889 2399 950 τοῖς
2446 886 2586 958 ὑπὲρ
2623 886 2780 956 λόγον
2825 887 3044 959 ῆθελον,
3102 889 3300 960 ῥάϐδου
3338 907 3400 944 τε
3440 892 3521 955 είς
3552 890 3679 960 ὄφιν

2091 978 2482 1049 μεταπλασμὺν
2516 977 2880 1043 ἐπεδείκνυον,
2907 979 3003 1043 καὶ
3030 979 3111 1032 ἔτι
3142 978 3234 1032 τοῦ
3269 996 3330 1048 γε
3363 973 3589 1051 μεέζονά
3612 998 3676 1034 τε

2088 1070 2182 1123 καὶ
2210 1070 2496 1142 ὑπερφερῆ
2518 1069 2817 1143 κατορθοῦν
2837 1069 3096 1125 δύνασθαι
3137 1072 3558 1142 προχειρότατα,
3584 1072 3680 1127 διὰ

2088 1160 2222 1215 Θεοῦ
2251 1162 2436 1232 σαφῶς
2458 1162 2876 1231 ἐπηγγέλλοντο.
2910 1162 2968 1216 '0
2997 1162 3053 1215 δὲ
3082 1165 3195 1227 τοῖς
3225 1162 3375 1228 ἰδίοις
3402 1165 3675 1235 ίσουργεῖν

2088 1255 2308 1308 ἐκέλευε
2357 1255 2594 1324 Μάγοις,
2651 1256 2934 1326 μονονουχὶ
2978 1254 3068 1309 διὰ
3109 1255 3301 1309 τούτου
3355 1256 3512 1327 βοῶν’
3559 1258 3679 1310 Οὐκ

2089 1348 2331 1416 ἀγνῶτες
2362 1348 2539 1421 ἔργων
2573 1348 2682 1402 τῶν
2708 1349 2965 1403 τοιούτων
2989 1350 3172 1421 ἡμεῖς.
3194 1349 3446 1402 Πλεῖστοι
3469 1348 3525 1402 δὲ
3558 1349 3676 1403 ὅσοι

2088 1442 2219 1511 παρ’
2262 1441 2584 1510 Αἰγυπτίοις
2629 1440 2662 1512 ἢ
2699 1439 2823 1493 καθ’
2870 1439 3047 1510 ὑμᾶς·
3095 1436 3188 1493 iul.
3237 1438 3519 1510 μελέτημα
3561 1441 3678 1503 τοῖς

2088 1532 2300 1601 Μάγοις
2326 1532 2388 1585 τὸ
2418 1531 2856 1604 θαυματουργεῖν
2873 1572 2890 1598 ,
2921 1526 3005 1595 οἷς
3035 1531 3130 1585 καὶ
3158 1531 3318 1602 ὑμεῖς
3343 1530 3672 1600 ἐναρίθμιοι.

2088 1623 2520 1696 Σκληρυνομένῳ
2552 1623 2611 1677 δὲ
2641 1622 2784 1687 λίαν,
2815 1623 2912 1676 καὶ
2944 1623 3045 1676 ούκ
3071 1621 3275 1679 ἀνιέντι
3303 1621 3394 1675 τὸν
3432 1620 3677 1693 Ἰσραὴλ,

2086 1717 2353 1788 τέσσαρες
2397 1716 2571 1771 δειναὶ
2613 1716 2709 1770 καὶ
2746 1715 2995 1787 ἀλλήλων
3050 1714 3270 1787 χείρους
3322 1709 3678 1786 ἐπιφέρονται

392 1822 632 1878 quorum
664 1821 899 1862 numero
927 1822 1026 1863 vos
1050 1821 1271 1877 quoque
1313 1805 1466 1861 estis.
1513 1805 1701 1877 Itaque
1731 1821 1854 1861 cum
1880 1805 1979 1861 ad-

2085 1809 2322 1881 πληγαί⁹
2363 1807 2555 1874 ὕδατός
2586 1826 2647 1862 τε
2693 1807 2803 1882 γὰρ
2830 1809 2911 1872 εἰς
2948 1801 3088 1878 αἷμα
3125 1806 3394 1879 μεταϐολὴ
3434 1806 3677 1877 παραδόο

396 1901 623 1953 modum
661 1899 1038 1964 induraretur,
1082 1913 1187 1953 nec
1238 1897 1543 1952 dimitteret
1594 1897 1736 1951 ﬁlios
1781 1897 1977 1965 Israel,

392 2000 635 2061 quatuor
654 1990 704 2045 ei
733 2006 925 2062 graves
946 1991 1068 2045 aliae
1105 1989 1231 2045 aliis
1268 1991 1484 2060 pejores
1509 1989 1670 2044 illata:
1706 1995 1836 2044 sunt
1860 1990 1979 2060 pla-

393 2093 475 2154 ga:
521 2101 534 2136 :
569 2099 725 2154 aquae
762 2083 910 2139 enim
946 2081 1003 2136 in
1040 2081 1364 2153 sanguinem
1403 2079 1675 2135 mirabilis
1714 2080 1805 2135 illa
1844 2096 1979 2136 con-

393 2177 578 2232 ver'sio
596 2177 739 2232 facta
761 2185 865 2242 est,
889 2190 1150 2247 ranaeque
1180 2184 1238 2230 et
1263 2173 1479 2240 ciuiles,
1507 2182 1564 2230 et
1582 2173 1651 2229 ad
1674 2182 1980 2231 extremum

394 2284 598 2325 musca:
628 2269 838 2325 caninae
860 2268 915 2323 vi
953 2268 1180 2323 minime
1209 2266 1438 2322 ferenda
1475 2266 1785 2323 molliorem
1821 2266 1980 2324 deni-

393 2377 503 2431 que
531 2362 876 2417 Pharaonem
915 2360 1300 2417 reddiderunt.
1334 2360 1525 2429 Itaque
1560 2374 1687 2416 cum
1721 2359 1982 2417 advocas-

392 2464 480 2509 set
502 2454 745 2526 Moysen,
780 2453 859 2511 ait
896 2471 913 2507 :
952 2472 970 2505 ι
1019 2454 1228 2509 Euntes
1273 2450 1575 2507 sacriﬁcate
1601 2450 1835 2506 Domino
1867 2451 1981 2508 Deo

393 2551 580 2599 vestro
620 2544 678 2598 in
725 2551 890 2598 terra.
927 2542 997 2597 Et
1037 2541 1177 2596 dixit
1214 2541 1456 2611 Moyses:
1487 2539 1607 2594 Non
1640 2548 1823 2611 potest
1858 2539 1981 2597 ﬁeri

391 2636 476 2691 sic
520 2653 534 2691 :
571 2634 1009 2690 abominationes
1040 2633 1190 2688 enim
1228 2630 1608 2703 Egnitiorum
1642 2631 1979 2688 sacriﬁcabi-

394 2742 519 2781 mus
548 2724 781 2781 Domino
825 2726 938 2780 Deo
972 2731 1182 2789 nostro.
1214 2722 1272 2780 Si
1304 2723 1454 2778 enim
1491 2721 1983 2779 sacriﬁcaverimus

395 2814 627 2870 Domino
654 2815 767 2869 Deo
800 2824 990 2869 nostro
1024 2813 1460 2869 abominationes
1483 2811 1861 2884 Egyptiorum
1888 2829 1983 2871 co—

395 2922 513 2961 ram
545 2907 696 2977 ipsis,
728 2906 1117 2977 lapidabimur.
1145 2906 1302 2961 Viam
1332 2905 1501 2961 trium
1534 2904 1749 2960 dierum
1779 2906 1982 2962 ibimus

394 2999 453 3053 in
486 2997 861 3063 solitudinem,
902 3004 959 3052 et
995 2995 1430 3052 sacriﬁcabimus
1460 2994 1694 3052 Domino
1722 2997 1836 3052 Deo
1877 3013 1979 3052 no-

392 3100 530 3155 stro,
566 3089 708 3145 sicut
750 3087 1011 3159 praecepit
1046 3087 1228 3143 nobis.
1275 3084 1345 3141 Et
1386 3085 1524 3140 dixit
1556 3085 1772 3141 Pharao
1818 3102 1831 3140 :
1866 3086 1981 3157 Ego

395 3184 613 3238 dimitto
637 3200 755 3248 vos,
783 3191 840 3238 et
864 3180 1167 3237 sacriﬁcate
1193 3181 1426 3235 Domino
1450 3180 1566 3234 Deo
1597 3187 1783 3235 vestro
1805 3178 1862 3235 in
1886 3180 1980 3235 de-

391 3289 572 3346 serto;
611 3292 804 3334 verum
840 3291 910 3331 ne
936 3275 1097 3347 longe
1138 3273 1349 3333 abeatis
1377 3273 1418 3327 ⁸.
1456 3291 1474 3325 ι
1509 3270 1647 3327 Cum
1685 3272 1834 3327 enim
1878 3271 1979 3329 Sa-

394 3375 550 3423 tanas
586 3366 833 3431 obsistit,
870 3372 929 3419 et
960 3370 1279 3418 nostrorum
1329 3364 1640 3419 animorum
1687 3362 1977 3429 alacritati,

392 3474 505 3529 qua
536 3457 607 3513 ad
634 3458 900 3512 virtutem
928 3454 1214 3527 erigimur,
1245 3453 1547 3524 nequitiam
1578 3468 1733 3510 suam
1765 3452 1981 3510 fortiter

392 3549 646 3619 opponit,
679 3548 945 3603 adversus
976 3546 1132 3601 illum
1162 3544 1400 3615 insurgit
1422 3544 1589 3610 Deus,
1618 3545 1848 3615 ejusque
1877 3561 1975 3601 au-

396 3642 560 3697 dares
591 3641 830 3711 impetus
854 3638 1077 3709 frangit,
1101 3652 1166 3693 ac
1190 3636 1363 3708 plagis
1403 3636 1633 3693 emollit.
1669 3636 1740 3691 At
1768 3637 1860 3692 ille
1887 3638 1980 3694 vix

396 3732 618 3787 tandem
648 3730 877 3786 dimittit
906 3730 1140 3794 invitus;
1166 3735 1401 3784 conatur
1434 3735 1615 3783 tamen
1648 3728 1980 3799 persuadere

396 3824 579 3890 nobis,
609 3831 671 3878 ut
700 3823 812 3878 Deo
843 3823 1054 3878 cultum
1080 3836 1191 3877 non
1216 3828 1471 3875 accurate
1497 3819 1792 3876 admodum
1819 3820 1977 3877 exhi-

397 3917 646 3980 beamus,
684 3930 863 3984 neque
893 3914 1116 3985 penitus
1142 3912 1211 3967 ab
1240 3911 1414 3983 ipsius
1444 3911 1710 3968 servitute
1750 3912 1977 3968 receda-

397 4024 521 4065 mus
550 4027 563 4063 :
594 4007 704 4081 ω
727 4022 836 4061 non
869 4005 1019 4061 enim
1047 4012 1201 4059 extra
1238 4018 1393 4058 suam
1418 4003 1728 4074 :regionem,
1760 4003 1859 4059 sed
1890 4004 1977 4058 in-

400 4110 484 4154 tra
505 4099 654 4155 illius
679 4097 817 4154 ﬁnes
848 4096 1157 4154 sacriﬁcare
1181 4093 1399 4151 Judaos
1422 4094 1598 4165 jubet.
1628 4094 1735 4151 Sed
1764 4096 1979 4166 sapien-

398 4192 609 4247 tissime
660 4190 910 4262 Moyses,
959 4209 980 4242 ι
1026 4190 1146 4245 Non
1180 4198 1361 4260 potest
1405 4187 1524 4245 ﬁeri
1566 4188 1667 4255 sic,
1716 4208 1738 4241 ι
1776 4189 1974 4259 inquit.

398 4283 627 4355 Semper
654 4284 802 4339 enim
838 4284 929 4339 ille
957 4283 1167 4354 peccati
1198 4285 1452 4339 inventor
1491 4282 1559 4338 ad
1587 4298 1675 4337 res
1701 4282 1979 4352 improbas

394 4383 480 4430 est
511 4384 735 4442 auctor;
767 4390 861 4430 eas
886 4383 1069 4431 autem
1100 4375 1281 4444 rejicit
1315 4375 1403 4429 lex
1431 4374 1636 4437 divina,
1664 4389 1837 4444 eaque
1859 4373 1977 4429 ﬁeri

2085 1896 2190 1963 ξως
2217 1898 2537 1970 ἐπράττετο,
2569 1897 2832 1969 βάτραχοί
2856 1914 2918 1950 τε
2947 1898 3042 1950 καὶ
3070 1898 3316 1963 σκνίπες,
3356 1897 3448 1951 καὶ
3485 1897 3676 1951 τελευ-

2081 1991 2209 2044 ταία
2234 1990 2523 2061 κυνόμυια,
2554 1988 2974 2062 μαλθακώτερον
2994 1989 3094 2061 ἤδη
3113 2006 3228 2053 πως
3253 1988 3327 2052 ὡς
3348 1987 3406 2056 ἐξ
3422 1988 3675 2060 ἀνάγκης

2086 2083 2149 2136 ού
2189 2082 2434 2155 φορητῆς
2466 2081 2762 2136 ἀπετέλουν
2799 2081 2890 2136 τὸν
2921 2080 3145 2152 Φαραώ.
3195 2081 3675 2152 Είσκαλεσάμενος

2080 2174 2146 2248 δὴ
2180 2177 2307 2239 τοὺς
2344 2175 2491 2246 ἀμφὶ
2525 2172 2751 2240 Μωσέα,
2785 2174 2952 2245 φησίν
2975 2190 2989 2204 ·
3032 2192 3052 2225 ‹
3088 2172 3433 2237 Είσελθόντες
3470 2172 3678 2227 Θύσατε

2083 2266 2273 2337 Κυρίῳ
2295 2264 2373 2338 τῷ
2396 2264 2518 2337 Θεῷ
2549 2264 2704 2337 ὑμῶν
2737 2268 2794 2319 ἐν
2824 2268 2893 2337 τῇ
2929 2268 3026 2338 γῇ.
3053 2266 3162 2320 Καὶ
3188 2260 3309 2319 εἷπε
3333 2265 3557 2336 Μωσῆς,
3591 2265 3676 2318 Ού

2081 2359 2305 2414 δυνατὸν
2345 2357 2601 2429 γενέσθαι
2637 2356 2813 2422 οὕτως
2836 2372 2850 2387 °
2893 2356 2963 2410 τά
3009 2357 3118 2429 γὰρ
3174 2355 3519 2428 βδελύγματα
3558 2355 3676 2408 τῶν

2080 2449 2399 2519 Αἰγυπτίων
2439 2448 2677 2520 θύσομεν
2715 2447 2907 2521 Κυρίῳ
2940 2448 3019 2520 τῷ
3046 2447 3165 2520 Θεῷ
3189 2447 3367 2520 ήμῶν.
3413 2447 3536 2501 Ἐὰν
3557 2446 3675 2519 γὰρ

2083 2541 2335 2613 θύσωμεν
2371 2540 2565 2613 Κυρίῳ
2596 2540 2676 2613 τῷ
2711 2540 2833 2612 Θεῷ
2871 2538 3033 2613 ἡμῶν
3070 2539 3139 2594 τά
3177 2539 3522 2610 βδελύγματα
3555 2539 3674 2592 τῶν

2081 2635 2395 2704 Αἰγυπτίων
2429 2634 2673 2690 ἐναντίον
2698 2634 2899 2698 αὐτῶν,
2930 2632 3483 2705 λιθοϐοληθησόμεθα.
3520 2631 3675 2686 Ὀδὸν

2080 2728 2248 2800 τριῶν
2270 2728 2495 2800 ἡμερῶν
2519 2726 2903 2799 πορευσόμεθα
2928 2727 3007 2789 είς
3025 2724 3123 2797 τὴν
3145 2725 3372 2798 ἔρημον,
3397 2725 3493 2779 καὶ
3516 2725 3678 2780 θύσοσ

2086 2837 2185 2891 μεν
2212 2821 2405 2893 Κυρίῳ
2431 2820 2510 2891 τῷ
2542 2818 2663 2890 Θεῷ
2688 2817 2866 2890 ἡμῶν,
2899 2816 3150 2889 καθάπερ
3177 2812 3329 2872 εἶπεν
3368 2819 3518 2888 ἡμῖν.
3554 2818 3677 2883 καὶ

2083 2906 2205 2965 εἶπε
2227 2907 2457 2981 Φαραώ·
2502 2906 2644 2978 Ἐγὼ
2673 2907 2959 2963 ἀποστελῶ
3005 2907 3171 2978 ὑμᾶς,
3208 2907 3305 2961 καὶ
3332 2905 3524 2960 θύσετε
3556 2907 3677 2960 Κυ-

2085 3003 2184 3075 ρίῳ
2215 3001 2294 3073 τῷ
2315 3001 2434 3073 Θεῷ
2474 3002 2627 3072 ὑμῶν
2651 3003 2708 3056 ὲν
2735 3003 2800 3073 τῇ
2834 3001 3047 3072 ἐρήμῳ,
3071 3000 3186 3055 ἀλλ’
3206 2999 3267 3054 οὐ
3291 2999 3510 3071 μακρὰν
3534 3000 3681 3052 ἀπο.

2082 3096 2286 3148 τενεῖτε
2318 3094 2412 3149 τοῦ
2434 3092 2806 3165 πορευθῆναι.
2840 3110 2858 3144 ι
2915 3091 3289 3162 Ἀντεξάγοντι
3327 3092 3425 3164 μὲν
3448 3090 3557 3162 γὰρ
3587 3091 3675 3162 τῷ

2034 3170 2048 3190 ⁸
2080 3186 2329 3257 Σατανᾷ,
2370 3185 2468 3239 καὶ
2501 3187 2625 3248 ταῖς
2662 3186 2744 3249 εἰς
2783 3184 2844 3238 τὸ
2886 3185 3091 3254 ἀγαθὸν
3131 3184 3289 3256 ἡμῶν
3330 3183 3674 3256 προθυμίαις

2080 3277 2468 3350 ἀντιφέρεσθαι
2515 3278 2777 3345 ἐγνωκότι
2820 3277 3083 3343 νεανικῶς
3122 3278 3222 3350 τὴν
3270 3274 3466 3331 ἑαυτοῦ
3510 3292 3675 3348 μισοο

2080 3370 2368 3441 πονηρίαν,
2398 3369 2746 3440 ἀντανίστησι
2774 3368 2935 3435 Θεὸς,
2978 3368 3072 3423 καὶ
3109 3368 3374 3440 κατάγχει
3402 3368 3677 3440 Θρασυνό·

2079 3479 2240 3533 μενον
2261 3501 2277 3525 ,
2328 3463 2424 3519 καὶ
2469 3459 2776 3515 τιθασσεύει
2825 3461 3081 3533 πληγαῖς.
3126 3462 3185 3515 Ὀ
3230 3461 3285 3514 δὲ
3338 3463 3459 3515 τότε
3512 3460 3675 3532 μόλις

2078 3556 2264 3626 ἐφίησι
2301 3554 2400 3626 μὲν
2428 3553 2526 3624 οὐχ
2559 3550 2733 3607 έκώνο
2760 3554 3015 3624 πειρᾶται
3043 3553 3088 3607 δ’
3117 3548 3210 3607 οὖν
3252 3554 3401 3623 ὅμως
3433 3553 3668 3606 ἀναπεί-

2080 3647 2192 3701 θειν
2234 3648 2415 3718 ἡμᾶς,
2446 3643 2715 3699 ποιεῖσθαι
2756 3643 2856 3715 μὲν
2888 3644 2988 3698 οὐκ
3025 3644 3226 3717 ἀκριϐῆ
3268 3645 3367 3716 τὴν
3411 3647 3490 3709 εἰς
3531 3646 3673 3700 Θεὸν

2079 3740 2335 3812 λατρείαν
2369 3779 2386 3804 ,
2419 3738 2494 3811 μὴ
2537 3738 2644 3810 μὴν
2678 3737 2760 3792 ἔτι
2796 3737 3072 3802 παντελῶς
3121 3737 3217 3793 καὶ
3258 3738 3356 3809 τῆς
3391 3738 3478 3791 ἐπ’
3512 3738 3672 3811 αύτῷ

2076 3831 2323 3895 δουλείας
2354 3831 2673 3901 ἀποφοιτᾷν.
2706 3831 2781 3884 Οὐ
2816 3829 2926 3903 γὰρ
2954 3829 3060 3898 ἔξω
3096 3831 3200 3899 γῆς
3245 3829 3382 3893 ἰδίας
3405 3870 3420 3891 ,
3454 3829 3567 3883 ἀλλ’
3605 3832 3670 3883 ὲν

2078 3921 2217 3993 αὐτῇ
2247 3921 2444 3993 χρῆναι
2477 3919 2624 3975 θύειν
2652 3921 2767 3982 τοῖς
2801 3918 3073 3983 Ἰουδαίοις
3100 3918 3339 3975 ἐκέλευε.
3368 3918 3673 3986 Σοφώτατσ.

2075 4013 2134 4068 δὲ
2158 4012 2385 4083 Μωσῆς,
2420 4032 2441 4066 ι
2479 4012 2555 4066 Οὐ
2581 4010 2803 4066 δυνατὸν
2836 4009 3092 4080 γενέσθαι
3124 4008 3289 4077 οὕτω,
3336 4028 3357 4064 ι
3380 4010 3534 4081 φησί.
3570 4009 3676 4063 Γίο

2077 4124 2226 4162 νεται
2280 4106 2379 4177 μὲν
2431 4105 2540 4175 γὰρ
2592 4104 2679 4160 ἀεὶ
2723 4105 2833 4160 τῶν
2878 4103 3097 4174 φαύλων
3138 4102 3437 4174 εἰσηγητὴς
3482 4104 3511 4156 ό
3560 4104 3675 4174 τῆς

2076 4197 2351 4267 ἁμαρτίας
2383 4194 2612 4264 εὑρετής
2637 4208 2648 4223 ·
2682 4194 2959 4263 ἐκπέμπει
2987 4192 3044 4247 δὲ
3074 4191 3237 4262 νόμος
3266 4192 3295 4245 ὁ
3330 4190 3470 4255 θεῖος
3496 4190 3671 4259 αὐτὰ,

2077 4286 2174 4340 καὶ
2200 4285 2505 4354 ἀποφάσκει
2538 4284 2602 4338 τὸ
2623 4284 2778 4357 δρᾷν,
2808 4284 2952 4356 ἅπερ
2979 4283 3047 4339 ἂν
3077 4285 3268 4355 ἐκείνῳ
3303 4283 3452 4355 δοκῇ.
3486 4284 3675 4353 Προσ-

2079 4378 2267 4433 εκτέον
2304 4378 2595 4449 τοιγαροῦν
2644 4380 2755 4443 τοῖς
2809 4377 3054 4432 ἐθέλουσι
3100 4377 3250 4448 βιοῦν
3301 4376 3512 4448 ὀρθῶς,
3559 4377 3674 4448 οὐχ

395 4476 565 4532 vetat,
596 4478 719 4538 quae
762 4467 842 4522 illi
886 4468 1156 4537 placeant.
1189 4465 1262 4519 Iis
1296 4464 1462 4534 igitur
1488 4464 1584 4533 qui
1615 4474 1762 4521 recte
1791 4465 1975 4520 vivere

2082 4468 2273 4541 οἷσπερ
2304 4471 2373 4526 ἂν
2412 4471 2564 4541 λέγοι
2597 4471 2903 4542 φενακίζων
2955 4472 2985 4525 ὁ
3033 4470 3294 4544 Πονηρὸς,
3328 4470 3443 4524 ἀλλ’
3481 4462 3561 4532 οἷς
3600 4470 3676 4525 τὸ

395 4561 591 4623 velint,
616 4556 968 4620 attendenda,
997 4570 1108 4610 non
1139 4569 1262 4625 quae
1290 4554 1563 4625 malignus
1588 4554 1680 4609 ille
1718 4555 1979 4626 deceptor

397 4650 612 4715 suadet,
643 4648 744 4705 sed
772 4662 894 4718 quae
923 4646 1175 4701 divinum
1216 4659 1541 4715 responsum
1586 4645 1772 4701 edicit.
1813 4665 1831 4697 ι
1866 4648 1977 4702 Lu-

300 4760 309 4773 ~
394 4756 562 4798 cem
592 4739 763 4803 enim,
803 4756 821 4790 ι
862 4735 1063 4806 inquit,
1110 4753 1129 4787 ι
1172 4733 1408 4806 pedibus
1451 4733 1589 4791 meis
1628 4734 1714 4790 lex
1766 4740 1877 4802 tua,
1924 4747 1983 4794 et

396 4832 585 4886 lumen
643 4828 854 4885 semitis
879 4827 1019 4883 meis
1045 4826 1088 4881 ’.
1125 4844 1145 4878 ι

470 4922 667 4978 PALL.
704 4923 785 4977 Ita
816 4927 922 4976 est.

465 5014 623 5070 CYR.
657 5010 801 5084 Ergo
826 5027 951 5069 cum
983 5012 1075 5067 ille
1108 5011 1382 5080 malignus
1406 5025 1512 5067 nos
1539 5010 1785 5067 detineat
1815 5021 1980 5083 atque

395 5106 658 5164 cohibere
688 5107 841 5171 velit,
877 5105 1093 5175 sibique
1138 5103 1430 5175 subjicere,
1471 5103 1823 5161 serviendum
1864 5105 1976 5161 Deo

395 5208 481 5254 est
523 5198 625 5262 illi,
656 5197 752 5267 qui
796 5195 1101 5252 secundum
1144 5202 1396 5250 naturam
1459 5194 1610 5250 solus
1647 5205 1763 5261 est;
1812 5205 1977 5267 atque

395 5292 517 5347 sine
544 5291 656 5346 ullo
684 5299 834 5344 metu
863 5288 1159 5345 dicendum
1186 5304 1200 5340 :
1239 5305 1259 5338 ι
1297 5286 1420 5341 Non
1451 5293 1632 5356 potest
1664 5286 1782 5342 ﬁeri
1810 5287 1908 5343 sic.
1946 5307 1966 5340 ι

391 5412 467 5428 -
494 5404 512 5437 ι
540 5385 713 5441 Nemo
750 5384 899 5440 enim
942 5389 1124 5453 potest
1169 5379 1387 5435 duobus
1429 5379 1667 5436 dominis
1714 5381 1921 5438 servire
1953 5399 1970 5438 :

396 5488 493 5532 aut
521 5480 669 5534 enim
715 5490 885 5534 unum
931 5474 1061 5531 odio
1100 5472 1346 5539 habebit,
1379 5480 1438 5528 et
1468 5472 1702 5528 alterum
1748 5472 1967 5546 diliget;

396 5578 491 5623 aut
538 5586 710 5625 unum
755 5567 1070 5634 sustinebit,
1120 5574 1178 5623 et
1225 5565 1459 5620 alterum
1492 5571 1808 5620 contemnet
1837 5563 1902 5618 ¹⁰.
1945 5582 1964 5616 ι

469 5754 489 5784 ³
517 5751 687 5807 Exod.
721 5751 918 5818 \'ti|,9.5
942 5765 1060 5819 sqq.

2075 4564 2216 4618 θεῖον
2244 4566 2378 4636 ἡμῖν
2414 4566 2689 4634 ἀναφωνεῖ
2718 4563 3120 4636 χρησμῴδημα.
3159 4583 3179 4615 t
3224 4563 3430 4634 Λύχνος
3462 4562 3593 4632 γὰρ,
3641 4580 3666 4614 ο

2075 4656 2231 4726 φησὶ,
2261 4675 2278 4707 ι
2313 4659 2427 4722 τοῖς
2449 4656 2575 4711 ποσί
2602 4673 2705 4728 μου
2728 4658 2758 4711 ό
2786 4657 2949 4728 νόμος
2982 4673 3098 4723 σου,
3130 4656 3226 4711 καὶ
3258 4654 3374 4726 φῶς
3398 4655 3518 4717 ταῖς
3540 4653 3675 4724 τρί-

2074 4748 2194 4811 ϐοις
2227 4765 2351 4819 μου.
2396 4767 2416 4802 ι

2151 4923 2360 4979 nam.
2404 4922 2647 4995 Ἀληθές.

2151 5016 2316 5073 ΚΥΡ.
2347 5016 2670 5089 Συνέχοντος
2711 5016 2895 5070 τοίνυν
2931 5016 3100 5087 ἡμᾶς,
3144 5016 3312 5089 ῆγουν
3345 5013 3671 5086 καθείργειν

2078 5104 2356 5169 ἐθέλοντος
2386 5107 2477 5161 καὶ
2511 5107 2603 5160 ὑπ’
2646 5104 2798 5179 αὐτῷ
2824 5107 3114 5170 ποιεῖσθαι,
3145 5104 3238 5159 τοῦ
3267 5103 3532 5176 Πονηροῦ,
3553 5103 3666 5158 λα-

2079 5196 2335 5269 τρευτέον
2356 5196 2475 5268 Θεῷ
2498 5196 2579 5268 τῷ
2606 5197 2748 5252 κατά
2777 5197 2940 5266 φύσιν
2965 5197 3134 5268 μόνῳ,
3156 5196 3251 5251 καὶ
3274 5197 3523 5271 διψυχίας
3550 5195 3671 5250 ἰόν-

2078 5306 2172 5355 τες
2199 5288 2274 5352 ὡς
2312 5289 2604 5352 ἀπωτάτω,
2652 5290 2937 5361 λέγωμεν,
2971 5308 2991 5342 ι
3029 5290 3105 5344 Οὐ
3143 5289 3366 5344 δυνατὸν
3404 5287 3669 5357 γενέσθαι
3698 5354 3710 5369 ⁸

2078 5379 2270 5445 οὕτως.
2293 5398 2421 5433 ~l--t
2441 5381 2674 5434 Δύναται
2690 5380 2800 5452 γὰρ
2816 5381 2990 5444 οὐδεὶς
3008 5380 3130 5453 δυσὶ
3140 5381 3347 5449 κυρίοις
3366 5378 3666 5435 δουλεύεινο

2077 5470 2111 5543 ἥ
2138 5469 2247 5541 γὰρ
2283 5470 2378 5527 τὸν
2410 5470 2506 5526 ἕνα
2535 5472 2787 5542 μισήσει,
2822 5472 2918 5526 καὶ
2948 5471 3040 5525 τδν
3067 5471 3255 5544 ἕτερον
3282 5471 3579 5541 ἀγαπήσει·
3626 5471 3669 5545 ἢ

2076 5561 2169 5615 τοῦ
2208 5561 2327 5628 ἑνὸς
2365 5562 2665 5629 ἀνθέξεται,
2693 5562 2910 5618 καὶτοῦ
2942 5564 3132 5635 ἑτέρου
3169 5562 3597 5634 καταφρονήσει.
3638 5580 3663 5615 ι

1138 5750 1158 5781 ⁸
1181 5748 1323 5803 Psal.
1347 5762 1527 5815 cxvm,
1558 5744 1677 5801 105.
1756 5746 1798 5779 ⁸⁸
1815 5744 2007 5801 Matth.
2047 5758 2163 5812 nu,
2188 5741 2278 5798 24.
