  <div class='ocr_page' id='page_1' title='image "/cluster/home/n/w/nwhite01/storage/ocr_20150623/68/hvd.32044073501975/104.png"; bbox 0 0 3954 6200; ppageno 0'>
   <div class='ocr_carea' id='block_1_1' title="bbox 296 310 393 363">
    <p class='ocr_par' dir='ltr' id='par_1_1' title="bbox 296 310 393 363">
     <span class='ocr_line' id='line_1_1' title="bbox 296 310 393 363; baseline 0 0"><span class='ocrx_word' id='word_1_1' title='bbox 296 310 393 363; x_wconf 70' lang='grc'><strong>197</strong></span> 
     </span>
    </p>
   </div>
   <div class='ocr_carea' id='block_1_2' title="bbox 1040 316 2812 406">
    <p class='ocr_par' dir='ltr' id='par_1_2' title="bbox 1040 316 2812 406">
     <span class='ocr_line' id='line_1_2' title="bbox 1040 316 2812 406; baseline 0.012 -31"><span class='ocrx_word' id='word_1_2' title='bbox 1040 316 1128 376; x_wconf 79' lang='lat' dir='ltr'><strong>DE</strong></span> <span class='ocrx_word' id='word_1_3' title='bbox 1163 320 1608 382; x_wconf 71' lang='lat' dir='ltr'><strong>ADORATIONE</strong></span> <span class='ocrx_word' id='word_1_4' title='bbox 1647 326 1716 382; x_wconf 81' lang='lat' dir='ltr'><strong>IN</strong></span> <span class='ocrx_word' id='word_1_5' title='bbox 1756 327 2030 388; x_wconf 77' lang='lat' dir='ltr'><strong>SPIRITU</strong></span> <span class='ocrx_word' id='word_1_6' title='bbox 2069 333 2159 389; x_wconf 83' lang='grc' dir='ltr'><strong>ΕΤ</strong></span> <span class='ocrx_word' id='word_1_7' title='bbox 2197 335 2567 394; x_wconf 74' lang='lat' dir='ltr'><strong>VERITATE.</strong></span> <span class='ocrx_word' id='word_1_8' title='bbox 2610 340 2740 406; x_wconf 83' lang='lat' dir='ltr'><strong>LIB.</strong></span> <span class='ocrx_word' id='word_1_9' title='bbox 2772 344 2812 399; x_wconf 91' lang='grc'>1.</span> 
     </span>
    </p>
   </div>
   <div class='ocr_carea' id='block_1_3' title="bbox 3452 356 3552 410">
    <p class='ocr_par' dir='ltr' id='par_1_3' title="bbox 3452 356 3552 410">
     <span class='ocr_line' id='line_1_3' title="bbox 3452 356 3552 410; baseline 0 0"><span class='ocrx_word' id='word_1_10' title='bbox 3452 356 3552 410; x_wconf 73' lang='grc'><strong>198</strong></span> 
     </span>
    </p>
   </div>
   <div class='ocr_carea' id='block_1_4' title="bbox 288 422 1838 527">
    <p class='ocr_par' dir='ltr' id='par_1_4' title="bbox 288 422 1838 514">
     <span class='ocr_line' id='line_1_4' title="bbox 288 422 1838 514; baseline 0.013 -38"><span class='ocrx_word' id='word_1_11' title='bbox 288 426 606 495; x_wconf 71' lang='grc' dir='ltr'><strong>Γέγραπται</strong></span> <span class='ocrx_word' id='word_1_12' title='bbox 632 426 691 481; x_wconf 81' lang='grc' dir='ltr'>δὲ</span> <span class='ocrx_word' id='word_1_13' title='bbox 714 422 802 493; x_wconf 67' lang='grc' dir='ltr'><strong>αὖ,</strong></span> <span class='ocrx_word' id='word_1_14' title='bbox 831 444 849 480; x_wconf 74' lang='grc' dir='ltr'><strong>ι</strong></span> <span class='ocrx_word' id='word_1_15' title='bbox 893 430 1027 484; x_wconf 79' lang='grc' dir='ltr'><strong>Οὐαὶ</strong></span> <span class='ocrx_word' id='word_1_16' title='bbox 1058 435 1304 505; x_wconf 84' lang='grc' dir='ltr'><strong>καρδίαις</strong></span> <span class='ocrx_word' id='word_1_17' title='bbox 1332 436 1564 504; x_wconf 84' lang='grc' dir='ltr'><strong>δειλαῖς,</strong></span> <span class='ocrx_word' id='word_1_18' title='bbox 1593 441 1688 494; x_wconf 78' lang='grc' dir='ltr'><strong>καὶ</strong></span> <span class='ocrx_word' id='word_1_19' title='bbox 1717 459 1838 514; x_wconf 70' lang='grc' dir='ltr'>χερε</span> 
     </span>
    </p>
   </div>
   <div class='ocr_carea' id='block_1_5' title="bbox 1945 422 3552 527">
    <p class='ocr_par' dir='ltr' id='par_1_5' title="bbox 1945 445 3552 527">
     <span class='ocr_line' id='line_1_5' title="bbox 1945 445 3552 527; baseline 0.012 -26"><span class='ocrx_word' id='word_1_20' title='bbox 1945 504 1946 509; x_wconf 32' lang='grc' dir='ltr'><strong>η</strong></span> <span class='ocrx_word' id='word_1_21' title='bbox 1977 445 2255 518; x_wconf 80' lang='lat' dir='ltr'><strong>Scriptum</strong></span> <span class='ocrx_word' id='word_1_22' title='bbox 2283 461 2365 506; x_wconf 90' lang='lat' dir='ltr'><strong>est</strong></span> <span class='ocrx_word' id='word_1_23' title='bbox 2397 451 2527 507; x_wconf 90' lang='lat' dir='ltr'><strong>item</strong></span> <span class='ocrx_word' id='word_1_24' title='bbox 2555 471 2568 507; x_wconf 87' lang='lat'><strong>:</strong></span> <span class='ocrx_word' id='word_1_25' title='bbox 2595 471 2612 506; x_wconf 75' lang='grc' dir='ltr'><strong>ι</strong></span> <span class='ocrx_word' id='word_1_26' title='bbox 2645 455 2736 510; x_wconf 67' lang='lat' dir='ltr'><strong>Vae</strong></span> <span class='ocrx_word' id='word_1_27' title='bbox 2759 457 3019 514; x_wconf 81' lang='lat' dir='ltr'><strong>cordibus</strong></span> <span class='ocrx_word' id='word_1_28' title='bbox 3045 460 3271 527; x_wconf 79' lang='lat' dir='ltr'><strong>timidis,</strong></span> <span class='ocrx_word' id='word_1_29' title='bbox 3297 472 3352 519; x_wconf 87' lang='lat' dir='ltr'><strong>et</strong></span> <span class='ocrx_word' id='word_1_30' title='bbox 3377 465 3552 519; x_wconf 85' lang='lat' dir='ltr'><strong>mani-</strong></span> 
     </span>
    </p>
   </div>
   <div class='ocr_carea' id='block_1_6' title="bbox 282 515 1870 607">
    <p class='ocr_par' dir='ltr' id='par_1_6' title="bbox 282 515 1870 607">
     <span class='ocr_line' id='line_1_6' title="bbox 282 515 1870 607; baseline 0.014 -41"><span class='ocrx_word' id='word_1_31' title='bbox 282 515 670 584; x_wconf 82' lang='grc' dir='ltr'>παρειμέναις,</span> <span class='ocrx_word' id='word_1_32' title='bbox 707 518 801 570; x_wconf 87' lang='grc' dir='ltr'><strong>καί</strong></span> <span class='ocrx_word' id='word_1_33' title='bbox 825 519 1136 592; x_wconf 80' lang='grc' dir='ltr'><strong>ἁμαρτωλῷ</strong></span> <span class='ocrx_word' id='word_1_34' title='bbox 1162 525 1494 582; x_wconf 79' lang='grc' dir='ltr'>ὲπιὸαίνοντι</span> <span class='ocrx_word' id='word_1_35' title='bbox 1515 531 1606 582; x_wconf 85' lang='grc' dir='ltr'>ὲπί</span> <span class='ocrx_word' id='word_1_36' title='bbox 1639 531 1730 585; x_wconf 86' lang='grc' dir='ltr'><strong>δύο</strong></span> <span class='ocrx_word' id='word_1_37' title='bbox 1751 535 1870 607; x_wconf 82' lang='grc' dir='ltr'>τρί-</span> 
     </span>
    </p>
   </div>
   <div class='ocr_carea' id='block_1_7' title="bbox 281 605 1870 695">
    <p class='ocr_par' dir='ltr' id='par_1_7' title="bbox 281 605 1870 695">
     <span class='ocr_line' id='line_1_7' title="bbox 281 605 1870 695; baseline 0.012 -37"><span class='ocrx_word' id='word_1_38' title='bbox 281 605 444 668; x_wconf 79' lang='grc' dir='ltr'>6ουςι</span> <span class='ocrx_word' id='word_1_39' title='bbox 476 624 496 657; x_wconf 75' lang='grc' dir='ltr'><strong>ι</strong></span> <span class='ocrx_word' id='word_1_40' title='bbox 533 607 748 678; x_wconf 84' lang='grc' dir='ltr'>Χρῆναι</span> <span class='ocrx_word' id='word_1_41' title='bbox 775 610 883 680; x_wconf 85' lang='grc' dir='ltr'><strong>γὰρ</strong></span> <span class='ocrx_word' id='word_1_42' title='bbox 931 611 1107 680; x_wconf 75' lang='grc' dir='ltr'>ἔγωγέ</span> <span class='ocrx_word' id='word_1_43' title='bbox 1135 631 1299 686; x_wconf 74' lang='grc' dir='ltr'>φημι,</span> <span class='ocrx_word' id='word_1_44' title='bbox 1321 618 1568 691; x_wconf 84' lang='grc' dir='ltr'>καθαρὰν</span> <span class='ocrx_word' id='word_1_45' title='bbox 1597 622 1689 675; x_wconf 74' lang='grc' dir='ltr'><strong>καὶ</strong></span> <span class='ocrx_word' id='word_1_46' title='bbox 1713 605 1870 695; x_wconf 76' lang='grc' dir='ltr'><strong>ἀμώ-</strong></span> 
     </span>
    </p>
   </div>
   <div class='ocr_carea' id='block_1_8' title="bbox 281 699 1865 786">
    <p class='ocr_par' dir='ltr' id='par_1_8' title="bbox 281 699 1865 786">
     <span class='ocr_line' id='line_1_8' title="bbox 281 699 1865 786; baseline 0.014 -39"><span class='ocrx_word' id='word_1_47' title='bbox 281 713 453 765; x_wconf 86' lang='grc' dir='ltr'>μητον</span> <span class='ocrx_word' id='word_1_48' title='bbox 487 699 760 752; x_wconf 81' lang='grc' dir='ltr'>ποιεῖσθαι</span> <span class='ocrx_word' id='word_1_49' title='bbox 789 700 1042 771; x_wconf 72' lang='grc' dir='ltr'><strong>λατρείαν</strong></span> <span class='ocrx_word' id='word_1_50' title='bbox 1071 705 1148 776; x_wconf 83' lang='grc' dir='ltr'>τῷ</span> <span class='ocrx_word' id='word_1_51' title='bbox 1177 708 1390 762; x_wconf 85' lang='grc' dir='ltr'>πάντων</span> <span class='ocrx_word' id='word_1_52' title='bbox 1411 712 1695 782; x_wconf 74' lang='grc' dir='ltr'><strong>κρατοῦντι</strong></span> <span class='ocrx_word' id='word_1_53' title='bbox 1726 714 1865 786; x_wconf 85' lang='grc' dir='ltr'>Θεῷ,</span> 
     </span>
    </p>
   </div>
   <div class='ocr_carea' id='block_1_9' title="bbox 278 790 1864 877">
    <p class='ocr_par' dir='ltr' id='par_1_9' title="bbox 278 790 1864 877">
     <span class='ocr_line' id='line_1_9' title="bbox 278 790 1864 877; baseline 0.013 -36"><span class='ocrx_word' id='word_1_54' title='bbox 278 790 750 858; x_wconf 74' lang='grc' dir='ltr'>ὲκπεφοιτηκότας</span> <span class='ocrx_word' id='word_1_55' title='bbox 794 795 1028 848; x_wconf 85' lang='grc' dir='ltr'>είσάπαν</span> <span class='ocrx_word' id='word_1_56' title='bbox 1074 801 1172 869; x_wconf 83' lang='grc' dir='ltr'>τῆς</span> <span class='ocrx_word' id='word_1_57' title='bbox 1221 800 1311 853; x_wconf 82' lang='grc' dir='ltr'><strong>ὑπ’</strong></span> <span class='ocrx_word' id='word_1_58' title='bbox 1349 802 1542 875; x_wconf 77' lang='grc' dir='ltr'>ἐκείνῳ</span> <span class='ocrx_word' id='word_1_59' title='bbox 1575 805 1864 877; x_wconf 83' lang='grc' dir='ltr'>λατρείας’</span> 
     </span>
    </p>
   </div>
   <div class='ocr_carea' id='block_1_10' title="bbox 276 877 1869 962">
    <p class='ocr_par' dir='ltr' id='par_1_10' title="bbox 276 877 1869 962">
     <span class='ocr_line' id='line_1_10' title="bbox 276 877 1869 962; baseline 0.014 -35"><span class='ocrx_word' id='word_1_60' title='bbox 276 877 420 930; x_wconf 67' lang='grc' dir='ltr'>οὕτω</span> <span class='ocrx_word' id='word_1_61' title='bbox 446 894 507 930; x_wconf 87' lang='grc' dir='ltr'><strong>τε</strong></span> <span class='ocrx_word' id='word_1_62' title='bbox 536 879 674 952; x_wconf 79' lang='grc' dir='ltr'>πρὸς</span> <span class='ocrx_word' id='word_1_63' title='bbox 711 880 811 950; x_wconf 82' lang='grc' dir='ltr'>τὴν</span> <span class='ocrx_word' id='word_1_64' title='bbox 841 883 1050 953; x_wconf 67' lang='grc' dir='ltr'>ἀμείνω</span> <span class='ocrx_word' id='word_1_65' title='bbox 1083 886 1265 958; x_wconf 82' lang='grc' dir='ltr'>ζητεῖν</span> <span class='ocrx_word' id='word_1_66' title='bbox 1299 890 1433 944; x_wconf 85' lang='grc' dir='ltr'>ἰέναι</span> <span class='ocrx_word' id='word_1_67' title='bbox 1458 895 1741 962; x_wconf 72' lang='grc' dir='ltr'>γεννικῶςο</span> <span class='ocrx_word' id='word_1_68' title='bbox 1771 898 1869 952; x_wconf 74' lang='grc' dir='ltr'>ἄλο</span> 
     </span>
    </p>
   </div>
   <div class='ocr_carea' id='block_1_11' title="bbox 276 966 1860 1058">
    <p class='ocr_par' dir='ltr' id='par_1_11' title="bbox 276 966 1860 1058">
     <span class='ocr_line' id='line_1_11' title="bbox 276 966 1860 1058; baseline 0.016 -41"><span class='ocrx_word' id='word_1_69' title='bbox 276 966 384 1029; x_wconf 89' lang='grc' dir='ltr'><strong>λως</strong></span> <span class='ocrx_word' id='word_1_70' title='bbox 416 983 498 1034; x_wconf 89' lang='grc' dir='ltr'><strong>τε,</strong></span> <span class='ocrx_word' id='word_1_71' title='bbox 549 987 569 1020; x_wconf 74' lang='grc' dir='ltr'><strong>ι</strong></span> <span class='ocrx_word' id='word_1_72' title='bbox 619 971 700 1024; x_wconf 83' lang='grc' dir='ltr'><strong>Τὰ</strong></span> <span class='ocrx_word' id='word_1_73' title='bbox 738 969 1080 1044; x_wconf 84' lang='grc' dir='ltr'>βδελύγματα</span> <span class='ocrx_word' id='word_1_74' title='bbox 1125 977 1234 1032; x_wconf 82' lang='grc' dir='ltr'>τῶν</span> <span class='ocrx_word' id='word_1_75' title='bbox 1267 982 1616 1049; x_wconf 71' lang='grc' dir='ltr'><strong>Αἰγυπτίων,</strong></span> <span class='ocrx_word' id='word_1_76' title='bbox 1648 1005 1667 1037; x_wconf 75' lang='grc' dir='ltr'><strong>ι</strong></span> <span class='ocrx_word' id='word_1_77' title='bbox 1706 990 1860 1058; x_wconf 83' lang='grc' dir='ltr'>φησὶ,</span> 
     </span>
    </p>
   </div>
   <div class='ocr_carea' id='block_1_12' title="bbox 281 1055 1863 1147">
    <p class='ocr_par' dir='ltr' id='par_1_12' title="bbox 281 1055 1863 1147">
     <span class='ocr_line' id='line_1_12' title="bbox 281 1055 1863 1147; baseline 0.016 -39"><span class='ocrx_word' id='word_1_78' title='bbox 281 1074 301 1108; x_wconf 75' lang='grc' dir='ltr'><strong>ι</strong></span> <span class='ocrx_word' id='word_1_79' title='bbox 337 1055 576 1127; x_wconf 78' lang='grc' dir='ltr'>θύσομεν</span> <span class='ocrx_word' id='word_1_80' title='bbox 606 1061 797 1132; x_wconf 76' lang='grc' dir='ltr'>Κυρίῳ</span> <span class='ocrx_word' id='word_1_81' title='bbox 827 1062 907 1133; x_wconf 82' lang='grc' dir='ltr'>τῷ</span> <span class='ocrx_word' id='word_1_82' title='bbox 935 1064 1057 1136; x_wconf 86' lang='grc' dir='ltr'><strong>Θεῷ</strong></span> <span class='ocrx_word' id='word_1_83' title='bbox 1084 1068 1261 1138; x_wconf 79' lang='grc' dir='ltr'>ἡμῶν.</span> <span class='ocrx_word' id='word_1_84' title='bbox 1312 1072 1436 1126; x_wconf 87' lang='grc' dir='ltr'>Ἐὰν</span> <span class='ocrx_word' id='word_1_85' title='bbox 1463 1073 1572 1146; x_wconf 83' lang='grc' dir='ltr'>γὰρ</span> <span class='ocrx_word' id='word_1_86' title='bbox 1611 1055 1863 1147; x_wconf 81' lang='grc' dir='ltr'>θύσωμεν</span> 
     </span>
    </p>
   </div>
   <div class='ocr_carea' id='block_1_13' title="bbox 271 1147 1862 1233">
    <p class='ocr_par' dir='ltr' id='par_1_13' title="bbox 271 1147 1862 1233">
     <span class='ocr_line' id='line_1_13' title="bbox 271 1147 1862 1233; baseline 0.016 -34"><span class='ocrx_word' id='word_1_87' title='bbox 271 1147 340 1200; x_wconf 79' lang='grc' dir='ltr'>τὰ</span> <span class='ocrx_word' id='word_1_88' title='bbox 371 1148 722 1221; x_wconf 78' lang='grc' dir='ltr'>βδελύγματα</span> <span class='ocrx_word' id='word_1_89' title='bbox 750 1153 858 1208; x_wconf 85' lang='grc' dir='ltr'><strong>τῶν</strong></span> <span class='ocrx_word' id='word_1_90' title='bbox 883 1156 1194 1224; x_wconf 76' lang='grc' dir='ltr'><strong>Αἰγυπτίων</strong></span> <span class='ocrx_word' id='word_1_91' title='bbox 1227 1163 1464 1218; x_wconf 84' lang='grc' dir='ltr'>ἐναντίον</span> <span class='ocrx_word' id='word_1_92' title='bbox 1493 1167 1691 1233; x_wconf 83' lang='grc' dir='ltr'>αὐτῶν,</span> <span class='ocrx_word' id='word_1_93' title='bbox 1720 1169 1862 1224; x_wconf 80' lang='grc' dir='ltr'>λιθο-</span> 
     </span>
    </p>
   </div>
   <div class='ocr_carea' id='block_1_14' title="bbox 271 1239 1859 1333">
    <p class='ocr_par' dir='ltr' id='par_1_14' title="bbox 271 1239 1859 1333">
     <span class='ocr_line' id='line_1_14' title="bbox 271 1239 1859 1333; baseline 0.016 -41"><span class='ocrx_word' id='word_1_94' title='bbox 271 1239 710 1313; x_wconf 79' lang='grc' dir='ltr'>σοληθησόμεθα.</span> <span class='ocrx_word' id='word_1_95' title='bbox 756 1265 775 1299; x_wconf 76' lang='grc' dir='ltr'><strong>ι</strong></span> <span class='ocrx_word' id='word_1_96' title='bbox 816 1249 927 1303; x_wconf 73' lang='grc' dir='ltr'><strong>Καὶ</strong></span> <span class='ocrx_word' id='word_1_97' title='bbox 954 1251 1078 1306; x_wconf 83' lang='grc' dir='ltr'>ὅσον</span> <span class='ocrx_word' id='word_1_98' title='bbox 1110 1253 1208 1321; x_wconf 85' lang='grc' dir='ltr'><strong>μὲν</strong></span> <span class='ocrx_word' id='word_1_99' title='bbox 1245 1250 1380 1327; x_wconf 77' lang='grc' dir='ltr'>ἧκεν</span> <span class='ocrx_word' id='word_1_100' title='bbox 1413 1257 1495 1323; x_wconf 82' lang='grc' dir='ltr'>εῐς</span> <span class='ocrx_word' id='word_1_101' title='bbox 1529 1277 1592 1328; x_wconf 89' lang='grc' dir='ltr'><strong>γε</strong></span> <span class='ocrx_word' id='word_1_102' title='bbox 1627 1261 1720 1315; x_wconf 83' lang='grc' dir='ltr'>τὸν</span> <span class='ocrx_word' id='word_1_103' title='bbox 1758 1262 1859 1333; x_wconf 86' lang='grc' dir='ltr'><strong>τῆς</strong></span> 
     </span>
    </p>
   </div>
   <div class='ocr_carea' id='block_1_15' title="bbox 271 1332 1857 1424">
    <p class='ocr_par' dir='ltr' id='par_1_15' title="bbox 271 1332 1857 1424">
     <span class='ocr_line' id='line_1_15' title="bbox 271 1332 1857 1424; baseline 0.017 -42"><span class='ocrx_word' id='word_1_104' title='bbox 271 1332 517 1404; x_wconf 77' lang='grc' dir='ltr'>ιστορίας</span> <span class='ocrx_word' id='word_1_105' title='bbox 536 1335 715 1404; x_wconf 89' lang='grc' dir='ltr'>λόγον,</span> <span class='ocrx_word' id='word_1_106' title='bbox 737 1339 1047 1412; x_wconf 78' lang='grc' dir='ltr'>εὐάφορμος</span> <span class='ocrx_word' id='word_1_107' title='bbox 1069 1345 1103 1414; x_wconf 81' lang='grc' dir='ltr'><strong>ἡ</strong></span> <span class='ocrx_word' id='word_1_108' title='bbox 1129 1347 1479 1418; x_wconf 79' lang='grc' dir='ltr'>παραίτησις.</span> <span class='ocrx_word' id='word_1_109' title='bbox 1505 1332 1857 1424; x_wconf 85' lang='grc' dir='ltr'>Βδελύγματα</span> 
     </span>
    </p>
   </div>
   <div class='ocr_carea' id='block_1_16' title="bbox 267 1421 1856 1513">
    <p class='ocr_par' dir='ltr' id='par_1_16' title="bbox 267 1421 1856 1513">
     <span class='ocr_line' id='line_1_16' title="bbox 267 1421 1856 1513; baseline 0.017 -41"><span class='ocrx_word' id='word_1_110' title='bbox 267 1421 380 1491; x_wconf 67' lang='grc' dir='ltr'>γὰρ</span> <span class='ocrx_word' id='word_1_111' title='bbox 410 1423 601 1477; x_wconf 75' lang='grc' dir='ltr'>ἐνθάδε</span> <span class='ocrx_word' id='word_1_112' title='bbox 631 1428 784 1498; x_wconf 76' lang='grc' dir='ltr'>φησί,</span> <span class='ocrx_word' id='word_1_113' title='bbox 809 1430 875 1483; x_wconf 83' lang='grc' dir='ltr'>τὰ</span> <span class='ocrx_word' id='word_1_114' title='bbox 901 1432 1222 1502; x_wconf 77' lang='grc' dir='ltr'>σεϐάσματα</span> <span class='ocrx_word' id='word_1_115' title='bbox 1243 1455 1256 1467; x_wconf 75' lang='grc' dir='ltr'><strong>ο</strong></span> <span class='ocrx_word' id='word_1_116' title='bbox 1285 1438 1474 1510; x_wconf 85' lang='grc' dir='ltr'><strong>μόσχοι</strong></span> <span class='ocrx_word' id='word_1_117' title='bbox 1503 1441 1560 1495; x_wconf 81' lang='grc' dir='ltr'>δὲ</span> <span class='ocrx_word' id='word_1_118' title='bbox 1583 1421 1724 1513; x_wconf 81' lang='grc' dir='ltr'>ἦσαν</span> <span class='ocrx_word' id='word_1_119' title='bbox 1743 1449 1856 1510; x_wconf 86' lang='grc' dir='ltr'>τοῖς</span> 
     </span>
    </p>
   </div>
   <div class='ocr_carea' id='block_1_17' title="bbox 1971 535 3546 622">
    <p class='ocr_par' dir='ltr' id='par_1_17' title="bbox 1971 535 3546 622">
     <span class='ocr_line' id='line_1_17' title="bbox 1971 535 3546 622; baseline 0.014 -32"><span class='ocrx_word' id='word_1_120' title='bbox 1971 535 2075 593; x_wconf 88' lang='lat' dir='ltr'><strong>bus</strong></span> <span class='ocrx_word' id='word_1_121' title='bbox 2106 539 2410 606; x_wconf 77' lang='lat' dir='ltr'><strong>dissolutis,</strong></span> <span class='ocrx_word' id='word_1_122' title='bbox 2441 555 2496 597; x_wconf 88' lang='lat' dir='ltr'><strong>et</strong></span> <span class='ocrx_word' id='word_1_123' title='bbox 2527 547 2799 612; x_wconf 89' lang='lat' dir='ltr'><strong>peccatori</strong></span> <span class='ocrx_word' id='word_1_124' title='bbox 2827 549 3127 606; x_wconf 79' lang='lat' dir='ltr'><strong>ambulanti</strong></span> <span class='ocrx_word' id='word_1_125' title='bbox 3157 569 3254 622; x_wconf 88' lang='lat' dir='ltr'><strong>per</strong></span> <span class='ocrx_word' id='word_1_126' title='bbox 3287 554 3425 610; x_wconf 88' lang='lat' dir='ltr'><strong>duas</strong></span> <span class='ocrx_word' id='word_1_127' title='bbox 3459 572 3546 611; x_wconf 86' lang='lat' dir='ltr'><strong>se-</strong></span> 
     </span>
    </p>
   </div>
   <div class='ocr_carea' id='block_1_18' title="bbox 1969 628 3547 710">
    <p class='ocr_par' dir='ltr' id='par_1_18' title="bbox 1969 628 3547 710">
     <span class='ocr_line' id='line_1_18' title="bbox 1969 628 3547 710; baseline 0.013 -30"><span class='ocrx_word' id='word_1_128' title='bbox 1969 628 2134 682; x_wconf 88' lang='lat' dir='ltr'><strong>mitas</strong></span> <span class='ocrx_word' id='word_1_129' title='bbox 2167 630 2246 684; x_wconf 79' lang='lat' dir='ltr'><strong>“l</strong></span> <span class='ocrx_word' id='word_1_130' title='bbox 2286 651 2304 683; x_wconf 79' lang='grc' dir='ltr'><strong>ι</strong></span> <span class='ocrx_word' id='word_1_131' title='bbox 2339 632 2567 702; x_wconf 85' lang='lat' dir='ltr'><strong>Oportet</strong></span> <span class='ocrx_word' id='word_1_132' title='bbox 2610 635 2787 703; x_wconf 91' lang='lat' dir='ltr'><strong>enim,</strong></span> <span class='ocrx_word' id='word_1_133' title='bbox 2823 648 2884 692; x_wconf 90' lang='lat' dir='ltr'><strong>ut</strong></span> <span class='ocrx_word' id='word_1_134' title='bbox 2921 655 3022 710; x_wconf 87' lang='lat' dir='ltr'><strong>ego</strong></span> <span class='ocrx_word' id='word_1_135' title='bbox 3059 644 3256 709; x_wconf 86' lang='lat' dir='ltr'><strong>sentio,</strong></span> <span class='ocrx_word' id='word_1_136' title='bbox 3303 646 3381 700; x_wconf 86' lang='lat' dir='ltr'><strong>illi</strong></span> <span class='ocrx_word' id='word_1_137' title='bbox 3427 664 3547 700; x_wconf 90' lang='lat' dir='ltr'><strong>om-</strong></span> 
     </span>
    </p>
   </div>
   <div class='ocr_carea' id='block_1_19' title="bbox 1968 719 3548 808">
    <p class='ocr_par' dir='ltr' id='par_1_19' title="bbox 1968 719 3548 808">
     <span class='ocr_line' id='line_1_19' title="bbox 1968 719 3548 808; baseline 0.013 -35"><span class='ocrx_word' id='word_1_138' title='bbox 1968 719 2120 774; x_wconf 86' lang='lat' dir='ltr'><strong>nium</strong></span> <span class='ocrx_word' id='word_1_139' title='bbox 2147 722 2384 794; x_wconf 85' lang='lat' dir='ltr'><strong>principi</strong></span> <span class='ocrx_word' id='word_1_140' title='bbox 2413 725 2524 779; x_wconf 90' lang='lat' dir='ltr'><strong>Deo</strong></span> <span class='ocrx_word' id='word_1_141' title='bbox 2545 742 2742 796; x_wconf 89' lang='lat' dir='ltr'><strong>purum</strong></span> <span class='ocrx_word' id='word_1_142' title='bbox 2761 730 3042 797; x_wconf 81' lang='lat' dir='ltr'><strong>exhibere,</strong></span> <span class='ocrx_word' id='word_1_143' title='bbox 3065 735 3352 806; x_wconf 88' lang='lat' dir='ltr'><strong>omnisque</strong></span> <span class='ocrx_word' id='word_1_144' title='bbox 3375 740 3548 808; x_wconf 70' lang='lat' dir='ltr'><strong>culpae</strong></span> 
     </span>
    </p>
   </div>
   <div class='ocr_carea' id='block_1_20' title="bbox 1966 815 3543 894">
    <p class='ocr_par' dir='ltr' id='par_1_20' title="bbox 1966 815 3543 894">
     <span class='ocr_line' id='line_1_20' title="bbox 1966 815 3543 894; baseline 0.013 -32"><span class='ocrx_word' id='word_1_145' title='bbox 1966 819 2248 880; x_wconf 88' lang='lat' dir='ltr'><strong>expertem</strong></span> <span class='ocrx_word' id='word_1_146' title='bbox 2277 815 2517 880; x_wconf 89' lang='lat' dir='ltr'><strong>cultum,</strong></span> <span class='ocrx_word' id='word_1_147' title='bbox 2568 831 2818 887; x_wconf 86' lang='lat' dir='ltr'><strong>egressos</strong></span> <span class='ocrx_word' id='word_1_148' title='bbox 2864 821 2918 874; x_wconf 92' lang='lat' dir='ltr'><strong>in</strong></span> <span class='ocrx_word' id='word_1_149' title='bbox 2957 829 3138 878; x_wconf 87' lang='lat' dir='ltr'><strong>totum</strong></span> <span class='ocrx_word' id='word_1_150' title='bbox 3179 825 3248 879; x_wconf 89' lang='lat' dir='ltr'><strong>ab</strong></span> <span class='ocrx_word' id='word_1_151' title='bbox 3291 843 3356 881; x_wconf 90' lang='lat' dir='ltr'><strong>ea</strong></span> <span class='ocrx_word' id='word_1_152' title='bbox 3400 830 3543 894; x_wconf 86' lang='lat' dir='ltr'><strong>vita,</strong></span> 
     </span>
    </p>
   </div>
   <div class='ocr_carea' id='block_1_21' title="bbox 1965 903 3546 984">
    <p class='ocr_par' dir='ltr' id='par_1_21' title="bbox 1965 903 3546 984">
     <span class='ocr_line' id='line_1_21' title="bbox 1965 903 3546 984; baseline 0.013 -31"><span class='ocrx_word' id='word_1_153' title='bbox 1965 915 2087 968; x_wconf 75' lang='lat' dir='ltr'><strong>quae</strong></span> <span class='ocrx_word' id='word_1_154' title='bbox 2113 903 2214 957; x_wconf 89' lang='lat' dir='ltr'><strong>sub</strong></span> <span class='ocrx_word' id='word_1_155' title='bbox 2238 904 2388 960; x_wconf 88' lang='lat' dir='ltr'><strong>illius</strong></span> <span class='ocrx_word' id='word_1_156' title='bbox 2416 907 2640 978; x_wconf 85' lang='lat' dir='ltr'><strong>maligni</strong></span> <span class='ocrx_word' id='word_1_157' title='bbox 2666 918 2752 963; x_wconf 90' lang='lat' dir='ltr'><strong>est</strong></span> <span class='ocrx_word' id='word_1_158' title='bbox 2777 909 3015 978; x_wconf 88' lang='lat' dir='ltr'><strong>ditione;</strong></span> <span class='ocrx_word' id='word_1_159' title='bbox 3046 914 3236 984; x_wconf 89' lang='lat' dir='ltr'><strong>sicque</strong></span> <span class='ocrx_word' id='word_1_160' title='bbox 3260 918 3328 971; x_wconf 87' lang='lat' dir='ltr'><strong>ad</strong></span> <span class='ocrx_word' id='word_1_161' title='bbox 3358 920 3546 974; x_wconf 84' lang='lat' dir='ltr'><strong>lauda-</strong></span> 
     </span>
    </p>
   </div>
   <div class='ocr_carea' id='block_1_22' title="bbox 1964 989 3542 1078">
    <p class='ocr_par' dir='ltr' id='par_1_22' title="bbox 1964 989 3542 1078">
     <span class='ocr_line' id='line_1_22' title="bbox 1964 989 3542 1078; baseline 0.011 -34"><span class='ocrx_word' id='word_1_162' title='bbox 1964 989 2217 1048; x_wconf 87' lang='lat' dir='ltr'><strong>biliorem</strong></span> <span class='ocrx_word' id='word_1_163' title='bbox 2254 995 2404 1049; x_wconf 83' lang='lat' dir='ltr'><strong>illam</strong></span> <span class='ocrx_word' id='word_1_164' title='bbox 2439 997 2668 1052; x_wconf 83' lang='lat' dir='ltr'><strong>alteram</strong></span> <span class='ocrx_word' id='word_1_165' title='bbox 2698 998 2915 1056; x_wconf 81' lang='lat' dir='ltr'><strong>fortiter</strong></span> <span class='ocrx_word' id='word_1_166' title='bbox 2951 1003 3173 1059; x_wconf 90' lang='lat' dir='ltr'><strong>tendere</strong></span> <span class='ocrx_word' id='word_1_167' title='bbox 3221 1023 3233 1058; x_wconf 92' lang='lat'><strong>:</strong></span> <span class='ocrx_word' id='word_1_168' title='bbox 3277 1008 3542 1078; x_wconf 89' lang='lat' dir='ltr'><strong>alioquin,</strong></span> 
     </span>
    </p>
   </div>
   <div class='ocr_carea' id='block_1_23' title="bbox 1972 1081 3544 1158">
    <p class='ocr_par' dir='ltr' id='par_1_23' title="bbox 1972 1081 3544 1158">
     <span class='ocr_line' id='line_1_23' title="bbox 1972 1081 3544 1158; baseline 0.014 -26"><span class='ocrx_word' id='word_1_169' title='bbox 1972 1099 1990 1131; x_wconf 76' lang='grc' dir='ltr'><strong>ι</strong></span> <span class='ocrx_word' id='word_1_170' title='bbox 2027 1081 2495 1152; x_wconf 87' lang='lat' dir='ltr'><strong>Abominationes,</strong></span> <span class='ocrx_word' id='word_1_171' title='bbox 2538 1106 2555 1138; x_wconf 81' lang='grc' dir='ltr'><strong>ι</strong></span> <span class='ocrx_word' id='word_1_172' title='bbox 2590 1088 2788 1158; x_wconf 88' lang='lat' dir='ltr'><strong>inquit,</strong></span> <span class='ocrx_word' id='word_1_173' title='bbox 2816 1109 2833 1140; x_wconf 74' lang='grc' dir='ltr'><strong>ι</strong></span> <span class='ocrx_word' id='word_1_174' title='bbox 2867 1092 3294 1151; x_wconf 86' lang='lat' dir='ltr'><strong>sacriﬁcabimus</strong></span> <span class='ocrx_word' id='word_1_175' title='bbox 3315 1099 3544 1154; x_wconf 90' lang='lat' dir='ltr'><strong>Domino</strong></span> 
     </span>
    </p>
   </div>
   <div class='ocr_carea' id='block_1_24' title="bbox 1962 1169 3542 1245">
    <p class='ocr_par' dir='ltr' id='par_1_24' title="bbox 1962 1169 3542 1245">
     <span class='ocr_line' id='line_1_24' title="bbox 1962 1169 3542 1245; baseline 0.013 -21"><span class='ocrx_word' id='word_1_176' title='bbox 1962 1169 2076 1226; x_wconf 89' lang='lat' dir='ltr'><strong>Deo</strong></span> <span class='ocrx_word' id='word_1_177' title='bbox 2118 1184 2331 1230; x_wconf 86' lang='lat' dir='ltr'><strong>nostro.</strong></span> <span class='ocrx_word' id='word_1_178' title='bbox 2369 1177 2426 1231; x_wconf 93' lang='lat' dir='ltr'><strong>Si</strong></span> <span class='ocrx_word' id='word_1_179' title='bbox 2469 1179 2615 1233; x_wconf 89' lang='lat' dir='ltr'><strong>enim</strong></span> <span class='ocrx_word' id='word_1_180' title='bbox 2658 1181 3146 1239; x_wconf 85' lang='lat' dir='ltr'><strong>sacriﬁcaverimus</strong></span> <span class='ocrx_word' id='word_1_181' title='bbox 3177 1188 3542 1245; x_wconf 83' lang='lat' dir='ltr'><strong>abominatio-</strong></span> 
     </span>
    </p>
   </div>
   <div class='ocr_carea' id='block_1_25' title="bbox 1960 1253 3543 1344">
    <p class='ocr_par' dir='ltr' id='par_1_25' title="bbox 1960 1253 3543 1344">
     <span class='ocr_line' id='line_1_25' title="bbox 1960 1253 3543 1344; baseline 0.013 -27"><span class='ocrx_word' id='word_1_182' title='bbox 1960 1278 2060 1318; x_wconf 90' lang='lat' dir='ltr'><strong>nes</strong></span> <span class='ocrx_word' id='word_1_183' title='bbox 2100 1264 2475 1337; x_wconf 65' lang='lat' dir='ltr'><strong>Egyptiorum</strong></span> <span class='ocrx_word' id='word_1_184' title='bbox 2533 1253 2718 1325; x_wconf 85' lang='lat' dir='ltr'><strong>coram</strong></span> <span class='ocrx_word' id='word_1_185' title='bbox 2767 1272 2904 1337; x_wconf 91' lang='lat' dir='ltr'><strong>illis,</strong></span> <span class='ocrx_word' id='word_1_186' title='bbox 2959 1276 3345 1344; x_wconf 89' lang='lat' dir='ltr'><strong>lapidabimur.</strong></span> <span class='ocrx_word' id='word_1_187' title='bbox 3403 1301 3420 1331; x_wconf 77' lang='grc' dir='ltr'><strong>ι</strong></span> <span class='ocrx_word' id='word_1_188' title='bbox 3463 1283 3543 1336; x_wconf 87' lang='lat' dir='ltr'><strong>Ac</strong></span> 
     </span>
    </p>
   </div>
   <div class='ocr_carea' id='block_1_26' title="bbox 1959 1355 3538 1436">
    <p class='ocr_par' dir='ltr' id='par_1_26' title="bbox 1959 1355 3538 1436">
     <span class='ocr_line' id='line_1_26' title="bbox 1959 1355 3538 1436; baseline 0.011 -29"><span class='ocrx_word' id='word_1_189' title='bbox 1959 1355 2104 1423; x_wconf 91' lang='lat' dir='ltr'><strong>quod</strong></span> <span class='ocrx_word' id='word_1_190' title='bbox 2157 1357 2224 1410; x_wconf 88' lang='lat' dir='ltr'><strong>ad</strong></span> <span class='ocrx_word' id='word_1_191' title='bbox 2273 1359 2539 1429; x_wconf 86' lang='lat' dir='ltr'><strong>simplicis</strong></span> <span class='ocrx_word' id='word_1_192' title='bbox 2583 1362 2824 1417; x_wconf 69' lang='lat' dir='ltr'><strong>historiae</strong></span> <span class='ocrx_word' id='word_1_193' title='bbox 2875 1367 3270 1435; x_wconf 83' lang='lat' dir='ltr'><strong>expositionem</strong></span> <span class='ocrx_word' id='word_1_194' title='bbox 3315 1371 3538 1436; x_wconf 89' lang='lat' dir='ltr'><strong>attinet,</strong></span> 
     </span>
    </p>
   </div>
   <div class='ocr_carea' id='block_1_27' title="bbox 1958 1443 3538 1532">
    <p class='ocr_par' dir='ltr' id='par_1_27' title="bbox 1958 1443 3538 1532">
     <span class='ocr_line' id='line_1_27' title="bbox 1958 1443 3538 1532; baseline 0.012 -35"><span class='ocrx_word' id='word_1_195' title='bbox 1958 1443 2155 1501; x_wconf 89' lang='lat' dir='ltr'><strong>idonea</strong></span> <span class='ocrx_word' id='word_1_196' title='bbox 2185 1457 2303 1501; x_wconf 88' lang='lat' dir='ltr'><strong>erat</strong></span> <span class='ocrx_word' id='word_1_197' title='bbox 2331 1452 2629 1506; x_wconf 85' lang='lat' dir='ltr'><strong>excusatio.</strong></span> <span class='ocrx_word' id='word_1_198' title='bbox 2661 1453 3110 1514; x_wconf 87' lang='lat' dir='ltr'><strong>Abominatioues</strong></span> <span class='ocrx_word' id='word_1_199' title='bbox 3141 1461 3287 1514; x_wconf 90' lang='lat' dir='ltr'><strong>enim</strong></span> <span class='ocrx_word' id='word_1_200' title='bbox 3321 1462 3412 1516; x_wconf 85' lang='lat' dir='ltr'><strong>hic</strong></span> <span class='ocrx_word' id='word_1_201' title='bbox 3441 1478 3538 1532; x_wconf 87' lang='lat' dir='ltr'><strong>ap-</strong></span> 
     </span>
    </p>
   </div>
   <div class='ocr_carea' id='block_1_28' title="bbox 265 1515 1838 1619">
    <p class='ocr_par' dir='ltr' id='par_1_28' title="bbox 265 1515 1838 1605">
     <span class='ocr_line' id='line_1_28' title="bbox 265 1515 1838 1605; baseline 0.016 -39"><span class='ocrx_word' id='word_1_202' title='bbox 265 1515 591 1582; x_wconf 72' lang='grc' dir='ltr'>Αίγυπτίοις</span> <span class='ocrx_word' id='word_1_203' title='bbox 623 1519 685 1570; x_wconf 79' lang='grc' dir='ltr'>τὸ</span> <span class='ocrx_word' id='word_1_204' title='bbox 725 1521 906 1583; x_wconf 78' lang='grc' dir='ltr'>σέϐας.</span> <span class='ocrx_word' id='word_1_205' title='bbox 951 1524 1122 1578; x_wconf 74' lang='grc' dir='ltr'>Ταυτὶ</span> <span class='ocrx_word' id='word_1_206' title='bbox 1161 1527 1238 1594; x_wconf 87' lang='grc' dir='ltr'>δὲ,</span> <span class='ocrx_word' id='word_1_207' title='bbox 1294 1531 1480 1601; x_wconf 65' lang='grc' dir='ltr'>φησιν,</span> <span class='ocrx_word' id='word_1_208' title='bbox 1535 1536 1583 1586; x_wconf 91' lang='grc' dir='ltr'>εἰ</span> <span class='ocrx_word' id='word_1_209' title='bbox 1625 1535 1706 1605; x_wconf 80' lang='grc' dir='ltr'>τῷ</span> <span class='ocrx_word' id='word_1_210' title='bbox 1746 1537 1838 1593; x_wconf 73' lang='grc' dir='ltr'>τῶι</span> 
     </span>
    </p>
   </div>
   <div class='ocr_carea' id='block_1_29' title="bbox 1945 1515 3540 1619">
    <p class='ocr_par' dir='ltr' id='par_1_29' title="bbox 1955 1515 3540 1619">
     <span class='ocr_line' id='line_1_29' title="bbox 1955 1515 3540 1619; baseline 0.013 -31"><span class='ocrx_word' id='word_1_211' title='bbox 1955 1536 2140 1604; x_wconf 86' lang='lat' dir='ltr'><strong>pellat,</strong></span> <span class='ocrx_word' id='word_1_212' title='bbox 2177 1554 2298 1606; x_wconf 51' lang='lat' dir='ltr'><strong>qua’</strong></span> <span class='ocrx_word' id='word_1_213' title='bbox 2332 1540 2409 1593; x_wconf 90' lang='lat' dir='ltr'><strong>illi</strong></span> <span class='ocrx_word' id='word_1_214' title='bbox 2455 1543 2710 1597; x_wconf 89' lang='lat' dir='ltr'><strong>colebant</strong></span> <span class='ocrx_word' id='word_1_215' title='bbox 2758 1546 3032 1601; x_wconf 90' lang='lat' dir='ltr'><strong>:vitulum</strong></span> <span class='ocrx_word' id='word_1_216' title='bbox 3079 1563 3244 1619; x_wconf 91' lang='lat' dir='ltr'><strong>porro</strong></span> <span class='ocrx_word' id='word_1_217' title='bbox 3289 1515 3540 1609; x_wconf 62' lang='lat' dir='ltr'><strong>colebant</strong></span> 
     </span>
    </p>
   </div>
   <div class='ocr_carea' id='block_1_30' title="bbox 277 1607 1838 1703">
    <p class='ocr_par' dir='ltr' id='par_1_30' title="bbox 277 1607 1838 1699">
     <span class='ocr_line' id='line_1_30' title="bbox 277 1607 1838 1699; baseline 0.015 -41"><span class='ocrx_word' id='word_1_218' title='bbox 277 1607 546 1678; x_wconf 77' lang='grc' dir='ltr'>Ἐϐραίων</span> <span class='ocrx_word' id='word_1_219' title='bbox 574 1611 954 1683; x_wconf 76' lang='grc' dir='ltr'>καταθύσομεν</span> <span class='ocrx_word' id='word_1_220' title='bbox 994 1615 1113 1686; x_wconf 83' lang='grc' dir='ltr'><strong>Θεῷ</strong></span> <span class='ocrx_word' id='word_1_221' title='bbox 1134 1657 1148 1681; x_wconf 94' lang='grc'><strong>,</strong></span> <span class='ocrx_word' id='word_1_222' title='bbox 1183 1619 1526 1692; x_wconf 82' lang='grc' dir='ltr'>ἀκονήσομεν</span> <span class='ocrx_word' id='word_1_223' title='bbox 1560 1626 1642 1688; x_wconf 76' lang='grc' dir='ltr'><strong>εἰς</strong></span> <span class='ocrx_word' id='word_1_224' title='bbox 1683 1629 1838 1699; x_wconf 77' lang='grc' dir='ltr'>ὀργὰς</span> 
     </span>
    </p>
   </div>
   <div class='ocr_carea' id='block_1_31' title="bbox 1945 1607 3540 1703">
    <p class='ocr_par' dir='ltr' id='par_1_31' title="bbox 1952 1607 3540 1703">
     <span class='ocr_line' id='line_1_31' title="bbox 1952 1607 3540 1703; baseline 0.013 -24"><span class='ocrx_word' id='word_1_225' title='bbox 1952 1625 2212 1697; x_wconf 66' lang='lat' dir='ltr'><strong>Egyptii.</strong></span> <span class='ocrx_word' id='word_1_226' title='bbox 2245 1629 2369 1685; x_wconf 68' lang='lat' dir='ltr'><strong>Haac</strong></span> <span class='ocrx_word' id='word_1_227' title='bbox 2402 1631 2590 1701; x_wconf 84' lang='lat' dir='ltr'><strong>igitur,</strong></span> <span class='ocrx_word' id='word_1_228' title='bbox 2625 1633 2822 1703; x_wconf 87' lang='lat' dir='ltr'><strong>inquit,</strong></span> <span class='ocrx_word' id='word_1_229' title='bbox 2853 1637 2898 1690; x_wconf 93' lang='lat' dir='ltr'><strong>si</strong></span> <span class='ocrx_word' id='word_1_230' title='bbox 2931 1607 3282 1695; x_wconf 69' lang='lat' dir='ltr'><strong>Hebraeorum</strong></span> <span class='ocrx_word' id='word_1_231' title='bbox 3309 1644 3418 1698; x_wconf 92' lang='lat' dir='ltr'><strong>Deo</strong></span> <span class='ocrx_word' id='word_1_232' title='bbox 3456 1607 3540 1700; x_wconf 37' lang='lat' dir='ltr'><strong>sa;</strong></span> 
     </span>
    </p>
   </div>
   <div class='ocr_carea' id='block_1_32' title="bbox 265 1698 1838 1803">
    <p class='ocr_par' dir='ltr' id='par_1_32' title="bbox 265 1698 1838 1777">
     <span class='ocr_line' id='line_1_32' title="bbox 265 1698 1838 1777; baseline 0.015 -28"><span class='ocrx_word' id='word_1_233' title='bbox 265 1698 448 1768; x_wconf 80' lang='grc' dir='ltr'>πάντη</span> <span class='ocrx_word' id='word_1_234' title='bbox 479 1716 541 1752; x_wconf 87' lang='grc' dir='ltr'><strong>τε</strong></span> <span class='ocrx_word' id='word_1_235' title='bbox 574 1701 671 1754; x_wconf 76' lang='grc' dir='ltr'><strong>καὶ</strong></span> <span class='ocrx_word' id='word_1_236' title='bbox 695 1703 914 1768; x_wconf 85' lang='grc' dir='ltr'>πάντως</span> <span class='ocrx_word' id='word_1_237' title='bbox 941 1707 1068 1770; x_wconf 83' lang='grc' dir='ltr'>τοὺς</span> <span class='ocrx_word' id='word_1_238' title='bbox 1096 1709 1449 1777; x_wconf 84' lang='grc' dir='ltr'>Αἰγυπτίους,</span> <span class='ocrx_word' id='word_1_239' title='bbox 1478 1698 1757 1772; x_wconf 88' lang='grc' dir='ltr'>δύσοιστον</span> <span class='ocrx_word' id='word_1_240' title='bbox 1790 1720 1838 1773; x_wconf 74' lang='grc' dir='ltr'>τε</span> 
     </span>
    </p>
   </div>
   <div class='ocr_carea' id='block_1_33' title="bbox 1945 1698 3537 1803">
    <p class='ocr_par' dir='ltr' id='par_1_33' title="bbox 1953 1715 3537 1803">
     <span class='ocr_line' id='line_1_33' title="bbox 1953 1715 3537 1803; baseline 0.015 -36"><span class='ocrx_word' id='word_1_241' title='bbox 1953 1715 2403 1784; x_wconf 85' lang='lat' dir='ltr'><strong>criﬁcaverimus,</strong></span> <span class='ocrx_word' id='word_1_242' title='bbox 2429 1722 2656 1776; x_wconf 91' lang='lat' dir='ltr'><strong>omnino</strong></span> <span class='ocrx_word' id='word_1_243' title='bbox 2709 1740 2936 1781; x_wconf 86' lang='lat' dir='ltr'><strong>necesse</strong></span> <span class='ocrx_word' id='word_1_244' title='bbox 2961 1737 3044 1782; x_wconf 89' lang='lat' dir='ltr'><strong>est</strong></span> <span class='ocrx_word' id='word_1_245' title='bbox 3074 1737 3133 1783; x_wconf 91' lang='lat' dir='ltr'><strong>ut</strong></span> <span class='ocrx_word' id='word_1_246' title='bbox 3160 1730 3537 1803; x_wconf 65' lang='lat' dir='ltr'><strong>Egyptiorum</strong></span> 
     </span>
    </p>
   </div>
   <div class='ocr_carea' id='block_1_34' title="bbox 263 1789 1838 1890">
    <p class='ocr_par' dir='ltr' id='par_1_34' title="bbox 263 1789 1838 1878">
     <span class='ocr_line' id='line_1_34' title="bbox 263 1789 1838 1878; baseline 0.016 -39"><span class='ocrx_word' id='word_1_247' title='bbox 263 1789 464 1860; x_wconf 71' lang='grc' dir='ltr'>χρῆμα</span> <span class='ocrx_word' id='word_1_248' title='bbox 509 1792 881 1863; x_wconf 78' lang='grc' dir='ltr'><strong>ποιουμένους.</strong></span> <span class='ocrx_word' id='word_1_249' title='bbox 928 1797 1083 1851; x_wconf 83' lang='grc' dir='ltr'>Ἐσθ’</span> <span class='ocrx_word' id='word_1_250' title='bbox 1132 1801 1222 1852; x_wconf 84' lang='grc' dir='ltr'>ὅτε</span> <span class='ocrx_word' id='word_1_251' title='bbox 1268 1803 1362 1855; x_wconf 76' lang='grc' dir='ltr'>καὶ</span> <span class='ocrx_word' id='word_1_252' title='bbox 1405 1804 1628 1871; x_wconf 84' lang='grc' dir='ltr'>πιθανὸς</span> <span class='ocrx_word' id='word_1_253' title='bbox 1670 1808 1838 1878; x_wconf 84' lang='grc' dir='ltr'><strong>λόγος.</strong></span> 
     </span>
    </p>
   </div>
   <div class='ocr_carea' id='block_1_35' title="bbox 1945 1789 3534 1890">
    <p class='ocr_par' dir='ltr' id='par_1_35' title="bbox 1951 1803 3534 1890">
     <span class='ocr_line' id='line_1_35' title="bbox 1951 1803 3534 1890; baseline 0.014 -33"><span class='ocrx_word' id='word_1_254' title='bbox 1951 1803 2059 1859; x_wconf 89' lang='lat' dir='ltr'><strong>iras</strong></span> <span class='ocrx_word' id='word_1_255' title='bbox 2078 1821 2458 1875; x_wconf 85' lang='lat' dir='ltr'><strong>provocemus,</strong></span> <span class='ocrx_word' id='word_1_256' title='bbox 2493 1810 2585 1881; x_wconf 90' lang='lat' dir='ltr'><strong>qui</strong></span> <span class='ocrx_word' id='word_1_257' title='bbox 2617 1811 2722 1867; x_wconf 89' lang='lat' dir='ltr'><strong>hoc</strong></span> <span class='ocrx_word' id='word_1_258' title='bbox 2748 1814 2974 1869; x_wconf 89' lang='lat' dir='ltr'><strong>minime</strong></span> <span class='ocrx_word' id='word_1_259' title='bbox 3003 1816 3299 1872; x_wconf 86' lang='lat' dir='ltr'><strong>ferendum</strong></span> <span class='ocrx_word' id='word_1_260' title='bbox 3319 1830 3534 1890; x_wconf 85' lang='lat' dir='ltr'><strong>putant.</strong></span> 
     </span>
    </p>
   </div>
   <div class='ocr_carea' id='block_1_36' title="bbox 265 1877 1838 1977">
    <p class='ocr_par' dir='ltr' id='par_1_36' title="bbox 265 1877 1838 1970">
     <span class='ocr_line' id='line_1_36' title="bbox 265 1877 1838 1970; baseline 0.015 -40"><span class='ocrx_word' id='word_1_261' title='bbox 265 1879 442 1933; x_wconf 86' lang='grc' dir='ltr'>Ὅσον</span> <span class='ocrx_word' id='word_1_262' title='bbox 468 1880 523 1933; x_wconf 80' lang='grc' dir='ltr'>δὲ</span> <span class='ocrx_word' id='word_1_263' title='bbox 548 1877 677 1954; x_wconf 77' lang='grc' dir='ltr'>ἧκεν</span> <span class='ocrx_word' id='word_1_264' title='bbox 715 1884 796 1948; x_wconf 82' lang='grc' dir='ltr'><strong>είς</strong></span> <span class='ocrx_word' id='word_1_265' title='bbox 834 1885 1066 1959; x_wconf 86' lang='grc' dir='ltr'>θεωρίαν</span> <span class='ocrx_word' id='word_1_266' title='bbox 1097 1894 1495 1964; x_wconf 82' lang='grc' dir='ltr'>πνευματικὴν,</span> <span class='ocrx_word' id='word_1_267' title='bbox 1523 1897 1584 1949; x_wconf 87' lang='grc' dir='ltr'>οὑ</span> <span class='ocrx_word' id='word_1_268' title='bbox 1624 1877 1838 1970; x_wconf 62' lang='grc' dir='ltr'>μετρίαν</span> 
     </span>
    </p>
   </div>
   <div class='ocr_carea' id='block_1_37' title="bbox 1945 1877 3536 1977">
    <p class='ocr_par' dir='ltr' id='par_1_37' title="bbox 1948 1877 3536 1977">
     <span class='ocr_line' id='line_1_37' title="bbox 1948 1877 3536 1977; baseline 0.013 -28"><span class='ocrx_word' id='word_1_269' title='bbox 1948 1897 2017 1950; x_wconf 87' lang='lat' dir='ltr'><strong>Et</strong></span> <span class='ocrx_word' id='word_1_270' title='bbox 2055 1898 2356 1967; x_wconf 88' lang='lat' dir='ltr'><strong>probabilis</strong></span> <span class='ocrx_word' id='word_1_271' title='bbox 2387 1877 2608 1971; x_wconf 82' lang='lat' dir='ltr'><strong>quidem</strong></span> <span class='ocrx_word' id='word_1_272' title='bbox 2647 1903 2764 1959; x_wconf 80' lang='lat' dir='ltr'><strong>haec</strong></span> <span class='ocrx_word' id='word_1_273' title='bbox 2807 1915 2891 1960; x_wconf 88' lang='lat' dir='ltr'><strong>est</strong></span> <span class='ocrx_word' id='word_1_274' title='bbox 2933 1909 3222 1977; x_wconf 85' lang='lat' dir='ltr'><strong>expositio.</strong></span> <span class='ocrx_word' id='word_1_275' title='bbox 3266 1877 3536 1969; x_wconf 49' lang='lat' dir='ltr'><strong>Caeterum</strong></span> 
     </span>
    </p>
   </div>
   <div class='ocr_carea' id='block_1_38' title="bbox 260 1969 1846 2059">
    <p class='ocr_par' dir='ltr' id='par_1_38' title="bbox 260 1969 1846 2059">
     <span class='ocr_line' id='line_1_38' title="bbox 260 1969 1846 2059; baseline 0.015 -37"><span class='ocrx_word' id='word_1_276' title='bbox 260 1969 381 2041; x_wconf 79' lang='grc' dir='ltr'>εχει</span> <span class='ocrx_word' id='word_1_277' title='bbox 401 1973 500 2043; x_wconf 78' lang='grc' dir='ltr'>τὴν</span> <span class='ocrx_word' id='word_1_278' title='bbox 520 1974 718 2046; x_wconf 73' lang='grc' dir='ltr'>ὄνησιν.</span> <span class='ocrx_word' id='word_1_279' title='bbox 749 1980 814 2033; x_wconf 84' lang='grc' dir='ltr'>Ὀ</span> <span class='ocrx_word' id='word_1_280' title='bbox 832 1979 937 2051; x_wconf 82' lang='grc' dir='ltr'>γὰρ</span> <span class='ocrx_word' id='word_1_281' title='bbox 957 1976 1065 2034; x_wconf 76' lang='grc' dir='ltr'>οἵδε</span> <span class='ocrx_word' id='word_1_282' title='bbox 1093 1983 1326 2052; x_wconf 79' lang='grc' dir='ltr'>μάλιστα</span> <span class='ocrx_word' id='word_1_283' title='bbox 1351 1989 1534 2059; x_wconf 80' lang='grc' dir='ltr'>τιμᾷν,</span> <span class='ocrx_word' id='word_1_284' title='bbox 1557 1991 1651 2043; x_wconf 74' lang='grc' dir='ltr'><strong>καὶ</strong></span> <span class='ocrx_word' id='word_1_285' title='bbox 1678 1969 1846 2044; x_wconf 75' lang='grc' dir='ltr'>ποιεῖ-</span> 
     </span>
    </p>
   </div>
   <div class='ocr_carea' id='block_1_39' title="bbox 259 2066 1848 2150">
    <p class='ocr_par' dir='ltr' id='par_1_39' title="bbox 259 2066 1848 2150">
     <span class='ocr_line' id='line_1_39' title="bbox 259 2066 1848 2150; baseline 0.013 -36"><span class='ocrx_word' id='word_1_286' title='bbox 259 2079 351 2116; x_wconf 83' lang='grc' dir='ltr'><strong>ται</strong></span> <span class='ocrx_word' id='word_1_287' title='bbox 388 2066 516 2135; x_wconf 79' lang='grc' dir='ltr'>περὶ</span> <span class='ocrx_word' id='word_1_288' title='bbox 560 2067 776 2132; x_wconf 76' lang='grc' dir='ltr'>πολλοῦ,</span> <span class='ocrx_word' id='word_1_289' title='bbox 801 2071 946 2136; x_wconf 79' lang='grc' dir='ltr'>ἀξιοῖ</span> <span class='ocrx_word' id='word_1_290' title='bbox 980 2089 1042 2126; x_wconf 87' lang='grc' dir='ltr'>τε</span> <span class='ocrx_word' id='word_1_291' title='bbox 1084 2072 1242 2142; x_wconf 82' lang='grc' dir='ltr'>λόγου</span> <span class='ocrx_word' id='word_1_292' title='bbox 1291 2077 1492 2141; x_wconf 83' lang='grc' dir='ltr'>παντὸς</span> <span class='ocrx_word' id='word_1_293' title='bbox 1519 2081 1552 2150; x_wconf 82' lang='grc' dir='ltr'><strong>ἡ</strong></span> <span class='ocrx_word' id='word_1_294' title='bbox 1583 2080 1691 2133; x_wconf 86' lang='grc' dir='ltr'><strong>τῶν</strong></span> <span class='ocrx_word' id='word_1_295' title='bbox 1732 2082 1848 2135; x_wconf 81' lang='grc' dir='ltr'>δαι-</span> 
     </span>
    </p>
   </div>
   <div class='ocr_carea' id='block_1_40' title="bbox 265 2155 1846 2244">
    <p class='ocr_par' dir='ltr' id='par_1_40' title="bbox 265 2155 1846 2244">
     <span class='ocr_line' id='line_1_40' title="bbox 265 2155 1846 2244; baseline 0.015 -41"><span class='ocrx_word' id='word_1_296' title='bbox 265 2155 461 2221; x_wconf 77' lang='grc' dir='ltr'>μονέων</span> <span class='ocrx_word' id='word_1_297' title='bbox 499 2157 712 2227; x_wconf 79' lang='grc' dir='ltr'>πληθὺς</span> <span class='ocrx_word' id='word_1_298' title='bbox 736 2200 750 2223; x_wconf 94' lang='grc'><strong>,</strong></span> <span class='ocrx_word' id='word_1_299' title='bbox 804 2163 1266 2235; x_wconf 83' lang='grc' dir='ltr'>κατανεκροῢντες</span> <span class='ocrx_word' id='word_1_300' title='bbox 1300 2168 1463 2238; x_wconf 82' lang='grc' dir='ltr'>ἡμεῖς</span> <span class='ocrx_word' id='word_1_301' title='bbox 1506 2169 1732 2242; x_wconf 80' lang='grc' dir='ltr'><strong>ἡδίστην</strong></span> <span class='ocrx_word' id='word_1_302' title='bbox 1769 2171 1846 2244; x_wconf 84' lang='grc' dir='ltr'>τῷ</span> 
     </span>
    </p>
   </div>
   <div class='ocr_carea' id='block_1_41' title="bbox 259 2243 974 2322">
    <p class='ocr_par' dir='ltr' id='par_1_41' title="bbox 259 2243 974 2322">
     <span class='ocr_line' id='line_1_41' title="bbox 259 2243 974 2322; baseline 0.017 -26"><span class='ocrx_word' id='word_1_303' title='bbox 259 2243 379 2316; x_wconf 83' lang='grc' dir='ltr'>Θεῷ</span> <span class='ocrx_word' id='word_1_304' title='bbox 401 2246 663 2320; x_wconf 79' lang='grc' dir='ltr'><strong>τελοῦμεν</strong></span> <span class='ocrx_word' id='word_1_305' title='bbox 695 2251 974 2322; x_wconf 86' lang='grc' dir='ltr'>λατρείαν.</span> 
     </span>
    </p>
   </div>
   <div class='ocr_carea' id='block_1_42' title="bbox 332 2430 901 2504">
    <p class='ocr_par' dir='ltr' id='par_1_42' title="bbox 332 2430 901 2504">
     <span class='ocr_line' id='line_1_42' title="bbox 332 2430 901 2504; baseline 0.023 -22"><span class='ocrx_word' id='word_1_306' title='bbox 332 2430 539 2484; x_wconf 74' lang='grc' dir='ltr'><strong>ΠΑΛΛ.</strong></span> <span class='ocrx_word' id='word_1_307' title='bbox 574 2430 700 2495; x_wconf 83' lang='grc' dir='ltr'><strong>Πῶς</strong></span> <span class='ocrx_word' id='word_1_308' title='bbox 734 2431 901 2504; x_wconf 76' lang='grc' dir='ltr'>ἐφηςς</span> 
     </span>
    </p>
   </div>
   <div class='ocr_carea' id='block_1_43' title="bbox 325 2525 1840 2604">
    <p class='ocr_par' dir='ltr' id='par_1_43' title="bbox 325 2525 1840 2604">
     <span class='ocr_line' id='line_1_43' title="bbox 325 2525 1840 2604; baseline 0.005 -26"><span class='ocrx_word' id='word_1_309' title='bbox 325 2526 492 2579; x_wconf 78' lang='grc' dir='ltr'>ΚΥΡ.</span> <span class='ocrx_word' id='word_1_310' title='bbox 521 2526 590 2577; x_wconf 84' lang='grc' dir='ltr'><strong>’Ἡ</strong></span> <span class='ocrx_word' id='word_1_311' title='bbox 621 2525 730 2598; x_wconf 85' lang='grc' dir='ltr'><strong>γὰρ</strong></span> <span class='ocrx_word' id='word_1_312' title='bbox 751 2526 872 2597; x_wconf 71' lang='grc' dir='ltr'>οὐχὶ</span> <span class='ocrx_word' id='word_1_313' title='bbox 897 2526 966 2581; x_wconf 83' lang='grc' dir='ltr'>τὰ</span> <span class='ocrx_word' id='word_1_314' title='bbox 994 2526 1096 2596; x_wconf 81' lang='grc' dir='ltr'><strong>τῆς</strong></span> <span class='ocrx_word' id='word_1_315' title='bbox 1126 2527 1325 2599; x_wconf 81' lang='grc' dir='ltr'>σαρκὸς</span> <span class='ocrx_word' id='word_1_316' title='bbox 1351 2528 1499 2598; x_wconf 84' lang='grc' dir='ltr'>πάθη</span> <span class='ocrx_word' id='word_1_317' title='bbox 1529 2529 1685 2600; x_wconf 87' lang='grc' dir='ltr'>τίμια</span> <span class='ocrx_word' id='word_1_318' title='bbox 1712 2532 1840 2604; x_wconf 83' lang='grc' dir='ltr'>παρ’</span> 
     </span>
    </p>
   </div>
   <div class='ocr_carea' id='block_1_44' title="bbox 259 2617 1840 2689">
    <p class='ocr_par' dir='ltr' id='par_1_44' title="bbox 259 2617 1840 2689">
     <span class='ocr_line' id='line_1_44' title="bbox 259 2617 1840 2689; baseline 0.006 -21"><span class='ocrx_word' id='word_1_319' title='bbox 259 2617 500 2682; x_wconf 56' lang='grc' dir='ltr'>ἑαυτοῖς</span> <span class='ocrx_word' id='word_1_320' title='bbox 528 2619 623 2672; x_wconf 71' lang='grc' dir='ltr'><strong>καὶ</strong></span> <span class='ocrx_word' id='word_1_321' title='bbox 653 2619 790 2689; x_wconf 76' lang='grc' dir='ltr'><strong>οὐχὶ·</strong></span> <span class='ocrx_word' id='word_1_322' title='bbox 811 2617 1028 2680; x_wconf 81' lang='grc' dir='ltr'>πάντως</span> <span class='ocrx_word' id='word_1_323' title='bbox 1061 2618 1127 2672; x_wconf 85' lang='grc' dir='ltr'><strong>δι’</strong></span> <span class='ocrx_word' id='word_1_324' title='bbox 1157 2621 1346 2687; x_wconf 80' lang='grc' dir='ltr'>ἑαυτὰ,</span> <span class='ocrx_word' id='word_1_325' title='bbox 1377 2621 1491 2674; x_wconf 83' lang='grc' dir='ltr'>ἀλλ’</span> <span class='ocrx_word' id='word_1_326' title='bbox 1533 2622 1740 2677; x_wconf 80' lang='grc' dir='ltr'>ἐπείτοι</span> <span class='ocrx_word' id='word_1_327' title='bbox 1771 2625 1840 2677; x_wconf 84' lang='grc' dir='ltr'><strong>δι’</strong></span> 
     </span>
    </p>
   </div>
   <div class='ocr_carea' id='block_1_45' title="bbox 252 2707 1839 2785">
    <p class='ocr_par' dir='ltr' id='par_1_45' title="bbox 252 2707 1839 2785">
     <span class='ocr_line' id='line_1_45' title="bbox 252 2707 1839 2785; baseline 0.006 -25"><span class='ocrx_word' id='word_1_328' title='bbox 252 2707 437 2761; x_wconf 75' lang='grc' dir='ltr'>αὐτῶν</span> <span class='ocrx_word' id='word_1_329' title='bbox 466 2707 762 2779; x_wconf 78' lang='grc' dir='ltr'>ὀλλύμεθα,</span> <span class='ocrx_word' id='word_1_330' title='bbox 803 2710 900 2762; x_wconf 77' lang='grc' dir='ltr'><strong>καὶ</strong></span> <span class='ocrx_word' id='word_1_331' title='bbox 942 2710 1079 2782; x_wconf 80' lang='grc' dir='ltr'>πρὸς</span> <span class='ocrx_word' id='word_1_332' title='bbox 1117 2711 1359 2767; x_wconf 82' lang='grc' dir='ltr'>δουλείαν</span> <span class='ocrx_word' id='word_1_333' title='bbox 1401 2713 1497 2785; x_wconf 82' lang='grc' dir='ltr'><strong>τὴν</strong></span> <span class='ocrx_word' id='word_1_334' title='bbox 1536 2714 1628 2768; x_wconf 83' lang='grc' dir='ltr'>ὑπ’</span> <span class='ocrx_word' id='word_1_335' title='bbox 1657 2715 1839 2782; x_wconf 81' lang='grc' dir='ltr'>αὐτοῖς</span> 
     </span>
    </p>
   </div>
   <div class='ocr_carea' id='block_1_46' title="bbox 251 2801 707 2872">
    <p class='ocr_par' dir='ltr' id='par_1_46' title="bbox 251 2801 707 2872">
     <span class='ocr_line' id='line_1_46' title="bbox 251 2801 707 2872; baseline 0.004 -20"><span class='ocrx_word' id='word_1_336' title='bbox 251 2801 672 2872; x_wconf 68' lang='grc' dir='ltr'>κατεσφίγμεθα</span> <span class='ocrx_word' id='word_1_337' title='bbox 691 2819 707 2867; x_wconf 90' lang='grc'>;</span> 
     </span>
    </p>
   </div>
   <div class='ocr_carea' id='block_1_47' title="bbox 317 2891 816 2962">
    <p class='ocr_par' dir='ltr' id='par_1_47' title="bbox 317 2891 816 2962">
     <span class='ocr_line' id='line_1_47' title="bbox 317 2891 816 2962; baseline 0.004 -18"><span class='ocrx_word' id='word_1_338' title='bbox 317 2891 533 2947; x_wconf 77' lang='grc' dir='ltr'><strong>ΠΑΛΛ.</strong></span> <span class='ocrx_word' id='word_1_339' title='bbox 577 2892 816 2962; x_wconf 85' lang='grc' dir='ltr'>Ἀληθές.</span> 
     </span>
    </p>
   </div>
   <div class='ocr_carea' id='block_1_48' title="bbox 317 2981 1834 3058">
    <p class='ocr_par' dir='ltr' id='par_1_48' title="bbox 317 2981 1834 3058">
     <span class='ocr_line' id='line_1_48' title="bbox 317 2981 1834 3058; baseline 0.005 -22"><span class='ocrx_word' id='word_1_340' title='bbox 317 2983 486 3037; x_wconf 78' lang='grc' dir='ltr'><strong>ΚΥΡ.</strong></span> <span class='ocrx_word' id='word_1_341' title='bbox 523 2981 710 3037; x_wconf 78' lang='grc' dir='ltr'>Ταῦτα</span> <span class='ocrx_word' id='word_1_342' title='bbox 747 2983 812 3054; x_wconf 84' lang='grc' dir='ltr'>δὴ</span> <span class='ocrx_word' id='word_1_343' title='bbox 856 2981 1177 3056; x_wconf 79' lang='grc' dir='ltr'>νεκροῦντες</span> <span class='ocrx_word' id='word_1_344' title='bbox 1214 2985 1307 3037; x_wconf 74' lang='grc' dir='ltr'><strong>καὶ</strong></span> <span class='ocrx_word' id='word_1_345' title='bbox 1336 2986 1498 3040; x_wconf 84' lang='grc' dir='ltr'>οἰονεί</span> <span class='ocrx_word' id='word_1_346' title='bbox 1548 2991 1834 3058; x_wconf 80' lang='grc' dir='ltr'><strong>κατασφά-</strong></span> 
     </span>
    </p>
   </div>
   <div class='ocr_carea' id='block_1_49' title="bbox 241 3071 1832 3151">
    <p class='ocr_par' dir='ltr' id='par_1_49' title="bbox 241 3071 1832 3151">
     <span class='ocr_line' id='line_1_49' title="bbox 241 3071 1832 3151; baseline 0.005 -25"><span class='ocrx_word' id='word_1_347' title='bbox 241 3071 455 3139; x_wconf 75' lang='grc' dir='ltr'>ζοντες,</span> <span class='ocrx_word' id='word_1_348' title='bbox 496 3074 578 3137; x_wconf 79' lang='grc' dir='ltr'>εἰς</span> <span class='ocrx_word' id='word_1_349' title='bbox 609 3074 785 3145; x_wconf 76' lang='grc' dir='ltr'>ὀσμὴν</span> <span class='ocrx_word' id='word_1_350' title='bbox 824 3075 1052 3137; x_wconf 84' lang='grc' dir='ltr'>εὐωδίας</span> <span class='ocrx_word' id='word_1_351' title='bbox 1082 3075 1316 3143; x_wconf 79' lang='grc' dir='ltr'><strong>ἐσόμεθα</strong></span> <span class='ocrx_word' id='word_1_352' title='bbox 1353 3077 1431 3147; x_wconf 87' lang='grc' dir='ltr'>τῷ</span> <span class='ocrx_word' id='word_1_353' title='bbox 1459 3078 1604 3150; x_wconf 68' lang='grc' dir='ltr'>Θεῷ.</span> <span class='ocrx_word' id='word_1_354' title='bbox 1626 3080 1832 3151; x_wconf 83' lang='grc' dir='ltr'>Γράφει</span> 
     </span>
    </p>
   </div>
   <div class='ocr_carea' id='block_1_50' title="bbox 238 3165 1834 3243">
    <p class='ocr_par' dir='ltr' id='par_1_50' title="bbox 238 3165 1834 3243">
     <span class='ocr_line' id='line_1_50' title="bbox 238 3165 1834 3243; baseline 0.004 -24"><span class='ocrx_word' id='word_1_355' title='bbox 238 3165 302 3219; x_wconf 78' lang='grc' dir='ltr'>δὲ</span> <span class='ocrx_word' id='word_1_356' title='bbox 334 3168 363 3218; x_wconf 85' lang='grc' dir='ltr'><strong>ὁ</strong></span> <span class='ocrx_word' id='word_1_357' title='bbox 392 3166 604 3229; x_wconf 76' lang='grc' dir='ltr'>Παῦλος</span> <span class='ocrx_word' id='word_1_358' title='bbox 642 3167 772 3220; x_wconf 75' lang='grc' dir='ltr'>ὠδίο</span> <span class='ocrx_word' id='word_1_359' title='bbox 826 3185 845 3218; x_wconf 73' lang='grc' dir='ltr'><strong>ι</strong></span> <span class='ocrx_word' id='word_1_360' title='bbox 884 3167 1280 3238; x_wconf 83' lang='grc' dir='ltr'>Παραστήσατε</span> <span class='ocrx_word' id='word_1_361' title='bbox 1317 3168 1386 3223; x_wconf 83' lang='grc' dir='ltr'>τὰ</span> <span class='ocrx_word' id='word_1_362' title='bbox 1425 3170 1650 3241; x_wconf 82' lang='grc' dir='ltr'>σώματα</span> <span class='ocrx_word' id='word_1_363' title='bbox 1680 3173 1834 3243; x_wconf 82' lang='grc' dir='ltr'>ὑμῶν</span> 
     </span>
    </p>
   </div>
   <div class='ocr_carea' id='block_1_51' title="bbox 238 3258 1835 3336">
    <p class='ocr_par' dir='ltr' id='par_1_51' title="bbox 238 3258 1835 3336">
     <span class='ocr_line' id='line_1_51' title="bbox 238 3258 1835 3336; baseline 0.005 -25"><span class='ocrx_word' id='word_1_364' title='bbox 238 3258 442 3312; x_wconf 80' lang='grc' dir='ltr'>θυσίαν</span> <span class='ocrx_word' id='word_1_365' title='bbox 476 3259 691 3324; x_wconf 73' lang='grc' dir='ltr'>ζῶσαν,</span> <span class='ocrx_word' id='word_1_366' title='bbox 720 3259 1014 3331; x_wconf 85' lang='grc' dir='ltr'>εὐάρεστον</span> <span class='ocrx_word' id='word_1_367' title='bbox 1039 3260 1118 3330; x_wconf 86' lang='grc' dir='ltr'>τῷ</span> <span class='ocrx_word' id='word_1_368' title='bbox 1163 3260 1317 3332; x_wconf 80' lang='grc' dir='ltr'>Θεῷ,</span> <span class='ocrx_word' id='word_1_369' title='bbox 1346 3263 1445 3334; x_wconf 84' lang='grc' dir='ltr'><strong>τὴν</strong></span> <span class='ocrx_word' id='word_1_370' title='bbox 1475 3263 1698 3336; x_wconf 80' lang='grc' dir='ltr'>λογικὴν</span> <span class='ocrx_word' id='word_1_371' title='bbox 1728 3265 1835 3319; x_wconf 87' lang='grc' dir='ltr'>λα-</span> 
     </span>
    </p>
   </div>
   <div class='ocr_carea' id='block_1_52' title="bbox 233 3351 1833 3429">
    <p class='ocr_par' dir='ltr' id='par_1_52' title="bbox 233 3351 1833 3429">
     <span class='ocr_line' id='line_1_52' title="bbox 233 3351 1833 3429; baseline 0.006 -27"><span class='ocrx_word' id='word_1_372' title='bbox 233 3351 432 3422; x_wconf 80' lang='grc' dir='ltr'>τρείαν</span> <span class='ocrx_word' id='word_1_373' title='bbox 458 3352 633 3421; x_wconf 81' lang='grc' dir='ltr'>ὑμῶν.</span> <span class='ocrx_word' id='word_1_374' title='bbox 669 3371 688 3403; x_wconf 77' lang='grc' dir='ltr'><strong>ι</strong></span> <span class='ocrx_word' id='word_1_375' title='bbox 722 3351 880 3425; x_wconf 84' lang='grc' dir='ltr'><strong>Δρῲη</strong></span> <span class='ocrx_word' id='word_1_376' title='bbox 909 3352 952 3405; x_wconf 81' lang='grc' dir='ltr'>δ’</span> <span class='ocrx_word' id='word_1_377' title='bbox 975 3352 1040 3406; x_wconf 82' lang='grc' dir='ltr'>ἂν</span> <span class='ocrx_word' id='word_1_378' title='bbox 1064 3352 1273 3407; x_wconf 80' lang='grc' dir='ltr'>τοιοῦτό</span> <span class='ocrx_word' id='word_1_379' title='bbox 1294 3372 1378 3418; x_wconf 90' lang='grc' dir='ltr'><strong>τις</strong></span> <span class='ocrx_word' id='word_1_380' title='bbox 1405 3355 1599 3428; x_wconf 82' lang='grc' dir='ltr'>ὀρθῶς,</span> <span class='ocrx_word' id='word_1_381' title='bbox 1625 3358 1833 3429; x_wconf 84' lang='grc' dir='ltr'>νεκρῶν</span> 
     </span>
    </p>
   </div>
   <div class='ocr_carea' id='block_1_53' title="bbox 235 3440 1834 3518">
    <p class='ocr_par' dir='ltr' id='par_1_53' title="bbox 235 3440 1834 3518">
     <span class='ocr_line' id='line_1_53' title="bbox 235 3440 1834 3518; baseline 0.006 -25"><span class='ocrx_word' id='word_1_382' title='bbox 235 3440 312 3494; x_wconf 75' lang='grc' dir='ltr'><strong>τὰ</strong></span> <span class='ocrx_word' id='word_1_383' title='bbox 340 3441 484 3512; x_wconf 81' lang='grc' dir='ltr'>μέλη</span> <span class='ocrx_word' id='word_1_384' title='bbox 517 3442 586 3494; x_wconf 75' lang='grc' dir='ltr'><strong>τὰ</strong></span> <span class='ocrx_word' id='word_1_385' title='bbox 615 3443 708 3495; x_wconf 75' lang='grc' dir='ltr'><strong>ἐπὶ</strong></span> <span class='ocrx_word' id='word_1_386' title='bbox 743 3445 841 3513; x_wconf 84' lang='grc' dir='ltr'><strong>τῆς</strong></span> <span class='ocrx_word' id='word_1_387' title='bbox 866 3446 991 3515; x_wconf 88' lang='grc' dir='ltr'>γῆς,</span> <span class='ocrx_word' id='word_1_388' title='bbox 1033 3445 1311 3515; x_wconf 87' lang='grc' dir='ltr'>πορνείαν,</span> <span class='ocrx_word' id='word_1_389' title='bbox 1338 3447 1697 3518; x_wconf 83' lang='grc' dir='ltr'>ἀκαθαρσίαν,</span> <span class='ocrx_word' id='word_1_390' title='bbox 1731 3449 1834 3502; x_wconf 82' lang='grc' dir='ltr'><strong>πά-</strong></span> 
     </span>
    </p>
   </div>
   <div class='ocr_carea' id='block_1_54' title="bbox 236 3531 1829 3605">
    <p class='ocr_par' dir='ltr' id='par_1_54' title="bbox 236 3531 1829 3605">
     <span class='ocr_line' id='line_1_54' title="bbox 236 3531 1829 3605; baseline 0.006 -22"><span class='ocrx_word' id='word_1_391' title='bbox 236 3531 357 3594; x_wconf 86' lang='grc' dir='ltr'>θος,</span> <span class='ocrx_word' id='word_1_392' title='bbox 383 3531 682 3601; x_wconf 76' lang='grc' dir='ltr'>ἐπιθυμίαν</span> <span class='ocrx_word' id='word_1_393' title='bbox 712 3533 911 3604; x_wconf 80' lang='grc' dir='ltr'>κακὴν,</span> <span class='ocrx_word' id='word_1_394' title='bbox 945 3533 1039 3586; x_wconf 78' lang='grc' dir='ltr'><strong>καὶ</strong></span> <span class='ocrx_word' id='word_1_395' title='bbox 1065 3533 1163 3605; x_wconf 82' lang='grc' dir='ltr'>τὴν</span> <span class='ocrx_word' id='word_1_396' title='bbox 1192 3534 1521 3600; x_wconf 80' lang='grc' dir='ltr'>πλεονεξίαν.</span> <span class='ocrx_word' id='word_1_397' title='bbox 1562 3537 1829 3592; x_wconf 87' lang='grc' dir='ltr'>Ἕκαστον</span> 
     </span>
    </p>
   </div>
   <div class='ocr_carea' id='block_1_55' title="bbox 235 3619 1829 3701">
    <p class='ocr_par' dir='ltr' id='par_1_55' title="bbox 235 3619 1829 3701">
     <span class='ocr_line' id='line_1_55' title="bbox 235 3619 1829 3701; baseline 0.006 -25"><span class='ocrx_word' id='word_1_398' title='bbox 235 3619 338 3676; x_wconf 70' lang='grc' dir='ltr'><strong>οὖν</strong></span> <span class='ocrx_word' id='word_1_399' title='bbox 371 3625 480 3693; x_wconf 80' lang='grc' dir='ltr'><strong>ἄρα</strong></span> <span class='ocrx_word' id='word_1_400' title='bbox 503 3623 612 3676; x_wconf 80' lang='grc' dir='ltr'>τῶν</span> <span class='ocrx_word' id='word_1_401' title='bbox 641 3627 698 3678; x_wconf 83' lang='grc' dir='ltr'>ἐν</span> <span class='ocrx_word' id='word_1_402' title='bbox 721 3627 853 3695; x_wconf 81' lang='grc' dir='ltr'>ἡμῖν</span> <span class='ocrx_word' id='word_1_403' title='bbox 885 3625 1103 3690; x_wconf 85' lang='grc' dir='ltr'>παθῶν,</span> <span class='ocrx_word' id='word_1_404' title='bbox 1142 3627 1454 3694; x_wconf 83' lang='grc' dir='ltr'>Αἰγυπτίων</span> <span class='ocrx_word' id='word_1_405' title='bbox 1486 3629 1596 3681; x_wconf 87' lang='grc' dir='ltr'>τῶν</span> <span class='ocrx_word' id='word_1_406' title='bbox 1623 3631 1829 3701; x_wconf 85' lang='grc' dir='ltr'>νοητῶν</span> 
     </span>
    </p>
   </div>
   <div class='ocr_carea' id='block_1_56' title="bbox 237 3715 1828 3792">
    <p class='ocr_par' dir='ltr' id='par_1_56' title="bbox 237 3715 1828 3792">
     <span class='ocr_line' id='line_1_56' title="bbox 237 3715 1828 3792; baseline 0.004 -26"><span class='ocrx_word' id='word_1_407' title='bbox 237 3717 360 3767; x_wconf 71' lang='grc' dir='ltr'>ἐστι</span> <span class='ocrx_word' id='word_1_408' title='bbox 392 3715 689 3786; x_wconf 76' lang='grc' dir='ltr'>βδέλυγμα,</span> <span class='ocrx_word' id='word_1_409' title='bbox 719 3715 865 3770; x_wconf 75' lang='grc' dir='ltr'>τοῦτ’</span> <span class='ocrx_word' id='word_1_410' title='bbox 892 3716 1039 3782; x_wconf 78' lang='grc' dir='ltr'>ἐστι,</span> <span class='ocrx_word' id='word_1_411' title='bbox 1071 3717 1532 3788; x_wconf 80' lang='grc' dir='ltr'>σεϐασμιώτατον.</span> <span class='ocrx_word' id='word_1_412' title='bbox 1565 3721 1685 3774; x_wconf 76' lang='grc' dir='ltr'>Ὀτι</span> <span class='ocrx_word' id='word_1_413' title='bbox 1706 3721 1828 3792; x_wconf 72' lang='grc' dir='ltr'>ξγὰρ</span> 
     </span>
    </p>
   </div>
   <div class='ocr_carea' id='block_1_57' title="bbox 233 3806 1824 3878">
    <p class='ocr_par' dir='ltr' id='par_1_57' title="bbox 233 3806 1824 3878">
     <span class='ocr_line' id='line_1_57' title="bbox 233 3806 1824 3878; baseline 0.004 -21"><span class='ocrx_word' id='word_1_414' title='bbox 233 3806 363 3869; x_wconf 75' lang='grc' dir='ltr'>ιθος</span> <span class='ocrx_word' id='word_1_415' title='bbox 392 3809 460 3876; x_wconf 82' lang='grc' dir='ltr'><strong>τῇ</strong></span> <span class='ocrx_word' id='word_1_416' title='bbox 491 3807 611 3878; x_wconf 72' lang='grc' dir='ltr'>θείᾳ</span> <span class='ocrx_word' id='word_1_417' title='bbox 647 3808 837 3878; x_wconf 80' lang='grc' dir='ltr'>Γραφῇ</span> <span class='ocrx_word' id='word_1_418' title='bbox 886 3807 1161 3878; x_wconf 79' lang='grc' dir='ltr'>βδέλυγμα</span> <span class='ocrx_word' id='word_1_419' title='bbox 1202 3808 1380 3876; x_wconf 87' lang='grc' dir='ltr'>λέγειν</span> <span class='ocrx_word' id='word_1_420' title='bbox 1412 3811 1473 3863; x_wconf 88' lang='grc' dir='ltr'>τὸ</span> <span class='ocrx_word' id='word_1_421' title='bbox 1515 3812 1573 3865; x_wconf 85' lang='grc' dir='ltr'><strong>ὲν</strong></span> <span class='ocrx_word' id='word_1_422' title='bbox 1607 3811 1824 3865; x_wconf 81' lang='grc' dir='ltr'>εἰδώλου</span> 
     </span>
    </p>
   </div>
   <div class='ocr_carea' id='block_1_58' title="bbox 234 3898 1828 3968">
    <p class='ocr_par' dir='ltr' id='par_1_58' title="bbox 234 3898 1828 3968">
     <span class='ocr_line' id='line_1_58' title="bbox 234 3898 1828 3968; baseline 0.004 -18"><span class='ocrx_word' id='word_1_423' title='bbox 234 3898 417 3964; x_wconf 69' lang='grc' dir='ltr'>τάξει,</span> <span class='ocrx_word' id='word_1_424' title='bbox 451 3899 543 3951; x_wconf 73' lang='grc' dir='ltr'><strong>καὶ</strong></span> <span class='ocrx_word' id='word_1_425' title='bbox 572 3898 735 3951; x_wconf 83' lang='grc' dir='ltr'>οἱονεί</span> <span class='ocrx_word' id='word_1_426' title='bbox 767 3916 819 3951; x_wconf 89' lang='grc' dir='ltr'>τι</span> <span class='ocrx_word' id='word_1_427' title='bbox 845 3899 1028 3962; x_wconf 78' lang='grc' dir='ltr'>σέϐας,</span> <span class='ocrx_word' id='word_1_428' title='bbox 1069 3901 1349 3953; x_wconf 85' lang='grc' dir='ltr'>ἀναπείθει</span> <span class='ocrx_word' id='word_1_429' title='bbox 1388 3901 1560 3968; x_wconf 88' lang='grc' dir='ltr'>λέγων</span> <span class='ocrx_word' id='word_1_430' title='bbox 1584 3901 1711 3965; x_wconf 83' lang='grc' dir='ltr'>Θεὸς</span> <span class='ocrx_word' id='word_1_431' title='bbox 1739 3903 1828 3956; x_wconf 80' lang='grc' dir='ltr'>διὰ</span> 
     </span>
    </p>
   </div>
   <div class='ocr_carea' id='block_1_59' title="bbox 235 3989 1825 4062">
    <p class='ocr_par' dir='ltr' id='par_1_59' title="bbox 235 3989 1825 4062">
     <span class='ocr_line' id='line_1_59' title="bbox 235 3989 1825 4062; baseline 0.002 -20"><span class='ocrx_word' id='word_1_432' title='bbox 235 3991 343 4059; x_wconf 73' lang='grc' dir='ltr'>τῆς</span> <span class='ocrx_word' id='word_1_433' title='bbox 395 3989 664 4062; x_wconf 84' lang='grc' dir='ltr'>Ἰερεμίου</span> <span class='ocrx_word' id='word_1_434' title='bbox 712 3990 930 4059; x_wconf 66' lang='grc' dir='ltr'>φωνῆς,</span> <span class='ocrx_word' id='word_1_435' title='bbox 971 3992 1098 4062; x_wconf 84' lang='grc' dir='ltr'><strong>περί</strong></span> <span class='ocrx_word' id='word_1_436' title='bbox 1131 3993 1229 4062; x_wconf 84' lang='grc' dir='ltr'>τῆς</span> <span class='ocrx_word' id='word_1_437' title='bbox 1268 3991 1534 4044; x_wconf 82' lang='grc' dir='ltr'>Ἰουδαίων</span> <span class='ocrx_word' id='word_1_438' title='bbox 1573 3994 1825 4060; x_wconf 85' lang='grc' dir='ltr'>Συναγω-</span> 
     </span>
    </p>
   </div>
   <div class='ocr_carea' id='block_1_60' title="bbox 233 4080 1824 4152">
    <p class='ocr_par' dir='ltr' id='par_1_60' title="bbox 233 4080 1824 4152">
     <span class='ocr_line' id='line_1_60' title="bbox 233 4080 1824 4152; baseline 0.003 -21"><span class='ocrx_word' id='word_1_439' title='bbox 233 4081 377 4150; x_wconf 77' lang='grc' dir='ltr'>γῆς·</span> <span class='ocrx_word' id='word_1_440' title='bbox 427 4098 446 4131; x_wconf 76' lang='grc' dir='ltr'><strong>ι</strong></span> <span class='ocrx_word' id='word_1_441' title='bbox 500 4081 567 4132; x_wconf 85' lang='grc' dir='ltr'>Τί</span> <span class='ocrx_word' id='word_1_442' title='bbox 599 4081 633 4151; x_wconf 81' lang='grc' dir='ltr'><strong>ἡ</strong></span> <span class='ocrx_word' id='word_1_443' title='bbox 680 4081 1012 4150; x_wconf 78' lang='grc' dir='ltr'>ἠγαπημένη</span> <span class='ocrx_word' id='word_1_444' title='bbox 1064 4083 1121 4134; x_wconf 82' lang='grc' dir='ltr'>ὲν</span> <span class='ocrx_word' id='word_1_445' title='bbox 1164 4080 1242 4151; x_wconf 86' lang='grc' dir='ltr'><strong>τῷ</strong></span> <span class='ocrx_word' id='word_1_446' title='bbox 1285 4082 1419 4152; x_wconf 78' lang='grc' dir='ltr'>οἴκῳ</span> <span class='ocrx_word' id='word_1_447' title='bbox 1467 4099 1568 4150; x_wconf 88' lang='grc' dir='ltr'><strong>μου</strong></span> <span class='ocrx_word' id='word_1_448' title='bbox 1603 4083 1824 4151; x_wconf 79' lang='grc' dir='ltr'>ἐποίησε</span> 
     </span>
    </p>
   </div>
   <div class='ocr_carea' id='block_1_61' title="bbox 232 4171 1825 4243">
    <p class='ocr_par' dir='ltr' id='par_1_61' title="bbox 232 4171 1825 4243">
     <span class='ocr_line' id='line_1_61' title="bbox 232 4171 1825 4243; baseline 0.003 -21"><span class='ocrx_word' id='word_1_449' title='bbox 232 4171 551 4240; x_wconf 74' lang='grc' dir='ltr'>βδέλυγμας</span> <span class='ocrx_word' id='word_1_450' title='bbox 595 4191 614 4223; x_wconf 83' lang='grc'>›</span> <span class='ocrx_word' id='word_1_451' title='bbox 654 4172 715 4224; x_wconf 83' lang='grc' dir='ltr'><strong>Εἰ</strong></span> <span class='ocrx_word' id='word_1_452' title='bbox 752 4172 808 4224; x_wconf 81' lang='grc' dir='ltr'>δὲ</span> <span class='ocrx_word' id='word_1_453' title='bbox 835 4172 898 4242; x_wconf 83' lang='grc' dir='ltr'>δή</span> <span class='ocrx_word' id='word_1_454' title='bbox 926 4189 1006 4235; x_wconf 84' lang='grc' dir='ltr'><strong>τις</strong></span> <span class='ocrx_word' id='word_1_455' title='bbox 1042 4171 1282 4242; x_wconf 80' lang='grc' dir='ltr'>βούλοιτο</span> <span class='ocrx_word' id='word_1_456' title='bbox 1325 4173 1504 4241; x_wconf 90' lang='grc' dir='ltr'>λέγειν</span> <span class='ocrx_word' id='word_1_457' title='bbox 1551 4172 1825 4243; x_wconf 74' lang='grc' dir='ltr'>βδέλυγμα.</span> 
     </span>
    </p>
   </div>
   <div class='ocr_carea' id='block_1_62' title="bbox 229 4262 1818 4336">
    <p class='ocr_par' dir='ltr' id='par_1_62' title="bbox 229 4262 1818 4336">
     <span class='ocr_line' id='line_1_62' title="bbox 229 4262 1818 4336; baseline 0.004 -24"><span class='ocrx_word' id='word_1_458' title='bbox 229 4262 340 4313; x_wconf 73' lang='grc' dir='ltr'>τῶν</span> <span class='ocrx_word' id='word_1_459' title='bbox 384 4262 706 4329; x_wconf 79' lang='grc' dir='ltr'>Αἰγυπτίων</span> <span class='ocrx_word' id='word_1_460' title='bbox 758 4262 819 4315; x_wconf 85' lang='grc' dir='ltr'>τὸ</span> <span class='ocrx_word' id='word_1_461' title='bbox 853 4264 1015 4316; x_wconf 76' lang='grc' dir='ltr'>οἱονεὶ</span> <span class='ocrx_word' id='word_1_462' title='bbox 1067 4264 1286 4335; x_wconf 83' lang='grc' dir='ltr'>μίσημα</span> <span class='ocrx_word' id='word_1_463' title='bbox 1333 4267 1426 4318; x_wconf 70' lang='grc' dir='ltr'><strong>καὶ</strong></span> <span class='ocrx_word' id='word_1_464' title='bbox 1469 4266 1818 4336; x_wconf 86' lang='grc' dir='ltr'>παραίτησιν,</span> 
     </span>
    </p>
   </div>
   <div class='ocr_carea' id='block_1_63' title="bbox 223 4352 1822 4431">
    <p class='ocr_par' dir='ltr' id='par_1_63' title="bbox 223 4352 1822 4431">
     <span class='ocr_line' id='line_1_63' title="bbox 223 4352 1822 4431; baseline 0.004 -27"><span class='ocrx_word' id='word_1_465' title='bbox 223 4352 330 4406; x_wconf 80' lang='grc' dir='ltr'><strong>οὐκ</strong></span> <span class='ocrx_word' id='word_1_466' title='bbox 369 4352 443 4405; x_wconf 75' lang='grc' dir='ltr'>ἂν</span> <span class='ocrx_word' id='word_1_467' title='bbox 467 4352 728 4424; x_wconf 80' lang='grc' dir='ltr'>ὲξοίχοιτο</span> <span class='ocrx_word' id='word_1_468' title='bbox 753 4353 847 4406; x_wconf 81' lang='grc' dir='ltr'><strong>τοῦ</strong></span> <span class='ocrx_word' id='word_1_469' title='bbox 881 4355 1183 4425; x_wconf 85' lang='grc' dir='ltr'>πρέποντος</span> <span class='ocrx_word' id='word_1_470' title='bbox 1209 4355 1300 4409; x_wconf 81' lang='grc' dir='ltr'><strong>νοῦ</strong></span> <span class='ocrx_word' id='word_1_471' title='bbox 1327 4373 1340 4386; x_wconf 77' lang='grc' dir='ltr'><strong><em>ο</em></strong></span> <span class='ocrx_word' id='word_1_472' title='bbox 1373 4355 1409 4410; x_wconf 73' lang='grc' dir='ltr'><strong>ἃ</strong></span> <span class='ocrx_word' id='word_1_473' title='bbox 1437 4358 1543 4431; x_wconf 76' lang='grc' dir='ltr'>γὰρ</span> <span class='ocrx_word' id='word_1_474' title='bbox 1588 4358 1707 4421; x_wconf 80' lang='grc' dir='ltr'>ἔθος</span> <span class='ocrx_word' id='word_1_475' title='bbox 1736 4359 1822 4411; x_wconf 78' lang='grc' dir='ltr'><strong>ἀεὶ</strong></span> 
     </span>
    </p>
   </div>
   <div class='ocr_carea' id='block_1_64' title="bbox 231 4445 1897 4525">
    <p class='ocr_par' dir='ltr' id='par_1_64' title="bbox 231 4445 1897 4525">
     <span class='ocr_line' id='line_1_64' title="bbox 231 4445 1897 4525; baseline 0.005 -29"><span class='ocrx_word' id='word_1_476' title='bbox 231 4447 421 4513; x_wconf 82' lang='grc' dir='ltr'>μισεῖν</span> <span class='ocrx_word' id='word_1_477' title='bbox 457 4446 553 4498; x_wconf 83' lang='grc' dir='ltr'><strong>καὶ</strong></span> <span class='ocrx_word' id='word_1_478' title='bbox 582 4445 1096 4500; x_wconf 72' lang='grc' dir='ltr'>καταϐδελύττεσθαι</span> <span class='ocrx_word' id='word_1_479' title='bbox 1125 4450 1240 4511; x_wconf 86' lang='grc' dir='ltr'>τοῖς</span> <span class='ocrx_word' id='word_1_480' title='bbox 1284 4447 1616 4520; x_wconf 77' lang='grc' dir='ltr'>ἀκαθάρτοις</span> <span class='ocrx_word' id='word_1_481' title='bbox 1661 4451 1822 4504; x_wconf 84' lang='grc' dir='ltr'>πνεύ-</span> <span class='ocrx_word' id='word_1_482' title='bbox 1856 4471 1897 4525; x_wconf 76' lang='grc' dir='ltr'><strong>ι)</strong></span> 
     </span>
    </p>
   </div>
   <div class='ocr_carea' id='block_1_65' title="bbox 231 4537 1824 4609">
    <p class='ocr_par' dir='ltr' id='par_1_65' title="bbox 231 4537 1824 4609">
     <span class='ocr_line' id='line_1_65' title="bbox 231 4537 1824 4609; baseline 0.005 -21"><span class='ocrx_word' id='word_1_483' title='bbox 231 4553 396 4604; x_wconf 82' lang='grc' dir='ltr'>μασι,</span> <span class='ocrx_word' id='word_1_484' title='bbox 429 4537 587 4588; x_wconf 83' lang='grc' dir='ltr'>ταυτί</span> <span class='ocrx_word' id='word_1_485' title='bbox 604 4537 740 4607; x_wconf 85' lang='grc' dir='ltr'>πρὸς</span> <span class='ocrx_word' id='word_1_486' title='bbox 756 4539 915 4607; x_wconf 83' lang='grc' dir='ltr'><strong>ήμῶν</strong></span> <span class='ocrx_word' id='word_1_487' title='bbox 935 4538 1013 4600; x_wconf 81' lang='grc' dir='ltr'><strong>είς</strong></span> <span class='ocrx_word' id='word_1_488' title='bbox 1037 4538 1212 4609; x_wconf 82' lang='grc' dir='ltr'>ὀσμὴν</span> <span class='ocrx_word' id='word_1_489' title='bbox 1239 4539 1462 4604; x_wconf 79' lang='grc' dir='ltr'>εὐωδίας</span> <span class='ocrx_word' id='word_1_490' title='bbox 1481 4542 1824 4596; x_wconf 83' lang='grc' dir='ltr'>ἀνακείσεται</span> 
     </span>
    </p>
   </div>
   <div class='ocr_carea' id='block_1_66' title="bbox 225 4626 1819 4704">
    <p class='ocr_par' dir='ltr' id='par_1_66' title="bbox 225 4626 1819 4704">
     <span class='ocr_line' id='line_1_66' title="bbox 225 4626 1819 4704; baseline 0.005 -25"><span class='ocrx_word' id='word_1_491' title='bbox 225 4629 300 4698; x_wconf 82' lang='grc' dir='ltr'>τῷ</span> <span class='ocrx_word' id='word_1_492' title='bbox 348 4626 497 4697; x_wconf 79' lang='grc' dir='ltr'>Θεῷ,</span> <span class='ocrx_word' id='word_1_493' title='bbox 533 4629 626 4681; x_wconf 74' lang='grc' dir='ltr'><strong>καὶ</strong></span> <span class='ocrx_word' id='word_1_494' title='bbox 665 4628 827 4682; x_wconf 86' lang='grc' dir='ltr'>θυσία</span> <span class='ocrx_word' id='word_1_495' title='bbox 869 4631 1233 4700; x_wconf 83' lang='grc' dir='ltr'>πνευματικὴ,</span> <span class='ocrx_word' id='word_1_496' title='bbox 1281 4630 1496 4694; x_wconf 88' lang='grc' dir='ltr'>πίστις,</span> <span class='ocrx_word' id='word_1_497' title='bbox 1545 4634 1819 4704; x_wconf 83' lang='grc' dir='ltr'>πραότης,</span> 
     </span>
    </p>
   </div>
   <div class='ocr_carea' id='block_1_67' title="bbox 227 4719 1820 4793">
    <p class='ocr_par' dir='ltr' id='par_1_67' title="bbox 227 4719 1820 4793">
     <span class='ocr_line' id='line_1_67' title="bbox 227 4719 1820 4793; baseline 0.005 -24"><span class='ocrx_word' id='word_1_498' title='bbox 227 4719 560 4788; x_wconf 75' lang='grc' dir='ltr'>ἐγκράτεια,</span> <span class='ocrx_word' id='word_1_499' title='bbox 590 4719 935 4792; x_wconf 80' lang='grc' dir='ltr'>σωφροσύνη,</span> <span class='ocrx_word' id='word_1_500' title='bbox 960 4719 1305 4791; x_wconf 84' lang='grc' dir='ltr'>φιλαλληλία,</span> <span class='ocrx_word' id='word_1_501' title='bbox 1337 4722 1432 4775; x_wconf 83' lang='grc' dir='ltr'><strong>καὶ</strong></span> <span class='ocrx_word' id='word_1_502' title='bbox 1459 4723 1560 4793; x_wconf 79' lang='grc' dir='ltr'>τῆς</span> <span class='ocrx_word' id='word_1_503' title='bbox 1588 4724 1667 4789; x_wconf 85' lang='grc' dir='ltr'><strong>είς</strong></span> <span class='ocrx_word' id='word_1_504' title='bbox 1687 4723 1820 4777; x_wconf 82' lang='grc' dir='ltr'>Θεὸν</span> 
     </span>
    </p>
   </div>
   <div class='ocr_carea' id='block_1_68' title="bbox 224 4809 1038 4883">
    <p class='ocr_par' dir='ltr' id='par_1_68' title="bbox 224 4809 1038 4883">
     <span class='ocr_line' id='line_1_68' title="bbox 224 4809 1038 4883; baseline 0.006 -22"><span class='ocrx_word' id='word_1_505' title='bbox 224 4809 589 4881; x_wconf 73' lang='grc' dir='ltr'>γνησεὸτητος</span> <span class='ocrx_word' id='word_1_506' title='bbox 621 4811 689 4863; x_wconf 79' lang='grc' dir='ltr'>τὰ</span> <span class='ocrx_word' id='word_1_507' title='bbox 723 4811 864 4882; x_wconf 72' lang='grc' dir='ltr'><strong>αὒχή</strong></span> <span class='ocrx_word' id='word_1_508' title='bbox 874 4828 1038 4883; x_wconf 90' lang='grc' dir='ltr'>ματα.</span> 
     </span>
    </p>
   </div>
   <div class='ocr_carea' id='block_1_69' title="bbox 299 5083 1818 5157">
    <p class='ocr_par' dir='ltr' id='par_1_69' title="bbox 299 5083 1818 5157">
     <span class='ocr_line' id='line_1_69' title="bbox 299 5083 1818 5157; baseline 0.001 -21"><span class='ocrx_word' id='word_1_509' title='bbox 299 5084 516 5138; x_wconf 74' lang='grc' dir='ltr'><strong>ΠΑΛΛ.</strong></span> <span class='ocrx_word' id='word_1_510' title='bbox 560 5085 668 5138; x_wconf 74' lang='grc' dir='ltr'><strong>Καὶ</strong></span> <span class='ocrx_word' id='word_1_511' title='bbox 695 5084 841 5148; x_wconf 87' lang='grc' dir='ltr'>τίνες</span> <span class='ocrx_word' id='word_1_512' title='bbox 874 5086 941 5139; x_wconf 77' lang='grc' dir='ltr'><strong>ἂν</strong></span> <span class='ocrx_word' id='word_1_513' title='bbox 970 5083 1080 5140; x_wconf 75' lang='grc' dir='ltr'>εἷεν</span> <span class='ocrx_word' id='word_1_514' title='bbox 1111 5087 1162 5139; x_wconf 84' lang='grc' dir='ltr'><strong>οί</strong></span> <span class='ocrx_word' id='word_1_515' title='bbox 1193 5087 1251 5140; x_wconf 82' lang='grc' dir='ltr'>ὲν</span> <span class='ocrx_word' id='word_1_516' title='bbox 1282 5088 1348 5157; x_wconf 77' lang='grc' dir='ltr'>τῇ</span> <span class='ocrx_word' id='word_1_517' title='bbox 1377 5088 1446 5156; x_wconf 81' lang='grc' dir='ltr'>γῇ</span> <span class='ocrx_word' id='word_1_518' title='bbox 1483 5083 1701 5149; x_wconf 83' lang='grc' dir='ltr'>θύοντες</span> <span class='ocrx_word' id='word_1_519' title='bbox 1724 5085 1818 5139; x_wconf 79' lang='grc' dir='ltr'><strong>τοῦ</strong></span> 
     </span>
    </p>
   </div>
   <div class='ocr_carea' id='block_1_70' title="bbox 234 5174 1614 5248">
    <p class='ocr_par' dir='ltr' id='par_1_70' title="bbox 234 5174 1614 5248">
     <span class='ocr_line' id='line_1_70' title="bbox 234 5174 1614 5248; baseline 0.01 -23"><span class='ocrx_word' id='word_1_520' title='bbox 234 5174 516 5245; x_wconf 56' lang='grc' dir='ltr'>Πονηροῖη</span> <span class='ocrx_word' id='word_1_521' title='bbox 557 5177 761 5228; x_wconf 78' lang='grc' dir='ltr'>νοοῖντο</span> <span class='ocrx_word' id='word_1_522' title='bbox 790 5175 834 5227; x_wconf 90' lang='grc' dir='ltr'>δ’</span> <span class='ocrx_word' id='word_1_523' title='bbox 864 5175 929 5230; x_wconf 78' lang='grc' dir='ltr'>ἂν</span> <span class='ocrx_word' id='word_1_524' title='bbox 963 5176 1103 5240; x_wconf 84' lang='grc' dir='ltr'>τίνες</span> <span class='ocrx_word' id='word_1_525' title='bbox 1133 5179 1228 5231; x_wconf 75' lang='grc' dir='ltr'><strong>καὶ</strong></span> <span class='ocrx_word' id='word_1_526' title='bbox 1265 5179 1312 5230; x_wconf 78' lang='grc' dir='ltr'><strong>οἱ</strong></span> <span class='ocrx_word' id='word_1_527' title='bbox 1343 5176 1448 5244; x_wconf 76' lang='grc' dir='ltr'><strong>ἔξω</strong></span> <span class='ocrx_word' id='word_1_528' title='bbox 1481 5177 1614 5248; x_wconf 75' lang='grc' dir='ltr'>γῆςς</span> 
     </span>
    </p>
   </div>
   <div class='ocr_carea' id='block_1_71' title="bbox 302 5351 1813 5424">
    <p class='ocr_par' dir='ltr' id='par_1_71' title="bbox 302 5351 1813 5424">
     <span class='ocr_line' id='line_1_71' title="bbox 302 5351 1813 5424; baseline 0.003 -23"><span class='ocrx_word' id='word_1_529' title='bbox 302 5351 467 5403; x_wconf 81' lang='grc' dir='ltr'>ΚΥΡ.</span> <span class='ocrx_word' id='word_1_530' title='bbox 514 5351 580 5404; x_wconf 91' lang='grc' dir='ltr'><strong>Οἱ</strong></span> <span class='ocrx_word' id='word_1_531' title='bbox 617 5351 713 5421; x_wconf 70' lang='grc' dir='ltr'>μὲν</span> <span class='ocrx_word' id='word_1_532' title='bbox 747 5351 857 5423; x_wconf 78' lang='grc' dir='ltr'>γὰρ</span> <span class='ocrx_word' id='word_1_533' title='bbox 889 5351 1045 5405; x_wconf 77' lang='grc' dir='ltr'>οὔπω</span> <span class='ocrx_word' id='word_1_534' title='bbox 1085 5351 1184 5423; x_wconf 86' lang='grc' dir='ltr'>τῆς</span> <span class='ocrx_word' id='word_1_535' title='bbox 1221 5352 1534 5420; x_wconf 79' lang='grc' dir='ltr'>Αἰγυπτίων</span> <span class='ocrx_word' id='word_1_536' title='bbox 1581 5353 1813 5424; x_wconf 74' lang='grc' dir='ltr'><strong>ἐκδεδη-</strong></span> 
     </span>
    </p>
   </div>
   <div class='ocr_carea' id='block_1_72' title="bbox 231 5441 1813 5512">
    <p class='ocr_par' dir='ltr' id='par_1_72' title="bbox 231 5441 1813 5512">
     <span class='ocr_line' id='line_1_72' title="bbox 231 5441 1813 5512; baseline 0.003 -20"><span class='ocrx_word' id='word_1_537' title='bbox 231 5441 414 5505; x_wconf 79' lang='grc' dir='ltr'>κὸτες,</span> <span class='ocrx_word' id='word_1_538' title='bbox 450 5443 545 5497; x_wconf 73' lang='grc' dir='ltr'><strong>καὶ</strong></span> <span class='ocrx_word' id='word_1_539' title='bbox 579 5441 698 5511; x_wconf 85' lang='grc' dir='ltr'>Θεῷ</span> <span class='ocrx_word' id='word_1_540' title='bbox 745 5442 960 5505; x_wconf 83' lang='grc' dir='ltr'>θύοντες</span> <span class='ocrx_word' id='word_1_541' title='bbox 1005 5444 1062 5493; x_wconf 80' lang='grc' dir='ltr'><strong>ὲν</strong></span> <span class='ocrx_word' id='word_1_542' title='bbox 1103 5443 1276 5512; x_wconf 82' lang='grc' dir='ltr'>αὐτῇ,</span> <span class='ocrx_word' id='word_1_543' title='bbox 1322 5442 1508 5496; x_wconf 76' lang='grc' dir='ltr'>πολλοὶ</span> <span class='ocrx_word' id='word_1_544' title='bbox 1539 5443 1683 5507; x_wconf 88' lang='grc' dir='ltr'>λίαν,</span> <span class='ocrx_word' id='word_1_545' title='bbox 1719 5445 1813 5497; x_wconf 73' lang='grc' dir='ltr'>καὶ</span> 
     </span>
    </p>
   </div>
   <div class='ocr_carea' id='block_1_73' title="bbox 226 5532 1812 5604">
    <p class='ocr_par' dir='ltr' id='par_1_73' title="bbox 226 5532 1812 5604">
     <span class='ocr_line' id='line_1_73' title="bbox 226 5532 1812 5604; baseline 0.003 -21"><span class='ocrx_word' id='word_1_546' title='bbox 226 5532 466 5603; x_wconf 83' lang='grc' dir='ltr'>ἀριθμοῦ</span> <span class='ocrx_word' id='word_1_547' title='bbox 511 5534 654 5604; x_wconf 82' lang='grc' dir='ltr'><strong>τάχα</strong></span> <span class='ocrx_word' id='word_1_548' title='bbox 695 5550 798 5586; x_wconf 86' lang='grc' dir='ltr'><strong>που</strong></span> <span class='ocrx_word' id='word_1_549' title='bbox 835 5533 1142 5604; x_wconf 85' lang='grc' dir='ltr'>κρείττονες</span> <span class='ocrx_word' id='word_1_550' title='bbox 1167 5551 1181 5566; x_wconf 88' lang='grc'><strong>·</strong></span> <span class='ocrx_word' id='word_1_551' title='bbox 1217 5534 1265 5586; x_wconf 88' lang='grc' dir='ltr'><strong>οἰ</strong></span> <span class='ocrx_word' id='word_1_552' title='bbox 1307 5533 1365 5586; x_wconf 81' lang='grc' dir='ltr'>δὲ</span> <span class='ocrx_word' id='word_1_553' title='bbox 1403 5533 1508 5599; x_wconf 74' lang='grc' dir='ltr'><strong>ἔξω</strong></span> <span class='ocrx_word' id='word_1_554' title='bbox 1542 5551 1602 5586; x_wconf 92' lang='grc' dir='ltr'>τε</span> <span class='ocrx_word' id='word_1_555' title='bbox 1630 5534 1724 5587; x_wconf 74' lang='grc' dir='ltr'><strong>καὶ</strong></span> <span class='ocrx_word' id='word_1_556' title='bbox 1756 5536 1812 5587; x_wconf 83' lang='grc' dir='ltr'>ἐν</span> 
     </span>
    </p>
   </div>
   <div class='ocr_carea' id='block_1_74' title="bbox 1947 1989 3535 2066">
    <p class='ocr_par' dir='ltr' id='par_1_74' title="bbox 1947 1989 3535 2066">
     <span class='ocr_line' id='line_1_74' title="bbox 1947 1989 3535 2066; baseline 0.012 -24"><span class='ocrx_word' id='word_1_557' title='bbox 1947 1989 2094 2058; x_wconf 90' lang='lat' dir='ltr'><strong>quod</strong></span> <span class='ocrx_word' id='word_1_558' title='bbox 2134 1990 2203 2044; x_wconf 91' lang='lat' dir='ltr'><strong>ad</strong></span> <span class='ocrx_word' id='word_1_559' title='bbox 2249 1993 2765 2062; x_wconf 88' lang='lat' dir='ltr'><strong>contemplationem</strong></span> <span class='ocrx_word' id='word_1_560' title='bbox 2800 1997 3141 2066; x_wconf 88' lang='lat' dir='ltr'><strong>spiritualcm</strong></span> <span class='ocrx_word' id='word_1_561' title='bbox 3173 2001 3388 2064; x_wconf 85' lang='lat' dir='ltr'><strong>attinet,</strong></span> <span class='ocrx_word' id='word_1_562' title='bbox 3423 2019 3535 2061; x_wconf 90' lang='lat' dir='ltr'><strong>non</strong></span> 
     </span>
    </p>
   </div>
   <div class='ocr_carea' id='block_1_75' title="bbox 1945 2081 3532 2159">
    <p class='ocr_par' dir='ltr' id='par_1_75' title="bbox 1945 2081 3532 2159">
     <span class='ocr_line' id='line_1_75' title="bbox 1945 2081 3532 2159; baseline 0.011 -25"><span class='ocrx_word' id='word_1_563' title='bbox 1945 2081 2280 2138; x_wconf 90' lang='lat' dir='ltr'><strong>mediocrem</strong></span> <span class='ocrx_word' id='word_1_564' title='bbox 2315 2084 2480 2139; x_wconf 88' lang='lat' dir='ltr'><strong>habet</strong></span> <span class='ocrx_word' id='word_1_565' title='bbox 2515 2086 2838 2155; x_wconf 86' lang='lat' dir='ltr'><strong>utilitatem;</strong></span> <span class='ocrx_word' id='word_1_566' title='bbox 2870 2089 3017 2159; x_wconf 91' lang='lat' dir='ltr'><strong>quod</strong></span> <span class='ocrx_word' id='word_1_567' title='bbox 3048 2091 3194 2145; x_wconf 90' lang='lat' dir='ltr'><strong>enim</strong></span> <span class='ocrx_word' id='word_1_568' title='bbox 3223 2092 3532 2150; x_wconf 85' lang='lat' dir='ltr'><strong>daemonum</strong></span> 
     </span>
    </p>
   </div>
   <div class='ocr_carea' id='block_1_76' title="bbox 1946 2173 3534 2258">
    <p class='ocr_par' dir='ltr' id='par_1_76' title="bbox 1946 2173 3534 2258">
     <span class='ocr_line' id='line_1_76' title="bbox 1946 2173 3534 2258; baseline 0.012 -34"><span class='ocrx_word' id='word_1_569' title='bbox 1946 2173 2107 2227; x_wconf 91' lang='lat' dir='ltr'><strong>turba</strong></span> <span class='ocrx_word' id='word_1_570' title='bbox 2129 2191 2384 2245; x_wconf 87' lang='lat' dir='ltr'><strong>magnum</strong></span> <span class='ocrx_word' id='word_1_571' title='bbox 2408 2176 2707 2244; x_wconf 81' lang='lat' dir='ltr'><strong>existimat,</strong></span> <span class='ocrx_word' id='word_1_572' title='bbox 2735 2194 2798 2234; x_wconf 90' lang='lat' dir='ltr'><strong>ac</strong></span> <span class='ocrx_word' id='word_1_573' title='bbox 2829 2181 3054 2250; x_wconf 88' lang='lat' dir='ltr'><strong>plurimi</strong></span> <span class='ocrx_word' id='word_1_574' title='bbox 3081 2182 3230 2248; x_wconf 84' lang='lat' dir='ltr'><strong>facit,</strong></span> <span class='ocrx_word' id='word_1_575' title='bbox 3258 2194 3312 2239; x_wconf 91' lang='lat' dir='ltr'><strong>et</strong></span> <span class='ocrx_word' id='word_1_576' title='bbox 3337 2187 3393 2241; x_wconf 92' lang='lat' dir='ltr'><strong>in</strong></span> <span class='ocrx_word' id='word_1_577' title='bbox 3422 2205 3534 2258; x_wconf 91' lang='lat' dir='ltr'><strong>quo</strong></span> 
     </span>
    </p>
   </div>
   <div class='ocr_carea' id='block_1_77' title="bbox 1943 2268 3531 2340">
    <p class='ocr_par' dir='ltr' id='par_1_77' title="bbox 1943 2268 3531 2340">
     <span class='ocr_line' id='line_1_77' title="bbox 1943 2268 3531 2340; baseline 0.012 -24"><span class='ocrx_word' id='word_1_578' title='bbox 1943 2278 2212 2318; x_wconf 84' lang='lat' dir='ltr'><strong>summam</strong></span> <span class='ocrx_word' id='word_1_579' title='bbox 2242 2275 2410 2320; x_wconf 87' lang='lat' dir='ltr'><strong>totam</strong></span> <span class='ocrx_word' id='word_1_580' title='bbox 2435 2268 2595 2322; x_wconf 82' lang='lat' dir='ltr'><strong>sitam</strong></span> <span class='ocrx_word' id='word_1_581' title='bbox 2632 2285 2751 2325; x_wconf 90' lang='lat' dir='ltr'><strong>esse</strong></span> <span class='ocrx_word' id='word_1_582' title='bbox 2791 2279 2966 2340; x_wconf 89' lang='lat' dir='ltr'><strong>putat,</strong></span> <span class='ocrx_word' id='word_1_583' title='bbox 2999 2273 3052 2327; x_wconf 91' lang='lat' dir='ltr'><strong>id</strong></span> <span class='ocrx_word' id='word_1_584' title='bbox 3089 2277 3132 2329; x_wconf 89' lang='lat' dir='ltr'><strong>si</strong></span> <span class='ocrx_word' id='word_1_585' title='bbox 3167 2293 3267 2332; x_wconf 88' lang='lat' dir='ltr'><strong>nos</strong></span> <span class='ocrx_word' id='word_1_586' title='bbox 3299 2281 3531 2334; x_wconf 83' lang='lat' dir='ltr'><strong>mortiﬁ-</strong></span> 
     </span>
    </p>
   </div>
   <div class='ocr_carea' id='block_1_78' title="bbox 1944 2356 3526 2428">
    <p class='ocr_par' dir='ltr' id='par_1_78' title="bbox 1944 2356 3526 2428">
     <span class='ocr_line' id='line_1_78' title="bbox 1944 2356 3526 2428; baseline 0.011 -18"><span class='ocrx_word' id='word_1_587' title='bbox 1944 2356 2270 2420; x_wconf 79' lang='lat' dir='ltr'><strong>caverimus,</strong></span> <span class='ocrx_word' id='word_1_588' title='bbox 2309 2359 2679 2428; x_wconf 86' lang='lat' dir='ltr'><strong>gratissimum</strong></span> <span class='ocrx_word' id='word_1_589' title='bbox 2722 2362 2835 2416; x_wconf 88' lang='lat' dir='ltr'><strong>Deo</strong></span> <span class='ocrx_word' id='word_1_590' title='bbox 2870 2365 3079 2418; x_wconf 90' lang='lat' dir='ltr'><strong>cultum</strong></span> <span class='ocrx_word' id='word_1_591' title='bbox 3122 2369 3526 2428; x_wconf 87' lang='lat' dir='ltr'><strong>exhibebimus.</strong></span> 
     </span>
    </p>
   </div>
   <div class='ocr_carea' id='block_1_79' title="bbox 2013 2446 2838 2514">
    <p class='ocr_par' dir='ltr' id='par_1_79' title="bbox 2013 2446 2838 2514">
     <span class='ocr_line' id='line_1_79' title="bbox 2013 2446 2838 2514; baseline 0.011 -15"><span class='ocrx_word' id='word_1_592' title='bbox 2013 2446 2210 2500; x_wconf 83' lang='lat' dir='ltr'><strong>PALL.</strong></span> <span class='ocrx_word' id='word_1_593' title='bbox 2241 2447 2359 2514; x_wconf 83' lang='lat' dir='ltr'><strong>Quo</strong></span> <span class='ocrx_word' id='word_1_594' title='bbox 2389 2452 2607 2506; x_wconf 87' lang='lat' dir='ltr'><strong>tandem</strong></span> <span class='ocrx_word' id='word_1_595' title='bbox 2638 2453 2838 2508; x_wconf 86' lang='lat' dir='ltr'><strong>modo?</strong></span> 
     </span>
    </p>
   </div>
   <div class='ocr_carea' id='block_1_80' title="bbox 2013 2530 3528 2618">
    <p class='ocr_par' dir='ltr' id='par_1_80' title="bbox 2013 2530 3528 2618">
     <span class='ocr_line' id='line_1_80' title="bbox 2013 2530 3528 2618; baseline 0.012 -30"><span class='ocrx_word' id='word_1_596' title='bbox 2013 2530 2170 2588; x_wconf 66' lang='grc' dir='ltr'><strong>(ΝΒ.</strong></span> <span class='ocrx_word' id='word_1_597' title='bbox 2209 2534 2385 2601; x_wconf 85' lang='lat' dir='ltr'><strong>Quid?</strong></span> <span class='ocrx_word' id='word_1_598' title='bbox 2427 2537 2621 2594; x_wconf 88' lang='lat' dir='ltr'><strong>Carnis</strong></span> <span class='ocrx_word' id='word_1_599' title='bbox 2652 2540 2786 2595; x_wconf 87' lang='lat' dir='ltr'><strong>vitia</strong></span> <span class='ocrx_word' id='word_1_600' title='bbox 2826 2558 3008 2599; x_wconf 90' lang='lat' dir='ltr'><strong>nonne</strong></span> <span class='ocrx_word' id='word_1_601' title='bbox 3042 2545 3118 2600; x_wconf 91' lang='lat' dir='ltr'><strong>illi</strong></span> <span class='ocrx_word' id='word_1_602' title='bbox 3164 2549 3344 2618; x_wconf 86' lang='lat' dir='ltr'><strong>magni</strong></span> <span class='ocrx_word' id='word_1_603' title='bbox 3379 2554 3528 2606; x_wconf 69' lang='lat' dir='ltr'><strong>msti-</strong></span> 
     </span>
    </p>
   </div>
   <div class='ocr_carea' id='block_1_81' title="bbox 1940 2625 3530 2711">
    <p class='ocr_par' dir='ltr' id='par_1_81' title="bbox 1940 2625 3530 2711">
     <span class='ocr_line' id='line_1_81' title="bbox 1940 2625 3530 2711; baseline 0.013 -35"><span class='ocrx_word' id='word_1_604' title='bbox 1940 2625 2130 2678; x_wconf 87' lang='lat' dir='ltr'><strong>mant?</strong></span> <span class='ocrx_word' id='word_1_605' title='bbox 2163 2642 2342 2696; x_wconf 87' lang='lat' dir='ltr'><strong>neque</strong></span> <span class='ocrx_word' id='word_1_606' title='bbox 2364 2644 2496 2683; x_wconf 85' lang='lat' dir='ltr'><strong>vero</strong></span> <span class='ocrx_word' id='word_1_607' title='bbox 2528 2630 2620 2684; x_wconf 92' lang='lat' dir='ltr'><strong>illa</strong></span> <span class='ocrx_word' id='word_1_608' title='bbox 2649 2647 2748 2700; x_wconf 89' lang='lat' dir='ltr'><strong>per</strong></span> <span class='ocrx_word' id='word_1_609' title='bbox 2776 2647 2835 2688; x_wconf 91' lang='lat' dir='ltr'><strong>se</strong></span> <span class='ocrx_word' id='word_1_610' title='bbox 2863 2635 3109 2701; x_wconf 88' lang='lat' dir='ltr'><strong>omnino,</strong></span> <span class='ocrx_word' id='word_1_611' title='bbox 3146 2639 3239 2692; x_wconf 90' lang='lat' dir='ltr'><strong>sed</strong></span> <span class='ocrx_word' id='word_1_612' title='bbox 3270 2640 3398 2709; x_wconf 88' lang='lat' dir='ltr'><strong>quia</strong></span> <span class='ocrx_word' id='word_1_613' title='bbox 3431 2658 3530 2711; x_wconf 89' lang='lat' dir='ltr'><strong>per</strong></span> 
     </span>
    </p>
   </div>
   <div class='ocr_carea' id='block_1_82' title="bbox 1941 2711 3526 2797">
    <p class='ocr_par' dir='ltr' id='par_1_82' title="bbox 1941 2711 3526 2797">
     <span class='ocr_line' id='line_1_82' title="bbox 1941 2711 3526 2797; baseline 0.014 -30"><span class='ocrx_word' id='word_1_614' title='bbox 1941 2711 2033 2769; x_wconf 88' lang='lat' dir='ltr'><strong>illa</strong></span> <span class='ocrx_word' id='word_1_615' title='bbox 2081 2731 2182 2771; x_wconf 87' lang='lat' dir='ltr'><strong>nos</strong></span> <span class='ocrx_word' id='word_1_616' title='bbox 2223 2718 2530 2787; x_wconf 87' lang='lat' dir='ltr'><strong>perdimur,</strong></span> <span class='ocrx_word' id='word_1_617' title='bbox 2579 2729 2634 2775; x_wconf 92' lang='lat' dir='ltr'><strong>et</strong></span> <span class='ocrx_word' id='word_1_618' title='bbox 2677 2721 2733 2776; x_wconf 91' lang='lat' dir='ltr'><strong>in</strong></span> <span class='ocrx_word' id='word_1_619' title='bbox 2764 2738 2956 2779; x_wconf 90' lang='lat' dir='ltr'><strong>eorum</strong></span> <span class='ocrx_word' id='word_1_620' title='bbox 2997 2737 3323 2797; x_wconf 86' lang='lat' dir='ltr'><strong>potestatem</strong></span> <span class='ocrx_word' id='word_1_621' title='bbox 3361 2733 3526 2791; x_wconf 79' lang='lat' dir='ltr'><strong>vincti</strong></span> 
     </span>
    </p>
   </div>
   <div class='ocr_carea' id='block_1_83' title="bbox 1939 2805 3137 2862">
    <p class='ocr_par' dir='ltr' id='par_1_83' title="bbox 1939 2805 3137 2862">
     <span class='ocr_line' id='line_1_83' title="bbox 1939 2805 3137 2862; baseline 0.013 -3"><span class='ocrx_word' id='word_1_622' title='bbox 1939 2805 2234 2862; x_wconf 88' lang='lat' dir='ltr'><strong>ducimur?</strong></span> <span class='ocrx_word' id='word_1_623' title='bbox 3131 2833 3137 2840; x_wconf 77' lang='lat'><strong>‘</strong></span> 
     </span>
    </p>
   </div>
   <div class='ocr_carea' id='block_1_84' title="bbox 2007 2897 2441 2957">
    <p class='ocr_par' dir='ltr' id='par_1_84' title="bbox 2007 2897 2441 2957">
     <span class='ocr_line' id='line_1_84' title="bbox 2007 2897 2441 2957; baseline 0.012 -7"><span class='ocrx_word' id='word_1_624' title='bbox 2007 2897 2202 2952; x_wconf 84' lang='lat' dir='ltr'><strong>PALL.</strong></span> <span class='ocrx_word' id='word_1_625' title='bbox 2231 2900 2310 2955; x_wconf 86' lang='lat' dir='ltr'><strong>Ita</strong></span> <span class='ocrx_word' id='word_1_626' title='bbox 2338 2911 2441 2957; x_wconf 90' lang='lat' dir='ltr'><strong>est.</strong></span> 
     </span>
    </p>
   </div>
   <div class='ocr_carea' id='block_1_85' title="bbox 2005 2983 3525 3065">
    <p class='ocr_par' dir='ltr' id='par_1_85' title="bbox 2005 2983 3525 3065">
     <span class='ocr_line' id='line_1_85' title="bbox 2005 2983 3525 3065; baseline 0.014 -27"><span class='ocrx_word' id='word_1_627' title='bbox 2005 2983 2162 3040; x_wconf 82' lang='lat' dir='ltr'><strong>CYR.</strong></span> <span class='ocrx_word' id='word_1_628' title='bbox 2195 2987 2320 3044; x_wconf 62' lang='lat' dir='ltr'><strong>Haec</strong></span> <span class='ocrx_word' id='word_1_629' title='bbox 2369 2991 2535 3061; x_wconf 82' lang='lat' dir='ltr'><strong>igitur</strong></span> <span class='ocrx_word' id='word_1_630' title='bbox 2581 2993 2625 3048; x_wconf 93' lang='lat' dir='ltr'><strong>si</strong></span> <span class='ocrx_word' id='word_1_631' title='bbox 2671 2995 3218 3065; x_wconf 84' lang='lat' dir='ltr'><strong>mortiﬁcaverimus,</strong></span> <span class='ocrx_word' id='word_1_632' title='bbox 3249 3017 3313 3057; x_wconf 89' lang='lat' dir='ltr'><strong>ac</strong></span> <span class='ocrx_word' id='word_1_633' title='bbox 3351 3004 3525 3061; x_wconf 81' lang='lat' dir='ltr'><strong>veluti</strong></span> 
     </span>
    </p>
   </div>
   <div class='ocr_carea' id='block_1_86' title="bbox 1936 3078 3520 3150">
    <p class='ocr_par' dir='ltr' id='par_1_86' title="bbox 1936 3078 3520 3150">
     <span class='ocr_line' id='line_1_86' title="bbox 1936 3078 3520 3150; baseline 0.015 -24"><span class='ocrx_word' id='word_1_634' title='bbox 1936 3078 2376 3144; x_wconf 86' lang='lat' dir='ltr'><strong>mactaverimus,</strong></span> <span class='ocrx_word' id='word_1_635' title='bbox 2423 3081 2478 3135; x_wconf 91' lang='lat' dir='ltr'><strong>in</strong></span> <span class='ocrx_word' id='word_1_636' title='bbox 2527 3084 2750 3139; x_wconf 89' lang='lat' dir='ltr'><strong>odorem</strong></span> <span class='ocrx_word' id='word_1_637' title='bbox 2796 3089 3087 3143; x_wconf 82' lang='lat' dir='ltr'><strong>suavitatis</strong></span> <span class='ocrx_word' id='word_1_638' title='bbox 3131 3093 3342 3147; x_wconf 91' lang='lat' dir='ltr'><strong>erimus</strong></span> <span class='ocrx_word' id='word_1_639' title='bbox 3388 3095 3520 3150; x_wconf 89' lang='lat' dir='ltr'><strong>Deo.</strong></span> 
     </span>
    </p>
   </div>
   <div class='ocr_carea' id='block_1_87' title="bbox 1937 3164 3522 3240">
    <p class='ocr_par' dir='ltr' id='par_1_87' title="bbox 1937 3164 3522 3240">
     <span class='ocr_line' id='line_1_87' title="bbox 1937 3164 3522 3240; baseline 0.014 -21"><span class='ocrx_word' id='word_1_640' title='bbox 1937 3164 2040 3236; x_wconf 66' lang='grc'><strong>41</strong></span> <span class='ocrx_word' id='word_1_641' title='bbox 2077 3167 2280 3224; x_wconf 88' lang='lat' dir='ltr'><strong>Scribit</strong></span> <span class='ocrx_word' id='word_1_642' title='bbox 2309 3179 2493 3225; x_wconf 90' lang='lat' dir='ltr'><strong>autem</strong></span> <span class='ocrx_word' id='word_1_643' title='bbox 2523 3174 2724 3229; x_wconf 88' lang='lat' dir='ltr'><strong>Paulus</strong></span> <span class='ocrx_word' id='word_1_644' title='bbox 2767 3176 2824 3230; x_wconf 91' lang='lat' dir='ltr'><strong>in</strong></span> <span class='ocrx_word' id='word_1_645' title='bbox 2860 3177 3004 3233; x_wconf 85' lang='lat' dir='ltr'><strong>hunc</strong></span> <span class='ocrx_word' id='word_1_646' title='bbox 3037 3182 3258 3236; x_wconf 91' lang='lat' dir='ltr'><strong>modum</strong></span> <span class='ocrx_word' id='word_1_647' title='bbox 3301 3202 3312 3237; x_wconf 92' lang='lat'><strong>:</strong></span> <span class='ocrx_word' id='word_1_648' title='bbox 3355 3205 3372 3237; x_wconf 87' lang='grc'>‹</span> <span class='ocrx_word' id='word_1_649' title='bbox 3411 3187 3522 3240; x_wconf 82' lang='lat' dir='ltr'><strong>Ex-</strong></span> 
     </span>
    </p>
   </div>
   <div class='ocr_carea' id='block_1_88' title="bbox 1937 3257 3522 3344">
    <p class='ocr_par' dir='ltr' id='par_1_88' title="bbox 1937 3257 3522 3344">
     <span class='ocr_line' id='line_1_88' title="bbox 1937 3257 3522 3344; baseline 0.016 -35"><span class='ocrx_word' id='word_1_650' title='bbox 1937 3257 2122 3312; x_wconf 86' lang='lat' dir='ltr'><strong>bibete</strong></span> <span class='ocrx_word' id='word_1_651' title='bbox 2149 3276 2376 3330; x_wconf 88' lang='lat' dir='ltr'><strong>corpora</strong></span> <span class='ocrx_word' id='word_1_652' title='bbox 2404 3273 2584 3318; x_wconf 88' lang='lat' dir='ltr'><strong>vestra</strong></span> <span class='ocrx_word' id='word_1_653' title='bbox 2610 3266 2844 3321; x_wconf 88' lang='lat' dir='ltr'><strong>hostiam</strong></span> <span class='ocrx_word' id='word_1_654' title='bbox 2881 3271 3178 3336; x_wconf 82' lang='lat' dir='ltr'><strong>viventem,</strong></span> <span class='ocrx_word' id='word_1_655' title='bbox 3212 3276 3522 3344; x_wconf 90' lang='lat' dir='ltr'><strong>placentem</strong></span> 
     </span>
    </p>
   </div>
   <div class='ocr_carea' id='block_1_89' title="bbox 1935 3347 3524 3425">
    <p class='ocr_par' dir='ltr' id='par_1_89' title="bbox 1935 3347 3524 3425">
     <span class='ocr_line' id='line_1_89' title="bbox 1935 3347 3524 3425; baseline 0.013 -24"><span class='ocrx_word' id='word_1_656' title='bbox 1935 3347 2076 3413; x_wconf 91' lang='lat' dir='ltr'><strong>Deo,</strong></span> <span class='ocrx_word' id='word_1_657' title='bbox 2127 3351 2454 3408; x_wconf 84' lang='lat' dir='ltr'><strong>rationabile</strong></span> <span class='ocrx_word' id='word_1_658' title='bbox 2503 3355 2829 3425; x_wconf 89' lang='lat' dir='ltr'><strong>obsequium</strong></span> <span class='ocrx_word' id='word_1_659' title='bbox 2862 3368 3105 3415; x_wconf 83' lang='lat' dir='ltr'><strong>vestrum</strong></span> <span class='ocrx_word' id='word_1_660' title='bbox 3157 3365 3218 3417; x_wconf 82' lang='grc'><strong>³³.</strong></span> <span class='ocrx_word' id='word_1_661' title='bbox 3262 3385 3280 3416; x_wconf 78' lang='grc' dir='ltr'><strong>ι</strong></span> <span class='ocrx_word' id='word_1_662' title='bbox 3321 3367 3378 3420; x_wconf 89' lang='lat' dir='ltr'><strong>ld</strong></span> <span class='ocrx_word' id='word_1_663' title='bbox 3427 3383 3524 3422; x_wconf 90' lang='lat' dir='ltr'><strong>au-</strong></span> 
     </span>
    </p>
   </div>
   <div class='ocr_carea' id='block_1_90' title="bbox 1937 3439 3522 3526">
    <p class='ocr_par' dir='ltr' id='par_1_90' title="bbox 1937 3439 3522 3526">
     <span class='ocr_line' id='line_1_90' title="bbox 1937 3439 3522 3526; baseline 0.014 -35"><span class='ocrx_word' id='word_1_664' title='bbox 1937 3445 2044 3492; x_wconf 83' lang='lat' dir='ltr'><strong>tem</strong></span> <span class='ocrx_word' id='word_1_665' title='bbox 2075 3439 2121 3494; x_wconf 92' lang='lat' dir='ltr'><strong>is</strong></span> <span class='ocrx_word' id='word_1_666' title='bbox 2145 3448 2293 3495; x_wconf 87' lang='lat' dir='ltr'><strong>recte</strong></span> <span class='ocrx_word' id='word_1_667' title='bbox 2322 3442 2507 3508; x_wconf 82' lang='lat' dir='ltr'><strong>faciet,</strong></span> <span class='ocrx_word' id='word_1_668' title='bbox 2536 3445 2630 3514; x_wconf 90' lang='lat' dir='ltr'><strong>qui</strong></span> <span class='ocrx_word' id='word_1_669' title='bbox 2663 3448 3076 3526; x_wconf 84' lang='lat' dir='ltr'><strong>mortiﬁcaverit</strong></span> <span class='ocrx_word' id='word_1_670' title='bbox 3103 3455 3368 3521; x_wconf 88' lang='lat' dir='ltr'><strong>membra,</strong></span> <span class='ocrx_word' id='word_1_671' title='bbox 3400 3474 3522 3526; x_wconf 75' lang='lat' dir='ltr'><strong>qua:</strong></span> 
     </span>
    </p>
   </div>
   <div class='ocr_carea' id='block_1_91' title="bbox 1933 3524 3518 3616">
    <p class='ocr_par' dir='ltr' id='par_1_91' title="bbox 1933 3524 3518 3616">
     <span class='ocr_line' id='line_1_91' title="bbox 1933 3524 3518 3616; baseline 0.012 -34"><span class='ocrx_word' id='word_1_672' title='bbox 1933 3539 2060 3584; x_wconf 91' lang='lat' dir='ltr'><strong>sunt</strong></span> <span class='ocrx_word' id='word_1_673' title='bbox 2113 3545 2278 3602; x_wconf 83' lang='lat' dir='ltr'><strong>super</strong></span> <span class='ocrx_word' id='word_1_674' title='bbox 2328 3540 2552 3601; x_wconf 87' lang='lat' dir='ltr'><strong>terram,</strong></span> <span class='ocrx_word' id='word_1_675' title='bbox 2602 3524 3042 3607; x_wconf 82' lang='lat' dir='ltr'><strong>fornicationem,</strong></span> <span class='ocrx_word' id='word_1_676' title='bbox 3092 3543 3518 3616; x_wconf 74' lang='lat' dir='ltr'><strong>immunditiam,</strong></span> 
     </span>
    </p>
   </div>
   <div class='ocr_carea' id='block_1_92' title="bbox 1931 3620 3516 3698">
    <p class='ocr_par' dir='ltr' id='par_1_92' title="bbox 1931 3620 3516 3698">
     <span class='ocr_line' id='line_1_92' title="bbox 1931 3620 3516 3698; baseline 0.01 -23"><span class='ocrx_word' id='word_1_677' title='bbox 1931 3620 2238 3696; x_wconf 90' lang='lat' dir='ltr'><strong>libidinem,</strong></span> <span class='ocrx_word' id='word_1_678' title='bbox 2266 3627 2768 3697; x_wconf 87' lang='lat' dir='ltr'><strong>concupiscentiam</strong></span> <span class='ocrx_word' id='word_1_679' title='bbox 2800 3632 3020 3698; x_wconf 88' lang='lat' dir='ltr'><strong>malam,</strong></span> <span class='ocrx_word' id='word_1_680' title='bbox 3048 3641 3104 3688; x_wconf 88' lang='lat' dir='ltr'><strong>et</strong></span> <span class='ocrx_word' id='word_1_681' title='bbox 3141 3635 3423 3690; x_wconf 87' lang='lat' dir='ltr'><strong>avaritiam</strong></span> <span class='ocrx_word' id='word_1_682' title='bbox 3454 3639 3516 3691; x_wconf 75' lang='grc' dir='ltr'><strong>ι’.</strong></span> 
     </span>
    </p>
   </div>
   <div class='ocr_carea' id='block_1_93' title="bbox 1933 3710 3522 3796">
    <p class='ocr_par' dir='ltr' id='par_1_93' title="bbox 1933 3710 3522 3796">
     <span class='ocr_line' id='line_1_93' title="bbox 1933 3710 3522 3796; baseline 0.012 -32"><span class='ocrx_word' id='word_1_683' title='bbox 1933 3710 2156 3782; x_wconf 80' lang='lat' dir='ltr'><strong>Singula</strong></span> <span class='ocrx_word' id='word_1_684' title='bbox 2194 3715 2381 3785; x_wconf 83' lang='lat' dir='ltr'><strong>igitur,</strong></span> <span class='ocrx_word' id='word_1_685' title='bbox 2417 3734 2539 3787; x_wconf 65' lang='lat' dir='ltr'><strong>quae</strong></span> <span class='ocrx_word' id='word_1_686' title='bbox 2569 3720 2624 3773; x_wconf 90' lang='lat' dir='ltr'><strong>in</strong></span> <span class='ocrx_word' id='word_1_687' title='bbox 2665 3721 2830 3774; x_wconf 89' lang='lat' dir='ltr'><strong>nobis</strong></span> <span class='ocrx_word' id='word_1_688' title='bbox 2862 3723 3051 3778; x_wconf 92' lang='lat' dir='ltr'><strong>insunt</strong></span> <span class='ocrx_word' id='word_1_689' title='bbox 3077 3725 3230 3789; x_wconf 87' lang='lat' dir='ltr'><strong>vitia,</strong></span> <span class='ocrx_word' id='word_1_690' title='bbox 3263 3728 3522 3796; x_wconf 84' lang='lat' dir='ltr'><strong>spiritua-</strong></span> 
     </span>
    </p>
   </div>
   <div class='ocr_carea' id='block_1_94' title="bbox 1929 3801 3518 3886">
    <p class='ocr_par' dir='ltr' id='par_1_94' title="bbox 1929 3801 3518 3886">
     <span class='ocr_line' id='line_1_94' title="bbox 1929 3801 3518 3886; baseline 0.012 -32"><span class='ocrx_word' id='word_1_691' title='bbox 1929 3801 2063 3856; x_wconf 90' lang='lat' dir='ltr'><strong>lium</strong></span> <span class='ocrx_word' id='word_1_692' title='bbox 2092 3803 2472 3875; x_wconf 67' lang='lat' dir='ltr'><strong>AEgyptiorum</strong></span> <span class='ocrx_word' id='word_1_693' title='bbox 2500 3809 2941 3868; x_wconf 87' lang='lat' dir='ltr'><strong>abominationes</strong></span> <span class='ocrx_word' id='word_1_694' title='bbox 2973 3824 3122 3879; x_wconf 91' lang='lat' dir='ltr'><strong>sunt,</strong></span> <span class='ocrx_word' id='word_1_695' title='bbox 3152 3815 3206 3869; x_wconf 91' lang='lat' dir='ltr'><strong>id</strong></span> <span class='ocrx_word' id='word_1_696' title='bbox 3242 3826 3346 3882; x_wconf 88' lang='lat' dir='ltr'><strong>est,</strong></span> <span class='ocrx_word' id='word_1_697' title='bbox 3377 3834 3518 3886; x_wconf 72' lang='lat' dir='ltr'><strong>pra:-</strong></span> 
     </span>
    </p>
   </div>
   <div class='ocr_carea' id='block_1_95' title="bbox 1928 3893 3519 3963">
    <p class='ocr_par' dir='ltr' id='par_1_95' title="bbox 1928 3893 3519 3963">
     <span class='ocr_line' id='line_1_95' title="bbox 1928 3893 3519 3963; baseline 0.01 -17"><span class='ocrx_word' id='word_1_698' title='bbox 1928 3893 2124 3963; x_wconf 90' lang='lat' dir='ltr'><strong>cipuus</strong></span> <span class='ocrx_word' id='word_1_699' title='bbox 2151 3912 2343 3952; x_wconf 91' lang='lat' dir='ltr'><strong>eorum</strong></span> <span class='ocrx_word' id='word_1_700' title='bbox 2374 3900 2573 3956; x_wconf 88' lang='lat' dir='ltr'><strong>cultus.</strong></span> <span class='ocrx_word' id='word_1_701' title='bbox 2607 3902 2743 3959; x_wconf 89' lang='lat' dir='ltr'><strong>Esse</strong></span> <span class='ocrx_word' id='word_1_702' title='bbox 2778 3913 2963 3959; x_wconf 87' lang='lat' dir='ltr'><strong>autem</strong></span> <span class='ocrx_word' id='word_1_703' title='bbox 3003 3906 3152 3960; x_wconf 91' lang='lat' dir='ltr'><strong>hunc</strong></span> <span class='ocrx_word' id='word_1_704' title='bbox 3181 3923 3390 3961; x_wconf 91' lang='lat' dir='ltr'><strong>morem</strong></span> <span class='ocrx_word' id='word_1_705' title='bbox 3429 3925 3519 3963; x_wconf 89' lang='lat' dir='ltr'><strong>sa-</strong></span> 
     </span>
    </p>
   </div>
   <div class='ocr_carea' id='block_1_96' title="bbox 1926 3987 3518 4064">
    <p class='ocr_par' dir='ltr' id='par_1_96' title="bbox 1926 3987 3518 4064">
     <span class='ocr_line' id='line_1_96' title="bbox 1926 3987 3518 4064; baseline 0.011 -28"><span class='ocrx_word' id='word_1_706' title='bbox 1926 3998 2141 4039; x_wconf 82' lang='lat' dir='ltr'><strong>crarum</strong></span> <span class='ocrx_word' id='word_1_707' title='bbox 2172 3987 2527 4056; x_wconf 89' lang='lat' dir='ltr'><strong>Litterarum,</strong></span> <span class='ocrx_word' id='word_1_708' title='bbox 2556 4002 2615 4046; x_wconf 91' lang='lat' dir='ltr'><strong>ut</strong></span> <span class='ocrx_word' id='word_1_709' title='bbox 2656 3996 2802 4064; x_wconf 90' lang='lat' dir='ltr'><strong>quod</strong></span> <span class='ocrx_word' id='word_1_710' title='bbox 2840 3996 2972 4050; x_wconf 91' lang='lat' dir='ltr'><strong>idoli</strong></span> <span class='ocrx_word' id='word_1_711' title='bbox 3017 3997 3136 4051; x_wconf 82' lang='lat' dir='ltr'><strong>vice</strong></span> <span class='ocrx_word' id='word_1_712' title='bbox 3176 3997 3268 4062; x_wconf 91' lang='lat' dir='ltr'><strong>sit,</strong></span> <span class='ocrx_word' id='word_1_713' title='bbox 3311 4007 3367 4052; x_wconf 90' lang='lat' dir='ltr'><strong>et</strong></span> <span class='ocrx_word' id='word_1_714' title='bbox 3410 4015 3518 4053; x_wconf 89' lang='lat' dir='ltr'><strong>nu-</strong></span> 
     </span>
    </p>
   </div>
   <div class='ocr_carea' id='block_1_97' title="bbox 1926 4074 3514 4153">
    <p class='ocr_par' dir='ltr' id='par_1_97' title="bbox 1926 4074 3514 4153">
     <span class='ocr_line' id='line_1_97' title="bbox 1926 4074 3514 4153; baseline 0.011 -28"><span class='ocrx_word' id='word_1_715' title='bbox 1926 4074 2111 4138; x_wconf 87' lang='lat' dir='ltr'><strong>minis,</strong></span> <span class='ocrx_word' id='word_1_716' title='bbox 2159 4077 2623 4136; x_wconf 90' lang='lat' dir='ltr'><strong>abominationem</strong></span> <span class='ocrx_word' id='word_1_717' title='bbox 2673 4085 2970 4153; x_wconf 87' lang='lat' dir='ltr'><strong>appellent,</strong></span> <span class='ocrx_word' id='word_1_718' title='bbox 3021 4085 3309 4140; x_wconf 82' lang='lat' dir='ltr'><strong>conﬁrmat</strong></span> <span class='ocrx_word' id='word_1_719' title='bbox 3349 4087 3514 4151; x_wconf 89' lang='lat' dir='ltr'><strong>Deus,</strong></span> 
     </span>
    </p>
   </div>
   <div class='ocr_carea' id='block_1_98' title="bbox 1925 4168 3516 4247">
    <p class='ocr_par' dir='ltr' id='par_1_98' title="bbox 1925 4168 3516 4247">
     <span class='ocr_line' id='line_1_98' title="bbox 1925 4168 3516 4247; baseline 0.009 -29"><span class='ocrx_word' id='word_1_720' title='bbox 1925 4180 2048 4219; x_wconf 90' lang='lat' dir='ltr'><strong>cum</strong></span> <span class='ocrx_word' id='word_1_721' title='bbox 2073 4182 2171 4235; x_wconf 91' lang='lat' dir='ltr'><strong>per</strong></span> <span class='ocrx_word' id='word_1_722' title='bbox 2183 4168 2434 4224; x_wconf 69' lang='lat' dir='ltr'><strong>Ieremia:</strong></span> <span class='ocrx_word' id='word_1_723' title='bbox 2457 4187 2647 4226; x_wconf 89' lang='lat' dir='ltr'><strong>vocem</strong></span> <span class='ocrx_word' id='word_1_724' title='bbox 2674 4173 2742 4228; x_wconf 91' lang='lat' dir='ltr'><strong>de</strong></span> <span class='ocrx_word' id='word_1_725' title='bbox 2775 4175 3088 4229; x_wconf 76' lang='lat' dir='ltr'><strong>Iudaeorum</strong></span> <span class='ocrx_word' id='word_1_726' title='bbox 3121 4175 3399 4247; x_wconf 87' lang='lat' dir='ltr'><strong>Synagoga</strong></span> <span class='ocrx_word' id='word_1_727' title='bbox 3428 4177 3516 4232; x_wconf 88' lang='lat' dir='ltr'><strong>di-</strong></span> 
     </span>
    </p>
   </div>
   <div class='ocr_carea' id='block_1_99' title="bbox 1925 4255 3513 4324">
    <p class='ocr_par' dir='ltr' id='par_1_99' title="bbox 1925 4255 3513 4324">
     <span class='ocr_line' id='line_1_99' title="bbox 1925 4255 3513 4324; baseline 0.009 -15"><span class='ocrx_word' id='word_1_728' title='bbox 1925 4255 2042 4311; x_wconf 91' lang='lat' dir='ltr'><strong>cit:</strong></span> <span class='ocrx_word' id='word_1_729' title='bbox 2081 4277 2100 4309; x_wconf 77' lang='grc'><strong>(</strong></span> <span class='ocrx_word' id='word_1_730' title='bbox 2135 4258 2246 4313; x_wconf 89' lang='lat' dir='ltr'><strong>Cur</strong></span> <span class='ocrx_word' id='word_1_731' title='bbox 2277 4260 2477 4316; x_wconf 88' lang='lat' dir='ltr'><strong>dilecta</strong></span> <span class='ocrx_word' id='word_1_732' title='bbox 2509 4263 2564 4316; x_wconf 91' lang='lat' dir='ltr'><strong>in</strong></span> <span class='ocrx_word' id='word_1_733' title='bbox 2609 4264 2772 4318; x_wconf 91' lang='lat' dir='ltr'><strong>domo</strong></span> <span class='ocrx_word' id='word_1_734' title='bbox 2818 4282 2938 4320; x_wconf 89' lang='lat' dir='ltr'><strong>mea</strong></span> <span class='ocrx_word' id='word_1_735' title='bbox 2983 4267 3112 4322; x_wconf 84' lang='lat' dir='ltr'><strong>fecit</strong></span> <span class='ocrx_word' id='word_1_736' title='bbox 3149 4268 3513 4324; x_wconf 87' lang='lat' dir='ltr'><strong>abominatio-</strong></span> 
     </span>
    </p>
   </div>
   <div class='ocr_carea' id='block_1_100' title="bbox 1924 4349 3516 4430">
    <p class='ocr_par' dir='ltr' id='par_1_100' title="bbox 1924 4349 3516 4430">
     <span class='ocr_line' id='line_1_100' title="bbox 1924 4349 3516 4430; baseline 0.008 -28"><span class='ocrx_word' id='word_1_737' title='bbox 1924 4364 2050 4403; x_wconf 90' lang='lat' dir='ltr'><strong>nem</strong></span> <span class='ocrx_word' id='word_1_738' title='bbox 2081 4349 2457 4422; x_wconf 64' lang='lat' dir='ltr'><strong>Egyptiorum</strong></span> <span class='ocrx_word' id='word_1_739' title='bbox 2506 4355 2586 4408; x_wconf 76' lang='lat'><strong>“?</strong></span> <span class='ocrx_word' id='word_1_740' title='bbox 2639 4375 2657 4406; x_wconf 78' lang='grc' dir='ltr'><strong>ι</strong></span> <span class='ocrx_word' id='word_1_741' title='bbox 2708 4356 2765 4411; x_wconf 92' lang='lat' dir='ltr'><strong>Si</strong></span> <span class='ocrx_word' id='word_1_742' title='bbox 2812 4357 2937 4425; x_wconf 88' lang='lat' dir='ltr'><strong>quis</strong></span> <span class='ocrx_word' id='word_1_743' title='bbox 2979 4368 3161 4412; x_wconf 88' lang='lat' dir='ltr'><strong>autem</strong></span> <span class='ocrx_word' id='word_1_744' title='bbox 3209 4360 3516 4430; x_wconf 70' lang='lat' dir='ltr'><strong>intelligere</strong></span> 
     </span>
    </p>
   </div>
   <div class='ocr_carea' id='block_1_101' title="bbox 1926 4441 3514 4519">
    <p class='ocr_par' dir='ltr' id='par_1_101' title="bbox 1926 4441 3514 4519">
     <span class='ocr_line' id='line_1_101' title="bbox 1926 4441 3514 4519; baseline 0.008 -26"><span class='ocrx_word' id='word_1_745' title='bbox 1926 4441 2167 4496; x_wconf 78' lang='lat' dir='ltr'><strong>voluerit</strong></span> <span class='ocrx_word' id='word_1_746' title='bbox 2198 4459 2314 4497; x_wconf 89' lang='lat' dir='ltr'><strong>rem</strong></span> <span class='ocrx_word' id='word_1_747' title='bbox 2344 4459 2564 4499; x_wconf 79' lang='lat' dir='ltr'><strong>exesam</strong></span> <span class='ocrx_word' id='word_1_748' title='bbox 2599 4454 2656 4501; x_wconf 90' lang='lat' dir='ltr'><strong>et</strong></span> <span class='ocrx_word' id='word_1_749' title='bbox 2701 4447 3080 4513; x_wconf 88' lang='lat' dir='ltr'><strong>aversandam,</strong></span> <span class='ocrx_word' id='word_1_750' title='bbox 3117 4465 3185 4503; x_wconf 89' lang='lat' dir='ltr'><strong>ne</strong></span> <span class='ocrx_word' id='word_1_751' title='bbox 3214 4450 3262 4503; x_wconf 90' lang='lat' dir='ltr'><strong>is</strong></span> <span class='ocrx_word' id='word_1_752' title='bbox 3289 4451 3514 4519; x_wconf 89' lang='lat' dir='ltr'><strong>quidem</strong></span> 
     </span>
    </p>
   </div>
   <div class='ocr_carea' id='block_1_102' title="bbox 1931 4531 3514 4606">
    <p class='ocr_par' dir='ltr' id='par_1_102' title="bbox 1931 4531 3514 4606">
     <span class='ocr_line' id='line_1_102' title="bbox 1931 4531 3514 4606; baseline 0.006 -23"><span class='ocrx_word' id='word_1_753' title='bbox 1931 4544 1961 4582; x_wconf 87' lang='lat' dir='ltr'><strong>a</strong></span> <span class='ocrx_word' id='word_1_754' title='bbox 1991 4540 2138 4584; x_wconf 87' lang='lat' dir='ltr'><strong>recta</strong></span> <span class='ocrx_word' id='word_1_755' title='bbox 2187 4531 2549 4603; x_wconf 78' lang='lat' dir='ltr'><strong>intelligentia</strong></span> <span class='ocrx_word' id='word_1_756' title='bbox 2597 4535 2935 4590; x_wconf 86' lang='lat' dir='ltr'><strong>aberraverit</strong></span> <span class='ocrx_word' id='word_1_757' title='bbox 2984 4553 2996 4590; x_wconf 92' lang='lat'><strong>:</strong></span> <span class='ocrx_word' id='word_1_758' title='bbox 3039 4552 3159 4606; x_wconf 69' lang='lat' dir='ltr'><strong>quae</strong></span> <span class='ocrx_word' id='word_1_759' title='bbox 3206 4539 3354 4592; x_wconf 89' lang='lat' dir='ltr'><strong>enim</strong></span> <span class='ocrx_word' id='word_1_760' title='bbox 3407 4539 3514 4593; x_wconf 91' lang='lat' dir='ltr'><strong>im-</strong></span> 
     </span>
    </p>
   </div>
   <div class='ocr_carea' id='block_1_103' title="bbox 1932 4622 3517 4695">
    <p class='ocr_par' dir='ltr' id='par_1_103' title="bbox 1932 4622 3517 4695">
     <span class='ocr_line' id='line_1_103' title="bbox 1932 4622 3517 4695; baseline 0.008 -23"><span class='ocrx_word' id='word_1_761' title='bbox 1932 4624 2117 4677; x_wconf 90' lang='lat' dir='ltr'><strong>mundi</strong></span> <span class='ocrx_word' id='word_1_762' title='bbox 2151 4623 2381 4694; x_wconf 89' lang='lat' dir='ltr'><strong>spiritus</strong></span> <span class='ocrx_word' id='word_1_763' title='bbox 2408 4641 2622 4695; x_wconf 89' lang='lat' dir='ltr'><strong>semper</strong></span> <span class='ocrx_word' id='word_1_764' title='bbox 2658 4629 2840 4683; x_wconf 90' lang='lat' dir='ltr'><strong>odisse</strong></span> <span class='ocrx_word' id='word_1_765' title='bbox 2869 4636 2924 4683; x_wconf 89' lang='lat' dir='ltr'><strong>et</strong></span> <span class='ocrx_word' id='word_1_766' title='bbox 2951 4622 3255 4682; x_wconf 85' lang='lat' dir='ltr'><strong>abominari</strong></span> <span class='ocrx_word' id='word_1_767' title='bbox 3283 4644 3517 4684; x_wconf 91' lang='lat' dir='ltr'><strong>consue-</strong></span> 
     </span>
    </p>
   </div>
   <div class='ocr_carea' id='block_1_104' title="bbox 1927 4717 3512 4777">
    <p class='ocr_par' dir='ltr' id='par_1_104' title="bbox 1927 4717 3512 4777">
     <span class='ocr_line' id='line_1_104' title="bbox 1927 4717 3512 4777; baseline 0.008 -15"><span class='ocrx_word' id='word_1_768' title='bbox 1927 4721 2146 4777; x_wconf 83' lang='lat' dir='ltr'><strong>verunt,</strong></span> <span class='ocrx_word' id='word_1_769' title='bbox 2175 4731 2239 4769; x_wconf 88' lang='lat' dir='ltr'><strong>ea</strong></span> <span class='ocrx_word' id='word_1_770' title='bbox 2269 4732 2298 4770; x_wconf 91' lang='lat' dir='ltr'><strong>a</strong></span> <span class='ocrx_word' id='word_1_771' title='bbox 2329 4717 2492 4772; x_wconf 91' lang='lat' dir='ltr'><strong>nobis</strong></span> <span class='ocrx_word' id='word_1_772' title='bbox 2524 4719 2635 4772; x_wconf 92' lang='lat' dir='ltr'><strong>Deo</strong></span> <span class='ocrx_word' id='word_1_773' title='bbox 2681 4721 2736 4772; x_wconf 92' lang='lat' dir='ltr'><strong>in</strong></span> <span class='ocrx_word' id='word_1_774' title='bbox 2775 4720 3002 4775; x_wconf 89' lang='lat' dir='ltr'><strong>odorem</strong></span> <span class='ocrx_word' id='word_1_775' title='bbox 3055 4719 3341 4775; x_wconf 86' lang='lat' dir='ltr'><strong>suavitatis</strong></span> <span class='ocrx_word' id='word_1_776' title='bbox 3374 4720 3512 4775; x_wconf 79' lang='lat' dir='ltr'><strong>offe-</strong></span> 
     </span>
    </p>
   </div>
   <div class='ocr_carea' id='block_1_105' title="bbox 1923 4808 3510 4879">
    <p class='ocr_par' dir='ltr' id='par_1_105' title="bbox 1923 4808 3510 4879">
     <span class='ocr_line' id='line_1_105' title="bbox 1923 4808 3510 4879; baseline 0.007 -24"><span class='ocrx_word' id='word_1_777' title='bbox 1923 4812 2140 4868; x_wconf 88' lang='lat' dir='ltr'><strong>runtur,</strong></span> <span class='ocrx_word' id='word_1_778' title='bbox 2173 4817 2228 4860; x_wconf 92' lang='lat' dir='ltr'><strong>et</strong></span> <span class='ocrx_word' id='word_1_779' title='bbox 2261 4808 2455 4862; x_wconf 65' lang='lat' dir='ltr'><strong>hostiae</strong></span> <span class='ocrx_word' id='word_1_780' title='bbox 2498 4809 2812 4879; x_wconf 88' lang='lat' dir='ltr'><strong>spirituales</strong></span> <span class='ocrx_word' id='word_1_781' title='bbox 2853 4819 3002 4875; x_wconf 91' lang='lat' dir='ltr'><strong>sunt,</strong></span> <span class='ocrx_word' id='word_1_782' title='bbox 3052 4811 3206 4876; x_wconf 85' lang='lat' dir='ltr'><strong>ﬁdes,</strong></span> <span class='ocrx_word' id='word_1_783' title='bbox 3251 4827 3510 4866; x_wconf 89' lang='lat' dir='ltr'><strong>mansue-</strong></span> 
     </span>
    </p>
   </div>
   <div class='ocr_carea' id='block_1_106' title="bbox 1923 4893 3511 4970">
    <p class='ocr_par' dir='ltr' id='par_1_106' title="bbox 1923 4893 3511 4970">
     <span class='ocr_line' id='line_1_106' title="bbox 1923 4893 3511 4970; baseline 0.01 -25"><span class='ocrx_word' id='word_1_784' title='bbox 1923 4893 2077 4957; x_wconf 90' lang='lat' dir='ltr'><strong>tudo,</strong></span> <span class='ocrx_word' id='word_1_785' title='bbox 2125 4897 2484 4964; x_wconf 88' lang='lat' dir='ltr'><strong>continentia,</strong></span> <span class='ocrx_word' id='word_1_786' title='bbox 2526 4904 2903 4970; x_wconf 87' lang='lat' dir='ltr'><strong>temperantia,</strong></span> <span class='ocrx_word' id='word_1_787' title='bbox 2956 4914 3182 4959; x_wconf 88' lang='lat' dir='ltr'><strong>mutuus</strong></span> <span class='ocrx_word' id='word_1_788' title='bbox 3235 4920 3408 4970; x_wconf 90' lang='lat' dir='ltr'><strong>amor,</strong></span> <span class='ocrx_word' id='word_1_789' title='bbox 3456 4913 3511 4961; x_wconf 86' lang='lat' dir='ltr'><strong>et</strong></span> 
     </span>
    </p>
   </div>
   <div class='ocr_carea' id='block_1_107' title="bbox 1919 4985 2914 5064">
    <p class='ocr_par' dir='ltr' id='par_1_107' title="bbox 1919 4985 2914 5064">
     <span class='ocr_line' id='line_1_107' title="bbox 1919 4985 2914 5064; baseline 0.013 -27"><span class='ocrx_word' id='word_1_790' title='bbox 1919 4985 2148 5041; x_wconf 66' lang='lat' dir='ltr'><strong>sincerae</strong></span> <span class='ocrx_word' id='word_1_791' title='bbox 2185 4986 2239 5039; x_wconf 90' lang='lat' dir='ltr'><strong>in</strong></span> <span class='ocrx_word' id='word_1_792' title='bbox 2271 4988 2442 5041; x_wconf 90' lang='lat' dir='ltr'><strong>Deum</strong></span> <span class='ocrx_word' id='word_1_793' title='bbox 2477 4991 2694 5060; x_wconf 88' lang='lat' dir='ltr'><strong>pietatis</strong></span> <span class='ocrx_word' id='word_1_794' title='bbox 2721 4994 2914 5064; x_wconf 79' lang='lat' dir='ltr'><strong>gloria.</strong></span> 
     </span>
    </p>
   </div>
   <div class='ocr_carea' id='block_1_108' title="bbox 2000 5078 3509 5158">
    <p class='ocr_par' dir='ltr' id='par_1_108' title="bbox 2000 5078 3509 5158">
     <span class='ocr_line' id='line_1_108' title="bbox 2000 5078 3509 5158; baseline 0.009 -27"><span class='ocrx_word' id='word_1_795' title='bbox 2000 5078 2198 5132; x_wconf 82' lang='lat' dir='ltr'><strong>PALL.</strong></span> <span class='ocrx_word' id='word_1_796' title='bbox 2237 5079 2306 5132; x_wconf 86' lang='lat' dir='ltr'><strong>Et</strong></span> <span class='ocrx_word' id='word_1_797' title='bbox 2345 5082 2568 5149; x_wconf 86' lang='lat' dir='ltr'><strong>quinam</strong></span> <span class='ocrx_word' id='word_1_798' title='bbox 2608 5100 2740 5141; x_wconf 81' lang='lat' dir='ltr'><strong>vero</strong></span> <span class='ocrx_word' id='word_1_799' title='bbox 2781 5087 2858 5142; x_wconf 89' lang='lat' dir='ltr'><strong>illi</strong></span> <span class='ocrx_word' id='word_1_800' title='bbox 2911 5087 3134 5154; x_wconf 85' lang='lat' dir='ltr'><strong>fuerint,</strong></span> <span class='ocrx_word' id='word_1_801' title='bbox 3167 5088 3260 5158; x_wconf 92' lang='lat' dir='ltr'><strong>qui</strong></span> <span class='ocrx_word' id='word_1_802' title='bbox 3312 5087 3368 5143; x_wconf 91' lang='lat' dir='ltr'><strong>in</strong></span> <span class='ocrx_word' id='word_1_803' title='bbox 3420 5105 3509 5144; x_wconf 86' lang='lat' dir='ltr'><strong>re-</strong></span> 
     </span>
    </p>
   </div>
   <div class='ocr_carea' id='block_1_109' title="bbox 1920 5170 3507 5251">
    <p class='ocr_par' dir='ltr' id='par_1_109' title="bbox 1920 5170 3507 5251">
     <span class='ocr_line' id='line_1_109' title="bbox 1920 5170 3507 5251; baseline 0.006 -27"><span class='ocrx_word' id='word_1_804' title='bbox 1920 5170 2079 5242; x_wconf 87' lang='lat' dir='ltr'><strong>gione</strong></span> <span class='ocrx_word' id='word_1_805' title='bbox 2152 5173 2391 5244; x_wconf 82' lang='lat' dir='ltr'><strong>improbi</strong></span> <span class='ocrx_word' id='word_1_806' title='bbox 2446 5177 2789 5233; x_wconf 82' lang='lat' dir='ltr'><strong>sacrificant?</strong></span> <span class='ocrx_word' id='word_1_807' title='bbox 2861 5181 3025 5250; x_wconf 85' lang='lat' dir='ltr'><strong>quive</strong></span> <span class='ocrx_word' id='word_1_808' title='bbox 3083 5181 3314 5251; x_wconf 84' lang='lat' dir='ltr'><strong>intelligi</strong></span> <span class='ocrx_word' id='word_1_809' title='bbox 3377 5197 3507 5249; x_wconf 84' lang='lat' dir='ltr'><strong>pos-</strong></span> 
     </span>
    </p>
   </div>
   <div class='ocr_carea' id='block_1_110' title="bbox 1921 5265 2880 5339">
    <p class='ocr_par' dir='ltr' id='par_1_110' title="bbox 1921 5265 2880 5339">
     <span class='ocr_line' id='line_1_110' title="bbox 1921 5265 2880 5339; baseline 0.006 -20"><span class='ocrx_word' id='word_1_810' title='bbox 1921 5273 2068 5329; x_wconf 90' lang='lat' dir='ltr'><strong>sunt,</strong></span> <span class='ocrx_word' id='word_1_811' title='bbox 2097 5265 2190 5334; x_wconf 89' lang='lat' dir='ltr'><strong>qui</strong></span> <span class='ocrx_word' id='word_1_812' title='bbox 2223 5278 2380 5321; x_wconf 84' lang='lat' dir='ltr'><strong>extra</strong></span> <span class='ocrx_word' id='word_1_813' title='bbox 2412 5284 2532 5323; x_wconf 88' lang='lat' dir='ltr'><strong>eam</strong></span> <span class='ocrx_word' id='word_1_814' title='bbox 2566 5270 2880 5339; x_wconf 86' lang='lat' dir='ltr'><strong>regionem?</strong></span> 
     </span>
    </p>
   </div>
   <div class='ocr_carea' id='block_1_111' title="bbox 1989 5358 3504 5434">
    <p class='ocr_par' dir='ltr' id='par_1_111' title="bbox 1989 5358 3504 5434">
     <span class='ocr_line' id='line_1_111' title="bbox 1989 5358 3504 5434; baseline 0.003 -23"><span class='ocrx_word' id='word_1_815' title='bbox 1989 5358 2145 5412; x_wconf 77' lang='lat' dir='ltr'><strong>CYR.</strong></span> <span class='ocrx_word' id='word_1_816' title='bbox 2183 5359 2289 5426; x_wconf 85' lang='lat' dir='ltr'><strong>Qui</strong></span> <span class='ocrx_word' id='word_1_817' title='bbox 2321 5361 2564 5415; x_wconf 91' lang='lat' dir='ltr'><strong>nondum</strong></span> <span class='ocrx_word' id='word_1_818' title='bbox 2595 5379 2661 5416; x_wconf 84' lang='lat' dir='ltr'><strong>ex</strong></span> <span class='ocrx_word' id='word_1_819' title='bbox 2691 5363 3067 5434; x_wconf 67' lang='lat' dir='ltr'><strong>Egyptiorum</strong></span> <span class='ocrx_word' id='word_1_820' title='bbox 3095 5365 3256 5419; x_wconf 87' lang='lat' dir='ltr'><strong>terris</strong></span> <span class='ocrx_word' id='word_1_821' title='bbox 3275 5362 3504 5433; x_wconf 82' lang='lat' dir='ltr'><strong>egressi,</strong></span> 
     </span>
    </p>
   </div>
   <div class='ocr_carea' id='block_1_112' title="bbox 1919 5445 3503 5521">
    <p class='ocr_par' dir='ltr' id='par_1_112' title="bbox 1919 5445 3503 5521">
     <span class='ocr_line' id='line_1_112' title="bbox 1919 5445 3503 5521; baseline 0.006 -24"><span class='ocrx_word' id='word_1_822' title='bbox 1919 5445 2124 5498; x_wconf 85' lang='lat' dir='ltr'><strong>ibidem</strong></span> <span class='ocrx_word' id='word_1_823' title='bbox 2170 5448 2282 5503; x_wconf 89' lang='lat' dir='ltr'><strong>Deo</strong></span> <span class='ocrx_word' id='word_1_824' title='bbox 2325 5450 2671 5516; x_wconf 81' lang='lat' dir='ltr'><strong>sacrificant,</strong></span> <span class='ocrx_word' id='word_1_825' title='bbox 2718 5454 3030 5521; x_wconf 88' lang='lat' dir='ltr'><strong>complures</strong></span> <span class='ocrx_word' id='word_1_826' title='bbox 3077 5469 3206 5507; x_wconf 84' lang='lat' dir='ltr'><strong>sane</strong></span> <span class='ocrx_word' id='word_1_827' title='bbox 3256 5460 3404 5515; x_wconf 89' lang='lat' dir='ltr'><strong>sunt,</strong></span> <span class='ocrx_word' id='word_1_828' title='bbox 3448 5461 3503 5506; x_wconf 90' lang='lat' dir='ltr'><strong>et</strong></span> 
     </span>
    </p>
   </div>
   <div class='ocr_carea' id='block_1_113' title="bbox 1917 5535 3504 5612">
    <p class='ocr_par' dir='ltr' id='par_1_113' title="bbox 1917 5535 3504 5612">
     <span class='ocr_line' id='line_1_113' title="bbox 1917 5535 3504 5612; baseline 0.008 -24"><span class='ocrx_word' id='word_1_829' title='bbox 1917 5535 2146 5592; x_wconf 81' lang='lat' dir='ltr'><strong>fortasse</strong></span> <span class='ocrx_word' id='word_1_830' title='bbox 2194 5539 2627 5597; x_wconf 89' lang='lat' dir='ltr'><strong>innumerabiles</strong></span> <span class='ocrx_word' id='word_1_831' title='bbox 2661 5561 2672 5596; x_wconf 87' lang='lat'><strong>:</strong></span> <span class='ocrx_word' id='word_1_832' title='bbox 2707 5543 2801 5612; x_wconf 90' lang='lat' dir='ltr'><strong>qui</strong></span> <span class='ocrx_word' id='word_1_833' title='bbox 2841 5559 2972 5598; x_wconf 87' lang='lat' dir='ltr'><strong>vero</strong></span> <span class='ocrx_word' id='word_1_834' title='bbox 3015 5551 3169 5597; x_wconf 83' lang='lat' dir='ltr'><strong>extra</strong></span> <span class='ocrx_word' id='word_1_835' title='bbox 3210 5550 3410 5597; x_wconf 87' lang='lat' dir='ltr'><strong>terram</strong></span> <span class='ocrx_word' id='word_1_836' title='bbox 3447 5551 3504 5600; x_wconf 80' lang='lat' dir='ltr'><strong>et</strong></span> 
     </span>
    </p>
   </div>
   <div class='ocr_carea' id='block_1_114' title="bbox 305 5711 2372 5788">
    <p class='ocr_par' dir='ltr' id='par_1_114' title="bbox 305 5711 2372 5788">
     <span class='ocr_line' id='line_1_114' title="bbox 305 5711 2372 5788; baseline 0.004 -20"><span class='ocrx_word' id='word_1_837' title='bbox 305 5713 347 5745; x_wconf 80' lang='lat'>“</span> <span class='ocrx_word' id='word_1_838' title='bbox 373 5711 630 5780; x_wconf 63' lang='lat' dir='ltr'><strong>Ecclim,</strong></span> <span class='ocrx_word' id='word_1_839' title='bbox 655 5715 740 5769; x_wconf 77' lang='lat'><strong>15.</strong></span> <span class='ocrx_word' id='word_1_840' title='bbox 818 5718 859 5749; x_wconf 85' lang='grc'>¹²</span> <span class='ocrx_word' id='word_1_841' title='bbox 896 5717 1058 5771; x_wconf 80' lang='lat' dir='ltr'><strong>Rom.</strong></span> <span class='ocrx_word' id='word_1_842' title='bbox 1083 5733 1178 5783; x_wconf 76' lang='grc' dir='ltr'>ιιι,</span> <span class='ocrx_word' id='word_1_843' title='bbox 1214 5719 1265 5774; x_wconf 79' lang='grc'>1.</span> <span class='ocrx_word' id='word_1_844' title='bbox 1342 5720 1384 5754; x_wconf 84' lang='grc'><strong>¹³</strong></span> <span class='ocrx_word' id='word_1_845' title='bbox 1414 5721 1624 5783; x_wconf 82' lang='lat' dir='ltr'><strong>Coloss,</strong></span> <span class='ocrx_word' id='word_1_846' title='bbox 1648 5737 1730 5788; x_wconf 84' lang='grc' dir='ltr'>ιιι,</span> <span class='ocrx_word' id='word_1_847' title='bbox 1756 5722 1815 5777; x_wconf 78' lang='lat'><strong>5.</strong></span> <span class='ocrx_word' id='word_1_848' title='bbox 1885 5720 1926 5752; x_wconf 73' lang='lat'><strong>&quot;</strong></span> <span class='ocrx_word' id='word_1_849' title='bbox 1953 5720 2153 5777; x_wconf 72' lang='lat' dir='ltr'><strong>Jerem.</strong></span> <span class='ocrx_word' id='word_1_850' title='bbox 2183 5740 2256 5786; x_wconf 72' lang='lat' dir='ltr'><strong>xi,</strong></span> <span class='ocrx_word' id='word_1_851' title='bbox 2285 5726 2372 5778; x_wconf 73' lang='lat'><strong>15.</strong></span> 
     </span>
    </p>
   </div>
  </div>
