3954 6200
279 265 376 323 SD!

1031 267 1122 333 DE
1159 269 1606 335 ADOBATIONE
1643 277 1710 335 ΙΝ
1753 274 2024 339 SPIRITU
2063 278 2153 339 ET
2194 278 2561 346 YERITATE.
2605 292 2732 347 LIB.
2770 286 2810 348 ι.

3456 305 3563 362 202

273 381 442 449 ἔοικε,
466 382 826 457 σκληραὶ-μέν
850 388 986 443 εἰσιν
1017 390 1158 459 ἄγαν
1187 394 1282 446 καὶ
1308 394 1615 466 ἀμείλικτοι
1643 399 1836 471 κομιδῇ

1966 419 2086 459 esse
2119 406 2187 460 iis
2216 423 2336 477 quae
2385 410 2488 464 sub
2538 410 2630 465 illo
2661 422 2789 466 sunt
2833 417 3215 482 potestatibus.
3250 415 3383 477 Nam
3430 424 3556 494 illae,

273 471 369 525 καὶ
401 471 502 543 ὀψὲ
552 474 652 543 μὲν
684 477 777 529 καὶ
809 478 965 548 μόλις
1003 481 1175 537 ἰοῦσαι
1217 484 1262 537 δ’
1293 486 1360 538 ἂν
1398 486 1549 557 ὅμως
1590 487 1697 541 κᾶν.
1730 490 1860 558 γοῦν

269 564 351 625 είς
401 564 635 635 μετρίαν
675 566 930 640 αἴσθησιν
963 574 1062 644 τῆς
1106 574 1254 640 θείας
1287 579 1496 650 ὀργῆςο
1543 582 1572 633 6
1614 579 1672 633 δέ
1709 583 1858 635 ἐστιν

267 655 561 725 ἀγριότητι
590 659 657 728 τῇ
690 657 834 732 ὑπὲρ
872 662 1030 732 λόγον
1054 668 1398 740 ὑπερφερὴς,
1429 670 1525 723 καὶ
1556 673 1858 745 κατεσκλη-

266 745 385 809 κὼς
412 749 492 811 εἰς
522 748 713 820 ἄκρον.
748 751 1073 825 Γέγραπται
1096 759 1206 830 γὰρ
1237 761 1342 824 ὅτι,
1383 780 1402 813 ι
1443 762 1510 815 Ἡ
1534 763 1731 833 καρδία
1760 765 1859 818 αὐ-

264 839 363 892 τοῦ
404 838 656 912 πέπηγεν
690 842 883 917 ὥσπερ
924 847 1093 915 λίθος,
1133 850 1334 923 ἕστηκε
1359 854 1415 909 δὲ
1446 855 1637 928 ὥσπερ
1662 856 1856 929 ἄκμων

263 931 558 1001 ἀνήλατος.
599 952 619 985 ι
654 934 926 1008 Πλείστης
951 933 1045 993 οὖν
1077 942 1211 1013 ὅσης
1245 946 1543 1018 γενομένης
1582 950 1669 1002 ἐπ’
1708 950 1856 1022 αὐτῷ
1894 974 1901 979 ι

262 1023 366 1093 τῆς
404 1024 702 1096 καταὸοῆς,
751 1027 856 1099 ἔφη
902 1031 1059 1103 μόλις
1086 1037 1201 1100 τοῖς
1245 1037 1391 1109 ἀμφὶ
1419 1040 1648 1095 Μωσέα’
1688 1061 1706 1095 ι
1746 1046 1853 1098 Πο-

263 1114 494 1186 ρεύεσθε
513 1117 607 1171 καὶ
626 1117 963 1191 λατρεύσατε
983 1126 1173 1198 Κυρίῳ
1199 1127 1278 1200 τῷ
1293 1129 1413 1202 Θεῷ
1432 1131 1607 1203 ὑμῶνδ
1629 1133 1781 1199 Τίνες
1796 1135 1853 1189 δὲ

262 1208 358 1261 καί
397 1210 536 1261 εἰσιν
562 1212 612 1263 oi
639 1215 1031 1285 πορευόμενοιις
1064 1236 1085 1271 ι
1120 1220 1230 1275 Καὶ
1257 1221 1407 1291 λέγει
1438 1225 1661 1297 Μωσῆς·
1698 1246 1718 1280 ι
1747 1228 1851 1283 Σὺν

256 1301 375 1361 τοῖς
422 1300 728 1367 νεανίσκοις
765 1305 924 1376 ἡμῶν
971 1307 1207 1375 καὶτοῖς
1256 1314 1646 1389 πρεσϐυτέροις
1695 1310 1853 1391 ἠμιῖιν

256 1393 666 1465 πορευσόμεθα,
700 1397 797 1451 σὺν
818 1402 930 1464 τοῖς
955 1402 1094 1467 υἱοῖς
1119 1406 1214 1457 καλ¹
1230 1409 1362 1471 ,ταῖς
1386 1407 1714 1482 θυγατράσι,
1752 1413 1850 1467 καὶ

255 1487 576 1556 προϐάτοις,
602 1491 697 1544 καὶ
722 1490 906 1562 βουσὶν
927 1495 1104 1567 ἡμῶν·
1130 1497 1244 1553 ἐστι
1265 1500 1375 1573 γὰρ
1396 1503 1430 1574 ή
1451 1503 1612 1575 ἑορτὴ
1643 1505 1850 1575 Κυρίου

253 1578 352 1631 τοῦ
369 1578 508 1634 Θεοῦ
535 1582 711 1653 ἡμῶν.
744 1587 856 1640 Καὶ
880 1583 1000 1642 εἷπε
1028 1590 1167 1661 πρὸς
1183 1592 1383 1658 αὐτούς
1402 1612 1416 1624 ·
1440 1596 1624 1650 Ἔστω
1646 1598 1851 1669 Κύριος

253 1672 379 1741 μεθ’
425 1673 603 1744 ὑμῶν,
649 1676 778 1731 καθ’
819 1679 902 1733 ὃτι
934 1681 1252 1738 ἀποστέλλω
1282 1686 1449 1757 ὑμᾶς,
1503 1687 1578 1759 μὴ
1623 1690 1719 1744 καὶ
1749 1691 1850 1762 τὴν

1964 496 2236 563 quamvis,
2275 508 2335 553 ιιι
2371 499 2609 566 videtur,
2655 502 2808 558 dura:
2849 504 2960 561 sint
3014 516 3071 562 ct
3125 508 3314 580 rigidae
3364 513 3556 571 admo-

1966 584 2125 653 dum,
2157 596 2213 642 et
2255 588 2344 643 vix
2373 591 2597 659 quidem
2632 608 2696 648 ac
2731 608 2877 660 sero,
2913 597 3136 667 capiunt
3182 609 3361 658 tamen
3406 616 3558 665 certe

1964 679 2051 733 vel
2080 681 2415 736 mediocrem
2434 682 2531 737 irae
2559 683 2759 740 divina:
2785 701 3043 753 sensum;
3071 689 3162 745 hic
3186 707 3317 748 vero
3338 695 3557 755 feritate

1960 769 2056 825 illa
2107 770 2331 827 infanda
2381 772 2557 829 vincit
2606 789 2830 842 omnes,
2877 794 3201 852 summoque
3241 785 3418 859 rigore
3472 802 3557 847 est

1962 860 2285 916 obduratus.
2321 862 2598 934 Scriptum
2629 875 2713 921 est
2741 868 2891 923 enim
2925 888 2937 924 :
2978 890 2996 923 ‹
3025 871 3139 928 Cor
3170 891 3408 948 namque
3435 883 3556 953 ejus

1961 963 2310 1023 compactum
2349 965 2441 1012 est
2474 968 2536 1012 ut
2576 958 2733 1028 lapis,
2775 971 2831 1016 et
2869 972 2975 1018 stat
3019 974 3079 1019 ut
3127 967 3283 1025 incus
3326 973 3555 1031 minime

1960 1041 2183 1099 ductilis
2211 1047 2272 1100 ¹⁸.
2307 1066 2326 1098 ι
2370 1046 2508 1103 Cum
2557 1049 2724 1121 igitur
2776 1054 3026 1111 maxima:
3090 1059 3156 1114 de
3205 1076 3273 1117 eo
3315 1066 3555 1134 querela:

1959 1129 2116 1187 facta:
2167 1144 2372 1202 essent,
2420 1137 2499 1192 ait
2552 1139 2772 1196 tandem
2825 1144 2997 1216 Moysi
3049 1148 3278 1221 ejusque
3331 1129 3495 1211 sociis
3536 1175 3550 1210 :

1967 1242 1984 1274 ι
2013 1224 2092 1280 [te
2133 1234 2190 1280 et
2223 1228 2531 1287 sacriﬁcate
2562 1232 2804 1291 Domino
2846 1236 2961 1293 Deo
2995 1249 3198 1298 vestro.
3236 1264 3255 1296 ι
3287 1245 3394 1318 43
3415 1247 3552 1315 Qui-

1958 1330 2085 1371 nam
2110 1326 2293 1373 autem
2318 1320 2450 1376 ituri
2494 1325 2656 1379 sunt?
2701 1345 2719 1376 ι
2748 1327 2817 1381 Ει
2843 1327 2920 1383 ait
2947 1329 3158 1403 Moyses
3191 1351 3203 1386 :
3245 1333 3382 1390 Cum
3415 1340 3552 1395 ado-

1957 1409 2295 1469 lescentibus
2348 1416 2553 1472 nostris
2602 1425 2660 1473 et
2712 1420 3026 1478 senioribus
3068 1425 3277 1481 nostris
3325 1427 3549 1498 ibimus,

1957 1516 2083 1556 cum
2127 1503 2255 1559 ﬁliis
2297 1515 2354 1560 et
2394 1506 2632 1573 ﬁliabus,
2665 1521 2721 1566 et
2757 1513 2955 1569 ovibus
2986 1523 3041 1570 et
3078 1516 3257 1574 bobus
3298 1524 3546 1580 nostris:

1955 1603 2039 1649 est
2073 1594 2220 1649 enim
2253 1595 2455 1652 festum
2484 1599 2702 1656 Domini
2723 1602 2821 1657 Dei
2843 1606 3041 1661 nostri.
3068 1608 3137 1662 Et
3157 1609 3294 1666 dixit
3319 1613 3384 1669 ad
3409 1628 3540 1671 eos:

1956 1686 2039 1742 Sit
2074 1688 2340 1747 Dominus
2375 1691 2690 1761 vobisbum;
2731 1697 3008 1764 quomodo
3044 1714 3145 1770 ego
3180 1700 3398 1760 dimitto
3426 1694 3545 1774 vos,

254 1763 574 1837 ἀποσκευὴν
633 1768 820 1838 ὑμῶν,
881 1771 1086 1839 Ἴδετε,
1124 1776 1211 1830 ὅτι
1269 1778 1507 1851 πονηρία
1563 1782 1838 1853 πρόκειται

1954 1780 2206 1851 nunquid
2243 1790 2299 1838 et
2345 1763 2767 1855 supellectilem,
2797 1763 3105 1845 vestramiv
3125 1793 3315 1850 Videte
3336 1837 3351 1861 ,
3406 1763 3547 1867 quo;

257 1855 419 1925 ὑμῖν.
452 1858 542 1929 Μὴ
582 1858 755 1927 οὕτως
776 1879 792 1895 ο
828 1866 1252 1937 πορευέσθωσαν
1285 1870 1343 1924 δὲ
1392 1874 1442 1927 οἱ
1492 1874 1704 1945 ἄνδρες,
1753 1878 1848 1930 καὶ

245 1937 591 2020 ’λατρεύσατε
618 1951 697 2025 τῷ
724 1955 865 2027 Θεῷ,
891 1956 1052 2013 τοῦτο
1078 1960 1188 2032 γὰρ
1209 1962 1363 2016 αὐτοὶ
1394 1937 1630 2035 ζητεῖτε.
1659 1937 1847 2021 {sav-

249 2055 311 2102 ες
359 2040 428 2112 δὴ
459 2037 586 2109 οὖν,
635 2039 681 2100 ὦ
715 2046 974 2120 φιλότης,
1018 2051 1096 2116 ὡς
1136 2053 1366 2126 ἀρίστην
1421 2056 1523 2127 μὲν
1567 2061 1597 2112 6
1640 2061 1845 2133 Μωσῆς

252 2132 526 2189 ποιεῖσθαι
548 2135 661 2192 δεῖν
689 2137 894 2208 ἔφασκε
923 2142 1021 2214 τὴν
1048 2144 1342 2212 ἀνάζευξιν
1366 2166 1381 2180 ο
1405 2148 1434 2202 6
1452 2149 1530 2214 δὲ,
1557 2152 1656 2223 οὐχ
1679 2152 1843 2221 οὕτω,

252 2226 415 2294 φησιν
439 2242 451 2253 ·
478 2227 705 2301 ἀνήσειν
733 2231 792 2285 δὲ
821 2233 932 2287 ἀπὸ
956 2234 1181 2307 μέρους,
1204 2241 1300 2294 καὶ
1321 2242 1623 2313 όμήρευσιν
1643 2247 1844 2317 τρόπον

248 2316 371 2368 τινὰ
401 2320 524 2381 ταῖς
555 2318 666 2373 τῶν
708 2320 1057 2394 ἀπαιρόντων
1091 2326 1464 2401 ὑποπροφαίς
1490 2332 1602 2386 δεῖν
1647 2333 1749 2406 ἔφη
1783 2337 1846 2389 τὸ

246 2406 592 2481 λειπόμενον,
622 2414 719 2466 καὶ
744 2415 917 2487 αὐτῆς
945 2417 1333 2493 ἀπομενούσης
1358 2425 1417 2477 ἐν
1440 2424 1707 2499 Αἰγύπτῳ
1744 2428 1846 2500 τῆς

259 2498 594 2572 ἀποσκευῆς.
629 2503 874 2575 Οίχέσθω
908 2506 1017 2579 γὰρ
1045 2507 1111 2581 δὴ
1140 2512 1248 2575 πᾶς
1276 2513 1375 2583 μὲν
1413 2514 1569 2585 ὑμῶν
1601 2498 1840 2584 νιάνιαέν

253 2592 430 2661 φησί·
466 2596 576 2650 πᾶν
615 2596 674 2650 δὲ
714 2598 873 2666 γένος
916 2600 981 2675 τό
1028 2603 1088 2656 ἐν
1127 2605 1360 2676 ἀκμαῖς.
1403 2608 1462 2661 '0
1508 2609 1568 2663 δέ
1606 2628 1671 2681 γε
1701 2613 1844 2681 θεῖος

250 2685 474 2757 Μωσῆς,
505 2689 588 2743 ὅτι
621 2693 901 2764 προσῆκεν
941 2694 1198 2768 ἀπαίρειν
1224 2694 1282 2751 εὖ
1321 2700 1473 2771 μάλα
1508 2703 1842 2778 διῖσχυρίζε-

245 2793 356 2845 ται,
388 2781 765 2850 παροφθέντος
792 2785 1005 2851 οὐδενός
1025 2804 1037 2817 ·
1059 2788 1175 2843 ἀλλ’
1202 2791 1341 2862 ὁμοῦ
1374 2797 1490 2860 τοῖς
1522 2797 1582 2851 ὲν
1602 2797 1710 2871 ἥϐῃ
1746 2799 1842 2854 καὶ

246 2871 301 2922 ἐν
334 2870 574 2943 δυσμαῖς
599 2874 839 2945 ἡλικίας,
858 2879 994 2944 υἱοῖς
1013 2898 1075 2935 τε
1096 2884 1190 2936 καὶ
1221 2883 1547 2959 θυγατράσι,
1578 2891 1673 2945 καὶ
1701 2890 1840 2962 βοῶν

242 2963 492 3032 ἀγέλαις,
518 2967 612 3019 καλ⁵
637 2967 842 3040 ἑτέροις
875 2970 1181 3044 θρέμμασι.
1202 2976 1310 3031 Καὶ
1332 2980 1445 3051 γάρ
1463 2997 1547 3034 τοι
1569 2984 1838 3056 προσήκει

240 3057 367 3120 τοὺς
400 3058 503 3129 τῆς
527 3060 764 3133 ἀληθοῦς
793 3065 1110 3139 ἐλευθερίας
1141 3073 1558 3142 μεταποιεῖσθαι
1605 3077 1839 3132 σπουδά-

1949 1870 2100 1926 niam
2138 1873 2347 1929 malitia
2376 1877 2657 1947 proposita
2682 1887 2769 1934 est
2788 1880 2965 1936 vobis.
2999 1882 3118 1939 Non
3151 1885 3262 1954 sic;
3294 1888 3391 1943 sed
3419 1898 3550 1947 eant

1947 1964 2074 2029 viri,
2113 1972 2173 2021 et
2207 1967 2513 2026 sacriﬁcate
2542 1970 2654 2026 Deo
2685 1989 2698 2025 ι
2730 1971 2836 2028 hoc
2867 1976 3014 2030 enim
3055 1977 3158 2047 ipsi
3194 1980 3382 2048 petitis
3406 1982 3471 2039 ι’.
3518 2003 3537 2034 ι

1927 2053 2019 2111 .Ut
2046 2055 2308 2129 intelligis
2339 2060 2528 2131 igitur,
2556 2062 2783 2128 Palladi,
2810 2065 3024 2138 Moyses
3061 2068 3302 2139 perfecta
3335 2072 3542 2129 disces-

1946 2146 2101 2203 sione
2126 2150 2403 2219 proﬁcisci
2429 2153 2632 2211 debere
2663 2155 2916 2224 dicebat;
2944 2159 3035 2214 ille
3059 2169 3263 2229 autem,
3294 2163 3414 2231 Non
3444 2165 3540 2231 ita,

1948 2238 2159 2309 inquit;
2191 2242 2288 2297 sed
2315 2253 2524 2314 partem
2553 2262 2613 2302 se
2641 2247 3020 2316 dimissurum,
3044 2267 3278 2324 eamque
3304 2265 3540 2326 partem,

1944 2347 2068 2401 qua:
2135 2335 2561 2406 relinqueretur,
2627 2340 2876 2395 obsidem
2943 2344 3351 2412 quodammodo
3420 2365 3543 2405 esse
3618 2410 3625 2419 ,

1945 2430 2200 2490 oportere
2245 2440 2348 2493 pro
2399 2427 2579 2483 reditu
2621 2428 3043 2496 discedentium,
3084 2433 3200 2503 ipsa
3232 2446 3452 2506 quoque
3484 2438 3541 2493 in

1941 2511 2175 2586 Egypto
2202 2517 2392 2573 relicta
2422 2520 2782 2590 supellectile.
2815 2522 2918 2578 Eat
2943 2524 3113 2590 enim,
3154 2525 3354 2595 inquit,
3385 2529 3541 2597 quis-

1942 2607 2070 2677 quis
2111 2610 2434 2667 adolescens
2473 2621 2590 2678 est,
2634 2629 2827 2672 omnes
2862 2615 3029 2671 etiam
3072 2619 3168 2688 qui
3207 2619 3394 2676 adulta
3426 2622 3540 2692 jam

1943 2709 2072 2756 sunt
2092 2710 2274 2758 aetate.
2299 2704 2370 2758 At
2383 2703 2545 2760 divus
2559 2705 2772 2779 Moyses
2792 2717 3113 2765 constanter
3136 2708 3372 2766 aﬁirmat
3394 2727 3538 2780 esse,

1942 2795 2094 2851 nulla
2130 2811 2191 2852 re
2225 2798 2593 2867 praetermissa
2631 2806 2798 2870 atque
2836 2800 3051 2876 relicta,
3090 2801 3488 2860 discedendum
3520 2817 3535 2859 ε

1941 2884 2037 2940 sed
2086 2886 2249 2942 simul
2293 2904 2420 2943 cum
2466 2888 2940 2957 adolescentibus,
2987 2900 3044 2947 et
3091 2892 3160 2948 iis
3206 2892 3301 2963 qui
3346 2902 3539 2950 exacta

1935 2977 2047 3049 jam
2071 2988 2256 3035 essent
2277 2988 2458 3049 :etate,
2490 2981 2617 3038 ﬁliis
2646 2999 2866 3054 quoque
2899 2998 2964 3038 ac
2988 2984 3227 3051 ﬁliabus,
3254 2986 3423 3041 boum
3452 3002 3540 3042 ar-

1940 3069 2143 3125 mentis
2179 3069 2410 3141 aliisque
2452 3072 2768 3142 pecoribus.
2809 3072 3042 3144 Oportet
3071 3074 3222 3130 enim
3257 3084 3320 3131 ut
3345 3078 3442 3149 qui
3478 3079 3535 3134 in

239 3146 440 3216 ζοντας
459 3193 475 3219 ,
512 3153 625 3208 τῶν
677 3155 777 3227 μὲν
819 3159 879 3214 ὲν
935 3135 1158 3233 κόσμῳ-
1181 3163 1354 3233 φιλεῖν
1399 3166 1836 3225 ἀπαλλάττεσθαι

1942 3176 2128 3216 veram
2148 3176 2207 3217 se
2226 3135 2534 3218 libertatem
2556 3179 2802 3221 asserere
2839 3135 3034 3231 velint,
3064 3166 3323 3225 studeant
3340 3135 3537 3227 vitiis

240 3244 437 3300 κακῶν
460 3287 476 3312 ,
510 3248 608 3301 καὶ
640 3248 829 3321 τρίϐον
877 3251 1013 3306 ἰέναι
1046 3254 1146 3326 τὴν
1174 3257 1262 3309 ἐπ’
1302 3258 1559 3328 ἀρεταῖς,
1592 3260 1746 3315 οὐδὲν
1773 3262 1836 3316 τὸ

237 3337 507 3406 παράπαν
530 3338 629 3408 τῆς
654 3340 864 3396 ἑαυτῶν
893 3341 1073 3416 ψυχῆς
1105 3362 1167 3399 τε
1198 3348 1292 3401 καὶ
1313 3347 1550 3414 διανοίας
1576 3351 1835 3422 ἀφιέντας

236 3426 497 3499 λεῦψανον
515 3466 535 3494 ,
570 3430 639 3484 δι’
668 3424 732 3485 οὗ
761 3432 826 3505 δὴ
855 3435 1020 3490 πάλιν
1048 3438 1171 3503 ταῖς
1208 3438 1306 3493 τοῦ
1356 3443 1597 3514 πονηροῦ
1641 3444 1836 3500 πλεον-

238 3521 418 3586 εξίαις
455 3523 806 3595 ὑπενεχθεῖεν
847 3527 937 3584 ἄν.
967 3529 1144 3584 Καλεί
1181 3531 1239 3585 δὲ
1267 3533 1405 3605 πρὸς
1431 3535 1591 3590 τοῦτο
1631 3540 1661 3592 6
1689 3537 1833 3605 θεῖος

238 3611 402 3679 νόμος
445 3612 767 3680 νεανίσκους
808 3616 904 3671 καὶ
942 3618 1250 3690 παρθένους
1272 3664 1287 3687 ,
1334 3624 1647 3696 πρεσϐύτας
1695 3630 1834 3700 μετά

239 3703 545 3791 νεωτέρων,
582 3708 725 3761 κατά
746 3708 846 3781 τὴν
876 3711 972 3764 τοῦ
998 3713 1311 3779 Ψάλλοντος
1349 3718 1556 3791 φωνὴν,
1601 3722 1696 3776 καὶ
1723 3724 1831 3777 πᾶν

238 3787 379 3858 εἶδος
412 3796 530 3867 τῆς-
557 3797 617 3850 ἐν
648 3798 870 3873 Χριστῷ
899 3804 1203 3877 νοουμένης
1254 3787 1502 3875 ἡλικίας,
1538 3805 1636 3876 οἷς
1679 3813 1775 3867 καλ⁸
1804 3816 1833 3868 6

242 3880 530 3951 θεσπέσιος
576 3888 829 3963 Ἰωάννης
859 3893 1201 3966 προσεφώνει
1219 3936 1235 3962 ,
1263 3895 1438 3967 λέγων
1458 3916 1474 3930 ·
1510 3918 1530 3953 τι
1575 3900 1832 3974 Ἔγραψα

241 3972 389 4042 ὑμῖν,
413 3975 625 4042 παιδία,
645 3979 726 4034 ὅτι
741 3981 1020 4052 ἐγνώκατε
1036 3985 1131 4040 τὸν
1151 3987 1372 4062 Πατέρα
1396 4005 1410 4020 ·
1435 3990 1652 4063 ἔγραψα
1677 3972 1827 4065 ὗμῖν,

243 4066 502 4138 πατέρες,
536 4069 620 4124 ὅτι
645 4071 922 4140 ἐγνώκατε
951 4076 1044 4131 τὸν
1068 4077 1165 4132 ἀπ’
1189 4080 1365 4152 ἀρχῆς
1392 4098 1408 4115 ο
1436 4080 1651 4154 ἔγραψα
1678 4085 1826 4156 ὑμῖν,

238 4157 533 4225 νεανίσκοι,
562 4163 644 4218 ὅτι
689 4163 902 4237 ἰσχυροί
925 4168 1051 4223 iure
1072 4208 1087 4235 ,
1116 4171 1213 4225 καὶ
1244 4174 1274 4225 6
1298 4171 1457 4241 λόγος
1488 4173 1584 4228 τοῦ
1608 4175 1744 4229 Θεοῦ
1770 4178 1829 4229 ὲν

242 4243 368 4315 ὑμῖν
413 4249 605 4319 μένει,
648 4253 745 4307 καὶ
776 4257 1101 4327 νενικήκατε
1129 4260 1223 4314 τὸν
1266 4262 1525 4334 πονηρόν.
1572 4282 1591 4317 ι
1630 4260 1754 4319 Εἶεν
1781 4266 1827 4320 δ’

240 4336 303 4389 ἂν
342 4341 440 4394 καὶ
489 4342 729 4414 ἑτέρως,
775 4349 986 4403 νεανίαι
1043 4351 1143 4421 μὲν
1186 4353 1285 4424 τῆς
1318 4354 1569 4426 ἀνδρείας
1611 4357 1781 4423 τύπος
1809 4399 1825 4424 ,

240 4431 556 4502 φρονήσεως
611 4432 669 4488 δὲ
727 4437 1070 4509 πρεσϐύται,
1129 4443 1457 4516 νηπιότητος
1507 4446 1564 4500 δὲ
1616 4447 1716 4519 τῆς
1768 4450 1827 4502 ὲν

239 4518 461 4608 ξριπῷ
498 4526 819 4598 νοουμένης,
868 4530 994 4602 υἱοί]
1015 4548 1075 4585 τε
1109 4532 1206 4587 καὶ
1236 4533 1573 4608 θυγατέρες·
1608 4518 1706 4593 σὺν
1731 4538 1826 4592 ἀν·

239 4604 389 4679 δρείᾳ
411 4608 540 4681 γὰρ,
567 4614 662 4666 καὶ
691 4619 976 4689 φρονήσει,
1010 4622 1102 4675 καὶ
1127 4622 1394 4695 ἁπλότητι
1416 4604 1483 4698 τῇ
1509 4626 1652 4681 κατά
1670 4614 1823 4694 Θεὸν,

241 4698 561 4791 ἀπαροῦμεν
590 4705 652 4771 ἐξ
683 4708 961 4780 ἁμαρτίας
980 4715 1062 4779 είς
1087 4715 1384 4789 ἁγιασμόν.
1421 4738 1441 4772 ι
1486 4721 1824 4791 Ἀνδρίςεσθε

240 4789 345 4884 γὰρ
372 4797 585 4884 ’,μφησὶ
607 4838 623 4863 ,
661 4818 680 4852 ι
734 4802 830 4855 καὶ
878 4807 1259 4878 κραταιοιῖσθω
1303 4813 1338 4882 ή
1369 4812 1566 4884 καρδία
1595 4789 1768 4884 υμῶν.
1799 4835 1819 4867 ι

242 4881 347 4980 δαὶ
380 4880 449 4939 αὖ
475 4903 488 4916 ·
517 4887 739 4945 Γίνεσθε
771 4895 1028 4968 φρόνιμοι
1061 4899 1139 4965 ὡς
1170 4902 1220 4954 οί
1245 4880 1421 4974 ὄφεις,
1447 4880 1554 4959 ’καὶ
1574 4880 1825 4980 ἀκέραιοι

239 4969 406 5067 ὡςᾼαί
439 4984 782 5053 περιστεραί.
829 5005 849 5038 ι
904 4989 1159 5061 Πρῦὅατα
1194 4993 1251 5048 δὲ
1285 4969 1381 5050 καὶ
1423 4996 1553 5067 βόας
1584 4969 1822 5055 συναπο-

241 5064 453 5134 τρέχειν
498 5073 707 5139 εξπὼν,
759 5083 1202 5162 κατασημαίνειν
1247 5086 1314 5141 ἂν
1363 5083 1521 5160 οἶμαί
1560 5108 1698 5155 που,
1737 5092 1822 5147 ὅτι

243 5158 502 5225 προσήκει
532 5165 669 5235 μηδὲ
704 5168 847 5223 αὐτά
890 5172 1139 5242 μεθεῖναι
1169 5158 1246 5248 τῷ
1279 5158 1493 5250 Σατανᾷ
1525 5181 1595 5235 τὰ
1628 5199 1819 5253 σωμα-

244 5249 365 5344 mea
390 5268 446 5303 τε
474 5256 566 5309 καὶ
595 5257 917 5333 ἀλογώτερα
945 5266 1054 5321 τῶν
1086 5271 1145 5322 ὲν
1174 5270 1303 5342 ἡμῖν
1334 5249 1671 5344 κινημάτων.
1708 5249 1818 5329 Καὶ

244 5338 368 5401 γοῦν
394 5345 422 5396 6
445 5344 727 5417 θεσπέσιος
760 5355 971 5422 Παῦλος
996 5338 1204 5432 γράφει
1219 5380 1232 5394 ·
1262 5382 1281 5414 ι
1309 5338 1522 5437 ’Ὠσπερ
1544 5367 1652 5438 γὰρ
1677 5385 1819 5437 mp-

242 5434 494 5531 ειξτησστε
532 5443 601 5496 τὰ
646 5446 784 5520 μέλη
843 5451 997 5521 ὑμῶν
1050 5453 1212 5508 δοῦλα
1250 5459 1318 5528 τῇ
1358 5434 1675 5531 ἀκαθαρσίᾳ
1720 5434 1816 5514 καὶ

239 5524 305 5593 τῇ
338 5526 526 5605 ἀνομίᾳ
566 5538 647 5600 είς
678 5539 778 5611 τὴν
817 5543 1071 5615 ἀνομίαν,
1115 5546 1259 5601 οὕτω
1285 5524 1380 5604 νῦν
1420 5524 1810 5624 παραστήσατε

308 5666 475 5766 ῗὲεξ)
510 5692 626 5766 ιξιν
665 5679 769 5766 ,ελε-
846 5685 889 5715 "
914 5685 1087 5743 Exod-
1120 5705 1173 5753 ιν
1200 5689 1233 5744 8
1268 5705 1389 5763 sqq.
1468 5695 1512 5727 ιο
1539 5694 1681 5750 ρεει.
1726 5684 1838 5751 διν

1941 5695 2056 5752 υἱεῖ..
2135 5698 2175 5728 ³⁸
2208 5695 2228 5751 l
2256 5694 2415 5751 Joan.
2456 5708 2515 5761 ιι,
2550 5691 2638 5757 li,
2692 5690 2780 5748 i3.

245 5735 289 5769 ιι
320 5738 501 5799 Xatth.
540 5735 624 5812 ιζ
658 5749 746 5803 l6.

541 5842 822 5909 PATROL.
869 5849 985 5911 Gn.
1036 5851 1294 5914 LXVIII.

1942 3268 2066 3323 qua:
2094 3253 2150 3308 in
2180 3254 2381 3309 saeculo
2410 3263 2558 3321 sunt,
2582 3255 2904 3322 abscedere,
2942 3265 3000 3312 et
3028 3257 3280 3315 semitam
3319 3260 3534 3333 ingredi

1941 3359 2064 3414 quin
2081 3344 2151 3400 ad
2174 3344 2409 3401 virtutes
2433 3344 2605 3411 ducit,
2635 3346 2925 3417 nullasque
2947 3349 3173 3404 onmino
3189 3358 3290 3406 aut
3314 3352 3532 3417 animae,

1940 3445 2037 3493 aut
2060 3437 2262 3494 mentis
2285 3437 2547 3509 reliquias
2574 3438 2874 3505 dimittere,
2897 3455 2998 3510 per
3029 3456 3168 3511 quas
3190 3442 3391 3497 iterum
3425 3444 3533 3499 sub

1942 3530 2090 3586 illius
2124 3530 2348 3602 maligni
2385 3530 2728 3586 dominatum
2769 3546 2836 3586 ac
2880 3532 3226 3604 tyrannidem
3273 3534 3532 3607 redigan-

1941 3631 2048 3678 tur.
2100 3622 2183 3679 Ad
2232 3623 2378 3679 banc
2429 3631 2615 3699 autem
2661 3622 2973 3680 libertatem
3019 3624 3207 3681 divina
3247 3625 3333 3683 lex
3372 3638 3536 3685 vocat

1935 3718 2167 3789 juvenes
2215 3724 2273 3772 et
2316 3715 2589 3788 virgines,
2624 3731 2787 3772 senes
2836 3732 2964 3773 cum
3005 3716 3342 3789 junioribus,
3379 3720 3533 3792 juxta

1937 3808 2227 3865 Psallentis
2258 3824 2448 3865 vocem
2477 3811 2544 3875 '°,
2577 3818 2741 3881 atque
2777 3825 2941 3866 omne
2974 3826 3148 3881 genus
3178 3812 3376 3879 aetatis,
3409 3827 3534 3884 quae

1937 3902 1995 3956 in
2051 3901 2272 3958 Christo
2323 3902 2669 3974 intelligitur.
2725 3902 2876 3970 Quos
2937 3902 3103 3957 etiam
3166 3903 3255 3959 vir
3310 3904 3533 3962 divinus

1935 3992 2173 4048 Joannes
2193 3992 2577 4064 alloquebatur
2597 3993 2789 4049 dicens
2821 4012 2834 4048 :
2866 4013 2884 4045 ι
2912 3993 3117 4064 Scripsi
3140 3993 3319 4060 vobis,
3346 3998 3527 4066 pueri,

1937 4084 2067 4155 quia
2094 4084 2427 4155 cognovistis
2450 4086 2668 4140 Patrem
2693 4102 2707 4151 ;
2741 4085 2938 4155 scripsi
2969 4085 3146 4151 vobis,
3172 4095 3379 4156 patres,
3398 4089 3530 4159 quia

1936 4174 2270 4246 cognovistis
2314 4190 2443 4231 eum
2477 4175 2571 4244 qui
2614 4183 2700 4230 est
2754 4174 2824 4229 ab
2870 4175 3056 4243 initio;
3098 4177 3296 4249 scripsi
3346 4179 3525 4247 vobis,

1930 4270 2184 4342 juvenes,
2217 4267 2347 4338 quia
2387 4266 2562 4322 fortes
2603 4267 2759 4331 estis,
2801 4261 2859 4322 εἰ
2888 4269 3119 4324 verbum
3160 4271 3258 4329 Dei
3288 4275 3343 4328 in
3369 4275 3528 4331 vobis

1934 4368 2138 4425 manet,
2162 4365 2219 4415 et
2245 4357 2456 4414 vicistis
2489 4356 2789 4427 malignum
2815 4359 2881 4410 ἰ.
2915 4376 2934 4409 ι
2970 4358 3149 4415 Aliter
3175 4372 3360 4418 autem
3390 4364 3520 4421 ado—

1933 4453 2205 4509 lescentes
2241 4451 2413 4522 ﬁgura
2447 4463 2569 4505 esse
2617 4456 2849 4520 possunt
2881 4448 3246 4517 fortitudinis,
3278 4454 3527 4525 pruden-

1934 4546 2022 4600 tia:
2055 4559 2236 4610 senes,
2268 4542 2513 4598 infantiae
2544 4557 2679 4596 vero
2711 4539 2879 4607 illius,
2920 4556 3041 4612 quae
3078 4541 3136 4615 in
3176 4540 3397 4600 Christo
3433 4545 3521 4599 in-

1918 4637 2213 4709 ‘telligitur,
2247 4636 2345 4691 ﬁlii
2378 4652 2443 4692 ac
2473 4635 2600 4691 tiliae
2632 4652 2645 4688 :
2677 4648 2804 4690 cum
2832 4632 3159 4721 fortitudine
3187 4652 3426 4709 namque
3456 4652 3524 4696 ac

1927 4727 2242 4798 prudentia,
2268 4727 2831 4797 simplicitateque'ca
2856 4741 2980 4796 qua:
3017 4726 3320 4791 secundum
3344 4727 3517 4784 Deum

1927 4830 2032 4884 est,
2080 4836 2110 4875 a
2149 4828 2376 4890 peccato
2433 4818 2500 4873 ad
2551 4817 3041 4874 sanctiﬁcationem
3094 4817 3515 4908 proﬁciscimur.

1932 4933 1951 4965 ι
1986 4912 2233 4970 Viriliter
2270 4911 2418 4966 enim
2466 4910 2632 4981 agite,
2678 4929 2696 4961 ι
2754 4910 2954 4981 inquit,
3012 4929 3032 4961 ι
3067 4918 3123 4965 et
3174 4910 3513 4968 confortetur

1923 5020 2021 5060 cor
2058 5013 2301 5058 vestrum
2329 5003 2394 5057 ".
2437 5021 2457 5054 ι
2502 5002 2571 5057 Ει
2608 5002 2808 5057 iterum
2854 5018 2869 5055 ι
2917 5021 2936 5054 ι
2981 5001 3172 5057 Estote
3214 5002 3512 5073 prudentes

1921 5097 2066 5152 sicut
2106 5105 2423 5167 serpentes,
2471 5101 2528 5150 et
2575 5093 2852 5165 simplices
2898 5093 3043 5149 sicut
3092 5093 3359 5150 columbae
3380 5096 3444 5149 “.
3487 5116 3506 5146 ι

1921 5189 2059 5247 Cum
2086 5204 2221 5245 vero
2248 5188 2406 5254 dixit,
2430 5203 2562 5243 oves
2582 5203 2804 5258 quoque
2838 5203 2903 5242 ac
2929 5186 3099 5243 boves
3128 5187 3291 5243 simul
3317 5189 3509 5245 absce-

1922 5281 2053 5337 dere
2077 5280 2302 5346 debere,
2337 5279 2667 5351 signiﬁcavit
2696 5279 2949 5344 fortasse,
2970 5294 3040 5333 ne
3068 5294 3360 5348 corporeos
3383 5279 3508 5348 (ποίε-

1922 5374 2047 5429 dem
2075 5373 2196 5428 illos
2221 5383 2406 5427 motus
2434 5381 2651 5426 nostros
2677 5380 2733 5426 et
2759 5371 2989 5426 rationis
3012 5381 3267 5440 expertes
3295 5370 3507 5425 Satanre

1919 5478 2039 5520 esse
2075 5463 2496 5535 relinquendos;
2536 5461 2647 5534 44
2679 5462 2864 5531 itaque
2907 5461 3129 5515 divinus
3179 5460 3270 5512 ille
3302 5458 3506 5514 Paulus

1916 5553 2137 5621 scribit,
2180 5574 2199 5606 ι
2226 5553 2382 5609 Sicut
2429 5552 2759 5608 exbibuistis
2793 5551 3039 5606 membra
3071 5558 3253 5604 vestra
3294 5553 3505 5609 servire
3540 5616 3545 5619 _

2886 5692 2933 5725 ”
2970 5690 3114 5749 Psal.
3154 5709 3283 5763 xxx,
3336 5695 3426 5751 25.

3115 5858 3150 5924 '1
