3954 6200
438 292 541 348 9.07

1453 294 1506 346 S.
1550 293 1824 348 (ZYRILM
1867 292 2337 349 ALEXANDRl-Nl
2377 292 2694 350 ARCHIEP.

3594 295 3705 354 ³208

441 411 545 464 sub
569 419 784 464 noctem
815 409 1072 473 mediam,
1107 410 1503 479 propemodum
1531 427 1562 466 e
1587 411 1830 466 tenebris
1859 413 2006 467 simui

2127 413 2242 481 φῶς
2270 432 2315 480 ›,
2347 413 2489 466 κατά
2525 414 2624 485 τὴν
2650 411 2745 466 τοῦ
2766 411 3020 482 Σωτῆρος
3050 412 3253 484 φωνήν.
3293 412 3536 484 νΑζυμον
3559 415 3616 469 δὲ
3645 419 3704 469 τὸ

440 518 504 557 ac
535 502 799 557 servitute
833 500 1101 570 profecti;
1130 502 1224 570 qui
1256 501 1404 556 enim
1453 503 1598 557 servi
1643 512 1770 557 sunt
1813 505 2022 572 peccati

440 610 660 664 semper
697 593 813 648 fere
854 593 1089 661 cupiunt
1114 592 1169 646 in
1203 593 1445 648 tenebris
1466 595 1848 663 spiritualibus
1879 611 2020 662 esse,

440 704 547 742 non
576 687 630 740 in
657 686 864 740 lumine
893 684 1082 739 divino
1106 703 1119 738 :
1155 704 1172 736 ι
1196 684 1378 740 omnis
1403 686 1551 739 enim
1591 686 1686 755 qui
1718 687 1860 740 male
1887 687 2020 757 agit,

437 782 554 836 odit
586 782 763 834 lucem
789 779 854 843 ³ο,
887 799 904 829 ι
937 786 998 832 ut
1022 777 1272 834 Salvator
1287 775 1786 832 ait.Infermentata
1803 793 2022 848 quoque

433 871 752 943 conspersio
777 871 1043 934 ell‘ertur,
1085 885 1150 924 ac
1184 868 1302 924 sine
1349 867 1550 922 viatico
1588 866 1822 938 fugiunt.
1868 887 1886 919 ι
1927 868 2024 923 Ur-

431 966 635 1035 gebant
654 963 824 1029 enim,
869 983 886 1015 ι
912 962 1112 1034 inquit,
1145 981 1163 1013 ι
1193 960 1432 1033 Ᾱῐεγριίἰ
1464 960 1748 1031 populum,
1774 968 1836 1014 ut
1864 956 2019 1016 festi;

437 1065 632 1112 nantcr
665 1056 1048 1127 ejicerenteos
1081 1053 1149 1108 de
1188 1060 1358 1108 terra.
1381 1053 1648 1108 Dixerunt
1667 1053 1851 1108 enim:
1887 1051 2019 1108 Om-

435 1164 534 1202 nes
579 1164 679 1203 nos
729 1147 1016 1201 morimur.
1061 1145 1211 1200 Tulit
1246 1153 1429 1199 autem
1474 1143 1710 1214 populus
1757 1159 2020 1214 consper-

417 1241 645 1295 ~sionem
670 1256 824 1295 suam
850 1247 1141 1309 antequam
1193 1237 1653 1292 fermentarentur
1693 1252 1885 1292 massae
1922 1251 2019 1291 eo—

435 1350 577 1398 rum,
613 1349 748 1404 quas
791 1331 1090 1404 ligaverant
1115 1329 1170 1384 in
1213 1329 1459 1384 vestibus
1487 1329 1602 1385 suis
1635 1344 1801 1400 super
1830 1329 2023 1384 hume-

434 1441 524 1482 ros
549 1427 614 1479 ".
655 1445 673 1477 ι
707 1425 896 1495 Neque
926 1423 1097 1488 enim,
1149 1430 1211 1476 ut
1256 1423 1474 1493 opinor,
1519 1421 1724 1478 debent
1770 1422 1865 1492 qui
1907 1422 2019 1476 Deo

434 1519 807 1573 adhaerescere
837 1515 1030 1580 velint,
1059 1516 1288 1586 ejusque
1322 1513 1749 1569 familiaritatem
1769 1513 2016 1578 inierint,

434 1610 710 1666 saecularis
758 1608 978 1662 malitiae
1016 1605 1279 1676 reliquias
1327 1605 1495 1671 ferre,
1536 1621 1716 1676 neque
1756 1614 2020 1676 extraneo

432 1703 770 1773 profanoque
814 1701 1055 1766 viatico,
1100 1699 1371 1771 spirituali
1422 1699 1718 1764 nimirum,
1762 1699 2016 1756 instructi

2125 508 2277 570 σταῖς
2312 505 2643 577 ἐκφέρεται,
2687 505 2784 560 καὶ
2840 505 3191 576 ἐπισιτισμοῦ
3240 505 3364 575 δίχα
3421 506 3698 576 φεύγουσι.

2127 617 2144 649 ι
2178 597 2578 662 Κατεϐιάζοντο
2616 597 2726 669 γὰρ
2746 636 2762 660 ,
2807 598 3008 670 φησιν,
3042 599 3094 651 ot
3125 597 3414 666 Αἰγύπτιοι
3435 599 3526 652 τὸν
3552 599 3700 665 λαὸν,

2126 690 2324 762 σπουδῇ
2354 690 2605 744 ἐκϐαλεῖν
2629 691 2830 753 αὐτοὺς
2854 689 2966 744 ἀπὸ
2993 692 3093 761 τῆς
3116 690 3242 760 γῆς.
3272 685 3450 744 Εἶπαν
3485 694 3594 763 γὰρ
3622 693 3700 746 ὅτι

2121 780 2325 844 πάντες
2352 784 2516 852 ἡμεῖς
2553 781 2996 852 ἀποθνήσκομεν.
3033 779 3288 834 ’Λνέλαϐε
3313 781 3369 834 δέ
3396 782 3426 834 ό
3459 781 3587 844 λαὸς
3608 783 3703 834 καὶ

2119 873 2180 928 τὸ
2225 878 2380 939 σταῖς
2408 875 2590 930 αὐτῶν
2638 876 2745 947 πρὸ
2793 874 2889 928 τοῦ
2927 874 3247 946 ζυμωθῆναι
3293 873 3363 928 τὰ
3402 873 3701 946 φυράματα

2120 966 2320 1034 αὐτῶν,
2346 965 2418 1020 τὰ
2438 966 2757 1037 ἐνδεδεμένα
2785 966 2844 1018 ἐν
2874 967 2988 1029 τοῖς
3014 965 3248 1036 ἱματίοις
3274 963 3459 1018 αὐτῶν
3481 964 3574 1017 ἐπὶ
3596 965 3703 1018 τῶν

2127 1056 2316 1126 ὤμων.
2359 1075 2376 1108 ι
2408 1058 2483 1110 Ού
2513 1057 2621 1128 γὰρ
2652 1053 2804 1129 οἶμαι
2829 1057 2968 1123 δεῖν,
3003 1059 3128 1122 τοὺς
3151 1057 3230 1128 τῷ
3252 1055 3370 1126 Θεῷ
3407 1056 3702 1111 κολλᾶσθαι

2124 1147 2438 1219 μέλλοντας,
2474 1148 2782 1217 οἰκειότητά
2808 1165 2867 1201 τε
2893 1147 3032 1219 πρὸς
3065 1147 3227 1202 αὐτὸν
3249 1146 3582 1218 ᾑρημένους,
3604 1163 3703 1199 κα-

2121 1242 2246 1305 κίας
2276 1241 2525 1312 λείψανον
2553 1241 2913 1314 ἐπιφέρεσθαι
2944 1243 3218 1312 κοσμικῆς
3239 1281 3254 1305 ,
3286 1240 3413 1293 οὕτε
3453 1239 3563 1310 μὴν
3601 1239 3699 1292 ἀλο

2119 1333 2358 1406 λοτρίαις
2383 1351 2441 1388 τε
2466 1335 2562 1388 καὶ
2583 1335 2822 1405 ἀνιέροις
2857 1332 3242 1404 ἐφοδιάζεσθαι
3266 1335 3518 1405 τροφαῖς,
3542 1331 3702 1404 δῆλον

2119 1426 2177 1480 δέ
2215 1427 2296 1480 ὃτι
2327 1429 2446 1490 ταῖς
2473 1428 2690 1498 νοηταῖς
2716 1443 2730 1456 ο
2764 1424 3006 1496 ἀζύμους
3033 1424 3090 1478 δέ
3123 1420 3260 1477 εἶναι
3287 1423 3460 1493 φιλεῖν
3479 1425 3699 1495 ἄρτους,

2119 1521 2180 1573 τὸ
2224 1519 2472 1590 ἐφίεσθαι
2523 1519 2710 1573 λοιπὸν
2739 1517 2835 1572 τοῦ
2883 1515 3278 1586 ζωογονοῦντος
3317 1515 3408 1570 τὸν
3456 1517 3660 1588 κόσμον
3684 1532 3698 1546 ⁸

2120 1613 2436 1682 ἐορτάσειαν
2465 1612 2572 1680 γὰρ
2599 1612 2650 1664 οί
2683 1610 2874 1664 τοιοίδε
2909 1608 3165 1679 καθαρῶς
3183 1652 3198 1674 ,
3232 1609 3326 1661 καὶ
3355 1609 3454 1679 τὴν
3483 1608 3699 1679 ἀξιόλη-

2120 1721 2254 1758 πτον
2285 1704 2362 1775 τῷ
2419 1703 2542 1774 Θεῷ
2590 1703 2847 1774 λατρείαν
2895 1701 3393 1774 ἀποπεραίνοντες,
3425 1701 3519 1754 ὑπ’
3550 1701 3700 1772 αὐτῷ

430 1795 497 1849 ad
524 1795 629 1849 iter
651 1793 894 1865 accingi;
921 1794 1018 1848 sed
1040 1792 1215 1864 azymi
1257 1807 1321 1846 ac
1361 1791 1562 1846 sinceri
1608 1805 1752 1856 esse,
1793 1807 2006 1861 panem-

2129 1794 2350 1863 μένουσι
2370 1792 2691 1856 διαπαντός.

423 1900 536 1954 que
575 1901 702 1939 eum
745 1894 1002 1954 expetere
1063 1883 1160 1952 qui
1210 1881 1452 1938 viviﬁcat
1509 1881 1818 1936 mundum:
1876 1884 2145 1954 ejusmodi
2213 1900 2452 1954 namque
2491 1884 2744 1938 homines
2808 1899 2946 1954 pure
3001 1883 3143 1938 festa
3190 1882 3583 1946 celebrabunt,
3633 1898 3696 1937 ac

418 1977 654 2050 dignum
712 1977 824 2031 Deo
875 1977 1083 2031 cultum
1135 1975 1497 2038 exhibebunt,
1533 1991 1598 2030 ac
1639 1961 1909 2046 perpetuo
1951 1975 2005 2029 in
2045 1977 2192 2032 illius
2217 1985 2487 2048 potestate
2521 1976 2945 2047 permanebunt.

501 2073 696 2130 PALL.
729 2071 1032 2128 Conficitur
1063 2086 1226 2142 ergo:
1262 2070 1580 2140 quicunque
1619 2071 1698 2124 illi
1737 2079 1866 2125 sunt
1917 2071 2014 2126 ho-

431 2164 606 2220 mines
634 2163 729 2218 Dei
762 2171 1035 2216 amatorcs
1065 2176 1128 2216 ac
1159 2161 1339 2231 probi,
1371 2175 1468 2214 eos
1516 2168 1772 2230 tanquam
1823 2159 1891 2214 ad
1929 2175 2014 2214 sa-

427 2273 579 2313 cram
629 2262 983 2323 sanctamque
1046 2262 1268 2317 terram,
1325 2251 1392 2306 ad
1442 2251 1606 2306 vitam
1652 2267 1868 2322 nempe,
1908 2251 2012 2306 sub

423 2348 632 2406 Christi
673 2347 882 2402 ditione
907 2344 1194 2416 agendam,
1230 2353 1286 2401 et
1319 2360 1350 2399 a
1377 2343 1680 2415 tyrannidis
1712 2343 1764 2400 vi
1784 2344 2011 2398 liberam

417 2441 713 2513 pervenire
741 2446 1016 2511 oportere,
1041 2447 1206 2508 atque
1241 2436 1574 2492 contendere
1599 2443 1657 2489 ut
1678 2434 2007 2500 sacriﬁcent,

427 2552 534 2590 non
566 2535 622 2589 in
653 2533 896 2588 hostium
927 2530 1150 2592 ﬁnibus,
1183 2527 1238 2582 id
1277 2535 1382 2591 est,
1419 2542 1531 2581 non
1565 2542 1634 2582 eo
1658 2527 1825 2580 animi
1857 2526 2012 2580 babi-

427 2637 486 2682 tu
517 2626 606 2681 cui
638 2632 860 2694 peccata
889 2623 1138 2692 placent:
1191 2628 1248 2674 et
1295 2619 1340 2674 si
1387 2635 1498 2674 non
1544 2618 1838 2674 admodum
1881 2635 2009 2690 per-

425 2720 589 2784 fecto,
612 2724 867 2787 prompto
885 2723 1069 2768 tamen
1094 2721 1256 2781 atque
1285 2712 1352 2768 ad
1381 2711 1643 2766 virtutem
1666 2720 1880 2777 erecto,
1911 2727 2009 2766 eo-

422 2827 530 2882 que
565 2825 782 2865 morum
810 2815 956 2864 statu
996 2807 1091 2876 qui
1119 2806 1278 2876 longe
1307 2805 1381 2860 sit
1419 2821 1451 2860 a
1485 2805 1688 2860 diaboli
1723 2803 2008 2876 tyrannide

423 2911 689 2961 remotus.

490 2995 597 3068 47
639 2992 796 3048 CYR.
827 2991 905 3046 Ne
931 2998 987 3045 tu
1017 3005 1134 3046 rem
1172 2990 1332 3045 aliter
1360 3003 1418 3044 se
1460 2987 1684 3054 habere,
1715 3002 1878 3058 quam
1904 2986 2010 3041 hoc

423 3087 611 3151 modo,
665 3083 987 3156 suspiceris,
1010 3081 1420 3148 Palladifrcete
1447 3082 1594 3136 enim
1625 3096 1656 3136 a
1693 3081 1856 3136 nobis
1879 3096 2010 3136 con-

419 3180 571 3234 clusa
591 3188 676 3233 est
708 3176 903 3232 oratio.
931 3175 1114 3231 Facile
1142 3184 1325 3230 autem
1354 3184 1439 3230 est
1464 3175 1510 3230 si
1543 3175 1714 3230 libeat
1747 3175 1912 3231 etiam
1951 3175 2008 3232 in

418 3271 525 3326 alia
549 3268 783 3339 imagine
811 3266 918 3321 hoc
943 3265 1087 3320 idem
1111 3264 1490 3335 contemplari.
1507 3265 1642 3320 Nam
1663 3282 1788 3321 cum
1806 3277 2007 3322 sancta:

2187 2073 2394 2128 IIAAA.
2441 2073 2682 2144 Ἀραρεν
2709 2067 2822 2139 οὖν,
2846 2072 2929 2126 ὄτι
2951 2072 3204 2143 καθάπερ
3230 2072 3374 2134 τινὸς
3410 2070 3512 2141 γῆς
3537 2070 3699 2138 ἁγίας

2113 2182 2170 2217 τε
2198 2165 2290 2217 καὶ¹
2332 2166 2481 2237 ἱερᾶς
2516 2163 2802 2233 ἐφικέσθαι
2834 2163 2942 2236 χρὴ
2976 2163 3100 2227 τοὺς
3127 2164 3286 2233 οἵπερ
3311 2162 3377 2216 ἂν
3411 2156 3520 2214 εἷεν
3550 2160 3699 2229 φιλό-

2115 2256 2227 2310 θεοί
2258 2274 2318 2309 τε
2349 2257 2442 2310 καὶ
2479 2257 2694 2324 ἀγαθοὶ,
2728 2256 2827 2327 τῆς
2855 2254 2960 2309 ὑπὸ
2993 2253 3214 2326 Χριστῷ
3243 2254 3336 2307 καὶ
3365 2251 3698 2324 ἀτυραννεύ-

2112 2368 2206 2405 του
2239 2349 2379 2420 ζωῆς
2408 2365 2421 2377 ³
2459 2347 2778 2417 ἐπείγεσθαι
2817 2347 2874 2402 δέ
2913 2347 3205 2401 καταθύειν
3257 2347 3358 2398 οὐκ
3391 2347 3446 2398 ἐν
3479 2346 3546 2414 τῇ
3588 2343 3696 2396 τῶν

2113 2442 2346 2514 ἐχθρῶν,
2383 2441 2528 2496 τοῦτ’
2553 2441 2722 2506 ἔστιν,
2756 2443 2857 2496 οὐκ
2881 2441 3041 2504 ὄντας
3080 2441 3137 2492 ἐν
3169 2439 3280 2506 ἕξει
3318 2441 3385 2509 τῇ
3423 2438 3695 2508 φιλαμαρο

2113 2537 2289 2607 τήτιξῑ,
2349 2535 2444 2588 καὶ
2484 2535 2586 2588 ούκ
2630 2535 2916 2606 ἀμωμήτῳ
2963 2533 3118 2597 λίαν,
3170 2533 3228 2585 ἐν
3266 2529 3598 2602 προθυμίαις
3637 2529 3693 2582 δὲ

2115 2629 2316 2699 μᾶλλον
2355 2631 2477 2690 ταῖς
2505 2628 2587 2690 εἰς
2630 2625 2855 2697 ἀρετὴν,
2902 2627 2996 2678 καὶ
3043 2625 3100 2677 ἐν
3146 2623 3294 2693 ἠθῶν
3329 2624 3692 2691 καταστάσει,

2110 2722 2209 2792 τῆς
2242 2720 2335 2774 τοῦ
2363 2717 2613 2774 διαϐόλου
2641 2718 2953 2790 τυραννίδος
2985 2715 3352 2788 ἐξῳκισμένῃ.

2180 2969 2346 3024 ΚΥΡ.
2374 2968 2466 3040 Μὴ
2497 2967 2700 3039 ἑτέρως
2727 2966 2872 3037 ἔχειν
2900 2965 3190 3029 ὑπολάϐοις
3212 2965 3243 3036 ἦ
3273 2963 3445 3028 οὕτως
3464 3004 3480 3031 ,
3501 2957 3548 3020 ὦ
3571 2966 3692 3018 τᾶν·

2111 3063 2402 3134 πεποίηται
2427 3061 2538 3134 γὰρ
2563 3060 2739 3134 ὀρθῶς
2771 3063 2906 3131 ἡμῖν
2931 3063 2959 3114 ὁ
2989 3059 3166 3128 λόγος.
3198 3059 3354 3130 Πάρα
3383 3058 3440 3112 δὲ
3472 3060 3520 3111 εἰ
3546 3057 3706 3112 δοκεῖ

2110 3155 2204 3210 καὶ
2233 3154 2301 3209 δι’
2345 3153 2536 3224 ἐτέρας
2579 3150 2742 3206 ταυτὶ
2785 3151 3010 3223 θεωρεῖν
3045 3148 3272 3212 εἰκόνος.
3321 3147 3539 3220 Ἐπειδὴ
3584 3146 3694 3218 γὰρ

2107 3245 2196 3302 διὰ
2220 3244 2318 3316 τῆς
2345 3246 2425 3308 είς
2448 3245 2557 3297 πᾶν
2583 3242 2762 3297 ὁτιοῦν
2787 3241 2895 3294 τῶν
2917 3241 3161 3294 ἐκτόπων
3183 3240 3494 3310 ἀποδρομῆς
3521 3256 3695 3294 κατα-

417 3331 1045 3422 οἰγὶιιιιίενιιιιιιίωιοῑρε,
1106 3331 1432 3423 Jerusalem,
1474 3357 1718 3428 inquam,
1745 3359 2006 3430 praecipiti

2115 3338 2306 3394 λυπεῖν
2353 3335 2679 3406 ἀπετόλμων
2719 3334 2812 3389 τὸν
2856 3333 2966 3388 τῶν
3009 3333 3145 3387 ὅλων
3195 3333 3416 3403 σωτῆρα
3469 3331 3602 3385 Θεδν
3642 3332 3696 3385 οῖ

418 3457 476 3511 in
514 3455 700 3511 omnia
737 3455 947 3510 scelera
989 3469 1155 3510 cursu
1186 3455 1359 3509 Deum
1391 3454 1637 3519 omnium
1674 3454 1999 3509 salvatorem

415 3547 698 3603 offendere
727 3545 846 3600 ausi
875 3553 1088 3609 essent,
1127 3545 1181 3598 in
1211 3553 1538 3615 potestatem
1577 3544 2001 3616 Babyloniorum

415 3646 722 3695 venerunt:
747 3651 885 3706 quos
913 3635 990 3690 illi
1015 3651 1140 3690 cum
1168 3637 1222 3690 vi
1256 3636 1536 3705 armisque
1565 3637 1862 3707 cepissent,
1877 3653 1997 3692 ser—

414 3728 535 3782 vire
561 3726 866 3798 jubebant:
899 3725 1203 3780 victoribus
1222 3725 1368 3779 enim
1399 3725 1575 3780 victos
1605 3737 1769 3780 etiam
1801 3726 2000 3781 invitos

413 3818 616 3875 cedere
643 3817 946 3876 necessitas
984 3817 1234 3889 cogebat.
1261 3815 1399 3873 Cum
1443 3817 1628 3887 itaque
1659 3818 1997 3874 consternati

411 3907 710 3964 admodum
737 3915 944 3973 essent,
973 3914 1031 3962 et
1057 3915 1284 3977 propter
1323 3905 1632 3977 inopinatas
1662 3906 1999 3962 calamitates

412 4000 873 4072 ingemiscerent;
904 3999 991 4054 vel
1020 3998 1282 4070 exiguum
1317 3997 1596 4054 interdum
1623 3998 1874 4054 laborum
1911 4015 2000 4054 so-

409 4093 605 4148 latium
648 4091 1010 4162 quaarebant:
1060 4091 1116 4146 id
1162 4098 1348 4146 autem
1400 4100 1542 4156 erat,
1583 4091 1904 4163 compositis
1940 4091 1996 4146 in

409 4183 510 4239 Dei
542 4183 760 4238 laudem
799 4182 1157 4249 carminibus,
1189 4183 1476 4254 praesentis
1501 4183 1756 4240 mceroris
1776 4182 1994 4239 acerbi-

410 4281 580 4329 tatem
630 4273 824 4328 lenire.
869 4293 888 4325 ι
921 4273 1128 4329 Memor
1158 4275 1308 4330 enim
1335 4274 1414 4330 fui
1448 4274 1577 4339 Dei,
1616 4293 1635 4327 ι
1682 4274 1859 4344 inquit
1894 4275 1996 4328 Da-

407 4365 524 4432 vid,
561 4384 580 4418 ι
611 4373 667 4421 et
698 4365 1016 4431 delectatus_
1029 4382 1153 4423 sum
1169 4368 1236 4433 ",
1256 4387 1274 4418 ι
1309 4365 1512 4436 quibus
1531 4365 1714 4420 verbis
1747 4381 1994 4435 pronun-

409 4457 567 4514 tiavit
595 4458 690 4514 Dei
710 4458 951 4514 carmina
975 4458 1317 4529 spiritualem
1345 4471 1465 4511 esse
1482 4455 1833 4512 festivitatem
1856 4473 1870 4510 :
1893 4455 1992 4512 sed

406 4549 722 4606 volentibus
746 4550 992 4606 carmina
1034 4549 1254 4614 dicere,
1289 4557 1346 4604 et
1381 4555 1706 4602 consuetum
1749 4545 1989 4603 cilicium

405 4643 650 4714 explere,
671 4651 832 4713 turpe
848 4639 1247 4713 propemodum
1271 4638 1584 4704 videbatur,
1611 4638 1826 4694 dulcem
1851 4638 1991 4697 adeo

2107 3431 2206 3502 τὴν
2234 3429 2398 3499 ἁγίαν
2425 3427 2702 3490 οἰκοῦντες
2729 3425 2907 3491 πόλιν,
2933 3441 3006 3497 φη
3016 3425 3075 3496 μὶ
3095 3424 3161 3496 δὴ
3184 3424 3286 3495 τὴν
3312 3423 3692 3494 Ἰερουσαλὴμ,

2109 3523 2216 3576 ὑπὸ
2235 3525 2392 3592 χεῖρα
2421 3519 2680 3588 γεγόνασι
2709 3517 2816 3572 τῶν
2836 3516 3216 3579 Βαϐυλωνίων,
3239 3516 3288 3570 οἶ
3315 3516 3406 3568 καὶ
3428 3514 3692 3585 δορυκτή-

2107 3633 2232 3679 τους
2263 3615 2477 3676 ἑλόντες
2516 3611 2765 3682 θητεύειν
2798 3608 3074 3663 ἐκέλευον.
3119 3607 3303 3662 Εἶκειν
3335 3607 3444 3679 γὰρ
3482 3602 3551 3678 ἦν
3579 3609 3692 3671 τοῖς

2107 3707 2402 3780 κρατοῦσιν
2440 3705 2681 3776 ἀνάγκη,
2725 3702 2820 3757 καὶ
2860 3703 2960 3772 οὐχ
3002 3701 3227 3764 ἑκόντας
3269 3699 3485 3763 αὐτούς.
3525 3699 3592 3754 οι
3634 3699 3694 3752 δέ

2107 3803 2361 3864 ἀλύοντες
2407 3801 2548 3862 λίαν,
2597 3797 2692 3851 καὶ⁵
2737 3797 2832 3849 ἐπὶ
2879 3797 3003 3858 ταῖς
3048 3792 3336 3864 ἀδοκήτοις
3383 3793 3691 3862 συμφοραῖς

2107 3892 2582 3965 κατοιμὼζοντες,
2635 3889 2741 3945 κᾶν
2788 3887 2920 3957 γοῦν
2971 3884 3227 3958 εὑρέσθαι
3280 3883 3542 3956 βραχεῖαν
3592 3879 3692 3936 τοῦ

2105 3988 2272 4042 πόνου
2333 3984 2667 4058 παραψυχὴν
2705 3981 2931 4053 ἐζήτουν
2977 3978 3089 4032 ἔσθ’
3123 3978 3233 4032 ὅτε.
3261 3974 3451 4051 ,Τοῦτο
3495 3974 3554 4030 δέ
3596 3969 3689 4046 ἦν,

2105 4081 2224 4144 ταῖς
2275 4079 2357 4143 είς
2403 4077 2536 4131 Θεὸν
2574 4072 2868 4145 ὑμνῳδίαις
2899 4070 2998 4140 τῆς
3042 4067 3270 4138 ἐνούσης
3304 4067 3490 4130 αὐτοῖς
3533 4066 3689 4129 ἀνίας

2103 4167 2562 4242 ἀπαμϐλύνεσθαι
2589 4164 2652 4220 τὸ
2682 4162 2871 4236 δριμύ’
2909 4181 2928 4215 ι
2965 4160 3275 4232 Ἐμνήσθην
3295 4159 3406 4230 γὰρ
3425 4155 3522 4212 τοῦ
3550 4155 3688 4212 Θεοῦ

2104 4263 2200 4318 καὶ
2214 4259 2546 4333 εὐφράνθην,
2573 4277 2591 4312 ι
2617 4259 2647 4311 ὁ
2667 4258 2808 4321 Θείος
2828 4255 2934 4325 ἔφη
2957 4252 3140 4318 Δαϐὶδ,
3160 4249 3352 4322 ἑορτὴν
3369 4248 3688 4320 ἀποφαίνων

2103 4351 2504 4426 πνευματικὴν,
2533 4351 2635 4421 τὴν
2663 4350 2746 4413 είς
2775 4345 2908 4400 Θεὸν
2949 4343 3247 4416 ὑμνῳδίαν.
3297 4341 3432 4396 Ἀλλ’
3460 4340 3686 4413 αἰσχρὸν

2102 4443 2243 4504 εἷναί
2283 4463 2400 4510 πως
2433 4444 2610 4498 ἐδόκει
2647 4445 2759 4506 τοῖς
2791 4438 3132 4510 ἀναμέλπειν
3169 4435 3416 4490 ἐθέλουσι
3436 4473 3451 4500 ,
3481 4432 3578 4487 καὶ¹
3617 4431 3685 4486 τὰ

2103 4538 2314 4610 συνήθη
2352 4535 2618 4609 πληροῦν,
2651 4535 2749 4606 τὴν
2779 4531 2923 4587 οὕτω
2947 4530 3206 4600 γλυκεῖαν
3243 4526 3382 4600 ἠχὴν
3425 4528 3536 4588 τοῖς
3571 4523 3684 4579 τῶν

2098 4629 2411 4700 ἀλλοφύλων
2437 4629 2570 4683 ὠσὶν
2591 4627 2794 4681 ἐνιέναι
2825 4624 3017 4694 φιλεῖν,
3047 4622 3142 4676 καλ⁸
3163 4621 3225 4674 τὸ
3255 4620 3440 4683 αὐτοῖς
3465 4616 3683 4688 ἥδιστόν

407 4750 604 4789 sonum
635 4733 1068 4804 alienigenarum
1110 4731 1340 4787 auribus
1372 4729 1735 4795 committere,
1773 4738 1830 4786 et
1861 4744 1992 4786 sua-

2112 4741 2159 4778 τε
2193 4723 2288 4778 καὶ
2313 4716 2912 4794 λιγυρώτατονμέλος,
2952 4714 3116 4770 οἱονεί
3151 4731 3266 4778 πως
3298 4712 3400 4784 ἠδη
3458 4711 3554 4804 καὶ
3597 4711 3684 4804 εἰς

404 4825 694 4881 vissimum
723 4824 830 4879 sibi
858 4823 1433 4896 jucundissimumque
1467 4837 1690 4878 carmen
1721 4822 1778 4876 in
1803 4837 1990 4878 aerem

2112 4818 2234 4889 lépa
2273 4815 2506 4889 ῥίπτειν,
2539 4809 3019 4883 καταμειδιώντων
3068 4806 3180 4861 ἐσθ’
3221 4807 3309 4861 ὅτε
3354 4804 3466 4858 τῶν
3504 4801 3682 4856 Βαϐυο

408 4915 810 4984 quodammodo
847 4915 1102 4981 fundere,
1140 4914 1521 4972 deridentibus
1574 4914 1852 4970 interdum
1888 4913 2020 4969 Ba-.

407 5007 660 5078 luyloniis,
687 5017 744 5064 et
764 5011 1005 5080 graviter
1033 5007 1258 5062 omnino
1288 5008 1622 5062 musicorum
1654 5006 2016 5061 instrumen»

405 5113 585 5153 mrum
615 5101 825 5155 cantica
857 5101 1180 5155 ferentibus.
1211 5100 1398 5170 Itaque
1437 5099 1731 5154 dicebant:
1763 5118 1778 5149 ι
1816 5098 1993 5168 Super

401 5190 628 5245 flumina
668 5190 962 5261 Babylonis
1003 5191 1116 5245 illic
1153 5190 1398 5245 sedimus
1451 5199 1508 5245 et
1546 5188 1831 5252 llevimus,
1856 5188 1990 5243 dum

402 5281 822 5339 recordaremur
847 5281 950 5347 tui,
993 5282 1126 5336 Sion
1142 5283 1216 5348 ³³;
1247 5299 1270 5334 ο
1301 5283 1355 5336 in
1381 5297 1488 5352 qua
1513 5281 1733 5336 civitate
1757 5296 1826 5335 ex
1856 5280 1990 5351 legis

401 5394 728 5448 morumque
783 5375 1144 5433 Judaicorum
1198 5375 1523 5445 prtescripto
1572 5373 1751 5428 laudis
1811 5373 1989 5427 hostia

399 5487 523 5524 cum
571 5471 888 5535 offerretur,
921 5469 1124 5524 ﬁdibus
1166 5483 1229 5523 ac
1278 5467 1427 5522 tibiis
1464 5466 1850 5538 peragebatur,
1877 5480 1987 5535 quo

399 5564 454 5616 ιιι
481 5564 493 5618 i
519 5565 780 5633 templum
805 5563 1071 5620 adeuntes
1097 5560 1682 5630 suavitatecarminum
1705 5558 1985 5615 demulce-

2095 4909 2302 4964 λωνίων
2326 4947 2341 4968 ,
2374 4907 2470 4962 καὶ
2509 4905 2826 4976 ἀχθομένων
2857 4905 2936 4968 εις
2981 4904 3128 4958 ἅπαν
3164 4901 3283 4962 ταῖς
3317 4899 3386 4952 δι’
3431 4896 3681 4967 ὀργάνων

2092 5002 2275 5074 ᾠδαῖς.
2311 4999 2603 5070 Τοιγάρτοι
2631 4998 2728 5052 καὶ
2753 4997 3019 5065 ἔφασκον·
3061 5013 3080 5046 ι
3127 4991 3252 5047 Ἐπὶ
3278 4991 3388 5045 τῶν
3418 4988 3681 5060 ποταμῶν

2095 5092 2414 5156 Βαϐυλῶνος
2450 5093 2568 5144 ἐκεῖ
2593 5089 2935 5160 «ἐκαθίσαμεν
2974 5088 3070 5142 καὶ
3105 5083 3473 5156 ἐκλαύσαμεν,
3513 5083 3573 5134 ἐν
3603 5079 3684 5151 τῷ

2096 5184 2402 5257 μνησθῆναι
2438 5183 2586 5254 ἡμᾶς
2615 5182 2713 5254 τῆς
2750 5180 2918 5234 Σιώνο
2959 5197 2977 5231 ι
3021 5173 3140 5253 ἐνῇ
3175 5177 3318 5231 κατὰ
3355 5175 3555 5246 νόμους
3584 5174 3683 5228 καὶ

2091 5277 2191 5348 ἔθη
2219 5277 2290 5330 τὰ
2339 5274 2643 5338 Ἰουδαίων,
2693 5275 2727 5345 ἡ
2762 5272 2862 5343 τῆς
2903 5271 3161 5334 αἰνέσεως
3203 5269 3366 5322 θυσία
3413 5281 3682 5336 προσεκο-

2091 5371 2281 5442 μίςετο
2332 5367 2548 5438 χορδαῖς
2611 5369 2706 5421 καὶ
2754 5366 3008 5437 ὀργάνοις
3056 5359 3525 5434 ἐκπεραινομένη,
3585 5359 3684 5412 καὶ

2088 5459 2470 5532 κατακηλοῦσα
2510 5462 2623 5523 τοῖς
2663 5460 2848 5528 μέλεσι
2887 5459 3016 5518 τοὺς
3060 5455 3140 5526 τῷ
3186 5455 3316 5527 θείῳ
3349 5452 3680 5524 προσιόντας

2088 5554 2220 5624 ναῷ.
2278 5552 2498 5623 Ἐπειδὴ
2536 5552 2593 5606 δὲ
2619 5547 2768 5623 ,ἦσαν
2812 5552 2871 5604 ἐν
2921 5550 3188 5622 ἀλλοτρίῳ
3235 5547 3385 5617 ζυγῷ
3428 5542 3674 5609 δουλείας

471 5743 515 5776 ³³
544 5743 699 5800 Joan.
733 5764 811 5807 ιιι,
837 5750 923 5805 20.
1003 5754 1040 5785 ³³
1067 5752 1238 5805 Exod.
1279 5768 1367 5806 xu.
1401 5751 1487 5805 55.
1527 5751 1616 5804 5t.
1697 5751 1737 5780 ³⁸
1767 5748 1908 5804 Psal.
1954 5761 2006 5798 ιι

2118 5785 2130 5808 ,
2155 5743 2207 5796 4.
2285 5742 2329 5773 ³³
2362 5741 2502 5797 Psal.
2533 5753 2747 5802 cxaxvt,
2779 5737 2831 5804 ί,
2863 5735 2919 5790 2.
