3954 6200
403 289 513 349 215

1430 281 1490 345 S.
1528 282 1810 348 CYRLLLI
1844 285 2320 349 ALEXANDRINI
2357 288 2686 350 ARCHIEP.

3576 292 3691 349 2H-

405 407 675 472 claritate,
719 406 840 479 ejus
886 403 1155 460 duntaxat
1201 415 1324 472 quae
1356 416 1425 456 ex
1471 400 1695 459 Christo
1739 411 1844 469 est,
1878 419 1988 460 non

2110 408 2235 463 ιατά
2257 408 2512 481 Χριστὸν,
2543 409 2606 462 οὐ
2646 411 2711 480 τῇ
2744 408 2886 464 κατὰ
2941 408 3123 480 νόμον.
3154 408 3220 463 Εἰ
3258 408 3367 481 γὰρ
3390 406 3581 463 δοῦλον
3608 410 3687 463 ἔτι

404 513 528 570 qua:
552 514 621 561 ex
649 499 789 570 lege.
832 496 990 562 Nam,
1021 494 1068 550 si
1097 508 1293 550 servus
1332 493 1570 557 habetur
1605 496 1867 567 quisquis,
1891 497 1996 557 sub

403 598 630 661 peccato
663 596 766 653 est,
802 601 904 643 nec
928 584 1196 661 justificat
1224 584 1336 640 ullo
1377 585 1542 641 modo
1591 586 1711 653 lex;
1749 588 1997 658 quinimo

405 659 737 735 condemnat
795 675 1000 747 potius,
1056 659 1288 744 reosque
1340 674 1472 731 facit
1528 683 2001 749 transgressores;

405 770 495 825 cui
540 785 652 825 non
682 768 1036 841 perspicuum
1085 769 1156 824 sit
1187 783 1407 831 omnem
1450 768 1894 841 justiﬁeationem
1940 769 1999 824 in

403 860 624 918 Christo
663 869 949 927 constare;
979 861 1221 931 itemque
1250 873 1467 916 omnem
1505 859 1844 931 spiritualem
1868 874 1997 931 per-

405 950 722 1017 fectionem,
760 966 882 1023 quae
925 966 1023 1022 per
1063 949 1869 1016 sanctificationembabeatur,
1898 966 1999 1025 per

405 1042 587 1113 ipsum
632 1051 689 1099 ct
731 1043 787 1098 in
830 1043 958 1121 ipso.
982 1042 1227 1115 acquiri?
1251 1042 1457 1104 Paulus
1484 1040 1572 1102 vir
1598 1049 1750 1099 certe
1778 1042 1998 1113 sapiens

404 1136 463 1199 in
492 1136 686 1208 primis
731 1135 926 1197 scribit
962 1154 974 1189 :
1019 1155 1036 1186 ι
1074 1136 1194 1193 Non
1241 1134 1391 1191 enim
1434 1136 1706 1190 erubesco
1745 1134 1996 1206 Evange-

404 1229 573 1297 lium;
610 1229 709 1289 Dei
752 1229 901 1285 enim
945 1228 1123 1286 virtus
1168 1235 1255 1287 est
1300 1227 1354 1280 in
1400 1227 1633 1285 salutem
1680 1226 1833 1286 omni
1872 1241 1994 1281 cre—

405 1321 580 1388 denti,
610 1320 801 1378 Judzeo
837 1321 1076 1391 primum
1111 1327 1167 1375 et
1211 1318 1418 1380 Graeco.
1459 1318 1682 1375 Iustitia
1713 1318 1860 1373 enim
1897 1318 2002 1380 Dei,

405 1414 464 1478 in
491 1429 558 1470 eo
585 1414 862 1471 revelatur
888 1429 959 1473 ex
984 1413 1091 1478 ﬁde
1120 1413 1176 1467 in
1198 1412 1383 1475 ﬁdem,
1413 1411 1556 1466 sicut
1584 1411 1851 1480 scriptum
1875 1420 1960 1467 est
1980 1429 2000 1470 ε,

403 1505 595 1565 Justus
646 1513 830 1559 autem
887 1518 956 1558 ex
997 1502 1104 1557 fide
1154 1502 1303 1556 vivet
1348 1502 1413 1555 ”.
1462 1520 1480 1551 ι
1517 1499 1733 1556 Veteris
1776 1516 1997 1571 quoque

404 1596 543 1667 legis
568 1595 820 1658 inutilem
844 1595 956 1650 vim
990 1602 1155 1664 atque
1186 1592 1462 1648 inﬁrmam
1490 1591 1558 1647 iis
1582 1593 1765 1648 verbis
1794 1602 1950 1649 notat
1980 1611 1993 1648 :

405 1688 512 1759 52
545 1707 564 1740 ι
593 1686 752 1755 Quod
780 1695 987 1753 autem,
1018 1686 1217 1758 inquit,
1249 1685 1307 1741 in
1332 1686 1451 1757 lege
1477 1700 1640 1740 nemo
1660 1684 1995 1758 justiﬁcatur

2098 500 2161 554 τὸ
2186 499 2276 568 ὑφ’
2303 500 2599 571 ἁμαρτίαν,
2633 501 2833 554 δικαιοῖ
2855 499 2914 555 δὲ
2944 500 3145 571 ἣκιστα
3180 498 3280 570 μὲν
3307 501 3336 550 6
3364 498 3549 570 νόμος,
3590 517 3688 554 κα-

2097 592 2343 666 τακρίνει
2361 592 2418 648 δὲ
2444 592 2655 665 μᾶλλον·
2672 594 2770 647 καὶ
2793 593 3063 664 γράφεται
3086 590 3546 662 τωρασαίνοντας,
3574 592 3687 656 πῶς

2094 686 2198 756 οὐκ
2229 686 2295 741 ἂν
2327 687 2538 756 γένοιτο
2576 687 2738 741 παντί
2778 703 2867 757 τῳ.
2888 683 3088 754 σαφὲς,
3110 684 3194 738 ὃτι
3227 684 3379 738 πᾶσα
3405 682 3688 750 δικαίωσις

2098 778 2156 831 ὲν
2184 778 2426 849 Χριστῷ,
2454 778 2550 832 καὶ
2568 776 2898 847 τελείωσιςή
2922 776 2981 828 ὲν
3002 774 3274 845 πνεύματι
3291 773 3360 828 δι’
3387 772 3685 845 άγιασμοῦ,

2098 868 2166 923 δι’
2197 870 2364 924 αὑτοῦ
2401 887 2463 928 τε
2513 869 2611 924 καὶ
2653 870 2725 928 ἐν
2748 867 2898 939 αὐτῷ
2927 883 2942 933 ;
2994 866 3105 921 Καὶ
3155 864 3286 935 γοῦν
3317 866 3346 918 6
3381 865 3688 934 σοφώτατος

2098 962 2303 1033 γράφει
2331 961 2542 1027 Παῦλος
2560 979 2576 994 ο
2617 979 2638 1013 ι
2676 960 2749 1015 Οὐ
2779 959 2892 1031 γὰρ
2918 957 3320 1029 ἐπαισχύνομαι
3350 956 3411 1011 τὺ
3444 956 3690 1026 Εὐαγγὲ-

2098 1053 2235 1118 λιον,
2262 1052 2492 1125 δύναμις
2525 1052 2635 1125 γὰρ
2659 1050 2794 1106 Θεοῦ
2822 1052 2969 1107 ἐστιν
2998 1051 3078 1115 εἰς
3111 1047 3389 1119 σωτηρίαν
3424 1050 3589 1102 παντὶ
3614 1049 3699 1119 τῷ,

2098 1142 2428 1206 πιστεύοντι,
2468 1142 2707 1214 Ἰουδαίῳ
2736 1159 2797 1197 τε
2818 1141 3037 1214 πρῶτον
3060 1140 3158 1197 καὶ
3187 1139 3434 1210 Ἕλληνι.
3475 1142 3690 1195 Δικαιοει

2099 1234 2233 1305 σύνη
2270 1236 2388 1307 γάρ.
2408 1232 2543 1288 Θεοῦ
2577 1233 2636 1292 ὲν
2672 1231 2820 1303 αιὶτῷ
2863 1229 3311 1286 ἀποκαλύπτεται
3349 1231 3414 1283 ὲκ
3454 1229 3701 1295 πίστεως

2098 1327 2179 1390 εἰς
2208 1325 2387 1381 πίστιν
2407 1368 2423 1392 ,
2452 1323 2636 1389 καθὼς
2675 1324 2987 1398 γέγραπται
3020 1339 3033 1354 ·
3081 1322 3141 1376 ’0
3167 1321 3225 1377 δὲ
3256 1321 3466 1384 δίκαιος
3494 1321 3560 1373 ἐκ
3602 1319 3693 1375 ari.-

2100 1434 2268 1483 στεως
2297 1417 2545 1489 ζήσεται.
2581 1437 2599 1469 ι
2638 1416 2823 1488 Νόμου
2852 1433 2912 1469 τε
2938 1413 3033 1469 τοῦ
3054 1412 3223 1469 πάλαι
3260 1413 3320 1467 τὸ
3352 1412 3610 1483 ἀνόνητόν
3630 1427 3698 1467 τε

2099 1511 2194 1566 καὶ
2226 1510 2455 1582 ἀδρανὲς
2483 1509 2541 1565 ἐν
2556 1500 2620 1579 γε
2652 1507 2849 1580 τουτῳῒ
2876 1506 3243 1579 καταγράφει,
3278 1505 3470 1576 λέγων’
3510 1524 3530 1556 ι
3568 1504 3693 1563 ’Ότι

2096 1603 2152 1657 δὲ
2184 1604 2243 1656 ἐν
2271 1603 2422 1675 νόμῳ
2453 1602 2630 1666 οὐδεὶς
2672 1600 2978 1657 δικαιοῦται
3004 1600 3157 1672 παρὰ
3200 1596 3342 1669 Θεῷ,
3385 1597 3566 1668 δῆλονο
3607 1596 3695 1651 ὅτι

2100 1696 2129 1748 6
2155 1694 2365 1758 δίκαιος
2390 1694 2455 1747 ἐκ
2486 1694 2722 1756 πίστεως
2752 1691 2996 1765 ζήσεται.
3034 1691 3094 1744 Ὀ
3131 1688 3186 1743 δὲ
3226 1688 3388 1760 νόμος
3414 1689 3515 1742 οὐκ
3545 1686 3705 1744 ἔστιν.

404 1779 551 1851 apud
600 1781 795 1848 Deum,
844 1779 1195 1841 manifestum
1228 1786 1313 1835 est
1346 1795 1365 1837 :_
1399 1778 1529 1848 quia
1552 1777 1736 1848 justus
1779 1793 1849 1833 ex
1892 1777 2001 1835 ﬁde

2110 1788 2168 1840 ὲκ
2198 1786 2457 1850 πίστεως,
2483 1786 2597 1847 ἀλλ’
2616 1788 2646 1839 6
2666 1787 2899 1857 ποιήσας
2917 1783 3078 1854 αὐτὰ,
3104 1782 3330 1854 ζήσεται
3355 1781 3413 1836 ὲν
3437 1780 3641 1844 αὐτοῖς.
3670 1799 3695 1834 ι

404 1871 561 1926 vivit.
594 1870 709 1930 Lex
738 1879 924 1929 autem
967 1885 1079 1932 non
1126 1877 1212 1947 est
1247 1883 1315 1930 ex
1357 1866 1496 1933 ﬁde;
1529 1866 1625 1925 sed
1663 1867 1758 1937 qui
1806 1866 2001 1930 fecerit

404 1978 493 2028 ea,
532 1962 683 2018 vivet
724 1962 782 2018 in
815 1960 1047 2033 ipsis“.
1101 1980 1125 2017 ι
1162 1960 1221 2023 ln
1261 1958 1481 2023 Christo
1523 1958 1691 2031 igitur
1730 1960 1998 2032 iustiﬁca-

405 2069 533 2110 mur
551 2069 651 2126 per
684 2053 871 2120 ﬁdem,
901 2069 966 2118 ac
998 2053 1323 2109 redimimur
1350 2070 1382 2109 a
1411 2053 1675 2114 servitute
1703 2053 1997 2130 spirituali.

479 2146 679 2202 PALL.
707 2146 807 2202 Est
835 2146 1003 2218 igitur
1031 2147 1119 2210 lex
1148 2146 1396 2202 inutilis?

476 2237 635 2295 ΟΥΕ.
667 2235 789 2293 Νοιι
818 2237 925 2293 hoc
953 2237 1098 2303 dico,
1145 2253 1325 2309 neque
1365 2237 1515 2297 enim
1562 2238 1768 2295 frustra
1800 2239 2015 2315 divinis.

408 2329 689 2401 responsis
737 2331 947 2393 sancita
1010 2338 1129 2396 est;
1171 2330 1284 2385 imo
1332 2345 1465 2387 vero
1504 2331 1606 2390 «in
1666 2332 2000 2404 adjutorium

409 2422 557 2488 data,
587 2442 606 2475 ι
632 2422 779 2481 sicut
804 2423 1073 2495 scriptum
1094 2433 1179 2480 est
1205 2423 1281 2490 ‘7;
1311 2438 1439 2478 nam
1486 2439 1595 2495 qua
1621 2434 1778 2495 parte
1806 2425 1875 2479 ad
1904 2425 1989 2480 in-

378 2510 379 2515 “
411 2512 754 2575 stitutioncm
795 2515 1066 2583 puerilem
1096 2513 1428 2584 pertinebat,
1454 2522 1512 2569 et
1544 2514 1613 2569 ad
1653 2515 2001 2586 iniquitatem

412 2604 873 2677 cognoscendam,
899 2621 1009 2681 qua
1038 2604 1204 2668 etiam
1222 2605 1296 2667 ad
1322 2606 1479 2663 initia
1508 2607 1863 2678 percipienda
1887 2607 2000 2663 ele-

413 2704 708 2768 mentaque
731 2712 1046 2755 sermonum
1071 2697 1191 2765 Dei,
1221 2714 1320 2757 cur
1341 2714 1452 2757 non
1476 2715 1546 2755 ex
1571 2714 1637 2754 ea
1660 2707 1813 2771 parte
1844 2700 2004 2759 intel-

413 2789 616 2862 ligatur
656 2788 841 2849 utilis?
875 2789 1107 2861 Segnior
1133 2798 1219 2846 est
1246 2798 1430 2853 autem
1462 2790 1530 2849 ad
1561 2790 1836 2851 abluenda
1870 2807 2001 2862 pec-

415 2890 536 2945 cata
592 2883 1048 2954 sanctitatemque
1101 2882 1513 2955 perﬁciendam.
1568 2884 1769 2945 Ecatus
1818 2883 2004 2955 itaque

415 2973 621 3032 Paulus
656 2972 836 3044 inquit
869 2990 883 3028 :
920 2992 940 3027 ι
989 2972 1207 3033 Scimus
1248 2982 1433 3029 autem
1480 2973 1629 3044 quod
1661 2988 2003 3045 quaecunque

2115 1877 2205 1931 Ἑν
2230 1875 2454 1949 Χριστῷ
2478 1876 2769 1949 τοιγαροῦν
2794 1874 3150 1948 δικαιούμεθα
3182 1872 3271 1929 διὰ
3300 1872 3538 1936 πίστεως
3557 1913 3573 1937 ,
3597 1871 3696 1929 sx,-

2100 1968 2491 2045 λελυτρὼμεθα
2514 1969 2573 2030 δὲ
2593 1969 2840 2034 δουλείας
2868 1969 2967 2040 τῆς
2994 1968 3211 2043 νοητῆς.

2173 2152 2385 2210 ΠΑΛΛ.
2432 2150 2716 2222 ’Δνόνητος
2744 2144 2837 2205 οὖν
2865 2150 2894 2203 6
2919 2149 3081 2222 νόμος
3104 2167 3118 2211 ;

2178 2241 2352 2300 ΚΥΡι
2372 2241 2448 2297 Οὐ
2477 2241 2637 2299 τοῦτό
2665 2257 2828 2312 φημι·
2861 2238 3318 2312 κεχρησμὼδηται
3350 2237 3458 2309 γάρ
3494 2237 3555 2290 οὐ
3591 2237 3700 2308 μάρ-

2102 2351 2233 2409 τηνο
2261 2334 2469 2390 δέδοται
2514 2334 2572 2389 δὲ
2618 2332 2817 2405 μᾶλλον
2853 2350 2871 2384 ι
2928 2334 3009 2396 εἰς
3054 2329 3326 2403 βοήθειαν,
3385 2349 3403 2382 ι
3454 2329 3596 2383 κατὰ
3636 2328 3711 2387 τὸ,

2103 2426 2508 2500 γεγραμμένον*
2540 2425 2663 2483 ὅσον
2713 2424 2813 2496 μὲν
2848 2423 2958 2496 γὰρ
2985 2417 3123 2495 ἧκεν
3165 2423 3245 2486 εις
3292 2420 3714 2490 παιδαγωγῶν,

2105 2521 2201 2576 καὶ
2226 2518 2290 2574 τὸ
2308 2519 2513 2577 εἰδέναι
2528 2518 2590 2572 τὸ
2612 2516 2953 2590 πλημμελὲς,
2979 2518 3073 2575 καὶ
3093 2516 3174 2579 είς
3197 2517 3259 2571 τὸ
3280 2514 3484 2585 χρῆναι
3508 2513 3701 2568 λαϐεῖν

2105 2612 2278 2685 ἀρχάς
2315 2610 2411 2667 καὶ
2438 2612 2676 2683 στοιχεῖα
2705 2608 2815 2665 τῶν
2845 2608 3042 2678 λογίων
3080 2606 3174 2661 τοῦ
3222 2606 3389 2670 Θεοῦ,
3434 2605 3553 2669 πῶς
3592 2606 3711 2663 οὐκ

2106 2706 2173 2762 ἂν
2222 2707 2394 2759 νοοῖτο
2435 2705 2732 2777 χρήσιμοςς
2777 2701 3097 2774 Ἀργότερος
3150 2699 3209 2759 δὲ
3255 2698 3392 2770 πρὸς
3438 2697 3711 2769 ἀπόνιψιν,

2104 2797 2401 2871 ἁμαρτίας,
2440 2795 2538 2851 καὶ
2585 2797 2664 2859 εἰς
2707 2793 2770 2848 τὸ
2812 2792 3074 2850 δύνασθαι
3116 2790 3357 2849 τελειοῦν
3402 2792 3481 2857 είς
3530 2790 3705 2859 ἁγια-

2108 2888 2264 2960 σμόν.
2293 2887 2405 2943 Καὶ
2425 2885 2599 2955 γοῦνὸ
2621 2884 2908 2949 θεσπέσιος
2939 2885 3071 2956 ἡμῖν
3090 2882 3194 2954 ἔφη
3226 2882 3457 2946 Παῦλος·
3491 2900 3510 2934 ι
3539 2881 3707 2939 Οἶδα·

2109 2995 2209 3051 μεν
2231 2979 2287 3033 δὲ
2307 2979 2388 3033 ὅτι
2422 2978 2523 3033 ὅσα
2548 2977 2579 3031 6
2606 2976 2771 3047 νόμος
2801 2974 2950 3044 λέγει
2991 2976 3104 3039 τοῖς
3130 2975 3188 3026 ὲν
3222 2972 3307 3043 ,τῷ
3340 2972 3489 3043 νόμῳ
3521 2971 3721 3040 λαλεῖι

415 3064 505 3120 lex
526 3064 791 3136 loquitur,
819 3065 887 3126 iis
913 3066 1009 3137 qui
1050 3065 1106 3121 in
1132 3066 1251 3137 lege
1281 3074 1412 3122 sunt
1433 3065 1700 3136 loquitur,
1743 3072 1805 3126 ut
1841 3080 2003 3121 omne

2110 3070 2198 3125 ἵνα
2223 3070 2333 3144 τεᾶν
2377 3068 2554 3138 στόμα
2599 3069 2807 3139 φραγῇ*
2840 3066 2935 3120 καὶ
2961 3065 3217 3129 ὑπόδικος
3247 3064 3474 3134 γένηται
3517 3063 3633 3127 πᾶς
3679 3063 3717 3122 ἀ

417 3174 481 3217 os
511 3158 852 3225 obstruatur,
883 3168 941 3215 et
971 3158 1226 3219 subditus
1256 3157 1348 3214 ﬁat
1372 3157 1552 3214 omnis
1581 3155 1825 3213 mundus
1860 3157 1999 3222 Deo;

416 3247 678 3317 quoniam
711 3263 788 3309 ex,
805 3248 1065 3321 operibus
1085 3248 1231 3320 legis
1245 3264 1355 3327 non
1370 3248 1765 3323 justiﬁcabitur
1788 3248 1845 3303 in
1874 3263 2005 3303 con~

418 3348 610 3410 spectu
644 3341 764 3413 ejus
802 3340 983 3396 omnis
1025 3356 1184 3410 caro;
1218 3357 1318 3413 per
1359 3342 1533 3413 legem
1573 3340 1723 3397 enim
1765 3339 2005 3411 cognitio

419 3435 631 3504 peccati
666 3436 730 3490 ⁵⁸.
771 3454 790 3486 ι
844 3434 1020 3497 Habet
1077 3449 1208 3509 ergo
1258 3433 1348 3495 lex
1404 3434 1517 3488 vim
1564 3450 1671 3504 qua
1717 3440 2005 3503 peccatum

420 3526 791 3593 demonstret,
805 3543 917 3589 non
941 3527 1173 3599 gloriam
1197 3526 1265 3589 de
1281 3527 1486 3583 virtute
1504 3533 1807 3595 comparet;
1827 3543 1845 3575 ι
1879 3538 2006 3578 nam

422 3619 479 3673 in
501 3633 569 3674 eo
592 3619 738 3690 quod
759 3619 856 3684 ait,
878 3619 1036 3675 verbi
1059 3618 1232 3691 gratia
1258 3638 1270 3672 :
1299 3638 1317 3670 ι
1343 3618 1464 3678 Non
1483 3617 1864 3681 fornicaberis,
1895 3632 2007 3673 non

420 3709 915 3774 adulterabis,,non
950 3709 1157 3767 furtum
1201 3709 1390 3775 facies,
1438 3725 1550 3764 non
1594 3709 1870 3782 pejerabis
1888 3710 1954 3775 ⁸³,
1983 3728 2000 3760 ι

421 3807 479 3857 et
499 3800 546 3856 si
568 3799 702 3872 quid
717 3800 916 3855 horum
934 3800 1112 3856 simile
1128 3809 1231 3869 est,
1252 3800 1511 3872 nequitia:
1533 3816 1736 3872 genera
1746 3800 2015 3867 ostendit,

423 3902 481 3948 et
524 3891 871 3965 impuritates
913 3892 1143 3964 expulit,
1188 3908 1302 3949 non
1340 3893 1563 3948 virtutis
1600 3892 1882 3950 notionem
1922 3893 2010 3949 in-

423 3986 594 4050 vexit,
623 3994 721 4041 aut
743 3985 989 4058 probata:
1006 3985 1133 4042 vitae
1156 3984 1526 4058 cognitionem
1549 3986 1895 4058 perspicuam
1916 4002 2018 4042 au.

425 4077 711 4141 ditoribus.
747 4078 908 4135 fecit.
946 4078 1082 4134 Nam
1120 4077 1271 4134 istud
1317 4077 1562 4149 quidem,
1605 4094 1718 4135 non
1756 4089 2015 4151 oportere

2030 3118 2073 3177 C

2106 3162 2310 3234 κόσμος
2338 3160 2417 3232 τῷ
2445 3159 2583 3231 Θεῷ·
2626 3159 2759 3213 διότι
2799 3156 2859 3225 ἐξ
2892 3157 3073 3231 ἔργων
3104 3158 3270 3230 νόμου
3303 3157 3366 3213 οὐ
3403 3153 3709 3227 δικαιωθήε

2107 3271 2260 3308 σεται
2290 3254 2439 3308 πᾶσα
2468 3250 2615 3325 σόιρξ¹
2637 3250 2867 3307 ἐνώπιον
2894 3250 3080 3307 αὐτοῦ·
3112 3249 3203 3305 διὰ
3230 3250 3340 3322 γὰρ
3360 3248 3549 3319 νόμου,
3573 3249 3711 3302 ἐπίο

2105 3364 2307 3418 γνωσις
2335 3344 2639 3418 ἁμαρτιῶν.
2675 3365 2693 3396 ι
2731 3345 3012 3409 Δεικτικδς
3045 3338 3139 3411 οὖν
3167 3344 3277 3414 ἄρα
3300 3342 3398 3412 τῆς
3425 3342 3721 3413 ἁμαρτίας

2106 3440 2350 3512 ὀνόμοςη,
2395 3437 2496 3492 οὐκ
2536 3435 2873 3508 αὐχημάτων
2907 3435 3167 3508 πρόξενος
3205 3433 3313 3487 τῶν
3347 3434 3427 3497 εἰς
3474 3432 3712 3504 ἀρετήν.

2109 3531 2185 3585 Τὸ
2208 3530 2316 3604 γάρ
2355 3547 2437 3584 τοι
2475 3529 2643 3598 φάναι
2674 3527 2858 3605 τυχδν,
2893 3528 2969 3583 Οὐ
3014 3524 3353 3599 πορνεύσεις,
3387 3525 3448 3578 οὐ
3484 3524 3722 3595 ,μοιχεύς

2112 3637 2257 3684 σεις,
2287 3621 2348 3673 οὐ
2384 3618 2635 3689 κλέψεις,
2677 3617 2777 3677 οὐκ
2813 3617 3192 3689 ἐπιορκήσεις,
3237 3616 3332 3670 καὶ
3358 3615 3411 3668 εἴ
3440 3632 3494 3668 τι
3520 3615 3718 3668 τοιούη

2109 3727 2252 3785 ειοις,¹
2290 3710 2695 3782 συνήρμοσται,
2745 3708 2813 3765 τὰ
2867 3708 2968 3780 τῆς
3031 3706 3360 3779 ςξανλότητος
3417 3706 3535 3779 εἴδη
3600 3724 3714 3760 κα-

2110 3801 2538 3877 τασημαίνοντος
2566 3798 2656 3876 ἦν,
2703 3803 2797 3857 καὶ
2837 3800 3149 3868 ἐξιστάντος
3185 3800 3564 3871 ἀκαθαρσῖας.
3605 3800 3721 3861 οὐκ

2112 3896 2317 3970 ἀρετῆς
2361 3896 2565 3969 εἴδησιν
2610 3893 3051 3966 είσκομίζοντος,
3101 3893 3222 3952 οὐδὲ
3262 3892 3366 3963 τῆς
3411 3890 3721 3963 summa.

2115 3987 2263 4059 ζωῆς
2307 3984 2793 4056 καταφανεστάτην
2835 3985 2947 4048 τοῖς
2993 3982 3369 4055 ἀκροωμένοις
3424 3979 3725 4050 ποιοῦντος

2114 4077 2214 4150 τὴν
2236 4077 2458 4146 γνῶσιν.
2497 4075 2585 4139 Ὠς
2604 4074 2666 4128 τό
2681 4091 2765 4133 τοι
2793 4074 2870 4145 μὴ
2890 4074 3087 4149 χρῆναι
3117 4072 3185 4127 τὰ
3214 4071 3413 4143 αἰσχίω
3424 4071 3579 4143 δρᾷν,
3599 4074 3724 4135 τοῖς

429 4170 617 4240 ιρι-βία
650 4168 856 4236 facere,
901 4170 1046 4226 inter
1089 4169 1486 4241 praistantioris
1520 4170 1649 4226 vita:
1692 4186 1877 4229 mores
1912 4186 2006 4225 an-

2116 4170 2215 4240 τῆς
2242 4167 2521 4239 ἐξαιρέτου
2551 4166 2826 4229 πολιτείας
2860 4163 3235 4237 ἐγγράφεσθαι
3274 4164 3495 4237 τρόποις
3517 4203 3534 4227 ,
3562 4163 3727 4232 ἅμα-

428 4277 721 4323 numerare
762 4263 990 4326 stultum
1027 4262 1131 4329 sit,
1164 4263 1380 4334 opinor.
1418 4264 1559 4325 Puto
1600 4270 1806 4329 autem,
1851 4261 2006 4331 idque

2119 4262 2211 4326 Θὲς
2237 4257 2391 4332 οἶμαί
2413 4277 2537 4319 που.
2564 4260 2682 4315 Δεῖν
2709 4259 2764 4313 δὲ
2784 4252 2936 4330 οἶμαι
2962 4258 3060 4313 καὶ
3084 4256 3288 4327 σφόδρα
3312 4255 3563 4320 εἰκότως,
3587 4256 3727 4309 τότε

430 4355 576 4411 haud
605 4354 861 4421 absurde,
904 4355 981 4419 ita
1003 4355 1242 4427 denique
1264 4371 1485 4426 aequum
1513 4370 1636 4411 esse
1670 4362 1731 4408 ut
1776 4355 1831 4409 in
1867 4354 2006 4409 omni

2118 4350 2183 4423 δὴ
2232 4351 2384 4423 μόλις
2434 4351 2533 4422 τὴν
2580 4347 2889 4419 ἐφυᾶπασι
2930 4350 3044 4412 τοῖς
3094 4345 3508 4417 ἐπαινουμένοις
3560 4345 3730 4416 ἡμᾶς

432 4464 618 4505 rerum
656 4448 1054 4506 laudandarum
1097 4462 1298 4518 genere
1331 4446 1494 4505 nobis
1535 4446 1828 4504 honestum
1864 4446 2006 4518 judi-

2121 4442 2429 4500 ἀναδεῖσθαι
2452 4441 2652 4515 ψῆφον,
2685 4442 2734 4495 εἰ
2762 4440 2827 4512 δὴ
2871 4439 3127 4512 μεθέντες
3158 4439 3255 4492 καὶ
3280 4436 3618 4508 διωσάμενοι
3664 4435 3733 4489 τὸ

430 4541 579 4599 cium
596 4549 761 4611 atque
781 4539 1159 4611 comprobatio
1180 4537 1491 4604 deferatur,
1505 4538 1550 4596 si
1559 4579 1579 4607 ,η
1599 4538 1751 4595 vitiis
1774 4537 2006 4600 dimissis

2116 4537 2291 4595 κακὸν
2319 4536 2417 4597 καὶΕ
2454 4534 2605 4589 κάτω
2642 4551 2745 4587 που
2790 4532 2972 4604 μένειν
2999 4530 3229 4594 ἐῶντες,
3258 4528 3321 4582 τὸ
3347 4530 3404 4582 ὲν
3439 4526 3735 4601 ὑπολήψεις.

432 4651 497 4697 ac
541 4634 821 4704 repulsis,
852 4641 911 4689 ct
944 4629 1297 4702 improbitate
1344 4638 1629 4702 superata,
1676 4631 2006 4704 impurisque

2119 4629 2453 4700 φαυλότητος
2476 4627 2571 4681 καὶ
2594 4625 2822 4697 βεϐήλου
2848 4621 3131 4695 βδελυρίας
3145 4620 3246 4674 οὐκ
3263 4617 3734 4696 ἀπηλλαγμένον,

434 4724 737 4783 sceleribus
766 4722 1014 4796 abjectis,
1049 4722 1120 4777 ad
1157 4737 1434 4778 summum
1472 4732 1754 4793 postremo
1796 4722 2006 4778 virtutis

2118 4723 2205 4779 ἐπ’
2248 4720 2390 4776 αὐτὰ
2429 4720 2527 4787 τῆς
2574 4717 2777 4790 ἀρετῆς
2823 4713 3249 4786 ἀναθρώσκομεν
3278 4713 3351 4775 τὰ
3388 4711 3735 4783 αὐχήματα.

435 4818 646 4887 apicem
707 4803 1212 4897 conscenderimus.
1285 4815 1476 4886 Itaque
1539 4814 1807 4876 Dominus
1859 4814 2021 4877 lesus

436 4908 688 4972 Christus
721 4926 734 4962 :
761 4929 779 4961 ι
804 4908 1208 4975 ΑΠΙΘΙΙ,,ἎΪΠΘῙΙ,
1240 4927 1259 4959 ι
1288 4907 1487 4978 inquit,
1509 4927 1527 4959 ι
1557 4907 1682 4963 dico
1708 4907 1887 4973 vobis,
1910 4907 2015 4962 nisi

437 5000 798 5063 abundaverit
819 4998 1035 5072 justitia
1069 5008 1250 5055 vestra
1281 4998 1407 5073 plus
1426 5013 1593 5069 quam
1615 4997 1933 5059 Scribarum
1962 5005 2019 5052 et

439 5090 871 5155 Pharisaeorum,
932 5106 1044 5147 non
1108 5089 1387 5145 intrabitis
1441 5090 1499 5145 in
1560 5104 1790 5160 regnum
1847 5088 2017 5142 caelo-

2125 4815 2231 4869 Καὶ
2267 4811 2397 4884 γοῦν
2427 4809 2691 4883 δΚύριος
2717 4807 2875 4880 ἡμῶν
2913 4805 3124 4879 Ἰησοῦς
3145 4804 3401 4875 Χριστὸς,
3435 4822 3453 4853 ι
3514 4804 3761 4879 Ἀμὴν,

2123 4905 2270 4978 ἀμὴν
2284 4903 2429 4973 λέγω
2450 4903 2599 4973 ὑμῖν,
2626 4898 2721 4953 ἐάν
2744 4898 2818 4971 μὴ
2844 4895 3211 4969 περισσεύσει,
3233 4894 3418 4965 φησιν,
3446 4892 3480 4964 ἡ
3503 4891 3741 4955 Samo-

2126 4997 2260 5068 σύνη
2288 4996 2318 5049 ὑ
2324 4994 2465 5066 μῶν,
2505 4992 2666 5053 πλέον
2700 4989 2810 5051 τῶν
2836 4986 3216 5060 Γραμματέων
3255 4986 3350 5039 καὶ
3376 4984 3742 5055 Φαρισαίων,⁹

2125 5091 2185 5142 οὐ
2231 5068 2305 5159 μὴ
2337 5084 2617 5156 εἰσέλθητε
2655 5084 2735 5146 εἰς
2766 5081 2865 5152 τὴν
2911 5078 3193 5155 βασιλείαν
3222 5078 3331 5131 τῶν
3368 5076 3669 5147 οὐρανῶν.,
3714 5096 3738 5132 ι

2126 5177 2321 5247 Συνίης
2349 5170 2444 5229 οὖν
2472 5175 2554 5227 ὅτι
2586 5173 2687 5243 τὴν
2715 5168 2976 5224 ἐπέκεινα
2998 5169 3097 5240 τῆς
3130 5167 3273 5222 κατὰ
3305 5167 3469 5238 νόμον
3494 5165 3747 5222 ἑλέσθαι

2126 5267 2473 5336 δικαιοσύνην
2502 5265 2866 5337 προστέταχεν
2893 5263 2922 5315 6
2952 5261 3165 5334 Σωτὴρ,
3192 5261 3286 5315 καὶ
3306 5258 3533 5331 ἄριστόν
3560 5276 3648 5328 γε
3677 5261 3748 5314 τὸ

2127 5362 2315 5434 χρῆμα
2342 5358 2499 5422 εἰδὼς
2535 5360 2564 5411 ὁ
2599 5356 2761 5427 σοφὸς
2789 5355 2992 5427 γράφει
3028 5353 3262 5416 Παῦλος·
3300 5370 3326 5408 ι,
3356 5349 3425 5406 Εἴ
3452 5367 3543 5414 τις
3567 5352 3753 5407 δοκεῖ

2128 5454 2287 5516 ἄλλος
2315 5450 2633 5509 πεποιθέναι
2679 5450 2737 5501 ὲν
2783 5447 2982 5519 σαρκὶ,
3015 5444 3127 5516 ἐγὼ
3168 5444 3388 5518 μᾶλλον.
3432 5442 3753 5516 Περιτομὴ

2131 5545 2491 5616 ὀκταήμερος,
2542 5541 2607 5593 ὲκ
2632 5539 2822 5607 γένους
2891 5536 3106 5609 Ἰσραὴλ
3129 5578 3143 5602 ,
3200 5533 3374 5607 φυλῆς
3426 5533 3756 5604 Βενιαμὶν,

515 5661 560 5699 ⁸⁸
588 5660 743 5716 Rom.
770 5679 809 5723 ι,
846 5665 935 5729 16,
977 5665 1064 5719 l7.
1144 5663 1190 5697 ⁸⁵
1220 5662 1385 5729 lbid.,
1436 5663 1499 5718 l7
1562 5679 1674 5734 seq.
1771 5664 1814 5695 ⁸⁷
1850 5661 1999 5724 Hebr

444 5734 487 5775 ιο
513 5731 707 5798 Matth,
723 5749 775 5793 ν,
799 5731 887 5796 20.

2110 5702 2126 5726 ,
2170 5658 2221 5717 l.
2319 5657 2546 5721 “Rom.
2584 5669 2664 5720 ut,
2721 5651 2808 5716 l9,
2836 5650 2924 5709 20.
3003 5650 3049 5684 “
3082 5647 3255 5713 Exod.
3286 5663 3375 5713 xx,
3440 5628 3509 5701 13
3555 5662 3748 5727 seqq.

441 5198 561 5239 rum
599 5183 665 5239 ‘°.
717 5202 737 5235 ι
770 5181 1035 5254 lntelligis
1081 5181 1248 5254 igitur
1285 5182 1552 5254 justitiam
1585 5180 1680 5235 illa
1719 5178 1881 5251 legali
1919 5195 2018 5235 ex-

437 5275 814 5334 cellentiorem
868 5285 1206 5346 praeceptam
1250 5289 1372 5331 esse
1425 5290 1457 5329 a
1511 5272 1745 5328 Domino
1790 5278 1983 5328 nostro
2001 5312 2018 5337 ,
2061 5341 2073 5354 .

437 5356 670 5445 eamque
701 5382 828 5424 cum
862 5380 982 5423 esse
1028 5354 1535 5440 pnestantissimam
1583 5364 1770 5429 sciret,
1817 5362 2023 5419 Paulus

442 5457 531 5512 ille
560 5460 779 5530 sapiens
808 5460 1033 5517 scribit:
1059 5479 1078 5513 ι
1107 5459 1165 5515 Si
1190 5459 1317 5530 quis
1333 5458 1477 5512 alius
1499 5456 1721 5511 videtur
1744 5454 2020 5512 conﬁdere

445 5548 499 5603 in
523 5563 707 5615 carne,
731 5566 833 5623 ego
862 5552 1053 5624 magis.
1080 5549 1452 5607 Circumcisus
1474 5556 1666 5604 octavo
1698 5547 1807 5613 die,
1839 5562 1909 5602 ex
1932 5561 2024 5617 ge-
