  <div class='ocr_page' id='page_1' title='image "/cluster/home/n/w/nwhite01/storage/ocr_20150623/68/hvd.32044073501975/114.png"; bbox 0 0 3954 6200; ppageno 0'>
   <div class='ocr_carea' id='block_1_1' title="bbox 321 325 433 385">
    <p class='ocr_par' dir='ltr' id='par_1_1' title="bbox 321 325 433 385">
     <span class='ocr_line' id='line_1_1' title="bbox 321 325 433 385; baseline -0.027 0"><span class='ocrx_word' id='word_1_1' title='bbox 321 325 433 385; x_wconf 64' lang='grc' dir='ltr'><strong>ξιτ</strong></span> 
     </span>
    </p>
   </div>
   <div class='ocr_carea' id='block_1_2' title="bbox 1076 320 2885 384">
    <p class='ocr_par' dir='ltr' id='par_1_2' title="bbox 1076 320 2885 384">
     <span class='ocr_line' id='line_1_2' title="bbox 1076 320 2885 384; baseline -0.002 -2"><span class='ocrx_word' id='word_1_2' title='bbox 1076 327 1164 382; x_wconf 78' lang='lat' dir='ltr'><strong>DE</strong></span> <span class='ocrx_word' id='word_1_3' title='bbox 1201 324 1648 384; x_wconf 78' lang='lat' dir='ltr'><strong>ADORATIONE</strong></span> <span class='ocrx_word' id='word_1_4' title='bbox 1689 325 1759 381; x_wconf 86' lang='lat' dir='ltr'><strong>IN</strong></span> <span class='ocrx_word' id='word_1_5' title='bbox 1800 323 2071 383; x_wconf 73' lang='lat' dir='ltr'><strong>SPIIU&#39;I’U</strong></span> <span class='ocrx_word' id='word_1_6' title='bbox 2113 324 2202 379; x_wconf 87' lang='lat' dir='ltr'><strong>ET</strong></span> <span class='ocrx_word' id='word_1_7' title='bbox 2245 323 2616 380; x_wconf 74' lang='lat' dir='ltr'><strong>VEBJTATE.</strong></span> <span class='ocrx_word' id='word_1_8' title='bbox 2653 322 2783 379; x_wconf 87' lang='lat' dir='ltr'><strong>LIB.</strong></span> <span class='ocrx_word' id='word_1_9' title='bbox 2814 320 2885 379; x_wconf 91' lang='lat' dir='ltr'><strong>&#39;II.</strong></span> 
     </span>
    </p>
   </div>
   <div class='ocr_carea' id='block_1_3' title="bbox 3491 313 3596 369">
    <p class='ocr_par' dir='ltr' id='par_1_3' title="bbox 3491 313 3596 369">
     <span class='ocr_line' id='line_1_3' title="bbox 3491 313 3596 369; baseline -0.01 -1"><span class='ocrx_word' id='word_1_10' title='bbox 3491 313 3596 369; x_wconf 68' lang='lat'><strong>21&#39;8</strong></span> 
     </span>
    </p>
   </div>
   <div class='ocr_carea' id='block_1_4' title="bbox 329 431 1915 516">
    <p class='ocr_par' dir='ltr' id='par_1_4' title="bbox 329 442 1910 516">
     <span class='ocr_line' id='line_1_4' title="bbox 329 442 1910 516; baseline 0.002 -19"><span class='ocrx_word' id='word_1_11' title='bbox 329 445 584 514; x_wconf 77' lang='grc' dir='ltr'><strong>Ἑϐραῖος</strong></span> <span class='ocrx_word' id='word_1_12' title='bbox 606 442 668 508; x_wconf 66' lang='grc' dir='ltr'><strong>ἐξ</strong></span> <span class='ocrx_word' id='word_1_13' title='bbox 709 443 993 515; x_wconf 80' lang='grc' dir='ltr'><strong>Ἑϐραίων,</strong></span> <span class='ocrx_word' id='word_1_14' title='bbox 1042 445 1183 501; x_wconf 75' lang='grc' dir='ltr'><strong>κατὰ</strong></span> <span class='ocrx_word' id='word_1_15' title='bbox 1217 445 1382 516; x_wconf 87' lang='grc' dir='ltr'><strong>νόμον</strong></span> <span class='ocrx_word' id='word_1_16' title='bbox 1420 447 1736 516; x_wconf 79' lang='grc' dir='ltr'><strong>Φαρισαῖος,</strong></span> <span class='ocrx_word' id='word_1_17' title='bbox 1768 445 1910 500; x_wconf 82' lang='grc' dir='ltr'><strong>κατά</strong></span> 
     </span>
    </p>
   </div>
   <div class='ocr_carea' id='block_1_5' title="bbox 2020 431 3596 516">
    <p class='ocr_par' dir='ltr' id='par_1_5' title="bbox 2020 431 3596 510">
     <span class='ocr_line' id='line_1_5' title="bbox 2020 431 3596 510; baseline -0.008 -14"><span class='ocrx_word' id='word_1_18' title='bbox 2020 459 2143 498; x_wconf 84' lang='lat' dir='ltr'><strong>nere</strong></span> <span class='ocrx_word' id='word_1_19' title='bbox 2183 443 2376 508; x_wconf 82' lang='lat' dir='ltr'><strong>Israel,</strong></span> <span class='ocrx_word' id='word_1_20' title='bbox 2419 458 2487 498; x_wconf 84' lang='lat' dir='ltr'><strong>ex</strong></span> <span class='ocrx_word' id='word_1_21' title='bbox 2530 440 2679 496; x_wconf 80' lang='lat' dir='ltr'><strong>tribu</strong></span> <span class='ocrx_word' id='word_1_22' title='bbox 2721 436 3034 510; x_wconf 68' lang='lat' dir='ltr'><strong>Beniamin,</strong></span> <span class='ocrx_word' id='word_1_23' title='bbox 3066 434 3335 494; x_wconf 65' lang='lat' dir='ltr'><strong>Hebraeus,</strong></span> <span class='ocrx_word' id='word_1_24' title='bbox 3373 446 3440 487; x_wconf 77' lang='lat' dir='ltr'><strong>ex</strong></span> <span class='ocrx_word' id='word_1_25' title='bbox 3487 431 3596 484; x_wconf 82' lang='lat' dir='ltr'><strong>lle-</strong></span> 
     </span>
    </p>
   </div>
   <div class='ocr_carea' id='block_1_6' title="bbox 317 533 1919 610">
    <p class='ocr_par' dir='ltr' id='par_1_6' title="bbox 317 533 1919 610">
     <span class='ocr_line' id='line_1_6' title="bbox 317 533 1919 610; baseline 0.001 -22"><span class='ocrx_word' id='word_1_26' title='bbox 317 535 482 606; x_wconf 81' lang='grc' dir='ltr'><strong>ζῆλον</strong></span> <span class='ocrx_word' id='word_1_27' title='bbox 501 533 714 588; x_wconf 82' lang='grc' dir='ltr'><strong>διώκων</strong></span> <span class='ocrx_word' id='word_1_28' title='bbox 750 536 850 607; x_wconf 78' lang='grc' dir='ltr'><strong>τὴν</strong></span> <span class='ocrx_word' id='word_1_29' title='bbox 885 537 1234 608; x_wconf 76' lang='grc' dir='ltr'><strong>Ἐκκλησίαν,</strong></span> <span class='ocrx_word' id='word_1_30' title='bbox 1263 539 1406 592; x_wconf 85' lang='grc' dir='ltr'><strong>κατὰ</strong></span> <span class='ocrx_word' id='word_1_31' title='bbox 1430 538 1780 610; x_wconf 76' lang='grc' dir='ltr'><strong>δικαιοσύνην</strong></span> <span class='ocrx_word' id='word_1_32' title='bbox 1810 539 1919 609; x_wconf 59' lang='grc' dir='ltr'><strong>τὴν.</strong></span> 
     </span>
    </p>
   </div>
   <div class='ocr_carea' id='block_1_7' title="bbox 316 626 1906 703">
    <p class='ocr_par' dir='ltr' id='par_1_7' title="bbox 316 626 1906 703">
     <span class='ocr_line' id='line_1_7' title="bbox 316 626 1906 703; baseline 0.001 -19"><span class='ocrx_word' id='word_1_33' title='bbox 316 631 380 685; x_wconf 67' lang='grc' dir='ltr'><strong>ὲν</strong></span> <span class='ocrx_word' id='word_1_34' title='bbox 419 629 570 698; x_wconf 82' lang='grc' dir='ltr'><strong>νόμῳ</strong></span> <span class='ocrx_word' id='word_1_35' title='bbox 594 628 888 698; x_wconf 80' lang='grc' dir='ltr'><strong>γενόμενος</strong></span> <span class='ocrx_word' id='word_1_36' title='bbox 926 630 1236 701; x_wconf 75' lang='grc' dir='ltr'><strong>ἄμεμπτος.</strong></span> <span class='ocrx_word' id='word_1_37' title='bbox 1272 631 1467 684; x_wconf 76' lang='grc' dir='ltr'><strong>’Ἂτινα</strong></span> <span class='ocrx_word' id='word_1_38' title='bbox 1495 626 1565 702; x_wconf 80' lang='grc' dir='ltr'><strong>ἦν</strong></span> <span class='ocrx_word' id='word_1_39' title='bbox 1600 648 1691 701; x_wconf 80' lang='grc' dir='ltr'><strong>μοι</strong></span> <span class='ocrx_word' id='word_1_40' title='bbox 1716 630 1906 703; x_wconf 81' lang='grc' dir='ltr'><strong>κέρδη,</strong></span> 
     </span>
    </p>
   </div>
   <div class='ocr_carea' id='block_1_8' title="bbox 314 721 1908 794">
    <p class='ocr_par' dir='ltr' id='par_1_8' title="bbox 314 721 1908 794">
     <span class='ocr_line' id='line_1_8' title="bbox 314 721 1908 794; baseline 0 -18"><span class='ocrx_word' id='word_1_41' title='bbox 314 723 495 777; x_wconf 83' lang='grc' dir='ltr'><strong>ταῦτα</strong></span> <span class='ocrx_word' id='word_1_42' title='bbox 533 721 874 793; x_wconf 75' lang='grc' dir='ltr'><strong>ἥγημαιδιά</strong></span> <span class='ocrx_word' id='word_1_43' title='bbox 907 722 998 775; x_wconf 88' lang='grc' dir='ltr'><strong>τὸν</strong></span> <span class='ocrx_word' id='word_1_44' title='bbox 1038 721 1273 793; x_wconf 80' lang='grc' dir='ltr'><strong>Χριστὸν</strong></span> <span class='ocrx_word' id='word_1_45' title='bbox 1317 721 1546 793; x_wconf 80' lang='grc' dir='ltr'><strong>ζημίαν.</strong></span> <span class='ocrx_word' id='word_1_46' title='bbox 1607 721 1766 776; x_wconf 87' lang='grc' dir='ltr'><strong>Ἀλλά</strong></span> <span class='ocrx_word' id='word_1_47' title='bbox 1811 723 1908 794; x_wconf 75' lang='grc' dir='ltr'><strong>μὲν</strong></span> 
     </span>
    </p>
   </div>
   <div class='ocr_carea' id='block_1_9' title="bbox 316 811 1910 887">
    <p class='ocr_par' dir='ltr' id='par_1_9' title="bbox 316 811 1910 887">
     <span class='ocr_line' id='line_1_9' title="bbox 316 811 1910 887; baseline -0.002 -16"><span class='ocrx_word' id='word_1_48' title='bbox 316 811 413 872; x_wconf 73' lang='grc' dir='ltr'><strong>οὖν</strong></span> <span class='ocrx_word' id='word_1_49' title='bbox 437 832 504 884; x_wconf 82' lang='grc' dir='ltr'><strong>γε</strong></span> <span class='ocrx_word' id='word_1_50' title='bbox 525 813 765 885; x_wconf 74' lang='grc' dir='ltr'><strong>ἠγοῦμαι</strong></span> <span class='ocrx_word' id='word_1_51' title='bbox 797 814 870 867; x_wconf 79' lang='grc' dir='ltr'><strong>τά</strong></span> <span class='ocrx_word' id='word_1_52' title='bbox 899 814 1081 868; x_wconf 78' lang='grc' dir='ltr'><strong>πάντα</strong></span> <span class='ocrx_word' id='word_1_53' title='bbox 1110 814 1316 887; x_wconf 78' lang='grc' dir='ltr'>ζημίαν</span> <span class='ocrx_word' id='word_1_54' title='bbox 1349 811 1508 878; x_wconf 77' lang='grc' dir='ltr'><strong>εἶναι,</strong></span> <span class='ocrx_word' id='word_1_55' title='bbox 1537 811 1628 869; x_wconf 82' lang='grc' dir='ltr'><strong>διὰ</strong></span> <span class='ocrx_word' id='word_1_56' title='bbox 1656 815 1717 869; x_wconf 88' lang='grc' dir='ltr'><strong>τὸ</strong></span> <span class='ocrx_word' id='word_1_57' title='bbox 1741 815 1910 886; x_wconf 80' lang='grc' dir='ltr'><strong>ὑπερ-</strong></span> 
     </span>
    </p>
   </div>
   <div class='ocr_carea' id='block_1_10' title="bbox 318 904 1906 981">
    <p class='ocr_par' dir='ltr' id='par_1_10' title="bbox 318 904 1906 981">
     <span class='ocr_line' id='line_1_10' title="bbox 318 904 1906 981; baseline 0.001 -21"><span class='ocrx_word' id='word_1_58' title='bbox 318 908 442 977; x_wconf 77' lang='grc' dir='ltr'><strong>έχον</strong></span> <span class='ocrx_word' id='word_1_59' title='bbox 474 905 573 974; x_wconf 85' lang='grc' dir='ltr'><strong>τῆς</strong></span> <span class='ocrx_word' id='word_1_60' title='bbox 599 904 857 974; x_wconf 87' lang='grc' dir='ltr'><strong>γνώσεως</strong></span> <span class='ocrx_word' id='word_1_61' title='bbox 895 905 1070 976; x_wconf 80' lang='grc' dir='ltr'><strong>Ἰησοῦ</strong></span> <span class='ocrx_word' id='word_1_62' title='bbox 1099 907 1338 981; x_wconf 78' lang='grc' dir='ltr'><strong>Χριστοῦ</strong></span> <span class='ocrx_word' id='word_1_63' title='bbox 1364 905 1460 961; x_wconf 88' lang='grc' dir='ltr'><strong>τοῦ</strong></span> <span class='ocrx_word' id='word_1_64' title='bbox 1492 907 1702 980; x_wconf 78' lang='grc' dir='ltr'>Κυρίου</span> <span class='ocrx_word' id='word_1_65' title='bbox 1727 908 1906 979; x_wconf 74' lang='grc' dir='ltr'><strong>ήμῶνο</strong></span> 
     </span>
    </p>
   </div>
   <div class='ocr_carea' id='block_1_11' title="bbox 317 997 1910 1071">
    <p class='ocr_par' dir='ltr' id='par_1_11' title="bbox 317 997 1910 1071">
     <span class='ocr_line' id='line_1_11' title="bbox 317 997 1910 1071; baseline 0.002 -20"><span class='ocrx_word' id='word_1_66' title='bbox 317 999 388 1051; x_wconf 76' lang='grc' dir='ltr'><strong>δι’</strong></span> <span class='ocrx_word' id='word_1_67' title='bbox 423 998 485 1051; x_wconf 86' lang='grc' dir='ltr'><strong>ὃν</strong></span> <span class='ocrx_word' id='word_1_68' title='bbox 529 997 597 1052; x_wconf 73' lang='grc' dir='ltr'><strong>τὰ</strong></span> <span class='ocrx_word' id='word_1_69' title='bbox 629 997 809 1050; x_wconf 80' lang='grc' dir='ltr'><strong>πάντα</strong></span> <span class='ocrx_word' id='word_1_70' title='bbox 847 997 1195 1070; x_wconf 74' lang='grc' dir='ltr'><strong>ὲζημιώθηψ</strong></span> <span class='ocrx_word' id='word_1_71' title='bbox 1239 1000 1334 1054; x_wconf 74' lang='grc' dir='ltr'><strong>καὶ</strong></span> <span class='ocrx_word' id='word_1_72' title='bbox 1379 998 1622 1071; x_wconf 84' lang='grc' dir='ltr'><strong>ἡγοῦμαι</strong></span> <span class='ocrx_word' id='word_1_73' title='bbox 1667 1000 1910 1056; x_wconf 65' lang='grc' dir='ltr'><strong>πύὸαλα</strong></span> 
     </span>
    </p>
   </div>
   <div class='ocr_carea' id='block_1_12' title="bbox 319 1086 1909 1164">
    <p class='ocr_par' dir='ltr' id='par_1_12' title="bbox 319 1086 1909 1164">
     <span class='ocr_line' id='line_1_12' title="bbox 319 1086 1909 1164; baseline 0.033 -20"><span class='ocrx_word' id='word_1_74' title='bbox 319 1086 482 1153; x_wconf 83' lang='grc' dir='ltr'><strong>εἶναι,</strong></span> <span class='ocrx_word' id='word_1_75' title='bbox 518 1089 604 1142; x_wconf 81' lang='grc' dir='ltr'><strong>ἶνα</strong></span> <span class='ocrx_word' id='word_1_76' title='bbox 635 1088 871 1161; x_wconf 73' lang='grc' dir='ltr'><strong>Χριστὸν</strong></span> <span class='ocrx_word' id='word_1_77' title='bbox 896 1089 1167 1162; x_wconf 72' lang='grc' dir='ltr'><strong>κερδήσων</strong></span> <span class='ocrx_word' id='word_1_78' title='bbox 1197 1089 1293 1144; x_wconf 56' lang='grc' dir='ltr'><strong>καὶ</strong></span> <span class='ocrx_word' id='word_1_79' title='bbox 1327 1091 1540 1162; x_wconf 67' lang='grc' dir='ltr'><strong>εὑρεθῶ</strong></span> <span class='ocrx_word' id='word_1_80' title='bbox 1569 1094 1628 1146; x_wconf 67' lang='grc' dir='ltr'><strong>ὲν</strong></span> <span class='ocrx_word' id='word_1_81' title='bbox 1656 1092 1805 1164; x_wconf 66' lang='grc' dir='ltr'><strong>αὐτῷ</strong></span> <span class='ocrx_word' id='word_1_82' title='bbox 1834 1093 1909 1164; x_wconf 70' lang='grc' dir='ltr'><strong>μὴ</strong></span> 
     </span>
    </p>
   </div>
   <div class='ocr_carea' id='block_1_13' title="bbox 314 1181 1913 1258">
    <p class='ocr_par' dir='ltr' id='par_1_13' title="bbox 314 1181 1913 1258">
     <span class='ocr_line' id='line_1_13' title="bbox 314 1181 1913 1258; baseline 0.003 -22"><span class='ocrx_word' id='word_1_83' title='bbox 314 1182 460 1253; x_wconf 73' lang='grc' dir='ltr'><strong>ἔχων</strong></span> <span class='ocrx_word' id='word_1_84' title='bbox 494 1181 632 1254; x_wconf 78' lang='grc' dir='ltr'><strong>ἐμὴν</strong></span> <span class='ocrx_word' id='word_1_85' title='bbox 670 1182 1021 1255; x_wconf 74' lang='grc' dir='ltr'><strong>δικαιοσύνην</strong></span> <span class='ocrx_word' id='word_1_86' title='bbox 1059 1183 1158 1255; x_wconf 77' lang='grc' dir='ltr'><strong>τὴν</strong></span> <span class='ocrx_word' id='word_1_87' title='bbox 1187 1186 1254 1242; x_wconf 81' lang='grc' dir='ltr'><strong>ὲκ</strong></span> <span class='ocrx_word' id='word_1_88' title='bbox 1285 1184 1478 1254; x_wconf 82' lang='grc' dir='ltr'><strong>νόμου,</strong></span> <span class='ocrx_word' id='word_1_89' title='bbox 1522 1185 1658 1240; x_wconf 86' lang='grc' dir='ltr'><strong>ἀλλά</strong></span> <span class='ocrx_word' id='word_1_90' title='bbox 1686 1186 1789 1258; x_wconf 82' lang='grc' dir='ltr'><strong>τὴν</strong></span> <span class='ocrx_word' id='word_1_91' title='bbox 1820 1185 1913 1242; x_wconf 85' lang='grc' dir='ltr'><strong>διὰ</strong></span> 
     </span>
    </p>
   </div>
   <div class='ocr_carea' id='block_1_14' title="bbox 315 1277 1434 1350">
    <p class='ocr_par' dir='ltr' id='par_1_14' title="bbox 315 1277 1434 1350">
     <span class='ocr_line' id='line_1_14' title="bbox 315 1277 1434 1350; baseline -0.004 -17"><span class='ocrx_word' id='word_1_92' title='bbox 315 1279 558 1342; x_wconf 73' lang='grc' dir='ltr'><strong>πίστεως</strong></span> <span class='ocrx_word' id='word_1_93' title='bbox 585 1277 846 1350; x_wconf 81' lang='grc' dir='ltr'><strong>Χριστοῦ.</strong></span> <span class='ocrx_word' id='word_1_94' title='bbox 880 1297 902 1331; x_wconf 74' lang='grc' dir='ltr'><strong>ι</strong></span> <span class='ocrx_word' id='word_1_95' title='bbox 1431 1309 1434 1312; x_wconf 80' lang='lat'><strong><em>~</em></strong></span> 
     </span>
    </p>
   </div>
   <div class='ocr_carea' id='block_1_15' title="bbox 393 1534 1914 1614">
    <p class='ocr_par' dir='ltr' id='par_1_15' title="bbox 393 1534 1914 1614">
     <span class='ocr_line' id='line_1_15' title="bbox 393 1534 1914 1614; baseline 0.005 -26"><span class='ocrx_word' id='word_1_96' title='bbox 393 1536 607 1590; x_wconf 76' lang='lat' dir='ltr'><strong>IIAAA.</strong></span> <span class='ocrx_word' id='word_1_97' title='bbox 653 1534 888 1606; x_wconf 77' lang='grc' dir='ltr'><strong>Συνίημι</strong></span> <span class='ocrx_word' id='word_1_98' title='bbox 939 1536 1060 1607; x_wconf 79' lang='grc' dir='ltr'><strong>μὲν,</strong></span> <span class='ocrx_word' id='word_1_99' title='bbox 1104 1538 1281 1610; x_wconf 81' lang='grc' dir='ltr'><strong>σαφὴς</strong></span> <span class='ocrx_word' id='word_1_100' title='bbox 1328 1539 1437 1611; x_wconf 85' lang='grc' dir='ltr'><strong>γὰρ</strong></span> <span class='ocrx_word' id='word_1_101' title='bbox 1478 1542 1507 1595; x_wconf 87' lang='lat'><strong>6</strong></span> <span class='ocrx_word' id='word_1_102' title='bbox 1541 1541 1720 1610; x_wconf 85' lang='grc' dir='ltr'><strong>λόγος·</strong></span> <span class='ocrx_word' id='word_1_103' title='bbox 1769 1542 1914 1614; x_wconf 76' lang='grc' dir='ltr'><strong>πλὴν</strong></span> 
     </span>
    </p>
   </div>
   <div class='ocr_carea' id='block_1_16' title="bbox 314 1629 1912 1704">
    <p class='ocr_par' dir='ltr' id='par_1_16' title="bbox 314 1629 1912 1704">
     <span class='ocr_line' id='line_1_16' title="bbox 314 1629 1912 1704; baseline 0.004 -22"><span class='ocrx_word' id='word_1_104' title='bbox 314 1630 498 1682; x_wconf 71' lang='grc' dir='ltr'><strong>ἐκεῖνο</strong></span> <span class='ocrx_word' id='word_1_105' title='bbox 523 1629 754 1700; x_wconf 80' lang='grc' dir='ltr'><strong>φράσον.</strong></span> <span class='ocrx_word' id='word_1_106' title='bbox 779 1629 845 1683; x_wconf 85' lang='grc' dir='ltr'><strong>Τί</strong></span> <span class='ocrx_word' id='word_1_107' title='bbox 868 1630 944 1702; x_wconf 81' lang='grc' dir='ltr'><strong>μὴ</strong></span> <span class='ocrx_word' id='word_1_108' title='bbox 967 1630 1166 1702; x_wconf 79' lang='grc' dir='ltr'><strong>μᾶλλον</strong></span> <span class='ocrx_word' id='word_1_109' title='bbox 1190 1633 1248 1686; x_wconf 78' lang='grc' dir='ltr'><strong>ἐν</strong></span> <span class='ocrx_word' id='word_1_110' title='bbox 1271 1633 1468 1704; x_wconf 83' lang='grc' dir='ltr'><strong>ἀρχαῖς</strong></span> <span class='ocrx_word' id='word_1_111' title='bbox 1497 1635 1530 1702; x_wconf 78' lang='grc' dir='ltr'><strong>ἡ</strong></span> <span class='ocrx_word' id='word_1_112' title='bbox 1558 1633 1648 1688; x_wconf 85' lang='grc' dir='ltr'><strong>διὰ</strong></span> <span class='ocrx_word' id='word_1_113' title='bbox 1677 1635 1912 1700; x_wconf 87' lang='grc' dir='ltr'><strong>πίστεως</strong></span> 
     </span>
    </p>
   </div>
   <div class='ocr_carea' id='block_1_17' title="bbox 317 1719 1911 1795">
    <p class='ocr_par' dir='ltr' id='par_1_17' title="bbox 317 1719 1911 1795">
     <span class='ocr_line' id='line_1_17' title="bbox 317 1719 1911 1795; baseline 0.003 -21"><span class='ocrx_word' id='word_1_114' title='bbox 317 1722 453 1792; x_wconf 69' lang='grc' dir='ltr'><strong>ήμῖν</strong></span> <span class='ocrx_word' id='word_1_115' title='bbox 479 1719 820 1792; x_wconf 85' lang='grc' dir='ltr'><strong>δικαιοσύνη,</strong></span> <span class='ocrx_word' id='word_1_116' title='bbox 854 1720 950 1777; x_wconf 77' lang='grc' dir='ltr'><strong>καὶ</strong></span> <span class='ocrx_word' id='word_1_117' title='bbox 987 1723 1016 1776; x_wconf 97' lang='lat'><strong>6</strong></span> <span class='ocrx_word' id='word_1_118' title='bbox 1044 1723 1162 1779; x_wconf 85' lang='grc' dir='ltr'><strong>κατ’</strong></span> <span class='ocrx_word' id='word_1_119' title='bbox 1189 1722 1358 1794; x_wconf 81' lang='grc' dir='ltr'><strong>αὐτὴν</strong></span> <span class='ocrx_word' id='word_1_120' title='bbox 1386 1723 1662 1795; x_wconf 76' lang='grc' dir='ltr'><strong>ἁγιασμὸς</strong></span> <span class='ocrx_word' id='word_1_121' title='bbox 1686 1725 1911 1778; x_wconf 78' lang='grc' dir='ltr'><strong>ὲθεσπίο</strong></span> 
     </span>
    </p>
   </div>
   <div class='ocr_carea' id='block_1_18' title="bbox 2011 521 3600 599">
    <p class='ocr_par' dir='ltr' id='par_1_18' title="bbox 2011 521 3600 599">
     <span class='ocr_line' id='line_1_18' title="bbox 2011 521 3600 599; baseline -0.008 -15"><span class='ocrx_word' id='word_1_122' title='bbox 2011 529 2194 594; x_wconf 74' lang='lat' dir='ltr'><strong>hrzeis,</strong></span> <span class='ocrx_word' id='word_1_123' title='bbox 2221 529 2526 586; x_wconf 88' lang='lat' dir='ltr'><strong>secundum</strong></span> <span class='ocrx_word' id='word_1_124' title='bbox 2551 529 2726 599; x_wconf 89' lang='lat' dir='ltr'><strong>legem</strong></span> <span class='ocrx_word' id='word_1_125' title='bbox 2751 527 3082 591; x_wconf 82' lang='lat' dir='ltr'><strong>Pharisaeus,</strong></span> <span class='ocrx_word' id='word_1_126' title='bbox 3101 521 3406 578; x_wconf 90' lang='lat' dir='ltr'><strong>secundum</strong></span> <span class='ocrx_word' id='word_1_127' title='bbox 3431 534 3600 576; x_wconf 70' lang='lat' dir='ltr'><strong>temu-</strong></span> 
     </span>
    </p>
   </div>
   <div class='ocr_carea' id='block_1_19' title="bbox 2010 611 3599 694">
    <p class='ocr_par' dir='ltr' id='par_1_19' title="bbox 2010 611 3599 694">
     <span class='ocr_line' id='line_1_19' title="bbox 2010 611 3599 694; baseline -0.008 -16"><span class='ocrx_word' id='word_1_128' title='bbox 2010 623 2273 678; x_wconf 88' lang='lat' dir='ltr'><strong>lationem</strong></span> <span class='ocrx_word' id='word_1_129' title='bbox 2327 637 2664 694; x_wconf 88' lang='lat' dir='ltr'><strong>persequens</strong></span> <span class='ocrx_word' id='word_1_130' title='bbox 2712 619 3034 683; x_wconf 81' lang='lat' dir='ltr'><strong>Eeclesiam,</strong></span> <span class='ocrx_word' id='word_1_131' title='bbox 3082 615 3387 672; x_wconf 89' lang='lat' dir='ltr'><strong>secundum</strong></span> <span class='ocrx_word' id='word_1_132' title='bbox 3431 611 3599 683; x_wconf 80' lang='lat' dir='ltr'><strong>justi-</strong></span> 
     </span>
    </p>
   </div>
   <div class='ocr_carea' id='block_1_20' title="bbox 2013 700 3602 784">
    <p class='ocr_par' dir='ltr' id='par_1_20' title="bbox 2013 700 3602 784">
     <span class='ocr_line' id='line_1_20' title="bbox 2013 700 3602 784; baseline -0.008 -15"><span class='ocrx_word' id='word_1_133' title='bbox 2013 713 2147 770; x_wconf 83' lang='lat' dir='ltr'><strong>tiam</strong></span> <span class='ocrx_word' id='word_1_134' title='bbox 2173 713 2281 784; x_wconf 80' lang='lat'><strong>53</strong></span> <span class='ocrx_word' id='word_1_135' title='bbox 2309 728 2433 782; x_wconf 65' lang='lat' dir='ltr'><strong>quae</strong></span> <span class='ocrx_word' id='word_1_136' title='bbox 2479 712 2537 766; x_wconf 94' lang='lat' dir='ltr'><strong>in</strong></span> <span class='ocrx_word' id='word_1_137' title='bbox 2571 711 2690 780; x_wconf 83' lang='lat' dir='ltr'><strong>lege</strong></span> <span class='ocrx_word' id='word_1_138' title='bbox 2727 717 2833 774; x_wconf 83' lang='lat' dir='ltr'><strong>est,</strong></span> <span class='ocrx_word' id='word_1_139' title='bbox 2877 708 2997 762; x_wconf 87' lang='lat' dir='ltr'><strong>sine</strong></span> <span class='ocrx_word' id='word_1_140' title='bbox 3030 704 3276 776; x_wconf 84' lang='lat' dir='ltr'><strong>querela.</strong></span> <span class='ocrx_word' id='word_1_141' title='bbox 3326 700 3434 757; x_wconf 85' lang='lat' dir='ltr'><strong>Sed</strong></span> <span class='ocrx_word' id='word_1_142' title='bbox 3477 714 3602 769; x_wconf 69' lang='lat' dir='ltr'><strong>qua:</strong></span> 
     </span>
    </p>
   </div>
   <div class='ocr_carea' id='block_1_21' title="bbox 2010 799 3600 866">
    <p class='ocr_par' dir='ltr' id='par_1_21' title="bbox 2010 799 3600 866">
     <span class='ocr_line' id='line_1_21' title="bbox 2010 799 3600 866; baseline -0.012 -4"><span class='ocrx_word' id='word_1_143' title='bbox 2010 806 2148 862; x_wconf 89' lang='lat' dir='ltr'><strong>mihi</strong></span> <span class='ocrx_word' id='word_1_144' title='bbox 2194 805 2422 860; x_wconf 80' lang='lat' dir='ltr'><strong>fuerunt</strong></span> <span class='ocrx_word' id='word_1_145' title='bbox 2468 804 2655 866; x_wconf 83' lang='lat' dir='ltr'><strong>lucra,</strong></span> <span class='ocrx_word' id='word_1_146' title='bbox 2691 801 2808 856; x_wconf 65' lang='lat' dir='ltr'><strong>haec</strong></span> <span class='ocrx_word' id='word_1_147' title='bbox 2853 799 3155 855; x_wconf 75' lang='lat' dir='ltr'><strong>arbitratus</strong></span> <span class='ocrx_word' id='word_1_148' title='bbox 3205 809 3333 850; x_wconf 89' lang='lat' dir='ltr'><strong>sum</strong></span> <span class='ocrx_word' id='word_1_149' title='bbox 3374 799 3600 862; x_wconf 80' lang='lat' dir='ltr'><strong>propter</strong></span> 
     </span>
    </p>
   </div>
   <div class='ocr_carea' id='block_1_22' title="bbox 2010 883 3598 956">
    <p class='ocr_par' dir='ltr' id='par_1_22' title="bbox 2010 883 3598 956">
     <span class='ocr_line' id='line_1_22' title="bbox 2010 883 3598 956; baseline -0.013 0"><span class='ocrx_word' id='word_1_150' title='bbox 2010 899 2292 956; x_wconf 76' lang='lat' dir='ltr'><strong>Christum</strong></span> <span class='ocrx_word' id='word_1_151' title='bbox 2320 895 2669 951; x_wconf 89' lang='lat' dir='ltr'><strong>detrimenta.</strong></span> <span class='ocrx_word' id='word_1_152' title='bbox 2699 893 2903 947; x_wconf 79' lang='lat' dir='ltr'><strong>Verum</strong></span> <span class='ocrx_word' id='word_1_153' title='bbox 2929 891 3095 946; x_wconf 88' lang='lat' dir='ltr'><strong>etiam</strong></span> <span class='ocrx_word' id='word_1_154' title='bbox 3116 888 3370 943; x_wconf 79' lang='lat' dir='ltr'><strong>existimo</strong></span> <span class='ocrx_word' id='word_1_155' title='bbox 3413 883 3598 938; x_wconf 81' lang='lat' dir='ltr'><strong>omnia</strong></span> 
     </span>
    </p>
   </div>
   <div class='ocr_carea' id='block_1_23' title="bbox 2012 975 3598 1056">
    <p class='ocr_par' dir='ltr' id='par_1_23' title="bbox 2012 975 3598 1056">
     <span class='ocr_line' id='line_1_23' title="bbox 2012 975 3598 1056; baseline -0.012 -9"><span class='ocrx_word' id='word_1_156' title='bbox 2012 991 2406 1047; x_wconf 75' lang='lat' dir='ltr'><strong>detrimentum</strong></span> <span class='ocrx_word' id='word_1_157' title='bbox 2450 1001 2606 1051; x_wconf 88' lang='lat' dir='ltr'><strong>esse,</strong></span> <span class='ocrx_word' id='word_1_158' title='bbox 2657 975 2891 1056; x_wconf 88' lang='lat' dir='ltr'><strong>propter</strong></span> <span class='ocrx_word' id='word_1_159' title='bbox 2928 982 3260 1037; x_wconf 77' lang='lat' dir='ltr'><strong>eminentem</strong></span> <span class='ocrx_word' id='word_1_160' title='bbox 3314 975 3598 1032; x_wconf 75' lang='lat' dir='ltr'><strong>scientiam</strong></span> 
     </span>
    </p>
   </div>
   <div class='ocr_carea' id='block_1_24' title="bbox 2011 1066 3603 1144">
    <p class='ocr_par' dir='ltr' id='par_1_24' title="bbox 2011 1066 3603 1144">
     <span class='ocr_line' id='line_1_24' title="bbox 2011 1066 3603 1144; baseline -0.013 -4"><span class='ocrx_word' id='word_1_161' title='bbox 2011 1083 2140 1140; x_wconf 85' lang='lat' dir='ltr'><strong>Jesu</strong></span> <span class='ocrx_word' id='word_1_162' title='bbox 2164 1078 2372 1136; x_wconf 84' lang='lat' dir='ltr'><strong>Christi</strong></span> <span class='ocrx_word' id='word_1_163' title='bbox 2406 1076 2625 1132; x_wconf 88' lang='lat' dir='ltr'><strong>Domini</strong></span> <span class='ocrx_word' id='word_1_164' title='bbox 2668 1074 2876 1140; x_wconf 87' lang='lat' dir='ltr'><strong>nostri;</strong></span> <span class='ocrx_word' id='word_1_165' title='bbox 2906 1082 3133 1144; x_wconf 83' lang='lat' dir='ltr'><strong>propter</strong></span> <span class='ocrx_word' id='word_1_166' title='bbox 3160 1084 3322 1140; x_wconf 86' lang='lat' dir='ltr'><strong>quem</strong></span> <span class='ocrx_word' id='word_1_167' title='bbox 3353 1066 3603 1122; x_wconf 89' lang='lat' dir='ltr'><strong>omnium</strong></span> 
     </span>
    </p>
   </div>
   <div class='ocr_carea' id='block_1_25' title="bbox 2014 1156 3603 1234">
    <p class='ocr_par' dir='ltr' id='par_1_25' title="bbox 2014 1156 3603 1234">
     <span class='ocr_line' id='line_1_25' title="bbox 2014 1156 3603 1234; baseline -0.013 -5"><span class='ocrx_word' id='word_1_168' title='bbox 2014 1172 2408 1230; x_wconf 83' lang='lat' dir='ltr'><strong>detrimentum</strong></span> <span class='ocrx_word' id='word_1_169' title='bbox 2439 1167 2569 1234; x_wconf 78' lang='lat' dir='ltr'><strong>feci,</strong></span> <span class='ocrx_word' id='word_1_170' title='bbox 2597 1175 2654 1223; x_wconf 88' lang='lat' dir='ltr'><strong>et</strong></span> <span class='ocrx_word' id='word_1_171' title='bbox 2687 1166 2930 1221; x_wconf 85' lang='lat' dir='ltr'><strong>arbitror</strong></span> <span class='ocrx_word' id='word_1_172' title='bbox 2959 1173 3022 1218; x_wconf 92' lang='lat' dir='ltr'><strong>ut</strong></span> <span class='ocrx_word' id='word_1_173' title='bbox 3052 1171 3320 1224; x_wconf 85' lang='lat' dir='ltr'><strong>stercora,</strong></span> <span class='ocrx_word' id='word_1_174' title='bbox 3351 1166 3413 1213; x_wconf 90' lang='lat' dir='ltr'><strong>ut</strong></span> <span class='ocrx_word' id='word_1_175' title='bbox 3438 1156 3603 1213; x_wconf 86' lang='lat' dir='ltr'><strong>Chri-</strong></span> 
     </span>
    </p>
   </div>
   <div class='ocr_carea' id='block_1_26' title="bbox 2011 1249 3603 1326">
    <p class='ocr_par' dir='ltr' id='par_1_26' title="bbox 2011 1249 3603 1326">
     <span class='ocr_line' id='line_1_26' title="bbox 2011 1249 3603 1326; baseline -0.009 -6"><span class='ocrx_word' id='word_1_176' title='bbox 2011 1272 2159 1321; x_wconf 86' lang='lat' dir='ltr'><strong>stum</strong></span> <span class='ocrx_word' id='word_1_177' title='bbox 2204 1261 2565 1326; x_wconf 78' lang='lat' dir='ltr'><strong>lucril‘aciam,</strong></span> <span class='ocrx_word' id='word_1_178' title='bbox 2612 1269 2672 1315; x_wconf 91' lang='lat' dir='ltr'><strong>et</strong></span> <span class='ocrx_word' id='word_1_179' title='bbox 2715 1256 2968 1312; x_wconf 86' lang='lat' dir='ltr'><strong>inveniar</strong></span> <span class='ocrx_word' id='word_1_180' title='bbox 3011 1255 3068 1308; x_wconf 92' lang='lat' dir='ltr'><strong>in</strong></span> <span class='ocrx_word' id='word_1_181' title='bbox 3104 1253 3198 1308; x_wconf 86' lang='lat' dir='ltr'><strong>illo</strong></span> <span class='ocrx_word' id='word_1_182' title='bbox 3235 1265 3345 1306; x_wconf 92' lang='lat' dir='ltr'><strong>non</strong></span> <span class='ocrx_word' id='word_1_183' title='bbox 3391 1249 3603 1305; x_wconf 83' lang='lat' dir='ltr'><strong>habens</strong></span> 
     </span>
    </p>
   </div>
   <div class='ocr_carea' id='block_1_27' title="bbox 2013 1342 3604 1425">
    <p class='ocr_par' dir='ltr' id='par_1_27' title="bbox 2013 1342 3604 1425">
     <span class='ocr_line' id='line_1_27' title="bbox 2013 1342 3604 1425; baseline -0.012 -14"><span class='ocrx_word' id='word_1_184' title='bbox 2013 1369 2191 1410; x_wconf 87' lang='lat' dir='ltr'><strong>meam</strong></span> <span class='ocrx_word' id='word_1_185' title='bbox 2214 1352 2504 1425; x_wconf 78' lang='lat' dir='ltr'><strong>justitiam,</strong></span> <span class='ocrx_word' id='word_1_186' title='bbox 2532 1366 2656 1423; x_wconf 84' lang='lat' dir='ltr'><strong>quae</strong></span> <span class='ocrx_word' id='word_1_187' title='bbox 2687 1365 2754 1404; x_wconf 79' lang='lat' dir='ltr'><strong>ex</strong></span> <span class='ocrx_word' id='word_1_188' title='bbox 2800 1348 2918 1419; x_wconf 85' lang='lat' dir='ltr'><strong>lege</strong></span> <span class='ocrx_word' id='word_1_189' title='bbox 2947 1352 3061 1410; x_wconf 89' lang='lat' dir='ltr'><strong>est,</strong></span> <span class='ocrx_word' id='word_1_190' title='bbox 3100 1342 3197 1401; x_wconf 87' lang='lat' dir='ltr'><strong>sed</strong></span> <span class='ocrx_word' id='word_1_191' title='bbox 3237 1356 3359 1413; x_wconf 67' lang='lat' dir='ltr'><strong>quae</strong></span> <span class='ocrx_word' id='word_1_192' title='bbox 3393 1348 3480 1396; x_wconf 90' lang='lat' dir='ltr'><strong>est</strong></span> <span class='ocrx_word' id='word_1_193' title='bbox 3503 1355 3604 1409; x_wconf 89' lang='lat' dir='ltr'><strong>per</strong></span> 
     </span>
    </p>
   </div>
   <div class='ocr_carea' id='block_1_28' title="bbox 2014 1444 2567 1502">
    <p class='ocr_par' dir='ltr' id='par_1_28' title="bbox 2014 1444 2567 1502">
     <span class='ocr_line' id='line_1_28' title="bbox 2014 1444 2567 1502; baseline -0.009 -2"><span class='ocrx_word' id='word_1_194' title='bbox 2014 1446 2176 1501; x_wconf 88' lang='lat' dir='ltr'><strong>ﬁdem</strong></span> <span class='ocrx_word' id='word_1_195' title='bbox 2205 1445 2408 1502; x_wconf 88' lang='lat' dir='ltr'><strong>Christi</strong></span> <span class='ocrx_word' id='word_1_196' title='bbox 2442 1444 2509 1500; x_wconf 82' lang='lat'><strong>&quot;.</strong></span> <span class='ocrx_word' id='word_1_197' title='bbox 2548 1462 2567 1495; x_wconf 73' lang='grc' dir='ltr'><strong>ι</strong></span> 
     </span>
    </p>
   </div>
   <div class='ocr_carea' id='block_1_29' title="bbox 2083 1520 3602 1601">
    <p class='ocr_par' dir='ltr' id='par_1_29' title="bbox 2083 1520 3602 1601">
     <span class='ocr_line' id='line_1_29' title="bbox 2083 1520 3602 1601; baseline -0.011 -12"><span class='ocrx_word' id='word_1_198' title='bbox 2083 1531 2281 1588; x_wconf 76' lang='lat' dir='ltr'><strong>PALL.</strong></span> <span class='ocrx_word' id='word_1_199' title='bbox 2320 1530 2572 1601; x_wconf 92' lang='lat' dir='ltr'><strong>Intelligo</strong></span> <span class='ocrx_word' id='word_1_200' title='bbox 2601 1531 2762 1600; x_wconf 88' lang='lat' dir='ltr'><strong>plane</strong></span> <span class='ocrx_word' id='word_1_201' title='bbox 2790 1547 2803 1583; x_wconf 88' lang='lat'><strong>:</strong></span> <span class='ocrx_word' id='word_1_202' title='bbox 2833 1535 3024 1600; x_wconf 87' lang='lat' dir='ltr'><strong>aperta</strong></span> <span class='ocrx_word' id='word_1_203' title='bbox 3055 1525 3214 1582; x_wconf 80' lang='lat' dir='ltr'><strong>enim</strong></span> <span class='ocrx_word' id='word_1_204' title='bbox 3247 1539 3322 1580; x_wconf 20' lang='lat' dir='ltr'><strong>es,</strong></span> <span class='ocrx_word' id='word_1_205' title='bbox 3351 1520 3602 1578; x_wconf 88' lang='lat' dir='ltr'><strong>oratione</strong></span> 
     </span>
    </p>
   </div>
   <div class='ocr_carea' id='block_1_30' title="bbox 2014 1611 3602 1690">
    <p class='ocr_par' dir='ltr' id='par_1_30' title="bbox 2014 1611 3602 1690">
     <span class='ocr_line' id='line_1_30' title="bbox 2014 1611 3602 1690; baseline -0.011 -11"><span class='ocrx_word' id='word_1_206' title='bbox 2014 1638 2168 1680; x_wconf 88' lang='lat' dir='ltr'><strong>usus.</strong></span> <span class='ocrx_word' id='word_1_207' title='bbox 2213 1621 2352 1677; x_wconf 87' lang='lat' dir='ltr'><strong>Illud</strong></span> <span class='ocrx_word' id='word_1_208' title='bbox 2397 1630 2580 1676; x_wconf 89' lang='lat' dir='ltr'><strong>tamen</strong></span> <span class='ocrx_word' id='word_1_209' title='bbox 2609 1621 2850 1690; x_wconf 82' lang='lat' dir='ltr'><strong>explices</strong></span> <span class='ocrx_word' id='word_1_210' title='bbox 2892 1617 3058 1673; x_wconf 85' lang='lat' dir='ltr'><strong>velim</strong></span> <span class='ocrx_word' id='word_1_211' title='bbox 3090 1635 3102 1669; x_wconf 92' lang='lat'>:</span> <span class='ocrx_word' id='word_1_212' title='bbox 3133 1616 3191 1671; x_wconf 88' lang='lat' dir='ltr'><strong>Si</strong></span> <span class='ocrx_word' id='word_1_213' title='bbox 3223 1614 3290 1668; x_wconf 89' lang='lat' dir='ltr'><strong>ad</strong></span> <span class='ocrx_word' id='word_1_214' title='bbox 3321 1611 3602 1667; x_wconf 84' lang='lat' dir='ltr'><strong>hominem</strong></span> 
     </span>
    </p>
   </div>
   <div class='ocr_carea' id='block_1_31' title="bbox 2013 1706 3606 1786">
    <p class='ocr_par' dir='ltr' id='par_1_31' title="bbox 2013 1706 3606 1786">
     <span class='ocr_line' id='line_1_31' title="bbox 2013 1706 3606 1786; baseline -0.01 -16"><span class='ocrx_word' id='word_1_215' title='bbox 2013 1713 2412 1786; x_wconf 90' lang='lat' dir='ltr'><strong>perﬁciendum</strong></span> <span class='ocrx_word' id='word_1_216' title='bbox 2441 1728 2554 1768; x_wconf 89' lang='lat' dir='ltr'><strong>non</strong></span> <span class='ocrx_word' id='word_1_217' title='bbox 2591 1711 2726 1768; x_wconf 85' lang='lat' dir='ltr'><strong>satis</strong></span> <span class='ocrx_word' id='word_1_218' title='bbox 2754 1719 2873 1766; x_wconf 90' lang='lat' dir='ltr'><strong>erat</strong></span> <span class='ocrx_word' id='word_1_219' title='bbox 2913 1707 3140 1777; x_wconf 87' lang='lat' dir='ltr'><strong>antiqua</strong></span> <span class='ocrx_word' id='word_1_220' title='bbox 3173 1706 3281 1769; x_wconf 80' lang='lat' dir='ltr'><strong>lex,</strong></span> <span class='ocrx_word' id='word_1_221' title='bbox 3305 1719 3404 1758; x_wconf 92' lang='lat' dir='ltr'><strong>cur</strong></span> <span class='ocrx_word' id='word_1_222' title='bbox 3429 1716 3538 1758; x_wconf 90' lang='lat' dir='ltr'><strong>non</strong></span> <span class='ocrx_word' id='word_1_223' title='bbox 3572 1715 3606 1754; x_wconf 91' lang='lat' dir='ltr'><strong>a</strong></span> 
     </span>
    </p>
   </div>
   <div class='ocr_carea' id='block_1_32' title="bbox 323 1799 1915 1887">
    <p class='ocr_par' dir='ltr' id='par_1_32' title="bbox 323 1811 1908 1887">
     <span class='ocr_line' id='line_1_32' title="bbox 323 1811 1908 1887; baseline 0.003 -22"><span class='ocrx_word' id='word_1_224' title='bbox 323 1811 474 1876; x_wconf 81' lang='grc' dir='ltr'><strong>ζετο,</strong></span> <span class='ocrx_word' id='word_1_225' title='bbox 501 1813 650 1884; x_wconf 81' lang='grc' dir='ltr'><strong>είπερ</strong></span> <span class='ocrx_word' id='word_1_226' title='bbox 677 1811 780 1868; x_wconf 82' lang='grc' dir='ltr'><strong>οὐκ</strong></span> <span class='ocrx_word' id='word_1_227' title='bbox 806 1811 1022 1885; x_wconf 76' lang='grc' dir='ltr'><strong>ἀπόχρη</strong></span> <span class='ocrx_word' id='word_1_228' title='bbox 1045 1815 1130 1878; x_wconf 81' lang='grc' dir='ltr'><strong>είς</strong></span> <span class='ocrx_word' id='word_1_229' title='bbox 1159 1813 1441 1870; x_wconf 83' lang='grc' dir='ltr'><strong>τελείωσιν</strong></span> <span class='ocrx_word' id='word_1_230' title='bbox 1461 1817 1490 1870; x_wconf 91' lang='lat'><strong>6</strong></span> <span class='ocrx_word' id='word_1_231' title='bbox 1518 1814 1684 1870; x_wconf 81' lang='grc' dir='ltr'><strong>πάλαι</strong></span> <span class='ocrx_word' id='word_1_232' title='bbox 1710 1816 1908 1887; x_wconf 86' lang='grc' dir='ltr'><strong>νόμος;</strong></span> 
     </span>
    </p>
   </div>
   <div class='ocr_carea' id='block_1_33' title="bbox 2020 1799 3605 1887">
    <p class='ocr_par' dir='ltr' id='par_1_33' title="bbox 2020 1799 3605 1878">
     <span class='ocr_line' id='line_1_33' title="bbox 2020 1799 3605 1878; baseline -0.011 -16"><span class='ocrx_word' id='word_1_233' title='bbox 2020 1805 2287 1878; x_wconf 87' lang='lat' dir='ltr'><strong>principio</strong></span> <span class='ocrx_word' id='word_1_234' title='bbox 2330 1803 2516 1876; x_wconf 83' lang='lat' dir='ltr'><strong>potius</strong></span> <span class='ocrx_word' id='word_1_235' title='bbox 2542 1801 2758 1875; x_wconf 80' lang='lat' dir='ltr'><strong>justitia</strong></span> <span class='ocrx_word' id='word_1_236' title='bbox 2806 1817 2906 1872; x_wconf 84' lang='lat' dir='ltr'><strong>per</strong></span> <span class='ocrx_word' id='word_1_237' title='bbox 2957 1799 3153 1863; x_wconf 90' lang='lat' dir='ltr'><strong>ﬁdem,</strong></span> <span class='ocrx_word' id='word_1_238' title='bbox 3206 1804 3268 1850; x_wconf 90' lang='lat' dir='ltr'><strong>et</strong></span> <span class='ocrx_word' id='word_1_239' title='bbox 3299 1809 3422 1864; x_wconf 73' lang='lat' dir='ltr'><strong>qua:</strong></span> <span class='ocrx_word' id='word_1_240' title='bbox 3445 1809 3514 1848; x_wconf 79' lang='lat' dir='ltr'><strong>ex</strong></span> <span class='ocrx_word' id='word_1_241' title='bbox 3537 1807 3605 1846; x_wconf 84' lang='lat' dir='ltr'><strong>ea</strong></span> 
     </span>
    </p>
   </div>
   <div class='ocr_carea' id='block_1_34' title="bbox 391 1989 1910 2070">
    <p class='ocr_par' dir='ltr' id='par_1_34' title="bbox 391 1989 1910 2070">
     <span class='ocr_line' id='line_1_34' title="bbox 391 1989 1910 2070; baseline 0.002 -21"><span class='ocrx_word' id='word_1_242' title='bbox 391 1995 556 2053; x_wconf 79' lang='grc' dir='ltr'><strong>ΚΥΡ.</strong></span> <span class='ocrx_word' id='word_1_243' title='bbox 599 1996 742 2058; x_wconf 81' lang='grc' dir='ltr'><strong>Ὅτι.</strong></span> <span class='ocrx_word' id='word_1_244' title='bbox 788 1989 834 2051; x_wconf 80' lang='grc' dir='ltr'><strong>ὦ</strong></span> <span class='ocrx_word' id='word_1_245' title='bbox 877 1997 1096 2070; x_wconf 77' lang='grc' dir='ltr'><strong>ἑταῖρε,</strong></span> <span class='ocrx_word' id='word_1_246' title='bbox 1136 1997 1304 2069; x_wconf 81' lang='grc' dir='ltr'><strong>φαίην</strong></span> <span class='ocrx_word' id='word_1_247' title='bbox 1328 1997 1417 2066; x_wconf 79' lang='grc' dir='ltr'><strong>ἂν,</strong></span> <span class='ocrx_word' id='word_1_248' title='bbox 1459 1999 1774 2064; x_wconf 76' lang='grc' dir='ltr'><strong>ἀπονίζεται</strong></span> <span class='ocrx_word' id='word_1_249' title='bbox 1809 1998 1910 2070; x_wconf 81' lang='grc' dir='ltr'><strong>μὲν</strong></span> 
     </span>
    </p>
   </div>
   <div class='ocr_carea' id='block_1_35' title="bbox 316 2087 1908 2163">
    <p class='ocr_par' dir='ltr' id='par_1_35' title="bbox 316 2087 1908 2163">
     <span class='ocr_line' id='line_1_35' title="bbox 316 2087 1908 2163; baseline 0.001 -20"><span class='ocrx_word' id='word_1_250' title='bbox 316 2087 546 2152; x_wconf 79' lang='grc' dir='ltr'><strong>εἰκότως</strong></span> <span class='ocrx_word' id='word_1_251' title='bbox 582 2087 647 2141; x_wconf 88' lang='grc' dir='ltr'><strong>τὸ</strong></span> <span class='ocrx_word' id='word_1_252' title='bbox 674 2088 902 2160; x_wconf 80' lang='grc' dir='ltr'><strong>ῥυποῦν,</strong></span> <span class='ocrx_word' id='word_1_253' title='bbox 941 2089 1327 2162; x_wconf 78' lang='grc' dir='ltr'><strong>ἀποσμήχεται</strong></span> <span class='ocrx_word' id='word_1_254' title='bbox 1355 2089 1414 2144; x_wconf 88' lang='grc' dir='ltr'><strong>δὲ</strong></span> <span class='ocrx_word' id='word_1_255' title='bbox 1449 2090 1510 2144; x_wconf 87' lang='grc' dir='ltr'><strong>τὸ</strong></span> <span class='ocrx_word' id='word_1_256' title='bbox 1556 2090 1908 2163; x_wconf 63' lang='grc' dir='ltr'><strong>μεῳλυσμὲο</strong></span> 
     </span>
    </p>
   </div>
   <div class='ocr_carea' id='block_1_36' title="bbox 316 2180 1908 2254">
    <p class='ocr_par' dir='ltr' id='par_1_36' title="bbox 316 2180 1908 2254">
     <span class='ocr_line' id='line_1_36' title="bbox 316 2180 1908 2254; baseline 0.004 -23"><span class='ocrx_word' id='word_1_257' title='bbox 316 2195 428 2244; x_wconf 75' lang='grc' dir='ltr'><strong>νον,</strong></span> <span class='ocrx_word' id='word_1_258' title='bbox 474 2180 573 2236; x_wconf 78' lang='grc' dir='ltr'><strong>καὶ</strong></span> <span class='ocrx_word' id='word_1_259' title='bbox 619 2180 1114 2253; x_wconf 74' lang='grc' dir='ltr'><strong>καταφαιδρύνεται</strong></span> <span class='ocrx_word' id='word_1_260' title='bbox 1155 2183 1218 2236; x_wconf 91' lang='grc' dir='ltr'><strong>τὸ</strong></span> <span class='ocrx_word' id='word_1_261' title='bbox 1261 2182 1670 2253; x_wconf 78' lang='grc' dir='ltr'><strong>ὲσκοτισμένον·</strong></span> <span class='ocrx_word' id='word_1_262' title='bbox 1709 2181 1908 2254; x_wconf 72' lang='grc' dir='ltr'><strong>πρέποι</strong></span> 
     </span>
    </p>
   </div>
   <div class='ocr_carea' id='block_1_37' title="bbox 313 2267 1910 2346">
    <p class='ocr_par' dir='ltr' id='par_1_37' title="bbox 313 2267 1910 2346">
     <span class='ocr_line' id='line_1_37' title="bbox 313 2267 1910 2346; baseline 0.003 -22"><span class='ocrx_word' id='word_1_263' title='bbox 313 2272 362 2324; x_wconf 85' lang='grc' dir='ltr'><strong>δ’</strong></span> <span class='ocrx_word' id='word_1_264' title='bbox 393 2271 481 2335; x_wconf 80' lang='grc' dir='ltr'><strong>ἂν,</strong></span> <span class='ocrx_word' id='word_1_265' title='bbox 507 2267 684 2343; x_wconf 79' lang='grc' dir='ltr'><strong>οἶμαι,</strong></span> <span class='ocrx_word' id='word_1_266' title='bbox 709 2273 852 2327; x_wconf 84' lang='grc' dir='ltr'><strong>κατά</strong></span> <span class='ocrx_word' id='word_1_267' title='bbox 879 2274 980 2346; x_wconf 83' lang='grc' dir='ltr'><strong>τὴν</strong></span> <span class='ocrx_word' id='word_1_268' title='bbox 1003 2273 1097 2327; x_wconf 89' lang='grc' dir='ltr'><strong>τοῦ</strong></span> <span class='ocrx_word' id='word_1_269' title='bbox 1116 2274 1369 2346; x_wconf 80' lang='grc' dir='ltr'><strong>Σωτῆρος</strong></span> <span class='ocrx_word' id='word_1_270' title='bbox 1393 2274 1910 2346; x_wconf 79' lang='grc' dir='ltr'><strong>φωνὴν,θεραπεύε-</strong></span> 
     </span>
    </p>
   </div>
   <div class='ocr_carea' id='block_1_38' title="bbox 313 2363 1910 2441">
    <p class='ocr_par' dir='ltr' id='par_1_38' title="bbox 313 2363 1910 2441">
     <span class='ocr_line' id='line_1_38' title="bbox 313 2363 1910 2441; baseline 0.001 -20"><span class='ocrx_word' id='word_1_271' title='bbox 313 2363 444 2421; x_wconf 80' lang='grc' dir='ltr'><strong>σθαι</strong></span> <span class='ocrx_word' id='word_1_272' title='bbox 483 2364 588 2435; x_wconf 84' lang='grc' dir='ltr'><strong>μὲν</strong></span> <span class='ocrx_word' id='word_1_273' title='bbox 633 2364 695 2419; x_wconf 87' lang='grc' dir='ltr'><strong>τὸ</strong></span> <span class='ocrx_word' id='word_1_274' title='bbox 721 2367 1116 2437; x_wconf 80' lang='grc' dir='ltr'><strong>ὴῤῥωστηκὸς,</strong></span> <span class='ocrx_word' id='word_1_275' title='bbox 1143 2367 1426 2422; x_wconf 85' lang='grc' dir='ltr'><strong>καλεῖσθαι</strong></span> <span class='ocrx_word' id='word_1_276' title='bbox 1465 2368 1524 2422; x_wconf 75' lang='grc' dir='ltr'><strong>δὲ</strong></span> <span class='ocrx_word' id='word_1_277' title='bbox 1562 2367 1701 2441; x_wconf 84' lang='grc' dir='ltr'><strong>πρὸς</strong></span> <span class='ocrx_word' id='word_1_278' title='bbox 1741 2369 1910 2439; x_wconf 80' lang='grc' dir='ltr'><strong>μετά-</strong></span> 
     </span>
    </p>
   </div>
   <div class='ocr_carea' id='block_1_39' title="bbox 314 2453 1914 2532">
    <p class='ocr_par' dir='ltr' id='par_1_39' title="bbox 314 2453 1914 2532">
     <span class='ocr_line' id='line_1_39' title="bbox 314 2453 1914 2532; baseline 0.006 -27"><span class='ocrx_word' id='word_1_279' title='bbox 314 2470 546 2524; x_wconf 81' lang='grc' dir='ltr'><strong>γνωσιν,</strong></span> <span class='ocrx_word' id='word_1_280' title='bbox 572 2453 696 2526; x_wconf 70' lang='grc' dir='ltr'><strong>οὐχὶ</strong></span> <span class='ocrx_word' id='word_1_281' title='bbox 722 2455 850 2518; x_wconf 76' lang='grc' dir='ltr'><strong>τοὺς</strong></span> <span class='ocrx_word' id='word_1_282' title='bbox 870 2456 1257 2528; x_wconf 79' lang='grc' dir='ltr'><strong>ήγιασμὲνους,</strong></span> <span class='ocrx_word' id='word_1_283' title='bbox 1277 2457 1414 2512; x_wconf 84' lang='grc' dir='ltr'><strong>ἀλλά</strong></span> <span class='ocrx_word' id='word_1_284' title='bbox 1437 2461 1565 2523; x_wconf 82' lang='grc' dir='ltr'><strong>τοὺς</strong></span> <span class='ocrx_word' id='word_1_285' title='bbox 1587 2461 1708 2524; x_wconf 86' lang='grc' dir='ltr'><strong>ταῖς</strong></span> <span class='ocrx_word' id='word_1_286' title='bbox 1733 2460 1914 2532; x_wconf 82' lang='grc' dir='ltr'><strong>ἁμαρ⁸</strong></span> 
     </span>
    </p>
   </div>
   <div class='ocr_carea' id='block_1_40' title="bbox 316 2539 1914 2620">
    <p class='ocr_par' dir='ltr' id='par_1_40' title="bbox 316 2539 1914 2620">
     <span class='ocr_line' id='line_1_40' title="bbox 316 2539 1914 2620; baseline 0.003 -19"><span class='ocrx_word' id='word_1_287' title='bbox 316 2543 464 2608; x_wconf 77' lang='grc' dir='ltr'><strong>τὶαις</strong></span> <span class='ocrx_word' id='word_1_288' title='bbox 473 2544 924 2615; x_wconf 78' lang='grc' dir='ltr'><strong>ὲπηχθισμένους.</strong></span> <span class='ocrx_word' id='word_1_289' title='bbox 943 2539 1020 2599; x_wconf 85' lang='grc' dir='ltr'><strong><em>Ἦ</em></strong></span> <span class='ocrx_word' id='word_1_290' title='bbox 1037 2547 1143 2617; x_wconf 84' lang='grc' dir='ltr'><strong>γὰρ</strong></span> <span class='ocrx_word' id='word_1_291' title='bbox 1157 2546 1279 2617; x_wconf 71' lang='grc' dir='ltr'><strong>οὐχὶ</strong></span> <span class='ocrx_word' id='word_1_292' title='bbox 1297 2548 1914 2620; x_wconf 85' lang='grc' dir='ltr'><strong>προκαταγινώσκεσθαι</strong></span> 
     </span>
    </p>
   </div>
   <div class='ocr_carea' id='block_1_41' title="bbox 322 2636 1916 2712">
    <p class='ocr_par' dir='ltr' id='par_1_41' title="bbox 322 2636 1916 2712">
     <span class='ocr_line' id='line_1_41' title="bbox 322 2636 1916 2712; baseline 0.003 -23"><span class='ocrx_word' id='word_1_293' title='bbox 322 2636 434 2707; x_wconf 81' lang='grc' dir='ltr'><strong>χρὴ</strong></span> <span class='ocrx_word' id='word_1_294' title='bbox 455 2636 578 2700; x_wconf 71' lang='grc' dir='ltr'><strong>τοὺς</strong></span> <span class='ocrx_word' id='word_1_295' title='bbox 600 2637 971 2708; x_wconf 80' lang='grc' dir='ltr'><strong>καλουμένους</strong></span> <span class='ocrx_word' id='word_1_296' title='bbox 997 2640 1078 2703; x_wconf 84' lang='grc' dir='ltr'><strong>είς</strong></span> <span class='ocrx_word' id='word_1_297' title='bbox 1106 2639 1322 2708; x_wconf 79' lang='grc' dir='ltr'><strong>ἄφεσιν,</strong></span> <span class='ocrx_word' id='word_1_298' title='bbox 1354 2641 1449 2694; x_wconf 74' lang='grc' dir='ltr'><strong>καὶ</strong></span> <span class='ocrx_word' id='word_1_299' title='bbox 1478 2640 1544 2694; x_wconf 85' lang='grc' dir='ltr'><strong>ἐκ</strong></span> <span class='ocrx_word' id='word_1_300' title='bbox 1566 2641 1666 2711; x_wconf 83' lang='grc' dir='ltr'><strong>τῆς</strong></span> <span class='ocrx_word' id='word_1_301' title='bbox 1687 2642 1916 2712; x_wconf 72' lang='grc' dir='ltr'><strong>ἐνούσης</strong></span> 
     </span>
    </p>
   </div>
   <div class='ocr_carea' id='block_1_42' title="bbox 319 2727 1918 2804">
    <p class='ocr_par' dir='ltr' id='par_1_42' title="bbox 319 2727 1918 2804">
     <span class='ocr_line' id='line_1_42' title="bbox 319 2727 1918 2804; baseline 0.004 -24"><span class='ocrx_word' id='word_1_302' title='bbox 319 2729 510 2792; x_wconf 75' lang='grc' dir='ltr'><strong>αὐτοῖς</strong></span> <span class='ocrx_word' id='word_1_303' title='bbox 533 2727 818 2792; x_wconf 81' lang='grc' dir='ltr'><strong>ἀσθενείας</strong></span> <span class='ocrx_word' id='word_1_304' title='bbox 844 2730 1329 2795; x_wconf 84' lang='grc' dir='ltr'><strong>κεκινδυνευκότας</strong></span> <span class='ocrx_word' id='word_1_305' title='bbox 1347 2770 1362 2795; x_wconf 93' lang='grc'><strong>,</strong></span> <span class='ocrx_word' id='word_1_306' title='bbox 1391 2731 1623 2802; x_wconf 79' lang='grc' dir='ltr'><strong>ὁρᾶσθαι</strong></span> <span class='ocrx_word' id='word_1_307' title='bbox 1650 2731 1918 2804; x_wconf 83' lang='grc' dir='ltr'><strong>λελυτρω-</strong></span> 
     </span>
    </p>
   </div>
   <div class='ocr_carea' id='block_1_43' title="bbox 321 2815 1917 2892">
    <p class='ocr_par' dir='ltr' id='par_1_43' title="bbox 321 2815 1917 2892">
     <span class='ocr_line' id='line_1_43' title="bbox 321 2815 1917 2892; baseline 0.006 -24"><span class='ocrx_word' id='word_1_308' title='bbox 321 2815 555 2888; x_wconf 75' lang='grc' dir='ltr'><strong>μένουςς</strong></span> <span class='ocrx_word' id='word_1_309' title='bbox 582 2818 731 2876; x_wconf 83' lang='grc' dir='ltr'><strong>Ἔδει</strong></span> <span class='ocrx_word' id='word_1_310' title='bbox 754 2818 1044 2890; x_wconf 82' lang='grc' dir='ltr'><strong>τοιγαροῦν</strong></span> <span class='ocrx_word' id='word_1_311' title='bbox 1067 2819 1288 2892; x_wconf 77' lang='grc' dir='ltr'><strong>ἔλεγχον</strong></span> <span class='ocrx_word' id='word_1_312' title='bbox 1302 2819 1492 2892; x_wconf 82' lang='grc' dir='ltr'><strong>ὥσπερ</strong></span> <span class='ocrx_word' id='word_1_313' title='bbox 1511 2821 1636 2876; x_wconf 76' lang='grc' dir='ltr'><strong>τινὰ</strong></span> <span class='ocrx_word' id='word_1_314' title='bbox 1662 2823 1757 2876; x_wconf 75' lang='grc' dir='ltr'><strong>καὶ</strong></span> <span class='ocrx_word' id='word_1_315' title='bbox 1781 2840 1917 2877; x_wconf 87' lang='grc' dir='ltr'><strong>κατ-</strong></span> 
     </span>
    </p>
   </div>
   <div class='ocr_carea' id='block_1_44' title="bbox 316 2909 1920 2986">
    <p class='ocr_par' dir='ltr' id='par_1_44' title="bbox 316 2909 1920 2986">
     <span class='ocr_line' id='line_1_44' title="bbox 316 2909 1920 2986; baseline 0.006 -26"><span class='ocrx_word' id='word_1_316' title='bbox 316 2910 533 2981; x_wconf 58' lang='grc' dir='ltr'><strong>ήγορον</strong></span> <span class='ocrx_word' id='word_1_317' title='bbox 572 2909 778 2981; x_wconf 78' lang='grc' dir='ltr'><strong>ἀκριᾶῆ</strong></span> <span class='ocrx_word' id='word_1_318' title='bbox 833 2911 934 2982; x_wconf 80' lang='grc' dir='ltr'><strong>τῆς</strong></span> <span class='ocrx_word' id='word_1_319' title='bbox 981 2912 1238 2970; x_wconf 82' lang='grc' dir='ltr'><strong>ἁπάντων</strong></span> <span class='ocrx_word' id='word_1_320' title='bbox 1284 2913 1604 2977; x_wconf 83' lang='grc' dir='ltr'><strong>ἀσθενείας,</strong></span> <span class='ocrx_word' id='word_1_321' title='bbox 1666 2914 1760 2968; x_wconf 88' lang='grc' dir='ltr'><strong>τὸν</strong></span> <span class='ocrx_word' id='word_1_322' title='bbox 1818 2915 1920 2986; x_wconf 84' lang='grc' dir='ltr'><strong>τῆς</strong></span> 
     </span>
    </p>
   </div>
   <div class='ocr_carea' id='block_1_45' title="bbox 315 3000 1919 3078">
    <p class='ocr_par' dir='ltr' id='par_1_45' title="bbox 315 3000 1919 3078">
     <span class='ocr_line' id='line_1_45' title="bbox 315 3000 1919 3078; baseline 0.001 -20"><span class='ocrx_word' id='word_1_323' title='bbox 315 3000 605 3072; x_wconf 79' lang='grc' dir='ltr'><strong>ἁμαρτίας</strong></span> <span class='ocrx_word' id='word_1_324' title='bbox 639 3002 910 3060; x_wconf 81' lang='grc' dir='ltr'><strong>δεικτικὸν</strong></span> <span class='ocrx_word' id='word_1_325' title='bbox 938 3005 1443 3076; x_wconf 67' lang='grc' dir='ltr'><strong>προαναφαςίνεσθαι</strong></span> <span class='ocrx_word' id='word_1_326' title='bbox 1475 3006 1662 3078; x_wconf 84' lang='grc' dir='ltr'><strong>νόμον,</strong></span> <span class='ocrx_word' id='word_1_327' title='bbox 1707 3007 1794 3061; x_wconf 89' lang='grc' dir='ltr'><strong>ἴνα</strong></span> <span class='ocrx_word' id='word_1_328' title='bbox 1821 3009 1919 3062; x_wconf 78' lang='grc' dir='ltr'><strong>καὶ</strong></span> 
     </span>
    </p>
   </div>
   <div class='ocr_carea' id='block_1_46' title="bbox 317 3093 1914 3170">
    <p class='ocr_par' dir='ltr' id='par_1_46' title="bbox 317 3093 1914 3170">
     <span class='ocr_line' id='line_1_46' title="bbox 317 3093 1914 3170; baseline 0.004 -25"><span class='ocrx_word' id='word_1_329' title='bbox 317 3093 425 3164; x_wconf 81' lang='grc' dir='ltr'><strong>τῆς</strong></span> <span class='ocrx_word' id='word_1_330' title='bbox 481 3093 633 3157; x_wconf 84' lang='grc' dir='ltr'><strong>θείας</strong></span> <span class='ocrx_word' id='word_1_331' title='bbox 683 3096 816 3166; x_wconf 75' lang='grc' dir='ltr'><strong>ἡμῖν</strong></span> <span class='ocrx_word' id='word_1_332' title='bbox 865 3096 1206 3168; x_wconf 79' lang='grc' dir='ltr'><strong>ἡμερότητος</strong></span> <span class='ocrx_word' id='word_1_333' title='bbox 1254 3097 1356 3167; x_wconf 80' lang='grc' dir='ltr'><strong>τῆς</strong></span> <span class='ocrx_word' id='word_1_334' title='bbox 1409 3097 1497 3153; x_wconf 83' lang='grc' dir='ltr'><strong>διὰ</strong></span> <span class='ocrx_word' id='word_1_335' title='bbox 1540 3098 1776 3169; x_wconf 78' lang='grc' dir='ltr'><strong>Χριστοῦ</strong></span> <span class='ocrx_word' id='word_1_336' title='bbox 1837 3098 1914 3170; x_wconf 83' lang='grc' dir='ltr'><strong>μὴ</strong></span> 
     </span>
    </p>
   </div>
   <div class='ocr_carea' id='block_1_47' title="bbox 318 3187 1914 3262">
    <p class='ocr_par' dir='ltr' id='par_1_47' title="bbox 318 3187 1914 3262">
     <span class='ocr_line' id='line_1_47' title="bbox 318 3187 1914 3262; baseline 0.005 -24"><span class='ocrx_word' id='word_1_337' title='bbox 318 3187 589 3257; x_wconf 78' lang='grc' dir='ltr'><strong>ἀγνοῆται</strong></span> <span class='ocrx_word' id='word_1_338' title='bbox 619 3187 680 3240; x_wconf 91' lang='grc' dir='ltr'><strong>τὸ</strong></span> <span class='ocrx_word' id='word_1_339' title='bbox 713 3188 962 3259; x_wconf 80' lang='grc' dir='ltr'><strong>μέγεθος.</strong></span> <span class='ocrx_word' id='word_1_340' title='bbox 993 3189 1105 3242; x_wconf 89' lang='grc' dir='ltr'><strong>Ποῦ</strong></span> <span class='ocrx_word' id='word_1_341' title='bbox 1133 3190 1242 3262; x_wconf 85' lang='grc' dir='ltr'><strong>γὰρ</strong></span> <span class='ocrx_word' id='word_1_342' title='bbox 1271 3190 1305 3260; x_wconf 83' lang='grc' dir='ltr'>ἢ</span> <span class='ocrx_word' id='word_1_343' title='bbox 1330 3189 1448 3253; x_wconf 85' lang='grc' dir='ltr'><strong>πῶς</strong></span> <span class='ocrx_word' id='word_1_344' title='bbox 1481 3191 1634 3262; x_wconf 83' lang='grc' dir='ltr'><strong>ήτῆς</strong></span> <span class='ocrx_word' id='word_1_345' title='bbox 1664 3192 1914 3260; x_wconf 80' lang='grc' dir='ltr'><strong>ἀφέσεως</strong></span> 
     </span>
    </p>
   </div>
   <div class='ocr_carea' id='block_1_48' title="bbox 318 3269 1915 3358">
    <p class='ocr_par' dir='ltr' id='par_1_48' title="bbox 318 3269 1915 3358">
     <span class='ocr_line' id='line_1_48' title="bbox 318 3269 1915 3358; baseline -0.011 -7"><span class='ocrx_word' id='word_1_346' title='bbox 318 3280 510 3350; x_wconf 68' lang='grc' dir='ltr'><strong>Χάρις,</strong></span> <span class='ocrx_word' id='word_1_347' title='bbox 537 3283 586 3334; x_wconf 85' lang='grc' dir='ltr'><strong>εί</strong></span> <span class='ocrx_word' id='word_1_348' title='bbox 619 3281 696 3352; x_wconf 77' lang='grc' dir='ltr'><strong>μὴ</strong></span> <span class='ocrx_word' id='word_1_349' title='bbox 735 3281 1022 3335; x_wconf 83' lang='grc' dir='ltr'><strong>ὑποκέοιτο</strong></span> <span class='ocrx_word' id='word_1_350' title='bbox 1068 3283 1136 3336; x_wconf 84' lang='grc' dir='ltr'><strong>τὰ</strong></span> <span class='ocrx_word' id='word_1_351' title='bbox 1174 3269 1535 3355; x_wconf 75' lang='grc' dir='ltr'><strong>ἐγκλήματα;</strong></span> <span class='ocrx_word' id='word_1_352' title='bbox 1582 3285 1690 3338; x_wconf 75' lang='grc' dir='ltr'><strong>Καὶ</strong></span> <span class='ocrx_word' id='word_1_353' title='bbox 1721 3288 1770 3339; x_wconf 86' lang='grc' dir='ltr'><strong>εἰ</strong></span> <span class='ocrx_word' id='word_1_354' title='bbox 1811 3288 1915 3358; x_wconf 79' lang='grc' dir='ltr'><strong>χρὴ</strong></span> 
     </span>
    </p>
   </div>
   <div class='ocr_carea' id='block_1_49' title="bbox 321 3373 1917 3450">
    <p class='ocr_par' dir='ltr' id='par_1_49' title="bbox 321 3373 1917 3450">
     <span class='ocr_line' id='line_1_49' title="bbox 321 3373 1917 3450; baseline 0.004 -23"><span class='ocrx_word' id='word_1_355' title='bbox 321 3373 800 3446; x_wconf 75' lang='grc' dir='ltr'><strong>βραχυλογοῦντας</strong></span> <span class='ocrx_word' id='word_1_356' title='bbox 830 3376 924 3428; x_wconf 73' lang='grc' dir='ltr'><strong>καὶ</strong></span> <span class='ocrx_word' id='word_1_357' title='bbox 958 3374 1050 3428; x_wconf 76' lang='grc' dir='ltr'><strong>ἐπί</strong></span> <span class='ocrx_word' id='word_1_358' title='bbox 1088 3393 1253 3430; x_wconf 88' lang='grc' dir='ltr'><strong>τινων</strong></span> <span class='ocrx_word' id='word_1_359' title='bbox 1281 3376 1524 3450; x_wconf 87' lang='grc' dir='ltr'><strong>ἀρχαίων</strong></span> <span class='ocrx_word' id='word_1_360' title='bbox 1557 3379 1917 3450; x_wconf 85' lang='grc' dir='ltr'><strong>διηγημάτων</strong></span> 
     </span>
    </p>
   </div>
   <div class='ocr_carea' id='block_1_50' title="bbox 321 3465 1917 3543">
    <p class='ocr_par' dir='ltr' id='par_1_50' title="bbox 321 3465 1917 3543">
     <span class='ocr_line' id='line_1_50' title="bbox 321 3465 1917 3543; baseline 0.007 -28"><span class='ocrx_word' id='word_1_361' title='bbox 321 3465 632 3535; x_wconf 71' lang='grc' dir='ltr'><strong>ᾁναπηδᾲν,</strong></span> <span class='ocrx_word' id='word_1_362' title='bbox 659 3465 771 3536; x_wconf 84' lang='grc' dir='ltr'><strong>ὲρῶ</strong></span> <span class='ocrx_word' id='word_1_363' title='bbox 794 3466 976 3530; x_wconf 79' lang='grc' dir='ltr'><strong>πάλιν,</strong></span> <span class='ocrx_word' id='word_1_364' title='bbox 1016 3468 1101 3522; x_wconf 83' lang='grc' dir='ltr'><strong>ὅτι</strong></span> <span class='ocrx_word' id='word_1_365' title='bbox 1135 3468 1214 3539; x_wconf 79' lang='grc' dir='ltr'><strong>τῷ</strong></span> <span class='ocrx_word' id='word_1_366' title='bbox 1241 3470 1339 3539; x_wconf 82' lang='grc' dir='ltr'><strong>μὲν</strong></span> <span class='ocrx_word' id='word_1_367' title='bbox 1393 3469 1644 3543; x_wconf 75' lang='grc' dir='ltr'><strong>Ἀϐραὰμ</strong></span> <span class='ocrx_word' id='word_1_368' title='bbox 1681 3473 1917 3543; x_wconf 81' lang='grc' dir='ltr'><strong>ὲπηγέλ-</strong></span> 
     </span>
    </p>
   </div>
   <div class='ocr_carea' id='block_1_51' title="bbox 319 3555 1918 3635">
    <p class='ocr_par' dir='ltr' id='par_1_51' title="bbox 319 3555 1918 3635">
     <span class='ocr_line' id='line_1_51' title="bbox 319 3555 1918 3635; baseline 0.006 -28"><span class='ocrx_word' id='word_1_369' title='bbox 319 3557 450 3615; x_wconf 79' lang='grc' dir='ltr'><strong>λετο</strong></span> <span class='ocrx_word' id='word_1_370' title='bbox 485 3556 516 3607; x_wconf 84' lang='grc' dir='ltr'>ὁ</span> <span class='ocrx_word' id='word_1_371' title='bbox 547 3555 680 3620; x_wconf 83' lang='grc' dir='ltr'><strong>Θεὸς</strong></span> <span class='ocrx_word' id='word_1_372' title='bbox 707 3558 806 3630; x_wconf 78' lang='grc' dir='ltr'><strong>τὴν</strong></span> <span class='ocrx_word' id='word_1_373' title='bbox 839 3559 928 3612; x_wconf 83' lang='grc' dir='ltr'><strong>διὰ</strong></span> <span class='ocrx_word' id='word_1_374' title='bbox 957 3559 1192 3624; x_wconf 85' lang='grc' dir='ltr'><strong>πίστεως</strong></span> <span class='ocrx_word' id='word_1_375' title='bbox 1223 3561 1406 3632; x_wconf 81' lang='grc' dir='ltr'><strong>χάριν’</strong></span> <span class='ocrx_word' id='word_1_376' title='bbox 1450 3561 1544 3616; x_wconf 77' lang='grc' dir='ltr'><strong>καὶ</strong></span> <span class='ocrx_word' id='word_1_377' title='bbox 1577 3563 1828 3635; x_wconf 84' lang='grc' dir='ltr'><strong>καθάπερ</strong></span> <span class='ocrx_word' id='word_1_378' title='bbox 1859 3565 1918 3617; x_wconf 79' lang='grc' dir='ltr'><strong>ἐν</strong></span> 
     </span>
    </p>
   </div>
   <div class='ocr_carea' id='block_1_52' title="bbox 321 3648 1918 3728">
    <p class='ocr_par' dir='ltr' id='par_1_52' title="bbox 321 3648 1918 3728">
     <span class='ocr_line' id='line_1_52' title="bbox 321 3648 1918 3728; baseline 0.006 -28"><span class='ocrx_word' id='word_1_379' title='bbox 321 3651 552 3724; x_wconf 78' lang='grc' dir='ltr'><strong>ἀπαρχῇ</strong></span> <span class='ocrx_word' id='word_1_380' title='bbox 597 3648 707 3707; x_wconf 85' lang='grc' dir='ltr'><strong>τῶν</strong></span> <span class='ocrx_word' id='word_1_381' title='bbox 777 3651 1095 3722; x_wconf 78' lang='grc' dir='ltr'><strong>ἠλεημένων</strong></span> <span class='ocrx_word' id='word_1_382' title='bbox 1121 3691 1138 3718; x_wconf 96' lang='grc'><strong>,</strong></span> <span class='ocrx_word' id='word_1_383' title='bbox 1203 3656 1262 3707; x_wconf 83' lang='grc' dir='ltr'><strong>ὲν</strong></span> <span class='ocrx_word' id='word_1_384' title='bbox 1327 3655 1477 3726; x_wconf 82' lang='grc' dir='ltr'><strong>αὐτῷ</strong></span> <span class='ocrx_word' id='word_1_385' title='bbox 1538 3656 1918 3728; x_wconf 79' lang='grc' dir='ltr'><strong>πρεσϐυτέραν</strong></span> 
     </span>
    </p>
   </div>
   <div class='ocr_carea' id='block_1_53' title="bbox 321 3740 1920 3819">
    <p class='ocr_par' dir='ltr' id='par_1_53' title="bbox 321 3740 1920 3819">
     <span class='ocr_line' id='line_1_53' title="bbox 321 3740 1920 3819; baseline 0.006 -27"><span class='ocrx_word' id='word_1_386' title='bbox 321 3743 565 3798; x_wconf 80' lang='grc' dir='ltr'><strong>ἐποιεῖτο</strong></span> <span class='ocrx_word' id='word_1_387' title='bbox 621 3740 715 3795; x_wconf 85' lang='grc' dir='ltr'><strong>τοῦ</strong></span> <span class='ocrx_word' id='word_1_388' title='bbox 745 3742 912 3810; x_wconf 86' lang='grc' dir='ltr'><strong>νόμου</strong></span> <span class='ocrx_word' id='word_1_389' title='bbox 944 3741 1045 3816; x_wconf 78' lang='grc' dir='ltr'><strong>τὴν</strong></span> <span class='ocrx_word' id='word_1_390' title='bbox 1085 3744 1145 3811; x_wconf 78' lang='grc' dir='ltr'><strong>ἐξ</strong></span> <span class='ocrx_word' id='word_1_391' title='bbox 1182 3745 1520 3818; x_wconf 80' lang='grc' dir='ltr'><strong>ἡμερότητος</strong></span> <span class='ocrx_word' id='word_1_392' title='bbox 1556 3748 1770 3819; x_wconf 78' lang='grc' dir='ltr'><strong>ἄφεσιν.</strong></span> <span class='ocrx_word' id='word_1_393' title='bbox 1824 3748 1920 3802; x_wconf 83' lang='grc' dir='ltr'><strong>Γέ-</strong></span> 
     </span>
    </p>
   </div>
   <div class='ocr_carea' id='block_1_54' title="bbox 323 3833 1916 3911">
    <p class='ocr_par' dir='ltr' id='par_1_54' title="bbox 323 3833 1916 3911">
     <span class='ocr_line' id='line_1_54' title="bbox 323 3833 1916 3911; baseline 0.014 -28"><span class='ocrx_word' id='word_1_394' title='bbox 323 3848 572 3903; x_wconf 79' lang='grc' dir='ltr'><strong>γραπται</strong></span> <span class='ocrx_word' id='word_1_395' title='bbox 601 3833 745 3904; x_wconf 76' lang='grc' dir='ltr'><strong>γὰρ.</strong></span> <span class='ocrx_word' id='word_1_396' title='bbox 774 3835 893 3900; x_wconf 78' lang='grc' dir='ltr'><strong>ὅτι,</strong></span> <span class='ocrx_word' id='word_1_397' title='bbox 923 3853 942 3887; x_wconf 83' lang='grc' dir='ltr'><strong>ι</strong></span> <span class='ocrx_word' id='word_1_398' title='bbox 979 3835 1328 3892; x_wconf 80' lang='grc' dir='ltr'><strong>Ἐπίστευσεν</strong></span> <span class='ocrx_word' id='word_1_399' title='bbox 1374 3838 1623 3911; x_wconf 79' lang='grc' dir='ltr'><strong>Ἀϐραὰμ</strong></span> <span class='ocrx_word' id='word_1_400' title='bbox 1659 3839 1738 3911; x_wconf 82' lang='grc' dir='ltr'><strong>τῷ</strong></span> <span class='ocrx_word' id='word_1_401' title='bbox 1763 3840 1916 3911; x_wconf 69' lang='grc' dir='ltr'><strong>Θεῷ,</strong></span> 
     </span>
    </p>
   </div>
   <div class='ocr_carea' id='block_1_55' title="bbox 281 3923 1921 4004">
    <p class='ocr_par' dir='ltr' id='par_1_55' title="bbox 281 3923 1921 4004">
     <span class='ocr_line' id='line_1_55' title="bbox 281 3923 1921 4004; baseline 0.007 -29"><span class='ocrx_word' id='word_1_402' title='bbox 281 3925 288 3936; x_wconf 85' lang='grc'><strong>’</strong></span> <span class='ocrx_word' id='word_1_403' title='bbox 324 3923 427 3976; x_wconf 77' lang='grc' dir='ltr'><strong>καὶ</strong></span> <span class='ocrx_word' id='word_1_404' title='bbox 453 3924 712 3995; x_wconf 80' lang='grc' dir='ltr'><strong>ἐλογίσθη</strong></span> <span class='ocrx_word' id='word_1_405' title='bbox 733 3924 883 4000; x_wconf 83' lang='grc' dir='ltr'><strong>αὑτῷ</strong></span> <span class='ocrx_word' id='word_1_406' title='bbox 912 3926 996 3993; x_wconf 86' lang='grc' dir='ltr'><strong>είς</strong></span> <span class='ocrx_word' id='word_1_407' title='bbox 1021 3927 1388 4000; x_wconf 80' lang='grc' dir='ltr'><strong>δικαιοσύνην.</strong></span> <span class='ocrx_word' id='word_1_408' title='bbox 1425 3948 1445 3983; x_wconf 69' lang='grc' dir='ltr'><strong>ι</strong></span> <span class='ocrx_word' id='word_1_409' title='bbox 1479 3931 1921 4004; x_wconf 81' lang='grc' dir='ltr'><strong>Προσδιαμαρτὺ-</strong></span> 
     </span>
    </p>
   </div>
   <div class='ocr_carea' id='block_1_56' title="bbox 326 4016 1920 4096">
    <p class='ocr_par' dir='ltr' id='par_1_56' title="bbox 326 4016 1920 4096">
     <span class='ocr_line' id='line_1_56' title="bbox 326 4016 1920 4096; baseline 0.006 -28"><span class='ocrx_word' id='word_1_410' title='bbox 326 4033 486 4092; x_wconf 79' lang='grc' dir='ltr'><strong>ρεται</strong></span> <span class='ocrx_word' id='word_1_411' title='bbox 533 4016 592 4069; x_wconf 81' lang='grc' dir='ltr'><strong>δὲ</strong></span> <span class='ocrx_word' id='word_1_412' title='bbox 628 4016 802 4086; x_wconf 85' lang='grc' dir='ltr'><strong>λέγων</strong></span> <span class='ocrx_word' id='word_1_413' title='bbox 844 4019 874 4072; x_wconf 91' lang='lat'><strong>6</strong></span> <span class='ocrx_word' id='word_1_414' title='bbox 906 4018 1146 4083; x_wconf 75' lang='grc' dir='ltr'><strong>Παῦλοςο</strong></span> <span class='ocrx_word' id='word_1_415' title='bbox 1203 4039 1222 4074; x_wconf 83' lang='grc' dir='ltr'><strong>ι</strong></span> <span class='ocrx_word' id='word_1_416' title='bbox 1259 4019 1388 4092; x_wconf 86' lang='grc' dir='ltr'><strong>Πῶς</strong></span> <span class='ocrx_word' id='word_1_417' title='bbox 1413 4017 1506 4080; x_wconf 81' lang='grc' dir='ltr'><strong>οὖν</strong></span> <span class='ocrx_word' id='word_1_418' title='bbox 1543 4022 1830 4096; x_wconf 79' lang='grc' dir='ltr'><strong>ἐλογίσθη;</strong></span> <span class='ocrx_word' id='word_1_419' title='bbox 1861 4026 1920 4078; x_wconf 83' lang='grc' dir='ltr'><strong>ὲν</strong></span> 
     </span>
    </p>
   </div>
   <div class='ocr_carea' id='block_1_57' title="bbox 323 4109 1916 4187">
    <p class='ocr_par' dir='ltr' id='par_1_57' title="bbox 323 4109 1916 4187">
     <span class='ocr_line' id='line_1_57' title="bbox 323 4109 1916 4187; baseline 0.004 -25"><span class='ocrx_word' id='word_1_420' title='bbox 323 4111 604 4180; x_wconf 76' lang='grc' dir='ltr'><strong>περιτομῇ</strong></span> <span class='ocrx_word' id='word_1_421' title='bbox 626 4109 660 4179; x_wconf 76' lang='grc' dir='ltr'>ἦ</span> <span class='ocrx_word' id='word_1_422' title='bbox 682 4111 740 4162; x_wconf 85' lang='grc' dir='ltr'><strong>ὲν</strong></span> <span class='ocrx_word' id='word_1_423' title='bbox 763 4109 1138 4183; x_wconf 77' lang='grc' dir='ltr'><strong>ἀκροϐυστίᾳ;</strong></span> <span class='ocrx_word' id='word_1_424' title='bbox 1167 4112 1282 4167; x_wconf 83' lang='grc' dir='ltr'><strong>Οὐκ</strong></span> <span class='ocrx_word' id='word_1_425' title='bbox 1301 4113 1360 4166; x_wconf 79' lang='grc' dir='ltr'><strong>ἐν</strong></span> <span class='ocrx_word' id='word_1_426' title='bbox 1388 4116 1660 4186; x_wconf 80' lang='grc' dir='ltr'><strong>περιτομῇ</strong></span> <span class='ocrx_word' id='word_1_427' title='bbox 1677 4154 1694 4180; x_wconf 91' lang='grc'><strong>,</strong></span> <span class='ocrx_word' id='word_1_428' title='bbox 1729 4116 1916 4187; x_wconf 82' lang='grc' dir='ltr'><strong>φησὶν,</strong></span> 
     </span>
    </p>
   </div>
   <div class='ocr_carea' id='block_1_58' title="bbox 323 4199 1916 4280">
    <p class='ocr_par' dir='ltr' id='par_1_58' title="bbox 323 4199 1916 4280">
     <span class='ocr_line' id='line_1_58' title="bbox 323 4199 1916 4280; baseline 0.004 -27"><span class='ocrx_word' id='word_1_429' title='bbox 323 4200 446 4260; x_wconf 77' lang='grc' dir='ltr'><strong>ἀλλ’</strong></span> <span class='ocrx_word' id='word_1_430' title='bbox 481 4201 541 4254; x_wconf 82' lang='grc' dir='ltr'><strong>ἐν</strong></span> <span class='ocrx_word' id='word_1_431' title='bbox 585 4199 954 4273; x_wconf 77' lang='grc' dir='ltr'><strong>ἀκροϐυστίᾳ·</strong></span> <span class='ocrx_word' id='word_1_432' title='bbox 987 4203 1083 4256; x_wconf 82' lang='grc' dir='ltr'><strong>καὶ</strong></span> <span class='ocrx_word' id='word_1_433' title='bbox 1127 4206 1354 4274; x_wconf 81' lang='grc' dir='ltr'><strong>σημεῖον</strong></span> <span class='ocrx_word' id='word_1_434' title='bbox 1396 4203 1556 4260; x_wconf 72' lang='grc' dir='ltr'><strong>ἔλασε</strong></span> <span class='ocrx_word' id='word_1_435' title='bbox 1590 4207 1916 4280; x_wconf 81' lang='grc' dir='ltr'><strong>περιτομὴν,</strong></span> 
     </span>
    </p>
   </div>
   <div class='ocr_carea' id='block_1_59' title="bbox 326 4292 1918 4372">
    <p class='ocr_par' dir='ltr' id='par_1_59' title="bbox 326 4292 1918 4372">
     <span class='ocr_line' id='line_1_59' title="bbox 326 4292 1918 4372; baseline 0.007 -29"><span class='ocrx_word' id='word_1_436' title='bbox 326 4292 608 4363; x_wconf 48' lang='lat' dir='ltr'><strong>cepath</strong></span> <span class='ocrx_word' id='word_1_437' title='bbox 631 4293 729 4364; x_wconf 82' lang='grc' dir='ltr'><strong>τῆς</strong></span> <span class='ocrx_word' id='word_1_438' title='bbox 759 4292 1108 4366; x_wconf 82' lang='grc' dir='ltr'><strong>δικαιοσύνης</strong></span> <span class='ocrx_word' id='word_1_439' title='bbox 1130 4294 1229 4365; x_wconf 79' lang='grc' dir='ltr'><strong>τῆς</strong></span> <span class='ocrx_word' id='word_1_440' title='bbox 1259 4294 1521 4361; x_wconf 71' lang='grc' dir='ltr'><strong>πίστεως,</strong></span> <span class='ocrx_word' id='word_1_441' title='bbox 1537 4297 1635 4370; x_wconf 85' lang='grc' dir='ltr'><strong>τῆς</strong></span> <span class='ocrx_word' id='word_1_442' title='bbox 1665 4301 1723 4354; x_wconf 79' lang='grc' dir='ltr'><strong>ἐν</strong></span> <span class='ocrx_word' id='word_1_443' title='bbox 1750 4299 1918 4372; x_wconf 83' lang='grc' dir='ltr'><strong>ἀκρο-</strong></span> 
     </span>
    </p>
   </div>
   <div class='ocr_carea' id='block_1_60' title="bbox 325 4385 1918 4463">
    <p class='ocr_par' dir='ltr' id='par_1_60' title="bbox 325 4385 1918 4463">
     <span class='ocr_line' id='line_1_60' title="bbox 325 4385 1918 4463; baseline 0.007 -27"><span class='ocrx_word' id='word_1_444' title='bbox 325 4385 550 4458; x_wconf 63' lang='grc' dir='ltr'><strong>ευστίᾳ.</strong></span> <span class='ocrx_word' id='word_1_445' title='bbox 589 4403 612 4438; x_wconf 79' lang='grc' dir='ltr'><strong>ι</strong></span> <span class='ocrx_word' id='word_1_446' title='bbox 657 4385 894 4438; x_wconf 79' lang='grc' dir='ltr'><strong>Ἤκουσέ</strong></span> <span class='ocrx_word' id='word_1_447' title='bbox 931 4402 994 4439; x_wconf 87' lang='grc' dir='ltr'><strong>τε</strong></span> <span class='ocrx_word' id='word_1_448' title='bbox 1043 4385 1178 4442; x_wconf 88' lang='grc' dir='ltr'><strong>Θεοῦ</strong></span> <span class='ocrx_word' id='word_1_449' title='bbox 1210 4386 1459 4458; x_wconf 78' lang='grc' dir='ltr'><strong>λέγοντος</strong></span> <span class='ocrx_word' id='word_1_450' title='bbox 1489 4389 1760 4463; x_wconf 77' lang='grc' dir='ltr'><strong>ἐναργῶς,</strong></span> <span class='ocrx_word' id='word_1_451' title='bbox 1799 4393 1918 4458; x_wconf 72' lang='grc' dir='ltr'><strong>ὅτι,</strong></span> 
     </span>
    </p>
   </div>
   <div class='ocr_carea' id='block_1_61' title="bbox 2009 1891 3002 1961">
    <p class='ocr_par' dir='ltr' id='par_1_61' title="bbox 2009 1891 3002 1961">
     <span class='ocr_line' id='line_1_61' title="bbox 2009 1891 3002 1961; baseline -0.01 -7"><span class='ocrx_word' id='word_1_452' title='bbox 2009 1895 2242 1961; x_wconf 78' lang='lat' dir='ltr'><strong>exsistit,</strong></span> <span class='ocrx_word' id='word_1_453' title='bbox 2270 1894 2630 1951; x_wconf 86' lang='lat' dir='ltr'><strong>sanctiﬁcatio</strong></span> <span class='ocrx_word' id='word_1_454' title='bbox 2658 1891 3002 1960; x_wconf 56' lang='lat' dir='ltr'><strong>sancitasit}.</strong></span> 
     </span>
    </p>
   </div>
   <div class='ocr_carea' id='block_1_62' title="bbox 2077 1966 3600 2056">
    <p class='ocr_par' dir='ltr' id='par_1_62' title="bbox 2077 1966 3600 2056">
     <span class='ocr_line' id='line_1_62' title="bbox 2077 1966 3600 2056; baseline -0.011 -12"><span class='ocrx_word' id='word_1_455' title='bbox 2077 1990 2236 2048; x_wconf 64' lang='grc' dir='ltr'><strong>ΟΥΕ.</strong></span> <span class='ocrx_word' id='word_1_456' title='bbox 2270 1988 2410 2056; x_wconf 86' lang='lat' dir='ltr'><strong>Quia</strong></span> <span class='ocrx_word' id='word_1_457' title='bbox 2457 1995 2636 2052; x_wconf 88' lang='lat' dir='ltr'><strong>certe,</strong></span> <span class='ocrx_word' id='word_1_458' title='bbox 2680 1984 2926 2047; x_wconf 79' lang='lat' dir='ltr'><strong>Palladi,</strong></span> <span class='ocrx_word' id='word_1_459' title='bbox 2975 1982 3038 2037; x_wconf 90' lang='lat' dir='ltr'><strong>id.</strong></span> <span class='ocrx_word' id='word_1_460' title='bbox 3079 1966 3600 2037; x_wconf 82' lang='lat' dir='ltr'><strong>convenientissime</strong></span> 
     </span>
    </p>
   </div>
   <div class='ocr_carea' id='block_1_63' title="bbox 2009 2065 3602 2152">
    <p class='ocr_par' dir='ltr' id='par_1_63' title="bbox 2009 2065 3602 2152">
     <span class='ocr_line' id='line_1_63' title="bbox 2009 2065 3602 2152; baseline -0.011 -15"><span class='ocrx_word' id='word_1_461' title='bbox 2009 2081 2255 2138; x_wconf 87' lang='lat' dir='ltr'><strong>abluitur</strong></span> <span class='ocrx_word' id='word_1_462' title='bbox 2277 2079 2425 2152; x_wconf 87' lang='lat' dir='ltr'><strong>quod</strong></span> <span class='ocrx_word' id='word_1_463' title='bbox 2467 2077 2809 2135; x_wconf 88' lang='lat' dir='ltr'><strong>sordidatum</strong></span> <span class='ocrx_word' id='word_1_464' title='bbox 2835 2083 2956 2143; x_wconf 87' lang='lat' dir='ltr'><strong>est;</strong></span> <span class='ocrx_word' id='word_1_465' title='bbox 2999 2073 3053 2128; x_wconf 91' lang='lat' dir='ltr'><strong>id</strong></span> <span class='ocrx_word' id='word_1_466' title='bbox 3089 2069 3422 2140; x_wconf 85' lang='lat' dir='ltr'><strong>abstergitur</strong></span> <span class='ocrx_word' id='word_1_467' title='bbox 3452 2065 3602 2137; x_wconf 86' lang='lat' dir='ltr'><strong>quod</strong></span> 
     </span>
    </p>
   </div>
   <div class='ocr_carea' id='block_1_64' title="bbox 2007 2156 3608 2244">
    <p class='ocr_par' dir='ltr' id='par_1_64' title="bbox 2007 2156 3608 2244">
     <span class='ocr_line' id='line_1_64' title="bbox 2007 2156 3608 2244; baseline -0.012 -14"><span class='ocrx_word' id='word_1_468' title='bbox 2007 2183 2095 2230; x_wconf 89' lang='lat' dir='ltr'><strong>est</strong></span> <span class='ocrx_word' id='word_1_469' title='bbox 2125 2173 2474 2244; x_wconf 89' lang='lat' dir='ltr'><strong>inquinatum</strong></span> <span class='ocrx_word' id='word_1_470' title='bbox 2492 2189 2517 2239; x_wconf 59' lang='grc' dir='ltr'><strong>ς</strong></span> <span class='ocrx_word' id='word_1_471' title='bbox 2537 2170 2594 2227; x_wconf 89' lang='lat' dir='ltr'><strong>id</strong></span> <span class='ocrx_word' id='word_1_472' title='bbox 2621 2170 2929 2226; x_wconf 88' lang='lat' dir='ltr'><strong>illustratur</strong></span> <span class='ocrx_word' id='word_1_473' title='bbox 2975 2166 3064 2222; x_wconf 91' lang='lat' dir='ltr'><strong>cui</strong></span> <span class='ocrx_word' id='word_1_474' title='bbox 3113 2163 3352 2220; x_wconf 69' lang='lat' dir='ltr'><strong>tenebm</strong></span> <span class='ocrx_word' id='word_1_475' title='bbox 3373 2164 3511 2215; x_wconf 82' lang='lat' dir='ltr'><strong>sunt</strong></span> <span class='ocrx_word' id='word_1_476' title='bbox 3523 2156 3608 2212; x_wconf 76' lang='lat'><strong>0(-</strong></span> 
     </span>
    </p>
   </div>
   <div class='ocr_carea' id='block_1_65' title="bbox 2008 2247 3606 2334">
    <p class='ocr_par' dir='ltr' id='par_1_65' title="bbox 2008 2247 3606 2334">
     <span class='ocr_line' id='line_1_65' title="bbox 2008 2247 3606 2334; baseline -0.011 -14"><span class='ocrx_word' id='word_1_477' title='bbox 2008 2264 2165 2320; x_wconf 71' lang='lat' dir='ltr'><strong>fusze.</strong></span> <span class='ocrx_word' id='word_1_478' title='bbox 2211 2262 2452 2334; x_wconf 54' lang='lat' dir='ltr'><strong>Equum</strong></span> <span class='ocrx_word' id='word_1_479' title='bbox 2482 2271 2569 2317; x_wconf 87' lang='lat' dir='ltr'><strong>est</strong></span> <span class='ocrx_word' id='word_1_480' title='bbox 2603 2270 2824 2326; x_wconf 55' lang='lat' dir='ltr'><strong>autem,</strong></span> <span class='ocrx_word' id='word_1_481' title='bbox 2845 2259 3073 2329; x_wconf 68' lang='lat' dir='ltr'><strong>opinor,</strong></span> <span class='ocrx_word' id='word_1_482' title='bbox 3099 2257 3256 2328; x_wconf 83' lang='lat' dir='ltr'><strong>juxta</strong></span> <span class='ocrx_word' id='word_1_483' title='bbox 3302 2247 3606 2309; x_wconf 89' lang='lat' dir='ltr'><strong>Salvatoris</strong></span> 
     </span>
    </p>
   </div>
   <div class='ocr_carea' id='block_1_66' title="bbox 2011 2341 3606 2418">
    <p class='ocr_par' dir='ltr' id='par_1_66' title="bbox 2011 2341 3606 2418">
     <span class='ocr_line' id='line_1_66' title="bbox 2011 2341 3606 2418; baseline -0.008 -13"><span class='ocrx_word' id='word_1_484' title='bbox 2011 2349 2186 2405; x_wconf 88' lang='lat' dir='ltr'><strong>nostri</strong></span> <span class='ocrx_word' id='word_1_485' title='bbox 2209 2365 2400 2406; x_wconf 90' lang='lat' dir='ltr'><strong>vocem</strong></span> <span class='ocrx_word' id='word_1_486' title='bbox 2428 2349 2607 2404; x_wconf 89' lang='lat' dir='ltr'><strong>curari</strong></span> <span class='ocrx_word' id='word_1_487' title='bbox 2643 2348 2792 2418; x_wconf 88' lang='lat' dir='ltr'><strong>quod</strong></span> <span class='ocrx_word' id='word_1_488' title='bbox 2835 2345 3114 2402; x_wconf 88' lang='lat' dir='ltr'><strong>inﬁrmum</strong></span> <span class='ocrx_word' id='word_1_489' title='bbox 3135 2341 3448 2410; x_wconf 68' lang='lat' dir='ltr'><strong>sit;vocari</strong></span> <span class='ocrx_word' id='word_1_490' title='bbox 3472 2353 3606 2394; x_wconf 90' lang='lat' dir='ltr'><strong>vero</strong></span> 
     </span>
    </p>
   </div>
   <div class='ocr_carea' id='block_1_67' title="bbox 2013 2429 3604 2515">
    <p class='ocr_par' dir='ltr' id='par_1_67' title="bbox 2013 2429 3604 2515">
     <span class='ocr_line' id='line_1_67' title="bbox 2013 2429 3604 2515; baseline -0.01 -16"><span class='ocrx_word' id='word_1_491' title='bbox 2013 2444 2082 2499; x_wconf 84' lang='lat' dir='ltr'><strong>ad</strong></span> <span class='ocrx_word' id='word_1_492' title='bbox 2118 2443 2522 2515; x_wconf 64' lang='lat' dir='ltr'><strong>paenitentiam,</strong></span> <span class='ocrx_word' id='word_1_493' title='bbox 2562 2457 2673 2496; x_wconf 88' lang='lat' dir='ltr'><strong>non</strong></span> <span class='ocrx_word' id='word_1_494' title='bbox 2701 2456 2797 2495; x_wconf 90' lang='lat' dir='ltr'><strong>eos</strong></span> <span class='ocrx_word' id='word_1_495' title='bbox 2834 2438 2930 2509; x_wconf 88' lang='lat' dir='ltr'><strong>qui</strong></span> <span class='ocrx_word' id='word_1_496' title='bbox 2969 2434 3292 2492; x_wconf 85' lang='lat' dir='ltr'><strong>sanctiﬁcati</strong></span> <span class='ocrx_word' id='word_1_497' title='bbox 3326 2440 3475 2496; x_wconf 86' lang='lat' dir='ltr'><strong>sunt,</strong></span> <span class='ocrx_word' id='word_1_498' title='bbox 3506 2429 3604 2485; x_wconf 91' lang='lat' dir='ltr'><strong>sed</strong></span> 
     </span>
    </p>
   </div>
   <div class='ocr_carea' id='block_1_68' title="bbox 2015 2519 3606 2610">
    <p class='ocr_par' dir='ltr' id='par_1_68' title="bbox 2015 2519 3606 2610">
     <span class='ocr_line' id='line_1_68' title="bbox 2015 2519 3606 2610; baseline -0.013 -15"><span class='ocrx_word' id='word_1_499' title='bbox 2015 2539 2109 2610; x_wconf 92' lang='lat' dir='ltr'><strong>qui</strong></span> <span class='ocrx_word' id='word_1_500' title='bbox 2152 2545 2376 2610; x_wconf 90' lang='lat' dir='ltr'><strong>propter</strong></span> <span class='ocrx_word' id='word_1_501' title='bbox 2417 2543 2642 2607; x_wconf 85' lang='lat' dir='ltr'><strong>peccata</strong></span> <span class='ocrx_word' id='word_1_502' title='bbox 2673 2533 2784 2588; x_wconf 91' lang='lat' dir='ltr'><strong>sint</strong></span> <span class='ocrx_word' id='word_1_503' title='bbox 2829 2529 2992 2586; x_wconf 78' lang='lat' dir='ltr'><strong>invisi</strong></span> <span class='ocrx_word' id='word_1_504' title='bbox 3027 2529 3095 2580; x_wconf 80' lang='grc'><strong>⁸².</strong></span> <span class='ocrx_word' id='word_1_505' title='bbox 3135 2526 3227 2581; x_wconf 81' lang='lat' dir='ltr'><strong>An</strong></span> <span class='ocrx_word' id='word_1_506' title='bbox 3259 2539 3388 2578; x_wconf 84' lang='lat' dir='ltr'><strong>vero</strong></span> <span class='ocrx_word' id='word_1_507' title='bbox 3415 2519 3606 2591; x_wconf 88' lang='lat' dir='ltr'><strong>negari</strong></span> 
     </span>
    </p>
   </div>
   <div class='ocr_carea' id='block_1_69' title="bbox 2015 2617 3604 2702">
    <p class='ocr_par' dir='ltr' id='par_1_69' title="bbox 2015 2617 3604 2702">
     <span class='ocr_line' id='line_1_69' title="bbox 2015 2617 3604 2702; baseline -0.013 -15"><span class='ocrx_word' id='word_1_508' title='bbox 2015 2640 2195 2702; x_wconf 82' lang='lat' dir='ltr'><strong>potest</strong></span> <span class='ocrx_word' id='word_1_509' title='bbox 2243 2631 2376 2701; x_wconf 90' lang='lat' dir='ltr'><strong>quin</strong></span> <span class='ocrx_word' id='word_1_510' title='bbox 2423 2629 2592 2684; x_wconf 83' lang='lat' dir='ltr'><strong>fuerit</strong></span> <span class='ocrx_word' id='word_1_511' title='bbox 2625 2642 2785 2698; x_wconf 85' lang='lat' dir='ltr'><strong>Opus,</strong></span> <span class='ocrx_word' id='word_1_512' title='bbox 2836 2623 2932 2694; x_wconf 87' lang='lat' dir='ltr'><strong>qui</strong></span> <span class='ocrx_word' id='word_1_513' title='bbox 2980 2621 3048 2676; x_wconf 93' lang='lat' dir='ltr'><strong>ad</strong></span> <span class='ocrx_word' id='word_1_514' title='bbox 3096 2617 3438 2674; x_wconf 87' lang='lat' dir='ltr'><strong>remissionis</strong></span> <span class='ocrx_word' id='word_1_515' title='bbox 3477 2630 3604 2686; x_wconf 87' lang='lat' dir='ltr'><strong>gra-</strong></span> 
     </span>
    </p>
   </div>
   <div class='ocr_carea' id='block_1_70' title="bbox 2018 2707 3607 2787">
    <p class='ocr_par' dir='ltr' id='par_1_70' title="bbox 2018 2707 3607 2787">
     <span class='ocr_line' id='line_1_70' title="bbox 2018 2707 3607 2787; baseline -0.011 -9"><span class='ocrx_word' id='word_1_516' title='bbox 2018 2725 2150 2778; x_wconf 92' lang='lat' dir='ltr'><strong>tiam</strong></span> <span class='ocrx_word' id='word_1_517' title='bbox 2166 2731 2515 2787; x_wconf 86' lang='lat' dir='ltr'><strong>vocarentur,</strong></span> <span class='ocrx_word' id='word_1_518' title='bbox 2535 2737 2632 2778; x_wconf 88' lang='lat' dir='ltr'><strong>eos</strong></span> <span class='ocrx_word' id='word_1_519' title='bbox 2660 2729 2788 2776; x_wconf 89' lang='lat' dir='ltr'><strong>ante</strong></span> <span class='ocrx_word' id='word_1_520' title='bbox 2807 2713 3198 2780; x_wconf 89' lang='lat' dir='ltr'><strong>condemnari,</strong></span> <span class='ocrx_word' id='word_1_521' title='bbox 3222 2720 3283 2766; x_wconf 91' lang='lat' dir='ltr'><strong>ut</strong></span> <span class='ocrx_word' id='word_1_522' title='bbox 3303 2725 3427 2765; x_wconf 90' lang='lat' dir='ltr'><strong>cum</strong></span> <span class='ocrx_word' id='word_1_523' title='bbox 3451 2707 3607 2778; x_wconf 87' lang='lat' dir='ltr'><strong>prius</strong></span> 
     </span>
    </p>
   </div>
   <div class='ocr_carea' id='block_1_71' title="bbox 2018 2800 3608 2887">
    <p class='ocr_par' dir='ltr' id='par_1_71' title="bbox 2018 2800 3608 2887">
     <span class='ocr_line' id='line_1_71' title="bbox 2018 2800 3608 2887; baseline -0.012 -17"><span class='ocrx_word' id='word_1_524' title='bbox 2018 2801 2242 2887; x_wconf 79' lang='lat' dir='ltr'><strong>propter</strong></span> <span class='ocrx_word' id='word_1_525' title='bbox 2268 2815 2643 2869; x_wconf 87' lang='lat' dir='ltr'><strong>inﬁrmitatem</strong></span> <span class='ocrx_word' id='word_1_526' title='bbox 2669 2827 2790 2882; x_wconf 65' lang='lat' dir='ltr'><strong>quae</strong></span> <span class='ocrx_word' id='word_1_527' title='bbox 2812 2813 2869 2864; x_wconf 92' lang='lat' dir='ltr'><strong>in</strong></span> <span class='ocrx_word' id='word_1_528' title='bbox 2894 2809 3003 2864; x_wconf 90' lang='lat' dir='ltr'><strong>illis</strong></span> <span class='ocrx_word' id='word_1_529' title='bbox 3030 2813 3196 2871; x_wconf 91' lang='lat' dir='ltr'><strong>esset,</strong></span> <span class='ocrx_word' id='word_1_530' title='bbox 3221 2804 3277 2857; x_wconf 92' lang='lat' dir='ltr'><strong>in</strong></span> <span class='ocrx_word' id='word_1_531' title='bbox 3299 2800 3492 2856; x_wconf 90' lang='lat' dir='ltr'><strong>salutis</strong></span> <span class='ocrx_word' id='word_1_532' title='bbox 3514 2814 3608 2870; x_wconf 91' lang='lat' dir='ltr'><strong>pe-</strong></span> 
     </span>
    </p>
   </div>
   <div class='ocr_carea' id='block_1_72' title="bbox 2021 2892 3606 2972">
    <p class='ocr_par' dir='ltr' id='par_1_72' title="bbox 2021 2892 3606 2972">
     <span class='ocr_line' id='line_1_72' title="bbox 2021 2892 3606 2972; baseline -0.012 -10"><span class='ocrx_word' id='word_1_533' title='bbox 2021 2907 2255 2962; x_wconf 90' lang='lat' dir='ltr'><strong>rieulum</strong></span> <span class='ocrx_word' id='word_1_534' title='bbox 2285 2906 2584 2970; x_wconf 89' lang='lat' dir='ltr'><strong>venissent,</strong></span> <span class='ocrx_word' id='word_1_535' title='bbox 2620 2911 2736 2958; x_wconf 90' lang='lat' dir='ltr'><strong>tum</strong></span> <span class='ocrx_word' id='word_1_536' title='bbox 2767 2901 3006 2972; x_wconf 91' lang='lat' dir='ltr'><strong>denique</strong></span> <span class='ocrx_word' id='word_1_537' title='bbox 3045 2895 3313 2966; x_wconf 87' lang='lat' dir='ltr'><strong>redempti</strong></span> <span class='ocrx_word' id='word_1_538' title='bbox 3349 2892 3606 2948; x_wconf 89' lang='lat' dir='ltr'><strong>videren-</strong></span> 
     </span>
    </p>
   </div>
   <div class='ocr_carea' id='block_1_73' title="bbox 2022 2984 3604 3067">
    <p class='ocr_par' dir='ltr' id='par_1_73' title="bbox 2022 2984 3604 3067">
     <span class='ocr_line' id='line_1_73' title="bbox 2022 2984 3604 3067; baseline -0.009 -14"><span class='ocrx_word' id='word_1_539' title='bbox 2022 3002 2147 3055; x_wconf 88' lang='lat' dir='ltr'><strong>tur?</strong></span> <span class='ocrx_word' id='word_1_540' title='bbox 2213 2999 2479 3067; x_wconf 89' lang='lat' dir='ltr'><strong>Quocirca</strong></span> <span class='ocrx_word' id='word_1_541' title='bbox 2529 3012 2758 3054; x_wconf 88' lang='lat' dir='ltr'><strong>necesse</strong></span> <span class='ocrx_word' id='word_1_542' title='bbox 2825 2995 2930 3050; x_wconf 82' lang='lat' dir='ltr'><strong>fuit</strong></span> <span class='ocrx_word' id='word_1_543' title='bbox 2978 2993 3129 3048; x_wconf 90' lang='lat' dir='ltr'><strong>velut</strong></span> <span class='ocrx_word' id='word_1_544' title='bbox 3175 2984 3604 3058; x_wconf 85' lang='lat' dir='ltr'><strong>redargutricem</strong></span> 
     </span>
    </p>
   </div>
   <div class='ocr_carea' id='block_1_74' title="bbox 2023 3075 3605 3163">
    <p class='ocr_par' dir='ltr' id='par_1_74' title="bbox 2023 3075 3605 3163">
     <span class='ocr_line' id='line_1_74' title="bbox 2023 3075 3605 3163; baseline -0.013 -17"><span class='ocrx_word' id='word_1_545' title='bbox 2023 3091 2337 3163; x_wconf 85' lang='lat' dir='ltr'><strong>quamdam,</strong></span> <span class='ocrx_word' id='word_1_546' title='bbox 2371 3098 2428 3146; x_wconf 89' lang='lat' dir='ltr'><strong>et</strong></span> <span class='ocrx_word' id='word_1_547' title='bbox 2468 3088 2942 3159; x_wconf 77' lang='lat' dir='ltr'><strong>diligentissimam</strong></span> <span class='ocrx_word' id='word_1_548' title='bbox 2989 3079 3324 3138; x_wconf 85' lang='lat' dir='ltr'><strong>inﬁrmitatis</strong></span> <span class='ocrx_word' id='word_1_549' title='bbox 3361 3075 3605 3132; x_wconf 90' lang='lat' dir='ltr'><strong>omnium</strong></span> 
     </span>
    </p>
   </div>
   <div class='ocr_carea' id='block_1_75' title="bbox 2017 3169 3607 3252">
    <p class='ocr_par' dir='ltr' id='par_1_75' title="bbox 2017 3169 3607 3252">
     <span class='ocr_line' id='line_1_75' title="bbox 2017 3169 3607 3252; baseline -0.013 -12"><span class='ocrx_word' id='word_1_550' title='bbox 2017 3183 2408 3241; x_wconf 85' lang='lat' dir='ltr'><strong>accusatricem</strong></span> <span class='ocrx_word' id='word_1_551' title='bbox 2441 3181 2775 3252; x_wconf 81' lang='lat' dir='ltr'><strong>promulgari</strong></span> <span class='ocrx_word' id='word_1_552' title='bbox 2811 3180 2985 3249; x_wconf 87' lang='lat' dir='ltr'><strong>legem</strong></span> <span class='ocrx_word' id='word_1_553' title='bbox 3014 3190 3135 3231; x_wconf 89' lang='lat' dir='ltr'><strong>eam</strong></span> <span class='ocrx_word' id='word_1_554' title='bbox 3175 3171 3265 3229; x_wconf 91' lang='lat' dir='ltr'><strong>cui</strong></span> <span class='ocrx_word' id='word_1_555' title='bbox 3307 3169 3390 3225; x_wconf 86' lang='lat' dir='ltr'><strong>vis</strong></span> <span class='ocrx_word' id='word_1_556' title='bbox 3419 3175 3607 3222; x_wconf 85' lang='lat' dir='ltr'><strong>osten-</strong></span> 
     </span>
    </p>
   </div>
   <div class='ocr_carea' id='block_1_76' title="bbox 2018 3260 3607 3344">
    <p class='ocr_par' dir='ltr' id='par_1_76' title="bbox 2018 3260 3607 3344">
     <span class='ocr_line' id='line_1_76' title="bbox 2018 3260 3607 3344; baseline -0.011 -14"><span class='ocrx_word' id='word_1_557' title='bbox 2018 3273 2184 3330; x_wconf 91' lang='lat' dir='ltr'><strong>dendi</strong></span> <span class='ocrx_word' id='word_1_558' title='bbox 2226 3281 2511 3344; x_wconf 83' lang='lat' dir='ltr'><strong>peccatum</strong></span> <span class='ocrx_word' id='word_1_559' title='bbox 2548 3272 2772 3333; x_wconf 88' lang='lat' dir='ltr'><strong>inesset,</strong></span> <span class='ocrx_word' id='word_1_560' title='bbox 2813 3278 2873 3326; x_wconf 90' lang='lat' dir='ltr'><strong>ut</strong></span> <span class='ocrx_word' id='word_1_561' title='bbox 2901 3282 2970 3324; x_wconf 92' lang='lat' dir='ltr'><strong>ne</strong></span> <span class='ocrx_word' id='word_1_562' title='bbox 3001 3266 3200 3324; x_wconf 75' lang='lat' dir='ltr'><strong>divinae</strong></span> <span class='ocrx_word' id='word_1_563' title='bbox 3231 3260 3607 3333; x_wconf 86' lang='lat' dir='ltr'><strong>benignitatis,</strong></span> 
     </span>
    </p>
   </div>
   <div class='ocr_carea' id='block_1_77' title="bbox 2019 3350 3611 3438">
    <p class='ocr_par' dir='ltr' id='par_1_77' title="bbox 2019 3350 3611 3438">
     <span class='ocr_line' id='line_1_77' title="bbox 2019 3350 3611 3438; baseline -0.013 -17"><span class='ocrx_word' id='word_1_564' title='bbox 2019 3381 2140 3438; x_wconf 64' lang='lat' dir='ltr'><strong>qua:</strong></span> <span class='ocrx_word' id='word_1_565' title='bbox 2160 3380 2259 3437; x_wconf 91' lang='lat' dir='ltr'><strong>per</strong></span> <span class='ocrx_word' id='word_1_566' title='bbox 2277 3362 2561 3418; x_wconf 82' lang='lat' dir='ltr'><strong>Christum</strong></span> <span class='ocrx_word' id='word_1_567' title='bbox 2591 3359 2838 3417; x_wconf 76' lang='lat' dir='ltr'><strong>exhibita</strong></span> <span class='ocrx_word' id='word_1_568' title='bbox 2858 3365 2964 3423; x_wconf 88' lang='lat' dir='ltr'><strong>est,</strong></span> <span class='ocrx_word' id='word_1_569' title='bbox 2997 3353 3430 3427; x_wconf 85' lang='lat' dir='ltr'><strong>magnitudinem</strong></span> <span class='ocrx_word' id='word_1_570' title='bbox 3457 3350 3611 3421; x_wconf 86' lang='lat' dir='ltr'><strong>igno-</strong></span> 
     </span>
    </p>
   </div>
   <div class='ocr_carea' id='block_1_78' title="bbox 2018 3443 3608 3522">
    <p class='ocr_par' dir='ltr' id='par_1_78' title="bbox 2018 3443 3608 3522">
     <span class='ocr_line' id='line_1_78' title="bbox 2018 3443 3608 3522; baseline -0.013 -8"><span class='ocrx_word' id='word_1_571' title='bbox 2018 3473 2284 3515; x_wconf 90' lang='lat' dir='ltr'><strong>raremus.</strong></span> <span class='ocrx_word' id='word_1_572' title='bbox 2310 3455 2415 3512; x_wconf 92' lang='lat' dir='ltr'><strong>Ubi</strong></span> <span class='ocrx_word' id='word_1_573' title='bbox 2438 3454 2586 3509; x_wconf 88' lang='lat' dir='ltr'><strong>enim</strong></span> <span class='ocrx_word' id='word_1_574' title='bbox 2615 3461 2710 3508; x_wconf 89' lang='lat' dir='ltr'><strong>aut</strong></span> <span class='ocrx_word' id='word_1_575' title='bbox 2737 3450 3016 3522; x_wconf 90' lang='lat' dir='ltr'><strong>quomodo</strong></span> <span class='ocrx_word' id='word_1_576' title='bbox 3049 3447 3214 3503; x_wconf 82' lang='lat' dir='ltr'><strong>fuerit</strong></span> <span class='ocrx_word' id='word_1_577' title='bbox 3236 3447 3390 3499; x_wconf 83' lang='lat' dir='ltr'><strong>locus</strong></span> <span class='ocrx_word' id='word_1_578' title='bbox 3415 3443 3608 3496; x_wconf 80' lang='lat' dir='ltr'><strong>remit—</strong></span> 
     </span>
    </p>
   </div>
   <div class='ocr_carea' id='block_1_79' title="bbox 2020 3535 3612 3622">
    <p class='ocr_par' dir='ltr' id='par_1_79' title="bbox 2020 3535 3612 3622">
     <span class='ocr_line' id='line_1_79' title="bbox 2020 3535 3612 3622; baseline -0.011 -13"><span class='ocrx_word' id='word_1_579' title='bbox 2020 3551 2157 3609; x_wconf 89' lang='lat' dir='ltr'><strong>tenti</strong></span> <span class='ocrx_word' id='word_1_580' title='bbox 2188 3549 2397 3622; x_wconf 78' lang='lat' dir='ltr'><strong>gratiae,</strong></span> <span class='ocrx_word' id='word_1_581' title='bbox 2438 3546 2545 3603; x_wconf 86' lang='lat' dir='ltr'><strong>nisi</strong></span> <span class='ocrx_word' id='word_1_582' title='bbox 2570 3546 2726 3617; x_wconf 90' lang='lat' dir='ltr'><strong>prius</strong></span> <span class='ocrx_word' id='word_1_583' title='bbox 2753 3535 3500 3612; x_wconf 57' lang='lat' dir='ltr'><strong>eriminibusdemonstratis</strong></span> <span class='ocrx_word' id='word_1_584' title='bbox 3528 3546 3612 3591; x_wconf 86' lang='lat' dir='ltr'><strong>at—</strong></span> 
     </span>
    </p>
   </div>
   <div class='ocr_carea' id='block_1_80' title="bbox 2020 3628 3610 3716">
    <p class='ocr_par' dir='ltr' id='par_1_80' title="bbox 2020 3628 3610 3716">
     <span class='ocr_line' id='line_1_80' title="bbox 2020 3628 3610 3716; baseline -0.014 -16"><span class='ocrx_word' id='word_1_585' title='bbox 2020 3661 2126 3716; x_wconf 90' lang='lat' dir='ltr'><strong>que</strong></span> <span class='ocrx_word' id='word_1_586' title='bbox 2154 3640 2502 3699; x_wconf 87' lang='lat' dir='ltr'><strong>constitutis?</strong></span> <span class='ocrx_word' id='word_1_587' title='bbox 2520 3639 2721 3710; x_wconf 88' lang='lat' dir='ltr'><strong>Atque,</strong></span> <span class='ocrx_word' id='word_1_588' title='bbox 2748 3644 2808 3692; x_wconf 92' lang='lat' dir='ltr'><strong>ut</strong></span> <span class='ocrx_word' id='word_1_589' title='bbox 2829 3635 2984 3692; x_wconf 86' lang='lat' dir='ltr'><strong>brevi</strong></span> <span class='ocrx_word' id='word_1_590' title='bbox 3007 3642 3131 3689; x_wconf 88' lang='lat' dir='ltr'><strong>utar</strong></span> <span class='ocrx_word' id='word_1_591' title='bbox 3161 3630 3432 3693; x_wconf 87' lang='lat' dir='ltr'><strong>oratione,</strong></span> <span class='ocrx_word' id='word_1_592' title='bbox 3462 3635 3519 3685; x_wconf 86' lang='lat' dir='ltr'><strong>et</strong></span> <span class='ocrx_word' id='word_1_593' title='bbox 3540 3628 3610 3680; x_wconf 87' lang='lat' dir='ltr'><strong>ad</strong></span> 
     </span>
    </p>
   </div>
   <div class='ocr_carea' id='block_1_81' title="bbox 2019 3717 3612 3802">
    <p class='ocr_par' dir='ltr' id='par_1_81' title="bbox 2019 3717 3612 3802">
     <span class='ocr_line' id='line_1_81' title="bbox 2019 3717 3612 3802; baseline -0.011 -13"><span class='ocrx_word' id='word_1_594' title='bbox 2019 3743 2266 3789; x_wconf 88' lang='lat' dir='ltr'><strong>veterum</strong></span> <span class='ocrx_word' id='word_1_595' title='bbox 2297 3729 2546 3802; x_wconf 80' lang='lat' dir='ltr'><strong>exempla</strong></span> <span class='ocrx_word' id='word_1_596' title='bbox 2573 3738 2876 3792; x_wconf 86' lang='lat' dir='ltr'><strong>recurram,</strong></span> <span class='ocrx_word' id='word_1_597' title='bbox 2899 3724 3080 3782; x_wconf 90' lang='lat' dir='ltr'><strong>dicam</strong></span> <span class='ocrx_word' id='word_1_598' title='bbox 3110 3722 3294 3778; x_wconf 92' lang='lat' dir='ltr'><strong>denuo</strong></span> <span class='ocrx_word' id='word_1_599' title='bbox 3328 3737 3343 3774; x_wconf 85' lang='lat'><strong>:</strong></span> <span class='ocrx_word' id='word_1_600' title='bbox 3378 3717 3612 3774; x_wconf 72' lang='lat' dir='ltr'><strong>Abraha:</strong></span> 
     </span>
    </p>
   </div>
   <div class='ocr_carea' id='block_1_82' title="bbox 2021 3809 3612 3897">
    <p class='ocr_par' dir='ltr' id='par_1_82' title="bbox 2021 3809 3612 3897">
     <span class='ocr_line' id='line_1_82' title="bbox 2021 3809 3612 3897; baseline -0.013 -15"><span class='ocrx_word' id='word_1_601' title='bbox 2021 3823 2316 3897; x_wconf 84' lang='lat' dir='ltr'><strong>spepondit</strong></span> <span class='ocrx_word' id='word_1_602' title='bbox 2346 3821 2571 3893; x_wconf 87' lang='lat' dir='ltr'><strong>quidem</strong></span> <span class='ocrx_word' id='word_1_603' title='bbox 2599 3821 2746 3876; x_wconf 91' lang='lat' dir='ltr'><strong>Deus</strong></span> <span class='ocrx_word' id='word_1_604' title='bbox 2781 3818 3016 3890; x_wconf 89' lang='lat' dir='ltr'><strong>gratiam</strong></span> <span class='ocrx_word' id='word_1_605' title='bbox 3057 3831 3156 3886; x_wconf 90' lang='lat' dir='ltr'><strong>per</strong></span> <span class='ocrx_word' id='word_1_606' title='bbox 3191 3812 3385 3897; x_wconf 82' lang='lat' dir='ltr'><strong>ﬁdem,_</strong></span> <span class='ocrx_word' id='word_1_607' title='bbox 3417 3809 3474 3864; x_wconf 90' lang='lat' dir='ltr'><strong>in</strong></span> <span class='ocrx_word' id='word_1_608' title='bbox 3513 3822 3612 3862; x_wconf 76' lang='lat' dir='ltr'><strong>eo.-</strong></span> 
     </span>
    </p>
   </div>
   <div class='ocr_carea' id='block_1_83' title="bbox 2019 3888 3612 3993">
    <p class='ocr_par' dir='ltr' id='par_1_83' title="bbox 2019 3888 3612 3993">
     <span class='ocr_line' id='line_1_83' title="bbox 2019 3888 3612 3993; baseline -0.016 -16"><span class='ocrx_word' id='word_1_609' title='bbox 2019 3937 2126 3993; x_wconf 92' lang='lat' dir='ltr'><strong>que</strong></span> <span class='ocrx_word' id='word_1_610' title='bbox 2161 3917 2384 3974; x_wconf 82' lang='lat' dir='ltr'><strong>homine</strong></span> <span class='ocrx_word' id='word_1_611' title='bbox 2415 3926 2677 3987; x_wconf 85' lang='lat' dir='ltr'><strong>tanquam</strong></span> <span class='ocrx_word' id='word_1_612' title='bbox 2716 3913 2771 3968; x_wconf 91' lang='lat' dir='ltr'><strong>in</strong></span> <span class='ocrx_word' id='word_1_613' title='bbox 2797 3909 3058 3986; x_wconf 89' lang='lat' dir='ltr'><strong>primitiis</strong></span> <span class='ocrx_word' id='word_1_614' title='bbox 3089 3920 3281 3963; x_wconf 90' lang='lat' dir='ltr'><strong>eorum</strong></span> <span class='ocrx_word' id='word_1_615' title='bbox 3320 3888 3416 3974; x_wconf 77' lang='lat' dir='ltr'><strong>qui</strong></span> <span class='ocrx_word' id='word_1_616' title='bbox 3445 3900 3612 3954; x_wconf 88' lang='lat' dir='ltr'><strong>mise-</strong></span> 
     </span>
    </p>
   </div>
   <div class='ocr_carea' id='block_1_84' title="bbox 2021 3991 3615 4071">
    <p class='ocr_par' dir='ltr' id='par_1_84' title="bbox 2021 3991 3615 4071">
     <span class='ocr_line' id='line_1_84' title="bbox 2021 3991 3615 4071; baseline -0.017 0"><span class='ocrx_word' id='word_1_617' title='bbox 2021 4011 2312 4071; x_wconf 85' lang='lat' dir='ltr'><strong>ricordiam</strong></span> <span class='ocrx_word' id='word_1_618' title='bbox 2338 4006 2619 4063; x_wconf 90' lang='lat' dir='ltr'><strong>consecuti</strong></span> <span class='ocrx_word' id='word_1_619' title='bbox 2643 4014 2792 4070; x_wconf 90' lang='lat' dir='ltr'><strong>sunt,</strong></span> <span class='ocrx_word' id='word_1_620' title='bbox 2818 4001 3223 4061; x_wconf 87' lang='lat' dir='ltr'><strong>remissionem,</strong></span> <span class='ocrx_word' id='word_1_621' title='bbox 3249 4011 3370 4065; x_wconf 66' lang='lat' dir='ltr'><strong>qua:</strong></span> <span class='ocrx_word' id='word_1_622' title='bbox 3397 3993 3491 4046; x_wconf 86' lang='lat' dir='ltr'><strong>Dei</strong></span> <span class='ocrx_word' id='word_1_623' title='bbox 3520 3991 3615 4044; x_wconf 82' lang='lat' dir='ltr'><strong>he-</strong></span> 
     </span>
    </p>
   </div>
   <div class='ocr_carea' id='block_1_85' title="bbox 2019 4081 3612 4177">
    <p class='ocr_par' dir='ltr' id='par_1_85' title="bbox 2019 4081 3612 4177">
     <span class='ocr_line' id='line_1_85' title="bbox 2019 4081 3612 4177; baseline -0.014 -17"><span class='ocrx_word' id='word_1_624' title='bbox 2019 4103 2284 4177; x_wconf 82' lang='lat' dir='ltr'><strong>nignitate</strong></span> <span class='ocrx_word' id='word_1_625' title='bbox 2305 4107 2620 4172; x_wconf 64' lang='lat' dir='ltr'><strong>praestatur,</strong></span> <span class='ocrx_word' id='word_1_626' title='bbox 2648 4098 2764 4168; x_wconf 88' lang='lat' dir='ltr'><strong>ipsa</strong></span> <span class='ocrx_word' id='word_1_627' title='bbox 2786 4097 2905 4166; x_wconf 87' lang='lat' dir='ltr'><strong>lege</strong></span> <span class='ocrx_word' id='word_1_628' title='bbox 2927 4091 3258 4148; x_wconf 88' lang='lat' dir='ltr'><strong>nobiliorem</strong></span> <span class='ocrx_word' id='word_1_629' title='bbox 3279 4085 3430 4142; x_wconf 75' lang='lat' dir='ltr'><strong>fecit.</strong></span> <span class='ocrx_word' id='word_1_630' title='bbox 3458 4081 3612 4139; x_wconf 82' lang='lat' dir='ltr'><strong>Seri-</strong></span> 
     </span>
    </p>
   </div>
   <div class='ocr_carea' id='block_1_86' title="bbox 2019 4183 3611 4270">
    <p class='ocr_par' dir='ltr' id='par_1_86' title="bbox 2019 4183 3611 4270">
     <span class='ocr_line' id='line_1_86' title="bbox 2019 4183 3611 4270; baseline -0.014 -15"><span class='ocrx_word' id='word_1_631' title='bbox 2019 4207 2176 4270; x_wconf 88' lang='lat' dir='ltr'><strong>ptum</strong></span> <span class='ocrx_word' id='word_1_632' title='bbox 2198 4205 2283 4254; x_wconf 90' lang='lat' dir='ltr'><strong>est</strong></span> <span class='ocrx_word' id='word_1_633' title='bbox 2303 4197 2456 4253; x_wconf 91' lang='lat' dir='ltr'><strong>enim</strong></span> <span class='ocrx_word' id='word_1_634' title='bbox 2489 4212 2504 4249; x_wconf 88' lang='lat'><strong>:</strong></span> <span class='ocrx_word' id='word_1_635' title='bbox 2529 4215 2547 4245; x_wconf 76' lang='grc' dir='ltr'><strong>ι</strong></span> <span class='ocrx_word' id='word_1_636' title='bbox 2574 4189 2822 4246; x_wconf 89' lang='lat' dir='ltr'><strong>Credidit</strong></span> <span class='ocrx_word' id='word_1_637' title='bbox 2847 4185 3126 4243; x_wconf 84' lang='lat' dir='ltr'><strong>Abraham</strong></span> <span class='ocrx_word' id='word_1_638' title='bbox 3149 4183 3285 4246; x_wconf 87' lang='lat' dir='ltr'><strong>Deo,</strong></span> <span class='ocrx_word' id='word_1_639' title='bbox 3308 4186 3366 4236; x_wconf 89' lang='lat' dir='ltr'><strong>et</strong></span> <span class='ocrx_word' id='word_1_640' title='bbox 3387 4187 3611 4248; x_wconf 75' lang='lat' dir='ltr'><strong>reputa-</strong></span> 
     </span>
    </p>
   </div>
   <div class='ocr_carea' id='block_1_87' title="bbox 2023 4278 3611 4359">
    <p class='ocr_par' dir='ltr' id='par_1_87' title="bbox 2023 4278 3611 4359">
     <span class='ocr_line' id='line_1_87' title="bbox 2023 4278 3611 4359; baseline -0.014 -11"><span class='ocrx_word' id='word_1_641' title='bbox 2023 4301 2138 4348; x_wconf 88' lang='lat' dir='ltr'><strong>tum</strong></span> <span class='ocrx_word' id='word_1_642' title='bbox 2186 4297 2271 4346; x_wconf 82' lang='lat' dir='ltr'><strong>est</strong></span> <span class='ocrx_word' id='word_1_643' title='bbox 2325 4289 2378 4346; x_wconf 91' lang='lat' dir='ltr'><strong>ei</strong></span> <span class='ocrx_word' id='word_1_644' title='bbox 2423 4288 2494 4344; x_wconf 89' lang='lat' dir='ltr'><strong>ad</strong></span> <span class='ocrx_word' id='word_1_645' title='bbox 2533 4283 2808 4359; x_wconf 82' lang='lat' dir='ltr'><strong>justitiam</strong></span> <span class='ocrx_word' id='word_1_646' title='bbox 2854 4280 2922 4334; x_wconf 88' lang='grc'><strong>⁸³.</strong></span> <span class='ocrx_word' id='word_1_647' title='bbox 2975 4297 2993 4330; x_wconf 74' lang='grc' dir='ltr'><strong>ι</strong></span> <span class='ocrx_word' id='word_1_648' title='bbox 3041 4278 3384 4333; x_wconf 89' lang='lat' dir='ltr'><strong>Protestatur</strong></span> <span class='ocrx_word' id='word_1_649' title='bbox 3429 4280 3611 4326; x_wconf 86' lang='lat' dir='ltr'><strong>autem</strong></span> 
     </span>
    </p>
   </div>
   <div class='ocr_carea' id='block_1_88' title="bbox 2020 4367 3612 4453">
    <p class='ocr_par' dir='ltr' id='par_1_88' title="bbox 2020 4367 3612 4453">
     <span class='ocr_line' id='line_1_88' title="bbox 2020 4367 3612 4453; baseline -0.014 -12"><span class='ocrx_word' id='word_1_650' title='bbox 2020 4383 2244 4449; x_wconf 90' lang='lat' dir='ltr'><strong>Paulus,</strong></span> <span class='ocrx_word' id='word_1_651' title='bbox 2289 4389 2456 4453; x_wconf 91' lang='lat' dir='ltr'><strong>atque</strong></span> <span class='ocrx_word' id='word_1_652' title='bbox 2489 4378 2568 4436; x_wconf 87' lang='lat' dir='ltr'><strong>ait</strong></span> <span class='ocrx_word' id='word_1_653' title='bbox 2617 4394 2632 4430; x_wconf 90' lang='lat'><strong>:</strong></span> <span class='ocrx_word' id='word_1_654' title='bbox 2685 4394 2705 4428; x_wconf 85' lang='grc' dir='ltr'><strong>ι</strong></span> <span class='ocrx_word' id='word_1_655' title='bbox 2751 4371 3039 4441; x_wconf 86' lang='lat' dir='ltr'><strong>Quomodo</strong></span> <span class='ocrx_word' id='word_1_656' title='bbox 3079 4367 3248 4453; x_wconf 78' lang='lat' dir='ltr'><strong>igitur</strong></span> <span class='ocrx_word' id='word_1_657' title='bbox 3297 4369 3612 4434; x_wconf 85' lang='lat' dir='ltr'><strong>reputatum</strong></span> 
     </span>
    </p>
   </div>
   <div class='ocr_carea' id='block_1_89' title="bbox 334 4451 1915 4552">
    <p class='ocr_par' dir='ltr' id='par_1_89' title="bbox 334 4451 1915 4552">
     <span class='ocr_line' id='line_1_89' title="bbox 334 4451 1915 4552; baseline 0.008 -24"><span class='ocrx_word' id='word_1_658' title='bbox 334 4497 354 4529; x_wconf 79' lang='grc' dir='ltr'><strong>ι</strong></span> <span class='ocrx_word' id='word_1_659' title='bbox 405 4451 954 4548; x_wconf 64' lang='grc' dir='ltr'><strong>Ἐνευλογηθήσονται</strong></span> <span class='ocrx_word' id='word_1_660' title='bbox 981 4478 1038 4530; x_wconf 82' lang='grc' dir='ltr'><strong>ὲν</strong></span> <span class='ocrx_word' id='word_1_661' title='bbox 1064 4477 1149 4533; x_wconf 80' lang='grc' dir='ltr'><strong>σοὶ</strong></span> <span class='ocrx_word' id='word_1_662' title='bbox 1194 4451 1373 4533; x_wconf 76' lang='grc' dir='ltr'><strong>πάντα</strong></span> <span class='ocrx_word' id='word_1_663' title='bbox 1400 4451 1468 4533; x_wconf 84' lang='grc' dir='ltr'><strong>τά</strong></span> <span class='ocrx_word' id='word_1_664' title='bbox 1493 4451 1645 4552; x_wconf 65' lang='grc' dir='ltr'><strong>εθνῆξ</strong></span> <span class='ocrx_word' id='word_1_665' title='bbox 1679 4451 1808 4536; x_wconf 55' lang='lat' dir='ltr'><strong>{‘rb</strong></span> <span class='ocrx_word' id='word_1_666' title='bbox 1842 4451 1915 4551; x_wconf 60' lang='grc' dir='ltr'><strong>δὲ,</strong></span> 
     </span>
    </p>
   </div>
   <div class='ocr_carea' id='block_1_90' title="bbox 2020 4451 3611 4552">
    <p class='ocr_par' dir='ltr' id='par_1_90' title="bbox 2032 4451 3611 4534">
     <span class='ocr_line' id='line_1_90' title="bbox 2032 4451 3611 4534; baseline -0.017 -3"><span class='ocrx_word' id='word_1_667' title='bbox 2032 4474 2153 4531; x_wconf 87' lang='lat' dir='ltr'><strong>est?</strong></span> <span class='ocrx_word' id='word_1_668' title='bbox 2177 4475 2238 4530; x_wconf 90' lang='lat' dir='ltr'><strong>In</strong></span> <span class='ocrx_word' id='word_1_669' title='bbox 2263 4470 2683 4529; x_wconf 89' lang='lat' dir='ltr'><strong>circumcisione</strong></span> <span class='ocrx_word' id='word_1_670' title='bbox 2711 4481 2782 4522; x_wconf 89' lang='lat' dir='ltr'><strong>an</strong></span> <span class='ocrx_word' id='word_1_671' title='bbox 2823 4465 2881 4519; x_wconf 90' lang='lat' dir='ltr'><strong>in</strong></span> <span class='ocrx_word' id='word_1_672' title='bbox 2922 4451 3225 4534; x_wconf 75' lang='lat' dir='ltr'><strong>praeputio?</strong></span> <span class='ocrx_word' id='word_1_673' title='bbox 3262 4455 3381 4511; x_wconf 85' lang='lat' dir='ltr'><strong>Non</strong></span> <span class='ocrx_word' id='word_1_674' title='bbox 3413 4454 3469 4507; x_wconf 91' lang='lat' dir='ltr'><strong>in</strong></span> <span class='ocrx_word' id='word_1_675' title='bbox 3500 4451 3611 4507; x_wconf 89' lang='lat' dir='ltr'><strong>cir-</strong></span> 
     </span>
    </p>
   </div>
   <div class='ocr_carea' id='block_1_91' title="bbox 335 4566 1913 4647">
    <p class='ocr_par' dir='ltr' id='par_1_91' title="bbox 335 4566 1913 4647">
     <span class='ocr_line' id='line_1_91' title="bbox 335 4566 1913 4647; baseline 0.009 -31"><span class='ocrx_word' id='word_1_676' title='bbox 335 4590 354 4616; x_wconf 76' lang='grc' dir='ltr'><strong>ι</strong></span> <span class='ocrx_word' id='word_1_677' title='bbox 397 4568 456 4621; x_wconf 82' lang='grc' dir='ltr'><strong>ὲν</strong></span> <span class='ocrx_word' id='word_1_678' title='bbox 491 4566 598 4630; x_wconf 81' lang='grc' dir='ltr'><strong>σοὶ,</strong></span> <span class='ocrx_word' id='word_1_679' title='bbox 634 4586 652 4617; x_wconf 75' lang='grc' dir='ltr'><strong>ι</strong></span> <span class='ocrx_word' id='word_1_680' title='bbox 699 4569 955 4641; x_wconf 75' lang='grc' dir='ltr'><strong>σημαίνοι</strong></span> <span class='ocrx_word' id='word_1_681' title='bbox 977 4568 1044 4623; x_wconf 84' lang='grc' dir='ltr'><strong>ἂν</strong></span> <span class='ocrx_word' id='word_1_682' title='bbox 1073 4568 1154 4634; x_wconf 91' lang='grc' dir='ltr'><strong>τὸ,</strong></span> <span class='ocrx_word' id='word_1_683' title='bbox 1190 4569 1314 4624; x_wconf 83' lang='grc' dir='ltr'><strong>καθ’</strong></span> <span class='ocrx_word' id='word_1_684' title='bbox 1337 4571 1628 4643; x_wconf 82' lang='grc' dir='ltr'><strong>ὁμοιότητα</strong></span> <span class='ocrx_word' id='word_1_685' title='bbox 1651 4573 1754 4646; x_wconf 78' lang='grc' dir='ltr'><strong>τὴν</strong></span> <span class='ocrx_word' id='word_1_686' title='bbox 1778 4577 1913 4647; x_wconf 80' lang='grc' dir='ltr'><strong>σήνο</strong></span> 
     </span>
    </p>
   </div>
   <div class='ocr_carea' id='block_1_92' title="bbox 329 4659 1916 4740">
    <p class='ocr_par' dir='ltr' id='par_1_92' title="bbox 329 4659 1916 4740">
     <span class='ocr_line' id='line_1_92' title="bbox 329 4659 1916 4740; baseline 0.008 -31"><span class='ocrx_word' id='word_1_687' title='bbox 329 4659 479 4711; x_wconf 72' lang='grc' dir='ltr'><strong>οὕτω</strong></span> <span class='ocrx_word' id='word_1_688' title='bbox 506 4675 567 4711; x_wconf 90' lang='grc' dir='ltr'><strong>τε</strong></span> <span class='ocrx_word' id='word_1_689' title='bbox 601 4660 781 4726; x_wconf 74' lang='grc' dir='ltr'><strong>συνεὶς</strong></span> <span class='ocrx_word' id='word_1_690' title='bbox 822 4661 852 4713; x_wconf 87' lang='lat'><strong>6</strong></span> <span class='ocrx_word' id='word_1_691' title='bbox 897 4660 1112 4726; x_wconf 80' lang='grc' dir='ltr'><strong>Παῦλός</strong></span> <span class='ocrx_word' id='word_1_692' title='bbox 1150 4677 1285 4733; x_wconf 84' lang='grc' dir='ltr'><strong>φησι</strong></span> <span class='ocrx_word' id='word_1_693' title='bbox 1317 4678 1332 4694; x_wconf 81' lang='grc'><strong><em>⁸</em></strong></span> <span class='ocrx_word' id='word_1_694' title='bbox 1378 4681 1399 4716; x_wconf 78' lang='grc' dir='ltr'><strong>ι</strong></span> <span class='ocrx_word' id='word_1_695' title='bbox 1447 4663 1753 4735; x_wconf 78' lang='grc' dir='ltr'><strong>Προῐδοῦσα</strong></span> <span class='ocrx_word' id='word_1_696' title='bbox 1781 4667 1838 4721; x_wconf 89' lang='grc' dir='ltr'><strong>δὲ</strong></span> <span class='ocrx_word' id='word_1_697' title='bbox 1882 4669 1916 4740; x_wconf 80' lang='grc' dir='ltr'><strong>ἡ</strong></span> 
     </span>
    </p>
   </div>
   <div class='ocr_carea' id='block_1_93' title="bbox 333 4751 1921 4845">
    <p class='ocr_par' dir='ltr' id='par_1_93' title="bbox 333 4751 1921 4845">
     <span class='ocr_line' id='line_1_93' title="bbox 333 4751 1921 4845; baseline 0.006 -42"><span class='ocrx_word' id='word_1_698' title='bbox 333 4751 650 4845; x_wconf 14' lang='grc' dir='ltr'><strong>Γραφὴᾷδτι</strong></span> <span class='ocrx_word' id='word_1_699' title='bbox 676 4753 741 4805; x_wconf 77' lang='grc' dir='ltr'><strong>ὲκ</strong></span> <span class='ocrx_word' id='word_1_700' title='bbox 769 4752 1007 4845; x_wconf 64' lang='grc' dir='ltr'><strong>τξίπεως</strong></span> <span class='ocrx_word' id='word_1_701' title='bbox 1043 4753 1243 4812; x_wconf 82' lang='grc' dir='ltr'><strong>δικαιοῖ</strong></span> <span class='ocrx_word' id='word_1_702' title='bbox 1266 4753 1334 4807; x_wconf 87' lang='grc' dir='ltr'><strong>τά</strong></span> <span class='ocrx_word' id='word_1_703' title='bbox 1360 4753 1486 4826; x_wconf 74' lang='grc' dir='ltr'><strong>ἔθνη</strong></span> <span class='ocrx_word' id='word_1_704' title='bbox 1534 4755 1562 4807; x_wconf 88' lang='lat'><strong>6</strong></span> <span class='ocrx_word' id='word_1_705' title='bbox 1601 4757 1754 4822; x_wconf 82' lang='grc' dir='ltr'><strong>Θεὸς,</strong></span> <span class='ocrx_word' id='word_1_706' title='bbox 1790 4776 1921 4830; x_wconf 83' lang='grc' dir='ltr'><strong>προ-</strong></span> 
     </span>
    </p>
   </div>
   <div class='ocr_carea' id='block_1_94' title="bbox 333 4843 1924 4919">
    <p class='ocr_par' dir='ltr' id='par_1_94' title="bbox 333 4843 1924 4919">
     <span class='ocr_line' id='line_1_94' title="bbox 333 4843 1924 4919; baseline 0.008 -26"><span class='ocrx_word' id='word_1_707' title='bbox 333 4843 733 4914; x_wconf 76' lang='grc' dir='ltr'><strong>ευηγγελίσατο</strong></span> <span class='ocrx_word' id='word_1_708' title='bbox 761 4843 839 4915; x_wconf 75' lang='grc' dir='ltr'><strong>τῷ</strong></span> <span class='ocrx_word' id='word_1_709' title='bbox 866 4843 1141 4916; x_wconf 78' lang='grc' dir='ltr'><strong>Ἀϐραὰμ.</strong></span> <span class='ocrx_word' id='word_1_710' title='bbox 1163 4846 1246 4900; x_wconf 85' lang='grc' dir='ltr'><strong>ὃτι</strong></span> <span class='ocrx_word' id='word_1_711' title='bbox 1289 4844 1836 4919; x_wconf 81' lang='grc' dir='ltr'><strong>Ἐνευλογηθήσονται</strong></span> <span class='ocrx_word' id='word_1_712' title='bbox 1865 4853 1924 4908; x_wconf 75' lang='grc' dir='ltr'><strong>ὲν</strong></span> 
     </span>
    </p>
   </div>
   <div class='ocr_carea' id='block_1_95' title="bbox 336 4935 1919 5012">
    <p class='ocr_par' dir='ltr' id='par_1_95' title="bbox 336 4935 1919 5012">
     <span class='ocr_line' id='line_1_95' title="bbox 336 4935 1919 5012; baseline 0.005 -22"><span class='ocrx_word' id='word_1_713' title='bbox 336 4939 420 4990; x_wconf 77' lang='grc' dir='ltr'><strong>σοὶ</strong></span> <span class='ocrx_word' id='word_1_714' title='bbox 451 4936 633 4990; x_wconf 82' lang='grc' dir='ltr'><strong>πάντα</strong></span> <span class='ocrx_word' id='word_1_715' title='bbox 662 4935 732 4990; x_wconf 85' lang='grc' dir='ltr'><strong>τὰ</strong></span> <span class='ocrx_word' id='word_1_716' title='bbox 757 4935 906 5007; x_wconf 74' lang='grc' dir='ltr'><strong>ἔθνη.</strong></span> <span class='ocrx_word' id='word_1_717' title='bbox 939 4937 1104 4992; x_wconf 88' lang='grc' dir='ltr'><strong>’Ὢστε</strong></span> <span class='ocrx_word' id='word_1_718' title='bbox 1137 4941 1186 4997; x_wconf 78' lang='grc' dir='ltr'><strong>οἱ</strong></span> <span class='ocrx_word' id='word_1_719' title='bbox 1210 4940 1275 4994; x_wconf 75' lang='grc' dir='ltr'><strong>ὲκ</strong></span> <span class='ocrx_word' id='word_1_720' title='bbox 1304 4940 1538 5005; x_wconf 80' lang='grc' dir='ltr'><strong>πίστεως</strong></span> <span class='ocrx_word' id='word_1_721' title='bbox 1572 4941 1919 5012; x_wconf 79' lang='grc' dir='ltr'><strong>εὐλογοῦνται</strong></span> 
     </span>
    </p>
   </div>
   <div class='ocr_carea' id='block_1_96' title="bbox 336 5023 1922 5102">
    <p class='ocr_par' dir='ltr' id='par_1_96' title="bbox 336 5023 1922 5102">
     <span class='ocr_line' id='line_1_96' title="bbox 336 5023 1922 5102; baseline 0.003 -22"><span class='ocrx_word' id='word_1_722' title='bbox 336 5029 433 5080; x_wconf 76' lang='grc' dir='ltr'><strong>σὺν</strong></span> <span class='ocrx_word' id='word_1_723' title='bbox 479 5025 561 5097; x_wconf 83' lang='grc' dir='ltr'><strong>τῷ</strong></span> <span class='ocrx_word' id='word_1_724' title='bbox 605 5026 784 5097; x_wconf 86' lang='grc' dir='ltr'><strong>πιστῷ</strong></span> <span class='ocrx_word' id='word_1_725' title='bbox 830 5027 1097 5098; x_wconf 73' lang='grc' dir='ltr'><strong>Ἀϐραάμ.</strong></span> <span class='ocrx_word' id='word_1_726' title='bbox 1135 5045 1154 5080; x_wconf 73' lang='grc' dir='ltr'><strong>ι</strong></span> <span class='ocrx_word' id='word_1_727' title='bbox 1207 5028 1442 5100; x_wconf 86' lang='grc' dir='ltr'><strong>Σημεῖον</strong></span> <span class='ocrx_word' id='word_1_728' title='bbox 1473 5023 1566 5082; x_wconf 82' lang='grc' dir='ltr'><strong>οὖν</strong></span> <span class='ocrx_word' id='word_1_729' title='bbox 1596 5030 1703 5100; x_wconf 83' lang='grc' dir='ltr'><strong>ἄρα</strong></span> <span class='ocrx_word' id='word_1_730' title='bbox 1735 5032 1835 5102; x_wconf 79' lang='grc' dir='ltr'><strong>τῆς</strong></span> <span class='ocrx_word' id='word_1_731' title='bbox 1865 5033 1922 5085; x_wconf 77' lang='grc' dir='ltr'><strong>ὲν</strong></span> 
     </span>
    </p>
   </div>
   <div class='ocr_carea' id='block_1_97' title="bbox 335 5117 1924 5191">
    <p class='ocr_par' dir='ltr' id='par_1_97' title="bbox 335 5117 1924 5191">
     <span class='ocr_line' id='line_1_97' title="bbox 335 5117 1924 5191; baseline 0.005 -21"><span class='ocrx_word' id='word_1_732' title='bbox 335 5117 674 5189; x_wconf 72' lang='grc' dir='ltr'><strong>ἀκροὸυστίᾳ</strong></span> <span class='ocrx_word' id='word_1_733' title='bbox 697 5120 931 5183; x_wconf 84' lang='grc' dir='ltr'><strong>πίστεως</strong></span> <span class='ocrx_word' id='word_1_734' title='bbox 954 5158 971 5182; x_wconf 90' lang='grc'><strong>,</strong></span> <span class='ocrx_word' id='word_1_735' title='bbox 1001 5120 1035 5188; x_wconf 80' lang='grc' dir='ltr'><strong>ἡ</strong></span> <span class='ocrx_word' id='word_1_736' title='bbox 1066 5119 1356 5191; x_wconf 81' lang='grc' dir='ltr'><strong>περιτομὴ,</strong></span> <span class='ocrx_word' id='word_1_737' title='bbox 1385 5119 1727 5180; x_wconf 78' lang='grc' dir='ltr'><strong>δεδικαίωται</strong></span> <span class='ocrx_word' id='word_1_738' title='bbox 1751 5123 1807 5177; x_wconf 86' lang='grc' dir='ltr'><strong>δὲ</strong></span> <span class='ocrx_word' id='word_1_739' title='bbox 1823 5123 1924 5178; x_wconf 83' lang='grc' dir='ltr'><strong>οὐκ</strong></span> 
     </span>
    </p>
   </div>
   <div class='ocr_carea' id='block_1_98' title="bbox 339 5207 1925 5284">
    <p class='ocr_par' dir='ltr' id='par_1_98' title="bbox 339 5207 1925 5284">
     <span class='ocr_line' id='line_1_98' title="bbox 339 5207 1925 5284; baseline -0.007 -10"><span class='ocrx_word' id='word_1_740' title='bbox 339 5209 396 5274; x_wconf 69' lang='grc' dir='ltr'><strong>ἒξ</strong></span> <span class='ocrx_word' id='word_1_741' title='bbox 419 5207 601 5280; x_wconf 74' lang='grc' dir='ltr'><strong>ἔργων</strong></span> <span class='ocrx_word' id='word_1_742' title='bbox 629 5208 831 5279; x_wconf 88' lang='grc' dir='ltr'><strong>νόμου,</strong></span> <span class='ocrx_word' id='word_1_743' title='bbox 870 5207 962 5262; x_wconf 74' lang='grc' dir='ltr'><strong>καὶ</strong></span> <span class='ocrx_word' id='word_1_744' title='bbox 993 5209 1095 5279; x_wconf 83' lang='grc' dir='ltr'><strong>τῆς</strong></span> <span class='ocrx_word' id='word_1_745' title='bbox 1138 5211 1196 5262; x_wconf 77' lang='grc' dir='ltr'><strong>ἐν</strong></span> <span class='ocrx_word' id='word_1_746' title='bbox 1249 5213 1413 5282; x_wconf 77' lang='grc' dir='ltr'><strong>σαρκὶ</strong></span> <span class='ocrx_word' id='word_1_747' title='bbox 1445 5213 1748 5282; x_wconf 81' lang='grc' dir='ltr'><strong>περιτομῆς</strong></span> <span class='ocrx_word' id='word_1_748' title='bbox 1790 5230 1925 5284; x_wconf 81' lang='grc' dir='ltr'><strong>πρε-</strong></span> 
     </span>
    </p>
   </div>
   <div class='ocr_carea' id='block_1_99' title="bbox 344 5299 1923 5380">
    <p class='ocr_par' dir='ltr' id='par_1_99' title="bbox 344 5299 1923 5380">
     <span class='ocr_line' id='line_1_99' title="bbox 344 5299 1923 5380; baseline 0.001 -22"><span class='ocrx_word' id='word_1_749' title='bbox 344 5299 581 5374; x_wconf 66' lang='grc' dir='ltr'><strong>σϐύτερα</strong></span> <span class='ocrx_word' id='word_1_750' title='bbox 610 5300 861 5368; x_wconf 72' lang='grc' dir='ltr'><strong>φαίνεται</strong></span> <span class='ocrx_word' id='word_1_751' title='bbox 874 5300 942 5356; x_wconf 77' lang='grc' dir='ltr'><strong>τὰ</strong></span> <span class='ocrx_word' id='word_1_752' title='bbox 975 5301 1063 5357; x_wconf 85' lang='grc' dir='ltr'><strong>διὰ</strong></span> <span class='ocrx_word' id='word_1_753' title='bbox 1089 5303 1270 5356; x_wconf 88' lang='grc' dir='ltr'><strong>πίστιν</strong></span> <span class='ocrx_word' id='word_1_754' title='bbox 1298 5303 1609 5376; x_wconf 81' lang='grc' dir='ltr'><strong>αὐχήματα.</strong></span> <span class='ocrx_word' id='word_1_755' title='bbox 1631 5305 1786 5370; x_wconf 78' lang='grc' dir='ltr'><strong>Φίλος</strong></span> <span class='ocrx_word' id='word_1_756' title='bbox 1814 5304 1923 5380; x_wconf 84' lang='grc' dir='ltr'><strong>γὰρ</strong></span> 
     </span>
    </p>
   </div>
   <div class='ocr_carea' id='block_1_100' title="bbox 345 5393 728 5466">
    <p class='ocr_par' dir='ltr' id='par_1_100' title="bbox 345 5393 728 5466">
     <span class='ocr_line' id='line_1_100' title="bbox 345 5393 728 5466; baseline -0.008 -17"><span class='ocrx_word' id='word_1_757' title='bbox 345 5393 543 5466; x_wconf 66' lang='grc' dir='ltr'><strong>ἐκλήθη</strong></span> <span class='ocrx_word' id='word_1_758' title='bbox 569 5393 728 5448; x_wconf 89' lang='grc' dir='ltr'><strong>Θεοῦ.</strong></span> 
     </span>
    </p>
   </div>
   <div class='ocr_carea' id='block_1_101' title="bbox 2023 4547 3610 4634">
    <p class='ocr_par' dir='ltr' id='par_1_101' title="bbox 2023 4547 3610 4634">
     <span class='ocr_line' id='line_1_101' title="bbox 2023 4547 3610 4634; baseline -0.019 -9"><span class='ocrx_word' id='word_1_759' title='bbox 2023 4566 2409 4632; x_wconf 76' lang='grc' dir='ltr'><strong>οιιωοὶεὶοηε,›</strong></span> <span class='ocrx_word' id='word_1_760' title='bbox 2433 4562 2632 4634; x_wconf 89' lang='lat' dir='ltr'><strong>inquit,</strong></span> <span class='ocrx_word' id='word_1_761' title='bbox 2659 4578 2678 4612; x_wconf 81' lang='grc' dir='ltr'><strong>ι</strong></span> <span class='ocrx_word' id='word_1_762' title='bbox 2695 4557 2791 4615; x_wconf 86' lang='lat' dir='ltr'><strong>sed</strong></span> <span class='ocrx_word' id='word_1_763' title='bbox 2814 4557 2868 4612; x_wconf 90' lang='lat' dir='ltr'><strong>in</strong></span> <span class='ocrx_word' id='word_1_764' title='bbox 2888 4551 3174 4626; x_wconf 74' lang='lat' dir='ltr'><strong>praeputio;</strong></span> <span class='ocrx_word' id='word_1_765' title='bbox 3201 4558 3258 4605; x_wconf 88' lang='lat' dir='ltr'><strong>et</strong></span> <span class='ocrx_word' id='word_1_766' title='bbox 3279 4547 3491 4617; x_wconf 83' lang='lat' dir='ltr'><strong>signum</strong></span> <span class='ocrx_word' id='word_1_767' title='bbox 3516 4558 3610 4596; x_wconf 87' lang='lat' dir='ltr'><strong>ae-</strong></span> 
     </span>
    </p>
   </div>
   <div class='ocr_carea' id='block_1_102' title="bbox 2025 4633 3611 4731">
    <p class='ocr_par' dir='ltr' id='par_1_102' title="bbox 2025 4633 3611 4731">
     <span class='ocr_line' id='line_1_102' title="bbox 2025 4633 3611 4731; baseline -0.02 -15"><span class='ocrx_word' id='word_1_768' title='bbox 2025 4659 2176 4731; x_wconf 87' lang='lat' dir='ltr'><strong>cepit</strong></span> <span class='ocrx_word' id='word_1_769' title='bbox 2231 4633 2737 4716; x_wconf 83' lang='lat' dir='ltr'><strong>circumcisionem,</strong></span> <span class='ocrx_word' id='word_1_770' title='bbox 2787 4645 3129 4718; x_wconf 86' lang='lat' dir='ltr'><strong>signaculum</strong></span> <span class='ocrx_word' id='word_1_771' title='bbox 3177 4637 3402 4712; x_wconf 66' lang='lat' dir='ltr'><strong>iustitiae</strong></span> <span class='ocrx_word' id='word_1_772' title='bbox 3448 4633 3611 4698; x_wconf 91' lang='lat' dir='ltr'><strong>ﬁdei,</strong></span> 
     </span>
    </p>
   </div>
   <div class='ocr_carea' id='block_1_103' title="bbox 2028 4727 3616 4822">
    <p class='ocr_par' dir='ltr' id='par_1_103' title="bbox 2028 4727 3616 4822">
     <span class='ocr_line' id='line_1_103' title="bbox 2028 4727 3616 4822; baseline -0.017 -14"><span class='ocrx_word' id='word_1_773' title='bbox 2028 4727 2152 4822; x_wconf 61' lang='lat' dir='ltr'><strong>quae</strong></span> <span class='ocrx_word' id='word_1_774' title='bbox 2192 4748 2299 4808; x_wconf 80' lang='lat' dir='ltr'><strong>fuit</strong></span> <span class='ocrx_word' id='word_1_775' title='bbox 2343 4746 2401 4802; x_wconf 91' lang='lat' dir='ltr'><strong>in</strong></span> <span class='ocrx_word' id='word_1_776' title='bbox 2458 4743 2727 4816; x_wconf 85' lang='lat' dir='ltr'><strong>praeputio</strong></span> <span class='ocrx_word' id='word_1_777' title='bbox 2774 4739 2842 4795; x_wconf 75' lang='lat'><strong>&quot;.</strong></span> <span class='ocrx_word' id='word_1_778' title='bbox 2897 4756 2916 4788; x_wconf 73' lang='grc' dir='ltr'><strong>ι</strong></span> <span class='ocrx_word' id='word_1_779' title='bbox 2955 4736 3238 4804; x_wconf 90' lang='lat' dir='ltr'><strong>Deumque</strong></span> <span class='ocrx_word' id='word_1_780' title='bbox 3284 4734 3471 4800; x_wconf 89' lang='lat' dir='ltr'><strong>aperte</strong></span> <span class='ocrx_word' id='word_1_781' title='bbox 3510 4727 3616 4786; x_wconf 85' lang='lat' dir='ltr'><strong>sibi</strong></span> 
     </span>
    </p>
   </div>
   <div class='ocr_carea' id='block_1_104' title="bbox 2030 4824 3614 4898">
    <p class='ocr_par' dir='ltr' id='par_1_104' title="bbox 2030 4824 3614 4898">
     <span class='ocr_line' id='line_1_104' title="bbox 2030 4824 3614 4898; baseline -0.016 0"><span class='ocrx_word' id='word_1_782' title='bbox 2030 4842 2306 4898; x_wconf 89' lang='lat' dir='ltr'><strong>dicentem</strong></span> <span class='ocrx_word' id='word_1_783' title='bbox 2328 4837 2540 4897; x_wconf 90' lang='lat' dir='ltr'><strong>audivit</strong></span> <span class='ocrx_word' id='word_1_784' title='bbox 2565 4854 2578 4889; x_wconf 89' lang='lat'><strong>:</strong></span> <span class='ocrx_word' id='word_1_785' title='bbox 2613 4852 2631 4886; x_wconf 80' lang='grc' dir='ltr'><strong>ι</strong></span> <span class='ocrx_word' id='word_1_786' title='bbox 2664 4830 3066 4888; x_wconf 83' lang='lat' dir='ltr'><strong>Benedieentur</strong></span> <span class='ocrx_word' id='word_1_787' title='bbox 3095 4824 3153 4878; x_wconf 91' lang='lat' dir='ltr'><strong>in</strong></span> <span class='ocrx_word' id='word_1_788' title='bbox 3179 4832 3235 4878; x_wconf 92' lang='lat' dir='ltr'><strong>te</strong></span> <span class='ocrx_word' id='word_1_789' title='bbox 3257 4835 3450 4878; x_wconf 90' lang='lat' dir='ltr'><strong>omnes</strong></span> <span class='ocrx_word' id='word_1_790' title='bbox 3479 4834 3614 4890; x_wconf 84' lang='lat' dir='ltr'><strong>gen-</strong></span> 
     </span>
    </p>
   </div>
   <div class='ocr_carea' id='block_1_105' title="bbox 2028 4907 3615 4998">
    <p class='ocr_par' dir='ltr' id='par_1_105' title="bbox 2028 4907 3615 4998">
     <span class='ocr_line' id='line_1_105' title="bbox 2028 4907 3615 4998; baseline -0.018 -8"><span class='ocrx_word' id='word_1_791' title='bbox 2028 4938 2120 4990; x_wconf 89' lang='lat' dir='ltr'><strong>tes</strong></span> <span class='ocrx_word' id='word_1_792' title='bbox 2148 4931 2216 4984; x_wconf 79' lang='lat'><strong>”.</strong></span> <span class='ocrx_word' id='word_1_793' title='bbox 2273 4948 2291 4981; x_wconf 76' lang='grc' dir='ltr'><strong>ι</strong></span> <span class='ocrx_word' id='word_1_794' title='bbox 2329 4927 2505 4998; x_wconf 79' lang='lat' dir='ltr'><strong>Hujus</strong></span> <span class='ocrx_word' id='word_1_795' title='bbox 2548 4931 2732 4978; x_wconf 89' lang='lat' dir='ltr'><strong>autem</strong></span> <span class='ocrx_word' id='word_1_796' title='bbox 2779 4918 2935 4975; x_wconf 91' lang='lat' dir='ltr'><strong>verbi</strong></span> <span class='ocrx_word' id='word_1_797' title='bbox 2971 4937 2990 4970; x_wconf 80' lang='grc' dir='ltr'><strong>ι</strong></span> <span class='ocrx_word' id='word_1_798' title='bbox 3026 4917 3083 4972; x_wconf 88' lang='lat' dir='ltr'><strong>in</strong></span> <span class='ocrx_word' id='word_1_799' title='bbox 3124 4923 3176 4970; x_wconf 85' lang='lat' dir='ltr'><strong>te</strong></span> <span class='ocrx_word' id='word_1_800' title='bbox 3217 4933 3235 4966; x_wconf 85' lang='grc'>›</span> <span class='ocrx_word' id='word_1_801' title='bbox 3271 4928 3336 4968; x_wconf 89' lang='lat' dir='ltr'><strong>ea</strong></span> <span class='ocrx_word' id='word_1_802' title='bbox 3374 4910 3460 4966; x_wconf 91' lang='lat' dir='ltr'><strong>vis</strong></span> <span class='ocrx_word' id='word_1_803' title='bbox 3499 4907 3615 4963; x_wconf 80' lang='lat' dir='ltr'><strong>tor-</strong></span> 
     </span>
    </p>
   </div>
   <div class='ocr_carea' id='block_1_106' title="bbox 2024 5003 3616 5086">
    <p class='ocr_par' dir='ltr' id='par_1_106' title="bbox 2024 5003 3616 5086">
     <span class='ocr_line' id='line_1_106' title="bbox 2024 5003 3616 5086; baseline -0.015 -9"><span class='ocrx_word' id='word_1_804' title='bbox 2024 5032 2170 5079; x_wconf 89' lang='lat' dir='ltr'><strong>tasse</strong></span> <span class='ocrx_word' id='word_1_805' title='bbox 2203 5020 2296 5086; x_wconf 89' lang='lat' dir='ltr'><strong>sit,</strong></span> <span class='ocrx_word' id='word_1_806' title='bbox 2339 5027 2403 5076; x_wconf 73' lang='lat' dir='ltr'><strong>ut</strong></span> <span class='ocrx_word' id='word_1_807' title='bbox 2427 5017 2497 5071; x_wconf 90' lang='lat' dir='ltr'><strong>ad</strong></span> <span class='ocrx_word' id='word_1_808' title='bbox 2528 5013 2946 5072; x_wconf 86' lang='lat' dir='ltr'><strong>similitudinem</strong></span> <span class='ocrx_word' id='word_1_809' title='bbox 2982 5018 3131 5065; x_wconf 89' lang='lat' dir='ltr'><strong>tuam</strong></span> <span class='ocrx_word' id='word_1_810' title='bbox 3161 5003 3436 5077; x_wconf 86' lang='lat' dir='ltr'><strong>signiﬁcet</strong></span> <span class='ocrx_word' id='word_1_811' title='bbox 3469 5019 3484 5054; x_wconf 89' lang='lat'><strong>:</strong></span> <span class='ocrx_word' id='word_1_812' title='bbox 3517 5015 3616 5055; x_wconf 84' lang='lat' dir='ltr'><strong>eo-</strong></span> 
     </span>
    </p>
   </div>
   <div class='ocr_carea' id='block_1_107' title="bbox 2026 5095 3604 5186">
    <p class='ocr_par' dir='ltr' id='par_1_107' title="bbox 2026 5095 3604 5186">
     <span class='ocr_line' id='line_1_107' title="bbox 2026 5095 3604 5186; baseline -0.027 1"><span class='ocrx_word' id='word_1_813' title='bbox 2026 5131 2134 5186; x_wconf 78' lang='lat' dir='ltr'><strong>que</strong></span> <span class='ocrx_word' id='word_1_814' title='bbox 2163 5129 2326 5172; x_wconf 87' lang='lat' dir='ltr'><strong>sensu</strong></span> <span class='ocrx_word' id='word_1_815' title='bbox 2356 5126 2482 5168; x_wconf 90' lang='lat' dir='ltr'><strong>cum</strong></span> <span class='ocrx_word' id='word_1_816' title='bbox 2515 5109 2720 5168; x_wconf 87' lang='lat' dir='ltr'><strong>Paulus</strong></span> <span class='ocrx_word' id='word_1_817' title='bbox 2751 5104 3132 5166; x_wconf 80' lang='lat' dir='ltr'><strong>intellexisset,</strong></span> <span class='ocrx_word' id='word_1_818' title='bbox 3162 5096 3344 5170; x_wconf 89' lang='lat' dir='ltr'><strong>inquit</strong></span> <span class='ocrx_word' id='word_1_819' title='bbox 3369 5113 3384 5149; x_wconf 71' lang='grc' dir='ltr'><strong>ι</strong></span> <span class='ocrx_word' id='word_1_820' title='bbox 3425 5115 3443 5146; x_wconf 81' lang='grc' dir='ltr'><strong>ι</strong></span> <span class='ocrx_word' id='word_1_821' title='bbox 3472 5095 3604 5149; x_wconf 70' lang='lat' dir='ltr'><strong>Prae-</strong></span> 
     </span>
    </p>
   </div>
   <div class='ocr_carea' id='block_1_108' title="bbox 2030 5188 3621 5274">
    <p class='ocr_par' dir='ltr' id='par_1_108' title="bbox 2030 5188 3621 5274">
     <span class='ocr_line' id='line_1_108' title="bbox 2030 5188 3621 5274; baseline -0.014 -9"><span class='ocrx_word' id='word_1_822' title='bbox 2030 5209 2230 5265; x_wconf 90' lang='lat' dir='ltr'><strong>videns</strong></span> <span class='ocrx_word' id='word_1_823' title='bbox 2261 5217 2444 5260; x_wconf 85' lang='lat' dir='ltr'><strong>autem</strong></span> <span class='ocrx_word' id='word_1_824' title='bbox 2476 5203 2758 5274; x_wconf 87' lang='lat' dir='ltr'><strong>Scriptura</strong></span> <span class='ocrx_word' id='word_1_825' title='bbox 2807 5198 2914 5271; x_wconf 71' lang='grc'><strong>54</strong></span> <span class='ocrx_word' id='word_1_826' title='bbox 2944 5195 3092 5270; x_wconf 90' lang='lat' dir='ltr'><strong>quod</strong></span> <span class='ocrx_word' id='word_1_827' title='bbox 3119 5211 3189 5252; x_wconf 77' lang='lat' dir='ltr'><strong>ex</strong></span> <span class='ocrx_word' id='word_1_828' title='bbox 3220 5192 3326 5250; x_wconf 89' lang='lat' dir='ltr'><strong>ﬁde</strong></span> <span class='ocrx_word' id='word_1_829' title='bbox 3351 5188 3621 5264; x_wconf 86' lang='lat' dir='ltr'><strong>justiﬁcat</strong></span> 
     </span>
    </p>
   </div>
   <div class='ocr_carea' id='block_1_109' title="bbox 2027 5285 3618 5374">
    <p class='ocr_par' dir='ltr' id='par_1_109' title="bbox 2027 5285 3618 5374">
     <span class='ocr_line' id='line_1_109' title="bbox 2027 5285 3618 5374; baseline -0.016 -17"><span class='ocrx_word' id='word_1_830' title='bbox 2027 5310 2224 5374; x_wconf 84' lang='lat' dir='ltr'><strong>gentes</strong></span> <span class='ocrx_word' id='word_1_831' title='bbox 2245 5299 2413 5362; x_wconf 90' lang='lat' dir='ltr'><strong>Deus,</strong></span> <span class='ocrx_word' id='word_1_832' title='bbox 2438 5294 2830 5368; x_wconf 67' lang='lat' dir='ltr'><strong>prmnuntiavit</strong></span> <span class='ocrx_word' id='word_1_833' title='bbox 2861 5291 3162 5354; x_wconf 81' lang='lat' dir='ltr'><strong>Abraham,</strong></span> <span class='ocrx_word' id='word_1_834' title='bbox 3187 5285 3618 5343; x_wconf 87' lang='lat' dir='ltr'><strong>Benedicentur,</strong></span> 
     </span>
    </p>
   </div>
   <div class='ocr_carea' id='block_1_110' title="bbox 2026 5369 3617 5467">
    <p class='ocr_par' dir='ltr' id='par_1_110' title="bbox 2026 5369 3617 5467">
     <span class='ocr_line' id='line_1_110' title="bbox 2026 5369 3617 5467; baseline -0.016 -16"><span class='ocrx_word' id='word_1_835' title='bbox 2026 5369 2320 5467; x_wconf 79' lang='lat' dir='ltr'><strong>inquiens,</strong></span> <span class='ocrx_word' id='word_1_836' title='bbox 2354 5392 2411 5446; x_wconf 85' lang='lat' dir='ltr'><strong>in</strong></span> <span class='ocrx_word' id='word_1_837' title='bbox 2455 5399 2509 5446; x_wconf 90' lang='lat' dir='ltr'><strong>te</strong></span> <span class='ocrx_word' id='word_1_838' title='bbox 2538 5389 2752 5456; x_wconf 64' lang='lat' dir='ltr'><strong>omnes;</strong></span> <span class='ocrx_word' id='word_1_839' title='bbox 2778 5392 2987 5456; x_wconf 85' lang='lat' dir='ltr'><strong>gentes.</strong></span> <span class='ocrx_word' id='word_1_840' title='bbox 3043 5381 3213 5452; x_wconf 87' lang='lat' dir='ltr'><strong>Igitur</strong></span> <span class='ocrx_word' id='word_1_841' title='bbox 3245 5375 3339 5447; x_wconf 87' lang='lat' dir='ltr'><strong>qui</strong></span> <span class='ocrx_word' id='word_1_842' title='bbox 3387 5387 3453 5426; x_wconf 85' lang='lat' dir='ltr'><strong>ex</strong></span> <span class='ocrx_word' id='word_1_843' title='bbox 3508 5369 3617 5425; x_wconf 85' lang='lat' dir='ltr'><strong>ﬁde</strong></span> 
     </span>
    </p>
   </div>
   <div class='ocr_carea' id='block_1_111' title="bbox 345 5471 3615 5566">
    <p class='ocr_par' dir='ltr' id='par_1_111' title="bbox 345 5471 3615 5566">
     <span class='ocr_line' id='line_1_111' title="bbox 345 5471 3615 5566; baseline -0.008 -19"><span class='ocrx_word' id='word_1_844' title='bbox 345 5502 500 5559; x_wconf 88' lang='lat' dir='ltr'><strong>sunt,</strong></span> <span class='ocrx_word' id='word_1_845' title='bbox 555 5492 962 5548; x_wconf 86' lang='lat' dir='ltr'><strong>benedicuntur</strong></span> <span class='ocrx_word' id='word_1_846' title='bbox 1020 5507 1144 5547; x_wconf 88' lang='lat' dir='ltr'><strong>cum</strong></span> <span class='ocrx_word' id='word_1_847' title='bbox 1196 5493 1344 5550; x_wconf 91' lang='lat' dir='ltr'><strong>ﬁdeli</strong></span> <span class='ocrx_word' id='word_1_848' title='bbox 1404 5493 1682 5551; x_wconf 79' lang='lat' dir='ltr'><strong>Abraham</strong></span> <span class='ocrx_word' id='word_1_849' title='bbox 1745 5494 1810 5549; x_wconf 80' lang='lat'><strong>“.</strong></span> <span class='ocrx_word' id='word_1_850' title='bbox 1870 5513 1888 5547; x_wconf 74' lang='grc' dir='ltr'><strong>ι</strong></span> <span class='ocrx_word' id='word_1_851' title='bbox 1935 5492 2161 5566; x_wconf 82' lang='lat' dir='ltr'><strong>Signum</strong></span> <span class='ocrx_word' id='word_1_852' title='bbox 2205 5498 2292 5548; x_wconf 88' lang='lat' dir='ltr'><strong>est</strong></span> <span class='ocrx_word' id='word_1_853' title='bbox 2325 5489 2492 5560; x_wconf 82' lang='lat' dir='ltr'><strong>igitur</strong></span> <span class='ocrx_word' id='word_1_854' title='bbox 2557 5480 2904 5540; x_wconf 88' lang='lat' dir='ltr'><strong>circumcisio</strong></span> <span class='ocrx_word' id='word_1_855' title='bbox 2970 5477 3097 5533; x_wconf 88' lang='lat' dir='ltr'><strong>ﬁdei</strong></span> <span class='ocrx_word' id='word_1_856' title='bbox 3147 5471 3294 5528; x_wconf 80' lang='lat' dir='ltr'><strong>illius</strong></span> <span class='ocrx_word' id='word_1_857' title='bbox 3361 5482 3484 5538; x_wconf 76' lang='lat' dir='ltr'><strong>qua:</strong></span> <span class='ocrx_word' id='word_1_858' title='bbox 3531 5476 3615 5523; x_wconf 82' lang='lat' dir='ltr'><strong>est</strong></span> 
     </span>
    </p>
   </div>
   <div class='ocr_carea' id='block_1_112' title="bbox 438 5692 1088 5821">
    <p class='ocr_par' dir='ltr' id='par_1_112' title="bbox 438 5692 1088 5821">
     <span class='ocr_line' id='line_1_112' title="bbox 438 5692 1088 5821; baseline 0.002 -74"><span class='ocrx_word' id='word_1_859' title='bbox 438 5692 505 5778; x_wconf 74' lang='lat'><strong>&quot;__</strong></span> <span class='ocrx_word' id='word_1_860' title='bbox 542 5693 781 5821; x_wconf 57' lang='lat' dir='ltr'><strong>Pliilipﬁ.</strong></span> <span class='ocrx_word' id='word_1_861' title='bbox 844 5709 921 5756; x_wconf 84' lang='grc' dir='ltr'><strong>ιιι,</strong></span> <span class='ocrx_word' id='word_1_862' title='bbox 970 5695 1088 5750; x_wconf 70' lang='grc'><strong>4-9.</strong></span> 
     </span>
     <span class='ocr_line' id='line_1_113' title="bbox 438 5763 1088 5821; baseline -0.002 0"><span class='ocrx_word' id='word_1_863' title='bbox 438 5779 529 5821; x_wconf 81' lang='lat' dir='ltr'><strong>.o.</strong></span> <span class='ocrx_word' id='word_1_864' title='bbox 635 5765 681 5796; x_wconf 77' lang='grc'><strong>⁸⁸</strong></span> <span class='ocrx_word' id='word_1_865' title='bbox 749 5763 898 5821; x_wconf 84' lang='lat' dir='ltr'><strong>‘alat.</strong></span> <span class='ocrx_word' id='word_1_866' title='bbox 942 5765 1088 5821; x_wconf 69' lang='lat'><strong>111,8</strong></span> 
     </span>
    </p>
   </div>
   <div class='ocr_carea' id='block_1_113' title="bbox 355 5763 1115 5834">
    <p class='ocr_par' dir='ltr' id='par_1_113' title="bbox 355 5763 1115 5834">
     <span class='ocr_line' id='line_1_114' title="bbox 355 5763 1115 5834; baseline -0.001 -13"><span class='ocrx_word' id='word_1_867' title='bbox 355 5777 441 5829; x_wconf 67' lang='lat' dir='ltr'><strong>XII,</strong></span> <span class='ocrx_word' id='word_1_868' title='bbox 475 5763 529 5826; x_wconf 77' lang='lat'><strong>&#39;5.</strong></span> <span class='ocrx_word' id='word_1_869' title='bbox 635 5765 681 5796; x_wconf 78' lang='lat'>”</span> <span class='ocrx_word' id='word_1_870' title='bbox 725 5763 898 5824; x_wconf 81' lang='lat' dir='ltr'><strong>Galat.</strong></span> <span class='ocrx_word' id='word_1_871' title='bbox 942 5780 1030 5834; x_wconf 67' lang='grc' dir='ltr'><strong>ιιι,</strong></span> <span class='ocrx_word' id='word_1_872' title='bbox 1064 5765 1115 5820; x_wconf 82' lang='grc'><strong>8.</strong></span> 
     </span>
    </p>
   </div>
   <div class='ocr_carea' id='block_1_114' title="bbox 1186 5665 1915 5763">
    <p class='ocr_par' dir='ltr' id='par_1_114' title="bbox 1186 5694 1915 5763">
     <span class='ocr_line' id='line_1_115' title="bbox 1186 5694 1915 5763; baseline -0.001 -9"><span class='ocrx_word' id='word_1_873' title='bbox 1186 5697 1461 5753; x_wconf 78' lang='lat' dir='ltr'><strong>&quot;-Matth.</strong></span> <span class='ocrx_word' id='word_1_874' title='bbox 1489 5713 1560 5763; x_wconf 78' lang='lat' dir='ltr'><strong>Ix,</strong></span> <span class='ocrx_word' id='word_1_875' title='bbox 1594 5697 1675 5752; x_wconf 77' lang='grc'><strong>15.</strong></span> <span class='ocrx_word' id='word_1_876' title='bbox 1783 5696 1828 5728; x_wconf 86' lang='grc'><strong>⁸³</strong></span> <span class='ocrx_word' id='word_1_877' title='bbox 1864 5694 1915 5753; x_wconf 76' lang='grc' dir='ltr'><strong>ῦι</strong></span> 
     </span>
    </p>
   </div>
   <div class='ocr_carea' id='block_1_115' title="bbox 2020 5665 3608 5763">
    <p class='ocr_par' dir='ltr' id='par_1_115' title="bbox 2020 5665 3608 5760">
     <span class='ocr_line' id='line_1_116' title="bbox 2020 5665 3608 5760; baseline -0.017 -11"><span class='ocrx_word' id='word_1_878' title='bbox 2020 5709 2059 5749; x_wconf 86' lang='lat'><strong>5.</strong></span> <span class='ocrx_word' id='word_1_879' title='bbox 2092 5709 2179 5758; x_wconf 76' lang='lat' dir='ltr'><strong>xv,</strong></span> <span class='ocrx_word' id='word_1_880' title='bbox 2207 5692 2280 5760; x_wconf 26' lang='lat'><strong>6;,</strong></span> <span class='ocrx_word' id='word_1_881' title='bbox 2336 5689 2493 5744; x_wconf 80' lang='lat' dir='ltr'><strong>Rom.</strong></span> <span class='ocrx_word' id='word_1_882' title='bbox 2519 5702 2590 5752; x_wconf 80' lang='grc' dir='ltr'><strong>ιν,</strong></span> <span class='ocrx_word' id='word_1_883' title='bbox 2620 5683 2672 5737; x_wconf 78' lang='lat'><strong>3.</strong></span> <span class='ocrx_word' id='word_1_884' title='bbox 2771 5677 2817 5710; x_wconf 75' lang='lat'><strong>“</strong></span> <span class='ocrx_word' id='word_1_885' title='bbox 2850 5673 3011 5742; x_wconf 90' lang='lat' dir='ltr'><strong>lbid.,</strong></span> <span class='ocrx_word' id='word_1_886' title='bbox 3067 5671 3148 5728; x_wconf 86' lang='grc'><strong>10.</strong></span> <span class='ocrx_word' id='word_1_887' title='bbox 3198 5669 3284 5726; x_wconf 85' lang='lat' dir='ltr'><strong>ll.</strong></span> <span class='ocrx_word' id='word_1_888' title='bbox 3394 5667 3438 5700; x_wconf 82' lang='grc'><strong>⁵⁸</strong></span> <span class='ocrx_word' id='word_1_889' title='bbox 3472 5665 3608 5722; x_wconf 77' lang='lat' dir='ltr'><strong>Gen.</strong></span> 
     </span>
    </p>
   </div>
  </div>
