3954 6200
327 281 438 338 9.23

1332 272 1388 330 S.
1436 261 1713 328 CYRILLI
1752 273 2226 330 ALEXANDRINI
2267 273 2587 330 ARCHIEP.

3501 276 3602 331 911i

329 397 499 458 disse,
519 408 584 448 ac
601 391 774 448 veluti
794 386 1113 444 rudioribus
1132 384 1314 439 adhuc
1336 385 1529 456 ﬁguris
1547 386 1914 458 signiﬁcasse?

2025 388 2248 457 παχέσιν
2289 387 2368 440 ἑτι
2400 389 2827 457 κατασημαίνων
2864 386 3088 452 τύποεςς
3127 387 3246 458 εἴσῃ
3276 386 3401 457 γάρ,
3448 388 3600 458 εἴσῃ,

333 487 641 556 Intelligere
663 483 834 546 enim,
856 495 1034 550 neque
1058 478 1113 533 id
1140 493 1338 548 magno
1363 479 1584 548 negotio
1604 488 1780 549 potes,
1800 479 1913 548 spi-

331 578 549 632 ritualis
569 576 752 631 cultus
773 571 1042 627 rationem
1070 569 1238 625 fuisse
1261 569 1482 639 quidem
1505 585 1724 640 semper
1749 570 1914 625 etiam

329 668 458 724 inde
501 667 570 721 ab
619 664 777 720 initio
821 663 934 717 Deo
983 660 1384 732 gratissimam;
1442 660 1688 715 nondum
1733 670 1915 716 tamen

328 757 597 829 ejusmodi
639 765 700 811 ut
725 755 793 810 ad
821 769 942 810 eam
971 761 1266 826 penetrare
1289 761 1453 823 atque
1477 755 1790 824 pertingere
1816 755 1914 810 Ju-

327 850 566 904 dzeorum
597 846 764 902 animi
791 854 1032 916 possent.
1067 846 1254 916 Itaque
1289 845 1476 900 verbis
1517 845 1585 900 ad
1627 845 1914 900 infantiam

327 940 488 1010 aptis,
527 939 874 1010 simplicique
899 938 1190 1009 disciplina
1235 946 1398 1008 atque
1425 937 1756 992 educatione
1792 953 1914 993 mo-

325 1034 513 1088 derata
545 1047 689 1104 opus
719 1031 842 1096 fuit,
871 1047 995 1101 qua:
1032 1029 1172 1085 nihil
1204 1029 1460 1094 arduum,
1491 1029 1632 1084 nihil
1659 1045 1915 1100 asperum

325 1126 576 1182 haberet.
629 1125 767 1180 Nam
808 1131 865 1179 et
897 1133 1056 1179 antea
1102 1123 1346 1179 instituit
1389 1122 1616 1193 quidem
1664 1123 1812 1179 Deus
1849 1139 1914 1180 ea

325 1235 449 1291 quae
501 1220 559 1274 in
606 1217 795 1290 ﬁguris
833 1215 1194 1288 gerebantur;
1236 1214 1678 1285 praemonstravit
1733 1221 1914 1270 tamen

324 1326 391 1366 ea
441 1309 663 1365 tandem
724 1315 957 1364 ventura
999 1314 1163 1376 atque
1216 1305 1471 1361 adfutura
1513 1321 1617 1360 suo
1667 1314 1914 1375 tempore

325 1420 448 1473 qua:
467 1403 535 1457 ad
557 1417 753 1458 verum
772 1399 871 1456 Dei
897 1398 1106 1454 cultum
1130 1397 1489 1468 pertinerent.
1513 1397 1706 1468 Itaque
1727 1413 1914 1453 acces-

325 1509 448 1548 sum
475 1493 651 1557 illum,
679 1505 790 1563 quo
814 1505 914 1561 per
935 1489 1240 1544 hostiarum
1267 1504 1521 1543 cruorem
1549 1489 1618 1544 ad
1641 1505 1769 1546 eum
1799 1489 1918 1546 adi-

326 1583 506 1647 batur,
539 1581 742 1652 abjecit
784 1595 849 1635 ac
890 1579 1113 1651 repulit,
1140 1592 1240 1649 per
1267 1577 1434 1633 Amos
1470 1579 1794 1649 prophetam
1827 1578 1914 1634 di-

325 1690 458 1731 cens
491 1693 505 1728 :
537 1693 556 1726 ‹
591 1673 715 1740 Odi,
752 1672 930 1744 repuli
959 1671 1286 1727 festivitates
1318 1677 1548 1737 vestras,
1580 1687 1684 1727 nec
1712 1671 1912 1729 odora-

2023 479 2118 533 καὶ
2147 480 2208 532 οὑ
2231 479 2334 532 σὺν
2363 477 2547 549 ἱδρῶτι
2591 478 2788 550 μακρῴ
2817 479 2917 548 τῆς
2953 478 3329 548 πνευματικῆς
3352 479 3602 549 λατρείας

2021 573 2051 625 ὁ
2081 571 2302 642 τρόπος,
2326 569 2401 636 ὡς
2430 567 2500 641 ἦν
2525 570 2644 641 μὲν,
2683 571 2770 625 ἀεί
2798 587 2860 623 τε
2887 572 2981 625 καὶ
3011 573 3070 624 ὲν
3111 572 3309 642 ἀρχαῖς
3338 570 3602 648 τριπόθη-

2007 681 2112 727 τος
2137 663 2294 734 Θεῷ,
2330 662 2671 734 δυσέμϐατος
2720 664 2777 717 δὲ
2816 665 2910 718 καὶ
2948 662 3163 733 ἀναφὴς
3204 663 3285 717 ἔτι
3333 665 3453 727 ταῖς
3497 664 3605 717 τῶν

2035 755 2308 809 Ἰουδαίων
2338 755 2562 827 ψυχαῖς.
2607 755 2708 809 Διά
2741 773 2824 810 τοι
2877 755 3038 809 τοῦτο
3075 755 3281 810 δεῖσθαι
3313 756 3475 824 λόγου
3508 774 3603 828 νη-

2023 845 2401 916 πιοπρεποῦς,
2446 848 2540 900 καὶ
2573 846 2913 918 μαθημάτων
2947 846 3170 914 ἁπλῶν,
3203 849 3299 901 καὶ
3351 847 3606 901 παιδοκο-

2025 937 2156 1008 μίας
2177 938 2528 1010 οἰκονομικῆς
2557 938 2709 992 οὐδὲν
2735 937 2968 1010 ἐχούσης
2991 931 3057 991 τὺ
3086 931 3313 1001 ἄναντες
3339 938 3371 1007 ἢ
3408 941 3606 1010 τραχῢ,

2022 1029 2333 1101 ἐνομοθέτει
2365 1030 2464 1100 μὲν
2510 1030 2620 1102 γὰρ
2646 1030 2743 1083 καὶ
2779 1030 2949 1084 πάλαι
2996 1031 3068 1084 τά
3123 1032 3182 1084 ὲν
3225 1029 3419 1094 τύποις
3449 1031 3604 1096 Θεός.

2023 1121 2430 1194 Προῦπεδείκνυ
2462 1122 2520 1176 δὲ
2561 1122 2746 1189 πάλιν,
2773 1123 2850 1186 ώς
2891 1121 3094 1193 ἥξοντά
3126 1139 3188 1175 τε
3236 1124 3332 1176 καὶ
3369 1123 3610 1192 παρεσό-

2026 1230 2166 1284 μενα
2213 1212 2357 1267 κατά
2402 1213 2633 1286 καιροὺς
2675 1213 2744 1267 τὰ
2792 1215 2857 1268 ὲκ
2903 1213 3005 1284 τῆς
3045 1213 3280 1285 ἀληθοῦς
3327 1214 3609 1286 λατρείαςο

2023 1304 2117 1358 καὶ
2141 1303 2445 1375 ἀπόϐλητον
2491 1304 2591 1374 μὲν
2621 1305 2796 1360 ἐποίει
2827 1305 2888 1359 τὸ
2916 1304 3014 1378 τὴν
3043 1304 3111 1359 δι’
3140 1306 3392 1376 αἱμάτων
3430 1307 3608 1379 πρόσ-

2021 1395 2160 1462 οδον,
2193 1396 2291 1450 καὶ
2317 1397 2418 1466 τὴν
2458 1397 2616 1452 σκιάν
2645 1412 2659 1426 ·
2696 1396 2988 1452 ἀπεσείετο
3020 1396 3080 1450 δὲ
3119 1397 3209 1451 διὰ
3250 1397 3345 1451 τοῦ
3383 1401 3610 1471 προφή-

2019 1503 2116 1539 του
2147 1485 2324 1556 λέγων
2358 1486 2560 1559 Ἀμώςσ
2593 1506 2611 1539 ι
2641 1485 2965 1559 Μεμίσηκα,
2995 1489 3262 1560 ἀπῶσμαι
3287 1491 3386 1554 τὰς
3415 1491 3613 1563 ἑορτάς

2023 1577 2200 1650 ὑμῶν,
2248 1578 2344 1632 καὶ
2379 1579 2440 1632 οὐ
2495 1579 2571 1652 μὴ
2617 1579 2910 1651 ὁσφρανθῶ
2963 1581 3022 1634 ὲν
3069 1583 3191 1646 ταῖς
3234 1581 3612 1654 πανηγύρεσιν

2021 1666 2198 1738 ὑμῶν·
2247 1667 2382 1722 διότι
2440 1667 2537 1722 ὲάν
2588 1668 2851 1740 ἐνέγκητέ
2904 1687 2996 1741 μοι
3043 1669 3474 1741 ὁλοκαυτώματα
3511 1673 3612 1726 καὶ

325 1769 427 1822 hor
454 1767 510 1822 in
544 1764 910 1822 conventibus
934 1764 1135 1820 vestris
1161 1781 1175 1818 :
1205 1779 1331 1818 nam
1365 1764 1412 1818 si
1441 1763 1752 1820 obtuleritis
1779 1764 1914 1819 mihi

2025 1760 2210 1826 θυσίας
2253 1760 2440 1832 ὑμῶν,
2485 1760 2586 1814 οὐκ
2651 1759 3038 1832 ἑπιϐλᾶψομαι.
3087 1761 3446 1834 Μετάστησον
3510 1764 3611 1818 ἀπ’

326 1858 647 1913 holocausta
682 1863 740 1910 et
768 1855 978 1910 hostias
1007 1862 1219 1910 vestras
1238 1895 1253 1921 ,
1289 1869 1397 1909 non
1429 1854 1712 1924 aspiciam.
1749 1855 1918 1910 Aufer

324 1967 357 2008 a
385 1965 472 2004 me
504 1963 704 2004 sonum
723 1945 1036 2002 carminum
1057 1955 1302 2012 tuorum,
1353 1953 1412 2002 et
1435 1961 1768 2017 organorum
1793 1955 1918 2002 tuo—

327 2055 452 2096 rum
494 2040 766 2110 psalmum
811 2053 924 2093 non
964 2037 1257 2094 exaudiam
1306 2038 1372 2093 ".
1429 2057 1448 2090 ι
1489 2039 1712 2094 lnduxit
1751 2041 1918 2096 etiam

326 2150 425 2206 per
451 2133 734 2190 Michzeam
781 2145 1076 2203 personam
1119 2129 1246 2195 viri,
1293 2145 1530 2201 quanam
1565 2132 1780 2188 ratione
1814 2131 1919 2187 bo-

327 2242 457 2280 num
491 2225 710 2281 efﬁcere
758 2223 953 2294 possit,
993 2222 1140 2301 (mod
1179 2237 1577 2296 usquequaque
1627 2225 1788 2296 culpa
1819 2240 1918 2281 va-

325 2328 432 2384 cet,
475 2317 790 2389 perdiscere
832 2316 1106 2388 cupientis
1145 2334 1159 2370 :
1197 2335 1216 2368 ι
1263 2315 1324 2371 In
1362 2332 1473 2387 quo
1510 2316 1918 2392 apprehendam

327 2410 643 2472 Dominum,
690 2409 987 2480 suscipiam
1020 2409 1196 2464 Deum
1226 2423 1411 2463 meum
1452 2408 1820 2464 altissimum?
1861 2409 1921 2465 Si

328 2501 738 2574 apprehendam
762 2517 890 2556 eum
918 2502 976 2558 in
1000 2500 1363 2564 holocaustis,
1393 2499 1451 2553 in
1477 2499 1666 2555 vitulis
1693 2501 1924 2556 annicu—

324 2595 428 2650 lis?
457 2594 515 2650 Si
539 2593 849 2664 placabitur
877 2590 1144 2647 Dominus
1172 2591 1230 2645 in
1261 2591 1505 2646 millibus
1535 2591 1794 2656 arietum,
1825 2601 1922 2647 aut

326 2687 384 2742 in
427 2685 623 2742 decem
657 2685 906 2740 millibus
932 2683 1216 2740 hircorum
1259 2683 1581 2754 pinguium?
1612 2684 1671 2739 Si
1715 2685 1920 2740 dedero

324 2777 690 2850 primogenita
731 2793 874 2841 mea,
908 2775 1149 2831 fructum
1174 2776 1383 2831 ventris
1410 2775 1540 2842 mei,
1570 2792 1672 2847 pro
1695 2784 1920 2848 peccato

325 2871 522 2926 anima:
547 2886 683 2926 mete
712 2870 792 2924 “?
814 2890 831 2920 ι
851 2869 1060 2925 Deinde
1078 2869 1182 2939 5'7
1201 2869 1465 2924 continuo
1494 2870 1837 2941 subjungitzr
1862 2867 1919 2926 Si

325 2962 712 3017 annuntiatum
733 2971 818 3016 est
847 2961 966 3027 tibi,
992 2961 1190 3032 inquit,
1215 2961 1402 3026 homo,
1430 2962 1563 3032 quid
1591 2962 1663 3018 sit
1689 2962 1916 3028 bonum,

2019 1853 2156 1924 ἐμοῦ
2181 1848 2317 1924 ἦχον
2357 1851 2512 1924 ᾠδῶν
2543 1869 2661 1917 σου,
2694 1854 2790 1906 καὶ
2831 1853 3046 1924 ψαλμὸν
3079 1853 3328 1925 ὀργάνων
3371 1872 3464 1908 σου
3505 1856 3612 1909 οὐκ

2019 1945 2344 2016 ἀκούσομαι.
2381 1964 2399 1996 ι
2452 1945 2822 2016 Είσκεκόμικε
2887 1946 2946 1999 δὲ
2989 1945 3080 2000 διά
3138 1946 3375 2018 Μιχαίου
3438 1949 3614 2017 πρόσ-

2020 2053 2170 2089 ωπον
2198 2035 2412 2106 ἀνδρὸς,
2450 2035 2574 2090 τίνα
2603 2035 2668 2105 δὴ
2710 2036 2912 2108 τρόπον
2933 2035 3334 2110 κατορθώσειεν
3364 2038 3429 2092 ἂν
3449 2039 3612 2107 ἀμωο

2024 2129 2212 2201 μήτως
2240 2129 2300 2182 τὸ
2330 2128 2558 2198 ἀγαθὸν,
2598 2129 2957 2200 ὁρεκτιῶντος
2994 2130 3456 2203 ἀναμαθεῖν·«“Εν
3499 2135 3615 2187 τίνι

2021 2219 2132 2292 γάρ
2157 2219 2454 2276 καταλάϐω
2491 2219 2586 2274 τὸν
2623 2220 2866 2292 Κύριον,
2909 2222 3280 2295 ἀντιλήψομαι
3320 2223 3457 2278 Θεοῦ
3493 2224 3618 2295 ὑψί-

2024 2327 2185 2377 στου;
2227 2311 2288 2365 Εί
2334 2310 2722 2382 καταλήψομαι
2753 2312 2916 2367 αὐτὸν
2953 2315 3013 2368 ἐν
3043 2314 3514 2388 ὁλοκαυτώμασιν,
3548 2319 3614 2370 ὲν

2025 2402 2248 2473 μόσχοις
2271 2400 2596 2466 ὲνιαυσίοις;
2619 2399 2682 2454 Εἰ
2706 2402 3061 2474 προσδέξεται
3086 2404 3291 2475 Κύριος
3317 2408 3376 2459 ὲν
3405 2405 3614 2477 χιλιάσι

2023 2491 2218 2564 κριῶν,
2241 2491 2276 2562 ἢ
2305 2494 2364 2544 ὲν
2394 2492 2624 2564 μυριάσι
2655 2493 2910 2566 χιμάρων
2935 2493 3137 2549 πιόνων
3162 2513 3177 2561 ;
3210 2496 3272 2551 Et
3297 2496 3374 2550 δῶ
3395 2499 3616 2566 πρωτό-

2020 2584 2157 2638 τοκά
2186 2600 2311 2655 μου,
2340 2583 2592 2648 ἀσεϐείας
2617 2585 2831 2658 καρπὸν
2859 2585 3069 2651 κοιλίας
3097 2604 3223 2658 μου,
3251 2587 3397 2659 ὑπὲρ,
3426 2589 3615 2660 ἀμαρ-

2021 2676 2141 2740 τίας
2173 2676 2352 2748 ψυχῆς
2394 2693 2537 2748 μου;
2579 2696 2601 2729 ι
2656 2671 2800 2732 Εἶτα
2833 2679 3198 2750 συνημμένως
3236 2679 3330 2734 καὶ
3380 2679 3606 2750 ἐφεξῆς

2029 2789 2047 2819 ε
2087 2768 2150 2821 Et
2176 2767 2453 2839 ἀνηγγέλη
2488 2784 2608 2834 σοι,
2636 2769 2802 2838 φησὶν
2823 2809 2838 2836 ,
2871 2768 3126 2840 ἄνθρωπε
3145 2810 3162 2834 ,
3199 2768 3254 2822 τί
3272 2769 3334 2823 τὸ
3354 2768 3540 2824 καλόνο
3570 2768 3610 2840 ἢ

2021 2859 2074 2912 τί
2098 2858 2303 2930 Κύριος
2333 2858 2560 2930 ἐκζητεῖ
2581 2859 2734 2928 παρὰ
2760 2860 2876 2926 σοῦ,
2901 2861 3017 2916 ἀλλ’
3043 2863 3082 2932 ἢ
3109 2860 3202 2917 τοῦ
3228 2863 3404 2916 ποιεῖν
3434 2861 3616 2932 κρίμα

2022 2950 2116 3005 καὶ
2147 2950 2366 3023 ἀγαπᾷν
2394 2949 2564 3014 ἔλεοςο
2595 2951 2691 3006 καὶ
2724 2951 2942 3022 ἕτοιμον
2979 2947 3120 3006 εἶναι
3153 2952 3250 3007 τοῦ
3277 2953 3616 3026 πορεύεσθαι

326 3055 411 3109 vel
433 3055 566 3126 quid
593 3032 1179 3124 Domin'usexquirata
1208 3063 1279 3118 te,
1309 3053 1415 3109 nisi
1442 3053 1624 3110 facere
1644 3054 1917 3126 judicium

2025 3041 2168 3113 μετά
2209 3041 2420 3113 Κυρίου
2449 3041 2545 3097 τοῦ
2583 3041 2721 3096 Θεοῦ
2754 3059 2886 3109 σου;
2943 3062 2964 3097 ι
3009 3039 3135 3115 τΑρ’
3175 3041 3272 3101 οὖν
3298 3046 3420 3118 οὑχὶ
3451 3046 3620 3100 τοῦτὸ

325 3157 385 3201 ct
412 3123 643 3218 diligere
683 3123 1142 3212 misericordiam,
1173 3154 1231 3202 et
1264 3155 1517 3217 paratum
1560 3123 1682 3202 esse
1720 3146 1917 3204 ambu-

2025 3133 2486 3206 éccw‘évapyt'bq,
2520 3134 2660 3204 ὅπερ
2705 3131 2811 3204 ἔφη
2856 3135 3116 3207 Χριστός·
3154 3156 3172 3190 ι
3223 3135 3292 3191 Εἴ
3337 3155 3422 3201 τις
3466 3137 3622 3192 θέλει

327 3241 443 3295 lare
484 3255 610 3294 cum
657 3237 890 3294 Domino
920 3238 1032 3294 Deo
1058 3247 1154 3293 tuo
1183 3237 1264 3291 ‘7?
1302 3256 1320 3290 ι
1355 3238 1549 3295 Nonne
1591 3238 1760 3311 igitur
1795 3255 1920 3310 per-

327 3330 517 3400 spicue
538 3331 645 3385 hoc
668 3329 805 3385 illud
827 3339 913 3386 est
935 3329 1083 3402 quod
1117 3329 1299 3401 inquit
1324 3329 1578 3387 Christus
1608 3349 1621 3385 :
1655 3350 1674 3383 ‹
1706 3330 1763 3387 Si
1795 3333 1921 3404 quis

329 3423 448 3478 vult
470 3422 661 3478 venire
701 3432 826 3494 post
855 3439 964 3488 me,
1004 3423 1239 3495 abneget
1269 3423 1649 3495 semetipsum,
1678 3433 1734 3478 et
1769 3425 1922 3480 tollat

329 3528 549 3568 crucem
591 3528 777 3578 suam,
820 3520 878 3567 et
909 3519 1176 3583 sequatur
1215 3527 1306 3571 me
1338 3513 1494 3568 ""h
1542 3511 1614 3567 Et
1656 3511 1859 3567 iterum
1903 3530 1918 3567 :

339 3623 356 3654 ι
383 3603 488 3672 Qui
513 3619 601 3660 me
627 3603 824 3675 diligit,
851 3619 939 3658 me
967 3612 1252 3674 sequatur,
1286 3613 1344 3659 et
1377 3603 1472 3660 ubi
1500 3595 1602 3675 ego
1640 3619 1784 3669 sum,
1808 3604 1924 3660 illic

328 3703 387 3749 et
434 3693 685 3749 minister
743 3710 900 3750 meus
950 3695 1023 3751 sit
1069 3695 1136 3750 ⁸⁸.
1187 3714 1207 3747 ι
1252 3695 1372 3750 Non
1427 3694 1486 3749 in
1547 3693 1709 3765 legali
1768 3694 1921 3750 cultu

325 3787 643 3842 Christiana
668 3786 883 3858 religio,
907 3785 1004 3843 sed
1031 3787 1088 3844 in
1111 3795 1303 3845 sancto
1321 3796 1486 3858 atque
1511 3786 1788 3858 spirituali
1817 3786 1922 3846 sita

330 3887 438 3934 est.

401 3968 601 4025 PALL.
633 3969 959 4027 Rectissime
989 3969 1197 4025 dixisti.

397 4061 556 4119 ΟΥΕ.
587 4061 733 4129 Quin
754 4061 920 4118 etiam
951 4077 1050 4131 per
1089 4061 1284 4116 Isaiam
1325 4062 1710 4120 vehementius
1729 4065 1918 4137 objur-

330 4154 796 4225 ganslsraelitas,
833 4171 852 4205 ι
881 4152 1107 4220 Audite,
1148 4172 1166 4205 ι
1193 4153 1396 4224 inquit,
1426 4174 1445 4208 ι
1474 4155 1646 4212 verba
1668 4156 1918 4223 Domini,

330 4242 610 4316 principes
637 4242 1038 4310 Sodomorum;
1067 4243 1338 4300 attendite
1380 4244 1556 4316 legem
1585 4245 1705 4309 Dei,
1743 4261 1914 4316 pepu-

331 4337 419 4392 Ius
464 4335 805 4392 Gomorrhat.
854 4334 976 4404 Quo
1039 4336 1178 4392 mihi
1228 4335 1527 4391 multitudo
1573 4335 1921 4390 victimarum

311 4435 658 4494 vestrarum,
703 4425 840 4483 dicit
884 4427 1190 4488 Dominus?
1231 4427 1436 4481 Plenus
1481 4441 1606 4481 sum
1655 4425 1920 4481 holocau-

2025 3224 2199 3279 ὀπίσω
2231 3242 2332 3296 μου
2365 3225 2562 3290 ἐλθεῖν,
2597 3226 3016 3299 ἀπαρνησάσθω
3040 3227 3266 3290 ἑαυτὸν,
3294 3231 3388 3284 καὶ
3421 3229 3624 3302 ἀράτω

2023 3316 2115 3374 τὸν
2141 3318 2376 3390 σταυρὸν
2401 3317 2590 3383 αὑτοῦ,
2619 3319 2715 3373 καὶ
2733 3318 3102 3374 ἀκολουθείτω
3140 3338 3230 3391 μοι
3258 3338 3274 3387 ;
3312 3339 3330 3374 ι
3369 3321 3481 3376 Καὶ
3512 3322 3622 3375 πά-

2024 3409 2126 3465 λιν·
2163 3427 2182 3463 ι
2241 3411 2300 3465 '0
2332 3411 2434 3484 ἐμὲ
2463 3411 2717 3480 ἀγαπῶν,
2749 3411 2877 3483 ἐμοὶ
2921 3412 3319 3479 ἀκολουθείτω,
3351 3413 3448 3468 καὶ
3474 3413 3619 3466 ὅπου

2024 3503 2140 3574 εἰμὶ
2173 3503 2319 3573 ἐγὼ,
2352 3504 2471 3558 ἐκεῖ
2507 3503 2603 3557 καὶ
2645 3505 2675 3558 ὁ
2716 3502 2967 3569 διάκονος
2996 3507 3026 3560 ὁ
3063 3504 3198 3576 ἐμὸς
3237 3504 3397 3558 ἔστω.
3439 3523 3458 3557 ι
3494 3504 3620 3560 Οὐκ

2024 3591 2081 3645 ὲν
2103 3597 2302 3666 νομικῇ
2338 3595 2440 3666 μὲν
2467 3591 2696 3667 λατρείᾳ
2725 3594 2792 3665 τῇ
2835 3595 2979 3649 κατά
3003 3593 3273 3665 Χριστὸν,
3304 3594 3440 3650 ἀλλά
3481 3593 3623 3667 ἁγίᾳ

2025 3700 2084 3736 τε
2115 3687 2211 3740 καὶ
2239 3689 2615 3758 πνευματικῇ.

2095 3973 2305 4030 ΠΑΛΔ.
2342 3973 2640 4046 Ὀρθότατα
2669 3973 2833 4048 ἔφης.

2094 4067 2261 4122 ΚΥΡ.
2292 4067 2403 4122 Καὶ
2429 4065 2518 4122 διά
2561 4069 2662 4140 μὲν
2689 4069 2788 4139 τῆς
2829 4068 3057 4124 Ἡσαΐου
3095 4067 3284 4139 φωνῆς
3303 4107 3321 4134 ,
3349 4065 3622 4137 θερμότε-

2028 4174 2120 4228 ρον
2147 4157 2470 4230 ἐπιπλήττει
2511 4162 2627 4225 τοῖς
2665 4161 2728 4227 ἐξ
2765 4161 2983 4234 Ἰσραὴλ
3027 4160 3222 4230 λέγων·
3248 4177 3268 4211 ι
3315 4159 3623 4214 ’Δκούσατε

2023 4248 2199 4316 λόγων
2231 4249 2437 4320 Κυρίου
2459 4288 2475 4317 ,
2509 4250 2768 4323 ἄρχοντες
2797 4251 3080 4324 Σοδόμων,
3115 4250 3426 4323 προσέχετε
3443 4250 3620 4320 νόμον

2025 4338 2182 4405 Θεοῦ,
2211 4339 2341 4405 λαὸς
2381 4342 2698 4415 Γομόρρων.
2749 4343 2816 4398 Τί
2871 4361 2961 4417 μοι
3003 4342 3211 4416 πλῆθος
3245 4343 3370 4398 τῶν·
3406 4341 3621 4396 θυσιῶν

2027 4429 2218 4500 ὑμῶν,
2251 4430 2402 4501 λέγει
2442 4432 2683 4504 Κύριοςς
2729 4435 2955 4509 Πλήρης
2989 4437 3108 4506 είμὶ
3141 4430 3623 4504 ὁλοκαυτωμάτων

328 4519 429 4575 stis
477 4490 744 4586 arietum;
785 4525 842 4573 et
873 4517 1093 4589 adipem
1141 4530 1440 4588 agnorum,
1489 4525 1548 4572 et
1597 4518 1917 4590 sanguinem

2026 4490 2233 4592 κριῶν,
2273 4490 2370 4578 καὶ
2414 4490 2581 4598 στέαρ
2619 4490 2801 4598 ἀρνῶν
2830 4490 2950 4582 ζέαῖ
2970 4490 3190 4600 τράγων
3233 4528 3297 4582 οὐ
3325 4490 3614 4597 βούλομαι·

329 4619 612 4668 taurorum
641 4617 699 4665 et
727 4608 1010 4664 hircorum
1053 4609 1220 4664 nolo:
1247 4622 1427 4678 neque
1464 4609 1731 4665 veneritis
1758 4625 1917 4682 appa-

2025 4612 2134 4666 οὐδ’
2181 4613 2248 4668 ἂν
2295 4613 2533 4686 ἐρχησθε
2579 4615 2811 4688 ὀφθῆναί
2863 4635 2983 4690 μοι,
3023 4617 3110 4682 τίς
3155 4616 3266 4686 γὰρ
3310 4615 3618 4686 ὲξεζὴτησε

327 4717 450 4760 rere
499 4701 673 4770 mihi;
725 4701 850 4773 quis
895 4700 1045 4756 enim
1093 4700 1348 4770 quasivit
1393 4700 1516 4757 haec
1558 4700 1628 4756 de
1668 4702 1917 4759 manibus

2025 4705 2194 4761 ταῦτα
2223 4707 2288 4761 ὲκ
2320 4707 2430 4761 τῶν
2457 4708 2658 4781 χειρῶν
2703 4709 2894 4782 ὑμῶν;
2927 4711 3128 4764 Πατεῖν
3152 4711 3253 4781 τὴν
3289 4709 3465 4778 αὐλήν
3507 4725 3620 4779 μου

326 4793 564 4850 vestris?
594 4795 810 4851 calcare
839 4792 896 4847 in
927 4793 1130 4848 atrium
1157 4807 1342 4848 meum
1381 4808 1491 4848 non
1525 4795 1832 4866 apponetis.
1865 4795 1917 4853 Si

2025 4797 2089 4852 οὐ
2120 4798 2521 4871 προσθήσεσθε.
2579 4802 2705 4856 Ἐὰν
2747 4802 2955 4876 φέρητε
3000 4799 3317 4874 σεμίδαλιν,
3352 4800 3614 4871 μάταιον.

327 4884 645 4942 obtuleritis
672 4885 969 4958 siliginem,
999 4899 1236 4951 vanum;
1262 4884 1548 4941 incensum
1581 4886 1917 4944 abominatio

2026 4889 2292 4962 Θυμίαμα
2337 4891 2610 4965 βδέλυγμά
2639 4895 2730 4965 μοί
2771 4897 2919 4960 ἐστι,
2947 4893 3048 4958 τάς
3078 4892 3378 4964 νουμηνίας
3417 4891 3618 4963 ὑμῶν,

325 4985 412 5035 est
450 4977 625 5044 mihi;
660 4978 980 5034 neomenias
1012 4983 1244 5042 vestras,
1282 4983 1340 5032 et
1380 4976 1639 5045 Sabbata,
1675 4987 1732 5051 et
1771 4978 1919 5034 diem

329 5084 588 5142 magnum
617 5085 730 5126 non
758 5069 951 5126 feram.
982 5068 1261 5140 Jejunium
1288 5077 1346 5125 et
1373 5071 1570 5136 otium,
1613 5079 1668 5126 et
1704 5069 1920 5127 festivi-

329 5168 470 5218 tates
505 5167 718 5216 vestras
759 5160 878 5216 odit
917 5160 1098 5216 anima
1147 5175 1303 5228 mea;
1337 5160 1464 5217 facti
1501 5163 1635 5218 estis
1681 5161 1818 5216 mihi
1860 5161 1920 5216 in

327 5252 638 5310 satietatem
663 5251 733 5309 °'.
771 5271 790 5305 ι
822 5253 927 5309 Per
955 5251 1278 5309 Malachiam
1310 5265 1572 5324 praeterea
1595 5254 1920 5325 prophetam

326 5342 694 5400 odiosissimis
742 5343 1064 5400 hominibus
1104 5343 1296 5400 eadem
1346 5344 1512 5412 dicit,
1547 5355 1712 5416 atque
1753 5345 1920 5401 etiam

329 5441 641 5504 temporum
669 5436 941 5503 meminit,
983 5436 1188 5508 quibus
1225 5452 1324 5508 per
1353 5452 1560 5506 omnes
1604 5446 1782 5495 terras
1812 5440 1919 5497 sibi

328 5523 628 5581 incruente
655 5541 720 5583 ac
763 5529 1068 5601 spiritualis
1095 5529 1290 5586 hostia:
1318 5530 1544 5587 odorem
1568 5531 1918 5604 incompara-

2029 4982 2124 5036 καὶ
2156 4982 2228 5036 τὰ
2255 4983 2532 5053 Σάϐϐατα,
2554 4985 2648 5040 καὶ
2673 4987 2888 5058 ἡμέραν
2914 4985 3160 5057 μεγάλην
3188 4985 3287 5040 οὐκ
3319 4973 3616 5055 ἀνέχομαι.

2029 5071 2304 5143 Νηστείαν
2337 5073 2432 5128 καὶ
2471 5075 2672 5146 ἀργίαν
2692 5116 2706 5141 ,
2733 5074 2953 5138 καὶτὰς
2989 5074 3185 5148 ἑορτὰς
3215 5073 3368 5145 ὑμῶν
3415 5074 3618 5146 ἐμίση-

2031 5180 2122 5217 σεν
2163 5168 2197 5234 ὴ
2237 5163 2383 5236 ψυχή
2417 5183 2541 5236 μουο
2576 5166 2874 5238 ἐγενήθητε
2922 5183 3013 5238 μοι
3058 5167 3138 5230 είς
3190 5165 3537 5237 πλησμονήν.
3591 5182 3612 5216 ι

2029 5256 2130 5310 Διά
2171 5273 2232 5310 τε
2277 5256 2372 5310 τοῦ
2413 5260 2697 5330 προφήτου
2746 5258 3070 5330 Μαλαχίου,
3115 5257 3284 5313 ταυτδ
3334 5257 3485 5324 λέγει
3532 5256 3616 5311 ἔτι

2027 5347 2166 5419 πρὸς
2203 5347 2324 5403 λίαν
2369 5349 2812 5422 ἀπηχθημένουςο
2861 5351 3234 5423 διαμέμνηται
3279 5349 3338 5403 δὲ
3381 5349 3614 5420 καιρῶν,

2026 5437 2148 5491 καθ’
2195 5439 2289 5504 οὓς
2335 5438 2400 5494 ἂν
2457 5441 2610 5511 αὑτῷ
2650 5441 3001 5512 προσοίσειαν
3052 5444 3103 5496 oi
3147 5443 3252 5497 ἁνά
3298 5444 3480 5496 πᾶσαν
3513 5441 3616 5512 τὴν

2021 5531 2126 5602 γῆν
2168 5532 2279 5604 τῆςξ
2301 5533 2639 5605 ἀναιμάκτου
2665 5535 2756 5588 καὶ
2783 5535 2982 5606 νοητῆς
3009 5535 3200 5600 θυσίας
3229 5535 3325 5607 τὴν
3351 5533 3614 5605 ἀσύγκρι-

398 5708 444 5743 ⁴⁸
475 5707 664 5775 Amos,
698 5727 751 5776 ν,
773 5712 863 5778 2],
888 5714 976 5769 22.
1055 5716 1098 5747 ⁸⁸
1123 5715 1285 5770 Mich.
1317 5731 1389 5784 vl,
1414 5717 1466 5785 6,
1488 5719 1540 5772 ’7.
1606 5721 1646 5752 ⁸⁷
1681 5719 1845 5784 lbid.,
1879 5721 1910 5776 8

2025 5721 2072 5754 ’τ’
2103 5719 2293 5776 Matth.
2316 5739 2421 5789 xvi,
2449 5723 2536 5778 2i.
2607 5725 2649 5757 ⁸³
2674 5724 2829 5780 Joan.
2865 5741 2958 5791 xu,
2987 5725 3074 5780 26.
3134 5724 3176 5760 ⁶⁹
3201 5723 3302 5780 Isa.
3325 5738 3365 5788 ι,
3399 5720 3484 5787 10,
3519 5717 3604 5774 13.
