3954 6200
246 246 355 303 2'25

993 251 1080 305 DE
1112 248 1552 306 ADURATIONE
1591 250 1659 305 IN
1686 249 1960 309 SPIlilT‘U
2005 251 2499 307 ET‘VERITATE.
2545 251 2672 306 LIB.
2717 250 2779 305 II.

3419 252 3524 306 226

247 386 614 443 τονεύωδίαν.
651 386 797 457 Ἔφη
842 387 949 458 γὰρ
990 380 1091 441 ὧδε
1124 389 1320 444 πάλιν·
1366 408 1383 442 ι
1421 389 1537 445 Οὐκ
1573 389 1689 446 ἔστι
1722 408 1824 464 μου

1951 388 2097 445 )ilem
2116 397 2302 445 essent
2324 388 2582 444 oblaturi.
2604 386 2695 443 Sic
2717 386 2864 443 enim
2888 387 3087 442 iterum
3118 384 3298 458 inquit
3322 404 3334 439 ε
3363 406 3381 438 ι
3406 386 3527 442 Non

252 479 471 549 θέλημα
517 481 577 534 ἐν
597 479 763 550 ὑμῖν,
812 480 962 549 λέγει
1011 480 1214 553 Κύριος
1262 481 1659 554 παντοκράτωρ
1677 522 1697 552 ,Α
1742 486 1836 538 καὶ

250 573 446 627 θυσίαν
473 572 537 624 οὐ
574 572 936 644 προσδέξομαι
978 574 1044 626 ὲκ
1084 572 1192 626 τῶν
1220 573 1419 647 χειρῶν
1463 574 1653 646 ὑμῶν,
1701 571 1836 629 διότι

248 662 363 717 ἀπὸ
388 660 664 714 ἀνατολῶν
707 660 862 731 ἡλίου
898 662 992 716 καὶ
1020 660 1128 727 ἕως
1169 663 1390 735 δυσμῶν
1426 663 1488 716 τὸ
1529 663 1700 734 ὄνομά
1733 681 1834 734 μου

248 754 566 818 δεδόξασται
624 754 683 806 ὲν
711 755 837 817 τοῖς
882 752 1095 820 ἔθνεσι,
1131 755 1227 809 καὶ
1268 757 1326 808 ἐν
1354 755 1517 809 παντὶ
1555 755 1707 825 τόπῳ
1738 754 1836 808 θυ-

248 849 435 918 μίαμα
502 845 874 917 προσφέρεται
940 844 1022 915 τῷ
1076 844 1303 917 ὀνόματί
1357 863 1459 920 μου
1529 846 1625 901 καὶ
1674 844 1838 901 θυσία

246 937 505 1007 καθαρὰ,
551 935 688 989 διὸτι
726 934 882 1007 μέγα
919 935 981 989 τδ
1020 935 1194 1007 δνομά
1239 954 1340 1008 μου
1378 939 1437 990 ὲν
1479 939 1591 1002 τοῖς
1636 936 1833 1001 ἔθνεσι,

244 1028 401 1097 λέγει
438 1025 648 1096 Κύριος
686 1026 1118 1098 παντοκράτωρ.
1159 1047 1177 1080 ι
1218 1029 1541 1101 Συνίηςενδτι
1585 1028 1838 1101 θυμίαμά

204 1184 219 1190 _
245 1137 307 1174 τε
362 1119 461 1173 καὶ
513 1117 706 1171 θυσίαν
757 1116 905 1188 αὐτῷ
951 1117 1203 1191 καθαρὰν
1249 1119 1358 1174 ἀπὸ
1404 1121 1605 1186 παντὸς
1650 1121 1837 1186 ἔθνους

248 1211 714 1283 ἁνενεχθήσεσθαί
744 1227 942 1283 φησιν.
968 1211 1181 1285 Ὥσπερ
1210 1212 1267 1266 δὲ
1291 1214 1395 1286 τὴν
1423 1213 1549 1268 νέαν
1575 1216 1709 1286 ἡμῖν
1742 1214 1835 1269 καὶ

244 1305 305 1359 ὲν
334 1303 562 1376 Χριστῷ
595 1303 861 1374 διαθήκην
880 1343 895 1367 ,
928 1303 1125 1375 καινὴν
1146 1304 1442 1377 ὀνομάσας,
1479 1305 1835 1360 πεπαλαίωκε

242 1397 346 1469 τὴν
381 1394 628 1467 πρώτην,
663 1394 873 1467 Γράφει
912 1396 1022 1468 γὰρ
1055 1397 1189 1468 ἡμῖν
1220 1395 1395 1462 οὕτως
1445 1404 1541 1452 καὶ
1570 1401 1599 1453 δ
1638 1397 1836 1453 θεσπέο

251 1505 370 1550 σιος
389 1485 625 1549 Παῦλος.
672 1485 762 1549 Ὦς
806 1484 1040 1541 κάνθάδε
1060 1525 1076 1551 ,
1108 1485 1356 1556 καθα-ραν
1386 1484 1555 1540 είπὼν
1594 1485 1694 1558 τὴν
1728 1486 1838 1540 ἀπὸ

244 1579 454 1642 παντὸς
480 1578 667 1640 ἔθνους
720 1576 913 1632 θυσίαν
944 1577 1213 1649 ἐσομένην
1259 1578 1403 1633 κατὰ
1439 1579 1700 1651 καιροὺς,
1750 1575 1831 1649 τῷ

250 1671 334 1744 μὴ
382 1670 558 1735 οῦτως
603 1670 746 1742 ἔχειν
786 1669 887 1739 τῆς
942 1670 1176 1743 ἀρχαίας
1224 1671 1680 1742 καταψηφίζεται.
1719 1672 1837 1724 Κα-

1934 488 2019 535 est
2044 477 2300 536 voluntas
2337 495 2458 534 mea
2493 481 2548 534 in
2582 479 2760 545 vobis,
2804 478 2941 534 dicit
2978 478 3243 532 Dominus
3272 477 3527 547 omnipo-

1928 580 2087 651 otens;
2143 580 2201 626 et
2246 570 2578 626 sacriﬁcium
2640 582 2753 625 non
2809 570 3105 641 suscipiam
3151 569 3219 625 de
3272 570 3532 626 manibus

1933 661 2164 728 vestris;
2196 662 2328 732 quia
2369 661 2439 716 ab
2482 669 2608 716 ortu
2642 660 2775 715 solis
2805 675 2980 730 usque
3021 658 3088 713 ad
3122 674 3380 714 occasum
3423 675 3527 714 no-

1933 767 2063 807 men
2091 768 2277 807 meum
2316 751 2683 824 gloriﬁcatum
2706 762 2791 807 est
2816 751 2875 805 in
2901 751 3187 824 gentibus;
3215 760 3272 807 et
3296 751 3353 806 in
3378 752 3529 807 omni

1935 844 2059 900 loco
2092 845 2381 901 incensum
2409 846 2642 901 offertur
2669 845 2880 900 nomini
2926 861 3069 911 meo,
3114 854 3171 901 et
3202 843 3531 901 sacriﬁcium
3604 826 3609 841 ’

1933 936 2206 992 mundum
2254 936 2430 1007 :quia
2474 952 2733 1009 magnum
2773 952 2977 992 nomen
3015 952 3198 992 meum
3248 936 3306 990 in
3348 938 3530 1007 genti-

1936 1030 2062 1096 bus,
2087 1030 2224 1086 dicit
2256 1030 2524 1086 Dominus
2553 1027 2985 1099 omnipotens".
3017 1046 3036 1079 ι
3072 1027 3338 1098 lntelligis
3363 1027 3532 1098 igitur

1937 1120 2085 1192 quod
2135 1122 2423 1177 incensum
2469 1135 2533 1175 ac
2593 1118 2929 1176 sacriﬁcium
2984 1116 3090 1171 sibi
3141 1117 3409 1171 mundum
3460 1116 3531 1171 ab

1936 1209 2088 1266 omni
2122 1220 2283 1282 gente
2317 1225 2440 1266 esse
2492 1208 2834 1264 offerendum
2867 1210 2965 1265 ait.
3012 1208 3083 1266 Ut
3129 1216 3315 1263 autem
3360 1208 3418 1262 in
3464 1224 3532 1263 eo

1937 1304 2086 1375 quod
2121 1318 2319 1358 recens
2347 1301 2482 1357 illud
2518 1302 2576 1356 in
2614 1300 2836 1357 Christo
2870 1307 3282 1366 testamentum,
3327 1316 3532 1354 novum

1937 1394 2266 1468 appellavit,
2313 1394 2450 1449 illud
2517 1392 2673 1463 prius
2734 1406 2800 1448 ac
2850 1398 3010 1447 vetus
3061 1391 3386 1461 antiquavit.
3441 1391 3535 1448 Sic

1938 1489 2087 1544 enim
2123 1487 2323 1542 beatus
2360 1485 2565 1541 Paulus
2593 1484 2789 1539 scribit
2818 1485 2886 1539 ⁷³.
2917 1484 3052 1539 Item
3083 1484 3139 1538 in
3177 1484 3284 1539 hoc
3323 1484 3446 1539 loco
3476 1484 3534 1540 in

1939 1594 2013 1660 eo,
2037 1577 2184 1649 quod
2219 1577 2376 1642 dixit,
2406 1576 2675 1631 mundum
2715 1576 2785 1631 ab
2816 1575 2966 1630 omni
2999 1582 3161 1647 gente
3203 1575 3533 1632 sacriﬁcium
3626 1584 3633 1594 ‘

1939 1668 2057 1725 suis
2086 1667 2431 1739 temporibus
2460 1666 2731 1731 futurum,
2774 1664 2843 1719 de
2881 1665 2978 1720 illo
3008 1664 3205 1730 veteri,
3244 1665 3391 1735 quod
3420 1682 3533 1721 non

251 1761 409 1834 θαρά
431 1760 539 1831 γάρ
558 1776 683 1814 τινα
704 1759 929 1831 τρόπον.
955 1760 990 1830 ἡ
1014 1760 1152 1830 μήτε
1181 1757 1544 1833 καθαίρουσα,
1570 1760 1706 1832 μήτε
1735 1757 1839 1831 μὴν

1951 1758 2210 1832 ejusmodi
2237 1758 2329 1825 sit,
2361 1757 2692 1814 sententiam
2716 1756 2864 1812 tulit.
2901 1755 3186 1823 Quomodo
3219 1756 3368 1812 enim
3396 1756 3532 1812 illud

253 1851 463 1920 ἔχουσα
503 1846 561 1901 ea
605 1845 849 1900 τελειοῦν
884 1845 1143 1902 δύνασθαι
1196 1847 1334 1921 πρὸς
1373 1850 1610 1921 ἀρετήνς
1652 1848 1837 1921 Ταύτῃ

247 1941 342 1995 τοί
378 1957 539 2012 φησιν
566 1940 596 1993 δ
626 1938 897 2012 μακάριος
926 1938 1162 2003 Παῦλος,
1182 1941 1260 2004 ὠς
1290 1936 1360 2012 ῆν
1395 1942 1494 2012 μὲν
1520 1941 1621 1995 οὐκ
1649 1942 1836 2012 ἀμεμ-

250 2051 413 2097 πτος,
448 2030 866 2103 ἐίσκεκομίσθαι
896 2031 958 2084 δὲ
998 2032 1312 2100 ἀναγκαίως
1349 2032 1420 2087 τά
1446 2032 1536 2088 διὰ
1564 2031 1801 2103 Χριστοῦ
1822 2071 1838 2097 ,

252 2128 352 2182 καὶ
376 2127 466 2180 τὸν
491 2126 592 2198 τῆς
612 2123 872 2195 δευτέρας
901 2123 1248 2195 ὲκξητεῖσθαι
1269 2124 1450 2179 τόπον.

328 2409 541 2464 ΠΑᾹΛ.
601 2404 931 2478 ’Δδούλητος
982 2406 1092 2479 ἄρα
1141 2404 1424 2468 παντελῶς
1461 2405 1496 2476 ἡ
1548 2404 1605 2458 ὲν
1664 2404 1844 2468 σκιαῖς

252 2501 487 2572 λατρεία
518 2500 771 2569 παναγίῳ
801 2498 922 2569 Θεῷ
940 2516 956 2565 ;

336 2591 499 2644 KTP.
545 2588 872 2643 Παντάπασι
918 2586 1018 2658 μὲν
1068 2580 1184 2642 οῦν.
1234 2584 1394 2657 Πάρα
1445 2585 1503 2639 δέ
1542 2601 1608 2654 γε
1661 2583 1844 2654 σαφῶς

252 2684 472 2738 ἐπαΐειν
495 2682 747 2750 λέγοντος
781 2684 898 2745 τοῖς
938 2679 1000 2744 ἐξ
1038 2678 1288 2751 Ἰσραὴλ,
1322 2677 1411 2732 διά
1440 2679 1540 2749 τῆς
1578 2676 1844 2748 Ἰερεμίου

246 2764 466 2846 φωνῆςέ
496 2793 518 2827 ι
547 2774 688 2827 Τάδε
708 2772 861 2842 λέγει
884 2771 1107 2842 Κύριοςο
1136 2771 1218 2825 Τά
1237 2767 1665 2840 ὁλοκαυτώματα
1690 2767 1845 2838 ὑμῶν

252 2865 602 2934 συναγάγετε
657 2863 793 2935 μετὰ
840 2861 950 2915 τῶν
1000 2861 1203 2914 θυσιῶν
1257 2858 1411 2931 ὑμῶν
1433 2898 1451 2924 ,
1496 2857 1593 2911 καὶ
1639 2858 1843 2926 φάγετε

248 2956 423 3029 κρέα.
450 2956 576 3010 Ὀτι
614 2954 718 3007 οὐκ
748 2952 990 3024 ἐλάλησα
1024 2951 1160 3023 πρὸς
1206 2952 1332 3014 τοὺς
1379 2949 1621 3020 πατέρας
1666 2947 1843 3019 ὑμῶν,

255 3050 357 3103 καὶ
388 3046 493 3100 οὐκ
522 3044 881 3115 ἐνετειλάμην
922 3043 1108 3106 αὐτοῖς
1150 3043 1208 3095 ὲν
1252 3040 1458 3113 ἡμέρᾳ,
1570 3040 1843 3111 ἀνήγαγον

1943 1851 2054 1925 58
2094 1852 2363 1907 mundum
2398 1851 2491 1917 sit,
2528 1849 2675 1922 quod
2723 1864 2903 1921 neque
2952 1848 3202 1915 mundat,
3243 1863 3424 1920 neque
3462 1848 3531 1903 ad

1940 1945 2240 2016 perfectam
2286 1944 2548 2000 virtutem
2596 1959 2701 1999 nos
2748 1942 2952 1999 dueere
3005 1942 3222 2013 potest?
3266 1941 3534 2009 Quocirca

1942 2036 2140 2091 beatus
2157 2037 2361 2091 Paulus
2386 2035 2585 2106 inquit,
2606 2044 2767 2092 vetus
2793 2035 2929 2091 illud
2953 2052 3065 2090 non
3089 2050 3313 2091 vacasse
3340 2036 3532 2107 culpa;

1939 2128 2128 2198 itaque
2170 2126 2485 2181 necessario
2522 2127 2659 2181 illud
2703 2129 3034 2183 successisse
3063 2126 3210 2198 quod
3241 2143 3340 2198 per
3370 2126 3533 2183 Chri-

1942 2229 2092 2275 stum
2138 2218 2409 2274 sancitum
2450 2226 2569 2285 est,
2599 2227 2656 2272 et
2702 2219 2929 2274 secundi
2972 2219 3155 2274 locum
3207 2218 3535 2289 inquisitum

1941 2312 2133 2368 fuisse.

2016 2404 2214 2460 PALL.
2247 2405 2464 2478 Ergone
2494 2419 2722 2478 prorsus
2766 2412 2968 2476 praeter
3012 2403 3410 2475 omnipotentis
3434 2403 3534 2460 Dei

1943 2498 2285 2553 voluntatem
2316 2499 2499 2554 cultus
2535 2496 2627 2553 ille
2659 2495 2972 2552 umbratilis
2999 2495 3141 2551 fuit?

2016 2589 2175 2645 (ΝΒ.
2209 2588 2466 2645 Omnino.
2499 2589 2595 2644 Est
2620 2596 2804 2644 autem
2833 2588 2889 2643 in
2918 2596 3199 2659 promptu,
3229 2587 3403 2643 Deum
3434 2601 3535 2643 au-

1945 2679 2066 2734 dire
2106 2679 2451 2751 apertissime
2474 2678 2748 2735 dicentem
2790 2679 2919 2735 ﬁliis
2950 2679 3136 2745 Israel,
3165 2694 3265 2750 per
3287 2679 3538 2736 Ieremia:

1945 2785 2138 2825 vocem
2181 2785 2195 2824 :
2236 2788 2254 2821 ι
2294 2769 2423 2825 Haec
2463 2769 2600 2825 dicit
2641 2769 2949 2825 Dominus:
2980 2770 3311 2827 Holocausta
3356 2780 3539 2828 vestra

1944 2871 2271 2933 congregate
2299 2877 2424 2917 cum
2449 2861 2738 2918 sacriﬁciis
2771 2862 2990 2927 vestris,
3021 2871 3079 2918 et
3108 2863 3381 2919 comedite
3412 2880 3536 2920 car-

1941 2969 2063 3010 nes.
2089 2953 2230 3021 Quia
2250 2969 2362 3008 non
2389 2969 2512 3009 sum
2541 2955 2763 3010 locutus
2790 2954 2860 3009 ad
2891 2962 3079 3026 patres
3101 2965 3331 3023 vestros,
3358 2972 3538 3028 neque

1947 3043 2200 3099 mandavi
2226 3043 2309 3100 eis
2346 3043 2401 3099 in
2434 3044 2524 3100 die
2571 3061 2681 3116 qua
2705 3046 3003 3101 ascendere
3036 3061 3134 3102 eos
3163 3047 3269 3103 feci
3299 3048 3367 3103 de
3396 3056 3540 3103 terra

253 3140 469 3201 αὐτοὺς
500 3139 566 3192 ὲκ
596 3137 704 3207 γῆς
754 3136 1036 3206 Αἰγύπτου
1083 3135 1212 3206 περὶ
1241 3129 1711 3202 ὁλοκαυτωμάτων
1752 3129 1847 3183 καὶ

1951 3132 2186 3205 ΔΕεγρῑί,
2225 3133 2293 3188 de
2325 3134 2682 3200 holocaustis,
2719 3143 2776 3191 et
2814 3136 3119 3192 sacriﬁciis.
3168 3135 3276 3192 Sed
3309 3137 3540 3192 verbum

250 3231 491 3287 θυσιῶν.
538 3229 679 3282 Ἀλλ’
716 3228 752 3299 ἢ
793 3228 857 3281 τδ
887 3228 1039 3299 ῥῆμα
1069 3225 1230 3280 τοῦτο
1274 3221 1629 3294 ἐνετειλάμην
1667 3221 1851 3285 αὐτοῖς

251 3323 441 3391 λέγων
460 3361 475 3385 ,
506 3318 802 3374 Ἀκούσατε
831 3319 935 3390 τῆς
971 3317 1156 3389 φωνῆς
1187 3333 1308 3387 μου.
1349 3334 1369 3368 ι
1401 3316 1568 3369 Ὅσον
1616 3312 1716 3385 μὲν
1742 3311 1871 3386 γὰρ.

250 3411 399 3487 ἧκεν
442 3415 522 3477 εἷς
553 3430 620 3483 γε
646 3412 709 3466 τδ
751 3410 980 3483 ἀκριϐὲς
1003 3408 1083 3480 τῷ
1110 3407 1376 3480 νομοθέτῃ
1403 3405 1617 3470 δοκοῦν,
1650 3403 1758 3458 οὔδ’
1785 3402 1853 3457 ἂν

252 3508 400 3570 ὅλως
424 3507 483 3558 ὲν
505 3506 704 3576 ἀρχαῖς
742 3505 771 3557 ὀ
796 3504 856 3555 ὲν
885 3503 1064 3565 σκιαῖς
1102 3498 1184 3553 ῑτι
1220 3495 1731 3570 κατεχρησμωδήθη
1764 3491 1852 3547 νό-

258 3615 391 3670 μος,
411 3596 514 3667 τῆς
536 3597 596 3648 ὲν
625 3592 898 3665 πνεύματι
923 3590 1179 3663 λατρείας
1204 3588 1595 3659 σεσιγημένης.
1633 3582 1852 3654 Ἐπειδὴ

254 3691 320 3744 δὲ
344 3684 422 3759 ἦν
449 3687 511 3740 τδ
551 3687 742 3759 χρῆμα
781 3682 1041 3757 φορτικὸν
1059 3724 1075 3749 ,
1107 3682 1202 3736 καὶ
1228 3680 1290 3735 τὸ
1315 3677 1576 3733 δύνασθαι
1610 3672 1855 3747 πληροῦν

259 3784 330 3837 τὺ
367 3779 595 3844 τελείως
636 3778 840 3848 ἀγαθὸν
859 3818 875 3843 ,
928 3778 1041 3840 τοῖς
1068 3774 1130 3830 τὸ
1175 3773 1431 3846 τηνικάδε
1480 3770 1712 3843 βάσιμον
1753 3768 1855 3840 μὲν

252 3874 412 3946 οὐχὶ,
446 3871 613 3943 φαίην
648 3869 695 3923 δ’
725 3869 903 3924 ἂνδτι
942 3866 1178 3938 σκληρὸν
1202 3865 1300 3920 καὶ
1336 3864 1437 3917 οὐκ
1470 3862 1714 3933 άτραχυ,
1757 3876 1855 3930 νη-

256 3964 585 4038 πιοπρεπὴς
635 3959 726 4020 οἷά
770 3981 857 4027 τις
922 3961 1244 4034 μελέτησις,
1285 3957 1387 4031 τὴν
1435 3955 1537 4027 τῆς
1600 3953 1859 4026 ἀληθείας

257 4065 471 4129 ἔχουσα
505 4046 805 4127 μόρφωσιν,
830 4054 860 4107 δ
884 4055 944 4107 ὲν
974 4053 1262 4125 γράμμασι
1290 4049 1477 4120 νόμος,
1498 4043 1859 4117 οἰκονομικῶς

254 4149 616 4214 ἐθεσπίζετο.
662 4147 811 4219 Πλὴν
848 4146 1037 4216 ὶδήλου
1083 4143 1272 4214 σαφῶς
1302 4144 1332 4198 δ
1357 4140 1467 4195 τῶν
1507 4140 1690 4211 νόμων
1728 4138 1859 4209 ἡμῖν

256 4241 531 4313 optati-1;,
570 4240 654 4293 ὅτι
699 4237 777 4310 μὴ
816 4238 1000 4293 ἐκεῖνα
1033 4235 1231 4308 μᾶλλον
1265 4232 1415 4304 αὐτῷ
1446 4228 1858 4303 θυμηρέστατα,

255 4333 581 4406 τριπόθητα
607 4330 665 4384 δὲ
694 4332 766 4384 τά
796 4330 887 4385 διά
921 4326 1183 4402 Χριστοῦ.
1213 4326 1324 4381 Καὶ
1372 4322 1502 4395 γοῦν
1532 4322 1639 4394 ἔφη
1673 4320 1857 4379 πάλιν

260 4446 287 4479 ι
335 4425 443 4479 Διά
482 4424 644 4478 τοῦτο
682 4422 987 4494 ἀπεθέρισα
1026 4416 1154 4486 τοὺς
1194 4419 1480 4490 προφήτας
1513 4415 1698 4488 ὑμῶν,
1752 4414 1862 4469 ἀπ-

1895 4476 1940 4531 D

1952 3225 2060 3281 hoc
2091 3224 2345 3280 mandavi
2380 3225 2463 3280 eis
2494 3227 2687 3283 dicens
2709 3246 2722 3281 :
2743 3228 2943 3283 Audite
2976 3240 3167 3283 vocem
3200 3245 3377 3284 meam
3406 3231 3474 3284 ⁷⁸.
3512 3249 3534 3282 ι

1951 3312 2109 3381 Quod
2143 3314 2292 3369 enim
2338 3314 2406 3369 ad
2445 3316 2777 3386 praecipuam
2827 3317 3160 3373 institutoris
3199 3320 3540 3374 voluntatem

1951 3405 2216 3478 pertinet,
2246 3421 2318 3462 ne
2363 3421 2396 3460 a
2440 3406 2712 3478 principio
2741 3407 2963 3478 quidem
2997 3409 3111 3463 ullo
3144 3409 3308 3464 modo
3337 3408 3543 3467 divinis

1953 3498 2194 3554 oraculis
2225 3497 2425 3552 tradita
2458 3498 2655 3554 fuisset
2684 3499 2778 3554 illa
2810 3499 2993 3556 adhuc
3035 3499 3092 3555 in
3119 3501 3333 3558 umbris
3364 3486 3542 3573 posita

1954 3591 2065 3657 lex,
2096 3590 2143 3646 si
2175 3589 2243 3647 de
2267 3590 2419 3646 cultu
2440 3591 2712 3662 spirituali
2733 3592 3008 3649 silendum
3041 3592 3259 3650 fuisset.
3286 3595 3396 3651 Sed
3413 3596 3545 3667 quia

1955 3683 2136 3757 gravis
2162 3690 2283 3740 erat
2326 3700 2392 3739 ea
2427 3699 2534 3751 res,
2569 3692 2628 3740 et
2658 3685 2729 3741 ad
2773 3685 3031 3757 perfectae
3058 3686 3282 3745 virtutis
3320 3690 3544 3746 absolu-

1956 3776 2163 3832 tionem
2190 3775 2342 3832 illius
2371 3777 2633 3847 temporis
2667 3778 2987 3835 hominibus
3012 3780 3158 3835 haud
3186 3781 3365 3837 facilis
3387 3791 3545 3854 pate-

1956 3865 2052 3921 bat
2079 3882 2363 3933 accessus;
2389 3866 2501 3922 imo
2524 3883 2678 3935 vero,
2707 3884 2833 3924 mea
2856 3870 3081 3940 quidem
3108 3872 3402 3939 sententia,
3434 3872 3544 3929 du-

1957 3973 2079 4013 rum
2108 3957 2165 4012 id
2207 3966 2329 4012 erat
2353 3966 2409 4013 et
2433 3974 2722 4029 asperum;
2763 3960 2852 4015 lex
2891 3961 3093 4030 scripta
3123 3961 3277 4016 velut
3315 3962 3547 4033 puerilis

1958 4048 2209 4120 quaedam
2238 4048 2580 4114 exercitatio,
2611 4038 2735 4118 qua:
2760 4048 2992 4104 formam
3020 4051 3270 4119 veritatis
3290 4051 3544 4118 haberet,

1960 4141 2195 4212 sapienti
2218 4140 2593 4196 moderatione
2632 4141 2933 4197 constituta
2961 4149 3064 4197 est.
3093 4140 3365 4199 Czeterum
3397 4144 3546 4202 haud

1959 4233 2193 4290 obscure
2240 4228 2571 4305 signiﬁcavit
2618 4232 2781 4288 nobis
2823 4232 2916 4289 ille
2959 4233 3243 4306 legislator
3282 4252 3393 4291 non
3426 4251 3549 4294 esse

1961 4326 2057 4382 illa
2101 4325 2207 4382 sibi
2241 4325 2585 4397 gratissima,
2623 4324 2759 4396 quin
2804 4325 2991 4395 potius
3032 4328 3440 4398 exoptatissima
3490 4344 3550 4385 se

1963 4420 2189 4481 habere,
2233 4434 2357 4490 qua:
2396 4427 2588 4489 postea
2616 4432 2717 4489 per
2753 4417 3033 4474 Christum
3063 4420 3432 4492 przecipienda
3459 4436 3550 4477 es-

256 4519 493 4572 ἐκτεινα
512 4516 712 4581 αὐτοὺς
737 4517 795 4568 έν
815 4516 1023 4589 ῥήμασι
1051 4512 1318 4583 στόματός
1339 4527 1462 4581 μου,
1490 4508 1587 4563 καὶ
1604 4507 1667 4562 τὸ
1687 4507 1848 4580 κρίμα

1966 4520 2109 4567 sent.
2150 4510 2341 4581 Itaque
2366 4509 2506 4565 dixit
2536 4508 2738 4565 iterum
2770 4527 2783 4564 :
2823 4529 2842 4562 ι
2879 4511 3110 4583 Propter
3127 4512 3244 4584 .hoc
3275 4512 3550 4570 demessui

261 4628 377 4681 μου
416 4609 493 4673 ῶς
537 4607 657 4679 φῶς
692 4606 1062 4672 έξελεύσεται·
1107 4603 1243 4658 δὶότι
1275 4602 1422 4666 ἔλεος
1467 4600 1638 4665 θέλω,
1671 4600 1766 4653 καὶ
1796 4597 1859 4651 οὐ

258 4701 498 4764 θυσίαν,
528 4698 627 4751 καὶ
679 4696 974 4764 ἐπίγνωσιν
1020 4691 1158 4747 Θεοῦ
1175 4733 1190 4759 ,
1240 4691 1274 4763 ἦ
1324 4688 1773 4761 ὁλοκαυτώματα.
1834 4705 1853 4740 ι

254 4790 417 4846 Πολὺ
448 4789 562 4861 γάρ
588 4789 813 4859 ἄμεινον
843 4786 994 4859 παρὰ
1020 4785 1141 4857 Θεῷ
1171 4785 1268 4839 καὶ
1308 4783 1511 4855 μόσχου
1544 4781 1856 4845 πίπτοντος,

257 4884 371 4936 καὶ
398 4881 678 4953 προϐάτου
706 4879 944 4950 σφαγῆς,
974 4881 1007 4950 ἡ
1046 4880 1127 4942 είς
1158 4876 1421 4945 ἀδελφοὺς
1450 4874 1660 4944 ἀγάπη,
1691 4874 1772 4937 είς
1798 4874 1860 4928 τὸ

254 4974 371 5028 τοῦ
402 4975 570 5045 νόμον
610 4972 909 5043 πλήρωμα,
941 4971 1037 5024 καὶ
1074 4969 1137 5023 τὸ
1181 4968 1445 5039 ὑπερέχον
1473 4966 1572 5038 τῆς
1605 4964 1861 5035 γνώσεως

256 5062 511 5134 Χριστοῦ
533 5102 550 5127 ,
588 5062 657 5116 δι’
683 5056 855 5132 οὗπερ
894 5061 961 5113 ἂν
989 5059 1200 5127 γένοιτο
1227 5058 1321 5112 καὶ
1353 5056 1515 5121 αὐτὸς
1546 5059 1681 5128 ἡμῖν
1721 5071 1861 5124 γνω-

263 5153 406 5216 στὸς
432 5157 460 5206 δ
488 5153 703 5225 Πατήρ.
737 5150 1007 5223 Πρόξενον
1035 5150 1091 5204 δὲ
1119 5149 1202 5202 ὅτι
1234 5151 1334 5221 τῆς
1380 5149 1602 5203 αἰωνίου
1628 5146 1774 5218 ζωῆς
1799 5145 1863 5200 τὸ

260 5242 469 5317 χρῆμά
492 5246 665 5309 ἐστιν,
692 5243 794 5296 οὐκ
825 5241 1080 5314 ὲνδοιάσῃ
1115 5257 1202 5305 τις
1230 5239 1319 5306 ἀν,
1351 5235 1590 5310 Χριστοῦ
1614 5236 1864 5306 λέγοντος

258 5333 423 5406 πρὸς
442 5337 529 5392 τὸν
562 5339 622 5392 ὲν
653 5338 767 5398 τοῖς
793 5333 1040 5407 οὐρανοῖς
1079 5333 1322 5405 Πατέρα·
1346 5328 1526 5405 «Αὕτη
1547 5330 1604 5385 δέ
1646 5331 1796 5384 ἐστιν
1828 5331 1861 5402 ή

250 5425 496 5492 αἰώνιος
525 5428 641 5501 ζωὴ
662 5469 679 5494 ,
716 5427 806 5481 ἴνα
837 5426 1149 5495 γινώσκωσί
1179 5441 1240 5477 σε
1278 5425 1370 5478 τὸν
1405 5424 1565 5495 μόνον
1606 5421 1860 5495 ἀληθινὸν

245 5521 437 5587 θίξιν,
461 5523 554 5575 καὶ
583 5522 644 5575 ὃν
681 5519 1011 5582 ἀπέστειλας
1046 5515 1254 5589 Ἰησοῦν
1294 5516 1550 5587 Χριστόν.
1589 5535 1608 5569 ι
1660 5514 1855 5585 Ἀψευ-

1966 4601 2265 4673 prophetas
2284 4609 2519 4666 vestros,
2550 4600 2728 4657 occidi
2765 4615 2864 4657 eos
2902 4601 2959 4656 in
2986 4602 3175 4659 verbis
3201 4604 3314 4660 oris
3339 4605 3466 4669 mei,
3495 4612 3551 4659 et

1960 4691 2234 4764 judicium
2267 4705 2454 4747 meum
2481 4689 2640 4760 quasi
2670 4691 2764 4747 lux
2795 4691 3142 4763 egredietur;
3171 4694 3300 4762 quia
3329 4693 3551 4748 miseri-

1965 4782 2211 4838 cordiam
2239 4783 2382 4850 volo,
2412 4792 2469 4839 et
2494 4798 2607 4838 non
2634 4782 2989 4849 sacriﬁcium,
3030 4793 3087 4839 et
3127 4785 3411 4841 scientiam
3452 4785 3551 4841 Dei

1960 4875 2136 4945 magis
2162 4890 2330 4945 quam
2376 4875 2763 4932 holocaustum
2791 4879 2859 4932 ".
2900 4897 2918 4930 ι
2951 4879 3066 4933 Deo
3108 4877 3311 4950 quippe
3356 4887 3413 4934 et
3455 4894 3550 4933 ca-

1961 4965 2127 5022 dente
2190 4967 2397 5034 vitulo,
2443 4976 2501 5025 et
2537 4984 2640 5025 ove
2699 4985 2838 5025 caesa
2896 4970 3106 5042 gratior
3176 4980 3261 5026 est
3329 4970 3421 5027 illa
3494 4971 3550 5027 in

1959 5057 2161 5113 fratres
2201 5058 2445 5127 dilectio,
2489 5076 2598 5131 qua
2622 5062 2710 5117 lex
2755 5063 3036 5133 impletur,
3074 5070 3132 5118 et
3172 5063 3265 5118 illa
3299 5065 3550 5119 eminens

1961 5151 2193 5208 scientia
2211 5150 2437 5218 Christi,
2461 5167 2561 5224 per
2581 5169 2745 5224 quam
2769 5153 2886 5225 ipse
2909 5169 3129 5225 quoque
3156 5155 3317 5211 Pater
3336 5172 3367 5211 a
3389 5154 3549 5210 nobis

1960 5244 2331 5314 cognoscitur.
2382 5243 2679 5300 Conciliari
2736 5261 2870 5302 vero
2914 5246 3076 5302 nobis
3123 5247 3227 5302 hac
3270 5262 3331 5303 re
3379 5247 3546 5300 vitam

1958 5342 2239 5400 aeternam,
2266 5349 2430 5389 nemo
2458 5333 2821 5399 dubitaverit,
2844 5334 3062 5390 Christo
3088 5335 3154 5389 ad
3185 5336 3421 5413 Patrem,
3450 5333 3547 5405 qui

1961 5425 2016 5480 in
2043 5426 2198 5482 caelis
2221 5435 2326 5492 est,
2374 5426 2592 5483 dicente
2620 5427 2671 5459 "
2712 5445 2724 5479 :
2764 5446 2782 5478 ι
2817 5427 2942 5480 Hrec
2968 5435 3052 5480 est
3094 5427 3204 5481 vita
3226 5436 3452 5494 aeterna,
3486 5437 3547 5484 ut

1957 5529 2289 5588 cognoscant
2315 5526 2365 5573 te
2394 5518 2571 5573 solum
2613 5532 2804 5572 verum
2836 5518 3030 5584 Deum,
3059 5526 3116 5572 et
3138 5533 3304 5588 quem
3326 5520 3546 5589 misisti,

360 5698 416 5731 '"
435 5697 655 5755 Malach.
694 5715 732 5764 ι,
772 5698 857 5764 IO,
911 5698 996 5752 Il.
1073 5696 1308 5752 “Ilebr.
1339 5696 1565 5764 vm,i5.
1643 5695 1848 5753 "Jerm

1954 5712 2047 5762 vn,
2078 5694 2272 5780 Eli-9.5..
2343 5696 2389 5729 ’⁷³
2414 5695 2574 5765 Osee,
2602 5713 2674 5767 vi,
2716 5698 2767 5765 ὅ,
2796 5698 2848 5755 6.
2918 5698 3136 5760 "Joan.
3159 5716 3293 5770 xvn,
3315 5703 3370 5759 3.
