3954 6200
440 319 550 374 2'27

1464 313 1523 370 Β.
1555 313 1842 370 ΕΥΒΙΙᾸᾸ
1883 310 2350 367 ALEXANDRINI
2389 309 2704 366 ARCIIIEP.

3603 293 3706 350 228

445 419 634 473 Jcsum
649 415 980 474 Christum.»
1003 413 1122 469 Non
1142 411 1362 467 mentiri
1381 420 1566 466 autem
1589 427 1820 481 usquam
1843 410 2028 479 aliquo

2142 409 2285 479 Βήσει
2311 407 2368 460 δὲ
2398 408 2480 460 ὅτι
2523 407 2700 476 πάντη
2746 419 2805 456 τε
2841 401 2937 456 καὶ
2977 401 3194 465 πάντως
3229 401 3264 471 ἡ
3302 397 3564 470 ἀλήθεια,
3591 394 3708 460 πῶς

449 517 611 578 pacto
648 508 968 569 Veritatem,
1005 504 1286 575 quomodo
1316 503 1521 575 ambigi
1567 505 1784 574 potest?

519 600 713 655 PALL.
743 599 964 655 Minime
997 614 1146 652 vero.
1173 612 1177 614 '

483 691 566 746 CY
577 692 639 745 It.
659 689 764 745 Sed
782 697 1135 758 posteaquam
1154 686 1316 742 Israel
1333 687 1403 742 ab
1415 687 1535 758 ejus
1548 696 1633 743 est
1648 685 2034 758 conjunctione

448 784 723 852 dilapsus;
760 779 962 850 quippe
993 778 1156 834 ﬁdem
1190 790 1485 849 respuens,
1515 794 1626 835 non
1656 777 2034 849 59ccgnovit

446 874 654 935 Deum,
687 869 1033 941 apertissime
1070 876 1304 924 testatur
1352 884 1466 924 non
1523 868 1630 923 alia
1673 867 1882 922 ratione
1914 866 2034 923 fore

446 974 511 1018 ut
547 964 614 1019 ad
649 963 940 1034 antiquam
980 963 1128 1017 illam
1160 961 1483 1033 dignitatem
1528 961 1738 1025 redeat,
1783 959 1889 1014 nisi
1934 974 2034 1030 per

447 1057 729 1112 Christum
759 1055 939 1111 solum
962 1095 977 1120 ,
1009 1054 1244 1126 abjectis
1281 1054 1392 1109 illis
1430 1053 1703 1125 legalibus
1743 1051 2028 1106 institutist

448 1146 638 1216 Itaque
667 1144 932 1214 scriptum
961 1152 1079 1199 est:
1117 1163 1135 1194 ι
1171 1142 1310 1210 Quia
1327 1143 1528 1206 diebus
1551 1142 1744 1198 multis
1760 1141 2035 1198 sedebant

449 1234 548 1288 lilii
584 1234 749 1289 Israel
779 1234 900 1288 sine
921 1249 1068 1306 rege,
1105 1235 1225 1289 sine
1259 1233 1531 1304 principe,
1571 1233 1694 1289 sine
1737 1231 2030 1299 sacriﬁcio,

449 1327 568 1381 sine
593 1327 773 1390 altari,
797 1326 915 1382 sine
947 1325 1276 1390 sacerdotio,
1307 1325 1427 1381 sine
1452 1324 1990 1380 manifestationi-bus
2016 1341 2029 1378 :

448 1426 505 1472 et
535 1426 660 1488 post
684 1417 800 1472 haec
826 1425 1176 1472 revertentur
1196 1416 1297 1470 ﬁlii
1323 1415 1512 1480 Israel,
1539 1423 1596 1470 et
1627 1423 1877 1486 quaerent
1927 1417 2034 1471 Do-

449 1511 663 1564 minum
690 1511 863 1564 Deum
891 1524 1075 1573 suum,
1109 1516 1166 1564 et
1182 1508 1354 1564 David
1383 1523 1569 1579 regem
1599 1523 1788 1573 suum,
1825 1515 1883 1562 et
1919 1516 2035 1563 stu-

448 1602 660 1672 pebunt
686 1600 740 1654 in
770 1599 1003 1655 Domino
1034 1609 1091 1654 et
1147 1599 1204 1654 in
1237 1599 1400 1654 bonis
1425 1599 1567 1670 ejus,
1620 1598 1682 1654 in
1727 1598 2033 1654 novissimo

449 1691 540 1746 die
575 1693 641 1745 ⁷⁸.
695 1711 714 1742 ι
754 1690 892 1746 Cum
917 1691 1066 1746 enim
1105 1690 1395 1761 plenitudo
1427 1691 1672 1761 gentium
1710 1691 2029 1758 intraverit,

2136 499 2283 552 ἐστιν
2311 499 2680 569 ἀμφιϐαλεῖν;

2204 591 2418 644 ΠΑΛΛ.
2445 590 2688 644 Ἥκιστά
2717 605 2803 657 γε.

2205 683 2368 738 ΚΥΡ.
2411 682 2877 754 Ἀπολισθήσαντα
2901 677 2957 735 δὲ
2984 681 3081 752 τῆς
3108 674 3244 751 πρὸς
3272 678 3431 734 αὑτὸν
3454 677 3711 752 οἰκειότηι

2133 791 2226 840 τος
2271 775 2363 830 τὸν
2422 773 2660 847 Ἰσραὴλ,
2709 774 2831 828 ἐπεί
2860 791 2942 827 τοι
2975 771 3074 842 τὴν
3105 772 3286 826 πίστιν
3324 771 3386 824 οὐ
3428 775 3709 842 προσηκά-

2137 884 2316 939 μενος,
2349 866 2450 921 οὐκ
2470 866 2610 936 ἔγνω
2639 866 2773 921 Θεὸν
2793 906 2814 932 ,
2839 867 2938 937 οὐχ
2982 865 3183 936 ἐτέρως
3215 863 3508 936 ἐπανήξειν
3535 866 3616 928 είς
3650 866 3712 920 τὸ

2129 955 2391 1028 ἀπαρχῆς
2419 951 2480 1010 εὖ
2508 955 2654 1026 μάλα
2677 955 2864 1026 φησὶν,
2887 955 3025 1027 πλὴν
3051 955 3132 1007 ὅτι
3153 953 3240 1007 διὰ
3264 954 3426 1024 μόνου
3452 953 3712 1026 Χριστοῦ,

2128 1047 2516 1118 καταλήξαντα
2545 1046 2656 1100 τῶν
2687 1046 2825 1100 ἐθῶν
2850 1046 2957 1100 τῶν
2983 1045 3124 1099 κατὰ
3154 1045 3338 1116 νόμον.
3374 1044 3712 1114 Γέγραπται,

2130 1139 2188 1193 δὲ
2215 1135 2308 1194 αὗο
2344 1157 2363 1192 ι
2397 1139 2545 1193 Διότι
2570 1137 2785 1211 ἡμέρας
2816 1137 3017 1201 πολλὰς
3045 1136 3360 1191 καθίσονται
3384 1137 3434 1189 οἱ
3463 1137 3570 1190 υἱοὶ
3611 1139 3715 1192 ’ἱσ-

2136 1231 2295 1304 ραὴλ,
2323 1233 2424 1286 οὐκ
2456 1231 2607 1296 ὄντος
2650 1231 3038 1302 θυσιαστηρίου
3059 1271 3074 1294 ,
3107 1230 3228 1284 οὐδὲ
3277 1231 3568 1302 ἱερατείας,
3596 1232 3716 1286 οὐδὲ

2131 1325 2332 1397 δήλων·
2359 1326 2455 1380 καὶ
2481 1324 2624 1396 μετά
2648 1324 2820 1378 ταῦτα
2847 1323 3266 1397 ἐπιστρέφουσιν
3287 1324 3337 1377 οἱ
3361 1324 3471 1376 υἱοὶ
3501 1323 3719 1395 Ἰσραὴλ

2131 1416 2227 1470 καὶ
2249 1415 2642 1487 ἐπιζητήσουσι
2669 1415 2874 1486 Κύριον
2899 1416 2990 1469 τὸν
3019 1415 3152 1469 Θεὸν
3187 1414 3390 1480 αὐτῶν,
3423 1413 3519 1468 καὶ
3551 1412 3718 1467 Δαὸὶδ

2131 1507 2223 1560 τὸν
2261 1507 2486 1579 βασιλέα
2515 1507 2726 1574 αὐτῶν,
2761 1507 2855 1562 κοιλ⁵
2883 1508 3242 1579 ἐκστήσονται
3269 1507 3363 1560 ἐπὶ
3395 1505 3472 1578 τῷ
3500 1505 3716 1577 Κυρίῳ,

2133 1599 2229 1650 καὶ
2253 1596 2352 1651 ἐπὶ
2381 1598 2495 1660 τοῖς
2531 1596 2760 1665 ἀγαθοῖς
2789 1596 2955 1652 αὐτοῦ
2986 1597 3072 1652 ἐπ’
3105 1598 3350 1668 ἐσχάτων
3376 1590 3583 1652 τούτων
3607 1597 3717 1650 τῶν

2131 1687 2377 1760 ἡμερῶν.
2409 1709 2438 1740 ›
2465 1690 2635 1745 Ὅταν
2669 1689 2776 1763 γάρ
2819 1690 2884 1744 τὸ
2922 1690 3194 1762 πλήρωμα
3241 1689 3352 1744 τῶν
3385 1689 3553 1745 ἐθνῶν
3600 1693 3719 1744 εἰσ-

450 1791 584 1837 tunc
606 1782 788 1836 omnis
818 1781 983 1836 Israel
1012 1781 1315 1856 salyabitur
1334 1795 1356 1849 ;.
1379 1781 1475 1837 sed
1510 1781 1568 1836 in
1583 1781 1804 1837 Christo
1824 1790 2028 1850 tamen,

2142 1781 2303 1854 ἐλθῃ,
2353 1782 2476 1836 τότε
2520 1784 2629 1848 πᾶς
2689 1782 2907 1855 Ἰσραὴλ
2954 1782 3280 1855 σωθήσεταιο
3314 1783 3455 1855 πλὴν
3500 1785 3557 1836 ἐν
3585 1785 3722 1854 Χρι-

449 1871 546 1942 qui
590 1873 894 1943 appellatus
925 1882 1010 1929 est
1049 1873 1242 1940 David,
1298 1873 1447 1945 quod
1485 1889 1555 1930 ex
1605 1875 1815 1932 semine
1857 1876 1932 1932 sit
1978 1885 2035 1932 et

450 1963 599 2018 tribu
630 1963 822 2018 David.
853 1964 988 2019 Esse
1040 1965 1172 2020 item
1220 1965 1340 2036 ipsa
1362 1981 1585 2037 quoque
1615 1983 1684 2021 ex
1710 1966 1831 2038 lege
1860 1967 2035 2024 sacri-

451 2056 572 2112 ﬁcia
599 2057 858 2122 tollenda,
894 2057 1180 2112 conﬁrmat
1220 2073 1319 2129 per
1343 2058 1552 2115 Joelem
1600 2059 1826 2116 dicens:
1876 2079 1895 2112 ‹
1925 2062 2033 2118 Ac-

451 2147 733 2219 cingimini
764 2157 821 2203 et
854 2148 1116 2220 plangite,
1157 2151 1905 2218 sacerdotes;lamentamini
1939 2151 2036 2222 qui

449 2237 776 2293 ministratis
802 2239 960 2294 altari
999 2239 1253 2307 Domini;
1290 2239 1666 2310 ingredimini,
1717 2241 1952 2298 dormite
1981 2242 2038 2296 in

451 2329 646 2394 saccis,
671 2329 1050 2387 ministrantes
1075 2328 1223 2397 Deo;
1260 2332 1392 2402 quia
1425 2331 1629 2387 defecit
1661 2333 1730 2389 de
1757 2333 1922 2388 domo
1938 2332 2037 2387 Dei

449 2419 618 2474 vestri
667 2420 997 2476 sacriﬁcium
1055 2429 1112 2476 et
1153 2421 1348 2476 libatio
1395 2423 1462 2476 ".
1509 2441 1528 2474 ι
1572 2424 1642 2478 Ει
1693 2423 1894 2479 iterum
1937 2441 2039 2495 per

449 2510 704 2566 eumdem
729 2512 1086 2582 prophetam:
1121 2531 1140 2562 ι
1169 2511 1458 2566 Sublatum
1493 2521 1580 2569 est
1617 2513 1946 2571 sacriﬁcium
1983 2525 2040 2572 et

449 2603 642 2658 libatio
692 2603 761 2657 de
810 2603 975 2657 domo
1027 2602 1281 2670 Domini;
1329 2603 1534 2674 lugete,
1571 2605 1904 2672 sacerdotes,
1936 2607 2040 2662 mi-

451 2694 611 2748 nistri
643 2694 862 2748 Domini
892 2695 957 2747 ⁷⁷.
999 2713 1016 2746 ι
1049 2693 1134 2748 Ad
1166 2694 1289 2751 hmc
1313 2695 1496 2767 ipsum
1526 2713 1748 2768 quoque
1779 2699 2037 2754 taberna-

451 2785 637 2838 culum
669 2783 784 2840 l‘ore
805 2792 867 2839 ut
894 2799 924 2839 e
952 2784 1138 2840 medio
1163 2787 1476 2854 tolleretur,
1520 2789 1801 2858 pollicitus
1838 2798 1923 2846 est
1951 2790 2039 2845 his

452 2875 671 2932 verbis:
704 2897 722 2927 ‹
751 2877 962 2942 Eterit,
985 2877 1032 2932 si
1061 2877 1412 2950 multiplicati
1435 2879 1674 2948 fueritis,
1705 2889 1761 2937 et
1791 2882 2034 2938 creveris

453 2967 526 3024 tis
554 2984 721 3040 super
781 2976 1004 3034 terram,
1054 2967 1189 3023 dicit
1231 2970 1520 3038 Dominus,
1567 2972 1625 3026 in
1680 2971 1878 3028 diebus
1904 2972 2034 3038 illis,

453 3073 566 3117 non
581 3060 769 3116 dicent
791 3061 964 3116 ultra:
996 3059 1138 3116 Arca
1163 3065 1479 3119 testamenti
1506 3063 1682 3120 sancti
1731 3064 1897 3120 Israel
1925 3079 2038 3120 non

453 3153 719 3210 ascendet
744 3152 800 3209 in
825 3167 940 3218 cor,
976 3169 1156 3224 neque
1189 3155 1594 3224 nominabitur,
1625 3172 1810 3228 neque
1843 3157 2037 3212 visita-
2066 3133 2110 3192 (ἶ

456 3243 627 3310 bitur,
666 3260 848 3316 neque
874 3244 967 3302 ﬁet
1001 3247 1142 3303 ultra
1170 3249 1235 3302 ⁷.
1274 3267 1293 3301 ι
1331 3248 1562 3305 Sublato
1603 3265 1842 3322 namque
1877 3249 2038 3321 peni-

457 3344 544 3391 tus
559 3336 740 3408 typico
770 3346 1108 3408 cruentoque
1136 3339 1426 3407 sacriﬁcio,
1445 3341 1846 3408 necessarium,
1867 3357 2042 3413 prope

454 3425 711 3494 dixerim,
740 3428 864 3495 fuit,
896 3429 1063 3486 etiam
1095 3431 1277 3501 ipsum
1313 3432 1431 3487 tolli
1459 3431 1529 3488 de
1567 3433 1754 3488 medio
1779 3433 2042 3490 taberna-

455 3517 678 3585 culum;
709 3521 914 3591 quippe
930 3537 1056 3576 cum
1088 3523 1278 3578 verius
1316 3523 1453 3578 illud
1479 3539 1548 3578 ex
1567 3523 1802 3580 adverso
1829 3525 2041 3580 excita-

458 3618 575 3663 tum
635 3615 802 3676 eSset,
861 3612 918 3666 id
969 3622 1075 3679 est,
1133 3614 1402 3678 Ecclesia,
1439 3614 1509 3670 de
1575 3631 1686 3686 qua
1741 3617 1860 3687 ipse
1893 3616 2042 3673 idem

456 3699 711 3755 Christus
725 3703 822 3767 ait,
849 3721 866 3752 ι
890 3703 990 3758 llic
1020 3704 1302 3770 habitabo,
1326 3707 1592 3776 quoniam
1611 3709 1751 3780 elegi
1769 3724 1891 3764 eam
1910 3710 1955 3740 "
1975 3751 1988 3763 .
2015 3729 2034 3762 ι

457 3789 575 3844 Jam
615 3807 746 3846 vero
776 3793 984 3847 cultum
1018 3795 1174 3850 illum
1220 3797 1625 3852 immutandum
1662 3799 1855 3866 fuisse,
1877 3807 1934 3855 et
1985 3800 2043 3856 in

459 3884 744 3940 meliorem
771 3885 1002 3941 formam
1050 3888 1585 3955 transferendum,in
1618 3907 1766 3957 eum,
1795 3891 2040 3963 inquam,

458 3975 688 4042 cultum,
743 3976 838 4046 qui
890 3976 947 4032 in
1005 3976 1225 4033 Christo
1253 3979 1566 4046 exhibetur,
1614 3997 1679 4037 ac
1715 3999 1890 4038 novus
1935 3990 2041 4050 est,

461 4067 815 4139 perspicuum
865 4067 958 4124 ﬁet
988 4070 1056 4125 iis
1084 4070 1272 4126 verbis
1295 4086 1418 4142 qum
1447 4071 1518 4126 de
1540 4073 1653 4128 Deo
1681 4074 1902 4146 scripsit
1927 4075 2042 4132 Ila-

461 4160 688 4227 lachias,
751 4181 770 4213 ‹
828 4163 897 4217 Et
939 4163 1198 4235 purgabit
1238 4163 1380 4220 ﬁlios
1429 4164 1587 4232 Levi,
1621 4175 1680 4222 et
1718 4167 1911 4224 fundet
1948 4183 2044 4224 eos

461 4253 612 4308 velut
650 4268 847 4307 aurum
887 4263 945 4309 et
983 4256 1135 4310 velut
1171 4265 1458 4328 argentum
1492 4266 1600 4336 get
1615 4267 1777 4314 erunt
1811 4260 2043 4315 Domino

457 4341 758 4397 oll‘erentes
798 4343 1129 4399 sacriﬁcium
1174 4345 1232 4400 in
1279 4345 1528 4418 iustitia,
1561 4354 1620 4402 et
1659 4347 1895 4416 placebit
1930 4349 2044 4404 Deo

2139 1873 2272 1946 στῷ·
2312 1874 2732 1947 κατωνόμασται
2777 1875 2835 1929 δὲ
2863 1875 3034 1930 Διαϐὶό
3066 1876 3156 1930 διὰ
3197 1875 3260 1929 τὸ
3300 1877 3366 1928 ἐκ
3406 1877 3723 1947 σπέρματος

2136 1962 2278 2022 εἶναι
2307 1969 2402 2021 καὶ
2443 1969 2509 2020 ἐκ
2540 1967 2713 2038 φυλῆς
2757 1967 2851 2022 τοῦ
2891 1968 3074 2024 Δαϐίδ.
3131 1967 3614 2040 Ἀναιρεθήσεσθαι
3665 1968 3724 2023 δέ

2141 2063 2238 2115 καὶ
2257 2061 2426 2125 αὑτὰς
2445 2059 2544 2125 τὰς
2564 2060 2708 2114 κατὰ
2736 2060 2900 2132 νόμον
2928 2060 3118 2125 θυσίας
3142 2060 3507 2114 διεσεὸαιοῦτο
3531 2061 3724 2130 σαφῶς

2137 2149 2227 2204 διὰ
2265 2149 2416 2222 ἰωὴλ
2443 2149 2620 2219 λέγων
2652 2168 2665 2181 ο
2717 2170 2736 2203 ι
2777 2149 3166 2222 Περιζώσασθε
3219 2152 3315 2207 καὶ
3363 2151 3630 2205 κόπτεσθε
3673 2149 3724 2206 οἱ

2142 2243 2343 2314 ἱερεῖς,
2416 2243 2665 2314 θρηνεῖτε
2694 2245 2743 2296 οἱ
2809 2243 3253 2316 λειτουργοῦντες
3313 2244 3722 2316 θυσιαστηρίῳ,

2139 2333 2447 2402 είσέλθετε,
2505 2335 2794 2388 ὑπνώσατε
2853 2337 2912 2389 ἐν
2984 2336 3209 2400 σάκκοις
3275 2336 3726 2409 λειτουργοῦντες

2140 2425 2280 2498 Θεῷ·
2321 2428 2408 2481 ὅτι
2434 2427 2737 2499 ἀπέσχικεν
2773 2427 2832 2495 ἐξ
2881 2428 3030 2482 οἴκου
3060 2428 3194 2483 Θεοῦ
3233 2429 3388 2500 ὑμῶν
3435 2429 3596 2485 θυσία
3625 2432 3726 2485 καὶ

2143 2519 2368 2591 σπονδή.
2390 2539 2408 2571 ι
2431 2520 2544 2575 Ka't
2566 2521 2726 2575 πάλιν
2751 2522 2820 2576 δι’
2845 2521 3013 2575 αὑτοῦ
3032 2521 3127 2576 τοῦ
3153 2524 3460 2594 προφήτου·
3488 2543 3508 2576 ι
3531 2523 3727 2596 Ἐξῆρο

2141 2631 2231 2667 ται
2270 2613 2430 2667 θυσία
2472 2614 2567 2668 καὶ
2608 2614 2809 2687 σπονδὴ
2845 2613 2905 2680 ἐξ
2935 2614 3084 2669 οἴκου
3122 2616 3352 2689 Κυρίου·
3394 2617 3642 2671 πενθείτε
3674 2613 3726 2672 οἰ

2142 2707 2306 2777 ἱερεῖς
2338 2705 2780 2777 λειτουργοῦντες
2825 2705 2905 2779 τῷ
2945 2707 3339 2782 θυσιαστηρίῳ.
3389 2729 3409 2763 ι
3447 2711 3558 2765 Καὶ
3587 2712 3728 2783 πρός

2140 2814 2206 2867 γε
2250 2797 2315 2869 δὴ
2345 2796 2584 2863 τούτοις,
2613 2797 2710 2852 καὶ
2737 2797 2908 2870 αὐτὴν
2948 2799 3013 2852 ἐκ
3051 2799 3220 2870 μέσον
3257 2801 3582 2872 γενήσεσθαι
3625 2802 3730 2876 τὴν

2146 2891 2353 2963 σκηνὴν
2380 2891 2714 2962 ὑπισχνεῖτο,
2737 2889 2932 2959 λέγων’
2963 2909 2981 2944 ι
3017 2888 3126 2946 Καὶ
3155 2891 3330 2957 ἐσται,
3363 2892 3460 2946 ἐὰν
3488 2894 3731 2963 πληθυν-

2145 2959 2321 3054 Silet,
2357 2983 2453 3038 καὶ
2489 2959 2763 3054 αὗξηθῆτε
2793 2983 2890 3036 ἐπὶ
2917 2983 3016 3054 τῆς
3059 2983 3184 3055 γῆς,
3215 2983 3361 3053 λέγει
3395 2959 3630 3057 Κύριος,
3669 2988 3732 3042 ἐν

2140 3078 2261 3139 ταῖς
2297 3074 2536 3146 ἡμέραις
2566 3072 2806 3138 ἐκείναις
2835 3073 2938 3128 οὐκ
2955 3073 3174 3145 ἐροῦσιν
3202 3074 3306 3141 ἔτι,
3340 3075 3585 3142 Κιϐωτὸς
3612 3078 3730 3134 διας

2141 3165 2316 3237 θήκης
2367 3163 2580 3236 Κυρίου
2629 3163 2788 3233 ἀγίου
2844 3163 3061 3236 Ἰσραὴλ
3101 3165 3204 3219 οὐκ
3255 3165 3588 3238 ἀναϐήσεται
3634 3167 3737 3224 ἐπὶ

2141 3258 2396 3330 καρδίαν,
2420 3257 2545 3313 οὐδὲ
2586 3256 3047 3328 όνομασθήσεται,
3077 3258 3200 3312 οὐδὲ
3242 3258 3730 3330 ἐπισκεφθήσεται,

2142 3351 2238 3406 καὶ
2267 3351 2330 3404 οὐ
2354 3349 2714 3420 ποιηθήσεται
2743 3348 2845 3403 ἔτι.
2891 3368 2911 3402 ι
2964 3351 3482 3425 ’Λνατετραμμένης
3509 3352 3622 3422 γὰρ
3647 3355 3728 3419 εἱς

2141 3444 2203 3498 τὸ
2232 3442 2496 3505 παντελὲς
2529 3440 2628 3512 τῆς
2663 3441 2722 3493 ἐν
2762 3439 2955 3505 τύποις
2987 3439 3068 3494 ἔτι
3106 3443 3202 3495 καὶ
3233 3441 3302 3495 δι’
3332 3443 3582 3516 αἱμάτων
3628 3443 3729 3498 θυ-

2145 3533 2288 3598 σίας,
2319 3530 2535 3602 ἀνάγκη
2567 3547 2686 3594 πως
2711 3526 2801 3602 ἦν,
2832 3531 2928 3584 καὶ
2955 3529 3127 3602 αὐτὴν
3161 3531 3226 3585 ἐκ
3259 3533 3428 3602 μέσου
3456 3535 3730 3589 ποιεῖσθαι

2143 3625 2244 3695 τὴν
2274 3621 2499 3693 σκηνὴν,
2534 3619 2630 3674 ἆτε
2666 3621 2733 3692 δὴ
2767 3621 2868 3691 τῆς
2913 3620 3284 3695 ἀληθεστέρας
3314 3624 3731 3697 ἀντεγηγερμέ-

2143 3732 2242 3786 νης
2260 3757 2276 3781 ,
2297 3714 2442 3768 τοῦτ’
2476 3713 2591 3766 ἐστι
2609 3753 2624 3778 ,
2652 3713 2752 3784 τῆς
2795 3713 3143 3784 Ἐκκλησίας,
3176 3715 3317 3786 ὑπὲρ
3344 3712 3413 3790 ἧς
3441 3719 3535 3771 καὶ
3563 3718 3732 3782 αὐτὸς

2145 3808 2251 3878 εφη
2273 3805 2528 3878 Χριστός·
2568 3823 2587 3857 ι
2619 3799 2748 3857 Ὧδε
2777 3806 3109 3876 κατοικήσω,
3142 3806 3225 3859 ὅτι
3259 3807 3602 3880 ᾑρετισάμην
3632 3810 3732 3863 αὖ·

2144 3897 2266 3968 τήν.
2306 3915 2326 3948 ι
2353 3894 2464 3950 Kal
2500 3895 2583 3948 ὅτι
2611 3895 2996 3967 μεταχωρήσει
3031 3895 3123 3949 καὶ
3162 3899 3561 3970 μεταστήσεται
3589 3899 3733 3972 πρὸς

2143 3986 2206 4041 τὸ
2236 3987 2458 4058 ἄμεινον
2486 3987 2587 4057 τῆς
2619 3984 2876 4058 λατρείας
2905 3987 2935 4040 6
2969 3987 3166 4058 τρόπος
3205 3987 3344 4060 πρὸς
3367 3987 3467 4060 τὴν
3496 3991 3554 4043 ἐν
3586 3992 3732 4063 Χρι-

2148 4077 2259 4150 στῷ
2283 4079 2380 4132 καὶ
2401 4077 2550 4142 νέαν,
2576 4078 2745 4146 σαφὲς
2768 4076 2835 4132 ἂν
2861 4076 3092 4146 γένοιτο,
3113 4077 3416 4150 γράῳοντος
3439 4082 3572 4152 ἡμῖν
3599 4083 3734 4156 περὶ

2147 4169 2290 4225 Θεοῦ
2309 4169 2404 4224 τοῦ
2423 4167 2731 4240 Μαλαχίου·
2762 4187 2781 4221 ι
2821 4170 2934 4224 Καὶ
2954 4168 3210 4242 καθαριεῖ
3237 4173 3364 4236 τοὺς
3397 4173 3544 4238 υἱοὺς
3570 4175 3732 4243 Acut,

2146 4263 2243 4318 καὶ
2271 4263 2387 4333 χεεῖ
2412 4261 2500 4314 ἐπ’
2531 4261 2728 4326 αὐτοὺς
2756 4261 2948 4333 ὥσπερ
2974 4260 3035 4317 τὸ
3058 4263 3300 4334 χρυσίον,
3331 4265 3425 4318 καὶ
3452 4264 3536 4329 ὡς
3555 4266 3734 4336 ἀργύ-

2148 4370 2282 4428 ριονο
2305 4355 2404 4409 καὶ
2436 4352 2650 4410 ἔσονται
2697 4354 2774 4426 τῷ
2813 4353 3001 4427 Κυρίῳ
3037 4357 3407 4427 προσάγοντες
3443 4355 3637 4414 θυσίαν
3672 4362 3736 4416 ἐν

459 4434 790 4490 sacriﬁcium
812 4436 973 4503 Juda,
1003 4447 1059 4493 et
1087 4438 1413 4503 Jerusalem,
1439 4438 1584 4493 sicut
1610 4439 1728 4494 dies
1749 4439 1956 4506 saeculi,
1984 4450 2037 4497 et

2144 4445 2481 4518 δικαιοσύνῃ,
2514 4446 2612 4500 καὶ
2652 4446 2841 4518 ἀρέσει
2885 4445 2963 4518 τῷ
2990 4446 3108 4518 Θεῷ
3139 4449 3172 4519 ἠ
3207 4447 3368 4502 θυσία
3409 4448 3602 4514 Ἰούδα,
3635 4453 3736 4504 καὶ

460 4526 603 4580 sicut
627 4528 756 4582 anni
795 4528 1009 4598 priores
1032 4529 1099 4582 ⁸ο.
1141 4547 1160 4579 ι
1192 4528 1458 4600 Intelligis
1492 4529 1664 4601 igitur
1685 4531 2044 4600 quemadmo-

459 4617 590 4671 dum
646 4619 818 4673 veluti
870 4634 1069 4674 novam
1117 4620 1517 4690 propemodum
1581 4621 1924 4678 recusionem
1975 4639 2042 4680 ac

462 4709 907 4766 reformationem
930 4711 1224 4768 sacerdotii
1253 4712 1416 4770 simul
1443 4721 1612 4784 atque
1641 4715 2039 4771 sacriﬁciorum

461 4801 701 4856 futuram
730 4801 904 4856 dicit?

536 4892 736 4947 PALL.
775 4893 1052 4965 Intelligo.

530 4982 686 5038 (ΝΒ.
722 4986 833 5056 60
855 4985 968 5041 Hoc
991 4986 1140 5041 enim
1164 4987 1416 5052 verbum,
1444 4988 1645 5058 fundet,
1676 4997 1751 5052 et,
1778 4991 2042 5060 purgabit,

462 5077 618 5144 quasi
652 5077 719 5131 de
742 5093 875 5134 auro
901 5086 1064 5148 atque
1091 5079 1316 5136 auriﬁce
1347 5079 1579 5147 dictum,
1608 5095 1790 5136 nonne
1812 5081 1879 5136 ad
1904 5082 2047 5139 hanc

463 5184 565 5223 nos
604 5169 1024 5242 intelligentiam
1069 5173 1268 5227 ducit?

533 5261 728 5317 PALL.
752 5263 983 5320 Maxime
1009 5281 1160 5321 vero.

530 5354 687 5412 (ΠΒ.
727 5355 892 5427 Atqui
926 5357 1267 5413 incarnatum
1304 5357 1544 5413 Verbum
1579 5356 1847 5430 ejusmodi
1875 5357 2040 5428 quid-

465 5447 607 5516 piam
643 5447 967 5504 eﬁ‘ecturum
991 5465 1110 5505 esse
1128 5448 1479 5506 conﬁrmavit
1514 5450 1660 5504 Deus
1682 5449 1864 5514 Pater,
1912 5465 2038 5504 cum

465 5539 636 5592 dixit:
678 5560 694 5590 ‹
735 5541 801 5597 Et
824 5543 1006 5597 statim
1038 5543 1225 5599 veniet
1253 5542 1321 5598 ad
1352 5541 1616 5613 templum
1635 5556 1796 5596 suum
1849 5541 2037 5596 Domi-

528 5712 570 5744 ”
598 5714 758 5786 Osee,
791 5735 868 5780 ιιι,
892 5721 922 5773 4
953 5735 1070 5790 seq.
1136 5721 1183 5754 ⁷⁸
1207 5721 1407 5787 Ιοο1.ι,
1435 5721 1520 5776 13.
1595 5723 1640 5755 ⁷⁷
1675 5719 1836 5784 Ibid.,
1867 5719 1917 5773 9.

2159 4538 2536 4609 Ἰερουσαλὴμ,
2561 4537 2746 4603 καθὼς
2769 4540 2802 4611 ἡ
2831 4538 3018 4612 ἡμέρα
3040 4537 3136 4593 τοῦ
3167 4539 3385 4607 «Wa
3418 4543 3512 4595 καί
3541 4543 3736 4608 καθὼς

2144 4629 2212 4683 τά
2241 4628 2435 4698 ἐτη,τά
2461 4629 2790 4700 ἔμπροσθεν.
2830 4649 2854 4683 »-
2885 4626 3080 4701 Συνίης
3104 4629 3169 4701 δὴ
3189 4626 3303 4697 οὖν,
3332 4632 3414 4685 ὅτι
3443 4635 3735 4704 μονονουχὶ

2148 4721 2579 4794 μεταχάλκευσίν
2609 4739 2732 4778 τινα
2771 4722 2867 4776 καὶ
2917 4722 3276 4796 ἀναπλασμὸν
3329 4721 3636 4798 ἱερωσύνης
3669 4739 3733 4781 τε

2146 4809 2264 4880 ἅμα
2291 4811 2384 4863 καὶ
2405 4810 2608 4864 θυσιῶν
2637 4810 2856 4864 ἔσεσθαί
2885 4826 3050 4882 mat;

2215 4902 2426 4956 ΠΛΛΛ.
2451 4902 2706 4973 Συνίημι.

2214 4994 2380 5048 ΚΥΡ.
2417 4995 2490 5048 Τὸ
2533 4995 2643 5066 γάρ
2679 5011 2782 5060 τοι,
2819 4996 2950 5067 χεεῖ
2987 4997 3079 5051 καὶ
3107 5000 3440 5068 καθαρίσει,
3473 5003 3731 5079 καθάπερ

2143 5085 2237 5138 ἐπὶ
2273 5084 2476 5156 χρυσοῦ
2505 5103 2566 5138 τε
2592 5085 2687 5138 καὶ
2717 5087 3061 5158 χρυσουργοῦ
3107 5088 3452 5161 λελεγμένον,
3479 5089 3570 5166 ἆρ’
3605 5097 3734 5168 οὐχὶ

2145 5178 2282 5248 πρὸς
2311 5176 2469 5230 τοῦτο
2497 5177 2718 5231 ἐννοιῶν
2744 5179 2892 5250 ἡμᾶς
2924 5179 3062 5235 ἱέναι
3095 5181 3347 5253 βούλεται
3371 5199 3386 5252 ;

2221 5270 2429 5324 IIAAA.
2470 5271 2619 5325 Πάνυ
2653 5269 2750 5342 μὲν
2775 5267 2888 5326 οὖν.

2220 5355 2386 5410 ΚΥΡ.
2413 5358 2536 5411 Ὅτι
2563 5358 2672 5431 γάρ
2717 5360 2911 5432 ἔμελλε
2941 5363 3148 5435 νοητῶς
3177 5365 3418 5420 τοιοῦτόν
3443 5385 3496 5420 τι
3525 5385 3734 5441 κατορ-

2148 5446 2296 5512 θοῦν,
2320 5449 2746 5523 ἐνανθρωπήσας
2762 5457 2792 5508 6
2819 5456 3010 5524 Λόγος,
3039 5459 3536 5531 πεπληροφόρηκεν
3559 5460 3735 5515 εἴτι-ὼν

2147 5543 2175 5594 6
2198 5541 2328 5606 Θεὸς
2354 5544 2446 5598 καὶ
2467 5545 2680 5616 Πατὴρ,
2706 5546 2787 5602 ὅτι
2821 5567 2838 5599 ι
2885 5549 3173 5622 Ἐξαίφνης
3199 5553 3320 5625 ἥξει
3353 5553 3433 5616 είς
3469 5555 3562 5608 τὸν
3601 5554 3732 5610 ναὸν

1999 5718 2183 5774 "ler.
2219 5735 2298 5784 ιιι,
2331 5719 2414 5774 16.
2492 5721 2536 5754 ”
2565 5722 2708 5778 Psal.
2740 5741 2918 5790 cxxxr,
2960 5729 3043 5782 ll.
3089 5733 3134 5763 '°
3175 5733 3383 5790 Malach
3448 5751 3527 5794 ιιι.
3561 5737 3612 5789 3.
