3954 6200
426 249 527 305 ετι

1461 241 1516 299 s.
1558 208 1832 299 ovium
1871 236 2341 296 ALEXANDRN
2379 233 2694 290 meum.

3589 232 3686 290 259.

428 361 658 420 rationis
691 363 930 429 artisque
962 355 1604 429 praescriptodcllexerit,
1637 355 1690 408 id
1713 353 2007 409 artiﬁciose

2119 352 2173 404 τὸ
2220 353 2495 421 ἐν’χερσὶ,
2543 347 3040 421 μεταρυθμίζουσιν
3088 347 3353 416 εὐτέχνως
3397 345 3489 399 ἐπὶ
3530 347 3591 398 τὸ
3619 347 3685 411 ὡς

429 453 844 514 reconcinnant,
885 461 1049 519 atque
1085 450 1153 502 ad
1183 451 1412 504 formam
1448 456 1709 502 revocant
1751 461 1875 516 qua:
1901 445 2010 500 illis

428 545 635 613 optima
662 543 931 598 videatur.
976 541 1198 596 lnitium
1223 557 1352 596 vero
1388 540 1444 595 in
1497 540 1601 594 hac
1636 539 2010 608 disputatione

429 649 710 688 sumemus
739 649 768 686 a
787 648 1068 687 sacrorum
1103 633 1404 703 interprete
1430 631 1811 703 Moyse,-cujus
1831 630 2010 684 histo-

426 726 562 780 riam
581 725 675 780 uhi
697 724 902 778 cursim
931 725 1186 795 attigero,
1217 734 1333 780 tum
1351 740 1482 779 sane
1515 722 1843 778 conﬁrmare
1866 721 2012 775 nitar

426 825 591 884 atque
618 815 909 870 ostendere
954 815 1264 887 perspicue,
1289 815 1428 869 nihil
1455 815 1529 869 ad
1570 814 1874 884 perfectum
1910 811 2011 866 ad-

427 906 650 962 duxisse
693 916 908 978 legem,
931 924 1166 978 eamque
1194 923 1304 962 non
1335 923 1457 962 esse
1491 907 1562 962 ad
1591 906 1823 961 salutem
1856 905 2009 980 satis,

427 999 785 1070 omniumque
810 1000 1097 1056 hominum
1143 1009 1256 1074 tum
1285 999 1712 1069 redemptorem,
1739 1006 1860 1052 tum
1901 997 2011 1052 sal-

426 1101 670 1146 valerem
697 1108 820 1149 esse
848 1092 1152 1148 Christum.

495 1181 690 1242 PALL.
723 1187 888 1256 Atqui
929 1187 1010 1240 sic
1038 1186 1263 1250 habeto,
1286 1201 1398 1239 non
1418 1184 1754 1240 mediocrem
1787 1191 1845 1237 te
1899 1180 2013 1236 uti-

390 1275 634 1331 -litatem
685 1278 1002 1342 allaturum,
1041 1276 1089 1332 si
1119 1277 1175 1331 in
1211 1277 1316 1331 hac
1354 1291 1576 1347 quoque
1606 1281 1761 1344 parte
1783 1281 2013 1327 cuncta—

427 1369 632 1422 tionem
703 1368 939 1434 viceris;
1000 1368 1256 1438 quamvis
1319 1368 1469 1422 enim
1527 1364 1847 1420 difﬁcillima
1905 1362 2015 1417 sint

425 1477 493 1516 ea
551 1476 674 1531 qua:
711 1461 1069 1532 aggrederis,
1119 1459 1552 1528 difﬁcillimeque
1602 1454 1840 1527 spectari
1884 1468 2015 1524 pos-

2110 443 2311 513 ἄριστα
2334 442 2476 511 ἔχειν
2500 440 2711 495 δοκοῦν.
2730 440 3010 510 Ἀπαρχὴν
3029 440 3087 492 δὲ
3116 439 3306 508 ὥσπερ
3333 438 3454 492 τινὰ
3475 437 3582 492 τῶν
3615 440 3688 503 εἷς

2112 549 2177 600 γε
2207 533 2364 586 ταυτὶ
2394 532 2736 604 ποιησόμεθα
2779 531 2956 600 λόγων
2985 531 3076 585 τὸν
3113 531 3438 601 ίεροψάντην
3467 533 3685 596 Moesia.

2113 624 2208 676 καὶ
2237 625 2336 694 τῆς
2365 625 2486 678 κατ’
2513 625 2680 678 αὐτὸν
2712 624 2953 693 ίστορίας
2987 623 3354 695 ἐπιδρομάδην
3392 622 3687 694 ἁψάμενος,

2113 716 2478 786 πληροφορείν
2530 711 2590 770 εὖ
2638 716 2784 788 μάλα
2837 716 3206 787 πειράσομαι,
3243 717 3337 770 καὶ
3383 718 3689 782 καταδεῖξαι

2116 809 2305 877 σαφῶς
2323 849 2340 873 ,
2379 809 2772 864 τετελειωκότα
2797 810 2895 882 μὲν
2919 810 3010 863 τὸν
3035 809 3200 880 νόμον
3230 809 3408 876 οὐδὲν,
3439 809 3564 863 οὔτε
3589 811 3689 882 μὴν

2111 900 2442 971 ἀποχρῶντα
2475 901 2615 974 πρὸς
2656 901 2965 973 σωτηρίαν·
3015 901 3294 974 λυτρωτὴν
3330 902 3392 961 δὲ
3424 902 3534 956 τῶν
3560 895 3690 959 ὅλων

2114 992 2211 1046 καὶ
2246 993 2468 1064 σωτῆρα
2499 995 2754 1065 Χριστόν.

2187 1170 2398 1224 ΠΑΛΛ.
2442 1171 2518 1224 Οὐ
2556 1170 2786 1244 μετρίαν
2829 1169 2936 1224 ίσθι
2988 1187 3070 1224 τοι
3113 1169 3289 1233 διδοὺς
3337 1169 3437 1240 τὴν
3486 1165 3693 1242 ὄνησιν,

2113 1261 2273 1316 δκνου
2320 1263 2606 1334 κρείττονα
2656 1263 2852 1317 σαυτὸν
2903 1261 3004 1317 κᾶν
3050 1262 3223 1333 τούτῳ
3275 1261 3524 1325 δεικνύς·
3574 1264 3697 1316 δυσ-

2116 1351 2313 1419 έφικτα
2344 1352 2471 1432 μὲν.
2491 1351 2600 1423 γὰρ
2645 1351 2714 1405 τὰ
2753 1353 2811 1404 ὲν
2849 1350 3006 1424 χερσὶ
3039 1352 3177 1417 λίαν,
3210 1354 3302 1406 καὶ
3327 1352 3697 1419 δυσκάτοπτος

2117 1441 2313 1512 κομιδῇ
2343 1441 2451 1494 τῶν
2489 1441 2838 1513 ζητουμένων
2886 1445 2918 1514 ἡ
2947 1443 3169 1512 γνῶσις,
3211 1443 3464 1508 πλούσιός
3495 1461 3558 1514 γε
3587 1446 3696 1517 μὴν

423 1553 496 1607 sit
547 1568 736 1606 earum
799 1568 982 1607 rerum
1028 1566 1166 1622 quas
1219 1550 1551 1621 inquirimus
1592 1548 1830 1614 veritas,
1861 1545 2011 1602 dives

2119 1535 2146 1586 ὁ
2179 1533 2534 1588 ὲκκαλύπτων
2554 1534 2708 1599 Θεός.

424 1653 605 1700 tamen
629 1653 733 1708 est,
762 1644 858 1715 qui
881 1643 1084 1698 revelat
1119 1643 1284 1698 Deus.

2188 1628 2354 1684 ΚΥΡ.
2397 1623 2472 1682 Εῦ
2500 1627 2699 1697 λέγεις,
2725 1628 2821 1683 καὶ
2840 1628 2902 1699 δή
2931 1646 3000 1698 με
3023 1630 3149 1684 κυσὶ
3170 1634 3289 1695 ταῖς
3310 1632 3695 1704 εὐρινωτάταις

492 1736 650 1793 CYB.
670 1701 840 1792 Recte
881 1737 1023 1792 dicis
1041 1753 1056 1802 ;
1077 1744 1132 1792 et
1153 1752 1242 1792 me
1256 1738 1369 1808 jam
1394 1749 1550 1804 mque
1575 1749 1640 1790 ac
1671 1731 2009 1805 sagacissimi

2119 1721 2178 1775 ἐν
2216 1720 2338 1792 ίσῳ,
2366 1721 2486 1776 κατ’
2530 1719 2674 1792 [χνος
2707 1720 2846 1776 ἰέναι
2875 1723 3062 1778 λοιπὸν
3096 1724 3203 1778 τῶν
3231 1727 3288 1779 εν
3319 1701 3474 1796 βάθει
3511 1743 3572 1780 τε
3602 1727 3696 1781 καὶ

423 1845 590 1885 canes
631 1829 894 1891 assolent,
921 1829 1293 1900 pervestigare
1329 1827 1549 1882 abditos
1605 1824 1664 1881 in
1711 1823 2006 1896 profundo,

423 1920 882 1989 obscurioresque
910 1934 1126 1984 sensus,
1161 1927 1256 1974 tua
1285 1918 1479 1974 suadet
1510 1916 1708 1973 oratio.
1744 1916 1916 1989 Igitur
1952 1916 2008 1970 in

423 2011 646 2064 deserto
686 2010 1051 2066 Madianiticze
1101 2010 1399 2081 provincia:
1428 2009 1773 2081 beatoMoysi
1817 2023 2010 2080 greges

422 2102 608 2156 ovium
639 2101 908 2172 pascenti,
929 2117 1053 2157 cum
1079 2103 1184 2158 sub
1215 2103 1344 2174 ipsis
1369 2101 1650 2157 radicibus
1681 2111 1826 2157 esset
1849 2118 2009 2156 mon-

423 2193 495 2249 tis
552 2193 754 2257 llorcb,
807 2209 948 2247 nova
995 2193 1245 2264 quwdam
1283 2208 1393 2258 res,
1440 2201 1496 2248 et
1533 2191 1784 2247 miraculi
1823 2192 2006 2262 plena,

421 2286 536 2340 Deo
561 2285 816 2350 faciente,
850 2293 1154 2339 monstrata
1187 2291 1272 2339 est
1297 2301 1310 2338 :
1343 2304 1360 2335 ι
1385 2283 1652 2354 Apparuit
1679 2283 1826 2338 enim
1856 2283 1957 2347 illi,
1985 2303 2002 2334 ι

423 2378 622 2449 inquit,
668 2397 686 2430 ι
714 2379 943 2449 angelus
973 2377 1028 2432 in
1059 2377 1280 2432 ﬂamma
1305 2377 1448 2448 ignis
1486 2376 1555 2430 de
1585 2377 1744 2441 rubo,
1778 2385 1835 2431 et
1871 2377 2011 2431 vidit

421 2471 571 2541 quod
586 2471 756 2525 rubus
773 2471 993 2524 arderet
1021 2469 1156 2540 igni,
1190 2477 1248 2523 et
1264 2483 1373 2521 non
1397 2468 1832 2523 combureretur.
1863 2468 2010 2522 Dixit

422 2571 607 2616 autem
652 2561 863 2631 Moyses
905 2577 918 2612 :
954 2560 1159 2614 Vadam
1208 2574 1273 2613 ac
1306 2558 1508 2613 videbo
1555 2558 1825 2613 visionem
1867 2558 2010 2614 hanc

422 2671 698 2726 magnam,
717 2669 817 2708 cur
834 2652 1321 2707 noncomburatur
1351 2653 1527 2706 rubus
1554 2654 1620 2706 ⁸⁸.
1651 2672 1668 2703 ι
1695 2653 1792 2708 Est
1823 2661 2007 2707 autem

423 2747 598 2800 rubus
634 2759 745 2799 non
779 2743 998 2800 exculta
1045 2743 1230 2808 arbor,
1283 2742 1380 2798 sed
1415 2744 1682 2799 silvestris
1732 2744 1902 2814 spina;
1946 2759 2010 2799 ac

423 2839 614 2909 stirpis
647 2845 920 2892 montanae
937 2851 1131 2908 genus,
1159 2836 1214 2890 in
1235 2851 1345 2906 qua
1367 2837 1691 2891 miraculum
1719 2836 1853 2891 illud
1877 2837 2006 2892 hor-

425 2928 568 2984 roris
592 2927 815 2998 plenum
846 2926 1137 2991 edebatur,
1168 2925 1318 2996 quod
1348 2926 1593 2998 mysterii
1631 2925 1858 2997 ﬁguram
1907 2941 2007 2998 ap-

2112 1814 2497 1885 ἀφανεστὲρων
2528 1814 2769 1879 ἐννοιῶν,
2815 1816 2846 1868 ό
2878 1814 2968 1878 σὸς
3000 1817 3308 1889 παραθήγει
3338 1817 3521 1887 λόγος.
3553 1820 3694 1873 05x-

2109 1905 2206 1960 οῦν
2248 1909 2307 1960 ἐν
2356 1907 2548 1979 ἐρήμῳ
2585 1907 2713 1961 ποτὲ
2764 1909 2830 1978 τῇ
2886 1908 3032 1962 κατά
3078 1906 3178 1980 τὴν
3209 1909 3551 1981 καλουμένην
3577 1911 3698 1966 Μα-

2109 2001 2262 2072 διάμ,
2290 1999 2418 2055 όῒων
2447 2001 2648 2069 ἀγέλας
2675 2001 3114 2072 διαποιμαίνοντι
3139 2001 3218 2073 τῷ
3241 2003 3499 2074 μακαρίῳ
3522 2005 3693 2074 Μοισῇ

2111 2095 2250 2166 πρὸς
2271 2094 2462 2158 αὐταῖς
2479 2110 2538 2146 τε
2565 2095 2684 2158 ταῖς
2708 2094 3004 2166 ὑπωρείαις
3028 2091 3142 2147 ὄντι
3169 2092 3263 2146 τοῦ
3287 2093 3445 2166 ὅρους
3468 2094 3695 2165 Χωρὴδ,

2112 2186 2302 2257 χρῆμά
2320 2204 2374 2239 τι
2398 2185 2546 2252 ξένον
2571 2187 2664 2239 καὶ⁸
2692 2188 2793 2240 οὐκ
2823 2185 3172 2257 ἀθαύμαστον
3197 2185 3331 2240 Θεοῦ
3363 2186 3696 2258 πληροῦντες

2112 2279 2404 2332 ἐδείκνυτο.
2448 2298 2465 2330 ι
2506 2278 2682 2348 Ὤξθη
2704 2278 2814 2349 γὰρ
2837 2278 3006 2349 αὐτῷ,
3050 2298 3068 2329 ι
3101 2278 3285 2349 φησιν,
3313 2297 3333 2329 ι
3371 2279 3602 2348 ἄγγελος
3627 2281 3687 2333 ὲν

2112 2370 2283 2440 πυρὸς
2316 2369 2476 2439 φλογὶ
2498 2371 2563 2423 ὲκ
2601 2369 2762 2440 βάτου
2781 2386 2795 2401 ⁸
2833 2371 2927 2424 καὶ
2955 2369 3100 2441 ἑώρα
3131 2371 3211 2424 ὅτι
3233 2373 3266 2424 ό
3292 2369 3452 2440 βάτος
3484 2371 3698 2424 ἐκαίετυ·

2113 2464 2266 2534 πυρὶ,
2323 2463 2352 2514 ὁ
2405 2462 2460 2514 δὲ
2509 2462 2668 2531 βάτος
2695 2461 2774 2527 ¹οὐ
2808 2447 3148 2516 κατεκαίετο.
3188 2457 3324 2517 Εἷπε
3369 2462 3428 2516 δὲ
3470 2463 3689 2534 Μωσῆς·

2111 2552 2407 2624 Παρελθὼν
2455 2553 2658 2624 ὄψομαι
2701 2553 2764 2606 τὸ
2807 2555 2990 2625 ὅραμα
3037 2556 3100 2607 τὸ
3131 2555 3273 2625 μέγα
3298 2555 3479 2620 τοῦτο,
3518 2559 3598 2611 ὅτι
3631 2560 3693 2611 οὐ

2110 2645 2470 2700 κατακαίεται
2497 2647 2525 2698 ὁ
2557 2645 2738 2716 βάτος.
2777 2664 2796 2697 ι
2833 2645 3000 2700 Ξύλον
3037 2646 3095 2700 δὲ
3127 2647 3251 2718 οὐχὶ
3275 2648 3384 2700 τῶν
3410 2649 3632 2721 ἡμέρων
3661 2651 3695 2703 ὁ

2111 2739 2293 2810 βάτος,
2333 2738 2534 2811 ἀγρίας
2568 2739 2625 2792 δὲ
2657 2738 2856 2811 μᾶλλον
2909 2740 3151 2811 ἀκάνθης
3181 2737 3342 2807 εἶδος,
3374 2743 3468 2795 καὶ
3512 2742 3698 2814 ὁρεσιδ

2107 2837 2311 2906 τρόφου
2362 2835 2540 2907 ῥίζης,
2591 2836 2676 2904 ἐφ’
2787 2833 2848 2888 τὸ
2887 2832 3114 2906 φρικτὸν
3149 2835 3452 2906 ἐπράττετο
3484 2835 3695 2908 θαῦμα,

2111 2927 2418 2998 μυστηρίου
2467 2925 2638 2980 τύπον
2669 2922 2730 2980 εὖ
2767 2926 2914 2997 μάλα
2963 2925 3224 2998 πληροῦν.
3266 2928 3532 2997 Ἀγγελος
3586 2930 3702 2998 γὰρ

427 3021 636 3075 tissime
667 3019 912 3091 gerebat.
953 3018 1196 3090 Angelus
1233 3018 1436 3088 quippe
1473 3018 1522 3072 is
1560 3027 1681 3072 erat
1724 3019 1819 3089 qui
1865 3017 2008 3088 ignis

2119 3015 2180 3092 ἦν
2203 3021 2282 3080 ὡς
2323 3022 2379 3072 ἐν
2423 3017 2552 3072 εῖδει
2589 3018 2762 3090 πυρὸς
2809 3018 2931 3072 ὅλον
2970 3018 3145 3072 διόλου
3197 3009 3696 3089 καταὸοσκόμενος,

425 3114 608 3185 specie
636 3120 810 3167 totum
845 3110 1089 3180 undique
1107 3109 1528 3180 depascebatur,
1557 3111 1664 3181 62
1683 3125 1861 3181 neque
1874 3111 1928 3165 in
1944 3125 2009 3167 ea

427 3211 611 3258 tamen
643 3203 814 3273 stirpe
838 3201 1127 3272 vestigium
1173 3200 1316 3272 ignis
1338 3201 1512 3256 ullum
1547 3202 2016 3273 imprimebatzac

425 3305 539 3344 non
566 3307 726 3346 secus
751 3306 914 3361 quam
946 3290 992 3346 si
1017 3291 1244 3346 minime
1267 3290 1316 3345 is
1347 3290 1586 3356 adesset,
1626 3307 1696 3347 ne
1730 3292 2014 3348 minimam

425 3379 645 3451 quidem
664 3381 862 3435 caloris
877 3389 1087 3451 partem
1111 3380 1182 3434 ab
1203 3380 1327 3451 igne
1341 3381 1507 3435 arbor
1526 3380 1619 3436 illa
1659 3381 2012 3452 suscipiebat.

497 3471 698 3526 PALL.
728 3471 874 3538 Quid
907 3471 1076 3542 igitur
1097 3470 1233 3525 illud
1262 3472 1419 3524 erat?

498 3563 656 3617 CYR.
712 3563 902 3617 lsraeli
953 3562 1232 3628 nimirum,
1268 3570 1525 3632 tanquam
1553 3561 1794 3618 silvestri
1831 3563 2014 3618 arbori

425 3669 492 3708 ac
517 3655 696 3709 dulcis
739 3655 964 3726 iustitia:
1004 3655 1216 3709 fructus
1255 3656 1438 3710 nullos
1480 3655 1727 3722 habenti,
1767 3656 1916 3726 quod
1953 3657 2011 3712 in

424 3747 805 3820 Egyptiorum
852 3741 1068 3820 legibus
1111 3748 1375 3814 aleretur,
1412 3750 1732 3820 angelorum
1775 3749 2014 3805 admini.

427 3841 692 3896 stratione
723 3840 901 3896 danda
929 3841 1017 3896 lex
1044 3849 1184 3905 erat,
1219 3856 1342 3910 qua:
1371 3840 1721 3896 illuminandi
1745 3841 1856 3896 vim
1887 3843 2014 3913 qui-

427 3934 554 3988 dem
579 3934 826 3999 haberet,
852 3933 898 3989 si
931 3933 1297 4004 spiritualitcr
1324 3933 1741 4004 intelligeretur,
1771 3941 1830 3988 et
1859 3949 2014 3988 men—

431 4028 504 4082 tis
555 4027 815 4082 tenebras
865 4025 1133 4097 repellere
1175 4032 1363 4096 posset
1415 4025 1605 4097 (habet
1665 4025 1815 4080 enim
1873 4024 2015 4096 ignis

428 4130 646 4184 natura,
687 4129 749 4175 ut
776 4119 977 4175 eiliciat
1014 4119 1069 4175 id
1092 4118 1338 4191 quoque)
1361 4160 1375 4185 ,
1399 4119 1499 4174 sed
1529 4135 1596 4176 ea
1637 4126 1820 4175 tamen
1866 4119 2014 4174 acci-

431 4212 718 4283 pientibus
757 4211 972 4266 inutilis
998 4211 1124 4278 fuit,
1177 4213 1329 4266 nulla
1362 4211 1538 4282 ipsius
1567 4212 1762 4282 culpa;
1797 4225 2011 4274 verum,

430 4304 580 4376 quod
614 4305 674 4370 ii,
709 4303 1042 4374 quibuscum
1077 4302 1361 4373 agebatur,
1398 4303 1624 4357 minime
1653 4303 1840 4356 lumen
1877 4300 2012 4356 illud

2115 3111 2370 3183 αἴσθησιν
2418 3111 2477 3164 δὲ
2532 3109 2611 3182 τῷ
2660 3109 2803 3182 ξύλῳ
2849 3109 3122 3181 μηδεμίαν
3170 3109 3401 3173 ἐντιθεὶς
3449 3111 3550 3181 τῆς
3599 3112 3699 3164 τοῦ

2116 3203 2290 3276 πυρὸς
2317 3203 2617 3274 ἐνεργείας,
2651 3205 2708 3256 ἐν
2743 3204 2844 3273 ῐσῳ
2870 3203 2929 3255 δὲ
2961 3201 3150 3274 ῶσπερ
3180 3205 3229 3256 εἰ
3256 3203 3350 3256 καὶ
3386 3204 3460 3275 μὴ
3490 3204 3698 3275 παρῆν,

2119 3293 2242 3366 μηδ’
2289 3295 2414 3348 ὅσον
2457 3295 2633 3348 είπεῖν
2679 3292 2981 3364 θερμασίας
3017 3309 3120 3346 που
3166 3293 3308 3364 τάχα
3356 3293 3457 3364 τῆς
3510 3295 3587 3360 ὡς
3628 3295 3697 3348 ἐκ

2115 3387 2289 3458 πυρὸς
2317 3385 2408 3440 τοῦ
2440 3385 2598 3453 ξύλου
2623 3385 3044 3456 μετεσχηκότες.

2189 3481 2398 3536 ΠΑΛΛ.
2441 3479 2507 3533 Τί
2535 3477 2631 3535 οὖν
2656 3479 2815 3534 τοῦτό
2845 3495 2943 3551 ys;

2187 3569 2352 3624 ΚΥΡ.
2379 3568 2535 3641 Ξύλῳ
2557 3569 2665 3642 γὰρ
2686 3571 2834 3625 ὥσπε
2843 3588 2874 3642 ρ
2894 3571 3072 3644 ἀγρίῳ
3091 3572 3337 3641 γεγονότι
3353 3571 3430 3644 τῷ
3459 3573 3701 3644 Ἰσραὴλ,

2117 3663 2212 3716 καὶ
2240 3661 2774 3734 καρποὺςὴμὲρους
2809 3662 3157 3734 δικαιοσύνης
3189 3664 3289 3717 ούκ
3323 3663 3501 3735 ἔχοντι
3521 3681 3534 3694 ·
3586 3669 3706 3729 τοῖς

2116 3750 2226 3823 γὰρ
2274 3750 2588 3820 Αἰγυπτίων
2635 3751 2927 3822 ἐτρέφοντο
2989 3752 3207 3823 νόμοις·
3259 3753 3288 3806 ό
3331 3753 3400 3806 δι’
3451 3753 3705 3822 ἀγγέλων

2115 3841 2312 3914 ἔμελλε
2351 3841 2672 3913 δοθήσεσθαι
2719 3843 2904 3914 νόμος,
2958 3843 3213 3913 φωτίζειν
3255 3845 3354 3915 μὲν
3397 3844 3603 3907 ἱκανὸς,
3651 3847 3707 3900 εί

2116 3933 2250 4004 γοῦν
2271 3937 2444 3989 νοοῖτο
2468 3934 2874 4005 πνευματικῶς,
2895 3935 2989 3989 καὶ
3011 3935 3106 3989 τὸν
3129 3938 3210 3999 εἰς
3229 3935 3356 3990 νοῦν
3375 3936 3711 4008 ἀποπέμψαι

2119 4025 2331 4092 σκότον,
2361 4025 2610 4105 ἐνέργεια
2638 4027 2744 4098 γὰρ
2791 4026 2884 4080 καὶ
2909 4026 3005 4097 ἥδε
3055 4028 3246 4094 πυρὸς,
3279 4028 3420 4100 πλὴν
3444 4030 3556 4091 τοῖς
3602 4028 3706 4082 λα-

2117 4119 2304 4175 ϐοῦσιν
2347 4119 2626 4191 ἀνόνητος,
2671 4120 2762 4174 καὶ
2816 4118 2934 4174 οὖτι
2984 4137 3088 4197 που
3116 4122 3335 4186 πάντως
3363 4122 3430 4175 δι’
3482 4123 3706 4189 ἑαυτὸν,

2117 4211 2233 4265 ἀλλ’
2266 4211 2390 4264 ἐπεί
2419 4229 2502 4265 τοι
2552 4212 2614 4265 τὸ
2635 4212 2753 4282 φῶς
2789 4214 2862 4284 μὴ
2899 4215 2980 4278 είς
3012 4214 3137 4268 νοῦν
3169 4214 3412 4286 ἐδέχοντο
3439 4217 3533 4270 καὶ
3562 4233 3708 4288 καρ-

2115 4303 2255 4368 δίαν,
2281 4305 2330 4357 οί
2348 4304 2498 4374 ,πρὸς
2521 4303 2614 4369 οὓς
2635 4307 2664 4358 ό
2691 4305 3096 4376 λόγοςῄξωθεν
3115 4307 3172 4360 δὲ
3193 4306 3384 4379 ὥσπερ
3410 4309 3711 4379 φωτισμοῦ

433 4399 490 4452 in
519 4397 762 4452 animum
786 4404 950 4465 atque
985 4394 1040 4448 in
1091 4411 1189 4449 cor
1217 4393 1572 4449 admitterent
1603 4410 1616 4446 :
1647 4408 1776 4447 nam
1798 4392 2010 4447 extrin-

2119 4396 2338 4468 δόκησιν
2369 4397 2430 4450 τὸ
2463 4396 2698 4468 γράμμα
2726 4396 3152 4468 πλουτήσαντες,
3177 4399 3314 4471 ὅπερ
3344 4398 3487 4470 ἔχειν
3517 4400 3716 4470 ἐνόμι-

431 4505 594 4546 secus
632 4503 758 4543 cum
808 4485 1007 4540 litterae
1062 4485 1262 4554 opibus
1316 4484 1489 4539 veluti
1536 4483 1722 4553 specie
1773 4482 2011 4553 quadam

433 4581 659 4637 luminis
673 4577 1038 4641 abundarent,
1057 4576 1204 4647 quod
1226 4575 1428 4631 habere
1445 4590 1504 4631 se
1514 4574 1802 4646 putabant,
1821 4591 2013 4630 revera

432 4673 660 4728 minime
691 4669 987 4724 habebant.
1020 4667 1176 4735 Quod
1222 4667 1389 4738 igitur
1419 4667 1564 4722 circa
1617 4666 1816 4721 rubum
1871 4667 2014 4738 ignis

433 4766 724 4820 videbatur
752 4761 996 4832 quidem,
1028 4775 1210 4829 neque
1249 4768 1429 4815 tamen
1469 4758 1651 4814 arbori
1688 4759 1766 4814 illi
1788 4775 2011 4816 sensum

433 4858 632 4913 caloris
690 4855 985 4919 inferebat,
1045 4853 1315 4923 ejusmodi
1365 4853 1652 4924 quidpiam
1701 4853 2011 4925 signiﬁcare

431 4948 672 5002 videtur.
697 4946 891 5001 Fuisse
932 4953 1118 5000 autem
1149 4945 1344 5004 inutile
1372 4943 1580 5000 Judaeis
1632 4944 1766 4999 illud
1793 4961 1861 5000 ex
1894 4946 2012 5016 lege

432 5039 642 5101 lumen,
674 5036 918 5091 declarat
967 5034 1053 5090 his
1079 5035 1272 5090 verbis
1295 5037 1413 5104 ipse
1459 5036 1708 5092 Salvator
1741 5053 1754 5090 :
1791 5058 1808 5090 ι
1844 5037 2013 5094 Scru-

431 5128 626 5184 tamini
659 5127 986 5196 Scripturas,
1024 5127 1155 5198 quia
1191 5143 1287 5182 vos
1313 5127 1517 5196 putatis
1579 5129 1635 5182 in
1675 5127 1808 5198 ipsis
1844 5130 2013 5186 vitam

431 5233 699 5278 aeternam
757 5220 1000 5287 habere;
1032 5229 1088 5275 et
1144 5220 1251 5274 illae
1285 5227 1413 5274 sunt
1468 5236 1590 5290 qua:
1633 5221 2013 5278 testimonium

435 5313 732 5384 perhibent
769 5313 836 5368 de
886 5329 972 5367 me
1007 5321 1110 5387 :_et
1131 5327 1239 5366 non
1264 5312 1429 5366 vultis
1474 5312 1661 5366 venire
1707 5314 1776 5367 ad
1810 5330 1919 5381 me,
1955 5326 2016 5371 ut

438 5408 603 5460 vitam
626 5415 884 5462 :eternam
920 5405 1168 5460 habeatis
1197 5403 1264 5456 ⁸⁷ῖ
1288 5425 1304 5455 ι
1338 5405 1405 5457 Et
1441 5413 1562 5472 post
1606 5420 1800 5474 pauca,
1824 5423 2016 5464 rursus

437 5495 746 5552 Iudaeorum
798 5497 1088 5568 magistros
1154 5494 1545 5566 perstringens,
1627 5512 1690 5551 ac
1747 5484 2010 5570 populum

515 5673 561 5707 “
587 5674 758 5730 Exod.
801 5676 974 5741 "1,2,
1014 5679 1063 5732 5.
1143 5680 1183 5710 ⁸τ
1223 5681 1378 5736 Joan.
1422 5702 1473 5750 v,
1506 5685 1594 5740 39.

2121 4490 2234 4554 ζον,
2257 4490 2359 4543 οὐκ
2414 4486 2561 4560 εἶχον
2605 4490 2842 4562 ἀληθῶς.
2880 4491 3169 4563 Τοιγάρτοι
3213 4492 3341 4562 περὶ
3394 4491 3486 4546 τὸν
3538 4491 3714 4561 βάτον

2128 4583 2228 4652 μὲν
2255 4581 2486 4652 ὁρᾶσθαι
2513 4582 2575 4634 τὺ
2602 4581 2733 4653 πῦρ,
2769 4582 2847 4654 μὴ
2878 4583 2983 4655 μὴν
3007 4583 3088 4636 ἔτι
3123 4585 3217 4638 καὶ
3263 4583 3570 4654 θερμασίας
3621 4585 3717 4636 αἴ-

2122 4672 2312 4743 σθησιν
2342 4672 2542 4726 ἐνιέναι
2575 4671 2654 4743 τῷ
2692 4671 2854 4744 ξύλῳ,
2887 4673 3189 4744 παραδηλοῖ
3236 4691 3289 4728 τι
3340 4674 3587 4730 τοιοῦτον
3629 4675 3719 4739 ὥς

2120 4764 2184 4833 γέ
2212 4781 2302 4834 μοι
2322 4763 2618 4818 δοκεῖ.’οτι
2644 4764 2700 4817 δὲ
2723 4764 2978 4834 ἀνόνητον
3029 4766 3300 4831 Ἰουδαίοις
3331 4766 3395 4820 τὸ
3419 4768 3483 4821 ὲκ
3503 4767 3600 4822 τοῦ
3621 4770 3722 4821 νό-

2124 4875 2226 4930 μου
2272 4858 2462 4931 γέγονε
2513 4856 2649 4926 φῶς,
2691 4859 2946 4930 σαφηνιεῖ
2987 4857 3160 4928 λέγων
3193 4860 3357 4924 αὐτὸς
3403 4862 3432 4914 ό
3475 4861 3717 4934 Σωτήρο

2118 4967 2137 5000 ι
2188 4949 2472 5019 Ἑρευνᾶτε
2505 4947 2602 5009 τὰς
2627 4947 2849 5018 Γραφὰς
2873 4948 2956 5002 ὅτι
2995 4949 3152 5019 ὑμεῖς
3179 4950 3384 5004 δοκεῖτε
3425 4952 3484 5003 ὲν
3510 4952 3720 5016 αὐταῖς

2113 5041 2260 5112 ζωὴν
2304 5041 2518 5095 αἰώνιον
2554 5043 2726 5112 ἔχειν’
2757 5044 2850 5098 καὶ
2890 5044 3096 5097 ἐκεῖναί
3128 5045 3266 5098 εἰσιν
3299 5045 3356 5098 αί
3391 5045 3720 5116 μαρτυροῦ-

2117 5149 2207 5185 σαι
2248 5133 2381 5204 περί⁹
2428 5133 2585 5204 ἐμοῦ.
2629 5135 2736 5188 Καὶ
2769 5136 2831 5188 ού
2866 5135 3050 5190 θέλετε
3095 5137 3270 5191 ἐλθεῖν
3317 5138 3454 5208 πρὸς
3492 5140 3586 5210 μὲ,
3622 5140 3721 5194 ἵνα

2115 5223 2262 5295 ζωὴν
2310 5224 2526 5278 αίώνιον
2555 5225 2736 5296 ἔχητε.
2787 5247 2804 5279 ι
2843 5228 2951 5281 Καὶ
2995 5229 3113 5299 μεθ’
3145 5231 3309 5302 ’ἐτερα
3348 5231 3530 5290 πάλιν,
3569 5232 3720 5303 πρὸς

2124 5317 2250 5379 τοὺς
2278 5316 2387 5368 τῶν
2426 5317 2692 5371 Ἰουδαίων
2739 5319 3078 5390 καθηγητὰς,
3124 5323 3215 5375 καὶ
3265 5322 3401 5394 πρὸς
3436 5323 3621 5378 πάντα
3653 5324 3720 5377 δὲ

2121 5405 2212 5458 τὸν
2261 5405 2417 5459 λαόν·
2467 5427 2485 5460 ι
2519 5409 2609 5479 Μὴ
2641 5409 2848 5464 δοκεῖτε
2877 5413 2959 5466 ὅτι
3006 5413 3118 5480 ἐγὼ
3157 5416 3524 5487 κατηγορήσω
3551 5417 3721 5486 ὑμῶν

2123 5499 2260 5571 πρὸς
2307 5499 2398 5553 τὸν
2445 5500 2695 5572 Πατέραο
2729 5502 2876 5559 ἔστιν
2921 5507 2950 5560 ὁ
3001 5490 3326 5579 κατηγορῶν
3366 5509 3522 5580 ὑμῶν
3577 5511 3725 5566 Μω-
