3954 6200
271 231 370 286 235

265 345 402 416 σῆς,
455 348 541 416 ἐφ’
596 349 654 403 ὃν
697 351 852 421 ὑμεῖς
903 355 1202 423 ἡλπίκατε’

260 440 455 511 Μωσῇ,
501 441 819 496 ἐπιστεύετε
861 445 928 501 ἂν
963 448 1104 517 ἐμοί’
1142 449 1268 520 περὶ
1296 450 1405 520 γὰρ
1451 449 1586 520 ἐμοῦ
1628 451 1831 512 ἐκεῖναί

259 532 518 600 ἔγραψεν.
552 534 614 586 Ei
643 534 702 587 δὲ
747 539 856 599 τοῖς
901 539 1108 593 ἐκείνου
1161 543 1396 613 ῥήμασιν
1427 542 1488 596 ού
1525 539 1830 604 πιστεύετε,

260 624 372 686 πῶς
418 627 532 688 τοῖς
561 626 714 695 ἐμοῖς
755 630 962 699 ῥήμασι
997 633 1353 701 πιστεύσετε-,ς
1406 652 1426 686 ι
1457 633 1521 688 Οἱ
1556 633 1664 706 γὰρ
1695 633 1832 697 ὅλως

256 720 351 787 τὴν
380 718 473 771 διὰ
506 719 674 787 νόμου
713 722 1047 792 στοιχείωσιν
1079 726 1431 795 ἀμαθέστατα
1458 724 1830 795 διωθούμενοι,
1860 791 1865 800 ’

259 809 370 872 πῶς
395 811 466 864 ἂν
487 809 812 873 εἰσ-δέξαιντο
848 813 933 867 διὰ
961 815 1218 886 Χριστοῦ,
1249 816 1341 869 τοῦ
1386 816 1602 880 τελείως
1623 814 1829 884 ἀγαθοῦ

254 902 347 970 τὴν
379 903 586 970 γνῶσιν
614 906 970 977 εἰσφέροντας
999 908 1302 980 Καιόμενον
1333 909 1432 979 μὲν
1462 907 1692 978 βλέπων,
1733 926 1832 962 κα-

255 993 656 1065 ταφλεγόμενον
677 996 733 1048 δὲ
763 997 882 1068 οὐχὶ
900 999 990 1051 τὸν
1012 997 1192 1069 βάτον,
1223 1000 1337 1054 ἀλλ’
1365 1001 1486 1054 οὐδὲ
1511 1000 1728 1054 εἴκοντα
1752 998 1831 1070 τῷ

258 1083 406 1152 πυρὶ,
436 1084 796 1157 κατετεθήπει
823 1086 1007 1140 λοιπὸν
1032 1088 1061 1140 6
1121 1089 1388 1158 μακάριος
1414 1090 1639 1158 Μωσῆς,
1670 1088 1721 1142 τί
1750 1089 1834 1142 ὅτι

255 1173 307 1224 οὐ
333 1175 697 1228 κατακαίεται
721 1178 750 1228 6
778 1175 958 1246 βάτος.
980 1179 1371 1249 Καταπλαγείη
1402 1178 1509 1250 γὰρ
1541 1179 1606 1252 ἄν
1630 1197 1713 1242 τις
1731 1180 1830 1250 τῆς

253 1266 484 1318 εἰσάπαν
516 1267 874 1338 ἀναισθησίας
901 1269 992 1322 τὸν
1036 1269 1273 1342 Ἰσραὴλ,
1305 1273 1355 1325 οἱ
1393 1271 1735 1342 συλλήπτορά
1768 1289 1828 1325 τε

254 1357 340 1408 καὶ
361 1357 588 1426 ἀρωγὸν
622 1359 713 1412 τὸν
739 1359 891 1431 παρά
927 1361 1063 1415 Θεοῦ
1095 1363 1379 1433 δεξάμενοι
1409 1363 1592 1434 νόμον,
1625 1363 1829 1418 καὶτὸν

255 1447 309 1500 δι’
355 1449 525 1502 αὐτοῦ
564 1452 842 1522 φωτισμὸν
895 1452 1318 1524 πλουτήσαντες,
1369 1449 1489 1509 εἶτα
1530 1455 1688 1524 λόγου
1724 1473 1828 1527 μη·

255 1540 392 1604 δενὸς
433 1542 716 1608 ἀξιοῦντες
762 1544 824 1598 τὸ
865 1546 1077 1617 χρῆμα,
1129 1548 1266 1618 μήτε
1309 1549 1416 1619 μὴν
1460 1549 1540 1612 εἰς
1573 1547 1829 1603 νοῦν“καὶ

261 1631 475 1701 καρδίαν
514 1635 944 1707 εἰσοικισάμενοι
977 1638 1038 1691 τὸ
1073 1637 1247 1704 δοθὲν,
1286 1638 1616 1716 άνωφέλητοι
1653 1657 1828 1710 μεμε-

266 1726 478 1793 νήκεισαν
526 1727 718 1798 νεκρὸς
776 1728 886 1800 γὰρ
935 1729 1122 1801 ὥσπερ
1182 1731 1366 1794 αὐτοῖς
1432 1731 1656 1795 εἰκότως
1716 1731 1810 1785 καὶ

1003 241 1090 296 DE
1128 239 1569 298 ADORATIONE
1611 238 1676 296 IN
1718 237 1987 296 SPIRITU
2023 239 2112 296 ET
2151 241 2533 298 VERITATE.
2576 242 2706 299 LIB.
2750 244 2815 300 II.

3412 247 3520 303 23-5

1255 358 1302 410 εἰ
1358 358 1466 429 γὰρ
1510 356 1818 410 ἐπιστεύετε

1934 359 2260 414 universum
2294 379 2305 414 :
2342 381 2358 412 ι
2394 361 2575 418 Nolite
2596 371 2810 432 putare,
2843 363 3044 434 inquit,
3072 363 3201 434 quia
3221 379 3321 435 ego
3352 379 3517 419 accn-

1935 460 2151 504 saturus
2167 465 2284 505 sum
2297 466 2394 506 vos
2409 452 2552 522 apud
2564 453 2778 508 Patrem
2796 472 2808 507 :
2824 462 2908 508 est
2919 454 3012 524 qui
3035 461 3254 510 accusat
3266 469 3362 511 vos
3372 454 3516 526 Moy—

1933 557 2042 605 ses,
2063 542 2116 597 in
2129 558 2240 613 quo
2251 545 2512 614 sperastis
2529 563 2544 612 ;
2565 547 2611 600 si
2642 546 2789 602 enim
2807 546 3107 603 crederetis
3116 547 3306 620 Moysi,
3325 549 3516 604 crede-

1934 632 2066 687 retis
2081 633 2305 690 forsitan
2329 645 2384 690 et
2403 636 2536 690 mihi
2553 653 2567 702 ;
2586 637 2654 692 de
2676 652 2762 692 me
2786 638 2933 692 enim
2955 637 3046 692 ille
3069 637 3309 708 scripsit.
3335 637 3390 694 Si
3417 647 3514 693 au-

1932 733 2043 782 tem
2079 725 2444 781 illiuslitteris
2472 744 2582 782 non
2607 728 2853 794 creditis,
2875 728 3151 799 quomodo
3171 729 3356 784 verbis
3372 731 3509 784 meis

1915 817 2168 873 credetis
2193 816 2327 869 8°?»
2387 817 2492 884 Qui
2536 819 2686 874 enim
2737 819 2958 889 penitus
3013 818 3150 890 legis
3199 819 3509 876 rudimenta

1919 909 2254 965 stultissime
2274 910 2604 981 reiecerant,
2638 911 2675 965 ii
2707 927 2942 981 quanam
3003 911 3216 966 ratione
3249 911 3509 981 perfectae

1932 1000 2151 1055 virtutis
2185 1002 2599 1073 cognitionem,
2656 1002 2879 1058 Christo
2931 1002 3200 1068 tradente,
3257 1003 3508 1074 percipe-

1931 1089 2248 1146 rent?Cum
2287 1091 2452 1162 igitur
2502 1092 2695 1147 ardere
2741 1092 2965 1162 quidem
3024 1093 3220 1146 rubum
3270 1093 3504 1158 videret,

1930 1182 2157 1237 minime
2221 1190 2404 1238 tamen
2455 1183 2725 1243 comburi,
2783 1191 2947 1253 atque
3007 1182 3144 1238 adeo
3197 1198 3266 1238 ne
3311 1183 3507 1238 cedere.

1930 1272 2154 1342 quidem
2192 1272 2446 1339 ﬂammis,
2510 1273 2796 1345 obstupuit
2847 1275 3043 1330 beatus
3088 1273 3317 1344 Moyses,
3349 1273 3505 1343 quid‘

1929 1380 2056 1421 nam
2093 1374 2260 1432 esset,
2299 1366 2447 1436 quod
2494 1383 2606 1421 non
2666 1366 3086 1421 combureretur
3128 1365 3319 1420 rubus.
3368 1364 3504 1418 Nam

1927 1471 2204 1511 summum
2258 1458 2476 1514 Israelis
2538 1467 2816 1528 stuporem
2871 1457 3132 1513 admirari
3187 1457 3337 1522 licet,
3383 1456 3500 1525 qui,

1927 1562 2054 1603 cum
2085 1547 2373 1602 fautricem
2426 1547 2857 1618 adjutricemque
2898 1562 2928 1602 a
2987 1547 3100 1601 Deo
3134 1547 3309 1617 legem
3339 1560 3501 1600 accc-

1929 1639 2162 1709 pissent,
2205 1641 2431 1710 ejusque
2475 1639 2611 1709 legis
2660 1638 3024 1694 illustratione
3071 1638 3230 1692 ditati
3287 1645 3498 1700 essent,

1917 1745 2034 1786 rem
2067 1737 2273 1786 tantam
2319 1730 2470 1786 nullo
2512 1730 2634 1785 loco
2673 1729 3008 1794 habuerunt,
3075 1744 3259 1800 neque
3294 1728 3499 1783 donum

272 1817 630 1889 ἀπεψυγμένος
668 1824 698 1876 6
726 1823 850 1888 νοῦς
870 1840 884 1854 °
927 1825 1069 1879 εἴποι
1109 1826 1154 1880 δ’
1189 1826 1256 1881 ἀν
1288 1844 1374 1891 τις
1400 1827 1496 1881 καὶ
1526 1827 1613 1880 ἐπ’
1636 1827 1818 1890 αὐτοῖς

1926 1821 2031 1878 hoc
2063 1821 2120 1877 in
2174 1822 2374 1878 mentis
2401 1822 2695 1892 cordisque
2745 1821 3023 1876 domicilio
3054 1814 3496 1883 collocaverunt;

271 1909 475 1972 εἰκότως
497 1927 511 1939 ·
543 1913 606 1964 Τί
653 1915 734 1968 ὃτι
773 1915 834 1968 οὐ
874 1917 1231 1971 κατακαίεται
1261 1919 1288 1970 ὁ
1321 1917 1515 1988 βάτος;
1545 1913 1580 1990 ἦ
1619 1917 1727 1988 γὰρ
1751 1916 1818 1972 ἂν

262 1999 490 2065 ἐγένοντο
518 2001 637 2070 μεθ’
661 2003 817 2073 ἡμῶν
844 2004 922 2075 τῷ
951 2005 1221 2076 πνεύματι
1257 2004 1489 2070 ζέοντες.

1927 1915 2110 1985 itaque
2146 1915 2353 1970 nullam
2387 1914 2680 1970 utilitatem
2711 1929 2781 1970 ex
2813 1929 2875 1969 ea
2898 1918 3267 1983 perceperunt
3293 1929 3306 1964 :
3347 1924 3496 1964 mor-

1929 2015 2057 2062 tuus
2083 2008 2231 2062 enim
2261 2015 2345 2063 est
2371 2007 2514 2078 apud
2541 2007 2682 2072 illos,
2715 2005 2996 2070 nimirum,
3038 2013 3202 2076 atque
3229 2000 3500 2059 exanimis

257 2085 534 2158 Scriptura:
591 2105 782 2146 sensus
820 2111 833 2146 :
897 2107 1075 2164 neque
1139 2093 1374 2150 absurde
1435 2094 1504 2150 de
1557 2094 1663 2149 illis
1706 2094 1814 2148 diei
1855 2104 2052 2164 potest,
2097 2097 2243 2165 quod
2263 2097 2487 2151 minimc
2519 2096 2875 2152 comburatur
2926 2095 3130 2160 rubus;
3161 2094 3268 2166 63
3291 2090 3497 2162 alioqui

252 2183 528 2240 nobiscum
563 2196 746 2242 essent
769 2188 967 2259 spiritu
991 2189 1286 2246 ferventes.

310 2279 520 2331 HAAA.
554 2274 630 2334 Εὖ
662 2280 817 2352 ἔφης.

303 2368 471 2424 ΚΥΡ.
527 2371 711 2425 Ἐοικε
757 2373 816 2426 δὲ
867 2375 959 2428 καὶ
1013 2375 1216 2448 ἑτέρων
1271 2379 1404 2448 ἡμῖν
1458 2375 1672 2431 ἐννοιῶν
1720 2379 1821 2432 οὐκ

243 2460 421 2532 ἀμαθῆ
467 2461 700 2534 θεωρίαν
731 2465 1050 2534 ὑποφαίνειν
1079 2467 1140 2521 τὸ
1171 2469 1381 2540 χρῆμα.
1412 2468 1679 2524 Μέλλουσι
1712 2468 1822 2540 γὰρ

242 2547 331 2618 ἤδη
379 2552 496 2612 τοῖς
524 2551 585 2611 ἐξ
643 2553 860 2625 Ἰσραὴλ
906 2557 1009 2626 γῆς
1051 2557 1150 2627 τῆς
1193 2557 1506 2626 Αἰγυπτίων
1539 2556 1818 2629 ἀπαίρειν,

239 2639 326 2691 καὶ
360 2637 475 2692 οἷον
520 2640 732 2696 οὐδέπω
776 2644 868 2698 τὸν
903 2645 1002 2716 τῆς
1048 2647 1369 2720 ἀνεθελήτου
1420 2648 1640 2721 θητείας
1679 2651 1816 2705 ἀπο-

1989 2283 2184 2339 PALL.
2212 2282 2428 2353 Optime
2463 2282 2695 2338 dictum.

1987 2375 2144 2432 CYR.
2185 2374 2414 2431 Videtur
2469 2383 2652 2430 autem
2700 2374 2931 2428 aliorum
2955 2387 3172 2442 quoque
3207 2387 3490 2436 sensuum,

1917 2484 2027 2526 non
2079 2470 2317 2539 ineptam
2375 2467 2804 2537 intelligentiam
2845 2465 2950 2520 hoc
2995 2464 3200 2519 factum
3260 2455 3517 2520 latenter.

1917 2559 2206 2616 ostendere
2245 2576 2256 2612 ι
2295 2557 2556 2613 lsraelitis
2584 2556 2752 2619 enim,
2793 2570 2916 2610 cum
2958 2555 3070 2625 jam
3103 2568 3171 2608 ex
3207 2551 3490 2624 Egyptio-

1921 2667 2044 2707 rum
2067 2658 2210 2706 terra
2234 2646 2530 2720 profecturi
2558 2652 2762 2711 essent,
2803 2659 2867 2700 ac
2891 2645 3054 2715 paulo
3075 2650 3198 2714 post
3223 2643 3490 2715 abjecturi

239 2730 477 2783 σείεσθαι
504 2732 690 2800 ζυγὸν,
717 2734 889 2789 διάτοι
916 2737 1072 2792 τοῦτο
1107 2742 1224 2805 ταῖς
1251 2741 1344 2794 τοῦ
1372 2743 1696 2814 κρατοῦντος
1735 2743 1814 2799 ἔτι

1925 2750 2122 2799 coactae
2165 2740 2448 2796 servitutis
2487 2739 2702 2809 iugum,
2747 2751 2983 2806 cumque
3019 2735 3091 2789 ob
3114 2749 3236 2789 eam
3272 2749 3490 2789 causam

235 2822 602 2892 προσκρούειν
652 2825 844 2896 ὀργαῖς
897 2831 1118 2900 σημεῖον
1150 2831 1319 2886 ὲδὲδου
1349 2834 1482 2900 Θεὸς
1509 2836 1572 2888 τὸ
1601 2837 1694 2892 ἐπὶ
1720 2835 1812 2890 τοῦ

1925 2831 2163 2886 futurum
2199 2837 2345 2886 esset
2383 2836 2445 2884 ut
2489 2827 2598 2883 iras
2635 2825 2905 2898 principis
2940 2830 3384 2886 commoverent,
3434 2823 3490 2876 in

236 2911 397 2981 βάτου
421 2914 704 2986 δρώμενον
723 2934 737 2946 ·
765 2918 846 2972 ὅτι
872 2919 963 2972 καὶ
992 2922 1158 2976 αὑτοῦ
1183 2925 1354 2996 πυρὸς
1382 2926 1637 2997 ἀμείνους
1667 2927 1814 2981 ἔσοντ-

1925 2923 2076 2993 cujus
2108 2919 2290 2975 adhuc
2341 2918 2550 2974 ditione
2597 2925 2775 2980 erant,
2809 2913 3044 2986 prodigii
3072 2914 3195 2968 loco
3247 2910 3492 2968 ostendit

232 3019 310 3056 ται
348 3005 513 3068 πολὺ,
549 3007 645 3060 καὶ
679 3009 793 3071 τοῖς
820 3009 1024 3064 ἀδικεῖν
1080 3013 1350 3083 ἰσχύουσιν
1386 3016 1486 3088 οὐχ
1525 3017 1814 3088 άλώσιμοι,

1925 3014 2064 3069 Deus
2097 3011 2254 3077 illud,
2295 3010 2442 3082 quod
2468 3010 2732 3081 agebatur
2755 3009 2812 3063 in
2843 3006 3006 3072 rubo,
3053 3021 3164 3076 quo
3192 3003 3489 3074 portende-

231 3094 381 3149 κατά
397 3113 459 3162 γε
481 3095 564 3158 τὸ,
584 3093 756 3167 οἶμαι,
781 3097 1096 3170 θεοπρεπῶς
1115 3104 1400 3174 εἰρημένον
1419 3121 1433 3137 ο
1458 3124 1477 3157 ι
1505 3107 1596 3179 Μὴ
1622 3107 1812 3176 φοϐοῦ,

1925 3115 2072 3160 retur
2104 3104 2228 3158 illos
2250 3103 2337 3157 vel
2367 3102 2490 3174 igne
2520 3101 2640 3172 ipso
2668 3101 2827 3171 longe
2888 3098 3199 3170 superiores
3246 3096 3486 3160 futuros,

228 3185 306 3240 ὅτι
345 3187 492 3258 μετά
533 3187 629 3241 σοῦ
655 3191 790 3258 εἰμι.
819 3189 952 3258 Φλὸξ
989 3193 1048 3246 οὐ
1083 3193 1418 3250 κατακαύσει
1462 3214 1544 3264 σε,
1579 3199 1814 3268 ποταμοὶ

1925 3209 2092 3263 neque
2115 3192 2184 3248 ab
2218 3192 2286 3246 iis
2328 3190 2734 3262 expugnandos,
2761 3189 2854 3259 qui
2896 3188 3098 3245 inferre
3133 3195 3357 3257 possent
3400 3185 3488 3240 in-

229 3280 286 3332 ού
320 3280 713 3335 συγκλείσουσί
744 3301 826 3338 σε.
867 3303 888 3338 ι

1925 3285 2132 3352 iuriam,
2163 3285 2318 3354 juxta
2338 3282 2496 3345 illud,
2529 3282 2746 3352 opinor,
2782 3280 2929 3350 quod
2975 3278 3240 3335 divinitus
3278 3277 3487 3332 dictum

1911 3385 1998 3432 est
2032 3394 2046 3430 :
2078 3395 2095 3428 ι
2150 3376 2228 3430 Ne
2257 3375 2471 3439 timeas,
2515 3373 2776 3444 quoniam
2835 3381 3017 3425 tecum
3055 3386 3179 3424 sum
3219 3387 3232 3422 :
3269 3368 3483 3423 flamma

1899 3481 2024 3520 non
2044 3474 2238 3520 exuret
2263 3471 2336 3529 te,
2365 3463 2594 3518 ﬂumina
2617 3477 2727 3516 non
2759 3458 3081 3530 cooperient
3101 3465 3154 3512 te
3178 3457 3244 3510 ".
3283 3477 3300 3507 ι

298 3554 516 3608 ΠΑΛΛ.
551 3555 773 3628 Εύφυὴς
803 3560 830 3612 ὁ
860 3558 1034 3628 λόγος.

297 3645 466 3698 ΚΥΡ.
503 3647 713 3701 οὐκοῦν
743 3649 998 3720 ὲτεθήπει
1033 3651 1131 3721 μὲν
1155 3645 1259 3705 ὦδε
1284 3651 1344 3705 τὸ
1373 3653 1553 3721 ὅραμα
1575 3652 1805 3720 Μωσῆς’

231 3736 318 3788 καὶ
354 3735 420 3806 δὴ
451 3737 548 3789 καὶ
576 3738 830 3808 προσέθει
861 3740 922 3793 τὸ
943 3739 1114 3810 ἀγχοῦ
1155 3741 1406 3810 γενέσθαι
1430 3740 1628 3797 ποθῶν.
1661 3762 1678 3791 ι
1724 3741 1808 3804 Ὠς

228 3824 283 3878 δὲ
326 3820 460 3890 εἶδε,
500 3829 655 3897 φησὶ,
692 3829 894 3901 Κύριος
925 3833 1008 3886 ὅτι
1054 3833 1320 3906 προσάγει
1366 3833 1521 3896 ἰδεῖν,
1555 3831 1810 3884 ἐκάλεσεν

228 3917 392 3969 αύτὸν
433 3920 501 3970 ὲκ
545 3919 641 3973 τοῦ
689 3920 873 3990 βάτου,
901 3923 1108 3993 λέγων·
1143 3923 1352 3994 Μωσῆ,
1401 3923 1595 3991 Μωσῆ.
1651 3924 1711 3973 ’0
1750 3921 1809 3974 δὲ

230 4001 347 4058 εἴτε
367 4021 381 4032 ⁶
412 4008 480 4060 Τί
513 4011 658 4076 ὲστις
683 4011 776 4082 Μὴ
807 4013 1031 4086 ὲγγίσῃς
1057 4008 1180 4079 ὦδε,
1201 4013 1361 4067 λύσαι
1383 4013 1444 4066 τὸ
1471 4013 1721 4083 ὑπόδημα
1745 4013 1809 4064 ἐκ

230 4095 335 4148 τῶν
376 4097 562 4151 ποδῶν
597 4117 711 4164 σου,
742 4104 770 4154 ὁ
804 4105 911 4174 γὰρ
936 4105 1119 4170 τόπος,
1154 4106 1211 4159 ἐν
1251 4099 1295 4174 ᾦ
1335 4106 1400 4159 σὺ
1430 4105 1687 4174 ἕστηκας,
1739 4104 1807 4175 γῆ

227 4187 358 4253 ἀγία
387 4189 529 4242 ἐστί.
572 4209 592 4242 ›
625 4192 808 4262 Νόμου
841 4195 896 4247 δὲ
932 4195 1100 4260 τύπος
1136 4199 1268 4268 ἡμῖν
1294 4198 1322 4249 6
1355 4197 1622 4267 μακάριος
1657 4196 1808 4248 ἔσται

229 4278 460 4349 Μωσῆς·
495 4300 514 4332 ι
544 4284 749 4338 Μωσὲα
771 4286 879 4358 γὰρ
902 4287 1083 4357 ἔχουσι
1109 4289 1200 4341 καὶ
1223 4289 1350 4351 τοὺς
1373 4288 1676 4360 προφήτας,
1707 4306 1724 4340 ι
1750 4289 1808 4340 ὲν

229 4370 608 4441 εὐαγγελικοίς
639 4373 970 4447 θεσπίσμασί
995 4395 1158 4448 φησιν
1190 4380 1218 4432 6
1240 4379 1506 4450 μακάριος
1533 4380 1802 4451 Ἀδραάιι.

230 4461 319 4532 Μή
347 4482 461 4528 πως
487 4465 752 4518 ἀπίθανόν
778 4483 857 4520 σοι
887 4468 947 4519 τὸ
974 4467 1125 4538 ῥῆμα
1147 4467 1326 4533 δοκεῖς

305 4638 512 4694 ΠΑΛΔ.
551 4643 626 4696 Οὐ
662 4645 759 4714 μὲν
793 4642 917 4699 οὖν’
950 4647 1114 4717 νόμου
1148 4648 1251 4717 γὰρ
1294 4648 1580 4717 πρόσωπον
1613 4652 1641 4702 6
1681 4649 1810 4703 Μω-

233 4743 357 4797 σης.

305 4821 471 4876 ΚΥΡ.
509 4824 788 4896 Κέκληται
815 4828 995 4882 τοίνυν
1023 4831 1051 4882 ὁ
1097 4830 1332 4902 Ἰσραὴλ,
1363 4830 1456 4886 καὶ
1492 4831 1525 4903 ὴ
1550 4829 1692 4884 κατά
1723 4830 1811 4882 νό-

234 4929 338 4980 μον
376 4915 469 4967 καὶ
507 4917 611 4971 ὑπὸ
651 4920 816 4990 νόμον
857 4920 1045 4993 ἀγέλη.
1088 4940 1106 4974 ι
1145 4922 1349 4994 Κύριος
1384 4923 1514 4994 γὰρ,
1560 4940 1578 4973 ι
1627 4921 1812 4990 φησὶν.

236 5018 256 5048 ί
305 5003 335 5054 6
374 5001 504 5068 Θεὸς
543 5007 652 5060 τῶν
695 5009 961 5081 Ἐϐραίων
1006 5011 1372 5083 προκέκληται
1404 5011 1570 5081 ἡμᾶς.
1629 5027 1648 5061 ι
1697 5009 1808 5061 Καὶ

235 5086 510 5159 ὑπήκουσε
541 5097 640 5166 μὲν
673 5098 753 5168 τῷ
781 5100 1032 5154 καλοῦντι
1059 5101 1196 5172 Θεῷ.
1235 5100 1378 5155 καθά
1404 5103 1497 5154 καὶ
1521 5101 1550 5152 ὁ
1577 5098 1802 5169 Μωσῆς

242 5196 262 5228 ι
300 5181 478 5238 Πάντα
501 5187 608 5258 γάρ
632 5189 734 5243 ὅσα
762 5186 882 5244 εἷπε
912 5193 1114 5264 Κύριος
1136 5195 1164 5247 6
1193 5193 1344 5258 Θεὸς,
1368 5193 1685 5262 ποιήσομεν,
1714 5188 1808 5241 καὶ

237 5267 597 5344 ἀκουσόμεθα.
629 5298 650 5332 ι
688 5281 905 5352 Ἐπειδὴ
933 5282 990 5336 δὲ
1015 5284 1108 5337 καὶ
1127 5284 1223 5352 τῆς
1256 5281 1396 5337 κατά
1414 5284 1576 5352 νόμον
1602 5281 1803 5333 ὑποτα-

235 5360 353 5430 γῆς
381 5365 642 5441 ἡδύναμις
671 5373 770 5444 οὐχ
795 5374 951 5446 ἱκανὴ
975 5375 1109 5447 πρὸς
1144 5375 1405 5444 κάθαρσιν
1424 5415 1439 5440 ,
1467 5393 1484 5426 ι
1524 5371 1806 5427 ’Λδύνατον

233 5458 360 5527 γὰρ
384 5455 511 5531 αἷμα
547 5469 764 5541 ταύρων
795 5473 889 5525 καὶ
927 5473 1142 5543 τράγων
1172 5472 1419 5542 ὑφαιρεῖν
1447 5468 1734 5540 ἁμαρτίας·
1781 5483 1800 5514 ι

422 5575 461 5648 ξ’
485 5582 636 5640 Joan.
673 5603 725 5648 v,
753 5589 839 5641 ιδ.

234 5657 373 5695 ικιν
420 5657 468 5698 ἶ).

563 5743 828 5800 PATROL.
873 5741 986 5798 Gn.
1035 5740 1288 5798 LXVIII.

914 5589 956 5618 ⁸⁸
982 5588 1086 5642 Isa.
1119 5604 1266 5650 xuii,
1301 5588 1356 5640 5.
1431 5588 1476 5618 ’°
1507 5583 1676 5639 Exod.
1713 5599 1768 5637 ιιι
1822 5581 1853 5634 4
1884 5593 2034 5646 seqq-

1983 3552 2178 3608 PALL.
2217 3552 2500 3622 Ingeniosa
2527 3550 2820 3622 expositio.

1980 3641 2136 3696 CYR.
2163 3642 2348 3712 Itaque
2370 3640 2602 3712 Moyses,
2624 3641 2728 3695 hoc
2748 3637 3059 3710 spectaculo
3093 3635 3377 3699 attonitus,
3401 3635 3487 3691 vi-

1911 3733 2076 3789 dendi
2122 3734 2305 3788 studio
2339 3733 2566 3804 propius
2603 3731 2843 3788 accurrit
2881 3748 2894 3783 :
2941 3749 2958 3781 ι
3003 3728 3077 3784 Ut
3106 3736 3290 3784 autem
3347 3727 3489 3783 vidit

1911 3827 2192 3890 Dominus,
2231 3827 2426 3896 inquit,
2453 3825 2597 3896 quod
2635 3823 3028 3894 propinquaret
3073 3819 3140 3874 ad
3156 3820 3483 3885 videndum,

1910 3917 2124 3971 vocavit
2166 3933 2292 3971 eum
2340 3917 2408 3972 de
2437 3916 2576 3970 rubo
2611 3915 2800 3970 dicens
2835 3931 2848 3967 :
2879 3913 3108 3983 Moyses,
3134 3911 3362 3981 Moyses.
3390 3911 3487 3966 Ille

1911 4015 2093 4061 autem
2122 4005 2405 4076 respondit
2437 4023 2450 4058 ι
2475 4005 2617 4071 Quid
2649 4004 2770 4059 est?
2788 4003 2856 4058 At
2876 4001 2966 4055 ille
2989 3997 3159 4053 dixit:
3185 3998 3262 4052 Ne
3285 4012 3484 4068 appro--

1910 4097 2029 4168 pies
2061 4097 2169 4151 huc
2206 4115 2218 4148 :
2248 4098 2397 4152 solve
2453 4096 2886 4150 calceamentum
2947 4091 3015 4147 de
3052 4089 3289 4160 pedibus
3337 4089 3481 4156 tuis;

1910 4189 2062 4243 locus
2116 4187 2284 4251 enim,
2330 4187 2387 4241 in
2433 4201 2542 4255 quo
2577 4193 2633 4239 tu
2661 4194 2806 4258 stas,
2842 4194 2988 4241 terra
3015 4193 3200 4242 sancta
3223 4193 3307 4240 est
3336 4184 3405 4238 ’°.
3458 4203 3475 4234 ι

1910 4269 2070 4350 Legis
2123 4293 2286 4348 porro
2336 4276 2561 4348 ﬁguram
2642 4276 2839 4330 beatus
2889 4276 3103 4348 Moyses
3166 4276 3387 4332 tenebat
3455 4287 3473 4328 :

1839 4342 1883 4396 θ
1919 4389 1937 4420 ‹
1976 4342 2195 4440 Moysen
2242 4342 2444 4438 quippe
2480 4366 2684 4421 habent
2747 4383 2811 4422 ac
2839 4342 3129 4438 prephetas
3179 4370 3244 4431 ",
3267 4387 3284 4418 ι
3325 4367 3401 4421 ait
3425 4367 3482 4420 in

1910 4459 2240 4530 evangelicis
2285 4458 2523 4514 oraculis
2571 4457 2662 4514 ille
2710 4458 2905 4513 beatus
2948 4459 3239 4512 Abraham.
3272 4457 3354 4512 An
3381 4456 3479 4511 tibi

1913 4551 2017 4607 hoc
2055 4551 2259 4605 dictum
2306 4548 2664 4620 improbabile
2706 4548 2960 4604 videtur?

1979 4640 2175 4695 PALL.
2198 4639 2419 4695 Minime
2445 4656 2575 4695 vero
2611 4659 2623 4693 :
2651 4641 2786 4712 legis
2814 4641 2960 4697 enim
2984 4656 3274 4714 personam
3306 4647 3476 4701 susti-

1910 4742 2006 4789 net
2036 4733 2265 4804 Moyses.

1980 4822 2137 4878 CYR.
2169 4824 2406 4879 Vocatus
2442 4832 2526 4879 est
2566 4823 2733 4902 igitur
2765 4823 2950 4887 Israel,
2985 4833 3041 4878 et
3075 4825 3164 4882 ille
3217 4843 3345 4898 grex
3383 4832 3476 4900 qui

1911 4914 2211 4970 secundum
2248 4916 2421 4987 legem
2464 4916 2706 4979 vivebat,
2742 4925 2798 4970 et
2835 4915 2938 4971 sub
2975 4917 3093 4988 lege
3131 4928 3267 4974 erat.
3309 4939 3327 4970 ι
3369 4923 3476 4978 Do-

1909 5005 2092 5060 minus
2125 5006 2294 5067 enim,
2340 5024 2358 5056 ι
2391 5005 2588 5075 inquit,
2628 5025 2646 5056 ι
2680 5006 2825 5061 Deus
2864 5005 3215 5062 Hebraeorum
3262 5011 3479 5066 vocavit

1909 5112 2010 5152 nos
2024 5097 2088 5148 θ’.
2114 5115 2131 5146 ι
2149 5095 2328 5166 Atque
2339 5095 2558 5150 vocanti
2576 5095 2689 5150 Deo
2708 5095 2938 5152 audiens
2954 5095 3060 5152 fuit
3076 5099 3319 5168 quidem,
3338 5101 3480 5157 sicut

1909 5194 1965 5241 et
2001 5185 2210 5256 Moyses
2249 5203 2262 5238 :
2307 5205 2326 5238 ι
2376 5185 2568 5242 Omnia
2609 5187 2780 5253 enim,
2823 5187 3098 5258 inquiunt,
3139 5205 3476 5261 quaecunque

1911 5277 2110 5332 dixerit
2127 5278 2290 5341 Deus,
2316 5277 2599 5343 faciemus,
2625 5285 2682 5334 et
2708 5279 2993 5335 audiemus
3019 5280 3086 5334 ”.
3134 5299 3152 5332 ι
3199 5280 3326 5344 Sed,
3349 5281 3479 5350 quia

1911 5367 2100 5438 legalis
2114 5365 2438 5422 obedientiaa
2463 5383 2574 5424 non
2588 5384 2652 5425 ea
2676 5368 2761 5425 vis
2773 5378 2914 5434 erat,
2954 5378 3015 5424 ut
3042 5369 3110 5425 ad
3133 5369 3474 5441 purgandum

1913 5459 2048 5514 satis
2065 5465 2214 5522 esset
2249 5475 2260 5510 :
2305 5476 2324 5509 ι
2365 5458 2708 5530 Impossibile
2741 5468 2827 5516 est
2863 5460 3010 5516 enim
3043 5459 3306 5529 sanguine
3347 5466 3471 5515 tau-

2127 5570 2167 5600 "
2192 5573 2320 5626 Luc.
2349 5589 2458 5632 xvi,
2514 5573 2602 5628 29.
2680 5575 2724 5605 "
2753 5573 2922 5628 Exod.
2954 5570 3150 5637 "1,18.
3240 5572 3286 5604 ’⁸
3331 5571 3470 5630 Ibid.
