3954 6200
441 238 557 294 ’255

1457 229 1532 285 "S.
1574 229 1848 285 CYBILLI
1883 227 2360 284 ALEXANDRINI
2402 229 2721 285 ARCHIEP.

3597 223 3703 278 256

456 365 643 409 rornm
670 361 728 408 et
750 351 1046 406 ‘hircorum
1073 346 1278 403 auferri
1320 353 1544 416 peccata
1565 345 1643 400 ’δε
1673 366 1690 398 ι
1715 345 1840 402 ideo
1874 347 2029 403 cohi-

2136 347 2379 419 εἴργεται
2409 347 2614 417 Μωσῆς
2643 345 2964 417 πλησιάζειν
2997 343 3151 415 Θεῷ’
3185 362 3202 394 ι
3236 342 3328 414 Μὴ
3353 340 3579 409 ὲγγίσῃς
3602 338 3708 411 γὰρ

455 442 616 498 betur
649 439 859 513 Moyses
886 454 954 494 ne
982 437 1204 492 accedat
1240 434 1309 489 ad
1332 435 1504 489 Deum
1528 453 1540 488 :
1565 454 1583 486 ι
1605 435 1684 490 Ne
1715 435 2024 506 appropies,

455 535 654 606 inquit,
689 533 796 588 huc
828 533 895 584 ’⁵.
928 549 944 580 ι
991 528 1150 599 Legis
1176 528 1324 582 enim
1369 526 1582 582 viribus
1612 527 1827 598 egregia
1853 527 2028 582 virtus

455 625 594 681 adiri
616 639 727 678 non
753 627 935 693 potest
964 637 977 674 :
1002 634 1181 690 neque
1218 619 1309 674 illa
1331 635 1399 675 ex
1436 618 1604 690 Moysi
1645 618 1762 689 lege
1805 609 2028 672 vivendi

456 716 593 771 ratio
621 727 742 768 eam
785 711 1102 767 facultatem
1132 709 1370 764 habebat
1399 712 1532 780 'quae
1572 709 1706 764 satis
1733 708 2028 763 admodum

455 809 620 866 esset,
642 808 702 855 ut
731 799 982 854 homines
1009 799 1076 854 ad
1099 800 1270 855 Deum
1297 799 1601 870 perducere
1629 806 1835 870 posset.
1870 798 2030 855 Chri-

455 900 575 947 stus
611 890 759 947 enim
806 905 908 944 nos
949 889 1026 944 illi
1061 889 1288 944 exhibet
1339 903 1437 959 per
1479 888 1964 944 sanctiﬁcationem
2013 906 2026 942 :

455 991 674 1040 sanctos
705 982 908 1054 quippe
929 996 1049 1038 esse
1098 981 1258 1036 decet
1285 996 1399 1044 eos,
1423 980 1518 1051 qui
1543 981 1657 1036 Deo
1686 987 1877 1035 sancto
1899 980 2030 1052 jun-

457 1075 619 1148 gendi
645 1082 807 1141 sunt;
843 1093 862 1126 ι
902 1073 1086 1129 Sancti
1127 1074 1273 1128 enim
1311 1073 1498 1138 eritis,
1540 1073 1735 1143 inquit,
1772 1072 2028 1142 quoniam

456 1184 558 1240 ego
592 1176 814 1224 sanctus
851 1183 972 1222 sum
1013 1168 1076 1221 ".
1118 1186 1136 1218 ι
1186 1166 1340 1234 Quod
1375 1174 1557 1222 autem
1604 1167 1694 1222 illa
1727 1166 2030 1222 secundum

457 1259 631 1331 legem
671 1259 888 1314 vivendi
921 1258 1114 1324 forma,
1170 1275 1280 1314 non
1327 1258 1550 1315 omnino
1595 1259 1772 1313 aliena
1810 1265 1956 1313 esset
1998 1274 2032 1314 a

458 1350 639 1420 culpa,
685 1359 810 1405 mox
846 1349 1086 1415 edocuit,
1127 1364 1253 1405 cum
1316 1348 1484 1403 dixit:
1544 1369 1562 1401 ι
1611 1347 1772 1404 Solve
1816 1348 2032 1403 calcea-

457 1453 703 1498 mentum
718 1441 785 1497 de
801 1441 1036 1512 pedibus
1053 1442 1165 1496 tuis
1193 1440 1335 1513 :65
1367 1441 1521 1496 locus
1557 1441 1804 1505 enim,in
1831 1455 1942 1510 quo
1971 1448 2030 1494 tu

456 1540 588 1598 stas,
625 1541 770 1588 terra
787 1540 975 1588 sancta
1011 1540 1097 1588 est
1117 1533 1183 1586 ’⁷.
1214 1551 1234 1583 ι
1278 1531 1502 1587 Solvere
1545 1547 1785 1602 namque
1817 1531 2032 1586 calcea-

455 1634 702 1680 mentum
727 1625 795 1680 de
815 1625 954 1696 pede
988 1625 1150 1697 jussit
1186 1624 1407 1696 Moysen
1439 1626 1594 1680 illum
1627 1641 1914 1682 sacrorum
1943 1626 2031 1680 in-

2128 434 2253 508 ὧδε,
2298 459 2316 490 ι
2353 440 2537 513 φησίν.
2583 439 2898 510 Ἀπρὸσιτον
2933 439 3040 510 γὰρ
3071 437 3160 491 διά
3184 435 3349 505 νὸμου
3376 432 3436 487 τὸ
3465 431 3666 500 ἀγαθόν
3691 444 3707 464 ·

2133 533 2226 587 καὶ
2258 535 2356 603 τῆς
2381 533 2522 586 κατὰ
2557 532 2761 587 Μωσέα
2793 530 3068 594 πολιτείας
3101 530 3133 600 ἡ
3162 527 3393 596 δύναμις
3421 525 3518 594 οὐχ
3553 522 3706 591 ἱκανὴ

2130 623 2250 679 λίαν
2283 625 2362 688 εἷς
2399 642 2461 694 γε
2492 624 2553 677 τὸ
2588 623 2942 694 ἀποκομίζειν
2972 621 3228 676 δύνασθαι
3268 618 3346 689 τῷ
3387 617 3523 687 Θεῷ.
3563 617 3706 687 Παρ-

2135 716 2314 788 ίστησι
2349 715 2406 769 δὲ
2445 714 2594 785 αύτῷ
2632 714 2697 768 δι’
2735 713 3005 784 ἀγιασμοῦ
3041 709 3294 782 Χριστός.
3353 708 3566 776 ’Δγίους
3600 707 3706 777 γὰρ

2132 805 2272 863 εἶναι
2301 808 2504 880 πρέπει
2539 807 2668 870 τοὺς
2705 805 2783 876 τῷ
2819 805 2960 876 ἁγίῳ
2995 802 3114 874 Θεῷ
3142 801 3435 856 κολλᾶσθαι
3475 799 3706 852 σπουδά-

2133 899 2323 965 ζοντας
2348 915 2362 930 ο
2403 917 2448 952 ι’
2471 898 2656 968 Ἅγιοι
2691 895 3042 970 γὰρ’έσεσθε,
3081 893 3268 965 φησιν,
3299 893 3381 945 ὅτι
3415 889 3525 959 ἐγὼ
3557 888 3708 958 ἅγιός

2134 993 2270 1060 εἰμι.
2297 1008 2315 1040 ›
2342 990 2463 1044 Ὀτι
2486 989 2544 1043 δὲ
2575 990 2676 1061 τῆς
2696 987 2832 1042 κατά
2854 981 3372 1056 νόμονπολιτείαςό
3398 979 3592 1052 τρόπος
3612 979 3712 1031 οὐκ

2133 1080 2432 1151 ἀμώμητος
2459 1079 2772 1142 παντελῶς,
2814 1077 2976 1139 εὐθὺς
3011 1073 3268 1139 ἐδίδαξεν,
3303 1070 3500 1126 εἰπών’
3543 1089 3562 1120 ι
3603 1068 3711 1122 Λύ-

2135 1190 2224 1226 σαι
2249 1172 2309 1226 τὸ
2338 1171 2591 1242 ὑπόδημα
2613 1173 2676 1224 ὲκ
2703 1169 2812 1222 τῶν
2839 1168 3014 1222 ποδῶν
3042 1184 3136 1220 σου
3161 1181 3173 1194 ·
3197 1168 3226 1219 ὁ
3251 1164 3360 1235 γὰρ
3381 1162 3562 1226 τόπος,
3584 1164 3642 1214 ὲν

2139 1266 2202 1318 σὺ
2231 1265 2490 1335 ἕστηκας,
2514 1263 2584 1333 γῆ
2624 1262 2756 1330 ἁγία
2791 1260 2958 1313 ἐστίν.
2993 1279 3012 1312 ι
3058 1255 3340 1312 ’Λπολύειν
3359 1254 3469 1324 γὰρ
3495 1254 3555 1306 τὸ
3581 1252 3716 1306 ὑπό-

2123 1355 2283 1427 -δημα
2319 1355 2652 1426 προστέταχε
2693 1352 2786 1406 τοῦ
2817 1352 2974 1416 ποδὸς
3005 1351 3093 1406 τὸν
3129 1350 3450 1422 ἱεροφάντην
3487 1347 3708 1412 Μωσέα,

2135 1447 2288 1502 οῦπω
2324 1447 2590 1516 καθαρὰν,
2624 1446 2745 1501 οὐδὲ
2768 1445 2874 1500 τῶν
2899 1445 3008 1500 ἀπὸ
3041 1444 3245 1515 φθορᾶς
3276 1443 3368 1496 καὶ
3392 1440 3712 1512 νεκρότητος

2137 1538 2312 1611 ἔργων
2337 1538 2567 1593 εἰσάπαν
2595 1536 3041 1607 ἀπηλλαγμένην,
3075 1538 3173 1606 τῆς
3203 1533 3342 1588 κατά
3371 1532 3533 1602 νόμον
3563 1529 3714 1599 ζωῆς

2135 1632 2238 1706 τὴν
2275 1631 2500 1705 πορείαν
2537 1631 2891 1695 ἀποδεικνὺς,
2939 1628 3050 1683 ἀπὸ
3080 1627 3137 1682 δὲ
3179 1626 3280 1697 τῆς
3320 1623 3451 1697 παρ’
3484 1622 3713 1692 Ἕλλησι

456 1717 776 1772 stitutorum
793 1717 1169 1787 interpretem,
1205 1717 1506 1772 ostendens
1542 1717 1791 1772 nondum
1834 1733 2029 1789 purum

2141 1723 2426 1798 συνηθείας
2467 1725 2496 1777 ὁ
2537 1723 2677 1786 θεῖος
2717 1725 2850 1794 ἡμῖν
2891 1719 3206 1774 ἐπαιδεύετο
3246 1717 3483 1788 Μωσῆς,
3513 1717 3597 1769 ὃτι
3636 1714 3710 1784 μὴ

455 1825 595 1875 esse,
621 1825 801 1880 neque
834 1809 1060 1864 omnino
1092 1823 1122 1862 a
1165 1808 1550 1878 corruptione,
1587 1823 1653 1863 ac
1684 1818 2032 1864 mortuorum

455 1919 684 1974 operum
711 1903 974 1974 qualitate
996 1902 1252 1966 liberum,
1281 1903 1408 1957 vita:
1446 1901 1616 1967 illius,
1645 1918 1769 1973 quae
1813 1918 1881 1957 ex
1913 1903 2032 1974 lege

455 1993 778 2059 ducebatur,
817 1993 1090 2048 incessum
1125 2010 1138 2046 :
1181 1991 1236 2048 in
1276 2008 1388 2063 quo
1408 2000 1589 2048 autem
1623 1994 1874 2065 reliquiae
1906 2010 2034 2050 cor-

447 2088 728 2160 ruptionis
749 2102 815 2143 ac
847 2085 1201 2142 mortalitatis
1232 2085 1424 2150 insint,
1467 2100 1596 2140 eum
1625 2087 1778 2142 nefas
1809 2102 1931 2143 esse
1963 2086 2034 2142 ad

441 2182 628 2256 Deum
655 2181 939 2247 accedere,
975 2180 1030 2236 id
1062 2197 1093 2236 a
1113 2181 1400 2252 gentilium
1458 2182 1859 2238 consuetudine
1891 2181 2033 2237 divi-

427 2261 562 2329 nus
609 2273 702 2329 ille
731 2273 942 2345 Moyses
976 2273 1264 2329 didicerat.
1309 2274 1498 2345 Neque
1545 2275 1693 2330 enim
1742 2275 1780 2328 ii
1825 2274 2032 2344 templa

443 2365 701 2430 adibant,
725 2363 895 2436 pedes
915 2364 1092 2420 induti
1115 2365 1316 2420 calceis
1329 2367 1763 2420 exanimatorum
1781 2366 2032 2422 animan-

439 2455 594 2511 ‘tium
624 2453 1114 2526 pelle-confectis;
1145 2452 1205 2507 id
1247 2453 1394 2508 enim
1434 2468 1626 2507 eorum
1659 2454 1870 2524 legibus
1890 2455 2034 2510 inter

457 2542 819 2599 immunditiaa
856 2557 1058 2613 genera
1085 2542 1493 2597 recensebatur.
1533 2543 1696 2614 Atqui
1721 2559 1822 2600 nos
1843 2561 2036 2601 amor-

457 2636 684 2700 talitate,
724 2643 889 2705 atque
923 2634 1298 2705 corruptione,
1333 2643 1390 2689 et
1412 2635 1626 2690 caeteris
1649 2652 1770 2707 qua:
1799 2637 1866 2692 ad
1896 2638 2036 2694 hanc

2132 1816 2290 1887 θέμις
2324 1813 2562 1885 ἐγγίζειν
2585 1813 2725 1886 Θεῷ,
2745 1814 2837 1868 τὸν
2859 1814 2918 1868 ἐν
2939 1811 3208 1882 λειψάνοις
3235 1811 3365 1865 ὅντα
3389 1807 3716 1880 νεκρότητος

2132 1908 2227 1961 καὶ
2258 1906 2480 1977 φθορᾶς.
2523 1907 2598 1959 Ού
2628 1906 2736 1977 γὰρ
2767 1906 2994 1975 ἐφοίτων
3022 1906 3079 1957 ἐν
3105 1903 3272 1976 ἱεροῖς
3299 1901 3368 1955 τά
3395 1902 3458 1953 ὲκ
3485 1895 3716 1952 τεθνεὼ-

2131 2016 2239 2054 των
2276 1997 2431 2063 ζώων
2465 1998 2789 2070 ὑποδήματα
2822 1999 2936 2060 τοῖς
2979 1993 3134 2048 ποσὶν
3171 1993 3497 2064 ἐνδυόμενοι.
3534 1989 3716 2044 Μολυ-

2135 2089 2273 2162 σμοῦ
2307 2090 2364 2144 δὲ
2401 2090 2602 2162 τρόπος
2633 2092 2745 2152 τοῖς
2779 2089 3002 2144 ἐκείνων
3029 2087 3212 2159 νόμοις
3237 2087 3297 2140 τὸ
3322 2085 3510 2156 χρῆμα
3543 2082 3717 2153 ἐγρά-

2133 2198 2282 2251 φετο.
2321 2181 2664 2254 Νεκρότητος
2703 2181 2761 2235 δὲ
2795 2182 2887 2234 καὶ
2917 2179 3123 2252 φθορᾶς
3152 2180 3246 2233 καὶ
3286 2179 3393 2231 τῶν
3433 2178 3515 2239 είς
3554 2173 3719 2228 τοῦτο

2137 2273 2378 2345 ἡκόντων
2407 2272 2746 2347 ἀκαθαρσίας
2778 2271 3046 2326 ἀπέλυσεν
3077 2273 3223 2342 ἡμᾶς
3251 2269 3348 2339 ούχ
3383 2271 3412 2322 ὁ
3442 2267 3605 2336 νόμος
3626 2305 3641 2330 ,
3671 2259 3718 2318 ὦ

2136 2367 2236 2420 τᾶν
2254 2405 2270 2431 ,
2296 2365 2417 2420 οὐδὲ
2443 2365 2636 2436 πορεία
2668 2364 2814 2437 ζωῆς
2855 2365 2954 2435 τῆς
2983 2363 3124 2418 κατὰ
3149 2363 3210 2416 τὸ
3234 2361 3468 2433 γράμμα
3496 2359 3557 2411 τὸ
3581 2357 3717 2411 Μω-

2139 2459 2347 2523 σαῖκδν,
2374 2458 2558 2522 πίστις
2579 2458 2635 2511 δὲ
2664 2458 2862 2528 μᾶλλον
2888 2459 2920 2528 ἡ
2949 2455 3275 2528 έν,Χριστῷ,
3304 2453 3401 2506 καὶ
3437 2451 3536 2522 τῆς
3558 2450 3720 2515 εὐαγ-

2137 2549 2361 2622 γελικῆς
2407 2550 2681 2613 πολιτείας
2727 2552 2761 2621 ἡ
2811 2548 3119 2619 τελειοτάτη
3166 2546 3454 2618 κάθαρσις.
3505 2542 3575 2595 Ἦ
3615 2539 3717 2592 οὐκ

2139 2641 2337 2716 ἀληθὲς
2363 2643 2398 2698 νδ
2431 2661 2602 2716 φημι;

389 2720 404 2724 ’
457 2729 831 2801 impuritatem
892 2729 1193 2800 pertinent,
1237 2745 1347 2784 non
1403 2731 1512 2796 lex,
1557 2732 1784 2798 Palladi,
1828 2749 1936 2788 non
1976 2735 2262 2793 vitaeeum
2320 2739 2455 2810 legis
2511 2738 2759 2794 Mosaicae
2820 2727 3003 2792 litt'era
3071 2731 3423 2805 congruentis
3484 2727 3718 2798 vestigia

456 2822 861 2889 liberaverunt;
900 2820 998 2878 sed
1035 2820 1170 2877 ﬁdes
1221 2822 1283 2877 in-
1317 2821 1556 2888 Christo,
1589 2833 1650 2878 et
1705 2826 2031 2897 evangelica:
2067 2829 2192 2884 vim
2208 2831 2608 2901 perfectissima
2625 2829 2897 2902 purgatio.
2939 2828 3304 2884 Anne-censes
3348 2836 3542 2878 verum
3591 2834 3719 2874 esse

458 2916 610 2988 quOd
635 2915 800 2972 dico?

494 3016 497 3018 ’
516 3011 729 3068 'PALL:
763 3007 1006 3078 Quidni?

526 3103 682 3160 ΟΥΕ.
711 3103 882 3175 Igitur
915 3103 1115 3160 calceis
1147 3105 1358 3175 positis,
1407 3119 1784 3165 accurrentem
1809 3111 1944 3181 jam,
1971 3127 2037 3168 ac

451 3196 685 3268 propius
711 3195 1063 3252 accedentem
1091 3195 1362 3251 allocutus
1387 3206 1473 3253 est
1499 3198 1648 3254 Deus
1674 3217 1686 3252 :
1723 3218 1740 3250 ι
1780 3200 1892 3272 Ego
1912 3216 2035 3257 sum

442 3291 602 3345 'Deus
625 3288 806 3360 patris
846 3288 949 3354 tui,
979 3288 1138 3344 Deus”
1161 3286 1435 3344 Abraham
1456 3331 1470 3356 ,
1504 3299 1561 3346 et
1595 3291 1740 3348 Deus
1772 3293 1941 3360 Isaac,
1978 3303 2036 3351 et

456 3381 602 3437 Deus
625 3377 814 3436 Jacob.
849 3377 1064 3435 Avertit
1101 3386 1285 3435 autem
1309 3379 1519 3453 Moyses
1551 3383 1783 3447 vultum,
1819 3385 2030 3455 inquit;

457 3473 752 3528 verebatur
778 3469 930 3526 enim
955 3478 1147 3526 contra
1169 3472 1324 3526 illum
1354 3473 1599 3542 aspicere
1629 3474 1694 3528 ".
1726 3494 1744 3525 ι
1781 3476 2032 3533 Exanimi

457 3577 693 3632 namque
729 3576 893 3616 sensu
924 3559 1194 3630 deposito,
1228 3577 1290 3616 ac
1313 3562 1483 3616 veluti
1513 3563 1719 3619 mundo
1749 3565 2033 3637 liberoque

438 3652 594 3723 ,pede
612 3668 709 3724 per
735 3652 1062 3709 Christianae
1087 3654 1519 3710 conversationis
1559 3655 1702 3710 viam
1743 3658 2032 3714 ambulan-

455 3753 540 3798 tes
587 3741 1147 3816 appropinquabimus
1182 3743 1326 3809 Deo,
1369 3760 1480 3800 non
1531 3745 1779 3803 locorum
1833 3751 2030 3820 spatio,

455 3836 550 3892 sed
582 3835 872 3891 affectione
919 3836 1224 3907 spirituali;
1281 3837 1487 3893 etenim
1541 3855 1630 3895 res
1663 3841 1827 3914 Moysi
1866 3852 2031 3914 gestae

454 3928 640 3999 ﬁgura:
677 3935 833 3983 erant
866 3936 922 3984 et
959 3928 1186 3985 umbrae.
1230 3930 1310 3986 ita
1351 3929 1572 3985 demum
1616 3947 1842 3989 summa:
1884 3935 2032 3992 illius

441 4023 718 4079 .doctrinaa
759 4021 925 4078 verba
965 4022 1323 4089 lucrabimur,
1371 4035 1428 4080 et
1474 4024 1575 4081 Dei
1631 4027 1914 4084 scientiam
1971 4029 2029 4084 in

430 4113 776 4184 ,nobisjpsis
799 4113 1140 4186 colligemus,
1183 4116 1346 4172 Patre
1384 4116 1646 4173 nimirum
1704 4120 2029 4176 ostendente

419 4217 513 4263 use
559 4204 721 4261 nobis
762 4205 818 4260 in
853 4206 994 4262 Filio
1048 4224 1061 4259 :
1101 4207 1414 4263 videbimus
1456 4211 1604 4265 enim
1641 4211 1832 4277 illum,
1869 4212 2029 4283 longe

426 4295 806 4364 Lprasstantius
821 4311 992 4367 quam
1024 4297 1284 4368 antiquus
1307 4299 1397 4366 ille
1419 4301 1673 4370 populus,
1693 4307 1756 4355 ut
1784 4302 1840 4356 in
1857 4301 2025 4373 Moysi

2058 3027 2102 3087 C
2194 3021 2416 3076 ῙῙΔᾹΛ.
2437 3019 2560 3084 Πῶς
2590 3018 2698 3092 γὰρ
2729 3017 2823 3085 οῦς

2190 3114 2373 3168 ’ΚΥΡ.
2403 3111 2836 3166 ’Δπολύσαντιλδὲ
2860 3109 2920 3163 τὸ
2942 3108 3193 3180 ὑπόδημα
3210 3106 3304 3161 τοῦ
3330 3105 3509 3169 ποδὸς,
3535 3120 3718 3176 προσ-

2137 3205 2310 3262 θέοντι
2349 3205 2413 3276 γέ
2435 3222 2494 3258 τε
2515 3203 2724 3271 λοιπὸν,
2768 3202 2862 3256 καὶ
2891 3201 3061 3272 ἀγχοῦ
3088 3199 3353 3270 γεγονότι,
3371 3194 3721 3269 προσεφώνει

2135 3300 2298 3365 Θεός·
2351 3318 2370 3351 ι
2413 3297 2554 3366 Ἐγώ
2614 3299 2728 3368 εἰμι
2774 3295 2802 3348 ὁ
2854 3295 2983 3354 Θεὸς
3031 3293 3126 3347 τοῦ
3176 3289 3379 3363 πατρός
3425 3306 3538 3354 σου,
3582 3288 3722 3350 Θεὸς

2148 3388 2434 3460 Ἀϐραὰμ,
2483 3389 2577 3442 καὶ
2606 3387 2738 3450 Θεὸς
2783 3385 2986 3447 Ἰσαὰκ,
3021 3385 3115 3438 καὶ
3148 3383 3281 3446 Θεὸς
3325 3380 3543 3436 Ἰακώϐ.
3594 3382 3724 3432 ’Λπ-

2138 3481 2368 3552 έστρεψε
2389 3480 2447 3534 δὲ
2471 3479 2673 3550 Μωσῆς
2696 3477 2756 3532 τὸ
2785 3478 3076 3549 πρόσωπον
3101 3474 3289 3539 αὑτοῦ,
3316 3474 3478 3545 φησίν
3497 3489 3510 3502 ε
3539 3472 3720 3544 nitia-

2136 3573 2280 3628 ϐεϊτο
2317 3573 2424 3644 γὰρ
2452 3569 2823 3642 κατεμϐλέψαι
2853 3568 3080 3624 ἐνώπιον
3110 3567 3204 3622 τοῦ
3229 3567 3382 3621 Θεοῦ.
3422 3587 3439 3618 ι
3483 3564 3721 3618 Ἀποθὲ-

2135 3682 2286 3738 μενοι
2311 3665 2420 3737 γὰρ
2454 3663 2704 3735 φρόνημα
2729 3660 2794 3714 τὸ
2831 3660 3041 3731 νεκρὸν,
3072 3659 3166 3713 καὶ
3202 3658 3362 3712 οἱονεὶ
3392 3655 3622 3726 καθαρῷ
3654 3672 3717 3709 τε

2132 3758 2226 3811 καὶ
2247 3755 2528 3826 ’ἐλευθέρῳ
2554 3753 2673 3807 ποδὶ
2698 3753 2796 3824 τῆς
2813 3756 2878 3806 έν
2907 3750 3129 3823 Χριστῷ
3167 3748 3440 3812 πολιτείας
3467 3748 3717 3800 διαστεί-

2132 3865 2317 3920 χοντες
2341 3849 2439 3919 τὴν
2460 3846 2586 3900 ’ὁδὸν
2611 3887 2626 3912 ,
2657 3843 2892 3914 ἐσόμεθα
2927 3843 3024 3914 μὲν
3063 3842 3232 3912 ἀγχοῦ
3267 3841 3346 3912 τῷ
3387 3838 3526 3909 Θεῷ,
3568 3841 3720 3892 κατὰ

2133 3941 2318 4012 σχέσιν
2356 3940 2414 3993 δὲ
2445 3937 2682 4012 δηλονότι
2710 3936 2807 4008 τὴν
2848 3934 3220 4005 πνευματικὴν
3243 3973 3256 3997 ,
3289 3933 3382 3986 καὶ
3411 3932 3531 4001 οὐχὶ
3567 3933 3720 3985 κατά

2129 4052 2192 4105 γε
2222 4035 2322 4107 τὴν
2345 4033 2402 4086 ὲν
2427 4033 2577 4102 τόπῳ
2601 4031 2900 4084 διάστασιν.
2924 4027 3095 4082 Τύποι
3119 4027 3228 4096 γάρ
3251 4027 3432 4079 ὲκεῐνα
3453 4026 3546 4076 καὶ
3581 4024 3720 4077 σκιὰ

2129 4125 2198 4180 τὰ
2226 4125 2490 4187 Μωσέως,
2525 4120 2668 4176 οὕτω
2694 4138 2753 4173 τε
2789 4120 2974 4174 λοιπὸν
3007 4119 3133 4180 τοὺς
3163 4116 3292 4188 περὶ
3318 4116 3418 4186 τῆς
3448 4116 3561 4170 ἀνω
3605 4134 3718 4185 μυ-

2131 4217 2438 4287 σταγωγίας
2491 4214 3004 4283 καταπλουτήσομεν
3043 4211 3269 4280 λόγους,
3328 4209 3419 4262 καὶ
3466 4207 3564 4279 τὴν
3619 4207 3720 4262 τοῦ

2131 4308 2266 4363 Θεοῦ
2295 4307 2494 4377 γνῶσιν
2525 4308 2583 4359 ὲν
2608 4307 2817 4369 ἑαυτοῖς
2851 4304 3210 4374 συλλέξομεν,
3229 4301 3420 4355 ἑαυτὸν
3444 4301 3578 4370 ἡμῖν
3613 4301 3722 4369 ἐμ.-

450 4402 684 4457 persona
723 4387 862 4442 vidit
893 4406 906 4441 :
932 4388 980 4443 is
1015 4389 1163 4443 enim
1179 4389 1388 4443 vultum
1416 4391 1615 4445 avertit
1639 4405 1834 4459 suum;
1869 4408 2029 4449 vere-

2133 4367 2447 4469 φανίζόντος
2465 4399 2521 4451 ὲν
2553 4395 2667 4466 na
2695 4367 3055 4466 coa‘narpag'.
3075 4367 3366 4464 ’Ὀψόμεθα
3387 4367 3494 4462 γάῥ
3519 4367 3720 4453 αὑτὸν,

453 4481 614 4536 batur
650 4482 797 4537 enim
830 4482 1075 4552 aspicere
1120 4489 1310 4538 contra
1354 4481 1666 4538 Dominum.
1713 4483 1832 4552 Quo
1884 4484 2030 4541 facto

453 4572 790 4644 signiﬁcatur
821 4573 1024 4628 mentis
1051 4587 1242 4629 eorum
1284 4572 1593 4639 infirmitas,
1611 4575 1707 4646 qui
1735 4575 1838 4631 sub
1865 4576 2032 4632 disci-

454 4665 602 4733 plina
632 4663 766 4735 legis
787 4663 1240 4729 instituebantur,
1261 4678 1382 4734 qua:
1409 4665 1812 4734 quodammodo
1848 4669 2026 4739 respi-

453 4771 578 4809 cere
597 4755 768 4810 Deum
801 4770 912 4811 non
933 4764 1138 4826 posset,
1162 4771 1339 4828 neque
1369 4757 1518 4812 illius
1549 4758 1749 4814 intueri
1765 4760 2016 4831 gloriam,

342 4839 350 4848 ’
450 4847 605 4915 juxta
636 4846 792 4912 illud,
817 4847 968 4917 quod
991 4847 1048 4923 in
1065 4847 1295 4904 Psalmis
1309 4850 1559 4904 canitur:
1596 4871 1614 4902 ι
1636 4849 2015 4908 Obscurentur

453 4937 600 4992 oculi
644 4953 858 5005 eorum,
902 4955 972 4994 ne
1015 4939 1238 4995 videant
1275 4943 1320 4974 "
1365 4960 1378 4995 :
1422 4962 1440 4993 ι
1478 4952 1534 4998 et
1561 4942 1716 5007 illud,
1760 4943 1907 5012 quod
1934 4954 2020 5000 est

453 5027 596 5096 apud
631 5030 959 5099 prophetam
984 5047 996 5084 :
1026 5049 1044 5082 ι
1067 5030 1207 5086 Ecce
1229 5032 1465 5102 populus
1495 5033 1695 5090 stultus
1712 5043 1768 5088 et
1789 5049 2018 5089 excors:

452 5118 598 5174 oculi
627 5130 755 5175 sunt
791 5123 892 5185 eis,
931 5131 987 5178 et
1010 5134 1121 5178 non
1155 5123 1345 5178 vident
1368 5127 1406 5179 ¹.
1443 5145 1462 5178 ι
1492 5125 1604 5181 Nos
1643 5141 1794 5189 vero,
1829 5126 1922 5196 qui
1953 5127 2019 5181 ad

453 5209 746 5266 ineﬂ‘abilis
787 5211 934 5268 illius
989 5225 1201 5270 naturae
1245 5215 1485 5272 rationes
1521 5230 1690 5286 puros
1742 5216 2020 5271 illumina-

453 5311 644 5372 tosque
676 5303 876 5359 mentis
909 5306 1098 5362 oculos
1128 5305 1413 5378 adjicimus
1433 5347 1447 5372 ,
1490 5308 1838 5377 conspicuam
1875 5308 2020 5362 illam

452 5392 509 5446 in
543 5393 697 5461 Filio,
738 5395 835 5451 Dei
869 5405 926 5451 et
959 5397 1137 5453 Patris
1179 5398 1406 5454 formam
1452 5401 1902 5470 contemplamur.
1943 5401 2022 5455 Ac

443 5481 655 5542 Iudaeis
675 5486 898 5558 quidem
922 5487 1017 5558 qui
1046 5489 1259 5546 Patrem
1285 5505 1342 5546 se
1385 5491 1587 5547 vidisse
1618 5491 2016 5558 existimarent,

519 5591 759 5667 ’lelebr.
792 5612 846 5659 ι,
879 5597 959 5667 4.-
1010 5600 1055 5631 ’⁵
1090 5600 1261 5655 Exod.
1296 5617 1372 5667 ιιι,
1409 5602 1460 5656 5.

523 5661 544 5692 ⁴
576 5647 777 5717 Ierem.
890 5647 991 5720 Et.

2131 4492 2226 4546 καὶ
2250 4490 2592 4562 ἀσυγκρίτως
2613 4490 2854 4560 ἄμεινον,
2881 4489 2914 4559 ἦ
2943 4490 2971 4541 ό
2993 4487 3161 4541 πάλαι
3181 4486 3328 4550 λαὸς,
3345 4485 3417 4549 ὡς
3447 4486 3504 4537 ὲν
3533 4499 3720 4553 προσε

2129 4580 2264 4652 ώπῳ
2303 4580 2565 4642 Μωσέως.
2607 4580 2666 4634 '0
2699 4579 2797 4650 μὲν
2847 4577 2955 4648 γὰρ
2987 4576 3292 4648 ἀπέστρεψε
3326 4575 3387 4628 τὸ
3413 4573 3725 4645 πρόσωπον

2127 4672 2314 4728 αὐτοῦ·
2339 4671 2628 4744 ηύλαὸεῖτο
2650 4671 2759 4742 γὰρ
2785 4668 3156 4739 κατεμόλέψαι
3172 4667 3399 4720 ὲνὼπιον
3426 4665 3520 4719 τοῦ
3544 4664 3720 4718 Θεοῦ.

2127 4767 2204 4820 Δι’
2224 4759 2286 4819 οῦ
2317 4763 2638 4835 σημαίνεται
2667 4761 2777 4816 τῶν
2805 4763 2863 4814 έν
2888 4761 3036 4832 νόμῳ
3068 4757 3627 4828 παιδαγωγουμένων,
3650 4756 3726 4811 τὸ

2126 4858 2227 4929 τῆς
2263 4858 2502 4920 διανοίας
2532 4854 2775 4918 ἀσθενὲς,
2811 4854 2912 4907 οὐκ
2947 4850 3320 4922 ἀναμενούσης
3350 4851 3551 4922 τρόπον
3587 4849 3725 4903 τινὰ

2123 4948 2266 5018 ,πρὸς
2297 4946 2430 4999 Θεὸν
2449 4984 2464 5008 ,
2502 4942 2624 4996 οὔτε
2657 4943 2764 5016 μὴν
2803 4943 2920 5006 οἵας
2950 4959 3009 4994 τε
3036 4942 3165 4994 ἰδεῖν
3191 4941 3289 5012 τὴν
3330 4938 3488 5004 δόξαν
3515 4939 3722 5006 αὑτοῦ,

2131 5039 2273 5094 κατά
2303 5055 2366 5106 γε
2390 5037 2449 5089 τὸ
2475 5038 2532 5088 ἐν
2551 5036 2803 5106 Ψαλμοῖς
2829 5033 3186 5104 ὑμνούμενον·
3213 5051 3232 5082 ι
3253 5030 3726 5101 Σκοτισθήτωσαν

2127 5132 2175 5184 oi
2201 5129 2467 5198 ὀφθαλμοὶ
2489 5126 2669 5181 αὐτῶν
2687 5125 2781 5179 τοῦ
2812 5127 2886 5196 μὴ
2909 5124 3146 5196 βλέπειν,
3181 5144 3200 5176 ι
3231 5125 3394 5195 ἤγουν
3421 5124 3620 5186 ἐκεῖνο,
3658 5125 3736 5177 τὸ

2135 5239 2154 5270 ι
2187 5217 2314 5273 Ἰδοὺ
2335 5217 2459 5280 λαὸς
2488 5217 2668 5288 μωρὸς
2688 5216 2782 5269 καὶ
2807 5214 3082 5287 ἁκάρδιος·
3102 5212 3370 5284 ὀφθαλμοὶ
3389 5214 3594 5279 αὐτοῖς,
3621 5215 3733 5266 καὶ

2075 5341 2081 5351 -
2127 5311 2185 5363 οὑ
2212 5309 2514 5381 βλέπουσιν.
2554 5326 2571 5358 ι
2617 5307 2808 5377 Ἡμεῖς
2833 5306 2889 5360 δὲ
2921 5309 3032 5370 τοῖς
3064 5307 3190 5378 περὶ
3217 5306 3315 5377 τῆς
3339 5305 3582 5377 ἀρρήτου
3611 5305 3727 5372 φύ-

2128 5417 2264 5463 σεως
2289 5399 2604 5471 προσιέντες
2631 5397 2829 5466 λόγοις,
2857 5396 3116 5468 καθαροῖς
3149 5395 3244 5449 καὶ
3274 5395 3730 5464 πεφωτισμένοις

2125 5493 2388 5562 ὄμμασιν,
2423 5492 2481 5545 ἐν
2511 5489 2626 5561 Υίῷ
2653 5489 2952 5561 διαπρέπον
2981 5489 3042 5542 τὸ
3069 5487 3162 5541 τοῦ
3203 5485 3337 5540 Θεοῦ
3371 5486 3468 5540 καὶ
3494 5485 3731 5556 Πατρὶς

1538 5603 1584 5637 ’⁸
1613 5603 1786 5660 Levit.
1830 5620 1887 5668 ιι,
1927 5604 1978 5650 ι-

2153 5601 2324 5656 Exod.
2363 5603 2519 5666 "1,5.
2595 5599 2648 5632 ”
2696 5598 2810 5654 bid.
2872 5615 2952 5663 ni,
3014 5599 3066 5654 6.
3145 5597 3547 5654 "Psal.uvm
3607 5595 3721 5654 24.
