3954 6200
272 224 369 281 257

1005 227 1092 283 DE
1128 228 1574 286 ADORATIONE
1616 227 1683 285 IN
1724 225 1996 285 SPIRITU
2036 230 2124 286 ET
2163 229 2534 290 VERlTATE.
2577 235 2706 289 LIB.
2755 235 2821 289 ll.

3415 241 3522 298 238

268 338 651 410 καταθεώμεθα
689 340 902 405 κάλλος.
955 344 1062 396 Καὶ
1108 346 1374 416 οἰομένοις
1417 346 1515 418 μὲν
1560 347 1830 410 Ἰουδαίοις

1937 347 2210 418 sapienter
2226 359 2311 404 est
2326 365 2354 406 a
2371 349 2589 405 Christo
2605 351 2810 405 dictum
2838 370 2850 405 :
2881 351 2987 424 65
3025 373 3040 404 ι
3079 349 3264 422 Neque
3283 355 3522 423 speciem

263 434 333 486 ὅτι
362 429 648 484 τεθέανται
671 431 763 485 τὸν
794 429 1036 505 Πατέρα,
1073 436 1252 505 σοφῶς
1278 437 1493 507 ἐλέγετο
1521 437 1672 510 παρὰ
1700 439 1832 509 Χριο

263 523 374 576 τοῦ·
407 540 426 573 ι
455 521 595 574 Οὔτε
629 519 768 587 είδος
789 523 954 578 αὐτοῦ
983 527 1284 598 ἑωράκατε,
1307 529 1432 583 οὔτε
1456 529 1637 602 φωνὴν
1666 528 1828 584 αὐτοῦ

261 609 543 679 ἀκηκόατε.
575 627 594 661 ι
630 610 1078 668 Φιλοπευστοῦντι
1107 615 1163 668 δὲ
1191 616 1268 687 τῷ
1297 617 1547 689 ⁴ιιιλίειιπῳ
1576 618 1714 683 λίαν,
1740 619 1833 672 καὶ

263 703 558 773 παχύτερον
589 702 690 773 μὲν
723 703 757 774 ἢ
793 704 979 774 ἐχρῆν,
1009 707 1074 760 ὲκ
1106 709 1459 778 φιλομαθείας
1489 709 1534 762 δ’
1562 706 1654 764 οὖν
1684 711 1832 781 ὅμως

261 795 496 864 ἐρομένῳ
536 795 633 846 καὶ
672 793 919 863 λέγοντι·
951 797 1212 869 «Κύριε,
1245 800 1416 865 δεῖξον
1438 803 1568 873 ἡμῖν
1595 803 1687 856 τὸν
1721 803 1833 855 Πα-

261 883 404 954 τέρα,
436 885 532 937 καὶ
562 885 725 956 ἀρκεῖ
757 887 909 956 ἡμῖν,
945 905 964 938 ι
998 889 1330 961 ἀπεκρίνατο
1359 893 1612 964 Χριστός·
1643 912 1662 945 ι
1695 894 1833 947 Τοσ-

261 974 402 1028 οῦτον
444 977 636 1046 χρόνον
689 977 805 1048 μεθ’
841 977 993 1048 ὑμῶν
1019 981 1155 1050 είμι,
1195 984 1290 1036 καὶ
1328 984 1427 1036 οὐκ
1457 983 1701 1052 ἔγνωκάς
1743 1000 1830 1055 με,

261 1066 520 1130 ⁴Ρίλιππες
565 1066 624 1120 '0
658 1067 922 1139 ἑωρακὼς
959 1072 1080 1142 ἐμὲ,
1116 1072 1326 1144 ἑώρακε
1355 1075 1445 1129 τὸν
1478 1076 1716 1147 Πατέρα.
1757 1077 1833 1129 Οὐ

265 1155 530 1220 πιστεύεις
558 1157 640 1211 ὅτι
667 1157 777 1226 ἐγὼ
804 1161 863 1213 ἐν
895 1160 973 1232 τῷ
1001 1164 1196 1235 Πατρὶ,
1226 1165 1320 1218 καὶ
1351 1167 1379 1218 ὁ
1407 1165 1594 1238 Πατὴρ
1622 1167 1680 1220 ἐν
1710 1165 1834 1236 ὲμοί

262 1248 430 1310 ίστινς
453 1266 473 1299 ›
510 1247 633 1301 Ὀτι
663 1248 722 1301 δέ
753 1250 900 1304 ἐστιν
929 1252 1029 1304 οὐκ
1057 1253 1316 1326 εύσθενὴς
1343 1257 1512 1326 ἄγαν,
1555 1257 1675 1312 οὔτε
1730 1263 1836 1330 μὴν

263 1337 408 1409 ἱκανὴ
441 1337 581 1409 πρὸς
621 1337 758 1392 Θεοῦ
809 1341 1117 1408 κατάδειξιν
1146 1345 1348 1418 ἀκριϐῆ
1379 1349 1472 1401 καὶ
1514 1347 1834 1420 ἀμώμητον,

264 1428 398 1499 sata:
429 1429 530 1499 τῆς
561 1429 703 1483 κατὰ
728 1431 891 1502 νόμον
917 1432 1138 1504 ἐντολῆς
1170 1435 1371 1507 θεωρία
1407 1455 1467 1492 τε
1499 1441 1592 1494 καὶ
1620 1441 1840 1494 παίδευ-

269 1535 358 1582 σις.
399 1519 476 1582 ὡς
502 1522 563 1572 ὲν
588 1522 720 1592 σκιᾷ
744 1523 843 1577 καὶ
872 1523 1155 1595 αἰνίγματι
1190 1528 1282 1580 καὶ
1297 1528 1391 1583 διὰ
1415 1532 1536 1584 ταῖν
1569 1531 1712 1585 δυοῖν
1743 1531 1836 1585 τοῦ

272 1609 433 1662 Λήδαν
461 1610 710 1682 ὀψόμεθα
755 1612 1094 1686 θυγατέροιν.
1137 1617 1446 1690 Γέγραπται
1475 1620 1604 1692 γὰρ,
1633 1623 1713 1675 ὅτι
1746 1621 1838 1692 Τῷ

1938 439 2111 508 ipsius
2139 441 2378 506 vidistis,
2418 458 2597 512 neque
2627 459 2818 498 vocem
2862 445 2981 515 ejus
3014 445 3248 500 audistis
3281 448 3321 500 ’.
3358 465 3374 497 ι
3413 446 3519 502 Sed
3567 443 3569 445 ’

1935 531 2236 588 sciscitanti
2274 534 2527 604 Philippo
2550 574 2564 598 ,
2597 550 2661 590 ac
2701 536 2893 591 rudius
2927 537 3170 606 quidem,
3217 553 3378 607 quam
3425 555 3522 608 par

1934 633 2074 689 erat,
2107 624 2202 679 sed
2234 632 2418 678 tamen
2440 625 2687 680 discendi
2712 627 2895 681 studio
2929 629 3141 698 roganti
3165 645 3228 682 ac
3251 629 3462 683 dicenti
3503 647 3518 684 ;

1942 735 1960 767 ι
1983 716 2231 779 Domine,
2256 716 2483 770 ostende
2511 715 2679 771 nobis
2695 710 2910 773 Patrem
2920 760 2933 784 ,
2965 727 3020 772 et
3036 718 3232 774 suﬁicit
3251 719 3407 774 nonis
3429 721 3470 783 ³,
3499 740 3516 768 ι

1936 806 2224 875 respondit
2281 806 2536 862 Christus
2575 824 2587 859 :
2635 826 2652 858 ι
2699 806 2874 862 Tanto
2937 821 3182 880 tempore
3233 812 3524 867 vobiscum

1933 913 2076 962 sum,
2107 905 2162 952 et
2189 913 2297 951 non
2327 897 2625 968 cognovisti
2663 914 2770 963 me,
2801 899 3066 970 Philippe.
3102 901 3205 968 Qui
3233 902 3371 957 vidit
3409 918 3520 962 me.

1933 988 2072 1042 vidit
2101 999 2156 1043 et
2182 989 2420 1044 Patrem.
2455 987 2575 1043 Non
2596 989 2797 1055 credis,
2827 991 2952 1060 quia
2976 1007 3074 1062 ego
3104 993 3159 1046 in
3210 994 3393 1058 Patre,
3456 1007 3514 1049 et

1935 1078 2096 1133 Pater
2128 1079 2182 1134 in
2216 1094 2302 1133 me
2334 1088 2418 1134 est
2444 1079 2506 1133 ‘i
2533 1099 2550 1132 ι
2587 1080 2704 1134 Non
2731 1096 2851 1136 esse
2886 1091 3066 1136 autem
3095 1083 3385 1140 admodum
3425 1085 3520 1140 ﬁr-

1936 1187 2100 1236 mam,
2148 1188 2216 1225 ne
2257 1180 2437 1242 aptam
2477 1171 2701 1241 quidem
2744 1173 2878 1228 satis
2923 1173 2992 1227 ad
3041 1174 3213 1228 Deum
3266 1186 3521 1232 accurate

1937 1263 2402 1334 perspiciendum,
2437 1264 2587 1319 illam
2615 1264 2856 1319 mandati
2873 1265 3061 1336 legalis
3088 1268 3507 1336 contemplatio-

1938 1369 2064 1409 nem
2127 1364 2290 1426 atque
2330 1355 2695 1426 disciplinam,
2747 1365 2809 1412 ut
2852 1373 2972 1427 qua:
3009 1357 3065 1411 in
3123 1357 3315 1412 umbra
3354 1359 3427 1413 sit
3462 1368 3520 1414 et

1938 1441 2244 1510 aenigmate,
2294 1441 2349 1494 in
2378 1441 2488 1496 illis
2539 1458 2761 1513 quoque
2823 1444 3039 1498 duabus
3076 1445 3261 1500 Laban
3303 1445 3519 1502 ﬁliabus

1939 1531 2126 1586 videre
2164 1532 2312 1587 licet.
2362 1531 2638 1603 Scriptum
2679 1543 2764 1588 est
2803 1535 2971 1599 enim,
3005 1536 3133 1591 huic
3169 1537 3354 1592 Laban
3377 1538 3517 1594 duas

1941 1620 2107 1676 fuisse
2137 1620 2308 1687 ﬁlias;
2337 1631 2470 1677 natu
2497 1623 2687 1694 majori
2705 1624 2834 1688 Li:e,
2871 1625 3068 1680 minori
3095 1626 3318 1681 Racheli
3342 1627 3512 1683 fuisse

276 1703 325 1755 δὲ
361 1704 532 1758 Δὰδαν
595 1700 738 1776 ἦσαν
788 1706 884 1761 δύο
927 1705 1259 1782 θυγατέρες,
1308 1711 1477 1782 δνομα
1518 1717 1584 1785 τῇ
1633 1715 1830 1784 μείζονι

1939 1729 2158 1768 nomen.
2187 1713 2292 1768 Sed
2332 1713 2485 1768 Liam
2507 1706 2698 1770 oculos
2715 1716 3044 1772 inﬁrmiores
3068 1717 3349 1779 habuisse,
3402 1719 3514 1774 Ra-

285 1795 436 1857 Δεία,
463 1797 545 1849 καὶ
569 1797 742 1869 ὄνομα
770 1801 835 1870 τῇ
879 1800 1046 1872 ἑτέρᾳ
1096 1800 1321 1872 Ῥαχὴλ.
1367 1804 1430 1856 Ui
1470 1803 1526 1856 δὲ
1568 1805 1835 1878 ὀφθαλμοὶ

285 1887 427 1950 Λείας
441 1887 703 1954 ἀσθενεῖς,
739 1889 938 1962 Ῥαχὴλ
958 1891 1014 1944 δὲ
1033 1887 1102 1963 ἦν
1123 1891 1263 1964 καλὴ
1287 1893 1364 1964 τῷ
1386 1893 1516 1948 εῖδει
1542 1897 1635 1950 καὶ
1659 1896 1836 1969 ὡραία

278 1983 330 2052 τῇ
369 1981 480 2050 ὕψει
526 1982 771 2053 σφόδρα·
806 1983 900 2038 καὶ
948 1985 1272 2056 προσέκειτο
1313 1987 1412 2058 μὲν
1462 1991 1527 2060 τῇ
1573 1989 1772 2063 Ῥαχὴλ
1808 1992 1837 2043 ὁ

179 2137 192 2143 Δ,
272 2073 597 2144 πατριάρχης
630 2073 849 2138 Ἰακὼϐ,
873 2075 1110 2146 ἠγάγετο
1129 2077 1187 2132 δὲ
1208 2079 1314 2150 πρὸ
1336 2080 1505 2151 αὐτῆς
1525 2082 1624 2154 τὴν
1649 2083 1833 2137 Λείαν.

268 2164 650 2236 Μετοιχομένου
681 2165 746 2236 δὴ
780 2162 874 2222 οὖν
915 2170 996 2232 είς
1027 2170 1089 2224 τὸ
1137 2169 1340 2241 ἀληθὲς
1386 2171 1479 2225 τοῦ
1521 2172 1725 2241 τύπου,
1779 2174 1838 2228 τὸ

265 2257 488 2326 Χριστοῦ
523 2259 750 2329 κατόψει
793 2262 1112 2332 μυστήριον.
1145 2263 1249 2317 Δύο
1294 2265 1404 2336 γάρ
1433 2266 1571 2318 εἰσιν
1600 2267 1654 2318 al
1702 2266 1838 2337 πρὸς

264 2348 556 2419 οἰκειότητα
586 2351 918 2422 κεκλημέναι
964 2352 1062 2424 τὴν
1089 2357 1462 2428 πνευματικὴν
1497 2357 1836 2428 ἡρμοσμέναι

265 2455 315 2490 τε
346 2439 494 2510 αὐτῷ
523 2444 813 2508 γυναῖκες’
851 2442 1197 2517 πρεσϐυτέρα
1246 2445 1366 2516 μὲν,
1403 2447 1435 2520 η
1484 2447 1708 2518 πρώτη,
1744 2449 1837 2503 καί⁹

263 2528 342 2582 διὰ
371 2530 614 2594 Μωσέως
652 2531 726 2594 ὡς
756 2532 813 2584 ὲν
848 2530 1121 2604 προσώπῳ
1152 2534 1251 2605 τῆς
1291 2535 1554 2588 Ἰουδαίων
1591 2554 1837 2608 συναγω-

261 2623 374 2692 γῆς,
420 2622 556 2692 πρὸς
584 2623 650 2693 ἢν
684 2623 901 2695 εἴρηται
936 2624 1086 2694 παρὰ
1121 2625 1256 2678 Θεοῦ
1291 2626 1378 2680 διὰ
1404 2627 1585 2698 φωνῆς
1619 2645 1834 2702 προφη-

259 2711 379 2764 τῶν
415 2731 435 2764 ι
483 2712 614 2766 Ἰδοὺ
639 2714 738 2767 οὐκ
757 2716 897 2768 είσὶν
921 2716 969 2769 oi
993 2716 1258 2788 ὀφθαλμοί
1291 2735 1403 2783 σου,
1436 2719 1608 2792 οὖδὲὴ
1641 2722 1837 2794 καρδία

260 2821 345 2858 σου
376 2805 538 2876 καλὴ,
573 2803 692 2859 ἀλλ’
725 2805 758 2878 ἢ
789 2808 869 2871 είς
906 2806 1002 2879 τὴν
1039 2808 1351 2875 πλεονεξίαν
1389 2828 1485 2864 σου
1525 2814 1618 2866 καὶ
1657 2815 1738 2877 εἰς
1767 2815 1838 2869 τὰ

255 2897 565 2968 ἀδικήματα
594 2914 688 2950 σου
709 2941 721 2964 ,
759 2901 853 2952 καὶ
881 2903 960 2965 είς
997 2902 1155 2971 φόνον
1183 2896 1278 2956 τοῦ
1310 2905 1504 2956 ποιεῖν.
1543 2923 1560 2955 ι
1596 2906 1836 2978 Δευτέρα

253 2986 307 3041 δὶ
332 2984 400 3058 ἦν
429 2990 462 3058 ὴ
510 2991 693 3055 νεᾶνις
722 2991 816 3045 καὶ
855 2993 1285 3066 ὲκπρεπεστέρα,
1333 2995 1477 3050 τοῦτ’
1505 2997 1669 3062 ἐστιν,
1713 3001 1746 3070 ὴ
1779 2997 1836 3065 ἐξ

1937 1803 2148 1857 cbelem
2195 1803 2476 1872 praestanti
2527 1803 2724 1870 forma,
2763 1821 2827 1860 ac
2871 1806 3052 1875 specie
3105 1823 3233 1862 sane
3284 1817 3515 1863 venusta

1936 1889 2104 1946 fuisse
2131 1909 2144 1944 :
2177 1891 2359 1961 itaque
2377 1891 2545 1947 Iacob
2564 1899 2576 1930 ‘-’
2593 1894 2981 1962 patriarcham,
3000 1896 3248 1964 quamvis
3269 1895 3515 1952 deditum

1937 1983 2109 2038 amori
2150 1983 2426 2048 Rachelis,
2480 1983 2701 2039 duxisse
2759 1993 2939 2040 tamen
3002 1985 3190 2049 Liam,
3223 1995 3516 2056 antequam

1935 2075 2235 2130 venustiori
2248 2076 2571 2146 jungeretur
2591 2077 2633 2129 ⁸.
2663 2076 2852 2147 Igitur,
2873 2077 2915 2132 si
2942 2077 3110 2146 ﬁgura
3142 2077 3209 2131 ad
3232 2079 3516 2133 veritatem

1941 2165 2312 2231 transferatur,
2335 2166 2536 2221 Christi
2564 2168 2876 2239 mysterium
2899 2169 3212 2238 perspicies.
3239 2169 3368 2224 Dum
3389 2178 3518 2224 sunt

1935 2255 2086 2308 enim
2111 2262 2318 2310 vocata:
2341 2255 2409 2309 ad
2441 2257 2754 2328 conjugium
2779 2257 3086 2327 spirituale,
3109 2258 3295 2328 illique
3311 2261 3517 2330 junctae

1937 2347 2232 2413 mulieres;
2271 2363 2334 2403 ac
2361 2349 2512 2418 prior
2542 2349 2630 2403 illa
2661 2356 2792 2402 natu
2821 2349 2992 2418 major
3011 2364 3109 2418 per
3129 2349 3368 2420 Moysen,
3393 2365 3517 2420 qua:

1938 2455 2228 2509 personam
2267 2440 2560 2512 Synagogze
2589 2440 2904 2496 Judzeorum
2939 2441 3168 2505 ferebat,
3189 2443 3278 2496 cui
3304 2442 3515 2496 dictum

1937 2541 2022 2589 est
2054 2549 2084 2588 a
2105 2534 2216 2588 Deo
2241 2549 2339 2602 per
2360 2548 2526 2588 voces
2557 2533 2948 2603 prophetarum
2981 2550 2993 2586 :
3037 2552 3052 2582 ι
3087 2531 3226 2587 Ecce
3256 2549 3363 2587 non
3387 2541 3516 2588 sunt

1938 2625 2083 2681 oculi
2127 2625 2228 2690 tui,
2253 2640 2433 2696 neque
2460 2640 2556 2680 cor
2587 2633 2741 2678 tuum
2781 2624 3094 2695 pulchrum,
3131 2622 3238 2679 nisi
3277 2623 3345 2678 ad
3385 2640 3514 2680 ava-

1938 2717 2142 2782 ritiam,
2183 2723 2239 2772 et
2264 2719 2332 2772 ad
2363 2715 2683 2786 iniquitates
2709 2722 2850 2777 tuas,
2895 2714 3038 2770 etad
3065 2713 3268 2770 caedem
3308 2715 3512 2770 facien-

1938 2807 2064 2863 dam
2106 2808 2144 2862 ‘.
2198 2825 2215 2859 ι
2264 2805 2516 2863 Secundo
2560 2807 2684 2862 loco
2733 2806 2896 2861 ducta
2934 2815 3018 2861 est
3057 2805 3396 2869 adolescens,
3449 2820 3516 2860 ac

1937 2899 2224 2954 venustior
2270 2898 2362 2953 illa
2395 2913 2461 2953 ex
2495 2898 2751 2968 gentibus
2789 2896 3053 2960 Ecclesia,
3089 2897 3189 2951 'cui
3230 2897 3401 2951 David
3427 2897 3512 2952 di-

1939 2990 2123 3044 cebat:
2161 3009 2178 3042 ι
2213 2990 2376 3055 Audi,
2397 2989 2525 3053 ﬁlia,
2551 2999 2606 3043 et
2637 2989 2784 3052 vide,
2817 2997 2873 3043 et
2903 2988 3103 3042 inclina
3131 3002 3318 3042 aurem
3341 2993 3510 3053 tuam,

251 3050 420 3134 ιθνὲιν
450 3050 768 3152 ζι-ῑκκληςὲίοι,
791 3082 927 3153 πρὸς
952 3050 1017 3155 ἦν
1034 3086 1062 3139 ι
1086 3050 1228 3150 θεῖος
1251 3050 1352 3158 ter;
1376 3050 1556 3140 Δασίδέ
1588 3107 1608 3140 ‹
1640 3050 1830 3142 ’λέσυῖ

1944 3092 2000 3136 et
2028 3083 2356 3138 obliviscere
2392 3081 2658 3152 populum
2689 3089 2842 3135 tuum
2878 3091 2935 3135 et
2967 3080 3187 3134 domum
3213 3078 3384 3148 patris
3406 3079 3509 3145 tui,

253 3187 364 3234 σον,
397 3171 655 3247 θύγατερ,
681 3176 774 3226 καὶ
798 3171 896 3241 ῐδε,
919 3175 1010 3228 καὶ
1038 3175 1214 3231 κλῖνον
1238 3176 1300 3231 τὸ
1328 3173 1420 3240 οὖς
1443 3195 1555 3243 σου,
1587 3179 1682 3234 καὶ
1709 3183 1830 3235 ὲπι-

252 3263 413 3316 λάθον
441 3262 538 3317 τοῦ
576 3263 708 3318 λαοῦ
743 3283 859 3331 σου,
891 3268 984 3320 καὶ
1013 3268 1108 3322 τοῦ
1151 3268 1304 3323 οἴκου
1329 3268 1425 3323 τοῦ
1467 3272 1671 3343 πατρός
1698 3286 1790 3328 σου
1817 3291 1830 3304 °

251 3357 329 3408 ὅτι
358 3355 709 3426 ἐπεθύμησεν
736 3357 764 3409 6
804 3358 1068 3424 Βασιλεὺς
1089 3359 1185 3414 τοῦ
1212 3361 1443 3426 κάλλους
1473 3380 1588 3419 σου.
1623 3384 1643 3418 ι
1677 3365 1838 3439 Εἴρη.

252 3462 336 3501 ται
377 3447 434 3501 δέ
471 3465 574 3501 που
637 3450 772 3521 πρὸς
809 3451 978 3523 αὐτὴν
1020 3453 1116 3507 καὶ
1152 3454 1232 3520 τὸ,
1276 3473 1294 3507 ι
1335 3455 1400 3511 Ui
1435 3457 1700 3529 ὀφθαλμοί
1739 3477 1831 3513 σου

256 3541 602 3612 περιστερᾶς.
655 3560 674 3594 ι
722 3542 926 3616 Νοητὺν
975 3544 1032 3598 δὲ
1076 3545 1280 3618 δήπου
1319 3549 1413 3602 καὶ
1461 3548 1834 3621 ὑπερκὸσμιον

255 3629 466 3699 ἀληθῶς
502 3633 604 3702 τῆς
644 3632 966 3705 Ἐκκλησίας
1001 3635 1063 3690 τὸ
1098 3637 1313 3701 κάλλος.
1354 3638 1664 3710 Γέγραπται
1697 3640 1828 3712 γὰρ,

255 3721 330 3772 ὅτι
362 3739 380 3771 ι
411 3722 568 3776 Πᾶσα
591 3723 625 3793 ἡ
646 3722 772 3790 δόξα
795 3724 892 3797 τῆς
928 3726 1200 3801 θυγατρὸς
1227 3727 1321 3782 τοῦ
1358 3729 1640 3800 βασιλέως,
1683 3733 1834 3786 Ἐσε-

255 3813 376 3866 ϐὡν.
409 3833 427 3865 ο
455 3814 532 3867 Τὸ
549 3815 626 3880 δὲ,
665 3815 920 3882 Ἐσεὸὼν,
950 3818 1152 3874 ἐσωθέν
1185 3822 1335 3876 ἐστιν
1370 3821 1637 3894 Ἑϐραίων
1657 3827 1827 3897 φωνῇ’

255 3905 503 3975 σώματος
536 3907 635 3977 μὲν
659 3908 768 3978 γὰρ
797 3908 1097 3981 ὀφθαλμοῖς
1132 3911 1230 3984 οὐχ
1259 3912 1557 3984 ἁλώσιμον,
1590 3913 1831 3986 καθαροῦ

254 3995 308 4048 δὲ
336 3997 424 4050 νοῦ
461 3999 794 4069 προσϐολαῖς
822 4001 1174 4058 εὐκάτοπτον.
1199 4005 1271 4058 Ἦ
1297 4005 1395 4076 οὐχ
1424 3997 1528 4061 ὧδε
1568 4005 1679 4077 ἔχει
1702 4023 1716 4071 ;

319 4088 528 4142 ΠΑΛΛ.
558 4089 708 4144 Πάνυ
743 4091 842 4162 μὲν
871 4087 984 4148 οὖν.

319 4179 476 4234 ΚὶῬ.
520 4180 731 4235 Οὐκοῦν
755 4183 816 4236 ού
848 4183 937 4238 διὰ
964 4186 1065 4257 τῆς
1098 4186 1240 4241 κατὰ
1263 4187 1426 4258 νόμον
1453 4189 1830 4259 παιδαγωγίας

255 4269 448 4322 κατίδοι
489 4286 574 4333 τις
619 4270 686 4324 ἂν
726 4271 787 4325 τὸ
814 4273 955 4327 θεῖόν
987 4293 1048 4329 τε
1090 4275 1184 4330 καὶ
1221 4276 1498 4349 ἀκήρατον
1527 4277 1742 4344 κάλλος,
1771 4281 1828 4332 ὲν

256 4357 461 4431 Χριστῷ
494 4360 554 4414 δὲ
589 4361 790 4431 μᾶλλον
816 4366 909 4418 καὶ
935 4368 1047 4429 τοῖς
1073 4367 1141 4419 δι’
1167 4367 1334 4421 αὐτοῦ
1364 4369 1748 4439 παιδεύμασιν.

319 4533 530 4588 ΠΑΛΔ.
568 4535 812 4607 Ἀληθές.

317 4624 482 4679 ΚΥΡ.
531 4625 738 4691 Ἱκανὸς
761 4628 818 4681 δὲ
845 4631 979 4700 πρὸς
1007 4631 1304 4704 λύτρωσιν,
1338 4627 1384 4686 ὧ
1419 4634 1700 4696 Παλλάδιε.
1732 4635 1828 4689 καὶ

256 4714 380 4781 πρός
420 4731 487 4782 γε
532 4715 594 4768 τὸ
642 4708 901 4773 δύνασθαι
940 4723 1119 4793 χειρός
1157 4740 1216 4776 τε
1258 4724 1352 4776 καὶ
1394 4725 1703 4797 τυραννίδος
1740 4725 1820 4790 ἐξα

254 4801 459 4858 ελέσθαι
484 4806 815 4881 διαὸολικῆς,
843 4811 960 4882 οὐχὶ
989 4813 1213 4885 Μωσῆς,
1243 4815 1275 4885 ἢ
1300 4815 1483 4885 νόμος,
1507 4816 1622 4870 ἀλλ’
1645 4818 1675 4870 ὁ
1696 4815 1828 4871 Μω-

257 4895 382 4959 σέως
420 4899 731 4969 Δεσπότης,
761 4902 902 4956 τοῦτ’
930 4903 1042 4957 ἐστι
1079 4905 1309 4976 Χριστὸς
1331 4947 1345 4969 ,
1385 4907 1480 4983 καὶ
1525 4908 1824 4980 μυστηρίου

255 4986 343 5038 τοῦ
375 4991 496 5043 κατ’
532 4992 694 5046 αὐτὸν
724 4994 758 5064 ἡ
784 4993 1035 5064 δύναμις.
1070 4997 1180 5050 Καὶ
1215 4995 1345 5064 γοῦν
1373 4997 1509 5051 Θεοῦ
1552 4997 1820 5066 λέγοντος

263 5092 280 5124 ι
320 5075 459 5133 Ἰδὼν
485 5078 628 5136 εἶδον
647 5081 748 5153 τὴν
769 5084 1012 5139 κάκωσιν
1037 5086 1132 5139 τοῦ
1162 5085 1292 5140 λαοῦ
1329 5106 1430 5159 μου
1458 5091 1516 5142 ὲν
1541 5089 1824 5160 Δίγύπτῳ,

260 5166 354 5216 καὶ
382 5172 475 5240 τῆς
512 5174 775 5244 κραυγῆς
808 5175 990 5228 αὐτῶν
1031 5177 1248 5247 ἀκήκοα
1289 5179 1397 5232 ἀπὸ
1427 5181 1535 5232 τῶν
1575 5180 1832 5250 ὲργοδιω-

261 5253 401 5308 κτῶν
419 5275 430 5287 ·
453 5255 566 5315 οἶδα
589 5263 699 5334 γὰρ
724 5263 918 5336 ὀδύνην
939 5266 1138 5330 αὐτῶν,
1162 5270 1250 5323 καὶ
1279 5270 1519 5341 κατέϐην
1548 5269 1828 5334 ἐξελέσθαι

260 5341 448 5412 αὐτοὺς
475 5354 536 5406 ἐκ
569 5355 753 5426 χειρὸς
780 5355 890 5408 τῶν
928 5359 1273 5424 Αίγυπτίων,
1305 5361 1594 5430 ἐξαγαγεῖν
1633 5363 1829 5425 αὐτοὺς

217 5501 232 5525 τ
253 5433 326 5484 ἐκ
351 5437 441 5509 τῆς
469 5445 567 5512 γῆς
599 5446 820 5515 ἐκείνης
853 5448 932 5511 εἰς
967 5451 1072 5518 γῆν
1102 5450 1311 5520 ἀγαθὴν
1339 5454 1431 5504 καὶ
1469 5451 1670 5522 πολλὴν
1691 5493 1704 5514 ,
1751 5455 1828 5514 εἰς

1936 3172 2064 3244 quia
2079 3172 2396 3243 concupivit
2435 3171 2551 3226 Rex
2589 3171 2826 3242 speciem
2860 3177 3008 3224 tuam
3037 3170 3078 3220 ".
3113 3187 3130 3218 ι
3182 3168 3399 3221 Dictum
3428 3176 3513 3222 est

1934 3264 1985 3317 ei
2015 3263 2250 3334 quodam
2273 3263 2413 3326 loco,
2449 3262 2614 3316 etiam
2646 3261 2800 3325 illud,
2841 3280 2859 3310 ‹
2901 3259 3058 3316 Oculi
3104 3257 3180 3312 tui
3227 3258 3369 3312 sicut
3413 3272 3510 3313 co-

1936 3355 2134 3411 lumbae
2168 3356 2209 3407 ⁸.
2268 3373 2285 3405 ι
2334 3354 2431 3408 Est
2485 3361 2669 3408 autem
2723 3351 3022 3422 spiritualis
3063 3350 3255 3419 procul
3304 3349 3507 3414 dubio,

1934 3457 2097 3518 atque
2167 3446 2410 3502 cmlestis
2444 3459 2634 3500 revera
2689 3444 2784 3498 illa
2836 3441 3094 3497 Ecclesia:
3134 3439 3505 3510 pulchritudo.

1933 3540 2209 3610 Scriptum
2229 3548 2314 3593 est
2333 3537 2482 3592 enim
2525 3554 2538 3589 :
2591 3534 2809 3591 «Omnis
2846 3533 3019 3605 gloria
3049 3530 3173 3586 ﬁlia:
3197 3530 3341 3600 regis
3372 3530 3506 3584 Esc-

1935 3631 2044 3685 bon
2066 3632 2108 3684 ⁹,
2146 3649 2163 3682 ι
2200 3629 2316 3684 lioc
2353 3636 2538 3684 autem
2568 3627 2822 3690 verbum,
2869 3623 3108 3687 Esebon,
3149 3621 3507 3677 Hebraeorum

1933 3721 2138 3793 lingua,
2198 3721 2510 3775 intrinsecus
2540 3718 2846 3790 signiﬁcat;
2874 3732 3053 3787 neque
3079 3715 3226 3771 enim
3265 3714 3352 3768 illa
3379 3729 3506 3784 spe-

1933 3815 2045 3869 cies
2074 3811 2324 3883 corporis
2380 3811 2556 3866 oculis
2587 3810 2907 3880 percipitur,
2950 3808 3046 3863 sed
3095 3821 3246 3876 pura:
3300 3803 3502 3858 mentis

1932 3903 2051 3959 acie
2077 3901 2437 3973 conspicitur.
2467 3901 2664 3955 Annon
2695 3901 2768 3954 ita
2798 3900 2922 3955 est?

2001 4076 2198 4133 PALL.
2234 4075 2464 4130 Maxime
2493 4089 2646 4128 vero.

1998 4165 2155 4222 CYR.
2178 4164 2297 4219 Non
2316 4178 2449 4233 ergo
2472 4162 2762 4232 quisquam
2796 4178 2892 4233 per
2915 4164 3049 4236 legis
3079 4166 3505 4236 institutionem,

1930 4256 2170 4312 divinam
2191 4256 2337 4310 illam
2354 4254 2836 4325 incorruptamque
2874 4256 3341 4325 pulchritudinem
3383 4276 3510 4331 per-

1857 4387 1900 4442 η
1928 4350 2110 4422 epicit,
2153 4348 2250 4404 sed
2297 4362 2392 4418 per
2431 4345 2713 4402 Christum
2767 4349 2967 4419 potius,
3022 4358 3079 4402 et
3119 4350 3238 4420 ejus
3258 4351 3507 4422 discipli-

1932 4457 2080 4498 nam.

2004 4532 2200 4589 PALL.
2227 4532 2339 4604 66
2361 4533 2562 4588 Verum
2595 4541 2696 4587 est.

2001 4627 2159 4683 ΟΥΕ.
2197 4626 2399 4682 Potens
2427 4635 2607 4681 autem
2640 4625 2707 4680 ad
2735 4639 2836 4679 nos
2867 4623 3219 4680 redimendos
3256 4626 3504 4681 eximen-

1935 4720 2142 4790 dosque
2195 4718 2262 4772 de
2319 4733 2482 4772 manu
2529 4717 2921 4786 dominatuque
2965 4715 3168 4771 diaboli
3213 4716 3334 4780 fuit,
3393 4733 3504 4773 non

1935 4811 2164 4882 Moyses,
2207 4817 2303 4863 aut
2358 4809 2466 4873 lex,
2530 4808 2627 4864 sed
2667 4807 2934 4863 Dominus
2979 4807 3183 4878 Moysi,
3230 4805 3500 4873 Christus,

1937 4901 2180 4972 inquam,
2217 4900 2445 4970 ejusque
2471 4897 2555 4954 vis
2600 4898 2952 4954 sacramenti.
2989 4896 3152 4954 Certe
3195 4913 3320 4953 cum
3358 4900 3503 4955 Deus

1933 4993 2142 5049 diceret
2175 5010 2188 5044 :
2217 5010 2234 5042 ι
2265 4990 2468 5046 Videns
2494 4990 2606 5045 vidi
2644 4989 2991 5046 amictionem
3025 4989 3212 5060 populi
3254 4990 3382 5055 mei,
3409 4991 3502 5061 qui

1928 5093 2015 5140 est
2047 5085 2103 5140 in
2129 5081 2383 5154 Egypto,
2416 5090 2472 5136 et
2499 5082 2798 5137 clamorem
2827 5096 3023 5136 eorum
3051 5081 3237 5138 audivi
3278 5090 3502 5153 propter

1927 5183 2211 5230 exactores
2251 5189 2480 5245 operum
2510 5191 2522 5226 :
2576 5173 2691 5229 scio
2733 5172 2882 5227 enim
2910 5171 3156 5227 dolorem
3193 5187 3408 5236 eorum,
3444 5177 3500 5224 et

1927 5265 2184 5322 descendi
2218 5273 2280 5319 ut
2305 5265 2532 5320 liberem
2562 5280 2660 5320 eos
2683 5279 2752 5319 ex
2789 5279 2955 5318 manu
2993 5262 3396 5335 Egyptiorum,
3440 5272 3498 5316 et

1927 5356 2156 5410 educam
2177 5371 2274 5412 eos
2301 5373 2368 5411 ex
2397 5365 2542 5412 terra
2572 5355 2682 5419 illa,
2704 5362 2762 5408 et
2782 5353 3038 5408 inducam
3065 5353 3188 5406 illos
3211 5353 3264 5406 in
3297 5361 3498 5405 terram

1927 5449 2127 5504 bonam
2174 5462 2230 5503 et
2275 5451 2524 5514 multam,
2568 5450 2624 5504 in
2663 5458 2863 5503 terram
2913 5455 3222 5501 manantem
3278 5445 3384 5500 mel
3441 5453 3500 5502 et

329 5551 514 5635 fJoan.
543 5561 718 5635 v_,_37.
743 5633 754 5635 4
793 5550 999 5635 idean.
1041 5579 1148 5626 XIV,
1190 5565 1241 5618 8.
1319 5567 1339 5597 ⁸
1373 5568 1530 5632 Ibid,
1556 5569 1608 5622 9.
1688 5570 1707 5600 ⁸
1730 5568 1864 5621 Gen.
1893 5583 2034 5624 xxix.
2077 5566 2144 5618 16
2176 5582 2328 5635 seqq.
2407 5566 2425 5592 “
2449 5567 2648 5618 Jerom.
2682 5577 2810 5619 xvii,
2844 5559 2928 5612 Π.
3007 5559 3025 5588 ⁷
3059 5556 3199 5614 P881.
3234 5575 3374 5625 XLIV,
3405 5557 3495 5615 η.

256 5620 277 5650 ⁸
303 5620 456 5682 Cant.
487 5645 538 5694 ν,
575 5620 659 5684 i2.
739 5633 758 5663 ’
791 5631 931 5686 Psal.
975 5649 1114 5695 των,
1139 5620 1234 5690 ⁷14.
