3954 6200
448 279 572 334 ’250

1475 268 1538 321 ’8.
1581 267 1854 322 C’YRILLI
1889 267 2358 324 ALEXANDRINI
2395 269 2710 326 ARCHIEP.

3607 272 3708 328 240

471 393 551 447 lac
585 392 649 459 ‘°;
683 409 700 443 ι
725 383 1260 458 cumqueiiis-yerbis
1277 379 1539 436 continuo
1556 380 1890 439 addidisset:
1937 400 1954 432 ι
1974 381 2040 436 Ει

2164 382 2242 452 ’ἦν
2271 383 2498 453 ῥέουσαν
2536 381 2676 453 γάλα
2702 383 2797 438 καὶ
2827 384 2967 454 μέλι.
3009 402 3030 434 ι
3073 383 3182 436 Καὶ
3211 385 3590 455 προστιθέντος
3622 389 3716 459 εὐ.-

469 501 617 543 nunc
651 499 779 540 ecce
812 484 1018 538 clamor
1047 478 1282 533 ﬁliorum
1323 475 1490 530 Israel
1536 475 1688 530 venit
1729 475 1798 530 ad
1827 490 1946 541 me;
1984 483 2041 530 et

468 578 581 650 ego'
602 575 715 632 vidi
756 572 1104 629 aﬁlictioncm
1143 583 1250 639 qua
1286 565 1524 639 [Egyptii
1553 567 1986 636 Opprimuntcos
2023 583 2037 619 :

468 679 524 724 et
543 682 690 722 nunc
704 663 846 726 veni,
862 661 1071 716 mittam
1095 667 1148 714 te
1165 658 1232 714 ad
1253 659 1590 713 Pharaonem
1607 672 1787 727 regem
1805 655 2040 726 Egypti,

468 769 523 814 et
576 757 778 812 educes
829 752 1091 824 populum
1140 766 1346 814 meum,
1400 749 1539 804 ﬁlios
1582 749 1747 803 Israel
1788 763 1854 802 ex
1899 756 2042 802 terra

468 847 686 920 Egypti
719 847 797 899 “:
833 865 850 897 ι
891 852 1079 914 aperte
1115 857 1180 897 ac
1215 842 1395 912 palam
1443 839 1762 895 reclamavit
1788 839 1997 910 Moyses
2027 856 2039 890 :

475 959 492 990 ί
538 939 672 1005 Quis
714 951 834 990 sum
874 949 996 1005 ego,
1033 940 1092 986 ut
1128 931 1321 986 vadam
1381 929 1449 984 ad
1500 930 1838 984 Pharaonem
1863 944 2044 1000 regem

465 1031 705 1103 JEgypti,
736 1040 792 1084 et
832 1036 894 1083 ut
924 1027 1152 1082 educam
1196 1025 1342 1079 ﬁlios
1373 1023 1537 1079 Israel
1578 1039 1646 1078 ex
1682 1032 1830 1078 terra
1874 1022 2043 1094 Egy-

468 1121 545 1191 pti
575 1124 616 1154 ¹²
646 1121 668 1174 ?
693 1141 710 1171 ι
739 1118 880 1174 Num
902 1117 1066 1188 igitur
1089 1130 1280 1186 parum
1310 1123 1396 1170 est
1431 1113 1658 1169 evidens
1687 1114 1804 1168 haec
1837 1112 2046 1184 ﬁgura?

469 1221 524 1267 et
570 1213 661 1266 hic
710 1208 999 1266 recusandi
1047 1207 1245 1262 modus
1289 1221 1472 1261 nonne
1514 1206 1582 1261 ad
1625 1221 1753 1260 eum
1783 1205 2042 1270 refertur,

470 1304 564 1374 qui
594 1302 818 1358 inﬁnitis
833 1299 1083 1370 partibus
1111 1291 1362 1368 superior
1381 1306 1469 1352 est
1492 1305 1655 1367 atque
1681 1295 2044 1367 praestantior,

473 1397 528 1451 id
552 1403 656 1458 est,
696 1393 764 1448 ad
804 1390 1124 1447 Christum?
1157 1389 1377 1458 Alioqui
1429 1390 1534 1444 hoc
1583 1390 1762 1459 ipsum
1819 1387 2043 1445 dicere:

471 1489 605 1556 Quis
623 1486 779 1542 sum?
797 1487 1042 1554 ineptum
1063 1498 1194 1537 sane
1211 1490 1374 1537 esset.
1392 1481 1558 1551 Atqui
1576 1479 1734 1535 facile
1755 1478 2048 1534 admodum

473 1581 685 1643 fuisset,
728 1577 962 1648 populos
1002 1575 1240 1644 eripere,
1278 1589 1342 1628 ac
1375 1573 1606 1628 salutem
1649 1573 1907 1643 gentibus
1950 1588 2048 1643 pa-

475 1686 615 1734 rere,
641 1669 710 1723 ad
741 1667 1159 1734 libertatemque
1184 1679 1462 1728 revocare,
1504 1663 1550 1718 si
1584 1664 1708 1735 ejus
1752 1663 1916 1728 vires,
1951 1663 2046 1734 qui

476 1762 597 1816 illos
632 1760 688 1814 in
715 1758 981 1814 servitute
1029 1756 1362 1812 constrictos
1395 1753 1638 1819 tenebat,
1681 1753 1914 1819 Satanas,
1956 1755 2039 1810 in-

473 1859 658 1922 quam,
690 1849 888 1904 attritxe
925 1859 1088 1918 atque
1113 1854 1388 1902 enervata:
1411 1845 1664 1900 fuissent.

544 1942 738 1998 PALL.
797 1940 1047 1995 Profecto
1102 1939 1424 1994 facillimum
1477 1956 1490 1991 :
1545 1944 1695 1992 recte
1752 1935 1899 1992 enim
1960 1936 2048 1992 di-

444 2038 571 2093 ποίει.

541 2125 699 2180 CYR.
745 2122 924 2190 Quid?
963 2137 1144 2177 nonne
1197 2121 1328 2176 hinc
1371 2135 1592 2192 quoque
1627 2135 1854 2191 prorsus
1893 2119 2050 2176 facile

474 2225 560 2270 est
614 2213 836 2280 videre,
893 2213 1140 2268 omnium
1191 2211 1477 2266 hominum
1532 2211 1726 2266 salutis
1771 2220 2050 2266 auctorem

475 2307 644 2362 fuiSse
671 2306 1010 2378 unigenitum
1029 2303 1126 2358 Dei
1154 2302 1391 2358 Filium?
1430 2303 1604 2375 ipsius
1635 2302 1782 2357 enim
1821 2319 1924 2373 ope
1962 2319 2052 2358 re-

472 2400 683 2472 dempti
713 2415 921 2462 sumus,
951 2405 1138 2468 atque,
1170 2405 1231 2452 ut
1258 2397 1338 2452 ait
1365 2396 1634 2467 propheta
1663 2413 1676 2449 :
1707 2414 1726 2446 ι
1754 2395 1873 2450 Non
1908 2395 2054 2466 lega-

477 2501 585 2556 tus,
657 2507 769 2547 non
825 2489 1052 2561 angelus
1085 2529 1100 2553 ,
1157 2486 1252 2542 sed
1327 2487 1443 2556 ipse
1499 2485 1764 2540 Dominus
1826 2485 2055 2540 salvavit

477 2596 579 2636 nos
598 2581 702 2634 ¹³.’›
1689 2626 1698 2632 .
2016 2578 2020 2582 ’

547 2669 743 2727 PALL.
764 2667 1082 2725 Undenam?
1109 2680 1314 2736 quasso.

546 2761 704 2817 CYR.
753 2760 898 2814 Deus
951 2759 1098 2812 enim
1151 2756 1530 2811 universorum
1571 2755 1833 2826 pracepit
1886 2754 2054 2826 Moysi

447 2895 452 2900 .
479 2851 699 2908 disertis
716 2844 919 2912 verbis,
951 2856 1012 2902 ut
1038 2847 1155 2902 sine
1173 2845 1521 2901 cunctatione
1546 2853 1800 2916 pergeret
1829 2844 1898 2900 ad
1915 2845 2057 2900 ﬁlios

479 2943 668 3008 Israel,
699 2941 874 3010 iisque
892 2939 1070 3010 palam
1102 2937 1331 3003 diceret,
1368 2936 1517 3007 quod
1553 2935 1860 3006 adjutorem
1891 2945 2056 3006 atque

2143 473 2267 538 θύς·
2310 493 2330 527 ι
2384 476 2494 529 Kal
2525 475 2620 530 νῦν
2653 475 2761 530 ίδού
2807 477 2841 548 ή
2879 477 3095 546 κραυγὴ
3129 475 3238 530 τῶν
3289 476 3422 530 υἱῶν
3477 478 3708 552 Ἰσραὴλ,

2141 566 2266 636 ᾗκει
2294 565 2426 637 πρός
2460 583 2560 637 με’
2602 565 2755 636 κάγὼ
2783 567 3005 639 ἑώρακα
3034 567 3125 620 τὸν
3155 567 3424 638 θλιμμδν,
3454 570 3513 623 6v
3542 573 3592 624 οί
3619 574 3712 627 Δί-

2142 658 2358 727 γύπτιοι
2386 659 2656 713 θλίϐουσιν
2691 660 2916 725 αὐτούς·
2954 659 3046 714 καὶ
3087 659 3181 714 νῦν
3220 659 3402 733 δεῦρο,
3436 663 3713 719 ἀποστελῶ

2145 769 2206 805 σε
2249 752 2386 823 πρὸς
2417 751 2612 823 Φαραὼ
2650 752 2872 822 βασιλέα
2907 751 3185 821 Αἰγύπτου
3207 793 3223 819 ,
3263 755 3355 807 καὶ
3389 754 3594 820 ἐξάξεις
3624 758 3712 812 τὸν

2149 841 2278 896 λαόν
2307 861 2432 914 μου,
2455 845 2577 907 τοὺς
2593 845 2741 907 υίούς
2771 844 3006 915 Ἰσραὴλ,
3036 845 3101 896 ἐκ
3123 844 3227 914 γῆς
3253 845 3591 913 Αίγύπτουη
3622 865 3713 901 σα-

2145 933 2261 1002 φῶς
2310 933 2368 988 δέ
2407 935 2501 987 καί
2547 933 2840 1004 διαρρήδην
2885 935 3244 1006 ἀνεκεκράγει
3274 935 3514 1006 Μωσῆςο
3553 956 3572 989 ι
3622 937 3716 1003 Τίς

2145 1028 2259 1096 εἰμι
2295 1025 2434 1096 ἐγὼ,
2469 1028 2551 1080 ὅτι
2583 1026 2920 1098 πορεύσομαι
2949 1028 3084 1099 πρὸς
3125 1027 3322 1099 Φαραὼ
3368 1029 3586 1099 βασιλέα
3625 1032 3719 1085 Δί-

2146 1117 2372 1186 γύπτου,
2418 1119 2514 1172 καὶ
2558 1119 2641 1172 ὅτι
2681 1115 2855 1182 ἐξάξω
2897 1119 3024 1181 τοὺς
3064 1117 3214 1181 υίοὺς
3264 1118 3478 1191 Ἰσραὴλ
3518 1121 3582 1174 ἐκ
3617 1125 3719 1192 γῆς

2147 1209 2459 1278 Αίγύπτους
2499 1227 2518 1262 ι
2546 1205 2612 1262 *Α
2624 1211 2673 1281 ρ’
2698 1204 2790 1263 οὖν
2813 1210 2914 1262 οὐκ
2936 1209 3172 1278 ἐναργὴς
3197 1211 3225 1263 6
3249 1209 3438 1274 τύπος,
3463 1212 3554 1264 καὶ
3575 1214 3602 1266 6
3622 1217 3722 1284 τῆς

2149 1303 2529 1372 παραιτήσεως
2556 1301 2756 1372 τρόπος
2781 1301 2900 1372 οὐχὶ
2927 1300 3026 1372 τὴν
3051 1302 3329 1373 ἀναφορὰν
3359 1304 3451 1356 ἐπὶ
3471 1302 3534 1356 τὸ
3557 1304 3724 1374 ἀσυγ-

2149 1393 2349 1464 κρίτως
2375 1393 2707 1466 ὑπερτεροῦν
2733 1395 2825 1447 καὶ
2845 1380 3240 1464 ὑπερκείμενον
3264 1393 3396 1465 ἔχει,
3419 1393 3563 1448 τοῦτ’
3582 1395 3720 1462 ἐστι,

2151 1487 2416 1556 Χριστόν;
2448 1486 2536 1550 Ὠς
2555 1486 2634 1551 τὸ,
2656 1506 2674 1537 ι
2699 1485 2795 1549 Τίς
2811 1485 3079 1557 είμιέγὼς
3104 1504 3122 1536 ι
3147 1485 3324 1554 λέγειν
3352 1486 3688 1558 ἀνάρμοστον
3706 1505 3720 1519 ·

2151 1577 2374 1641 εὐπετὲς
2395 1578 2452 1631 δὲ
2475 1577 2591 1631 λίαν
2617 1577 2678 1631 τδ
2712 1576 2987 1644 ἐξελέσθαι
3013 1577 3196 1641 λαοὺς,
3225 1576 3320 1630 καί
3346 1577 3542 1641 σώζειν
3569 1578 3722 1651 ἔθνη,

2153 1670 2246 1724 καὶ
2269 1669 2624 1740 ἀποκομίζειν
2658 1671 2738 1732 είς
2763 1667 3078 1738 ἐλευθερίαν
3099 1709 3112 1729 ,
3143 1670 3599 1742 συντετριμμένου
3633 1672 3727 1725 καὶ

2149 1758 2634 1832 ἀτονήσαντος,τοῦ
2656 1759 2789 1834 πρὸς
2811 1757 3053 1812 δουλείαν
3075 1758 3386 1830 συνέχοντος
3423 1761 3566 1816 τοῦτ’
3586 1762 3723 1828 ἔστι,

2149 1849 2243 1904 τοῦ
2275 1851 2510 1906 Σατανᾶ.

2219 1944 2428 1998 ΠΑΛΛ.
2462 1944 2899 2000 Εὐπετέστατονο
2933 1943 3072 2018 ἔφης
3101 1944 3211 2018 γὰρ
3245 1944 3423 2016 ὀρθῶς

2221 2122 2387 2178 ΚΥΡ.
2433 2123 2498 2177 Τί
2543 2122 2633 2186 ag;
2669 2122 2789 2193 οὐχὶ
2833 2119 3130 2176 κάντεῦθεν
3176 2121 3304 2177 ἰδεῖν
3349 2123 3730 2198 ἀταλαίπωρον

2151 2216 2460 2281 παντελῶς,
2488 2217 2570 2270 ὅτι
2598 2215 2696 2287 τῆς
2732 2215 2989 2269 ἀπάντων
3024 2215 3297 2286 σωτηρίας
3343 2200 3609 2286 πρύτανις
3641 2216 3732 2284 γέ-

2150 2325 2306 2378 γονεν
2339 2311 2367 2362 6
2409 2309 2756 2378 Μονογενής;
2797 2308 2864 2361 δι’
2898 2307 3064 2362 αὐτοῦ
3106 2307 3216 2378 γάρ
3260 2306 3730 2378 ἐκλελυτρώμεθα,

2152 2396 2245 2451 καί
2275 2413 2439 2465 φησιν
2467 2397 2494 2450 6
2534 2397 2818 2468 προφήτης
2837 2411 2852 2427 ο
2893 2413 2911 2447 ι
2950 2396 3023 2450 Οὐ
3054 2395 3316 2468 πρέσϐυς,
3352 2397 3450 2450 οὐκ
3481 2397 3729 2466 ἄγγελος,

2152 2487 2266 2542 ἀλλ’
2301 2487 2464 2552 αὐτὸς
2501 2488 2529 2541 6
2568 2487 2772 2557 Κύριος
2801 2486 3004 2542 έσωσεν
3035 2488 3202 2559 ἡμᾶς.
3249 2507 3268 2540 ι

2225 2664 2432 2720 ΠΑΛΛ.
2467 2663 2637 2717 Πόθεν
2669 2663 2835 2734 ἐφηςς

2226 2757 2390 2812 ΚΥΡ.
2441 2757 2500 2809 '0
2535 2757 2633 2828 μέν
2668 2757 2778 2827 γάρ
2811 2755 2921 2810 τῶν
2945 2756 3084 2811 ὅλων
3108 2757 3238 2821 Θεδς
3267 2759 3438 2831 Μωσῇ
3483 2762 3734 2816 κεκέλευ-

2160 2868 2252 2905 κεν
2291 2849 2571 2922 ἐναργῶς,
2603 2849 2906 2904 ἀοκνότατα
2945 2849 3042 2920 μέν
3097 2850 3231 2904 ἰέναι
3271 2851 3404 2923 πρὸς
3429 2855 3557 2918 τοὺς
3589 2857 3739 2919 υἱοὺς

2171 2941 2404 3012 Ἰσραὴλ,
2440 2943 2613 2995 εἰπεῖν
2641 2941 2698 2995 δέ
2727 2941 3029 3009 ἀναφανδὸν
3065 2941 3142 3005 ῶς
3175 2942 3389 3012 ἀρωγὸν
3419 2945 3513 2998 καὶ
3544 2947 3740 3017 συλλή-

459 3042 772 3107 patronum
805 3031 1074 3086 haberent
1108 3030 1304 3094 Deum,
1345 3029 1439 3100 qui
1469 3028 1654 3083 omnia
1694 3036 1894 3098 potest,
1927 3044 2053 3084 eum

2164 3051 2333 3106 πτορα
2359 3034 2449 3087 τὸν
2495 3034 2673 3089 πάντα
2718 3032 2972 3105 ίσχύοντα
3009 3034 3264 3099 λαϐόντες
3297 3035 3450 3101 Θεὸν,
3485 3039 3736 3110 ἀποφορ-

481 3125 738 3182 facillime
767 3123 1050 3180 servitutis
1074 3121 1338 3193 «Egyptiae
1374 3121 1681 3176 molestiam
1711 3121 2053 3187 levaturum;

459 3217 609 3272 .illos
646 3217 776 3271 item
809 3216 1034 3270 domum
1069 3213 1250 3270 denuo
1282 3213 1590 3280 redituros;
1624 3222 1680 3268 et
1728 3213 1822 3268 ubi
1859 3213 1928 3268 ad
1958 3228 2057 3284 pa-

486 3319 632 3363 trum
654 3323 881 3363 suorum
919 3307 1228 3362 libertatem
1269 3305 1557 3370 redierint,
1597 3304 1714 3359 fore
1768 3312 1830 3359 ut
1855 3311 2056 3359 terram

485 3405 728 3454 sanctam
769 3397 1105 3461 incolerent;
1154 3393 1339 3464 ibique
1387 3393 1561 3464 copiis
1614 3407 1679 3448 ac
1717 3391 1898 3456 bonis,
1937 3407 2059 3461 qua:

488 3497 603 3566 ipse
649 3494 1102 3566 suppeditaturus
1147 3498 1329 3556 esset,
1377 3489 1681 3562 largissime
1722 3488 2056 3544 fruerentur.

455 3597 462 3604 '
490 3587 786 3657 Respondit
805 3595 1010 3649 autem,
1030 3584 1227 3654 inquit,
1256 3583 1484 3654 Moyses,
1512 3597 1576 3636 ac
1604 3580 1741 3634 dixit
1768 3598 1781 3633 :
1812 3598 1830 3631 ι
1869 3579 1925 3634 Si
1949 3594 2059 3634 non

465 3676 827 3734 crediderint
864 3676 1033 3740 mihi,
1073 3689 1251 3743 neque
1294 3673 1570 3728 audierint
1612 3686 1802 3727 vocem
1845 3686 2056 3735 meam;

453 3810 470 3820 ..
489 3769 673 3824 dicent
729 3768 898 3832 enim,
942 3765 1089 3836 quod
1115 3765 1236 3820 Non
1269 3765 1519 3837 apparuit
1574 3763 1673 3820 tibi
1718 3764 2059 3835 Deus;quid

489 3863 664 3917 dicam
693 3861 762 3916 ad
787 3859 920 3916 eos?
942 3859 1089 3914 Dixit
1121 3868 1302 3914 autem
1329 3858 1381 3913 ei
1422 3857 1686 3913 Dominus
1711 3876 1724 3912 :
1755 3857 1897 3926 Quid
1921 3858 2058 3913 illud

455 3987 468 4000 ε
488 3961 570 4008 est
584 3951 730 4020 quod
747 3949 915 4004 babes
937 3948 991 4003 in
1009 3964 1171 4004 manu
1187 3949 1208 4002 ?
1224 3947 1320 4003 Ille
1345 3954 1527 4002 autem
1546 3946 1701 4012 dixit,
1723 3947 1831 4019 67
1861 3946 2022 4018 Virga
2043 3964 2057 4001 :

464 4049 545 4096 ,et
577 4041 714 4096 dixit
749 4039 998 4110 :Projice
1022 4055 1142 4094 eam
1165 4039 1222 4094 in
1277 4049 1505 4094 terram.
1563 4039 1631 4094 Et
1687 4040 1917 4111 projecit
1939 4055 2060 4096 eam

461 4135 545 4188 uin
563 4142 782 4197 terram,
805 4143 859 4188 et
879 4132 1021 4188 facta
1037 4141 1122 4187 cst
1143 4132 1400 4197 coluber;
1417 4139 1474 4188 et
1491 4131 1632 4203 fugit
1653 4131 1864 4205 Moyses
1887 4132 1958 4188 ab
1971 4148 2057 4188 eo.

463 4223 558 4278 :Et
582 4221 720 4276 dixit
744 4223 1006 4277 Dominus
1029 4221 1097 4276 ad
1119 4221 1338 4293 Moysen
1357 4240 1370 4274 :
1387 4221 1630 4277 Extende
1647 4237 1870 4277 manum
1889 4230 2058 4288 tuam,

460 4323 544 4368 μοι
574 4312 925 4384 apprehende
969 4313 1218 4368 caudam.
1267 4313 1584 4367 Extendens
1625 4312 1792 4382 igitur
1837 4326 2060 4367 manum

2163 3127 2404 3181 τιοῦνται
2447 3125 2546 3196 μὲν
2593 3124 2829 3190 εὐκόλως
2867 3124 2968 3195 τῆς
3013 3126 3072 3179 ἐν
3103 3127 3364 3199 Δίγύπτῳ
3401 3128 3649 3194 δουλείας
3681 3132 3738 3184 τὺ

2164 3215 2456 3287 δυσαχθές,
2485 3215 2666 3269 οἴκαδέ
2710 3232 2773 3284 γε
2827 3215 2933 3286 μὴν
2965 3216 3261 3287 ἀπαίρουσι
3300 3218 3488 3285 πάλιν,
3523 3221 3621 3274 καὶ
3664 3223 3740 3285 είς

2163 3308 2261 3379 τὴν
2302 3308 2408 3362 τῶν
2447 3307 2698 3379 πατέρων
2737 3307 3052 3380 ἐλευθερίαν
3103 3309 3561 3382 ἀναφοιτήσαντες
3585 3351 3601 3375 ,
3642 3314 3739 3384 τὴν

2166 3402 2327 3470 ἁγίαν
2354 3401 2636 3470 οίκήσουσι
2659 3401 2763 3471 γῆν
2783 3417 2796 3431 ο
2829 3401 2946 3454 ἐκεῖ
2967 3417 3025 3453 τε
3054 3400 3322 3466 πλουσίως
3349 3405 3459 3467 τοῖς
3483 3407 3618 3475 παρ’
3646 3406 3742 3458 αὐ-

2165 3491 2258 3546 τοῦ
2315 3490 2692 3562 δοθησομένοις
2752 3492 3238 3564 ἐνσπαταλήσωσιν
3298 3495 3539 3563 ἀγαθοῖς.
3614 3498 3741 3550 Ἀπ-

2167 3583 2379 3654 εκρίθη,
2411 3583 2596 3653 φησιν,
2624 3584 2652 3636 6
2685 3583 2889 3654 Μωσῆς
2925 3583 3020 3637 καὶ
3059 3580 3212 3637 εἶπεν
3235 3602 3246 3616 ·
3294 3603 3313 3637 ι
3367 3586 3491 3639 Ἐὰν
3530 3586 3604 3656 μὴ
3653 3604 3743 3640 πιο

2168 3672 2434 3728 στεύσωσί
2464 3690 2577 3744 μοι,
2609 3673 2741 3744 μηδέ
2769 3673 3043 3728 ἀκούσωσι
3077 3693 3178 3746 μου
3203 3678 3302 3746 τῆς
3323 3677 3506 3747 φωνῆς
3533 3679 3741 3748 (ἐροῦσι

2167 3769 2296 3838 γὰρ,
2328 3767 2410 3820 ὅτι
2434 3767 2547 3820 Οὐκ
2580 3761 2761 3820 ὦπταί
2785 3783 2867 3818 σοι
2886 3769 2914 3820 6
2937 3767 3112 3833 Θεὸς),
3137 3768 3189 3820 τί
3215 3767 3324 3838 ἐρῶ
3349 3769 3484 3840 πρὸς
3509 3771 3738 3834 αὐτούςς

2167 3856 2300 3912 Εἶπε
2321 3857 2376 3911 δὲ
2400 3858 2550 3930 αὐτῷ
2578 3861 2607 3912 6
2637 3857 2859 3929 Κύριοςο
2899 3858 2965 3910 Τί
2990 3857 3150 3912 τοῦτό
3185 3860 3302 3914 ἐστι
3337 3859 3398 3913 τὺ
3421 3861 3478 3913 ἐν
3503 3864 3568 3931 τῇ
3597 3863 3743 3932 χειρί

2170 3968 2296 4018 σου;
2330 3951 2386 4004 '0
2417 3949 2472 4004 δέ
2502 3947 2644 4014 εἷπε,
2673 3949 2915 4012 Ῥάϐδος’
2944 3950 3038 4004 καὶ⁹
3065 3946 3210 4004 εῐπε⁶
3242 3951 3426 4022 Ῥίψον
3451 3952 3624 4024 αὐτὴν
3652 3955 3742 4007 ἐπὶ

2167 4041 2264 4114 τὴν
2285 4043 2405 4113 γῆν.
2433 4043 2541 4097 Καὶ
2572 4041 2792 4116 ἔρριψεν
2821 4041 2988 4112 αὐτὴν
3018 4043 3111 4097 ἐπὶ
3134 4043 3234 4114 τὴν
3259 4044 3382 4114 γῆν,
3411 4044 3505 4098 καὶ
3525 4045 3743 4114 ἐγένετο

2167 4133 2290 4203 ὄφις
2313 4151 2326 4164 ·
2349 4133 2443 4187 καὶ
2473 4133 2640 4203 ἐφυγε
2669 4134 2872 4203 Μωσῆς
2901 4133 2998 4208 ἀπῖ
3022 4133 3208 4188 αὐτοῦ.
3251 4137 3362 4190 Kal
3392 4131 3512 4189 εἷπε
3536 4134 3744 4208 Κύριος

2168 4225 2304 4296 πρὸς
2341 4225 2568 4295 Μωσῆν·
2601 4223 2849 4278 Ἔκτεινε
2892 4205 2998 4296 τὴν⁸
3021 4226 3179 4296 χεῖρά
3223 4243 3338 4290 σου,
3364 4227 3457 4280 καὶ
3482 4205 3745 4280 ἐπιλαϐοῦ

2166 4316 2266 4385 τῆς
2298 4316 2518 4388 κέρκου.
2557 4317 2666 4369 Kal
2703 4317 2950 4380 ἐκτείνας
2983 4317 3080 4389 τὴν
3115 4320 3290 4388 χεῖρα,
3325 4319 3622 4373 ἐπελάϐετο
3649 4321 3748 4390 τῆς

480 4405 851 4477 apprehendit
893 4405 1145 4470 caudam,
1199 4411 1256 4459 et
1295 4403 1438 4457 facta
1477 4410 1562 4456 est
1596 4402 1750 4472 virga
1793 4401 1851 4456 in
1892 4414 2053 4458 manu

2167 4411 2387 4482 κέρκου,
2417 4411 2510 4465 καὶ
2535 4412 2749 4480 ἐγένετο
2772 4413 2965 4483 ῥάϐδος
2988 4414 3046 4467 ἐν
3082 4416 3147 4486 τῇ
3175 4416 3318 4487 χειρὶ
3347 4415 3530 4468 αὐτοῦ.
3575 4435 3594 4466 ο

467 4498 606 4567 κοίης
649 4497 712 4551 ιι.
739 4517 757 4548 ι

549 4587 750 4642 .PALL.
773 4589 1053 4642 Insuetum
1075 4601 1226 4649 sane,
1269 4598 1583 4654 novumque
1602 4584 1946 4649 miraculum,
1968 4584 2072 4656 Cy-

491 4681 659 4736 rille-:
696 4679 829 4749 quid
859 4689 1042 4734 autem
1081 4677 1391 4748 signiﬁcare
1427 4677 1582 4741 velit,
1607 4677 1837 4744 dissere,
1871 4679 1917 4732 si
1948 4679 2068 4748 pla-

489 4778 598 4836 cet,
633 4785 664 4844 a
683 4769 884 4839 capite.

556 4859 714 4916 CYB.
768 4859 1037 4930 Equidem
1075 4858 1360 4914 disseram.
1407 4858 1546 4914 Cum
1576 4873 1675 4928 per
1707 4857 1878 4914 multa
1922 4867 2063 4913 tem-

485 4966 621 5021 pora
644 4951 789 5006 inter
836 4949 1124 5022 IEgyptios
1178 4949 1378 5006 versati
1429 4957 1616 5005 essent
1663 4949 1957 5015 Israelita,
2007 4959 2064 5005 et

491 5041 700 5096 nullum
739 5053 886 5098 esset
918 5041 1130 5112 peccati
1177 5055 1350 5112 genus
1386 5041 1439 5096 in
1473 5041 1621 5111 quod
1657 5040 1793 5112 lapsi
1835 5055 1944 5095 non
1971 5055 2062 5096 es-

485 5141 882 5202 sent,cumque
905 5133 1277 5203 voluptatibus
1299 5131 1376 5185 illi
1405 5132 1614 5203 regioni
1640 5131 1876 5202 propriis
1909 5131 2064 5188 oble-

490 5231 791 5288 ctarentur,
830 5239 940 5278 non
966 5223 1250 5294 ignorabat
1297 5222 1528 5293 Moyses,
1581 5221 1863 5292 segniores
1893 5237 1958 5278 ea
1999 5223 2067 5278 de

489 5329 653 5372 causa
674 5311 846 5369 factos
873 5327 1015 5377 esse,
1042 5321 1206 5382 atque
1241 5309 1530 5382 ejusmodi,
1561 5317 1790 5379 ut.a:gre
1820 5308 1887 5364 ad
1919 5324 2070 5364 com-

492 5405 773 5476 ponendos
810 5421 990 5461 mores
1039 5403 1249 5459 traduci
1282 5409 1506 5473 possent
1541 5400 1696 5455 :fore
1747 5409 1932 5454 autem
1981 5415 2069 5455 sa-

478 5498 704 5568 pienter
732 5499 979 5571 putabat,
1023 5508 1082 5573 ut
1127 5511 1353 5568 operum
1372 5493 1544 5564 .labor
1601 5491 1952 5561 compelleret
2001 5492 2070 5547 ad

566 5685 607 5715 ¹⁰
647 5683 816 5738 Exod.
851 5702 903 5739 Ill
957 5687 986 5738 7
1013 5701 1164 5748 seqq.
1270 5685 1310 5716 ¹¹
1343 5683 1502 5748 lbid.,
1547 5682 1599 5736 9.
1709 5683 1748 5712 "
1784 5680 1946 5741 Ιίτίἀ,,
1982 5678 2066 5730 Η.

957 5687 986 5738 7
1013 5701 1164 5754 seqq.

2237 4586 2442 4639 ΠΑΛΛ.
2499 4586 2586 4649 Ὠς
2616 4585 2852 4650 ἐξαίσιον
2899 4587 2998 4657 μὲν
3023 4589 3084 4641 τὸ
3115 4587 3323 4658 θαῦμα,
3357 4583 3402 4642 ὧ
3431 4590 3549 4642 τᾶν.
3587 4589 3668 4642 Τὸ
3692 4589 3750 4642 δὲ

2165 4675 2217 4729 τί
2256 4676 2321 4730 ἂν
2356 4675 2595 4745 βούλοιτο
2627 4677 2982 4748 κατώηλοῦν,
3013 4679 3187 4751 φράζε
3217 4681 3283 4752 δὴ
3317 4680 3478 4734 πάλιν
3513 4681 3705 4745 αὐτός.

2227 4852 2390 4905 ΚΥΡ.
2438 4853 2580 4922 Ἐγὼ
2623 4852 2844 4926 φράσω’
2873 4857 3134 4929 Μακρούς
3165 4859 3479 4926 Αἰγυπτίοις
3509 4860 3754 4914 συνδιαι-

2168 4939 2401 5014 τώμενοι
2448 4944 2674 5014 χρόνους
2711 4947 2760 4998 οί
2807 4946 2865 5013 ἐξ
2921 4947 3172 5020 Ἰσραὴλ,
3204 4949 3299 5003 καὶ
3335 4951 3417 5014 είς
3459 4952 3568 5004 πᾶν
3609 4946 3753 5014 εἶδος

2169 5034 2446 5106 ἁμαρτίας
2492 5035 2893 5106 ὠλισθηκότες,
2946 5039 3040 5092 καὶ
3071 5043 3304 5110 τρυφαῖς
3335 5041 3585 5111 ἡδόμενοι
3629 5044 3753 5105 ταῖς

2167 5126 2498 5198 ἐπιχωρίοις,
2522 5125 2735 5196 βραδεῖς
2759 5128 2857 5198 μὲν
2875 5128 2956 5181 ὅτι
2981 5128 3076 5182 καὶ
3099 5129 3595 5201 δυσμετακόμιστοι
3624 5131 3751 5184 λίαν

2167 5218 2379 5272 ἔσονται
2419 5217 2556 5287 πρὸς
2600 5218 2896 5290 εὐκοσμίαν
2919 5259 2934 5282 ,
2973 5222 3076 5274 οὐκ
3121 5222 3388 5292 ἠγνόησεν
3415 5222 3444 5274 6
3493 5223 3708 5292 Μωσῆς
3735 5240 3747 5253 υ

2169 5311 2467 5381 συνωθήσει
2506 5310 2562 5364 δέ
2598 5312 2680 5364 ὅτι
2709 5312 2846 5383 πρὸς
2879 5311 3190 5366 εὐπείθειαν
3218 5312 3328 5367 τῶν
3359 5313 3535 5385 ἔργων
3576 5313 3608 5365 6
3650 5311 3752 5366 πό-

2171 5419 2258 5466 νος
2310 5403 2408 5472 οὐχ
2442 5402 2663 5466 ἑκόντας
2697 5404 2916 5466 αὐτοὺς,
2967 5405 3014 5456 εί
3053 5403 3569 5476 θαυματουργοῦντα
3621 5402 3754 5457 θεά·

2175 5509 2391 5556 σαιντο,
2424 5491 2605 5562 σοφῶς
2650 5492 3019 5564 ὑπελάμϐανε.
3059 5495 3262 5566 Χρῆμα
3291 5495 3390 5566 μὲν
3445 5493 3556 5568 γὰρ
3614 5493 3752 5564 ἀλη-

2149 5678 2188 5709 ”
2222 5679 2322 5733 lsa.
2352 5696 2500 5746 um,
2537 5680 2592 5742 9,
2660 5680 2702 5712 “
2724 5679 2896 5734 Exod.
2933 5696 3001 5734 tv.
3035 5679 3067 5734 9
3097 5693 3247 5750 seqq.
