  <div class='ocr_page' id='page_1' title='image "/cluster/home/n/w/nwhite01/storage/ocr_20150623/68/hvd.32044073501975/126.png"; bbox 0 0 3954 6200; ppageno 0'>
   <div class='ocr_carea' id='block_1_1' title="bbox 248 338 354 397">
    <p class='ocr_par' dir='ltr' id='par_1_1' title="bbox 248 338 354 397">
     <span class='ocr_line' id='line_1_1' title="bbox 248 338 354 397; baseline 0 0"><span class='ocrx_word' id='word_1_1' title='bbox 248 338 354 397; x_wconf 70' lang='grc'><strong>241</strong></span> 
     </span>
    </p>
   </div>
   <div class='ocr_carea' id='block_1_2' title="bbox 1006 346 2807 415">
    <p class='ocr_par' dir='ltr' id='par_1_2' title="bbox 1006 346 2807 415">
     <span class='ocr_line' id='line_1_2' title="bbox 1006 346 2807 415; baseline 0.005 -15"><span class='ocrx_word' id='word_1_2' title='bbox 1006 346 1095 400; x_wconf 87' lang='lat' dir='ltr'><strong>DE</strong></span> <span class='ocrx_word' id='word_1_3' title='bbox 1131 346 1578 407; x_wconf 81' lang='lat' dir='ltr'><strong>ADORATIONE</strong></span> <span class='ocrx_word' id='word_1_4' title='bbox 1614 353 1683 408; x_wconf 83' lang='lat' dir='ltr'><strong>IN</strong></span> <span class='ocrx_word' id='word_1_5' title='bbox 1721 352 1991 412; x_wconf 87' lang='lat' dir='ltr'><strong>SPIRITU</strong></span> <span class='ocrx_word' id='word_1_6' title='bbox 2032 355 2121 410; x_wconf 87' lang='lat' dir='ltr'><strong>ET</strong></span> <span class='ocrx_word' id='word_1_7' title='bbox 2162 353 2533 415; x_wconf 73' lang='lat' dir='ltr'><strong>VERITATE.</strong></span> <span class='ocrx_word' id='word_1_8' title='bbox 2574 353 2702 409; x_wconf 85' lang='lat' dir='ltr'><strong>LIB.</strong></span> <span class='ocrx_word' id='word_1_9' title='bbox 2744 354 2807 409; x_wconf 84' lang='lat' dir='ltr'><strong>ll.</strong></span> 
     </span>
    </p>
   </div>
   <div class='ocr_carea' id='block_1_3' title="bbox 3413 353 3521 409">
    <p class='ocr_par' dir='ltr' id='par_1_3' title="bbox 3413 353 3521 409">
     <span class='ocr_line' id='line_1_3' title="bbox 3413 353 3521 409; baseline 0 -1"><span class='ocrx_word' id='word_1_10' title='bbox 3413 353 3521 409; x_wconf 70' lang='grc'><strong>242</strong></span> 
     </span>
    </p>
   </div>
   <div class='ocr_carea' id='block_1_4' title="bbox 252 456 1839 540">
    <p class='ocr_par' dir='ltr' id='par_1_4' title="bbox 252 456 1839 537">
     <span class='ocr_line' id='line_1_4' title="bbox 252 456 1839 537; baseline 0.008 -28"><span class='ocrx_word' id='word_1_11' title='bbox 252 456 368 521; x_wconf 84' lang='grc' dir='ltr'>θῶς</span> <span class='ocrx_word' id='word_1_12' title='bbox 415 456 772 530; x_wconf 80' lang='grc' dir='ltr'>δυσεξίτητον</span> <span class='ocrx_word' id='word_1_13' title='bbox 814 459 1015 531; x_wconf 78' lang='grc' dir='ltr'>ἡδονὴ,</span> <span class='ocrx_word' id='word_1_14' title='bbox 1070 462 1166 515; x_wconf 76' lang='grc' dir='ltr'>καὶ</span> <span class='ocrx_word' id='word_1_15' title='bbox 1215 462 1406 517; x_wconf 85' lang='grc' dir='ltr'>παθῶν</span> <span class='ocrx_word' id='word_1_16' title='bbox 1438 465 1698 537; x_wconf 86' lang='grc' dir='ltr'>ἀγριότης</span> <span class='ocrx_word' id='word_1_17' title='bbox 1729 467 1839 521; x_wconf 83' lang='grc' dir='ltr'>τῶν</span> 
     </span>
    </p>
   </div>
   <div class='ocr_carea' id='block_1_5' title="bbox 1948 456 3518 540">
    <p class='ocr_par' dir='ltr' id='par_1_5' title="bbox 1948 466 3518 540">
     <span class='ocr_line' id='line_1_5' title="bbox 1948 466 3518 540; baseline -0.003 -15"><span class='ocrx_word' id='word_1_18' title='bbox 1948 468 2361 540; x_wconf 84' lang='lat' dir='ltr'><strong>obsequendum</strong></span> <span class='ocrx_word' id='word_1_19' title='bbox 2378 468 2465 524; x_wconf 93' lang='lat' dir='ltr'><strong>vel</strong></span> <span class='ocrx_word' id='word_1_20' title='bbox 2489 468 2712 533; x_wconf 87' lang='lat' dir='ltr'><strong>invitos,</strong></span> <span class='ocrx_word' id='word_1_21' title='bbox 2735 467 2779 521; x_wconf 88' lang='lat' dir='ltr'><strong>si</strong></span> <span class='ocrx_word' id='word_1_22' title='bbox 2799 466 2977 537; x_wconf 88' lang='lat' dir='ltr'><strong>ipsum</strong></span> <span class='ocrx_word' id='word_1_23' title='bbox 3004 466 3345 521; x_wconf 79' lang='lat' dir='ltr'><strong>admirabilia</strong></span> <span class='ocrx_word' id='word_1_24' title='bbox 3368 481 3518 536; x_wconf 74' lang='lat' dir='ltr'><strong>qua:-</strong></span> 
     </span>
    </p>
   </div>
   <div class='ocr_carea' id='block_1_6' title="bbox 251 548 1841 628">
    <p class='ocr_par' dir='ltr' id='par_1_6' title="bbox 251 548 1841 628">
     <span class='ocr_line' id='line_1_6' title="bbox 251 548 1841 628; baseline 0.006 -27"><span class='ocrx_word' id='word_1_25' title='bbox 251 550 312 603; x_wconf 71' lang='grc' dir='ltr'>ιν</span> <span class='ocrx_word' id='word_1_26' title='bbox 362 550 499 619; x_wconf 78' lang='grc' dir='ltr'>ἡμῖν</span> <span class='ocrx_word' id='word_1_27' title='bbox 556 548 659 603; x_wconf 79' lang='grc' dir='ltr'>οὐκ</span> <span class='ocrx_word' id='word_1_28' title='bbox 732 550 975 623; x_wconf 83' lang='grc' dir='ltr'><strong>εὐχερῶς</strong></span> <span class='ocrx_word' id='word_1_29' title='bbox 1023 551 1423 610; x_wconf 84' lang='grc' dir='ltr'>τιθασσεύεται.</span> <span class='ocrx_word' id='word_1_30' title='bbox 1483 556 1731 628; x_wconf 83' lang='grc' dir='ltr'>Ἰδρῶτος</span> <span class='ocrx_word' id='word_1_31' title='bbox 1781 557 1841 611; x_wconf 72' lang='grc' dir='ltr'>δὲ</span> 
     </span>
    </p>
   </div>
   <div class='ocr_carea' id='block_1_7' title="bbox 252 639 1841 719">
    <p class='ocr_par' dir='ltr' id='par_1_7' title="bbox 252 639 1841 719">
     <span class='ocr_line' id='line_1_7' title="bbox 252 639 1841 719; baseline 0.007 -26"><span class='ocrx_word' id='word_1_32' title='bbox 252 639 686 704; x_wconf 69' lang='grc' dir='ltr'>καωθλίσοντος</span> <span class='ocrx_word' id='word_1_33' title='bbox 737 643 834 696; x_wconf 81' lang='grc' dir='ltr'>καὶ</span> <span class='ocrx_word' id='word_1_34' title='bbox 896 643 1074 698; x_wconf 76' lang='grc' dir='ltr'>πόνων</span> <span class='ocrx_word' id='word_1_35' title='bbox 1123 646 1558 719; x_wconf 75' lang='grc' dir='ltr'>ἐπηρτημένων,</span> <span class='ocrx_word' id='word_1_36' title='bbox 1612 650 1841 704; x_wconf 84' lang='grc' dir='ltr'>ἀναπεί-</span> 
     </span>
    </p>
   </div>
   <div class='ocr_carea' id='block_1_8' title="bbox 255 732 1842 813">
    <p class='ocr_par' dir='ltr' id='par_1_8' title="bbox 255 732 1842 813">
     <span class='ocr_line' id='line_1_8' title="bbox 255 732 1842 813; baseline 0.006 -26"><span class='ocrx_word' id='word_1_37' title='bbox 255 748 400 787; x_wconf 88' lang='grc' dir='ltr'>σειεν</span> <span class='ocrx_word' id='word_1_38' title='bbox 464 732 535 787; x_wconf 85' lang='grc' dir='ltr'><strong>ἀν</strong></span> <span class='ocrx_word' id='word_1_39' title='bbox 564 733 807 798; x_wconf 77' lang='grc' dir='ltr'><strong>εὐκόλως</strong></span> <span class='ocrx_word' id='word_1_40' title='bbox 843 735 936 789; x_wconf 79' lang='grc' dir='ltr'>καὶ</span> <span class='ocrx_word' id='word_1_41' title='bbox 978 736 1086 790; x_wconf 84' lang='grc' dir='ltr'><strong>τῶν</strong></span> <span class='ocrx_word' id='word_1_42' title='bbox 1128 737 1358 808; x_wconf 80' lang='grc' dir='ltr'>ἡδίστων</span> <span class='ocrx_word' id='word_1_43' title='bbox 1416 740 1777 813; x_wconf 79' lang='grc' dir='ltr'><strong>ὑπερφρονεῖν</strong></span> <span class='ocrx_word' id='word_1_44' title='bbox 1813 743 1842 796; x_wconf 82' lang='grc' dir='ltr'>ὁ</span> 
     </span>
    </p>
   </div>
   <div class='ocr_carea' id='block_1_9' title="bbox 252 822 1841 898">
    <p class='ocr_par' dir='ltr' id='par_1_9' title="bbox 252 822 1841 898">
     <span class='ocr_line' id='line_1_9' title="bbox 252 822 1841 898; baseline 0.006 -22"><span class='ocrx_word' id='word_1_45' title='bbox 252 823 624 877; x_wconf 76' lang='grc' dir='ltr'><strong>ἀπαλλάττειν</strong></span> <span class='ocrx_word' id='word_1_46' title='bbox 650 823 1098 897; x_wconf 64' lang='grc' dir='ltr'>ὑπισχνούμενος</span> <span class='ocrx_word' id='word_1_47' title='bbox 1131 822 1288 898; x_wconf 73' lang='grc' dir='ltr'>οἶμαι</span> <span class='ocrx_word' id='word_1_48' title='bbox 1319 828 1376 882; x_wconf 80' lang='grc' dir='ltr'>δὲ</span> <span class='ocrx_word' id='word_1_49' title='bbox 1411 829 1495 882; x_wconf 81' lang='grc' dir='ltr'>ὅτι</span> <span class='ocrx_word' id='word_1_50' title='bbox 1528 831 1623 884; x_wconf 77' lang='grc' dir='ltr'><strong>καὶ</strong></span> <span class='ocrx_word' id='word_1_51' title='bbox 1649 832 1678 885; x_wconf 85' lang='grc' dir='ltr'>ὁ</span> <span class='ocrx_word' id='word_1_52' title='bbox 1711 846 1841 885; x_wconf 88' lang='grc' dir='ltr'>παν-</span> 
     </span>
    </p>
   </div>
   <div class='ocr_carea' id='block_1_10' title="bbox 251 914 1841 989">
    <p class='ocr_par' dir='ltr' id='par_1_10' title="bbox 251 914 1841 989">
     <span class='ocr_line' id='line_1_10' title="bbox 251 914 1841 989; baseline 0.004 -21"><span class='ocrx_word' id='word_1_53' title='bbox 251 915 346 978; x_wconf 80' lang='grc' dir='ltr'><strong>τὸς</strong></span> <span class='ocrx_word' id='word_1_54' title='bbox 371 914 587 983; x_wconf 80' lang='grc' dir='ltr'><strong>ἀγαθοῦ</strong></span> <span class='ocrx_word' id='word_1_55' title='bbox 624 916 726 987; x_wconf 80' lang='grc' dir='ltr'>τὴν</span> <span class='ocrx_word' id='word_1_56' title='bbox 756 917 960 989; x_wconf 88' lang='grc' dir='ltr'>εῐδησιν</span> <span class='ocrx_word' id='word_1_57' title='bbox 994 916 1137 988; x_wconf 74' lang='grc' dir='ltr'>ἔχων</span> <span class='ocrx_word' id='word_1_58' title='bbox 1174 918 1326 986; x_wconf 84' lang='grc' dir='ltr'>Θεὸς,</span> <span class='ocrx_word' id='word_1_59' title='bbox 1351 919 1629 975; x_wconf 82' lang='grc' dir='ltr'>δύσοιστόν</span> <span class='ocrx_word' id='word_1_60' title='bbox 1654 937 1715 975; x_wconf 88' lang='grc' dir='ltr'><strong>τε</strong></span> <span class='ocrx_word' id='word_1_61' title='bbox 1745 921 1841 975; x_wconf 73' lang='grc' dir='ltr'>καὶ</span> 
     </span>
    </p>
   </div>
   <div class='ocr_carea' id='block_1_11' title="bbox 254 1005 1840 1081">
    <p class='ocr_par' dir='ltr' id='par_1_11' title="bbox 254 1005 1840 1081">
     <span class='ocr_line' id='line_1_11' title="bbox 254 1005 1840 1081; baseline 0.003 -21"><span class='ocrx_word' id='word_1_62' title='bbox 254 1006 500 1077; x_wconf 78' lang='grc' dir='ltr'>δυσαλγῆ</span> <span class='ocrx_word' id='word_1_63' title='bbox 550 1005 675 1059; x_wconf 86' lang='grc' dir='ltr'>τότε</span> <span class='ocrx_word' id='word_1_64' title='bbox 719 1006 786 1078; x_wconf 80' lang='grc' dir='ltr'>δὴ</span> <span class='ocrx_word' id='word_1_65' title='bbox 860 1005 1096 1078; x_wconf 83' lang='grc' dir='ltr'>μάλιστα</span> <span class='ocrx_word' id='word_1_66' title='bbox 1161 1010 1274 1072; x_wconf 84' lang='grc' dir='ltr'>τοῖς</span> <span class='ocrx_word' id='word_1_67' title='bbox 1343 1005 1410 1075; x_wconf 68' lang='grc' dir='ltr'><strong>ἐξ</strong></span> <span class='ocrx_word' id='word_1_68' title='bbox 1479 1009 1694 1081; x_wconf 78' lang='grc' dir='ltr'>Ἰσραὴλ</span> <span class='ocrx_word' id='word_1_69' title='bbox 1741 1011 1840 1080; x_wconf 79' lang='grc' dir='ltr'>τὴν</span> 
     </span>
    </p>
   </div>
   <div class='ocr_carea' id='block_1_12' title="bbox 256 1098 1839 1172">
    <p class='ocr_par' dir='ltr' id='par_1_12' title="bbox 256 1098 1839 1172">
     <span class='ocr_line' id='line_1_12' title="bbox 256 1098 1839 1172; baseline 0.003 -20"><span class='ocrx_word' id='word_1_70' title='bbox 256 1098 364 1152; x_wconf 83' lang='grc' dir='ltr'><strong>τῶν</strong></span> <span class='ocrx_word' id='word_1_71' title='bbox 408 1099 728 1167; x_wconf 74' lang='grc' dir='ltr'><strong>Αἰγυπτίων</strong></span> <span class='ocrx_word' id='word_1_72' title='bbox 763 1100 990 1170; x_wconf 70' lang='grc' dir='ltr'>ἑπηφίει</span> <span class='ocrx_word' id='word_1_73' title='bbox 1023 1099 1339 1167; x_wconf 75' lang='grc' dir='ltr'>πλεονεξίαν</span> <span class='ocrx_word' id='word_1_74' title='bbox 1367 1101 1839 1172; x_wconf 80' lang='grc' dir='ltr'>οἰκονομικώτατά</span> 
     </span>
    </p>
   </div>
   <div class='ocr_carea' id='block_1_13' title="bbox 256 1188 1838 1265">
    <p class='ocr_par' dir='ltr' id='par_1_13' title="bbox 256 1188 1838 1265">
     <span class='ocr_line' id='line_1_13' title="bbox 256 1188 1838 1265; baseline 0.003 -22"><span class='ocrx_word' id='word_1_75' title='bbox 256 1208 315 1243; x_wconf 83' lang='grc' dir='ltr'><strong>τε</strong></span> <span class='ocrx_word' id='word_1_76' title='bbox 337 1191 486 1257; x_wconf 85' lang='grc' dir='ltr'>λίαν,</span> <span class='ocrx_word' id='word_1_77' title='bbox 516 1192 596 1255; x_wconf 83' lang='grc' dir='ltr'>ὠς</span> <span class='ocrx_word' id='word_1_78' title='bbox 622 1191 691 1247; x_wconf 77' lang='grc' dir='ltr'>ἂν</span> <span class='ocrx_word' id='word_1_79' title='bbox 716 1188 827 1247; x_wconf 78' lang='grc' dir='ltr'>εἷεν</span> <span class='ocrx_word' id='word_1_80' title='bbox 850 1191 1063 1247; x_wconf 85' lang='grc' dir='ltr'>εῦκολοι</span> <span class='ocrx_word' id='word_1_81' title='bbox 1105 1194 1242 1264; x_wconf 82' lang='grc' dir='ltr'>πρὸς</span> <span class='ocrx_word' id='word_1_82' title='bbox 1270 1192 1609 1265; x_wconf 80' lang='grc' dir='ltr'>ἀποδρομὴν,</span> <span class='ocrx_word' id='word_1_83' title='bbox 1639 1193 1734 1247; x_wconf 60' lang='grc' dir='ltr'><strong>καὶ⁵</strong></span> <span class='ocrx_word' id='word_1_84' title='bbox 1764 1195 1838 1265; x_wconf 83' lang='grc' dir='ltr'>μὴ</span> 
     </span>
    </p>
   </div>
   <div class='ocr_carea' id='block_1_14' title="bbox 257 1284 1844 1356">
    <p class='ocr_par' dir='ltr' id='par_1_14' title="bbox 257 1284 1844 1356">
     <span class='ocr_line' id='line_1_14' title="bbox 257 1284 1844 1356; baseline 0.001 -20"><span class='ocrx_word' id='word_1_85' title='bbox 257 1285 375 1346; x_wconf 88' lang='grc' dir='ltr'>ταῖς</span> <span class='ocrx_word' id='word_1_86' title='bbox 410 1284 739 1355; x_wconf 74' lang='grc' dir='ltr'><strong>συντρόφοις</strong></span> <span class='ocrx_word' id='word_1_87' title='bbox 766 1284 984 1356; x_wconf 76' lang='grc' dir='ltr'>ἡδοναῖς</span> <span class='ocrx_word' id='word_1_88' title='bbox 1029 1284 1340 1356; x_wconf 72' lang='grc' dir='ltr'>ἐνδούμενοι</span> <span class='ocrx_word' id='word_1_89' title='bbox 1359 1322 1374 1346; x_wconf 92' lang='grc'><strong>,</strong></span> <span class='ocrx_word' id='word_1_90' title='bbox 1403 1284 1628 1355; x_wconf 90' lang='grc' dir='ltr'>σκληροί</span> <span class='ocrx_word' id='word_1_91' title='bbox 1656 1301 1718 1337; x_wconf 84' lang='grc' dir='ltr'><strong>τε</strong></span> <span class='ocrx_word' id='word_1_92' title='bbox 1749 1284 1844 1352; x_wconf 85' lang='grc' dir='ltr'><strong>γέ-</strong></span> 
     </span>
    </p>
   </div>
   <div class='ocr_carea' id='block_1_15' title="bbox 259 1374 1843 1446">
    <p class='ocr_par' dir='ltr' id='par_1_15' title="bbox 259 1374 1843 1446">
     <span class='ocr_line' id='line_1_15' title="bbox 259 1374 1843 1446; baseline 0.001 -19"><span class='ocrx_word' id='word_1_93' title='bbox 259 1390 433 1428; x_wconf 81' lang='grc' dir='ltr'>νοιντο</span> <span class='ocrx_word' id='word_1_94' title='bbox 462 1375 561 1427; x_wconf 75' lang='grc' dir='ltr'><strong>καὶ</strong></span> <span class='ocrx_word' id='word_1_95' title='bbox 579 1374 885 1442; x_wconf 80' lang='grc' dir='ltr'>δυσάγωγοι</span> <span class='ocrx_word' id='word_1_96' title='bbox 913 1374 1136 1446; x_wconf 80' lang='grc' dir='ltr'>κομιδῇ,</span> <span class='ocrx_word' id='word_1_97' title='bbox 1177 1375 1274 1429; x_wconf 72' lang='grc' dir='ltr'>καὶ</span> <span class='ocrx_word' id='word_1_98' title='bbox 1304 1375 1404 1445; x_wconf 87' lang='grc' dir='ltr'>τὴν</span> <span class='ocrx_word' id='word_1_99' title='bbox 1427 1374 1525 1429; x_wconf 87' lang='grc' dir='ltr'><strong>τοῦ</strong></span> <span class='ocrx_word' id='word_1_100' title='bbox 1551 1375 1843 1439; x_wconf 81' lang='grc' dir='ltr'>καλοῦντος</span> 
     </span>
    </p>
   </div>
   <div class='ocr_carea' id='block_1_16' title="bbox 262 1463 1843 1535">
    <p class='ocr_par' dir='ltr' id='par_1_16' title="bbox 262 1463 1843 1535">
     <span class='ocr_line' id='line_1_16' title="bbox 262 1463 1843 1535; baseline 0.003 -19"><span class='ocrx_word' id='word_1_101' title='bbox 262 1463 338 1527; x_wconf 87' lang='grc' dir='ltr'><strong>είς</strong></span> <span class='ocrx_word' id='word_1_102' title='bbox 358 1463 679 1535; x_wconf 66' lang='grc' dir='ltr'>ἐλευθερίαν</span> <span class='ocrx_word' id='word_1_103' title='bbox 698 1464 1057 1535; x_wconf 77' lang='grc' dir='ltr'>ἀτιμάζοντες</span> <span class='ocrx_word' id='word_1_104' title='bbox 1076 1464 1256 1535; x_wconf 81' lang='grc' dir='ltr'>χάριν,</span> <span class='ocrx_word' id='word_1_105' title='bbox 1285 1464 1589 1520; x_wconf 72' lang='grc' dir='ltr'>ἐθελούσιον</span> <span class='ocrx_word' id='word_1_106' title='bbox 1608 1469 1843 1520; x_wconf 86' lang='grc' dir='ltr'>ποιοῖντο</span> 
     </span>
    </p>
   </div>
   <div class='ocr_carea' id='block_1_17' title="bbox 265 1550 1842 1629">
    <p class='ocr_par' dir='ltr' id='par_1_17' title="bbox 265 1550 1842 1629">
     <span class='ocr_line' id='line_1_17' title="bbox 265 1550 1842 1629; baseline 0.002 -22"><span class='ocrx_word' id='word_1_107' title='bbox 265 1556 360 1625; x_wconf 79' lang='grc' dir='ltr'>τὴν</span> <span class='ocrx_word' id='word_1_108' title='bbox 389 1557 450 1607; x_wconf 72' lang='grc' dir='ltr'><strong>εν</strong></span> <span class='ocrx_word' id='word_1_109' title='bbox 470 1555 732 1626; x_wconf 81' lang='grc' dir='ltr'>Δίγύπτῳ</span> <span class='ocrx_word' id='word_1_110' title='bbox 761 1550 1001 1626; x_wconf 80' lang='grc' dir='ltr'>θητείαν,</span> <span class='ocrx_word' id='word_1_111' title='bbox 1030 1557 1093 1610; x_wconf 82' lang='grc' dir='ltr'>τὸ</span> <span class='ocrx_word' id='word_1_112' title='bbox 1118 1557 1432 1628; x_wconf 83' lang='grc' dir='ltr'>παραυτίκα</span> <span class='ocrx_word' id='word_1_113' title='bbox 1450 1557 1703 1629; x_wconf 81' lang='grc' dir='ltr'>τερπνὸν,</span> <span class='ocrx_word' id='word_1_114' title='bbox 1735 1557 1842 1610; x_wconf 83' lang='grc' dir='ltr'>ὀλί-</span> 
     </span>
    </p>
   </div>
   <div class='ocr_carea' id='block_1_18' title="bbox 270 1644 1844 1718">
    <p class='ocr_par' dir='ltr' id='par_1_18' title="bbox 270 1644 1844 1718">
     <span class='ocr_line' id='line_1_18' title="bbox 270 1644 1844 1718; baseline 0.006 -22"><span class='ocrx_word' id='word_1_115' title='bbox 270 1661 375 1713; x_wconf 82' lang='grc' dir='ltr'><strong>γων</strong></span> <span class='ocrx_word' id='word_1_116' title='bbox 412 1644 525 1698; x_wconf 66' lang='lat' dir='ltr'><strong>EGO’</strong></span> <span class='ocrx_word' id='word_1_117' title='bbox 566 1646 657 1698; x_wconf 82' lang='grc' dir='ltr'>ὅτε</span> <span class='ocrx_word' id='word_1_118' title='bbox 701 1646 1097 1718; x_wconf 85' lang='grc' dir='ltr'>προτάττοντες</span> <span class='ocrx_word' id='word_1_119' title='bbox 1144 1648 1343 1705; x_wconf 79' lang='grc' dir='ltr'>πόνων.</span> <span class='ocrx_word' id='word_1_120' title='bbox 1391 1650 1607 1704; x_wconf 80' lang='grc' dir='ltr'>Μᾶλλον</span> <span class='ocrx_word' id='word_1_121' title='bbox 1643 1649 1702 1702; x_wconf 77' lang='grc' dir='ltr'>δὲ</span> <span class='ocrx_word' id='word_1_122' title='bbox 1747 1651 1844 1705; x_wconf 69' lang='grc' dir='ltr'>καὶ</span> 
     </span>
    </p>
   </div>
   <div class='ocr_carea' id='block_1_19' title="bbox 278 1733 1837 1811">
    <p class='ocr_par' dir='ltr' id='par_1_19' title="bbox 278 1733 1837 1811">
     <span class='ocr_line' id='line_1_19' title="bbox 278 1733 1837 1811; baseline 0.003 -24"><span class='ocrx_word' id='word_1_123' title='bbox 278 1733 449 1789; x_wconf 68' lang='grc' dir='ltr'>αὐτῶν</span> <span class='ocrx_word' id='word_1_124' title='bbox 477 1738 531 1788; x_wconf 69' lang='grc' dir='ltr'>ἒν</span> <span class='ocrx_word' id='word_1_125' title='bbox 561 1734 813 1807; x_wconf 87' lang='grc' dir='ltr'>ἀμείνοσι</span> <span class='ocrx_word' id='word_1_126' title='bbox 845 1737 1328 1810; x_wconf 73' lang='grc' dir='ltr'>καταλογιζόμενοι</span> <span class='ocrx_word' id='word_1_127' title='bbox 1354 1739 1464 1793; x_wconf 86' lang='grc' dir='ltr'><strong>τῶν</strong></span> <span class='ocrx_word' id='word_1_128' title='bbox 1493 1739 1645 1811; x_wconf 87' lang='grc' dir='ltr'><strong>παρά</strong></span> <span class='ocrx_word' id='word_1_129' title='bbox 1676 1738 1837 1801; x_wconf 89' lang='grc' dir='ltr'>Θεοῦ,</span> 
     </span>
    </p>
   </div>
   <div class='ocr_carea' id='block_1_20' title="bbox 1943 557 3518 633">
    <p class='ocr_par' dir='ltr' id='par_1_20' title="bbox 1943 557 3518 633">
     <span class='ocr_line' id='line_1_20' title="bbox 1943 557 3518 633; baseline -0.004 -16"><span class='ocrx_word' id='word_1_130' title='bbox 1943 562 2071 617; x_wconf 87' lang='lat' dir='ltr'><strong>dam</strong></span> <span class='ocrx_word' id='word_1_131' title='bbox 2097 576 2265 633; x_wconf 82' lang='lat' dir='ltr'><strong>opera</strong></span> <span class='ocrx_word' id='word_1_132' title='bbox 2292 560 2505 617; x_wconf 75' lang='lat' dir='ltr'><strong>efﬁcere</strong></span> <span class='ocrx_word' id='word_1_133' title='bbox 2535 560 2817 626; x_wconf 78' lang='lat' dir='ltr'><strong>viderent;</strong></span> <span class='ocrx_word' id='word_1_134' title='bbox 2844 567 2929 615; x_wconf 88' lang='lat' dir='ltr'><strong>est</strong></span> <span class='ocrx_word' id='word_1_135' title='bbox 2956 558 3107 614; x_wconf 91' lang='lat' dir='ltr'><strong>enim</strong></span> <span class='ocrx_word' id='word_1_136' title='bbox 3140 558 3393 630; x_wconf 73' lang='lat' dir='ltr'><strong>voluptas</strong></span> <span class='ocrx_word' id='word_1_137' title='bbox 3429 557 3518 612; x_wconf 87' lang='lat' dir='ltr'><strong>in-</strong></span> 
     </span>
    </p>
   </div>
   <div class='ocr_carea' id='block_1_21' title="bbox 1943 646 3518 723">
    <p class='ocr_par' dir='ltr' id='par_1_21' title="bbox 1943 646 3518 723">
     <span class='ocr_line' id='line_1_21' title="bbox 1943 646 3518 723; baseline -0.003 -16"><span class='ocrx_word' id='word_1_138' title='bbox 1943 652 2112 707; x_wconf 83' lang='lat' dir='ltr'><strong>ﬂxum</strong></span> <span class='ocrx_word' id='word_1_139' title='bbox 2132 651 2355 723; x_wconf 76' lang='lat' dir='ltr'><strong>penitus</strong></span> <span class='ocrx_word' id='word_1_140' title='bbox 2391 652 2619 716; x_wconf 88' lang='lat' dir='ltr'><strong>malum,</strong></span> <span class='ocrx_word' id='word_1_141' title='bbox 2646 659 2703 706; x_wconf 92' lang='lat' dir='ltr'><strong>et</strong></span> <span class='ocrx_word' id='word_1_142' title='bbox 2734 650 2996 705; x_wconf 83' lang='lat' dir='ltr'><strong>vitiorum</strong></span> <span class='ocrx_word' id='word_1_143' title='bbox 3034 657 3347 705; x_wconf 88' lang='lat' dir='ltr'><strong>nostrorum</strong></span> <span class='ocrx_word' id='word_1_144' title='bbox 3382 646 3518 704; x_wconf 81' lang='lat' dir='ltr'><strong>leri-</strong></span> 
     </span>
    </p>
   </div>
   <div class='ocr_carea' id='block_1_22' title="bbox 1945 738 3521 809">
    <p class='ocr_par' dir='ltr' id='par_1_22' title="bbox 1945 738 3521 809">
     <span class='ocr_line' id='line_1_22' title="bbox 1945 738 3521 809; baseline -0.002 -13"><span class='ocrx_word' id='word_1_145' title='bbox 1945 748 2029 797; x_wconf 87' lang='lat' dir='ltr'><strong>tas</strong></span> <span class='ocrx_word' id='word_1_146' title='bbox 2050 739 2272 796; x_wconf 74' lang='lat' dir='ltr'><strong>difﬁcile</strong></span> <span class='ocrx_word' id='word_1_147' title='bbox 2314 740 2689 796; x_wconf 81' lang='lat' dir='ltr'><strong>mansuescit:</strong></span> <span class='ocrx_word' id='word_1_148' title='bbox 2720 748 2795 807; x_wconf 89' lang='lat' dir='ltr'><strong>at,</strong></span> <span class='ocrx_word' id='word_1_149' title='bbox 2839 740 2887 795; x_wconf 91' lang='lat' dir='ltr'><strong>si</strong></span> <span class='ocrx_word' id='word_1_150' title='bbox 2919 738 3090 795; x_wconf 90' lang='lat' dir='ltr'><strong>sudor</strong></span> <span class='ocrx_word' id='word_1_151' title='bbox 3131 738 3426 809; x_wconf 86' lang='lat' dir='ltr'><strong>deprimat,</strong></span> <span class='ocrx_word' id='word_1_152' title='bbox 3455 752 3521 793; x_wconf 84' lang='lat' dir='ltr'><strong>ac</strong></span> 
     </span>
    </p>
   </div>
   <div class='ocr_carea' id='block_1_23' title="bbox 1941 830 3517 903">
    <p class='ocr_par' dir='ltr' id='par_1_23' title="bbox 1941 830 3517 903">
     <span class='ocr_line' id='line_1_23' title="bbox 1941 830 3517 903; baseline -0.003 -15"><span class='ocrx_word' id='word_1_153' title='bbox 1941 832 2164 888; x_wconf 80' lang='lat' dir='ltr'><strong>labores</strong></span> <span class='ocrx_word' id='word_1_154' title='bbox 2186 832 2430 903; x_wconf 81' lang='lat' dir='ltr'><strong>impositi</strong></span> <span class='ocrx_word' id='word_1_155' title='bbox 2454 832 2584 895; x_wconf 88' lang='lat' dir='ltr'><strong>sint,</strong></span> <span class='ocrx_word' id='word_1_156' title='bbox 2612 840 2729 887; x_wconf 90' lang='lat' dir='ltr'><strong>tum</strong></span> <span class='ocrx_word' id='word_1_157' title='bbox 2751 847 2883 887; x_wconf 85' lang='lat' dir='ltr'><strong>vero</strong></span> <span class='ocrx_word' id='word_1_158' title='bbox 2906 831 2974 897; x_wconf 88' lang='lat' dir='ltr'><strong>is,</strong></span> <span class='ocrx_word' id='word_1_159' title='bbox 3014 831 3110 901; x_wconf 86' lang='lat' dir='ltr'><strong>qui</strong></span> <span class='ocrx_word' id='word_1_160' title='bbox 3151 845 3211 885; x_wconf 85' lang='lat' dir='ltr'><strong>se</strong></span> <span class='ocrx_word' id='word_1_161' title='bbox 3252 830 3517 885; x_wconf 88' lang='lat' dir='ltr'><strong>liberatu-</strong></span> 
     </span>
    </p>
   </div>
   <div class='ocr_carea' id='block_1_24' title="bbox 1942 920 3521 994">
    <p class='ocr_par' dir='ltr' id='par_1_24' title="bbox 1942 920 3521 994">
     <span class='ocr_line' id='line_1_24' title="bbox 1942 920 3521 994; baseline -0.003 -15"><span class='ocrx_word' id='word_1_162' title='bbox 1942 940 2068 979; x_wconf 86' lang='lat' dir='ltr'><strong>rum</strong></span> <span class='ocrx_word' id='word_1_163' title='bbox 2100 925 2171 979; x_wconf 90' lang='lat' dir='ltr'><strong>ab</strong></span> <span class='ocrx_word' id='word_1_164' title='bbox 2199 924 2271 978; x_wconf 88' lang='lat' dir='ltr'><strong>iis</strong></span> <span class='ocrx_word' id='word_1_165' title='bbox 2297 922 2663 979; x_wconf 91' lang='lat' dir='ltr'><strong>incommodis</strong></span> <span class='ocrx_word' id='word_1_166' title='bbox 2697 923 3007 994; x_wconf 85' lang='lat' dir='ltr'><strong>pollicetur,</strong></span> <span class='ocrx_word' id='word_1_167' title='bbox 3053 920 3211 977; x_wconf 80' lang='lat' dir='ltr'><strong>facile</strong></span> <span class='ocrx_word' id='word_1_168' title='bbox 3230 936 3521 992; x_wconf 85' lang='lat' dir='ltr'><strong>persuase-</strong></span> 
     </span>
    </p>
   </div>
   <div class='ocr_carea' id='block_1_25' title="bbox 1942 1015 3516 1087">
    <p class='ocr_par' dir='ltr' id='par_1_25' title="bbox 1942 1015 3516 1087">
     <span class='ocr_line' id='line_1_25' title="bbox 1942 1015 3516 1087; baseline -0.004 -16"><span class='ocrx_word' id='word_1_169' title='bbox 1942 1016 2035 1082; x_wconf 87' lang='lat' dir='ltr'><strong>rit,</strong></span> <span class='ocrx_word' id='word_1_170' title='bbox 2065 1016 2214 1087; x_wconf 88' lang='lat' dir='ltr'><strong>ipsas</strong></span> <span class='ocrx_word' id='word_1_171' title='bbox 2253 1031 2475 1087; x_wconf 89' lang='lat' dir='ltr'><strong>quoque</strong></span> <span class='ocrx_word' id='word_1_172' title='bbox 2508 1030 2752 1071; x_wconf 90' lang='lat' dir='ltr'><strong>summas</strong></span> <span class='ocrx_word' id='word_1_173' title='bbox 2793 1015 3102 1085; x_wconf 85' lang='lat' dir='ltr'><strong>voluptates</strong></span> <span class='ocrx_word' id='word_1_174' title='bbox 3144 1023 3516 1067; x_wconf 80' lang='lat' dir='ltr'><strong>contemnere.</strong></span> 
     </span>
    </p>
   </div>
   <div class='ocr_carea' id='block_1_26' title="bbox 1943 1103 3517 1178">
    <p class='ocr_par' dir='ltr' id='par_1_26' title="bbox 1943 1103 3517 1178">
     <span class='ocr_line' id='line_1_26' title="bbox 1943 1103 3517 1178; baseline -0.004 -16"><span class='ocrx_word' id='word_1_175' title='bbox 1943 1107 2088 1175; x_wconf 86' lang='lat' dir='ltr'><strong>Quin</strong></span> <span class='ocrx_word' id='word_1_176' title='bbox 2106 1107 2272 1163; x_wconf 87' lang='lat' dir='ltr'><strong>etiam</strong></span> <span class='ocrx_word' id='word_1_177' title='bbox 2294 1112 2430 1178; x_wconf 81' lang='lat' dir='ltr'><strong>puto</strong></span> <span class='ocrx_word' id='word_1_178' title='bbox 2451 1107 2648 1171; x_wconf 86' lang='lat' dir='ltr'><strong>Deum,</strong></span> <span class='ocrx_word' id='word_1_179' title='bbox 2669 1106 2764 1176; x_wconf 85' lang='lat' dir='ltr'><strong>qui</strong></span> <span class='ocrx_word' id='word_1_180' title='bbox 2786 1106 3054 1161; x_wconf 89' lang='lat' dir='ltr'><strong>bonorum</strong></span> <span class='ocrx_word' id='word_1_181' title='bbox 3074 1103 3316 1158; x_wconf 89' lang='lat' dir='ltr'><strong>omnium</strong></span> <span class='ocrx_word' id='word_1_182' title='bbox 3337 1103 3517 1157; x_wconf 88' lang='lat' dir='ltr'><strong>scien-</strong></span> 
     </span>
    </p>
   </div>
   <div class='ocr_carea' id='block_1_27' title="bbox 1943 1193 3522 1269">
    <p class='ocr_par' dir='ltr' id='par_1_27' title="bbox 1943 1193 3522 1269">
     <span class='ocr_line' id='line_1_27' title="bbox 1943 1193 3522 1269; baseline -0.004 -17"><span class='ocrx_word' id='word_1_183' title='bbox 1943 1198 2077 1254; x_wconf 84' lang='lat' dir='ltr'><strong>tiam</strong></span> <span class='ocrx_word' id='word_1_184' title='bbox 2106 1207 2277 1264; x_wconf 90' lang='lat' dir='ltr'><strong>tenet,</strong></span> <span class='ocrx_word' id='word_1_185' title='bbox 2307 1198 2714 1269; x_wconf 83' lang='lat' dir='ltr'><strong>sapientissimo</strong></span> <span class='ocrx_word' id='word_1_186' title='bbox 2751 1195 2982 1253; x_wconf 89' lang='lat' dir='ltr'><strong>oonsilio</strong></span> <span class='ocrx_word' id='word_1_187' title='bbox 3015 1193 3279 1250; x_wconf 89' lang='lat' dir='ltr'><strong>lsraelitis</strong></span> <span class='ocrx_word' id='word_1_188' title='bbox 3321 1209 3387 1248; x_wconf 92' lang='lat' dir='ltr'><strong>eo</strong></span> <span class='ocrx_word' id='word_1_189' title='bbox 3426 1207 3522 1262; x_wconf 79' lang='lat' dir='ltr'><strong>po-</strong></span> 
     </span>
    </p>
   </div>
   <div class='ocr_carea' id='block_1_28' title="bbox 1944 1272 3518 1359">
    <p class='ocr_par' dir='ltr' id='par_1_28' title="bbox 1944 1272 3518 1359">
     <span class='ocr_line' id='line_1_28' title="bbox 1944 1272 3518 1359; baseline -0.005 -17"><span class='ocrx_word' id='word_1_190' title='bbox 1944 1287 2218 1343; x_wconf 90' lang='lat' dir='ltr'><strong>tissimum</strong></span> <span class='ocrx_word' id='word_1_191' title='bbox 2282 1296 2529 1359; x_wconf 83' lang='lat' dir='ltr'><strong>tempore</strong></span> <span class='ocrx_word' id='word_1_192' title='bbox 2572 1287 2858 1343; x_wconf 86' lang='lat' dir='ltr'><strong>molestam</strong></span> <span class='ocrx_word' id='word_1_193' title='bbox 2883 1325 2898 1350; x_wconf 94' lang='lat'><strong>,</strong></span> <span class='ocrx_word' id='word_1_194' title='bbox 2953 1299 3018 1340; x_wconf 85' lang='lat' dir='ltr'><strong>ac</strong></span> <span class='ocrx_word' id='word_1_195' title='bbox 3061 1299 3171 1338; x_wconf 91' lang='lat' dir='ltr'><strong>non</strong></span> <span class='ocrx_word' id='word_1_196' title='bbox 3241 1272 3518 1337; x_wconf 69' lang='lat' dir='ltr'><strong>ferendam</strong></span> 
     </span>
    </p>
   </div>
   <div class='ocr_carea' id='block_1_29' title="bbox 1943 1373 3520 1451">
    <p class='ocr_par' dir='ltr' id='par_1_29' title="bbox 1943 1373 3520 1451">
     <span class='ocr_line' id='line_1_29' title="bbox 1943 1373 3520 1451; baseline -0.004 -17"><span class='ocrx_word' id='word_1_197' title='bbox 1943 1378 2324 1451; x_wconf 65' lang='lat' dir='ltr'><strong>Egyptiorum</strong></span> <span class='ocrx_word' id='word_1_198' title='bbox 2359 1380 2644 1435; x_wconf 84' lang='lat' dir='ltr'><strong>hominum</strong></span> <span class='ocrx_word' id='word_1_199' title='bbox 2670 1378 2935 1434; x_wconf 83' lang='lat' dir='ltr'><strong>saevitiam</strong></span> <span class='ocrx_word' id='word_1_200' title='bbox 2971 1374 3264 1431; x_wconf 90' lang='lat' dir='ltr'><strong>immisisse</strong></span> <span class='ocrx_word' id='word_1_201' title='bbox 3297 1383 3359 1428; x_wconf 92' lang='lat' dir='ltr'><strong>ut</strong></span> <span class='ocrx_word' id='word_1_202' title='bbox 3385 1373 3520 1429; x_wconf 83' lang='lat' dir='ltr'><strong>laci—</strong></span> 
     </span>
    </p>
   </div>
   <div class='ocr_carea' id='block_1_30' title="bbox 1943 1464 3518 1541">
    <p class='ocr_par' dir='ltr' id='par_1_30' title="bbox 1943 1464 3518 1541">
     <span class='ocr_line' id='line_1_30' title="bbox 1943 1464 3518 1541; baseline -0.004 -16"><span class='ocrx_word' id='word_1_203' title='bbox 1943 1470 2027 1526; x_wconf 86' lang='lat' dir='ltr'><strong>les</strong></span> <span class='ocrx_word' id='word_1_204' title='bbox 2051 1479 2238 1527; x_wconf 88' lang='lat' dir='ltr'><strong>essent</strong></span> <span class='ocrx_word' id='word_1_205' title='bbox 2260 1472 2328 1526; x_wconf 89' lang='lat' dir='ltr'><strong>ad</strong></span> <span class='ocrx_word' id='word_1_206' title='bbox 2363 1471 2580 1541; x_wconf 78' lang='lat' dir='ltr'><strong>fugam,</strong></span> <span class='ocrx_word' id='word_1_207' title='bbox 2625 1484 2806 1540; x_wconf 90' lang='lat' dir='ltr'><strong>neque</strong></span> <span class='ocrx_word' id='word_1_208' title='bbox 2835 1465 3238 1523; x_wconf 85' lang='lat' dir='ltr'><strong>consuetudine</strong></span> <span class='ocrx_word' id='word_1_209' title='bbox 3265 1464 3518 1534; x_wconf 87' lang='lat' dir='ltr'><strong>volupta-</strong></span> 
     </span>
    </p>
   </div>
   <div class='ocr_carea' id='block_1_31' title="bbox 1946 1555 3521 1632">
    <p class='ocr_par' dir='ltr' id='par_1_31' title="bbox 1946 1555 3521 1632">
     <span class='ocr_line' id='line_1_31' title="bbox 1946 1555 3521 1632; baseline -0.004 -15"><span class='ocrx_word' id='word_1_210' title='bbox 1946 1570 2065 1617; x_wconf 92' lang='lat' dir='ltr'><strong>tum</strong></span> <span class='ocrx_word' id='word_1_211' title='bbox 2101 1562 2294 1628; x_wconf 88' lang='lat' dir='ltr'><strong>illecti,</strong></span> <span class='ocrx_word' id='word_1_212' title='bbox 2348 1563 2653 1632; x_wconf 86' lang='lat' dir='ltr'><strong>pertinaces</strong></span> <span class='ocrx_word' id='word_1_213' title='bbox 2696 1576 2761 1615; x_wconf 89' lang='lat' dir='ltr'><strong>ac</strong></span> <span class='ocrx_word' id='word_1_214' title='bbox 2798 1558 3046 1614; x_wconf 82' lang='lat' dir='ltr'><strong>diﬂiciles</strong></span> <span class='ocrx_word' id='word_1_215' title='bbox 3089 1556 3386 1613; x_wconf 90' lang='lat' dir='ltr'><strong>admodum</strong></span> <span class='ocrx_word' id='word_1_216' title='bbox 3423 1555 3521 1611; x_wconf 84' lang='lat' dir='ltr'><strong>ﬁe—</strong></span> 
     </span>
    </p>
   </div>
   <div class='ocr_carea' id='block_1_32' title="bbox 1945 1651 3520 1723">
    <p class='ocr_par' dir='ltr' id='par_1_32' title="bbox 1945 1651 3520 1723">
     <span class='ocr_line' id='line_1_32' title="bbox 1945 1651 3520 1723; baseline -0.006 -14"><span class='ocrx_word' id='word_1_217' title='bbox 1945 1662 2089 1719; x_wconf 86' lang='lat' dir='ltr'><strong>rent,</strong></span> <span class='ocrx_word' id='word_1_218' title='bbox 2141 1662 2305 1723; x_wconf 88' lang='lat' dir='ltr'><strong>atque</strong></span> <span class='ocrx_word' id='word_1_219' title='bbox 2338 1653 2505 1717; x_wconf 90' lang='lat' dir='ltr'><strong>illius,</strong></span> <span class='ocrx_word' id='word_1_220' title='bbox 2541 1652 2637 1722; x_wconf 87' lang='lat' dir='ltr'><strong>qui</strong></span> <span class='ocrx_word' id='word_1_221' title='bbox 2669 1651 2740 1708; x_wconf 89' lang='lat' dir='ltr'><strong>ad</strong></span> <span class='ocrx_word' id='word_1_222' title='bbox 2776 1651 3088 1705; x_wconf 87' lang='lat' dir='ltr'><strong>libertatem</strong></span> <span class='ocrx_word' id='word_1_223' title='bbox 3123 1656 3365 1712; x_wconf 89' lang='lat' dir='ltr'><strong>vocaret,</strong></span> <span class='ocrx_word' id='word_1_224' title='bbox 3396 1662 3520 1717; x_wconf 84' lang='lat' dir='ltr'><strong>gra-</strong></span> 
     </span>
    </p>
   </div>
   <div class='ocr_carea' id='block_1_33' title="bbox 1947 1736 3524 1814">
    <p class='ocr_par' dir='ltr' id='par_1_33' title="bbox 1947 1736 3524 1814">
     <span class='ocr_line' id='line_1_33' title="bbox 1947 1736 3524 1814; baseline -0.011 -13"><span class='ocrx_word' id='word_1_225' title='bbox 1947 1745 2080 1801; x_wconf 85' lang='lat' dir='ltr'><strong>tiam</strong></span> <span class='ocrx_word' id='word_1_226' title='bbox 2112 1742 2595 1814; x_wconf 85' lang='lat' dir='ltr'><strong>parvipendentes,</strong></span> <span class='ocrx_word' id='word_1_227' title='bbox 2645 1739 2862 1811; x_wconf 64' lang='lat' dir='ltr'><strong>IEgypti</strong></span> <span class='ocrx_word' id='word_1_228' title='bbox 2885 1736 3207 1793; x_wconf 77' lang='lat' dir='ltr'><strong>servitutem</strong></span> <span class='ocrx_word' id='word_1_229' title='bbox 3245 1742 3438 1804; x_wconf 78' lang='lat' dir='ltr'><strong>Sponte</strong></span> <span class='ocrx_word' id='word_1_230' title='bbox 3459 1748 3524 1786; x_wconf 91' lang='lat' dir='ltr'><strong>ac</strong></span> 
     </span>
    </p>
   </div>
   <div class='ocr_carea' id='block_1_34' title="bbox 285 1822 1839 1904">
    <p class='ocr_par' dir='ltr' id='par_1_34' title="bbox 285 1824 1839 1904">
     <span class='ocr_line' id='line_1_34' title="bbox 285 1824 1839 1904; baseline 0.005 -26"><span class='ocrx_word' id='word_1_231' title='bbox 285 1824 377 1878; x_wconf 77' lang='grc' dir='ltr'>καὶ</span> <span class='ocrx_word' id='word_1_232' title='bbox 406 1824 529 1893; x_wconf 79' lang='grc' dir='ltr'>γοῦν</span> <span class='ocrx_word' id='word_1_233' title='bbox 546 1826 923 1897; x_wconf 83' lang='grc' dir='ltr'>ἀσμενέστατα</span> <span class='ocrx_word' id='word_1_234' title='bbox 962 1829 1064 1900; x_wconf 81' lang='grc' dir='ltr'>τῆς</span> <span class='ocrx_word' id='word_1_235' title='bbox 1086 1830 1194 1884; x_wconf 85' lang='grc' dir='ltr'><strong>τῶν</strong></span> <span class='ocrx_word' id='word_1_236' title='bbox 1221 1831 1388 1886; x_wconf 76' lang='grc' dir='ltr'>πάλαι</span> <span class='ocrx_word' id='word_1_237' title='bbox 1424 1831 1839 1904; x_wconf 80' lang='grc' dir='ltr'>τετυραννευκό-</span> 
     </span>
    </p>
   </div>
   <div class='ocr_carea' id='block_1_35' title="bbox 1948 1822 3523 1904">
    <p class='ocr_par' dir='ltr' id='par_1_35' title="bbox 1948 1822 3523 1904">
     <span class='ocr_line' id='line_1_35' title="bbox 1948 1822 3523 1904; baseline -0.01 -15"><span class='ocrx_word' id='word_1_238' title='bbox 1948 1835 2186 1892; x_wconf 84' lang='lat' dir='ltr'><strong>libenter</strong></span> <span class='ocrx_word' id='word_1_239' title='bbox 2223 1833 2685 1904; x_wconf 78' lang='lat' dir='ltr'><strong>amplexarentur,</strong></span> <span class='ocrx_word' id='word_1_240' title='bbox 2729 1845 2854 1884; x_wconf 91' lang='lat' dir='ltr'><strong>cum</strong></span> <span class='ocrx_word' id='word_1_241' title='bbox 2898 1828 3045 1882; x_wconf 89' lang='lat' dir='ltr'><strong>illam</strong></span> <span class='ocrx_word' id='word_1_242' title='bbox 3070 1822 3357 1897; x_wconf 69' lang='lat' dir='ltr'><strong>praesentis</strong></span> <span class='ocrx_word' id='word_1_243' title='bbox 3387 1828 3523 1875; x_wconf 88' lang='lat' dir='ltr'><strong>tem-</strong></span> 
     </span>
    </p>
   </div>
   <div class='ocr_carea' id='block_1_36' title="bbox 285 1917 1844 1997">
    <p class='ocr_par' dir='ltr' id='par_1_36' title="bbox 285 1917 1844 1997">
     <span class='ocr_line' id='line_1_36' title="bbox 285 1917 1844 1997; baseline 0.006 -29"><span class='ocrx_word' id='word_1_244' title='bbox 285 1932 387 1968; x_wconf 83' lang='grc' dir='ltr'><strong>των</strong></span> <span class='ocrx_word' id='word_1_245' title='bbox 411 1917 714 1983; x_wconf 78' lang='grc' dir='ltr'>πλεονεξίας</span> <span class='ocrx_word' id='word_1_246' title='bbox 738 1920 1105 1986; x_wconf 76' lang='grc' dir='ltr'>ἑκδεδυκὸτες,</span> <span class='ocrx_word' id='word_1_247' title='bbox 1129 1922 1477 1994; x_wconf 76' lang='grc' dir='ltr'>αὐλιζόμενοι</span> <span class='ocrx_word' id='word_1_248' title='bbox 1499 1941 1559 1978; x_wconf 88' lang='grc' dir='ltr'><strong>τε</strong></span> <span class='ocrx_word' id='word_1_249' title='bbox 1584 1924 1724 1979; x_wconf 80' lang='grc' dir='ltr'>κατὰ</span> <span class='ocrx_word' id='word_1_250' title='bbox 1744 1924 1844 1997; x_wconf 80' lang='grc' dir='ltr'>τὴν</span> 
     </span>
    </p>
   </div>
   <div class='ocr_carea' id='block_1_37' title="bbox 276 2004 1840 2085">
    <p class='ocr_par' dir='ltr' id='par_1_37' title="bbox 276 2004 1840 2085">
     <span class='ocr_line' id='line_1_37' title="bbox 276 2004 1840 2085; baseline 0.006 -27"><span class='ocrx_word' id='word_1_251' title='bbox 276 2004 492 2078; x_wconf 74' lang='grc' dir='ltr'>ἕρημον,</span> <span class='ocrx_word' id='word_1_252' title='bbox 514 2008 609 2062; x_wconf 71' lang='grc' dir='ltr'><strong>καὶ</strong></span> <span class='ocrx_word' id='word_1_253' title='bbox 627 2009 698 2063; x_wconf 86' lang='grc' dir='ltr'><strong>τά</strong></span> <span class='ocrx_word' id='word_1_254' title='bbox 715 2010 926 2066; x_wconf 75' lang='grc' dir='ltr'>ἀνωθεν</span> <span class='ocrx_word' id='word_1_255' title='bbox 948 2030 1006 2067; x_wconf 91' lang='grc' dir='ltr'><strong>τε</strong></span> <span class='ocrx_word' id='word_1_256' title='bbox 1036 2014 1131 2067; x_wconf 73' lang='grc' dir='ltr'>καὶ</span> <span class='ocrx_word' id='word_1_257' title='bbox 1159 2014 1220 2079; x_wconf 71' lang='grc' dir='ltr'><strong>ἑξ</strong></span> <span class='ocrx_word' id='word_1_258' title='bbox 1247 2013 1478 2084; x_wconf 75' lang='grc' dir='ltr'>οὐρανοῦ</span> <span class='ocrx_word' id='word_1_259' title='bbox 1511 2014 1657 2068; x_wconf 78' lang='grc' dir='ltr'>σιτού</span> <span class='ocrx_word' id='word_1_260' title='bbox 1667 2032 1840 2085; x_wconf 83' lang='grc' dir='ltr'>μενοι,</span> 
     </span>
    </p>
   </div>
   <div class='ocr_carea' id='block_1_38' title="bbox 190 2098 1843 2183">
    <p class='ocr_par' dir='ltr' id='par_1_38' title="bbox 190 2098 1843 2183">
     <span class='ocr_line' id='line_1_38' title="bbox 190 2098 1843 2183; baseline 0.005 -32"><span class='ocrx_word' id='word_1_261' title='bbox 190 2168 191 2175; x_wconf 11' lang='grc' dir='ltr'><strong>γ</strong></span> <span class='ocrx_word' id='word_1_262' title='bbox 270 2098 364 2169; x_wconf 70' lang='grc' dir='ltr'>τὴν</span> <span class='ocrx_word' id='word_1_263' title='bbox 382 2099 479 2153; x_wconf 86' lang='grc' dir='ltr'><strong>τοῦ</strong></span> <span class='ocrx_word' id='word_1_264' title='bbox 503 2101 681 2171; x_wconf 77' lang='grc' dir='ltr'>μάννα</span> <span class='ocrx_word' id='word_1_265' title='bbox 715 2104 980 2174; x_wconf 82' lang='grc' dir='ltr'>χορηγίαν</span> <span class='ocrx_word' id='word_1_266' title='bbox 1010 2105 1189 2183; x_wconf 55' lang='lat' dir='ltr'><strong>(puni;</strong></span> <span class='ocrx_word' id='word_1_267' title='bbox 1207 2104 1309 2176; x_wconf 82' lang='grc' dir='ltr'>τῆς</span> <span class='ocrx_word' id='word_1_268' title='bbox 1338 2106 1395 2159; x_wconf 74' lang='grc' dir='ltr'>ὲν</span> <span class='ocrx_word' id='word_1_269' title='bbox 1423 2105 1684 2178; x_wconf 73' lang='grc' dir='ltr'>Αἰγύπτῳ</span> <span class='ocrx_word' id='word_1_270' title='bbox 1711 2123 1843 2177; x_wconf 88' lang='grc' dir='ltr'>τρυ-</span> 
     </span>
    </p>
   </div>
   <div class='ocr_carea' id='block_1_39' title="bbox 266 2187 1405 2266">
    <p class='ocr_par' dir='ltr' id='par_1_39' title="bbox 266 2187 1405 2266">
     <span class='ocr_line' id='line_1_39' title="bbox 266 2187 1405 2266; baseline 0.005 -23"><span class='ocrx_word' id='word_1_271' title='bbox 266 2187 370 2257; x_wconf 75' lang='grc' dir='ltr'><strong>φῆς</strong></span> <span class='ocrx_word' id='word_1_272' title='bbox 427 2190 529 2243; x_wconf 80' lang='grc' dir='ltr'>οὐκ</span> <span class='ocrx_word' id='word_1_273' title='bbox 602 2191 869 2263; x_wconf 76' lang='grc' dir='ltr'>ἀδακρυτὶ</span> <span class='ocrx_word' id='word_1_274' title='bbox 949 2195 1405 2266; x_wconf 76' lang='grc' dir='ltr'>μνημονεύουσιν.</span> 
     </span>
    </p>
   </div>
   <div class='ocr_carea' id='block_1_40' title="bbox 266 2279 1838 2358">
    <p class='ocr_par' dir='ltr' id='par_1_40' title="bbox 266 2279 1838 2358">
     <span class='ocr_line' id='line_1_40' title="bbox 266 2279 1838 2358; baseline 0.008 -25"><span class='ocrx_word' id='word_1_275' title='bbox 266 2279 486 2350; x_wconf 74' lang='grc' dir='ltr'>μᾶλλον,</span> <span class='ocrx_word' id='word_1_276' title='bbox 523 2279 698 2355; x_wconf 74' lang='grc' dir='ltr'><strong>ὠςῆν</strong></span> <span class='ocrx_word' id='word_1_277' title='bbox 738 2284 803 2355; x_wconf 84' lang='grc' dir='ltr'>δή</span> <span class='ocrx_word' id='word_1_278' title='bbox 845 2303 951 2339; x_wconf 84' lang='grc' dir='ltr'><strong>που</strong></span> <span class='ocrx_word' id='word_1_279' title='bbox 992 2287 1143 2357; x_wconf 84' lang='grc' dir='ltr'><strong>παρά</strong></span> <span class='ocrx_word' id='word_1_280' title='bbox 1180 2286 1317 2342; x_wconf 80' lang='grc' dir='ltr'>πολὺ</span> <span class='ocrx_word' id='word_1_281' title='bbox 1359 2287 1609 2358; x_wconf 86' lang='grc' dir='ltr'>κρεῖττόν</span> <span class='ocrx_word' id='word_1_282' title='bbox 1650 2305 1710 2343; x_wconf 86' lang='grc' dir='ltr'><strong>τε</strong></span> <span class='ocrx_word' id='word_1_283' title='bbox 1742 2290 1838 2345; x_wconf 73' lang='grc' dir='ltr'>καὶ</span> 
     </span>
    </p>
   </div>
   <div class='ocr_carea' id='block_1_41' title="bbox 261 2370 1842 2451">
    <p class='ocr_par' dir='ltr' id='par_1_41' title="bbox 261 2370 1842 2451">
     <span class='ocr_line' id='line_1_41' title="bbox 261 2370 1842 2451; baseline 0.006 -27"><span class='ocrx_word' id='word_1_284' title='bbox 261 2370 482 2441; x_wconf 72' lang='grc' dir='ltr'>ἄμεινον</span> <span class='ocrx_word' id='word_1_285' title='bbox 504 2376 709 2440; x_wconf 75' lang='grc' dir='ltr'>αὐτοῖς,</span> <span class='ocrx_word' id='word_1_286' title='bbox 730 2378 852 2441; x_wconf 84' lang='grc' dir='ltr'>ταῖς</span> <span class='ocrx_word' id='word_1_287' title='bbox 874 2378 932 2431; x_wconf 80' lang='grc' dir='ltr'>ὲν</span> <span class='ocrx_word' id='word_1_288' title='bbox 957 2379 1219 2450; x_wconf 71' lang='grc' dir='ltr'>Αἰγύπτῳ</span> <span class='ocrx_word' id='word_1_289' title='bbox 1245 2379 1545 2451; x_wconf 78' lang='grc' dir='ltr'>τραπέζαις</span> <span class='ocrx_word' id='word_1_290' title='bbox 1572 2381 1842 2434; x_wconf 84' lang='grc' dir='ltr'>ὲνσπατα-</span> 
     </span>
    </p>
   </div>
   <div class='ocr_carea' id='block_1_42' title="bbox 260 2462 1844 2543">
    <p class='ocr_par' dir='ltr' id='par_1_42' title="bbox 260 2462 1844 2543">
     <span class='ocr_line' id='line_1_42' title="bbox 260 2462 1844 2543; baseline 0.006 -26"><span class='ocrx_word' id='word_1_291' title='bbox 260 2462 491 2529; x_wconf 80' lang='grc' dir='ltr'>λῶντας,</span> <span class='ocrx_word' id='word_1_292' title='bbox 520 2466 605 2521; x_wconf 76' lang='grc' dir='ltr'>ἔτι</span> <span class='ocrx_word' id='word_1_293' title='bbox 641 2469 1054 2539; x_wconf 69' lang='grc' dir='ltr'>διατεινάμενοι,</span> <span class='ocrx_word' id='word_1_294' title='bbox 1101 2472 1198 2525; x_wconf 75' lang='grc' dir='ltr'>καὶ</span> <span class='ocrx_word' id='word_1_295' title='bbox 1228 2471 1605 2543; x_wconf 81' lang='grc' dir='ltr'>μειρακιωδῶς</span> <span class='ocrx_word' id='word_1_296' title='bbox 1647 2473 1844 2527; x_wconf 78' lang='grc' dir='ltr'>ἀνακε-</span> 
     </span>
    </p>
   </div>
   <div class='ocr_carea' id='block_1_43' title="bbox 260 2554 1842 2634">
    <p class='ocr_par' dir='ltr' id='par_1_43' title="bbox 260 2554 1842 2634">
     <span class='ocr_line' id='line_1_43' title="bbox 260 2554 1842 2634; baseline 0.008 -30"><span class='ocrx_word' id='word_1_297' title='bbox 260 2554 559 2623; x_wconf 74' lang='grc' dir='ltr'>κραγότεςο</span> <span class='ocrx_word' id='word_1_298' title='bbox 597 2575 616 2609; x_wconf 85' lang='grc' dir='ltr'><strong>ι</strong></span> <span class='ocrx_word' id='word_1_299' title='bbox 648 2557 879 2627; x_wconf 81' lang='grc' dir='ltr'>Ὄφελον</span> <span class='ocrx_word' id='word_1_300' title='bbox 905 2559 1251 2631; x_wconf 80' lang='grc' dir='ltr'>ἀπεθάνομεν</span> <span class='ocrx_word' id='word_1_301' title='bbox 1278 2562 1577 2634; x_wconf 84' lang='grc' dir='ltr'>πληγέντες</span> <span class='ocrx_word' id='word_1_302' title='bbox 1602 2564 1708 2617; x_wconf 73' lang='grc' dir='ltr'><strong>ὑπὸ</strong></span> <span class='ocrx_word' id='word_1_303' title='bbox 1730 2565 1842 2617; x_wconf 86' lang='grc' dir='ltr'><strong>Κυ-</strong></span> 
     </span>
    </p>
   </div>
   <div class='ocr_carea' id='block_1_44' title="bbox 259 2643 1838 2725">
    <p class='ocr_par' dir='ltr' id='par_1_44' title="bbox 259 2643 1838 2725">
     <span class='ocr_line' id='line_1_44' title="bbox 259 2643 1838 2725; baseline 0.008 -29"><span class='ocrx_word' id='word_1_304' title='bbox 259 2643 382 2716; x_wconf 79' lang='grc' dir='ltr'>ρίου</span> <span class='ocrx_word' id='word_1_305' title='bbox 412 2646 471 2699; x_wconf 71' lang='grc' dir='ltr'>ὲν</span> <span class='ocrx_word' id='word_1_306' title='bbox 498 2647 784 2721; x_wconf 74' lang='grc' dir='ltr'>Αίγύπτῳ,</span> <span class='ocrx_word' id='word_1_307' title='bbox 816 2650 949 2704; x_wconf 81' lang='grc' dir='ltr'>ὅταν</span> <span class='ocrx_word' id='word_1_308' title='bbox 980 2651 1317 2724; x_wconf 79' lang='grc' dir='ltr'>ὲκαθίσαμεν</span> <span class='ocrx_word' id='word_1_309' title='bbox 1342 2653 1567 2707; x_wconf 74' lang='grc' dir='ltr'>ἐπὶτῶν</span> <span class='ocrx_word' id='word_1_310' title='bbox 1592 2654 1838 2725; x_wconf 78' lang='grc' dir='ltr'>λεϐήτων</span> 
     </span>
    </p>
   </div>
   <div class='ocr_carea' id='block_1_45' title="bbox 254 2736 1728 2817">
    <p class='ocr_par' dir='ltr' id='par_1_45' title="bbox 254 2736 1728 2817">
     <span class='ocr_line' id='line_1_45' title="bbox 254 2736 1728 2817; baseline 0.005 -27"><span class='ocrx_word' id='word_1_311' title='bbox 254 2736 372 2791; x_wconf 79' lang='grc' dir='ltr'><strong>τῶν</strong></span> <span class='ocrx_word' id='word_1_312' title='bbox 400 2740 580 2809; x_wconf 83' lang='grc' dir='ltr'>κρεῶν</span> <span class='ocrx_word' id='word_1_313' title='bbox 610 2743 706 2795; x_wconf 79' lang='grc' dir='ltr'>καὶ</span> <span class='ocrx_word' id='word_1_314' title='bbox 733 2742 993 2813; x_wconf 75' lang='grc' dir='ltr'>ἠσθίομεν</span> <span class='ocrx_word' id='word_1_315' title='bbox 1016 2745 1216 2817; x_wconf 76' lang='grc' dir='ltr'>ἄρτους</span> <span class='ocrx_word' id='word_1_316' title='bbox 1236 2747 1318 2810; x_wconf 88' lang='grc' dir='ltr'><strong>είς</strong></span> <span class='ocrx_word' id='word_1_317' title='bbox 1337 2745 1683 2817; x_wconf 77' lang='grc' dir='ltr'>πλησμονήνί</span> <span class='ocrx_word' id='word_1_318' title='bbox 1708 2766 1728 2798; x_wconf 76' lang='grc' dir='ltr'><strong>ι</strong></span> 
     </span>
    </p>
   </div>
   <div class='ocr_carea' id='block_1_46' title="bbox 1941 1911 3522 1997">
    <p class='ocr_par' dir='ltr' id='par_1_46' title="bbox 1941 1911 3522 1997">
     <span class='ocr_line' id='line_1_46' title="bbox 1941 1911 3522 1997; baseline -0.012 -15"><span class='ocrx_word' id='word_1_319' title='bbox 1941 1926 2093 1997; x_wconf 87' lang='lat' dir='ltr'><strong>poris</strong></span> <span class='ocrx_word' id='word_1_320' title='bbox 2123 1923 2553 1981; x_wconf 89' lang='lat' dir='ltr'><strong>oblectationem</strong></span> <span class='ocrx_word' id='word_1_321' title='bbox 2580 1921 2795 1992; x_wconf 79' lang='lat' dir='ltr'><strong>exiguis</strong></span> <span class='ocrx_word' id='word_1_322' title='bbox 2816 1930 3215 1986; x_wconf 86' lang='lat' dir='ltr'><strong>nonnunquam</strong></span> <span class='ocrx_word' id='word_1_323' title='bbox 3237 1911 3522 1967; x_wconf 89' lang='lat' dir='ltr'><strong>laboribus</strong></span> 
     </span>
    </p>
   </div>
   <div class='ocr_carea' id='block_1_47' title="bbox 1941 2002 3533 2082">
    <p class='ocr_par' dir='ltr' id='par_1_47' title="bbox 1941 2002 3533 2082">
     <span class='ocr_line' id='line_1_47' title="bbox 1941 2002 3533 2082; baseline -0.012 -8"><span class='ocrx_word' id='word_1_324' title='bbox 1941 2017 2319 2082; x_wconf 80' lang='lat' dir='ltr'><strong>anteferrent,</strong></span> <span class='ocrx_word' id='word_1_325' title='bbox 2365 2015 2479 2070; x_wconf 91' lang='lat' dir='ltr'><strong>imo</strong></span> <span class='ocrx_word' id='word_1_326' title='bbox 2513 2028 2647 2068; x_wconf 88' lang='lat' dir='ltr'><strong>vero</strong></span> <span class='ocrx_word' id='word_1_327' title='bbox 2684 2011 2851 2067; x_wconf 88' lang='lat' dir='ltr'><strong>etiam</strong></span> <span class='ocrx_word' id='word_1_328' title='bbox 2892 2008 3027 2080; x_wconf 80' lang='lat' dir='ltr'><strong>ipsis</strong></span> <span class='ocrx_word' id='word_1_329' title='bbox 3070 2006 3167 2061; x_wconf 90' lang='lat' dir='ltr'><strong>Dei</strong></span> <span class='ocrx_word' id='word_1_330' title='bbox 3211 2002 3533 2065; x_wconf 50' lang='lat' dir='ltr'><strong>beneﬁciis,</strong></span> 
     </span>
    </p>
   </div>
   <div class='ocr_carea' id='block_1_48' title="bbox 1942 2093 3521 2177">
    <p class='ocr_par' dir='ltr' id='par_1_48' title="bbox 1942 2093 3521 2177">
     <span class='ocr_line' id='line_1_48' title="bbox 1942 2093 3521 2177; baseline -0.011 -14"><span class='ocrx_word' id='word_1_331' title='bbox 1942 2106 2345 2177; x_wconf 84' lang='lat' dir='ltr'><strong>exoptatiorem</strong></span> <span class='ocrx_word' id='word_1_332' title='bbox 2386 2104 2784 2159; x_wconf 81' lang='lat' dir='ltr'><strong>existimarent.</strong></span> <span class='ocrx_word' id='word_1_333' title='bbox 2815 2100 3002 2169; x_wconf 81' lang='lat' dir='ltr'><strong>Itaque</strong></span> <span class='ocrx_word' id='word_1_334' title='bbox 3041 2097 3170 2152; x_wconf 89' lang='lat' dir='ltr'><strong>licet</strong></span> <span class='ocrx_word' id='word_1_335' title='bbox 3198 2096 3309 2168; x_wconf 85' lang='lat' dir='ltr'><strong>jam</strong></span> <span class='ocrx_word' id='word_1_336' title='bbox 3339 2093 3521 2148; x_wconf 86' lang='lat' dir='ltr'><strong>liben-</strong></span> 
     </span>
    </p>
   </div>
   <div class='ocr_carea' id='block_1_49' title="bbox 1494 2189 1839 2264">
    <p class='ocr_par' dir='ltr' id='par_1_49' title="bbox 1494 2195 1839 2253">
     <span class='ocr_line' id='line_1_49' title="bbox 1494 2195 1839 2253; baseline 0.009 -3"><span class='ocrx_word' id='word_1_337' title='bbox 1494 2195 1839 2253; x_wconf 81' lang='grc' dir='ltr'>Ἐκτεθνάναι</span> 
     </span>
    </p>
   </div>
   <div class='ocr_carea' id='block_1_50' title="bbox 1948 2189 3520 2264">
    <p class='ocr_par' dir='ltr' id='par_1_50' title="bbox 1948 2189 3520 2264">
     <span class='ocr_line' id='line_1_50' title="bbox 1948 2189 3520 2264; baseline -0.01 -11"><span class='ocrx_word' id='word_1_338' title='bbox 1948 2199 2153 2254; x_wconf 89' lang='lat' dir='ltr'><strong>tissime</strong></span> <span class='ocrx_word' id='word_1_339' title='bbox 2176 2213 2247 2252; x_wconf 88' lang='lat' dir='ltr'><strong>ex</strong></span> <span class='ocrx_word' id='word_1_340' title='bbox 2261 2196 2355 2250; x_wconf 88' lang='lat' dir='ltr'><strong>illa</strong></span> <span class='ocrx_word' id='word_1_341' title='bbox 2379 2194 2668 2264; x_wconf 86' lang='lat' dir='ltr'><strong>iniquitate</strong></span> <span class='ocrx_word' id='word_1_342' title='bbox 2691 2201 2941 2249; x_wconf 75' lang='lat' dir='ltr'><strong>veterum</strong></span> <span class='ocrx_word' id='word_1_343' title='bbox 2966 2189 3316 2245; x_wconf 90' lang='lat' dir='ltr'><strong>dominorum</strong></span> <span class='ocrx_word' id='word_1_344' title='bbox 3337 2199 3520 2241; x_wconf 88' lang='lat' dir='ltr'><strong>emer—</strong></span> 
     </span>
    </p>
   </div>
   <div class='ocr_carea' id='block_1_51' title="bbox 1947 2280 3524 2352">
    <p class='ocr_par' dir='ltr' id='par_1_51' title="bbox 1947 2280 3524 2352">
     <span class='ocr_line' id='line_1_51' title="bbox 1947 2280 3524 2352; baseline -0.011 -7"><span class='ocrx_word' id='word_1_345' title='bbox 1947 2287 2170 2352; x_wconf 87' lang='lat' dir='ltr'><strong>sissent,</strong></span> <span class='ocrx_word' id='word_1_346' title='bbox 2189 2294 2247 2341; x_wconf 93' lang='lat' dir='ltr'><strong>et</strong></span> <span class='ocrx_word' id='word_1_347' title='bbox 2278 2286 2337 2341; x_wconf 92' lang='lat' dir='ltr'><strong>in</strong></span> <span class='ocrx_word' id='word_1_348' title='bbox 2363 2299 2552 2339; x_wconf 91' lang='lat' dir='ltr'><strong>eremo</strong></span> <span class='ocrx_word' id='word_1_349' title='bbox 2585 2282 2710 2337; x_wconf 84' lang='lat' dir='ltr'><strong>ﬁxis</strong></span> <span class='ocrx_word' id='word_1_350' title='bbox 2744 2280 3002 2337; x_wconf 89' lang='lat' dir='ltr'><strong>tentoriis</strong></span> <span class='ocrx_word' id='word_1_351' title='bbox 3047 2285 3421 2339; x_wconf 87' lang='lat' dir='ltr'><strong>morarentur,</strong></span> <span class='ocrx_word' id='word_1_352' title='bbox 3467 2282 3524 2328; x_wconf 90' lang='lat' dir='ltr'><strong>et</strong></span> 
     </span>
    </p>
   </div>
   <div class='ocr_carea' id='block_1_52' title="bbox 1945 2373 3520 2450">
    <p class='ocr_par' dir='ltr' id='par_1_52' title="bbox 1945 2373 3520 2450">
     <span class='ocr_line' id='line_1_52' title="bbox 1945 2373 3520 2450; baseline -0.01 -16"><span class='ocrx_word' id='word_1_353' title='bbox 1945 2394 2187 2450; x_wconf 83' lang='lat' dir='ltr'><strong>superno</strong></span> <span class='ocrx_word' id='word_1_354' title='bbox 2209 2376 2535 2448; x_wconf 71' lang='lat' dir='ltr'><strong>ccelitusque</strong></span> <span class='ocrx_word' id='word_1_355' title='bbox 2557 2374 2685 2430; x_wconf 92' lang='lat' dir='ltr'><strong>dato</strong></span> <span class='ocrx_word' id='word_1_356' title='bbox 2712 2373 2838 2429; x_wconf 92' lang='lat' dir='ltr'><strong>cibo</strong></span> <span class='ocrx_word' id='word_1_357' title='bbox 2874 2377 3253 2433; x_wconf 76' lang='lat' dir='ltr'><strong>vescerentur,</strong></span> <span class='ocrx_word' id='word_1_358' title='bbox 3298 2381 3520 2429; x_wconf 89' lang='lat' dir='ltr'><strong>manna,</strong></span> 
     </span>
    </p>
   </div>
   <div class='ocr_carea' id='block_1_53' title="bbox 1941 2459 3520 2538">
    <p class='ocr_par' dir='ltr' id='par_1_53' title="bbox 1941 2459 3520 2538">
     <span class='ocr_line' id='line_1_53' title="bbox 1941 2459 3520 2538; baseline -0.008 -14"><span class='ocrx_word' id='word_1_359' title='bbox 1941 2468 2186 2538; x_wconf 88' lang='lat' dir='ltr'><strong>inquam,</strong></span> <span class='ocrx_word' id='word_1_360' title='bbox 2235 2467 2351 2532; x_wconf 91' lang='lat' dir='ltr'><strong>illo,</strong></span> <span class='ocrx_word' id='word_1_361' title='bbox 2387 2464 2535 2537; x_wconf 88' lang='lat' dir='ltr'><strong>quod</strong></span> <span class='ocrx_word' id='word_1_362' title='bbox 2565 2464 2787 2536; x_wconf 89' lang='lat' dir='ltr'><strong>copiose</strong></span> <span class='ocrx_word' id='word_1_363' title='bbox 2820 2461 3189 2534; x_wconf 67' lang='lat' dir='ltr'><strong>praebebatur,</strong></span> <span class='ocrx_word' id='word_1_364' title='bbox 3243 2459 3389 2513; x_wconf 87' lang='lat' dir='ltr'><strong>illam</strong></span> <span class='ocrx_word' id='word_1_365' title='bbox 3437 2466 3520 2512; x_wconf 87' lang='lat' dir='ltr'><strong>ta-</strong></span> 
     </span>
    </p>
   </div>
   <div class='ocr_carea' id='block_1_54' title="bbox 1940 2551 3524 2632">
    <p class='ocr_par' dir='ltr' id='par_1_54' title="bbox 1940 2551 3524 2632">
     <span class='ocr_line' id='line_1_54' title="bbox 1940 2551 3524 2632; baseline -0.01 -15"><span class='ocrx_word' id='word_1_366' title='bbox 1940 2577 2070 2617; x_wconf 92' lang='lat' dir='ltr'><strong>men</strong></span> <span class='ocrx_word' id='word_1_367' title='bbox 2091 2561 2148 2617; x_wconf 92' lang='lat' dir='ltr'><strong>in</strong></span> <span class='ocrx_word' id='word_1_368' title='bbox 2169 2559 2403 2632; x_wconf 66' lang='lat' dir='ltr'><strong>Egypto</strong></span> <span class='ocrx_word' id='word_1_369' title='bbox 2422 2558 2758 2629; x_wconf 86' lang='lat' dir='ltr'><strong>voluptatem</strong></span> <span class='ocrx_word' id='word_1_370' title='bbox 2786 2571 2900 2611; x_wconf 90' lang='lat' dir='ltr'><strong>non</strong></span> <span class='ocrx_word' id='word_1_371' title='bbox 2929 2553 3048 2610; x_wconf 90' lang='lat' dir='ltr'><strong>sine</strong></span> <span class='ocrx_word' id='word_1_372' title='bbox 3082 2551 3337 2624; x_wconf 85' lang='lat' dir='ltr'><strong>lacrymis</strong></span> <span class='ocrx_word' id='word_1_373' title='bbox 3368 2565 3524 2603; x_wconf 82' lang='lat' dir='ltr'><strong>eom-</strong></span> 
     </span>
    </p>
   </div>
   <div class='ocr_carea' id='block_1_55' title="bbox 1942 2640 3531 2720">
    <p class='ocr_par' dir='ltr' id='par_1_55' title="bbox 1942 2640 3531 2720">
     <span class='ocr_line' id='line_1_55' title="bbox 1942 2640 3531 2720; baseline -0.01 -11"><span class='ocrx_word' id='word_1_374' title='bbox 1942 2647 2273 2718; x_wconf 86' lang='lat' dir='ltr'><strong>memorant,</strong></span> <span class='ocrx_word' id='word_1_375' title='bbox 2324 2649 2536 2706; x_wconf 87' lang='lat' dir='ltr'><strong>scilicet</strong></span> <span class='ocrx_word' id='word_1_376' title='bbox 2585 2654 2883 2720; x_wconf 87' lang='lat' dir='ltr'><strong>querentes</strong></span> <span class='ocrx_word' id='word_1_377' title='bbox 2940 2644 3117 2700; x_wconf 91' lang='lat' dir='ltr'><strong>multo</strong></span> <span class='ocrx_word' id='word_1_378' title='bbox 3167 2642 3273 2698; x_wconf 88' lang='lat' dir='ltr'><strong>sibi</strong></span> <span class='ocrx_word' id='word_1_379' title='bbox 3325 2640 3531 2695; x_wconf 86' lang='lat' dir='ltr'><strong>melius</strong></span> 
     </span>
    </p>
   </div>
   <div class='ocr_carea' id='block_1_56' title="bbox 1942 2735 3522 2812">
    <p class='ocr_par' dir='ltr' id='par_1_56' title="bbox 1942 2735 3522 2812">
     <span class='ocr_line' id='line_1_56' title="bbox 1942 2735 3522 2812; baseline -0.01 -10"><span class='ocrx_word' id='word_1_380' title='bbox 1942 2745 2133 2812; x_wconf 79' lang='lat' dir='ltr'><strong>fuisse,</strong></span> <span class='ocrx_word' id='word_1_381' title='bbox 2160 2744 2207 2801; x_wconf 89' lang='lat' dir='ltr'><strong>si</strong></span> <span class='ocrx_word' id='word_1_382' title='bbox 2236 2752 2351 2799; x_wconf 89' lang='lat' dir='ltr'><strong>tum</strong></span> <span class='ocrx_word' id='word_1_383' title='bbox 2372 2750 2558 2799; x_wconf 88' lang='lat' dir='ltr'><strong>essent</strong></span> <span class='ocrx_word' id='word_1_384' title='bbox 2595 2738 2820 2803; x_wconf 89' lang='lat' dir='ltr'><strong>mortui,</strong></span> <span class='ocrx_word' id='word_1_385' title='bbox 2856 2753 2984 2794; x_wconf 89' lang='lat' dir='ltr'><strong>cum</strong></span> <span class='ocrx_word' id='word_1_386' title='bbox 3011 2737 3070 2792; x_wconf 92' lang='lat' dir='ltr'><strong>in</strong></span> <span class='ocrx_word' id='word_1_387' title='bbox 3100 2735 3318 2808; x_wconf 64' lang='lat' dir='ltr'><strong>)Egypti</strong></span> <span class='ocrx_word' id='word_1_388' title='bbox 3364 2750 3522 2789; x_wconf 87' lang='lat' dir='ltr'><strong>men-</strong></span> 
     </span>
    </p>
   </div>
   <div class='ocr_carea' id='block_1_57' title="bbox 253 2828 3527 2908">
    <p class='ocr_par' dir='ltr' id='par_1_57' title="bbox 253 2828 3527 2908">
     <span class='ocr_line' id='line_1_57' title="bbox 253 2828 3527 2908; baseline 0.001 -24"><span class='ocrx_word' id='word_1_389' title='bbox 253 2828 331 2885; x_wconf 83' lang='lat' dir='ltr'><strong>sis</strong></span> <span class='ocrx_word' id='word_1_390' title='bbox 398 2830 829 2889; x_wconf 83' lang='lat' dir='ltr'><strong>luxuriarentur.</strong></span> <span class='ocrx_word' id='word_1_391' title='bbox 872 2837 1060 2907; x_wconf 83' lang='lat' dir='ltr'><strong>Itaque</strong></span> <span class='ocrx_word' id='word_1_392' title='bbox 1102 2853 1316 2893; x_wconf 88' lang='lat' dir='ltr'><strong>summa</strong></span> <span class='ocrx_word' id='word_1_393' title='bbox 1375 2840 1725 2897; x_wconf 87' lang='lat' dir='ltr'><strong>contentione</strong></span> <span class='ocrx_word' id='word_1_394' title='bbox 1761 2853 1917 2894; x_wconf 90' lang='lat' dir='ltr'><strong>more</strong></span> <span class='ocrx_word' id='word_1_395' title='bbox 1953 2853 2253 2908; x_wconf 88' lang='lat' dir='ltr'><strong>puerorum</strong></span> <span class='ocrx_word' id='word_1_396' title='bbox 2288 2834 2769 2893; x_wconf 77' lang='lat' dir='ltr'><strong>vociferabantur:</strong></span> <span class='ocrx_word' id='word_1_397' title='bbox 2802 2851 2820 2884; x_wconf 78' lang='grc' dir='ltr'><strong>ι</strong></span> <span class='ocrx_word' id='word_1_398' title='bbox 2857 2831 3080 2889; x_wconf 88' lang='lat' dir='ltr'><strong>Utinam</strong></span> <span class='ocrx_word' id='word_1_399' title='bbox 3126 2831 3328 2886; x_wconf 89' lang='lat' dir='ltr'><strong>mortui</strong></span> <span class='ocrx_word' id='word_1_400' title='bbox 3371 2847 3527 2886; x_wconf 71' lang='lat' dir='ltr'><strong>csse-</strong></span> 
     </span>
    </p>
   </div>
   <div class='ocr_carea' id='block_1_58' title="bbox 250 2919 3553 3001">
    <p class='ocr_par' dir='ltr' id='par_1_58' title="bbox 250 2919 3553 3001">
     <span class='ocr_line' id='line_1_58' title="bbox 250 2919 3553 3001; baseline -0.002 -23"><span class='ocrx_word' id='word_1_401' title='bbox 250 2936 388 2975; x_wconf 86' lang='lat' dir='ltr'><strong>mns</strong></span> <span class='ocrx_word' id='word_1_402' title='bbox 415 2925 666 2991; x_wconf 85' lang='lat' dir='ltr'><strong>percussi</strong></span> <span class='ocrx_word' id='word_1_403' title='bbox 713 2941 745 2981; x_wconf 88' lang='lat' dir='ltr'><strong>a</strong></span> <span class='ocrx_word' id='word_1_404' title='bbox 786 2926 1019 2985; x_wconf 90' lang='lat' dir='ltr'><strong>Domino</strong></span> <span class='ocrx_word' id='word_1_405' title='bbox 1068 2928 1126 2985; x_wconf 89' lang='lat' dir='ltr'><strong>in</strong></span> <span class='ocrx_word' id='word_1_406' title='bbox 1161 2927 1419 3001; x_wconf 64' lang='lat' dir='ltr'><strong>Egypto,</strong></span> <span class='ocrx_word' id='word_1_407' title='bbox 1447 2929 1668 3000; x_wconf 86' lang='lat' dir='ltr'><strong>quando</strong></span> <span class='ocrx_word' id='word_1_408' title='bbox 1729 2928 2061 2985; x_wconf 83' lang='lat' dir='ltr'><strong>sedebamus</strong></span> <span class='ocrx_word' id='word_1_409' title='bbox 2085 2943 2253 3000; x_wconf 89' lang='lat' dir='ltr'><strong>super</strong></span> <span class='ocrx_word' id='word_1_410' title='bbox 2273 2927 2411 2985; x_wconf 89' lang='lat' dir='ltr'><strong>ollas</strong></span> <span class='ocrx_word' id='word_1_411' title='bbox 2452 2924 2725 2989; x_wconf 89' lang='lat' dir='ltr'><strong>carnium,</strong></span> <span class='ocrx_word' id='word_1_412' title='bbox 2761 2931 2818 2979; x_wconf 92' lang='lat' dir='ltr'><strong>et</strong></span> <span class='ocrx_word' id='word_1_413' title='bbox 2880 2919 3306 2979; x_wconf 89' lang='lat' dir='ltr'><strong>comedebamus</strong></span> <span class='ocrx_word' id='word_1_414' title='bbox 3326 2933 3553 2990; x_wconf 28' lang='lat' dir='ltr'><strong>panems</strong></span> 
     </span>
    </p>
   </div>
   <div class='ocr_carea' id='block_1_59' title="bbox 249 3016 785 3077">
    <p class='ocr_par' dir='ltr' id='par_1_59' title="bbox 249 3016 785 3077">
     <span class='ocr_line' id='line_1_59' title="bbox 249 3016 785 3077; baseline 0.002 -5"><span class='ocrx_word' id='word_1_415' title='bbox 249 3016 306 3072; x_wconf 89' lang='lat' dir='ltr'><strong>in</strong></span> <span class='ocrx_word' id='word_1_416' title='bbox 334 3018 634 3077; x_wconf 84' lang='lat' dir='ltr'><strong>saturitate</strong></span> <span class='ocrx_word' id='word_1_417' title='bbox 656 3022 731 3075; x_wconf 78' lang='grc' dir='ltr'>ιιι</span> <span class='ocrx_word' id='word_1_418' title='bbox 763 3039 785 3073; x_wconf 73' lang='grc' dir='ltr'><strong>ι</strong></span> 
     </span>
    </p>
   </div>
   <div class='ocr_carea' id='block_1_60' title="bbox 326 3130 877 3205">
    <p class='ocr_par' dir='ltr' id='par_1_60' title="bbox 326 3130 877 3205">
     <span class='ocr_line' id='line_1_60' title="bbox 326 3130 877 3205; baseline 0.009 -19"><span class='ocrx_word' id='word_1_419' title='bbox 326 3133 545 3188; x_wconf 67' lang='grc' dir='ltr'><strong>ΠΑΛΔ.</strong></span> <span class='ocrx_word' id='word_1_420' title='bbox 576 3130 649 3188; x_wconf 81' lang='grc' dir='ltr'><strong>Εὖ</strong></span> <span class='ocrx_word' id='word_1_421' title='bbox 678 3134 877 3205; x_wconf 85' lang='grc' dir='ltr'>λέγεις.</span> 
     </span>
    </p>
   </div>
   <div class='ocr_carea' id='block_1_61' title="bbox 320 3244 1839 3320">
    <p class='ocr_par' dir='ltr' id='par_1_61' title="bbox 320 3244 1839 3320">
     <span class='ocr_line' id='line_1_61' title="bbox 320 3244 1839 3320; baseline 0.002 -24"><span class='ocrx_word' id='word_1_422' title='bbox 320 3244 496 3298; x_wconf 72' lang='grc' dir='ltr'>ΚΥΡ.</span> <span class='ocrx_word' id='word_1_423' title='bbox 534 3244 746 3299; x_wconf 79' lang='grc' dir='ltr'>Οὐκοῦν</span> <span class='ocrx_word' id='word_1_424' title='bbox 771 3245 846 3311; x_wconf 84' lang='grc' dir='ltr'>ὡς</span> <span class='ocrx_word' id='word_1_425' title='bbox 873 3247 1145 3316; x_wconf 88' lang='grc' dir='ltr'>ἀναγκαία</span> <span class='ocrx_word' id='word_1_426' title='bbox 1168 3265 1252 3313; x_wconf 86' lang='grc' dir='ltr'><strong>τις</strong></span> <span class='ocrx_word' id='word_1_427' title='bbox 1285 3246 1461 3301; x_wconf 71' lang='grc' dir='ltr'>ἔσοιτο</span> <span class='ocrx_word' id='word_1_428' title='bbox 1490 3247 1625 3320; x_wconf 74' lang='grc' dir='ltr'>πρὸς</span> <span class='ocrx_word' id='word_1_429' title='bbox 1655 3247 1839 3300; x_wconf 72' lang='grc' dir='ltr'>εὐπεί-</span> 
     </span>
    </p>
   </div>
   <div class='ocr_carea' id='block_1_62' title="bbox 250 3332 1838 3407">
    <p class='ocr_par' dir='ltr' id='par_1_62' title="bbox 250 3332 1838 3407">
     <span class='ocr_line' id='line_1_62' title="bbox 250 3332 1838 3407; baseline 0.003 -21"><span class='ocrx_word' id='word_1_430' title='bbox 250 3332 413 3387; x_wconf 72' lang='grc' dir='ltr'>θειαν</span> <span class='ocrx_word' id='word_1_431' title='bbox 468 3334 663 3399; x_wconf 70' lang='grc' dir='ltr'>αὐτοῖς</span> <span class='ocrx_word' id='word_1_432' title='bbox 707 3337 740 3407; x_wconf 82' lang='grc' dir='ltr'>ἡ</span> <span class='ocrx_word' id='word_1_433' title='bbox 798 3335 1242 3407; x_wconf 81' lang='grc' dir='ltr'>θαυματουργία,</span> <span class='ocrx_word' id='word_1_434' title='bbox 1294 3336 1498 3406; x_wconf 76' lang='grc' dir='ltr'>Μωσῆς</span> <span class='ocrx_word' id='word_1_435' title='bbox 1549 3337 1838 3406; x_wconf 76' lang='grc' dir='ltr'>ἠπίστατο.</span> 
     </span>
    </p>
   </div>
   <div class='ocr_carea' id='block_1_63' title="bbox 248 3425 1840 3501">
    <p class='ocr_par' dir='ltr' id='par_1_63' title="bbox 248 3425 1840 3501">
     <span class='ocr_line' id='line_1_63' title="bbox 248 3425 1840 3501; baseline 0.002 -24"><span class='ocrx_word' id='word_1_436' title='bbox 248 3425 552 3497; x_wconf 74' lang='grc' dir='ltr'>Τοιγάρτοι</span> <span class='ocrx_word' id='word_1_437' title='bbox 582 3428 778 3497; x_wconf 73' lang='grc' dir='ltr'>φησίνο</span> <span class='ocrx_word' id='word_1_438' title='bbox 807 3448 824 3479; x_wconf 81' lang='grc' dir='ltr'><strong>ι</strong></span> <span class='ocrx_word' id='word_1_439' title='bbox 867 3428 994 3483; x_wconf 80' lang='grc' dir='ltr'>Ἐὰν</span> <span class='ocrx_word' id='word_1_440' title='bbox 1024 3429 1097 3501; x_wconf 79' lang='grc' dir='ltr'>μὴ</span> <span class='ocrx_word' id='word_1_441' title='bbox 1122 3428 1485 3482; x_wconf 80' lang='grc' dir='ltr'>είσακούσωσί</span> <span class='ocrx_word' id='word_1_442' title='bbox 1515 3445 1612 3500; x_wconf 84' lang='grc' dir='ltr'><strong>μου</strong></span> <span class='ocrx_word' id='word_1_443' title='bbox 1637 3427 1840 3500; x_wconf 77' lang='grc' dir='ltr'>(ἐροῦσι</span> 
     </span>
    </p>
   </div>
   <div class='ocr_carea' id='block_1_64' title="bbox 249 3511 1834 3589">
    <p class='ocr_par' dir='ltr' id='par_1_64' title="bbox 249 3511 1834 3589">
     <span class='ocr_line' id='line_1_64' title="bbox 249 3511 1834 3589; baseline 0.002 -23"><span class='ocrx_word' id='word_1_444' title='bbox 249 3515 392 3583; x_wconf 69' lang='grc' dir='ltr'>γὰρ,</span> <span class='ocrx_word' id='word_1_445' title='bbox 411 3517 495 3567; x_wconf 78' lang='grc' dir='ltr'>ὅτι</span> <span class='ocrx_word' id='word_1_446' title='bbox 512 3517 623 3569; x_wconf 74' lang='grc' dir='ltr'><strong>Οὐκ</strong></span> <span class='ocrx_word' id='word_1_447' title='bbox 656 3511 833 3569; x_wconf 82' lang='grc' dir='ltr'>ὦπταί</span> <span class='ocrx_word' id='word_1_448' title='bbox 859 3520 984 3571; x_wconf 77' lang='grc' dir='ltr'>σοιδ</span> <span class='ocrx_word' id='word_1_449' title='bbox 1008 3516 1184 3588; x_wconf 85' lang='grc' dir='ltr'>Θεὸς),</span> <span class='ocrx_word' id='word_1_450' title='bbox 1206 3518 1258 3571; x_wconf 81' lang='grc' dir='ltr'><strong>τί</strong></span> <span class='ocrx_word' id='word_1_451' title='bbox 1276 3518 1387 3589; x_wconf 83' lang='grc' dir='ltr'><strong>ὲρῶ</strong></span> <span class='ocrx_word' id='word_1_452' title='bbox 1403 3516 1534 3588; x_wconf 79' lang='grc' dir='ltr'>πρὸς</span> <span class='ocrx_word' id='word_1_453' title='bbox 1559 3515 1788 3582; x_wconf 78' lang='grc' dir='ltr'>αὐτούς;</span> <span class='ocrx_word' id='word_1_454' title='bbox 1815 3536 1834 3568; x_wconf 74' lang='grc' dir='ltr'><strong>ι</strong></span> 
     </span>
    </p>
   </div>
   <div class='ocr_carea' id='block_1_65' title="bbox 260 3604 1838 3681">
    <p class='ocr_par' dir='ltr' id='par_1_65' title="bbox 260 3604 1838 3681">
     <span class='ocr_line' id='line_1_65' title="bbox 260 3604 1838 3681; baseline 0.003 -23"><span class='ocrx_word' id='word_1_455' title='bbox 260 3604 326 3659; x_wconf 86' lang='grc' dir='ltr'><strong>Ὀ</strong></span> <span class='ocrx_word' id='word_1_456' title='bbox 354 3606 413 3658; x_wconf 83' lang='grc' dir='ltr'>δέ</span> <span class='ocrx_word' id='word_1_457' title='bbox 442 3623 506 3674; x_wconf 87' lang='grc' dir='ltr'><strong>γε</strong></span> <span class='ocrx_word' id='word_1_458' title='bbox 531 3609 638 3662; x_wconf 82' lang='grc' dir='ltr'>τῶν</span> <span class='ocrx_word' id='word_1_459' title='bbox 664 3608 801 3662; x_wconf 86' lang='grc' dir='ltr'>ὅλων</span> <span class='ocrx_word' id='word_1_460' title='bbox 830 3608 960 3671; x_wconf 82' lang='grc' dir='ltr'>Θεὸς</span> <span class='ocrx_word' id='word_1_461' title='bbox 996 3610 1283 3681; x_wconf 79' lang='grc' dir='ltr'>μελέτησιν</span> <span class='ocrx_word' id='word_1_462' title='bbox 1310 3609 1499 3681; x_wconf 82' lang='grc' dir='ltr'>ὥσπερ</span> <span class='ocrx_word' id='word_1_463' title='bbox 1518 3609 1641 3663; x_wconf 88' lang='grc' dir='ltr'><strong>τινά</strong></span> <span class='ocrx_word' id='word_1_464' title='bbox 1667 3612 1838 3663; x_wconf 83' lang='grc' dir='ltr'>ποιεῖ-</span> 
     </span>
    </p>
   </div>
   <div class='ocr_carea' id='block_1_66' title="bbox 156 3683 1842 3771">
    <p class='ocr_par' dir='ltr' id='par_1_66' title="bbox 156 3683 1842 3771">
     <span class='ocr_line' id='line_1_66' title="bbox 156 3683 1842 3771; baseline 0.004 -26"><span class='ocrx_word' id='word_1_465' title='bbox 156 3751 167 3759; x_wconf 33' lang='lat' dir='ltr'><strong><em>I</em></strong></span> <span class='ocrx_word' id='word_1_466' title='bbox 254 3694 389 3747; x_wconf 81' lang='grc' dir='ltr'>σθαι</span> <span class='ocrx_word' id='word_1_467' title='bbox 420 3696 483 3747; x_wconf 87' lang='grc' dir='ltr'>τὸ</span> <span class='ocrx_word' id='word_1_468' title='bbox 516 3696 700 3767; x_wconf 81' lang='grc' dir='ltr'>θαῦμα</span> <span class='ocrx_word' id='word_1_469' title='bbox 730 3699 1071 3770; x_wconf 81' lang='grc' dir='ltr'>παραχρῆμα</span> <span class='ocrx_word' id='word_1_470' title='bbox 1117 3683 1479 3753; x_wconf 73' lang='grc' dir='ltr'>διεκελεύετοο</span> <span class='ocrx_word' id='word_1_471' title='bbox 1513 3698 1842 3771; x_wconf 83' lang='grc' dir='ltr'>προαναπεί-</span> 
     </span>
    </p>
   </div>
   <div class='ocr_carea' id='block_1_67' title="bbox 252 3783 1841 3862">
    <p class='ocr_par' dir='ltr' id='par_1_67' title="bbox 252 3783 1841 3862">
     <span class='ocr_line' id='line_1_67' title="bbox 252 3783 1841 3862; baseline 0.004 -25"><span class='ocrx_word' id='word_1_472' title='bbox 252 3784 391 3845; x_wconf 81' lang='grc' dir='ltr'>θων,</span> <span class='ocrx_word' id='word_1_473' title='bbox 438 3783 613 3855; x_wconf 81' lang='grc' dir='ltr'>οἶμαι,</span> <span class='ocrx_word' id='word_1_474' title='bbox 648 3792 717 3859; x_wconf 83' lang='grc' dir='ltr'><strong>τῇ</strong></span> <span class='ocrx_word' id='word_1_475' title='bbox 753 3788 919 3862; x_wconf 81' lang='grc' dir='ltr'>πείρᾳ</span> <span class='ocrx_word' id='word_1_476' title='bbox 956 3790 1049 3843; x_wconf 80' lang='grc' dir='ltr'>τὸν</span> <span class='ocrx_word' id='word_1_477' title='bbox 1091 3789 1437 3862; x_wconf 69' lang='grc' dir='ltr'>λειτουργὸν,</span> <span class='ocrx_word' id='word_1_478' title='bbox 1472 3791 1554 3845; x_wconf 85' lang='grc' dir='ltr'>ὅτι</span> <span class='ocrx_word' id='word_1_479' title='bbox 1584 3791 1680 3844; x_wconf 72' lang='grc' dir='ltr'>καὶ</span> <span class='ocrx_word' id='word_1_480' title='bbox 1728 3792 1841 3854; x_wconf 81' lang='grc' dir='ltr'>τοῖς</span> 
     </span>
    </p>
   </div>
   <div class='ocr_carea' id='block_1_68' title="bbox 253 3875 1838 3955">
    <p class='ocr_par' dir='ltr' id='par_1_68' title="bbox 253 3875 1838 3955">
     <span class='ocr_line' id='line_1_68' title="bbox 253 3875 1838 3955; baseline 0.005 -27"><span class='ocrx_word' id='word_1_481' title='bbox 253 3875 439 3938; x_wconf 78' lang='grc' dir='ltr'>ἄλλοις</span> <span class='ocrx_word' id='word_1_482' title='bbox 488 3879 660 3932; x_wconf 76' lang='grc' dir='ltr'>ἅπασι</span> <span class='ocrx_word' id='word_1_483' title='bbox 705 3879 956 3953; x_wconf 80' lang='grc' dir='ltr'>καθάπερ</span> <span class='ocrx_word' id='word_1_484' title='bbox 1001 3881 1149 3952; x_wconf 81' lang='grc' dir='ltr'><strong>αὑτῷ</strong></span> <span class='ocrx_word' id='word_1_485' title='bbox 1198 3882 1335 3953; x_wconf 79' lang='grc' dir='ltr'>πρὸς</span> <span class='ocrx_word' id='word_1_486' title='bbox 1370 3881 1594 3948; x_wconf 83' lang='grc' dir='ltr'>ἔνδειξιν</span> <span class='ocrx_word' id='word_1_487' title='bbox 1637 3882 1838 3955; x_wconf 76' lang='grc' dir='ltr'>ἀκριϐῆ</span> 
     </span>
    </p>
   </div>
   <div class='ocr_carea' id='block_1_69' title="bbox 252 3961 1838 4041">
    <p class='ocr_par' dir='ltr' id='par_1_69' title="bbox 252 3961 1838 4041">
     <span class='ocr_line' id='line_1_69' title="bbox 252 3961 1838 4041; baseline 0.005 -27"><span class='ocrx_word' id='word_1_488' title='bbox 252 3961 353 4015; x_wconf 78' lang='grc' dir='ltr'><strong>τοῦ</strong></span> <span class='ocrx_word' id='word_1_489' title='bbox 388 3966 687 4035; x_wconf 81' lang='grc' dir='ltr'>κεκλῆσθαι</span> <span class='ocrx_word' id='word_1_490' title='bbox 738 3968 890 4039; x_wconf 85' lang='grc' dir='ltr'><strong>παρά</strong></span> <span class='ocrx_word' id='word_1_491' title='bbox 929 3970 1087 4032; x_wconf 87' lang='grc' dir='ltr'>Θεοῦ,</span> <span class='ocrx_word' id='word_1_492' title='bbox 1117 3969 1337 4041; x_wconf 84' lang='grc' dir='ltr'>διαρκὲς</span> <span class='ocrx_word' id='word_1_493' title='bbox 1362 3967 1516 4022; x_wconf 74' lang='grc' dir='ltr'>ἔσται</span> <span class='ocrx_word' id='word_1_494' title='bbox 1541 3969 1603 4022; x_wconf 84' lang='grc' dir='ltr'>τὸ</span> <span class='ocrx_word' id='word_1_495' title='bbox 1628 3969 1838 4041; x_wconf 82' lang='grc' dir='ltr'>δρώμε-</span> 
     </span>
    </p>
   </div>
   <div class='ocr_carea' id='block_1_70' title="bbox 255 4057 1835 4132">
    <p class='ocr_par' dir='ltr' id='par_1_70' title="bbox 255 4057 1835 4132">
     <span class='ocr_line' id='line_1_70' title="bbox 255 4057 1835 4132; baseline 0.004 -25"><span class='ocrx_word' id='word_1_496' title='bbox 255 4071 385 4108; x_wconf 70' lang='grc' dir='ltr'>νον·</span> <span class='ocrx_word' id='word_1_497' title='bbox 434 4057 533 4109; x_wconf 57' lang='grc' dir='ltr'><strong>καὶ⁵</strong></span> <span class='ocrx_word' id='word_1_498' title='bbox 579 4058 817 4129; x_wconf 83' lang='grc' dir='ltr'>ἁρμόσαι</span> <span class='ocrx_word' id='word_1_499' title='bbox 851 4059 961 4131; x_wconf 89' lang='grc' dir='ltr'><strong>γάρ</strong></span> <span class='ocrx_word' id='word_1_500' title='bbox 1006 4061 1073 4114; x_wconf 82' lang='grc' dir='ltr'><strong>ἀν</strong></span> <span class='ocrx_word' id='word_1_501' title='bbox 1119 4060 1217 4132; x_wconf 81' lang='grc' dir='ltr'><strong>οὐχ</strong></span> <span class='ocrx_word' id='word_1_502' title='bbox 1261 4060 1433 4131; x_wconf 79' lang='grc' dir='ltr'>ἑτέρῳ</span> <span class='ocrx_word' id='word_1_503' title='bbox 1461 4061 1521 4114; x_wconf 77' lang='grc' dir='ltr'>τὸ</span> <span class='ocrx_word' id='word_1_504' title='bbox 1574 4060 1835 4132; x_wconf 77' lang='grc' dir='ltr'>μεθιστᾷν</span> 
     </span>
    </p>
   </div>
   <div class='ocr_carea' id='block_1_71' title="bbox 256 4147 1841 4225">
    <p class='ocr_par' dir='ltr' id='par_1_71' title="bbox 256 4147 1841 4225">
     <span class='ocr_line' id='line_1_71' title="bbox 256 4147 1841 4225; baseline 0.005 -26"><span class='ocrx_word' id='word_1_505' title='bbox 256 4147 525 4202; x_wconf 72' lang='grc' dir='ltr'>δύνασθαι</span> <span class='ocrx_word' id='word_1_506' title='bbox 557 4150 666 4202; x_wconf 82' lang='grc' dir='ltr'>τῶν</span> <span class='ocrx_word' id='word_1_507' title='bbox 692 4150 861 4205; x_wconf 78' lang='grc' dir='ltr'>ὄντων</span> <span class='ocrx_word' id='word_1_508' title='bbox 883 4153 982 4216; x_wconf 88' lang='grc' dir='ltr'><strong>τάς</strong></span> <span class='ocrx_word' id='word_1_509' title='bbox 1013 4152 1207 4222; x_wconf 82' lang='grc' dir='ltr'>φύσεις</span> <span class='ocrx_word' id='word_1_510' title='bbox 1238 4152 1376 4225; x_wconf 82' lang='grc' dir='ltr'>πρὸς</span> <span class='ocrx_word' id='word_1_511' title='bbox 1400 4154 1538 4224; x_wconf 83' lang='grc' dir='ltr'>ὅπερ</span> <span class='ocrx_word' id='word_1_512' title='bbox 1563 4153 1629 4206; x_wconf 82' lang='grc' dir='ltr'>ἂν</span> <span class='ocrx_word' id='word_1_513' title='bbox 1665 4152 1841 4207; x_wconf 75' lang='grc' dir='ltr'>ἕλοιτο</span> 
     </span>
    </p>
   </div>
   <div class='ocr_carea' id='block_1_72' title="bbox 254 4240 1837 4317">
    <p class='ocr_par' dir='ltr' id='par_1_72' title="bbox 254 4240 1837 4317">
     <span class='ocr_line' id='line_1_72' title="bbox 254 4240 1837 4317; baseline 0.006 -26"><span class='ocrx_word' id='word_1_514' title='bbox 254 4241 438 4311; x_wconf 73' lang='grc' dir='ltr'>τυχὸν,</span> <span class='ocrx_word' id='word_1_515' title='bbox 477 4240 620 4312; x_wconf 74' lang='grc' dir='ltr'>πλὴν</span> <span class='ocrx_word' id='word_1_516' title='bbox 655 4243 738 4297; x_wconf 81' lang='grc' dir='ltr'>ὅτι</span> <span class='ocrx_word' id='word_1_517' title='bbox 783 4244 878 4297; x_wconf 72' lang='grc' dir='ltr'>καὶ</span> <span class='ocrx_word' id='word_1_518' title='bbox 920 4244 1064 4315; x_wconf 86' lang='grc' dir='ltr'>μόνῳ</span> <span class='ocrx_word' id='word_1_519' title='bbox 1100 4244 1179 4316; x_wconf 84' lang='grc' dir='ltr'><strong>τῷ</strong></span> <span class='ocrx_word' id='word_1_520' title='bbox 1228 4244 1444 4299; x_wconf 84' lang='grc' dir='ltr'>πάντων</span> <span class='ocrx_word' id='word_1_521' title='bbox 1486 4243 1837 4317; x_wconf 82' lang='grc' dir='ltr'>Δημιουργῷ,</span> 
     </span>
    </p>
   </div>
   <div class='ocr_carea' id='block_1_73' title="bbox 259 4334 1841 4410">
    <p class='ocr_par' dir='ltr' id='par_1_73' title="bbox 259 4334 1841 4410">
     <span class='ocr_line' id='line_1_73' title="bbox 259 4334 1841 4410; baseline 0.004 -25"><span class='ocrx_word' id='word_1_522' title='bbox 259 4334 496 4401; x_wconf 83' lang='grc' dir='ltr'>μήνυσιν</span> <span class='ocrx_word' id='word_1_523' title='bbox 522 4334 580 4386; x_wconf 87' lang='grc' dir='ltr'>δὲ</span> <span class='ocrx_word' id='word_1_524' title='bbox 619 4334 807 4407; x_wconf 80' lang='grc' dir='ltr'>ὥσπερ</span> <span class='ocrx_word' id='word_1_525' title='bbox 835 4339 935 4408; x_wconf 82' lang='grc' dir='ltr'>τῆς</span> <span class='ocrx_word' id='word_1_526' title='bbox 960 4337 1049 4391; x_wconf 72' lang='grc' dir='ltr'><strong>διὰ</strong></span> <span class='ocrx_word' id='word_1_527' title='bbox 1087 4335 1326 4409; x_wconf 85' lang='grc' dir='ltr'>Χριστοῦ</span> <span class='ocrx_word' id='word_1_528' title='bbox 1355 4338 1630 4410; x_wconf 85' lang='grc' dir='ltr'>σωτηρίας</span> <span class='ocrx_word' id='word_1_529' title='bbox 1661 4338 1841 4407; x_wconf 88' lang='grc' dir='ltr'>αἰνιγ-</span> 
     </span>
    </p>
   </div>
   <div class='ocr_carea' id='block_1_74' title="bbox 259 4423 1840 4509">
    <p class='ocr_par' dir='ltr' id='par_1_74' title="bbox 259 4423 1840 4509">
     <span class='ocr_line' id='line_1_74' title="bbox 259 4423 1840 4509; baseline 0.005 -34"><span class='ocrx_word' id='word_1_530' title='bbox 259 4425 523 4491; x_wconf 80' lang='grc' dir='ltr'>ματωδῶς</span> <span class='ocrx_word' id='word_1_531' title='bbox 550 4427 611 4479; x_wconf 76' lang='grc' dir='ltr'>τὸ</span> <span class='ocrx_word' id='word_1_532' title='bbox 634 4426 930 4509; x_wconf 65' lang='grc' dir='ltr'>παράδοξον</span> <span class='ocrx_word' id='word_1_533' title='bbox 961 4423 1018 4483; x_wconf 87' lang='grc' dir='ltr'><strong>εῦ</strong></span> <span class='ocrx_word' id='word_1_534' title='bbox 1050 4428 1195 4500; x_wconf 81' lang='grc' dir='ltr'>μάλα</span> <span class='ocrx_word' id='word_1_535' title='bbox 1218 4428 1409 4493; x_wconf 88' lang='grc' dir='ltr'>τιθείς.</span> <span class='ocrx_word' id='word_1_536' title='bbox 1428 4428 1700 4500; x_wconf 81' lang='grc' dir='ltr'>ὀψόμεθα</span> <span class='ocrx_word' id='word_1_537' title='bbox 1728 4430 1840 4500; x_wconf 85' lang='grc' dir='ltr'>γὰρ</span> 
     </span>
    </p>
   </div>
   <div class='ocr_carea' id='block_1_75' title="bbox 255 4515 1839 4593">
    <p class='ocr_par' dir='ltr' id='par_1_75' title="bbox 255 4515 1839 4593">
     <span class='ocr_line' id='line_1_75' title="bbox 255 4515 1839 4593; baseline 0.005 -28"><span class='ocrx_word' id='word_1_538' title='bbox 255 4515 351 4583; x_wconf 74' lang='grc' dir='ltr'>τῆς</span> <span class='ocrx_word' id='word_1_539' title='bbox 387 4515 448 4569; x_wconf 78' lang='grc' dir='ltr'>ἐν</span> <span class='ocrx_word' id='word_1_540' title='bbox 484 4517 637 4588; x_wconf 76' lang='grc' dir='ltr'><strong>αὑτῷ</strong></span> <span class='ocrx_word' id='word_1_541' title='bbox 672 4519 1016 4590; x_wconf 82' lang='grc' dir='ltr'>ἀνθρωπείας</span> <span class='ocrx_word' id='word_1_542' title='bbox 1049 4520 1265 4588; x_wconf 82' lang='grc' dir='ltr'>φύσεως</span> <span class='ocrx_word' id='word_1_543' title='bbox 1288 4521 1380 4575; x_wconf 82' lang='grc' dir='ltr'>τὸν</span> <span class='ocrx_word' id='word_1_544' title='bbox 1407 4523 1488 4585; x_wconf 86' lang='grc' dir='ltr'><strong>εἱς</strong></span> <span class='ocrx_word' id='word_1_545' title='bbox 1519 4521 1580 4575; x_wconf 81' lang='grc' dir='ltr'>τὸ</span> <span class='ocrx_word' id='word_1_546' title='bbox 1611 4521 1839 4593; x_wconf 83' lang='grc' dir='ltr'>ἀρχαῖον</span> 
     </span>
    </p>
   </div>
   <div class='ocr_carea' id='block_1_76' title="bbox 257 4606 1838 4686">
    <p class='ocr_par' dir='ltr' id='par_1_76' title="bbox 257 4606 1838 4686">
     <span class='ocr_line' id='line_1_76' title="bbox 257 4606 1838 4686; baseline 0.006 -29"><span class='ocrx_word' id='word_1_547' title='bbox 257 4606 636 4678; x_wconf 75' lang='grc' dir='ltr'>ἀναπλασμὺν,</span> <span class='ocrx_word' id='word_1_548' title='bbox 671 4612 763 4664; x_wconf 78' lang='grc' dir='ltr'><strong>καὶ</strong></span> <span class='ocrx_word' id='word_1_549' title='bbox 806 4611 907 4683; x_wconf 82' lang='grc' dir='ltr'>τὴν</span> <span class='ocrx_word' id='word_1_550' title='bbox 936 4613 1099 4666; x_wconf 74' lang='grc' dir='ltr'>οίονεὶ</span> <span class='ocrx_word' id='word_1_551' title='bbox 1143 4613 1589 4686; x_wconf 68' lang='grc' dir='ltr'>μεταμόρφωσιν,</span> <span class='ocrx_word' id='word_1_552' title='bbox 1632 4614 1731 4684; x_wconf 79' lang='grc' dir='ltr'>τὴν</span> <span class='ocrx_word' id='word_1_553' title='bbox 1758 4615 1838 4678; x_wconf 87' lang='grc' dir='ltr'><strong>είς</strong></span> 
     </span>
    </p>
   </div>
   <div class='ocr_carea' id='block_1_77' title="bbox 258 4696 1836 4777">
    <p class='ocr_par' dir='ltr' id='par_1_77' title="bbox 258 4696 1836 4777">
     <span class='ocr_line' id='line_1_77' title="bbox 258 4696 1836 4777; baseline 0.008 -28"><span class='ocrx_word' id='word_1_554' title='bbox 258 4698 386 4771; x_wconf 73' lang='grc' dir='ltr'>ὅπερ</span> <span class='ocrx_word' id='word_1_555' title='bbox 417 4696 453 4771; x_wconf 73' lang='grc' dir='ltr'>ἦ</span> <span class='ocrx_word' id='word_1_556' title='bbox 464 4718 567 4771; x_wconf 84' lang='grc' dir='ltr'><strong>μεν</strong></span> <span class='ocrx_word' id='word_1_557' title='bbox 606 4704 665 4755; x_wconf 77' lang='grc' dir='ltr'>ἐν</span> <span class='ocrx_word' id='word_1_558' title='bbox 706 4703 897 4776; x_wconf 83' lang='grc' dir='ltr'>Ἀδὰμ,</span> <span class='ocrx_word' id='word_1_559' title='bbox 934 4705 1097 4770; x_wconf 79' lang='grc' dir='ltr'>εὐθὺς</span> <span class='ocrx_word' id='word_1_560' title='bbox 1127 4707 1207 4770; x_wconf 88' lang='grc' dir='ltr'><strong>είς</strong></span> <span class='ocrx_word' id='word_1_561' title='bbox 1237 4707 1297 4760; x_wconf 77' lang='grc' dir='ltr'><strong>τὸ</strong></span> <span class='ocrx_word' id='word_1_562' title='bbox 1328 4702 1465 4760; x_wconf 76' lang='grc' dir='ltr'>εἶναι</span> <span class='ocrx_word' id='word_1_563' title='bbox 1495 4722 1836 4777; x_wconf 85' lang='grc' dir='ltr'>παρενηνεγ-</span> 
     </span>
    </p>
   </div>
   <div class='ocr_carea' id='block_1_78' title="bbox 261 4787 1837 4866">
    <p class='ocr_par' dir='ltr' id='par_1_78' title="bbox 261 4787 1837 4866">
     <span class='ocr_line' id='line_1_78' title="bbox 261 4787 1837 4866; baseline 0.005 -26"><span class='ocrx_word' id='word_1_564' title='bbox 261 4787 427 4857; x_wconf 80' lang='grc' dir='ltr'>μένοι,</span> <span class='ocrx_word' id='word_1_565' title='bbox 456 4790 622 4863; x_wconf 75' lang='grc' dir='ltr'>δόξης</span> <span class='ocrx_word' id='word_1_566' title='bbox 645 4809 705 4845; x_wconf 89' lang='grc' dir='ltr'><strong>τε</strong></span> <span class='ocrx_word' id='word_1_567' title='bbox 742 4793 896 4848; x_wconf 78' lang='grc' dir='ltr'>οὔπω</span> <span class='ocrx_word' id='word_1_568' title='bbox 934 4795 1032 4865; x_wconf 84' lang='grc' dir='ltr'>τῆς</span> <span class='ocrx_word' id='word_1_569' title='bbox 1075 4795 1280 4849; x_wconf 84' lang='grc' dir='ltr'>ἀνωθεν</span> <span class='ocrx_word' id='word_1_570' title='bbox 1309 4797 1405 4851; x_wconf 71' lang='grc' dir='ltr'>καὶ</span> <span class='ocrx_word' id='word_1_571' title='bbox 1439 4794 1715 4866; x_wconf 81' lang='grc' dir='ltr'>ἁγιασμοῦ</span> <span class='ocrx_word' id='word_1_572' title='bbox 1746 4812 1837 4865; x_wconf 85' lang='grc' dir='ltr'>τη-</span> 
     </span>
    </p>
   </div>
   <div class='ocr_carea' id='block_1_79' title="bbox 255 4876 511 4950">
    <p class='ocr_par' dir='ltr' id='par_1_79' title="bbox 255 4876 511 4950">
     <span class='ocr_line' id='line_1_79' title="bbox 255 4876 511 4950; baseline 0.023 -19"><span class='ocrx_word' id='word_1_573' title='bbox 255 4876 511 4950; x_wconf 80' lang='grc' dir='ltr'>τώμενοι.</span> 
     </span>
    </p>
   </div>
   <div class='ocr_carea' id='block_1_80' title="bbox 1860 3124 2725 3200">
    <p class='ocr_par' dir='ltr' id='par_1_80' title="bbox 1860 3124 2725 3200">
     <span class='ocr_line' id='line_1_80' title="bbox 1860 3124 2725 3200; baseline -0.013 -12"><span class='ocrx_word' id='word_1_574' title='bbox 1860 3138 1906 3199; x_wconf 86' lang='lat' dir='ltr'><strong><em>C</em></strong></span> <span class='ocrx_word' id='word_1_575' title='bbox 2007 3131 2203 3186; x_wconf 84' lang='lat' dir='ltr'><strong>PALL.</strong></span> <span class='ocrx_word' id='word_1_576' title='bbox 2233 3129 2347 3200; x_wconf 75' lang='lat'><strong>68</strong></span> <span class='ocrx_word' id='word_1_577' title='bbox 2368 3129 2534 3183; x_wconf 81' lang='lat' dir='ltr'><strong>Recte</strong></span> <span class='ocrx_word' id='word_1_578' title='bbox 2566 3124 2725 3180; x_wconf 66' lang='lat' dir='ltr'><strong>dicis.</strong></span> 
     </span>
    </p>
   </div>
   <div class='ocr_carea' id='block_1_81' title="bbox 2009 3228 3529 3311">
    <p class='ocr_par' dir='ltr' id='par_1_81' title="bbox 2009 3228 3529 3311">
     <span class='ocr_line' id='line_1_81' title="bbox 2009 3228 3529 3311; baseline -0.009 -12"><span class='ocrx_word' id='word_1_579' title='bbox 2009 3243 2167 3298; x_wconf 64' lang='lat' dir='ltr'><strong>CVR.</strong></span> <span class='ocrx_word' id='word_1_580' title='bbox 2186 3242 2307 3296; x_wconf 88' lang='lat' dir='ltr'><strong>Non</strong></span> <span class='ocrx_word' id='word_1_581' title='bbox 2335 3247 2454 3295; x_wconf 89' lang='lat' dir='ltr'><strong>erat</strong></span> <span class='ocrx_word' id='word_1_582' title='bbox 2487 3239 2654 3311; x_wconf 80' lang='lat' dir='ltr'><strong>igitur</strong></span> <span class='ocrx_word' id='word_1_583' title='bbox 2680 3237 2889 3308; x_wconf 79' lang='lat' dir='ltr'><strong>Moyses</strong></span> <span class='ocrx_word' id='word_1_584' title='bbox 2910 3236 3153 3307; x_wconf 71' lang='lat' dir='ltr'><strong>ignarus,</strong></span> <span class='ocrx_word' id='word_1_585' title='bbox 3189 3231 3335 3286; x_wconf 78' lang='lat' dir='ltr'><strong>illaut</strong></span> <span class='ocrx_word' id='word_1_586' title='bbox 3360 3228 3529 3286; x_wconf 79' lang='lat' dir='ltr'><strong>mira-</strong></span> 
     </span>
    </p>
   </div>
   <div class='ocr_carea' id='block_1_82' title="bbox 1941 3318 3518 3402">
    <p class='ocr_par' dir='ltr' id='par_1_82' title="bbox 1941 3318 3518 3402">
     <span class='ocr_line' id='line_1_82' title="bbox 1941 3318 3518 3402; baseline -0.011 -13"><span class='ocrx_word' id='word_1_587' title='bbox 1941 3335 2190 3391; x_wconf 87' lang='lat' dir='ltr'><strong>culorum</strong></span> <span class='ocrx_word' id='word_1_588' title='bbox 2212 3328 2677 3402; x_wconf 89' lang='lat' dir='ltr'><strong>perpetrationem</strong></span> <span class='ocrx_word' id='word_1_589' title='bbox 2708 3324 3076 3381; x_wconf 66' lang='lat' dir='ltr'><strong>necessariam</strong></span> <span class='ocrx_word' id='word_1_590' title='bbox 3126 3322 3264 3379; x_wconf 77' lang='lat' dir='ltr'><strong>fore.</strong></span> <span class='ocrx_word' id='word_1_591' title='bbox 3305 3335 3411 3389; x_wconf 87' lang='lat' dir='ltr'><strong>qua</strong></span> <span class='ocrx_word' id='word_1_592' title='bbox 3453 3318 3518 3372; x_wconf 88' lang='lat' dir='ltr'><strong>il-</strong></span> 
     </span>
    </p>
   </div>
   <div class='ocr_carea' id='block_1_83' title="bbox 1940 3411 3521 3486">
    <p class='ocr_par' dir='ltr' id='par_1_83' title="bbox 1940 3411 3521 3486">
     <span class='ocr_line' id='line_1_83' title="bbox 1940 3411 3521 3486; baseline -0.011 -5"><span class='ocrx_word' id='word_1_593' title='bbox 1940 3427 2121 3482; x_wconf 89' lang='lat' dir='ltr'><strong>lorum</strong></span> <span class='ocrx_word' id='word_1_594' title='bbox 2152 3422 2323 3479; x_wconf 88' lang='lat' dir='ltr'><strong>animi</strong></span> <span class='ocrx_word' id='word_1_595' title='bbox 2365 3421 2434 3476; x_wconf 90' lang='lat' dir='ltr'><strong>ad</strong></span> <span class='ocrx_word' id='word_1_596' title='bbox 2466 3417 2685 3475; x_wconf 80' lang='lat' dir='ltr'><strong>facilius</strong></span> <span class='ocrx_word' id='word_1_597' title='bbox 2728 3413 3222 3486; x_wconf 83' lang='lat' dir='ltr'><strong>obtemperandum</strong></span> <span class='ocrx_word' id='word_1_598' title='bbox 3276 3411 3521 3465; x_wconf 89' lang='lat' dir='ltr'><strong>adduce-</strong></span> 
     </span>
    </p>
   </div>
   <div class='ocr_carea' id='block_1_84' title="bbox 1942 3501 3523 3584">
    <p class='ocr_par' dir='ltr' id='par_1_84' title="bbox 1942 3501 3523 3584">
     <span class='ocr_line' id='line_1_84' title="bbox 1942 3501 3523 3584; baseline -0.013 -11"><span class='ocrx_word' id='word_1_599' title='bbox 1942 3531 2130 3573; x_wconf 82' lang='lat' dir='ltr'><strong>rentur</strong></span> <span class='ocrx_word' id='word_1_600' title='bbox 2168 3532 2181 3568; x_wconf 94' lang='lat'><strong>:</strong></span> <span class='ocrx_word' id='word_1_601' title='bbox 2222 3514 2406 3584; x_wconf 87' lang='lat' dir='ltr'><strong>itaque</strong></span> <span class='ocrx_word' id='word_1_602' title='bbox 2437 3512 2556 3566; x_wconf 85' lang='lat' dir='ltr'><strong>ait:</strong></span> <span class='ocrx_word' id='word_1_603' title='bbox 2598 3530 2616 3562; x_wconf 79' lang='grc' dir='ltr'><strong>ι</strong></span> <span class='ocrx_word' id='word_1_604' title='bbox 2657 3509 2715 3564; x_wconf 87' lang='lat' dir='ltr'><strong>Si</strong></span> <span class='ocrx_word' id='word_1_605' title='bbox 2741 3523 2855 3563; x_wconf 92' lang='lat' dir='ltr'><strong>non</strong></span> <span class='ocrx_word' id='word_1_606' title='bbox 2879 3505 3165 3561; x_wconf 89' lang='lat' dir='ltr'><strong>audierint</strong></span> <span class='ocrx_word' id='word_1_607' title='bbox 3186 3518 3307 3564; x_wconf 90' lang='lat' dir='ltr'><strong>me;</strong></span> <span class='ocrx_word' id='word_1_608' title='bbox 3335 3501 3523 3555; x_wconf 88' lang='lat' dir='ltr'><strong>dicent</strong></span> 
     </span>
    </p>
   </div>
   <div class='ocr_carea' id='block_1_85' title="bbox 1940 3590 3522 3673">
    <p class='ocr_par' dir='ltr' id='par_1_85' title="bbox 1940 3590 3522 3673">
     <span class='ocr_line' id='line_1_85' title="bbox 1940 3590 3522 3673; baseline -0.012 -10"><span class='ocrx_word' id='word_1_609' title='bbox 1940 3607 2087 3665; x_wconf 90' lang='lat' dir='ltr'><strong>enim</strong></span> <span class='ocrx_word' id='word_1_610' title='bbox 2126 3605 2286 3660; x_wconf 87' lang='lat' dir='ltr'><strong>:Non</strong></span> <span class='ocrx_word' id='word_1_611' title='bbox 2344 3601 2596 3673; x_wconf 89' lang='lat' dir='ltr'><strong>apparuit</strong></span> <span class='ocrx_word' id='word_1_612' title='bbox 2650 3599 2749 3654; x_wconf 91' lang='lat' dir='ltr'><strong>tibi</strong></span> <span class='ocrx_word' id='word_1_613' title='bbox 2802 3598 2987 3663; x_wconf 89' lang='lat' dir='ltr'><strong>Deus;</strong></span> <span class='ocrx_word' id='word_1_614' title='bbox 3028 3593 3163 3665; x_wconf 89' lang='lat' dir='ltr'><strong>quid</strong></span> <span class='ocrx_word' id='word_1_615' title='bbox 3217 3592 3395 3648; x_wconf 87' lang='lat' dir='ltr'><strong>dicam</strong></span> <span class='ocrx_word' id='word_1_616' title='bbox 3452 3590 3522 3646; x_wconf 86' lang='lat' dir='ltr'><strong>ad</strong></span> 
     </span>
    </p>
   </div>
   <div class='ocr_carea' id='block_1_86' title="bbox 1943 3682 3527 3757">
    <p class='ocr_par' dir='ltr' id='par_1_86' title="bbox 1943 3682 3527 3757">
     <span class='ocr_line' id='line_1_86' title="bbox 1943 3682 3527 3757; baseline -0.013 0"><span class='ocrx_word' id='word_1_617' title='bbox 1943 3717 2039 3757; x_wconf 93' lang='lat' dir='ltr'><strong>eos</strong></span> <span class='ocrx_word' id='word_1_618' title='bbox 2059 3699 2145 3754; x_wconf 82' lang='lat'><strong>“‘?</strong></span> <span class='ocrx_word' id='word_1_619' title='bbox 2171 3718 2189 3751; x_wconf 71' lang='grc' dir='ltr'><strong>ι</strong></span> <span class='ocrx_word' id='word_1_620' title='bbox 2220 3697 2327 3753; x_wconf 89' lang='lat' dir='ltr'><strong>Sed</strong></span> <span class='ocrx_word' id='word_1_621' title='bbox 2351 3696 2734 3750; x_wconf 85' lang='lat' dir='ltr'><strong>universorum</strong></span> <span class='ocrx_word' id='word_1_622' title='bbox 2762 3692 2908 3746; x_wconf 87' lang='lat' dir='ltr'><strong>Deus</strong></span> <span class='ocrx_word' id='word_1_623' title='bbox 2920 3686 3245 3743; x_wconf 88' lang='lat' dir='ltr'><strong>miraculum</strong></span> <span class='ocrx_word' id='word_1_624' title='bbox 3264 3682 3402 3739; x_wconf 91' lang='lat' dir='ltr'><strong>illud</strong></span> <span class='ocrx_word' id='word_1_625' title='bbox 3429 3698 3527 3738; x_wconf 84' lang='lat' dir='ltr'><strong>ve-</strong></span> 
     </span>
    </p>
   </div>
   <div class='ocr_carea' id='block_1_87' title="bbox 1941 3775 3527 3857">
    <p class='ocr_par' dir='ltr' id='par_1_87' title="bbox 1941 3775 3527 3857">
     <span class='ocr_line' id='line_1_87' title="bbox 1941 3775 3527 3857; baseline -0.013 -8"><span class='ocrx_word' id='word_1_626' title='bbox 1941 3794 2027 3849; x_wconf 91' lang='lat' dir='ltr'><strong>lut</strong></span> <span class='ocrx_word' id='word_1_627' title='bbox 2082 3787 2494 3848; x_wconf 80' lang='lat' dir='ltr'><strong>exercitationis</strong></span> <span class='ocrx_word' id='word_1_628' title='bbox 2541 3782 2825 3857; x_wconf 85' lang='lat' dir='ltr'><strong>cujusdam</strong></span> <span class='ocrx_word' id='word_1_629' title='bbox 2865 3781 2989 3837; x_wconf 90' lang='lat' dir='ltr'><strong>loco</strong></span> <span class='ocrx_word' id='word_1_630' title='bbox 3028 3779 3209 3835; x_wconf 78' lang='lat' dir='ltr'><strong>facere</strong></span> <span class='ocrx_word' id='word_1_631' title='bbox 3262 3775 3527 3833; x_wconf 91' lang='lat' dir='ltr'><strong>continuo</strong></span> 
     </span>
    </p>
   </div>
   <div class='ocr_carea' id='block_1_88' title="bbox 1935 3869 3531 3956">
    <p class='ocr_par' dir='ltr' id='par_1_88' title="bbox 1935 3869 3531 3956">
     <span class='ocr_line' id='line_1_88' title="bbox 1935 3869 3531 3956; baseline -0.012 -17"><span class='ocrx_word' id='word_1_632' title='bbox 1935 3883 2119 3956; x_wconf 75' lang='lat' dir='ltr'><strong>jussit,</strong></span> <span class='ocrx_word' id='word_1_633' title='bbox 2141 3898 2205 3939; x_wconf 90' lang='lat' dir='ltr'><strong>ea</strong></span> <span class='ocrx_word' id='word_1_634' title='bbox 2236 3882 2305 3937; x_wconf 92' lang='lat' dir='ltr'><strong>de</strong></span> <span class='ocrx_word' id='word_1_635' title='bbox 2339 3894 2524 3944; x_wconf 89' lang='lat' dir='ltr'><strong>causa,</strong></span> <span class='ocrx_word' id='word_1_636' title='bbox 2543 3877 2653 3933; x_wconf 90' lang='lat' dir='ltr'><strong>nisi</strong></span> <span class='ocrx_word' id='word_1_637' title='bbox 2672 3876 2850 3941; x_wconf 83' lang='lat' dir='ltr'><strong>fallor,</strong></span> <span class='ocrx_word' id='word_1_638' title='bbox 2881 3881 2945 3929; x_wconf 90' lang='lat' dir='ltr'><strong>ut</strong></span> <span class='ocrx_word' id='word_1_639' title='bbox 2972 3872 3127 3944; x_wconf 90' lang='lat' dir='ltr'><strong>prius</strong></span> <span class='ocrx_word' id='word_1_640' title='bbox 3148 3869 3531 3940; x_wconf 81' lang='lat' dir='ltr'><strong>experimento</strong></span> 
     </span>
    </p>
   </div>
   <div class='ocr_carea' id='block_1_89' title="bbox 1940 3957 3521 4045">
    <p class='ocr_par' dir='ltr' id='par_1_89' title="bbox 1940 3957 3521 4045">
     <span class='ocr_line' id='line_1_89' title="bbox 1940 3957 3521 4045; baseline -0.013 -16"><span class='ocrx_word' id='word_1_641' title='bbox 1940 3975 2061 4045; x_wconf 90' lang='lat' dir='ltr'><strong>ipso</strong></span> <span class='ocrx_word' id='word_1_642' title='bbox 2094 3972 2355 4044; x_wconf 87' lang='lat' dir='ltr'><strong>probaret</strong></span> <span class='ocrx_word' id='word_1_643' title='bbox 2378 3984 2480 4026; x_wconf 91' lang='lat' dir='ltr'><strong>suo</strong></span> <span class='ocrx_word' id='word_1_644' title='bbox 2504 3967 2725 4031; x_wconf 85' lang='lat' dir='ltr'><strong>cultori,</strong></span> <span class='ocrx_word' id='word_1_645' title='bbox 2751 3974 2815 4021; x_wconf 91' lang='lat' dir='ltr'><strong>ut</strong></span> <span class='ocrx_word' id='word_1_646' title='bbox 2834 3963 2980 4035; x_wconf 89' lang='lat' dir='ltr'><strong>apud</strong></span> <span class='ocrx_word' id='word_1_647' title='bbox 3006 3977 3085 4026; x_wconf 90' lang='lat' dir='ltr'><strong>se,</strong></span> <span class='ocrx_word' id='word_1_648' title='bbox 3116 3960 3197 4016; x_wconf 92' lang='lat' dir='ltr'><strong>sic</strong></span> <span class='ocrx_word' id='word_1_649' title='bbox 3224 3957 3369 4028; x_wconf 91' lang='lat' dir='ltr'><strong>apud</strong></span> <span class='ocrx_word' id='word_1_650' title='bbox 3397 3971 3521 4011; x_wconf 88' lang='lat' dir='ltr'><strong>om-</strong></span> 
     </span>
    </p>
   </div>
   <div class='ocr_carea' id='block_1_90' title="bbox 1941 4047 3520 4129">
    <p class='ocr_par' dir='ltr' id='par_1_90' title="bbox 1941 4047 3520 4129">
     <span class='ocr_line' id='line_1_90' title="bbox 1941 4047 3520 4129; baseline -0.013 -9"><span class='ocrx_word' id='word_1_651' title='bbox 1941 4080 2042 4120; x_wconf 92' lang='lat' dir='ltr'><strong>nes</strong></span> <span class='ocrx_word' id='word_1_652' title='bbox 2071 4064 2229 4129; x_wconf 87' lang='lat' dir='ltr'><strong>alios,</strong></span> <span class='ocrx_word' id='word_1_653' title='bbox 2251 4075 2369 4117; x_wconf 89' lang='lat' dir='ltr'><strong>rem</strong></span> <span class='ocrx_word' id='word_1_654' title='bbox 2392 4061 2543 4116; x_wconf 87' lang='lat' dir='ltr'><strong>illam</strong></span> <span class='ocrx_word' id='word_1_655' title='bbox 2565 4065 2773 4129; x_wconf 77' lang='lat' dir='ltr'><strong>gestam</strong></span> <span class='ocrx_word' id='word_1_656' title='bbox 2803 4054 2938 4110; x_wconf 88' lang='lat' dir='ltr'><strong>satis</strong></span> <span class='ocrx_word' id='word_1_657' title='bbox 2960 4048 3270 4123; x_wconf 76' lang='lat' dir='ltr'><strong>argumenti</strong></span> <span class='ocrx_word' id='word_1_658' title='bbox 3295 4047 3520 4103; x_wconf 85' lang='lat' dir='ltr'><strong>habitu-</strong></span> 
     </span>
    </p>
   </div>
   <div class='ocr_carea' id='block_1_91' title="bbox 1941 4139 3519 4225">
    <p class='ocr_par' dir='ltr' id='par_1_91' title="bbox 1941 4139 3519 4225">
     <span class='ocr_line' id='line_1_91' title="bbox 1941 4139 3519 4225; baseline -0.013 -14"><span class='ocrx_word' id='word_1_659' title='bbox 1941 4170 2081 4219; x_wconf 87' lang='lat' dir='ltr'><strong>ram,</strong></span> <span class='ocrx_word' id='word_1_660' title='bbox 2098 4168 2209 4225; x_wconf 91' lang='lat' dir='ltr'><strong>quo</strong></span> <span class='ocrx_word' id='word_1_661' title='bbox 2237 4167 2296 4208; x_wconf 89' lang='lat' dir='ltr'><strong>se</strong></span> <span class='ocrx_word' id='word_1_662' title='bbox 2325 4165 2355 4205; x_wconf 84' lang='lat' dir='ltr'><strong>a</strong></span> <span class='ocrx_word' id='word_1_663' title='bbox 2384 4150 2500 4205; x_wconf 89' lang='lat' dir='ltr'><strong>Deo</strong></span> <span class='ocrx_word' id='word_1_664' title='bbox 2515 4153 2770 4203; x_wconf 86' lang='lat' dir='ltr'><strong>vocatum</strong></span> <span class='ocrx_word' id='word_1_665' title='bbox 2792 4143 2961 4200; x_wconf 79' lang='lat' dir='ltr'><strong>fuisse</strong></span> <span class='ocrx_word' id='word_1_666' title='bbox 2989 4139 3297 4197; x_wconf 87' lang='lat' dir='ltr'><strong>certissime</strong></span> <span class='ocrx_word' id='word_1_667' title='bbox 3329 4145 3519 4193; x_wconf 89' lang='lat' dir='ltr'><strong>osten-</strong></span> 
     </span>
    </p>
   </div>
   <div class='ocr_carea' id='block_1_92' title="bbox 1941 4232 3518 4314">
    <p class='ocr_par' dir='ltr' id='par_1_92' title="bbox 1941 4232 3518 4314">
     <span class='ocr_line' id='line_1_92' title="bbox 1941 4232 3518 4314; baseline -0.01 -10"><span class='ocrx_word' id='word_1_668' title='bbox 1941 4248 2202 4313; x_wconf 90' lang='lat' dir='ltr'><strong>deretur;</strong></span> <span class='ocrx_word' id='word_1_669' title='bbox 2240 4257 2420 4314; x_wconf 91' lang='lat' dir='ltr'><strong>neque</strong></span> <span class='ocrx_word' id='word_1_670' title='bbox 2448 4238 2599 4297; x_wconf 92' lang='lat' dir='ltr'><strong>enim</strong></span> <span class='ocrx_word' id='word_1_671' title='bbox 2634 4237 2703 4293; x_wconf 89' lang='lat' dir='ltr'><strong>ad</strong></span> <span class='ocrx_word' id='word_1_672' title='bbox 2741 4237 2978 4293; x_wconf 89' lang='lat' dir='ltr'><strong>alterum</strong></span> <span class='ocrx_word' id='word_1_673' title='bbox 3011 4232 3346 4306; x_wconf 86' lang='lat' dir='ltr'><strong>quempiam,</strong></span> <span class='ocrx_word' id='word_1_674' title='bbox 3378 4246 3518 4301; x_wconf 81' lang='lat' dir='ltr'><strong>prae-</strong></span> 
     </span>
    </p>
   </div>
   <div class='ocr_carea' id='block_1_93' title="bbox 1870 4324 3520 4410">
    <p class='ocr_par' dir='ltr' id='par_1_93' title="bbox 1870 4324 3520 4410">
     <span class='ocr_line' id='line_1_93' title="bbox 1870 4324 3520 4410; baseline -0.012 -13"><span class='ocrx_word' id='word_1_675' title='bbox 1870 4326 1884 4341; x_wconf 76' lang='grc'><em>’</em></span> <span class='ocrx_word' id='word_1_676' title='bbox 1940 4347 2191 4410; x_wconf 88' lang='lat' dir='ltr'><strong>terquam</strong></span> <span class='ocrx_word' id='word_1_677' title='bbox 2206 4334 2275 4392; x_wconf 90' lang='lat' dir='ltr'><strong>ad</strong></span> <span class='ocrx_word' id='word_1_678' title='bbox 2302 4347 2475 4389; x_wconf 89' lang='lat' dir='ltr'><strong>unum</strong></span> <span class='ocrx_word' id='word_1_679' title='bbox 2494 4337 2819 4387; x_wconf 89' lang='lat' dir='ltr'><strong>cunctarum</strong></span> <span class='ocrx_word' id='word_1_680' title='bbox 2859 4342 3053 4383; x_wconf 87' lang='lat' dir='ltr'><strong>rerum</strong></span> <span class='ocrx_word' id='word_1_681' title='bbox 3087 4324 3353 4398; x_wconf 80' lang='lat' dir='ltr'><strong>Opiﬁcem</strong></span> <span class='ocrx_word' id='word_1_682' title='bbox 3392 4337 3520 4393; x_wconf 89' lang='lat' dir='ltr'><strong>per-</strong></span> 
     </span>
    </p>
   </div>
   <div class='ocr_carea' id='block_1_94' title="bbox 1943 4414 3515 4500">
    <p class='ocr_par' dir='ltr' id='par_1_94' title="bbox 1943 4414 3515 4500">
     <span class='ocr_line' id='line_1_94' title="bbox 1943 4414 3515 4500; baseline -0.011 -15"><span class='ocrx_word' id='word_1_683' title='bbox 1943 4431 2143 4495; x_wconf 89' lang='lat' dir='ltr'><strong>tinere,</strong></span> <span class='ocrx_word' id='word_1_684' title='bbox 2176 4442 2337 4500; x_wconf 91' lang='lat' dir='ltr'><strong>posse</strong></span> <span class='ocrx_word' id='word_1_685' title='bbox 2356 4440 2539 4482; x_wconf 84' lang='lat' dir='ltr'><strong>rerum</strong></span> <span class='ocrx_word' id='word_1_686' title='bbox 2561 4432 2837 4488; x_wconf 82' lang='lat' dir='ltr'><strong>naturam,</strong></span> <span class='ocrx_word' id='word_1_687' title='bbox 2880 4419 2941 4475; x_wconf 91' lang='lat' dir='ltr'><strong>in</strong></span> <span class='ocrx_word' id='word_1_688' title='bbox 2964 4432 3135 4490; x_wconf 87' lang='lat' dir='ltr'><strong>quam</strong></span> <span class='ocrx_word' id='word_1_689' title='bbox 3165 4416 3302 4472; x_wconf 86' lang='lat' dir='ltr'><strong>velit</strong></span> <span class='ocrx_word' id='word_1_690' title='bbox 3328 4414 3515 4478; x_wconf 88' lang='lat' dir='ltr'><strong>aliam,</strong></span> 
     </span>
    </p>
   </div>
   <div class='ocr_carea' id='block_1_95' title="bbox 1941 4505 3520 4587">
    <p class='ocr_par' dir='ltr' id='par_1_95' title="bbox 1941 4505 3520 4587">
     <span class='ocr_line' id='line_1_95' title="bbox 1941 4505 3520 4587; baseline -0.013 -9"><span class='ocrx_word' id='word_1_691' title='bbox 1941 4523 2253 4579; x_wconf 88' lang='lat' dir='ltr'><strong>immutare.</strong></span> <span class='ocrx_word' id='word_1_692' title='bbox 2283 4519 2459 4576; x_wconf 88' lang='lat' dir='ltr'><strong>Simul</strong></span> <span class='ocrx_word' id='word_1_693' title='bbox 2482 4518 2647 4574; x_wconf 89' lang='lat' dir='ltr'><strong>etiam</strong></span> <span class='ocrx_word' id='word_1_694' title='bbox 2677 4515 2910 4587; x_wconf 82' lang='lat' dir='ltr'><strong>ﬁgurare</strong></span> <span class='ocrx_word' id='word_1_695' title='bbox 2946 4526 3065 4567; x_wconf 90' lang='lat' dir='ltr'><strong>rem</strong></span> <span class='ocrx_word' id='word_1_696' title='bbox 3095 4509 3246 4565; x_wconf 87' lang='lat' dir='ltr'><strong>illam</strong></span> <span class='ocrx_word' id='word_1_697' title='bbox 3283 4505 3520 4562; x_wconf 89' lang='lat' dir='ltr'><strong>admira-</strong></span> 
     </span>
    </p>
   </div>
   <div class='ocr_carea' id='block_1_96' title="bbox 1944 4599 3520 4681">
    <p class='ocr_par' dir='ltr' id='par_1_96' title="bbox 1944 4599 3520 4681">
     <span class='ocr_line' id='line_1_96' title="bbox 1944 4599 3520 4681; baseline -0.013 -12"><span class='ocrx_word' id='word_1_698' title='bbox 1944 4613 2111 4669; x_wconf 92' lang='lat' dir='ltr'><strong>bilem</strong></span> <span class='ocrx_word' id='word_1_699' title='bbox 2138 4626 2239 4681; x_wconf 91' lang='lat' dir='ltr'><strong>pro</strong></span> <span class='ocrx_word' id='word_1_700' title='bbox 2260 4609 2465 4665; x_wconf 85' lang='lat' dir='ltr'><strong>indicio</strong></span> <span class='ocrx_word' id='word_1_701' title='bbox 2496 4621 2618 4664; x_wconf 88' lang='lat' dir='ltr'><strong>esse</strong></span> <span class='ocrx_word' id='word_1_702' title='bbox 2645 4604 2821 4661; x_wconf 86' lang='lat' dir='ltr'><strong>voluit</strong></span> <span class='ocrx_word' id='word_1_703' title='bbox 2857 4600 3050 4658; x_wconf 88' lang='lat' dir='ltr'><strong>salutis</strong></span> <span class='ocrx_word' id='word_1_704' title='bbox 3077 4599 3248 4663; x_wconf 89' lang='lat' dir='ltr'><strong>illius,</strong></span> <span class='ocrx_word' id='word_1_705' title='bbox 3278 4609 3402 4667; x_wconf 64' lang='lat' dir='ltr'><strong>quae</strong></span> <span class='ocrx_word' id='word_1_706' title='bbox 3421 4607 3520 4665; x_wconf 87' lang='lat' dir='ltr'><strong>per</strong></span> 
     </span>
    </p>
   </div>
   <div class='ocr_carea' id='block_1_97' title="bbox 1941 4684 3519 4761">
    <p class='ocr_par' dir='ltr' id='par_1_97' title="bbox 1941 4684 3519 4761">
     <span class='ocr_line' id='line_1_97' title="bbox 1941 4684 3519 4761; baseline -0.014 0"><span class='ocrx_word' id='word_1_707' title='bbox 1941 4704 2222 4761; x_wconf 88' lang='lat' dir='ltr'><strong>Christum</strong></span> <span class='ocrx_word' id='word_1_708' title='bbox 2248 4698 2541 4757; x_wconf 83' lang='lat' dir='ltr'><strong>tribuenda</strong></span> <span class='ocrx_word' id='word_1_709' title='bbox 2569 4697 2732 4753; x_wconf 87' lang='lat' dir='ltr'><strong>nobis</strong></span> <span class='ocrx_word' id='word_1_710' title='bbox 2762 4702 2917 4752; x_wconf 89' lang='lat' dir='ltr'><strong>erat:</strong></span> <span class='ocrx_word' id='word_1_711' title='bbox 2950 4695 3005 4749; x_wconf 90' lang='lat' dir='ltr'><strong>in</strong></span> <span class='ocrx_word' id='word_1_712' title='bbox 3028 4707 3095 4749; x_wconf 90' lang='lat' dir='ltr'><strong>eo</strong></span> <span class='ocrx_word' id='word_1_713' title='bbox 3119 4690 3269 4748; x_wconf 91' lang='lat' dir='ltr'><strong>enim</strong></span> <span class='ocrx_word' id='word_1_714' title='bbox 3295 4684 3519 4759; x_wconf 86' lang='lat' dir='ltr'><strong>perspi-</strong></span> 
     </span>
    </p>
   </div>
   <div class='ocr_carea' id='block_1_98' title="bbox 1942 4771 3517 4862">
    <p class='ocr_par' dir='ltr' id='par_1_98' title="bbox 1942 4771 3517 4862">
     <span class='ocr_line' id='line_1_98' title="bbox 1942 4771 3517 4862; baseline -0.016 -12"><span class='ocrx_word' id='word_1_715' title='bbox 1942 4794 2152 4850; x_wconf 83' lang='lat' dir='ltr'><strong>ciemus</strong></span> <span class='ocrx_word' id='word_1_716' title='bbox 2205 4786 2672 4862; x_wconf 78' lang='lat' dir='ltr'><strong>quemadmodum</strong></span> <span class='ocrx_word' id='word_1_717' title='bbox 2710 4785 2966 4839; x_wconf 72' lang='lat' dir='ltr'><strong>bumana:</strong></span> <span class='ocrx_word' id='word_1_718' title='bbox 3014 4787 3226 4835; x_wconf 69' lang='lat' dir='ltr'><strong>natura:</strong></span> <span class='ocrx_word' id='word_1_719' title='bbox 3267 4771 3517 4845; x_wconf 62' lang='lat' dir='ltr'><strong>quaedam</strong></span> 
     </span>
    </p>
   </div>
   <div class='ocr_carea' id='block_1_99' title="bbox 1940 4863 3517 4954">
    <p class='ocr_par' dir='ltr' id='par_1_99' title="bbox 1940 4863 3517 4954">
     <span class='ocr_line' id='line_1_99' title="bbox 1940 4863 3517 4954; baseline -0.015 -13"><span class='ocrx_word' id='word_1_720' title='bbox 1940 4885 2013 4940; x_wconf 89' lang='lat' dir='ltr'><strong>sit</strong></span> <span class='ocrx_word' id='word_1_721' title='bbox 2036 4884 2089 4939; x_wconf 93' lang='lat' dir='ltr'><strong>in</strong></span> <span class='ocrx_word' id='word_1_722' title='bbox 2115 4883 2405 4954; x_wconf 87' lang='lat' dir='ltr'><strong>antiquum</strong></span> <span class='ocrx_word' id='word_1_723' title='bbox 2447 4889 2647 4936; x_wconf 88' lang='lat' dir='ltr'><strong>statum</strong></span> <span class='ocrx_word' id='word_1_724' title='bbox 2684 4876 2827 4932; x_wconf 80' lang='lat' dir='ltr'><strong>facta</strong></span> <span class='ocrx_word' id='word_1_725' title='bbox 2854 4871 3192 4933; x_wconf 83' lang='lat' dir='ltr'><strong>reformatio,</strong></span> <span class='ocrx_word' id='word_1_726' title='bbox 3240 4883 3306 4924; x_wconf 90' lang='lat' dir='ltr'><strong>ac</strong></span> <span class='ocrx_word' id='word_1_727' title='bbox 3344 4863 3517 4920; x_wconf 89' lang='lat' dir='ltr'><strong>veluti</strong></span> 
     </span>
    </p>
   </div>
   <div class='ocr_carea' id='block_1_100' title="bbox 260 4958 3517 5050">
    <p class='ocr_par' dir='ltr' id='par_1_100' title="bbox 260 4958 3517 5050">
     <span class='ocr_line' id='line_1_100' title="bbox 260 4958 3517 5050; baseline -0.004 -24"><span class='ocrx_word' id='word_1_728' title='bbox 260 4973 666 5045; x_wconf 77' lang='lat' dir='ltr'><strong>transfiguratio</strong></span> <span class='ocrx_word' id='word_1_729' title='bbox 711 4977 767 5031; x_wconf 91' lang='lat' dir='ltr'><strong>in</strong></span> <span class='ocrx_word' id='word_1_730' title='bbox 791 4994 910 5033; x_wconf 89' lang='lat' dir='ltr'><strong>eam</strong></span> <span class='ocrx_word' id='word_1_731' title='bbox 950 4978 1351 5045; x_wconf 89' lang='lat' dir='ltr'><strong>conditionem,</strong></span> <span class='ocrx_word' id='word_1_732' title='bbox 1391 4994 1499 5050; x_wconf 89' lang='lat' dir='ltr'><strong>qua</strong></span> <span class='ocrx_word' id='word_1_733' title='bbox 1544 4994 1764 5036; x_wconf 83' lang='lat' dir='ltr'><strong>eramus</strong></span> <span class='ocrx_word' id='word_1_734' title='bbox 1798 4981 1854 5036; x_wconf 82' lang='lat' dir='ltr'><strong>in</strong></span> <span class='ocrx_word' id='word_1_735' title='bbox 1893 4978 2088 5043; x_wconf 75' lang='lat' dir='ltr'><strong>Adam,</strong></span> <span class='ocrx_word' id='word_1_736' title='bbox 2148 4992 2273 5032; x_wconf 92' lang='lat' dir='ltr'><strong>cum</strong></span> <span class='ocrx_word' id='word_1_737' title='bbox 2320 4974 2557 5047; x_wconf 90' lang='lat' dir='ltr'><strong>primum</strong></span> <span class='ocrx_word' id='word_1_738' title='bbox 2581 4988 2613 5028; x_wconf 90' lang='lat' dir='ltr'><strong>a</strong></span> <span class='ocrx_word' id='word_1_739' title='bbox 2669 4971 2782 5027; x_wconf 90' lang='lat' dir='ltr'><strong>Deo</strong></span> <span class='ocrx_word' id='word_1_740' title='bbox 2824 4966 3032 5025; x_wconf 89' lang='lat' dir='ltr'><strong>conditi</strong></span> <span class='ocrx_word' id='word_1_741' title='bbox 3071 4963 3309 5026; x_wconf 80' lang='lat' dir='ltr'><strong>luimus,</strong></span> <span class='ocrx_word' id='word_1_742' title='bbox 3346 4958 3517 5032; x_wconf 87' lang='lat' dir='ltr'><strong>gloria</strong></span> 
     </span>
    </p>
   </div>
   <div class='ocr_carea' id='block_1_101' title="bbox 261 5069 1406 5136">
    <p class='ocr_par' dir='ltr' id='par_1_101' title="bbox 261 5069 1406 5136">
     <span class='ocr_line' id='line_1_101' title="bbox 261 5069 1406 5136; baseline 0.006 -18"><span class='ocrx_word' id='word_1_743' title='bbox 261 5078 488 5136; x_wconf 85' lang='lat' dir='ltr'><strong>superna</strong></span> <span class='ocrx_word' id='word_1_744' title='bbox 505 5077 563 5124; x_wconf 91' lang='lat' dir='ltr'><strong>et</strong></span> <span class='ocrx_word' id='word_1_745' title='bbox 585 5069 874 5125; x_wconf 86' lang='lat' dir='ltr'><strong>sanctitate</strong></span> <span class='ocrx_word' id='word_1_746' title='bbox 909 5071 1152 5126; x_wconf 90' lang='lat' dir='ltr'><strong>nondum</strong></span> <span class='ocrx_word' id='word_1_747' title='bbox 1181 5071 1406 5127; x_wconf 89' lang='lat' dir='ltr'><strong>amissa.</strong></span> 
     </span>
    </p>
   </div>
   <div class='ocr_carea' id='block_1_102' title="bbox 332 5176 1650 5254">
    <p class='ocr_par' dir='ltr' id='par_1_102' title="bbox 332 5176 1650 5254">
     <span class='ocr_line' id='line_1_102' title="bbox 332 5176 1650 5254; baseline 0.006 -25"><span class='ocrx_word' id='word_1_748' title='bbox 332 5176 531 5233; x_wconf 75' lang='lat' dir='ltr'><strong>lliA‘A.</strong></span> <span class='ocrx_word' id='word_1_749' title='bbox 568 5178 695 5242; x_wconf 83' lang='grc' dir='ltr'><strong>Πῶς</strong></span> <span class='ocrx_word' id='word_1_750' title='bbox 721 5180 887 5250; x_wconf 49' lang='grc' dir='ltr'>ἔφης</span> <span class='ocrx_word' id='word_1_751' title='bbox 918 5180 1245 5253; x_wconf 80' lang='grc' dir='ltr'>ἀσυμφανὴς</span> <span class='ocrx_word' id='word_1_752' title='bbox 1277 5180 1386 5254; x_wconf 76' lang='grc' dir='ltr'><strong>γὰρ</strong></span> <span class='ocrx_word' id='word_1_753' title='bbox 1413 5183 1442 5236; x_wconf 86' lang='grc' dir='ltr'>ὁ</span> <span class='ocrx_word' id='word_1_754' title='bbox 1470 5180 1650 5251; x_wconf 80' lang='grc' dir='ltr'>λόγος.</span> 
     </span>
    </p>
   </div>
   <div class='ocr_carea' id='block_1_103' title="bbox 335 5374 1837 5452">
    <p class='ocr_par' dir='ltr' id='par_1_103' title="bbox 335 5374 1837 5452">
     <span class='ocr_line' id='line_1_103' title="bbox 335 5374 1837 5452; baseline 0.003 -23"><span class='ocrx_word' id='word_1_755' title='bbox 335 5374 486 5432; x_wconf 77' lang='grc' dir='ltr'>ΚΥΡ.</span> <span class='ocrx_word' id='word_1_756' title='bbox 536 5378 602 5431; x_wconf 82' lang='grc' dir='ltr'><strong><em>Ἥ</em></strong></span> <span class='ocrx_word' id='word_1_757' title='bbox 653 5378 848 5448; x_wconf 73' lang='grc' dir='ltr'>ῥάϐδος</span> <span class='ocrx_word' id='word_1_758' title='bbox 914 5379 1032 5449; x_wconf 79' lang='grc' dir='ltr'>ἦτοι</span> <span class='ocrx_word' id='word_1_759' title='bbox 1073 5381 1134 5433; x_wconf 82' lang='grc' dir='ltr'>τὸ</span> <span class='ocrx_word' id='word_1_760' title='bbox 1179 5380 1457 5451; x_wconf 75' lang='grc' dir='ltr'>σκῆπτρον</span> <span class='ocrx_word' id='word_1_761' title='bbox 1511 5380 1665 5451; x_wconf 76' lang='grc' dir='ltr'>ἡμῖν,</span> <span class='ocrx_word' id='word_1_762' title='bbox 1712 5379 1837 5452; x_wconf 77' lang='grc' dir='ltr'><strong>οὐχὶ</strong></span> 
     </span>
    </p>
   </div>
   <div class='ocr_carea' id='block_1_104' title="bbox 274 5466 1477 5543">
    <p class='ocr_par' dir='ltr' id='par_1_104' title="bbox 274 5466 1477 5543">
     <span class='ocr_line' id='line_1_104' title="bbox 274 5466 1477 5543; baseline 0.007 -24"><span class='ocrx_word' id='word_1_763' title='bbox 274 5466 533 5535; x_wconf 71' lang='grc' dir='ltr'>βασιλείας</span> <span class='ocrx_word' id='word_1_764' title='bbox 559 5471 829 5540; x_wconf 72' lang='grc' dir='ltr'>σύμϐολον</span> <span class='ocrx_word' id='word_1_765' title='bbox 858 5473 941 5543; x_wconf 75' lang='grc' dir='ltr'>εἴη</span> <span class='ocrx_word' id='word_1_766' title='bbox 970 5475 1057 5540; x_wconf 83' lang='grc' dir='ltr'>ἂν,</span> <span class='ocrx_word' id='word_1_767' title='bbox 1093 5468 1139 5528; x_wconf 84' lang='grc' dir='ltr'><strong>ὦ</strong></span> <span class='ocrx_word' id='word_1_768' title='bbox 1179 5473 1477 5539; x_wconf 54' lang='lat' dir='ltr'><strong>&quot;alubis;</strong></span> 
     </span>
    </p>
   </div>
   <div class='ocr_carea' id='block_1_105' title="bbox 337 5561 1838 5639">
    <p class='ocr_par' dir='ltr' id='par_1_105' title="bbox 337 5561 1838 5639">
     <span class='ocr_line' id='line_1_105' title="bbox 337 5561 1838 5639; baseline 0.002 -26"><span class='ocrx_word' id='word_1_769' title='bbox 337 5562 537 5617; x_wconf 70' lang='grc' dir='ltr'>ΠᾹΛΛ.</span> <span class='ocrx_word' id='word_1_770' title='bbox 576 5565 726 5618; x_wconf 81' lang='grc' dir='ltr'>Πάνυ</span> <span class='ocrx_word' id='word_1_771' title='bbox 764 5565 863 5635; x_wconf 79' lang='grc' dir='ltr'>μὲν</span> <span class='ocrx_word' id='word_1_772' title='bbox 909 5561 1020 5629; x_wconf 75' lang='grc' dir='ltr'>οὖν,</span> <span class='ocrx_word' id='word_1_773' title='bbox 1082 5567 1290 5618; x_wconf 76' lang='grc' dir='ltr'>ἑπείτοι</span> <span class='ocrx_word' id='word_1_774' title='bbox 1339 5568 1433 5620; x_wconf 74' lang='grc' dir='ltr'>καὶ</span> <span class='ocrx_word' id='word_1_775' title='bbox 1467 5567 1651 5639; x_wconf 71' lang='grc' dir='ltr'>ὅρκιον</span> <span class='ocrx_word' id='word_1_776' title='bbox 1704 5564 1838 5619; x_wconf 71' lang='grc' dir='ltr'>αὐτὸ</span> 
     </span>
    </p>
   </div>
   <div class='ocr_carea' id='block_1_106' title="bbox 340 5746 1334 5812">
    <p class='ocr_par' dir='ltr' id='par_1_106' title="bbox 340 5746 1334 5812">
     <span class='ocr_line' id='line_1_106' title="bbox 340 5746 1334 5812; baseline 0.001 -10"><span class='ocrx_word' id='word_1_777' title='bbox 340 5746 380 5777; x_wconf 75' lang='grc'><strong><em>’³</em></strong></span> <span class='ocrx_word' id='word_1_778' title='bbox 404 5746 553 5805; x_wconf 71' lang='lat' dir='ltr'><strong>Exod</strong></span> <span class='ocrx_word' id='word_1_779' title='bbox 610 5764 714 5812; x_wconf 71' lang='lat' dir='ltr'><strong>xvi,</strong></span> <span class='ocrx_word' id='word_1_780' title='bbox 758 5748 811 5802; x_wconf 78' lang='grc'><strong>5.</strong></span> <span class='ocrx_word' id='word_1_781' title='bbox 914 5748 956 5779; x_wconf 74' lang='grc'><strong>¹“</strong></span> <span class='ocrx_word' id='word_1_782' title='bbox 989 5748 1271 5810; x_wconf 51' lang='grc' dir='ltr'><strong>Εχυάηγ,</strong></span> <span class='ocrx_word' id='word_1_783' title='bbox 1318 5750 1334 5803; x_wconf 88' lang='grc' dir='ltr'><strong>ι</strong></span> 
     </span>
    </p>
   </div>
   <div class='ocr_carea' id='block_1_107' title="bbox 2015 5166 3515 5244">
    <p class='ocr_par' dir='ltr' id='par_1_107' title="bbox 2015 5166 3515 5244">
     <span class='ocr_line' id='line_1_107' title="bbox 2015 5166 3515 5244; baseline -0.012 -10"><span class='ocrx_word' id='word_1_784' title='bbox 2015 5177 2213 5235; x_wconf 81' lang='lat' dir='ltr'><strong>PALL.</strong></span> <span class='ocrx_word' id='word_1_785' title='bbox 2247 5176 2493 5244; x_wconf 85' lang='lat' dir='ltr'><strong>Quonam</strong></span> <span class='ocrx_word' id='word_1_786' title='bbox 2517 5173 2723 5230; x_wconf 85' lang='lat' dir='ltr'><strong>modo?</strong></span> <span class='ocrx_word' id='word_1_787' title='bbox 2757 5167 3064 5228; x_wconf 83' lang='lat' dir='ltr'><strong>obscuriori</strong></span> <span class='ocrx_word' id='word_1_788' title='bbox 3103 5166 3251 5222; x_wconf 88' lang='lat' dir='ltr'><strong>enim</strong></span> <span class='ocrx_word' id='word_1_789' title='bbox 3289 5178 3350 5220; x_wconf 83' lang='lat' dir='ltr'><strong>es</strong></span> <span class='ocrx_word' id='word_1_790' title='bbox 3391 5178 3515 5217; x_wconf 84' lang='lat' dir='ltr'><strong>ora-</strong></span> 
     </span>
    </p>
   </div>
   <div class='ocr_carea' id='block_1_108' title="bbox 1946 5270 2271 5326">
    <p class='ocr_par' dir='ltr' id='par_1_108' title="bbox 1946 5270 2271 5326">
     <span class='ocr_line' id='line_1_108' title="bbox 1946 5270 2271 5326; baseline -0.012 0"><span class='ocrx_word' id='word_1_791' title='bbox 1946 5270 2092 5326; x_wconf 87' lang='lat' dir='ltr'><strong>tione</strong></span> <span class='ocrx_word' id='word_1_792' title='bbox 2118 5284 2271 5324; x_wconf 90' lang='lat' dir='ltr'><strong>usus.</strong></span> 
     </span>
    </p>
   </div>
   <div class='ocr_carea' id='block_1_109' title="bbox 2015 5376 3514 5454">
    <p class='ocr_par' dir='ltr' id='par_1_109' title="bbox 2015 5376 3514 5454">
     <span class='ocr_line' id='line_1_109' title="bbox 2015 5376 3514 5454; baseline -0.014 -14"><span class='ocrx_word' id='word_1_793' title='bbox 2015 5383 2172 5439; x_wconf 76' lang='lat' dir='ltr'><strong>CYR.</strong></span> <span class='ocrx_word' id='word_1_794' title='bbox 2218 5382 2377 5454; x_wconf 80' lang='lat' dir='ltr'><strong>Virga</strong></span> <span class='ocrx_word' id='word_1_795' title='bbox 2443 5380 2534 5435; x_wconf 89' lang='lat' dir='ltr'><strong>illa</strong></span> <span class='ocrx_word' id='word_1_796' title='bbox 2556 5421 2569 5444; x_wconf 90' lang='lat'><strong>,</strong></span> <span class='ocrx_word' id='word_1_797' title='bbox 2604 5376 2833 5441; x_wconf 85' lang='lat' dir='ltr'><strong>Palladi,</strong></span> <span class='ocrx_word' id='word_1_798' title='bbox 2868 5391 2963 5431; x_wconf 84' lang='lat' dir='ltr'><strong>seu</strong></span> <span class='ocrx_word' id='word_1_799' title='bbox 2996 5382 3295 5443; x_wconf 81' lang='lat' dir='ltr'><strong>sceptrum,</strong></span> <span class='ocrx_word' id='word_1_800' title='bbox 3330 5380 3514 5419; x_wconf 85' lang='lat' dir='ltr'><strong>nonne</strong></span> 
     </span>
    </p>
   </div>
   <div class='ocr_carea' id='block_1_110' title="bbox 1946 5467 2570 5543">
    <p class='ocr_par' dir='ltr' id='par_1_110' title="bbox 1946 5467 2570 5543">
     <span class='ocr_line' id='line_1_110' title="bbox 1946 5467 2570 5543; baseline -0.008 -15"><span class='ocrx_word' id='word_1_801' title='bbox 1946 5474 2098 5543; x_wconf 83' lang='lat' dir='ltr'><strong>regni</strong></span> <span class='ocrx_word' id='word_1_802' title='bbox 2127 5474 2335 5543; x_wconf 89' lang='lat' dir='ltr'><strong>insigne</strong></span> <span class='ocrx_word' id='word_1_803' title='bbox 2367 5470 2526 5527; x_wconf 80' lang='lat' dir='ltr'><strong>fuerit</strong></span> <span class='ocrx_word' id='word_1_804' title='bbox 2548 5467 2570 5522; x_wconf 85' lang='lat'><strong>?</strong></span> 
     </span>
    </p>
   </div>
   <div class='ocr_carea' id='block_1_111' title="bbox 2016 5548 3516 5628">
    <p class='ocr_par' dir='ltr' id='par_1_111' title="bbox 2016 5548 3516 5628">
     <span class='ocr_line' id='line_1_111' title="bbox 2016 5548 3516 5628; baseline -0.01 -9"><span class='ocrx_word' id='word_1_805' title='bbox 2016 5563 2214 5619; x_wconf 77' lang='lat' dir='ltr'><strong>PALL.</strong></span> <span class='ocrx_word' id='word_1_806' title='bbox 2245 5562 2473 5617; x_wconf 76' lang='lat' dir='ltr'><strong>Maxime</strong></span> <span class='ocrx_word' id='word_1_807' title='bbox 2492 5578 2505 5626; x_wconf 89' lang='lat'><strong>;</strong></span> <span class='ocrx_word' id='word_1_808' title='bbox 2527 5575 2649 5614; x_wconf 84' lang='lat' dir='ltr'><strong>nam</strong></span> <span class='ocrx_word' id='word_1_809' title='bbox 2671 5573 2769 5628; x_wconf 84' lang='lat' dir='ltr'><strong>per</strong></span> <span class='ocrx_word' id='word_1_810' title='bbox 2794 5555 2927 5610; x_wconf 87' lang='lat' dir='ltr'><strong>illud</strong></span> <span class='ocrx_word' id='word_1_811' title='bbox 2963 5554 3146 5624; x_wconf 73' lang='lat' dir='ltr'><strong>iurare</strong></span> <span class='ocrx_word' id='word_1_812' title='bbox 3176 5548 3368 5606; x_wconf 85' lang='lat' dir='ltr'><strong>solitos</strong></span> <span class='ocrx_word' id='word_1_813' title='bbox 3396 5564 3516 5607; x_wconf 82' lang='lat' dir='ltr'><strong>esse</strong></span> 
     </span>
    </p>
   </div>
  </div>
