3954 6200
423 316 533 377 243

1453 315 1507 370 S.
1549 312 1821 370 CYRlLLl
1862 310 2330 366 ALEXANDRINI
2368 307 2688 365 ARCIHEP.

3573 297 3677 357 344

422 444 640 492 veteres
695 433 1009 497 nonnullos,
1058 430 1217 484 aiunt
1248 427 1286 482 ii
1321 429 1524 498 quibus
1555 426 1871 484 Graecorum
1917 440 2003 481 res

2113 423 2442 493 πεποιῆσθαι
2472 438 2611 493 φασι,
2628 419 2737 473 τῶν
2761 417 3132 489 ἀρχαιοτέρων
3164 414 3336 481 τινὰς,
3372 414 3423 471 οἱ
3452 413 3523 471 τὰ
3561 414 3679 469 Ἐλ-

424 537 604 602 gestas
629 527 886 583 laudibus
918 522 1109 579 tollere
1133 520 1378 576 studium
1416 520 1521 575 fuit
1551 518 1649 592 (1).

495 618 652 674 CYR.
681 616 823 683 Quid
861 612 1106 669 deinde?
1132 627 1317 667 nonne
1352 611 1590 682 paradisi
1630 609 1856 680 stirpem
1881 623 2003 664 esse

426 702 633 773 fateris,
667 722 809 778 quae,
843 711 1135 775 antequam
1175 701 1502 768 caederetur,
1544 702 1601 756 in
1623 700 1800 756 hortis
1818 699 2001 770 pullu-

423 795 623 853 laverit
642 795 666 849 ?

494 887 694 943 PALL.
727 887 944 943 Fateor.

495 975 652 1032 CYR.
684 976 857 1047 Perge
879 978 1048 1039 nunc,
1098 983 1262 1046 atque
1289 972 1533 1030 animum
1570 972 1713 1028 refer
1752 972 1821 1028 ad
1852 980 2004 1028 vete-

424 1085 537 1125 rem
562 1069 718 1123 illum
749 1068 943 1130 Adam,
965 1068 1022 1122 in
1052 1081 1228 1137 eoque
1254 1072 1515 1135 tanquam
1539 1064 1699 1120 initio
1726 1080 1792 1120 ac
1819 1064 2005 1120 radice

420 1163 639 1231 generis
665 1161 860 1224 nostri,
892 1158 1208 1215 universam
1247 1159 1534 1214 hominum
1569 1156 1861 1213 considera
1907 1171 2005 1212 na-

423 1266 602 1307 turam
640 1252 870 1307 :adbazc
908 1251 1044 1306 illud
1087 1266 1309 1321 quoque
1342 1250 1542 1321 cogita,
1589 1250 1746 1304 illum
1798 1248 2003 1304 factum

420 1345 589 1399 fuisse
628 1344 696 1399 ad
724 1343 1017 1414 imaginem
1042 1342 1360 1399 Conditoris
1388 1351 1553 1413 atque
1588 1341 1917 1412 perfectum,
1941 1348 2003 1395 ut

420 1436 653 1491 terrenis
690 1436 859 1491 rebus
888 1435 1206 1505 imperaret,
1241 1434 1520 1503 fuisseque
1540 1434 1597 1487 in
1621 1432 1719 1488 Dei
1748 1431 2006 1488 manibus

418 1544 487 1583 eo
514 1528 653 1598 ipso,
686 1525 908 1597 quodin
942 1525 1235 1581 sanctitate
1265 1525 1488 1579 vivebat
1517 1533 1576 1579 et
1601 1522 2008 1594 quodammodo

418 1619 656 1691 paradisi
687 1634 909 1689 germen
926 1616 1399 1681 florentissimum,
1425 1617 1588 1672 simul
1607 1624 1665 1672 et
1689 1617 2002 1688 generosis-

419 1715 642 1767 simum.
675 1709 783 1769 Ubi
812 1725 947 1766 vero
978 1709 1253 1780 serpentis
1288 1708 1415 1764 felle
1450 1708 1716 1779 deceptus
1758 1708 1829 1764 ab
1855 1708 2001 1764 anti-

418 1821 529 1879 quo
568 1812 717 1862 statu
750 1803 1025 1858 abductus
1044 1779 1148 1868 est,
1182 1810 1241 1857 et
1263 1801 1435 1857 divini
1471 1800 1716 1856 mandati
1750 1809 2001 1856 contem-
2040 1779 2080 1834 Β

417 1906 544 1967 ptor
575 1895 974 1965 deprehensus,
1003 1901 1120 1946 tum
1149 1906 1281 1946 vero
1306 1906 1337 1945 a
1367 1892 1474 1946 situ
1508 1905 1573 1946 ac
1604 1890 1787 1946 radice
1816 1891 2001 1960 priore

416 1989 686 2053 divulsus,
721 2002 788 2043 ex
804 1988 923 2058 ejus
944 2001 1129 2050 manu,
1160 2001 1191 2039 a
1218 1999 1329 2054 quo
1358 1984 1412 2038 in
1446 1982 1731 2038 sanctitate
1759 1981 2005 2037 contine-

417 2080 600 2144 batur,
636 2079 821 2149 lapsus
837 2085 941 2141 est,
975 2086 1032 2132 et
1053 2076 1115 2131 in‘
1128 2083 1350 2139 terram,
1370 2075 1476 2129 hoc
1490 2085 1594 2139 est,
1624 2074 1694 2129 ab
1718 2074 1806 2128 illa
1820 2075 2000 2129 virtu-

420 2174 493 2228 tis
524 2171 863 2227 sublimitate
893 2169 1122 2235 decidit,
1155 2177 1212 2224 et
1230 2183 1475 2239 eousque
1496 2167 1731 2238 reptavit
1752 2167 2001 2223 imbecil-

417 2265 506 2322 l'us
537 2270 594 2320 et
621 2262 908 2334 languens,
942 2270 1004 2317 ut
1050 2260 1294 2317 carnalia
1341 2274 1533 2329 sapere
1583 2258 1771 2322 vellet,
1801 2267 1858 2313 et
1891 2258 2001 2329 jam

418 2368 634 2408 summa
660 2351 909 2421 nequitia
940 2350 1239 2414 laboraret,
1276 2363 1379 2403 nec
1399 2347 1511 2419 69
1538 2346 1879 2418 meoiudicio
1905 2345 2006 2400 ali-

417 2444 551 2515 quid
598 2460 628 2500 a
661 2453 918 2515 serpente
950 2442 1204 2498 distaret.
1259 2441 1335 2495 lta
1391 2454 1561 2510 regno
1603 2449 1658 2494 et
1703 2454 1767 2493 ea
1806 2439 1999 2510 gloria,

419 2553 583 2609 quam
625 2552 656 2591 a
686 2535 963 2607 principio
1002 2542 1275 2597 tenuerat,
1322 2531 1589 2601 spoliatus
1626 2539 1729 2595 est,
1770 2531 1937 2586 etiam
1970 2546 2005 2586 ο

418 2629 675 2705 paradiso
704 2644 768 2683 ac
798 2626 1014 2683 deliciis
1050 2626 1281 2697 ejectus.
1311 2624 1393 2679 An
1424 2639 1555 2679 vero
1587 2640 1697 2679 non
1738 2623 1798 2678 id
1842 2625 2002 2681 nobis

419 2721 615 2777 beatus
648 2718 859 2790 Moyses
890 2716 1028 2771 dixit
1047 2716 1093 2789 ἲ,
1462 2716 1465 2719 ’

489 2809 686 2865 PALL.
710 2809 859 2864 Dixit
896 2808 988 2863 ille
1027 2808 1271 2878 quidem.

487 2901 646 2956 CVR.
668 2900 930 2956 Jamvcro
954 2899 1257 2970 legislator,
1295 2913 1420 2953 cum
1448 2898 1514 2952 ad
1545 2913 1666 2952 eam
1696 2899 2001 2969 nequitiam

419 3008 547 3049 eum
577 2992 909 3064 perductum
951 2991 1190 3056 videret,
1226 2982 1896 3062 refugit’quodammodo,
1943 3000 2002 3047 et

416 3087 635 3151 vitium,
665 3084 810 3156 quod
845 3084 903 3139 in
925 3083 1203 3149 eoinerat,
1229 3083 1645 3151 detestabatur;
1680 3083 1817 3156 fugit
1840 3074 1999 3142 nam-

417 3194 526 3251 que
552 3186 809 3249 serpente
836 3177 1050 3248 Moyses
1077 3175 1291 3246 abiecto
1319 3193 1332 3228 :
1360 3175 1627 3245 scriptum
1655 3184 1840 3231 autem
1868 3175 2002 3246 legi-

417 3286 541 3326 mus
568 3289 582 3324 :
620 3289 639 3323 ι
665 3269 902 3325 Sanctus
929 3268 1169 3340 Spiritus
1198 3266 1481 3339 sapientiae
1512 3266 1684 3339 fugiet
1712 3267 1926 3334 dolum,
1949 3276 2006 3324 et
2028 3286 2043 3293 ‘

416 3359 634 3415 auferet
673 3375 731 3415 se
783 3375 815 3414 a
868 3357 1298 3437 cogitationibus
1339 3374 1464 3429 quae
1510 3368 1639 3414 sunt
1683 3359 1803 3415 sine
1844 3359 2006 3415 intel-

417 3453 568 3508 lectu
589 3454 657 3507 "’.
689 3472 708 3504 ι
742 3452 932 3522 Neque
961 3451 1109 3507 enim
1152 3451 1452 3507 convenire
1483 3451 1905 3522 unquam-inter
1946 3467 2005 3507 se

416 3554 648 3616 possunt
667 3545 1027 3601 sanctiﬁcatio
1057 3553 1115 3601 et
1134 3545 1506 3609 immunditia,
1541 3545 1637 3603 lux
1660 3552 1717 3600 et
1738 3546 2002 3613 tenebrae,

414 3638 635 3711 justitia
654 3647 710 3694 et
743 3638 1034 3709 iniustitia.

489 3729 686 3785 PALL.
716 3729 795 3783 ita
815 3736 920 3783 est.

474 3820 646 3875 'CYB.
675 3819 833 3887 Quod
874 3819 1051 3891 igitur
1071 3820 1138 3876 dc
1169 3838 1331 3877 manu
1377 3822 1551 3895 Moysi
1584 3825 1733 3896 virga
1780 3826 1998 3893 cecidit,

418 3912 650 3967 fortasse
692 3910 827 3966 illud
868 3909 1160 3983 significet,
1195 3912 1474 3968 hominem
1508 3914 1665 3969 illum
1704 3905 1908 3972 factum
1933 3917 2002 3973 ad

417 4003 710 4076 imaginem
751 4002 870 4069 Dei,
896 4004 1067 4059 fuisse
1105 4003 1175 4058 ab
1202 4003 1361 4059 initio
1390 4006 1627 4076 paradisi
1659 4009 1922 4079 plantam,
1947 4018 2005 4065 et

416 4097 475 4151 in
525 4096 615 4151 illa
649 4097 801 4167 regni
818 4098 991 4169 gloria
1016 4113 1081 4153 ac
1098 4097 1193 4153 Dei
1223 4113 1389 4154 manu
1419 4101 1660 4170 positum
1680 4120 1696 4169 ;
1715 4104 2004 4160 eumdem-

416 4201 525 4256 que
556 4186 771 4255 lapsum
798 4187 855 4241 in
899 4195 1120 4252 terram,
1161 4200 1292 4260 quia
1336 4190 1596 4247 maluerit
1625 4195 1867 4250 carnalia
1913 4210 2003 4250 sa-

416 4291 569 4346 pere,
601 4286 656 4332 et
682 4287 909 4349 propter
939 4295 1211 4336 summam
1252 4282 1635 4359 acerbitatem,
1688 4285 2004 4342 Divinitatis
2055 4289 2066 4303 '

419 4371 593 4442 ipsius
617 4372 793 4428 oeulis
816 4372 988 4431 instar
1010 4373 1292 4444 serpentis
1313 4372 1503 4430 fuisse.
1533 4374 1640 4429 Sed
1670 4385 2003 4448 praeceptum

2103 516 2283 587 λήνων
2307 515 2495 585 ὑμνεῖν
2520 509 2795 573 εἰωθότες.

2170 608 2334 663 ΚΥΡ.
2373 607 2436 661 Τί
2471 607 2565 669 δέ;
2612 606 2734 676 οὐχὶ
2785 601 3111 675 παραδείσου
3159 601 3326 684 φυτὸν
3358 596 3498 655 εἶναι
3542 598 3674 669 φῂς,

2102 700 2197 754 καὶ
2229 697 2598 771 πρεσσύτερον
2630 695 2732 767 τῆς
2773 693 2985 765 τομῆς,
3010 691 3072 746 τὸ
3103 691 3298 760 κήποις
3331 688 3677 761 ἐκτεθηλέναι

2101 789 2285 861 λαχεῖν
2304 806 2322 857 ;
2482 834 2486 838 .

2175 880 2383 935 ΠΛΛΛ.
2414 879 2582 951 Φημί.
2666 964 2688 967 Δ
3704 906 3733 967 ι

2174 971 2339 1027 ΚΥΡ.
2377 971 2482 1026 Ἴθι
2521 970 2589 1042 δὴ
2628 964 2721 1025 οὖν
2756 973 2879 1034 ταῖς
2913 969 3142 1034 ἐννοίαις
3192 971 3286 1027 ἐπὶ
3321 970 3418 1025 τὸν
3450 964 3719 1042 ἀρχαῖονΞ

2103 1067 2310 1120 ἐκεῖνον
2363 1064 2562 1135 Ἀδάμ·
2590 1065 2684 1117 καί
2712 1065 2769 1118 ἐν
2803 1064 3028 1135 ἀπαρχῇ
3060 1062 3154 1116 καὶ
3187 1059 3316 1133 ῥίζῃ
3344 1059 3439 1115 τοῦ
3490 1059 3685 1129 γένους

2103 1159 2232 1230 ὃλην
2246 1157 2436 1229 ὥσπερ
2468 1159 2526 1210 ἐν
2554 1155 2733 1228 ἐαυτῷ
2761 1153 3120 1225 καταλογίζου
3145 1153 3242 1226 τὴν
3262 1153 3680 1226 ἀνθρωπότητα.

2104 1251 2214 1305 Καὶ
2248 1250 2384 1323 πρός
2427 1267 2493 1320 γε
2528 1248 2688 1303 τοῦτο
2730 1247 2965 1312 διανοοῦ,
2997 1248 3081 1302 ὅτι
3109 1247 3374 1319 πεποίητο
3413 1246 3513 1317 μὲν
3559 1246 3683 1300 κατ’

2105 1344 2290 1397 είκόνα
2317 1342 2412 1397 τοῦ
2447 1341 2735 1406 κτίσαντος
2756 1380 2773 1404 ,
2803 1340 3061 1395 ἐτέτακτο
3103 1339 3162 1394 δέ
3208 1339 3399 1411 ἄρχειν
3433 1338 3539 1392 τῶν
3585 1337 3683 1392 ἐπὶ

2104 1436 2231 1507 γῆς,
2258 1437 2351 1490 καὶ
2372 1431 2440 1507 ἦν
2455 1434 2646 1506 ὥσπερ
2673 1435 2732 1488 tv
2753 1435 2897 1506 χειρὶ
2919 1431 3079 1497 Θεοῦ,
3105 1432 3197 1487 διὰ
3214 1433 3313 1503 τῆς
3328 1433 3389 1485 ἐν
3420 1429 3684 1502 ἁγιασμῷ

2107 1526 2275 1597 ζωῆς,
2308 1527 2402 1580 καὶ
2454 1526 2734 1597 μονονουχὶ
2764 1525 3095 1596 παραδείσου
3144 1525 3311 1595 φυτὸν
3356 1521 3578 1587 εὐανθὲς
3621 1539 3684 1577 τε

2106 1620 2199 1673 καὶ
2214 1618 2623 1687 εὐγενέστατον.
2640 1615 2859 1689 Ἐπειδὴ
2884 1616 2943 1670 δὲ
2966 1620 3087 1681 ταῖς
3113 1616 3207 1671 τοῦ
3233 1617 3410 1687 δφεως
3437 1616 3684 1688 πικρίαις

2107 1710 2574 1782 πεφενακισμένος
2597 1749 2612 1774 ,
2646 1708 3028 1781 παρεκομίσθη
3073 1709 3183 1764 τῶν
3229 1711 3289 1764 ἐν
3327 1711 3557 1780 ἀρχαῖς,
3588 1709 3687 1762 καὶ

2107 1804 2205 1876 τῆς
2232 1803 2381 1867 θείας
2400 1803 2677 1873 ἀλογήσας
2705 1802 2925 1871 ἐντολῆς
2956 1802 3317 1873 κατεφωρᾶτο
3336 1800 3541 1863 λοιπὸν,
3562 1799 3687 1853 τότε

2108 1896 2194 1968 δὴ,
2235 1896 2357 1950 τότε
2399 1894 2602 1960 θέσεὼς
2630 1911 2693 1949 τε
2728 1895 2824 1948 καὶ
2862 1895 3019 1965 ῥίζης
3042 1893 3142 1965 τῆς
3167 1892 3395 1965 πρώτης
3424 1891 3689 1947 ἀποσπῶ-

2112 2004 2299 2058 μενος,
2332 1986 2431 2057 τῆς
2477 1985 2573 2041 τοῦ
2615 1987 2931 2057 συνέχοντος
2973 1989 3054 2051 είς
3104 1986 3374 2058 ἀγιασμδν
3405 1986 3686 2042 ἀπώλισθε

2108 2079 2310 2151 χειρὸς,
2355 2079 2451 2133 καὶ
2491 2079 2929 2136 καταπέπτωκεν
2969 2080 3052 2143 είς
3083 2081 3209 2151 γῆν,
3245 2078 3386 2133 τοῦτ’
3416 2079 3586 2143 ἔστιν,
3621 2082 3689 2134 ἐκ

2108 2169 2216 2222 τῶν
2261 2169 2361 2239 τῆς
2411 2169 2615 2242 ἀρετῆς
2662 2168 3007 2240 ὑψωμάτων,
3059 2170 3155 2223 καὶ
3208 2169 3690 2241 καταπεφοίτηκεν

2108 2258 2354 2329 ἀδρανῶς
2384 2260 2462 2322 είς
2484 2257 2546 2312 τὸ
2573 2261 2790 2330 φρονείν
2818 2258 3035 2314 ἑλέσθαι
3056 2257 3126 2313 τὰ
3152 2260 3410 2333 σαρκικὰ,
3448 2260 3690 2332 ἄκρατον

2108 2350 2208 2421 ἤδη
2239 2365 2346 2402 που
2379 2350 2614 2420 νοσήσας
2643 2350 2743 2422 τὴν
2765 2350 3057 2423 πονηρίαν,
3088 2350 3184 2405 καὶ
3205 2347 3595 2421 δφεως,οῐμαι,
3610 2350 3690 2404 δι-

2108 2439 2346 2510 ενεγκὼν
2371 2441 2543 2496 οὐδέν.
2562 2440 2969 2513 Ἀπεγυμνοῦτο
3004 2442 3063 2496 δὲ
3094 2442 3238 2497 οὕτω
3272 2441 3553 2513 βασιλείας
3592 2443 3691 2496 καὶ

2107 2535 2267 2607 δόξης
2288 2536 2386 2606 τῆς
2414 2536 2474 2587 ἐν
2496 2534 2692 2605 ἀρχαῖς
2712 2575 2727 2600 ,
2765 2535 3105 2606 ἐξεπέμπετό
3128 2553 3188 2589 τε
3216 2536 3545 2607 παραδείσου
3587 2537 3689 2592 καὶ

2106 2627 2341 2698 τρυφῆς.
2387 2628 2457 2680 Ἢ
2496 2626 2607 2699 γὰρ
2636 2627 2755 2697 οὐχὶ
2783 2629 2942 2682 ταυτὶ
2985 2627 3122 2700 πρὸς
3156 2628 3303 2699 ἡμᾶς
3345 2629 3374 2684 ὁ
3401 2627 3543 2691 θεῖος
3581 2628 3687 2700 ἔφη

2108 2720 2342 2790 Μωσῆςς

2180 2815 2387 2868 ΠΑΛΛ.
2434 2815 2578 2885 Ἔφη
2613 2815 2722 2887 γὰρ
2746 2812 2860 2869 οὖν.

2177 2905 2341 2958 ΚΥΡ.
2378 2905 2740 2976 Κατηγμένον
2766 2906 2822 2958 δὲ
2854 2904 2956 2976 ἠδη
2992 2903 3130 2976 πρὸς
3160 2903 3320 2958 τοῦτο
3353 2903 3691 2975 φαυλότητος

2106 2995 2134 3048 ὁ
2176 2995 2475 3066 νομοθέτης
2529 2994 2692 3067 ὀρῶν,
2732 2995 2944 3067 ἀπέδρα
2979 2995 3180 3067 τρόπον
3234 2994 3389 3062 τινά,
3442 2995 3539 3049 καὶ
3586 2993 3690 3066 τὴν

2107 3086 2331 3141 ἐνοῦσαν
2349 3086 2499 3159 αὐτῷ
2523 3088 2786 3159 πονηρίαν
2817 3087 3272 3158 κατεμυσάττετο.
3308 3086 3557 3157 Πέφευγε
3577 3086 3689 3158 γὰρ

2106 3177 2135 3231 ό
2161 3179 2386 3250 Μωσῆς,
2412 3177 2503 3237 τὸν
2526 3179 2654 3249 ὅφιν
2672 3180 2855 3249 ἀφείς.
2887 3179 3197 3250 Γέγραπται
3223 3177 3301 3242 δὲ,
3334 3179 3417 3233 ὅτι
3444 3197 3461 3230 ι
3493 3178 3691 3247 Ἀγιον

2105 3271 2331 3343 Πνεῦμα
2358 3270 2548 3341 σοφίας
2591 3271 2848 3342 φεύξεται
2877 3270 3049 3336 δόλον,
3075 3271 3169 3325 καὶ
3185 3271 3549 3343 ἀναστήσεται
3578 3270 3692 3326 ἀπὸ

2105 3362 2384 3436 λογισμῶν
2442 3362 2740 3419 ἀσυνέτων.
2805 3382 2824 3416 ι
2892 3362 3211 3436 ’Δσύμϐατα
3265 3362 3375 3433 γὰρ
3433 3361 3692 3433 ἀλλήλοις

2106 3455 2381 3529 ἁγιασμὸς
2410 3456 2506 3510 καὶ
2524 3454 2858 3527 ἀκαθαρσία,
2895 3454 3013 3525 φῶς
3045 3471 3104 3513 τε
3126 3453 3221 3512 καὶ
3245 3453 3455 3521 σκότος,
3483 3453 3693 3509 δικαιο-

2107 3546 2239 3604 σύνη
2273 3546 2368 3602 καὶ
2399 3546 2609 3603 ἀδικία.

2178 3733 2386 3789 ΠΑΛΛ.
2424 3731 2673 3805 Ἀληθές.

2177 3825 2340 3880 ΚΥΡ.
2380 3825 2453 3879 Τὸ
2478 3825 2657 3880 τοίνυν
2691 3826 2964 3880 ἀποπὲσαι
2994 3825 3171 3895 χειρὸς
3199 3825 3298 3892 τῆς
3319 3823 3563 3887 Μωσέως
3590 3823 3691 3893 τὴν

2107 3916 2321 3988 ῥάϐδον,
2362 3919 2802 3989 κατασημήνειεν
2846 3917 2931 3983 ἂν,
2970 3917 3057 3981 ὡς,
3089 3896 3157 3987 ἦν
3186 3920 3243 3972 ἐν
3278 3918 3469 3988 ἀρχαῖς
3504 3915 3532 3967 ό
3563 3913 3690 3968 κατ’

2105 4008 2291 4062 εἰκόνα
2319 4007 2418 4080 τὴν
2448 4008 2596 4063 θείαν
2620 4007 2985 4080 πεποιημένος
3009 4008 3337 4080 παραδείσου
3377 4008 3564 4076 φυτὸν,
3591 4005 3694 4062 καὶ

2105 4102 2165 4155 tv
2196 4101 2321 4172 δόξῃ
2378 4101 2693 4172 βασιλείας,
2731 4102 2824 4155 καὶ
2877 4103 2934 4156 ἐν
2972 4102 3117 4173 χειρὶ
3161 4102 3253 4156 τοῦ
3291 4099 3645 4173 Δημιουργοῦ
3672 4113 3690 4132 ο

2106 4192 2409 4247 κατώλισθε
2452 4192 2509 4246 δὲ
2540 4195 2620 4257 εἰς
2656 4194 2782 4264 γῆν,
2814 4192 2908 4247 διὰ.
2945 4192 3040 4247 τοῦ
3083 4196 3299 4266 φρονεῖν
3356 4190 3574 4245 ἑλέσθαι
3622 4189 3694 4245 τὰ

2107 4284 2365 4356 σαρκικὰ,
2402 4283 2512 4337 καὶ
2544 4282 2635 4337 διὰ
2669 4284 2769 4355 τῆς
2818 4284 2899 4348 είς
2931 4282 3099 4356 ἀκρον
3126 4283 3369 4355 ἡκούσης
3412 4282 3681 4354 πικρίας,

2104 4377 2227 4447 ὄφις
2263 4371 2331 4447 ἦν
2378 4374 2566 4447 ὥσπερ
2622 4392 2704 4438 τις
2752 4377 2866 4439 τοῖς
2905 4376 3006 4446 τῆς
3058 4374 3311 4463 θεότητος
3361 4374 3693 4445 ὀφθαλμοῖς.

417 4470 505 4518 est
531 4463 721 4536 Moysi,
751 4472 813 4518 ut
836 4480 1061 4520 manum
1091 4463 1432 4529 extenderet,
1470 4465 1812 4537 caudamque
1853 4468 2002 4526 illius

2119 4469 2256 4526 Ἀλλ’
2289 4468 2569 4522 ἐκελεύετο
2592 4467 2798 4538 Μωσῆς
2828 4469 3066 4522 ἐκτεῖναι
3103 4468 3202 4533 τὴν
3221 4469 3399 4538 χεῖρα,
3433 4468 3528 4519 καὶ
3568 4469 3697 4521 ἐπε-

418 4552 885 4624 apprehenderet;
917 4567 1029 4622 quo
1059 4551 1228 4617 facto,
1269 4551 1595 4609 immutatus
1625 4556 1891 4613 continuo
1918 4565 2005 4614 est

418 4643 479 4697 in
512 4644 799 4715 pristinam
840 4643 1098 4709 formam,
1136 4642 1220 4700 ita
1243 4651 1306 4699 ut
1335 4660 1444 4701 non
1478 4646 1714 4717 amplius
1752 4664 1999 4720 serpens,

416 4735 514 4790 sed
544 4736 699 4807 virga
720 4751 914 4791 rursus
943 4744 1109 4801 esset,
1141 4745 1197 4792 et
1234 4737 1471 4807 paradisi
1495 4755 1738 4811 germen.
1772 4742 1873 4799 Ubi
1902 4743 2004 4816 igi-

420 4836 511 4879 tur
539 4825 748 4895 placuit
780 4825 894 4880 Deo
920 4840 985 4880 ac
1014 4825 1161 4880 Patri
1188 4826 1374 4882 omnia
1411 4827 1716 4885 instaurare
1750 4831 1805 4885 in
1835 4831 2000 4887 Chrio

418 4923 524 4979 sto,
568 4925 733 4987 atque
755 4915 810 4970 id
835 4916 981 4986 quod
1012 4916 1215 4971 factum
1258 4928 1397 4984 erat,
1430 4920 1485 4976 in
1526 4921 1769 4991 priorem
1794 4931 2001 4979 statum

418 5005 739 5073 reformare,
767 5007 919 5063 misit
948 5023 980 5063 e
1008 5009 1150 5065 ecelo
1174 5010 1335 5066 nobis
1357 5011 1994 5083 Unigenitum,manum,

420 5096 667 5166 inquam,
706 5096 855 5153 illam
894 5112 1050 5155 suam
1088 5099 1356 5166 dextram,
1404 5103 1555 5161 illam
1618 5105 1997 5164 universorum

421 5187 676 5259 opiﬁcem
711 5204 777 5245 ac
803 5206 932 5247 vere
953 5192 1248 5249 salutarem
1268 5236 1283 5260 ,
1312 5197 1467 5267 juxta
1493 5197 1629 5252 illud
1660 5216 1671 5251 :
1708 5218 1726 5249 ι
1766 5200 1999 5255 Dextera
2036 5244 2039 5245 ν

421 5281 637 5342 Domini
676 5281 820 5341 fecit
866 5284 1149 5351 virtutem,
1201 5286 1423 5346 dextera
1472 5291 1695 5350 Domini
1742 5292 2002 5352 exaltavit

425 5389 512 5432 me
535 5375 596 5430 ".
625 5394 644 5427 ι
665 5374 823 5431 Tunc
847 5374 1055 5447 itaque,
1087 5384 1239 5444 tunc,
1271 5378 1517 5452 inquam,
1534 5384 1807 5453 iacentem
1846 5385 1997 5441 humi

518 5532 561 5565 "’
594 5531 720 5604 Sap.
752 5551 790 5599 ι,
826 5535 877 5591 5.
956 5536 1000 5571 ⁸⁸
1023 5536 1164 5594 Psal.
1200 5552 1359 5603 cxvn,
1394 5538 1483 5595 16.⁴

428 5639 599 5776 δοριξ
622 5640 863 5763 imm“
922 5656 982 5701 υῑ
1032 5655 1204 5718 Puto.
1251 5649 1317 5705 ad
1365 5650 1572 5706 locum
1602 5650 1821 5706 Homeri
1871 5650 2006 5706 l‘lia-

438 5782 597 5839 ’ω’
634 5782 704 5839 ἐκ
733 5782 821 5837 τοί
851 5779 1011 5854 ἐρέω,
1043 5786 1137 5840 καί
1166 5787 1263 5841 ἐπὶ
1286 5787 1476 5861 μέγαν
1513 5790 1694 5861 ὅρκον
1726 5790 1999 5863 ὀμοῦμαι,

2106 4561 2369 4639 λαϐέσθαι
2413 4562 2512 4633 τῆς
2556 4560 2795 4633 κέρκουο
2840 4560 3206 4617 ἀνεπλάττετο
3250 4559 3308 4613 δὲ
3352 4559 3490 4632 πρὸς
3519 4558 3584 4611 τὸ
3636 4560 3698 4611 ἐν

2106 4655 2304 4725 ἀρχαῖς
2334 4652 2516 4716 εὐθύς.
2557 4652 2673 4707 Καὶ
2708 4651 2834 4722 ὄφις
2876 4652 2976 4725 μέν
3008 4648 3077 4724 ῆν
3126 4651 3350 4716 οὐκέτι,
3401 4648 3602 4720 ῥάϐδος
3638 4648 3697 4704 δὲ

2104 4744 2302 4809 πάλιν,
2330 4744 2425 4798 καὶ
2454 4744 2785 4816 παραδείσου
2835 4743 3024 4813 φυτόν.
3058 4744 3188 4797 Ὅτε
3233 4743 3289 4796 δὲ
3328 4740 3633 4811 εὐδόκησεν
3668 4740 3700 4792 δ

2104 4836 2237 4900 Θεὸς
2291 4837 2384 4889 καὶ
2426 4836 2616 4907 Πατὴρ
2658 4833 3241 4907 ἀνακεφαλαιώσασθαι
3291 4833 3358 4888 τὰ
3401 4832 3581 4886 πάντα
3637 4834 3700 4885 ἐν

2107 4926 2185 4994 τῷ
2212 4926 2433 4998 Χριστῷ
2453 4968 2468 4992 ,
2493 4929 2587 4982 καὶ
2604 4927 2891 4981 ἀνακτίσαι
2912 4926 2972 4981 τὸ
2998 4925 3219 5005 ποιηθὲν
3239 4927 3318 4990 είς
3334 4925 3394 4978 τὸ
3407 4923 3699 4995 ἀπαρχῆς.

2108 5018 2425 5074 ἀπέστειλεν
2438 5021 2468 5090 ἡ
2476 5018 2632 5091 μῖνέξ
2647 5019 2706 5076 οὐ
2716 5018 2874 5091 ρανοῦ
2890 5019 2980 5072 τὸν
2995 5018 3295 5089 Μονογενῆ,
3310 5017 3407 5087 τὴν
3421 5017 3581 5087 χεῖρα
3591 5014 3701 5087 τὴν

2107 5110 2309 5179 δεξιὰν,
2345 5111 2444 5182 τὴν
2471 5111 2578 5167 τῶν
2605 5110 2741 5165 ὅλων
2774 5112 2996 5184 ἐργάτιν
3029 5110 3125 5166 καὶ
3154 5109 3421 5186 σώτειραν
3445 5106 3698 5177 ἀληθῶς.

2108 5200 2252 5256 κατά
2281 5216 2345 5269 γε
2380 5201 2463 5267 τὸ,
2507 5218 2526 5251 ι
2559 5199 2719 5265 Δεξιά
2752 5200 2959 5273 Κυρίου
2990 5200 3212 5271 ἐποίησε
3254 5199 3503 5263 δῦναμιν,
3535 5196 3701 5266 δεξιὰ

2108 5293 2313 5364 Κυρίου
2343 5292 2526 5365 ὕψωσέ
2570 5309 2688 5365 μευ
2724 5292 2857 5346 Τότε
2885 5292 2971 5364 δὴ,
2998 5291 3120 5344 τότε
3144 5290 3246 5364 τῆς
3277 5294 3336 5345 ἐν
3376 5293 3457 5365 γῇ
3498 5286 3703 5362 κειμιο

2112 5399 2211 5457 νης
2263 5383 2679 5457 ἁνθρωπόττιτος
2732 5383 3025 5438 ἐπελάϐετο
3117 5384 3210 5439 καὶ
3262 5382 3489 5454 πικρίας
3538 5378 3708 5449 ἡμᾶς

2106 5647 2241 5715 Ναὶ,
2265 5650 2345 5718 μὰ
2364 5652 2495 5706 τάδε
2527 5666 2607 5708 cm
2617 5630 2865 5723 ﬁxrtpor,
2884 5653 2951 5708 τὸ
2965 5652 3083 5725 μὲν
3100 5653 3319 5710 οὔποτε
3350 5654 3555 5725 φιξέεζα
3581 5651 3699 5706 και

2172 5716 2272 5804 ,“
3350 5716 3610 5791 ’[ὅῶυς

2103 5794 2235 5846 (huc
