3954 6200
259 338 371 397 245

1014 350 1099 403 DE
1137 351 1581 410 ADORATIONE
1621 353 1686 408 ΙΝ
1729 351 2002 411 SPIRITU
2043 353 2130 408 ET
2171 352 2542 422 VERITATE.
2585 351 2713 407 LIB.
2756 351 2820 406 ll.

3422 345 3528 403 246

260 460 579 526 ἀπαλλάξας
631 460 1066 535 θηριοπρεποῦς,
1101 471 1198 540 τῆς
1245 473 1304 525 έν
1332 472 1624 543 φαυλότητι
1654 490 1711 526 τε
1746 473 1835 525 καὶ

1953 481 2194 528 naturam
2244 472 2483 527 hominis
2531 464 2930 540 apprehendit;
2980 480 3216 536 cumque
3281 477 3382 517 nos
3442 461 3526 516 le-

256 552 582 622 ἀμαρτίαις,
613 554 906 624 ἁνεκόμισέ
936 575 995 610 τε
1024 559 1093 612 δι’
1120 561 1394 632 ἁγιασμοῦ
1424 562 1561 632 πρὸς
1595 562 1838 631 βασιλίδα

251 644 448 714 τιμὴν,
493 644 589 697 καὶ
625 645 943 715 ἡμερότητα
973 648 1068 718 τὴν
1098 653 1178 714 εἰς
1215 654 1438 724 ἀρετήν.
1490 653 1839 722 Ἑνδιαίτημα

253 738 308 790 δὲ
340 737 404 790 τὸ
445 739 666 810 ἀρχαῖον
694 743 808 804 τοῖς
841 743 1152 798 πιστεύουσι
1195 747 1368 810 διδοὺς
1403 750 1459 801 ἐν
1490 750 1712 817 ἁπαρχῇ
1746 747 1840 799 καὶ

255 827 466 898 πρώτῳ
493 828 570 898 τῷ
607 836 1112 903 συγκεκρεμαμένῳ
1145 836 1334 907 λῃστῇο
1379 857 1396 888 ι
1461 839 1657 908 ’Λμὴν,
1693 835 1838 904 ἀμὴν

254 917 401 1024 λέγω
431 937 535 985 σοι,
574 920 726 990 φησὶ,
766 923 1003 994 σήμερον
1036 928 1152 996 μετ’
1184 929 1318 995 ἐμοῦ
1345 929 1442 1000 ἔσῃ
1472 932 1528 982 ἐν
1559 929 1634 1000 τῷ
1659 943 1837 998 παρα-

255 1027 444 1079 οεισῳ.
492 1030 510 1061 ι

327 1302 540 1356 ΠΑΛΛ.
581 1303 878 1374 Πεποίηται
910 1303 1008 1374 μὲν
1034 1305 1111 1368 ὡς
1141 1306 1340 1377 ἄριστά
1374 1325 1435 1376 γε
1468 1311 1599 1380 ἡμῖν
1627 1311 1724 1364 καὶ
1753 1312 1838 1382 όρ-

252 1393 355 1456 θῶς
383 1395 412 1445 ὁ
445 1393 622 1462 λόγος.
651 1396 798 1467 Πλὴν
830 1400 1005 1452 ἐκεῖνο
1027 1400 1254 1469 φράσον,
1289 1401 1405 1455 ἀνθ’
1433 1403 1556 1456 ὅτου
1591 1403 1691 1473 τῆς
1713 1405 1838 1476 κέρ-

253 1500 346 1536 κου
395 1485 664 1539 λαϐέσθαι
714 1487 963 1555 κελεύει,
1015 1492 1108 1544 καὶ
1157 1493 1279 1562 οὐχὶ
1331 1494 1432 1564 τῆς
1494 1495 1833 1567 κεφαλῆς,ἥ

261 1575 456 1626 μέσων.

260 1592 456 1644 μεσων.

332 1745 490 1800 ΚΥΡ.
525 1739 662 1801 *οδε
712 1750 842 1822 γὰρ,
875 1745 920 1806 ὧ
949 1754 1191 1826 φιλότης,
1222 1758 1622 1829 ὲκπράττεσθαι
1643 1760 1834 1832 ὲχρῆνο

1945 565 2044 620 rali
2077 566 2356 635 nequitia,
2389 573 2853 635 peccatorumque
2889 574 3102 614 veneno
3139 557 3400 620 exuisset,
3432 570 3528 625 per

1944 658 2437 713 sanctiﬁcationem
2491 656 2558 710 ad
2600 655 2868 710 honorem
2920 650 3078 706 illum
3116 647 3350 718 regium,
3375 655 3432 701 et
3457 646 3525 700 ad

1943 749 2162 804 virtutis
2189 746 2670 801 mansuetudinem
2690 743 2938 807 reduxit;
2968 739 3214 810 illudque
3239 747 3402 793 vetus
3421 737 3524 793 do-

1941 842 2207 897 micilium
2257 838 2615 894 credentibus
2677 836 2728 890 in
2769 851 2836 890 eo
2879 834 3090 888 latrone
3119 872 3134 896 ,
3189 831 3285 901 qui
3332 845 3524 886 eorum

1941 939 2206 999 tanquam
2234 926 2493 998 primitias
2512 923 2760 994 quaedam
2793 937 2859 976 ac
2891 921 3146 991 princeps
3189 919 3312 982 fuit,
3367 928 3425 974 et
3454 917 3528 976 si-

1942 1022 2055 1076 mul
2080 1035 2266 1076 secum
2301 1028 2389 1074 est
2423 1016 2738 1079 cruciﬁxus,
2766 1012 3029 1069 restituit.
3064 1031 3082 1062 ι
3105 1011 3276 1066 Amen
3298 1050 3312 1074 ,
3341 1025 3522 1073 amen,

1940 1113 2215 1183 inquiens,
2268 1111 2394 1164 dico
2443 1109 2565 1174 tibi,
2591 1107 2755 1162 hodie
2801 1119 3017 1159 mecum
3059 1101 3169 1156 eris
3213 1101 3269 1162 in
3307 1099 3522 1170 paradi—

1942 1219 2008 1258 so
2033 1205 2093 1258 ¹⁹.
2129 1223 2146 1254 ι

2010 1294 2206 1350 PALL.
2235 1294 2452 1365 Optime
2491 1308 2622 1348 sane
2644 1289 2807 1345 nobis
2843 1303 2905 1342 ac
2928 1285 3234 1341 rectissime
3270 1286 3386 1340 haec
3411 1285 3525 1340 dis-

1938 1383 2147 1454 putatio
2183 1382 2432 1438 confecta
2456 1389 2559 1436 est.
2604 1378 2742 1434 Illud
2782 1376 2917 1431 mihi
2955 1385 3135 1430 tamen
3166 1373 3404 1445 explices
3425 1389 3521 1429 ve-

1939 1472 2033 1527 lim
2058 1513 2073 1537 ,
2107 1489 2229 1543 quae
2271 1487 2435 1527 causa
2475 1471 2663 1533 fuerit,
2700 1484 2798 1524 cur
2851 1465 3082 1521 caudam
3121 1465 3305 1536 potius
3333 1480 3527 1536 apprc-

1940 1564 2105 1620 hendi
2143 1563 2390 1635 jusserit,
2419 1577 2583 1632 quam
2625 1568 2808 1629 caput,
2852 1566 2947 1612 aut
2989 1556 3226 1612 mediam
3273 1557 3524 1626 corporis

1938 1665 2170 1727 partem.
2697 1681 2728 1709 ι.
2744 1661 2776 1709 ιι

2011 1749 2169 1805 CYR.
2196 1749 2288 1804 Sic
2311 1748 2483 1812 enim,
2526 1745 2752 1811 Palladi,
2798 1744 2916 1801 ﬁeri
2961 1755 3181 1812 aequum
3217 1747 3372 1805 erat;
3399 1755 3522 1795 nam

274 1838 472 1890 έπεὶτοι
510 1838 566 1892 τὸ
598 1842 798 1913 κέρκου
832 1844 1122 1912 λαϐέσθαι,
1160 1850 1255 1903 καὶ
1289 1827 1409 1921 οθχὶ
1461 1851 1640 1919 μέσων
1741 1827 1832 1907 κε-

1953 1858 2042 1910 ιοο
2065 1842 2266 1912 ipsum,
2315 1840 2548 1896 caudam
2588 1835 3024 1908 apprehendere,
3067 1847 3180 1888 non
3205 1829 3386 1886 media
3430 1839 3527 1886 aut

277 1929 460 1999 φαλῆς,
487 1931 564 2002 τῷ
599 1936 879 2006 μυστηρίῳ
908 1938 1198 2010 χρήσιμον.

336 2019 538 2074 ΠΑΛΛ.
573 2021 704 2076 Τίνα
726 2023 925 2093 τρόπον
949 2041 963 2090 ;

328 2114 489 2167 ΚΥΡ.
510 2116 674 2187 Ἀρχὴ
699 2119 796 2188 μὲν
819 2119 928 2192 γὰρ
951 2120 1141 2194 ὥσπερ
1163 2126 1362 2189 παντὸς
1383 2127 1573 2199 ζώουή
1600 2131 1829 2201 κεφαλὴ.

261 2204 455 2273 κέρκος
487 2207 544 2260 δὲ
571 2209 762 2278 πέρας.
784 2211 922 2282 Φέρε
941 2212 1004 2282 δὴ
1033 2208 1126 2267 οὖν
1154 2215 1230 2278 ὡς
1251 2216 1332 2270 ἔτι
1351 2217 1510 2281 ζῶον,
1528 2220 1588 2272 τὸ
1610 2220 1832 2290 σύμπαν

257 2298 387 2366 ἡμῖν
429 2299 526 2352 τοῦ
567 2302 856 2371 ἀνθρώπου
905 2305 1060 2374 γένος
1107 2309 1552 2377 καταλογιζέσθω
1597 2313 1736 2381 πρὸς
1771 2314 1834 2366 τὸ

257 2389 445 2457 παρόν.
490 2389 818 2447 Ἐπελῶετο
848 2396 1027 2450 τοίνυν
1055 2398 1156 2468 τῆς
1183 2400 1383 2471 κέρκου
1411 2402 1662 2473 Χριστὸς,
1687 2403 1832 2456 τοῦτ’

258 2477 394 2543 εστι,
412 2480 523 2533 τῶν
540 2483 598 2535 ἐν
618 2485 867 2553 ἐσχάτοις
898 2489 992 2567 καὶ
1009 2488 1334 2546 τελευταίων
1349 2507 1362 2520 ο
1386 2493 1831 2563 καταπεφοίτηκε

257 2570 370 2640 γὰρ
415 2573 478 2623 ἐν
514 2574 765 2643 ἐσχάτοις
811 2577 904 2630 τοῦ
945 2578 1141 2643 αἰῶνος
1196 2583 1428 2651 καιροῖς.
1470 2583 1609 2635 Ἀλλ’
1646 2583 1834 2655 ὥσπερ

254 2662 303 2711 εἰ
354 2661 447 2712 καὶ
478 2661 578 2731 τῆς
643 2663 840 2734 κέρκου
882 2667 1086 2738 Μωσῆς
1136 2669 1476 2734 ἐπελάϐετο,
1535 2673 1627 2725 καὶ
1673 2673 1833 2744 μέχρι

250 2750 424 2820 αὐτῆς
453 2752 631 2806 ἀνέθει
660 2755 757 2824 τῆς
783 2757 1023 2829 κεφαλῆς
1112 2761 1500 2832 μεταπλασμὸς
1531 2761 1831 2834 (μετεστοι-

247 2841 473 2910 χειοῦτο
500 2847 608 2915 γὰρ
632 2846 939 2917 ὁλοκλήρως
962 2851 1042 2912 εἰς
1079 2851 1272 2920 ῥάϐδον
1298 2855 1326 2903 ὀ
1354 2852 1501 2923 ὄφις)
1529 2870 1542 2883 ⁸
1573 2856 1715 2909 κατὰ
1744 2857 1834 2909 τὸν

248 2932 375 2984 [σον
413 2938 621 2988 τουτονὶ
650 2937 868 3008 τρόπον,
903 2940 1009 2994 κᾶν
1041 2943 1213 2996 εἰτῶν
1236 2945 1482 3014 ἐσχάτων
1505 2946 1830 3000 ἀντελάϐετο

246 3023 522 3090 Χριστὸς,
553 3027 669 3080 ἀλλ’
697 3030 777 3092 εἰς
819 3033 927 3084 πᾶν
963 3033 1138 3102 διήκει
1175 3035 1237 3087 τὸ
1267 3035 1445 3104 γένος,
1492 3038 1588 3089 καὶ
1639 3037 1835 3108 μέχρις

245 3116 430 3228 Ῐῦῗῑὶς
453 3119 757 3228 ἀφικνεῖται
777 3123 877 3228 τῆς
904 3125 1168 3197 κεφαλῆς,
1187 3126 1333 3180 τοῦτ’
1356 3127 1494 3191 ἐστι,
1513 3127 1608 3182 τοῦ
1637 3129 1831 3199 Ἀδὰμ,
1861 3171 1902 3228 C

245 3206 280 3275 ἠ
309 3205 410 3258 διὰ
439 3207 658 3278 χάριτος
691 3212 1098 3286 ἀναμόρφωσις.
1126 3216 1442 3288 Γέγραπται
1471 3217 1578 3289 γὰρ
1598 3260 1612 3284 ,
1642 3218 1725 3272 ὅτι
1753 3221 1836 3284 είς

244 3297 419 3349 τονῖδτο
457 3299 688 3369 Χριστὸς
716 3304 952 3358 ἀπέθανε
984 3307 1077 3359 καὶ
1111 3308 1311 3379 ἀνέστη
1336 3347 1352 3373 ,
1385 3309 1474 3363 ἵνα
1502 3310 1595 3364 καὶ
1624 3311 1832 3382 νεκρῶν

247 3391 359 3444 xxi.
401 3389 615 3454 ζώντων
648 3395 926 3467 κυριεύσῃ.
977 3397 1186 3452 Οὐκοῦν
1226 3402 1340 3464 τοῖς
1373 3401 1621 3471 ἐσχάτοις
1659 3402 1753 3456 καὶ
1799 3403 1833 3471 ή

248 3479 374 3530 τῶν
410 3480 469 3530 ἐν
500 3481 696 3550 ἀρχαῖς
724 3485 1185 3556 συῃατορθοῦται
1209 3486 1495 3559 λύτρωσις.

329 3569 544 3622 ΠΑΛΛ.
579 3571 804 3636 Πιθανδς
836 3574 865 3626 ὁ
886 3573 1042 3642 λόγος
1069 3575 1186 3628 ὲστί
1216 3592 1276 3629 τε
1297 3580 1456 3649 ἡμῖν,
1487 3578 1581 3632 καὶ
1605 3579 1703 3632 οὐκ
1727 3579 1835 3633 ἀπὸ

254 3657 472 3710 σκοποῦ
504 3659 564 3711 τὸ
587 3660 747 3733 διήγη
758 3680 854 3732 μα.
1100 3727 1102 3731 _

333 3748 501 3803 ΚΥΡ.
535 3748 907 3822 Ἐδραιότατον
951 3751 1046 3811 οὖν
1068 3757 1204 3829 πρὸς
1225 3760 1322 3828 τὴν
1353 3762 1444 3814 ἐπὶ
1463 3759 1598 3831 τῷδε
1635 3763 1836 3829 πίστιν,

253 3840 362 3893 καὶ
402 3840 522 3893 δυσὶ
555 3842 847 3914 δυνάμεσιν
891 3847 1053 3901 αὑτὸν
1097 3849 1316 3922 ἑτέραις
1360 3851 1600 3904 ἐποιεῖτο
1649 3851 1839 3920 θεοση-

259 3929 471 3999 μείαις.
505 3932 813 4003 Γέγραπται
835 3937 943 4008 γὰρ
972 3938 1154 4004 εὐθύς·
1197 3959 1214 3991 ι
1256 3935 1388 3993 Eius
1426 3939 1532 4012 γὰρ
1555 3941 1704 4011 αὐτῷ
1733 3941 1842 3994 Κύ-

259 4037 386 4090 ριος
407 4023 570 4076 πάλιν
597 4043 608 4054 ·
639 4026 930 4096 Εἰσένεγκε
967 4030 1068 4101 τὴν
1104 4031 1264 4102 χεῖρά
1303 4049 1401 4084 σου
1419 4033 1501 4095 εἰς
1527 4031 1617 4086 τὸν
1645 4032 1842 4086 κόλπον

258 4128 382 4164 σου.
435 4115 549 4168 Καὶ
593 4118 878 4188 εἰσήνεγκε
908 4121 1008 4193 τήν
1038 4125 1194 4192 χεῖρα
1230 4122 1419 4184 αὑτοῦ,
1471 4124 1565 4177 καὶ
1614 4123 1844 4194 ἐγενήθη

253 4207 290 4274 ἡ
331 4205 455 4275 χεὶρ
509 4208 672 4261 αὐτοῦ
719 4209 974 4282 λεπρῶσα
1026 4213 1102 4277 ὠς
1139 4214 1292 4284 χιών.
1331 4216 1443 4270 Καὶ
1480 4211 1600 4268 εἶπε
1653 4216 1843 4270 πάλιν·

1929 1943 2116 2005 caput,
2148 1933 2410 2005 mysterio
2431 1939 2867 1988 consentaneum
2885 1933 3024 1983 erat.

2001 2025 2200 2082 PALL.
2230 2023 2518 2091 Quomodo
2561 2021 2822 2078 tandem?

2001 2117 2320 2184 C¥R.Quia
2342 2123 2511 2186 caput
2534 2117 2686 2171 velut
2725 2114 2946 2170 initium
2971 2113 3080 2184 70
3120 2111 3396 2184 quoddam
3441 2117 3526 2164 est

1932 2212 2103 2266 totius
2129 2208 2447 2272 animantis,
2472 2217 2531 2263 ut
2552 2207 2727 2263 cauda
2752 2207 2895 2262 ﬁnis.
2920 2205 3031 2276 Age
3075 2204 3264 2275 igitur,
3306 2202 3527 2256 univer-

1935 2316 2059 2356 sum
2098 2315 2272 2371 genus
2318 2298 2630 2361 hominum,
2678 2303 2740 2350 ut
2781 2309 2952 2348 unum
3002 2293 3203 2348 animal
3257 2292 3526 2346 hactenus

1933 2387 2240 2459 cogitemus
2287 2405 2299 2440 :
2345 2383 2714 2456 apprehendit
2755 2381 2924 2454 igitur
2967 2381 3196 2436 caudam
3235 2379 3487 2435 Christus
3511 2417 3523 2441 ,

1933 2480 1989 2534 id
2041 2488 2146 2543 est,
2196 2489 2473 2534 extremas
2523 2486 2706 2547 partes
2746 2484 2913 2546 atque
2957 2475 3220 2538 ultimas;
3259 2471 3525 2528 extremis

1934 2570 2135 2640 quippe
2157 2571 2484 2624 surculorum
2515 2565 2854 2637 temporibus
2896 2565 3140 2620 advenit.
3193 2564 3417 2624 Verum,
3465 2569 3526 2613 ut

1934 2663 2146 2734 Moyses
2201 2661 2455 2731 quamvis
2510 2659 2739 2714 caudam
2800 2655 3292 2726 apprehendisset,
3344 2663 3524 2707 tamen

1935 2771 2110 2825 usque
2143 2755 2208 2808 ad
2233 2755 2414 2824 ipsum
2438 2766 2660 2822 quoque
2683 2756 2848 2820 caput
2868 2748 2967 2802 illa
2990 2746 3314 2802 reformatio
3336 2760 3529 2800 recur-

1936 2846 2009 2901 rit
2038 2846 2144 2918 (est
2165 2847 2311 2900 enim
2345 2852 2494 2899 totus
2521 2843 2611 2897 ille
2659 2856 2886 2912 serpens
2915 2841 2970 2894 in
3016 2839 3225 2908 virgam
3267 2837 3525 2890 immuta-

1937 2939 2071 3010 tus),
2098 2939 2165 2994 ad
2192 2938 2450 2994 eumdem
2483 2935 2728 2999 modum,
2755 2933 2946 2987 ultima
2971 2930 3102 2986 licet
3145 2927 3524 2998 apprehende-

1938 3031 2013 3084 rit
2039 3030 2310 3092 Christus,
2338 3036 2582 3082 attamen
2612 3023 2668 3077 in
2708 3023 3033 3077 universum
3067 3033 3245 3090 genus
3263 3017 3523 3088 pertinet,

1937 3126 1994 3174 et
2014 3119 2083 3173 ad
2106 3125 2272 3188 caput
2305 3117 2487 3186 ipsum
2543 3128 2742 3184 usque,
2786 3110 2843 3166 id
2884 3118 2990 3173 est,
3039 3107 3234 3172 Adam,
3282 3107 3378 3160 illa
3427 3122 3526 3177 per

1937 3212 2163 3283 gratiam
2209 3207 2526 3265 reformatio
2567 3205 2846 3278 pertingit.
2897 3202 3173 3273 Scriptum
3225 3207 3310 3255 est
3353 3200 3522 3262 enim,

1940 3304 2064 3358 ideo
2086 3301 2368 3358 Christum
2399 3315 2521 3355 esse
2543 3307 2821 3354 mortuum
2863 3304 2920 3351 et
2963 3293 3247 3357 revixisse,
3291 3300 3352 3346 ut
3387 3292 3527 3345 vivis

1939 3410 2003 3450 ac
2047 3391 2282 3448 mortuis
2329 3390 2647 3445 dominetur
2668 3389 2712 3419 ²⁰
2740 3405 2752 3440 :
2782 3386 2948 3456 igitur
2998 3383 3055 3437 in
3099 3381 3361 3438 extremis
3408 3381 3523 3450 ipsa

1940 3503 2158 3559 quoque
2179 3483 2579 3556 principiorum
2607 3479 2770 3536 simul
2800 3484 2887 3532 est
2918 3475 3162 3547 perfecta
3195 3472 3522 3542 redemptio.

2010 3578 2209 3635 PALL.
2233 3574 2545 3632 Probabilis
2590 3587 2722 3628 sane
2765 3569 2964 3634 oratio,
3002 3581 3106 3622 nec
3147 3566 3216 3621 ab
3257 3581 3345 3629 eo,
3376 3563 3523 3635 quod

1940 3668 2353 3742 proposuimus,-
2379 3666 2558 3721 aliena
2583 3663 2847 3719 narratio.

2012 3782 2168 3837 CYR.
2185 3779 2264 3834 Ad
2287 3779 2346 3833 id
2373 3793 2506 3834 vero
2529 3775 2863 3832 credendum
2885 3777 3054 3831 etiam
3072 3773 3296 3828 duobus
3309 3771 3527 3826 aliisdi—

1942 3871 2086 3926 vina:
2104 3871 2326 3924 virtutis
2357 3868 2527 3938 signis
2550 3866 2704 3920 illum
2730 3867 2964 3921 maxime
2991 3863 3353 3920 confirmavit.
3380 3860 3528 3916 Scri-

1946 3967 2100 4029 ptum
2125 3965 2212 4012 est
2232 3957 2380 4011 enim
2405 3956 2698 4026 deinceps:
2727 3975 2744 4006 ι
2768 3955 2836 4008 Ει
2859 3955 2997 4009 dixit
3019 3953 3099 4008 illi
3119 3952 3381 4006 Dominus
3412 3965 3524 4003 rur-

1949 4062 2070 4102 sum
2100 4064 2112 4098 :
2140 4046 2292 4100 Mitte
2330 4059 2553 4098 manum
2590 4052 2737 4097 tuam
2775 4042 2830 4096 in
2865 4043 3045 4097 sinum
3079 4051 3252 4096 tuum.
3285 4041 3351 4094 Et
3380 4041 3530 4095 misit

1950 4152 2171 4194 manum
2191 4151 2345 4190 suam
2374 4135 2428 4188 in
2445 4135 2626 4189 sinum
2650 4149 2830 4189 suum.
2848 4134 2917 4187 Et
2937 4133 3074 4187 dixit
3100 4151 3112 4186 :
3139 4133 3292 4188 Educ
3307 4149 3527 4188 manum

1960 4239 2109 4284 tuam
2131 4243 2197 4282 ex
2227 4225 2351 4280 sinu
2381 4235 2494 4280 tuo.
2523 4224 2590 4278 Et
2613 4221 2804 4278 eduxit
2841 4223 2986 4277 illam
3023 4238 3107 4278 ex.
3131 4224 3255 4280 sinu
3300 4239 3430 4288 suo,
3474 4234 3530 4278 et

255 4297 562 4388 Εἰσένεγκε
597 4299 694 4370 τὴν
732 4305 891 4374 χεῖρά
921 4321 1014 4358 σου
1064 4307 1144 4370 είς
1192 4306 1284 4359 τὸν
1323 4307 1524 4361 κόλπον
1569 4325 1686 4362 σου.
1738 4307 1835 4361 Kal

1955 4320 2096 4376 facta
2110 4327 2193 4375 est
2208 4333 2404 4372 manus
2419 4319 2536 4388 ejus
2552 4317 2764 4386 leprosa
2782 4315 2924 4370 sicut
2937 4316 3050 4370 nix.
3067 4317 3134 4372 Et
3149 4317 3289 4372 dixit
3308 4331 3525 4373 rursus:

255 4386 550 4455 εἰσήνεγκε
583 4391 682 4460 τὴν
733 4393 894 4461 χεῖρα
949 4394 1119 4448 αὑτοῦ
1163 4398 1244 4460 εἰς
1288 4397 1387 4451 τὸν
1409 4399 1607 4453 κόλπον
1661 4397 1848 4466 αὑτοῦ,

257 4478 358 4529 καὶ
385 4477 646 4548 ἐξήνεγκε
678 4480 774 4551 τὴν
805 4484 963 4554 χεῖρα
990 4485 1156 4539 αὑτοῦ
1189 4489 1254 4540 ὲκ
1291 4488 1388 4542 τοῦ
1423 4489 1624 4545 κόλπου
1648 4490 1842 4544 αὐτοῦ·

263 4568 365 4620 καὶ
401 4568 566 4622 πάλιν
592 4571 1007 4646 ἀποκατεστάθη
1060 4577 1140 4638 εἰς
1182 4577 1280 4647 τὴν
1309 4578 1476 4648 χρόαν
1503 4581 1602 4650 τῆς
1627 4579 1832 4649 σαρκὸς

264 4657 456 4711 αὑτοῦ.
497 4679 515 4711 ι
556 4661 836 4734 Ἀθρειδὴ
855 4660 949 4717 οὖν
971 4665 1046 4729 ὼς
1093 4665 1210 4720 ἔστι
1248 4667 1579 4739 θεοπρεπὲς,
1620 4669 1844 4724 καὶτῶν

261 4747 404 4813 ἄγαν
421 4749 668 4818 ἡκόντων
693 4753 772 4814 εἰς
811 4753 872 4805 τὺ
895 4753 1268 4825 θαυμάζεσθαι
1297 4759 1530 4828 πρέπειν
1558 4759 1619 4813 τὸ
1647 4776 1844 4832 κατορ-

265 4837 528 4908 θούμενον
548 4881 562 4907 ,
598 4842 878 4896 συνωδίνον
911 4844 967 4898 δὲ
1015 4845 1202 4918 ὥσπερ
1234 4847 1312 4917 τῷ
1341 4846 1542 4921 πρώτῳ
1567 4847 1661 4902 τοῦ
1704 4849 1844 4904 κατὰ

266 4929 502 4999 Χριστὸν
535 4936 842 5004 μυστηρίου.
864 4937 962 5007 τὴν
988 4937 1238 5007 δήλωσιν.

218 5051 245 5130 ,ξ
344 5023 550 5077 ΠΑΛΛ.
587 5025 794 5078 Οὐκοῦν
821 5027 1103 5096 διασάφει·
1130 5029 1351 5100 συνίημι
1384 5031 1493 5103 γὰρ
1519 5031 1635 5086 οὔτι
1667 5050 1772 5086 πω.

225 5173 250 5332 ἰ
348 5210 507 5332 Κξξ).
541 5211 755 5282 Σαρκὸς
803 5213 907 5332 μὲν
951 5215 984 5285 ἡ
1016 5215 1194 5285 λέπρα
1243 5212 1409 5280 πάθος
1430 5257 1444 5282 ,
1474 5215 1694 5287 ἄμεινον
1729 5217 1784 5271 δὲ
1819 5217 1851 5288 ἢ

287 5314 390 5332 νη-.
467 5303 669 5332 --.ηιξ-ο
729 5320 798 5332 υ-
862 5307 983 5332 -..τη
1012 5305 1140 5332 ..-μ’
1167 5305 1328 5332 ι...ι...
1345 5324 1388 5332 ...
1416 5306 1728 5332 ι..--.-ι-.-
1750 5306 1846 5332 -3..-

1958 4413 2109 4467 Mitte
2136 4425 2362 4465 manum
2383 4418 2532 4464 tuam
2559 4409 2612 4463 in
2639 4408 2822 4462 sinum
2846 4417 3022 4463 tuum.
3052 4408 3121 4463 Et
3138 4409 3288 4464 misit
3305 4425 3528 4464 manum

1885 4522 1928 4578 ι)
1957 4519 2110 4560 suam
2134 4503 2190 4557 in
2205 4503 2385 4557 sinum
2402 4515 2594 4566 suum,
2620 4508 2675 4554 et
2691 4498 2886 4554 eduxit
2898 4514 3116 4554 manum
3137 4513 3290 4553 suam
3314 4497 3382 4553 de
3404 4499 3528 4553 sinu

1950 4609 2071 4658 suo,
2089 4599 2146 4648 et
2169 4605 2366 4646 rursus
2376 4590 2630 4646 restituta
2649 4597 2734 4643 est
2755 4587 2812 4642 in
2831 4588 3070 4644 colorem
3085 4588 3268 4644 carnis
3280 4603 3392 4642 sua:
3409 4589 3453 4620 “
3477 4607 3521 4643 ,ι

1948 4685 2086 4740 Vide
2129 4683 2296 4753 igitur
2321 4696 2484 4752 quam
2510 4679 2566 4734 id
2614 4679 2816 4735 factum
2837 4679 2955 4734 Deo
2979 4679 3300 4744 conveniat,
3338 4694 3530 4748 quam-

1950 4791 2056 4846 que
2081 4776 2152 4830 sit
2177 4772 2543 4828 admiratione
2569 4771 2818 4841 dignum,
2849 4779 3013 4840 atque
3054 4787 3161 4824 una
3183 4786 3307 4825 cum
3329 4786 3396 4826 eo
3422 4772 3526 4826 mi-

1948 4868 2135 4923 raculo
2171 4865 2317 4935 quod
2362 4863 2612 4934 proxime
2646 4862 3007 4927 narravimus,
3029 4861 3242 4918 Christi
3283 4864 3529 4934 mysterii

1949 4951 2404 5023 signiﬁcationem
2429 4949 2833 5020 quodammodo
2856 4951 3154 5005 contineat.

2019 5036 2214 5094 PALL.
2237 5037 2380 5108 Ergo
2397 5037 2531 5093 illud
2550 5039 2796 5110 explica;
2841 5039 2981 5096 nihil
3019 5039 3170 5096 enim
3197 5039 3329 5096 dum
3368 5041 3529 5098 intel-

1945 5127 2078 5200 ligo.

2019 5216 2176 5273 CYR.
2194 5217 2389 5273 Carnis
2407 5227 2491 5274 est
2512 5221 2736 5276 morbus
2755 5222 2927 5293 lepra,
2951 5222 3108 5294 isque
3127 5224 3345 5296 gravior
3361 5238 3524 5294 quam

229 5300 250 5390 ξ
447 5303 698 5374 ἰατροὺς,
729 5304 824 5356 καὶ
862 5307 983 5367 ταῖς
1011 5305 1140 5375 παρ’
1166 5305 1388 5360 ἐκείνων
1415 5306 1728 5376 ἐμπειρίαις
1748 5306 1835 5376 οὐχ

1953 5309 2310 5364 utamedicis
2345 5310 2398 5364 ei
2436 5312 2683 5366 succurri
2722 5313 2915 5381 possit,
2957 5323 3053 5368 aut
3073 5314 3292 5370 illorum
3315 5329 3416 5368 usu
3437 5320 3522 5365 at-

288 5388 567 5461 ἁλώσιμον.
611 5393 849 5465 Ἀνιερὸς
871 5396 929 5449 δὲ
951 5396 1042 5449 καὶ
1064 5396 1371 5467 ἀκάθαρτος
1404 5399 1432 5449 ό
1456 5397 1676 5467 λεπρὸς,
1703 5398 1835 5451 κατά

1953 5413 2057 5469 que
2095 5398 2290 5469 peritia
2305 5401 2610 5470 expugnari
2645 5402 3014 5472 :acleprosus
3051 5403 3168 5473 ipse
3188 5401 3453 5472 profanus
3469 5409 3527 5456 et

289 5496 347 5545 γε
373 5483 463 5554 τὴν
501 5484 673 5538 πάλαι
714 5485 802 5539 διὰ
834 5487 1078 5550 Μωσέως
1107 5487 1345 5558 ἐντολὴν,
1372 5487 1763 5558 ἀπηχθημένος
1791 5488 1835 5542 δὲ

1953 5489 2198 5559 impurus
2233 5497 2336 5554 est,
2376 5507 2443 5545 ex
2471 5492 2693 5561 antiqua
2726 5493 2820 5547 illa
2842 5493 3012 5565 Moysi
3034 5495 3168 5565 lege,
3192 5507 3410 5548 necnon
3455 5493 3524 5549 iis

284 5567 399 5628 λίαν
422 5577 518 5629 καὶ
562 5576 717 5649 παρὰ
738 5579 849 5640 τοῖς
875 5577 945 5630 τά
983 5577 1500 5648 Ἐλλήνωντιμῶσιν
1530 5578 1646 5650 ἔθη.
1694 5579 1848 5650 Ἡμι-

357 5757 395 5788 ⁸⁸
425 5756 559 5813 Luc.
589 5774 739 5824 xxut,
771 5757 856 5814 45.
960 5762 1004 5792 ⁸³
1038 5761 1193 5815 Rom.
1229 5779 1332 5827 χιι,
1371 5763 1421 5816 9.

1952 5597 2169 5652 quoque
2205 5583 2602 5644 odiosissimus.
2643 5586 2736 5655 qui
2774 5585 3059 5655 gentilium
3097 5599 3284 5642 mores
3312 5587 3515 5659 magni-

1521 5765 1558 5794 "
1595 5763 1762 5817 Exod.
1809 5781 1880 5828 tv,
1915 5765 1946 5819 6
1979 5777 2132 5831 seqq.
