3954 6200
420 357 524 413 ξιτ

1449 349 1506 412 S.
1547 355 1822 411 CYRILLI
1861 357 2334 415 ALEXANDRINI
2363 361 2679 419 ARCHIEP.

3567 360 3665 416 248

423 477 708 547 pendunt:
747 476 840 546 qui
860 475 1007 530 enim
1046 488 1113 529 eo
1133 473 1344 529 laborat
1378 473 1590 537 morbo,
1613 475 2002 530 semimortuus

2107 477 2233 550 θνὴς
2268 479 2374 551 γὰρ
2397 481 2516 552 ⁵’ἤδη
2559 498 2676 544 πως
2704 478 2732 531 ὁ
2757 480 2917 534 τοῦτο
2957 476 3168 545 παθὼν,
3207 475 3456 549 βδελυρὸς
3479 476 3537 531 δὲ
3572 476 3668 532 καὶ

423 564 826 635 quodammodo
844 573 929 618 est
954 581 966 616 :
991 570 1048 617 at
1069 578 1130 618 ve
1141 578 1204 618 ro
1223 563 1586 618 aversandum
1609 564 1999 635 impurumque

423 667 508 711 est.
528 655 729 710 mortui
749 654 1003 709 cadaver.
1044 655 1232 725 Itaque
1269 670 1462 710 curare
1498 671 1659 726 posse
1698 657 1996 726 leprosum,
2045 661 2052 668 ‘

425 759 680 814 tanquam
703 743 965 798 eximium
986 745 1268 813 quiddam,
1309 754 1364 800 et
1381 745 1535 815 quod.
1568 754 1878 800 nostrarum
1911 745 1997 799 vi-

425 837 565 889 rium
588 835 809 890 modum
845 835 1004 905 longe
1040 844 1282 907 superet,
1322 836 1424 891 soli
1444 835 1644 890 divinae
1663 844 1892 899 naturae,
1913 844 1998 890 at-

423 943 531 996 que
550 927 752 981 eliicaci
775 927 1102 981 attributum
1125 937 1226 983 est.
1266 927 1504 997 Ideoque
1539 928 1598 980 in
1637 927 2001 982 admiratione

425 1017 728 1070 habebatur
747 1016 1020 1082 Christus,
1041 1019 1134 1088 qui
1156 1035 1278 1073 cum
1299 1027 1566 1089 potestate
1587 1019 1806 1089 leproso
1825 1019 2000 1073 incla-

427 1109 599 1162 mavit
624 1126 636 1162 :
668 1128 685 1159 ι
712 1110 866 1174 Volo,
890 1110 1156 1164 mundare
1177 1112 1242 1164 “.
1273 1130 1291 1162 ›
1318 1109 1416 1166 Illa
1434 1125 1670 1181 namque
1703 1126 1837 1176 vox,
1860 1126 1998 1165 cun-

428 1209 640 1254 ctarum
679 1200 861 1270 opifex
890 1217 1094 1268 rerum,
1119 1217 1240 1272 qua:
1279 1203 1426 1272 ipsos
1463 1203 1627 1258 etiam
1666 1218 1696 1257 e
1733 1203 2003 1273 sepulcris

427 1289 633 1344 excitat
666 1299 932 1356 mortuos,
980 1293 1082 1361 71
1124 1300 1180 1347 et
1217 1301 1392 1348 morte
1431 1302 1514 1347 est
1549 1302 1606 1348 et
1646 1293 2000 1363 corruptione

428 1384 799 1452 przestantior,
820 1383 926 1438 hoc
964 1384 1017 1438 in
1057 1399 1124 1438 eo
1145 1384 1365 1439 homine
1387 1385 1714 1440 miraculum
1749 1385 2000 1455 perfecit.

425 1472 597 1526 Jussit
635 1473 823 1543 igitur,
846 1482 906 1526 ut
943 1489 1162 1529 manum
1199 1474 1255 1528 in
1295 1474 1476 1528 sinum
1512 1473 1762 1539 abderet,
1801 1474 2002 1530 deinde

426 1571 724 1618 extractam
743 1580 773 1618 e
795 1565 1006 1620 latebra
1025 1566 1200 1631 sinus,
1217 1567 1328 1636 jam
1352 1574 1519 1620 totam
1556 1566 1704 1636 lepra
1743 1565 2000 1621 infectam

426 1656 773 1720 ostenderet;
796 1656 978 1710 denuo
997 1665 1182 1710 autem
1219 1673 1343 1711 cum
1367 1657 1422 1711 in
1461 1657 1642 1712 sinum
1678 1657 1998 1724 abdidisset,

429 1747 576 1804 illico
594 1747 662 1801 ab
683 1748 735 1801 vi
759 1749 932 1803 morbi
955 1749 1083 1804 inde
1102 1748 1332 1804 liberam
1354 1750 1611 1820 protulit;
1636 1760 1696 1805 ut
1734 1766 1801 1805 ex
1838 1766 1903 1805 ea
1941 1766 2000 1805 re

2102 571 2410 647 ἀκάθαρτος
2435 576 2464 628 ό
2484 573 2693 644 νεκρός.
2745 572 3007 643 Ἀνῆπται
3029 571 3093 644 δὴ
3132 566 3226 626 οὖν
3252 569 3328 635 ὡς
3350 570 3623 641 ὑπερφυὲς
3646 608 3661 634 ,

2101 667 2194 721 καὶ
2222 668 2331 721 τῶν
2359 667 2482 721 καθ’
2510 669 2658 738 ἡμᾶς
2679 665 2936 720 ἐπέκεινα
2963 665 3198 736 μέτρων,
3233 663 3294 716 τὸ
3328 661 3662 734 θεραπεῦσαι

2100 759 2359 814 δύνασθαι
2383 761 2603 832 λεπρὸν,
2634 760 2668 830 ἦ
2705 760 2840 831 μόνῃ
2861 762 2927 829 τῇ
2949 757 3068 828 θείᾳ
3093 757 3185 810 καὶ
3219 756 3484 825 ἀφράστῳ
3509 752 3667 822 φύσει

2099 865 2159 902 τε
2183 849 2277 902 καὶ
2315 849 2586 920 ἐνεργείᾳ.
2622 847 2910 919 Τοιγάρτοι
2945 841 3408 916 κα“ι.ὲθαυμάξετο
3437 843 3672 913 Χριστὸς

2099 941 2178 1013 τῷ
2210 942 2603 1014 λελεπρωμένῳ
2639 941 2754 1011 μετ’
2788 940 3034 1007 ἐξουσίας
3072 937 3359 1007 ὲπιφωνῶν
3380 952 3392 965 ’
3432 954 3450 988 ι
3497 935 3667 999 Θέλω,

2101 1032 2481 1103 καθαρίσθητι.
2513 1053 2531 1084 ι
2557 1033 2711 1102 Φωνὴ
2737 1031 2896 1102 γὰρὴ
2925 1028 3282 1099 παντουργὸς,
3307 1026 3452 1098 ἡκαὶ
3473 1027 3673 1088 αὐτοὺς

2099 1126 2165 1176 ὲκ
2198 1122 2492 1194 μνημάτων
2518 1122 2834 1175 διανιστᾶσα
2869 1121 2994 1183 τοὺς
3020 1118 3274 1188 νεκροὺς,
3304 1117 3400 1169 καὶ
3442 1115 3670 1168 θανάτου

2101 1215 2348 1283 κρεῖττον
2394 1211 2490 1264 καὶ
2519 1210 2758 1281 φθορᾶς,
2801 1209 2862 1261 τὸ
2901 1208 2987 1260 ἐπ’
3024 1206 3214 1276 ἐκείνῳ
3248 1204 3432 1274 θαῦμα
3464 1202 3673 1272 πεπλή-

2104 1321 2269 1377 ρωκε.
2301 1303 2639 1376 Προστέταχε
2667 1299 2955 1371 τοιγαροῦν
2982 1297 3249 1369 ἐγκρύψαι
3269 1295 3347 1366 τῷ
3367 1295 3552 1364 κόλπῳ
3572 1293 3674 1364 τὴν

2101 1398 2257 1469 χεῖρα
2275 1436 2291 1460 ,
2317 1393 2437 1448 εἶτα
2464 1392 2826 1463 γυμνώσαντα
2852 1391 2954 1460 τῆς
2982 1388 3078 1442 τοῦ
3107 1387 3308 1441 κόλπου
3340 1385 3668 1457 περιϐολῆς,

2100 1487 2228 1557 ὃλην
2267 1487 2333 1539 δι’
2382 1485 2505 1538 ὅλου
2536 1483 2826 1554 λεπρῶσαν
2864 1479 3034 1550 αὐτὴν
3079 1477 3345 1541 ἐπιδεῖξαι
3373 1516 3387 1540 ,
3423 1475 3582 1529 πᾶλιν
3616 1475 3676 1527 δὲ

2103 1578 2452 1650 ἐγκρύψαντα
2488 1575 2566 1646 τῷ
2605 1575 2792 1643 κόλπῳ
2815 1572 2877 1625 τδ
2902 1571 3172 1642 δεύτερον,
3204 1568 3298 1622 τοῦ
3330 1565 3675 1637 συμϐεϐηκό-

2101 1686 2190 1732 τος
2215 1666 2638 1739 ἀπηλλαγμένην
2669 1663 3079 1718 καταδείκνυσιν
3109 1658 3298 1721 εὐθύς·
3331 1658 3407 1721 ὼς
3443 1657 3509 1711 ἂν
3545 1672 3673 1739 συν-

2104 1762 2213 1811 εἶεν
2253 1735 2498 1811 ἐντεῦθεν
2545 1757 2594 1808 οί
2643 1754 2700 1820 ἐξ
2747 1751 2996 1824 Ἰσραὴλ,
3038 1749 3115 1814 ὡς
3151 1750 3378 1821 ἀρρήτῳ
3423 1749 3528 1800 τινὶ
3567 1735 3677 1799 χκαὶ

427 1837 796 1910 intelligerent
831 1841 1088 1895 Israelita:
1111 1881 1125 1906 ,
1166 1841 1322 1896 illum
1377 1841 1640 1896 ineﬂ'abili
1677 1842 1910 1911 quadam
1946 1851 2002 1896 et

2107 1851 2364 1920 ἀφράστῳ
2402 1847 2628 1916 δυνάμει
2673 1845 2956 1916 μονονουχὶ
2984 1839 3484 1913 τεθωρακισμένος,
3535 1855 3676 1908 προ-

426 1929 782 1984 inenarrabili
803 1930 855 1984 vi
876 1932 1272 2000 propemodum
1311 1941 1604 1999 armatum,
1645 1948 1835 1987 eorum
1872 1948 2000 2002 pro-

427 2031 784 2090 pugnatorem
805 2021 1051 2077 futurum
1071 2038 1212 2088 esse,
1236 2023 1331 2093 qui
1350 2023 1536 2079 violati
1557 2033 1742 2079 essent
1778 2023 2000 2094 injuria,

427 2120 503 2173 et,
525 2121 711 2167 contra
724 2112 824 2177 fas,
843 2111 1218 2185 lEgyptiorum
1233 2115 1420 2185 iniquo
1430 2114 1730 2170 dominatui
1749 2115 2000 2185 subjecti.

427 2207 606 2273 Atque
642 2204 759 2260 haec
777 2205 1000 2275 quidem
1036 2211 1198 2272 ratio,
1237 2208 1489 2276 quamvis
1524 2208 1580 2262 in
1615 2216 1872 2277 promptu
1911 2206 2000 2269 sit,

428 2301 514 2347 est
531 2303 712 2348 tamen
735 2294 979 2350 historiae
998 2303 1325 2366 opportuna.
1348 2296 1486 2351 Illud
1507 2304 1690 2351 autem
1709 2312 1817 2352 non
1856 2295 1925 2350 ab
1943 2309 2003 2349 re

429 2385 547 2440 fore
567 2395 720 2455 puto,
743 2387 785 2441 si
808 2387 1068 2442 subtilius
1085 2389 1352 2459 propositi
1387 2391 1492 2445 loci
1533 2405 1754 2444 sensum
1775 2389 2001 2443 scrutati

429 2476 717 2543 fuerimus,
738 2487 900 2547 atque
918 2478 1348 2548 inquisierimus,
1369 2480 1563 2550 ecquid
1588 2479 1720 2533 illud
1745 2479 1834 2540 sit,
1855 2479 2002 2548 quod

431 2569 489 2623 in
526 2570 648 2624 sinu
689 2586 910 2624 manum
946 2570 1179 2635 abdidit,
1220 2571 1354 2640 quid
1390 2572 1579 2636 etiam,
1617 2571 1766 2641 quod
1804 2572 2001 2626 educta

432 2675 555 2715 cum
577 2660 787 2724 fuisset,
809 2663 1046 2732 graviter
1063 2662 1212 2732 lepra
1244 2678 1494 2733 respersa
1511 2674 1596 2718 est
1620 2682 1636 2717 :
1659 2664 1848 2718 adhaec
1869 2678 2001 2734 pur-

431 2751 910 2820 gationismodumz
940 2752 1268 2823 investigare
1304 2762 1558 2823 oportet;
1599 2770 1725 2809 nam
1767 2755 1862 2808 ubi
1886 2770 2008 2810 ma-

433 2857 563 2896 num
586 2842 640 2895 in
679 2844 859 2897 sinum
885 2843 1056 2908 misit,
1079 2844 1146 2897 ab
1164 2859 1232 2899 eo
1251 2845 1446 2899 morbo
1483 2845 1713 2900 liberam
1737 2845 2002 2900 reddidit.

500 2933 696 2988 PALL.
719 2935 888 2990 Recte
918 2935 1020 2989 ais.
1047 2936 1235 3006 Neque
1264 2936 1414 2990 enim
1441 2952 1635 3006 parum
1664 2952 1770 2992 nos
1793 2937 2006 3007 juverit

434 3022 551 3078 hazc
575 3023 788 3094 singula
819 3025 1131 3095 exquirere.

503 3113 661 3168 ΟΥΕ.
696 3113 868 3186 Igitur
896 3131 1017 3169 mea
1063 3116 1288 3186 quidem
1343 3117 1618 3172 sententia
1645 3133 1733 3173 res
1765 3125 1872 3171 tam
1901 3117 2001 3172 ad”-

434 3202 684 3258 miranda
738 3204 1051 3275 hujusmodi
1096 3205 1360 3274 quiddam
1409 3215 1667 3276 tanquam
1699 3206 1755 3260 in
1805 3209 2001 3261 umbra

433 3296 743 3368 signiﬁcare
765 3297 1003 3352 videtur.
1036 3297 1286 3365 Quandiu
1311 3315 1545 3369 namque
1571 3300 1734 3355 homo
1765 3301 1833 3355 ad
1864 3302 2004 3355 ima-

433 3389 616 3460 ginem
655 3390 750 3445 Dei
783 3391 1036 3446 conditus
1068 3390 1463 3461 propemodum
1509 3391 1563 3444 in
1613 3392 1735 3446 sinu
1773 3391 1871 3446 Dei
1900 3408 2004 3445 nu-

434 3482 724 3545 triebatur,
750 3482 988 3538 necdum
1016 3490 1348 3553 praeceptum
1399 3483 1504 3537 sibi
1535 3498 1564 3537 a
1603 3484 1715 3538 Deo
1741 3483 2008 3538 traditum

435 3574 868 3638 conculca-verat,
920 3575 1264 3644 providentia
1309 3584 1366 3629 et
1419 3589 1606 3630 amore
1638 3591 1766 3645 erga
1817 3591 1873 3630 se
1909 3576 2007 3630 Dei

442 3674 640 3730 tectus,
674 3681 848 3736 purus
877 3674 1041 3734 atque
1066 3675 1288 3720 sanctus
1317 3675 1372 3720 et
1406 3666 1604 3720 mortis
1633 3665 1865 3736 ignarus
1881 3681 2008 3735 per-

435 3756 726 3811 manebat:
755 3755 850 3810 ubi
896 3764 1079 3810 autem
1105 3756 1201 3810 Dei
1225 3757 1488 3827 praesidio
1549 3766 1716 3827 atque
1759 3757 2002 3812 amicitia

433 3845 696 3911 excessit,
746 3846 893 3916 quod
927 3847 981 3900 in
1038 3847 1172 3901 vitia
1205 3846 1504 3916 proclivior
1557 3861 1678 3902 esse
1727 3848 2005 3917 cepisset,

436 3947 553 3993 tum
581 3954 714 3993 vero
742 3938 1010 4009 profanus
1065 3946 1231 4008 atque
1277 3939 1668 4003 exsecrandus,
1698 3947 1755 3993 et
1808 3939 2005 3994 mortis

437 4032 752 4101 impuritate
812 4031 1070 4085 laborans
1126 4029 1414 4085 manifeste
1463 4030 1838 4101 deprehensus
1889 4039 1998 4087 est.

436 4120 542 4174 Sed
565 4137 691 4176 cum
719 4137 912 4176 rursus
951 4136 1052 4176 nos
1082 4120 1196 4190 ipse
1211 4121 1357 4176 Deus
1383 4136 1447 4176 ac
1483 4121 1646 4176 Pater
1675 4121 2005 4191 suscepisset

436 4216 492 4265 in
512 4211 752 4276 Christo,
803 4221 861 4266 ct
892 4212 1090 4267 divina;
1119 4213 1307 4283 gratiae
1349 4213 1602 4283 praesidio
1626 4194 2005 4268 circumteiis—

435 4311 540 4368 set,
580 4316 648 4358 ac!
679 4312 932 4373 tanquam
987 4303 1043 4358 in
1089 4304 1215 4359 sinu
1267 4319 1366 4376 per
1413 4304 1725 4374 adoptionis
1795 4303 2001 4357 donum

435 4393 767 4460 contineret,
816 4394 964 4450 illico
988 4411 1097 4450 una
1146 4410 1272 4450 cum
1324 4395 1734 4463 impuritatibus
1794 4403 2002 4449 morta-

2107 1943 2363 2012 στήσεται
2389 1941 2494 1994 τῶν
2516 1939 2877 2011 ἠδικημένων,
2900 1936 2994 1989 καὶ
3014 1936 3135 1998 ταῖς
3156 1932 3466 2001 Αἰγυπτίων
3485 1930 3680 1984 πλεον-

2102 2035 2270 2102 εξίαις
2297 2032 2524 2096 ἀνοσίως
2563 2029 3004 2100 ὑπεζευγμένων.
3037 2027 3148 2080 Καὶ
3181 2026 3337 2094 λόγος
3379 2024 3476 2094 μὲν
3517 2017 3679 2086 οὗτος

2102 2127 2162 2180 ού
2200 2125 2366 2196 βαθὺς
2391 2163 2406 2187 ,
2443 2127 2507 2194 τῇ
2539 2123 2595 2176 δὲ
2629 2121 2841 2192 ἱστορίᾳ
2868 2120 3158 2190 χρήσιμος.
3192 2116 3404 2186 Χρῆναι
3431 2115 3488 2168 δὲ
3517 2109 3678 2183 οἶμαι

2101 2218 2200 2289 τὴν
2238 2217 2332 2270 τοῦ
2373 2213 2733 2286 προκειμένου
2769 2211 3009 2265 διάνοιαν
3037 2207 3491 2270 έκϐασανίζοντας
3515 2204 3681 2274 ἀκριν

2105 2311 2236 2374 ϐὡς,
2275 2311 2449 2362 έκεῖνο
2489 2307 2695 2376 ζητεῖν,
2724 2304 2776 2356 τί
2809 2302 2907 2373 μὲν
2950 2300 3016 2356 ἂν
3060 2299 3145 2368 είη
3176 2298 3238 2352 τὸ
3278 2299 3336 2350 ἐν
3369 2295 3447 2366 τῷ
3486 2294 3680 2365 κόλπῳ

2107 2399 2414 2472 συγκρύψαι
2453 2399 2551 2468 τὴν
2594 2401 2752 2467 χεῖρα
2776 2411 2788 2424 ·
2825 2394 2877 2448 τί
2919 2392 2976 2446 δὲ
3011 2391 3072 2445 τὸ
3123 2391 3228 2458 ἔξω
3274 2385 3678 2458 γεγενημένην,

2107 2489 2584 2563 καταλεπροῦσθαι
2635 2486 2853 2551 δεινῶς·
2899 2485 2994 2539 καὶ
3035 2484 3172 2554 πρὸς
3208 2481 3419 2543 τούτοις
3461 2478 3541 2530 ἔτι
3582 2477 3678 2531 τὸν

2101 2587 2201 2656 τῆς
2229 2583 2546 2653 καθάρσεως
2563 2580 2782 2652 τρόπον.
2820 2577 3013 2640 Ἐνιεὶς
3035 2575 3146 2646 γὰρ
3172 2574 3237 2646 δὴ
3258 2573 3334 2645 τῷ
3368 2571 3552 2641 κόλπῳ
3573 2569 3677 2640 τὴν

2103 2681 2282 2749 χεῖρα,
2317 2675 2410 2729 τοῦ
2443 2673 2648 2737 πάθους
2677 2669 3036 2743 ἀπήλλαττεν.

2176 2946 2384 2999 ΠΑΛΛ.
2421 2937 2492 2996 Εὖ
2523 2941 2724 3009 λέγεις.
2783 2935 3025 3006 Ὀνὴσειε
3070 2931 3181 3001 γὰρ
3210 2931 3275 2986 ἂν
3321 2928 3384 2982 ού
3433 2925 3679 2998 μετρίως

2107 3042 2252 3111 ἡμᾶς
2285 3039 2318 3106 ἠ
2349 3036 2433 3104 ἐφ’
2469 3035 2688 3102 ἑκάστῳ
2713 3029 2966 3100 βάσανος.

2178 3129 2339 3183 ΚΥΡ.
2371 3124 2584 3180 Οὐκοῦν
2604 3123 2727 3194 ἐμοί
2767 3138 2831 3190 γε
2865 3119 3013 3174 δοκεί
3053 3114 3292 3169 τοιοῦτόν
3327 3130 3380 3166 τι
3431 3107 3684 3181 παραδη-

2104 3221 2230 3276 λοῦν
2255 3220 2330 3283 ὼς
2367 3222 2424 3272 ὲν
2455 3219 2585 3288 σκιᾷ
2629 3217 2690 3269 τὸ
2719 3211 3038 3284 παράδοξον.
3078 3209 3224 3270 Ἕως
3267 3205 3366 3276 μὲν
3404 3203 3514 3274 γὰρ
3551 3197 3624 3271 ἦν
3654 3201 3684 3254 ό

2105 3313 2225 3367 κατ’
2263 3309 2447 3364 εἰκόνα
2475 3307 2574 3377 τὴν
2597 3305 2748 3358 θείαν
2781 3302 3147 3372 πεποιημένος
3173 3297 3456 3368 ἄνθρωπος
3485 3309 3683 3364 μονον-

2103 3404 2224 3474 ουχὶ
2250 3399 2634 3474 τιθηνούμενος
2670 3399 2734 3450 ἐν
2761 3394 2948 3465 κόλπῳ
2975 3391 3130 3456 Θεοῦ,
3178 3390 3272 3444 καὶ
3303 3387 3402 3459 τὴν
3430 3385 3684 3474 δοθεῖσαν

2103 3471 2254 3546 οὔπω
2273 3471 2522 3559 πατήσας
2537 3486 2774 3557 ἐντολὴν,
2794 3484 2966 3556 φειδοῖ
2976 3483 3068 3536 καὶ
3080 3481 3269 3552 ἀγάπῃ
3283 3480 3347 3550 τῇ
3367 3478 3493 3546 παρ’
3511 3471 3683 3528 αὐτοῦ

2104 3578 2605 3652 κατημφιεσμένος,
2647 3574 2888 3646 καθαρὸς
2930 3573 3024 3626 καὶ
3059 3569 3407 3642 ἡγιασμένος,
3440 3565 3535 3617 καὶ
3575 3562 3684 3633 τὴν

2103 3675 2191 3728 διὰ
2219 3673 2450 3727 θανάτου
2472 3670 2739 3742 νέκρωσιν
2773 3667 2874 3721 οὐκ
2902 3663 3055 3727 εἰδὼς
3073 3661 3294 3716 διετέλει
3319 3676 3332 3689 ο
3377 3655 3596 3725 Ἐπειδὴ
3624 3655 3684 3708 δὲ

2103 3765 2204 3834 τῆς
2237 3762 2343 3816 ὑπὸ
2365 3760 2485 3831 Θεῷ
2511 3760 2720 3828 σκέπης
2747 3775 2805 3812 τε
2841 3756 2935 3811 καὶ
2957 3754 3136 3824 φιλίας
3166 3750 3431 3820 ἐκϐέϐηκε
3463 3747 3551 3800 διὰ
3569 3746 3682 3798 τῶν

2104 3859 2183 3920 εἰς
2207 3857 2268 3909 τὸ
2299 3853 2502 3924 φαῦλον
2534 3851 2949 3922 ἀπονευμάτων,
2975 3846 3188 3917 ἀνίερός
3207 3861 3267 3897 τε
3292 3845 3382 3897 καὶ
3402 3839 3682 3912 βδελυρὸς,

2106 3950 2199 4004 καὶ
2225 3949 2321 4020 τὴν
2347 3947 2442 4002 τοῦ
2474 3947 2708 4001 Θανάτου
2749 3944 2984 4012 νοσήσας
3018 3936 3378 4008 ἀκαθαρσίαν,
3426 3933 3683 4004 ἐναργῶς

2105 4042 2381 4112 ἠλέγχετο.
2432 4035 2822 4107 Είσδεξαμένου
2866 4033 2924 4087 δὲ
2966 4031 3126 4086 πάλιν
3166 4030 3312 4099 ἡμᾶς
3361 4028 3418 4079 έν
3456 4023 3686 4094 Χριστῷ

2103 4129 2201 4184 τοῦ
2229 4128 2362 4183 Θεοῦ
2396 4129 2491 4182 καὶ
2527 4126 2741 4196 Πατρδς
2769 4123 2864 4178 καὶ
2891 4125 2957 4193 τῇ
2992 4121 3114 4192 θείᾳ
3135 4120 3316 4191 χάριτι
3349 4113 3684 4188 περιϐεϐλη-

2106 4224 2283 4288 κότος,
2309 4221 2404 4275 καὶ
2423 4220 2583 4274 οἱονεί
2601 4235 2703 4272 που
2726 4218 2785 4271 ὲν
2803 4216 3025 4279 κόλποις
3052 4215 3265 4285 ἔχοντος
3284 4211 3370 4264 διά
3385 4210 3482 4280 τῆς
3498 4207 3684 4261 υίοθε-

2106 4315 2248 4378 σίας,
2270 4311 2404 4384 ὁμοῦ
2430 4313 2550 4375 ταῖς
2573 4309 2940 4380 ἀκαθαρσίαις
2970 4307 3065 4360 καὶ
3096 4304 3192 4376 τὴν
3223 4305 3286 4357 ἐκ
3315 4303 3414 4373 τῆς
3444 4300 3684 4371 ἀρχαίας

2105 4407 2246 4477 ἀρᾶς
2283 4401 2650 4462 ἀποϐαλόντες
2689 4399 2977 4470 νέκρωσιν,
3021 4395 3101 4458 εἰς
3130 4393 3192 4446 τὸ
3234 4394 3291 4444 ὲν
3317 4391 3510 4460 ἀρχαῖς
3555 4389 3687 4441 ἀνα·

435 4485 591 4541 litate
624 4501 844 4556 quoque
885 4487 1090 4542 veteris
1120 4487 1266 4541 illius
1317 4485 1723 4540 maledictionis
1763 4486 1996 4554 abjecta,

2110 4497 2450 4568 θρώσκομεν.
2475 4493 2790 4564 Γέγραπται
2811 4489 2918 4561 γὰρ
2940 4489 3068 4560 περὶ
3091 4485 3192 4555 τῆς
3211 4483 3452 4545 Μωσέως
3471 4479 3682 4584 χειρδς,

435 4577 504 4631 ad
534 4577 814 4647 antiquam
843 4577 994 4630 illam
1019 4576 1414 4639 conditionem,
1447 4576 1501 4628 in
1535 4591 1642 4645 qua
1667 4591 1697 4629 a
1726 4575 2000 4645 principio

2107 4591 2190 4644 ὅτι
2221 4608 2240 4641 ι
2263 4583 2701 4656 Ἀποκατεστάθη
2718 4586 2795 4647 είς
2813 4581 2910 4654 τὴν
2926 4579 3093 4651 χρόαν
3116 4577 3216 4647 τῆς
3237 4575 3434 4647 σαρκὸς
3455 4570 3644 4626 αὑτοῦ.
3660 4589 3682 4622 ι

435 4672 662 4736 fuimus,
691 4670 895 4725 reversi
913 4684 1124 4724 sumus.
1151 4668 1427 4737 Scriptum
1449 4678 1533 4722 est
1563 4667 1764 4736 quippe
1785 4667 1852 4722 de
1879 4683 2000 4722 ma-

438 4779 510 4816 nu
541 4763 710 4832 Moysi
737 4780 750 4816 :
793 4781 812 4814 ι
835 4761 1106 4816 Restituta
1121 4767 1204 4814 est
1226 4757 1297 4813 ad
1311 4758 1553 4814 colorem-
1578 4759 1758 4813 carnis
1773 4758 1994 4813 suae".i

507 4854 702 4908 PALL.
737 4851 1150 4924 Elegantissime
1177 4851 1405 4906 dictum.

506 4945 669 4999 CYR.
714 4945 833 5001 Jam
870 4959 1004 4998 vero
1064 4943 1288 4998 tertium
1323 4942 1457 4997 illud
1503 4942 1558 4997 in
1589 4957 1654 4998 ea
1691 4957 1749 4998 re
1783 4942 2002 5013 signum

437 5035 880 5091 manifestissime
899 5043 1062 5105 atque
1088 5033 1428 5104 apertissime
1451 5033 1656 5088 Christi
1683 5033 2000 5105 mysterium

437 5142 570 5184 voce
593 5141 734 5196 pene
757 5126 997 5181 declarat
1021 5143 1037 5180 :
1057 5126 1136 5181 sic
1150 5125 1300 5180 enim
1315 5126 1460 5179 Deus
1482 5139 1670 5178 rursus
1686 5133 1770 5178 est
1784 5123 2003 5194 Moysen

437 5219 710 5274 allocutus
740 5235 754 5272 :
785 5237 805 5270 ι
833 5218 891 5274 Si
947 5234 1080 5275 vero
1130 5233 1242 5272 non
1273 5217 1615 5272 crediderint
1654 5217 1778 5280 tibi,
1820 5231 2001 5285 neque

439 5308 720 5366 audierint
751 5325 944 5366 vocem
979 5310 1118 5382 signi
1155 5309 1376 5380 prioris,
1405 5308 1628 5363 credent
1652 5307 1754 5362 tibi
1783 5323 1880 5378 per
1904 5322 2004 5363 vo-

439 5416 558 5458 cem
586 5402 727 5475 signi
791 5403 1071 5473 sequentis
1105 5402 1170 5456 ".
1197 5421 1215 5454 ι
1255 5401 1314 5456 Id
1369 5408 1553 5455 autem
1607 5399 1868 5469 quidnam
1913 5399 2004 5464 sit,

445 5489 704 5559 declarat,
751 5494 984 5550 dicens:
1047 5512 1066 5546 ι
1094 5492 1343 5562 Eritque,
1395 5490 1442 5547 si
1493 5505 1604 5545 non
1667 5489 2008 5545 crediderint

442 5579 614 5650 signis
647 5571 865 5644 duabus
896 5585 1004 5651 his,
1051 5599 1231 5656 neque
1286 5580 1564 5637 audierint
1595 5596 1784 5636 vocem
1835 5589 2006 5650 tuam,

513 5765 561 5801 ⁸³
587 5763 777 5820 Matth.
809 5777 922 5825 vui.
946 5763 998 5816 5.
1077 5763 1118 5793 ’³
1152 5759 1323 5815 Exod.
1355 5776 1429 5828 ιγ,
1460 5760 1513 5814 7.
1587 5761 1632 5793 ’³
1657 5760 1788 5815 Ibid.
1820 5761 1876 5815 8.

2178 4856 2388 4911 ΠΑᾹΛ.
2431 4853 2776 4907 Ἀστειότατα
2808 4848 2963 4920 ἔφης.

2178 4947 2344 5001 ΚΥΡ.
2376 4946 2449 4998 Τὸ
2484 4945 2542 4998 δὲ
2568 4925 2747 5014 τρίτον
2775 4944 2904 5012 ἡμῖν
2949 4939 3043 4993 ἐπὶ
3074 4937 3247 5008 τούτῳ
3276 4938 3518 5007 σημεῖον,
3553 4934 3652 5004 ἀρι

2107 5039 2379 5110 δηλότατα
2408 5038 2504 5091 καὶ
2533 5034 2837 5104 ἀναφανδὸν
2867 5033 2929 5086 τὸ
2957 5029 3194 5101 Χριστοῦ
3229 5029 3326 5099 βοᾷ
3360 5017 3682 5098 μυσξήριον.

2112 5132 2258 5202 Ἔφη
2283 5129 2393 5198 γάρ
2431 5127 2528 5180 ὡδὶ
2561 5126 2720 5180 πάλιν
2776 5124 2911 5196 πρὸς
2943 5123 3146 5178 Μωσέα
3169 5121 3300 5184 Θεός
3323 5139 3337 5152 ·
3379 5140 3399 5169 ι
3450 5119 3575 5172 Ἐὰν
3626 5118 3684 5172 δὲ

2109 5224 2183 5296 μὴ
2215 5221 2546 5277 πιστεύσωσί
2572 5238 2672 5288 σοι,
2706 5219 2841 5291 μηδὲ
2866 5216 3224 5270 είσακούσωσι
3251 5215 3350 5284 τῆς
3375 5213 3560 5282 φωνῆς
3583 5210 3682 5264 τοῦ

2108 5313 2336 5384 σημείου
2357 5311 2452 5364 τοῦ
2484 5310 2723 5381 πρώτου,
2751 5306 3099 5363 πιστεύσουσί
3137 5323 3218 5358 σοι
3244 5304 3342 5373 τῆς
3372 5301 3557 5372 φωνῆς
3586 5299 3687 5354 τοῦ

2108 5403 2336 5474 σημείου
2370 5401 2464 5455 τοῦ
2494 5401 2768 5472 δευτέρου.
2803 5418 2820 5450 ι
2859 5399 2970 5453 Καὶ
2995 5397 3059 5469 δὴ
3083 5398 3134 5451 τί
3156 5396 3313 5450 τοῦτό
3341 5397 3479 5456 ἐστι,
3501 5391 3691 5446 διεσά-

2107 5511 2215 5562 φει,
2241 5493 2412 5560 λέγων
2432 5507 2446 5521 ·
2473 5510 2492 5543 ι
2533 5491 2642 5545 Καὶ
2667 5491 2819 5543 ἔσται
2843 5488 2938 5542 ἐὰν
2962 5488 3038 5561 μὴ
3064 5486 3398 5540 πιστεύσωσι
3419 5486 3533 5547 τοῖς
3561 5481 3690 5535 δυσὶ

2109 5584 2358 5656 σημείοις
2389 5583 2616 5648 τούτοις,
2653 5581 2788 5654 μηδὲ
2823 5579 3183 5636 είσακούσωσι
3220 5579 3322 5650 τῆς
3354 5575 3541 5648 φωνῆς
3563 5589 3688 5642 σου,
