3954 6200
224 319 386 397 χιιι)

1018 319 1108 377 ns
1138 318 1583 377 ADORATIONE
1622 321 1692 376 IN
1738 281 2011 379 senum
2037 323 2127 379 ET
2166 324 2535 381 VERITATE.
2574 325 2706 381 LIB.
2737 326 2802 379 ιι.

3420 324 3524 381 250

291 436 435 511 λήψῃ’
452 440 562 494 άπὸ
580 440 678 495 τοῦ
694 439 887 505 ὓδατος
907 440 1005 495 τοῦ
1030 441 1299 511 ποταμοῦ,
1328 441 1424 494 καὶ
1438 442 1655 512 ὲκχεεῑς
1682 444 1777 496 ἐπὶ
1794 443 1844 497 τὶ

1960 444 2149 514 capies
2164 460 2362 515 aquam
2393 444 2657 513 ﬂuminis,
2685 447 2790 517 72
2816 460 3046 516 eamque
3079 446 3280 503 tundes
3312 444 3370 501 in
3412 443 3525 500 ari-

294 524 465 598 ξηρὸν,
495 526 591 579 καὶ
626 525 780 580 ἔσται
805 528 869 581 τὸ
901 526 1068 599 ὕδωρ,
1098 529 1128 582 ὃ
1151 529 1246 584 ἐὰν
1283 530 1455 600 λάϐῃς
1496 532 1603 585 ἀπὸ
1632 531 1725 585 τοῦ
1754 550 1851 586 πο·

291 616 475 688 ταμοῦ,
523 613 665 688 αἷμα
714 619 808 672 ἐπὶ
850 619 943 673 τοῦ
987 619 1173 692 ξηροῦ.
1210 639 1229 673 ι
1266 623 1585 677 Τελευταϊον
1613 623 1723 694 γὰρ
1771 625 1850 695 τῷ

293 710 469 777 κόσμῳ
500 711 728 778 σημεῖον
756 712 785 762 6
812 710 1049 780 Χριστοῦ
1085 715 1276 780 γέγονε
1303 712 1552 776 θάνατος,
1580 716 1728 785 καὶή
1761 716 1850 768 διὰ

293 799 375 851 τοῦ
408 798 596 859 ῦδατός
623 815 684 849 τε
728 799 822 851 καὶ
854 799 1085 869 αἵματος
1115 800 1402 871 κάθαρσις,
1449 805 1846 873 προσκειμένου

294 892 520 959 δηλονότι
568 890 780 943 καὶτοῦ
834 891 989 959 ἁγίου
1027 890 1298 962 σώματος,
1335 892 1366 944 ὃ
1403 893 1491 946 διὰ
1533 893 1634 962 τῆς
1677 894 1848 965 ξηρᾶς

293 981 635 1050 σημαίνεται’
672 982 753 1033 ὃτι
797 982 854 1034 δὲ
884 979 1028 1051 ὕδωρ
1073 983 1167 1035 καὶ
1196 978 1335 1052 αἷμα
1364 984 1461 1054 τῆς
1507 983 1668 1052 ἁγίας
1717 986 1848 1055 ἡμῖν

290 1072 490 1143 ἐξεδόθη
544 1071 807 1144 πλευρᾶς.
848 1072 1190 1145 διανυγείσης
1251 1077 1318 1145 τῇ
1372 1074 1562 1147 λόγχῃ,
1617 1077 1849 1147 παρήσω

289 1164 475 1232 λέγειν,
516 1164 612 1218 διὰ
641 1166 704 1217 τὸ
743 1167 910 1219 πᾶσιν
936 1160 1079 1218 εἶναι
1108 1169 1557 1237 γνωριμώτατον.
1592 1168 1739 1239 Πλὴν
1767 1170 1848 1222 ὅτι

290 1260 503 1326 σημεῖον
538 1258 571 1309 6
594 1255 687 1309 τοῦ
721 1256 971 1327 Σωτῆρος
999 1256 1316 1329 ὠνόμασται
1351 1258 1597 1325 θάνατος,
1629 1260 1847 1330 ἀναμά-

287 1343 357 1397 θοι
375 1362 459 1408 τις
490 1347 561 1399 ἂν
590 1346 687 1398 καὶ
727 1344 887 1399 τοῦτο
920 1346 1108 1415 σαφῶς
1160 1347 1219 1414 ἐξ
1265 1348 1423 1420 ἱερῶν
1454 1349 1802 1420 Γραμμὰτων
1826 1367 1841 1381 ο

284 1438 552 1507 Φαρισαῖοι
588 1436 688 1507 μὲν
733 1435 844 1508 γὰρ
871 1438 923 1489 οἱ
948 1437 1268 1508 πάντολμοι,
1298 1438 1477 1493 καίτοι
1516 1439 1726 1494 πολλῶν
1746 1439 1847 1512 ήδη

285 1527 832 1600 προκατωρθωμένων
858 1529 1172 1600 θαυμάτων,
1191 1529 1267 1595 ὡς
1290 1530 1505 1596 οὐδενὸς
1535 1532 1845 1601 γεγονότος,

286 1617 571 1689 προσίεσαν
617 1617 870 1686 λέγοντες
896 1619 974 1690 τῷ
1001 1619 1225 1691 Χριστῷ
1243 1635 1258 1651 ⁸
1303 1638 1322 1672 ι
1345 1621 1665 1687 Διδάσκαλε,
1690 1640 1710 1674 ι
1747 1639 1850 1693 φα-

292 1712 387 1773 σιν,
418 1731 438 1763 ι
460 1710 688 1781 θέλομεν
731 1711 841 1764 ἀπὸ
883 1711 978 1765 σοῦ
1024 1713 1251 1783 σημεῖον
1293 1712 1442 1769 ίδείν.
1471 1733 1490 1766 ι
1543 1713 1600 1768 '0
1625 1713 1685 1767 δὲ
1712 1714 1848 1786 πρὸς

295 1804 472 1866 αὐτούς
491 1821 504 1833 ⁸
558 1823 579 1855 ι
635 1804 805 1857 Γενεὰ
871 1803 1086 1875 πονηρά
1146 1805 1242 1858 καὶ
1306 1806 1556 1877 μοιχαλὶς
1624 1808 1848 1877 σημεῖον
1881 1794 1920 1849 Β

294 1894 536 1963 ἐπιζητεῖ,
582 1898 679 1949 καὶ
713 1898 940 1967 σημεῖον
976 1897 1037 1949 ού
1063 1896 1350 1966 δοθήσεται
1379 1899 1537 1969 αὐτῇ,
1597 1901 1649 1953 εί
1684 1897 1762 1971 μὴ
1787 1899 1848 1953 τὸ

285 1991 495 2058 σημεῖον
536 1987 696 2042 Ἰωνᾶ
718 1986 815 2040 τοῦ
845 1988 1147 2059 προφήτου.
1179 1988 1389 2060 Ὥσπερ
1415 1989 1521 2061 γάρ
1553 1985 1624 2061 ἧν
1661 1991 1847 2056 Ἰωνᾶς

277 2082 332 2133 ἐν
358 2083 421 2151 τῇ
458 2079 639 2151 κοιλία
687 2080 781 2133 τοῦ
844 2081 1042 2152 κήτους
1090 2081 1239 2151 τρεῖς
1289 2079 1502 2151 ἡμέρας
1555 2082 1651 2136 καὶ
1696 2084 1844 2154 τρεῖς

274 2170 488 2235 νύκτας,
511 2169 690 2233 οὕτως
724 2170 880 2224 ἔσται
924 2171 1021 2225 καὶ
1045 2170 1074 2223 6
1106 2170 1234 2233 Υἱὸς
1259 2170 1351 2224 τοῦ
1379 2170 1668 2242 ἀνθρώπου
1693 2176 1750 2230 ὲν
1776 2175 1844 2246 τῇ

273 2263 465 2334 καρδία
502 2263 609 2332 τῆς
635 2263 743 2331 γῆς
774 2265 922 2334 τρεῖς
963 2261 1179 2335 ἡμέρας
1214 2263 1327 2316 ,καὶ
1372 2266 1520 2335 τρεῖς
1560 2264 1781 2330 νύκτας.
1819 2286 1840 2319 ι

272 2354 481 2408 Οὐκοῦν
518 2354 715 2425 πρώτη
750 2353 852 2433 μλν
898 2352 1182 2424 ἀντίληψις
1220 2356 1356 2424 ἡμῖν
1386 2354 1449 2407 ἐν
1485 2355 1729 2426 Χριστῷ,
1757 2355 1848 2412 διὰ

273 2448 435 2517 νόμου
467 2446 565 2500 τοῦ
616 2446 758 2500 κατὰ
797 2445 1029 2499 Μωσέαο
1064 2463 1084 2497 ι
1117 2444 1302 2515 Νόμον
1344 2444 1455 2517 γὰρ
1483 2447 1563 2509 είς
1593 2444 1844 2517 βοήθειαν

272 2540 487 2599 δέδωκε,
549 2557 569 2590 ι
611 2539 749 2592 κατὰ
802 2536 900 2608 τὴν
929 2536 1024 2590 τοῦ
1051 2538 1335 2608 προφήτου
1369 2537 1574 2608 φωνήν.
1619 2536 1847 2592 Ἐπελά-

274 2629 393 2683 σετο
417 2630 477 2683 δὲ
512 2630 611 2700 τῆς
641 2629 841 2700 κέρκου
872 2627 1105 2697 Μωσῆς.
1135 2628 1378 2698 Δευτέρα
1406 2627 1461 2681 δὲ
1496 2627 1763 2698 κάθαρσις
1786 2629 1843 2681 ὲν

270 2721 486 2791 Χριστῷ
525 2719 593 2791 δὴ
623 2719 784 2773 πάλιν
812 2719 900 2773 διὰ
943 2719 1240 2791 προφητῶν
1269 2717 1462 2787 ἁγίων,
1495 2718 1589 2772 καὶ
1625 2717 1715 2772 διὰ
1746 2719 1845 2789 τῆς

282 2811 527 2864 Ἰωάννου
554 2809 742 2879 φωνῆς
766 2810 864 2863 καὶ
888 2809 1215 2880 ἀποστολῆς.
1243 2811 1307 2863 Οί
1331 2809 1429 2880 μὲν
1448 2809 1558 2880 γὰρ
1581 2808 1840 2878 ἔφασκον

275 2921 293 2954 ο
331 2902 640 2965 Δούσασθε,
678 2900 911 2973 καθαροὶ
938 2901 1200 2970 γένεσθε·
1240 2920 1261 2954 ι
1301 2903 1330 2956 6
1356 2902 1413 2955 δὲ
1445 2903 1525 2964 είς
1557 2901 1843 2972 βάπτισμα

276 2993 563 3063 μετανοίας
600 2994 806 3048 ἐκάλει.
844 2993 1036 3065 Τρίτον
1065 2994 1123 3048 δὲ
1155 2996 1404 3065 σημεῖον,
1434 2994 1463 3047 ὃ
1489 2996 1583 3048 καὶ
1613 2994 1842 3064 ἔσχατον

1952 536 2103 601 dam,
2134 546 2191 592 et
2213 537 2322 591 erit
2357 553 2523 607 aqua,
2560 553 2726 608 quam
2744 537 3034 609 acceperis
3058 553 3089 592 a
3113 537 3358 603 ﬂumine,
3396 552 3526 592 san-

1951 630 2072 698 guis
2097 643 2268 699 super
2295 629 2506 685 aridam
2532 632 2605 684 ³⁸.
2638 630 2906 686 Ultimum
2934 645 3170 700 namque
3218 630 3425 685 mundo
3445 629 3525 684 si-

1951 735 2119 790 gnum
2142 719 2345 775 Christi
2375 737 2526 776 mors
2568 722 2698 787 fuit,
2728 731 2788 777 et
2816 723 2909 777 illa
2937 737 3037 792 per
3078 738 3276 792 aquam
3314 731 3371 777 et
3396 737 3524 776 san-

1952 813 2173 883 guinem
2197 812 2432 879 ablutio,
2472 814 2734 885 adjuncto
2790 815 3054 869 nimirum
3108 813 3279 868 etiam
3336 819 3526 868 sancto

1952 917 2202 973 corpore,
2227 904 2375 973 quod
2418 921 2518 975 per
2562 905 2771 960 aridam
2824 904 3203 976 signiﬁcatur:
3252 903 3526 959 ellluxisse

1953 1001 2136 1049 autem
2159 996 2320 1051 nobis
2348 1012 2546 1067 aquam
2569 1005 2627 1052 et
2692 998 3012 1069 sanguinem
3038 1012 3107 1051 ex
3153 997 3247 1051 illo
3290 996 3525 1052 sanctis-

1952 1085 2092 1141 simo
2121 1087 2288 1143 latere
2313 1089 2505 1144 lancea
2541 1088 2808 1159 perfosso,
2836 1089 2914 1143 nil
2938 1088 3139 1144 attinet
3162 1088 3371 1153 dicere,
3399 1102 3525 1143 cum

1950 1176 2209 1232 omnibus
2249 1179 2322 1233 sit
2372 1178 2745 1235 notissimum.
2796 1180 2949 1235 Illam
3007 1194 3170 1250 porro
3228 1177 3527 1233 Salvatoris

1949 1270 2125 1326 nostri
2154 1280 2387 1327 mortem
2423 1272 2641 1343 signum
2676 1272 3003 1343 appellatam
3052 1270 3243 1334 fuisse,
3287 1270 3342 1325 id
3384 1285 3526 1341 quo-

1950 1375 2057 1430 que
2082 1374 2150 1415 ex
2169 1362 2341 1417 sacris
2367 1361 2593 1418 Litteris
2628 1362 2809 1432 quivis
2846 1371 3035 1432 aperte
3084 1361 3388 1431 intelligere
3422 1375 3527 1430 po-

1951 1457 2096 1517 test;
2132 1451 2484 1506 audacissimi
2510 1451 2660 1507 enim
2683 1452 2765 1506 illi
2795 1452 3080 1517 Pharisaei,
3104 1451 3357 1522 quamvis
3386 1451 3527 1506 mul-

1950 1548 2005 1596 ta
2025 1540 2184 1611 prius
2205 1541 2355 1596 edita
2376 1550 2564 1597 essent
2591 1543 2879 1609 miracula,
2921 1552 3105 1597 tamen
3128 1542 3287 1613 quasi
3312 1543 3527 1597 nullum

1949 1630 2132 1687 adhuc
2178 1631 2434 1686 eﬂ‘ectum
2483 1632 2699 1699 fuisset,
2733 1632 2823 1687 his
2870 1633 3058 1687 verbis
3098 1632 3382 1688 Christum
3427 1649 3525 1704 ag-

1950 1721 2124 1791 gressi
2151 1729 2317 1777 sunt:
2357 1722 2660 1794 «Magister,
2692 1722 2972 1793 inquiunt,
3007 1723 3264 1777 volumus
3291 1738 3322 1776 a
3352 1732 3408 1776 te
3445 1723 3524 1777 si-

1949 1825 2117 1882 gnum
2168 1812 2356 1868 videre
2390 1813 2455 1867 ".
2481 1832 2500 1864 ι
2550 1813 2647 1869 Ille
2708 1830 2840 1869 vero
2874 1822 3072 1870 contra
3110 1832 3123 1868 :
3174 1833 3192 1865 ι
3227 1812 3524 1869 Generatio

1948 1919 2117 1975 prava
2130 1911 2293 1973 atque
2321 1903 2571 1960 adultera
2600 1904 2816 1975 signum
2844 1906 3065 1975 quaerit,
3094 1914 3150 1960 et
3179 1906 3396 1976 signum
3410 1920 3524 1960 non

1947 1994 2257 2062 dabiturei,
2288 1995 2396 2052 nisi
2418 1996 2632 2067 signum
2658 1997 2810 2053 Iona:
2842 1998 3142 2067 prophetae.
3171 1996 3328 2052 Sicut
3374 1996 3524 2051 enim

1947 2085 2055 2141 fuit
2091 2086 2257 2143 Jonas
2286 2087 2344 2141 in
2379 2095 2571 2144 ventre
2618 2088 2723 2144 ceti
2782 2089 2964 2144 tribus
3000 2089 3197 2144 diebus
3241 2104 3307 2145 ac
3348 2088 3525 2144 tribus

1947 2176 2225 2242 noctibus,
2271 2176 2351 2232 sic
2378 2178 2517 2232 'erit
2547 2178 2719 2234 Filius
2757 2179 2998 2236 hominis
3045 2180 3105 2234 in
3157 2179 3323 2235 corde
3367 2187 3526 2235 terrae

1946 2267 2126 2324 tribus
2174 2268 2373 2324 diebus
2425 2276 2484 2324 et
2517 2269 2694 2325 tribus
2742 2270 3001 2326 noctibus
3043 2272 3110 2324 ’⁷.
3140 2289 3158 2322 ι
3182 2272 3354 2342 Igitur
3409 2271 3525 2341 pri-

1946 2376 2100 2417 mum
2126 2361 2396 2416 auxilium
2437 2362 2495 2415 in
2524 2360 2748 2416 Christo
2769 2360 2931 2415 nobis
2974 2361 3267 2431 praebitum
3315 2372 3402 2415 est
3427 2377 3526 2431 per

1945 2451 2124 2522 legem
2156 2451 2361 2524 Moysi:
2395 2469 2412 2502 ι
2432 2450 2633 2521 Legem
2679 2465 2917 2521 namque
2948 2451 3009 2504 in
3054 2450 3389 2522 adiutorium
3424 2450 3523 2505 de-

1944 2542 2028 2599 dit
2053 2544 2122 2609 ¹⁸,
2152 2563 2169 2595 ι
2196 2545 2352 2614 juxta
2404 2543 2688 2614 propheta:
2724 2557 2937 2598 vocem.
2989 2541 3098 2597 Sed
3133 2541 3364 2597 caudam
3422 2556 3524 2612 ap-

1943 2634 2242 2707 prehendit
2278 2635 2509 2706 Moyses.
2554 2633 2811 2690 Secunda
2860 2647 3027 2704 porro
3080 2631 3294 2687 ablutio
3329 2646 3525 2687 rursus

1945 2726 2002 2782 in
2027 2727 2249 2783 Christo
2271 2743 2370 2798 per
2408 2727 2710 2798 prophetas
2754 2734 2995 2792 sanctos,
3043 2740 3108 2780 ac
3143 2740 3245 2795 per
3297 2723 3526 2780 Joannis

1941 2833 2133 2874 vocem
2163 2829 2329 2889 atque
2384 2818 2704 2873 missionem
2738 2817 2943 2872 tributa
2980 2824 3084 2872 est.
3125 2816 3210 2871 llli
3258 2816 3406 2871 enim
3443 2815 3528 2871 di-
3636 2865 3643 2871 .

1943 2910 2179 2967 cebant:
2216 2929 2234 2962 ι
2273 2909 2580 2974 Lavamini,
2616 2908 2810 2963 mundi
2842 2916 3021 2964 estote
3047 2907 3131 2974 ";
3162 2925 3181 2958 ι
3219 2906 3310 2961 hic
3339 2916 3526 2961 autem

1944 3003 2015 3058 ad
2037 3002 2376 3072 baptismum
2411 3001 2758 3072 paenitentia
2783 3000 3039 3056 vocabat.
3069 2999 3323 3055 Tertium
3361 2998 3523 3053 deni-

273 3083 404 3139 εἷναί
423 3103 608 3153 φασιν,
624 3088 653 3139 6
667 3085 905 3158 Χριστοῦ
925 3086 1175 3150 θάνατος,
1190 3087 1274 3155 ἐφ’
1287 3078 1332 3153 ᾧ
1349 3086 1443 3139 κα)⁸
1458 3084 1639 3149 πίστις
1659 3104 1671 3116 ·
1684 3086 1841 3141 «Ἐὰν

1942 3111 2051 3165 que
2065 3095 2304 3166 signum,
2344 3094 2492 3165 quod
2518 3094 2664 3149 idem
2698 3093 3059 3149 novissimum
3090 3106 3211 3148 esse
3240 3091 3336 3157 ait,
3361 3090 3526 3146 Chri-

276 3177 379 3249 γὰρ
409 3177 484 3249 μὴ
520 3176 852 3231 πιστεύσωσί
888 3193 991 3243 σοι,
1018 3195 1036 3228 ι
1061 3176 1216 3247 φησὶ,
1254 3196 1274 3229 ι
1301 3176 1433 3247 μηδὲ
1478 3176 1839 3231 είσακούσωσι

279 3269 371 3338 τῆς
406 3269 584 3340 φωνῆς
604 3268 701 3321 τοῦ
726 3268 954 3338 σημείου
985 3266 1080 3321 τοῦ
1122 3265 1365 3339 πρώτου,
1394 3266 1748 3321 πιστεύσουσι
1772 3269 1839 3339 τῇ

286 3364 422 3432 φωνῇ
438 3361 528 3414 τοῦ
555 3360 784 3431 σημείου
797 3358 894 3413 τοῦ
913 3357 1222 3429 δευτέρω.»
1258 3358 1420 3430 Ὁρᾷς
1441 3348 1524 3413 ὅτι
1539 3357 1639 3429 τὴν
1660 3357 1840 3413 πίστιν

285 3452 650 3524 ἀκολουθήσειν
677 3446 737 3506 εὖ
758 3450 902 3522 μάλα
926 3452 1114 3521 φησιν,
1138 3449 1258 3520 οὐχὶ
1282 3449 1361 3520 τῷ
1381 3450 1584 3522 πρώτῳ
1606 3449 1839 3521 σημείῳ,

284 3543 415 3597 τοῦτ’
443 3544 609 3610 ἐστιν,
635 3543 698 3596 οὐ
719 3544 787 3614 τῇ
803 3540 1088 3612 ἀντιλήψει
1114 3544 1179 3613 τῇ
1210 3541 1353 3596 κατὰ
1374 3542 1556 3609 νόμον,
1583 3539 1707 3595 οὔτε
1733 3540 1840 3612 μὴν

285 3639 347 3705 τῇ
372 3635 455 3689 διὰ
484 3639 651 3706 μέσου
687 3633 982 3706 καθάρσει,
1008 3632 1157 3687 τοῦτ’
1175 3632 1313 3702 ἔστι,
1343 3635 1408 3705 τῇ
1429 3633 1515 3688 διὰ
1544 3631 1867 3706 προφητῶν·

284 3727 460 3794 ἁγίων,
484 3728 578 3781 καὶ
612 3726 863 3782 Ἰωάννου
885 3725 1074 3797 τυχὸν,
1102 3726 1240 3798 μόνῃ
1259 3727 1317 3780 δὲ
1344 3730 1409 3798 τῇ
1440 3729 1591 3798 φωνῇ
1619 3725 1713 3780 τοῦ
1737 3742 1838 3797 σηε-

286 3819 429 3885 μείου
470 3819 563 3872 τοῦ
618 3819 872 3889 ἐσχάτου.
943 3818 1017 3872 Οὐ
1065 3817 1175 3890 γὰρ
1226 3818 1444 3886 ἄφωνον
1484 3817 1548 3871 τὸ
1599 3817 1837 3890 Χριστοῦ

286 3912 591 3983 μυστήριον,
619 3911 782 3965 καλεί
796 3910 854 3965 δὲ
885 3910 1210 3983 σύμπαντας
1239 3911 1367 3973 τοὺς
1395 3909 1499 3964 ἀνὰ
1530 3906 1714 3964 πᾶσαν
1741 3910 1841 3980 τὴν

280 3999 379 4069 γῆν
412 4002 593 4074 ὑψηλῷ
633 3985 737 4057 και
757 4002 1065 4075 διαπρυσίῳ
1129 4002 1450 4075 κηρύγματι
1482 4001 1616 4071 πρὸς
1644 4002 1744 4072 τὴν
1771 4002 1837 4055 δι’

281 4087 462 4156 ὕδατός
500 4110 559 4146 τε
598 4093 698 4146 καὶ
738 4093 972 4162 αἵματος
1023 4093 1309 4161 κάθαρσιν,
1342 4092 1435 4146 καὶ
1484 4091 1590 4163 μὴν
1628 4092 1722 4146 καὶ
1757 4094 1839 4156 εἰς

280 4180 593 4254 ζωοποίησιν
614 4183 715 4254 τὴν
746 4182 889 4236 κατὰ
923 4182 1223 4254 μετάληψιν
1259 4183 1360 4254 τῆς
1401 4183 1563 4252 ἁγίας
1612 4183 1832 4256 σαρκός.

289 4269 566 4343 Ὕπηρέτει
619 4270 908 4343 τοιγαροῦν
959 4273 989 4325 6
1036 4272 1198 4343 νόμος
1258 4273 1371 4335 τοῖς
1420 4271 1551 4343 περὶ
1597 4272 1835 4344 Χριστοῦ

281 4363 741 4432 προαγγέλμασιν,
775 4360 939 4425 αὐτὸς
960 4360 1017 4414 δέ
1049 4362 1196 4416 ἐστιν
1223 4361 1283 4414 ού
1309 4360 1429 4415 λίαν
1456 4361 1637 4425 ικανὸς
1665 4363 1745 4425 είς
1777 4361 1839 4416 τὸ

1940 3187 2011 3241 sti
2044 3202 2193 3241 mors
2212 3186 2356 3251 fuit;
2396 3200 2508 3256 quo
2533 3185 2682 3250 dato,
2732 3185 2871 3241 ﬁdes
2914 3192 3001 3241 est
3047 3184 3377 3240 subsecuta:
3422 3202 3440 3234 ι
3465 3182 3523 3238 Si

1939 3274 2087 3329 enim
2114 3289 2226 3329 non
2261 3273 2603 3345 crediderint
2645 3274 2769 3338 tibi,
2800 3273 3002 3344 inquit,
3038 3287 3219 3342 neque
3239 3271 3522 3326 audierint

1939 3378 2130 3420 vocem
2169 3362 2310 3434 signi
2372 3363 2598 3434 prioris,
2633 3364 2862 3419 credent
2910 3363 3035 3419 voci
3095 3362 3236 3432 signi
3283 3376 3523 3430 sequen-

1941 3454 2013 3511 tis
2039 3453 2105 3507 ⁸⁰.
2129 3472 2148 3505 ι
2176 3452 2343 3508 Vides
2365 3460 2428 3507 ut
2450 3451 2615 3508 ﬁdem
2643 3459 2833 3522 aperte
2869 3451 2947 3506 ait
2963 3457 3388 3506 consecuturam
3411 3463 3522 3503 non

1938 3546 2123 3616 primo
2152 3544 2310 3615 signo
2344 3544 2515 3610 edito,
2545 3544 2603 3599 id
2634 3552 2739 3608 est,
2772 3559 2884 3599 non
2922 3540 3190 3600 continuo
3232 3550 3359 3612 post
3386 3539 3523 3612 legis

1938 3635 2433 3707 auxilium,.neque
2478 3643 2605 3706 post
2654 3633 2893 3690 mediam
2924 3632 3288 3698 ablutionem,
3327 3631 3384 3687 id
3437 3640 3523 3687 est

1938 3744 2059 3785 eam
2105 3744 2216 3799 qua
2264 3729 2547 3800 propheta:
2589 3726 2788 3793 sancti,
2818 3734 2874 3782 et
2898 3726 3143 3782 Joannes
3188 3723 3520 3790 abluerunt;

1938 3822 2035 3877 sed
2067 3824 2246 3877 solum
2278 3830 2622 3891 postvoeem
2651 3820 2793 3892 signi
2811 3817 3078 3891 postremi
3104 3835 3116 3873 :
3148 3832 3331 3887 neque
3373 3814 3521 3871 enim

1937 3925 2072 3966 voce
2114 3919 2269 3968 caret
2303 3911 2485 3981 ipsum
2534 3909 2744 3966 Christi
2806 3919 3213 3966 sacramentum
3261 3911 3336 3974 ";
3410 3905 3523 3961 imo

1937 4017 2069 4058 vero
2117 4003 2412 4057 universos
2448 4010 2610 4056 vocat
2654 4018 2756 4075 per
2811 4008 2990 4056 totum
3036 3998 3250 4061 orbem,
3307 3996 3521 4051 excelsa

1937 4092 2175 4164 quadam
2195 4094 2622 4163 vehementique
2655 4091 3071 4162 praedicatione,
3105 4088 3174 4144 ad
3196 4103 3353 4158 aqua:
3387 4103 3518 4142 san-

1937 4186 2227 4257 guinisque
2253 4186 2557 4249 lavacrum,
2580 4183 2897 4255 etquidem
2936 4191 3105 4239 etiam
3150 4181 3220 4238 ad
3271 4180 3519 4237 viviﬁca-

1938 4275 2180 4341 tionem,
2254 4289 2420 4345 quam
2464 4281 2668 4329 sancta:
2720 4273 2905 4328 carnis
2952 4272 3102 4328 illius
3169 4269 3521 4342 participatio

1937 4374 2182 4438 praestat.
2214 4366 2330 4421 Lex
2357 4380 2494 4438 ergo
2543 4364 2827 4420 Christum
2869 4362 3313 4434 praenuntiando,
3348 4361 3519 4415 mini-

279 4450 563 4516 ἀνασώζειν
596 4452 857 4508 δύνασθαί
888 4468 1055 4516 τινας.
1077 4451 1428 4525 Παραδείξειε
1458 4452 1515 4507 6'
1543 4452 1629 4520 ἂν,
1656 4449 1833 4525 οἶμαι,

1942 4458 2170 4513 sterium
2200 4457 2492 4512 exhibuit:
2518 4456 2576 4511 in
2611 4471 2677 4511 ea
2711 4463 2897 4509 tamen
2932 4468 3045 4508 non
3093 4452 3226 4506 satis
3264 4450 3519 4522 tpraesidii

277 4543 357 4605 τὶς
388 4545 475 4597 καὶ
516 4544 674 4599 τοῦτο
729 4544 917 4613 σαφῶς
961 4543 1326 4616 ὁμολογοῦντα
1375 4544 1577 4597 Μωσέα
1629 4547 1723 4599 κα)⁸
1749 4544 1839 4599 διὰ

276 4634 376 4705 τῆς
421 4638 782 4709 προκειμένης
819 4637 1164 4715 συγγραφῆςο,
1199 4636 1393 4690 καίτοι
1431 4637 1537 4707 γὰρ
1589 4636 1837 4706 λέγοντος

273 4735 368 4789 τοῦ
394 4738 535 4801 Θεοῦ,
562 4741 646 4793 ὅτι
674 4738 909 4809 Ἔτομαι
953 4736 1095 4808 μετὰ.
1124 4736 1243 4802 σοῦ,
1262 4735 1755 4807 προαναπείθοντος
1778 4736 1835 4791 δὲ

274 4835 726 4911 θαυματουργίαις
752 4839 930 4897 αὑτὸν,
956 4838 1204 4908 ἐλιπάρει
1233 4837 1426 4906 λέγων·
1454 4857 1473 4890 ι
1509 4838 1702 4909 Κύριε,
1724 4840 1822 4910 οὐχ

277 4939 455 5005 ἱκανός
478 4946 588 5014 εἰμι
627 4941 737 5013 πρὸ
762 4942 862 5011 τῆς
885 4939 1031 5011 χθὲς.
1061 4939 1182 4993 οὐδὲ
1217 4941 1322 5012 πρὸ
1349 4942 1448 5011 τῆς
1485 4942 1678 5013 τρίτης
1699 4942 1835 5013 ήμέ-

279 5055 400 5101 ρας,
440 5041 548 5094 οὐδὲ
586 5041 680 5111 ἀφ’
713 5032 776 5093 οὗ
832 5039 983 5111 ἤρξω
1030 5037 1210 5092 λαλεῖν
1253 5038 1330 5108 τῷ
1375 5038 1669 5113 θεράποντί
1716 5059 1834 5096 σου.

308 5142 623 5211 ισ-ινόφωνος
664 5142 759 5196 καὶ
801 5140 1215 5212 βραδύγλωσσος
1265 5140 1376 5209 ἐγώ
1413 5143 1550 5212 είμι.
1604 5137 1737 5195 Eine
1776 5141 1832 5195 δὲ

294 5238 470 5310 κύριος
486 5244 619 5314 πρὸς
640 5240 886 5312 Μωσῆνο
907 5240 1003 5305 Τίς
1028 5240 1195 5295 ἔδωκε
1223 5240 1399 5311 στόμα.
1425 5241 1718 5314 ἀνθρώπῳ,
1737 5242 1834 5298 καὶ
1865 5252 1872 5259 ’

290 5337 360 5400 :‘4;
400 5342 606 5415 ἐποίησε
631 5342 918 5410 δύσκωφον
949 5340 1043 5395 καὶ
1067 5340 1281 5409 κωφὸν,
1315 5342 1579 5412 βλέποντα
1614 5344 1709 5399 καὶ
1740 5362 1834 5398 τυ-
1854 5373 1869 5392 ι

280 5436 437 5505 φλᾶιη
459 5444 553 5498 οὐκ
575 5442 688 5513 ἐγὼ
717 5441 923 5514 Κύριος
940 5443 969 5496 6
997 5440 1158 5507 856;;
1191 5440 1304 5495 Καὶ
1331 5440 1426 5495 νῦν
1453 5443 1713 5514 πορεύου,
1741 5446 1835 5501 καὶ

273 5536 587 5622 ιγὼάνοίξω
619 5543 684 5598 τὺ
714 5542 891 5613 στόμα
926 5558 1042 5605 σου,
1074 5540 1170 5593 καὶ
1196 5539 1518 5611 συμϐιϐάσω
1551 5559 1611 5595 σε
1632 5542 1670 5597 ὃ.
1702 5544 1833 5613 μέλ-

271 5632 387 5703 λεις
430 5640 681 5714 λαλῆσαι.
739 5640 851 5696 Καὶ
916 5635 1039 5693 εἷπε
1083 5638 1316 5709 Μωσῆςο
1358 5639 1579 5711 Δέομαι,
1634 5641 1829 5714 Κύριε,

344 5735 392 5770 ⁸⁸
415 5736 576 5795 Exod.
596 5737 742 5805 tv,9.
809 5737 857 5771 ³⁸
889 5734 1055 5791 Matth
1109 5750 1206 5800 xu,
1239 5733 1328 5789 '58.
1398 5736 1442 5770 ’⁷
1475 5736 1748 5804 Ibid.,39,
1783 5739 1869 5794 40.

1936 4551 2042 4621 73
2066 4557 2152 4605 est
2195 4549 2262 4604 ad
2307 4549 2543 4605 salutem
2586 4547 2867 4618 aliquibus
2915 4545 3305 4612 tribuendam;
3346 4544 3518 4614 idque

1935 4648 2124 4712 aperte
2179 4640 2402 4713 Moysen
2461 4639 2733 4704 conﬁteri,
2799 4638 2962 4694 facile
3020 4637 3205 4710 quivis
3265 4635 3520 4691 ostendat

1934 4733 2102 4788 etiam
2137 4749 2206 4790 ex
2249 4733 2551 4803 propositae
2589 4732 3065 4803 Scripturzeloco:
3094 4726 3349 4800 quamvis
3367 4726 3518 4782 enim

1936 4823 2170 4880 dixisset
2233 4825 2400 4888 Deus,
2466 4838 2525 4878 se
2584 4839 2711 4879 cum
2769 4838 2836 4878 eo
2864 4822 3135 4886 futurum,
3160 4819 3325 4891 idque
3361 4817 3525 4890 prius

1935 4911 2101 4967 editis
2147 4897 2430 4968 miraculis
2479 4912 2532 4967 ei
2584 4912 2863 4977 suaderet,
2921 4911 3019 4967 ille
3056 4917 3240 4965 tamen
3288 4907 3523 4981 rogabat

1933 5021 2065 5060 eum
2091 5004 2318 5060 dicens:
2359 5023 2378 5056 ι
2401 5005 2652 5071 Domine,
2689 5021 2802 5061 non
2846 5020 2969 5061 sum
2992 5011 3153 5075 aptus
3183 5011 3312 5057 ante
3365 4998 3515 5066 heri,

1933 5113 2113 5169 neque
2159 5106 2287 5153 ante
2328 5098 2546 5153 tertiam
2590 5098 2760 5163 diem,
2805 5112 2988 5168 neque
3040 5110 3108 5152 ex
3140 5110 3251 5167 quo
3294 5083 3521 5163 coepisti

1932 5188 2085 5260 loqui
2107 5204 2270 5245 servo
2297 5197 2436 5245 tuo:
2475 5190 2667 5262 gracili
2696 5204 2855 5255 voce,
2887 5197 2947 5244 et
2981 5186 3138 5244 tarda
3182 5186 3370 5257 lingua
3413 5197 3525 5254 ego

1934 5295 2081 5336 sum.
2105 5280 2253 5336 Dixit
2297 5290 2487 5337 autem
2532 5280 2824 5345 Dominus,
2851 5279 3056 5350 inquit,
3085 5277 3154 5335 ad
3179 5292 3343 5332 eum:
3379 5271 3526 5339 Quis

1932 5371 2432 5439 deditoshomini,
2478 5383 2536 5428 et
2579 5372 2706 5442 quis
2743 5371 2876 5428 fecit
2916 5379 3132 5424 mutum
3169 5375 3227 5422 et
3259 5361 3518 5426 surdum,

1933 5461 2214 5517 videntem
2279 5471 2337 5516 et
2395 5477 2639 5528 aecum;
2688 5476 2872 5516 nonne
2905 5474 3007 5531 ego
3038 5455 3304 5513 Dominus
3329 5450 3523 5506 Deus?

1935 5551 2007 5606 Et
2045 5567 2193 5607 nunc
2254 5553 2413 5619 vade,
2460 5563 2518 5608 et
2592 5566 2694 5623 ego
2775 5550 3017 5621 aperiam
3072 5561 3136 5602 os
3214 5552 3406 5607 tuum,
3461 5551 3519 5597 et

1940 5645 2204 5702 instruam
2259 5660 2331 5713 te,
2392 5662 2515 5718 qua:
2568 5646 2740 5702 debes
2788 5643 2977 5715 loqui;
3028 5650 3086 5699 et
3139 5639 3219 5696 ait
3270 5638 3521 5710 Moyses:

1936 5740 2098 5797 “lsa.
2126 5758 2196 5796 ix.
2244 5746 2286 5776 "
2314 5743 2427 5798 bid.
2459 5758 2494 5807 ι,
2526 5742 2615 5798 16.
2651 5742 2697 5775 ³⁸
2719 5739 2891 5798 Exod.
2921 5754 3003 5810 tv,
3020 5738 3074 5793 8.
3148 5736 3189 5770 ³¹
3216 5729 3517 5795 Ριονλινῦι
