3954 6200
431 324 528 380 251

432 440 677 494 Obsecro
708 481 722 505 ,
779 440 1046 505 Domine,
1102 439 1242 509 elige
1289 436 1458 491 alium
1523 443 1801 506 potentem
1847 448 2012 504 quem
2044 442 2088 495 Α

435 530 620 584 mittes
651 531 714 583 ³³.
743 549 760 580 ι
803 531 993 599 Neque
1037 530 1184 584 enim
1225 529 1310 583 lex
1352 527 1648 581 admodum
1677 535 1874 596 potens
1904 534 2008 588 est,

434 637 611 689 neque
655 619 786 673 satis
834 620 983 674 valet
1046 619 1118 673 ad
1166 619 1484 672 universum
1538 617 1726 671 orbem
1788 631 2010 671 conser-

434 711 692 774 vandum,
716 719 879 779 atque
905 711 1184 765 hominem
1207 727 1276 765 ex
1311 709 1518 763 diaboli
1543 708 1834 762 dominatu
1870 707 2011 762 libe-

436 804 687 858 randum.
713 804 826 858 Nec
876 819 1009 858 vero
1050 804 1340 874 ignorabat
1379 802 1589 873 Moyses
1614 841 1628 865 ,
1666 815 1724 855 se
1783 799 2010 853 tardilo-

435 903 688 963 quentem
724 911 864 958 esse,
896 903 952 949 et
979 895 1169 966 gracili
1217 910 1373 955 voce.
1402 910 1470 948 ex
1515 908 1583 948 eo
1603 892 1838 946 maxime
1871 899 2012 944 tem-

433 1002 586 1054 pore,
620 1001 728 1056 quo
751 1003 876 1041 cum
905 1002 972 1041 eo
1008 987 1161 1058 loqui
1198 985 1456 1056 cmpisset
1486 985 1653 1046 Deus,
1679 983 1845 1053 eique
1871 997 2010 1050 pra:-

433 1079 636 1148 cipere,
674 1089 734 1134 ut
759 1081 827 1134 de
856 1096 914 1135 se
940 1096 1252 1134 sermonem
1314 1078 1576 1143 haberet;
1616 1077 1693 1131 ait
1737 1089 2008 1144 namque:

440 1188 456 1219 ι
489 1170 578 1224 Sic
633 1173 784 1226 dices
846 1172 976 1226 ﬁliis
1032 1172 1235 1226 Israel:
1274 1172 1388 1241 Ego
1443 1186 1563 1225 sum
1595 1168 1691 1238 qui
1717 1183 1839 1222 sum
1867 1185 1879 1218 :
1908 1166 2014 1220 hoc

435 1261 567 1315 mihi
592 1278 791 1316 nomen
827 1263 889 1317 ³³.
913 1282 930 1313 ι
963 1262 1228 1316 Tardiore
1260 1261 1465 1315 etenim
1495 1261 1679 1330 lingua
1700 1260 1788 1312 lex
1830 1258 2012 1326 loqui-

434 1361 544 1417 tur,
600 1370 764 1422 quam
811 1365 873 1407 ut
905 1355 1039 1409 satis
1072 1369 1331 1424 expresse
1364 1353 1431 1408 de
1457 1369 1544 1417 eo,
1581 1353 1676 1422 qui
1705 1358 1810 1414 est,
1844 1351 2013 1404 verba

433 1447 632 1512 iaciat;
673 1463 853 1516 neque
915 1453 1002 1500 est
1059 1445 1352 1516 ejusmodi,
1399 1451 1462 1496 ut
1499 1441 1827 1496 veneranda:
1865 1440 2014 1495 illius

436 1537 838 1605 inelfabilisque
901 1547 1115 1590 natura:
1199 1535 1490 1607 mysteria,
1553 1549 1676 1603 quae
1719 1534 1773 1587 in
1824 1539 2016 1587 sancta

435 1628 706 1682 Trinitate
752 1627 1016 1681 atloratur
1038 1635 1095 1681 et
1121 1627 1341 1689 colitur,
1385 1626 1664 1694 explicare
1694 1631 1750 1678 et
1793 1622 2012 1677 tradere

433 1729 621 1787 queat.
654 1718 734 1772 Ad
774 1719 889 1774 hate
919 1719 1108 1788 gracili
1131 1727 1217 1773 est
1264 1717 1592 1786 infirmaque
1614 1731 1768 1779 voce,
1818 1715 1912 1769 vix
1953 1721 2014 1768 ut

433 1780 556 1863 cum
598 1811 728 1864 solis
750 1780 1013 1864 lsraelitis
1037 1809 1273 1878 colloqui
1295 1780 1579 1879 possin-ac
1599 1823 1698 1877 per
1721 1807 1925 1862 ludam
1949 1805 2012 1861 ﬁ-
2048 1780 2085 1834 Β

433 1915 531 1952 nes
571 1907 781 1952 tantum
821 1898 1137 1962 exauditur,
1171 1914 1297 1951 cum
1337 1898 1459 1951 aliae
1492 1906 1686 1968 gentes
1718 1912 1913 1952 omnes
1938 1912 2008 1952 ne

431 1992 598 2045 fando
645 1991 869 2061 quidem
923 2007 1120 2046 sonum
1173 1993 1296 2062 ejus
1336 1991 1748 2061 praedicationis
1779 1990 2012 2045 auribus

429 2085 763 2154 acceperint.
810 2083 949 2139 Cum
974 2085 1160 2154 itaque
1192 2084 1521 2155 praevideret
1559 2083 1756 2137 beatus
1798 2082 2010 2155 Moyses

428 2190 578 2238 eum,
628 2175 722 2244 qui
765 2175 970 2244 optime
1027 2183 1214 2245 posset
1269 2191 1590 2246 expressum
1639 2185 1804 2245 atque
1837 2191 2007 2246 expo-

427 2265 586 2321 litum
611 2267 676 2321 de
694 2268 805 2322 Deo
834 2283 1142 2323 sermonem
1172 2267 1488 2322 auditorum
1513 2268 1738 2323 auribus
1755 2267 2004 2334 fundere,

425 2365 486 2410 et
519 2358 778 2412 universo
811 2358 933 2412 orbi
970 2359 1468 2428 facilepraadicare,
1495 2358 1550 2412 id
1574 2367 1678 2423 est,
1697 2358 2002 2424 Christum,

433 2467 450 2499 ι
481 2447 746 2514 Obsecro,
814 2450 1066 2513 Domine,
1101 2471 1118 2501 ι
1178 2450 1380 2519 inquit,
1449 2469 1465 2501 ι
1507 2451 1647 2521 elige
1699 2457 2002 2520 potentem,

423 2556 586 2609 quem
618 2541 804 2596 mittes
838 2541 903 2593 ".
932 2561 949 2591 ι
986 2541 1242 2597 Christus
1277 2540 1426 2595 enim
1469 2549 1554 2596 est
1595 2541 1689 2596 ille
1731 2557 1861 2597 vere
1902 2557 2003 2612 po-

425 2643 567 2698 tens,
604 2649 767 2704 quem
805 2635 923 2689 suis
969 2634 1314 2704 temporibus
1353 2650 1421 2689 ex
1449 2635 1796 2706 beneplacito
1823 2636 1921 2690 Dei
1941 2652 2005 2692 ac

422 2725 603 2780 Patris
635 2725 691 2778 in
724 2740 844 2779 eam
874 2741 989 2780 rem
1009 2725 1327 2796 eligendum
1355 2728 1496 2792 fore,
1522 2744 1623 2797 per
1660 2728 1836 2798 legem
1859 2743 2003 2798 quo-

423 2833 529 2887 que
562 2817 886 2888 praedictum
921 2819 1045 2874 fuit.
1078 2819 1174 2874 Illa
1203 2827 1388 2875 autem
1428 2831 1552 2891 post
1590 2822 1687 2876 Dei
1725 2822 2001 2892 pollicita-

423 2909 651 2972 tionem,
680 2909 1092 2980 multorumque
1123 2911 1402 2981 signorum
1429 2914 1824 2979 ostensionem,
1850 2914 2000 2986 Moy-

421 2997 467 3053 si
499 2999 790 3065 recusatio,
815 3016 926 3055 non
950 3001 1188 3056 absurde
1213 3002 1383 3058 fuerit
1415 3004 1728 3059 cunctantis
1758 3005 1997 3070 lsraelis,

421 3090 696 3160 simulque
767 3091 872 3146 sub
924 3090 1130 3147 Christi
1179 3094 1413 3164 imperio
1465 3094 1670 3149 divinis
1719 3096 2002 3167 evangeli-

419 3181 609 3252 cisque
659 3182 988 3238 ministeriis
1030 3183 1254 3255 defungi
1292 3192 1348 3238 et
1408 3184 1791 3255 obtemperare
1835 3200 1998 3239 recu-

419 3275 612 3339 santis,
632 3275 726 3344 qui
766 3283 889 3345 post
931 3275 1364 3332 innumerabiles
1398 3277 1619 3332 habitos
1657 3277 1725 3332 de
1747 3276 1855 3332 fide
1883 3293 2004 3332 ser-

418 3381 629 3431 mones,
658 3367 1069 3438 multorumque
1103 3368 1385 3439 signorum
1409 3368 1804 3433 ostensionem,
1837 3368 2000 3423 audi-

419 3466 537 3514 tum
588 3467 771 3514 tamen
820 3459 976 3515 illum
1012 3475 1231 3532 gravem
1271 3467 1437 3530 atque
1482 3459 1699 3513 tardum
1751 3458 2000 3528 pertina-

417 3548 558 3602 citer
607 3556 943 3616 tenuerunt,
987 3559 1153 3620 atque
1215 3550 1492 3605 increduli
1547 3559 1996 3619 permanserunt.

418 3635 528 3708 74
562 3637 631 3690 Et
660 3638 748 3692 bis
793 3638 1019 3708 quidem
1068 3639 1283 3708 Moyses
1328 3639 1642 3693 recusavit:
1682 3637 1794 3693 duo
1850 3640 2000 3694 enim

416 3736 664 3799 tempora
695 3729 1027 3794 inciderunt,
1059 3731 1115 3784 in
1147 3729 1350 3800 quibus
1383 3729 1683 3786 effrenatus
1716 3738 1773 3785 et
1801 3739 2000 3786 contu-

415 3836 543 3875 max
565 3819 736 3876 fuerit
768 3821 956 3887 Israel,
1001 3822 1106 3877 sub
1143 3821 1327 3894 Moyse
1367 3831 1424 3877 et
1457 3823 1645 3888 Josue,
1686 3839 1752 3878 ac
1785 3822 1998 3878 Judici-

414 3912 542 3979 bus,
595 3922 653 3969 et
690 3923 1070 3985 consequente
1125 3915 1389 3986 deinceps
1425 3922 1693 3985 tempore,
1729 3931 1840 3986 quo
1869 3931 1999 3986 pro-

413 4005 596 4076 pheta:
629 4003 874 4071 fuerunt,
926 4021 990 4060 ac
1021 4005 1282 4072 Joannes,
1335 4005 1431 4076 qui
1467 4006 1572 4060 fuit
1626 4008 1780 4062 velut
1817 4007 1872 4061 in
1911 4007 1998 4061 in-

415 4098 654 4152 terstitio
681 4097 896 4166 positus
913 4099 1285 4168 apostolorum
1310 4113 1375 4152 ac
1404 4098 1839 4169 prophetarum;
1873 4097 2000 4152 ﬁnis

412 4187 619 4258 quippe
646 4186 753 4240 fuit
783 4187 1093 4258 prophetici
1135 4188 1403 4252 muneris,
1458 4187 1714 4258 idemque
1769 4187 1993 4241 initium

412 4295 479 4334 ac
517 4277 688 4334 veluti
709 4278 970 4348 primitiae
990 4279 1302 4350 splendoris
1322 4278 1632 4349 apostolici.
1678 4277 1786 4333 Sed
1827 4277 1996 4348 Moysi

411 4370 690 4427 recusatio
713 4371 786 4426 ad
827 4371 965 4426 iram
1010 4371 1331 4442 provocavit
1380 4371 1575 4435 Deum,
1629 4370 1869 4439 denique
1907 4384 1999 4424 res

1463 323 1520 379 S.
1562 321 1837 378 CYRILLI
1877 315 2348 374 ALEXANDRINI
2387 313 2706 370 ARCHIEP.

3588 301 3691 358 252

2119 431 2464 501 προχείρισαι
2515 429 2674 482 ἀλλον
2705 425 3022 496 δυνάμενον,
3065 423 3124 478 ὃν
3173 419 3512 484 ἀποστελεῖς.
3540 439 3558 472 ι
3613 417 3686 473 οὐ

2113 523 2221 593 γάρ
2246 521 2503 592 εὐσθενὴς
2527 522 2556 574 6
2588 520 2770 590 νόμος,
2803 516 2924 571 οὐδὲ
2951 513 3317 587 ἀποχρώντως
3347 511 3486 584 ἔχων
3515 513 3594 576 είς
3630 511 3690 566 1:6

2113 618 2296 668 πᾶσαν
2333 614 2592 667 δύνασθαι
2624 611 2885 665 διασῶσαι
2926 609 3026 681 τὴν
3051 611 3177 679 γῆν,
3206 607 3302 661 καὶ
3331 606 3430 676 τῆς
3457 605 3552 658 τοῦ
3572 605 3691 686 ,δια-

2113 708 2272 762 δόλου
2282 725 2344 760 τυ
2354 705 2594 776 ραννίδος
2606 702 2885 767 ἐξελέσθαι
2895 701 2986 755 τὸν
3003 699 3311 772 ἄνθρωπον.
3331 697 3688 768 Οὺκηγνόηκε

2112 801 2168 854 δὲ
2205 803 2233 853 6
2267 799 2496 868 Μωσῆς,
2537 796 2612 860 ὼς
2649 793 3065 866 βραδύγλωσσός
3106 809 3167 845 τε
3209 791 3301 844 καὶ
3338 790 3687 861 ἰσχνόφωνος,

2114 890 2422 964 ἀρξαμένου
2453 889 2686 961 μάλιστα
2701 885 3044 956 διαλέγεσθαι
3073 884 3209 957 πρὸς
3231 883 3392 938 αὑτὸν
3411 883 3506 938 τοῦ
3533 883 3689 949 Θεοῦ,

2114 986 2209 1037 καὶ
2257 983 2448 1050 λόγους
2491 979 2764 1035 ποιεῖσθαι
2823 980 2953 1050 περὶ
3013 976 3178 1032 αὐτοῦ
3232 977 3688 1048 προστάττοντοςο

2121 1092 2137 1125 1
2159 1071 2343 1134 Οὕτως
2367 1091 2385 1121 ο
2426 1070 2554 1141 γὰρ,
2576 1068 2760 1140 φησιν,
2799 1088 2816 1119 ‹
2842 1069 2985 1139 ἐρεῖς
3003 1069 3117 1130 τοῖς
3139 1067 3273 1130 υίοῖς
3291 1065 3532 1137 Ἰσραήλ·
3551 1063 3692 1132 Ἐγώ

2114 1164 2226 1232 είμι
2252 1163 2280 1214 6
2303 1159 2396 1215 ὥν.
2431 1160 2602 1213 Τοῦτό
2633 1177 2734 1230 μου
2763 1159 2879 1211 ἐστὶ
2902 1158 2962 1211 τὸ
2989 1157 3215 1227 δνομα.»
3268 1155 3693 1228 Βραδύγλωσσος

2113 1254 2220 1324 γάρ
2264 1256 2292 1307 6
2321 1253 2504 1323 νόμος,
2538 1251 2674 1323 πρὸς
2714 1251 2775 1304 τὸ
2828 1249 3120 1321 διαρθροῦν
3162 1245 3222 1304 εὖ
3259 1249 3404 1320 μάλα.
3437 1249 3528 1302 τὸν
3567 1249 3694 1312 περὶ

2113 1347 2206 1402 τοῦ
2240 1347 2390 1411 ὄντος
2457 1346 2650 1414 λόγον·
2686 1342 2811 1398 οῦτε
2865 1343 2970 1414 μὴν
3018 1339 3129 1406 οἷός
3197 1359 3259 1396 τε
3315 1345 3694 1413 μυσταγωγεῖν

2115 1439 2251 1510 πρὸς
2279 1439 2377 1510 τὴν
2405 1440 2462 1492 ὲν
2490 1438 2624 1510 ἁγίᾳ
2645 1435 2835 1508 Τριάδι
2865 1434 3346 1507 προσκυνουμένην
3371 1435 3575 1506 σεπτὴν
3603 1435 3695 1489 καὶ

2113 1530 2351 1602 ἄρρητον
2386 1529 2567 1599 φύσιν.
2625 1528 2973 1599 ’ἰσχνόφωνος
3013 1527 3071 1580 δὲ
3115 1528 3251 1600 πρὸς
3288 1526 3468 1590 τοῦτο,
3515 1528 3697 1597 μόνοις

2114 1640 2171 1676 τε
2208 1623 2303 1676 καὶ
2333 1622 2484 1692 μόλις
2522 1623 2637 1685 τοῖς
2671 1619 2731 1686 ἐξ
2768 1620 2988 1691 Ἰσραὴλ
3024 1619 3348 1692 προσλαλεῖν
3376 1621 3694 1691 δυνάμενος,

2115 1715 2446 1786 ἀκουόμενός
2475 1732 2534 1768 τε
2557 1712 2700 1768 κατὰ
2727 1712 2894 1784 μόνην
2924 1711 3024 1782 τὴν
3059 1711 3342 1775 Ἰουδαίαν,
3386 1711 3564 1766 καίτοι
3589 1711 3696 1766 τῶν

2115 1807 2290 1862 ἀλλων
2315 1806 2570 1860 ἁπάντων
2594 1804 2763 1858 ἐθνῶν
2791 1803 2932 1866 οὐδὲ,
2961 1803 3084 1856 ὅσον
3111 1789 3308 1868 εἰπεῖν,
3329 1804 3411 1868 είς
3434 1799 3530 1866 οῦς
3548 1802 3696 1856 ἑλόνο

2114 1917 2224 1952 των
2258 1898 2318 1952 τὸ
2347 1899 2628 1970 κήρυγμα.
2676 1897 2969 1969 Τοιγάρτοι
2998 1897 3391 1968 προγινώσκων
3419 1899 3449 1951 6
3495 1897 3691 1952 θεσπέ·

2117 2006 2231 2052 σιος
2251 1989 2477 2060 Μωσῆς,
2512 1988 2603 2042 τὸν
2625 1988 2862 2060 διαρκῶς
2891 1987 3087 2060 ἔχοντα
3113 1989 3249 2060 πρὸς
3273 1990 3332 2043 τὸ
3358 1989 3586 2061 ἀκριὸὲς
3604 1991 3697 2044 καὶ

2114 2079 2486 2151 ἀπεξεσμένον
2521 2084 2637 2146 τοῖς
2667 2082 3040 2154 ἀκροωμένοις
3067 2083 3366 2154 ἐμποιῆσαι
3397 2081 3555 2151 λόγον
3603 2083 3696 2138 τὸν

2115 2174 2244 2243 περὶ
2291 2171 2451 2236 Θεοῦ,
2496 2173 2592 2227 καὶ
2633 2174 2712 2238 εἰς
2742 2173 2803 2227 τὸ
2839 2173 2987 2245 πάσῃ
3019 2173 3218 2244 ῥᾳδίως
3264 2173 3596 2246 διακηρύξαι
3624 2178 3694 2248 τῇ

2111 2266 2206 2336 γῇ,
2251 2262 2393 2318 τοῦτ’
2422 2263 2536 2318 ἐστι
2593 2265 2866 2336 Χριστόν·
2915 2285 2934 2318 ι
2978 2266 3201 2338 Δέομαι,
3247 2266 3449 2338 Κύριε,
3475 2287 3495 2319 ι
3536 2271 3694 2339 φησὶ,

2119 2377 2136 2409 1
2170 2357 2516 2428 προχείρισαι
2539 2357 2696 2411 ἀλλον
2723 2358 3042 2429 δυνάμενον,
3061 2358 3120 2412 ὃν
3137 2358 3473 2423 ἀποστελεῖς.
3506 2379 3525 2418 ι
3556 2361 3694 2430 Χρι-

2113 2448 2234 2512 στὸς
2261 2448 2370 2519 γάρ
2392 2450 2538 2502 ἐστιν
2556 2451 2584 2503 6
2613 2449 2909 2520 δυνάμενος
2937 2449 3172 2520 ἀληθῶς·
3203 2451 3298 2505 καὶ
3314 2452 3397 2505 ὅτι
3414 2450 3556 2505 κατά
3580 2469 3696 2505 και-

2114 2541 2241 2610 ροὺς
2267 2542 2386 2594 κατ’
2412 2541 2664 2596 εὐδοκίαν
2686 2541 2820 2595 Θεοῦ
2845 2543 2941 2595 καὶ
2979 2542 3214 2615 Πατρδς,
3247 2545 3327 2607 είς
3363 2542 3523 2598 τοῦτο
3555 2562 3691 2616 προ-

2111 2631 2540 2702 χειρωθήσεται,
2574 2631 2670 2686 καὶ
2707 2631 2798 2685 διὰ
2829 2631 2993 2704 νόμου
3028 2633 3390 2704 προήγγελτο.
3428 2634 3497 2687 Ἡ
3528 2633 3586 2688 δέ
3623 2651 3693 2702 γε

2109 2725 2355 2787 Μωσέως
2379 2724 2735 2795 παραίτησις,
2773 2726 2867 2780 καὶ
2900 2724 3041 2796 μετὰ
3063 2725 3213 2780 Θείαν
3239 2725 3556 2796 ὑπόσχεσιν,
3595 2727 3696 2779 καὶ

2114 2815 2250 2886 μετά
2279 2815 2491 2870 πολλῶν
2525 2817 2771 2888 σημείων
2803 2816 3083 2882 ἐπίδειξιν,
3111 2816 3282 2881 τύπος
3315 2817 3382 2872 ἂν
3411 2815 3521 2888 εἴη,
3563 2834 3697 2870 κατ-

2106 2908 2393 2972 οκνοῦντός
2427 2925 2487 2961 τε
2526 2909 2644 2978 ἅμα
2682 2909 2778 2963 καὶ⁴
2825 2907 3272 2980 παραιτουμένου
3305 2910 3402 2963 τοῦ
3449 2910 3694 2981 Ἰσραὴλ,

2107 3000 2204 3070 τὴν
2227 2998 2332 3053 ὑπὸ
2343 2998 2581 3072 Χριστοῦ
2596 3000 2748 3054 θείαν
2761 3018 2818 3053 τε
2836 3002 2928 3054 καὶ
2947 3001 3311 3073 εὐαγγελικὴν
3327 3000 3695 3072 λειτουργίαν,

2106 3091 2202 3144 καὶ
2233 3091 2498 3162 ὑπακοὴν,
2532 3091 2582 3144 οἲ
2613 3091 2749 3162 μετά
2786 3093 3012 3164 μυρίους
3054 3093 3213 3157 ὅσους
3249 3095 3377 3158 τοὺς
3412 3095 3543 3165 περὶ
3597 3095 3694 3148 πί-

2105 3199 2272 3246 στεως
2301 3183 2496 3252 λόγους
2517 3185 2611 3236 καὶ
2638 3184 3033 3256 τερατουργίας
3053 3184 3328 3251 ἐπίδειξιν,
3351 3187 3698 3258 τετηρήκασι

2103 3271 2164 3326 τὸ
2186 3271 2474 3344 δυσήκοον,
2502 3274 2597 3328 καὶ
2625 3276 3001 3345 μεμενήκασιν
3023 3277 3290 3341 ἀπειθεῖς.
3313 3279 3424 3332 Καὶ
3445 3279 3603 3351 διττή
3626 3297 3694 3347 γε

2104 3367 2138 3436 ἡ
2176 3366 2422 3430 Μωσέως
2471 3365 2828 3438 παραίτησις.
2875 3368 2981 3421 Δύο
3029 3366 3138 3440 γάρ
3184 3370 3366 3440 χρόνοι
3419 3372 3544 3426 καθ’
3597 3371 3698 3437 οὓς

2105 3455 2317 3529 ὲξήνιος
2349 3459 2443 3512 καὶ
2471 3450 2793 3528 δυσάγωγος
2810 3455 2878 3529 ἦν
2903 3460 2932 3511 6
2973 3461 3191 3532 Ἰσραήλ
3211 3477 3225 3490 ⁸
3248 3461 3338 3516 διὰ
3358 3463 3609 3528 Μωσέως
3629 3481 3695 3517 τε

2103 3549 2198 3603 καὶ
2259 3539 2453 3620 Ἰησοῦ,
2505 3549 2601 3602 καὶ
2649 3549 2905 3620 Κριτῶν,
2949 3550 3047 3604 καὶ
3099 3553 3216 3620 μετ’
3249 3553 3458 3606 ἐκεῖνον
3499 3553 3696 3618 εὐθὺς,

2103 3639 2225 3694 καθ’
2246 3639 2304 3694 ὃν
2327 3639 2587 3709 γεγόνασι
2617 3643 2914 3712 προφῆται,
2945 3641 3043 3695 καὶ⁵
3071 3642 3349 3715 Ἰωάννης.
3371 3645 3400 3698 ό
3432 3643 3701 3717 καθάπερ

2103 3729 2161 3783 ὲν
2190 3729 2497 3800 μεταιχμίῳ
2531 3729 2782 3800 κείμενος
2807 3730 3121 3785 ἀποστόλων
3143 3749 3205 3785 τε
3241 3734 3334 3786 καὶ
3365 3735 3695 3804 προφητῶν.

2103 3819 2286 3890 Πέρας
2326 3820 2428 3889 μὲν
2459 3819 2569 3892 γάρ
2595 3817 2664 3892 ἧν
2691 3823 3038 3894 προφητικῆς
3063 3823 3428 3894 λειτουργίας,
3459 3826 3701 3896 ἀπαρχὴ

2101 3911 2155 3965 δὲ
2177 3910 2369 3984 ὥσπερ
2392 3911 2776 3985 λαμπρότητος
2791 3914 3175 3986 ἀποστολικῆς.
3216 3916 3355 3969 Ἀλλ’
3385 3918 3416 3986 ἡ
3444 3917 3705 3982 Μωσέως

2104 4001 2438 4073 παραίτησις
2460 4002 2599 4075 πρὸς
2625 4001 2797 4074 ὀργὰς
2824 4003 3006 4058 ἐκάλει
3037 4003 3192 4058 Θεόν.
3228 4004 3340 4058 Καὶ
3374 4004 3607 4078 μεθίστη
3637 4007 3707 4060 τὸ

2103 4093 2295 4164 χρῆμα
2333 4091 2520 4146 λοιπὸν
2566 4094 2648 4157 είς
2691 4093 2887 4164 ἑτέραν
2930 4093 3120 4167 ὥσπερ
3157 4095 3490 4167 οικονομίαν,
3520 4097 3592 4151 δι’
3628 4093 3706 4171 ἦς

2099 4181 2476 4248 ἀνασώζεσθαι
2500 4183 2638 4256 χρῆν
2664 4184 2791 4250 τοὺς
2823 4187 2944 4250 ταῖς
2984 4188 3094 4241 τῶν
3118 4186 3434 4256 Αἰγυπτίων
3480 4189 3699 4246 πλεον-

2099 4274 2273 4339 εξίαις
2313 4275 2787 4348 κατηχθημένους.
2833 4296 2854 4331 1
2898 4279 3011 4332 Kal.
3040 4279 3313 4352 θυμωθεὶς
3349 4280 3562 4352 Κύριος
3600 4284 3709 4336 ἐπὶ

2098 4365 2329 4436 Μωσῆν,
2382 4361 2568 4421 εῐπεψ
2606 4369 2722 4423 Οὐκ
2763 4370 2871 4425 ίδοὺ
2915 4371 3127 4444 Ἀαρὼν
3175 4373 3204 4426 ό
3247 4373 3475 4443 ἀδελφός
3530 4391 3641 4429 σου
3673 4377 3709 4430 6

411 4461 482 4516 ad
511 4462 675 4517 aliam
698 4459 1128 4533 dispensationis
1158 4461 1430 4516 rationem
1459 4461 1718 4515 translata
1752 4468 1855 4525 est,
1883 4476 1996 4531 qua

2106 4457 2363 4529 Λευίτης
2416 4459 2747 4531 Ἐπίσταμαι
2785 4463 2867 4517 ὅτι
2910 4463 3090 4534 λαλῶν
3128 4464 3350 4536 λαλήσει
3379 4465 3546 4530 αὑτός
3581 4485 3704 4533 σοι,

412 4554 867 4620 servandi‘erant,
901 4554 995 4624 qui
1017 4553 1399 4624 ngyptiorum
1452 4553 1745 4622 iniquitate
1768 4567 1992 4622 preme—

410 4646 634 4702 bantur.
687 4647 804 4701 «Et
862 4645 1038 4700 iratus
1071 4643 1339 4699 Dominus
1397 4643 1453 4698 in
1505 4644 1748 4714 Moysen,
1809 4642 1988 4700 dixit:

409 4741 602 4796 Nonne
627 4755 757 4796 ecce
795 4737 967 4794 frater
994 4748 1123 4793 tuus
1172 4737 1356 4792 Aaron
1404 4736 1638 4792 Levita?
1678 4736 1795 4792 seio
1839 4735 1987 4806 quod

408 4831 640 4904 loquens
667 4832 926 4903 loquetur
957 4832 1074 4902 ipse
1111 4830 1239 4886 tibi:
1281 4838 1338 4885 et
1374 4845 1501 4885 ecce
1531 4829 1647 4900 ipse
1675 4829 1992 4902 egredietur

407 4922 466 4976 in
502 4938 793 4977 occursum
835 4922 957 4987 tibi,
979 4929 1035 4976 et
1060 4921 1256 4976 videns
1292 4928 1364 4986 te,
1389 4920 1664 4975 laetabitur
1688 4920 1744 4974 in
1765 4935 1824 4975 se
1846 4919 1986 4990 ipso:

405 5020 463 5066 et
487 5013 640 5068 dices
668 5013 736 5067 ad
766 5022 992 5078 eum,et
1019 5013 1179 5068 dabis
1203 5013 1370 5067 verba
1400 5028 1522 5068 mea
1559 5012 1616 5067 in
1651 5028 1714 5067 os
1739 5013 1893 5083 ejus;
1932 5020 1990 5068 et

405 5118 507 5174 ego
536 5103 776 5172 aperiam
799 5119 862 5158 os
891 5111 1068 5168 tuum,
1099 5111 1160 5157 et
1184 5118 1247 5158 os
1274 5104 1415 5173 ejus,
1456 5111 1513 5157 et
1562 5103 1832 5158 instruam
1860 5117 1982 5168 vos,

407 5210 530 5265 quae
561 5191 813 5262 facietis;
850 5203 907 5249 et
936 5195 1056 5265 ipse
1093 5195 1353 5264 loquetur
1381 5193 1448 5248 ad
1475 5195 1834 5264 populum,et
1866 5194 1984 5264 ipse

405 5286 514 5340 erit
531 5293 684 5340 tuum
707 5301 788 5350 os,
809 5294 864 5340 tu
890 5302 1020 5341 vero
1039 5287 1117 5340 illi
1134 5287 1247 5341 eris
1273 5286 1329 5340 in
1354 5285 1424 5340 iis
1450 5285 1653 5356 quaead
1669 5286 1841 5340 Deum
1860 5285 1926 5339 ³⁵.
1955 5305 1972 5337 ι

403 5375 542 5432 Cum
603 5379 752 5434 enim
798 5380 883 5434 lex
933 5379 1275 5443 offendisset,
1319 5386 1378 5432 ut
1427 5377 1665 5441 infirma,
1717 5386 1774 5432 et
1813 5377 1983 5432 lsrae-

406 5465 518 5522 litae
545 5484 743 5537 parere
771 5469 1013 5537 nollent;
1044 5469 1294 5541 adjectus
1314 5477 1399 5523 est
1423 5467 1699 5534 Christus,
1736 5468 1830 5522 ille
1854 5482 1983 5523 vere

412 5556 622 5624 Levita,
651 5579 992 5634 magnusque
1043 5562 1391 5618 sacerdotum
1446 5561 1724 5632 princeps,
1765 5561 1856 5615 ille
1887 5560 1982 5629 qui

485 5737 526 5770 ”
554 5737 726 5807 Exod,
777 5755 847 5796 iv.
891 5739 1070 5796 lii-13.
1147 5741 1190 5773 ³³
1241 5741 1421 5796 Exod.
1459 5740 1653 5806 1",”.
1734 5740 1778 5773 ³⁸
1837 5755 1908 5805 ιιι,
1963 5738 2050 5794 10.

2093 4549 2188 4602 καὶ
2220 4548 2327 4604 ίδοὺ
2359 4550 2518 4615 αὐτὸς
2552 4551 2896 4619 ἐξελεύσεται
2926 4557 3008 4618 είς
3042 4557 3368 4628 συνάντησιν
3417 4575 3500 4611 σοι
3521 4575 3536 4589 ·
3595 4560 3710 4614 καὶ

2097 4640 2220 4696 ίδών
2259 4658 2318 4696 σε
2349 4644 2649 4715 χαρήσεται
2686 4646 2744 4698 ὲν
2784 4645 2981 4718 ἑαυτῷ,
3007 4649 3103 4701 καὶ
3130 4648 3278 4718 ὲρεῐς
3301 4648 3441 4720 πρὸς
3473 4650 3660 4704 αὐτόν
3688 4669 3706 4685 ο

2094 4732 2190 4788 καὶ
2212 4733 2404 4799 δώσεις
2426 4735 2494 4790 τὰ
2526 4736 2749 4808 ῥήματά
2783 4755 2883 4808 μου
2932 4739 3013 4802 είς
3040 4738 3102 4792 τὸ
3132 4739 3310 4810 στόμα
3340 4739 3510 4794 αὐτοῦ
3537 4758 3554 4773 ·
3596 4743 3713 4798 καὶ

2093 4827 2205 4897 ἐγὼ
2239 4827 2440 4894 ἀνοίξω
2467 4827 2531 4881 τὸ
2569 4829 2745 4900 στόμα
2770 4847 2886 4896 σου,
2933 4831 3028 4884 καὶ
3060 4830 3122 4884 τὸ
3150 4832 3326 4902 στόμα
3357 4832 3553 4896 αὐτοῦ,
3597 4837 3714 4888 καὶ

2097 4919 2422 4990 συμϐιόἀσω
2463 4919 2608 4989 ὑμᾶς
2647 4919 2684 4974 ἀ.
2713 4925 2986 4993 ποιήσετε,
3012 4923 3107 4976 καὶ
3134 4922 3295 4987 αὑτός
3326 4939 3410 4976 σοι
3441 4925 3713 4992 προσλαο

2095 5012 2251 5084 λήσει
2292 5012 2431 5083 πρὸς
2467 5012 2559 5066 τὸν
2591 5012 2719 5066 λαόν
2742 5031 2757 5046 ο
2791 5015 2884 5068 καὶ
2917 5015 3079 5079 αὐτὸς
3120 5013 3274 5075 ἕαται
3315 5031 3409 5069 σου
3458 5017 3665 5087 στόμα
3695 5035 3711 5049 ·

2095 5103 2159 5157 σὺ
2184 5102 2241 5156 δὲ
2270 5101 2418 5173 αὑτῷ
2444 5102 2543 5176 ἔσῃ
2560 5103 2630 5158 τά
2658 5105 2796 5172 πρὸς
2819 5105 2910 5158 τὸν
2931 5104 3087 5158 Θεόν.
3113 5123 3132 5157 ι
3157 5105 3713 5178 Προσκεκρουκότος

2089 5195 2200 5266 γάρ
2227 5193 2414 5266 ὥσπερ
2463 5195 2729 5267 ἀδρανοῦς
2780 5195 2876 5249 τοῦ
2923 5196 3112 5267 νόμου,
3153 5195 3246 5250 καὶ.
3292 5197 3715 5266 ἡπειθηκότων

2089 5288 2228 5355 ἄγαν
2276 5286 2385 5339 τῶν
2413 5285 2473 5351 ἐξ
2509 5287 2748 5359 Ἰσραὴλ,
2787 5289 3086 5360 προσετέθη
3119 5289 3372 5360 Χριστὸς,
3405 5289 3437 5343 ό
3464 5290 3714 5366 ἀληθὴς

2089 5377 2343 5447 Λευίτης,
2374 5375 2403 5427 ὁ
2434 5377 2606 5447 μέγας
2635 5379 2946 5449 ἀρχιερεὺς,
2967 5382 2996 5433 6
3018 5382 3132 5442 τοῖς
3158 5379 3265 5434 ὑπὸ
3293 5379 3459 5450 νόμον
3483 5398 3717 5438 συντε-

2089 5467 2382 5538 ταγμένος,
2408 5468 2485 5531 ὠς
2513 5467 2743 5538 ἀδελφὸς
2796 5469 2888 5524 διά
2923 5469 2985 5524 τδ
3028 5469 3389 5542 ἀνθρώπινον,
3419 5474 3451 5526 6
3495 5474 3716 5550 Μωσῇ

2095 5559 2194 5627 μὲν
2219 5558 2459 5627 λαλήσας
2499 5559 2574 5622 ώς
2608 5559 2763 5626 Θεὸς,
2793 5561 3266 5634 συμσισαζόμενος
3292 5562 3351 5618 δὲ
3395 5564 3574 5638 παρὰ·
3598 5569 3720 5626 τοῦ

2126 5736 2364 5812 "um,
2415 5737 2502 5794 HL
