3954 6200
298 365 409 420 255

1046 373 1134 427 DE
1171 371 1612 429 ADORATIONE
1653 373 1721 428 IN
1761 373 2032 432 SPIRITU
2069 378 2156 433 ET
2196 379 2574 437 VERITATE.
2615 384 2744 438 LIB.
2781 387 2846 441 II.

3452 391 3556 446 25‘

297 481 516 552 Πατρὸς
549 481 694 534 κατά
741 497 805 550 γε
834 483 900 537 τδ
928 483 1113 556 σχῆμα
1158 486 1218 538 τδ
1263 487 1619 558 προφητικὸν,
1675 491 1723 542 εἰ
1779 489 1862 543 καὶ

1977 494 2064 559 iis,
2097 497 2192 566 qui
2222 498 2325 553 sub
2360 499 2479 569 lege
2524 508 2700 565 erant,
2749 502 3053 557 associatus
3105 512 3190 559 est
3243 512 3304 560 ut
3341 506 3551 577 frater,

293 572 414 624 ἔστι
448 570 681 640 Κύριος·
723 589 741 622 ι
778 573 1072 645 Προφήτην
1103 575 1212 646 γὰρ
1250 577 1538 654 ἀναστήσω
1584 577 1769 642 αὐτοῖς
1813 580 1878 632 ὲκ

290 662 408 716 τῶν
441 663 688 732 ἀδελφῶν
716 664 925 718 αὐτῶν
954 668 1049 720 καὶ
1085 668 1236 738 θήσω
1263 669 1389 733 τοὺς
1426 669 1617 737 λόγους
1657 685 1757 739 μου
1795 671 1876 734 είς

287 753 352 808 τὺ
384 754 562 824 στόμα
590 753 756 808 αὐτοῦ
779 770 793 784 ο
822 754 917 807 καὶ
941 756 1162 826 λαλήσει
1192 758 1374 822 αὐτοῖς
1396 757 1539 811 κατὰ
1573 758 1750 812 πάντα
1777 759 1876 812 ὅσα

290 845 360 899 ἂν
413 845 735 915 ἐντείλωμαί.
782 846 988 909 αὐτοῖς.
1045 864 1064 898 ι
1127 847 1370 916 Ἔφασκε
1416 847 1474 900 δὲ
1520 850 1616 902 καὶ
1659 849 1875 913 αὑτὸςὸ

287 938 558 1008 Χριστός·
598 956 616 987 ι
665 938 785 990 Ἀπ’
832 936 1072 1006 ἐμαυτοῦ
1119 939 1178 990 οὐ
1215 938 1392 991 λαλῶ·
1438 939 1556 993 ἀλλ’
1598 940 1874 1011 ὀπέμψας

290 1043 359 1096 με
389 1025 598 1096 Πατὴρ,
629 1025 793 1089 αὐτός
823 1044 910 1097 μοι
941 1026 1159 1098 ἐντολὴν
1181 1028 1405 1092 δέδωκε,
1429 1030 1481 1083 τί
1507 1030 1667 1092 εἴπω,
1698 1031 1794 1084 καὶ
1819 1030 1872 1084 τί

287 1113 537 1182 λαλήσω.
583 1133 602 1165 ι
641 1114 875 1184 Χριστὸς
904 1116 1012 1185 ἄρα
1058 1117 1449 1187 προσεφώνησε
1478 1118 1557 1188 τῷ
1601 1119 1734 1190 λαῷ,
1778 1120 1872 1174 καὶ

286 1205 468 1273 Μωσῇ
511 1204 610 1272 μὲν
633 1203 841 1270 γίνεται
874 1206 1048 1276 στόμα
1074 1207 1446 1277 διερμηνεύων
1472 1209 1602 1278 ἡμῖν
1631 1225 1872 1278 πνευμα-

283 1296 457 1359 τικῶς
486 1295 582 1348 τὸν
608 1296 791 1365 νόμον,
817 1297 1022 1365 Μωσῆς
1041 1297 1096 1350 δὲ
1122 1298 1270 1368 αὐτῷ
1293 1300 1454 1353 πάλιν
1468 1299 1536 1353 τὰ
1556 1300 1690 1370 πρὸς
1713 1300 1866 1355 Θεόν.

283 1389 442 1439 Δοκεῖ
489 1387 602 1457 γάρ
619 1404 718 1439 που
768 1382 905 1440 εἶναι
945 1388 1064 1459 Θεῷ
1108 1391 1534 1462 προσεχέστερος
1567 1393 1595 1444 6
1639 1392 1864 1461 Μωσῆς,

289 1479 492 1531 ἑπείτοι
527 1478 750 1545 γέγονεν
780 1481 884 1533 ὑπὸ
911 1481 1076 1552 νόμον
1107 1485 1135 1536 6
1171 1483 1537 1554 Ἐμμανουήλ,
1568 1483 1660 1536 καὶ
1688 1484 1757 1536 τὰ
1779 1484 1868 1538 διὰ

284 1568 376 1620 τοῦ
415 1568 699 1634 πανσόφου
734 1571 976 1635 Μωσέως
1031 1575 1218 1644 τηρεῖν
1251 1573 1823 1644 ὲπηγγὲλλετολέγων
1846 1589 1862 1605 ⁸

297 1679 314 1712 ι
335 1661 423 1731 Μὴ
449 1661 713 1732 νομίσητε
735 1663 817 1715 ὅτι
837 1658 999 1734 ἦλθον
1035 1662 1337 1717 καταλῦσαι
1362 1664 1452 1718 τὸν
1473 1658 1715 1735 νόμονῖί
1740 1666 1863 1728 τοὺς

299 1753 592 1821 προφήταςο
627 1753 728 1806 οὐκ
773 1749 938 1824 ἦλθον
963 1754 1286 1818 καταλῦσαι,
1323 1754 1460 1808 ἀλλὰ
1495 1755 1798 1827 πληρῶσαι.
1838 1774 1856 1806 ι

1981 595 2207 656 propter
2236 589 2668 657 humanitatem;
2703 591 2795 646 ille
2820 593 2914 662 qui
2941 609 3067 648 cum
3103 595 3286 667 Moyse
3330 597 3552 666 quidem

1982 677 2314 747 loquebatur
2335 689 2397 734 ut
2427 681 2592 746 Deus,
2629 697 2660 735 a
2683 682 2843 738 Patre
2873 691 3057 739 autem
3097 685 3460 752 edocebatur,
3484 703 3555 743 ex

1981 767 2304 836 prophetica
2327 785 2582 839 persona,
2619 787 2783 840 quam
2817 774 3062 840 tenebat,
3089 775 3218 831 licet
3253 777 3400 832 idem
3443 779 3552 833 Do-

1980 857 2162 914 minus
2188 868 2371 915 esset:
2417 862 2777 931 «Prophetam
2809 866 2992 933 ﬁenim,
3037 867 3241 938 inquit,
3297 870 3552 924 excitabo

1981 948 2090 1005 illis
2116 966 2184 1005 ex
2214 951 2479 1007 fratribus
2500 968 2714 1019 eorum,
2747 961 2803 1008 et
2837 972 3037 1025 ponam
3065 959 3230 1014 verba
3250 975 3372 1014 mea
3401 961 3455 1014 in
3489 977 3552 1016 os

1977 1040 2118 1109 ejus,
2174 1048 2232 1094 et
2268 1042 2524 1110 loquetur
2575 1043 2645 1096 ad
2677 1058 2774 1099 eos
2799 1045 2953 1114 juxta
3002 1048 3186 1101 omnia
3236 1063 3358 1118 qua:
3390 1027 3549 1104 man:

1977 1131 2180 1186 davero
2211 1132 2287 1186 illi
2321 1134 2383 1186 ".
2409 1153 2426 1184 ι
2465 1134 2586 1204 Ipse
2611 1151 2830 1205 quoque
2862 1135 3117 1194 Christus
3149 1139 3367 1194 dicebat
3393 1158 3405 1193 :
3439 1159 3458 1190 ι
3503 1140 3550 1195 Α

1977 1238 2064 1277 me
2092 1224 2211 1292 ipso
2240 1241 2352 1278 non
2386 1225 2603 1294 loquor,
2636 1227 2730 1282 sed
2767 1227 2863 1296 qui
2899 1229 3052 1283 misit
3095 1245 3204 1294 me,
3237 1231 3420 1294 Pater,
3457 1231 3549 1286 ille

1975 1313 2110 1366 mihi
2125 1314 2438 1369 mandatum
2460 1316 2632 1381 dedit,
2649 1317 2783 1386 quid
2799 1318 2996 1384 dicam,
3015 1328 3072 1374 et
3086 1320 3219 1389 quid
3234 1321 3428 1390 loquar
3445 1321 3508 1374 ³⁷.
3523 1339 3540 1372 ι

1973 1403 2223 1460 Christus
2265 1423 2394 1477 ergo
2455 1409 2718 1478 populum
2758 1419 2842 1464 est
2891 1411 3203 1477 allocutus,
3268 1427 3331 1466 ac
3380 1412 3549 1483 Moysi

1973 1495 2195 1564 quidem
2220 1495 2280 1549 fit
2300 1511 2381 1559 os,
2414 1511 2540 1550 cum
2579 1498 2947 1568 Spiritualiter
2967 1500 3129 1554 nobis
3159 1501 3336 1572 legem
3372 1501 3548 1556 inter-

1973 1592 2248 1654 pretatur:
2275 1586 2487 1658 Moyses
2525 1588 2613 1642 illi
2645 1604 2842 1644 rursus
2869 1590 2925 1643 in
2961 1591 3048 1655 iis,
3087 1607 3209 1660 qua:
3237 1592 3305 1648 ad
3328 1592 3502 1648 Deum
3529 1610 3542 1645 :

1974 1675 2193 1730 videtur
2217 1676 2363 1730 enim
2393 1677 2798 1746 quodammodo
2831 1679 2944 1733 Deo
2974 1681 3208 1735 vicinior
3235 1697 3357 1736 esse
3395 1682 3544 1752 Moy-

1971 1781 2078 1831 ses,
2103 1768 2546 1837 quandoquidem
2578 1768 2723 1823 idem
2747 1769 3070 1823 Emmanuel
3100 1769 3203 1824 sub
3230 1771 3348 1841 lege
3369 1770 3546 1826 factus

303 1844 665 1914 Μυσταγωγὸς
697 1843 791 1899 οὖν
819 1845 926 1916 ἄρα
953 1846 1130 1918 σαφὴς
1156 1850 1182 1901 6
1213 1847 1468 1918 Χριστὸς,
1499 1848 1567 1900 τὰ
1597 1847 1692 1900 τοῦ
1742 1847 1862 1919 βρα-

1973 1864 2057 1911 est
2086 1857 2150 1922 ³⁸,
2191 1866 2247 1911 et
2288 1873 2410 1926 quas
2453 1873 2554 1927 per
2598 1858 2818 1928 Moysen
2881 1859 3284 1929 sapientissime
3337 1862 3542 1916 sancita

301 1935 598 2004 δυγλὼσσου
646 1938 812 2007 νόμου
857 1937 994 2009 πρὸς
1042 1939 1349 2009 τρανότητα
1392 1939 1720 2009 μετατιθεὶς,
1774 1939 1862 1992 καὶ

1973 1954 2145 2011 erant,
2183 1963 2406 2002 servare
2441 1964 2500 2003 se
2537 1948 2920 2018 profitebatur,
2957 1965 3081 2004 cum
3117 1950 3364 2006 diceret:
3409 1951 3544 2006 «No-

295 2027 382 2096 τήν
425 2027 523 2080 τοῦ
573 2027 905 2099 γράμματος
965 2031 1322 2100 ίσχνοφωνίαν
1367 2033 1448 2094 είς
1498 2031 1862 2103 εὑηχεστάτην

1973 2036 2060 2090 lite
2093 2046 2288 2106 putare
2322 2038 2469 2108 quod
2498 2040 2744 2094 venerim
2787 2041 2999 2094 solvere
3034 2041 3212 2111 legem
3264 2050 3360 2096 aut
3411 2057 3542 2112 pro~

289 2115 468 2189 ὥσπερ
523 2119 912 2188 μεταπλάττων
958 2120 1236 2192 ἐξήγησιν.
1279 2123 1653 2192 Πνευματικὺς
1701 2121 1862 2193 γὰρό

1973 2127 2180 2195 pbetas;
2219 2143 2328 2181 non
2361 2129 2487 2183 veni
2521 2130 2759 2194 solvere,
2803 2130 2899 2185 sed
2940 2131 3243 2201 adimplere
3278 2132 3342 2186 ".
3371 2151 3389 2183 ι
3446 2132 3544 2186 Est

286 2208 442 2278 νόμος
466 2211 530 2260 ὲν
557 2209 799 2280 Χριστῷ,
830 2211 920 2264 καὶ
942 2211 1144 2280 ἀδελφὰ
1167 2214 1278 2276 τοῖς
1305 2211 1471 2270 πάλαι
1499 2213 1567 2266 τὰ
1599 2213 1665 2265 δι’
1698 2213 1862 2266 αὐτοῦ

1973 2215 2130 2284 igitur
2158 2215 2415 2271 Christus
2465 2218 2627 2286 plane
2664 2219 3055 2289 mysteriorum
3114 2220 3408 2291 interpres,
3445 2219 3542 2290 qui

282 2300 634 2369 κηρύγματα·
668 2303 912 2366 Μωσέως
940 2303 1044 2372 γὰρ
1074 2299 1142 2374 ἦν
1170 2304 1398 2372 ἀδελφὸς
1421 2305 1450 2356 6
1489 2303 1720 2375 Ἀαρών.

1973 2307 2138 2376 legem
2180 2306 2406 2360 tardiori
2456 2305 2643 2377 lingua
2677 2308 2994 2376 loquentem
3023 2309 3091 2363 ad
3122 2311 3412 2366 clariorem
3455 2326 3544 2366 so-

277 2406 404 2445 num
460 2392 780 2457 transferat,
813 2395 1266 2464 gracilioremque
1308 2395 1514 2448 litterae
1566 2410 1755 2449 vocem
1823 2395 1890 2449 ad
1932 2395 2439 2467 interpretationem
2464 2398 2624 2468 longe
2652 2400 3087 2454 resonantiorcm
3121 2402 3293 2456 veluti
3360 2403 3536 2458 refor-

277 2483 478 2538 mando
512 2493 835 2540 commutet.
871 2486 975 2556 75
1007 2485 1322 2556 Spiritualis
1353 2495 1437 2540 est
1470 2487 1619 2540 enim
1668 2487 1756 2541 lex
1791 2486 1846 2541 in
1885 2485 2137 2553 Christo;
2205 2488 2326 2558 ejus
2364 2504 2584 2559 quoque
2617 2490 2936 2559 praedicatio
2959 2491 3039 2546 illi
3065 2499 3150 2546 est
3187 2493 3361 2546 veteri
3417 2507 3544 2563 per-

272 2581 476 2636 similis
505 2581 581 2646 “;
618 2581 787 2653 Moysi
814 2598 1050 2652 namque
1068 2582 1241 2638 frater
1273 2592 1358 2638 est
1386 2583 1587 2638 Aaron.

345 2673 562 2725 IIAAA.
604 2673 866 2745 ’Δδρανὴς
895 2661 1077 2728 οὖν’τό
1109 2692 1171 2744 γε
1211 2677 1291 2740 είς
1330 2677 1521 2732 ἑαυτὸν
1552 2667 1682 2745 ἧκον
1711 2679 1739 2730 6
1772 2676 1858 2731 v6-

273 2777 393 2834 μος’
428 2765 748 2818 τετελείωκε
774 2753 882 2837 γὰρ
908 2767 1079 2822 οὐδέν.

1973 2767 2112 2822 enim
2154 2766 2223 2821 ad
2259 2767 2566 2836 perfectum
2603 2766 2852 2821 adduxit.

339 2856 502 2909 ΚΥΡ.
525 2855 734 2921 Οὕτως,
763 2859 924 2928 φημὶ,
957 2859 1048 2911 καὶ
1074 2859 1134 2913 τό
1164 2877 1226 2928 γε
1254 2860 1329 2923 ὡς
1359 2858 1732 2931 μικροπρεπὲς
1763 2859 1860 2928 τῆς

2032 2857 2190 2913 CYR.
2219 2857 2472 2923 Maxime,
2509 2858 2760 2927 inquam;
2794 2854 2942 2925 quod
2973 2862 3155 2909 autem
3195 2853 3430 2909 obscura
3455 2860 3540 2907 at-

265 2949 394 2998 κατ’
427 2948 594 3001 αὑτὸν
621 2949 895 3012 πολιτείας
935 2950 1275 3022 καταθρήσαι
1304 2951 1482 3012 τιςθᾶν
1513 2951 1605 3004 καὶ
1637 2950 1724 3004 διὰ
1752 2949 1860 3003 τῶν

1973 2963 2072 3018 que
2103 2948 2330 3003 humilis
2355 2947 2523 3004 fuerit
2560 2948 2652 3002 illa
2681 2963 2749 3002 ex
2787 2947 2908 3017 ejus
2945 2949 3265 3016 przescripto
3308 2959 3537 2999 conver-

262 3035 493 3107 ἐφεξῆς.
541 3038 856 3110 Γέγραπται
893 3041 1022 3112 γὰρ,
1067 3043 1145 3094 ὅτι
1183 3060 1200 3093 ι
1253 3041 1553 3114 Ἐπορεύθη
1612 3040 1854 3110 Μωσῆς,

1973 3042 2124 3106 satio,
2183 3059 2252 3098 ex
2310 3042 2400 3106 iis,
2450 3056 2573 3110 quae
2623 3047 2951 3109 sequuntur,
3007 3038 3309 3108 intelligere
3357 3034 3537 3106 quivis

261 3127 368 3178 καὶ
397 3127 711 3200 ἀπέστρεψε
743 3130 879 3200 πρὸς
921 3130 1088 3202 Ἰοθδρ
1128 3131 1219 3184 τὸν
1248 3131 1496 3204 γαμϐρὸν
1531 3130 1691 3185 αὐτοῦ
1713 3170 1727 3194 ,
1763 3130 1858 3183 καὶ

1973 3133 2151 3201 possit.
2170 3132 2446 3201 Scriptum
2458 3138 2542 3186 est
2556 3132 2702 3186 enim
2724 3149 2736 3185 :
2760 3151 2777 3182 ι
2795 3130 2946 3185 Abiit
2969 3130 3197 3201 Moyses,
3215 3136 3271 3182 et
3285 3140 3536 3183 reversus

261 3214 428 3272 εἶπεν
455 3219 639 3290 αὐτῷ’
679 3221 1034 3292 Πορεύσομαι-
1068 3222 1162 3274 καὶ
1194 3221 1524 3291 ἀποστρέψω
1562 3220 1706 3302 πρὸς
1729 3219 1856 3281 τοὺς

1973 3227 2044 3274 est
2063 3219 2130 3273 ad
2146 3221 2340 3275 Jethro
2362 3235 2614 3274 socerum
2642 3236 2824 3283 suum,
2853 3228 2910 3272 et
2937 3218 3076 3271 dixit
3098 3217 3209 3270 illi:
3235 3215 3330 3270 Ibo
3355 3223 3410 3268 et
3439 3229 3533 3268 re-

259 3311 540 3381 ἅδελφούς
584 3328 684 3382 μου
716 3312 844 3376 τοὺς
894 3315 951 3365 ὲν
999 3312 1289 3384 Αἰγύπτῳ·
1327 3312 1418 3365 καὶ
1453 3313 1654 3382 ὄψομαι
1683 3313 1731 3363 εἰ
1775 3309 1855 3363 ἔτι

1973 3317 2139 3363 rertar
2177 3308 2246 3362 ad
2285 3308 2481 3362 fratres
2540 3325 2712 3372 meos,
2772 3309 2867 3378 qui
2920 3315 3050 3362 sunt
3094 3307 3147 3360 in
3180 3306 3447 3376 Egypto;
3481 3312 3538 3359 et

2033 2675 2230 2730 PALL.
2255 2675 2471 2730 lnfirma
2504 2675 2670 2746 igitur
2699 2683 2784 2729 est
2813 2674 2899 2729 lex
2934 2673 3052 2744 ipsa
3096 2687 3195 2743 per
3233 2686 3292 2727 se
3333 2689 3347 2726 :
3401 2671 3539 2728 nihil

270 3401 440 3466 ζῶσι.
474 3403 586 3455 Καὶ
620 3398 774 3456 εἶπεν
815 3404 844 3456 6
885 3403 1052 3474 Ἶοθὸρ
1085 3403 1162 3474 τῷ
1210 3405 1382 3474 Μωσῇ
1404 3419 1415 3430 '
1455 3401 1650 3466 Βάδιξε
1681 3401 1860 3470 ὑγιαί-

262 3513 401 3549 νων.
439 3494 598 3548 Μετὰ
638 3494 694 3548 δὲ
723 3494 822 3558 τὰς
857 3496 1067 3566 ἡμέρας
1103 3495 1202 3560 τὰς
1237 3495 1436 3557 πολλὰς
1467 3494 1708 3557 ὲκείνας,
1744 3496 1860 3547 ὲτε-

263 3587 542 3657 λεύτησεν
567 3588 595 3639 6
619 3586 871 3656 βασιλεὺς
899 3587 1188 3657 Αἰγύπτου·
1220 3587 1338 3640 εἶπε
1361 3588 1416 3640 δὲ
1441 3587 1469 3639 6
1491 3585 1693 3658 Κύριος
1724 3584 1859 3653 πρὸς

266 3681 453 3750 Ιιῐωσῆ
505 3681 564 3731 ὲν
614 3679 860 3750 Μαδιάμο
908 3679 1132 3746 Βάδιζε,
1185 3679 1384 3735 ἄπελθε
1435 3681 1512 3743 είς
1539 3679 1810 3747 Αἴγυπτον
1841 3695 1854 3709 ⁸

266 3767 577 3837 τεθνήκασι
592 3767 701 3838 γὰρ
720 3771 770 3822 οἱ
795 3771 991 3833 πάντες
1007 3773 1054 3824 οἱ
1073 3770 1358 3842 ζητοῦντες
1378 3770 1474 3841 τὴν
1498 3770 1676 3842 ψυχήν
1695 3788 1808 3824 σου.
1835 3789 1853 3822 ι

278 3857 605 3911 Ἀναλαὸὼν
645 3859 700 3912 δὲ
749 3860 955 3931 Μωσῆς
985 3860 1082 3932 τὴν
1119 3864 1350 3930 γυναῖκα
1379 3846 1498 3917 ικαὶ
1535 3863 1603 3916 τὰ
1651 3863 1857 3928 παιδία,

265 3947 614 4000 ἀνεϐίϐασεν
641 3949 780 4004 αὐτὰ
822 3951 914 4003 ἐπὶ
961 3950 1032 4005 τὰ
1065 3951 1354 4022 ὑποζύγια,
1389 3951 1483 4006 καὶ
1521 3951 1860 4024 ἀπέστρεψεν

265 4057 296 4091 ε
311 4041 354 4102 ξς
384 4041 683 4107 Αἴγυπτον.

346 4133 561 4186 IIAAA.
606 4131 714 4184 Καὶ
745 4132 797 4185 τί
831 4134 887 4186 ἐν
915 4133 1150 4199 τούτοις;
1194 4135 1254 4188 οὐ
1293 4135 1401 4206 γὰρ
1432 4134 1538 4204 ἔχω
1575 4137 1733 4200 νοεῖν,
1768 4135 1861 4188 καὶ

264 4223 502 4290 φράσαι,
523 4218 700 4293 ὲφόἷς
727 4224 1061 4298 εἰκότωςτὴν
1082 4225 1223 4279 κατὰ
1246 4226 1408 4297 νόμον
1430 4224 1572 4297 ζωὴν
1596 4224 1851 4296 ἐπαιτιῷ-

266 4313 338 4366 τό
362 4332 450 4378 τις
481 4316 570 4368 ἄν.

351 4407 524 4460 ΚΥΡ.
579 4407 771 4461 Καίτοι
833 4408 1092 4479 πλείστης
1145 4412 1279 4483 ὅσης
1323 4413 1382 4466 1:6
1405 4398 1598 4484 ’χρῆμα
1643 4415 1862 4485 μομφῆς

264 4498 770 4569 ἑκμεμεστωμένον
815 4501 1019 4555 κατίδοι
1058 4520 1141 4566 τις
1189 4504 1277 4570 ἂν,
1325 4499 1370 4558 ὦ
1403 4505 1694 4570 Παλλάδιε,
1741 4507 1861 4569 ταῖς

263 4590 379 4642 τῶν
429 4591 811 4660 προκειμένων
845 4593 1073 4657 ἐννοίαις
1111 4595 1397 4665 προϐαλὼν
1427 4595 1853 4668 ὁξυωπέστερον·

1961 3399 2158 3454 videbo
2186 3399 2232 3454 si
2261 3399 2444 3454 adhuc
2477 3399 2682 3452 vivant.
2703 3400 2772 3452 Et
2803 3399 2943 3452 dixit
2969 3399 3167 3452 .Iethro
3188 3397 3358 3467 Moysi
3384 3414 3397 3448 :
3431 3396 3539 3450 Va-

1958 3491 2027 3546 de
2059 3505 2267 3560 sospes.
2302 3491 2432 3544 Post
2483 3490 2604 3544 dies
2638 3500 2825 3544 autem
2859 3490 3062 3542 multos
3106 3487 3232 3541 illos
3287 3493 3540 3540 mortuus

1958 3590 2044 3640 est
2088 3597 2183 3636 rex
2225 3581 2442 3652 [Egypti
2476 3599 2488 3634 :
2531 3581 2672 3635 dixit
2703 3588 2889 3636 autem
2921 3579 3190 3634 Dominus
3223 3577 3293 3633 ad
3320 3578 3538 3649 Moysen

1961 3673 2015 3728 in
2038 3673 2288 3727 Madian:
2317 3672 2485 3736 Vade,
2519 3671 2870 3742 proficiscere
2903 3670 2956 3724 in
2979 3669 3269 3740 zEgyptum
3299 3667 3538 3735 ;mortui

1959 3773 2089 3820 sunt
2111 3766 2259 3820 enim
2285 3780 2481 3819 omnes
2507 3765 2600 3834 qui
2637 3764 2956 3835 quaerebant
2977 3763 3214 3817 animam
3253 3770 3399 3817 tuam
3426 3761 3489 3814 “.
3514 3779 3534 3811 ι

1954 3855 2093 3910 Cum
2148 3857 2318 3927 igitur
2375 3856 2681 3925 accepisset
2752 3855 2964 3932 Moyses
3035 3871 3264 3910 uxorem
3343 3870 3407 3908 ac
3459 3853 3534 3907 li-

1961 3946 2148 4010 beros,
2183 3947 2448 4017 imposuit
2471 3962 2568 4001 eos
2612 3962 2779 4015 super
2831 3945 3158 4017 subjugalia,
3185 3952 3242 3998 et
3279 3959 3538 3999 reversus

1961 4044 2046 4090 est
2066 4037 2121 4088 in
2152 4035 2465 4105 Egyptum.

2033 4125 2228 4180 PALL.
2252 4125 2524 4190 Quorsum
2544 4123 2659 4178 haec
2688 4123 3003 4192 pertinent?
3030 4137 3140 4176 non
3180 4121 3326 4176 enim
3372 4120 3538 4176 intel-

1961 4219 2106 4288 ligo;
2141 4223 2237 4270 aut
2301 4214 2516 4284 explica
2569 4230 2680 4284 quo
2713 4215 3080 4285 nominejure
3126 4213 3336 4284 culpari
3365 4212 3540 4284 possit

1962 4310 2053 4364 illa
2081 4307 2301 4364 vivendi
2333 4307 2494 4372 ratio,
2533 4322 2601 4362 ex
2633 4307 2753 4377 lege
2779 4305 3052 4360 instituta.

2033 4398 2191 4455 CYR.
2218 4398 2407 4469 Atqui,
2436 4395 2668 4461 Palladi,
2717 4395 2974 4466 plurimis
3013 4394 3310 4450 accusandi
3357 4393 3540 4449 causis

1961 4505 2082 4546 eam
2115 4505 2238 4560 esse
2265 4490 2546 4553 refertam,
2579 4488 2761 4559 quivis
2792 4487 3015 4552 viderit,
3046 4487 3091 4541 si
3126 4486 3538 4556 pr0positorum

1962 4583 2258 4637 verborum
2293 4581 2621 4635 sententiam
2649 4578 2866 4634 acutius
2889 4576 3188 4648 inspexerit
3217 4592 3228 4628 :
3267 4590 3390 4628 nam
3421 4574 3532 4628 eleo

264 4682 344 4744 ὠς
405 4683 928 4754 προκεχειρισμένος
985 4685 1064 4748 εἱς
1132 4687 1434 4757 ἀποστολὴν
1487 4688 1515 4739 6
1575 4688 1859 4753 θεσπέσιος

1973 4681 2085 4728 ctus
2121 4672 2188 4726 ad
2212 4672 2352 4726 hanc
2376 4671 2705 4742 legationem
2726 4669 2956 4740 Moyses,
2999 4684 3110 4722 non
3139 4665 3209 4721 ad
3236 4680 3357 4720 eam
3385 4671 3539 4719 recto

265 4774 508 4842 Μωσῆς,
543 4775 641 4826 οὐκ
671 4774 993 4846 εὐθυδρομεῖ
1024 4776 1158 4848 πρὸς
1181 4777 1339 4830 τοῦτο
1361 4777 1430 4830 τὰ
1460 4779 1516 4830 ὲν
1543 4777 1731 4848 κόσμῳ
1765 4795 1857 4846 με·

266 4867 408 4930 Θεὶς,
450 4865 731 4936 μερίζεται
779 4869 835 4922 δὲ
873 4870 967 4922 καὶ
1003 4872 1080 4934 είς
1128 4870 1383 4941 φροντίδα
1428 4871 1717 4942 σαρκικὴν,
1764 4869 1858 4922 καὶ

267 4961 384 5020 τοῖς
455 4959 594 5012 κατὰ
635 4959 791 5026 γένος
839 4961 1323 5030 προανακοινοῦται
1368 4961 1466 5032 τὴν
1528 4961 1854 5031 ἀποδημίαν.

269 5051 383 5100 Καὶ
417 5049 481 5101 οὔ
512 5050 773 5120 πρότερον
805 5053 977 5118 ὲξέθει
1025 5055 1123 5124 τῆς
1156 5053 1504 5123 Μαδιηναίων
1525 5092 1540 5117 ,
1581 5054 1629 5105 εί
1663 5053 1736 5122 μὴ
1774 5069 1862 5103 τεο

271 5141 486 5193 Ονεῶτα
514 5141 696 5195 λοιπὸν
725 5143 816 5196 τὸν
853 5145 951 5213 τῆς
991 5145 1298 5214 Αἰγυπτίων
1353 5144 1620 5214 ἐμάνθανε
1662 5143 1862 5208 τύραν-

274 5247 367 5281 νον
390 5247 404 5258 ·
455 5231 644 5285 ἐδεδίει
673 5233 782 5305 γὰρ
817 5236 1067 5288 τεθνάναι
1097 5237 1236 5290 λίάν.
1285 5236 1502 5306 Ἐπειδὴ
1541 5235 1596 5288 δὲ
1627 5234 1733 5288 τῶν
1771 5235 1861 5287 ἐπὶ

279 5319 488 5382 τούτοις
506 5321 775 5392 δειμάτων
797 5325 1112 5396 ἀπήλλακτο
1134 5327 1566 5398 προηγγελκότος
1592 5325 1738 5394 αὐτῷ
1765 5323 1856 5376 τοῦ

281 5406 435 5473 Θεοῦ,
466 5412 584 5464 τότε
622 5414 686 5485 δὴ
721 5416 872 5484 μόλις
909 5417 1190 5470 ἀναλαϐὼν
1231 5417 1328 5488 τὴν
1379 5421 1614 5486 γυναῖκα
1659 5416 1751 5469 καὶ
1791 5414 1859 5468 τὰ

281 5501 488 5564 παιδία,
530 5506 774 5559 κάτεισιν
808 5510 886 5572 εἰς
910 5509 1008 5581 τὴν
1032 5511 1361 5578 Αἰγυπτίων,
1389 5509 1768 5580 ἁποπεραίνων
1793 5508 1860 5561 τὰ

284 5595 752 5662 προστεταγμένα.
778 5594 960 5660 Τύπος
979 5596 1024 5650 δ’
1048 5596 1114 5652 ἂν
1136 5598 1218 5668 εἴη
1241 5597 1395 5650 ταυτὶ
1415 5597 1514 5666 τῆς
1536 5593 1674 5648 κατὰ
1698 5593 1858 5663 νόμον

1963 4782 2132 4821 cursu
2163 4765 2358 4830 tendit,
2394 4765 2559 4819 rebus
2597 4762 2890 4818 mundanis
2932 4759 3188 4832 abjectis;
3215 4757 3540 4812 distrahitur

1965 4866 2150 4912 autem
2185 4858 2350 4912 etiam
2381 4856 2435 4910 in
2466 4870 2630 4911 curas
2682 4853 2951 4917 carnales,
2983 4867 3048 4906 ac
3076 4851 3234 4921 prius
3285 4865 3412 4903 cum
3446 4863 3542 4903 co-

1964 4949 2142 5020 gnatis
2173 4948 2240 5002 de
2272 4948 2610 5018 perfectione
2653 4962 2754 5001 sua
2788 4943 3158 5000 communicat
3180 4981 3194 5006 ,
3229 4956 3333 4995 nec
3382 4939 3540 5010 prius

1963 5039 2199 5096 excessit
2253 5055 2282 5093 e
2328 5038 2747 5092 Madianitarum
2794 5033 3036 5106 regione,
3084 5047 3247 5103 quam
3296 5031 3539 5086 audisset

1965 5139 2241 5187 mortuum
2273 5143 2394 5184 esse
2443 5127 2818 5198 IEgyptiorum
2875 5134 3168 5198 tyrannum
3203 5142 3215 5177 :
3256 5121 3537 5178 metuebat

1965 5223 2114 5279 enim
2134 5221 2430 5276 admodum
2455 5236 2524 5274 ne
2549 5217 3118 5281 occideretur.At,ubi
3136 5212 3536 5270 histerroribus

1966 5324 2072 5379 est,
2104 5315 2217 5369 Deo
2250 5314 2561 5375 nuntiante,
2587 5311 2873 5374 liberatus,
2900 5317 3016 5363 tum
3037 5323 3169 5363 vero
3192 5304 3531 5364 vixtandcm,

1965 5415 2190 5477 accepta
2225 5421 2394 5460 uxore
2423 5419 2488 5458 ac
2512 5401 2723 5465 liberis,
2757 5398 3042 5455 descendit
3071 5399 3125 5451 in
3152 5393 3533 5465 Egyptiorum

1966 5498 2124 5561 fines,
2151 5512 2215 5551 ac
2242 5497 2338 5551 Dei
2363 5497 2512 5566 jussa
2567 5490 2904 5559 exsequitur.
2940 5488 3066 5542 Haec
3087 5500 3214 5538 vero
3255 5479 3438 5536 omnia
3466 5479 3532 5534 ti—

1966 5603 2112 5659 guraa
2145 5595 2274 5642 sunt
2305 5587 2452 5648 vitaz,
2513 5581 2812 5637 secundum
2856 5578 3033 5648 legem
3080 5572 3363 5638 institutae,
3410 5585 3533 5642 qua

358 5703 400 5735 ”
430 5705 589 5776 DN".
636 5726 783 5776 xvm,
819 5712 902 5767 18.
979 5714 1204 5770 ".loan.
1241 5728 1332 5776 xu,
1361 5713 1447 5766 49.
1526 5711 1570 5743 ³⁸
1599 5711 1754 5766 Rom.
1787 5722 1858 5761 vn

1973 5745 1982 5756 .
2059 5703 2102 5733 ³⁹
2133 5699 2297 5753 Matth
2353 5715 2404 5761 ν,
2439 5698 2528 5751 17..
2595 5696 2640 5728 ⁸ο
2673 5692 2835 5750 Hebr-
2881 5705 2974 5754 vn,
3018 5688 3102 5742 ll.
3180 5687 3222 5720 δ’
3252 5685 3423 5744 Exod.
3455 5700 3531 5750 tv,

291 5773 380 5836 Β,
424 5775 508 5830 I9.
