3954 6200
466 266 563 322 Ξῖἰὸ

1480 269 1536 325 S.
1577 269 1853 330 CYRlLLl
1890 268 2363 325 ALEXANDRI‘NI
2402 267 2720 322 ARCHIEP.

3617 264 3718 320 256

459 385 633 439 divisa
679 382 1084 454 quodammodo
1120 391 1224 446 est,
1279 383 1426 438 etin
1484 393 1776 454 utramque
1822 394 2029 456 partem

2136 384 2302 453 ζωῆς,
2337 382 2744 454 μεμερισμένης
2770 382 2968 452 τρόπον
2993 382 3134 449 τινὰ,
3166 383 3258 437 καὶ
3293 383 3377 436 ἐπ’
3405 381 3570 452 ἄμφω
3600 380 3718 451 βλε-

459 484 692 546 spectat,
727 476 794 529 ad
828 475 1063 539 divinas,
1101 475 1348 543 inquam,
1382 491 1472 530 res
1503 485 1561 530 et
1598 477 1898 543 humanas;
1930 493 2032 531 ne-

458 581 564 636 que
587 574 671 620 est
697 566 844 619 enim
876 582 906 618 a
942 565 1090 620 curis
1145 567 1380 621 terrenis
1404 582 1468 622 ac
1498 567 1794 622 mundanis
1838 567 2030 632 libera,

459 672 636 726 neque
656 657 804 710 omni
837 672 905 710 ex
934 665 1089 725 parte
1113 672 1286 711 sacra.
1327 657 1492 727 Atqui
1537 660 1850 729 evangelica
1899 676 2032 714 con-

459 748 700 803 versatio
728 749 880 802 nullo
918 748 1081 802 modo
1115 763 1341 818 prorsus
1368 750 1422 803 in
1445 766 1508 803 ea
1537 767 1658 819 qua:
1689 751 1870 804 carnis
1907 758 2035 804 sunt

457 838 763 902 dividitur,
818 845 916 892 aut
972 838 1376 892 mundanorum
1435 839 1780 909 negotiorum
1843 855 2032 906 curas;

454 931 590 1000 quin
624 931 808 1001 potius
832 946 946 994 eos,
972 930 1066 999 qui
1093 931 1195 985 sub
1217 929 1426 985 Christi
1460 931 1672 986 ditione
1709 938 1857 996 sunt,
1890 940 2036 986 totos

455 1025 686 1079 omnino
719 1025 850 1088 Deo,
887 1023 1058 1077 veluti
1086 1031 1373 1078 consecrat
1410 1032 1574 1092 atque
1601 1024 1857 1078 dedicat:
1894 1043 1911 1074 ι
1933 1022 2036 1090 Qui

462 1114 606 1168 cnim
642 1123 768 1170 sunt
802 1114 931 1168 Jesu
964 1113 1190 1180 Christi,
1235 1114 1436 1184 inquit,
1466 1130 1689 1169 carnem
1720 1131 1874 1170 suam
1913 1131 2040 1170 cru-

459 1205 753 1260 ciﬁxerunt
789 1221 914 1260 cum
948 1206 1098 1260 vitiis
1122 1214 1180 1260 et
1212 1206 1679 1276 concupiscentiis
1719 1207 1784 1260 ⁸⁸.
1808 1227 1826 1257 ι
1849 1207 2037 1277 Itaque

459 1297 570 1366 76
599 1296 906 1365 discipulus
933 1297 1176 1367 quidam,
1208 1312 1334 1352 cum
1359 1298 1628 1353 accedens
1652 1298 2036 1355 diceretChri-

459 1395 545 1443 sto
575 1406 588 1442 :
627 1408 645 1438 (
673 1389 948 1460 Magister,
974 1390 1234 1460 permitte
1279 1389 1416 1444 mihi
1451 1391 1606 1459 prius
1643 1390 1745 1455 ire,
1779 1399 1836 1445 et
1876 1407 2038 1460 sepe-

458 1479 564 1534 lire
593 1488 800 1548 patrem
854 1496 1037 1535 meum
1070 1481 1136 1546 ‘3,
1166 1501 1184 1531 ι
1231 1496 1403 1536 sacrm
1428 1483 1579 1538 omni
1625 1499 1694 1538 ex
1731 1491 1884 1553 parte
1915 1484 2040 1540 vita:

460 1568 727 1622 rationem
755 1568 969 1632 didicit,
1001 1584 1126 1623 cum
1155 1569 1305 1624 illico
1335 1564 1581 1626 audivit:
1613 1591 1630 1622 ι
1660 1570 1902 1641 Sequere
1928 1590 2038 1640 me;

458 1663 516 1709 et
564 1655 783 1711 dimitte
830 1666 1082 1712 mortuos
1137 1660 1374 1729 sepelire
1433 1669 1682 1716 mortuos
1742 1678 1873 1717 suos
1920 1664 1984 1718 “.
2012 1683 2030 1716 ο

2134 472 2364 541 πούσης,
2396 471 2531 542 πρός
2563 489 2621 524 τε
2648 471 2716 525 τὰ
2745 471 2864 525 θεῖά
2892 488 3034 542 φημι
3061 472 3156 525 καὶ
3185 472 3522 543 ἀνθρώπινα.
3562 473 3717 525 Ἐστι

2133 567 2240 636 γὰρ
2285 564 2348 635 δὴ
2396 563 2674 635 φροντίδος
2713 564 2813 616 οὐκ
2860 564 3116 634 ἐλευθέρα
3149 564 3382 632 γεώδους
3413 581 3472 616 τε
3512 565 3605 617 καὶ
3634 581 3722 618 κο-

2136 657 2358 725 σμικῆς,
2388 655 2512 709 οὔτε
2575 657 2680 726 μὴν
2709 655 2941 708 είσάπαν
2984 655 3122 723 ἱερὰ.
3159 657 3333 709 καίτοι
3363 655 3468 724 (τῆς
3499 655 3723 724 εὐαγγε-

2131 748 2289 817 λικῆς
2316 748 2589 811 πολιτείας
2625 749 2724 801 ούκ
2752 747 2980 818 ἐχούσης
3002 748 3137 811 ὅλως
3165 749 3224 800 τὸ
3249 748 3566 819 μερίζεσθαι
3588 749 3721 817 πρὸς

2137 839 2204 892 τὰ
2235 840 2456 910 σαρκὸς,
2489 840 2658 910 ἡγουν
2685 839 2819 910 πρὸς
2852 838 2920 892 τά
2947 839 3005 892 ὲν
3035 839 3225 909 κόσμῳ
3260 841 3583 909 πράγματα.
3608 840 3724 892 ὁλο-

2134 927 2350 998 τρόπως
2390 927 2476 990 δὲ,
2534 926 2723 997 ὥσπερ
2776 925 3111 998 άφιερούσης
3166 927 3244 997 τῷ
3291 927 3410 997 Θεῷ
3444 931 3570 991 τοὺς
3621 928 3724 981 ὑπὸ

2135 1018 2355 1089 Χριστῷ
2404 1019 2716 1087 γεγονότας.
2749 1038 2767 1070 ι
2804 1020 2868 1072 Ol
2910 1019 3018 1090 γὰρ
3044 1017 3138 1071 τοῦ
3181 1018 3356 1087 Ἰησοῦ
3402 1017 3672 1090 Χριστοῦ,
3698 1038 3715 1070 ι

2137 1111 2291 1180 φησὶ,
2316 1129 2335 1161 ι
2364 1107 2462 1180 τὴν
2490 1110 2664 1179 σάρκα
2686 1109 3035 1181 ἐσταύρωσαν
3060 1111 3157 1164 σὺν
3181 1113 3292 1173 τοῖς
3324 1110 3608 1180 παθήμασι
3630 1112 3725 1165 καλ⁵

2135 1203 2256 1264 ταῖς
2290 1200 2626 1270 ἐπιθυμίαις.
2653 1219 2672 1252 ›
2699 1201 2807 1255 Kal.
2827 1199 2957 1270 γοῦν
2997 1202 3183 1274 ἐπειδή
3215 1219 3297 1265 τις
3329 1201 3436 1254 τῶν
3467 1202 3724 1271 μαθητῶν

2138 1289 2450 1362 προσελθὼν
2479 1289 2684 1359 ἔφασκε
2721 1290 2800 1361 τῷ
2827 1291 3070 1362 Χριστῷο
3111 1309 3129 1342 ι
3157 1291 3476 1351 Διδάσκαλε.
3506 1293 3726 1363 ἐπίτρε-

2135 1379 2235 1449 ψόν
2263 1397 2354 1450 μοι
2374 1380 2588 1451 πρῶτον
2613 1379 2867 1434 ἀπελθεῖν
2888 1381 2981 1434 καί⁵
3005 1381 3172 1451 θάψαι
3199 1381 3292 1435 τὸν
3320 1382 3532 1453 πατέρα
3559 1401 3717 1452 μουοι

2137 1471 2234 1540 τὴν
2268 1471 2418 1542 ἱεράν
2469 1471 2774 1542 όλοτρόπως
2826 1472 3134 1526 ὲδιδάσκετο
3167 1471 3463 1534 πολιτείαν,
3498 1472 3715 1526 ἁκούων

2138 1561 2322 1626 εὐθύς·
2353 1579 2373 1613 ‹
2407 1561 2714 1615 Ἀκολούθει
2746 1578 2857 1633 μοι,
2879 1561 2973 1614 καὶ
2998 1562 3134 1630 ἄφες
3154 1553 3282 1622 τοῦς
3303 1564 3530 1634 νεκροὺς
3552 1562 3718 1632 θάψαι

2137 1653 2263 1716 τοὺς
2289 1651 2497 1706 ἑαυτῶν
2523 1653 2768 1724 νεκρούς.
2814 1671 2834 1704 ›
2877 1653 3084 1724 Γράφει
3117 1652 3174 1706 δέ
3207 1669 3318 1706 τισι
3344 1654 3437 1706 καὶ
3467 1654 3496 1706 6
3522 1652 3718 1707 θεσπέ-

459 1747 602 1813 Quin
649 1747 814 1802 etiam
874 1751 1068 1804 scribit
1107 1747 1177 1804 ad
1241 1751 1509 1820 quosdam
1560 1752 1902 1808 admirabilis
1948 1754 2029 1809 vir

2136 1759 2247 1805 σιος
2278 1742 2514 1806 Παῦλοςο
2552 1761 2570 1793 ι
2597 1743 2726 1795 Ὅτε
2762 1742 3061 1812 ηὐδόκησεν
3103 1745 3131 1795 6
3173 1741 3305 1806 Θεὸς
3365 1744 3721 1813 ἀποκαλύψαι

459 1837 699 1892 Paulus:
741 1857 758 1889 ι
792 1837 928 1893 Cum
956 1841 1165 1909 placuit
1190 1841 1302 1902 Deo
1341 1843 1583 1897 revelare
1634 1844 1832 1898 Filium
1875 1861 2036 1901 suum

459 1928 518 1982 in
550 1945 660 1994 me,
688 1937 751 1984 ut
785 1933 1218 2002 evangelizarem
1258 1933 1413 1987 illum
1457 1935 1514 1989 in
1545 1936 1822 2005 gentibus,
1856 1939 2035 1992 conti-

458 2035 573 2074 nuo
606 2035 718 2075 non
745 2023 1054 2077 consultavi
1089 2039 1216 2078 cum
1255 2040 1419 2080 carne
1439 2029 1782 2097 etsanguine
1816 2028 1882 2083 ⁸⁵.
1906 2049 1924 2080 ι
1968 2030 2038 2086 Αι

458 2125 526 2166 ea
557 2111 768 2183 Moyses
801 2113 1030 2169 adhibet
1053 2115 1111 2168 in
1143 2117 1471 2184 consilium;
1513 2117 1690 2172 divisa
1727 2106 1877 2174 enim
1926 2130 2032 2188 est,

460 2213 523 2260 ut
561 2204 694 2269 dixi,
723 2205 818 2259 illa
869 2221 934 2259 ex
963 2206 1081 2276 lege
1136 2206 1357 2262 vivendi
1397 2208 1557 2271 ratio,
1598 2211 1770 2264 metui
1817 2225 2036 2282 quoque

459 2297 652 2351 mortis
678 2297 931 2351 obnoxia.
990 2298 1242 2354 Timebat
1285 2315 1521 2369 namque
1546 2301 1756 2373 Moyses
1803 2303 2035 2359 descen-

458 2385 590 2442 dere
624 2387 680 2442 in
717 2387 1033 2459 Egyptum,
1085 2390 1280 2444 mortis
1311 2391 1617 2459 periculum
1664 2392 1960 2464 refugiens.
1986 2395 2038 2449 ls

395 2547 404 2551 _
458 2487 642 2534 autem
672 2487 854 2534 metus
887 2480 944 2533 in
971 2479 1194 2534 Christo
1227 2489 1525 2535 evacuatus
1569 2491 1671 2536 cst.
1701 2483 1870 2553 quue
1898 2485 2038 2538 Pau-

457 2570 546 2625 lus
590 2571 736 2625 idem
775 2571 1064 2626 conﬁrmat
1095 2581 1210 2626 tum
1243 2572 1310 2628 de
1349 2572 1590 2639 Christo,
1619 2583 1736 2629 tum
1774 2577 1941 2631 etiam
1965 2577 2033 2632 de

458 2659 621 2713 nobis
649 2660 897 2729 loquens,
940 2680 958 2711 ι
989 2661 1126 2727 Quia
1172 2663 1321 2716 enim
1376 2665 1533 2734 pueri
1585 2669 2032 2723 communicave-

457 2758 590 2804 runt
643 2751 796 2804 carni
841 2759 897 2806 et
925 2752 1199 2822 sanguini,
1243 2760 1300 2808 et
1348 2755 1464 2825 ipse
1510 2757 1766 2812 similiter
1803 2760 2033 2829 partici-

457 2841 606 2910 pavit
635 2841 864 2907 eisdem,
900 2854 961 2897 ut
998 2859 1095 2913 per
1129 2854 1361 2900 mortem
1391 2845 1706 2902 destrueret
1737 2865 1885 2914 eum,
1937 2852 2030 2921 qui

457 2931 694 2986 habebat
721 2934 915 2989 mortis
950 2935 1264 3004 imperium,
1299 2936 1353 2990 id
1383 2944 1488 3002 est,
1539 2938 1840 3005 diabolum,
1875 2951 1932 2996 et
1962 2942 2030 2996 li-

377 3087 382 3091 ,
456 3022 677 3078 beraret
693 3040 807 3090 eos,
827 3026 922 3095 qui
953 3026 1147 3082 timore
1177 3029 1373 3083 mortis
1405 3045 1502 3099 per
1533 3037 1701 3085 totam
1721 3032 1888 3087 vitam
1929 3035 2030 3089 ob-

2143 1833 2233 1886 τὸν
2256 1833 2380 1886 Υίὸν
2419 1833 2581 1887 αὑτοῦ
2615 1835 2672 1887 ἐν
2711 1834 2854 1904 ἐμοὶ,
2893 1834 2981 1888 ἵνα
3009 1833 3446 1904 εὐαγγελίζωμαι
3476 1836 3638 1888 αὑτὸν
3666 1837 3724 1890 έν

2140 1925 2252 1986 τοῖς
2277 1921 2506 1986 ἔθνεσιν,
2543 1922 2744 1986 εὐθέως
2775 1923 2835 1975 ού
2879 1922 3293 1994 προσανεθέμην
3319 1923 3482 1993 σαρκὶ
3512 1924 3607 1976 καὶ
3636 1925 3723 1976 αἴ-

2143 2031 2294 2083 ματι.
2329 2033 2348 2067 ι
2381 2013 2841 2085 Προσανατίθεται
2870 2014 2928 2067 δὲ
2957 2014 3181 2084 Μωσῆς.
3218 2012 3558 2084 Μεμέρισται
3586 2014 3715 2085 γὰρ,

2137 2105 2211 2168 ὡς
2241 2104 2396 2175 ἔφην,
2433 2107 2466 2175 ἡ
2512 2105 2654 2158 κατὰ
2687 2106 2850 2176 νόμον
2884 2106 3032 2174 ζωὴ,
3066 2108 3239 2159 κεῖται
3274 2105 3338 2159 δὲ,
3383 2105 3462 2159 ἔτι
3491 2107 3587 2160 καὶ
3619 2107 3722 2160 ὑπὸ

2135 2197 2228 2249 τὸν
2254 2195 2347 2249 τοῦ
2379 2196 2607 2250 θανάτου
2637 2197 2821 2266 φόϐον.
2875 2197 3092 2249 Ἐδεδίει
3126 2197 3239 2268 γὰρ
3262 2199 3290 2250 6
3315 2197 3517 2266 Μωσῆς
3553 2213 3714 2250 κατα-

2137 2287 2342 2340 ϐαίνειν
2386 2288 2466 2350 είς
2504 2288 2802 2355 Αἴγυπτον,
2854 2287 2913 2341 τὸ
2962 2287 3213 2340 τεθνάναι
3267 2287 3718 2365 παραιτούμενος.

2137 2378 2492 2448 Κατήργηται
2525 2377 2582 2430 δὲ
2613 2378 2709 2431 καὶ
2741 2376 2898 2430 τοῦτο
2933 2379 2991 2431 ὲν
3038 2377 3280 2448 Χριστῷ.
3311 2378 3418 2430 Καὶ
3454 2377 3724 2432 πιστώσε-

2135 2485 2226 2521 ται
2251 2468 2424 2537 λέγων
2446 2470 2473 2522 ὁ
2496 2469 2638 2539 ἱερὸς
2667 2469 2877 2531 Παῦλος
2910 2469 3039 2540 περί
3065 2486 3122 2522 τε
3148 2467 3386 2540 Χριστοῦ
3421 2471 3511 2523 καὶ
3538 2470 3714 2540 ἡμῶν·

2140 2576 2160 2610 ι
2202 2558 2421 2630 Ἐπειδὴ
2463 2560 2572 2630 γὰρ
2617 2559 2686 2613 τὰ
2721 2559 2906 2613 παιδία
2953 2559 3318 2630 κεκοινώνηκε
3367 2560 3569 2631 σαρκὸς
3618 2563 3719 2615 καὶ

2133 2650 2384 2718 αἵματος,
2411 2651 2504 2702 καὶ
2527 2650 2688 2714 αὐτὸς
2709 2649 3102 2722 παραπλησίοις
3127 2651 3356 2722 μετέσχε
3381 2651 3488 2705 τῶν
3511 2653 3714 2706 αὐτῶνο

2135 2747 2223 2800 ἵνα
2249 2746 2337 2801 διὰ
2361 2746 2456 2800 τοῦ
2483 2747 2712 2801 θανάτου
2741 2752 3068 2820 καταργήσῃ
3092 2747 3182 2800 τὸν
3215 2746 3274 2800 τὸ
3303 2747 3501 2818 κράτος
3531 2747 3722 2817 ἔχοντα

2132 2839 2226 2892 τοῦ
2262 2840 2514 2903 θανάτου,
2541 2839 2684 2892 τοῦτ’
2712 2839 2848 2902 ἔστι,
2881 2839 2970 2892 τὸν
3013 2839 3276 2903 διάϐολον,
3315 2840 3408 2892 καὶ
3436 2841 3724 2912 ἀπαλλάξῃ

2131 2929 2373 2993 τούτους,
2405 2932 2517 2984 ὅσοι
2543 2929 2689 3000 φόϐῳ
2707 2929 2933 2984 θανάτου
2955 2929 3042 2983 διὰ
3073 2931 3273 2994 παντὸς
3293 2931 3386 2983 τοῦ
3407 2931 3504 3001 ζῇν
3539 2931 3720 3003 ἔνοχοι

2131 3017 2271 3092 ἦσαν
2304 3022 2563 3084 δουλείας.
2597 3041 2616 3074 ι
2660 3023 2951 3092 Τοιγάρτοι
3009 3024 3105 3076 καὶ
3144 3024 3308 3077 αὑτοῦ
3340 3024 3430 3076 τοῦ
3467 3025 3722 3079 τεθνάναι

455 3115 605 3168 noxii
652 3123 810 3170 erant
848 3117 1100 3172 servituti
1153 3118 1218 3171 ⁴⁶.
1245 3139 1263 3170 ι
1306 3120 1493 3190 Itaque
1551 3121 1817 3178 adversus
1856 3124 2029 3194 ipsam

2137 3113 2340 3181 λοιπὸν,
2373 3116 2402 3167 ό
2427 3113 2534 3166 τῶν
2561 3115 2730 3184 ἁγίων
2753 3115 3219 3187 καταθρασύνεται
3247 3117 3390 3180 νοῦς.
3430 3118 3572 3190 Ἔφη
3609 3119 3722 3189 γὰρ

455 3222 674 3276 quoque
711 3219 943 3262 mortem
979 3216 1295 3265 sanctorum
1331 3211 1577 3266 virorum
1607 3213 1823 3268 animus
1859 3215 2041 3270 auda--

455 3306 574 3354 cier
610 3300 864 3371 insurgit.
895 3300 985 3355 Ait
1005 3302 1150 3356 enim
1179 3303 1383 3358 Paulus
1404 3320 1651 3358 rursum:
1681 3306 1840 3360 «Mihi
1872 3324 2032 3363 nant-

453 3405 561 3460 que
608 3393 794 3448 vivere
841 3391 1093 3448 Christus
1126 3401 1230 3457 est,
1288 3402 1344 3448 et
1391 3395 1528 3449 mori
1565 3396 1782 3450 lucrum
1807 3397 1873 3452 ".
1904 3416 1922 3448 ›
1961 3399 2030 3452 Ει

454 3481 684 3536 iterum:
719 3502 737 3534 ι
759 3482 893 3548 Quis
921 3499 1023 3538 nos
1059 3486 1339 3553 separabit
1395 3501 1426 3540 a
1467 3486 1734 3541 charitate
1784 3487 2047 3542 Christi?"

455 3569 786 3635 Tribulatio,
806 3586 874 3624 an
897 3571 1166 3640 angustia,
1194 3586 1262 3624 an
1283 3573 1614 3640 persecutio,
1645 3588 1713 3626 an
1741 3572 1930 3639 fames,
1958 3591 2026 3630 an

452 3663 693 3727 nuditas,
723 3680 791 3718 an
814 3665 1143 3733 periculum,
1176 3681 1245 3719 an
1287 3664 1501 3735 gladius
1533 3665 1614 3719 ’⁸⁸⁸2
1641 3687 1657 3718 ι
1700 3667 1901 3725 Teneri
1927 3683 2039 3722 au-I

453 3763 564 3808 tem
616 3762 766 3808 metu
795 3754 992 3810 mortis
1024 3757 1215 3822 vitam,
1249 3772 1370 3826 qua:
1402 3773 1470 3813 ex
1511 3758 1654 3829 legis
1687 3759 1877 3829 regula
1921 3759 2024 3813 du-

452 3854 628 3911 catur;
681 3854 982 3916 contraque
1030 3848 1226 3902 mortis
1270 3847 1542 3903 devitasse
1608 3849 1853 3918 laqueos“
1883 3849 2026 3904 hanc

452 3935 638 4005 gloria:
670 3936 887 4005 plenam
918 3936 976 3990 in
1018 3935 1241 3992 Christo
1289 3937 1785 4000 conversationem,
1816 3937 1870 3992 id
1889 3954 2032 4007 quo-

452 4040 558 4094 que
582 4025 804 4094 planum
837 4024 899 4079 ﬁt
945 4041 1013 4079 ex
1057 4039 1144 4090 eo,
1177 4025 1325 4095 quod
1365 4041 1522 4080 sacra
1569 4024 1857 4096 Scriptura
1905 4027 2022 4081 cla-

450 4124 584 4180 mat,
627 4131 880 4186 regnasse
909 4124 1147 4172 mortem
1171 4117 1240 4172 ab
1278 4117 1452 4172 Adam
1479 4133 1654 4188 usque
1678 4117 1747 4173 ad
1778 4117 2017 4190 Moysen.

451 4205 587 4274 Quis
628 4222 762 4262 vero
797 4208 940 4262 alius
955 4207 1230 4263 destruxit
1261 4216 1630 4274 mortem,_aut
1652 4207 2024 4278 corruptionis

450 4296 743 4366 imperium
775 4296 994 4368 dejecit,
1027 4299 1372 4368 servavitque
1398 4313 1509 4352 non
1531 4297 1820 4352 credentes
1833 4298 2018 4362 modo,

2139 3203 2300 3258 πάλιν
2323 3204 2351 3256 ό
2394 3203 2620 3267 Παῦλος·
2655 3222 2674 3255 ι
2722 3205 2876 3274 Ἐμοὶ
2907 3207 3013 3276 γάρ
3039 3207 3100 3259 τὸ
3124 3207 3223 3274 ζῇν
3249 3208 3504 3279 Χριστὸς,
3540 3211 3636 3262 καὶ
3663 3211 3722 3263 τὸ

2137 3293 2426 3348 ἀποθανεῖν
2457 3294 2665 3365 κέρδος.
2705 3315 2722 3346 ι
2769 3297 2877 3349 Kal.
2905 3296 3086 3349 πάλιν·
3138 3317 3156 3349 ι
3189 3299 3283 3361 Τίς
3312 3301 3459 3369 ἡμᾶς
3492 3303 3720 3371 χωρίσει

2135 3385 2242 3439 ἀπὸ
2279 3386 2379 3456 τῆς
2411 3387 2630 3457 ἀγάπης
2655 3387 2747 3441 τοῦ
2782 3389 3051 3459 Χριστοῦς
3089 3389 3268 3458 θλίψις
3297 3391 3333 3462 ἢ
3362 3397 3717 3461 στενοχωρία,

2134 3476 2180 3546 ἢ
2209 3477 2542 3548 διωγμὸς,.ἢ
2576 3477 2760 3548 λιμὸς,
2855 3481 3149 3551 γυμνότης,
3186 3482 3224 3551 ἤ
3249 3481 3510 3546 κίνδυνος,
3543 3484 3575 3552 ἢ
3610 3487 3720 3553 μά-

2134 3585 2332 3640 χαιρα;
2365 3589 2384 3621 ι
2413 3570 2536 3623 Ὅτι
2567 3569 2623 3622 δὲ
2663 3574 2774 3635 τοῖς
2797 3573 2892 3625 τοῦ
2933 3572 3162 3627 θανάτου
3189 3573 3445 3644 δείμασιν
3469 3576 3720 3646 ἐνέχεται

2137 3661 2236 3729 μὲν
2260 3663 2292 3730 ή
2321 3660 2460 3714 κατὰ
2483 3661 2644 3732 νόμον
2672 3661 2804 3734 ζωὴ,
2836 3663 3020 3734 διέδρα
3040 3663 3096 3716 δὲ
3116 3663 3272 3716 τοῦτο
3295 3665 3394 3736 τῆς
3415 3667 3473 3719 ἐν
3493 3667 3722 3738 Χριστῷ

2136 3750 2420 3816 πολιτείας
2440 3752 2500 3806 τὸ
2529 3753 2822 3825 καύχημα,
2850 3749 3018 3822 σαφὲς
3045 3754 3111 3810 ἂν
3135 3755 3367 3824 γένοιτο,
3399 3757 3722 3828 βεϐασιλευ-

2135 3841 2289 3894 κέναι
2337 3841 2428 3896 τὸν
2460 3842 2690 3897 θάνατον
2726 3844 2834 3897 ἀπὺ
2877 3843 3047 3910 Ἀδὰμ
3091 3844 3187 3899 καὶ
3231 3847 3394 3917 μέχρι
3435 3847 3720 3914 Μωσέως,

2134 3934 2277 4006 ἱεροῦ
2312 3935 2538 4006 βοῶντος
2573 3937 2920 4008 Γρὰμηματος.
2970 3935 3108 3990 Ἀλλ’
3155 3940 3182 3991 ό
3222 3941 3575 4010 καταργήσας
3624 3943 3722 3995 τὸν

2129 4025 2376 4092 θάνατον,
2430 4029 2525 4080 καὶ
2576 4031 2675 4100 τῆς
2724 4029 2928 4100 φθορᾶς
2978 4031 3310 4096 κατασείσας
3355 4034 3415 4086 τὸ
3470 4035 3680 4106 κράτος
3707 4074 3722 4097 ,
3762 4013 3788 4028 ε

2128 4117 2415 4182 ἁνασώσας
2433 4135 2493 4172 τε
2521 4119 2654 4190 ὁμοῦ
2684 4123 2795 4184 τοῖς
2822 4121 3140 4176 πιστεύουσι·
3164 4125 3254 4177 ml.
3286 4125 3410 4188 τοὺς
3435 4126 3540 4178 ύπδ
3561 4129 3724 4197 νόμῳ

2127 4208 2644 4280 παιδαγωγηθέντας
2678 4211 2842 4278 ποτὲ,
2879 4213 2963 4276 τίς
3001 4212 3067 4267 ἂν
3099 4215 3184 4284 εῐη
3216 4215 3424 4286 ἕτερος,
3459 4217 3603 4289 πλὴν
3635 4221 3724 4272 ὅτι

2127 4296 2221 4350 καὶ
2265 4298 2421 4368 μόνος
2461 4299 2488 4351 ό
2527 4298 2731 4370 Κύριος
2773 4301 2932 4371 ἡμῶν
2978 4302 3184 4374 Ἰησοῦς
3217 4304 3244 4356 ό
3273 4305 3539 4376 Χριστός;
3581 4325 3602 4358 ι
3641 4309 3721 4362 Οὐ

449 4387 544 4442 sed
573 4404 669 4443 eos
711 4404 950 4459 quoque,
999 4391 1094 4459 qui
1128 4390 1230 4444 sub
1273 4389 1409 4458 legis
1453 4388 1748 4458 disciplina
1779 4388 2019 4445 instituti

2132 4387 2234 4456 γὰρ
2257 4387 2512 4458 πρέσϐυς,
2541 4389 2641 4442 οὐκ
2667 4390 2916 4459 ἄγγελος,
2945 4391 3057 4445 ἀλλ’
3092 4394 3256 4458 αὐτὸς
3282 4397 3310 4448 ό
3340 4394 3545 4465 Κύριος
3576 4397 3724 4450 ἔσως-

449 4480 694 4545 fuerant,
755 4483 864 4535 nisi
915 4483 1068 4536 solus
1120 4482 1385 4535 Dominus
1419 4490 1608 4535 noster
1643 4481 1805 4536 Jesus
1857 4481 2020 4537 Chri-

2132 4497 2215 4534 σεν
2245 4481 2471 4544 αὐτοὺς,
2514 4500 2537 4531 ι
2568 4483 2904 4552 προφητικὸν
2953 4483 3057 4554 ἔφη
3097 4486 3498 4557 χρησμῲδημα.
3550 4488 3724 4553 Ἱδοις

447 4578 566 4626 stus
586 4571 628 4604 ι’
654 4570 678 4624 ?
715 4589 732 4622 ι
756 4571 874 4626 Νοη
899 4572 1046 4626 enim
1085 4571 1315 4641 legatus,
1354 4587 1463 4624 non
1492 4573 1736 4642 angelus,
1768 4572 1864 4627 sed
1901 4573 2017 4644 ipse

447 4662 712 4718 Dominus
734 4664 964 4718 salvavit
985 4678 1080 4717 eos
1096 4664 1164 4728 ⁸ο,
1188 4681 1206 4713 ι
1238 4664 1558 4734 prophetico
1583 4680 1844 4735 responso
1876 4683 2018 4736 pra:-

449 4754 656 4810 dictum
685 4764 787 4811 est.
814 4755 967 4810 Licet
996 4762 1180 4810 autem
1236 4755 1337 4810 tibi
1361 4757 1696 4828 perspicere,
1742 4774 1922 4829 neque
1962 4760 2017 4814 id

447 4843 705 4912 obscure,
746 4847 910 4918 hujus
935 4847 1016 4902 rei
1043 4848 1366 4918 mysterium
1393 4849 1546 4903 velut
1579 4849 1635 4903 in
1681 4848 1851 4920 ﬁgura
1881 4867 2018 4920 qua—

449 4934 576 4988 dam
609 4937 664 4990 in
724 4938 790 4993 iis
817 4938 1004 5002 rebus,
1057 4954 1178 5008 qua:
1206 4939 1368 4994 beato
1400 4940 1568 5010 Moysi
1627 4941 1978 5011 contigerunt
2005 4959 2018 4995 :

443 5026 555 5095 jam
582 5027 728 5081 cnim
759 5029 1124 5098 proﬁciscenti
1155 5045 1222 5084 ex
1252 5030 1670 5085 Madianitarum
1708 5031 1934 5097 ﬁnibus,
1958 5049 2022 5088 ac

448 5121 766 5189 properanti
805 5119 864 5174 in
902 5120 1214 5191 Egyptum,
1277 5121 1416 5175 dixit
1472 5122 1663 5176 Deus:
1711 5142 1729 5173 ε
1763 5124 1902 5177 Dum
1931 5123 2020 5178 in-

448 5211 695 5280 grederis
741 5227 809 5267 ac
842 5213 1134 5268 reverteris
1171 5213 1226 5266 in
1257 5212 1571 5284 Egyptum,
1609 5214 1735 5269 vide
1765 5216 2020 5288 prodigia

447 5301 650 5357 omnia.
682 5317 804 5371 quae
831 5301 956 5356 dedi
985 5303 1039 5356 in
1079 5303 1334 5357 manibus
1363 5302 1496 5368 tuis,
1527 5303 1698 5359 facies
1736 5320 1801 5360 ea
1825 5321 2010 5361 coram

447 5387 727 5447 Pharaone
748 5392 812 5445 ⁵¹.
837 5411 857 5442 ι
903 5391 1007 5461 '77
1035 5393 1104 5449 Et
1125 5391 1452 5462 quibusdam
1488 5392 1863 5462 interpositis:
1897 5413 1913 5444 ι
1944 5395 2014 5449 Et

447 5480 668 5547 accidit,
715 5483 918 5554 inquit,
950 5484 1006 5538 in
1040 5483 1260 5550 itinere,
1315 5483 1370 5538 in
1413 5483 1722 5540 diversorio
1768 5486 2014 5542 occurrit

519 5593 564 5623 δ’
592 5592 765 5666 Calat.
805 5613 858 5660 v,
887 5598 976 5652 24.
1052 5599 1099 5630 ⁸³
1132 5599 1320 5656 Matth.
1363 5618 1478 5666 vui,
1507 5602 1597 5656 21.
1680 5603 1724 5635 ⁵⁸
1767 5603 2012 5659 lbid.2‘2.

2132 5605 2337 5659 ‘Calat.
2373 5621 2410 5664 ι,
2454 5605 2536 5658 16.

2122 4571 2170 4624 δ’
2199 4571 2263 4626 ἂν
2297 4574 2390 4626 καὶ
2426 4572 2570 4642 μάλα
2600 4573 2782 4642 σαφῶς
2810 4575 2870 4628 τὺ
2900 4576 2992 4628 ἐπὶ
3046 4576 3180 4646 τῷδε
3219 4580 3515 4648 μυστήριον
3547 4577 3628 4642 ὡς
3661 4582 3725 4632 ὲν

2123 4664 2276 4734 τύπῳ
2319 4664 2479 4716 πάλιν
2521 4667 2633 4728 τοῖς
2685 4666 3055 4736 συμϐεϐηκόσι
3100 4666 3176 4738 τῷ
3219 4668 3474 4739 μακαρίῳ
3507 4670 3723 4741 him-3f].

2136 4755 2491 4826 Ἐξοιχομένῳ
2517 4755 2624 4828 γὰρ
2660 4757 2760 4828 ἤδη
2790 4759 2890 4828 τῆς
2919 4759 3286 4830 Μαδιηναίων,
3326 4760 3725 4815 διασπεύδοντί

2115 4859 2174 4898 τε
2208 4843 2392 4896 λοιπὸν
2419 4847 2497 4907 είς
2525 4845 2825 4914 Αἴγυπτον,
2854 4846 2959 4919 ἔφη
2984 4849 3134 4913 Θεός’
3175 4868 3193 4902 ι
3230 4851 3722 4922 Είσπορευομὲνου

2119 4952 2214 4989 σου
2239 4938 2333 4991 καὶ
2363 4939 2796 5009 ὰποστρέφοντος
2821 4941 2901 5004 είς
2933 4940 3228 5009 Αἴγυπτον,
3264 4943 3366 5013 ὅρα
3397 4941 3467 4995 τὰ
3497 4942 3723 5012 τέρατα

2119 5029 2320 5095 πάντα,
2363 5029 2399 5083 ἃ
2432 5029 2638 5084 δέδωκα
2673 5033 2732 5084 ὲν
2774 5035 2894 5096 ταῖς
2939 5034 3096 5104 χερσί
3130 5050 3246 5100 σου,
3279 5034 3529 5103 ποιήσεις
3563 5034 3723 5086 αὐτὰ

2118 5122 2358 5176 ἐναντίον
2385 5121 2604 5194 Φαραὼ.
2643 5142 2662 5176 ι
2710 5125 2819 5178 Καὶ
2863 5125 2982 5195 μεθ’
3019 5127 3200 5196 έτερω
3259 5144 3276 5178 ι
3311 5127 3417 5179 Kal.
3441 5125 3679 5194 ἐγένετο
3702 5169 3719 5192 ,

2121 5213 2305 5282 φησὶν,
2357 5214 2416 5266 ὲν
2453 5216 2519 5284 τῇ
2555 5213 2692 5284 ὀδῷ,
2742 5216 2801 5268 ὲν
2845 5216 2922 5286 τῷ
2966 5216 3308 5286 καταλύματι
3369 5217 3724 5288 συνήντησεν

2118 5304 2269 5376 αύτῷ
2293 5305 2520 5374 ἄγγελος
2550 5306 2756 5378 Κυρίου
2775 5345 2789 5370 ,
2825 5308 2920 5360 καὶ
2952 5309 3133 5379 ἐζήτει
3162 5307 3324 5360 αὑτὸν
3352 5309 3720 5363 ἀποκτείναι.ο

2119 5397 2215 5450 καλ⁸
2241 5395 2476 5450 λαϐοῦσα
2505 5397 2780 5468 Σεπφώρα
2810 5397 3011 5468 ψῆφον,
3063 5400 3356 5470 περιέτεμε
3395 5399 3492 5469 τὴν
3526 5401 3722 5472 ἀκρο-

2119 5486 2343 5541 ϐυστίαν
2375 5487 2468 5540 τοῦ
2513 5487 2628 5541 υἱοῦ
2654 5488 2875 5559 ,αὑτῆς,
2907 5490 3002 5543 καὶ
3047 5490 3353 5560 προσέπεσε
3390 5490 3530 5560 πρὸς
3572 5494 3722 5556 τοὺς

2617 5605 2844 5678 ⁵⁸]1ο1π.
2883 5609 3099 5673 vum”,
3310 5609 3353 5641 "
3387 5607 3638 5678 Philipp.
3670 5623 3715 5676 ι,

450 5661 541 5716 ει.
618 5662 662 5695 δε
691 5663 849 5719 Rom.
883 5682 994 5734 vm,
1203 5670 1245 5703 κο
1291 5670 1404 5725 bid.
1465 5661 1633 5740 i312.
1711 5674 1756 5716 ιο
1797 5674 1898 5728 lsa.
1942 5691 2086 5736 nm.
2118 5673 2169 5728 9.
2249 5676 2290 5707 ιι
2341 5661 2506 5729 liv-ml.
2549 5692 2616 5733 IV.
2648 5675 2736 5728 οι.
