3954 6200
285 205 388 262 257

1019 203 1115 263 DE
1150 205 1597 264 ADORATIONE
1631 206 1701 262 IN
1742 204 1950 263 SPIRI'I
1968 207 2010 264 Ii
2051 208 2137 264 ΕΤ
2174 209 2540 266 VERITATE.
2581 211 2710 267 LIB.
2747 213 2814 266 ll.

3425 215 3528 272 258

285 319 448 382 πόδας
482 316 647 373 αύτοῦ
670 359 687 385 ,
743 318 834 374 καὶ
874 314 1053 376 εἶπεν·
1107 323 1276 395 Ἔστη
1318 324 1380 377 τὸ
1426 319 1567 395 αἷμα
1615 323 1718 391 τῆς
1761 340 1859 378 πε⁶

1984 325 2042 379 lli
2072 326 2297 396 angelus
2351 327 2590 392 Domini,
2627 339 2684 383 et
2735 327 3015 398 quaerebat
3070 327 3322 382 occidere
3357 343 3526 395 eum;

286 408 511 482 ριτομῆς
557 409 653 464 τοῦ
698 410 910 465 παιδίου
955 429 1082 482 μου.
1122 431 1142 466 ι
1174 409 1322 485 ΊΓΑρόι
1355 431 1436 468 σοι
1469 414 1682 486 μακροῦ
1721 415 1859 486 πρὸς

284 507 577 575 σαφήνειαν
604 503 787 575 δεήσει
807 504 1001 573 λόγους
1027 505 1192 577 ἢγουν
1221 508 1450 580 ἐναργὲς
1477 508 1538 562 τὸ
1562 507 1855 579 θεώρημα;

1964 431 2089 472 cum
2123 428 2304 472 autem
2343 420 2645 490 accepisset
2661 420 2944 491 Sepphora
2975 420 3268 484 calculum,
3290 419 3528 474 circum-

1965 508 2099 562 cidit
2130 510 2458 595 prmputium
2485 510 2585 564 ﬁlii
2616 512 2724 575 sui,
2756 519 2812 565 et
2835 510 3072 582 procidit
3101 511 3170 565 ad
3199 511 3368 580 pedes
3387 513 3530 582 ejus,

285 608 336 652 et
367 597 508 650 dixit
533 615 546 649 :
576 595 742 651 Stetit
773 598 996 667 sanguis
1022 599 1462 655 circumcisionis
1477 599 1702 655 ﬁliimei
1737 617 1750 653 :
1781 608 1838 654 et
1873 597 2212 655 discessitab
2249 617 2336 667 eo,
2367 603 2494 672 quia
2520 603 2693 657 dixit:
2727 604 2888 658 Stetit
2907 605 3127 675 sanguis
3149 605 3528 659 circumcisio.

282 689 363 742 nis
410 687 506 741 ﬁlii
531 688 641 743 mei
675 688 742 739 “.
773 706 792 738 ι
824 689 1020 745 Utrum
1065 691 1233 762 igitur
1284 691 1383 746 tibi
1421 692 1655 763 longiori
1707 706 1849 762 opus
1913 698 2001 745 est
2064 691 2312 747 oratione
2367 693 2436 748 ad
2474 693 2899 763 explicandum?
2943 708 3012 748 an
3066 695 3390 764 perspicuus
3444 701 3529 748 est

283 788 437 840 locus
469 782 538 836 ad
571 783 1052 853 contemplandum
1083 786 1444 856 propositus?

352 871 560 924 HAAA.
584 870 660 924 Οὐ
683 871 782 941 μὲν
803 866 896 924 οὖν
913 888 928 902 ο
956 872 1180 942 συνίημι
1204 874 1312 944 γὰρ
1337 873 1584 945 οὐδαμῶς
1601 874 1630 926 ὅ
1650 873 1703 926 τί
1730 872 1860 926 ποτέ

287 964 400 1014 ἐστι
436 961 495 1014 τὸ
541 960 615 1024 ὡς
665 961 724 1014 ἐν
762 962 890 1032 σκιᾷ
933 960 1011 1032 τῷ
1065 962 1433 1035 συμϐεϐηκότι
1505 963 1860 1018 καταδεικνύ-

287 1070 464 1124 μενον.

343 1146 517 1200 ΚΥΡ.
547 1144 621 1198 Ού
648 1143 757 1215 γὰρ
777 1185 794 1211 ,
826 1137 871 1198 ὦ
917 1144 1169 1216 φιλότης,
1207 1145 1408 1217 ἀληθὲς
1434 1141 1573 1200 εῖναι
1605 1147 1712 1217 φὴς
1731 1185 1747 1210 ,
1778 1146 1858 1200 ὅτι

283 1237 514 1291 θανάτου
554 1236 783 1306 κάτοχος
816 1237 849 1306 ἡ
878 1235 1167 1308 ἀνθρώπου
1198 1237 1361 1307 φύσις
1393 1238 1458 1292 ἐκ
1496 1240 1595 1310 τῆς
1627 1237 1860 1309 ἀρχαίας

284 1328 493 1398 ἐκείνης
523 1327 745 1395 γέγονεν
776 1325 953 1396 ἀρᾶς;
1004 1323 1219 1398 εἴρηται
1247 1328 1355 1399 γὰρ
1387 1329 1524 1400 πρὸς
1568 1330 1750 1399 ἡμᾶς,
1785 1328 1861 1391 ὡς

286 1420 336 1472 ἐν
372 1421 601 1490 ἀπαρχῇ
658 1417 752 1471 τοῦ
798 1415 989 1486 γένους
1047 1419 1143 1472 καὶ
1201 1418 1325 1490 ῥίζῃ
1363 1423 1431 1492 τῇ
1480 1421 1742 1476 ἀνωτάτω
1784 1419 1862 1492 τῷ

298 1510 482 1581 Ἀδάμ·
521 1527 544 1561 ι
579 1508 654 1580 Γῆ
682 1502 753 1575 εἴ,
783 1508 878 1562 καὶ
897 1510 978 1572 είς
1004 1508 1107 1580 γῆν
1139 1509 1433 1582 ἀπελεύση.
1478 1529 1498 1565 ι

359 1688 565 1744 ΠΑΔΛ.
597 1686 747 1741 Πάνυ
780 1685 878 1758 μὲν
907 1680 1022 1742 οὖν.

372 1779 529 1834 KTP.
573 1775 786 1831 Οὐκοῦν
834 1776 1132 1848 ἐπειδήπερ
1161 1776 1260 1850 τὴν
1300 1777 1393 1832 τοῦ
1436 1779 1627 1848 γένους
1669 1781 1864 1852 ἀρχὴν,

307 1871 386 1924 τὸν
415 1872 476 1923 ἐκ
501 1869 604 1939 τῆς
629 1868 906 1941 ἁμαρτίας
936 1868 1284 1940 συμϐέϐηκεν
1309 1870 1660 1943 ἀῤῥωστῆσαι
1702 1871 1866 1928 θάναο

302 1977 400 2024 τον,
429 1959 745 2028 ἀναγκαίως
777 1959 874 2013 καὶ
894 1961 973 2024 είς
998 1960 1146 2031 ἡμᾶς
1182 1960 1377 2025 αὐτοὺς
1395 1960 1458 2014 τὸ
1481 1963 1668 2034 χρῆμα
1691 1963 1865 2034 διέϐη,

301 2051 384 2103 καὶ
411 2048 552 2120 ὁμοῦ
586 2052 652 2121 τῇ
676 2048 804 2123 ῥίζῃ
836 2049 928 2104 καὶ
945 2050 1014 2105 τὰ
1047 2051 1106 2118 ἐξ
1125 2051 1296 2122 αὐτῆς
1316 2052 1612 2108 ὰναθέοντα
1642 2073 1866 2109 κατενε-

298 2142 434 2214 μήθη
454 2141 622 2211 φυτά.
651 2140 896 2212 Φθαρτοῦ
913 2141 1022 2214 γὰρ
1046 2140 1298 2214 σώματος
1320 2143 1555 2214 φθαρτὸς
1576 2146 1605 2199 ὁ
1630 2145 1866 2215 καρπός.

291 2230 441 2284 οὕτω
478 2229 833 2300 βεϐασίλευκε
866 2230 1008 2286 κατὰ
1042 2231 1257 2286 πάντων
1285 2234 1314 2286 ὁ
1352 2232 1580 2298 θάνατος
1599 2275 1614 2300 ,
1645 2235 1741 2289 καὶ
1771 2235 1868 2305 μέ-

293 2341 406 2395 χρις
430 2320 606 2375 αὑτοῦ
637 2321 901 2387 Μωσέως,
922 2322 1067 2377 τοῦτ’
1095 2323 1233 2392 ἔστι,
1257 2323 1367 2378 τῶν
1399 2325 1541 2380 κατὰ
1564 2327 1726 2397 νόμον
1751 2344 1874 2382 και-

292 2413 415 2484 ρῶν.
442 2412 632 2476 Τύπος
654 2407 748 2466 οὖν
774 2413 882 2484 ἄρα
919 2413 1100 2485 σαφής
1125 2431 1186 2467 τε
1214 2415 1307 2469 καὶ
1332 2417 1567 2487 ἐναργὴς
1590 2417 1683 2471 τοῦ
1711 2419 1872 2490 μέχρι

287 2503 535 2568 Μωσέως
563 2503 777 2575 ίσχύσαι
809 2503 900 2559 τὸν
937 2503 1189 2574 θάνατον,
1222 2506 1318 2560 καὶ
1352 2507 1673 2562 ὑποκεῖσθαι
1699 2509 1874 2581 φθορᾷ

289 2596 354 2650 τὰ
377 2595 701 2668 ἀνθρώπινα
725 2635 741 2660 ,
780 2595 842 2649 τὸ
882 2596 1169 2666 ἀγγελικὸν
1211 2600 1514 2672 ἐγχείρημα
1559 2601 1699 2655 κατὰ
1745 2603 1876 2657 Μω-

293 2689 424 2754 σέως
445 2690 596 2744 τότε.
623 2688 768 2761 Πλὴν
783 2688 1048 2742 ἐδυσώπει
1060 2689 1151 2744 τὸν
1167 2689 1536 2762 όλοθρεύοντα,
1560 2694 1656 2748 καὶ
1673 2695 1878 2764 ἀφίστα

287 2780 556 2844 Μωσέως,
591 2781 625 2850 ὴ
655 2777 898 2844 σύνοικός
925 2797 985 2846 τε
1008 2781 1102 2834 καὶ
1133 2783 1547 2855 συνηρμοσμένη
1581 2785 1875 2857 Σεπφὼρα,

2036 864 2234 924 PALL.
2268 870 2485 925 Minime
2545 871 2802 942 quidem:
2846 887 3024 942 neque
3081 871 3229 926 enim
3263 871 3526 944 intelligo,

1965 961 2229 1030 quidnam
2281 962 2418 1016 illud
2475 961 2568 1028 sit,
2603 963 2748 1032 quod
2803 964 2957 1019 velut
3004 979 3104 1033 per
3133 961 3386 1017 umbram
3422 963 3535 1018 hoc

1964 1049 2111 1106 facto
2138 1051 2502 1122 signiﬁcetur.

2034 1139 2192 1194 CYR.
2227 1142 2440 1206 Nonne,
2474 1143 2702 1208 Palladi,
2726 1159 2918 1198 verum
2947 1159 3068 1198 esse
3106 1144 3206 1209 ais,
3237 1146 3402 1200 morti
3431 1145 3532 1200 ob-

1964 1232 2183 1285 noxiam
2207 1232 2406 1286 factam
2459 1248 2580 1287 esse
2615 1234 2897 1288 hominum
2950 1243 3202 1294 naturam
3260 1251 3327 1290 ex
3362 1238 3533 1291 male-

1965 1321 2113 1376 dicto
2145 1323 2466 1378 illo.veteri?
2497 1324 2707 1378 dictum
2740 1341 2976 1394 namque
3009 1325 3276 1380 adversus
3304 1341 3404 1380 nos
3427 1335 3533 1392 est,

1966 1414 2114 1484 quod
2142 1424 2227 1470 est.
2255 1415 2358 1485 ipsi
2391 1416 2588 1481 Ada'm,
2620 1416 2790 1470 veluti
2821 1417 3083 1487 primitiis
3103 1416 3276 1471 nostri
3299 1417 3535 1488 generis,

1897 1503 1942 1558 Β
1970 1511 2028 1558 et
2056 1518 2326 1574 supremae
2361 1504 2536 1560 radici
2571 1504 2812 1570 dictum;
2852 1523 2870 1555 ‹
2900 1504 3069 1560 Terra
3097 1520 3178 1570 es,
3213 1516 3271 1560 et
3332 1505 3388 1560 in
3420 1516 3535 1561 ter-

1967 1609 2084 1649 ram
2111 1594 2218 1648 lbis
2246 1595 2312 1646 ⁸³.
2339 1613 2356 1644 ι

2036 1685 2234 1741 PALL.
2267 1685 2497 1741 Maxime
2518 1702 2670 1741 vero.

2036 1777 2194 1834 CYR.
2240 1777 2379 1834 Cum
2437 1779 2603 1849 igitur
2652 1777 2946 1844 evenisset,
2986 1788 3049 1832 ut
3097 1778 3274 1849 ipsum
3324 1795 3540 1850 generis

1967 1870 2141 1924 nostri
2185 1870 2403 1924 initium
2434 1869 2618 1934 morti,
2668 1883 2889 1938 quai'ex
2939 1878 3165 1939 peccato
3215 1871 3536 1935 exstiterat,

1968 1960 2276 2031 subjectum
2315 1969 2488 2024 esset,
2534 1958 2849 2015 necessario
2905 1959 2960 2013 in
2993 1974 3096 2014 nos
3138 1960 3285 2030 ipsos
3321 1974 3540 2029 quoque

1969 2052 2075 2106 hoc
2124 2052 2326 2106 malum
2363 2052 2738 2122 pertransivit,
2783 2059 2840 2107 et
2871 2067 2982 2106 una
3034 2065 3160 2105 cum
3199 2050 3382 2105 radice
3415 2067 3540 2122 ger.

1970 2147 2119 2201 mina
2155 2162 2376 2217 quoque
2424 2162 2493 2201 ex
2537 2148 2632 2201 illa
2689 2147 3020 2216 prodeuntia
3070 2147 3360 2216 depastum
3417 2157 3538 2212 est;

1971 2251 2096 2290 nam
2127 2235 2505 2306 corruptibilis
2533 2237 2785 2306 corporis
2839 2236 3054 2290 fructus
3081 2237 3247 2290 etiam
3269 2237 3542 2305 corrupti-

1973 2327 2102 2382 bilis
2134 2329 2227 2391 sit,
2263 2342 2492 2382 necesse
2550 2337 2668 2394 est;
2716 2327 2791 2381 ita
2855 2346 2873 2377 ι
2898 2327 3151 2396 regnavit
3184 2342 3332 2381 mors
3379 2343 3545 2397 super

1973 2434 2184 2485 omnes,
2229 2420 2296 2474 ad
2339 2419 2518 2490 ipsum
2567 2433 2743 2489 usque
2798 2419 3041 2489 Moysen,
3067 2438 3086 2470 ι
3131 2418 3186 2472 id
3231 2427 3338 2482 est,
3371 2435 3544 2488 usque

1974 2511 2042 2566 ad
2070 2511 2187 2580 ipsa
2216 2511 2354 2581 legis
2387 2518 2635 2580 tempora
2660 2509 2728 2562 ⁸⁸.
2779 2509 3006 2565 Mortem
3035 2509 3201 2580 igitur
3257 2524 3432 2578 usque
3475 2508 3544 2565 ad

1974 2603 2198 2674 Moysen
2225 2603 2374 2656 vires
2401 2601 2686 2665 habuisse,
2728 2615 2793 2656 ac
2843 2616 2933 2655 res
2963 2601 3234 2655 humanas
3263 2599 3430 2653 fuisse
3454 2598 3542 2654 in-

1977 2693 2166 2749 teritui
2197 2694 2491 2764 subjectas,
2522 2693 2615 2747 ille
2665 2692 2844 2763 angeli
2873 2700 3005 2746 tunc
3032 2691 3295 2747 adversus
3326 2691 3545 2761 Moysen

1977 2792 2210 2840 conatus
2251 2785 2420 2855 ﬁgura
2466 2785 2694 2840 evidens
2751 2799 2816 2838 ac
2864 2784 3154 2855 perspicua
3193 2783 3319 2836 fuit.
3372 2782 3545 2838 Caete-

287 2877 453 2948 ψήφῳ
486 2876 551 2929 τὸ
583 2876 783 2930 οἰκεῖον
819 2873 1186 2947 περιτεμοῦσα
1223 2849 1465 2940 παιδίον,
1505 2849 1875 2946 ἐκλιπαρούσά

1984 2890 2099 2928 rum
2125 2873 2460 2944 compescuit
2512 2874 2992 2928 exterminatorem
3018 2914 3033 2938 ,
3068 2883 3124 2928 et
3171 2888 3200 2927 a
3230 2873 3413 2953 Moyse
3447 2872 3546 2926 de-

285 2983 344 3020 τε
385 2967 488 3020 καὶ
521 2965 782 3035 λέγουσιν
819 2983 839 3018 ι
879 2966 1047 3036 Ἔστη
1078 2965 1137 3018 τὸ
1173 2962 1311 3036 αἷμα
1331 2965 1431 3036 τῆς
1457 2966 1757 3038 περιτομῆς
1783 2966 1875 3020 τοῦ

288 3056 502 3109 παιδίου
547 3072 672 3127 μου.
711 3072 731 3106 ι
766 3055 937 3124 Ἕστη
969 3053 1028 3107 δὲ
1056 3054 1117 3107 τὸ
1146 3051 1304 3125 αἷμα,
1337 3056 1522 3125 φησιν,
1557 3056 1654 3126 οὐχ
1674 3057 1748 3120 ὡς
1777 3059 1878 3128 τῆς

285 3147 376 3202 τοῦ
399 3149 641 3218 αἵματος
665 3145 869 3217 ῥύσεως
893 3147 1352 3218 ἀποπαυσαμένης
1371 3163 1384 3176 ·
1409 3147 1528 3199 οὐδὲ
1550 3148 1678 3220 γὰρ,
1701 3145 1874 3219 οἶμαι,

285 3237 447 3291 τοῦτο
481 3235 712 3306 μεθίστη
741 3233 870 3287 ποτὲ
925 3233 1019 3287 τοῦ
1061 3236 1224 3306 φονᾷν
1255 3235 1459 3289 ἐθέλειν
1494 3237 1586 3291 τὸν
1631 3238 1879 3310 ὀλοθρευ-

285 3331 404 3403 τὴν,
438 3331 561 3384 ἀλλ’
589 3330 856 3382 οίονείπου
891 3329 1042 3399 ἔλεγε
1069 3345 1082 3361 ο
1114 3329 1433 3401 Πέπρακται
1463 3330 1556 3383 καὶ
1589 3329 1880 3401 πεπλήρω-

287 3439 376 3476 ται
409 3421 477 3474 τὸ
506 3421 704 3474 δοκοῦν
727 3420 804 3491 τῷ
833 3419 973 3492 Θεῷ,
1021 3420 1165 3474 τοῦτ’
1200 3422 1368 3490 ἔστιν,
1413 3423 1446 3492 ή
1481 3423 1749 3494 περιτομὴ
1785 3420 1878 3474 τοῦ

290 3514 530 3566 παιδίου·
574 3512 765 3581 ὥσπερ
805 3513 871 3567 ἂν
908 3513 1070 3576 εἴτις
1117 3514 1264 3583 λέγοι
1317 3514 1498 3585 τυχόν·
1516 3514 1576 3569 Ὀ
1604 3514 1753 3568 τοῦδε
1786 3513 1878 3568 τοῦ

289 3603 627 3673 πράγματος
683 3601 810 3672 ἔστη
843 3599 1030 3668 τύπος,
1063 3602 1250 3672 ῆγουν,
1282 3604 1450 3673 Ἐστη
1484 3602 1645 3673 τυχὸν
1675 3604 1704 3656 ὁ
1747 3602 1882 3674 πρὸς

291 3692 404 3745 τόδε
438 3693 626 3760 λόγος.
662 3691 808 3744 Ἀντί
855 3691 985 3758 τοῦ,
1027 3691 1169 3763 Πρὸς
1207 3692 1377 3764 πέρας
1405 3693 1528 3764 ἥκει
1573 3693 1668 3747 καὶ
1718 3692 1883 3747 δέδει-

289 3798 440 3838 κται.

365 4060 586 4113 ΠΛΛΛ.
622 4056 754 4109 Εἶτα
785 4054 868 4118 τίς
902 4054 1037 4125 πρὸς
1076 4056 1232 4126 ἡμῶν
1278 4056 1311 4127 ἡ
1357 4055 1630 4126 Σεπφὼρα
1679 4060 1882 4127 νοοῖτο;

296 4147 350 4202 τί
381 4149 440 4201 δὲ
466 4149 502 4217 ἡ
534 4147 740 4215 ψῆφος,
772 4144 866 4198 καὶ
902 4146 934 4215 ή
975 4143 1041 4196 δι’
1071 4144 1239 4215 αὐτῆς
1283 4146 1548 4218 γενομένη
1575 4152 1881 4222 περιτομή;
1916 4173 1960 4229 D

290 4239 679 4310 δεδυσώπηται
721 4237 778 4290 δὲ
813 4237 962 4300 ὅπως
1005 4237 1034 4288 ὁ
1072 4235 1214 4300 θεῖος
1264 4237 1527 4306 ἄγγελος,
1572 4240 1666 4292 καὶ
1710 4241 1892 4316 διέδρα

292 4332 506 4403 Μωσῆς
533 4331 629 4383 τὸν
667 4328 1046 4400 ἐπηρτημένον
1077 4326 1223 4397 αὐτῷ
1267 4328 1361 4380 καὶ
1406 4328 1752 4402 ὀφειλόμενον
1794 4335 1891 4389 Θά-

291 4440 479 4491 νατον,
513 4421 736 4477 παιδίου
765 4419 1240 4492 περιτετμημένου
1273 4435 1292 4485 ;

368 4621 540 4674 ΚΥΡ.
592 4618 834 4688 Ἀσαφὴς
885 4617 915 4670 ὁ
967 4616 1125 4684 λόγος
1148 4656 1164 4681 ,
1199 4615 1292 4669 καὶ
1321 4616 1640 4686 δυσέφικτος
1671 4621 1886 4690 ἀληθῶς

289 4712 408 4767 τῶν
435 4708 791 4782 ζητουμένων
820 4708 848 4760 ό
878 4705 1022 4770 νοῦς·
1055 4705 1177 4777 Θεῷ
1204 4707 1261 4760 δὲ
1295 4707 1518 4770 πίσυνος
1536 4748 1550 4771 ,
1576 4709 1652 4772 ὼς
1687 4710 1752 4763 ἂν
1777 4705 1888 4775 οἷός

193 4865 202 4872 δ
289 4819 357 4855 τε
415 4796 484 4866 ὧ,
517 4801 682 4855 πάλιν
719 4795 849 4868 ἐρῶ.
891 4797 956 4850 Ἠ
1002 4796 1297 4867 Σεπφώρα,
1333 4796 1578 4868 θυγάτηρ
1617 4794 1751 4852 οὖσα
1793 4798 1886 4853 τοῦ

292 4893 496 4964 ἱερέως
535 4890 633 4944 τοῦ
687 4887 920 4959 Μαδιὰμ
951 4887 1112 4959 (ἀνὴρ
1153 4888 1211 4940 δὲ
1248 4881 1400 4950 οὗτος
1431 4887 1722 4960 ἀλλογενὴς
1744 4928 1758 4952 ,
1793 4889 1890 4943 καὶ

291 4988 404 5040 οὐκ
443 4985 503 5051 ἐξ
536 4985 768 5054 αἵματος
810 4980 1069 5053 Ἰσραὴλ),
1103 4982 1272 5034 τύπον
1302 4982 1434 5052 ἡμῖν
1480 4983 1575 5035 καὶ
1603 4982 1890 5053 πρόσωπον

293 5077 404 5145 τῆς
458 5076 519 5142 ἐξ
562 5075 733 5130 ἐθνῶν
795 5074 1122 5144 Ἐκκλησίας
1165 5074 1493 5146 ἀποπληροῖ,
1548 5075 1889 5146 κεκλῃμένης

297 5168 445 5238 πρὸς
485 5167 618 5220 Θεὸν
646 5167 724 5230 ὡς
767 5166 834 5218 ἐκ
869 5163 1123 5234 λατρείας
1159 5167 1450 5235 κοσμικῆς.
1501 5164 1732 5235 Εἴρηται
1778 5165 1886 5236 γάρ

298 5277 414 5313 που
443 5260 578 5330 πρὸς
627 5258 800 5328 αὐτὴν
829 5257 918 5311 διὰ
949 5257 1132 5326 φωνῆς
1158 5257 1251 5311 τοῦ
1302 5257 1490 5311 Δαϐίδο
1528 5275 1548 5309 ι
1599 5259 1886 5323 Ἀκουσον,

299 5350 566 5422 θύγατερ,
593 5350 688 5403 καὶ
718 5348 796 5402 ίδε
821 5389 836 5414 ,
873 5347 970 5402 καὶ
1001 5347 1179 5401 κλῖνον
1207 5347 1270 5401 τὸ
1295 5343 1387 5411 οὖς
1420 5367 1536 5412 σου,
1573 5349 1666 5403 καὶ
1697 5347 1888 5407 επιλά-

297 5441 406 5496 οου
435 5441 528 5495 τοῦ
573 5437 706 5494 λαοῦ
737 5454 862 5503 σου,
907 5437 1000 5492 καὶ
1035 5438 1130 5491 τοῦ
1178 5439 1329 5493 οἴκου
1365 5437 1460 5493 τοῦ
1511 5439 1717 5510 πατρός
1761 5455 1884 5504 σου,

386 5627 443 5658 ³²
469 5626 632 5681 Exod.
656 5641 732 5691 tv,
752 5624 823 5680 24
846 5639 998 5694 seqq.
1078 5625 1124 5658 ⁸³
1147 5625 1280 5679 Gen.
1318 5638 1394 5687 Ill,
1422 5621 1506 5676 l9.

1975 2967 2117 3037 pulit
2165 2982 2304 3021 uxor
2340 2966 2640 3036 Sepphora,
2692 2981 2819 3020 cum
2851 2981 3010 3019 suum
3051 2966 3166 3035 ipsa
3216 2966 3388 3019 ﬁlium
3433 2965 3546 3020 cal-

1977 3057 2102 3112 culo
2177 3056 2634 3120 circumcidisset,
2706 3065 2868 3124 atque
2920 3055 3236 3125 supplicans
3300 3055 3542 3109 diceret:

1986 3165 2004 3198 ι
2038 3146 2202 3201 Stetit
2238 3145 2462 3216 sanguis
2518 3145 2956 3200 circumcisionis
2999 3145 3095 3198 ﬁlii
3132 3146 3240 3199 mei
3276 3146 3345 3199 ⁸⁸.
3370 3165 3388 3197 ›
3423 3146 3548 3199 Ste-

1979 3237 2046 3291 tit
2073 3246 2257 3291 autem
2279 3237 2521 3306 sanguis,
2547 3252 2657 3291 non
2689 3252 2757 3291 eo
2796 3252 2960 3291 sensu
2986 3236 3144 3301 dixit,
3176 3237 3332 3306 quasi
3379 3235 3550 3290 ﬂuere

1980 3327 2200 3399 Sanguis
2241 3327 2525 3392 desiisset;
2564 3343 2743 3397 neque
2776 3327 2924 3382 enim
2977 3327 3054 3390 id,
3096 3328 3314 3396 opinor,
3365 3335 3549 3381 exter-

1979 3420 2306 3473 minatorem
2335 3433 2368 3472 a
2402 3419 2684 3472 voluntate
2716 3416 2881 3472 ctedis
2909 3416 3174 3472 facienda:
3199 3417 3548 3470 retraxisset:

1982 3507 2078 3562 sed
2108 3521 2248 3577 pene
2277 3507 2382 3561 hoc
2407 3505 2584 3560 dixit:
2618 3505 2930 3561 Perfectum
2970 3512 3054 3560 est
3093 3514 3257 3576 atque
3307 3505 3552 3575 comple-

1983 3606 2121 3664 tum,
2147 3598 2294 3668 quod
2323 3598 2436 3653 Deo
2468 3597 2648 3652 visum
2679 3606 2795 3664 est;
2830 3597 2885 3652 id
2933 3606 3116 3652 autem
3157 3605 3275 3652 erat
3313 3596 3411 3651 ﬁlii
3442 3597 3553 3650 mei

1982 3690 2328 3746 circumcisio
2351 3707 2366 3756 ;
2395 3699 2456 3744 ut
2481 3690 2525 3744 si
2551 3691 2695 3760 quis,
2717 3689 2872 3744 verbi
2897 3691 3088 3761 gratia,
3115 3689 3323 3744 diceret
3350 3707 3362 3742 :
3383 3688 3556 3760 Hujus

1984 3781 2064 3836 rei
2093 3781 2267 3852 ﬁgura
2293 3781 2480 3848 stetit;
2533 3790 2630 3835 aut
2660 3789 2808 3835 certe
2835 3798 2848 3833 :
2876 3781 3049 3851 Hujus
3085 3780 3197 3843 rei,
3245 3779 3397 3834 verbi
3429 3795 3556 3849 gra-

1985 3872 2081 3936 tia,
2111 3873 2252 3927 ratio
2279 3873 2467 3938 stetit;
2496 3873 2640 3942 quod
2670 3873 2814 3927 idem
2838 3873 3001 3936 valet,
3026 3886 3089 3925 ac
3135 3871 3181 3924 si
3216 3870 3493 3925 diceretur
3521 3887 3534 3922 :

1915 3971 1921 3985 ‘
1985 3962 2069 4017 Ad
2099 3962 2263 4018 ﬁnem
2288 3963 2560 4032 pervenit,
2595 3977 2658 4017 ac
2687 3962 3064 4016 demonstrata
3096 3974 3185 4014 res
3216 3967 3321 4014 est.

2055 4051 2250 4106 PALL.
2289 4053 2561 4107 Caeterum
2618 4053 2749 4122 quid
2803 4052 3107 4121 intelligere
3145 4066 3440 4122 possumus
3478 4051 3555 4105 si-

1989 4143 2249 4214 gniﬁcare
2277 4143 2617 4214 Sepphoram
2639 4143 2662 4196 ’ἔ
2683 4142 2817 4212 quid
2867 4142 2998 4196 item
3026 4143 3322 4208 calculum,
3341 4157 3406 4197 ac
3444 4142 3558 4196 cir-

1989 4235 2378 4290 cumcisionem
2431 4235 2640 4290 calculo
2669 4234 2906 4289 factam?
2931 4235 3392 4303 quemadmodum
3432 4250 3560 4304 por-

1987 4343 2049 4382 ro
2073 4327 2351 4382 cohibitus
2395 4337 2482 4382 est
2537 4327 2760 4382 divinus
2813 4325 3058 4397 angelus,
3094 4335 3155 4380 ut
3181 4326 3412 4396 Moyses,
3446 4325 3558 4380 ﬁlio

1979 4416 2332 4481 circumciso,
2388 4416 2766 4472 imminentem
2815 4414 2921 4470 sibi
2956 4421 3190 4469 mortem
3220 4429 3284 4469 ac
3317 4413 3558 4468 debitam

1985 4508 2246 4563 evaderet
2265 4509 2290 4562 ?

2061 4622 2172 4692 '78
2197 4620 2358 4682 CYR,
2389 4619 2669 4676 Obscurus
2700 4627 2784 4674 est
2812 4633 2942 4674 sane
2969 4617 3146 4681 locus,
3171 4632 3273 4672 nec
3297 4616 3455 4671 facile
3490 4615 3559 4670 ad

1988 4713 2395 4780 propositarum
2423 4711 2789 4781 quaastionum
2837 4709 3252 4779 intelligentiam
3286 4707 3561 4777 perveniri

1990 4807 2204 4870 potest:
2234 4810 2437 4866 tamen,
2468 4802 2582 4856 Deo
2604 4801 2796 4866 fretus,
2831 4800 3008 4854 dicam
3043 4814 3236 4853 rursus
3254 4807 3314 4852 ut
3347 4807 3558 4868 potero.

1991 4890 2294 4962 Sepphora,
2321 4891 2429 4946 ﬁlia
2452 4892 2751 4948 sacerdotis
2793 4891 3005 4946 Madian
3031 4891 3100 4963 (is
3139 4899 3322 4944 autem
3365 4891 3562 4948 alieni-

1991 4999 2130 5054 gena
2176 4992 2315 5048 erat,
2346 4999 2524 5053 neque
2581 4983 2649 5038 ad
2705 4982 2924 5038 lsraelis
2955 4981 3274 5052 sanguinem
3315 4981 3563 5051 pertine-

1991 5071 2132 5142 bat),
2158 5071 2388 5143 ﬁguram
2420 5087 2484 5126 ac
2506 5087 2795 5143 personam
2825 5071 3084 5127 Ecclesia:
3104 5087 3167 5126 ex
3198 5070 3452 5141 gentibus
3481 5079 3564 5124 te-

1991 5171 2104 5228 net,
2130 5178 2250 5233 qua:
2277 5162 2345 5217 a‘d
2391 5163 2562 5218 Deum
2588 5179 2656 5218 ex
2700 5162 2893 5216 mundi
2951 5161 3116 5232 hujus
3171 5161 3326 5215 cultu
3373 5167 3564 5214 vocata

1990 5264 2111 5320 est;
2141 5256 2348 5310 dictum
2368 5254 2569 5325 quippe
2607 5261 2691 5309 est
2713 5254 2781 5308 ad
2814 5254 2959 5308 illam
2989 5268 3087 5322 per
3115 5266 3306 5306 vocem
3353 5247 3520 5305 David
3547 5264 3562 5302 :

2001 5366 2019 5398 ι
2046 5347 2207 5412 Audi,
2229 5348 2356 5412 ﬁlia,
2384 5356 2440 5403 et
2459 5348 2605 5412 vide,
2637 5356 2692 5402 et
2717 5346 2917 5402 inclina
2942 5358 3129 5399 aurem
3157 5349 3401 5403 tuam,et
3423 5337 3565 5392 obli-

1993 5438 2203 5494 viscere
2247 5441 2511 5510 populum
2559 5447 2715 5492 tuum
2737 5447 2792 5492 et
2837 5437 3058 5492 domum
3087 5431 3258 5504 patris
3287 5430 3365 5485 tui
3394 5447 3408 5486 :
3439 5431 3566 5503 quia

1622 5620 1668 5654 “
1697 5621 1854 5676 Rom.
1903 5634 1954 5685 ν,
1999 5618 2084 5672 Μ.
2165 5617 2208 5647 ⁵⁵
2240 5615 2408 5670 Exod.
2443 5630 2494 5669 tv
2563 5613 2631 5668 9.6
