3954 6200
435 255 543 314 259

1375 229 1380 242 '
1483 249 1538 303 s.
1575 247 1852 302 CYRlLlJ
1886 223 2357 303 ALEXANDRINI
2391 245 2706 301 ARClllEl’.

3587 237 3689 293 260

438 377 757 448 concupivit
795 377 910 432 Rex
950 375 1209 430 decorem
1252 379 1407 426 tuum
1441 388 1453 422 :
1491 371 1748 440 quoniam
1789 370 1902 440 ipse
1929 379 2014 424 est

2126 373 2195 425 5τι
2221 368 2561 440 ἐπεθύμησεν
2582 370 2609 420 6
2632 365 2890 429 Βασιλεὺς
2913 364 3004 418 τοῦ
3030 363 3256 427 κάλλους
3281 379 3394 425 σου,
3424 361 3506 414 ὅτι
3532 358 3691 423 αὐτός

439 471 708 526 Dominus
738 477 867 524 tuus
905 467 973 518 ".
995 487 1012 518 ι
1043 466 1246 521 Vocata
1297 463 1463 534 igitur
1494 475 1559 516 ea
1595 470 1700 527 est,
1769 462 1898 516 dum
1929 475 2018 515 se-

439 569 703 628 queretur
728 558 928 626 legem,
963 570 1028 608 ac
1057 563 1317 623 tanquam
1353 568 1481 608 cum
1519 551 1700 623 Moyse
1729 551 2020 621 paedagogo

441 646 792 702 matrimonio
808 646 1020 716 juncta,
1079 644 1174 714 qui
1211 644 1419 713 optime
1449 642 1518 697 ad
1563 642 1770 697 Christi
1815 649 2019 712 myste-

446 739 592 792 rium
621 719 879 806 perducit
922 736 988 788 ⁸⁷.
1031 735 1130 789 Est
1177 735 1329 789 enim
1377 735 1465 788 lex
1499 734 1758 804 magister
1797 733 2021 802 quidam

441 824 849 889 elementarius,
882 825 977 894 qui
1005 824 1259 894 perducit
1290 823 1358 878 ad
1382 823 1535 878 initia
1557 839 1870 878 sermonum
1899 823 2018 887 Dei,

442 932 506 970 ac
530 932 629 985 per
657 917 954 986 aenigmata
999 924 1056 970 et
1091 916 1318 970 umbras
1349 914 1683 985 cognitionis
1729 915 1868 985 ejus,
1912 928 2020 982 qua

442 1007 652 1064 Christi
685 1009 1010 1080 mysterium
1046 1007 1372 1078 percipitur,
1399 1008 1572 1063 veluti
1601 1007 1809 1062 semina
1867 1022 2020 1076 qua:-

444 1101 571 1155 dam
630 1100 688 1153 in
744 1098 905 1153 nobis
961 1099 1177 1152 inserit.
1213 1099 1403 1168 Itaque
1448 1097 1671 1161 Iudaeis,
1708 1097 1803 1167 qui
1841 1096 2019 1166 ipsum

445 1209 663 1263 quoque
689 1192 907 1264 Moysen
941 1191 1372 1245 sacratissimum
1426 1190 1762 1262 abjecerant,
1805 1188 2023 1243 dicebat

443 1285 729 1339 Christus:
773 1302 791 1334 ι
821 1283 904 1338 Αιι
959 1283 1186 1352 putatis,
1219 1282 1364 1352 quod
1399 1296 1500 1352 ego
1533 1288 1895 1336 accusaturus
1918 1280 2022 1335 sim

445 1390 544 1428 vos
584 1373 729 1443 apud
753 1372 1020 1427 Patrem?
1065 1379 1150 1426 est
1182 1373 1277 1442 qui
1303 1379 1528 1426 accuset
1563 1384 1682 1433 vos,
1709 1370 1938 1440 Moyses,
1964 1369 2021 1423 in

446 1480 610 1534 quem
635 1480 734 1519 vos
768 1463 1024 1532 speratis.
1057 1461 1114 1516 Si
1148 1463 1297 1516 enim
1344 1460 1646 1516 crederetis
1670 1460 1864 1531 Moysi,
1893 1474 2020 1514 cre-

455 1549 664 1604 deretis
692 1551 882 1618 utique
907 1553 964 1603 et
988 1548 1146 1612 mihi,
1171 1549 1239 1603 de
1262 1564 1350 1603 me
1372 1550 1520 1602 enim
1545 1549 1636 1603 ille
1663 1549 1885 1618 scripsit
1900 1548 1968 1602 ³⁸.
1994 1567 2012 1600 ι

447 1642 589 1711 Ergo
615 1656 739 1695 cum
767 1640 1053 1711 Scpphora
1083 1639 1343 1693 Ecclesia:
1361 1638 1484 1692 loco
1523 1653 1591 1693 ex
1619 1639 1876 1709 gentibus
1902 1639 2018 1693 col-

2121 463 2268 515 ἐστιν
2299 462 2328 514 6
2357 460 2557 531 Κύριός
2601 475 2716 511 σου.
2756 476 2774 508 ι
2816 456 3093 527 Κέκληται
3121 455 3298 509 τοίνυν
3325 451 3690 507 ἀκολουθοῦσα

2118 553 2196 623 τῷ
2245 551 2413 622 νόμῳ,
2463 550 2557 602 καὶ
2611 547 2891 618 μονονουχὶ
2938 545 3358 616 συνηρμοσμένη
3406 544 3578 613 Μωσῇ
3612 540 3690 610 τῷ

2121 642 2455 711 παιδαγωγῷ
2476 681 2491 706 ,
2523 641 2616 694 καὶ
2647 639 2974 710 ἀποφέροντι
3000 637 3178 700 καλῶς
3209 635 3344 707 πρὸς
3374 634 3432 688 τὸ
3454 633 3690 704 Χριστοῦ
3795 653 3797 660 ε

2125 736 2439 806 μυστήριον.
2481 733 2836 802 Στοιχειωτὴς
2878 730 2985 801 γὰρ
3026 733 3054 783 6
3083 730 3274 800 νόμος,
3306 727 3400 781 καὶ
3435 726 3691 796 ἀναφέρει

2130 828 2228 899 μὲν
2261 829 2340 890 είς
2368 826 2542 898 ἀρχὰς
2569 827 2678 878 τῶν
2707 824 2902 893 λογίων
2932 822 3028 876 τοῦ
3060 820 3218 886 Θεοῦ,
3253 816 3611 890 σπερματίζει
3635 817 3692 869 δὲ

2122 920 2312 989 ὥσπερ
2341 919 2398 972 ἐν
2453 920 2585 987 ἡμῖν
2618 916 2685 969 δι’
2731 915 3065 985 αἰνιγμάτων
3102 913 3194 965 καὶ
3227 912 3384 974 σκιᾶς
3432 908 3525 963 τοῦ
3555 909 3694 962 κατά

2121 1009 2354 1082 Χριστὸν
2387 1007 2682 1080 μυστηρίου
2716 1007 2815 1078 τὴν
2841 1005 3062 1075 γνῶσιν.
3108 1003 3218 1057 Καὶ
3252 1003 3382 1072 γοῦν
3420 1001 3694 1078 Ἰουδαίοις

2121 1103 2358 1172 ἔφασκεν
2386 1104 2414 1155 6
2455 1101 2706 1172 Χριστὸς,
2746 1100 2838 1154 καὶ
2870 1099 3032 1154 αὑτὸν
3065 1096 3353 1168 ὴθετηκόσι
3374 1094 3574 1148 Μωσέα
3603 1093 3694 1146 τὸν

2123 1196 2167 1248 ίε
2178 1193 2434 1266 ρώτατον·
2446 1212 2465 1244 ι
2489 1194 2559 1246 Ἥ
2575 1192 2780 1246 δοκεῖτε
2796 1191 2878 1244 ὅτι
2893 1189 3002 1258 ἐγὼ
3015 1188 3379 1260 κατηγορήσω
3392 1185 3543 1255 ὑμῶν
3560 1184 3694 1255 πρὸς

2121 1287 2212 1342 τὸν
2241 1285 2461 1356 Πατέρα
2486 1303 2501 1352 ;
2541 1284 2729 1339 Ἔστιν
2769 1283 2798 1335 6
2828 1281 3146 1354 κατηγορῶν
3177 1279 3329 1350 ὑμῶν
3357 1277 3582 1348 Μωσῆς,
3614 1277 3696 1337 είς

2117 1374 2180 1428 ὃν
2215 1375 2372 1444 ὑμεῖς
2415 1373 2701 1442 ἠλπίκατε.
2746 1372 2810 1424 El
2843 1370 2952 1442 γὰρ
2982 1367 3294 1423 ἐπιστεύετε
3326 1367 3496 1435 Μωσῇ
3525 1405 3538 1427 ,
3572 1366 3695 1417 ἐπι-

2129 1464 2343 1518 στεύετε
2361 1464 2426 1518 ἂν
2452 1464 2572 1533 ἐμοί
2590 1481 2603 1494 ο
2625 1463 2752 1534 περὶ
2771 1461 2879 1533 γὰρ
2898 1461 3032 1532 ἐμοῦ
3061 1462 3266 1522 ἐκεῖνος
3291 1457 3516 1527 ἔγραψε.
3541 1474 3557 1506 ι
3582 1458 3697 1510 Πα-

2125 1554 2474 1626 ραδεχθείοης
2491 1551 2779 1624 τοιγαροῦν
2806 1551 2940 1623 πρὸς
2966 1549 3122 1622 ἡμῶν
3153 1549 3252 1619 τῆς
3279 1546 3576 1618 Σεπφὼρας
3615 1547 3700 1608 εἰς

2125 1645 2417 1716 πρόσωπον
2439 1643 2538 1714 τῆς
2568 1644 2626 1708 ἐξ
2656 1641 2824 1696 ἐθνῶν
2857 1640 3210 1712 Ἐκκλησίας,
3243 1639 3395 1693 ἔσται
3433 1656 3535 1692 που
3562 1637 3699 1691 πάν-

451 1729 607 1785 lectaa
653 1730 956 1799 accipiatur
988 1745 1019 1785 a
1051 1729 1231 1793 nobis,
1267 1730 1456 1798 procul
1483 1729 1672 1794 dubio,
1714 1729 1808 1798 qui
1833 1735 1918 1784 est
1951 1743 2019 1783 ex

2126 1754 2226 1800 τως
2257 1737 2320 1789 τὸ
2358 1734 2417 1802 ἐξ
2473 1735 2642 1806 αὐτῆς
2673 1733 2884 1788 παιδίον
2917 1735 2997 1797 είς
3035 1730 3205 1786 τύπον
3234 1729 3329 1784 τοῦ
3363 1729 3484 1783 νέου
3541 1727 3697 1792 λαοῦ,

447 1837 513 1876 ea
561 1821 729 1887 ﬁlius,
779 1821 1104 1877 recentioris
1129 1819 1316 1890 populi
1363 1819 1591 1889 ﬁguram
1633 1819 1878 1883 tenebit;
1922 1833 1990 1873 eo

448 1913 595 1982 quod
621 1913 790 1974 illam,
843 1928 1005 1982 quam
1051 1910 1279 1980 spiritus
1304 1909 1468 1963 edicit
1491 1910 1549 1964 in
1585 1909 1808 1964 Christo
1835 1909 2022 1979 pueri-

449 2004 605 2066 tiam,
635 2011 798 2070 atque
827 2003 882 2056 in
907 2003 1079 2056 Deum
1113 2001 1584 2072 regenerationem
1614 2001 1904 2056 credentes
1926 2015 2020 2056 ac-

445 2095 718 2163 ceperint,
743 2108 882 2163 quos
916 2093 1082 2147 etiam
1105 2092 1391 2162 populum,
1441 2091 1534 2160 qui
1581 2089 1878 2152 creabitur,
1922 2103 2021 2158 ap—

448 2184 617 2252 pellat
659 2182 896 2252 quodam
931 2182 1052 2236 loco
1109 2181 1281 2237 David
1323 2183 1389 2235 5’.
1434 2182 1485 2236 Is
1531 2180 1698 2251 igitur
1743 2195 1919 2250 nuper
1967 2179 2022 2232 in

447 2267 671 2331 Christo
698 2275 917 2345 genitus
945 2289 1109 2342 puer,
1140 2273 1435 2337 recentior,
1463 2273 1710 2342 inquam,
1741 2287 1840 2342 per
1860 2269 2023 2325 ﬁdem

448 2367 707 2436 populus,
727 2381 831 2436 per
854 2365 1334 2421 circumcisionem
1361 2365 1417 2420 in
1442 2365 1638 2434 spiritu
1667 2372 1904 2420 mortem
1933 2377 2026 2417 co-

449 2458 604 2512 hibet
636 2475 650 2511 :
699 2465 784 2512 est
819 2457 973 2514 enim
1012 2458 1257 2512 calculus
1279 2465 1491 2511 natura:
1511 2457 1657 2510 illius
1699 2454 2024 2509 ﬁrmissima:

452 2556 584 2601 nota
610 2564 624 2611 ;
654 2547 774 2616 ejus
795 2547 945 2600 enim
980 2547 1152 2600 robur
1175 2555 1340 2614 atque
1365 2545 1611 2600 soliditas
1643 2561 1740 2615 per
1763 2545 2021 2615 lapidem,

449 2646 512 2692 ut
527 2638 621 2708 qui
643 2637 816 2690 durus
837 2637 1131 2691 admodum
1157 2638 1248 2702 sit,
1273 2637 1630 2708 signiﬁcatur.
1650 2638 1836 2706 Itaque
1859 2637 2025 2692 etiam

445 2726 608 2782 Jesus
633 2727 801 2790 Nave,
848 2742 972 2781 cum
998 2727 1334 2782 Israeliticas
1357 2729 1546 2798 copias
1573 2744 1672 2798 per
1717 2728 2016 2784 Jordanem

451 2817 776 2887 trajecisset,
803 2817 1055 2888 gladiolis
1093 2833 1190 2873 eos
1217 2818 1448 2888 lapideis
1484 2820 1852 2883 circumcidit,
1876 2820 2027 2875 vide-

379 2889 407 2906 κ
449 2904 582 2960 licet
604 2904 750 2958 illam
779 2905 835 2958 in
860 2904 1080 2959 Christo
1107 2921 1205 2976 per
1260 2907 1513 2975 spiritum
1553 2908 2024 2962 circumcisionem

457 2994 846 3065 prazﬁgurabat
873 3013 886 3050 :
917 3005 1071 3066 petra
1101 2998 1247 3051 enim
1276 2996 1547 3063 Christus,
1571 3013 1735 3068 quem
1767 3007 2025 3068 tanquam

451 3083 508 3138 in
532 3082 726 3153 ﬁgura,
753 3092 813 3138 ut
848 3083 1012 3137 modo
1038 3083 1173 3149 dixi,
1223 3084 1314 3138 ille
1357 3100 1576 3154 quoque
1623 3084 1864 3138 calculus
1879 3099 2024 3153 pra:-

451 3179 629 3238 notat,
657 3188 768 3243 quo
808 3173 1106 3244 Sepphorae
1129 3181 1213 3228 est
1246 3173 1390 3229 ﬁlius
1432 3175 1793 3229 circumcisus
1817 3176 1881 3226 ⁸ο.
1906 3173 2026 3240 Quo

453 3271 704 3334 tempore
738 3265 902 3318 etiam
926 3279 1074 3321 mors
1111 3264 1342 3336 aufugit,
1379 3274 1542 3335 atque
1566 3281 1595 3319 a
1619 3265 1799 3336 Moyse
1823 3265 2028 3320 disces-

449 3353 522 3409 sit
545 3355 612 3418 is,
642 3356 737 3424 qui
784 3356 941 3410 illum
987 3357 1268 3426 quaerebat
1297 3357 1573 3421 occidere,
1619 3357 1766 3426 quod
1800 3357 1948 3411 illius
1971 3357 2025 3410 in

451 3443 675 3500 Christo
714 3446 1162 3501 circumcisionis
1207 3447 1531 3518 mysterium
1573 3447 1914 3512 honoraret;
1971 3448 2024 3502 in

448 3553 561 3607 quo
585 3553 674 3593 res
698 3537 814 3608 ipsa
837 3547 988 3608 gesta
1014 3538 1244 3609 ﬁgurate
1283 3540 1444 3593 nobis
1487 3539 1832 3594 subclamare
1872 3539 2028 3594 vide-

451 3635 565 3692 tur,
613 3644 724 3682 non
759 3629 829 3682 ab
860 3629 928 3683 iis
977 3629 1161 3694 modo,
1207 3629 1307 3698 qui
1349 3629 1555 3685 Christi
1607 3631 2026 3688 circumcisione

449 3720 657 3790 dignati
683 3728 830 3784 sunt,
852 3721 1144 3775 recessisse
1168 3727 1434 3787 mortem;
1462 3722 1569 3792 79
1590 3723 1686 3777 sed
1709 3723 1840 3792 ipsis
1861 3725 2026 3779 etiam

449 3811 699 3882 patribus
743 3826 866 3864 eam
915 3826 1070 3875 rem,
1118 3809 1346 3872 Christi,
1393 3812 1636 3881 inquam,
1682 3815 2022 3885 mysterium,

449 3901 654 3955 auxilio
680 3900 868 3956 fuisse.
916 3900 987 3957 Ut
1007 3901 1155 3955 enim
1179 3917 1371 3956 omnes
1396 3901 1452 3956 in
1489 3902 1661 3957 Adam
1706 3907 1908 3961 mortui
1930 3921 2024 3962 su-

449 4008 594 4057 mus,
638 3992 720 4046 sic
773 3992 830 4046 in
869 4007 1064 4047 omnes
1088 4007 1309 4062 quoque
1335 3993 1425 4047 illa
1447 4008 1547 4063 per
1576 3993 1855 4050 Christum
1899 4013 2026 4067 gra-

449 4082 527 4137 tia
549 4081 725 4137 fertur
750 4099 814 4137 ac
839 4083 1110 4138 funditur.
1137 4083 1266 4139 Ideo
1291 4099 1527 4154 namque
1560 4094 1812 4142 mortuus
1833 4097 1937 4153 est,
1967 4096 2028 4143 ut

447 4179 506 4228 et
528 4173 763 4227 mortuis
783 4180 840 4227 et
866 4173 1007 4228 vivis
1030 4173 1434 4230 dominaretur.
1460 4176 1604 4247 Ergo
1631 4177 1725 4232 illo
1749 4177 1869 4248 ipso
1891 4185 2028 4233 tem-

449 4278 604 4334 pore,
632 4279 743 4332 quo
759 4265 946 4334 junior
971 4268 1208 4337 populus
1231 4268 1666 4336 circumciditur,
1689 4271 1852 4325 simul
1885 4287 2024 4340 quo-

2121 1829 2219 1900 τὴν
2264 1831 2322 1882 ἐν
2370 1827 2591 1899 Χριστῷ
2635 1826 2728 1880 διὰ
2794 1829 3102 1896 πνεύματος
3147 1824 3444 1895 νηπιότητα
3480 1822 3574 1875 καὶ
3617 1822 3700 1884 εἰς

2121 1920 2252 1974 Θεὸν
2274 1919 2627 1989 ἀναγέννησιν
2655 1917 2962 1988 δεξαμένων
2983 1916 3091 1969 τῶν
3117 1913 3574 1976 πεπιστευκότων,
3603 1909 3700 1973 οῦς

2122 2013 2216 2065 καὶ
2235 2010 2362 2065 λαὸν
2391 2009 2706 2080 κτιζὸμενον
2736 2008 2838 2079 ἐφη
2870 2026 2971 2062 που
3016 2007 3198 2062 Δαϐίδ.
3231 2007 3303 2060 Τὸ
3333 2005 3509 2058 τοίνυν
3543 2005 3700 2074 ἀρτι-

2121 2103 2275 2173 γενές
2307 2103 2366 2156 ἐν
2391 2101 2612 2176 Χριστῷ
2643 2101 2870 2166 παιδίον,
2903 2099 3044 2154 τοῦτ’
3090 2098 3258 2162 ἐστιν,
3293 2099 3321 2152 6
3347 2096 3466 2160 νέος
3504 2113 3563 2148 τε
3601 2094 3704 2148 καὶ

2121 2193 2209 2247 διὰ
2249 2193 2485 2256 πίστεως
2513 2191 2638 2256 λαὸς
2674 2191 2972 2263 περιτομῆς
3009 2189 3247 2242 δυσωπεῖ
3273 2186 3518 2240 θάνατον.
3549 2182 3701 2254 Σύμ-

2123 2285 2277 2339 ϐολον
2308 2284 2416 2357 γὰρ
2440 2285 2474 2355 ἡ
2496 2283 2674 2355 ψῆφος
2700 2285 2800 2354 τῆς
2842 2282 3117 2353 ἀρῤήκτου
3147 2278 3380 2349 φύσεως,
3419 2273 3486 2349 ῆς
3509 2277 3569 2330 τδ
3607 2276 3706 2328 εύ-

2127 2377 2310 2441 σθενές
2354 2394 2412 2430 τε
2461 2377 2555 2429 καλ⁵
2607 2376 2906 2447 ἄθραυστον
2951 2374 3028 2437 ὡς
3076 2374 3132 2425 ἐν
3178 2371 3391 2442 σκληρᾷ
3444 2372 3511 2441 τῇ
3565 2367 3706 2439 λίθῳ

2127 2469 2468 2541 σημαίνεται.
2505 2469 2616 2522 Καὶ
2654 2467 2785 2537 γοῦν
2829 2467 3033 2538 Ἰησοῦς
3068 2467 3096 2520 6
3132 2465 3226 2519 τοῦ
3259 2464 3413 2535 Ναυῆ
3449 2461 3702 2516 διαϐιϐάο

2125 2581 2225 2626 σας
2251 2564 2340 2616 τὸν
2365 2562 2637 2634 Ἰορδάνην
2669 2562 2794 2624 τοὺς
2821 2559 2878 2627 ἐξ
2915 2558 3149 2630 Ἰσραὴλ,
3178 2555 3474 2628 μαχαίραις
3501 2555 3705 2619 αὐτοὺς

2125 2654 2417 2726 περιέτεμε
2460 2652 2760 2724 πετρίναις,
2797 2651 2896 2723 τὴν
2940 2652 2997 2703 ἐν
3028 2649 3245 2722 Χριστῷ
3273 2648 3358 2702 διὰ
3391 2647 3708 2717 πνεύματος

2127 2744 2428 2816 περιτομὴν
2464 2742 2883 2815 προανατυπῶν.
2917 2742 3099 2811 Πέτρα
3127 2740 3236 2811 γὰρ
3276 2740 3305 2791 6
3347 2738 3599 2809 Χριστὸς,
3633 2736 3703 2789 ὃν

2126 2837 2200 2899 ὡς
2227 2839 2283 2890 ἐν
2309 2835 2463 2907 τύπῳ
2490 2835 2762 2906 προδηλοῖ,
2788 2833 3036 2902 καθάπερ
3063 2831 3199 2901 ἔφην
3219 2830 3439 2902 ἀρτίως,
3463 2829 3608 2899 καὶὴ
3637 2829 3709 2881 τὸ

2128 2926 2428 2998 Σεπφώρας
2465 2925 2672 2979 παιδίον
2704 2924 3071 2997 περιτεμοῦσα
3090 2923 3289 2993 ψῆφος.
3313 2923 3440 2974 Ὅτε
3474 2921 3567 2973 καὶ
3603 2922 3710 2973 ἁτε-

2130 3017 2256 3088 έδρα
2290 3016 2536 3082 θάνατος,
2565 3017 2659 3069 καὶ
2691 3015 2791 3085 τῆς
2822 3017 2879 3068 ἐν
2909 3013 3126 3086 Χριστῷ
3154 3010 3455 3082 περιτομῆς
3482 3027 3710 3080 τετιμη-

2129 3105 2238 3168 κὼς
2264 3105 2324 3158 τὸ
2355 3105 2648 3176 μυστήριον
2674 3103 3082 3173 ἀποπεφοίτηκε
3108 3101 3198 3155 τοῦ
3227 3100 3468 3162 Μωσέως
3497 3102 3524 3152 6
3562 3101 3709 3152 ἀπο-

2127 3199 2332 3250 κτεῖναι
2362 3196 2562 3268 ζητῶν,
2585 3195 2996 3266 αἰνιγματωδῶς
3023 3195 3154 3268 ἡμῖν
3176 3190 3589 3259 ύποφωνοῦντος
3613 3191 3707 3245 τοῦ

2129 3287 2476 3358 πράγματος,
2528 3286 2603 3350 ὡς
2659 3287 2719 3339 ού
2773 3285 2928 3356 μόνον
2972 3285 3079 3336 τῶν
3127 3283 3442 3353 ἠξιωμένων
3495 3283 3598 3353 τῆς
3652 3285 3713 3335 ἐν

2127 3379 2346 3452 Χριστῷ
2385 3378 2685 3450 περιτομῆς
2708 3377 2916 3446 ἀπέστη
2961 3377 3209 3442 θάνατος,
3238 3376 3372 3430 ἀλλὰ
3395 3377 3488 3430 καὶ
3521 3377 3710 3440 αὐτοῖς

2128 3472 2186 3523 τὺ
2211 3471 2418 3541 χρῆμα.
2453 3470 2596 3538 φημὶ
2618 3469 2676 3521 δὲ
2703 3467 2767 3537 δὴ
2791 3469 2852 3520 τὸ
2887 3467 3119 3538 Χριστοῦ
3148 3468 3468 3538 μυστήριον,
3514 3465 3712 3536 3560?.-

2124 3561 2261 3632 θῆκε
2286 3564 2397 3623 τοῖς
2432 3559 2719 3629 πατράσιν.
2753 3559 2964 3629 ’Ὠσπερ
2992 3559 3100 3629 γὰρ
3128 3559 3328 3620 πάντες
3360 3557 3711 3625 ἀπεθάνομεν

2129 3655 2185 3706 ἐν
2222 3651 2413 3722 Ἀδὰμ,
2439 3650 2580 3704 οὕτω
2602 3651 2695 3704 καὶ
2717 3652 2793 3712 είς
2817 3649 3024 3712 πάντας
3048 3651 3080 3719 ἡ
3103 3649 3188 3702 διὰ
3212 3647 3447 3720 Χριστοῦ
3479 3648 3711 3717 φέρεται

2128 3746 2307 3816 χάρις.
2355 3743 2613 3796 Ἀπέθανε
2646 3743 2755 3814 γὰρ
2786 3744 2872 3796 διὰ
2911 3741 3086 3804 τοῦτο,
3123 3742 3206 3795 ἵνα
3237 3741 3331 3794 καὶ
3366 3740 3577 3811 νεκρῶν
3615 3741 3706 3793 καὶ
3757 3738 3773 3749 ⁴

2129 3835 2342 3899 ζώντων
2365 3834 2648 3908 κυριεύσῃ.
2676 3834 2883 3888 Οὐκοῦν
2911 3835 2969 3888 ἐν
2992 3832 3166 3904 καιρῷ
3190 3833 3285 3904 τῆς
3307 3830 3400 3884 τοῦ
3431 3831 3550 3884 νέου
3573 3830 3708 3885 λαοῦ

2128 3927 2429 3998 περιτομῆς
2457 3927 2549 3979 καὶ
2587 3928 2620 3996 ή
2649 3925 2756 3979 τῶν
2787 3924 3036 3994 πατέρων
3079 3922 3528 3994 συγκατωρθοῦτο
3565 3924 3708 3994 ζωή.

2127 4018 2270 4072 Ζῶσι
2300 4019 2409 4089 γὰρ
2437 4017 2557 4088 Θεῷ
2579 4057 2593 4081 ,
2647 4016 2832 4087 ζήσειν
2874 4016 3178 4086 μέλλοντεςο
3218 4014 3368 4068 τουτὶ
3415 4014 3524 4085 γὰρ
3552 4017 3711 4085 ,ἡμῖν

2126 4108 2220 4162 καλ⁵
2253 4110 2395 4179 ἱερὸς
2437 4109 2539 4178 ἔφη
2587 4108 2762 4176 λόγος.
2800 4107 3006 4178 Καιρὸς
3049 4106 3107 4158 δέ
3157 4107 3458 4177 περιτομῆς
3501 4106 3605 4175 τῆς
3652 4109 3712 4159 ἐν

2127 4198 2396 4268 πνεύματι
2416 4198 2712 4268 νοουμένης
2735 4199 2766 4267 ἡ
2788 4197 3022 4268 Χριστοῦ
3048 4197 3338 4268 παρουσία,
3363 4196 3438 4259 ὡς
3457 4197 3712 4259 Μωσέως

2131 4289 2226 4359 μὲν
2251 4287 2634 4359 πρεσὸύτερος,
2657 4287 2732 4351 ὡς
2750 4288 2903 4350 Θεὸς,
2925 4287 3175 4360 δεύτερος
3192 4287 3248 4340 δὲ
3263 4288 3355 4341 καὶ
3379 4291 3493 4358 μετ’
3517 4287 3710 4349 αὑτὸν,

451 4367 558 4422 que
571 4355 819 4424 patribus
830 4357 945 4413 vita
966 4361 1484 4428 praestaturNivunt
1505 4362 1648 4415 enim
1670 4362 1783 4416 Deo
1801 4378 1888 4428 eo,
1906 4363 2021 4432 ipso

2127 4355 2260 4433 καθὸ
2295 4355 2537 4448 πέφηνεν
2573 4377 2856 4450 ἄνθρωπος
2886 4380 2962 4441 εἰς
2995 4355 3266 4432 διακονίαν
3429 4379 3512 4447 ἐφ’
3548 4379 3710 4448 ἡμῖν.

449 4445 597 4514 quod
620 4447 818 4502 victuri
849 4457 976 4502 sunt
1002 4467 1014 4503 :
1049 4451 1106 4505 id
1127 4452 1275 4506 enim
1332 4451 1506 4506 sacris
1529 4451 1708 4507 Libris
1728 4461 1813 4508 est
1833 4454 2022 4522 prodi-

453 4542 569 4589 tum
619 4537 686 4591 ⁶¹.
733 4537 1050 4608 Spiritualis
1105 4555 1273 4609 porro
1315 4541 1755 4597 circumcisionis
1809 4551 2025 4613 tempus

449 4624 656 4682 Christi
681 4628 952 4684 adventus
974 4637 1091 4684 est:
1117 4631 1236 4701 qui,
1262 4633 1514 4701 quamvis
1541 4633 1723 4705 Moyse
1771 4635 1843 4690 sit
1884 4637 2026 4691 anti-

2134 4471 2412 4541 Ἐπιτήρει
2445 4469 2574 4541 γὰρ,
2608 4471 2690 4523 ὅτι
2731 4467 3135 4540 προεχειρίζετο
3172 4470 3336 4532 Θεδς,
3365 4469 3569 4524 Μωσέα
3608 4471 3714 4539 μὲν

2125 4557 2360 4629 πρῶτον,
2382 4556 2497 4612 εἷτα
2524 4558 2726 4629 συνῆψε
2751 4558 2840 4611 τὸν
2878 4558 3107 4628 Ἀαρὼν,
3141 4559 3242 4628 τῆς
3273 4558 3515 4620 Μωσέως
3567 4559 3715 4611 ἀπο·

2124 4650 2316 4720 στολῆς
2347 4668 2405 4703 τε
2423 4651 2515 4704 καὶ
2534 4650 2806 4712 διακονίας
2831 4649 3089 4720 δευτέραν
3118 4652 3174 4703 ἐν
3197 4650 3372 4720 χρόνῳ
3395 4665 3715 4719 προανατυ-

449 4719 631 4788 quior,
658 4727 723 4774 ut
747 4720 922 4786 Deus;
952 4721 1096 4776 idem
1154 4730 1336 4778 tamen
1389 4725 1666 4793 posterior
1710 4735 1816 4794 est,
1846 4743 1914 4783 ex
1957 4745 2021 4784 eo

2126 4737 2240 4790 πῶν
2264 4737 2359 4809 τὴν
2388 4737 2655 4803 ἀνάδειξιν
2694 4738 2788 4792 τοῦ
2812 4719 3068 4810 Χριστοῦ,
3099 4738 3157 4802 δς
3274 4739 3330 4790 ἐν
3363 4739 3564 4809 ἰσότητι
3608 4740 3718 4808 μὲν

449 4808 598 4876 quod
620 4809 785 4864 homo
808 4811 1062 4880 apparuit
1084 4811 1283 4867 missus
1327 4813 1395 4868 ad
1439 4815 1804 4872 ministerium
1838 4829 2022 4875 nostra

451 4915 615 4954 causa
663 4909 998 4972 susceptum.
1053 4903 1226 4958 Velim
1279 4921 1516 4976 namque
1577 4909 2019 4979 animadvertas,

450 4990 671 5061 Moysen
717 4993 874 5062 prius
908 4995 1143 5050 electum
1184 5012 1214 5050 a
1256 4997 1368 5053 Deo
1419 4998 1610 5065 fuisse,
1652 5011 1843 5070 postea
1888 5020 2022 5060 vero

449 5079 634 5135 Aaron
667 5083 986 5152 adjunctum
1013 5101 1028 5137 :
1071 5086 1133 5161 in
1157 5101 1266 5155 quo
1296 5086 1389 5142 ille
1434 5087 1827 5160 praaﬁguravit,
1857 5092 2020 5148 Chri-

452 5170 521 5226 sti
577 5170 1004 5230 declarationem
1072 5177 1344 5248 legatione
1390 5195 1454 5234 ac
1503 5181 1813 5239 ministerio
1855 5185 2021 5258 Moysi

452 5270 698 5332 tempore
720 5265 1082 5333 posteriorem
1112 5268 1310 5336 fuisse;
1339 5271 1432 5341 qui
1457 5272 1683 5342 aqualis
1704 5282 1824 5329 erat
1851 5277 2021 5350 Moysi

451 5362 676 5425 propter
719 5354 1136 5424 humanitatem,
1189 5361 1285 5416 sed
1311 5361 1456 5430 quod
1490 5370 1607 5417 erat
1644 5365 1757 5420 Deo
1797 5378 2022 5437 parente

451 5449 687 5516 genitus,
736 5449 920 5505 divina
968 5454 1356 5525 praestantique
1398 5455 1719 5512 excellentia
1758 5461 2015 5530 pollebat.

525 5561 738 5630 ⁸ἤιδειιι.
777 5581 916 5630 xuv,
960 5566 1047 5630 11,
1085 5567 1167 5621 12.

1286 5569 1329 5599 ’τ
1364 5568 1529 5624 llebr.
1570 5586 1620 5633 v,
1654 5573 1881 5641 passim.

455 5627 497 5659 "
539 5629 726 5684 Matth.
776 5627 911 5701 mi,
945 5635 1014 5689 24

2127 4833 2194 4901 τῇ
2227 4829 2362 4900 πρὸς
2399 4830 2602 4884 Μωσέα
2631 4828 2720 4882 διὰ
2765 4829 2827 4882 τὸ
2865 4829 3225 4901 ἀνθρώπινον,
3272 4831 3330 4882 ἐν
3371 4831 3616 4901 ὑπεροχῇ
3653 4831 3714 4884 δὲ

2132 4918 2254 4990 θείᾳ
2284 4918 2378 4972 καὶ
2403 4918 2719 4989 ἀσυγκρίτῳ
2739 4918 2828 4971 διὰ
2849 4919 2909 4972 τὸ
2940 4919 3004 4970 ἐκ
3025 4918 3161 4972 Θεοῦ
3190 4919 3548 4989 γεγεννῆσθαι
3589 4923 3714 4976 Πα-

2130 5011 2278 5080 τρός.
2315 5011 2472 5081 Πάρα
2513 5010 2570 5063 δέ
2607 5026 2690 5064 σοι
2731 5012 2825 5064 καὶ
2858 5011 3017 5064 τοῦτο
3058 5010 3184 5064 ίδεῖν
3214 5011 3273 5077 ἐξ
3310 5013 3508 5079 αὐτῶν,
3543 5013 3715 5086 εἴπερ

2129 5102 2289 5167 ἕλοιο,
2309 5102 2414 5156 τῶν
2437 5103 2594 5174 ιερῶν
2613 5103 2977 5175 Γραμμάτων.
3004 5122 3022 5154 ι
3045 5105 3335 5172 Ἐποίησαν
3357 5123 3374 5155 ι
3401 5106 3528 5175 γὰρ,
3543 5107 3711 5176 φησὶ,

2137 5215 2156 5247 ‹
2184 5197 2386 5267 Μωσῆς
2409 5196 2500 5250 καὶ
2531 5195 2761 5268 Ἀαρὼν,
2786 5197 3033 5267 καθάπερ
3057 5198 3358 5252 ἐνετείλατο
3382 5200 3564 5264 αὐτοῖς
3591 5200 3720 5254 Κύ-

2137 5300 2270 5354 ριος,
2300 5285 2471 5348 οὕτως
2495 5287 2776 5358 ἐποίησαν·
2801 5288 3004 5352 Μωσῆς
3026 5287 3084 5340 δέ
3100 5283 3167 5359 ἦν
3188 5288 3324 5342 ἐτῶν
3349 5288 3716 5359 ὀγδοήκοντα,

2141 5376 2347 5447 Ἀαρὼν
2362 5377 2418 5430 δέ
2437 5378 2465 5429 6
2485 5377 2712 5446 ἁδελφὸς
2733 5376 2898 5430 αὐτοῦ
2919 5377 3246 5448 ὀγδοήκοντα
3263 5377 3430 5448 τριῶν
3447 5372 3516 5449 ἦν
3537 5377 3720 5450 ἐτῶν,

2126 5467 2288 5538 ἡνίκα
2315 5468 2582 5540 ἐλάλησαν
2610 5467 2748 5539 πρὸς
2775 5468 2992 5540 Φαραώ.
3027 5487 3046 5520 ιι
3083 5469 3326 5534 Ἀκούεις
3353 5473 3501 5535 ὅπως
3533 5471 3717 5541 ἄμφω

1997 5577 2224 5634 "Joan.
2259 5597 2310 5647 v,
2345 5581 2433 5646 45,
2466 5581 2552 5637 46.
2633 5581 2678 5613 ⁸⁹
2710 5581 2852 5636 Psal.
2893 5598 2980 5636 cn.
3063 5584 3108 5615 °°
3153 5585 3320 5643 Josue
3369 5603 3421 5654 ι’,
3465 5589 3706 5658 passim.
