3954 6200
291 249 416 306 εει
606 301 610 308 .
1044 259 1151 316 ’ΒΕ
1187 261 1630 322 ADORATIONE
1657 266 1736 324 ἸΝ
1777 267 2048 330 SPlRlTU
2090 276 2175 332 ET
2212 278 2588 338 VERITATE.
2632 285 2759 339 LIB.
2803 287 2869 341 ll.
3483 298 3587 359 262

316 362 419 431 μὲν
459 363 634 435 ἤστην
676 366 734 420 ἐν
762 365 858 440 ἴσῳ
891 370 1031 424 κατά
1069 390 1131 441 γε
1166 375 1226 428 τὺ
1255 376 1411 446 ἥκειν
1437 380 1516 444 είς
1547 380 1860 452 ὀγδοηκοστί

1961 408 1972 449 ι
2006 387 2158 443 Licet
2179 401 2363 447 autem
2382 410 2448 449 ex
2470 396 2603 466 ipsis
2628 414 2846 470 quoque
2876 402 3048 458 sacris
3070 404 3294 462 Litteris
3316 407 3432 464 hanc
3455 429 3581 480 per-

308 456 466 521 ἔτος,
498 459 548 510 εί
593 461 688 514 καὶ
730 463 846 532 μετ’
877 465 1040 526 αὐτὸν
1078 468 1159 531 είς
1195 469 1506 539 διακονίαν;
1536 472 1692 528 Οὕτω
1737 476 1830 530 καὶ

308 549 546 576 "-._1_
605 554 745 576 σι---
785 555 967 576 μιμηη
1025 558 1038 576 ι
1211 562 1236 574 ε-
1269 565 1320 576 ..
1409 568 1434 576 ..
1489 567 1513 576 μ
1547 566 1558 576 ι
1632 567 1643 576 ι
1693 569 1704 576 .
1755 569 1774 576 Α
1839 568 1850 576 .

2489 456 2506 466 .
2647 456 2662 468 .
2757 456 2773 470 .
2950 456 2958 458 ν
3029 456 3291 462 πίω---η
3317 456 3432 464 --ην
3459 456 3578 480 νυ.-

2002 482 2238 552 spicere,
2267 486 2312 541 si
2371 489 2529 544 velis.
2567 508 2584 540 ι
2617 491 2893 548 Fecerunt
2919 497 3089 562 enim,
3145 499 3344 570 inquit,
3372 501 3585 576 Moyses

306 549 567 620 Χριστός.
605 554 745 617 Ἴσος
779 555 877 625 μὲν
905 558 1048 624 κατά
1082 577 1135 614 τι
1167 562 1246 633 τῷ
1267 565 1461 637 Μωσῇ,
1484 566 1571 622 διὰ
1595 567 1656 621 τὸ
1681 568 1860 640 ἀνθρώ

2032 549 2049 552 -
2227 549 2230 550 ν
3077 549 3089 562 .
3146 549 3344 570 "—1—",
3372 549 3581 576 -.-υνυς

1999 579 2057 626 et
2082 573 2284 640 Aaron,
2319 577 2463 632 sicut
2486 592 2825 650 praeceperat
2873 586 2955 639 eis
2989 587 3274 655 Dominus,
3325 593 3405 648 sic
3432 595 3581 652 fece-

306 659 490 707 πινον,
525 644 620 697 καὶ
655 645 909 719 δεύτερος
939 652 1017 714 είς
1053 653 1387 724 οἰκονομίαν,
1422 657 1860 729 ὑπερκείμενοςέ

2001 673 2149 717 runt.
2173 665 2384 737 Moyses
2421 679 2603 724 autem
2628 682 2748 727 erat
2777 690 3046 732 annorum
3074 683 3371 752 octoginta,
3399 685 3581 740 Aaron

305 734 401 786 καὶ
437 735 927 808 ύπερανεστηκὼς,
979 743 1054 808 ὡς
1099 744 1157 798 ὲν
1181 746 1405 817 Θεότητί
1444 766 1503 802 τε
1532 750 1624 803 καὶ
1665 751 1794 825 δόξῃ
1828 771 1860 806 τ

1998 770 2133 810 vero
2179 757 2350 812 frater
2399 762 2520 831 ejus
2579 767 2856 834 octoginta
2904 770 3068 824 trium
3119 788 3390 830 annorum
3433 787 3574 842 erat,

306 827 455 879 κατὰ
475 827 572 900 τὴν
594 829 759 899 ἁγίαν
785 834 1008 904 Τριάδα.

1999 848 2221 917 quando
2272 827 2444 904 locuti
2498 863 2625 908 sunt
2670 827 2738 908 ad
2783 858 3121 917 Pharaonem
3166 865 3230 918 δ’.
3262 885 3278 916 ι
3333 827 3576 924 Audisne

301 923 795 992 quemadmodum,
841 943 908 982 ex
958 945 1026 984 eo
1071 931 1294 1001 quidem
1361 935 1508 1005 quod
1551 937 1618 992 ad
1685 939 2077 1010 octogesimum
2128 957 2331 996 annum
2384 955 2776 1012 pervenerunt,
2847 951 3008 1004 ambo
3047 957 3284 1024 aequales
3348 959 3571 1028 fuerint,

300 1015 400 1070 sed
427 1015 614 1070 Aaron
640 1033 873 1075 numero
916 1023 1180 1080 trinitatis
1226 1028 1489 1082 excellat?
1541 1045 1672 1100 ergo
1713 1031 1896 1102 Moyse
1939 1033 2238 1101 antiquior,
2308 1035 2413 1089 etsi
2465 1036 2520 1089 in
2554 1039 2868 1094 ministerio
2919 1047 3192 1112 posterior
3247 1049 3431 1105 fuerit.
3485 1052 3574 1108 Sic

299 1116 358 1161 et
382 1107 642 1166 Christus
661 1113 889 1182 aequalis
909 1125 996 1170 est
1017 1117 1252 1186 quadam
1285 1135 1352 1175 ex
1396 1128 1553 1190 parte
1581 1123 1748 1194 Moysi
1796 1138 1894 1193 per
1956 1122 2379 1190 humanitatem,
2441 1143 2506 1182 ac
2558 1107 2968 1200 dispensatione
3004 1140 3321 1206 posterior;
3357 1143 3452 1197 sed
3495 1143 3574 1197 ei-

297 1200 426 1258 dem
461 1212 664 1271 tamen,
699 1208 846 1276 quod
874 1209 943 1264 ad
1002 1211 1272 1268 Deitatem
1312 1231 1376 1271 ac
1403 1227 1605 1274 sanctae
1649 1218 1934 1274 Trinitatis
1969 1219 2195 1289 gloriam
2250 1223 2510 1291 pertinet,
2549 1224 2708 1296 longe
2764 1232 3106 1299 praeponitur
3146 1243 3201 1288 et
3242 1239 3566 1293 antefertur.

366 1299 582 1354 ΠΑΛΛ.
638 1302 726 1367 Ὠς
762 1305 939 1376 σαφής
969 1323 1029 1360 τε
1059 1309 1151 1361 καὶ
1193 1310 1430 1383 ἐναργὴς
1457 1315 1485 1366 ὁ
1511 1313 1690 1383 λόγος.

362 1395 533 1449 ΚΥΡ.
592 1396 660 1449 Τί
701 1396 792 1464 δέ;
845 1398 966 1470 οὐχὶ
1036 1402 1258 1457 κάκεῖνο
1301 1406 1438 1476 πρὸς
1476 1407 1685 1472 τούτοις
1735 1408 1884 1476 ἄξιον

292 1485 438 1539 ίδετν
455 1502 468 1550 ;

365 1577 576 1631 ΠΑΛΛ.
621 1578 695 1632 Τὸ
723 1583 878 1636 ποῖον
895 1599 911 1648 ;

2061 1313 2263 1369 PALL.
2293 1316 2494 1387 Aperta
2523 1335 2654 1375 sane
2685 1337 2750 1376 ac
2785 1326 3076 1394 perspicua
3113 1331 3401 1399 expositio.

2056 1405 2212 1461 CYR.
2243 1407 2429 1474 Quid?
2487 1427 2670 1467 nonne
2717 1414 2851 1470 illud
2903 1427 3168 1487 przeterea
3213 1423 3438 1494 dignum
3483 1433 3568 1481 est

1983 1499 2128 1567 quod
2155 1500 2670 1557 animadvertatur?

2051 1585 2249 1642 PALL.
2285 1587 2557 1654 Quidnam
2585 1591 2730 1646 istud
2767 1595 2895 1648 est?

365 1669 529 1724 ΚΥΡ.
573 1671 649 1724 Οὐ
685 1673 876 1744 γάρτοι
912 1675 1013 1746 τῆς
1068 1677 1176 1730 τῶν
1207 1678 1518 1747 Αἰγυπτίων
1547 1681 1860 1756 ὲκδεδραμή·

2049 1677 2208 1734 CYR.
2240 1680 2361 1735 Non
2385 1683 2532 1735 enim
2558 1691 2685 1738 ante
2713 1701 2781 1740 ex
2829 1686 3209 1759 ZEgyptiorum
3260 1695 3426 1750 terris
3464 1711 3564 1750 ex-

308 1775 428 1813 κασι
451 1761 553 1830 γῆς
583 1762 632 1815 οἱ
660 1761 718 1827 ἐξ
748 1766 994 1837 Ἰσραήλ.
1038 1767 1177 1822 Ἀλλ’
1217 1769 1326 1823 οὐδ’
1357 1769 1424 1825 ἂν
1451 1771 1593 1826 οὕτω
1621 1777 1718 1845 τὴν
1749 1773 1876 1828 δυσ-

316 1851 441 1921 αχθῆ
487 1869 541 1904 τε
609 1855 706 1907 καὶ
751 1859 1236 1930 κατεστυγημένην
1295 1862 1482 1926 αὐτοῖς
1537 1865 1876 1920 ἁπελύσαντο

307 1942 556 2006 δουλείαν,
583 1944 783 2014 μᾶλλον
813 1947 892 2011 δὲ,
927 1948 1035 2002 οὐδ’
1068 1949 1298 2014 ἂν,ὅλως
1329 1951 1615 2024 διέδρασαν
1644 1955 1734 2008 τὸν
1762 1957 1875 2020 τοῖς

303 2035 354 2086 ἐν
382 2035 640 2106 Αἰγύπτῳ
677 2039 1042 2109 πρωτοτόκοις
1082 2042 1439 2114 ἐπιρῤιφέντα
1490 2043 1738 2110 θάνατον,
1781 2046 1871 2099 καὶ

293 2128 386 2196 τὴν
413 2128 807 2198 δυσδιάφυκτον
849 2135 1006 2204 χεῖρα
1027 2133 1120 2186 τοῦ
1150 2133 1489 2206 ὀλοθρευτοῦ,
1523 2137 1571 2188 εί
1600 2137 1675 2208 μὴ
1705 2155 1872 2192 κατα-

294 2217 554 2284 θύσαντες
585 2220 678 2274 τὸν
707 2222 877 2292 ἀμνὸν
909 2225 989 2288 είς
1023 2225 1194 2278 τύπον
1219 2226 1456 2297 Χριστοῦ
1498 2227 1592 2280 τοῦ
1626 2229 1869 2297 αἴροντος

288 2311 382 2375 τὰς
422 2312 704 2384 ἁμαρτίας
746 2313 842 2368 τοῦ
878 2315 1104 2387 κόσμου.
1138 2318 1398 2391 Ἕχρισαν
1432 2317 1531 2388 μὲν
1566 2317 1645 2389 τῷ
1677 2320 1867 2389 αἵματι

286 2403 381 2464 τὰς
415 2404 598 2472 φλιὰς,
646 2403 788 2459 κατὰ
829 2405 920 2458 τὸν
953 2406 1105 2476 σφίσι
1151 2406 1240 2461 διὰ
1288 2409 1532 2474 Μωσέως
1581 2409 1866 2480 ὁρισθέντα

286 2493 453 2564 νόμον
472 2506 488 2523 ⁶
515 2494 578 2548 τὸ
606 2495 665 2548 δὲ
688 2494 927 2567 Χριστοῦ
964 2498 1262 2567 μυστήριον
1288 2498 1448 2552 ὅπλον
1473 2498 1661 2574 ὥσπερ
1690 2517 1741 2552 τι
1771 2497 1866 2553 καὶ

278 2583 649 2654 -άνατείχισμα
674 2586 776 2656 τῆς
825 2587 1035 2642 ἑαυτῶν
1082 2588 1362 2643 ἐποιοῦντο
1383 2590 1580 2660 ψυχῆς.
1628 2589 1866 2663 Auliqu-

282 2675 373 2729 κὺν
399 2675 513 2746 γάρ
545 2677 778 2732 θανάτου
838 2681 1126 2750 φάρμακον
1152 2682 1180 2734 ό
1207 2681 1444 2752 Χριστοῦ
1487 2683 1733 2748 θάνατος,
1770 2685 1864 2738 καὶ

277 2768 487 2840 φθορᾶς
519 2771 776 2842 ἀμείνους
809 2775 857 2826 οἱ
886 2773 984 2843 τ’ἧς
1016 2775 1284 2846 μυστικῆς
1316 2775 1562 2844 εὐλογίας
1621 2777 1859 2848 μέτοχοι,

1979 1770 2272 1825 cessissent
2325 1773 2605 1839 Israelitaz,
2655 1792 2836 1846 neque
2883 1781 3208 1837 servitutem
3255 1800 3287 1838 a
3338 1801 3396 1840 se
3423 1787 3566 1842 adeo

1977 1863 2266 1918 molestam
2294 1875 2460 1934 atque
2508 1867 2756 1922 odiosam
2809 1875 3202 1942 excussissem,
3256 1877 3560 1946 quinetiam

1976 1955 2180 2009 illatam
2230 1955 2612 2028 «Egyptiorum
2659 1962 3040 2034 primogenitis
3091 1977 3345 2034 mortem,
3392 1980 3558 2042 atque

1974 2044 2349 2103 inevitabilem
2414 2050 2562 2104 illam
2611 2054 3063 2111 exterminatoris
3135 2074 3358 2114 manum
3406 2063 3557 2117 haud

1973 2135 2312 2207 etfugissent,
2341 2140 2446 2194 nisi
2473 2143 2629 2210 prius
2664 2160 2864 2214 agnum
2913 2145 3290 2210 immolassent
3316 2151 3370 2205 in
3393 2151 3556 2207 Chri~

1973 2227 2040 2280 sti
2066 2227 2315 2297 ﬁguram,
2335 2231 2428 2300 qui
2458 2234 2597 2288 tollit
2621 2245 2846 2304 peccata
2879 2239 3092 2293 mundi.
3119 2241 3403 2298 Unxerant
3424 2259 3556 2315 ergo

1972 2315 2047 2370 illi
2072 2317 2293 2386 quidem
2320 2330 2508 2389 postes
2533 2325 2820 2393 sanguine,
2850 2335 2909 2381 ut
2931 2329 3018 2383 lex
3064 2344 3093 2383 a
3141 2330 3322 2400 Moyse
3345 2334 3554 2389 sancita

1966 2406 2222 2476 jubebat,
2256 2409 2351 2462 sed
2374 2408 2580 2466 Christi
2610 2416 2874 2484 mysterio
2900 2432 3030 2472 suos
3054 2419 3267 2474 animos
3293 2431 3552 2490 tanquam

1968 2505 2124 2552 scuto
2142 2499 2379 2568 quodam
2413 2510 2578 2572 atque
2611 2505 2753 2560 vallo
2798 2509 3132 2565 munierant.
3183 2513 3295 2581 80
3340 2513 3549 2569 Christi

1965 2605 2200 2660 namque
2217 2607 2364 2648 mors
2387 2595 2660 2650 medicina
2703 2605 2788 2651 est
2833 2599 2901 2652 ad
2945 2609 3178 2655 mortem
3226 2604 3546 2659 solvendam

1964 2684 2171 2749 valens,
2215 2695 2271 2739 et
2320 2687 2412 2756 qui
2466 2689 2710 2758 mysticae
2777 2690 3185 2749 benedictionis
3245 2698 3547 2767 participes

1963 2771 2122 2838 ﬁunt,
2150 2774 2188 2828 ii
2213 2785 2340 2831 sunt
2365 2779 2560 2833 mortis
2583 2785 2748 2849 atque
2780 2781 3038 2836 interitus
3063 2785 3324 2849 victores,
3365 2797 3424 2841 ut
3448 2788 3541 2842 illa

271 2861 417 2914 κατὰ
462 2878 525 2930 γε
554 2861 635 2928 τὸ,
675 2881 694 2914 ι
746 2865 938 2938 Ἀμὴν,
977 2867 1126 2939 ἀμὴν
1173 2867 1316 2936 λέγω
1368 2868 1526 2939 ὑμῖν·
1552 2871 1588 2922 ὁ
1631 2871 1860 2944 τρώγων

1961 2866 2127 2920 verba
2167 2875 2440 2924 testantur
2484 2886 2496 2922 :
2551 2889 2569 2922 ι
2601 2870 2796 2936 Amen,
2852 2889 3012 2928 amen
3053 2875 3178 2930 dico
3230 2878 3409 2944 vobis,
3449 2881 3543 2949 qui

273 2970 375 3024 μου
412 2955 514 3025 τὴν
562 2957 761 3027 σάρκα,
801 2959 896 3013 καὶ
931 2961 1099 3014 πίνων
1131 2978 1231 3032 μου
1272 2961 1334 3015 τὸ
1362 2955 1522 3034 αἷμα,
1568 2962 1681 3034 ἔχει
1713 2963 1858 3035 ζωὴν

1961 2957 2255 3013 manducat
2283 2975 2460 3015 meam
2485 2977 2706 3016 carnem
2732 2973 2790 3018 et
2814 2963 2957 3019 bibit
2982 2982 3163 3021 meum
3193 2971 3538 3039 sanguinem,

270 3045 514 3100 αίώνιον.
555 3067 573 3100 ι
604 3051 1040 3122 Κατεδηδοκότες
1067 3052 1126 3106 δὲ
1152 3053 1243 3107 τὸν
1271 3053 1464 3124 ἀμνὸν,
1499 3054 1698 3124 ἄρτους
1721 3055 1854 3118 ἀζύ-

1961 3046 2126 3103 habet
2171 3048 2341 3104 vitam
2378 3060 2638 3106 aaternam
2684 3053 2749 3106 ⁸³.
2790 3072 2808 3104 ι
2847 3054 3090 3110 Edentes
3132 3073 3266 3112 vero
3317 3074 3539 3128 agnum,

267 3156 407 3208 μους
436 3140 628 3211 ἤσθιον
656 3143 740 3196 ἐπ’
757 3145 923 3216 αὐτῷ,
955 3146 1062 3199 τῶν
1083 3145 1449 3215 εὐαγγελικῶν
1465 3147 1852 3219 παιδευμάτων

1961 3151 2127 3207 panes
2145 3155 2389 3210 azymos,
2415 3141 2483 3195 ad
2502 3157 2628 3196 eum
2652 3142 2836 3197 cibum
2857 3145 3158 3200 adhibebat
3184 3166 3197 3200 :
3224 3164 3346 3217 quae
3370 3149 3541 3219 ﬁgura

259 3232 341 3296 ὡς
356 3234 419 3286 ὲν
445 3234 547 3298 ἀζύ
556 3252 641 3306 μῳ
654 3252 714 3288 τε
735 3236 827 3289 καὶ
849 3237 1212 3310 καθαρωτάτη
1233 3242 1403 3311 τροφῇ
1424 3240 1858 3311 παραδηλοῦντος

1961 3240 2060 3295 per
2093 3243 2342 3300 azymum
2368 3245 2675 3302 purumque
2700 3235 2882 3289 cibum
2910 3238 3348 3306 evangelicarum
3373 3239 3540 3294 disci-

262 3325 357 3379 τοῦ
391 3326 572 3380 τύπου
627 3326 724 3399 τὴν
761 3329 1104 3401 ἀστειότητα,
1142 3329 1280 3402 πλὴν
1335 3333 1599 3404 ἐσομένην
1636 3334 1736 3388 οὐκ
1762 3334 1856 3389 ἀν-

265 3417 484 3490 ιδρωτὶ,
515 3420 609 3472 καὶ
635 3421 858 3492 πικρίας
887 3421 1011 3492 δίχα
1046 3424 1145 3492 τῆς
1174 3423 1315 3478 κατὰ
1345 3423 1443 3487 τὰς
1473 3425 1697 3495 θλίψεις.
1733 3428 1855 3480 Τοι-

264 3515 467 3586 γάρτοι
506 3515 758 3587 πικρίδας
807 3517 1184 3572 συνεσθίεσθαι
1226 3521 1336 3581 τοῖς
1375 3520 1560 3590 ἄρτοις
1601 3523 1714 3583 τοῖς
1751 3520 1851 3575 οὐκ

265 3604 668 3677 ἒζυμωμένοις,
692 3606 789 3678 τὴν
805 3608 991 3662 ἄδολον
1015 3609 1108 3663 καὶ
1130 3609 1522 3682 καθαρωτάτην
1559 3613 1614 3664 ὲν
1631 3613 1850 3684 Χριστῷ

269 3697 411 3768 ζωὴν
441 3699 502 3752 οὐ
533 3697 656 3770 δίχα
703 3699 928 3771 πικρίας
968 3699 1232 3771 ἐσομένην
1257 3701 1528 3769 ὑποδηλοῖ.
1567 3703 1850 3757 Συνεισκο-

267 3792 488 3859 μιστέον
531 3791 819 3861 τοιγαροῦν
855 3793 1166 3861 ἀναγκαίως
1197 3797 1318 3858 ταῖς
1357 3793 1586 3865 ἀζύμοις
1617 3799 1848 3866 τροφαῖς

264 3883 361 3954 τὴν
387 3883 634 3954 πικρίδα.
668 3902 686 3936 ι
709 3884 916 3945 Πάντες
938 3885 1046 3956 γὰρ
1069 3885 1119 3938 οἱ
1150 3885 1394 3947 θέλοντες
1422 3885 1519 3956 ζῇν
1549 3889 1606 3938 ὲν
1625 3886 1846 3957 Χριστῷ

263 3973 674 4045 διωχθήσονται,
730 3995 748 4028 ι
797 3977 982 4046 φησίν.
1020 3976 1166 4047 Πλὴν
1215 3977 1329 4045 οἵγε
1358 3975 1514 4029 τοῦτο
1549 3976 1841 4041 παθόντες,

268 4067 546 4136 μακάριοι.
590 4067 1008 4138 Συμπάσχοντες
1055 4068 1164 4140 γὰρ
1208 4068 1301 4123 καὶ
1330 4068 1837 4138 συμϐασιλεύσουσι,

265 4158 400 4212 κατὰ
443 4157 507 4211 τὸ
558 4160 966 4231 γεγραμμένον.
1016 4160 1108 4230 Μὴ
1145 4159 1407 4230 ἐξοίχεται
1454 4179 1544 4216 ποι
1591 4161 1726 4233 πρὸς
1780 4161 1842 4215 τὸ

262 4248 492 4314 ἀκαλλὲς
513 4252 542 4304 ό
568 4251 726 4320 λόγος
751 4269 766 4318 ;

330 4491 532 4547 rma.
575 4493 863 4565 οὐδαμῶς.

1954 3317 2229 3387 plinarum
2252 3321 2582 3391 elegantiam
2631 3325 3018 3396 signiﬁcabat;
3071 3330 3164 3383 sed
3219 3331 3292 3384 ita
3326 3341 3533 3398 tamen,

1955 3414 2016 3462 ut
2033 3423 2154 3462 eam
2180 3424 2288 3464 non
2312 3411 2518 3481 absque
2536 3413 2734 3468 sudore
2761 3423 2924 3484 atque
2941 3432 3322 3485 pressurarum
3336 3423 3539 3476 amari-

1955 3500 2144 3556 tudine
2166 3501 2404 3556 futuram
2424 3519 2542 3559 esse
2561 3505 2962 3576 praeﬁguraret:
2979 3525 3102 3562 nam
3126 3511 3329 3566 amaris
3345 3513 3534 3568 herbis

1950 3592 2114 3646 simul
2140 3610 2269 3648 cum
2319 3594 2727 3652 infermentatis
2757 3599 2995 3668 panibus
3024 3601 3173 3655 vesci
3223 3603 3327 3658 hoc
3357 3604 3533 3660 laten-

1953 3690 2040 3737 ter
2064 3684 2356 3754 signiﬁcat,
2410 3688 2560 3742 illam
2611 3690 3043 3747 sincerissimam
3071 3704 3235 3765 atque
3259 3699 3532 3769 purgatis-

1945 3774 2144 3828 simam
2195 3777 2251 3830 in
2311 3776 2534 3833 Christo
2572 3781 2740 3836 vitam
2770 3799 2877 3837 non
2905 3801 3066 3855 posse
3115 3787 3232 3842 sine
3265 3791 3528 3845 amaritu-

1945 3863 2073 3920 dine
2107 3865 2256 3921 duci.
2283 3868 2427 3940 Ergo
2449 3871 2517 3924 ad
2542 3887 2761 3943 azymos
2781 3875 2935 3931 cibos
2977 3880 3286 3934 amaritudo
3309 3897 3527 3952 quoque

1943 3964 2029 4010 est
2051 3961 2364 4015 necessario
2388 3962 2736 4033 adjungenda
2765 3984 2777 4019 :
2829 3987 2846 4017 ι
2873 3967 3077 4023 Omnes
3113 3971 3258 4024 enim
3299 3973 3393 4041 qui
3428 3988 3524 4027 vo-

1941 4045 2066 4101 lunt
2089 4048 2178 4115 pie
2215 4049 2400 4104 vivere
2442 4051 2502 4105 in
2535 4052 2780 4121 Christo,
2819 4059 3259 4126 persecutionem
3309 4061 3522 4130 patien-

1935 4145 2032 4191 tur
2053 4137 2118 4202 “,
2155 4157 2172 4188 ›
2207 4138 2406 4208 inquit.
2436 4140 2542 4196 Sed
2571 4152 2774 4209 tamen,
2825 4147 3145 4218 quicunque
3193 4149 3248 4204 id
3275 4151 3520 4222 perpessi

1942 4226 2166 4291 fuerint,
2205 4227 2351 4284 beati
2391 4239 2562 4285 sunt:
2610 4249 2736 4288 nam
2783 4236 2946 4292 simul
2999 4240 3277 4308 patiendo,
3322 4258 3519 4298 conse-

1939 4329 2180 4390 quentur
2197 4322 2365 4377 etiam
2392 4332 2452 4378 ut
2480 4325 2645 4380 simul
2672 4337 2925 4398 regnent,
2956 4343 3018 4384 ut
3040 4333 3307 4403 scriptum
3337 4343 3422 4390 est
3446 4335 3511 4392 “.

1939 4412 2078 4467 Num
2104 4415 2272 4484 igitur
2294 4417 2470 4472 oratio
2495 4433 2526 4472 a
2552 4418 2756 4475 decoro
2777 4419 3028 4478 deviasse
3056 4424 3156 4479 tibi
3182 4427 3402 4482 videtur
3423 4428 3449 4482 ἓ

2014 4505 2210 4561 PALL.
2249 4509 2470 4566 Minime
2494 4527 2646 4566 vero.

333 4644 382 4674 ⁸¹
413 4643 572 4701 Exod.
618 4664 713 4714 vn,
751 4649 804 4717 6,
831 4651 883 4704 7.
963 4650 1008 4682 ⁸³
1034 4649 1192 4707 Joan.
1224 4667 1296 4718 vi,
1331 4652 1417 4706 55.
1500 4652 1544 4685 "'
1568 4653 1635 4710 Il.
1683 4655 1824 4711 Tim.
1855 4673 1934 4724 in,
1969 4659 2056 4717 12.
2134 4662 2178 4696 ⁸³
2215 4661 2372 4719 Rom.
2410 4681 2522 4732 vm,
2557 4667 2643 4726 l8.
