3954 6200
244 252 315 306 265
910 248 998 302 DE
1037 247 1478 304 ADORATIONE
1518 247 1582 302 IN
1620 246 1891 302 SPIRITU
1931 245 2018 300 ET
2058 245 2430 302 VERITATE.
2470 244 2598 297 LIB.
2642 243 2728 297 IlI.
3332 240 3437 297 9.66

240 363 375 416 ἐλπίδα
414 360 511 431 τὴν
557 361 706 432 παρὰ
738 363 876 433 Θεῷ,
926 366 1106 430 πίστις
1149 368 1182 437 ἡ
1231 369 1287 420 ὲν
1321 365 1560 438 Χριστῷ,
1595 367 1687 419 καὶ
1729 367 1762 434 ἡ
1795 411 1801 426 ι

1878 363 2378 428 sanctiﬁcationem,
2439 355 2704 431 spemque
2736 373 2858 414 eam
2891 372 3055 428 quam
3088 357 3143 411 in
3187 356 3300 412 Deo
3350 374 3439 412 re-

239 453 494 508 κατάὐτὺν
534 453 837 520 δικαίωσις,
879 459 1020 512 κατά
1051 475 1114 527 γε
1152 459 1212 512 τὸ
1259 459 1364 511 ὑπὸ
1409 457 1502 510 τοῦ
1549 457 1760 510 Παύλου

1880 457 2100 525 positam
2124 456 2415 520 habemus,
2447 453 2606 518 ﬁdes,
2634 453 2880 524 inquam,
2918 451 2970 504 in
2992 449 3236 515 Christo,
3262 457 3318 503 et
3350 449 3441 503 illa

244 545 374 616 σοφῶς
414 547 733 616 είρημένον·
787 567 805 598 ι
853 549 1049 618 Ἐγγύς
1095 567 1188 604 σου
1219 551 1278 603 τὸ
1314 549 1467 621 ῥῆμά
1509 551 1656 604 ἐστιν
1705 551 1762 602 ἐν

1883 564 1918 602 n
1943 547 2138 603 eodem
2157 545 2498 618 justiﬁeatio,
2521 551 2582 596 ut
2612 541 2886 612 sapienter
2918 549 3001 594 est
3032 556 3062 593 a
3091 539 3252 593 beato
3275 537 3443 592 Paulo

243 636 294 706 τῷ
313 636 521 706 στόματί
555 654 670 702 σου,
701 638 794 690 καὶ
823 640 880 691 ἐν
903 643 967 711 τῇ
999 641 1196 712 καρδίᾳ
1234 659 1350 704 σου,
1376 640 1519 694 τοῦτ’
1559 640 1675 693 ἔστι
1702 640 1762 694 τὸ

1883 639 2070 694 lictum
2098 658 2110 692 :
2150 659 2167 690 ι
2202 632 2377 708 Prope
2403 645 2452 692 te
2485 645 2570 691 est
2618 635 2853 690 verbum
2880 633 2984 687 hoc
3019 633 3076 686 in
3123 647 3218 686 ore
3263 641 3358 685 tuo
3388 641 3444 684 et

233 729 344 800 ῥῆμα
365 728 455 798 τῆς
481 729 717 793 πίστεως
735 729 764 782 ὃ
797 732 1144 804 κηρύσσομεν
1163 775 1178 798 ,
1200 734 1280 786 ὅτι
1301 733 1395 787 ἐὰν
1419 732 1763 804 ὁμολογήσῃς

1881 747 1916 785 n
1938 731 2105 786 corde
2130 738 2243 795 tuo,
2280 730 2385 792 hoc
2408 736 2512 793 est,
2535 727 2767 782 verbum
2800 724 2950 790 ﬁdei,
2997 723 3144 794 quod
3176 721 3441 792 praedica-

232 817 356 889 ὲντῷ
385 820 606 890 στόματί
639 838 733 874 σου
772 823 853 876 ὅτι
880 823 1083 896 Κύριος
1131 825 1361 897 Ἰησοῦς,
1395 825 1490 880 καὶ
1541 824 1764 879 πιστεύ-

1885 839 1984 878 nus
2027 842 2041 878 ;
2075 823 2357 892 quoniam,
2385 821 2431 875 si
2465 818 2781 874 conﬁtearis
2821 817 2877 870 in
2903 831 2997 870 ore
3021 824 3116 870 tuo
3153 813 3302 885 quod
3342 814 3446 868 Do-

235 927 298 982 σῃς
323 913 378 962 ἐν
408 913 470 981 τῇ
502 911 698 984 καρδία
744 931 836 967 σου
874 916 954 968 ὅτι
986 918 1014 969 ὁ
1057 916 1190 980 Θεὸς
1234 917 1394 970 αὐτὸν
1435 919 1654 988 ἧγειρεν
1698 917 1762 970 ἐκ

1885 914 2046 968 ninus
2086 913 2268 975 Jesus,
2309 919 2365 965 et
2391 909 2696 964 credideris
2725 907 2783 961 in
2821 906 2987 962 corde
3015 913 3109 960 tuo
3134 905 3281 976 quod
3301 905 3446 959 Deus

230 1003 410 1074 νεκρῶν,
440 1003 664 1076 σωθήσῃ
685 1020 699 1035 ⁶
730 1006 926 1077 καρδίᾳ
964 1007 1073 1080 γὰρ
1102 1007 1413 1061 πιστεύεται
1454 1009 1534 1070 είς
1559 1008 1764 1061 δικαιοο

1884 1021 2042 1076 psum
2077 1002 2364 1058 suscitavit
2388 1018 2419 1055 a
2449 999 2705 1064 mortuis,
2733 999 2917 1054 salvus
2937 998 3084 1052 eris:
3112 997 3277 1051 corde
3297 997 3445 1050 enim

229 1096 387 1165 σύνηνο
447 1097 675 1168 στόματι
738 1099 795 1152 δὲ
851 1100 1191 1170 ὁμολογεῖται
1259 1101 1340 1166 είς
1395 1099 1694 1172 σωτηρίαν.
1738 1120 1756 1152 ι

1884 1097 2110 1152 :reditur
2149 1095 2217 1150 ad
2253 1094 2548 1166 justitiam,
2593 1107 2689 1147 ore
2735 1098 2922 1146 autem
2961 1089 3234 1144 confessio
3281 1088 3342 1144 ﬁt
3379 1088 3445 1142 ad

227 1189 400 1258 Ταύτην
426 1185 514 1242 οὖν
538 1190 646 1261 ἄρα
674 1190 774 1262 τὴν
803 1190 975 1254 οὐτως
999 1193 1170 1263 ἀγχοῦ
1201 1193 1295 1246 καὶ
1326 1192 1762 1263 συνεσταλμένην

1884 1191 2096 1245 ιιιΙιιιεῐη
2132 1189 2217 1242 ⁶⁶“.
2249 1207 2266 1240 ι
2316 1189 2421 1242 Per
2445 1178 2608 1240 hanc
2653 1185 2824 1256 igitur
2865 1183 3004 1239 adeo
3038 1181 3278 1236 vicinam
3315 1181 3445 1236 bre-

224 1280 306 1332 ὀδὸν
351 1281 676 1351 διαστείχειν
692 1283 790 1335 οὐκ
820 1283 971 1352 ήφίει
1001 1285 1128 1347 τοὺς
1154 1283 1322 1337 πάλαι
1359 1284 1520 1348 Θεός·
1554 1286 1763 1339 ἐπενόει

1886 1298 2099 1354 remque
2132 1282 2278 1336 viam
2303 1279 2586 1334 ambulare
2620 1278 2882 1348 antiquos
2909 1275 3034 1330 illos
3057 1275 3313 1330 homines
3335 1288 3447 1328 non

222 1371 450 1441 δὲῶσπερ
488 1373 609 1427 τινὰ
651 1372 848 1426 κύκλον
881 1374 978 1445 τὴν
1013 1377 1098 1428 ἐπ’
1132 1376 1348 1440 εὐθείας
1393 1378 1492 1430 οὐκ
1539 1377 1761 1449 ἔχοντα,

1888 1376 2117 1432 permisit
2150 1375 2316 1440 Deus,
2351 1375 2448 1429 sed
2495 1375 2648 1428 velut
2692 1371 2988 1426 circuitum
3030 1368 3323 1438 quemdam
3357 1383 3449 1421 ex-

221 1464 279 1515 τὸν
302 1466 359 1516 ἐν
393 1464 783 1536 περιστροφαῑς
832 1465 1006 1534 λόγων
1047 1467 1141 1520 καὶ
1180 1468 1238 1520 ὲν
1287 1467 1572 1539 αἰνίγμασι
1602 1469 1764 1539 νόμον

1886 1470 2146 1540 :ogitavit,
2175 1476 2386 1522 rectum
2406 1469 2512 1521 iter
2536 1465 2762 1520 minime
2793 1463 3108 1527 habentem,
3145 1461 3341 1530 legem,
3363 1459 3447 1515 in-

224 1555 537 1626 μακροτέραν
569 1556 760 1625 ἔχοντα
789 1558 882 1610 καὶ
914 1558 1013 1611 οὐκ
1045 1559 1426 1630 ἀταλαίπωρον
1461 1561 1562 1631 τὴν
1601 1561 1765 1614 παιδ-

1888 1575 2052 1631 luam,
2108 1574 2230 1629 qua:
2274 1574 2373 1628 per
2421 1556 2690 1611 orationis
2734 1553 3015 1608 anfractus
3059 1560 3116 1607 et
3160 1551 3449 1621 aenigmata

221 1647 448 1714 αγωγίαν,
482 1647 548 1700 ἵν’
593 1648 783 1720 ὥσπερ
810 1648 932 1704 τινὰ
964 1650 1252 1722 μελέτησιν
1277 1651 1386 1704 τῶν
1419 1652 1765 1724 τελειοτέρων

1889 1655 2174 1728 ongiorem
2221 1655 2454 1709 haberet
2497 1651 3028 1718 laboriosioremque
3073 1645 3446 1716 disciplinam,

220 1737 264 1789 τὰ
290 1741 347 1791 ὲν
399 1743 577 1804 σκιαῖς
613 1740 862 1812 ἔχοντες,
904 1744 998 1796 καὶ
1035 1742 1543 1815 προκατηχούμενοι
1574 1746 1634 1798 τὸ
1665 1763 1766 1815 μυ-

1890 1758 1926 1804 ιι
1952 1749 2042 1815 iis,
2075 1763 2199 1818 qua:
2242 1746 2605 1802 tradebantur
2648 1744 2705 1799 in
2745 1741 2978 1806 umbris,
3027 1739 3180 1795 velut
3221 1737 3451 1793 medita-

221 1831 434 1900 στήριον,
473 1831 548 1902 μὴ
584 1836 698 1895 τοῖς
729 1833 982 1904 τυχοῦσιν
1013 1833 1198 1898 ἁπλῶς
1231 1838 1621 1889 καταπτοοὶὪτο
1654 1836 1764 1890 δεί-

1892 1844 2015 1898 ione
2049 1841 2286 1911 quadam
2321 1854 2509 1895 rerum
2533 1835 2924 1908 perfectiorum
2947 1839 3188 1896 utentes,
3215 1845 3278 1884 ac
3297 1829 3451 1900 prius

223 1941 380 1992 μασιν,
427 1926 507 1988 είς
542 1925 860 2000 ἀποδρομὴν
899 1928 994 1982 καὶ
1039 1930 1338 1983 ἀπόστασιν
1366 1929 1466 2000 τὴν
1499 1929 1606 1983 ἀπὸ
1633 1930 1766 2003 Χρι·

1892 1930 2118 2003 nysterii
2153 1929 2484 1984 rudimentis
2515 1925 2738 1989 imbuti,
2776 1939 2887 1977 non
2917 1931 3123 1977 temere
3162 1918 3453 1989 quibusvis

222 2017 342 2083 στοῦ,
380 2020 930 2089 προγεγυμνασμένοι
979 2020 1034 2074 δὲ
1072 2019 1261 2092 ὥσπερ
1303 2020 1401 2075 καὶ
1453 2022 1764 2093 ἀναμανθά-

1890 2023 2176 2080 erroribus
2198 2021 2584 2083 turbarentur,
2609 2027 2664 2072 et
2689 2034 2719 2072 a
2741 2016 2964 2072 Christo
2987 2014 3265 2069 resilirent
3287 2020 3450 2082 atque

220 2127 368 2174 νοντες
405 2112 464 2163 τὸ
496 2110 710 2182 ἀληθῶς
739 2111 1000 2181 ὠφελοῦν,
1030 2113 1366 2185 ἐτοιμότεροι
1408 2113 1508 2184 μὲν
1537 2113 1602 2169 ἂν
1656 2112 1766 2168 εἶεν

1891 2119 2256 2181 lesciscerent,
2279 2116 2373 2170 sed
2393 2116 2542 2169 velut
2563 2113 2958 2169 exercitatione
2984 2109 3220 2180 quadam
3246 2108 3452 2163 instru-

221 2201 328 2273 πρὸς
369 2201 466 2272 τὴν
513 2203 613 2274 τῆς
661 2203 914 2274 ἀληθείας
955 2205 1140 2274 ἔφεσιν
1179 2223 1239 2259 τε
1291 2193 1386 2260 καὶ
1436 2207 1765 2278 προθυμίαν,

1891 2213 1962 2276 :ti,
2001 2225 2130 2265 cum
2161 2209 2489 2264 didicissent
2513 2221 2678 2276 quam
2717 2204 2871 2260 utilis
2916 2211 3062 2258 esset
3092 2201 3317 2267 veritas,
3352 2215 3452 2270 pa-

221 2293 592 2364 ὶρηρεισμένην
615 2283 670 2348 δὲ
694 2296 787 2349 καὶ
830 2296 1338 2368 ἀ[να]κατὰσειστον
1361 2299 1532 2369 ἔχοιεν
1555 2299 1655 2370 τὴν
1687 2301 1769 2363 είς

1891 2296 2102 2352 'atiores
2134 2295 2204 2351 ad
2242 2293 2627 2366 ex’p‘etendam,
2658 2292 3020 2362 alacritcrque
3065 2289 3452 2360 capessendam

219 2382 324 2434 θεὸν
342 2383 641 2454 ἀγάπησιν.
681 2386 778 2439 Διὰ
813 2389 1029 2458 μακρᾶς
1065 2386 1157 2442 οὖν
1182 2387 1370 2458 ὥσπερ
1423 2390 1518 2444 καὶ
1548 2389 1647 2442 οὐκ
1679 2390 1769 2443 εὐ-

1890 2389 2159 2444 reritatem
2207 2387 2612 2450 redderentur,
2655 2384 3058 2452 dilcctioneque
3113 2396 3242 2451 erga
3279 2381 3451 2436 Deum

220 2473 342 2537 θείας
359 2475 500 2538 ὀδοῦ,
517 2476 618 2546 τῆς
634 2477 774 2531 κατὰ
795 2478 852 2531 τὸ
874 2479 1106 2551 γράμμα
1127 2480 1400 2552 λατρείας,
1424 2480 1770 2549 παιδαγωγὸς

1890 2489 2054 2537 :ssent
2074 2479 2232 2534 ﬁrma
2262 2487 2318 2533 et
2341 2479 2587 2532 immota.
2626 2475 2739 2531 Lex
2763 2475 2930 2546 igitur
2956 2473 3287 2544 paedagogus
3311 2480 3451 2534 erat,

218 2561 265 2633 ἦν
303 2569 332 2618 ὁ
388 2566 567 2637 νόμος.
608 2569 844 2640 Χριστὸς
888 2570 944 2623 δὲ
980 2572 1079 2642 οὐχ
1123 2571 1282 2625 οὐτω.
1331 2571 1621 2643 ΙΙαρέδειξε
1661 2572 1770 2644 γὰρ

1894 2577 1976 2646 33
2012 2575 2106 2644 qui
2157 2573 2329 2629 veluti
2368 2587 2469 2642 per
2514 2569 2823 2640 longiorem
2862 2582 2927 2622 ac
2974 2566 3280 2620 ﬂexuosam
3305 2563 3455 2618 viam

219 2657 326 2725 ἡμῖν
382 2657 478 2728 τὴν
530 2659 610 2722 είς
646 2660 775 2713 εὐθύ
807 2662 900 2715 καὶ
945 2662 1138 2733 ἀγχοῦ,
1183 2663 1329 2717 τοῦτ’
1370 2664 1508 2730 ἔστι,
1543 2666 1641 2736 τὴν
1681 2665 1771 2720 διὰ

1893 2669 2118 2730 luceret,
2148 2684 2246 2738 per
2285 2667 2462 2732 illum,
2501 2666 2749 2735 inquam,
2772 2663 3003 2726 cultum,
3029 2659 3125 2730 qui
3151 2657 3454 2714 secundum

218 2749 447 2813 πίστεως,
491 2752 911 2822 μεταχαλκεύων
963 2756 1042 2818 είς
1085 2755 1396 2826 εὐτολμίαν,
1446 2758 1541 2810 καὶ
1587 2759 1668 2821 είς
1710 2759 1771 2812 τὸ

1896 2761 2107 2816 itteram
2133 2759 2521 2814 exhibebatur.
2546 2757 2617 2812 At
2664 2772 2775 2810 non
2824 2755 2956 2808 item
3005 2751 3282 2808 Christus.
3319 2749 3457 2805 Nam

216 2842 389 2912 χρῆναι
440 2842 628 2896 λοιπὸν
674 2846 1124 2918 κατανδρίζεσθαι
1174 2847 1284 2901 τῶν
1322 2847 1766 2919 ἀνθεστηκότων·

1898 2867 1989 2905 um
2016 2851 2238 2905 brevem
2267 2850 2430 2905 nobis
2452 2846 2912 2904 commonstravit
2934 2845 3103 2910 viam,
3146 2843 3318 2906 illam,
3371 2841 3457 2895 in-

214 2931 490 3001 τληπαθείν
510 2935 566 2988 δὲ
595 2936 676 2988 ὅτι
702 2934 935 3005 μάλιστα
964 2936 1136 3005 φιλεῖν
1161 2937 1302 3009 ὑπέρ
1329 2956 1390 2992 τε
1417 2938 1511 2992 τοῦ
1538 2938 1768 3008 ἀγαθοῦ,

1894 2958 2060 3012 luam,
2089 2957 2190 3012 per
2219 2941 2381 2996 ﬁdem
2409 2959 2422 3007 ;
2465 2940 2712 3010 adeoque
2746 2937 3013 2992 audentes
3038 2950 3140 2990 nos
3196 2933 3455 2997 reddidit,

216 3025 294 3078 καὶ
308 3027 425 3088 ταῖς
436 3025 530 3078 τοῦ
551 3026 798 3080 διαϐόλου
824 3027 1175 3100 μεθοδ[ε]ίαις
1193 3029 1578 3101 ἀντιφέρεσθαι
1598 3049 1771 3100 γεννι-

1899 3041 1936 3086 ιῑ
1988 3050 2099 3089 non
2159 3033 2478 3088 dubitemus
2527 3033 2639 3103 jam
2693 3030 2960 3085 adversus
3012 3045 3077 3084 ea
3128 3042 3250 3098 quae
3299 3026 3460 3080 nobis

213 3114 334 3178 κῶς,
389 3115 563 3169 ἐκεῖνό
618 3134 720 3170 που
769 3117 908 3188 τάχα
958 3119 1019 3172 τὸ
1067 3122 1122 3173 ὲν
1174 3123 1431 3194 προφήτῃ
1483 3122 1764 3192 λέγοντας·

1898 3125 2253 3190 ὼιιιεῑιιιιιιιιο,
2322 3124 2549 3179 fortiter
2595 3123 2894 3188 dimicare,
2944 3123 3354 3192 optandumque
3404 3121 3459 3175 in

215 3223 231 3258 ι
277 3207 398 3260 ’1δού
429 3209 634 3280 Κύριος
663 3209 844 3280 βοηθεί
884 3229 993 3282 μοι,
1024 3210 1106 3274 τίς
1131 3212 1369 3266 κακώσει
1406 3230 1507 3285 με;
1553 3232 1570 3264 ι
1609 3215 1682 3268 Τὸ
1714 3216 1771 3268 δὲ

1899 3216 2077 3270 πίωίε
2107 3216 2507 3272 existimemus
2565 3231 2669 3284 pro
2714 3215 2832 3285 ipso
2861 3215 3008 3269 bono
3050 3213 3332 3284 quidpiam
3372 3223 3460 3268 to-

211 3297 266 3368 δὴ
298 3299 389 3369 τὴν
436 3299 608 3364 οῦτως
651 3302 782 3372 ήμῖν
833 3301 1161 3372 ἁξιάγαστον
1190 3303 1479 3375 εὐτολμίαν
1513 3306 1772 3377 ἐμποιοῦν

1902 3321 2075 3372 erare,
2102 3321 2166 3360 ac
2198 3305 2404 3361 diaboli
2432 3305 2717 3362 insidiosis
2739 3306 3062 3361 occursibus
3101 3306 3321 3361 fortiter
3363 3306 3463 3360 ob-

211 3390 290 3460 εἴη
323 3391 380 3462 δή
420 3409 521 3445 που
563 3393 780 3446 πάντων
832 3393 897 3447 ἂν
943 3395 1131 3466 ἕτερον
1175 3394 1347 3460 οὐδὲν,
1384 3396 1535 3468 παρὰ
1580 3397 1678 3469 τὴν
1716 3397 1772 3464 ὲξ

1899 3398 2093 3462 ιίειετε,
2121 3397 2258 3452 illud
2285 3413 2315 3453 e
2360 3398 2629 3468 propheta
2676 3397 2731 3450 in
2757 3413 2851 3452 ore
2903 3397 3170 3452 habentes
3219 3415 3230 3450 :
3273 3416 3290 3447 ι
3321 3397 3460 3452 Ecce

213 3481 368 3550 ὕψους
395 3483 644 3554 δύναμιν,
673 3484 816 3538 τοῦτ’
846 3484 989 3552 ἔστι,
1026 3486 1124 3557 τὴν
1145 3487 1239 3540 τοῦ
1274 3486 1430 3555 ἁγίου
1459 3488 1774 3560 Πνεύματος

1898 3491 2025 3546 )eus
2048 3489 2270 3562 adjuvat
2302 3505 2428 3555 me;
2476 3489 2601 3560 quis
2633 3487 2836 3558 afﬂiget
2875 3503 2963 3542 me
2995 3487 3039 3518 ⁸⁷
3060 3489 3083 3540 ?
3108 3507 3126 3540 ι
3166 3485 3324 3554 Quod
3359 3503 3459 3540 au-

216 3572 417 3642 μέθεξίν
441 3593 501 3628 τε
536 3575 634 3629 κα)⁸
665 3577 969 3631 κοινωνίαν.

1900 3598 1990 3637 em
2015 3584 2072 3638 in
2095 3583 2257 3640 nobis
2285 3583 2425 3638 adeo
2448 3581 2623 3636 miros
2643 3582 2812 3636 animi
2836 3597 3004 3636 ausus
3022 3580 3208 3646 efﬁcit,
3231 3581 3286 3635 id
3313 3588 3461 3635 certe

216 3681 318 3722 non
369 3669 518 3724 aliud
581 3669 814 3725 omnino
864 3678 969 3736 est,
1022 3687 1186 3742 quam
1249 3672 1341 3728 illa
1387 3689 1455 3730 ex
1503 3674 1614 3730 alto
1654 3673 1851 3740 virtus,
1892 3674 1948 3730 id
1989 3684 2094 3739 est,
2145 3677 2320 3731 sancti
2367 3675 2608 3751 Spiritus
2674 3675 3026 3746 partieipatio
3079 3682 3242 3745 atque
3309 3689 3462 3728 com-

217 3781 406 3820 11101110.

279 3857 479 3910 ΠΑΛΛ.
548 3857 838 3930 Συνίημιὸ
892 3861 1032 3931 φῂς,
1083 3861 1174 3915 καί
1235 3879 1294 3914 σε
1341 3862 1442 3934 τῆς
1500 3863 1780 3934 ἀγχινοίας

1904 3869 1908 3902 ι
1958 3861 2156 3916 PALL.
2187 3860 2438 3931 Intelligo
2467 3859 2615 3930 quod
2649 3859 2810 3924 dicis,
2837 3874 2900 3914 ac
2926 3867 3074 3915 tuam
3101 3859 3262 3913 istam
3288 3858 3465 3913 soler-

217 3947 431 4018 ἄγαμαι.

1885 3953 2016 4008 tiam
2042 3954 2307 4010 admiror.

277 4039 432 4094 ΚΥΡ.
475 4042 587 4095 Καὶ
610 4041 704 4094 τόν
732 4059 796 4111 γε
825 4042 924 4114 τῆς
957 4043 1061 4114 διὰ¹
1086 4043 1322 4116 Χριστοῦ
1357 4045 1629 4117 σωτηρίας
1659 4063 1780 4099 και-

1952 4045 2110 4103 CYR.
2158 4047 2337 4118 Atque
2382 4048 2563 4119 ipsum
2585 4063 2805 4117 quoque
2836 4045 3028 4100 salutis
3065 4059 3164 4114 per
3183 4043 3461 4099 Christum

224 4129 303 4196 ρον
375 4133 817 4204 κατασημήνειεν
874 4135 941 4189 ἂν
988 4135 1146 4201 εὐθὺς
1195 4138 1256 4191 τὸ
1312 4137 1776 4209 παρεζευγμένον.

1903 4137 2194 4192 ,τὶῠυεηὼε
2215 4147 2453 4208 tempus,
2486 4148 2548 4193 ut
2607 4146 2762 4207 puto,
2811 4136 3176 4206 signiﬁcatur,
3225 4151 3293 4192 eo
3346 4136 3464 4206 ipso

226 4238 241 4271 I
269 4222 490 4296 Πέμπτῃ
517 4225 647 4296 γὰρ,
685 4227 837 4296 φησὶ,
866 4229 1031 4298 γενεᾷ
1048 4228 1319 4298 ἀνέδησαν
1345 4231 1394 4282 οί
1426 4231 1531 4284 uio).
1564 4229 1781 4301 Ἰσραὴλ

1902 4232 2038 4302 ιιιοό
2075 4231 2336 4300 deinceps
2381 4230 2700 4300 adjunctum
2733 4238 2817 4282 est
2855 4244 2866 4280 :
2911 4248 2928 4280 ι
2957 4227 3161 4294 Quinta
3206 4244 3463 4298 namque,

221 4313 275 4364 ἑκ
298 4313 722 4384 γῆςἈίγύπτου.
753 4337 771 4369 ι
810 4319 1292 4391 Ἐκλελυτρὼμεθα
1312 4321 1416 4392 γὰρ
1441 4323 1503 4376 ἐκ
1518 4321 1779 4390 δουλείας,

1905 4324 1986 4388 iit,
2027 4322 2383 4394 generatione
2445 4317 2958 4376 ascenderunt‘ﬁlii
2990 4319 3154 4374 Israel
3201 4320 3269 4374 de
3320 4330 3466 4374 terra

221 4406 302 4456 καί
334 4408 439 4478 μήν
482 4408 578 4467 καλ
640 4408 818 4464 πόνων
859 4410 965 4464 τῶν
991 4414 1050 4465 ὲν
1083 4412 1312 4476 είκαίοις
1355 4417 1780 4485 περισπασμοῖς,

1903 4414 2105 4485 Egypti
2131 4415 2216 4466 ⁸⁷⁸.
2251 4433 2268 4464 ›
2309 4413 2556 4482 Namque
2582 4428 2613 4467 a
2653 4411 2920 4467 servitute
2966 4421 3130 4480 atque
3161 4411 3464 4476 laboribus,

221 4496 302 4548 καὶ
324 4499 700 4570 ταλαιπωρίας
732 4501 836 4572 τῆς
879 4503 1008 4572 περὶ
1037 4504 1140 4574 γῆν
1180 4521 1240 4556 τε
1281 4505 1374 4558 καὶ
1399 4505 1528 4575 χοῦν
1572 4505 1782 4577 (συνίης

1908 4503 2097 4573 ιιιίὺιιε
2119 4502 2322 4558 frustra
2365 4503 2522 4558 vanis
2540 4503 2598 4557 in
2631 4501 2799 4557 rebus
2823 4499 3247 4563 distinebamur,
3269 4515 3469 4554 aarum-

222 4585 271 4638 δὲ
296 4589 322 4640 δ
347 4591 540 4663 φημι),
575 4592 718 4645 κατὰ
742 4592 839 4664 τὴν
872 4594 1234 4666 εὐαγγελικὴν
1262 4597 1597 4668 παραϐολὴν,
1616 4599 1692 4662 ὡς
1726 4600 1783 4652 ὲν

1907 4595 1978 4650 iis
2001 4596 2169 4650 etiam
2202 4610 2342 4666 quas
2377 4596 2434 4650 in
2474 4604 2633 4651 teme
2659 4611 2722 4650 ac
2754 4593 3002 4665 pulveris
3033 4591 3294 4664 operibus
3329 4591 3468 4647 tole-

223 4678 428 4753 πέμπτῃ
474 4684 669 4753 ’γενεᾷ,
721 4683 800 4754 τῷ
848 4684 1084 4756 πέμπτῳ
1132 4687 1330 4758 καιρῷ.
1372 4705 1390 4738 ι
1443 4688 1634 4758 Ὁμοία
1677 4690 1783 4759 γάρ

1908 4688 2150 4742 -ιώαιιιυε
2173 4687 2339 4759 (nosti
2364 4687 2511 4742 enim
2541 4687 2688 4757 quod
2710 4685 2879 4757 dico),
2909 4684 3099 4755 quinta
3122 4682 3469 4739 successione

226 4771 355 4824 ἐστιν
377 4776 410 4844 ή
441 4773 687 4843 βασιλεία
709 4776 818 4830 τῶν
839 4777 1081 4849 οὐρανῶν
1108 4779 1205 4832 ἀνθ
1215 4779 1380 4851 ρώπῳ
1413 4781 1784 4855 οἰκοδεσπότῃ.

1908 4794 2226 4850 ιεηιροτιιιη,
2257 4790 2319 4835 ut
2353 4789 2438 4834 est
2466 4779 2522 4834 in
2549 4779 2863 4849 evangeliea
2891 4777 2984 4831 illa
3010 4775 3289 4848 parabola,
3313 4775 3469 4845 quasi

223 4862 354 4927 ὅστις
399 4867 622 4936 ἐξῆλθεν
673 4868 791 4942 ἅμα
837 4869 982 4940 πρωῒ
1019 4871 1392 4938 μισθώσασθαι
1429 4873 1666 4944 ἐργάτας
1706 4877 1784 4939 είς

1909 4876 2086 4946 ιυίῐιιιι
2108 4874 2343 4945 quadam
2376 4871 2732 4944 generatione
2759 4870 3028 4940 redempti
3081 4883 3292 4923 sumus.
3335 4886 3352 4918 ι
3383 4866 3470 4921 Si-

226 4953 303 5004 τὸν
335 4956 626 5026 ἀμπελῶνα
669 4958 856 5013 αὐτοῦ.
895 4961 1108 5014 »Τουτὶ
1133 4961 1190 5015 δὲ
1219 4962 1314 5015 καὶ
1344 4962 1472 5032 περὶ
1493 4961 1592 5034 τὴν
1620 4963 1786 5034 ἕκτην

1912 4968 2022 5022 ni'le
2047 4976 2132 5022 est
2154 4967 2301 5020 enim
2324 4979 2554 5036 regnum
2601 4963 2868 5020 cmlorum
2914 4961 3123 5016 homini
3169 4959 3473 5031 patrifami-

227 5061 275 5095 τε
304 5049 393 5100 καὶ
423 5050 520 5120 τήν
559 5051 757 5122 ἐνάτην
801 5051 905 5124 ἔφη
939 5053 1104 5124 δρᾷν·
1165 5072 1184 5105 ι
1222 5055 1358 5125 Περὶ
1396 5055 1453 5108 δὲ
1499 5055 1599 5125 τήν
1645 5056 1787 5108 ἐνδε-

1908 5059 2017 5123 lias,
2052 5058 2149 5130 qui
2176 5059 2311 5113 exiit
2340 5056 2520 5127 primo
2543 5070 2702 5111 mane
2757 5054 3071 5110 conducere
3102 5053 3384 5124 operarios
3415 5051 3469 5106 in

227 5136 400 5210 κάτην,
433 5140 589 5215 εῦρεν
621 5144 815 5208 ἄλλους
843 5146 1068 5216 ἀργοὺς,
1103 5145 1206 5217 ἐφη
1248 5163 1309 5198 τε
1339 5147 1476 5216 πρὸς
1507 5145 1748 5212 ἐκείνους
1769 5164 1781 5177 '

1908 5151 2110 5206 vineam
2130 5165 2286 5205 suam
2314 5149 2378 5204 ⁸⁸.
2408 5169 2426 5201 ι
2456 5147 2613 5216 Quod
2646 5148 2792 5203 idem
2818 5148 2963 5203 circa
2987 5147 3207 5201 tertiam
3230 5159 3469 5216 quoque,

229 5225 286 5278 Τί
324 5232 580 5305 ἑστήκατε
613 5227 715 5291 ὧδε
758 5236 886 5307 ὅλην
922 5236 1020 5308 τὴν
1052 5237 1262 5308 ἡμέραν
1291 5238 1478 5309 ἀργοί;
1523 5238 1783 5307 ὑπάγετε,

1909 5248 2104 5297 sextam
2131 5255 2195 5295 ac
2221 5255 2422 5296 nonam
2467 5240 2662 5295 horam
2693 5239 2889 5295 fecisse
2915 5241 3012 5295 ait.
3063 5260 3080 5292 ι
3103 5239 3263 5296 Circa
3298 5237 3470 5294 unde-

231 5318 315 5370 καὶ
340 5322 484 5392 ὑμεῖς
507 5326 808 5398 ἐργάζεσθε
834 5328 914 5391 είς
943 5328 1033 5380 τὸν
1061 5327 1360 5398 ἀμπελῶνὰ
1392 5347 1512 5400 μου.
1550 5330 1786 5402 »ιιἋθρει

1906 5332 2093 5387 nimam
2126 5347 2256 5387 vero
2290 5332 2502 5389 invenit
2525 5332 2663 5388 alios
2683 5331 2912 5396 otiosos,
2963 5332 3156 5401 aitque
3182 5330 3249 5385 ad
3301 5329 3424 5382 illos
3453 5343 3467 5380 :

223 5407 286 5479 δὴ
314 5409 417 5482 οὖν,
463 5418 537 5482 ὡς
583 5421 643 5472 ὲν
680 5419 908 5492 πέμπτῃ
960 5420 1122 5490 γενεᾷ
1162 5421 1547 5492 πεμπομένους
1587 5424 1666 5487 είς
1697 5421 1784 5475 τὸν

1906 5422 2034 5490 Quid
2074 5423 2232 5478 statis
2265 5433 2377 5478 tota
2425 5424 2514 5480 die
2547 5425 2628 5479 sic
2658 5423 2868 5478 otiosi?
2897 5422 2974 5477 ite
3013 5431 3069 5478 et
3096 5437 3193 5476 vos
3244 5418 3314 5473 ad
3335 5431 3467 5487 ope-

230 5502 512 5571 ἀμπελῶνα
557 5511 685 5576 τοὺς
731 5512 1091 5577 τελευταίους,
1143 5514 1237 5567 καὶ
1296 5515 1354 5568 ὲν
1417 5517 1630 5587 καιροῖς
1674 5517 1786 5578 τοῖς

1910 5515 2127 5571 randum
2163 5516 2220 5570 in
2257 5516 2473 5572 vineam
2521 5530 2702 5571 meam
2719 5515 2788 5569 ⁸ο.
2818 5532 2836 5566 ι
2870 5510 3322 5583 Intelligejgitur
3370 5509 3471 5564 hos

293 5684 356 5718 “'
389 5691 544 5747 Rom.
579 5710 635 5759 ι,
682 5694 836 5749 8-10.
913 5695 956 5727 "
998 5695 1100 5751 lsa.
1143 5710 1194 5760 L,
1231 5697 1282 5750 7.
1361 5698 1426 5730 ⁸⁷⁸
1461 5697 1632 5755 Exod.
1666 5714 1781 5768 xm,
1817 5696 1850 5754 5

1461 5696 1868 5768 Exod.xm,5.
1949 5674 1994 5731 εκ
2024 5698 2214 5759 Matth.
2246 5703 2390 5774 νηί
2434 5683 2605 5775 seqq;
2685 5703 3009 5772 "Ibid.,6.

528 5787 800 5847 I‘A'rnon.
849 5787 964 5879 ιι.
1009 5787 1249 5850 LXVIII
2415 5808 2419 5812 ί
2983 5785 3019 5849 9
