3954 6200
429 264 532 318 ‘26?

1459 253 1515 308 S.
1555 250 1831 307 CYRILLI
1871 249 2338 306 ALEXANDRINI
2376 249 2689 305 ARCHIEP.

3576 245 3678 303 268

429 390 702 434 extremos
735 377 788 430 in
823 373 1039 429 vineam
1079 351 1222 425 mitti
1253 369 1444 440 quinta
1472 367 1878 438 quodammodo
1906 380 2000 438 ge-

2120 369 2387 438 :o’xdtot;,
2432 368 2518 420 ὅτε
2559 367 2778 435 γέγονεν
2810 363 3093 435 ἄνθρωπος
3139 364 3167 416 6
3221 363 3548 435 Μονογενὴς.
3585 366 3679 420 καὶ

430 467 736 531 iteratione,
769 465 823 519 id
846 472 951 526 est,
1001 461 1312 516 novissimis
1355 459 1716 529 temporibus,
1761 474 1884 513 cum
1917 457 2008 515 ille

429 560 758 632 Unigenitus
796 557 974 610 factus
1003 553 1167 607 homo
1194 561 1298 617 est,
1336 567 1399 606 ac
1455 567 1646 607 necem
1694 566 1796 622 pro
1836 551 2011 605 salute

429 651 673 706 omnium
701 646 949 718 pertulit.
1000 644 1192 714 Itaque
1233 642 1398 714 Moysi
1449 657 1669 713 quoque
1712 642 1830 712 lege
1867 656 2008 712 pra:-

430 744 695 812 scriptum
741 748 861 793 erat
895 746 955 792 ut
999 751 1174 807 agnus
1213 735 1559 805 acciperetur
1587 735 1808 804 quidem
1857 733 2008 788 deci-

430 851 518 890 mo
551 831 710 903 primi
731 829 937 884 mensis
951 827 1060 891 die,
1076 826 1420 881 occideretur
1438 833 1618 880 autem
1638 825 1705 878 ad
1723 839 2006 894 vesperam

428 925 674 997 ejusdem
733 921 939 976 mensis
969 917 1405 989 quartodecimo,
1441 925 1502 972 ut
1537 915 1701 972 simul
1747 926 1804 971 et
1850 917 2012 986 quin-

424 1029 544 1074 tum
569 1015 730 1070 nobis
756 1021 972 1081 tempus
1001 1009 1091 1064 die
1115 1009 1330 1080 quinto,
1369 1015 1428 1063 et
1455 1009 1511 1062 in
1544 1007 1652 1063 ﬁne
1677 1007 1862 1062 saeculi
1895 1006 2011 1062 Sal-

430 1108 640 1166 vatoris
688 1105 862 1160 nostri
911 1103 1088 1159 cades
1136 1102 1323 1157 futura
1352 1115 1449 1172 per
1469 1115 1752 1172 vesperam
1798 1097 2009 1171 signiﬁ-

423 1211 671 1256 caretur.

503 1290 698 1348 PALL.
730 1287 904 1344 Omne
927 1287 1115 1358 igitur,
1143 1293 1204 1339 ut
1258 1293 1689 1339 consentaneum
1714 1289 1819 1345 est,
1863 1279 2004 1334 divi-

429 1386 579 1441 nitus
603 1383 890 1454 inspirata:
933 1379 1236 1450 Scriptura:
1291 1375 1635 1448 pr0positum
1681 1374 1749 1429 ad
1800 1371 2008 1429 Christi

431 1471 756 1542 mysterium
792 1475 1004 1538 spectat
1036 1467 1135 1519 ⁵⁸⁸2

494 1561 653 1616 CYR.
687 1559 764 1614 Ita
789 1572 1054 1628 prorsus:
1083 1556 1210 1610 finis
1230 1571 1465 1626 namque
1501 1554 1636 1626 legis
1673 1569 1735 1608 ac
1764 1552 2007 1625 prophe-

2106 461 2205 532 τὴν
2237 461 2376 532 ὑπὲρ
2412 459 2511 531 τῆς
2544 459 2798 514 ἁπάντων
2843 456 2986 529 ζωῆς
3014 457 3397 529 ὑπομεμένηκε
3441 459 3674 528 σφαγήν.

2105 551 2398 621 Τοιγάρτοι
2440 551 2534 605 καὶ
2573 552 2601 603 6
2639 550 2881 614 Μωσέως
2909 548 3163 604 διετύπου
3191 547 3374 620 νόμος,
3405 549 3675 622 λαμϐάνε-

2107 643 2233 698 σθαι
2265 646 2364 715 μὲν
2396 644 2486 698 τὸν
2511 643 2683 715 ἀμνὸν
2712 643 2821 698 ἀπὸ
2851 643 3084 712 δεκάτης
3112 641 3207 695 τοῦ
3236 640 3454 714 πρώτου
3489 643 3675 715 μηνὸς,

2108 737 2409 806 σφάζεσθαι
2441 737 2498 790 δὲ
2527 736 2660 810 πρὸς
2687 737 2923 809 ἑσπέραν
2940 730 3054 807 ’τῆς
3081 737 3680 809 τεσσαρεσκαιδεκάτης

2106 828 2199 883 τοῦ
2243 827 2406 883 αὑτοῦ
2449 829 2638 900 μηνὸς,
2676 827 2742 882 ἵν’
2783 831 2841 884 ὲν
2873 828 3056 900 ταύτῷ
3082 829 3177 883 καὶ
3201 831 3230 882 6
3262 829 3510 901 πέμπτος
3549 829 3679 899 ἡμῖν

2107 923 2317 996 καιρὸς,
2345 924 2422 988 ὼς
2466 925 2524 978 ὲν
2562 923 2746 996 ἡμέρᾳ
2774 925 2840 994 τῇ
2871 923 3117 997 πέμπτῃ,
3147 923 3242 976 καὶ
3279 925 3390 988 τοῖς
3415 924 3509 976 ἐπὶ
3536 923 3679 976 τέλει

2106 1013 2200 1068 τοῦ
2234 1015 2448 1081 αἰῶνος,
2483 1015 2582 1086 τὴν
2623 1015 2718 1069 τοῦ
2765 1015 3014 1087 Σωτῆρος
3058 1013 3311 1084 γενέσθαι
3352 1012 3566 1086 σφαγὴν
3594 1014 3680 1069 διὰ

2107 1107 2222 1176 τοῦ,
2242 1108 2378 1181 πρὸς
2406 1111 2662 1182 ἑσπέραν,
2691 1109 3045 1181 σημαίνηται.

2181 1290 2390 1344 ΠΑΛΛ.
2417 1289 2596 1352 ’Ἅπας
2619 1283 2731 1352 06v,
2757 1286 2832 1351 ὡς
2849 1285 3015 1351 ἔοικε,
3035 1287 3136 1357 τῆς
3157 1283 3514 1339 θεοπνεύστου
3540 1283 3682 1356 Γραο

2108 1383 2214 1453 φῆς
2236 1382 2264 1435 6
2285 1380 2484 1446 σκοπὸς
2517 1383 2596 1443 είς
2621 1380 2680 1434 τὸ
2715 1377 2953 1452 Χριστοῦ
2981 1377 3169 1449 βλέπει
3195 1379 3492 1449 μυστήριον
3522 1395 3536 1446 ;

2178 1561 2341 1616 ΚΥΡ.
2383 1558 2703 1614 Παντάπασι
2755 1559 2853 1630 μὲν
2897 1555 3018 1612 οὖν’
3053 1557 3204 1621 τέλος
3239 1557 3347 1629 γὰρ
3374 1557 3538 1629 νόμου
3585 1558 3681 1610 καὶ

433 1664 612 1707 tarum
642 1650 898 1706 Christus
922 1667 934 1702 :
967 1669 984 1700 ι
1013 1649 1201 1719 Neque
1231 1648 1379 1704 enim
1402 1655 1487 1704 est
1509 1663 1708 1703 nomen
1733 1647 1838 1702 sub
1865 1645 2008 1702 ccelo

2120 1653 2405 1728 προφητῶν
2435 1655 2465 1708 6
2494 1653 2758 1725 Χριστόςξο
2798 1671 2817 1705 ι
2859 1650 3014 1705 Ἐπεὶ
3044 1650 3177 1722 μηδέ
3206 1651 3352 1703 ἐστιν
3384 1650 3554 1721 ὄνομα
3575 1651 3683 1704 ὑπὸ

429 1747 618 1800 datum
677 1742 1019 1806 hominibus,
1055 1740 1167 1812 84
1196 1740 1251 1794 in
1275 1755 1386 1810 quo
1416 1746 1668 1809 oporteat
1699 1754 1800 1794 nos
1827 1737 2007 1793 salvos

2120 1725 2197 1800 τόν
2239 1745 2467 1816 οὐρανὸν
2509 1742 2572 1797 τὸ
2615 1743 2894 1814 δεδομένον
2943 1745 3000 1796 ἐν
3047 1740 3386 1813 ἀνθρώποις,
3421 1741 3480 1795 ὲν
3598 1743 3684 1796 δεῖ

433 1835 550 1890 fieri
585 1835 667 1888 τοι
700 1852 718 1884 ι
759 1832 838 1888 sic
881 1832 1029 1886 enim
1064 1830 1202 1884 dixit
1226 1829 1319 1884 ille
1351 1828 1654 1884 Salvatoris
1696 1828 1870 1882 nostri
1915 1827 2003 1882 di-

430 1925 711 1997 scipulus;
744 1925 903 1994 cujus
935 1923 1012 1976 rei
1035 1921 1290 1992 probatio
1329 1920 1383 1975 in
1419 1929 1676 1992 promptu
1721 1928 1826 1986 est,
1862 1920 1907 1975 si
1934 1920 2004 1975 ad

431 2037 494 2074 ea
516 2034 636 2090 qua:
661 2025 969 2086 sequuntur
1002 2013 1416 2086 aspexerimus:
1449 2032 1467 2064 ι
1494 2013 1765 2079 Profecti,
1803 2013 2001 2083 inquit,

434 2112 526 2165 lilii
558 2109 723 2164 lsrael
758 2124 824 2164 ex
855 2107 1081 2172 Socoth,
1114 2105 1480 2162 castrametati
1519 2113 1648 2160 sunt
1683 2105 1740 2159 in
1781 2103 2002 2172 Othom,

434 2218 604 2273 prope
643 2201 965 2267 desertum;
996 2201 1142 2256 Deus
1168 2208 1352 2254 autem
1397 2195 1629 2268 praeibat
1671 2195 1798 2261 illis,
1831 2196 2006 2250 inter-

433 2296 529 2350 diu
564 2295 790 2365 quidem
845 2295 900 2349 in
943 2293 1201 2349 columna
1241 2290 1425 2356 nubis,
1469 2297 1532 2344 ut
1570 2285 1886 2345 ostenderet
1925 2289 2007 2344 eis

434 2389 574 2442 viam
600 2405 614 2456 ;
640 2387 707 2442 de
731 2394 892 2442 nocte
911 2395 1095 2441 autem
1117 2384 1172 2439 in
1198 2383 1452 2439 columna
1478 2382 1651 2453 ignis:
1675 2398 1785 2437 non
1807 2381 2008 2437 defecit

432 2483 687 2536 columna
716 2479 881 2537 nubis
909 2494 1011 2549 per
1046 2476 1216 2540 diem,
1244 2490 1425 2545 neque
1463 2475 1719 2529 columna
1748 2474 1888 2544 ignis
1909 2489 2008 2543 per

435 2583 650 2628 noctem
680 2585 864 2626 coram
891 2568 1041 2623 omni
1069 2565 1273 2636 populo
1313 2566 1380 2617 “.
1411 2582 1430 2615 ›
1463 2563 1628 2619 Vides
1652 2572 1714 2618 ut
1743 2563 2009 2619 Israelitis

435 2668 542 2736 iam
596 2679 664 2718 ex
717 2659 1097 2731 (Egyptiorum
1143 2656 1365 2727 regione
1412 2654 1674 2725 profectis
1704 2655 1901 2710 ducem
1949 2670 2010 2711 se

422 2752 750 2826 praestiterit
775 2752 919 2806 Deus
950 2749 1007 2803 in
1029 2748 1285 2804 columna
1330 2746 1499 2802 nubis
1531 2755 1588 2802 et
1623 2745 1803 2818 ignis;
1827 2747 2008 2802 utrin-

433 2863 543 2918 que
587 2851 772 2901 autem
791 2842 1045 2899 Christus
1083 2838 1598 2912 repraasentabatur.

507 2938 705 2996 PALL.
733 2936 852 3004 Quo
893 2934 1114 2991 tandem
1145 2932 1343 2988 modo?

2111 1839 2347 1909 σωθῆναι
2376 1839 2540 1910 ἡμᾶς.
2571 1858 2590 1890 ι
2628 1838 2774 1907 Ἔφη
2800 1836 2908 1907 γὰρ
2934 1833 3036 1890 ὧδε
3060 1834 3154 1889 τοῦ
3182 1834 3429 1906 Σωτῆρος
3453 1836 3484 1889 6
3505 1835 3681 1907 μαθη-

2107 1931 2226 2004 τὴς,
2256 1932 2350 1985 καὶ
2374 1930 2571 1999 γείτων
2599 1930 2632 2000 ὴ
2665 1927 2847 1995 δεῖξις,
2883 1929 2930 1981 εί
2952 1930 3064 1992 τοῖς
3091 1927 3288 1996 ἐφεξῆς
3331 1911 3710 1998 προσϐάλλοι-ι’

2111 2041 2231 2096 μεν.
2265 2043 2283 2076 ι
2324 2021 2670 2093 Ἐξάραντες,
2691 2020 2879 2092 φησὶν,
2901 2022 2949 2074 οἱ
2975 2019 3080 2074 υἱοὶ
3111 2018 3326 2091 Ἰσραὴλ
3344 2021 3408 2072 ὲκ
3437 2018 3680 2089 Σοκχὼθ,

2106 2115 2603 2188 ἐστρατοπέδευσαν
2643 2115 2701 2167 ὲν
2749 2112 2934 2185 ὐθὼμ
2968 2111 3120 2184 παρά
3151 2112 3248 2184 τὴν
3297 2110 3527 2183 ἔρημον·
3568 2113 3596 2164 6
3621 2110 3684 2164 δὲ

2106 2210 2238 2272 Θεὸς
2275 2209 2460 2279 ἡγεῖτο
2493 2204 2691 2270 αὐτῶν,
2719 2203 2931 2276 ἡμέρας
2963 2204 3059 2274 μὲν
3104 2205 3162 2257 ἐν
3213 2202 3392 2273 στύλῳ
3428 2200 3682 2272 νεφέλης,

2107 2299 2278 2364 δεῖξαι
2308 2298 2492 2361 αὐτοῖς
2528 2295 2624 2368 τὴν
2645 2295 2782 2361 666v,
2817 2293 2914 2366 τὴν
2937 2295 2993 2348 δὲ
3011 2293 3180 2348 νύκτα
3210 2295 3268 2347 ὲν
3287 2293 3462 2366 στύλῳ
3489 2293 3683 2364 πυρὸς’

2106 2393 2206 2446 οὐκ
2257 2389 2501 2455 ἐξέλιπεν
2543 2390 2572 2443 6
2613 2387 2804 2451 στύλος
2851 2385 2944 2439 τοῦ
2989 2384 3161 2456 πυρὸς
3214 2383 3407 2447 νυκτὸς
3441 2383 3687 2438 ἐναντίον

2109 2483 2311 2547 παντὸς
2341 2481 2436 2535 τοῦ
2478 2478 2629 2535 λαοῦ.
2669 2497 2690 2532 ι
2730 2479 2894 2550 Ὁρᾷς
2923 2479 3072 2540 ὅπως
3108 2477 3209 2548 τῆς
3236 2476 3345 2530 τῶν
3370 2475 3686 2546 Αἰγυπτίων

2109 2577 2213 2646 γῆς
2239 2571 2714 2644 ὲκπεφοιτηκότων
2738 2570 2845 2624 τῶν
2867 2569 2927 2636 ἐξ
2961 2569 3176 2642 Ἰσραὴλ
3202 2569 3496 2641 καθηγεῖτο
3548 2567 3685 2634 Θεὸς

2111 2669 2168 2722 ὲν
2199 2665 2376 2738 στόλῳ
2413 2664 2645 2736 νεφέλης
2667 2662 2760 2718 καὶ
2788 2661 2954 2734 πυρός
2977 2679 2992 2728 ;
3023 2661 3292 2734 ἐγράφετο
3312 2660 3367 2716 δὲ
3389 2662 3456 2716 δι’
3480 2661 3689 2735 ἀμφοῖν

2109 2761 2139 2814 6
2167 2757 2423 2831 Χριστός.

2187 2938 2397 2994 ΠΔΛΛ.
2437 2934 2570 2990 Τίνα
2591 2933 2819 3006 τρόπον;

501 3028 663 3084 .CYR.
690 3027 932 3082 Primum
976 3023 1220 3094 quidem,
1269 3021 1398 3093 quia
1428 3022 1684 3078 columna
1727 3031 1785 3078 et
1821 3021 2008 3078 ﬁrma-

2186 3032 2350 3088 ΚΥΡ.
2393 3027 2615 3101 Πρῶτον
2649 3026 2770 3098 μὲν,
2804 3026 2884 3080 ὅτι
2926 3024 3116 3089 στύλος
3150 3022 3244 3078 καὶ
3282 3021 3560 3096 ἑδραίωμα
3587 3021 3694 3096 τῆς

435 3127 686 3174 mentum
709 3115 960 3173 veritatis
990 3123 1095 3180 est,
1118 3113 1316 3169 deinde
1339 3113 1485 3183 quod
1509 3113 1662 3168 nullo
1685 3113 1848 3168 modo
1876 3128 2013 3168 con-

434 3211 553 3268 cuti
583 3224 650 3266 ac
677 3207 974 3264 disturbari
1008 3212 1212 3278 potest,
1246 3221 1278 3261 a
1302 3213 1451 3260 terra
1481 3220 1702 3260 sursum
1733 3205 2011 3273 attollens;

437 3319 568 3361 nam
601 3303 657 3358 in
679 3299 900 3357 Christo
943 3299 1210 3355 desiimus
1253 3312 1376 3370 quae
1417 3297 1600 3354 carnis
1644 3306 1772 3352 sunt
1797 3312 2012 3368 sapere,

439 3411 505 3452 ac
549 3411 648 3466 per
693 3402 914 3449 terrena
963 3391 1201 3448 volutari
1241 3391 1383 3446 mala
1425 3407 1438 3444 :
1475 3405 1539 3446 ac
1578 3389 1749 3445 veluti
1793 3404 2014 3445 sursum

439 3491 562 3560 ejus
592 3503 696 3558 ope
735 3485 1002 3552 tollimur,
1049 3499 1175 3540 cum
1213 3498 1278 3539 ea
1303 3498 1427 3554 quae
1468 3497 1687 3539 sursum
1714 3490 1843 3538 sunt
1867 3483 2016 3554 sapi-

443 3583 644 3652 pimus,
669 3590 733 3634 et-
750 3579 806 3632 in
831 3579 972 3634 coelo
1013 3592 1299 3634 versamur
1334 3593 1349 3630 :
1384 3577 1651 3647 scriptum
1694 3585 1779 3632 est
1826 3577 2012 3631 enim:

452 3692 468 3723 ι
495 3673 588 3727 Dei
633 3671 802 3726 fortes
835 3685 866 3724 a
894 3679 1043 3723 terra
1081 3669 1441 3725 vehementer
1495 3668 1695 3724 elevati
1722 3678 1852 3724 sunt
1882 3671 1948 3724 τί.
1988 3689 2008 3722 ι

436 3763 592 3818 Dixit
613 3762 780 3818 etiam
803 3771 954 3815 certe
991 3759 1247 3814 Christus
1279 3759 1525 3831 ejusdem
1579 3760 1750 3815 David
1787 3775 1923 3816 voce
1947 3760 2016 3818 de

434 3866 596 3908 terra
622 3862 678 3908 et
705 3851 773 3906 de
804 3850 1010 3906 sanctis
1034 3850 1338 3922 apostolis;
1372 3870 1390 3902 ι
1411 3851 1523 3922 Ego
1550 3849 1763 3906 firmavi
1803 3852 2016 3907 colum-

446 3961 546 4001 nas
567 3945 686 4016 ejus
717 3943 784 3998 τ’.
817 3963 832 3993 ι
866 3941 1094 3996 Firmati
1143 3941 1347 4013 quippe
1377 3952 1506 3998 sunt
1551 3944 1786 4014 apostoli
1818 3945 2016 4011 sancti,

444 4035 539 4106 qui
575 4049 740 4106 supra
785 4041 989 4087 terram
1039 4031 1307 4098 eminent,
1347 4047 1473 4088 cum
1519 4036 1726 4091 virtute
1771 4051 1840 4091 ex
1883 4037 2016 4103 alto,

449 4128 625 4198 gratia
667 4141 864 4196 nempe
911 4131 1041 4178 sunt
1102 4126 1274 4181 sancti
1307 4125 1548 4198 Spiritus
1590 4127 1792 4184 induti.
1849 4129 2020 4186 Iidem

448 4227 606 4272 erant
627 4216 792 4271 etiam
842 4217 1128 4282 columnae,
1174 4232 1241 4271 eo
1273 4216 1392 4287 ipso
1437 4217 1584 4287 quod
1631 4217 1852 4273 Christo
1883 4233 2019 4275 con-

452 4309 657 4364 formes
687 4317 867 4374 erant,
895 4308 1058 4379 eique
1086 4308 1294 4364 similes
1316 4313 1416 4378 per
1439 4309 1669 4378 gratiam
1693 4309 1867 4365 sancti
1901 4309 2022 4380 Spi-

2114 3125 2370 3198 ἀληθείας
2397 3121 2544 3176 ἐστὶν
2581 3118 2976 3174 ἀκατάσειστόν
3000 3134 3060 3170 τε
3089 3116 3184 3170 καὶ
3211 3115 3517 3187 ἄθραυστον
3552 3133 3695 3170 παν-

2113 3219 2304 3284 τελῶς,
2357 3215 2453 3270 καὶ
2505 3213 2712 3284 ἀνέχων
2757 3211 2857 3282 τῆς
2903 3210 3005 3280 γῆς
3049 3207 3206 3280 ὑψοῦ.
3264 3207 3696 3280 ’Δπηλλάγμεθα

2114 3313 2225 3384 γάρ
2266 3311 2325 3364 ὲν
2367 3305 2592 3381 Χριστῷ
2650 3302 2746 3357 τοῦ
2799 3303 3018 3374 φρονεῖν
3069 3301 3137 3355 τά
3177 3299 3399 3373 σαρκὸς,
3435 3299 3530 3353 καὶ
3575 3303 3697 3364 τοῖς

2115 3401 2375 3472 ἐπιγείοις
2416 3394 2846 3469 ὲγκαλινδεϊσθαι
2871 3394 3083 3457 κακοῖςο
3115 3390 3381 3464 αἰρόμεθα
3403 3390 3461 3446 δὲ
3501 3389 3698 3463 ὥσπερ

2117 3491 2252 3564 ὑψοῦ
2279 3491 2345 3545 δι’
2375 3486 2562 3553 αὐτοῦ,
2608 3487 2720 3541 ἀνω
2747 3482 3089 3556 φρονοῦντες,
3123 3481 3219 3536 καὶ
3247 3483 3306 3534 ὲν
3349 3479 3565 3552 οὐρανῷ
3597 3495 3700 3532 πο-

2115 3582 2466 3653 λιτευόμενοι.
2495 3578 2810 3650 Γέγραπται
2835 3573 2978 3644 γὰρ,
3013 3575 3095 3627 ὅτι
3134 3591 3154 3625 ι
3189 3570 3298 3626 Τοῦ
3328 3569 3460 3626 Θεοῦ
3486 3571 3536 3624 οί
3564 3587 3700 3642 apa-

2118 3672 2308 3745 ·ιια[ι]οὶ⁵
2327 3671 2426 3742 τῆς
2451 3669 2556 3739 γῆς
2578 3667 2782 3738 σφόδρα
2803 3663 3326 3736 ὲπήρθησαν.ι⁹Εφη
3351 3662 3407 3717 δέ
3431 3679 3532 3715 που
3557 3663 3699 3733 Χρι-

2121 3765 2245 3828 στὸς
2276 3763 2368 3817 καὶ
2400 3761 2489 3816 διὰ
2527 3759 2711 3830 φωνῆς
2737 3755 2832 3811 τοῦ
2873 3756 3038 3811 Δαὸὶδ
3075 3755 3201 3828 περί
3224 3772 3285 3808 τε
3321 3755 3420 3827 τῆς
3445 3755 3552 3826 γῆς
3600 3755 3701 3808 καὶ

2118 3856 2226 3911 τῶν
2275 3853 2445 3924 ἁγίων
2481 3850 2796 3907 ἀποστόλων
2816 3865 2832 3881 ·
2867 3868 2887 3902 ι
2933 3847 3073 3918 Ἐγὼ
3093 3848 3400 3919 ὲστερέωσα
3424 3849 3548 3912 τοὺς
3577 3847 3703 3901 στύ⁶

2118 3949 2242 4012 λους
2262 3933 2453 4016 αὐτῆς.
2482 3963 2500 3995 ι
2538 3939 2980 4013 Ἐστερεώθησαν
3007 3941 3115 4011 γὰρ
3150 3941 3200 3994 οἱ
3227 3939 3328 4010 τὴν
3349 3939 3451 4008 γῆν
3475 3938 3702 4010 ἀνέχον-

2118 4056 2210 4104 τες
2235 4038 2380 4107 ἀγιοι
2409 4033 2647 4106 μαθηταὶ
2686 4031 2783 4104 τὴν
2830 4029 3082 4102 «ἒξ-ὕψους
3105 4030 3353 4101 δύναμιν,
3382 4029 3523 4085 τοῦτ’
3555 4031 3701 4099 ἐστι,

2119 4131 2216 4203 τὴν
2259 4130 2346 4184 διὰ
2373 4126 2464 4182 τοῦ
2502 4126 2659 4194 ἁγίου
2715 4123 3030 4195 Πνεύματος
3071 4122 3231 4195 χάριν
3261 4123 3702 4196 ἀμφιασάμενοι.

2121 4221 2308 4277 Στύλοι
2330 4219 2386 4272 δὲ
2405 4215 2546 4291 ἦσαν
2569 4217 2744 4281 αὐτοὶ,
2773 4215 2914 4270 κατά
2934 4215 3286 4286 συμμορφίαν
3318 4215 3419 4287 τὴν
3441 4215 3520 4281 ὡς
3559 4218 3706 4289 πρὸς

2121 4309 2372 4384 Χριστὸν,
2409 4308 2502 4362 καὶ
2529 4306 2648 4361 καθ’
2690 4306 2946 4376 ὁμοίωσιν
2977 4305 3076 4378 τὴν
3115 4307 3174 4359 ὲν
3201 4305 3385 4376 χάριτι
3406 4304 3496 4358 διά
3522 4305 3705 4361 Πνεύ-

452 4402 610 4456 ritus.
645 4399 736 4455 Sic
761 4399 930 4471 igitur
951 4400 1162 4471 accipe,
1197 4414 1308 4454 non
1351 4398 1458 4452 alia
1502 4399 1571 4453 de
1601 4414 1786 4465 causa,
1821 4409 2014 4470 praeter

2131 4417 2319 4474 ματος.
2361 4396 2675 4470 Ἐκδέξῃῖδὴ
2709 4392 2802 4450 οὖν
2829 4397 2928 4466 οὐχ
2969 4396 3153 4468 ἑτέρου
3179 4412 3273 4448 του
3312 4395 3501 4467 χάριν,
3544 4395 3582 4468 ἢ
3628 4390 3709 4452 ὧν

452 4506 546 4545 eas
576 4505 712 4561 quas
770 4489 936 4545 modo
986 4489 1258 4553 diximus,
1321 4489 1631 4542 columnam
1692 4490 2022 4560 appellatum

465 4598 588 4638 esse
620 4581 938 4647 Christum;
965 4579 1274 4636 deducebat
1298 4588 1481 4634 autem
1527 4579 1770 4636 interdiu
1800 4582 2024 4651 quidem

456 4676 513 4728 in
551 4674 804 4728 columna
827 4671 1009 4737 nubis,
1041 4670 1109 4726 de
1132 4679 1294 4726 nocte
1325 4685 1474 4736 vero,
1502 4671 1698 4741 inquit,
1734 4673 1790 4727 in
1813 4673 2023 4729 colum-

455 4783 526 4822 na
574 4768 749 4840 ignis,
795 4773 858 4820 ut
887 4772 1223 4820 monstraret
1264 4763 1372 4820 illis
1419 4763 1565 4819 viam
1589 4765 1669 4818 νοτ
1709 4780 1773 4822 ac
1811 4775 2026 4822 noctem

459 4860 681 4930 quidem
705 4857 980 4930 appellare
1011 4854 1294 4926 Scriptura
1319 4855 1606 4911 consuevit
1637 4864 1853 4929 tempus
1892 4857 2030 4915 illud

443 4958 586 5004 ante
612 4948 914 5004 Salvatoris
939 4945 1257 5012 adventum,
1282 4962 1414 5017 quo,
1443 4947 1628 5002 adhuc
1672 4947 1872 5004 Satana
1895 4950 2030 5005 odo-

463 5041 728 5106 minante,
775 5040 812 5094 ii
844 5039 936 5110 qui
970 5048 1085 5093 tum
1116 5038 1172 5092 in
1219 5040 1380 5095 terris
1421 5049 1599 5106 erant,
1648 5041 1947 5111 impietatis
1976 5053 2034 5100 et

463 5132 782 5203 ignorantia:
814 5130 1061 5186 tenebris
1084 5129 1431 5184 tenebantur.
1456 5131 1526 5186 At
1566 5139 1756 5186 contra
1785 5130 1896 5186 diei
1928 5146 2030 5188 no-

463 5223 610 5279 mine
639 5230 854 5293 tempus
900 5222 1034 5276 illud
1084 5222 1342 5292 appellat,
1398 5238 1507 5291 quo
1563 5222 1810 5278 Salvator
1841 5233 2030 5279 noster

463 5312 719 5369 advenit:
746 5327 856 5382 quo
879 5319 1124 5381 tempore
1151 5326 1342 5366 sumus
1364 5311 1678 5376 illuminati,
1701 5327 1825 5367 cum
1847 5313 2029 5382 splen-

466 5406 654 5463 dorem
679 5404 834 5458 illum
861 5417 1005 5458 verat
1051 5403 1147 5458 Dei
1183 5403 1514 5474 cognitionis
1571 5413 1754 5461 mente
1783 5407 2034 5476 suscepi-

459 5511 626 5553 mus:
658 5497 923 5568 illumque
942 5495 1167 5566 justitiae
1195 5497 1367 5552 solem
1393 5496 1575 5552 cordis
1617 5497 1793 5553 oculis
1847 5498 2030 5554 intue-

550 5612 615 5645 ⁸⁹⁹
665 5613 709 5666 ll
747 5614 888 5669 Tim.
926 5628 1005 5676 tu,
1033 5613 1119 5668 16.

469 5681 703 5740 “Exod.
733 5698 848 5747 xm,
869 5683 956 5750 21,
987 5683 1075 5737 22.

1231 5618 1276 5650 "°
1304 5617 1423 5673 Act.
1459 5633 1530 5683 ιν,
1567 5616 1652 5670 12.
1729 5617 1770 5648 ⁷¹
1806 5615 1979 5674 Exod.
2031 5632 2146 5681 xm,
2190 5615 2276 5683 20,
2323 5616 2410 5669 2L

2129 4495 2335 4565 ἔφαμεν
2370 4491 2591 4562 ἀρτίως,
2638 4489 2828 4542 στύλον
2878 4489 3008 4558 ημῖν
3065 4486 3379 4558 ὠνομάσθαι
3426 4488 3707 4559 Χριστόν·

2130 4585 2419 4656 καθηγείτό
2445 4598 2508 4650 γε
2537 4580 2644 4652 μὴν
2677 4579 2888 4651 ἡμέρας
2918 4578 3018 4649 μὲν
3041 4576 3228 4648 οὖσης,
3255 4578 3314 4631 ὲν
3339 4577 3518 4650 στύλῳ
3543 4580 3712 4650 νεφέ-

2130 4679 2228 4750 λης
2249 4719 2263 4744 ,
2291 4675 2389 4748 τὴν
2437 4674 2494 4728 δὲ
2523 4673 2720 4739 νύκτα,
2755 4671 2942 4742 φησὶν,
2973 4672 3035 4724 ἐν
3069 4669 3246 4741 στύλῳ
3277 4671 3472 4742 πυρὸς,
3525 4671 3708 4738 δεῖξαι

2130 4771 2310 4832 αὐτοῖς
2341 4767 2439 4837 τὴν
2470 4764 2611 4820 666v.
2645 4762 2834 4816 Νύκτα
2866 4762 2964 4832 μὲν
3007 4761 3294 4832 ὀνομάζειν
3333 4760 3452 4825 ἔθος
3481 4763 3548 4833 τῇ
3579 4761 3712 4834 θείᾳ⁵

2128 4861 2342 4933 Γραφῇ,
2374 4858 2464 4911 τὸν
2509 4855 2614 4927 πρὸ
2660 4854 2758 4925 τῆς
2789 4853 3083 4926 ἐπιδημίας
3113 4853 3323 4926 καιρὸν,
3360 4852 3481 4908 καθ’
3527 4854 3591 4907 6v
3625 4855 3710 4908 ἔτι

2127 4951 2510 5025 τυραννοῦντος
2559 4947 2654 5001 τοῦ
2697 4947 2928 5014 Σατανᾶ,
2985 4947 3312 5020 κατεκράτει
3341 4946 3452 5001 τῶν
3478 4947 3575 5001 ἐπὶ
3605 4949 3714 5020 τῆς

2129 5045 2231 5116 γῆς
2253 5044 2351 5114 τῆς
2383 5039 2654 5110 ἀγνωσίας
2687 5040 2715 5092 6
2753 5037 2943 5102 σκότος
2967 5055 2982 5072 ο
3012 5037 3222 5111 ἡμέραν
3253 5038 3309 5092 δὲ
3357 5034 3448 5100 αὖ.
3475 5039 3579 5110 τῆς
3607 5039 3710 5094 τοῦ

2134 5133 2384 5203 Σωτῆρος
2408 5129 2564 5201 ἡμῶν
2592 5127 2886 5199 ἐπιδημίας
2911 5128 3002 5182 τὸν
3032 5128 3243 5200 χρόνον,
3271 5129 3394 5183 καθ’
3428 5128 3488 5182 6v
3517 5145 3714 5198 πεφω-

2133 5222 2397 5294 τίσμεθα,
2440 5220 2539 5284 τὰς
2574 5222 2673 5291 τῆς
2709 5218 2942 5288 ἀληθοῦς
2990 5218 3317 5289 θεογνωσίας
3366 5219 3542 5288 αὐγὰς
3590 5221 3715 5275 εἰσ-

2134 5313 2414 5384 δεξάμενοι
2437 5312 2580 5366 κατά
2617 5309 2762 5377 νοῦν,
2793 5311 2887 5365 καὶ
2919 5310 3010 5363 τὸν
3040 5311 3138 5382 τῆς
3162 5311 3509 5384 δικαιοσύνης
3553 5313 3716 5385 ἣλιον

2136 5408 2247 5468 τοῖς
2274 5405 2374 5474 τῆς
2401 5403 2626 5475 καρδίας
2652 5401 2863 5473 ὖμμασι
2889 5401 3207 5472 βλέποντες·
3238 5403 3329 5457 καὶ
3362 5405 3716 5475 μαρτυρήσει

2138 5497 2310 5566 λέγων
2337 5497 2366 5549 6
2390 5496 2600 5559 Παῦλος
2633 5495 2760 5566 περὶ
2788 5494 2880 5548 τοῦ
2903 5495 3096 5566 χρόνου
3121 5495 3214 5550 τοῦ
3251 5496 3356 5567 πρὸ
3385 5496 3485 5567 τῆς
3517 5497 3717 5567 ἐπιδη-

2506 5616 2551 5648 ”
2615 5611 2756 5667 Psal.
2812 5627 2950 5678 τιτι,
2994 5611 3076 5666 10,
3193 5613 3240 5644 ⁷⁸
3269 5610 3409 5667 Psal.
3440 5626 3618 5679 Lxxtv,
3655 5611 3716 5669 ι.
