3954 6200
241 273 330 328 209

950 269 1040 323 DE
1078 265 1520 323 ADORATIONE
1560 265 1626 320 IN
1668 263 1939 322 SPIRITU
1980 266 2069 322 ET
2106 266 2475 322 VERI’I‘ATE.
2503 264 2631 323 ΕΓΒ.
2673 269 2763 324 ιη.

3365 277 3468 332 270
3502 336 3507 341 ,

242 392 351 461 μίας
398 386 490 438 καὶ
518 383 613 437 τοῦ
653 385 771 438 κατ’
801 382 1000 453 αὐτὴν·
1034 401 1052 435 ι
1093 382 1160 434 Ἡ
1184 380 1281 445 νὺξ
1312 378 1637 451 προέκοψεν,
1671 378 1704 448 ή
1735 376 1792 430 δὲ

1908 391 2055 444 mur;
2084 377 2232 447 quod
2285 377 2490 433 Paulus
2545 386 2798 445 testatur,
2842 379 2934 434 ubi
2985 380 3054 435 de
3079 388 3322 453 tempore
3355 394 3469 440 tum

238 481 393 553 ἡμέρα
421 477 646 546 ήγγικεν
669 489 682 502 ·
715 471 1047 543 ἀποθώμεθα
1064 467 1157 525 οὖν
1174 472 1241 525 τά
1262 470 1401 543 ἔργα
1421 468 1515 523 τοῦ
1540 470 1784 535 σκότους,

239 570 317 626 καὶ
359 563 705 634 ἐνδυσώμεθα
742 563 813 617 τά
857 562 996 617 ὅπλα
1025 562 1120 616 τοῦ
1164 562 1364 631 φωτὸς,
1412 560 1489 625 ὡς
1516 562 1576 613 ἐν
1605 559 1789 632 ήμέρᾳ

236 659 563 730 εὐσχημόνως
593 656 1078 726 περιπατήσωμεν.
1115 671 1134 703 ι
1169 651 1480 723 Νοουμένου
1501 648 1790 721 τοιγαροῦν

234 753 302 816 είς
344 749 512 803 νύκτα
548 742 642 800 τοῦ
684 746 851 800 πάλαι
889 742 1106 815 καιροῦ,
1139 743 1219 806 είς
1265 740 1478 813 ἡμέραν
1511 738 1568 793 δὲ
1602 735 1669 794 αὖ
1695 737 1791 792 τοῦ

1895 467 2044 538 quod
2091 476 2219 524 ante
2260 468 2590 533 adventum,
2628 477 2745 525 tum
2789 472 2935 541 quod
2977 472 3031 525 in
3070 473 3191 543 ipso
3233 475 3471 533 adventu

1901 560 2024 624 fuit,
2050 560 2335 630 loquitur:
2368 580 2387 612 ι
2414 561 2530 615 Nox
2557 566 2860 631 praecessit,
2885 564 3002 619 dies
3056 574 3242 620 autem
3272 582 3473 640 appro-

1896 651 2216 721 pinquavit:
2243 651 2566 723 abjiciamus
2615 667 2749 725 ergo
2803 669 2973 725 Opera
3017 656 3391 725 tenebrarum,
3418 669 3475 716 et

1896 744 2196 799 induamur
2219 759 2371 799 arma
2395 745 2537 800 lucis
2558 785 2573 810 ,
2614 745 2696 801 sic
2718 754 2780 801 ut
2807 746 2864 800 in
2890 746 2980 802 die
3022 746 3253 804 honeste
3281 751 3477 806 ambu-

236 843 338 898 καθ’
375 841 434 895 ὃν
478 840 701 909 γέγονεν
734 836 1019 908 ἄνθρωπος
1071 832 1450 903 ὁΜονογενὴς.
1481 830 1661 901 φαμὲν
1709 829 1793 883 ὅτι

1908 835 2075 889 lemus
2093 834 2161 888 ⁷⁵.
2198 852 2218 886 ι
2251 834 2460 905 Itaque,
2489 850 2615 890 cum
2639 844 2855 907 tempus
2878 837 3012 893 illud
3037 844 3199 896 vetus
3230 840 3287 895 in
3314 852 3473 899 nocte

234 938 504 1006 προηγεῖτο
534 931 633 1003 μὲν
675 929 786 983 τῶν
812 928 873 994 ἐξ
906 926 1127 1000 ἔίσραὴλ
1155 928 1212 979 ἐν
1247 924 1376 977 εῖδει
1402 923 1595 994 πυρὸς,
1622 921 1697 985 ὡς
1721 921 1781 973 ἐν

1908 923 2252 994 ιοιιειιιν,85
2269 940 2567 995 rursusque
2592 925 2726 981 illud
2743 926 2999 993 alterum,
3018 944 3128 999 quo
3151 930 3245 987 Dei
3268 931 3474 1004 Unige-

232 1027 296 1098 τῷ
338 1022 718 1095 κατακρίνοντί
752 1038 813 1075 τε
853 1021 946 1075 καὶ
975 1017 1256 1082 κολάζοντι
1291 1015 1440 1085 νόμῳ
1488 1013 1783 1084 (κολάσεως

231 1118 320 1188 γάρ
346 1116 568 1185 σημεῖον
595 1111 658 1166 τὸ
680 1110 813 1182 πῦρ)
831 1126 847 1142 θ
872 1108 1029 1180 ἡμῶν
1051 1107 1109 1162 δὲ
1129 1108 1186 1161 ἐν
1207 1106 1338 1160 εῖδει
1363 1102 1611 1173 νεφέλης,
1627 1101 1703 1166 ὡς
1725 1104 1782 1156 ἐν

229 1206 365 1275 τύπῳ
405 1202 499 1257 τοῦ
545 1200 701 1270 ἁγίου
751 1198 1123 1269 βαπτίσματος
1176 1195 1269 1249 καὶ
1316 1196 1418 1265 τῆς
1459 1191 1526 1246 δι’
1590 1190 1782 1256 ὕδατος

1882 1015 2033 1070 nitus
2053 1024 2140 1072 est
2170 1016 2336 1071 homo
2363 1016 2560 1083 factus,
2581 1017 2639 1071 in
2662 1016 2752 1073 die
2793 1028 3136 1088 numeretur,
3180 1025 3476 1080 asserimus

1880 1106 2034 1163 illum
2047 1107 2308 1164 lsraelitis
2333 1108 2555 1179 quidem
2572 1108 2713 1180 ignis
2729 1110 2910 1183 specie
2932 1118 3187 1183 tanquam
3212 1116 3475 1171 condem-

1880 1204 2048 1253 nante
2070 1214 2135 1254 ac
2155 1199 2417 1269 puniente
2437 1200 2555 1272 lege
2574 1199 2679 1271 (est
2693 1202 2837 1257 enim
2860 1202 3001 1274 ignis
3022 1219 3196 1274 poenae
3214 1207 3473 1281 signum);

222 1286 507 1369 ξσωτηρίας.
542 1294 613 1347 Ἦ
631 1291 730 1362 οὐχ
750 1289 891 1361 ὕδωρ
913 1291 948 1359 ὴ
978 1287 1174 1358 νεφέλη
1196 1304 1212 1354 ;

1908 1286 2045 1342 nobis
2067 1303 2200 1343 vero
2226 1289 2389 1345 nubis
2416 1290 2599 1360 specie
2617 1296 2879 1361 tanquam
2903 1292 2960 1348 in
2979 1290 3153 1364 ﬁgura
3172 1296 3347 1351 sancti
3376 1296 3476 1352 ba-

216 1352 513 1461 ἱριὶειέίεηίε,
540 1352 843 1455 salutisque
861 1352 1033 1439 'ill'ius
1054 1352 1233 1453 quam
1255 1395 1354 1452 per
1391 1393 1589 1451 aquam
1632 1366 2044 1450 consequimur,
2079 1397 2138 1438 se
2162 1383 2359 1440 ducem
2380 1385 2699 1455 praebuisse.
2722 1386 2807 1442 An
2846 1352 3166 1445 nubesvnon
3195 1404 3337 1461 aqua
3360 1392 3479 1449 est?

285 1483 495 1537 ΠΑΛΛ.
525 1480 652 1543 Πῶς
674 1479 783 1550 γὰρ
811 1476 907 1542 οῦς

1962 1476 2167 1532 PALL.
2208 1479 2413 1547 Quidni
2437 1481 2462 1534 ?

285 1575 447 1630 ΚΥΡ.
492 1570 997 1642 Ἐκπεφοιτηκὸτων
1029 1569 1087 1623 δὲ
1111 1569 1211 1640 τῆς
1238 1566 1552 1636 Αἰγυπτίων
1587 1564 1696 1619 τῶν
1727 1564 1789 1629 ἐξ

1961 1564 2121 1622 CYR.
2174 1568 2439 1626 Israelitis
2477 1569 2648 1643 igitur
2692 1587 2759 1628 ex
2813 1571 3192 1645 Egyptiorum
3256 1577 3479 1649 regione

238 1666 460 1738 Ἰσραὴλ,
493 1663 780 1719 ἀνεκαίετο
809 1662 946 1733 πρὸς
975 1660 1145 1732 ὀργὰς
1177 1659 1206 1711 ὁ
1234 1658 1405 1713 πάλαι
1431 1655 1793 1724 πλεονεκτῶν,

1908 1657 2177 1728 profectis,
2212 1676 2476 1718 accensus
2504 1672 2589 1719 est
2623 1663 2705 1719 ira
2747 1671 2908 1720 vetus
2948 1665 3039 1721 ille
3085 1648 3479 1725 dominationis

228 1759 354 1812 τοῦτ’
380 1756 524 1810 ἐστιν
550 1759 579 1810 ὁ
596 1753 818 1827 Φαραὼ,
840 1753 934 1808 καὶ
955 1751 1171 1808 διώκειν
1196 1750 1488 1822 ἐπεχείρει.
1514 1766 1533 1800 ι
1572 1746 1799 1814 Ἔζευξε

1908 1757 2220 1820 usurpator,
2254 1751 2487 1819 Pharao,
2529 1754 2773 1824 inquam,
2800 1769 3006 1826 eosque
3035 1756 3251 1828 insequi
3282 1758 3477 1814 molie-

229 1849 322 1920 γάρ
349 1868 398 1914 ι,
425 1848 591 1918 φησὶ,
626 1865 645 1898 ι
670 1846 739 1898 τὰ
768 1846 989 1916 ἅρματα
1021 1843 1187 1898 αὐτοῦ
1213 1842 1307 1897 καὶ
1338 1842 1516 1896 πάντα
1542 1841 1636 1895 τὸν
1670 1840 1800 1893 λαὸν

1908 1839 2087 1895 batur.
2116 1860 2133 1893 ι
2157 1841 2348 1898 Junxit
2369 1843 2538 1910 enim,
2570 1845 2807 1916 «inquit,
2834 1866 2851 1899 ι
2875 1847 3087 1903 Ph'arao
3106 1860 3303 1905 currus
3324 1865 3476 1919 suos,

233 1938 614 2006 συναπενέγκαι
628 1936 745 2008 μεθ’
759 1934 975 1999 ἑαυτοῦ,
997 1935 1092 1989 καὶ
1108 1932 1288 1988 λαϐὼν
1301 1932 1560 1998 ἑξακόσια
1575 1932 1800 2005 ἅρματα

1908 1941 1955 1988 et
1979 1949 2198 1990 omnem
2231 1937 2495 2007 populum
2535 1944 2701 1995 suum
2732 1941 3029 2012 assumpsit
3074 1957 3283 2010 secum,
3306 1954 3363 1999 et
3382 1959 3480 1999 ac-

230 2028 484 2091 ἐκλεκτά,
517 2027 610 2080 καὶ
643 2026 824 2079 πᾶσαν
849 2025 949 2096 τὴν
980 2024 1145 2079 ἵππον
1181 2023 1291 2078 τῶν
1318 2022 1662 2093 Αἰγυπτίων,
1697 2020 1797 2076 καὶ

1908 2024 2046 2094 cepit
2105 2035 2394 2083 sexcentos
2444 2042 2642 2084 currus
2697 2030 2922 2096 electos,
2951 2038 3009 2086 et
3050 2045 3269 2087 omnem
3319 2033 3480 2103 equi-

230 2119 507 2190 τριστάτας
557 2119 650 2171 ἐπὶ
694 2117 932 2172 πάντων.
999 2135 1019 2169 ι
1063 2117 1172 2169 Καὶ
1223 2115 1344 2186 μεθ’
1396 2115 1560 2185 ἕτερα
1611 2113 1792 2169 πάλιν·

1908 2120 2070 2169 Latum
2108 2115 2506 2188 Egyptiomm,
2541 2128 2597 2175 et
2629 2120 2797 2193 duces
2837 2136 3004 2192 super
3035 2137 3226 2178 omnes
3245 2124 3328 2191 7‘;
3361 2143 3379 2176 ι
3423 2132 3483 2180 et

237 2229 253 2263 ι
293 2210 714 2280 Ἀναδλέψαντες
750 2209 809 2262 δὲ
851 2209 900 2261 οἱ
941 2208 1048 2262 υἱοὶ
1092 2207 1309 2278 Ἰσραὴλ
1348 2209 1460 2270 τοῖς
1497 2204 1796 2275 ὀφθαλμοῖς

1908 2210 2021 2271 post
2058 2204 2163 2258 alia
2200 2220 2429 2261 rursus:
2470 2226 2489 2259 ι
2530 2208 2910 2279 Respicientes
2953 2219 3137 2266 autem
3177 2210 3273 2267 ﬁlii
3312 2212 3480 2269 Israel

232 2305 436 2375 ὁρῶσιν,
456 2304 551 2356 καὶ
578 2302 689 2356 ίδοὺ
709 2302 758 2356 οί
782 2300 1067 2370 Δίγύπτιοι
1097 2298 1595 2368 ἐστρατοπέδευσαν
1620 2295 1795 2350 ὀπίσω

1908 2294 2069 2350 qulis
2090 2296 2301 2363 vident,
2322 2307 2379 2352 et
2393 2313 2521 2353 ecce
2537 2297 2778 2371 (Egyptii
2796 2303 3170 2357 castrametati
3189 2312 3347 2359 erant
3358 2315 3484 2375 post

234 2395 416 2459 αὐτῶν,
462 2395 557 2447 καὶ
598 2391 944 2463 ἐφοϐήθησαν
985 2389 1212 2461 σφόδρα.
1277 2388 1601 2459 Ἀνεδόησαν
1636 2386 1691 2441 δὲ
1741 2386 1792 2440 οἱ

1908 2390 2081 2456 ipsos,
2132 2397 2191 2444 et
2246 2390 2551 2446 timuerunt
2608 2392 2789 2447 valde.
2833 2392 2904 2447 Et
2953 2393 3331 2451 clamaverunt
3380 2396 3482 2452 ﬁlii

236 2487 327 2540 υἱοὶ
362 2484 574 2556 Ἰσραὴλ
604 2484 741 2556 πρὸς
768 2482 992 2553 Κύριον,
1029 2481 1123 2536 καὶ
1151 2481 1516 2552 κατεφέροντο
1543 2478 1639 2533 τοῦ
1670 2479 1795 2533 Μω-

1908 2473 2057 2529 lsrael
2083 2475 2152 2530 ad
2180 2476 2496 2544 Dominum,
2516 2486 2573 2533 et
2599 2478 2955 2551 insurgebant
2976 2480 3032 2535 in
3054 2481 3273 2554 Moysen
3302 2483 3483 2553 palam

245 2581 370 2643 σέως
417 2577 716 2647 ἀναφανδὸν
761 2574 1030 2644 λέγοντες
1089 2572 1247 2643 Παρὰ
1296 2572 1358 2626 τὸ
1406 2571 1480 2643 μὴ
1528 2571 1793 2642 ὑπάρχειν

1908 2562 2138 2619 licentes
2157 2565 2287 2636 quia
2312 2580 2423 2620 non
2441 2575 2599 2622 erant
2625 2567 2877 2638 sepulcra
2910 2567 2969 2623 in
2995 2568 3255 2641 Egypto,
3285 2571 3486 2627 eduxi-

241 2673 481 2743 μνήματα
508 2672 567 2724 ἐν
600 2671 672 2741 γῇ
704 2667 984 2738 Αἰγύπτῳ,
1016 2667 1285 2737 ἐξήγαγες
1313 2665 1461 2736 ἡμᾶς
1485 2664 1791 2718 θανατῶσαι

1908 2654 1963 2709 ιιὶ
1998 2670 2119 2722 nos,
2165 2664 2229 2713 ut
2272 2656 2618 2714 interﬁceres
2640 2658 2698 2715 in
2728 2659 2979 2729 deserto?
3010 2660 3124 2717 Cur
3158 2661 3265 2717 hoc
3303 2661 3483 2719 fecisti

237 2766 287 2817 ἐν
324 2768 387 2835 τῇ
419 2764 651 2834 ἐρήμῳς
690 2762 744 2815 τί
791 2760 950 2815 τοῦτο
1019 2759 1282 2829 ἐποίησας
1323 2759 1454 2828 ἡμῖν
1507 2753 1789 2824 ἐξαγαγὼν

1908 2748 2050 2803 ιιὼίε
2068 2789 2083 2815 ,
2107 2749 2347 2805 educens
2369 2764 2473 2805 nos
2495 2764 2563 2806 ex
2585 2749 2859 2823 AEgypto?
2890 2752 3086 2808 Nonne
3124 2753 3228 2809 iste
3258 2762 3344 2811 est
3370 2770 3486 2812 ser-

239 2857 369 2927 ἡμεῖς
415 2856 474 2922 ἐξ
516 2853 834 2923 Δίγύπτου;
901 2854 974 2906 Οὐ
1001 2852 1157 2906 τοῦτο
1187 2848 1255 2922 ἧν
1275 2849 1337 2904 τδ
1364 2849 1514 2920 ῥῆμα
1537 2848 1567 2900 ὃ
1596 2846 1790 2918 ἐλαλή-

1908 2853 1981 2893 no
2018 2855 2180 2909 quem
2232 2841 2594 2912 loquebamur
2627 2842 2697 2897 ad
2725 2849 2779 2898 te
2816 2843 2873 2898 in
2907 2842 3161 2917 Egypto,
3195 2844 3483 2904 dicentes:

237 2963 393 3016 ταμεν
424 2946 561 3016 πρὸς
605 2944 665 2998 σὲ
697 2947 755 2998 ἐν
786 2944 1078 3013 Αἰγύπτῳ,
1109 2941 1356 3009 λέγοντες
1369 2956 1394 3031 ’1
1431 2937 1611 3037 Πάρες

1908 2930 2106 2987 secede
2154 2947 2187 2986 a
2236 2932 2418 2999 nobis,
2463 2940 2528 2988 ut
2575 2933 2882 2990 serviamus
2941 2934 3253 3008 Egyptiis?
3314 2936 3486 2994 Multo

236 3039 374 3102 ὅπως
392 3037 767 3108 δουλεύσωμεν
815 3034 1167 3104 Αίγυπτίοις;
1206 3021 1470 3102 Κρεῖσσον
1502 3028 1611 3100 γὰρ
1641 3029 1791 3099 ἡμᾶς

1908 3021 2039 3075 enim
2067 3023 2268 3080 melius
2316 3033 2439 3079 erat
2461 3024 2674 3080 servire
2710 3024 2814 3091 eis,
2876 3041 3045 3097 quam
3092 3027 3235 3083 mori
3295 3026 3353 3083 in
3382 3028 3486 3084 hac

236 3128 489 3184 δουλεύειν
544 3127 888 3195 Αίγυπτίοις,
942 3125 976 3196 ἢ
1035 3122 1326 3177 ἀποθανεῖν
1365 3123 1423 3174 ὲν
1470 3122 1538 3191 τῇ
1601 3119 1792 3190 ἐρήμῳ

1908 3111 2189 3168 solitudine
2211 3115 2278 3167 ⁷⁷.
2305 3132 2323 3166 ι
2349 3113 2432 3169 Ad
2477 3114 2594 3171 haec
2615 3130 2751 3171 vero
2778 3115 2991 3188 Moyses
3018 3134 3032 3172 :
3067 3136 3087 3171 ι
3115 3118 3267 3175 Bono
3301 3119 3486 3175 animo

238 3219 418 3293 ταύτῃ.
453 3240 473 3273 ι
502 3218 650 3292 Πρὸς
676 3217 745 3271 τά
772 3215 952 3270 τοιάδε
999 3213 1227 3284 Μωσῆς·
1264 3230 1283 3263 ι
1320 3210 1602 3283 Θαρσεῖτε,
1636 3210 1789 3280 φησὶ,

1908 3210 2097 3267 :stote,
2132 3201 2342 3271 inquit;
2370 3212 2532 3271 state,
2578 3213 2634 3261 et
2662 3206 2848 3263 videte
2877 3208 3110 3265 salutem
3145 3225 3268 3281 quae
3306 3226 3339 3267 a
3372 3212 3482 3266 Do-

240 3311 388 3381 στῆτε
418 3313 510 3366 καί
535 3310 700 3380 ὁρᾶτε
720 3308 819 3378 τὴν
851 3303 1123 3376 σωτηρίαν
1149 3302 1248 3374 τὴν
1278 3302 1430 3374 παρὰ
1459 3299 1552 3354 τοῦ
1586 3300 1792 3371 Κυρίου

1908 3293 2042 3349 nino
2060 3293 2189 3360 erit,
2238 3310 2404 3364 quam
2437 3296 2604 3352 faciet
2638 3298 2799 3354 vobis
2825 3298 3018 3366 hodie,
3059 3314 3173 3355 non
3211 3300 3484 3372 adjicietis

239 3403 302 3473 ήν
334 3402 536 3473 ποιήσει
566 3400 701 3469 ἡμῖν
729 3398 988 3467 σήμερον.
1029 3394 1125 3447 Ὃν
1157 3391 1356 3463 τρόπον
1379 3389 1486 3462 γὰρ
1514 3390 1794 3462 ἑωράκατε

1908 3385 2039 3441 iltra
2071 3385 2265 3442 videre
2294 3385 2448 3456 ipsos
2485 3387 2544 3442 in
2588 3389 2873 3445 saeculum.
2915 3390 3183 3445 Dominus
3220 3390 3488 3462 pugnabit

242 3493 548 3562 Αἰγυπτίους
572 3491 836 3562 σήμερον,
870 3486 930 3540 οὐ
954 3482 1329 3556 προσθήσεσθε
1353 3481 1433 3534 ἔτι
1456 3481 1582 3535 ἰδεῖν
1601 3480 1797 3544 αὐτοὺς

1908 3491 1998 3547 pro
2042 3477 2225 3544 nobis,
2271 3485 2329 3533 et
2374 3493 2474 3534 vos
2516 3478 2791 3534 tacebitis.
2833 3479 2983 3535 Dixit
3006 3487 3189 3535 autem
3220 3480 3489 3536 Dominus

240 3586 314 3649 είς
338 3585 422 3639 τὸν
451 3584 624 3640 αίῶνα
649 3580 858 3653 χρόνον.
885 3578 1089 3648 Κύριος
1117 3574 1412 3647 πολεμήσει
1444 3573 1584 3645 ὑπὲρ
1617 3573 1794 3645 ήμῶν,

1908 3570 1966 3625 ad
2005 3569 2228 3642 Moysen
2264 3587 2276 3623 :
2310 3569 2426 3626 Cur
2448 3571 2650 3627 clamas
2685 3571 2753 3626 ad
2785 3571 2914 3627 me?
2944 3570 3196 3642 Loquere
3229 3571 3359 3629 ﬁliis
3399 3573 3482 3630 Is-

246 3681 329 3732 καὶ
353 3680 503 3749 ὑμεῖς
526 3676 800 3746 σιγήσετε.
826 3666 961 3725 Εἷπε
990 3669 1050 3723 δὲ
1080 3667 1282 3740 Κύριος
1314 3665 1449 3738 πρὸς
1471 3665 1700 3735 Μωσῆν·
1732 3664 1798 3717 Τί

1908 3661 2034 3727 rae],
2071 3669 2129 3717 et
2170 3662 2631 3732 proﬁciscantur;
2670 3672 2728 3719 et
2752 3672 2814 3719 tu
2847 3664 3004 3720 eleva
3045 3663 3258 3737 Virgam
3305 3673 3487 3733 tuam,

249 3768 359 3840 βοᾷς
381 3769 519 3840 πρὸς
548 3782 657 3834 με;
698 3763 931 3835 λάλησον
961 3763 1074 3823 τοῖς
1098 3760 1234 3822 υίοῖς
1276 3756 1514 3828 Ἰσραὴλ,
1539 3755 1634 3811 καὶ
1666 3757 1797 3810 άνα-

1908 3761 1956 3809 et
1997 3753 2232 3810 extende
2260 3770 2486 3810 manum
2513 3764 2663 3811 tuam
2710 3756 2779 3813 ad
2810 3771 2983 3825 mare,
3024 3765 3081 3813 et
3122 3757 3270 3814 sicca
3312 3752 3484 3826 illud,

247 3858 597 3925 ζευξάτωσαψ
639 3853 735 3908 καὶ
764 3854 829 3907 σὺ
858 3851 1062 3922 ἐπαρον
1091 3849 1189 3920 τὴν
1216 3847 1410 3920 pasam
1442 3863 1563 3910 σου,
1588 3846 1683 3900 καὶ⁵
1716 3845 1800 3900 ἐκ·

1908 3854 1960 3899 et
2005 3845 2389 3917 ingrediantur
2438 3846 2538 3902 ﬁlii
2584 3848 2753 3904 Israel
2789 3847 2848 3903 in
2892 3848 3137 3904 medium
3189 3849 3358 3905 maris
3389 3865 3491 3919 per

246 3966 397 4004 τεινον
417 3950 514 4020 τὴν
534 3946 697 4019 χεῖρά
710 3962 818 4000 ⁶σου
860 3944 955 3997 ἐπὶ
979 3941 1078 4013 τὴν
1110 3940 1413 4001 θάλασσαν,
1447 3938 1542 3991 καὶ
1569 3935 1800 4008 ξήρανον

1908 3935 2110 3990 siccum
2129 3937 2200 3995 ".
2233 3955 2252 3989 ι
2286 3938 2467 4008 Atque
2516 3938 2708 3993 auxilii
2760 3939 2986 3994 modum
3014 3939 3370 4010 perspicuum
3406 3939 3489 3995 fe-

248 4043 413 4114 αὑτήν.
446 4041 560 4095 Καὶ
600 4035 993 4093 είσελθέτωσαν
1017 4034 1069 4087 οί
1093 4033 1200 4086 υίοὶ
1236 4028 1453 4101 Ἰσραὴλ
1502 4028 1584 4092 είς
1639 4026 1800 4099 μέσον

1908 4025 1982 4080 cit
2010 4026 2201 4081 Deus:
2241 4045 2261 4079 ι
2307 4027 2543 4083 Sustulit
2585 4043 2666 4092 se,
2713 4047 2733 4079 ι
2768 4027 2980 4098 inquit,
3025 4046 3045 4080 ι
3095 4029 3322 4101 angelus
3375 4031 3489 4086 Do-

250 4132 330 4201 τῆς
353 4133 622 4203 θαλάσσης
656 4131 800 4182 κατά
821 4126 885 4179 τὸ
925 4123 1109 4196 ξηρόν.
1144 4142 1164 4176 ι
1194 4123 1306 4177 Καὶ
1336 4121 1430 4174 τόν
1459 4136 1523 4188 γε
1561 4120 1660 4188 τῆς
1680 4118 1800 4169 ἐπι-

1908 4117 2085 4185 mini,
2149 4118 2245 4187 qui
2305 4119 2654 4189 praecedebat
2726 4127 2906 4174 castra
2973 4117 3214 4176 ﬁliorum
3276 4121 3488 4190 Israel,

251 4223 445 4291 κουρίας
465 4220 669 4292 τρόπον
698 4214 931 4287 φανερὸν
955 4211 1128 4266 ἐποίει
1172 4210 1331 4273 Θεός·
1363 4227 1382 4260 ι
1420 4206 1613 4277 Ἐξῆρε
1644 4204 1752 4277 γὰρ
1777 4204 1800 4257 δ

1910 4217 1967 4263 et
1986 4208 2262 4280 prolectus
2292 4216 2379 4263 est
2418 4216 2719 4264 retrorsum
2755 4224 2769 4260 :
2807 4208 3032 4264 sustulit
3073 4209 3238 4266 etiam
3284 4226 3344 4267 se
3395 4226 3490 4267 co-

251 4308 450 4379 άγγελὸς
474 4311 572 4366 τοῦ
593 4309 731 4364 Θεοῦ
762 4311 792 4362 ὁ
818 4304 1291 4378 προπορευόμενος
1315 4302 1415 4368 τῆς
1449 4317 1589 4372 παρε
1599 4298 1800 4371 μσολῆς

1908 4301 2095 4355 lumna
2125 4299 2291 4355 nubis
2330 4314 2363 4355 a
2401 4298 2539 4356 facie
2584 4314 2802 4365 eorum,
2840 4309 2897 4355 et
2943 4302 3098 4358 stetit
3130 4311 3255 4373 post
3289 4318 3405 4368 eos,
3435 4300 3521 4359 et"

252 4404 338 4458 τῶν
375 4406 502 4460 υἱῶν
554 4401 792 4473 Ἰσραὴλ,
832 4400 930 4454 καὶ
979 4395 1248 4468 ἐπορεύθη
1296 4396 1359 4448 ἐκ
1404 4395 1512 4447 τῶν
1561 4391 1805 4445 ὄπισθεν·

252 4494 386 4566 ἐξῆρε
420 4497 475 4551 δὲ
531 4496 630 4551 καὶ
671 4497 701 4550 ὁ
731 4491 921 4556 στύλος
983 4490 1086 4561 τῆς
1120 4485 1350 4558 νεφέλης
1376 4485 1485 4540 ἀπὸ
1521 4481 1812 4555 προσώπου

252 4586 425 4649 αὐτῶν,
462 4589 554 4643 καί⁵
591 4587 723 4657 εστη
757 4586 823 4640 ἐκ
850 4581 961 4636 τῶν
984 4581 1162 4634 ὀπίσω
1186 4576 1401 4634 αὐτῶν·
1438 4577 1533 4629 καὶ⁵
1568 4573 1814 4647 εἰσῆλθεν

254 4677 339 4733 ἀνὰ
386 4680 544 4749 μέσον
605 4679 708 4750 τῆς
769 4673 1121 4748 παρῳδολῆς
1174 4671 1282 4725 τῶν
1329 4667 1664 4736 Αἰγυπτίων,
1718 4663 1814 4720 καὶ

254 4766 337 4820 ἁνᾶ
368 4761 547 4839 ’μέσον
606 4767 967 4840 παρεμϐολῆς
1039 4763 1274 4834 Ἰσραὴλ,
1343 4762 1436 4814 καὶ
1501 4757 1668 4829 ἔστη,
1720 4755 1815 4810 καὶ

255 4856 443 4924 ἐγένετο
466 4862 664 4920 σκότος
689 4860 783 4915 καὶ
806 4858 1026 4927 γνόφος.
1055 4855 1166 4908 Καὶ
1192 4852 1407 4923 διῆλθεν
1428 4853 1461 4920 ή
1492 4848 1610 4913 νὺξ,
1633 4848 1728 4902 καὶ
1752 4848 1815 4901 οὐ

257 4951 513 5021 συνέμιξαν
533 4952 786 5021 ἀλλήλοις
813 4950 943 5018 ὅλην
968 4946 1066 5018 τὴν
1094 4943 1283 4999 νύκτα.
1318 4961 1337 4994 ι
1397 4941 1506 4995 Καὶ
1541 4940 1698 4993 ταυτὶ
1718 4940 1817 5011 μὲν

1916 4390 2162 4461 ingressa
2188 4398 2275 4445 est
2322 4390 2470 4446 inter
2502 4399 2683 4448 castra
2718 4390 3098 4464 Egyptiorum
3136 4401 3195 4447 et
3233 4393 3378 4448 inter
3403 4408 3494 4449 ca-

1916 4489 2032 4537 stra
2057 4480 2248 4548 Israel,
2278 4490 2339 4538 et
2365 4483 2538 4551 stetit,
2565 4493 2624 4538 et
2641 4483 2782 4539 facta
2805 4490 2892 4539 est
2929 4483 3104 4555 caligo
3129 4491 3186 4539 et
3229 4484 3490 4550 tenebrae,

1918 4579 1977 4627 et
1997 4572 2265 4641 praeteriit
2293 4589 2423 4639 nox,
2451 4581 2510 4629 et
2535 4587 2647 4628 non
2668 4573 2942 4632 commisti
2964 4579 3093 4628 sunt
3121 4572 3354 4628 invicem
3380 4581 3493 4629 tota

1919 4663 2165 4719 nocte".
2202 4681 2223 4716 ι
2257 4663 2435 4734 Atque
2478 4664 2595 4720 haec
2635 4663 2860 4735 quidem
2884 4672 3077 4736 egesta
3123 4662 3205 4719 rei
3251 4664 3495 4719 narratio

1918 4754 2181 4811 contexit.
2232 4754 2425 4828 Operae
2464 4756 2707 4828 pretium
2760 4766 2945 4813 autem
2995 4756 3251 4814 existimo
3304 4771 3496 4816 rursus

1921 4846 2267 4902 subtiliorem
2313 4849 2512 4903 horum
2558 4849 2856 4906 verborum
2907 4866 3131 4908 sensum
3182 4850 3456 4924 inspicere
3477 4889 3494 4918 ,

1922 4938 2304 5009 acrioremque
2332 4940 2537 4996 mentis
2564 4943 2740 4997 aciem
2778 4942 2868 4998 his
2895 4942 3101 4999 litteris
3129 4941 3389 5014 adjicere.

255 5041 369 5109 ἡμῖν
398 5045 425 5097 ό
461 5044 556 5113 τῆς
612 5042 857 5112 ἱστορίας
907 5036 1184 5104 ἐξυφαίνει
1236 5031 1414 5101 λόγος·
1457 5029 1654 5101 χρῆναι
1703 5029 1762 5083 δὲ
1807 5023 1963 5101 οϊμαι
1997 5027 2162 5101 πάλιν
2192 5030 2344 5101 ἡμᾶς
2372 5030 2470 5102 τὴν
2493 5030 2603 5085 τῶν
2627 5033 2913 5104 νοημάτων
2934 5033 3220 5105 ἀκρίϐειαν
3245 5033 3322 5107 (1)
3347 5033 3475 5089 ίδείν

255 5125 424 5185 λεπτὸν
451 5133 682 5193 ἐνιέντες
711 5132 823 5191 τοῖς
852 5124 1258 5196 γεγραμμένοις
1282 5122 1374 5177 τὸν
1403 5119 1548 5176 νοῦν.

314 5220 503 5277 ΠΑΑΑ.
527 5217 682 5277 Πάνυ
710 5220 813 5291 μὲν
834 5213 951 5274 οὖν.

312 5310 458 5368 ΚΥΡ.
502 5313 811 5383 Ἐξαίρουσι
836 5304 1126 5381 τοιγαροῦν
1154 5306 1204 5358 οί
1247 5303 1308 5369 ἐξ
1341 5305 1558 5376 Ἰσραὴλ
1597 5305 1678 5369 είς
1705 5302 1808 5375 τὴν

250 5398 395 5467 ἁγίαν
418 5398 737 5466 σπεύδοντες
765 5401 893 5471 γῆν,
920 5398 999 5462 ὡς
1027 5399 1085 5451 ὲν
1115 5395 1291 5465 στύλῳ
1327 5396 1498 5466 πυρὸς
1529 5395 1626 5448 καὶ⁵
1648 5395 1805 5465 νεφέ-

248 5485 337 5557 λης
388 5489 799 5559 προδιδάξαντός
828 5506 889 5542 τε
930 5486 1023 5540 καὶ
1051 5484 1360 5555 ἡγουμένου
1392 5482 1552 5538 Θεοῦ.
1584 5484 1660 5537 Οὐ
1692 5484 1802 5555 γὰρ

246 5578 508 5647 ἱππ-’,οὑκ
531 5583 679 5636 ἐστιν
707 5583 787 5647 είς
805 5579 906 5651 τὴν
932 5579 1047 5633 άνω
1064 5592 1122 5629 τε
1148 5575 1241 5629 καὶ
1268 5573 1428 5642 ἁγίαν
1453 5574 1801 5644 ἀφικνεῖσθαι

1981 5213 2181 5269 PALL.
2212 5214 2292 5269 Ita
2315 5230 2545 5286 prorsus
2575 5231 2794 5272 censeo.

1981 5302 2141 5358 CYR.
2174 5305 2609 5362 Proﬁciscuntur
2639 5307 2810 5379 igitur
2838 5307 2935 5364 ﬁlii
2970 5308 3134 5365 Israel
3157 5310 3225 5366 ad
3289 5320 3492 5365 terram

1911 5402 2154 5448 sanctam
2209 5406 2593 5466 properantes,
2647 5398 2761 5470 86
2799 5406 3069 5472 tanquam
3122 5401 3178 5455 in
3236 5400 3493 5461 columna

1908 5486 2050 5555 ignis
2080 5500 2144 5539 ac
2164 5486 2332 5542 nubis
2361 5488 2473 5543 Deo
2497 5481 2775 5558 praeeunte
2804 5496 2968 5557 atque
2992 5488 3269 5557 ducente;
3313 5506 3494 5566 neque

1905 5575 2055 5631 enim
2082 5576 2197 5631 ullo
2229 5578 2398 5633 modo
2430 5578 2564 5633 licet
2594 5578 2662 5633 ad
2690 5593 2983 5650 supernam
3044 5579 3196 5635 illam
3247 5593 3494 5643 sanctam

301 5696 517 5757 "Rom.
548 5712 664 5766 xm,
707 5698 793 5765 I2,
846 5697 934 5752 15.
1009 5695 1058 5728 "
1081 5691 1255 5748 Exod.
1294 5706 1404 5756 xiv,
1434 5690 1468 5745 6
1498 5706 1648 5763 seqq.
1723 5692 1769 5728 "
1806 5690 1969 5761 Ibid,.
2003 5691 2190 5749 10-12.
2269 5696 2315 5730 "'
2344 5695 2509 5764 Ibid.,
2562 5694 2743 5754 13-16.
2819 5696 2866 5779 γ’
2905 5695 3071 5769 Ibid.,
3103 5696 3192 5768 I9,
3226 5695 3320 5756 20..

301 5790 381 5856 (ί)
410 5792 497 5850 Sic
528 5795 650 5851 cod.
680 5794 860 5850 Vatic.
896 5787 1031 5848 Cod.
1064 5785 1278 5853 Sirleti,
1314 5782 1563 5858 καρδίαν.
