3954 6200
469 283 570 338 $271

1493 289 1551 343 S.
1593 286 1868 342 CYRILLI
1907 281 2376 340 ALEXANDRINI
2403 279 2731 348 ‘ARCHIEP.

3618 280 3722 336 272

469 417 574 470 que
607 398 882 456 civitatem
913 403 1220 472 pervenire,
1248 403 1351 458 nisi
1378 405 1597 460 Christo
1635 405 1796 472 duce,
1827 405 1922 476 qui
1961 418 2046 458 sa-

2160 399 2340 462 πόλιν,
2380 396 2455 470 μὴ
2485 399 2602 468 οὐχὶ
2636 395 3048 466 καθηγουμένου
3082 393 3315 464 Χριστοῦ
3337 434 3351 460 ,
3391 394 3484 448 καὶ
3518 396 3717 469 ἐναργῆ

472 491 607 546 lutis
643 492 748 546 iter
777 491 1127 562 perSpicuum
1160 493 1384 560 reddat;
1416 497 1471 549 in
1509 511 1605 550 eos
1639 503 1820 550 tamen
1850 494 1946 565 qui
1985 495 2040 548 id

467 578 649 636 facere
685 588 1018 646 statuerunt,
1049 582 1290 638 fremunt
1309 585 1569 642 dentibus
1593 586 1801 651 hostes,
1844 586 1938 656 qui
1985 586 2040 638 in

469 673 575 726 hoc
600 671 802 726 mundo
828 683 1152 740 versantur;
1183 675 1272 730 lex
1295 684 1484 730 contra
1505 675 1570 731 ad
1598 676 1813 731 fortiter
1839 675 2045 731 auden-

470 755 599 815 dum
627 761 900 828 hortatur,
923 771 1087 834 atque
1120 765 1407 821 conﬁrmat
1449 774 1599 821 metu
1639 767 1939 837 perculsos,
1982 782 2046 821 ac

471 851 586 905 fore
613 860 672 906 ut
696 852 1138 911 adversariorum
1167 858 1368 912 cohors
1397 858 1576 923 cadat,
1618 858 1903 913 manifeste
1945 857 2044 913 ad-

472 943 694 997 modum
717 944 989 1000 declarat:
1025 962 1150 1002 nam
1181 963 1249 1002 ex
1272 965 1382 1018 quo
1402 947 1641 1020 Egyptii
1657 965 1687 1005 e
1708 949 1887 1004 medio
1913 948 2045 1002 sub-

472 1034 566 1089 lati
603 1045 751 1101 sunt,
807 1036 910 1092 hoc
942 1039 1131 1108 procul
1160 1037 1330 1094 dubio
1385 1039 1753 1110 signiﬁcatur;
1799 1055 1896 1095 eos
1945 1056 2046 1094 au-

473 1134 584 1179 tem
613 1125 708 1195 qui
751 1125 1072 1182 imminente
1103 1129 1246 1183 malo
1291 1128 1656 1194 terrebantur,
1693 1136 1950 1199 tanquam
1990 1130 2048 1186 in

464 1214 644 1286 ﬁgura
677 1232 870 1272 rursus
897 1219 1071 1274 sancti
1109 1218 1454 1290 baptismatis
1499 1220 1678 1275 salvos
1717 1219 1850 1276 fecit
1881 1222 2044 1276 Deus.

481 1325 498 1356 ‹
525 1305 773 1376 Loquere
789 1307 991 1373 enim,»
1019 1309 1116 1374 ait,
1149 1327 1167 1360 ι
1194 1308 1320 1364 ﬁliis
1332 1307 2044 1380 lsrael,etproﬁciscantur:

471 1407 526 1452 et
558 1407 616 1452 tu
653 1399 782 1454 tolle
819 1399 1029 1470 virgam
1057 1408 1205 1455 tuam
1227 1441 1241 1465 ,
1273 1409 1330 1456 et
1365 1401 1600 1456 extende
1649 1416 1870 1456 manum
1899 1410 2048 1458 tuam

473 1501 638 1555 super
676 1501 825 1541 mare
849 1527 863 1552 ,
893 1496 951 1541 et
978 1487 1123 1542 sicca
1153 1487 1287 1542 illud
1312 1506 1326 1555 ;
1357 1498 1414 1544 et
1445 1489 1824 1561 ingrediantur
1850 1489 1948 1543 ﬁlii
1969 1490 2049 1544 ls-

474 1577 584 1629 rael
624 1575 679 1629 in
732 1575 974 1630 medium
1024 1576 1269 1631 maris“.
1317 1598 1335 1630 ι
1399 1578 1578 1646 Quid?
1618 1594 1801 1634 nonne
1832 1578 2052 1634 divinus

475 1667 565 1721 ille
591 1668 792 1722 Paulus
814 1667 883 1722 de
918 1667 1046 1724 ﬁliis
1076 1668 1242 1724 Israel
1272 1671 1487 1736 scribit,
1526 1686 1716 1732 omnes
1741 1672 1796 1727 in
1829 1671 2050 1744 Moysen

475 1757 781 1826 baptizatos
817 1756 985 1813 fuisse
1014 1757 1069 1812 in
1101 1757 1248 1814 nube
1280 1767 1337 1814 et
1366 1759 1419 1814 in
1453 1762 1590 1815 mari
1611 1761 1696 1814 "?

546 1940 742 1994 PALL.
779 1940 996 1994 Fateor.

541 2030 698 2085 CYR.
721 2029 870 2100 Opus
899 2031 1066 2102 igitur
1081 2039 1186 2097 est,
1204 2032 1297 2102 qui
1322 2032 1478 2104 sequi
1499 2031 1780 2088 Christum
1801 2030 2049 2102 cupiunt,

471 2133 528 2176 et
562 2121 628 2176 ad
665 2137 962 2192 supernam
989 2125 1137 2179 illam
1168 2124 1445 2180 civitatem
1471 2131 1784 2194 properant,
1813 2139 1910 2180 eos
1943 2139 2054 2179 non

475 2216 532 2267 in
566 2214 683 2284 lege
711 2214 1012 2271 consistere
1043 2231 1223 2286 neque
1258 2214 1534 2270 mandatis
1561 2230 1682 2285 quae
1709 2230 1808 2285 per
1834 2215 2053 2286 Moysen

477 2307 602 2360 data
628 2314 758 2360 sunt
785 2305 1017 2361 ﬁrmiter
1056 2308 1346 2374 inharere,
1371 2318 1427 2363 et
1453 2309 1508 2364 in
1549 2307 1785 2374 umbris,
1834 2305 2053 2378 ﬁguris-

473 2413 580 2469 que
636 2396 882 2464 versari;
942 2398 1035 2454 sed
1090 2399 1386 2470 proﬁcisci,
1436 2407 1491 2454 et
1536 2399 1643 2453 alio
1697 2398 1954 2462 transire,
1984 2397 2052 2452 ad

473 2503 723 2548 sanctum
761 2506 958 2562 nempe
989 2491 1257 2562 baptisma
1294 2509 1306 2544 :
1338 2491 1389 2544 id
1413 2491 1560 2544 enim
1594 2489 1773 2544 fecere
1821 2489 1899 2543 illi
1951 2489 2053 2544 ho-

474 2585 650 2640 mines
679 2584 774 2654 qui
804 2583 934 2638 olirn
967 2597 1034 2635 ex
1077 2579 1172 2634 Dei
1209 2586 1484 2649 praecepto
1518 2593 1616 2649 per
1645 2577 1820 2633 undas
1847 2577 2054 2632 medias

473 2675 704 2746 ingressi
749 2681 898 2739 sunt,
939 2680 1014 2736 et,
1057 2680 1117 2726 ut
1142 2671 1344 2726 Paulus
1377 2670 1472 2734 ait,
1522 2669 1577 2724 in
1615 2669 1753 2724 mari
1808 2669 2052 2740 baptiza-

474 2764 712 2829 bantur;
747 2771 862 2817 tum
891 2761 1038 2816 enim
1077 2760 1315 2830 denique
1354 2759 1534 2830 ipsum
1558 2759 1654 2814 Dei
1680 2768 1736 2814 et
1767 2758 2053 2816 hominum

474 2853 834 2908 mediatorem
867 2849 1146 2906 Christum
1180 2849 1367 2904 Jesum
1401 2849 1704 2920 adjutorem
1749 2847 2050 2903 habebunt.

474 2944 714 2999 \‘erbum
741 2943 889 2998 enim
914 2957 1039 2996 cum
1062 2950 1206 2996 esset
1236 2942 1399 3006 Deus,
1420 2955 1548 2996 caro
1576 2941 1779 2995 factum
1807 2949 1927 3004 est;
1957 2939 2053 3011 qui

473 3033 619 3088 idem
657 3034 763 3089 alia
790 3049 1008 3104 quoque
1031 3031 1242 3087 ratione
1282 3032 1550 3087 mediator
1577 3042 1680 3099 est,
1713 3032 2051 3104 gubernandi

473 3141 670 3196 nempe
697 3127 930 3190 ratione,
965 3134 1024 3180 ut
1049 3124 1143 3195 qui
1171 3125 1386 3180 medius
1413 3125 1667 3181 incedere
1706 3126 1878 3182 soleat
1909 3126 2052 3180 inter

473 3218 713 3274 cultores
736 3233 867 3272 suos
900 3223 956 3273 et
997 3233 1188 3272 eorum
1226 3217 1606 3282 insectatores,
1644 3233 1748 3273 nec
1790 3218 2049 3289 congredi

469 3325 571 3365 eos
593 3311 738 3365 inter
759 3325 816 3366 se
835 3309 1210 3380 permittat,fet
1226 3309 1412 3364 hostes
1434 3309 1503 3363 ab
1520 3309 1836 3365 incursione
1859 3309 2049 3380 probi-

464 3400 619 3455 .beat.
653 3420 671 3451 ι
709 3399 945 3455 Sustulit
965 3399 1111 3454 enim
1132 3415 1211 3466 se,
1246 3419 1264 3452 ι
1302 3400 1502 3470 inquit,
1541 3419 1559 3452 ι
1597 3401 1824 3472 angelus
1849 3399 1967 3465 Dei,
1994 3409 2050 3454 et

472 3492 728 3546 columna
753 3491 936 3556 nubis,
955 3500 1011 3547 et
1031 3491 1274 3562 ingressa
1299 3500 1384 3546 est
1405 3493 1549 3547 inter
1568 3501 1746 3547 castra
1765 3492 1926 3546 Israel
1951 3510 1963 3546 :
1993 3501 2050 3546 et

474 3597 584 3635 non
619 3579 893 3636 commisti
935 3587 1063 3633 sunt
1098 3579 1241 3634 inter
1275 3594 1332 3634 se
1367 3587 1480 3632 tota
1511 3589 1674 3633 nocte
1690 3579 1756 3631 δ’.
1800 3597 1818 3628 ι
1865 3577 1925 3632 1η
1949 3593 2048 3632 an-

471 3672 594 3742 gelo
634 3679 818 3725 autem
841 3671 1044 3735 denuo,
1085 3677 1248 3740 atque
1277 3670 1332 3723 in
1375 3669 1629 3724 columna
1676 3668 1842 3725 nubis
1885 3667 2045 3724 Chri-

473 3771 591 3816 stus
616 3760 982 3831 signiﬁcatur;
1022 3768 1250 3814 vocatur
1280 3759 1427 3815 enim
1459 3774 1660 3816 nomen
1685 3762 1822 3832 ejus,
1875 3780 1893 3812 ι
1928 3777 2045 3817 ma-

461 3853 565 3925 gni
589 3852 803 3908 consilii
832 3851 1070 3922 Angelus
1090 3852 1154 3904 ⁸³.
1187 3870 1205 3902 ι

544 4045 741 4100 PALL.
773 4045 936 4116 Ergo,
971 4043 1103 4099 dum
1144 4044 1397 4102 Christus
1422 4054 1507 4100 est
1537 4045 1750 4100 medius
1787 4044 2043 4116 inter-jec-

476 4148 582 4202 tus,
611 4152 722 4194 non
748 4152 1102 4193 conseremus
1134 4153 1328 4194 manus
1348 4154 1471 4193 cum
1496 4137 1565 4193 iis
1603 4138 1698 4208 qui
1727 4153 2042 4209 oppugnare

472 4244 573 4284 nos
597 4229 846 4300 cupiunt.

541 4319 703 4374 CYR.
741 4319 819 4374 Ita
861 4335 947 4376 res
975 4328 1094 4386 est;
1143 4328 1291 4377 recte
1341 4319 1617 4390 intelligis.
1663 4318 1800 4373 illud
1861 4328 2041 4373 tamen

465 4411 672 4476 edicam,
708 4411 818 4482 87
851 4426 1084 4481 nequea
1111 4424 1233 4464 mea
1287 4409 1578 4474 sententia,
1622 4417 1684 4462 ut
1733 4408 1946 4477 opinor,
1996 4409 2042 4463 is

469 4505 751 4560 aberrabit
773 4505 866 4575 qui
896 4505 1115 4568 dixerit,
1141 4518 1260 4567 nos,
1286 4502 1330 4557 si
1373 4501 1614 4572 superati
1651 4517 1682 4555 a
1719 4501 2042 4571 voluptuosa

469 4596 855 4665 mundanaque
880 4595 991 4649 vita
1016 4593 1296 4647 discedere
1323 4591 1749 4656 decreverimus,
1782 4607 1846 4648 ac
1886 4593 2042 4664 sequi

467 4705 633 4760 quam
687 4687 924 4743 maximo
956 4686 1141 4742 studio
1199 4686 1296 4742 Dei
1351 4686 1498 4757 leges
1558 4685 2040 4753 constituerimus,

468 4779 715 4835 nondum
757 4785 939 4832 tamen
973 4776 1242 4830 fuerimus
1297 4776 1490 4831 sancti
1523 4774 1862 4846 baptismatis
1918 4791 2042 4846 gra-

471 4871 602 4924 tiam
627 4868 932 4933 consecuti,
962 4881 1304 4936 nequequam
1326 4866 1458 4921 satis
1488 4865 1657 4922 fortes
1691 4873 1785 4920 aut
1823 4873 2042 4938 paratos

468 4967 618 5014 certe
662 4958 734 5013 ad
777 4956 1055 5012 molestias
1099 4955 1408 5010 tolerandas
1455 4953 1590 5020 fore,
1621 4963 1679 5010 et
1727 4955 2044 5010 subeundos

469 5063 570 5116 pro
623 5047 826 5101 virtute
876 5045 1111 5110 labores,
1159 5054 1322 5114 atque
1379 5044 1446 5099 ad
1494 5045 1763 5099 bellorum
1800 5045 2042 5114 pericula

469 5131 812 5202 perferenda.
835 5131 1308 5198 Quemadmodum
1341 5131 1488 5186 enim
1530 5141 1730 5188 tenerae
1773 5132 2039 5188 arbuscu-

468 5229 533 5281 lae
549 5224 1059 5291 vehementissimos
1086 5225 1217 5280 solis
1240 5225 1423 5280 radios
1443 5225 1587 5280 ferre
1631 5236 1913 5286 recusant,
1939 5242 2040 5282 ne-

466 5333 782 5390 queparum
801 5317 1072 5374 laedantur
1095 5319 1141 5374 si
1167 5327 1457 5374 ventorum
1479 5318 1802 5374 violentiore
1833 5318 2041 5389 impetu

469 5411 808 5481 quatiantur,
839 5411 1072 5481 ideoque
1105 5426 1331 5482 prorsus
1368 5425 1506 5480 opus
1545 5409 1748 5465 habent
1766 5411 2044 5467 nonnullis

466 5519 532 5556 ex
558 5513 676 5558 arte
708 5503 1060 5576 adjumcntis,
1093 5513 1257 5574 atque
1297 5502 1636 5557 munimento
1655 5506 1772 5572 jquo
1804 5501 2042 5557 circum-

469 5603 722 5664 tegantur
759 5614 772 5649 :
803 5597 902 5662 sic,
939 5596 1154 5666 Opinor,
1199 5595 1367 5651 etiam
1411 5594 1650 5650 hominis
1689 5594 1868 5649 anima
1921 5610 2043 5664 quae

2148 490 2506 554 καθιστάντος
2553 490 2651 561 τὴν
2698 487 2796 559 τῆς
2847 485 3120 557 σωτηρίας
3158 484 3294 539 ὀδόν.
3341 485 3464 550 Τοῖς
3501 503 3565 555 γε
3615 487 3719 558 μὴν

2142 583 2300 638 τοῦτο
2328 583 2461 655 δρᾷν
2487 581 2788 654 ᾑρημένοις
2807 621 2820 645 ,
2853 579 3191 650 ὲπιτρίζουσι
3221 579 3319 650 μὲν
3346 580 3472 643 τοὺς
3503 579 3718 644 ὀδόντας

2144 673 2351 727 οἱκατὰ
2382 672 2529 726 τόνδε
2566 671 2658 726 τὸν
2691 671 2888 742 κόσμον
2919 669 3140 742 ἐχθροὶ,
3173 669 3481 741 παραθήγει
3517 687 3580 739 γε
3617 670 3722 740 μὴν

2145 764 2226 826 εἰς
2250 762 2537 832 εὐτολμίαν
2567 763 2595 814 6
2615 761 2780 832 νόμος
2841 761 2935 814 καὶ
2967 759 3376 833 παραθαρσύνει
3417 760 3725 831 πεφοϐημέ-

2147 873 2276 919 νους
2299 870 2314 885 ·
2353 856 2448 908 καὶ
2489 855 2572 908 ὅτι
2601 856 2850 908 πεσεῖται
2882 853 2991 906 τῶν
3027 853 3283 906 ἐναντίων
3319 852 3382 906 τὸ
3423 855 3630 922 στῖφος,
3662 849 3722 907 εὖ

2151 946 2296 1017 μάλα
2322 944 2618 1016 καταδηλοῖ
2637 960 2652 976 ’
2675 944 2738 997 τὸ
2769 943 2878 1015 γάρ
2902 944 2966 996 ἐκ
2998 941 3174 995 ποδῶν
3210 940 3461 1010 γενέσθαι
3485 942 3612 1006 τοὺς
3641 943 3730 996 Al-

2147 1038 2407 1107 γυπτίους
2435 1035 2584 1091 τουτί
2610 1053 2710 1089 που
2745 1035 2962 1098 πάντως
2986 1036 3120 1106 ἡμῖν
3146 1032 3520 1088 ύπαινίττεται
3551 1049 3566 1066 ·
3599 1035 3727 1098 τοὺς

2147 1128 2204 1181 δὲ
2225 1129 2280 1180 ἐν
2307 1127 2489 1196 φόϐοις
2509 1125 2668 1189 δντας
2695 1123 2790 1179 τοῦ
2815 1123 3030 1188 παθεῖν,
3057 1125 3132 1188 ὼς
3162 1125 3220 1176 tv
3249 1123 3404 1195 τύπῳ
3444 1124 3606 1178 πάλιν
3631 1123 3726 1177 τοῦ

2150 1219 2307 1289 ἁγίου
2339 1217 2708 1289 βαπτίσματος
2743 1214 2966 1280 διέσωξε
3019 1214 3174 1279 Θεός.
3203 1233 3222 1268 ι
3259 1214 3506 1287 Λάλησον
3535 1215 3665 1287 γὰρ,
3701 1234 3721 1266 ι

2150 1311 2302 1381 φησι,
2343 1327 2361 1360 ι
2402 1311 2515 1372 τοῖς
2545 1310 2677 1372 υἱοῖς
2724 1306 2957 1379 Ἰσραὴλ,
2988 1307 3084 1362 καὶ⁵
3121 1305 3595 1372 άναζευξάτωσαν·
3632 1309 3726 1361 καὶ

2151 1403 2215 1455 σὺ
2248 1401 2448 1472 ἐπαρον
2478 1400 2576 1472 τὴν
2613 1398 2806 1470 ῥάϐδον
2836 1416 2952 1461 σου,
3001 1399 3095 1452 καὶ
3131 1397 3381 1452 ἔκτεινον
3423 1399 3525 1470 τὴν
3567 1400 3726 1470 χεῖρά

2151 1509 2245 1545 σου
2273 1493 2365 1546 ἐπὶ
2399 1492 2496 1564 τὴν
2533 1491 2826 1558 θάλασσαν,
2858 1493 2953 1545 καὶ
2979 1491 3208 1563 ξήρανον
3246 1491 3417 1561 αὑτήν
3444 1509 3459 1523 ·
3493 1493 3590 1545 καὶ
3617 1495 3728 1544 εἰσ·

2150 1585 2450 1638 ελθέτωσαν
2509 1587 2558 1638 οἰ
2611 1584 2718 1637 υίοί
2775 1583 2993 1656 Ἰσραὴλ
3058 1585 3140 1648 εἰς
3186 1584 3347 1656 μέσον
3379 1583 3480 1651 τῆς
3521 1583 3725 1639 θαλάσ-

2153 1695 2272 1749 σης.
2335 1695 2353 1728 ι
2394 1677 2468 1730 Ἦ
2515 1677 2612 1748 οὐχ
2666 1678 2694 1729 6
2752 1675 3041 1740 Θεσπέσιος
3091 1678 3292 1748 γράφει
3332 1676 3542 1742 Παῦλος
3599 1680 3729 1750 περὶ

2153 1770 2260 1823 τῶν
2292 1769 2424 1824 υίῶν
2463 1769 2681 1840 Ἰσραὴλ
2703 1808 2718 1834 ,
2759 1768 2842 1822 ὅτι
2896 1769 3099 1833 πάντες
3131 1770 3214 1832 είς
3248 1769 3344 1822 τὸν
3387 1769 3564 1842 Μωσῆ
3600 1769 3724 1823 ἐϐα-

2085 1841 2126 1896 Β
2157 1861 2458 1932 πτίσθησαν
2486 1865 2543 1916 ἐν
2587 1865 2652 1934 τῇ
2685 1861 2883 1933 νεφέλη
2916 1861 3010 1916 καὶ
3040 1853 3102 1915 ἐν
3126 1863 3192 1933 τῇ
3223 1859 3502 1933 θαλάσσης

2224 1952 2432 2007 ΠΑΛΛ.
2459 1953 2531 2006 Σύ
2539 1970 2743 2025 μιρημι.

2224 2046 2391 2100 ΚΥΡ.
2440 2047 2558 2116 Χρὴ
2601 2045 2892 2118 τοιγαροῦν
2936 2046 3062 2109 τοὺς
3100 2044 3410 2100 ἀκολουθεῖν
3447 2043 3730 2108 ἐθέλοντας

2152 2135 2230 2207 τῷ
2261 2137 2502 2209 Χριστῷ,
2535 2138 2630 2191 καὶ
2653 2137 2789 2208 πρὸς
2822 2138 2920 2209 τὴν
2951 2137 3062 2192 ἄνω
3096 2138 3422 2202 σπεύδοντας
3450 2138 3627 2203 πόλιν,
3655 2137 3730 2207 μὴ

2153 2229 2400 2300 ἐνιζῆσαι
2436 2229 2513 2300 τῷ
2553 2219 2702 2300 νόμῳ
2728 2270 2743 2294 ,
2787 2229 2920 2300 μηδὲ
2946 2231 3067 2294 ταῖς
3102 2229 3191 2284 διὰ
3217 2229 3463 2293 Μωσέως
3489 2229 3732 2291 ἐντολαῖς

2152 2321 2544 2392 άμεταστάτως
2575 2321 3083 2390 ἐγκαταυλίζεσθαι,
3111 2323 3204 2376 καὶ⁵
3227 2325 3406 2386 σκιαῖς
3427 2323 3522 2376 καὶ
3538 2322 3731 2385 τύποις

2153 2411 2576 2483 ἐμφιλοχωρείν·
2613 2411 3005 2482 ἀναζευγνύναι
3042 2413 3098 2468 δὲ
3131 2413 3330 2484 μᾶλλον
3359 2415 3454 2468 καὶ
3486 2431 3731 2485 μεταχω-

2157 2503 2266 2572 ρεῖν
2309 2501 2572 2574 ἑτέρωσε,
2611 2502 2753 2556 τοῦτ’
2783 2503 2951 2568 ἔστιν,
2997 2503 3088 2556 ἐπὶ
3133 2504 3195 2557 τὸ
3238 2501 3391 2572 ἅγιον
3423 2503 3729 2574 βάπτισμα.

2153 2592 2323 2647 Τοῦτο
2345 2592 2456 2665 γὰρ
2499 2593 2670 2665 ἔδρων
2701 2595 2750 2647 οί
2779 2594 2950 2649 πάλαι
2979 2594 3122 2650 κατὰ
3156 2595 3451 2668 πρόσταξιν
3479 2594 3614 2650 Θεοῦ
3642 2596 3730 2650 διὰ

2156 2682 2335 2754 μέσων
2369 2685 2552 2748 ’ἰόντες
2585 2685 2865 2754 κυμάτων,
2895 2684 2989 2739 καὶ
3022 2684 3098 2749 ὡς
3122 2686 3150 2738 6
3178 2684 3386 2748 Παῦλός
3432 2702 3618 2758 φησιν,
3674 2688 3733 2739 ἐν

2153 2773 2394 2846 θαλάσσῃ
2427 2775 2844 2846 βαπτιζόμενον
2875 2775 2999 2829 τότε
3028 2776 3136 2848 γάρ
3159 2776 3222 2848 δὴ
3247 2819 3261 2844 ,
3290 2776 3412 2831 τότε
3447 2778 3543 2833 καὶ
3570 2778 3732 2832 αὑτὸν

2151 2864 2358 2931 ἕξουσιν
2395 2866 2608 2937 ἀρωγὸν
2629 2867 2720 2922 τὸν
2747 2867 2883 2922 Θεοῦ
2911 2885 2970 2921 τε
3004 2869 3098 2921 καὶ
3127 2867 3430 2939 ἀνθρώπων
3460 2868 3691 2939 μεσίτην
3710 2909 3726 2930 ,
3787 2859 3799 2870 ’

2151 2957 2383 3030 Χριστὸν
2423 2957 2650 3030 Ἰησοῦν.
2693 2959 2826 3023 Θεὸς
2853 2960 2961 3030 γὰρ
2987 2959 3061 3014 ῶν
3085 2961 3114 3014 6
3135 2959 3329 3028 Λόγος,
3352 2960 3542 3029 γέγονε
3571 2960 3731 3031 σάρξ·

2151 3050 2245 3103 καὶ
2275 3049 2396 3103 καθ’
2422 3049 2611 3121 ἕτερον
2639 3050 2697 3104 δὲ
2736 3051 2956 3123 τρόπον,
2996 3051 3223 3122 μεσίτην
3259 3051 3619 3122 οἰκονομικῶς
3650 3052 3731 3115 ὡς

2151 3141 2240 3194 διὰ
2281 3140 2448 3212 μέσου
2481 3143 2682 3212 χωρεῖν
2714 3143 2946 3196 εἰωθότα
2981 3141 3090 3195 τῶν
3129 3159 3187 3196 τε
3224 3141 3529 3214 σεϐομένων
3569 3143 3732 3197 αὐτὸν

2157 3232 2252 3286 καὶ
2274 3232 2382 3286 τῶν
2404 3232 2709 3287 διωκόντων
2725 3233 3039 3298 αύτοὺς,καὶ
3058 3234 3388 3305 συμμίσγειν
3407 3236 3508 3308 οὐκ
3527 3234 3730 3299 ἐῶντα,

2153 3322 2253 3386 τάς
2281 3340 2340 3376 τε
2363 3322 2472 3377 τῶν
2503 3323 2760 3378 ἐναντίων
2781 3325 3003 3394 ἐφόδους
3025 3325 3431 3380 άποκωλύοντα.
3469 3345 3492 3379 ι
3531 3326 3731 3397 Ἐξῆρε

2155 3413 2282 3484 γὰρ,
2311 3432 2330 3464 ι
2364 3413 2549 3484 φησὶν,
2585 3431 2604 3465 ι
2633 3413 2661 3466 6
2687 3413 2917 3482 ἄγγελος
2936 3413 3030 3467 τοῦ
3060 3413 3216 3477 Θεοῦ,
3235 3415 3330 3468 καὶ
3350 3415 3378 3467 6
3420 3414 3611 3476 στύλος
3629 3415 3734 3485 τῆς

2155 3504 2382 3574 νεφέλης
2406 3543 2423 3568 ,
2466 3506 2563 3558 καὶ
2610 3505 2857 3575 εἰσῆλθεν
2905 3506 3008 3560 ἀνὰ
3043 3507 3207 3578 μέσον
3241 3507 3340 3577 τῆς
3375 3506 3732 3578 παρεμϐολῆς

2153 3589 2260 3643 τῶν
2288 3591 2618 3666 Αἰγυπτίων,
2646 3593 2740 3646 καὶ
2777 3593 2879 3647 ἀνὰ
2915 3594 3076 3664 μέσον
3104 3595 3205 3666 τῆς
3235 3595 3583 3667 παρεμϐολῆς
3624 3597 3731 3650 Ἰσ·

2155 3680 2314 3751 ραὴλ,
2343 3680 2439 3734 καὶ
2460 3683 2519 3735 ού
2563 3680 2858 3754 συνέμιξαν
2885 3684 3136 3756 ἀλλήλοις
3172 3684 3303 3755 ὅλην
3334 3685 3434 3757 τὴν
3461 3686 3652 3739 νύκτα.
3707 3705 3725 3736 ι

2166 3770 2252 3833 Ὠς
2281 3771 2338 3822 tv
2368 3770 2585 3842 ἀγγέλῳ
2613 3771 2670 3825 δὲ
2707 3772 2868 3828 πάλιν
2923 3774 3019 3826 καὶ
3043 3773 3122 3838 ὡς
3151 3774 3211 3827 tv
3241 3773 3416 3844 στύλῳ
3440 3773 3678 3844 νεφέλης
3703 3776 3732 3826 ὁ

2152 3858 2388 3930 Χριστὸς
2417 3861 2763 3932 σημαίνεται.
2807 3863 3068 3917 Καλεῖται
3093 3864 3203 3936 γὰρ
3236 3865 3303 3918 τὸ
3334 3864 3504 3935 ὄνομα
3535 3865 3730 3928 αὐτοῦ,

2159 3971 2177 4004 ι
2205 3951 2447 4022 μεγάλης
2479 3952 2675 4025 βουλῆς
2704 3955 2983 4023 Ἄγγελος.
3011 3975 3028 4007 ι

2220 4045 2426 4098 ΠΑΛΛ.
2455 4045 2895 4110 Μεσολαϐοῦντος
2924 4047 3032 4118 ἄρα
3051 4047 3308 4120 Χριστοῦ,
3330 4051 3440 4112 τοῖς
3469 4050 3730 4121 πολεμεῖν

2151 4134 2425 4190 ἐθέλουσιν
2454 4137 2515 4191 οὐ
2549 4137 2891 4210 συμμίξομεν
2919 4157 2933 4206 ;

2220 4311 2517 4368 ΚΥΡ.Ὦδε
2537 4301 2632 4385 μέὗ
2651 4317 2764 4388 ἔχει
2777 4318 2832 4372 τὸ
2851 4319 3056 4389 χρῆμω
3080 4321 3220 4382 νοεῖς
3237 4319 3343 4392 γὰρ
3359 4319 3556 4391 ὀρθῶς.
3578 4323 3732 4391 Πλὴν

2149 4405 2322 4460 ἐκεῖνό
2353 4423 2516 4478 φημι,
2547 4409 2640 4462 καὶ
2667 4410 2766 4463 οὐκ
2798 4411 2906 4464 ἀπὸ
2953 4411 3176 4478 σκοποῦ,
3216 4412 3464 4486 καθάπερ
3487 4409 3731 4487 ἐγῷμαι,

2083 4539 2124 4593 D
2149 4497 2427 4593 ’τὸ-δοκοῦν
2457 4500 2763 4572 οἰχήσεται·
2794 4504 2918 4573 ἄρτι
2961 4505 3060 4574 μὲν
3094 4506 3200 4577 γὰρ
3232 4507 3334 4576 τῆς
3361 4507 3648 4578 φιληδόνου
3672 4527 3732 4563 τε

2150 4591 2242 4645 καὶ
2271 4592 2567 4664 ἐγκοσμίου
2595 4593 2742 4664 ζωῆς
2770 4595 3071 4668 άποφοιτᾷν
3096 4598 3382 4669 ᾑρημένοι,
3407 4599 3645 4654 ἕπεσθαί
3671 4619 3733 4655 τε

2147 4683 2256 4737 δεῖν
2280 4685 2362 4739 ὅτι
2380 4685 2613 4756 μάλιστα
2640 4687 3082 4753 διεσπουδακότες
3100 4693 3214 4754 τοῖς
3233 4689 3327 4745 τοῦ
3350 4692 3486 4746 Θεοῦ
3512 4693 3733 4765 νόμοις,

2148 4775 2301 4832 οὔπω
2332 4795 2395 4848 γε
2433 4779 2537 4850 μὴν
2565 4779 2663 4851 τὴν
2697 4780 2784 4834 διὰ
2820 4781 2915 4835 τοῦ
2959 4782 3120 4852 ἁγίου
3151 4784 3526 4857 βαπτίσματος
3557 4803 3739 4842 κατα-

2147 4870 2547 4941 πλουτήσαντες
2571 4871 2750 4944 χάριν,
2784 4874 2842 4926 οὐ
2882 4873 3000 4928 λίαν
3030 4876 3195 4946 ἐσμὲν
3221 4876 3526 4943 εύσθενεῖς,
3558 4879 3737 4950 ἤγουν

2149 4959 2444 5030 ἐπιτήδειοι
2467 4964 2604 5033 πρὸς
2627 4963 2690 5016 τὸ
2718 4965 2912 5035 χρῆναι
2931 4965 3247 5038 τληπαθεῖν,
3275 4969 3369 5024 καὶ
3391 4970 3737 5042 ἀνασχέσθαι

2149 5051 2325 5106 πόνων
2356 5052 2463 5106 τῶν
2497 5053 2637 5125 ὑπὲρ
2667 5055 2870 5127 ἀρετῆς
2890 5096 2904 5121 ,
2944 5059 3040 5111 καὶ
3091 5059 3344 5130 πολέμων
3389 5062 3590 5132 πεῖραν
3639 5061 3736 5132 δύ-

2148 5140 2340 5196 νασθαι
2359 5143 2889 5218 διενεγκεῖν.Ὤσπερ
2911 5148 2969 5202 δὲ
2995 5148 3064 5202 τὰ
3092 5149 3354 5222 άρτιθαλῆ
3385 5131 3497 5206 τῶν
3516 5131 3749 5221 φυτιῖῗνξ

2145 5233 2247 5304 τῆς
2279 5235 2654 5306 ἀκμαιοτάτης
2697 5238 2796 5309 μὲν
2828 5239 2923 5293 τοῦ
2969 5240 3123 5312 ἡλίου
3163 5242 3325 5314 βολῆς
3368 5247 3734 5316 παραιτεῖται

2138 5324 2200 5377 τὸ
2232 5324 2448 5394 βλάϐος,
2473 5327 2740 5383 ἀδικοῖντο
2763 5329 2808 5382 δ’
2841 5331 2907 5385 ἂν
2936 5332 3000 5384 ού
3027 5333 3286 5404 μετρίως,
3315 5335 3365 5388 εἰ
3392 5335 3734 5406 πνευμάτων

2138 5415 2396 5486 ἐμϐολαῖς
2438 5419 2803 5491 ἀγριωτέραις
2854 5422 3356 5495 διακραδαίνοιντο,
3412 5426 3495 5480 δεῖ
3543 5427 3607 5482 δὲ
3664 5428 3733 5500 δὴ

2140 5505 2356 5572 πάντως
2389 5508 2574 5574 αὐτοῖς
2615 5510 2726 5564 τῶν
2764 5513 2826 5564 ἐκ
2861 5513 3056 5584 τέχνης
3098 5515 3586 5587 ἐπικουρημάτων,
3633 5519 3734 5570 καὶ

2139 5599 2239 5668 τῆς
2257 5601 2314 5654 tv
2339 5599 2523 5672 κύκλῳ
2544 5601 2839 5672 περιϐολῆς
2864 5620 2876 5634 ·
2907 5605 3046 5660 κατά
3068 5608 3159 5661 τὸν
3185 5607 3369 5676 αὐτὸν,
3391 5603 3564 5679 οἶμαι,
3600 5627 3737 5662 του-

538 5690 782 5746 “.Exod.
821 5694 1122 5757 11",15-16.
1197 5695 1236 5726 ⁸⁸
1276 5694 1294 5747 ι
1328 5693 1455 5748 Cor.
1501 5709 1552 5759 χ,
1579 5673 1664 5746 2;-
1710 5693 1754 5725 “
1785 5692 1957 5747 Exod.
1992 5709 2043 5747 xu

2154 5695 2238 5761 20,
2287 5696 2376 5752 ει.
2445 5698 2489 5730 ⁸³
2531 5697 2653 5752 lsai.
2690 5713 2762 5763 lx,
2793 5701 2824 5754 6
