3954 6200
225 280 320 338 973

952 280 1041 336 DE
1078 277 1520 335 ADORATIONE
1555 275 1622 332 IN
1660 274 1932 335 SPIRITU
1971 279 2060 338 EI‘
2095 282 2463 339 VERITATE.
2499 284 2628 338 LIB.
2672 284 2760 340 III.

3359 281 3467 335 274'

226 394 329 452 τονὶ
366 393 565 468 τρόπον
611 391 762 463 καὶὴ
791 391 884 446 τοῦ
926 391 1213 465 ἀνθρώπου
1239 391 1407 463 ψυχὴ,
1442 391 1567 463 ἄρτι
1591 391 1693 460 τῆς
1722 392 1786 446 ἐκ

1917 413 2065 468 nuper
2101 414 2131 455 e
2160 401 2423 456 servitute
2448 402 2710 458 vitiorum
2735 402 3044 464 emerserit,
3071 398 3137 454 ad
3157 399 3468 453 meliorem-

227 486 403 543 παθῶν
422 484 663 549 δουλείας
683 484 1036 557 ἐκτρέχουσα,
1065 486 1312 557 καὶπρὸς
1334 485 1402 540 τὰ
1423 483 1631 556 ἀμείνω
1650 485 1790 565 ,μεθ-

223 576 554 652 ορμιζομένη
583 618 597 644 ,
656 577 752 631 καὶ
787 576 867 648 τῷ
906 576 1035 649 θείῳ
1065 577 1484 632 κατακολουθεῖν
1533 577 1792 632 ἐθέλουσα

223 671 384 741 νόμῳ,
409 667 775 739 τρυφερόνους
799 667 861 720 τέ
893 670 1014 722 ἐστι
1036 669 1131 721 καὶ
1154 668 1516 740 εὐαφεστέρα,
1545 667 1638 723 καὶ
1665 668 1796 721 ἀνα-

226 761 428 816 σοϐοῖτο
459 759 717 824 εὐκόλως,
751 759 943 813 ἀνόπιν
975 758 1174 831 ἱδρῶτα
1211 759 1511 831 τεθεαμένη
1571 759 1666 813 καὶ
1702 777 1798 814 πο-

224 855 382 924 λέμου
403 853 586 923 νόμον,
615 850 891 904 ἀσπαστὸν
910 850 967 904 δὲ
987 852 1251 922 ἡγήσεται
1275 851 1336 906 τὸ
1361 854 1419 906 ἐν
1439 847 1522 914 οἷς
1550 845 1618 922 ἦν
1666 867 1796 904 ποτε

223 944 553 1014 διαγενέσθαι
591 942 774 997 πάλιν.
814 943 924 996 Kal.
967 942 1098 1011 γοῦν
1127 945 1177 996 oi
1220 943 1281 1010 ἐξ
1322 941 1540 1015 Ἰσραὴλ
1563 941 1662 1013 τὴν
1689 940 1798 995 τῶν

222 1033 531 1103 Αἰγυπτίων
565 1033 885 1104 τεθεαμένοι
917 1035 1295 1106 παρασκευὴν,
1331 1033 1588 1106 καὶπρὸς
1632 1031 1800 1105 μόνην

223 1123 308 1178 τοῦ
334 1123 579 1194 πολέμου
610 1122 706 1194 τὴν
733 1122 864 1176 θέαν
889 1124 1275 1196 ἀπειρηκότες,
1301 1124 1599 1195 ἐπεφύοντο
1617 1124 1800 1195 λέγον-

222 1232 302 1279 τες
329 1213 413 1285 τῷ
438 1214 706 1285 θεσπεσίῳ
731 1214 927 1286 Μωσῇ’
971 1233 989 1267 ι
1029 1215 1103 1269 Οὐ
1133 1214 1292 1269 τοῦτο
1325 1217 1475 1288 ῥῆμα
1497 1211 1566 1286 ἦν
1602 1215 1630 1269 δ
1676 1216 1801 1270 έλα-

222 1307 461 1378 λήσαμεν
484 1308 543 1359 ἐν
578 1305 839 1377 Αἰγύπτῳ
865 1306 1000 1377 πρὸς
1031 1307 1090 1360 σὲ
1111 1305 1383 1376 λέγοντες,
1411 1308 1590 1380 Πάρες
1615 1309 1786 1379 ἡμᾶς,

220 1401 367 1463 ὅπως
416 1397 796 1469 ϐουλεύσωμεν
837 1400 949 1462 τοῖς
993 1399 1348 1468 Αίγυπτίοιςς
1397 1402 1652 1472 κρεῖσσον
1694 1399 1802 1470 γὰρ

223 1491 364 1562 ἡμᾶς
390 1490 662 1544 δουλεύειν
687 1490 1038 1560 Αἰγυπτίοις,
1061 1492 1406 1562 ἢάποθανεῖν
1427 1493 1486 1546 ἐν
1515 1496 1580 1565 τῇ
1613 1494 1804 1564 ἐρήμῳ

222 1583 413 1657 ταύτῃ.
459 1601 478 1635 ι
527 1582 738 1638 Οὐκοῦν
768 1583 1006 1656 ἀδρανὴς
1042 1585 1123 1647 είς
1157 1583 1361 1656 μάχην,
1390 1584 1484 1640 καὶ
1513 1583 1652 1656 πρὸς
1680 1584 1802 1638 δου-

221 1675 369 1729 λείαν
407 1674 765 1746 ἐτοιμοτάτη,
811 1675 907 1730 καὶ
977 1676 1418 1746 εὐκαταπτόητος
1461 1676 1653 1747 κομιδῇ
1697 1675 1804 1746 πρὸ

223 1767 312 1822 τοῦ
341 1766 501 1836 ἁγίου
543 1766 911 1839 βαπτίσματος
949 1770 985 1839 ἡ
1012 1767 1104 1821 τοῦ
1143 1767 1430 1839 ἀνθρώπου
1459 1768 1635 1839 ψυχή’
1676 1768 1724 1820 εί
1750 1767 1806 1821 δὲ

221 1861 278 1932 δὴ
299 1862 548 1931 τυχοῦσα
575 1862 673 1931 τῆς
690 1860 912 1932 χάριτος
933 1860 1032 1932 τὴν
1062 1860 1123 1926 ἐξ
1143 1860 1313 1931 ὕψους
1340 1861 1569 1933 δύναμιν
1597 1861 1806 1932 ἀμφιά-

227 1969 378 2005 σαιτο
406 1992 422 2016 ,
479 1950 877 2006 εύσθενέστατα
917 1951 1016 2021 μὲν
1057 1952 1408 2023 ἀντεγκομιεϊ
1437 1954 1550 2016 τοῖς
1587 1951 1808 2006 διώκειν

227 2044 492 2108 ἐθέλουσι,
514 2043 610 2098 καὶ
633 2045 980 2116 διαμαχεῖται
1001 2045 1286 2113 γενναίως,
1313 2047 1485 2117 ῥᾷστα
1516 2045 1563 2100 δ’
1599 2045 1666 2100 ἂν
1693 2045 1810 2099 δια-

229 2135 521 2206 κρούσαιτο
547 2136 649 2202 τὰς
673 2136 781 2190 τῶν
811 2133 1083 2207 πολεμίων
1109 2138 1508 2200 ἐπαναστάσεις
1525 2175 1541 2201 ,
1577 2153 1810 2208 στρατη-

228 2229 450 2296 γοῦντός
476 2247 534 2284 τε
561 2231 657 2283 καὶ
690 2228 1122 2301 προασπίζοντος
1145 2229 1403 2302 Χριστοῦ.
1435 2229 1810 2302 Περιεσόμεθα

229 2321 334 2391 γὰρ
364 2322 466 2392 ούχ
499 2321 756 2392 ἐτέρωςῆ
789 2322 933 2375 κατά
962 2320 1152 2374 τοῦτον
1179 2320 1341 2374 αὐτὸν
1369 2320 1461 2373 τὸν
1479 2319 1700 2390 τρόπον.

295 2411 509 2466 ΠΑΛΛ.
554 2410 758 2465 Σκόπει
788 2411 864 2482 δὴ
908 2408 1002 2466 οὖν
1041 2411 1128 2465 διὰ
1157 2410 1328 2465 ποίων
1365 2412 1496 2482 ἡμῖν
1525 2411 1619 2464 καὶ
1655 2411 1812 2464 τοῦτο

232 2502 610 2574 παραστήσεις
649 2502 1146 2575 παραδειγμάτων·
1193 2503 1493 2574 ἀπορήσεις
1539 2503 1647 2574 γὰρ
1694 2501 1810 2556 οὔτι

231 2613 355 2650 που.

295 2690 465 2742 ΚΥΡ.
491 2688 591 2742 Διά
618 2689 886 2744 πλείστων
905 2673 1004 2760 μὲν
1033 2682 1126 2744 οὖν
1157 2690 1300 2744 ὅσων
1321 2687 1634 2754 καταδεῖξαι
1659 2689 1808 2760 ῥᾷον,

189 2819 192 2823 ι
235 2781 372 2851 πλὴν
400 2781 513 2835 ἀπό
563 2797 629 2850 γε
659 2780 878 2852 πρώτου
900 2780 995 2834 τοῦ
1030 2781 1300 2850 γείτονος,
1331 2781 1425 2835 καὶ
1457 2782 1515 2849 ἐξ
1546 2773 1621 2834 ὧν
1651 2780 1813 2843 αὐτὸς

236 2875 518 2944 γέγραφεν
549 2875 578 2928 δ
605 2873 813 2945 Μωσῆς
836 2891 850 2904 ·
872 2875 920 2927 οί
945 2873 1052 2945 γὰρ
1079 2875 1215 2946 πρὸς
1259 2875 1426 2947 μόνην
1455 2875 1815 2947 ἀπειρηκότες

231 2967 339 3020 τῶν
369 2966 689 3035 Αίγυπτίων
732 2964 832 3038 τὴν
857 2964 1009 3027 θέαν,
1039 2965 1228 3038 ἐπειδὴ
1273 2965 1373 3038 τὴν
1419 2966 1688 3039 Ἐρυθρὰν
1733 2966 1814 3020 δι-

1891 505 1997 560 que
2021 490 2231 562 frugem
2273 493 2530 558 evaserit,
2559 510 2624 549 ac
2657 494 2753 548 Dei
2791 492 2967 563 legem
3009 490 3164 560 sequi
3210 489 3466 554 voluerit,

1893 585 2126 641 delicata
2147 586 2328 641 adhuc
2355 594 2411 641 et
2433 585 2651 642 mollior
2686 601 2810 641 cum
2836 585 2926 650 sit,
2955 583 3050 638 ubi
3089 583 3344 638 sudorem
3381 582 3466 636 vi-

1894 676 2038 732 derit
2082 676 2438 746 laboremque
2495 692 2710 747 pugnae,
2753 684 2903 731 metu
2944 674 3260 746 perterrita,
3312 672 3471 728 facile

1897 777 2048 840 terga
2085 777 2281 834 vertet,
2313 768 2664 839 optabileque
2700 768 2865 824 ducet
2886 782 2950 823 ea
2987 775 3234 838 repetere
3272 767 3327 821 in
3353 766 3473 837 qui-

1896 860 2001 914 bus
2033 868 2193 915 antea
2226 859 2566 915 versabatur.
2610 859 2798 928 Itaque
2844 858 3126 922 Israelitaa,
3161 873 3286 912 cum
3313 856 3475 927 Egy-

1897 948 2136 1019 ptiorum
2173 959 2490 1020 apparatum
2518 948 2808 1014 vidissent,
2836 958 2999 1019 atque
3026 950 3090 1005 ad
3119 965 3313 1020 pugnaa
3341 965 3474 1005 con—

1898 1048 2145 1110 spectum
2172 1040 2439 1096 duntaxat
2470 1041 2684 1095 animos
2717 1040 3068 1112 abjecissent,
3098 1041 3474 1112 insurgebant,

1900 1132 2146 1189 dicentes
2168 1133 2386 1205 Moysi:
2437 1152 2455 1185 ι
2492 1133 2686 1190 Nonne
2735 1133 2842 1188 hoc
2891 1140 3011 1187 erat
3050 1132 3280 1188 verbum
3329 1131 3476 1202 quod

1901 1223 2070 1279 locuti
2094 1240 2283 1281 sumus
2304 1225 2374 1281 ad
2393 1232 2445 1280 te
2474 1225 2530 1280 in
2555 1224 2804 1296 IEgypto,
2833 1224 3108 1280 dicentes:
3134 1223 3356 1279 Dimitte
3371 1239 3479 1279 nos

1908 1323 1969 1370 ut
2017 1317 2326 1372 serviamus
2348 1299 2655 1388 Egyptiis?
2680 1315 2878 1371 melius
2907 1315 3055 1370 enim
3087 1321 3208 1370 erat
3231 1330 3331 1370 nos
3363 1331 3478 1369 ser-

1902 1406 2018 1461 vire
2045 1405 2334 1478 Egyptiis,
2359 1423 2522 1476 quam
2552 1408 2692 1462 mori
2732 1409 2788 1464 in
2825 1408 3046 1463 deserto
3072 1407 3241 1462 hoc"
3266 1447 3279 1460 .
3319 1425 3337 1458 ι
3376 1406 3482 1461 Im-
3536 1426 3538 1428 ν

1901 1498 2060 1554 bellis
2082 1514 2212 1570 ergo
2235 1499 2303 1554 ad
2325 1515 2562 1570 pugnam
2581 1507 2744 1570 atque
2784 1500 2850 1554 ad
2881 1500 3235 1555 metuendum
3279 1498 3482 1568 procli-

1901 1590 2018 1654 vis,
2073 1600 2129 1646 et
2165 1590 2436 1660 ejusmodi
2491 1607 2611 1661 quae
2655 1590 2948 1646 admodum
3005 1589 3164 1646 facile
3213 1589 3504 1644 deterreri

1906 1682 2100 1752 possit,
2135 1683 2314 1737 anima
2343 1682 2584 1738 hominis
2621 1689 2704 1738 est
2734 1691 2862 1738 ante
2909 1698 3126 1739 sacrum
3176 1681 3479 1753 baptisma:

1909 1779 1984 1836 at,
2017 1771 2063 1826 si
2089 1773 2200 1842 jam
2233 1771 2376 1827 facta
2399 1773 2519 1844 ejus
2558 1774 2746 1844 gratiae
2785 1788 3027 1843 compos,
3064 1772 3214 1828 illam
3261 1788 3328 1827 ex
3372 1772 3486 1827 alto

1908 1863 2169 1918 virtutem
2210 1863 2400 1920 induta
2424 1863 2611 1930 fuerit,
2649 1872 2764 1921 tum
2806 1881 2940 1920 vero
2979 1863 3277 1921 fortissime
3339 1863 3486 1919 obsi-é

1908 1961 2016 2009 stet
2036 1954 2293 2026 persequi
2327 1952 2699 2026 Cupientibus,
2733 1972 2797 2012 ac
2837 1965 3059 2014 strenue
3093 1956 3377 2028 pugnabit;
3408 1955 3486 2012 fa-

1909 2046 2112 2102 cillime
2137 2063 2356 2118 quoque
2387 2048 2652 2118 impetum
2681 2048 2923 2104 hostium
2958 2048 3234 2114 retundet,
3265 2045 3485 2108 Christo

1910 2145 2024 2191 tum
2064 2137 2222 2202 duce,
2264 2144 2378 2192 tum
2418 2147 2846 2209 propugnatore.
2885 2139 3076 2209 Neque
3124 2140 3272 2196 enim
3327 2139 3488 2195 aliter

1910 2243 2072 2298 quam
2104 2229 2206 2284 hac
2230 2245 2337 2284 una
2371 2229 2581 2285 ratione
2611 2229 2926 2301 superiores
2941 2231 3168 2286 erimus.

1982 2423 2178 2478 PALL.
2213 2422 2351 2479 Vide
2398 2423 2566 2496 igitur
2609 2423 2812 2494 quibus
2847 2425 2953 2480 hoc
2978 2423 3168 2479 'etiam
3225 2425 3489 2494 exemplis

1912 2515 2339 2572 conﬁrmaturus
2373 2517 2489 2583 sis;
2518 2531 2697 2588 neque
2735 2516 2883 2572 enim
2914 2532 3109 2572 eorum
3148 2517 3361 2588 copiam
3389 2516 3488 2572 tibi

1913 2605 2221 2661 defuturam
2251 2614 2406 2676 puto.

1979 2696 2140 2752 CYR.
2175 2696 2606 2768 Quamplurimis
2641 2695 2698 2753 id
2726 2697 2950 2768 quidem
2975 2698 3240 2770 exemplis
3268 2698 3496 2754 demon-

1914 2794 2089 2842 strare
2135 2787 2394 2857 perfacile
2444 2799 2561 2857 est;
2621 2797 3038 2856 verumtamen,
3074 2791 3314 2860 primum
3359 2790 3493 2845 illud

1914 2877 2040 2944 erit,
2076 2877 2222 2948 quod
2245 2887 2301 2934 et
2327 2879 2637 2949 proximum
2665 2885 2768 2945 est,
2809 2885 2867 2935 et
2899 2880 3014 2950 ipse
3043 2879 3254 2952 Moyses
3294 2879 3494 2934 litteris

1917 2967 2229 3023 mandavit:
2258 2969 2352 3041 qui
2387 2969 2535 3024 enim
2563 2969 2681 3025 solo
2722 2979 2948 3040 aspectu
2986 2969 3364 3042 Egyptiorum
3394 2969 3493 3024 de-

232 3059 439 3126 ἔϐησαν
490 3058 788 3123 θάλασσαν,
828 3060 921 3113 καὶ
967 3061 1060 3114 τὸν
1097 3059 1192 3113 τοῦ
1239 3059 1397 3127 ἁγίου
1446 3059 1812 3130 βαπτίσματος

1921 3057 2254 3128 sponderant
2301 3058 2534 3123 animos,
2581 3069 2772 3130 postea
2831 3076 2996 3130 quam
3047 3060 3299 3117 Rubrum
3344 3075 3496 3114 mare

229 3153 504 3223 ἐπλήρουν
534 3151 706 3206 τύπον
733 3152 1174 3224 (ἐϐαπτίσθησαν
1199 3152 1329 3224 γὰρ,
1359 3153 1544 3224 φησὶν,
1579 3154 1659 3216 είς
1689 3152 1818 3206 Μω-

233 3241 336 3296 σέα.
361 3280 378 3303 ,
407 3241 659 3312 καθάπερ
705 3241 805 3295 καὶ
839 3241 868 3294 ὁ
906 3242 1070 3310 σοφὸς
1113 3241 1318 3314 γράφει
1364 3232 1608 3306 Παῦλος,
1653 3241 1712 3294 ἐν
1747 3243 1815 3312 τῇ

231 3331 432 3403 νεφέλῃ
458 3332 552 3385 καὶ
571 3333 632 3387 ἐν
652 3333 718 3403 τῇ
738 3333 1024 3406 θαλάσσῃ),
1065 3334 1290 3405 μάχιμοί
1311 3353 1370 3389 τε
1403 3336 1500 3407 ῆδη
1534 3336 1626 3390 καὶ
1658 3335 1820 3390 δεινοὶ

234 3424 380 3493 πρὸς
407 3423 720 3478 ἀντίστασιν
749 3426 1122 3480 ἀνεδείκνυντο
1141 3429 1254 3491 τοῖς
1279 3428 1512 3499 ἐχθροῖς,
1543 3427 1683 3499 πλὴν
1733 3428 1821 3483 διά

235 3514 492 3585 Χριστοῦ.
526 3516 846 3588 Γέγραπται
876 3519 934 3572 δὲ
958 3517 1152 3581 οὕτως·
1204 3535 1224 3569 ι
1265 3514 1439 3572 Ἶιλθε
1465 3519 1522 3573 δὲ
1567 3519 1819 3591 Ἀμαλὴκ

237 3609 335 3659 καὶ
385 3606 639 3676 ἐπολέμει
696 3608 912 3680 Ἰσραὴλ
951 3609 1010 3662 ἐν
1052 3609 1292 3680 Ῥαφδίν.
1337 3606 1488 3670 Εἶπε,
1517 3612 1574 3664 δὲ
1616 3603 1821 3682 Μωσῆς

237 3697 316 3768 τῷ
369 3697 573 3768 ζῐησοῦο
613 3697 894 3767 Ἐπίλεξαι
929 3701 1140 3773 σεαυτῷ
1169 3701 1371 3773 ἄνδρας
1399 3703 1689 3767 δυνατοὺς,
1726 3704 1821 3757 καὶ

239 3792 472 3859 ἐξελθὼν
517 3794 831 3864 παράταξαι
857 3795 956 3867 ,τῷ
1001 3795 1249 3871 Ἀμαλὴκ
1296 3795 1521 3868 αὔριον⁹
1567 3797 1664 3851 καὶ
1713 3798 1820 3850 ίδοὺ

243 3885 356 3955 ἐγὼ
387 3885 594 3955 ἐστηκα
619 3885 714 3938 ἐπ)⁸
736 3886 835 3956 τῆς
870 3886 1119 3960 κορυφῆς
1186 3887 1282 3941 τοῦ
1309 3886 1518 3958 βουνοῦ,
1549 3887 1698 3959 καὶὴ
1730 3888 1824 3958 ῥά-

242 3977 368 4040 ϐδος
387 3975 480 4030 τοῦ
508 3975 646 4031 Θεοῦ
673 3978 729 4030 έν
756 3979 822 4049 τῇ
853 3978 996 4050 χειρί
1027 3995 1148 4050 μου.
1173 3979 1284 4037 Καὶ
1306 3980 1560 4050 ἐποίησεν
1599 3979 1824 4051 Ἰησοῦς,

247 4065 496 4138 καθάπερ
521 4064 672 4136 αὕτῷ
697 4061 818 4118 εἶπε
837 4067 1067 4138 Μωσῆς,
1092 4068 1187 4125 καὶ
1213 4066 1448 4132 ἐξελθὼν
1477 4068 1826 4140 παρετάξατο

246 4155 323 4225 τῷ
357 4157 606 4228 ’Δμαλὴκ
625 4171 638 4186 ⁸
663 4155 758 4208 καὶ
786 4157 1022 4226 Μωσῆς,
1055 4157 1152 4212 καὶ
1200 4156 1432 4229 Ἀαρὼν,
1461 4159 1556 4214 καὶ
1584 4159 1684 4231 Ὧρ
1732 4159 1828 4212 ἀν-

250 4247 444 4316 έϐησαν
463 4248 561 4301 ἐπὶ
580 4245 678 4319 τὴν
710 4245 949 4318 κορυφὴν
973 4245 1068 4299 τοῦ
1091 4247 1417 4317 βουνοῦ.Καὶ
1444 4249 1676 4318 ἐγίνετο,
1702 4250 1830 4303 ὅταν

1921 3148 2276 3219 trajecerunt,
2302 3163 2364 3202 ac
2391 3148 2566 3203 sancti
2600 3148 2946 3219 baptismatis
2981 3149 3210 3221 figuram
3246 3150 3498 3222 expleve-

1920 3247 2049 3294 runt
2080 3237 2366 3310 (baptizati
2398 3253 2631 3308 namque
2657 3249 2785 3294 sunt
2819 3240 2876 3294 in
2903 3240 3142 3312 Moysen,
3186 3248 3247 3296 ut
3277 3239 3495 3311 sapien-

1922 3331 2127 3386 tissime
2148 3330 2340 3385 scribit
2365 3330 2646 3396 Paulus“,
2673 3330 2730 3385 in
2775 3332 2889 3402 38
2931 3333 3077 3386 nube
3118 3341 3175 3386 et
3215 3333 3272 3386 in
3310 3330 3494 3402 mari),

1921 3421 2090 3478 fortes
2117 3423 2228 3494 jam
2260 3437 2324 3478 ac
2357 3430 2614 3478 strenuos
2637 3437 2694 3478 se
2725 3422 2792 3477 ad
2833 3423 3198 3478 resistendum
3246 3423 3498 3478 hostibus

1921 3513 2309 3584 praebuerunt;
2361 3529 2472 3569 non
2521 3521 2702 3569 tamen
2746 3513 2866 3569 sine
2906 3512 3146 3572 Christo.
3195 3513 3285 3569 Sic
3347 3514 3495 3568 enim

1923 3607 2190 3678 scriptum
2215 3614 2299 3662 est
2324 3625 2336 3660 :
2379 3607 2569 3663 «Venit
2593 3615 2778 3662 autem
2809 3606 3050 3672 Amalec,
3073 3613 3130 3662 et
3151 3607 3498 3679 oppugnabat

1923 3699 2088 3754 Israel
2111 3699 2167 3753 in
2196 3699 2512 3770 Raphidim.
2551 3699 2698 3756 Dixit
2731 3708 2914 3755 autem
2937 3699 3146 3771 Moyses
3165 3699 3358 3756 Josue:
3389 3699 3504 3754 Eli-

1924 3807 1988 3862 ge
2023 3791 2123 3845 tibi
2153 3790 2304 3846 viros
2331 3798 2603 3862 potentes,
2631 3799 2687 3846 et
2715 3807 2969 3863 egressus
3008 3790 3344 3862 congredere
3374 3806 3500 3845 cum

1925 3883 2146 3938 Amalec
2178 3899 2332 3949 cras;
2367 3892 2564 3938 etccce
2595 3899 2697 3954 ego
2726 3883 2882 3938 stabo
2919 3883 2975 3937 in
3000 3883 3201 3938 vertice
3234 3882 3410 3946 collis,
3445 3890 3502 3935 et

1925 3972 2074 4042 virga
2104 3972 2201 4027 Dei
2241 3971 2296 4026 in
2332 3987 2497 4026 manu
2520 3988 2659 4028 mea.
2702 3973 2768 4026 Et
2794 3971 2924 4026 fecit
2949 3971 3134 4038 Josue,
3175 3972 3317 4026 sicut
3363 3971 3502 4026 dixit

1928 4064 1980 4119 ei
2010 4063 2240 4134 Moyses,
2269 4071 2325 4116 et
2349 4063 2538 4118 exiens
2581 4077 2908 4133 congressus
2957 4070 3043 4118 est
3075 4078 3200 4118 cum
3244 4063 3498 4119 Amalec:

1929 4165 1984 4212 et
2016 4156 2225 4228 Moyses
2247 4164 2302 4210 et
2332 4154 2512 4210 Aaron
2534 4163 2590 4210 et
2621 4155 2736 4210 llur
2761 4155 3126 4212 ascenderunt
3159 4155 3215 4210 in
3239 4157 3506 4213 verticem

1933 4247 2105 4304 collis.
2135 4247 2203 4302 Et
2232 4245 2437 4301 factum
2461 4253 2565 4312 est,
2597 4244 2816 4316 quando
2859 4245 3112 4302 elevabat
3149 4247 3360 4319 Moyses
3385 4264 3504 4303 ma-

248 4337 415 4411 ἐπῆρε
437 4338 650 4408 Μωσῆς
673 4337 772 4401 τὰς
795 4339 983 4409 χεῖρας
1021 4339 1312 4410 κατίσχυεν
1348 4340 1583 4413 Ἰσραὴλ,
1617 4342 1745 4395 ὅταν
1771 4341 1812 4396 δί

1933 4355 2058 4405 nus,
2095 4338 2424 4410 praevalebat
2447 4337 2646 4404 Israel;
2694 4336 2913 4407 quando
2963 4344 3144 4390 autem
3191 4337 3506 4392 remittebat

249 4410 450 4499 καθῆκε
473 4429 576 4492 τάς
610 4431 818 4500 χεῖρας,
847 4432 1140 4502 κατίσχυεν
1181 4410 1447 4512 Ἀμαλῄκ.
1473 4410 1539 4488 Δί
1561 4433 1617 4487 δὲ
1645 4435 1812 4504 χεῖρες

1932 4446 2147 4496 manus,
2190 4429 2525 4501 praevalebat
2569 4428 2812 4486 Amalec.
2865 4427 3056 4484 Manus
3097 4436 3281 4484 autem
3334 4429 3503 4501 Moysi

251 4519 417 4591 Μωσῆ
436 4520 679 4592 βαρεῖαι,
694 4521 787 4574 καὶ
808 4519 1060 4585 λαϐόντες
1074 4520 1218 4574 λίθον
1242 4521 1519 4592 ἐπέθηκαν
1539 4522 1630 4576 ὑπ’
1645 4523 1828 4586 αὑτὸν,

253 4610 346 4663 καὶ
359 4611 593 4683 ἐκάθητο
605 4612 694 4664 ἐπ’
723 4610 907 4680 αὑτοῦ,
926 4613 1021 4666 καὶ
1052 4611 1282 4686 Ἀαρὼν,
1315 4614 1406 4668 καὶ
1429 4614 1529 4688 Ὦρ
1547 4614 1833 4686 ἐστήριζον

252 4701 348 4766 τὰς
385 4709 577 4776 χεῖρας
616 4704 781 4760 αὐτοῦ
801 4746 816 4770 ,
844 4706 1096 4762 ἐντεῦθεν
1127 4702 1241 4773 εἷς,
1292 4711 1386 4762 καὶ
1419 4709 1666 4764 ἐντεῦθεν
1710 4705 1791 4776 εἷς
1815 4728 1827 4740 ·

255 4795 348 4848 καὶ
370 4798 614 4866 ἐγίνοντο
656 4799 713 4852 αἱ
751 4801 930 4871 χεῖρες
963 4801 1133 4872 Μωσῇ
1167 4802 1559 4875 ἐστηριγμέναι
1600 4803 1704 4868 ἕως
1743 4805 1835 4857 δυ-

259 4879 422 4958 σμῖιν’
450 4890 609 4960 ἡλίου
635 4905 648 4919 ·
703 4891 798 4943 καὶ
836 4889 1100 4962 ἐτρέψατο
1151 4891 1356 4963 Ἰησοῦς
1390 4893 1480 4946 τὸν
1541 4894 1788 4965 Ἀμαλὴκ
1812 4934 1826 4960 ,

258 4978 353 5029 καὶ
383 4979 559 5032 πάντα
593 4977 687 5030 τὸν
729 4977 854 5031 λαὸν
884 4979 1047 5033 αὑτοῦ
1096 4981 1154 5032 ἐν
1187 4982 1331 5052 φόνῳ
1367 4980 1658 5053 μαχαίρας.
1693 4976 1830 5036 Εἷπε

260 5069 324 5121 δὲ
350 5071 545 5143 Κύριος
573 5070 714 5143 πρὸς
738 5070 942 5141 Μωσῆν
965 5085 979 5099 ·
1005 5070 1372 5142 Κατάγραψον
1405 5072 1564 5127 τοῦτο
1591 5076 1669 5138 είς
1695 5091 1830 5145 μνη-

1929 4536 2120 4592 graves
2140 4531 2328 4576 erant:
2362 4529 2419 4576 et
2450 4520 2784 4592 accipientes
2820 4520 3078 4592 lapidem,
3102 4530 3507 4591 supposuerunt

1929 4611 2033 4667 sub
2058 4626 2146 4677 eo,
2172 4618 2230 4666 et
2259 4611 2403 4666 sedit
2434 4625 2601 4681 super
2622 4627 2772 4678 eum,
2808 4619 2864 4667 et
2890 4612 3073 4668 Aaron
3114 4621 3172 4668 et
3218 4613 3335 4669 Hur
3383 4629 3507 4669 sus-

1933 4702 2218 4758 tentabant
2247 4718 2444 4759 manus
2469 4705 2610 4774 ejus,
2638 4703 2770 4759 hinc
2795 4720 2958 4769 unus,
2987 4714 3044 4760 et
3076 4704 3207 4760 hinc
3244 4705 3412 4760 alter:
3452 4716 3515 4764 et.

1931 4796 2159 4851 fuerunt
2182 4811 2375 4851 manus
2395 4794 2564 4868 Moysi
2589 4802 2908 4851 sustentata:
2929 4810 3103 4868 usque
3137 4797 3206 4852 ad
3253 4811 3509 4852 occasum

1935 4889 2095 4944 solis:
2125 4896 2181 4944 et
2214 4886 2421 4959 fugavit
2446 4888 2608 4944 Iosue
2640 4885 2860 4943 Amalec
2897 4896 2953 4944 et
2996 4903 3211 4943 omnem
3246 4887 3506 4958 populum

1935 4979 2057 5048 ejus
2091 4977 2149 5032 in
2187 4975 2464 5032 occisione
2502 4973 2687 5046 gladii.
2739 4972 2885 5028 Dixit
2923 4980 3106 5030 autem
3139 4969 3405 5028 Dominus
3442 4973 3520 5026 ad

1937 5069 2160 5142 Moysen
2189 5085 2202 5123 :
2244 5066 2436 5124 Scribe
2461 5065 2565 5122 hoc
2589 5065 2663 5122 ad
2697 5062 3022 5121 memoriam
3059 5061 3297 5131 inlibro,
3333 5070 3391 5120 et
3420 5063 3514 5119 da-

264 5160 490 5228 μόσυνον
519 5164 578 5216 ἐν
613 5161 805 5232 βιϐλίῳ
829 5202 843 5225 ,
877 5161 972 5215 καὶ
1009 5161 1098 5224 δὸς
1131 5163 1212 5226 είς
1238 5162 1308 5215 τὰ
1332 5155 1448 5216 ὦτα
1505 5163 1680 5234 Ἰησοῦ
1706 5209 1721 5231 ,
1749 5167 1808 5219 ὅτ

1938 5162 2025 5217 bis
2061 5162 2114 5217 in
2143 5176 2301 5217 aures
2332 5160 2498 5215 Iosue
2523 5175 2537 5226 ;
2587 5157 2847 5229 quoniam
2868 5155 3141 5212 deletione
3167 5154 3366 5212 delebo
3395 5171 3512 5210 me-

261 5249 456 5324 ἀλοιφῇ
476 5251 743 5323 ἐξαλείψω
782 5249 844 5305 τὸ
873 5251 1215 5321 μνημόσυνον
1247 5251 1494 5323 Ἀμαλὴκ
1514 5253 1578 5305 ἐκ
1596 5253 1698 5323 τῆς
1728 5253 1812 5306 ὑπί

1932 5253 2162 5306 moriam
2188 5251 2407 5306 Amalec
2447 5251 2515 5306 de
2543 5251 2648 5306 sub
2677 5250 2835 5306 cmlo.
2874 5249 2944 5304 Et
2977 5246 3268 5304 aedificavit
3303 5245 3515 5316 Moyses

258 5342 368 5395 τὸν
407 5344 639 5415 οὐρανόν.
685 5344 796 5398 Καὶ
839 5343 1157 5414 ᾠκοδόμησε
1195 5344 1400 5415 Μωσῆς
1449 5343 1812 5416 θυσιαστήρια

1932 5343 2106 5398 altare
2134 5341 2383 5407 Domino,
2437 5349 2493 5398 et
2539 5341 2757 5397 vocavit
2805 5354 3002 5395 nomen
3065 5339 3201 5410 ejus,
3251 5333 3516 5391 Dominus

260 5432 354 5502 τῷ
389 5436 595 5508 Κυρίῳ,
629 5436 726 5491 καὶ
759 5434 1086 5506 ἐπωνόμασε
1114 5436 1175 5489 τὸ
1210 5436 1379 5506 ὄνομα
1415 5435 1603 5503 αὐτοῦ,
1629 5436 1812 5509 Κύριο

1936 5434 2209 5505 refugium
2253 5449 2476 5500 meum;
2503 5432 2761 5503 quoniam
2802 5431 2857 5484 in
2881 5445 3046 5485 manu
3070 5427 3284 5482 occulta
3315 5432 3517 5497 pugnat

262 5530 550 5600 καταφυγή
583 5546 706 5598 μου,
744 5529 825 5583 ὅτι
846 5529 905 5581 ἐν
933 5527 1077 5598 χειρὶ
1109 5529 1352 5599 κρυφαία
1374 5527 1601 5600 πολεμεῖ
1632 5527 1812 5601 Κύριο.

1936 5526 2200 5582 Dominus
2223 5533 2415 5581 contra
2443 5524 2663 5582 Amalec
2691 5540 2721 5579 a
2762 5519 3206 5594 generationibus
3247 5519 3302 5573 in
3349 5534 3517 5590 genie-

262 5615 370 5669 ἐπὶ
406 5618 642 5691 Ἀμαλὴκ
677 5619 784 5674 ἀπὸ
807 5619 1009 5688 γενεῶν
1039 5619 1118 5682 είς
1150 5621 1359 5688 γενεάς.
1400 5640 1418 5673 ι

1937 5620 2181 5676 rationes
2197 5619 2263 5671 ".
2301 5637 2320 5670 ι

344 5730 382 5762 ⁸³
410 5731 572 5790 Exod.
605 5750 712 5806 xiv,
776 5734 858 5789 12.
937 5734 980 5767 ⁸³
1035 5733 1055 5790 I
1086 5732 1211 5790 Cor.
1262 5750 1314 5803 x,
1351 5734 1403 5789 2.
1485 5736 1529 5769 ⁸⁵
1566 5735 1739 5793 Exod.
1772 5753 1898 5809 xvn,
1926 5735 2074 5793 8—16.
