  <div class='ocr_page' id='page_1' title='image "/cluster/home/n/w/nwhite01/storage/ocr_20150623/68/hvd.32044073501975/144.png"; bbox 0 0 3954 6200; ppageno 0'>
   <div class='ocr_carea' id='block_1_1' title="bbox 299 270 428 354">
    <p class='ocr_par' dir='ltr' id='par_1_1' title="bbox 299 270 428 354">
     <span class='ocr_line' id='line_1_1' title="bbox 299 270 428 354; baseline 0.016 -2"><span class='ocrx_word' id='word_1_1' title='bbox 299 270 428 354; x_wconf 66' lang='grc' dir='ltr'><strong>ἐπ</strong></span> 
     </span>
    </p>
   </div>
   <div class='ocr_carea' id='block_1_2' title="bbox 1071 297 2884 363">
    <p class='ocr_par' dir='ltr' id='par_1_2' title="bbox 1071 297 2884 363">
     <span class='ocr_line' id='line_1_2' title="bbox 1071 297 2884 363; baseline 0.004 -11"><span class='ocrx_word' id='word_1_2' title='bbox 1071 298 1158 353; x_wconf 87' lang='lat' dir='ltr'><strong>DE</strong></span> <span class='ocrx_word' id='word_1_3' title='bbox 1195 297 1636 357; x_wconf 76' lang='lat' dir='ltr'><strong>ADORATIONE</strong></span> <span class='ocrx_word' id='word_1_4' title='bbox 1662 302 1737 363; x_wconf 80' lang='lat' dir='ltr'><strong>IN</strong></span> <span class='ocrx_word' id='word_1_5' title='bbox 1775 302 2044 360; x_wconf 80' lang='lat' dir='ltr'><strong>SPIRITU</strong></span> <span class='ocrx_word' id='word_1_6' title='bbox 2087 302 2179 360; x_wconf 85' lang='lat' dir='ltr'>ET</span> <span class='ocrx_word' id='word_1_7' title='bbox 2214 304 2583 361; x_wconf 78' lang='lat' dir='ltr'><strong>VERITATE.</strong></span> <span class='ocrx_word' id='word_1_8' title='bbox 2627 306 2754 361; x_wconf 88' lang='lat' dir='ltr'><strong>LIB.</strong></span> <span class='ocrx_word' id='word_1_9' title='bbox 2796 306 2884 360; x_wconf 89' lang='lat' dir='ltr'><strong>III.</strong></span> 
     </span>
    </p>
   </div>
   <div class='ocr_carea' id='block_1_3' title="bbox 3474 309 3578 365">
    <p class='ocr_par' dir='ltr' id='par_1_3' title="bbox 3474 309 3578 365">
     <span class='ocr_line' id='line_1_3' title="bbox 3474 309 3578 365; baseline 0.038 -4"><span class='ocrx_word' id='word_1_10' title='bbox 3474 309 3578 365; x_wconf 72' lang='lat'><strong>9.78</strong></span> 
     </span>
    </p>
   </div>
   <div class='ocr_carea' id='block_1_4' title="bbox 324 412 1892 494">
    <p class='ocr_par' dir='ltr' id='par_1_4' title="bbox 324 412 1892 490">
     <span class='ocr_line' id='line_1_4' title="bbox 324 412 1892 490; baseline 0.004 -24"><span class='ocrx_word' id='word_1_11' title='bbox 324 415 522 484; x_wconf 77' lang='grc' dir='ltr'>μένους</span> <span class='ocrx_word' id='word_1_12' title='bbox 554 412 647 466; x_wconf 80' lang='grc' dir='ltr'>καὶ</span> <span class='ocrx_word' id='word_1_13' title='bbox 682 412 1069 482; x_wconf 75' lang='grc' dir='ltr'><strong>νενικημένους</strong></span> <span class='ocrx_word' id='word_1_14' title='bbox 1107 414 1457 487; x_wconf 77' lang='grc' dir='ltr'>ἐννοήσομεν,</span> <span class='ocrx_word' id='word_1_15' title='bbox 1483 417 1572 472; x_wconf 85' lang='grc' dir='ltr'><strong>διά</strong></span> <span class='ocrx_word' id='word_1_16' title='bbox 1597 417 1658 472; x_wconf 86' lang='grc' dir='ltr'><strong>τό</strong></span> <span class='ocrx_word' id='word_1_17' title='bbox 1692 419 1768 490; x_wconf 78' lang='grc' dir='ltr'>μὴ</span> <span class='ocrx_word' id='word_1_18' title='bbox 1795 419 1892 474; x_wconf 62' lang='grc' dir='ltr'><strong>δείι</strong></span> 
     </span>
    </p>
   </div>
   <div class='ocr_carea' id='block_1_5' title="bbox 1995 412 3592 494">
    <p class='ocr_par' dir='ltr' id='par_1_5' title="bbox 2007 421 3592 494">
     <span class='ocr_line' id='line_1_5' title="bbox 2007 421 3592 494; baseline 0.004 -18"><span class='ocrx_word' id='word_1_19' title='bbox 2007 421 2303 492; x_wconf 85' lang='lat' dir='ltr'><strong>gitabimus</strong></span> <span class='ocrx_word' id='word_1_20' title='bbox 2341 425 2458 494; x_wconf 88' lang='lat' dir='ltr'><strong>qui,</strong></span> <span class='ocrx_word' id='word_1_21' title='bbox 2489 423 2636 494; x_wconf 91' lang='lat' dir='ltr'><strong>quod</strong></span> <span class='ocrx_word' id='word_1_22' title='bbox 2667 438 2888 479; x_wconf 87' lang='lat' dir='ltr'><strong>crucem</strong></span> <span class='ocrx_word' id='word_1_23' title='bbox 2920 424 3165 494; x_wconf 88' lang='lat' dir='ltr'><strong>accipere</strong></span> <span class='ocrx_word' id='word_1_24' title='bbox 3195 424 3516 492; x_wconf 80' lang='lat' dir='ltr'><strong>noluissent,</strong></span> <span class='ocrx_word' id='word_1_25' title='bbox 3548 447 3592 482; x_wconf 82' lang='lat' dir='ltr'><strong>a-</strong></span> 
     </span>
    </p>
   </div>
   <div class='ocr_carea' id='block_1_6' title="bbox 321 501 1903 582">
    <p class='ocr_par' dir='ltr' id='par_1_6' title="bbox 321 501 1903 582">
     <span class='ocr_line' id='line_1_6' title="bbox 321 501 1903 582; baseline 0.006 -25"><span class='ocrx_word' id='word_1_26' title='bbox 321 503 534 557; x_wconf 69' lang='grc' dir='ltr'>ἐθέλειν</span> <span class='ocrx_word' id='word_1_27' title='bbox 563 501 946 574; x_wconf 83' lang='grc' dir='ltr'>προσήκασθαι</span> <span class='ocrx_word' id='word_1_28' title='bbox 975 503 1069 557; x_wconf 81' lang='grc' dir='ltr'>τὸν</span> <span class='ocrx_word' id='word_1_29' title='bbox 1101 506 1352 577; x_wconf 82' lang='grc' dir='ltr'>σταυρὸν,</span> <span class='ocrx_word' id='word_1_30' title='bbox 1379 501 1463 572; x_wconf 76' lang='grc' dir='ltr'><strong>οἷς</strong></span> <span class='ocrx_word' id='word_1_31' title='bbox 1490 509 1584 562; x_wconf 73' lang='grc' dir='ltr'>καὶ</span> <span class='ocrx_word' id='word_1_32' title='bbox 1610 509 1639 560; x_wconf 78' lang='grc' dir='ltr'><strong>ὀ</strong></span> <span class='ocrx_word' id='word_1_33' title='bbox 1670 510 1903 582; x_wconf 80' lang='grc' dir='ltr'>Χριστὸς</span> 
     </span>
    </p>
   </div>
   <div class='ocr_carea' id='block_1_7' title="bbox 321 593 1903 674">
    <p class='ocr_par' dir='ltr' id='par_1_7' title="bbox 321 593 1903 674">
     <span class='ocr_line' id='line_1_7' title="bbox 321 593 1903 674; baseline 0.009 -27"><span class='ocrx_word' id='word_1_34' title='bbox 321 594 664 666; x_wconf 64' lang='grc' dir='ltr'>προσεφώνει</span> <span class='ocrx_word' id='word_1_35' title='bbox 695 593 902 662; x_wconf 82' lang='grc' dir='ltr'>λέγων·</span> <span class='ocrx_word' id='word_1_36' title='bbox 934 615 952 648; x_wconf 77' lang='grc' dir='ltr'><strong>ι</strong></span> <span class='ocrx_word' id='word_1_37' title='bbox 1003 596 1196 668; x_wconf 72' lang='grc' dir='ltr'>Ἀμην,</span> <span class='ocrx_word' id='word_1_38' title='bbox 1232 599 1380 671; x_wconf 82' lang='grc' dir='ltr'>ἀμὴν</span> <span class='ocrx_word' id='word_1_39' title='bbox 1432 599 1574 671; x_wconf 89' lang='grc' dir='ltr'>λέγω</span> <span class='ocrx_word' id='word_1_40' title='bbox 1613 603 1762 674; x_wconf 82' lang='grc' dir='ltr'>ὑμῖν,</span> <span class='ocrx_word' id='word_1_41' title='bbox 1808 605 1903 661; x_wconf 79' lang='grc' dir='ltr'><strong>ὲάν</strong></span> 
     </span>
    </p>
   </div>
   <div class='ocr_carea' id='block_1_8' title="bbox 320 687 1902 767">
    <p class='ocr_par' dir='ltr' id='par_1_8' title="bbox 320 687 1902 767">
     <span class='ocr_line' id='line_1_8' title="bbox 320 687 1902 767; baseline 0.006 -26"><span class='ocrx_word' id='word_1_42' title='bbox 320 688 400 759; x_wconf 83' lang='grc' dir='ltr'>μὴ</span> <span class='ocrx_word' id='word_1_43' title='bbox 430 687 784 758; x_wconf 76' lang='grc' dir='ltr'><strong>πιστεύσητε,</strong></span> <span class='ocrx_word' id='word_1_44' title='bbox 805 689 888 742; x_wconf 82' lang='grc' dir='ltr'>ὅτι</span> <span class='ocrx_word' id='word_1_45' title='bbox 905 687 1017 756; x_wconf 80' lang='grc' dir='ltr'>ἐγώ</span> <span class='ocrx_word' id='word_1_46' title='bbox 1049 690 1186 759; x_wconf 74' lang='grc' dir='ltr'>εἰμι,</span> <span class='ocrx_word' id='word_1_47' title='bbox 1217 691 1274 745; x_wconf 82' lang='grc' dir='ltr'>ὲν</span> <span class='ocrx_word' id='word_1_48' title='bbox 1289 692 1409 756; x_wconf 76' lang='grc' dir='ltr'>ταῖς</span> <span class='ocrx_word' id='word_1_49' title='bbox 1429 693 1727 766; x_wconf 81' lang='grc' dir='ltr'><strong>ἁμαρτίαις</strong></span> <span class='ocrx_word' id='word_1_50' title='bbox 1748 696 1902 767; x_wconf 82' lang='grc' dir='ltr'>ὑμῶν</span> 
     </span>
    </p>
   </div>
   <div class='ocr_carea' id='block_1_9' title="bbox 318 778 1902 860">
    <p class='ocr_par' dir='ltr' id='par_1_9' title="bbox 318 778 1902 860">
     <span class='ocr_line' id='line_1_9' title="bbox 318 778 1902 860; baseline 0.006 -26"><span class='ocrx_word' id='word_1_51' title='bbox 318 778 703 834; x_wconf 78' lang='grc' dir='ltr'>ἀποθανεῖσθε.</span> <span class='ocrx_word' id='word_1_52' title='bbox 761 797 781 831; x_wconf 73' lang='grc' dir='ltr'><strong>ι</strong></span> <span class='ocrx_word' id='word_1_53' title='bbox 818 780 1053 852; x_wconf 80' lang='grc' dir='ltr'>Βαρείας</span> <span class='ocrx_word' id='word_1_54' title='bbox 1099 781 1156 836; x_wconf 80' lang='grc' dir='ltr'>δὲ</span> <span class='ocrx_word' id='word_1_55' title='bbox 1201 779 1342 837; x_wconf 75' lang='grc' dir='ltr'>εἷναί</span> <span class='ocrx_word' id='word_1_56' title='bbox 1375 801 1507 856; x_wconf 85' lang='grc' dir='ltr'>φησι</span> <span class='ocrx_word' id='word_1_57' title='bbox 1562 787 1663 850; x_wconf 88' lang='grc' dir='ltr'><strong>τάς</strong></span> <span class='ocrx_word' id='word_1_58' title='bbox 1714 791 1902 860; x_wconf 84' lang='grc' dir='ltr'>χεῖρας</span> 
     </span>
    </p>
   </div>
   <div class='ocr_carea' id='block_1_10' title="bbox 317 871 1900 951">
    <p class='ocr_par' dir='ltr' id='par_1_10' title="bbox 317 871 1900 951">
     <span class='ocr_line' id='line_1_10' title="bbox 317 871 1900 951; baseline 0.004 -23"><span class='ocrx_word' id='word_1_59' title='bbox 317 874 592 938; x_wconf 77' lang='grc' dir='ltr'>Μωσέως,</span> <span class='ocrx_word' id='word_1_60' title='bbox 623 871 719 928; x_wconf 80' lang='grc' dir='ltr'>καὶ</span> <span class='ocrx_word' id='word_1_61' title='bbox 754 871 910 944; x_wconf 87' lang='grc' dir='ltr'>μόλις</span> <span class='ocrx_word' id='word_1_62' title='bbox 958 873 1346 946; x_wconf 74' lang='grc' dir='ltr'>ἐπαιρομένας,</span> <span class='ocrx_word' id='word_1_63' title='bbox 1395 877 1644 951; x_wconf 82' lang='grc' dir='ltr'><strong>ὀκνηρῶς</strong></span> <span class='ocrx_word' id='word_1_64' title='bbox 1676 897 1737 934; x_wconf 87' lang='grc' dir='ltr'><strong>τε</strong></span> <span class='ocrx_word' id='word_1_65' title='bbox 1781 880 1900 937; x_wconf 90' lang='grc' dir='ltr'>λίαν</span> 
     </span>
    </p>
   </div>
   <div class='ocr_carea' id='block_1_11' title="bbox 316 965 1898 1046">
    <p class='ocr_par' dir='ltr' id='par_1_11' title="bbox 316 965 1898 1046">
     <span class='ocr_line' id='line_1_11' title="bbox 316 965 1898 1046; baseline 0.006 -26"><span class='ocrx_word' id='word_1_66' title='bbox 316 965 726 1035; x_wconf 70' lang='grc' dir='ltr'>ἑκτεινομένας,</span> <span class='ocrx_word' id='word_1_67' title='bbox 761 967 845 1029; x_wconf 85' lang='grc' dir='ltr'><strong>είς</strong></span> <span class='ocrx_word' id='word_1_68' title='bbox 886 965 950 1020; x_wconf 81' lang='grc' dir='ltr'><strong>τὺ</strong></span> <span class='ocrx_word' id='word_1_69' title='bbox 978 966 1291 1033; x_wconf 77' lang='grc' dir='ltr'>καταδεῖξαι</span> <span class='ocrx_word' id='word_1_70' title='bbox 1317 969 1428 1024; x_wconf 79' lang='grc' dir='ltr'>δεῖν</span> <span class='ocrx_word' id='word_1_71' title='bbox 1454 971 1515 1025; x_wconf 81' lang='grc' dir='ltr'>τὸ</span> <span class='ocrx_word' id='word_1_72' title='bbox 1541 972 1636 1026; x_wconf 88' lang='grc' dir='ltr'><strong>τοῦ</strong></span> <span class='ocrx_word' id='word_1_73' title='bbox 1666 973 1898 1046; x_wconf 90' lang='grc' dir='ltr'>σταυροῦ</span> 
     </span>
    </p>
   </div>
   <div class='ocr_carea' id='block_1_12' title="bbox 315 1053 1898 1137">
    <p class='ocr_par' dir='ltr' id='par_1_12' title="bbox 315 1053 1898 1137">
     <span class='ocr_line' id='line_1_12' title="bbox 315 1053 1898 1137; baseline 0.009 -28"><span class='ocrx_word' id='word_1_74' title='bbox 315 1059 500 1130; x_wconf 83' lang='grc' dir='ltr'>τίμιον</span> <span class='ocrx_word' id='word_1_75' title='bbox 532 1059 738 1128; x_wconf 85' lang='grc' dir='ltr'>σχῆμα,</span> <span class='ocrx_word' id='word_1_76' title='bbox 761 1060 940 1113; x_wconf 78' lang='grc' dir='ltr'>ἐκεῖνο</span> <span class='ocrx_word' id='word_1_77' title='bbox 962 1053 1116 1130; x_wconf 74' lang='grc' dir='ltr'>οἶμαί</span> <span class='ocrx_word' id='word_1_78' title='bbox 1146 1077 1248 1114; x_wconf 90' lang='grc' dir='ltr'><strong>που</strong></span> <span class='ocrx_word' id='word_1_79' title='bbox 1273 1061 1449 1134; x_wconf 87' lang='grc' dir='ltr'>δηλῶν</span> <span class='ocrx_word' id='word_1_80' title='bbox 1465 1064 1898 1137; x_wconf 78' lang='grc' dir='ltr'>αἰνιγματωδῶς,</span> 
     </span>
    </p>
   </div>
   <div class='ocr_carea' id='block_1_13' title="bbox 312 1142 1900 1230">
    <p class='ocr_par' dir='ltr' id='par_1_13' title="bbox 312 1142 1900 1230">
     <span class='ocr_line' id='line_1_13' title="bbox 312 1142 1900 1230; baseline 0.005 -28"><span class='ocrx_word' id='word_1_81' title='bbox 312 1148 395 1212; x_wconf 84' lang='grc' dir='ltr'><strong>ὡς</strong></span> <span class='ocrx_word' id='word_1_82' title='bbox 425 1150 490 1203; x_wconf 83' lang='grc' dir='ltr'>οὐ</span> <span class='ocrx_word' id='word_1_83' title='bbox 544 1148 665 1202; x_wconf 90' lang='grc' dir='ltr'>λίαν</span> <span class='ocrx_word' id='word_1_84' title='bbox 725 1148 948 1219; x_wconf 66' lang='grc' dir='ltr'>ἕτοιμος</span> <span class='ocrx_word' id='word_1_85' title='bbox 988 1142 1059 1218; x_wconf 81' lang='grc' dir='ltr'>ἦν</span> <span class='ocrx_word' id='word_1_86' title='bbox 1120 1150 1202 1214; x_wconf 86' lang='grc' dir='ltr'><strong>είς</strong></span> <span class='ocrx_word' id='word_1_87' title='bbox 1242 1152 1305 1206; x_wconf 82' lang='grc' dir='ltr'>τὸ</span> <span class='ocrx_word' id='word_1_88' title='bbox 1345 1154 1744 1226; x_wconf 79' lang='grc' dir='ltr'>παραδέχεσθαι</span> <span class='ocrx_word' id='word_1_89' title='bbox 1799 1155 1900 1230; x_wconf 79' lang='grc' dir='ltr'>τὴν</span> 
     </span>
    </p>
   </div>
   <div class='ocr_carea' id='block_1_14' title="bbox 315 1240 1897 1322">
    <p class='ocr_par' dir='ltr' id='par_1_14' title="bbox 315 1240 1897 1322">
     <span class='ocr_line' id='line_1_14' title="bbox 315 1240 1897 1322; baseline 0.006 -28"><span class='ocrx_word' id='word_1_90' title='bbox 315 1241 506 1295; x_wconf 84' lang='grc' dir='ltr'>πίστιν</span> <span class='ocrx_word' id='word_1_91' title='bbox 537 1243 568 1295; x_wconf 90' lang='grc' dir='ltr'><strong>ὀ</strong></span> <span class='ocrx_word' id='word_1_92' title='bbox 609 1240 848 1312; x_wconf 76' lang='grc' dir='ltr'>Ἰσραὴλ,</span> <span class='ocrx_word' id='word_1_93' title='bbox 875 1240 1241 1300; x_wconf 86' lang='grc' dir='ltr'>δυσοκνότατά</span> <span class='ocrx_word' id='word_1_94' title='bbox 1265 1263 1323 1300; x_wconf 85' lang='grc' dir='ltr'><strong>τε</strong></span> <span class='ocrx_word' id='word_1_95' title='bbox 1357 1241 1638 1320; x_wconf 75' lang='grc' dir='ltr'>καὶ’μόλις</span> <span class='ocrx_word' id='word_1_96' title='bbox 1666 1249 1897 1322; x_wconf 78' lang='grc' dir='ltr'>ἐρχόμε-</span> 
     </span>
    </p>
   </div>
   <div class='ocr_carea' id='block_1_15' title="bbox 312 1329 1896 1412">
    <p class='ocr_par' dir='ltr' id='par_1_15' title="bbox 312 1329 1896 1412">
     <span class='ocr_line' id='line_1_15' title="bbox 312 1329 1896 1412; baseline 0.009 -31"><span class='ocrx_word' id='word_1_97' title='bbox 312 1345 408 1392; x_wconf 86' lang='grc' dir='ltr'>νος</span> <span class='ocrx_word' id='word_1_98' title='bbox 433 1330 516 1393; x_wconf 80' lang='grc' dir='ltr'><strong>είς</strong></span> <span class='ocrx_word' id='word_1_99' title='bbox 561 1329 624 1382; x_wconf 80' lang='grc' dir='ltr'><strong>τὸ</strong></span> <span class='ocrx_word' id='word_1_100' title='bbox 654 1329 831 1384; x_wconf 79' lang='grc' dir='ltr'>θέλειν</span> <span class='ocrx_word' id='word_1_101' title='bbox 863 1331 1156 1387; x_wconf 88' lang='grc' dir='ltr'>ἀναλαϐεῖν</span> <span class='ocrx_word' id='word_1_102' title='bbox 1183 1333 1273 1390; x_wconf 82' lang='grc' dir='ltr'>τὸν</span> <span class='ocrx_word' id='word_1_103' title='bbox 1312 1337 1612 1410; x_wconf 81' lang='grc' dir='ltr'>ὀνειδισμὸν</span> <span class='ocrx_word' id='word_1_104' title='bbox 1639 1341 1734 1394; x_wconf 89' lang='grc' dir='ltr'><strong>τοῦ</strong></span> <span class='ocrx_word' id='word_1_105' title='bbox 1759 1343 1896 1412; x_wconf 90' lang='grc' dir='ltr'>Χρι-</span> 
     </span>
    </p>
   </div>
   <div class='ocr_carea' id='block_1_16' title="bbox 315 1420 1897 1498">
    <p class='ocr_par' dir='ltr' id='par_1_16' title="bbox 315 1420 1897 1498">
     <span class='ocr_line' id='line_1_16' title="bbox 315 1420 1897 1498; baseline 0.009 -25"><span class='ocrx_word' id='word_1_106' title='bbox 315 1420 448 1474; x_wconf 88' lang='grc' dir='ltr'>στοῦ</span> <span class='ocrx_word' id='word_1_107' title='bbox 468 1438 484 1451; x_wconf 72' lang='grc' dir='ltr'><strong>ο</strong></span> <span class='ocrx_word' id='word_1_108' title='bbox 519 1420 823 1478; x_wconf 79' lang='grc' dir='ltr'>σκάνδαλον</span> <span class='ocrx_word' id='word_1_109' title='bbox 849 1422 960 1494; x_wconf 83' lang='grc' dir='ltr'>γὰρ</span> <span class='ocrx_word' id='word_1_110' title='bbox 995 1425 1270 1491; x_wconf 82' lang='grc' dir='ltr'>Ἰουδαίοις</span> <span class='ocrx_word' id='word_1_111' title='bbox 1299 1429 1389 1483; x_wconf 84' lang='grc' dir='ltr'><strong>διά</strong></span> <span class='ocrx_word' id='word_1_112' title='bbox 1416 1446 1498 1483; x_wconf 89' lang='grc' dir='ltr'><strong>τοι</strong></span> <span class='ocrx_word' id='word_1_113' title='bbox 1529 1430 1688 1485; x_wconf 89' lang='grc' dir='ltr'>τοῦτο</span> <span class='ocrx_word' id='word_1_114' title='bbox 1720 1433 1897 1498; x_wconf 84' lang='grc' dir='ltr'>καλῶς</span> 
     </span>
    </p>
   </div>
   <div class='ocr_carea' id='block_1_17' title="bbox 311 1509 1896 1586">
    <p class='ocr_par' dir='ltr' id='par_1_17' title="bbox 311 1509 1896 1586">
     <span class='ocr_line' id='line_1_17' title="bbox 311 1509 1896 1586; baseline 0.01 -24"><span class='ocrx_word' id='word_1_115' title='bbox 311 1509 575 1579; x_wconf 74' lang='grc' dir='ltr'>ὀνομάζει</span> <span class='ocrx_word' id='word_1_116' title='bbox 600 1509 692 1565; x_wconf 80' lang='grc' dir='ltr'>τὸν</span> <span class='ocrx_word' id='word_1_117' title='bbox 723 1512 970 1584; x_wconf 83' lang='grc' dir='ltr'>σταυρὸν</span> <span class='ocrx_word' id='word_1_118' title='bbox 995 1514 1090 1568; x_wconf 81' lang='grc' dir='ltr'>καὶ</span> <span class='ocrx_word' id='word_1_119' title='bbox 1109 1516 1140 1568; x_wconf 89' lang='grc' dir='ltr'><strong>ὀ</strong></span> <span class='ocrx_word' id='word_1_120' title='bbox 1164 1515 1450 1583; x_wconf 84' lang='grc' dir='ltr'>θεσπέσιος</span> <span class='ocrx_word' id='word_1_121' title='bbox 1471 1520 1704 1586; x_wconf 83' lang='grc' dir='ltr'>Παῦλος.</span> <span class='ocrx_word' id='word_1_122' title='bbox 1735 1542 1755 1575; x_wconf 82' lang='grc' dir='ltr'><strong>ι</strong></span> <span class='ocrx_word' id='word_1_123' title='bbox 1785 1524 1896 1578; x_wconf 75' lang='grc' dir='ltr'><strong>Καὶ</strong></span> 
     </span>
    </p>
   </div>
   <div class='ocr_carea' id='block_1_18' title="bbox 311 1599 1896 1679">
    <p class='ocr_par' dir='ltr' id='par_1_18' title="bbox 311 1599 1896 1679">
     <span class='ocr_line' id='line_1_18' title="bbox 311 1599 1896 1679; baseline 0.011 -29"><span class='ocrx_word' id='word_1_124' title='bbox 311 1599 592 1667; x_wconf 78' lang='grc' dir='ltr'>λαϐόντες,</span> <span class='ocrx_word' id='word_1_125' title='bbox 617 1620 636 1652; x_wconf 73' lang='grc' dir='ltr'><strong>ι</strong></span> <span class='ocrx_word' id='word_1_126' title='bbox 662 1601 820 1673; x_wconf 75' lang='grc' dir='ltr'>φησὶ,</span> <span class='ocrx_word' id='word_1_127' title='bbox 866 1621 885 1654; x_wconf 82' lang='grc' dir='ltr'><strong>ι</strong></span> <span class='ocrx_word' id='word_1_128' title='bbox 917 1602 1084 1671; x_wconf 89' lang='grc' dir='ltr'>λίθον,</span> <span class='ocrx_word' id='word_1_129' title='bbox 1121 1605 1402 1679; x_wconf 75' lang='grc' dir='ltr'><strong>ὑπέθηκαν</strong></span> <span class='ocrx_word' id='word_1_130' title='bbox 1456 1610 1549 1664; x_wconf 80' lang='grc' dir='ltr'><strong>ὑπ’</strong></span> <span class='ocrx_word' id='word_1_131' title='bbox 1589 1612 1773 1678; x_wconf 82' lang='grc' dir='ltr'>αὑτὸν,</span> <span class='ocrx_word' id='word_1_132' title='bbox 1803 1616 1896 1668; x_wconf 77' lang='grc' dir='ltr'>καὶ</span> 
     </span>
    </p>
   </div>
   <div class='ocr_carea' id='block_1_19' title="bbox 310 1692 1895 1776">
    <p class='ocr_par' dir='ltr' id='par_1_19' title="bbox 310 1692 1895 1776">
     <span class='ocr_line' id='line_1_19' title="bbox 310 1692 1895 1776; baseline 0.009 -30"><span class='ocrx_word' id='word_1_133' title='bbox 310 1693 553 1764; x_wconf 66' lang='grc' dir='ltr'>ἐκάθητο</span> <span class='ocrx_word' id='word_1_134' title='bbox 580 1692 848 1750; x_wconf 81' lang='grc' dir='ltr'>ὲπάὐτοῦ</span> <span class='ocrx_word' id='word_1_135' title='bbox 863 1735 879 1760; x_wconf 96' lang='grc'><strong>,</strong></span> <span class='ocrx_word' id='word_1_136' title='bbox 897 1697 991 1750; x_wconf 75' lang='grc' dir='ltr'><strong>καὶ</strong></span> <span class='ocrx_word' id='word_1_137' title='bbox 1019 1697 1230 1771; x_wconf 74' lang='grc' dir='ltr'>’Δαρὼν</span> <span class='ocrx_word' id='word_1_138' title='bbox 1253 1700 1346 1753; x_wconf 81' lang='grc' dir='ltr'>καὶ</span> <span class='ocrx_word' id='word_1_139' title='bbox 1372 1702 1473 1772; x_wconf 78' lang='grc' dir='ltr'>Ὠρ</span> <span class='ocrx_word' id='word_1_140' title='bbox 1491 1702 1778 1776; x_wconf 77' lang='grc' dir='ltr'>ὲστήριζον</span> <span class='ocrx_word' id='word_1_141' title='bbox 1796 1704 1895 1769; x_wconf 81' lang='grc' dir='ltr'><strong>τὰς</strong></span> 
     </span>
    </p>
   </div>
   <div class='ocr_carea' id='block_1_20' title="bbox 2005 512 3581 586">
    <p class='ocr_par' dir='ltr' id='par_1_20' title="bbox 2005 512 3581 586">
     <span class='ocr_line' id='line_1_20' title="bbox 2005 512 3581 586; baseline 0.004 -20"><span class='ocrx_word' id='word_1_142' title='bbox 2005 512 2224 568; x_wconf 87' lang='lat' dir='ltr'><strong>diabolo</strong></span> <span class='ocrx_word' id='word_1_143' title='bbox 2267 515 2508 583; x_wconf 77' lang='lat' dir='ltr'><strong>superati</strong></span> <span class='ocrx_word' id='word_1_144' title='bbox 2549 523 2606 569; x_wconf 89' lang='lat' dir='ltr'><strong>et</strong></span> <span class='ocrx_word' id='word_1_145' title='bbox 2648 513 2778 568; x_wconf 85' lang='lat' dir='ltr'><strong>victi</strong></span> <span class='ocrx_word' id='word_1_146' title='bbox 2819 521 2966 579; x_wconf 90' lang='lat' dir='ltr'><strong>sunt,</strong></span> <span class='ocrx_word' id='word_1_147' title='bbox 3002 529 3141 583; x_wconf 91' lang='lat' dir='ltr'><strong>quos</strong></span> <span class='ocrx_word' id='word_1_148' title='bbox 3200 515 3581 586; x_wconf 76' lang='lat' dir='ltr'><strong>alloquebatur</strong></span> 
     </span>
    </p>
   </div>
   <div class='ocr_carea' id='block_1_21' title="bbox 2003 605 3579 674">
    <p class='ocr_par' dir='ltr' id='par_1_21' title="bbox 2003 605 3579 674">
     <span class='ocr_line' id='line_1_21' title="bbox 2003 605 3579 674; baseline 0.004 -14"><span class='ocrx_word' id='word_1_149' title='bbox 2003 607 2170 661; x_wconf 88' lang='lat' dir='ltr'><strong>etiam</strong></span> <span class='ocrx_word' id='word_1_150' title='bbox 2207 605 2477 672; x_wconf 87' lang='lat' dir='ltr'><strong>Christus,</strong></span> <span class='ocrx_word' id='word_1_151' title='bbox 2504 622 2628 664; x_wconf 87' lang='lat' dir='ltr'><strong>cum</strong></span> <span class='ocrx_word' id='word_1_152' title='bbox 2650 606 2897 662; x_wconf 88' lang='lat' dir='ltr'><strong>diceret:</strong></span> <span class='ocrx_word' id='word_1_153' title='bbox 2943 626 2960 658; x_wconf 78' lang='grc' dir='ltr'><strong>ι</strong></span> <span class='ocrx_word' id='word_1_154' title='bbox 3016 606 3209 674; x_wconf 83' lang='lat' dir='ltr'><strong>Amen,</strong></span> <span class='ocrx_word' id='word_1_155' title='bbox 3259 625 3416 664; x_wconf 89' lang='lat' dir='ltr'><strong>amen</strong></span> <span class='ocrx_word' id='word_1_156' title='bbox 3455 611 3579 667; x_wconf 89' lang='lat' dir='ltr'><strong>dico</strong></span> 
     </span>
    </p>
   </div>
   <div class='ocr_carea' id='block_1_22' title="bbox 2000 696 3580 770">
    <p class='ocr_par' dir='ltr' id='par_1_22' title="bbox 2000 696 3580 770">
     <span class='ocr_line' id='line_1_22' title="bbox 2000 696 3580 770; baseline 0.004 -19"><span class='ocrx_word' id='word_1_157' title='bbox 2000 696 2178 762; x_wconf 87' lang='lat' dir='ltr'><strong>vobis,</strong></span> <span class='ocrx_word' id='word_1_158' title='bbox 2209 697 2316 752; x_wconf 89' lang='lat' dir='ltr'><strong>nisi</strong></span> <span class='ocrx_word' id='word_1_159' title='bbox 2351 697 2699 754; x_wconf 87' lang='lat' dir='ltr'><strong>credideritis</strong></span> <span class='ocrx_word' id='word_1_160' title='bbox 2737 697 2883 768; x_wconf 92' lang='lat' dir='ltr'><strong>quod</strong></span> <span class='ocrx_word' id='word_1_161' title='bbox 2924 713 3025 769; x_wconf 86' lang='lat' dir='ltr'><strong>ego</strong></span> <span class='ocrx_word' id='word_1_162' title='bbox 3051 715 3192 764; x_wconf 86' lang='lat' dir='ltr'><strong>sum,</strong></span> <span class='ocrx_word' id='word_1_163' title='bbox 3238 700 3294 754; x_wconf 89' lang='lat' dir='ltr'><strong>in</strong></span> <span class='ocrx_word' id='word_1_164' title='bbox 3342 703 3580 770; x_wconf 86' lang='lat' dir='ltr'><strong>peccatis</strong></span> 
     </span>
    </p>
   </div>
   <div class='ocr_carea' id='block_1_23' title="bbox 2002 787 3578 864">
    <p class='ocr_par' dir='ltr' id='par_1_23' title="bbox 2002 787 3578 864">
     <span class='ocr_line' id='line_1_23' title="bbox 2002 787 3578 864; baseline 0.004 -24"><span class='ocrx_word' id='word_1_165' title='bbox 2002 787 2199 843; x_wconf 89' lang='lat' dir='ltr'><strong>vestris</strong></span> <span class='ocrx_word' id='word_1_166' title='bbox 2224 787 2616 842; x_wconf 81' lang='lat' dir='ltr'><strong>moriemini&quot;.</strong></span> <span class='ocrx_word' id='word_1_167' title='bbox 2652 807 2670 839; x_wconf 76' lang='grc' dir='ltr'><strong>ι</strong></span> <span class='ocrx_word' id='word_1_168' title='bbox 2708 789 2877 844; x_wconf 91' lang='lat' dir='ltr'><strong>Porro</strong></span> <span class='ocrx_word' id='word_1_169' title='bbox 2911 805 3103 859; x_wconf 82' lang='lat' dir='ltr'><strong>graves</strong></span> <span class='ocrx_word' id='word_1_170' title='bbox 3141 791 3217 844; x_wconf 88' lang='lat' dir='ltr'><strong>ait</strong></span> <span class='ocrx_word' id='word_1_171' title='bbox 3255 807 3374 847; x_wconf 89' lang='lat' dir='ltr'><strong>esse</strong></span> <span class='ocrx_word' id='word_1_172' title='bbox 3411 793 3578 864; x_wconf 81' lang='lat' dir='ltr'><strong>Moysi</strong></span> 
     </span>
    </p>
   </div>
   <div class='ocr_carea' id='block_1_24' title="bbox 2002 880 3576 952">
    <p class='ocr_par' dir='ltr' id='par_1_24' title="bbox 2002 880 3576 952">
     <span class='ocr_line' id='line_1_24' title="bbox 2002 880 3576 952; baseline 0.004 -19"><span class='ocrx_word' id='word_1_173' title='bbox 2002 895 2216 945; x_wconf 88' lang='lat' dir='ltr'><strong>manus,</strong></span> <span class='ocrx_word' id='word_1_174' title='bbox 2245 890 2410 950; x_wconf 87' lang='lat' dir='ltr'><strong>atque</strong></span> <span class='ocrx_word' id='word_1_175' title='bbox 2439 895 2580 951; x_wconf 63' lang='lat' dir='ltr'><strong>aegre</strong></span> <span class='ocrx_word' id='word_1_176' title='bbox 2623 880 2885 947; x_wconf 88' lang='lat' dir='ltr'><strong>sublatas,</strong></span> <span class='ocrx_word' id='word_1_177' title='bbox 2919 892 3244 952; x_wconf 89' lang='lat' dir='ltr'><strong>gravateque</strong></span> <span class='ocrx_word' id='word_1_178' title='bbox 3285 883 3576 939; x_wconf 80' lang='lat' dir='ltr'><strong>admodum</strong></span> 
     </span>
    </p>
   </div>
   <div class='ocr_carea' id='block_1_25' title="bbox 2001 969 3576 1040">
    <p class='ocr_par' dir='ltr' id='par_1_25' title="bbox 2001 969 3576 1040">
     <span class='ocr_line' id='line_1_25' title="bbox 2001 969 3576 1040; baseline 0.004 -16"><span class='ocrx_word' id='word_1_179' title='bbox 2001 969 2070 1024; x_wconf 92' lang='lat' dir='ltr'><strong>ad</strong></span> <span class='ocrx_word' id='word_1_180' title='bbox 2108 970 2428 1040; x_wconf 67' lang='lat' dir='ltr'><strong>praaclaram</strong></span> <span class='ocrx_word' id='word_1_181' title='bbox 2472 969 2653 1026; x_wconf 89' lang='lat' dir='ltr'><strong>crucis</strong></span> <span class='ocrx_word' id='word_1_182' title='bbox 2693 969 2934 1040; x_wconf 89' lang='lat' dir='ltr'><strong>speciem</strong></span> <span class='ocrx_word' id='word_1_183' title='bbox 2963 972 3356 1027; x_wconf 84' lang='lat' dir='ltr'><strong>ostendendam</strong></span> <span class='ocrx_word' id='word_1_184' title='bbox 3385 984 3576 1030; x_wconf 72' lang='lat' dir='ltr'><strong>exten-</strong></span> 
     </span>
    </p>
   </div>
   <div class='ocr_carea' id='block_1_26' title="bbox 2002 1061 3576 1134">
    <p class='ocr_par' dir='ltr' id='par_1_26' title="bbox 2002 1061 3576 1134">
     <span class='ocr_line' id='line_1_26' title="bbox 2002 1061 3576 1134; baseline 0.003 -18"><span class='ocrx_word' id='word_1_185' title='bbox 2002 1061 2234 1133; x_wconf 81' lang='lat' dir='ltr'><strong>tas,9o</strong></span> <span class='ocrx_word' id='word_1_186' title='bbox 2271 1062 2427 1127; x_wconf 90' lang='lat' dir='ltr'><strong>illud,</strong></span> <span class='ocrx_word' id='word_1_187' title='bbox 2461 1070 2519 1116; x_wconf 92' lang='lat' dir='ltr'><strong>ut</strong></span> <span class='ocrx_word' id='word_1_188' title='bbox 2571 1061 2784 1132; x_wconf 89' lang='lat' dir='ltr'><strong>opinor,</strong></span> <span class='ocrx_word' id='word_1_189' title='bbox 2836 1061 3062 1133; x_wconf 83' lang='lat' dir='ltr'><strong>figurate</strong></span> <span class='ocrx_word' id='word_1_190' title='bbox 3109 1063 3439 1134; x_wconf 86' lang='lat' dir='ltr'><strong>signiﬁcans,</strong></span> <span class='ocrx_word' id='word_1_191' title='bbox 3467 1081 3576 1120; x_wconf 89' lang='lat' dir='ltr'><strong>non</strong></span> 
     </span>
    </p>
   </div>
   <div class='ocr_carea' id='block_1_27' title="bbox 2000 1151 3574 1225">
    <p class='ocr_par' dir='ltr' id='par_1_27' title="bbox 2000 1151 3574 1225">
     <span class='ocr_line' id='line_1_27' title="bbox 2000 1151 3574 1225; baseline 0.001 -17"><span class='ocrx_word' id='word_1_192' title='bbox 2000 1153 2132 1208; x_wconf 87' lang='lat' dir='ltr'><strong>satis</strong></span> <span class='ocrx_word' id='word_1_193' title='bbox 2159 1163 2409 1225; x_wconf 90' lang='lat' dir='ltr'><strong>paratum</strong></span> <span class='ocrx_word' id='word_1_194' title='bbox 2447 1153 2615 1208; x_wconf 87' lang='lat' dir='ltr'><strong>fuisse</strong></span> <span class='ocrx_word' id='word_1_195' title='bbox 2657 1152 2820 1208; x_wconf 88' lang='lat' dir='ltr'><strong>Israel</strong></span> <span class='ocrx_word' id='word_1_196' title='bbox 2863 1152 2930 1206; x_wconf 90' lang='lat' dir='ltr'><strong>ad</strong></span> <span class='ocrx_word' id='word_1_197' title='bbox 2977 1151 3139 1208; x_wconf 89' lang='lat' dir='ltr'><strong>ﬁdem</strong></span> <span class='ocrx_word' id='word_1_198' title='bbox 3181 1154 3574 1224; x_wconf 88' lang='lat' dir='ltr'><strong>accipiendam,</strong></span> 
     </span>
    </p>
   </div>
   <div class='ocr_carea' id='block_1_28' title="bbox 1999 1243 3576 1316">
    <p class='ocr_par' dir='ltr' id='par_1_28' title="bbox 1999 1243 3576 1316">
     <span class='ocr_line' id='line_1_28' title="bbox 1999 1243 3576 1316; baseline 0.002 -19"><span class='ocrx_word' id='word_1_199' title='bbox 1999 1259 2062 1298; x_wconf 91' lang='lat' dir='ltr'><strong>ac</strong></span> <span class='ocrx_word' id='word_1_200' title='bbox 2089 1258 2201 1298; x_wconf 91' lang='lat' dir='ltr'><strong>non</strong></span> <span class='ocrx_word' id='word_1_201' title='bbox 2229 1244 2348 1299; x_wconf 87' lang='lat' dir='ltr'><strong>sine</strong></span> <span class='ocrx_word' id='word_1_202' title='bbox 2376 1243 2747 1308; x_wconf 85' lang='lat' dir='ltr'><strong>cunctatione,</strong></span> <span class='ocrx_word' id='word_1_203' title='bbox 2775 1243 2976 1313; x_wconf 82' lang='lat' dir='ltr'><strong>vixque</strong></span> <span class='ocrx_word' id='word_1_204' title='bbox 3008 1243 3076 1298; x_wconf 91' lang='lat' dir='ltr'><strong>ad</strong></span> <span class='ocrx_word' id='word_1_205' title='bbox 3121 1243 3326 1299; x_wconf 87' lang='lat' dir='ltr'><strong>Christi</strong></span> <span class='ocrx_word' id='word_1_206' title='bbox 3377 1261 3576 1316; x_wconf 89' lang='lat' dir='ltr'><strong>oppro-</strong></span> 
     </span>
    </p>
   </div>
   <div class='ocr_carea' id='block_1_29' title="bbox 2005 1335 3576 1406">
    <p class='ocr_par' dir='ltr' id='par_1_29' title="bbox 2005 1335 3576 1406">
     <span class='ocr_line' id='line_1_29' title="bbox 2005 1335 3576 1406; baseline 0.002 -16"><span class='ocrx_word' id='word_1_207' title='bbox 2005 1336 2188 1391; x_wconf 88' lang='lat' dir='ltr'><strong>brium</strong></span> <span class='ocrx_word' id='word_1_208' title='bbox 2219 1336 2628 1406; x_wconf 89' lang='lat' dir='ltr'><strong>suscipiendum</strong></span> <span class='ocrx_word' id='word_1_209' title='bbox 2665 1335 3015 1391; x_wconf 90' lang='lat' dir='ltr'><strong>descendisse</strong></span> <span class='ocrx_word' id='word_1_210' title='bbox 3040 1353 3054 1402; x_wconf 91' lang='lat'>;</span> <span class='ocrx_word' id='word_1_211' title='bbox 3084 1335 3155 1390; x_wconf 90' lang='lat' dir='ltr'><strong>ob</strong></span> <span class='ocrx_word' id='word_1_212' title='bbox 3185 1351 3415 1406; x_wconf 91' lang='lat' dir='ltr'><strong>eamque</strong></span> <span class='ocrx_word' id='word_1_213' title='bbox 3444 1353 3576 1392; x_wconf 87' lang='lat' dir='ltr'><strong>cau-</strong></span> 
     </span>
    </p>
   </div>
   <div class='ocr_carea' id='block_1_30' title="bbox 1997 1426 3576 1485">
    <p class='ocr_par' dir='ltr' id='par_1_30' title="bbox 1997 1426 3576 1485">
     <span class='ocr_line' id='line_1_30' title="bbox 1997 1426 3576 1485; baseline 0.002 -3"><span class='ocrx_word' id='word_1_214' title='bbox 1997 1443 2114 1483; x_wconf 90' lang='lat' dir='ltr'><strong>sam</strong></span> <span class='ocrx_word' id='word_1_215' title='bbox 2138 1435 2286 1483; x_wconf 89' lang='lat' dir='ltr'><strong>recte</strong></span> <span class='ocrx_word' id='word_1_216' title='bbox 2315 1426 2512 1482; x_wconf 88' lang='lat' dir='ltr'><strong>beatus</strong></span> <span class='ocrx_word' id='word_1_217' title='bbox 2534 1427 2735 1482; x_wconf 87' lang='lat' dir='ltr'><strong>Paulus</strong></span> <span class='ocrx_word' id='word_1_218' title='bbox 2759 1442 2980 1481; x_wconf 89' lang='lat' dir='ltr'><strong>crucem</strong></span> <span class='ocrx_word' id='word_1_219' title='bbox 3010 1427 3324 1482; x_wconf 87' lang='lat' dir='ltr'><strong>scandalum</strong></span> <span class='ocrx_word' id='word_1_220' title='bbox 3357 1428 3576 1485; x_wconf 67' lang='lat' dir='ltr'><strong>Iudaeo-</strong></span> 
     </span>
    </p>
   </div>
   <div class='ocr_carea' id='block_1_31' title="bbox 1998 1516 3576 1588">
    <p class='ocr_par' dir='ltr' id='par_1_31' title="bbox 1998 1516 3576 1588">
     <span class='ocr_line' id='line_1_31' title="bbox 1998 1516 3576 1588; baseline 0.002 -17"><span class='ocrx_word' id='word_1_221' title='bbox 1998 1533 2121 1572; x_wconf 91' lang='lat' dir='ltr'><strong>rum</strong></span> <span class='ocrx_word' id='word_1_222' title='bbox 2159 1517 2415 1587; x_wconf 87' lang='lat' dir='ltr'><strong>appellat.</strong></span> <span class='ocrx_word' id='word_1_223' title='bbox 2447 1536 2467 1568; x_wconf 78' lang='grc' dir='ltr'><strong>ι</strong></span> <span class='ocrx_word' id='word_1_224' title='bbox 2498 1517 2566 1571; x_wconf 88' lang='lat' dir='ltr'><strong>Et</strong></span> <span class='ocrx_word' id='word_1_225' title='bbox 2604 1516 2958 1586; x_wconf 90' lang='lat' dir='ltr'><strong>accipientes,</strong></span> <span class='ocrx_word' id='word_1_226' title='bbox 2994 1536 3012 1568; x_wconf 72' lang='grc' dir='ltr'><strong>ι</strong></span> <span class='ocrx_word' id='word_1_227' title='bbox 3054 1517 3253 1587; x_wconf 88' lang='lat' dir='ltr'><strong>inquit,</strong></span> <span class='ocrx_word' id='word_1_228' title='bbox 3295 1536 3313 1568; x_wconf 78' lang='grc' dir='ltr'><strong>ι</strong></span> <span class='ocrx_word' id='word_1_229' title='bbox 3339 1517 3576 1588; x_wconf 89' lang='lat' dir='ltr'><strong>lapidem</strong></span> 
     </span>
    </p>
   </div>
   <div class='ocr_carea' id='block_1_32' title="bbox 1997 1607 3577 1678">
    <p class='ocr_par' dir='ltr' id='par_1_32' title="bbox 1997 1607 3577 1678">
     <span class='ocr_line' id='line_1_32' title="bbox 1997 1607 3577 1678; baseline 0.002 -16"><span class='ocrx_word' id='word_1_230' title='bbox 1997 1614 2406 1678; x_wconf 88' lang='lat' dir='ltr'><strong>supposuerunt</strong></span> <span class='ocrx_word' id='word_1_231' title='bbox 2431 1607 2534 1663; x_wconf 90' lang='lat' dir='ltr'><strong>sub</strong></span> <span class='ocrx_word' id='word_1_232' title='bbox 2565 1607 2703 1678; x_wconf 92' lang='lat' dir='ltr'><strong>ipso,</strong></span> <span class='ocrx_word' id='word_1_233' title='bbox 2731 1616 2788 1662; x_wconf 90' lang='lat' dir='ltr'><strong>et</strong></span> <span class='ocrx_word' id='word_1_234' title='bbox 2821 1607 2962 1663; x_wconf 88' lang='lat' dir='ltr'><strong>sedit</strong></span> <span class='ocrx_word' id='word_1_235' title='bbox 2988 1623 3153 1678; x_wconf 89' lang='lat' dir='ltr'><strong>super</strong></span> <span class='ocrx_word' id='word_1_236' title='bbox 3187 1624 3314 1663; x_wconf 90' lang='lat' dir='ltr'><strong>eum</strong></span> <span class='ocrx_word' id='word_1_237' title='bbox 3340 1627 3352 1662; x_wconf 88' lang='lat'>:</span> <span class='ocrx_word' id='word_1_238' title='bbox 3395 1610 3577 1666; x_wconf 83' lang='lat' dir='ltr'><strong>Aaron</strong></span> 
     </span>
    </p>
   </div>
   <div class='ocr_carea' id='block_1_33' title="bbox 1995 1700 3574 1771">
    <p class='ocr_par' dir='ltr' id='par_1_33' title="bbox 1995 1700 3574 1771">
     <span class='ocr_line' id='line_1_33' title="bbox 1995 1700 3574 1771; baseline 0.001 -15"><span class='ocrx_word' id='word_1_239' title='bbox 1995 1709 2050 1756; x_wconf 89' lang='lat' dir='ltr'><strong>et</strong></span> <span class='ocrx_word' id='word_1_240' title='bbox 2079 1700 2195 1757; x_wconf 79' lang='lat' dir='ltr'><strong>Ilur</strong></span> <span class='ocrx_word' id='word_1_241' title='bbox 2223 1701 2604 1757; x_wconf 79' lang='lat' dir='ltr'><strong>sustentabant</strong></span> <span class='ocrx_word' id='word_1_242' title='bbox 2629 1716 2825 1756; x_wconf 89' lang='lat' dir='ltr'><strong>manus</strong></span> <span class='ocrx_word' id='word_1_243' title='bbox 2845 1701 2982 1771; x_wconf 86' lang='lat' dir='ltr'><strong>ejus,</strong></span> <span class='ocrx_word' id='word_1_244' title='bbox 3021 1716 3163 1756; x_wconf 91' lang='lat' dir='ltr'><strong>unus</strong></span> <span class='ocrx_word' id='word_1_245' title='bbox 3193 1700 3342 1768; x_wconf 89' lang='lat' dir='ltr'><strong>hinc,</strong></span> <span class='ocrx_word' id='word_1_246' title='bbox 3382 1711 3438 1758; x_wconf 90' lang='lat' dir='ltr'><strong>et</strong></span> <span class='ocrx_word' id='word_1_247' title='bbox 3495 1703 3574 1758; x_wconf 90' lang='lat' dir='ltr'><strong>al-</strong></span> 
     </span>
    </p>
   </div>
   <div class='ocr_carea' id='block_1_34' title="bbox 309 1776 1892 1865">
    <p class='ocr_par' dir='ltr' id='par_1_34' title="bbox 309 1782 1892 1863">
     <span class='ocr_line' id='line_1_34' title="bbox 309 1782 1892 1863; baseline 0.008 -25"><span class='ocrx_word' id='word_1_248' title='bbox 309 1788 508 1857; x_wconf 81' lang='grc' dir='ltr'>χεῖρας</span> <span class='ocrx_word' id='word_1_249' title='bbox 533 1783 718 1851; x_wconf 80' lang='grc' dir='ltr'>αὑτοῦ,</span> <span class='ocrx_word' id='word_1_250' title='bbox 746 1782 994 1842; x_wconf 77' lang='grc' dir='ltr'>ἐντεῦθεν</span> <span class='ocrx_word' id='word_1_251' title='bbox 1016 1785 1118 1856; x_wconf 73' lang='grc' dir='ltr'>εἷς,</span> <span class='ocrx_word' id='word_1_252' title='bbox 1149 1791 1243 1845; x_wconf 68' lang='grc' dir='ltr'>καὶ</span> <span class='ocrx_word' id='word_1_253' title='bbox 1264 1792 1514 1847; x_wconf 76' lang='grc' dir='ltr'>ἐντεῦθεν</span> <span class='ocrx_word' id='word_1_254' title='bbox 1544 1789 1646 1861; x_wconf 75' lang='grc' dir='ltr'>εἷς.</span> <span class='ocrx_word' id='word_1_255' title='bbox 1684 1815 1704 1849; x_wconf 76' lang='grc' dir='ltr'><strong>ι</strong></span> <span class='ocrx_word' id='word_1_256' title='bbox 1735 1797 1892 1863; x_wconf 86' lang='grc' dir='ltr'>Λίθος</span> 
     </span>
    </p>
   </div>
   <div class='ocr_carea' id='block_1_35' title="bbox 1995 1776 3575 1865">
    <p class='ocr_par' dir='ltr' id='par_1_35' title="bbox 1997 1791 3575 1865">
     <span class='ocr_line' id='line_1_35' title="bbox 1997 1791 3575 1865; baseline 0 -17"><span class='ocrx_word' id='word_1_257' title='bbox 1997 1802 2082 1848; x_wconf 89' lang='lat' dir='ltr'><strong>ter</strong></span> <span class='ocrx_word' id='word_1_258' title='bbox 2111 1792 2241 1848; x_wconf 87' lang='lat' dir='ltr'><strong>hinc</strong></span> <span class='ocrx_word' id='word_1_259' title='bbox 2259 1793 2325 1846; x_wconf 83' lang='lat'><strong>&quot;.</strong></span> <span class='ocrx_word' id='word_1_260' title='bbox 2364 1813 2382 1844; x_wconf 74' lang='grc' dir='ltr'><strong>ι</strong></span> <span class='ocrx_word' id='word_1_261' title='bbox 2417 1793 2581 1863; x_wconf 89' lang='lat' dir='ltr'><strong>Lapis</strong></span> <span class='ocrx_word' id='word_1_262' title='bbox 2604 1799 2786 1848; x_wconf 88' lang='lat' dir='ltr'><strong>autem</strong></span> <span class='ocrx_word' id='word_1_263' title='bbox 2817 1791 3111 1862; x_wconf 89' lang='lat' dir='ltr'><strong>pretiosus,</strong></span> <span class='ocrx_word' id='word_1_264' title='bbox 3146 1793 3374 1859; x_wconf 90' lang='lat' dir='ltr'><strong>electus,</strong></span> <span class='ocrx_word' id='word_1_265' title='bbox 3401 1809 3575 1865; x_wconf 57' lang='lat' dir='ltr'><strong>anguo</strong></span> 
     </span>
    </p>
   </div>
   <div class='ocr_carea' id='block_1_36' title="bbox 305 1877 1892 1961">
    <p class='ocr_par' dir='ltr' id='par_1_36' title="bbox 305 1877 1892 1961">
     <span class='ocr_line' id='line_1_36' title="bbox 305 1877 1892 1961; baseline 0.008 -29"><span class='ocrx_word' id='word_1_266' title='bbox 305 1879 373 1932; x_wconf 80' lang='grc' dir='ltr'>δὲ</span> <span class='ocrx_word' id='word_1_267' title='bbox 389 1878 590 1948; x_wconf 76' lang='grc' dir='ltr'>τίμιος,</span> <span class='ocrx_word' id='word_1_268' title='bbox 613 1877 890 1945; x_wconf 71' lang='grc' dir='ltr'>ικλεκτός,</span> <span class='ocrx_word' id='word_1_269' title='bbox 907 1881 1320 1954; x_wconf 84' lang='grc' dir='ltr'>ἀκρογωνιαῖος,</span> <span class='ocrx_word' id='word_1_270' title='bbox 1348 1883 1566 1958; x_wconf 71' lang='grc' dir='ltr'>ἔντιμος</span> <span class='ocrx_word' id='word_1_271' title='bbox 1588 1890 1617 1942; x_wconf 87' lang='grc' dir='ltr'><strong>ὀ</strong></span> <span class='ocrx_word' id='word_1_272' title='bbox 1635 1889 1892 1961; x_wconf 81' lang='grc' dir='ltr'>Χριστὸς,</span> 
     </span>
    </p>
   </div>
   <div class='ocr_carea' id='block_1_37' title="bbox 307 1964 1895 2055">
    <p class='ocr_par' dir='ltr' id='par_1_37' title="bbox 307 1964 1895 2055">
     <span class='ocr_line' id='line_1_37' title="bbox 307 1964 1895 2055; baseline 0.009 -33"><span class='ocrx_word' id='word_1_273' title='bbox 307 1971 402 2038; x_wconf 75' lang='grc' dir='ltr'>εφ’</span> <span class='ocrx_word' id='word_1_274' title='bbox 431 1964 477 2039; x_wconf 83' lang='grc' dir='ltr'>ᾧ</span> <span class='ocrx_word' id='word_1_275' title='bbox 523 1971 618 2025; x_wconf 76' lang='grc' dir='ltr'>καὶ</span> <span class='ocrx_word' id='word_1_276' title='bbox 645 1971 1048 2044; x_wconf 85' lang='grc' dir='ltr'>ἀναπαυόμενοι</span> <span class='ocrx_word' id='word_1_277' title='bbox 1092 1974 1265 2046; x_wconf 87' lang='grc' dir='ltr'>(δηλοί</span> <span class='ocrx_word' id='word_1_278' title='bbox 1292 1976 1403 2048; x_wconf 81' lang='grc' dir='ltr'><strong>γὰρ</strong></span> <span class='ocrx_word' id='word_1_279' title='bbox 1453 1980 1486 2050; x_wconf 83' lang='grc' dir='ltr'><strong>ή</strong></span> <span class='ocrx_word' id='word_1_280' title='bbox 1533 1979 1766 2052; x_wconf 82' lang='grc' dir='ltr'>κάθησις</span> <span class='ocrx_word' id='word_1_281' title='bbox 1795 1983 1895 2055; x_wconf 82' lang='grc' dir='ltr'><strong>τὴν</strong></span> 
     </span>
    </p>
   </div>
   <div class='ocr_carea' id='block_1_38' title="bbox 307 2061 1892 2148">
    <p class='ocr_par' dir='ltr' id='par_1_38' title="bbox 307 2061 1892 2148">
     <span class='ocr_line' id='line_1_38' title="bbox 307 2061 1892 2148; baseline 0.008 -32"><span class='ocrx_word' id='word_1_282' title='bbox 307 2061 658 2135; x_wconf 73' lang='grc' dir='ltr'>ἀνάπαυσιν)</span> <span class='ocrx_word' id='word_1_283' title='bbox 703 2063 755 2118; x_wconf 89' lang='grc' dir='ltr'><strong>οί</strong></span> <span class='ocrx_word' id='word_1_284' title='bbox 797 2065 1194 2139; x_wconf 75' lang='grc' dir='ltr'>ἐπιεικέστεροι</span> <span class='ocrx_word' id='word_1_285' title='bbox 1244 2068 1303 2122; x_wconf 77' lang='grc' dir='ltr'>δὲ</span> <span class='ocrx_word' id='word_1_286' title='bbox 1358 2070 1455 2124; x_wconf 80' lang='grc' dir='ltr'>καὶ</span> <span class='ocrx_word' id='word_1_287' title='bbox 1503 2071 1892 2148; x_wconf 76' lang='grc' dir='ltr'>εὐμαθέστεροι</span> 
     </span>
    </p>
   </div>
   <div class='ocr_carea' id='block_1_39' title="bbox 305 2151 1893 2234">
    <p class='ocr_par' dir='ltr' id='par_1_39' title="bbox 305 2151 1893 2234">
     <span class='ocr_line' id='line_1_39' title="bbox 305 2151 1893 2234; baseline 0.009 -29"><span class='ocrx_word' id='word_1_288' title='bbox 305 2151 423 2206; x_wconf 86' lang='grc' dir='ltr'><strong>τῶν</strong></span> <span class='ocrx_word' id='word_1_289' title='bbox 451 2152 513 2219; x_wconf 67' lang='grc' dir='ltr'><strong>ἐξ</strong></span> <span class='ocrx_word' id='word_1_290' title='bbox 549 2153 790 2226; x_wconf 80' lang='grc' dir='ltr'>Ἰσραὴλ,</span> <span class='ocrx_word' id='word_1_291' title='bbox 810 2156 874 2211; x_wconf 83' lang='grc' dir='ltr'>τὸ</span> <span class='ocrx_word' id='word_1_292' title='bbox 902 2156 1100 2228; x_wconf 82' lang='grc' dir='ltr'>λῆμμα</span> <span class='ocrx_word' id='word_1_293' title='bbox 1123 2159 1224 2231; x_wconf 85' lang='grc' dir='ltr'>τῆς</span> <span class='ocrx_word' id='word_1_294' title='bbox 1249 2159 1473 2231; x_wconf 88' lang='grc' dir='ltr'>χάριτος</span> <span class='ocrx_word' id='word_1_295' title='bbox 1509 2163 1610 2234; x_wconf 86' lang='grc' dir='ltr'>τῆς</span> <span class='ocrx_word' id='word_1_296' title='bbox 1636 2165 1757 2218; x_wconf 86' lang='grc' dir='ltr'>κατ’</span> <span class='ocrx_word' id='word_1_297' title='bbox 1801 2166 1893 2219; x_wconf 83' lang='grc' dir='ltr'><strong>ὲκ-</strong></span> 
     </span>
    </p>
   </div>
   <div class='ocr_carea' id='block_1_40' title="bbox 303 2241 1892 2330">
    <p class='ocr_par' dir='ltr' id='par_1_40' title="bbox 303 2241 1892 2330">
     <span class='ocr_line' id='line_1_40' title="bbox 303 2241 1892 2330; baseline 0.011 -34"><span class='ocrx_word' id='word_1_298' title='bbox 303 2241 500 2316; x_wconf 77' lang='grc' dir='ltr'>λογὴν,</span> <span class='ocrx_word' id='word_1_299' title='bbox 527 2245 760 2301; x_wconf 84' lang='grc' dir='ltr'>ἀπλοῦσι</span> <span class='ocrx_word' id='word_1_300' title='bbox 786 2247 888 2312; x_wconf 88' lang='grc' dir='ltr'><strong>τὰς</strong></span> <span class='ocrx_word' id='word_1_301' title='bbox 918 2252 1128 2321; x_wconf 85' lang='grc' dir='ltr'>χεῖρας,</span> <span class='ocrx_word' id='word_1_302' title='bbox 1154 2251 1299 2305; x_wconf 88' lang='grc' dir='ltr'>τοῦτ’</span> <span class='ocrx_word' id='word_1_303' title='bbox 1323 2253 1462 2318; x_wconf 77' lang='grc' dir='ltr'>ἐστι,</span> <span class='ocrx_word' id='word_1_304' title='bbox 1505 2255 1892 2330; x_wconf 85' lang='grc' dir='ltr'>καταδέχονται</span> 
     </span>
    </p>
   </div>
   <div class='ocr_carea' id='block_1_41' title="bbox 298 2337 1893 2419">
    <p class='ocr_par' dir='ltr' id='par_1_41' title="bbox 298 2337 1893 2419">
     <span class='ocr_line' id='line_1_41' title="bbox 298 2337 1893 2419; baseline 0.009 -31"><span class='ocrx_word' id='word_1_305' title='bbox 298 2337 404 2388; x_wconf 81' lang='grc' dir='ltr'><strong>τὸν</strong></span> <span class='ocrx_word' id='word_1_306' title='bbox 438 2337 694 2408; x_wconf 80' lang='grc' dir='ltr'>σταυρὸν,</span> <span class='ocrx_word' id='word_1_307' title='bbox 721 2338 1068 2412; x_wconf 79' lang='grc' dir='ltr'>στηρίζοντος</span> <span class='ocrx_word' id='word_1_308' title='bbox 1093 2343 1256 2397; x_wconf 89' lang='grc' dir='ltr'>οίονεί</span> <span class='ocrx_word' id='word_1_309' title='bbox 1280 2361 1384 2397; x_wconf 86' lang='grc' dir='ltr'><strong>που</strong></span> <span class='ocrx_word' id='word_1_310' title='bbox 1417 2345 1512 2399; x_wconf 76' lang='grc' dir='ltr'>καὶ</span> <span class='ocrx_word' id='word_1_311' title='bbox 1538 2346 1893 2419; x_wconf 82' lang='grc' dir='ltr'>διακρατοῦν-</span> 
     </span>
    </p>
   </div>
   <div class='ocr_carea' id='block_1_42' title="bbox 299 2429 1891 2514">
    <p class='ocr_par' dir='ltr' id='par_1_42' title="bbox 299 2429 1891 2514">
     <span class='ocr_line' id='line_1_42' title="bbox 299 2429 1891 2514; baseline 0.008 -32"><span class='ocrx_word' id='word_1_312' title='bbox 299 2445 402 2494; x_wconf 80' lang='grc' dir='ltr'><strong>τος</strong></span> <span class='ocrx_word' id='word_1_313' title='bbox 425 2429 626 2495; x_wconf 78' lang='grc' dir='ltr'>αὐτοὺς</span> <span class='ocrx_word' id='word_1_314' title='bbox 665 2432 762 2487; x_wconf 76' lang='grc' dir='ltr'>καὶ</span> <span class='ocrx_word' id='word_1_315' title='bbox 793 2432 931 2505; x_wconf 84' lang='grc' dir='ltr'>πρός</span> <span class='ocrx_word' id='word_1_316' title='bbox 953 2450 1018 2502; x_wconf 89' lang='grc' dir='ltr'><strong>γε</strong></span> <span class='ocrx_word' id='word_1_317' title='bbox 1037 2433 1198 2488; x_wconf 89' lang='grc' dir='ltr'>τοῦτο</span> <span class='ocrx_word' id='word_1_318' title='bbox 1221 2437 1484 2508; x_wconf 78' lang='grc' dir='ltr'>Χριστοῦ,</span> <span class='ocrx_word' id='word_1_319' title='bbox 1509 2439 1586 2503; x_wconf 89' lang='grc' dir='ltr'><strong>ώς</strong></span> <span class='ocrx_word' id='word_1_320' title='bbox 1611 2439 1670 2494; x_wconf 74' lang='grc' dir='ltr'>ὲν</span> <span class='ocrx_word' id='word_1_321' title='bbox 1699 2440 1811 2514; x_wconf 80' lang='grc' dir='ltr'>Ὠρ</span> <span class='ocrx_word' id='word_1_322' title='bbox 1832 2458 1891 2494; x_wconf 88' lang='grc' dir='ltr'><strong>τε</strong></span> 
     </span>
    </p>
   </div>
   <div class='ocr_carea' id='block_1_43' title="bbox 300 2521 1892 2605">
    <p class='ocr_par' dir='ltr' id='par_1_43' title="bbox 300 2521 1892 2605">
     <span class='ocr_line' id='line_1_43' title="bbox 300 2521 1892 2605; baseline 0.008 -31"><span class='ocrx_word' id='word_1_323' title='bbox 300 2522 407 2575; x_wconf 79' lang='grc' dir='ltr'>καὶ</span> <span class='ocrx_word' id='word_1_324' title='bbox 447 2521 656 2593; x_wconf 78' lang='grc' dir='ltr'>’Δαρών</span> <span class='ocrx_word' id='word_1_325' title='bbox 689 2525 1040 2594; x_wconf 85' lang='grc' dir='ltr'>σημαίνεται,</span> <span class='ocrx_word' id='word_1_326' title='bbox 1072 2527 1362 2598; x_wconf 84' lang='grc' dir='ltr'>νοούμενος</span> <span class='ocrx_word' id='word_1_327' title='bbox 1391 2530 1451 2583; x_wconf 73' lang='grc' dir='ltr'>ἐν</span> <span class='ocrx_word' id='word_1_328' title='bbox 1486 2530 1669 2602; x_wconf 81' lang='grc' dir='ltr'>ταύτῷ</span> <span class='ocrx_word' id='word_1_329' title='bbox 1698 2532 1892 2605; x_wconf 85' lang='grc' dir='ltr'>κριτὴς</span> 
     </span>
    </p>
   </div>
   <div class='ocr_carea' id='block_1_44' title="bbox 301 2612 1888 2696">
    <p class='ocr_par' dir='ltr' id='par_1_44' title="bbox 301 2612 1888 2696">
     <span class='ocr_line' id='line_1_44' title="bbox 301 2612 1888 2696; baseline 0.011 -33"><span class='ocrx_word' id='word_1_330' title='bbox 301 2612 411 2666; x_wconf 75' lang='grc' dir='ltr'>καὶ</span> <span class='ocrx_word' id='word_1_331' title='bbox 435 2613 749 2686; x_wconf 80' lang='grc' dir='ltr'>ἀρχιερεύς.</span> <span class='ocrx_word' id='word_1_332' title='bbox 801 2617 904 2688; x_wconf 84' lang='grc' dir='ltr'>Ὦρ</span> <span class='ocrx_word' id='word_1_333' title='bbox 943 2616 1044 2687; x_wconf 77' lang='grc' dir='ltr'>μὲν</span> <span class='ocrx_word' id='word_1_334' title='bbox 1075 2617 1186 2690; x_wconf 81' lang='grc' dir='ltr'>γὰρ</span> <span class='ocrx_word' id='word_1_335' title='bbox 1217 2613 1288 2690; x_wconf 79' lang='grc' dir='ltr'>ἦν</span> <span class='ocrx_word' id='word_1_336' title='bbox 1331 2619 1630 2688; x_wconf 80' lang='grc' dir='ltr'>ἀδέκαστος</span> <span class='ocrx_word' id='word_1_337' title='bbox 1659 2624 1852 2696; x_wconf 85' lang='grc' dir='ltr'>κριτής</span> <span class='ocrx_word' id='word_1_338' title='bbox 1872 2640 1888 2656; x_wconf 75' lang='grc' dir='ltr'><strong>ο</strong></span> 
     </span>
    </p>
   </div>
   <div class='ocr_carea' id='block_1_45' title="bbox 316 2703 1890 2784">
    <p class='ocr_par' dir='ltr' id='par_1_45' title="bbox 316 2703 1890 2784">
     <span class='ocr_line' id='line_1_45' title="bbox 316 2703 1890 2784; baseline 0.008 -26"><span class='ocrx_word' id='word_1_339' title='bbox 316 2703 539 2776; x_wconf 77' lang='grc' dir='ltr'>’Δαρὼν</span> <span class='ocrx_word' id='word_1_340' title='bbox 563 2705 623 2759; x_wconf 77' lang='grc' dir='ltr'>δὲ</span> <span class='ocrx_word' id='word_1_341' title='bbox 653 2707 970 2781; x_wconf 79' lang='grc' dir='ltr'>ἀρχιερεὺς,</span> <span class='ocrx_word' id='word_1_342' title='bbox 1002 2709 1032 2763; x_wconf 91' lang='grc' dir='ltr'><strong>ὀ</strong></span> <span class='ocrx_word' id='word_1_343' title='bbox 1060 2709 1124 2762; x_wconf 80' lang='grc' dir='ltr'>τὸ</span> <span class='ocrx_word' id='word_1_344' title='bbox 1145 2708 1346 2781; x_wconf 84' lang='grc' dir='ltr'>λῆμμα</span> <span class='ocrx_word' id='word_1_345' title='bbox 1378 2711 1639 2784; x_wconf 88' lang='grc' dir='ltr'>συνέχων,</span> <span class='ocrx_word' id='word_1_346' title='bbox 1683 2714 1745 2768; x_wconf 82' lang='grc' dir='ltr'>τὸ</span> <span class='ocrx_word' id='word_1_347' title='bbox 1769 2716 1890 2770; x_wconf 86' lang='grc' dir='ltr'>κατ’</span> 
     </span>
    </p>
   </div>
   <div class='ocr_carea' id='block_1_46' title="bbox 297 2796 1892 2877">
    <p class='ocr_par' dir='ltr' id='par_1_46' title="bbox 297 2796 1892 2877">
     <span class='ocr_line' id='line_1_46' title="bbox 297 2796 1892 2877; baseline 0.008 -27"><span class='ocrx_word' id='word_1_348' title='bbox 297 2796 543 2870; x_wconf 68' lang='grc' dir='ltr'>ἐκλογὴν</span> <span class='ocrx_word' id='word_1_349' title='bbox 575 2797 800 2871; x_wconf 84' lang='grc' dir='ltr'>χάριτος</span> <span class='ocrx_word' id='word_1_350' title='bbox 829 2799 940 2854; x_wconf 87' lang='grc' dir='ltr'><strong>τῶν</strong></span> <span class='ocrx_word' id='word_1_351' title='bbox 971 2800 1032 2867; x_wconf 69' lang='grc' dir='ltr'><strong>ἐξ</strong></span> <span class='ocrx_word' id='word_1_352' title='bbox 1072 2801 1310 2874; x_wconf 83' lang='grc' dir='ltr'>Ἰσραὴλ,</span> <span class='ocrx_word' id='word_1_353' title='bbox 1359 2805 1499 2876; x_wconf 79' lang='grc' dir='ltr'>πρὸς</span> <span class='ocrx_word' id='word_1_354' title='bbox 1525 2804 1624 2877; x_wconf 76' lang='grc' dir='ltr'>τὴν</span> <span class='ocrx_word' id='word_1_355' title='bbox 1667 2807 1755 2864; x_wconf 84' lang='grc' dir='ltr'>διὰ</span> <span class='ocrx_word' id='word_1_356' title='bbox 1803 2807 1892 2862; x_wconf 87' lang='grc' dir='ltr'>πί-</span> 
     </span>
    </p>
   </div>
   <div class='ocr_carea' id='block_1_47' title="bbox 299 2890 1922 2969">
    <p class='ocr_par' dir='ltr' id='par_1_47' title="bbox 299 2890 1922 2969">
     <span class='ocr_line' id='line_1_47' title="bbox 299 2890 1922 2969; baseline 0.009 -28"><span class='ocrx_word' id='word_1_357' title='bbox 299 2905 484 2954; x_wconf 86' lang='grc' dir='ltr'>στεως</span> <span class='ocrx_word' id='word_1_358' title='bbox 527 2890 824 2962; x_wconf 77' lang='grc' dir='ltr'>σωτηρίαν.</span> <span class='ocrx_word' id='word_1_359' title='bbox 875 2891 1039 2946; x_wconf 83' lang='grc' dir='ltr'>Τουτὶ</span> <span class='ocrx_word' id='word_1_360' title='bbox 1085 2894 1194 2966; x_wconf 85' lang='grc' dir='ltr'><strong>γὰρ</strong></span> <span class='ocrx_word' id='word_1_361' title='bbox 1241 2891 1395 2968; x_wconf 73' lang='grc' dir='ltr'>οἶμαι</span> <span class='ocrx_word' id='word_1_362' title='bbox 1441 2896 1636 2969; x_wconf 78' lang='grc' dir='ltr'>δηλοῦν</span> <span class='ocrx_word' id='word_1_363' title='bbox 1694 2898 1759 2953; x_wconf 81' lang='grc' dir='ltr'>τὸ</span> <span class='ocrx_word' id='word_1_364' title='bbox 1803 2899 1922 2956; x_wconf 52' lang='lat' dir='ltr'><strong>eis</strong></span> 
     </span>
    </p>
   </div>
   <div class='ocr_carea' id='block_1_48' title="bbox 296 2982 1888 3066">
    <p class='ocr_par' dir='ltr' id='par_1_48' title="bbox 296 2982 1888 3066">
     <span class='ocr_line' id='line_1_48' title="bbox 296 2982 1888 3066; baseline 0.004 -27"><span class='ocrx_word' id='word_1_365' title='bbox 296 2982 496 3053; x_wconf 76' lang='grc' dir='ltr'>φωνῆς</span> <span class='ocrx_word' id='word_1_366' title='bbox 529 2982 764 3038; x_wconf 76' lang='grc' dir='ltr'>Ἡσαΐου</span> <span class='ocrx_word' id='word_1_367' title='bbox 789 2985 1142 3056; x_wconf 81' lang='grc' dir='ltr'>προφητικῶς</span> <span class='ocrx_word' id='word_1_368' title='bbox 1179 2989 1505 3062; x_wconf 82' lang='grc' dir='ltr'>είρημένον·</span> <span class='ocrx_word' id='word_1_369' title='bbox 1538 3010 1557 3045; x_wconf 84' lang='grc' dir='ltr'><strong>ι</strong></span> <span class='ocrx_word' id='word_1_370' title='bbox 1595 2992 1707 3046; x_wconf 76' lang='grc' dir='ltr'><strong>Καὶ</strong></span> <span class='ocrx_word' id='word_1_371' title='bbox 1737 2992 1787 3046; x_wconf 87' lang='grc' dir='ltr'><strong>εί</strong></span> <span class='ocrx_word' id='word_1_372' title='bbox 1814 2992 1888 3066; x_wconf 83' lang='grc' dir='ltr'>μὴ</span> 
     </span>
    </p>
   </div>
   <div class='ocr_carea' id='block_1_49' title="bbox 1994 1885 3576 1957">
    <p class='ocr_par' dir='ltr' id='par_1_49' title="bbox 1994 1885 3576 1957">
     <span class='ocr_line' id='line_1_49' title="bbox 1994 1885 3576 1957; baseline 0 -17"><span class='ocrx_word' id='word_1_373' title='bbox 1994 1885 2146 1952; x_wconf 88' lang='lat' dir='ltr'><strong>laris,</strong></span> <span class='ocrx_word' id='word_1_374' title='bbox 2177 1887 2441 1957; x_wconf 89' lang='lat' dir='ltr'><strong>probatus</strong></span> <span class='ocrx_word' id='word_1_375' title='bbox 2459 1886 2525 1951; x_wconf 83' lang='lat'><strong>”,</strong></span> <span class='ocrx_word' id='word_1_376' title='bbox 2555 1885 2810 1943; x_wconf 88' lang='lat' dir='ltr'><strong>Christus</strong></span> <span class='ocrx_word' id='word_1_377' title='bbox 2845 1893 2949 1951; x_wconf 91' lang='lat' dir='ltr'><strong>est,</strong></span> <span class='ocrx_word' id='word_1_378' title='bbox 2985 1901 3150 1956; x_wconf 85' lang='lat' dir='ltr'><strong>super</strong></span> <span class='ocrx_word' id='word_1_379' title='bbox 3194 1902 3304 1956; x_wconf 91' lang='lat' dir='ltr'><strong>quo</strong></span> <span class='ocrx_word' id='word_1_380' title='bbox 3352 1888 3576 1957; x_wconf 90' lang='lat' dir='ltr'><strong>requie-</strong></span> 
     </span>
    </p>
   </div>
   <div class='ocr_carea' id='block_1_50' title="bbox 1994 1976 3574 2050">
    <p class='ocr_par' dir='ltr' id='par_1_50' title="bbox 1994 1976 3574 2050">
     <span class='ocr_line' id='line_1_50' title="bbox 1994 1976 3574 2050; baseline 0 -18"><span class='ocrx_word' id='word_1_381' title='bbox 1994 1985 2212 2034; x_wconf 89' lang='lat' dir='ltr'><strong>scentes</strong></span> <span class='ocrx_word' id='word_1_382' title='bbox 2244 1977 2454 2050; x_wconf 85' lang='lat' dir='ltr'><strong>(sessio</strong></span> <span class='ocrx_word' id='word_1_383' title='bbox 2483 1993 2719 2049; x_wconf 89' lang='lat' dir='ltr'><strong>namque</strong></span> <span class='ocrx_word' id='word_1_384' title='bbox 2757 1979 3061 2048; x_wconf 78' lang='lat' dir='ltr'><strong>requietem</strong></span> <span class='ocrx_word' id='word_1_385' title='bbox 3107 1976 3452 2049; x_wconf 87' lang='lat' dir='ltr'><strong>signiﬁcat),</strong></span> <span class='ocrx_word' id='word_1_386' title='bbox 3480 1978 3574 2048; x_wconf 90' lang='lat' dir='ltr'><strong>qui</strong></span> 
     </span>
    </p>
   </div>
   <div class='ocr_carea' id='block_1_51' title="bbox 1993 2067 3570 2140">
    <p class='ocr_par' dir='ltr' id='par_1_51' title="bbox 1993 2067 3570 2140">
     <span class='ocr_line' id='line_1_51' title="bbox 1993 2067 3570 2140; baseline 0.003 -19"><span class='ocrx_word' id='word_1_387' title='bbox 1993 2082 2063 2121; x_wconf 80' lang='lat' dir='ltr'><strong>ex</strong></span> <span class='ocrx_word' id='word_1_388' title='bbox 2109 2067 2275 2124; x_wconf 88' lang='lat' dir='ltr'><strong>Israel</strong></span> <span class='ocrx_word' id='word_1_389' title='bbox 2311 2068 2768 2140; x_wconf 86' lang='lat' dir='ltr'><strong>obsequentiores</strong></span> <span class='ocrx_word' id='word_1_390' title='bbox 2813 2083 2877 2123; x_wconf 91' lang='lat' dir='ltr'><strong>ac</strong></span> <span class='ocrx_word' id='word_1_391' title='bbox 2924 2068 3219 2124; x_wconf 89' lang='lat' dir='ltr'><strong>dociliores</strong></span> <span class='ocrx_word' id='word_1_392' title='bbox 3266 2077 3414 2134; x_wconf 89' lang='lat' dir='ltr'><strong>sunt,</strong></span> <span class='ocrx_word' id='word_1_393' title='bbox 3446 2069 3570 2132; x_wconf 63' lang='lat' dir='ltr'><strong>illae.</strong></span> 
     </span>
    </p>
   </div>
   <div class='ocr_carea' id='block_1_52' title="bbox 1994 2160 3575 2234">
    <p class='ocr_par' dir='ltr' id='par_1_52' title="bbox 1994 2160 3575 2234">
     <span class='ocr_line' id='line_1_52' title="bbox 1994 2160 3575 2234; baseline -0.001 -18"><span class='ocrx_word' id='word_1_394' title='bbox 1994 2161 2244 2231; x_wconf 87' lang='lat' dir='ltr'><strong>inquam,</strong></span> <span class='ocrx_word' id='word_1_395' title='bbox 2274 2161 2521 2234; x_wconf 64' lang='lat' dir='ltr'><strong>reliquiae</strong></span> <span class='ocrx_word' id='word_1_396' title='bbox 2551 2162 2740 2233; x_wconf 70' lang='lat' dir='ltr'><strong>gratiae</strong></span> <span class='ocrx_word' id='word_1_397' title='bbox 2777 2177 2899 2232; x_wconf 69' lang='lat' dir='ltr'><strong>qua:</strong></span> <span class='ocrx_word' id='word_1_398' title='bbox 2923 2160 3227 2218; x_wconf 90' lang='lat' dir='ltr'><strong>secundum</strong></span> <span class='ocrx_word' id='word_1_399' title='bbox 3250 2160 3575 2216; x_wconf 89' lang='lat' dir='ltr'><strong>electionem</strong></span> 
     </span>
    </p>
   </div>
   <div class='ocr_carea' id='block_1_53' title="bbox 1991 2253 3574 2325">
    <p class='ocr_par' dir='ltr' id='par_1_53' title="bbox 1991 2253 3574 2325">
     <span class='ocr_line' id='line_1_53' title="bbox 1991 2253 3574 2325; baseline 0.001 -17"><span class='ocrx_word' id='word_1_400' title='bbox 1991 2261 2096 2319; x_wconf 91' lang='lat' dir='ltr'><strong>est,</strong></span> <span class='ocrx_word' id='word_1_401' title='bbox 2129 2253 2445 2325; x_wconf 79' lang='lat' dir='ltr'><strong>expandunt</strong></span> <span class='ocrx_word' id='word_1_402' title='bbox 2472 2270 2686 2319; x_wconf 90' lang='lat' dir='ltr'><strong>manus,</strong></span> <span class='ocrx_word' id='word_1_403' title='bbox 2724 2253 2778 2308; x_wconf 90' lang='lat' dir='ltr'><strong>id</strong></span> <span class='ocrx_word' id='word_1_404' title='bbox 2820 2261 2924 2319; x_wconf 91' lang='lat' dir='ltr'><strong>est,</strong></span> <span class='ocrx_word' id='word_1_405' title='bbox 2966 2269 3190 2309; x_wconf 91' lang='lat' dir='ltr'><strong>crucem</strong></span> <span class='ocrx_word' id='word_1_406' title='bbox 3243 2253 3574 2324; x_wconf 88' lang='lat' dir='ltr'><strong>suscipiunt,</strong></span> 
     </span>
    </p>
   </div>
   <div class='ocr_carea' id='block_1_54' title="bbox 1991 2344 3573 2417">
    <p class='ocr_par' dir='ltr' id='par_1_54' title="bbox 1991 2344 3573 2417">
     <span class='ocr_line' id='line_1_54' title="bbox 1991 2344 3573 2417; baseline 0.001 -16"><span class='ocrx_word' id='word_1_407' title='bbox 1991 2344 2211 2401; x_wconf 90' lang='lat' dir='ltr'><strong>Christo</strong></span> <span class='ocrx_word' id='word_1_408' title='bbox 2260 2345 2388 2401; x_wconf 89' lang='lat' dir='ltr'><strong>illos</strong></span> <span class='ocrx_word' id='word_1_409' title='bbox 2432 2345 2794 2402; x_wconf 82' lang='lat' dir='ltr'><strong>confirmante</strong></span> <span class='ocrx_word' id='word_1_410' title='bbox 2845 2353 3012 2414; x_wconf 89' lang='lat' dir='ltr'><strong>atque</strong></span> <span class='ocrx_word' id='word_1_411' title='bbox 3076 2345 3428 2412; x_wconf 89' lang='lat' dir='ltr'><strong>continente,</strong></span> <span class='ocrx_word' id='word_1_412' title='bbox 3480 2349 3573 2417; x_wconf 90' lang='lat' dir='ltr'><strong>qui</strong></span> 
     </span>
    </p>
   </div>
   <div class='ocr_carea' id='block_1_55' title="bbox 1991 2435 3571 2508">
    <p class='ocr_par' dir='ltr' id='par_1_55' title="bbox 1991 2435 3571 2508">
     <span class='ocr_line' id='line_1_55' title="bbox 1991 2435 3571 2508; baseline 0.001 -17"><span class='ocrx_word' id='word_1_413' title='bbox 1991 2452 2090 2508; x_wconf 87' lang='lat' dir='ltr'><strong>per</strong></span> <span class='ocrx_word' id='word_1_414' title='bbox 2120 2436 2238 2491; x_wconf 86' lang='lat' dir='ltr'><strong>IIur</strong></span> <span class='ocrx_word' id='word_1_415' title='bbox 2269 2444 2436 2507; x_wconf 87' lang='lat' dir='ltr'><strong>atque</strong></span> <span class='ocrx_word' id='word_1_416' title='bbox 2477 2437 2658 2492; x_wconf 82' lang='lat' dir='ltr'><strong>Aaron</strong></span> <span class='ocrx_word' id='word_1_417' title='bbox 2708 2435 3066 2508; x_wconf 88' lang='lat' dir='ltr'><strong>signiﬁcatur,</strong></span> <span class='ocrx_word' id='word_1_418' title='bbox 3109 2444 3166 2491; x_wconf 88' lang='lat' dir='ltr'><strong>et</strong></span> <span class='ocrx_word' id='word_1_419' title='bbox 3195 2436 3366 2508; x_wconf 79' lang='lat' dir='ltr'><strong>judex</strong></span> <span class='ocrx_word' id='word_1_420' title='bbox 3411 2438 3571 2493; x_wconf 88' lang='lat' dir='ltr'><strong>simul</strong></span> 
     </span>
    </p>
   </div>
   <div class='ocr_carea' id='block_1_56' title="bbox 1991 2526 3573 2600">
    <p class='ocr_par' dir='ltr' id='par_1_56' title="bbox 1991 2526 3573 2600">
     <span class='ocr_line' id='line_1_56' title="bbox 1991 2526 3573 2600; baseline -0.001 -16"><span class='ocrx_word' id='word_1_421' title='bbox 1991 2537 2048 2584; x_wconf 90' lang='lat' dir='ltr'><strong>et</strong></span> <span class='ocrx_word' id='word_1_422' title='bbox 2084 2542 2333 2583; x_wconf 87' lang='lat' dir='ltr'><strong>summus</strong></span> <span class='ocrx_word' id='word_1_423' title='bbox 2357 2526 2616 2584; x_wconf 84' lang='lat' dir='ltr'><strong>sacerdos</strong></span> <span class='ocrx_word' id='word_1_424' title='bbox 2664 2526 3008 2598; x_wconf 78' lang='lat' dir='ltr'><strong>intelligitur,</strong></span> <span class='ocrx_word' id='word_1_425' title='bbox 3044 2526 3162 2582; x_wconf 84' lang='lat' dir='ltr'><strong>Hur</strong></span> <span class='ocrx_word' id='word_1_426' title='bbox 3189 2527 3462 2598; x_wconf 88' lang='lat' dir='ltr'><strong>siquidem</strong></span> <span class='ocrx_word' id='word_1_427' title='bbox 3482 2529 3573 2600; x_wconf 85' lang='lat' dir='ltr'><strong>ju-</strong></span> 
     </span>
    </p>
   </div>
   <div class='ocr_carea' id='block_1_57' title="bbox 1991 2617 3574 2689">
    <p class='ocr_par' dir='ltr' id='par_1_57' title="bbox 1991 2617 3574 2689">
     <span class='ocr_line' id='line_1_57' title="bbox 1991 2617 3574 2689; baseline 0.001 -15"><span class='ocrx_word' id='word_1_428' title='bbox 1991 2617 2098 2674; x_wconf 67' lang='lat' dir='ltr'><strong>de:</strong></span> <span class='ocrx_word' id='word_1_429' title='bbox 2131 2618 2521 2689; x_wconf 89' lang='lat' dir='ltr'><strong>integerrimus</strong></span> <span class='ocrx_word' id='word_1_430' title='bbox 2547 2619 2918 2687; x_wconf 85' lang='lat' dir='ltr'><strong>erat;Aaron</strong></span> <span class='ocrx_word' id='word_1_431' title='bbox 2961 2627 3146 2674; x_wconf 90' lang='lat' dir='ltr'><strong>autem</strong></span> <span class='ocrx_word' id='word_1_432' title='bbox 3189 2633 3438 2675; x_wconf 90' lang='lat' dir='ltr'><strong>summus</strong></span> <span class='ocrx_word' id='word_1_433' title='bbox 3485 2635 3574 2675; x_wconf 87' lang='lat' dir='ltr'><strong>sa-</strong></span> 
     </span>
    </p>
   </div>
   <div class='ocr_carea' id='block_1_58' title="bbox 1991 2708 3576 2783">
    <p class='ocr_par' dir='ltr' id='par_1_58' title="bbox 1991 2708 3576 2783">
     <span class='ocr_line' id='line_1_58' title="bbox 1991 2708 3576 2783; baseline 0.001 -18"><span class='ocrx_word' id='word_1_434' title='bbox 1991 2709 2205 2766; x_wconf 89' lang='lat' dir='ltr'><strong>cerdos.</strong></span> <span class='ocrx_word' id='word_1_435' title='bbox 2232 2708 2389 2766; x_wconf 87' lang='lat' dir='ltr'><strong>Unus</strong></span> <span class='ocrx_word' id='word_1_436' title='bbox 2423 2709 2590 2781; x_wconf 84' lang='lat' dir='ltr'><strong>igitur</strong></span> <span class='ocrx_word' id='word_1_437' title='bbox 2635 2719 2897 2783; x_wconf 88' lang='lat' dir='ltr'><strong>tanquam</strong></span> <span class='ocrx_word' id='word_1_438' title='bbox 2945 2708 3004 2765; x_wconf 92' lang='lat' dir='ltr'><strong>in</strong></span> <span class='ocrx_word' id='word_1_439' title='bbox 3044 2719 3278 2780; x_wconf 89' lang='lat' dir='ltr'><strong>utroque</strong></span> <span class='ocrx_word' id='word_1_440' title='bbox 3321 2709 3576 2767; x_wconf 85' lang='lat' dir='ltr'><strong>Christus</strong></span> 
     </span>
    </p>
   </div>
   <div class='ocr_carea' id='block_1_59' title="bbox 1990 2800 3574 2874">
    <p class='ocr_par' dir='ltr' id='par_1_59' title="bbox 1990 2800 3574 2874">
     <span class='ocr_line' id='line_1_59' title="bbox 1990 2800 3574 2874; baseline 0.001 -18"><span class='ocrx_word' id='word_1_441' title='bbox 1990 2810 2094 2865; x_wconf 90' lang='lat' dir='ltr'><strong>est,</strong></span> <span class='ocrx_word' id='word_1_442' title='bbox 2119 2800 2289 2874; x_wconf 81' lang='lat' dir='ltr'><strong>judex</strong></span> <span class='ocrx_word' id='word_1_443' title='bbox 2314 2808 2372 2856; x_wconf 92' lang='lat' dir='ltr'><strong>et</strong></span> <span class='ocrx_word' id='word_1_444' title='bbox 2403 2816 2654 2858; x_wconf 88' lang='lat' dir='ltr'><strong>summus</strong></span> <span class='ocrx_word' id='word_1_445' title='bbox 2683 2802 2961 2870; x_wconf 88' lang='lat' dir='ltr'><strong>sacerdos,</strong></span> <span class='ocrx_word' id='word_1_446' title='bbox 2999 2803 3097 2874; x_wconf 92' lang='lat' dir='ltr'><strong>qui</strong></span> <span class='ocrx_word' id='word_1_447' title='bbox 3138 2801 3399 2873; x_wconf 89' lang='lat' dir='ltr'><strong>reliquias</strong></span> <span class='ocrx_word' id='word_1_448' title='bbox 3431 2801 3574 2858; x_wconf 87' lang='lat' dir='ltr'><strong>ﬁlio-</strong></span> 
     </span>
    </p>
   </div>
   <div class='ocr_carea' id='block_1_60' title="bbox 1992 2891 3574 2965">
    <p class='ocr_par' dir='ltr' id='par_1_60' title="bbox 1992 2891 3574 2965">
     <span class='ocr_line' id='line_1_60' title="bbox 1992 2891 3574 2965; baseline 0.003 -20"><span class='ocrx_word' id='word_1_449' title='bbox 1992 2907 2114 2947; x_wconf 85' lang='lat' dir='ltr'><strong>rum</strong></span> <span class='ocrx_word' id='word_1_450' title='bbox 2158 2891 2324 2948; x_wconf 89' lang='lat' dir='ltr'><strong>Israel</strong></span> <span class='ocrx_word' id='word_1_451' title='bbox 2361 2891 2535 2948; x_wconf 81' lang='lat' dir='ltr'><strong>factas</strong></span> <span class='ocrx_word' id='word_1_452' title='bbox 2575 2907 2674 2964; x_wconf 90' lang='lat' dir='ltr'><strong>per</strong></span> <span class='ocrx_word' id='word_1_453' title='bbox 2719 2891 3046 2948; x_wconf 89' lang='lat' dir='ltr'><strong>electionem</strong></span> <span class='ocrx_word' id='word_1_454' title='bbox 3085 2893 3292 2965; x_wconf 61' lang='lat' dir='ltr'><strong>gratia,</strong></span> <span class='ocrx_word' id='word_1_455' title='bbox 3332 2893 3402 2949; x_wconf 91' lang='lat' dir='ltr'><strong>ad</strong></span> <span class='ocrx_word' id='word_1_456' title='bbox 3451 2909 3574 2949; x_wconf 86' lang='lat' dir='ltr'><strong>eam</strong></span> 
     </span>
    </p>
   </div>
   <div class='ocr_carea' id='block_1_61' title="bbox 1991 2984 3572 3056">
    <p class='ocr_par' dir='ltr' id='par_1_61' title="bbox 1991 2984 3572 3056">
     <span class='ocr_line' id='line_1_61' title="bbox 1991 2984 3572 3056; baseline 0.001 -17"><span class='ocrx_word' id='word_1_457' title='bbox 1991 2991 2219 3056; x_wconf 70' lang='lat' dir='ltr'><strong>quaeest</strong></span> <span class='ocrx_word' id='word_1_458' title='bbox 2256 3000 2323 3041; x_wconf 80' lang='lat' dir='ltr'><strong>ex</strong></span> <span class='ocrx_word' id='word_1_459' title='bbox 2355 2984 2462 3042; x_wconf 92' lang='lat' dir='ltr'><strong>ﬁde</strong></span> <span class='ocrx_word' id='word_1_460' title='bbox 2492 2985 2726 3041; x_wconf 90' lang='lat' dir='ltr'><strong>salutem</strong></span> <span class='ocrx_word' id='word_1_461' title='bbox 2772 2985 3108 3041; x_wconf 87' lang='lat' dir='ltr'><strong>continebat.</strong></span> <span class='ocrx_word' id='word_1_462' title='bbox 3146 2984 3261 3041; x_wconf 84' lang='lat' dir='ltr'><strong>Hoc</strong></span> <span class='ocrx_word' id='word_1_463' title='bbox 3305 2986 3456 3041; x_wconf 90' lang='lat' dir='ltr'><strong>enim</strong></span> <span class='ocrx_word' id='word_1_464' title='bbox 3495 2987 3572 3041; x_wconf 89' lang='lat' dir='ltr'><strong>si-</strong></span> 
     </span>
    </p>
   </div>
   <div class='ocr_carea' id='block_1_62' title="bbox 294 3074 1892 3166">
    <p class='ocr_par' dir='ltr' id='par_1_62' title="bbox 294 3074 1890 3158">
     <span class='ocr_line' id='line_1_62' title="bbox 294 3074 1890 3158; baseline 0.006 -27"><span class='ocrx_word' id='word_1_465' title='bbox 294 3074 517 3145; x_wconf 79' lang='grc' dir='ltr'>Κύριος</span> <span class='ocrx_word' id='word_1_466' title='bbox 536 3074 761 3130; x_wconf 83' lang='grc' dir='ltr'>Σαϐαὼθ</span> <span class='ocrx_word' id='word_1_467' title='bbox 778 3077 1136 3146; x_wconf 76' lang='grc' dir='ltr'>ἐγκατέλιπεν</span> <span class='ocrx_word' id='word_1_468' title='bbox 1149 3081 1283 3151; x_wconf 77' lang='grc' dir='ltr'>ἡμῖν</span> <span class='ocrx_word' id='word_1_469' title='bbox 1303 3081 1545 3154; x_wconf 87' lang='grc' dir='ltr'>σπέρμα,</span> <span class='ocrx_word' id='word_1_470' title='bbox 1563 3085 1640 3148; x_wconf 89' lang='grc' dir='ltr'><strong>ώς</strong></span> <span class='ocrx_word' id='word_1_471' title='bbox 1682 3084 1890 3158; x_wconf 83' lang='grc' dir='ltr'>Σόδομα</span> 
     </span>
    </p>
   </div>
   <div class='ocr_carea' id='block_1_63' title="bbox 1995 3074 3572 3166">
    <p class='ocr_par' dir='ltr' id='par_1_63' title="bbox 1995 3075 3572 3148">
     <span class='ocr_line' id='line_1_63' title="bbox 1995 3075 3572 3148; baseline 0.001 -18"><span class='ocrx_word' id='word_1_472' title='bbox 1995 3075 2236 3148; x_wconf 86' lang='lat' dir='ltr'><strong>gniﬁcari</strong></span> <span class='ocrx_word' id='word_1_473' title='bbox 2289 3083 2423 3145; x_wconf 92' lang='lat' dir='ltr'><strong>puto</strong></span> <span class='ocrx_word' id='word_1_474' title='bbox 2469 3075 2656 3130; x_wconf 83' lang='lat' dir='ltr'><strong>verbis</strong></span> <span class='ocrx_word' id='word_1_475' title='bbox 2701 3075 2811 3130; x_wconf 89' lang='lat' dir='ltr'><strong>illis</strong></span> <span class='ocrx_word' id='word_1_476' title='bbox 2862 3090 2984 3145; x_wconf 71' lang='lat' dir='ltr'><strong>quae</strong></span> <span class='ocrx_word' id='word_1_477' title='bbox 3027 3090 3126 3146; x_wconf 91' lang='lat' dir='ltr'><strong>per</strong></span> <span class='ocrx_word' id='word_1_478' title='bbox 3172 3075 3324 3131; x_wconf 66' lang='lat' dir='ltr'><strong>Isaiae</strong></span> <span class='ocrx_word' id='word_1_479' title='bbox 3381 3090 3572 3131; x_wconf 88' lang='lat' dir='ltr'><strong>vocem</strong></span> 
     </span>
    </p>
   </div>
   <div class='ocr_carea' id='block_1_64' title="bbox 296 3167 1886 3250">
    <p class='ocr_par' dir='ltr' id='par_1_64' title="bbox 296 3167 1886 3250">
     <span class='ocr_line' id='line_1_64' title="bbox 296 3167 1886 3250; baseline 0.008 -28"><span class='ocrx_word' id='word_1_480' title='bbox 296 3168 382 3222; x_wconf 82' lang='grc' dir='ltr'>ἂν</span> <span class='ocrx_word' id='word_1_481' title='bbox 417 3167 776 3240; x_wconf 65' lang='grc' dir='ltr'>ἐγενήθημεν,</span> <span class='ocrx_word' id='word_1_482' title='bbox 809 3171 906 3224; x_wconf 74' lang='grc' dir='ltr'>καὶ</span> <span class='ocrx_word' id='word_1_483' title='bbox 943 3170 1021 3235; x_wconf 84' lang='grc' dir='ltr'><strong>ὡς</strong></span> <span class='ocrx_word' id='word_1_484' title='bbox 1045 3171 1305 3244; x_wconf 77' lang='grc' dir='ltr'>Γόμορρα</span> <span class='ocrx_word' id='word_1_485' title='bbox 1337 3173 1404 3229; x_wconf 81' lang='grc' dir='ltr'>ἂν</span> <span class='ocrx_word' id='word_1_486' title='bbox 1441 3174 1828 3250; x_wconf 79' lang='grc' dir='ltr'>ὡμοιώθημεν.</span> <span class='ocrx_word' id='word_1_487' title='bbox 1865 3198 1886 3233; x_wconf 74' lang='grc' dir='ltr'><strong>ι</strong></span> 
     </span>
    </p>
   </div>
   <div class='ocr_carea' id='block_1_65' title="bbox 294 3261 1890 3342">
    <p class='ocr_par' dir='ltr' id='par_1_65' title="bbox 294 3261 1890 3342">
     <span class='ocr_line' id='line_1_65' title="bbox 294 3261 1890 3342; baseline 0.007 -28"><span class='ocrx_word' id='word_1_488' title='bbox 294 3261 667 3326; x_wconf 74' lang='grc' dir='ltr'>Πεπτωκάτος</span> <span class='ocrx_word' id='word_1_489' title='bbox 686 3262 975 3334; x_wconf 83' lang='grc' dir='ltr'>τοιγαροῦν</span> <span class='ocrx_word' id='word_1_490' title='bbox 994 3263 1090 3319; x_wconf 88' lang='grc' dir='ltr'><strong>τοῦ</strong></span> <span class='ocrx_word' id='word_1_491' title='bbox 1110 3265 1528 3336; x_wconf 86' lang='grc' dir='ltr'>ἀνθεστηκότος,</span> <span class='ocrx_word' id='word_1_492' title='bbox 1550 3285 1624 3339; x_wconf 80' lang='grc' dir='ltr'><strong>φη</strong></span> <span class='ocrx_word' id='word_1_493' title='bbox 1632 3269 1692 3340; x_wconf 73' lang='grc' dir='ltr'><strong>μὶ</strong></span> <span class='ocrx_word' id='word_1_494' title='bbox 1708 3268 1772 3342; x_wconf 81' lang='grc' dir='ltr'>δὴ</span> <span class='ocrx_word' id='word_1_495' title='bbox 1796 3270 1890 3324; x_wconf 89' lang='grc' dir='ltr'><strong>τοῦ</strong></span> 
     </span>
    </p>
   </div>
   <div class='ocr_carea' id='block_1_66' title="bbox 307 3354 1892 3434">
    <p class='ocr_par' dir='ltr' id='par_1_66' title="bbox 307 3354 1892 3434">
     <span class='ocr_line' id='line_1_66' title="bbox 307 3354 1892 3434; baseline 0.008 -29"><span class='ocrx_word' id='word_1_496' title='bbox 307 3354 604 3425; x_wconf 64' lang='grc' dir='ltr'>’Δμαλήιν</span> <span class='ocrx_word' id='word_1_497' title='bbox 634 3373 654 3408; x_wconf 79' lang='grc' dir='ltr'><strong>ε</strong></span> <span class='ocrx_word' id='word_1_498' title='bbox 691 3355 1081 3428; x_wconf 78' lang='grc' dir='ltr'>Κατάγραψον,</span> <span class='ocrx_word' id='word_1_499' title='bbox 1113 3377 1133 3409; x_wconf 77' lang='grc' dir='ltr'><strong>ι</strong></span> <span class='ocrx_word' id='word_1_500' title='bbox 1169 3358 1356 3428; x_wconf 73' lang='grc' dir='ltr'>φησὶν,</span> <span class='ocrx_word' id='word_1_501' title='bbox 1393 3377 1412 3411; x_wconf 79' lang='grc' dir='ltr'><strong>ι</strong></span> <span class='ocrx_word' id='word_1_502' title='bbox 1437 3361 1519 3424; x_wconf 88' lang='grc' dir='ltr'><strong>είς</strong></span> <span class='ocrx_word' id='word_1_503' title='bbox 1550 3362 1892 3434; x_wconf 86' lang='grc' dir='ltr'>μνημόσυνον</span> 
     </span>
    </p>
   </div>
   <div class='ocr_carea' id='block_1_67' title="bbox 291 3443 1885 3524">
    <p class='ocr_par' dir='ltr' id='par_1_67' title="bbox 291 3443 1885 3524">
     <span class='ocr_line' id='line_1_67' title="bbox 291 3443 1885 3524; baseline 0.006 -26"><span class='ocrx_word' id='word_1_504' title='bbox 291 3443 468 3499; x_wconf 78' lang='grc' dir='ltr'>τοῦτο</span> <span class='ocrx_word' id='word_1_505' title='bbox 500 3447 580 3510; x_wconf 89' lang='grc' dir='ltr'><strong>είς</strong></span> <span class='ocrx_word' id='word_1_506' title='bbox 624 3444 852 3515; x_wconf 82' lang='grc' dir='ltr'>βιϐλίον,</span> <span class='ocrx_word' id='word_1_507' title='bbox 895 3449 993 3503; x_wconf 72' lang='grc' dir='ltr'>καὶ</span> <span class='ocrx_word' id='word_1_508' title='bbox 1043 3448 1133 3514; x_wconf 86' lang='grc' dir='ltr'><strong>δδς</strong></span> <span class='ocrx_word' id='word_1_509' title='bbox 1178 3450 1261 3512; x_wconf 87' lang='grc' dir='ltr'><strong>είς</strong></span> <span class='ocrx_word' id='word_1_510' title='bbox 1302 3450 1372 3504; x_wconf 89' lang='grc' dir='ltr'><strong>τά</strong></span> <span class='ocrx_word' id='word_1_511' title='bbox 1421 3443 1538 3505; x_wconf 84' lang='grc' dir='ltr'>ὦτα</span> <span class='ocrx_word' id='word_1_512' title='bbox 1603 3451 1801 3524; x_wconf 86' lang='grc' dir='ltr'>Ἰησοῦ.</span> <span class='ocrx_word' id='word_1_513' title='bbox 1865 3475 1885 3508; x_wconf 71' lang='grc' dir='ltr'><strong>ι</strong></span> 
     </span>
    </p>
   </div>
   <div class='ocr_carea' id='block_1_68' title="bbox 300 3533 1892 3611">
    <p class='ocr_par' dir='ltr' id='par_1_68' title="bbox 300 3533 1892 3611">
     <span class='ocr_line' id='line_1_68' title="bbox 300 3533 1892 3611; baseline 0.005 -24"><span class='ocrx_word' id='word_1_514' title='bbox 300 3533 548 3604; x_wconf 83' lang='grc' dir='ltr'>Ἔμελλε</span> <span class='ocrx_word' id='word_1_515' title='bbox 589 3535 698 3607; x_wconf 84' lang='grc' dir='ltr'><strong>γὰρ</strong></span> <span class='ocrx_word' id='word_1_516' title='bbox 722 3535 814 3590; x_wconf 85' lang='grc' dir='ltr'><strong>διὰ</strong></span> <span class='ocrx_word' id='word_1_517' title='bbox 843 3536 946 3607; x_wconf 82' lang='grc' dir='ltr'>τῆς</span> <span class='ocrx_word' id='word_1_518' title='bbox 974 3537 1084 3593; x_wconf 91' lang='grc' dir='ltr'><strong>τῶν</strong></span> <span class='ocrx_word' id='word_1_519' title='bbox 1127 3536 1299 3607; x_wconf 85' lang='grc' dir='ltr'>ἁγίων</span> <span class='ocrx_word' id='word_1_520' title='bbox 1323 3537 1728 3608; x_wconf 83' lang='grc' dir='ltr'>εὐαγγελιστῶν</span> <span class='ocrx_word' id='word_1_521' title='bbox 1761 3558 1892 3611; x_wconf 85' lang='grc' dir='ltr'>συγ-</span> 
     </span>
    </p>
   </div>
   <div class='ocr_carea' id='block_1_69' title="bbox 295 3626 1890 3702">
    <p class='ocr_par' dir='ltr' id='par_1_69' title="bbox 295 3626 1890 3702">
     <span class='ocr_line' id='line_1_69' title="bbox 295 3626 1890 3702; baseline 0.005 -24"><span class='ocrx_word' id='word_1_522' title='bbox 295 3626 535 3697; x_wconf 71' lang='grc' dir='ltr'>γραφῆς</span> <span class='ocrx_word' id='word_1_523' title='bbox 587 3629 669 3692; x_wconf 89' lang='grc' dir='ltr'><strong>είς</strong></span> <span class='ocrx_word' id='word_1_524' title='bbox 709 3628 1069 3701; x_wconf 76' lang='grc' dir='ltr'>ἀτελεύτητον</span> <span class='ocrx_word' id='word_1_525' title='bbox 1117 3630 1213 3683; x_wconf 80' lang='grc' dir='ltr'><strong>καὶ</strong></span> <span class='ocrx_word' id='word_1_526' title='bbox 1264 3629 1484 3702; x_wconf 78' lang='grc' dir='ltr'>μακρὰν</span> <span class='ocrx_word' id='word_1_527' title='bbox 1551 3633 1890 3688; x_wconf 63' lang='grc' dir='ltr'>ἐπιτείνεσθαι</span> 
     </span>
    </p>
   </div>
   <div class='ocr_carea' id='block_1_70' title="bbox 297 3717 1890 3796">
    <p class='ocr_par' dir='ltr' id='par_1_70' title="bbox 297 3717 1890 3796">
     <span class='ocr_line' id='line_1_70' title="bbox 297 3717 1890 3796; baseline 0.004 -25"><span class='ocrx_word' id='word_1_528' title='bbox 297 3717 535 3789; x_wconf 78' lang='grc' dir='ltr'>μνήμην</span> <span class='ocrx_word' id='word_1_529' title='bbox 583 3719 654 3774; x_wconf 88' lang='grc' dir='ltr'><strong>τά</strong></span> <span class='ocrx_word' id='word_1_530' title='bbox 683 3719 774 3774; x_wconf 84' lang='grc' dir='ltr'><strong>διά</strong></span> <span class='ocrx_word' id='word_1_531' title='bbox 808 3721 1046 3792; x_wconf 83' lang='grc' dir='ltr'>Χριστοῦ</span> <span class='ocrx_word' id='word_1_532' title='bbox 1073 3721 1499 3794; x_wconf 83' lang='grc' dir='ltr'>κατορθώματα.</span> <span class='ocrx_word' id='word_1_533' title='bbox 1552 3723 1799 3780; x_wconf 85' lang='grc' dir='ltr'>Δίδοσθαί</span> <span class='ocrx_word' id='word_1_534' title='bbox 1826 3743 1890 3796; x_wconf 87' lang='grc' dir='ltr'><strong>γε</strong></span> 
     </span>
    </p>
   </div>
   <div class='ocr_carea' id='block_1_71' title="bbox 297 3807 1886 3889">
    <p class='ocr_par' dir='ltr' id='par_1_71' title="bbox 297 3807 1886 3889">
     <span class='ocr_line' id='line_1_71' title="bbox 297 3807 1886 3889; baseline 0.006 -27"><span class='ocrx_word' id='word_1_535' title='bbox 297 3807 422 3878; x_wconf 76' lang='grc' dir='ltr'>μὴν</span> <span class='ocrx_word' id='word_1_536' title='bbox 463 3809 568 3882; x_wconf 70' lang='grc' dir='ltr'><strong>ἔφη</strong></span> <span class='ocrx_word' id='word_1_537' title='bbox 609 3811 711 3882; x_wconf 81' lang='grc' dir='ltr'>τὴν</span> <span class='ocrx_word' id='word_1_538' title='bbox 752 3811 1077 3884; x_wconf 79' lang='grc' dir='ltr'>συγγραφὴν</span> <span class='ocrx_word' id='word_1_539' title='bbox 1125 3815 1207 3877; x_wconf 83' lang='grc' dir='ltr'><strong>είς</strong></span> <span class='ocrx_word' id='word_1_540' title='bbox 1247 3814 1318 3868; x_wconf 83' lang='grc' dir='ltr'><strong>τὰ</strong></span> <span class='ocrx_word' id='word_1_541' title='bbox 1366 3807 1484 3869; x_wconf 78' lang='grc' dir='ltr'>ὦτα</span> <span class='ocrx_word' id='word_1_542' title='bbox 1531 3815 1626 3870; x_wconf 89' lang='grc' dir='ltr'><strong>τοῦ</strong></span> <span class='ocrx_word' id='word_1_543' title='bbox 1694 3817 1886 3889; x_wconf 88' lang='grc' dir='ltr'>Ἰησοῦ.</span> 
     </span>
    </p>
   </div>
   <div class='ocr_carea' id='block_1_72' title="bbox 310 3900 1892 3983">
    <p class='ocr_par' dir='ltr' id='par_1_72' title="bbox 310 3900 1892 3983">
     <span class='ocr_line' id='line_1_72' title="bbox 310 3900 1892 3983; baseline 0.006 -29"><span class='ocrx_word' id='word_1_544' title='bbox 310 3900 604 3971; x_wconf 80' lang='grc' dir='ltr'>’Δνάθημα</span> <span class='ocrx_word' id='word_1_545' title='bbox 646 3903 757 3973; x_wconf 79' lang='grc' dir='ltr'><strong>γὰρ</strong></span> <span class='ocrx_word' id='word_1_546' title='bbox 802 3903 992 3976; x_wconf 87' lang='grc' dir='ltr'>ῶσπερ</span> <span class='ocrx_word' id='word_1_547' title='bbox 1039 3905 1252 3960; x_wconf 69' lang='grc' dir='ltr'>ἔπαινοί</span> <span class='ocrx_word' id='word_1_548' title='bbox 1292 3919 1353 3959; x_wconf 82' lang='grc' dir='ltr'><strong>τε</strong></span> <span class='ocrx_word' id='word_1_549' title='bbox 1392 3909 1486 3963; x_wconf 76' lang='grc' dir='ltr'>καὶ</span> <span class='ocrx_word' id='word_1_550' title='bbox 1531 3906 1786 3981; x_wconf 71' lang='grc' dir='ltr'>ἐγκώμια</span> <span class='ocrx_word' id='word_1_551' title='bbox 1816 3908 1892 3983; x_wconf 79' lang='grc' dir='ltr'><strong>τῷ</strong></span> 
     </span>
    </p>
   </div>
   <div class='ocr_carea' id='block_1_73' title="bbox 293 3991 1892 4070">
    <p class='ocr_par' dir='ltr' id='par_1_73' title="bbox 293 3991 1892 4070">
     <span class='ocr_line' id='line_1_73' title="bbox 293 3991 1892 4070; baseline 0.005 -22"><span class='ocrx_word' id='word_1_552' title='bbox 293 3991 532 4063; x_wconf 80' lang='grc' dir='ltr'>Χριστῷ</span> <span class='ocrx_word' id='word_1_553' title='bbox 570 3993 642 4048; x_wconf 89' lang='grc' dir='ltr'><strong>τά</strong></span> <span class='ocrx_word' id='word_1_554' title='bbox 681 3995 792 4050; x_wconf 87' lang='grc' dir='ltr'><strong>τῶν</strong></span> <span class='ocrx_word' id='word_1_555' title='bbox 837 3995 1010 4065; x_wconf 84' lang='grc' dir='ltr'>ἁγίων</span> <span class='ocrx_word' id='word_1_556' title='bbox 1063 3997 1494 4070; x_wconf 85' lang='grc' dir='ltr'>συγγράμματα.</span> <span class='ocrx_word' id='word_1_557' title='bbox 1532 4001 1892 4067; x_wconf 86' lang='grc' dir='ltr'>Πεπτωκότος</span> 
     </span>
    </p>
   </div>
   <div class='ocr_carea' id='block_1_74' title="bbox 295 4081 1891 4162">
    <p class='ocr_par' dir='ltr' id='par_1_74' title="bbox 295 4081 1891 4162">
     <span class='ocr_line' id='line_1_74' title="bbox 295 4081 1891 4162; baseline 0.008 -28"><span class='ocrx_word' id='word_1_558' title='bbox 295 4081 363 4134; x_wconf 77' lang='grc' dir='ltr'>δὲ</span> <span class='ocrx_word' id='word_1_559' title='bbox 409 4082 515 4154; x_wconf 81' lang='grc' dir='ltr'><strong>ήδη</strong></span> <span class='ocrx_word' id='word_1_560' title='bbox 545 4083 640 4139; x_wconf 83' lang='grc' dir='ltr'><strong>καὶ</strong></span> <span class='ocrx_word' id='word_1_561' title='bbox 684 4085 1038 4157; x_wconf 85' lang='grc' dir='ltr'>νενικημένου</span> <span class='ocrx_word' id='word_1_562' title='bbox 1080 4087 1174 4142; x_wconf 91' lang='grc' dir='ltr'><strong>τοῦ</strong></span> <span class='ocrx_word' id='word_1_563' title='bbox 1217 4089 1486 4161; x_wconf 79' lang='grc' dir='ltr'>Ἀμαλὴκ,</span> <span class='ocrx_word' id='word_1_564' title='bbox 1539 4090 1824 4162; x_wconf 84' lang='grc' dir='ltr'>ἀνίστησιν</span> <span class='ocrx_word' id='word_1_565' title='bbox 1861 4094 1891 4146; x_wconf 82' lang='grc' dir='ltr'><strong>ὁ</strong></span> 
     </span>
    </p>
   </div>
   <div class='ocr_carea' id='block_1_75' title="bbox 292 4174 1891 4253">
    <p class='ocr_par' dir='ltr' id='par_1_75' title="bbox 292 4174 1891 4253">
     <span class='ocr_line' id='line_1_75' title="bbox 292 4174 1891 4253; baseline 0.005 -25"><span class='ocrx_word' id='word_1_566' title='bbox 292 4174 513 4245; x_wconf 75' lang='grc' dir='ltr'>Μωσῆς</span> <span class='ocrx_word' id='word_1_567' title='bbox 567 4174 958 4249; x_wconf 80' lang='grc' dir='ltr'>θυσιαστήριον</span> <span class='ocrx_word' id='word_1_568' title='bbox 1005 4178 1084 4251; x_wconf 84' lang='grc' dir='ltr'>τῷ</span> <span class='ocrx_word' id='word_1_569' title='bbox 1133 4178 1284 4251; x_wconf 85' lang='grc' dir='ltr'>Θεῷ·</span> <span class='ocrx_word' id='word_1_570' title='bbox 1315 4180 1659 4253; x_wconf 81' lang='grc' dir='ltr'>καταγράφει</span> <span class='ocrx_word' id='word_1_571' title='bbox 1704 4182 1760 4236; x_wconf 80' lang='grc' dir='ltr'>δὲ</span> <span class='ocrx_word' id='word_1_572' title='bbox 1799 4183 1891 4238; x_wconf 74' lang='grc' dir='ltr'>καὶ</span> 
     </span>
    </p>
   </div>
   <div class='ocr_carea' id='block_1_76' title="bbox 291 4264 1890 4346">
    <p class='ocr_par' dir='ltr' id='par_1_76' title="bbox 291 4264 1890 4346">
     <span class='ocr_line' id='line_1_76' title="bbox 291 4264 1890 4346; baseline 0.007 -28"><span class='ocrx_word' id='word_1_573' title='bbox 291 4264 455 4336; x_wconf 80' lang='grc' dir='ltr'><strong>αὐτῷ</strong></span> <span class='ocrx_word' id='word_1_574' title='bbox 488 4265 681 4337; x_wconf 72' lang='grc' dir='ltr'>ὄνομα,</span> <span class='ocrx_word' id='word_1_575' title='bbox 717 4287 738 4324; x_wconf 75' lang='grc' dir='ltr'><strong>ε</strong></span> <span class='ocrx_word' id='word_1_576' title='bbox 777 4270 982 4341; x_wconf 75' lang='grc' dir='ltr'>Κύριός</span> <span class='ocrx_word' id='word_1_577' title='bbox 1013 4288 1138 4342; x_wconf 88' lang='grc' dir='ltr'>μου,</span> <span class='ocrx_word' id='word_1_578' title='bbox 1175 4274 1463 4345; x_wconf 80' lang='grc' dir='ltr'>καταφυγή</span> <span class='ocrx_word' id='word_1_579' title='bbox 1491 4291 1616 4346; x_wconf 89' lang='grc' dir='ltr'>μου.</span> <span class='ocrx_word' id='word_1_580' title='bbox 1650 4293 1668 4326; x_wconf 77' lang='grc' dir='ltr'><strong>ι</strong></span> <span class='ocrx_word' id='word_1_581' title='bbox 1708 4274 1890 4340; x_wconf 87' lang='grc' dir='ltr'>Τύπος</span> 
     </span>
    </p>
   </div>
   <div class='ocr_carea' id='block_1_77' title="bbox 290 4353 1888 4437">
    <p class='ocr_par' dir='ltr' id='par_1_77' title="bbox 290 4353 1888 4437">
     <span class='ocr_line' id='line_1_77' title="bbox 290 4353 1888 4437; baseline 0.006 -29"><span class='ocrx_word' id='word_1_582' title='bbox 290 4356 357 4409; x_wconf 79' lang='grc' dir='ltr'>δὲ</span> <span class='ocrx_word' id='word_1_583' title='bbox 390 4353 460 4409; x_wconf 78' lang='grc' dir='ltr'><strong>ἀν</strong></span> <span class='ocrx_word' id='word_1_584' title='bbox 484 4357 570 4427; x_wconf 85' lang='grc' dir='ltr'><strong>είη</strong></span> <span class='ocrx_word' id='word_1_585' title='bbox 597 4357 693 4412; x_wconf 85' lang='grc' dir='ltr'>καὶ</span> <span class='ocrx_word' id='word_1_586' title='bbox 720 4358 877 4414; x_wconf 87' lang='grc' dir='ltr'>τοῦτο</span> <span class='ocrx_word' id='word_1_587' title='bbox 889 4361 1149 4432; x_wconf 82' lang='grc' dir='ltr'>Χριστοῦ.</span> <span class='ocrx_word' id='word_1_588' title='bbox 1173 4362 1376 4433; x_wconf 85' lang='grc' dir='ltr'>Κύριος</span> <span class='ocrx_word' id='word_1_589' title='bbox 1417 4363 1526 4435; x_wconf 90' lang='grc' dir='ltr'><strong>γάρ</strong></span> <span class='ocrx_word' id='word_1_590' title='bbox 1548 4367 1678 4437; x_wconf 74' lang='grc' dir='ltr'>ἡμῖν</span> <span class='ocrx_word' id='word_1_591' title='bbox 1699 4366 1888 4436; x_wconf 83' lang='grc' dir='ltr'>γέγονε</span> 
     </span>
    </p>
   </div>
   <div class='ocr_carea' id='block_1_78' title="bbox 1993 3165 3575 3238">
    <p class='ocr_par' dir='ltr' id='par_1_78' title="bbox 1993 3165 3575 3238">
     <span class='ocr_line' id='line_1_78' title="bbox 1993 3165 3575 3238; baseline 0.003 -18"><span class='ocrx_word' id='word_1_592' title='bbox 1993 3165 2313 3238; x_wconf 87' lang='lat' dir='ltr'><strong>prophetice</strong></span> <span class='ocrx_word' id='word_1_593' title='bbox 2339 3166 2485 3224; x_wconf 89' lang='lat' dir='ltr'><strong>dicta</strong></span> <span class='ocrx_word' id='word_1_594' title='bbox 2510 3177 2674 3223; x_wconf 89' lang='lat' dir='ltr'><strong>sunt:</strong></span> <span class='ocrx_word' id='word_1_595' title='bbox 2715 3186 2734 3219; x_wconf 83' lang='grc' dir='ltr'><strong>ι</strong></span> <span class='ocrx_word' id='word_1_596' title='bbox 2774 3168 2844 3222; x_wconf 86' lang='grc' dir='ltr'>Ει</span> <span class='ocrx_word' id='word_1_597' title='bbox 2873 3169 2983 3223; x_wconf 89' lang='lat' dir='ltr'><strong>nisi</strong></span> <span class='ocrx_word' id='word_1_598' title='bbox 3024 3169 3291 3225; x_wconf 88' lang='lat' dir='ltr'><strong>Dominus</strong></span> <span class='ocrx_word' id='word_1_599' title='bbox 3334 3169 3575 3226; x_wconf 85' lang='lat' dir='ltr'><strong>Sabaoth</strong></span> 
     </span>
    </p>
   </div>
   <div class='ocr_carea' id='block_1_79' title="bbox 1995 3258 3575 3330">
    <p class='ocr_par' dir='ltr' id='par_1_79' title="bbox 1995 3258 3575 3330">
     <span class='ocr_line' id='line_1_79' title="bbox 1995 3258 3575 3330; baseline 0.003 -17"><span class='ocrx_word' id='word_1_600' title='bbox 1995 3259 2312 3330; x_wconf 89' lang='lat' dir='ltr'><strong>reliquisset</strong></span> <span class='ocrx_word' id='word_1_601' title='bbox 2340 3258 2502 3314; x_wconf 91' lang='lat' dir='ltr'><strong>nobis</strong></span> <span class='ocrx_word' id='word_1_602' title='bbox 2536 3273 2746 3326; x_wconf 88' lang='lat' dir='ltr'><strong>semen,</strong></span> <span class='ocrx_word' id='word_1_603' title='bbox 2775 3267 2836 3314; x_wconf 92' lang='lat' dir='ltr'><strong>ut</strong></span> <span class='ocrx_word' id='word_1_604' title='bbox 2865 3259 3102 3316; x_wconf 90' lang='lat' dir='ltr'><strong>Sodoma</strong></span> <span class='ocrx_word' id='word_1_605' title='bbox 3148 3261 3467 3327; x_wconf 80' lang='lat' dir='ltr'><strong>fuissemus,</strong></span> <span class='ocrx_word' id='word_1_606' title='bbox 3518 3269 3575 3319; x_wconf 92' lang='lat' dir='ltr'><strong>et</strong></span> 
     </span>
    </p>
   </div>
   <div class='ocr_carea' id='block_1_80' title="bbox 1993 3349 3574 3420">
    <p class='ocr_par' dir='ltr' id='par_1_80' title="bbox 1993 3349 3574 3420">
     <span class='ocr_line' id='line_1_80' title="bbox 1993 3349 3574 3420; baseline 0.002 -16"><span class='ocrx_word' id='word_1_607' title='bbox 1993 3350 2150 3420; x_wconf 88' lang='lat' dir='ltr'><strong>quasi</strong></span> <span class='ocrx_word' id='word_1_608' title='bbox 2191 3349 2497 3405; x_wconf 88' lang='lat' dir='ltr'><strong>Gomorrba</strong></span> <span class='ocrx_word' id='word_1_609' title='bbox 2541 3349 2748 3404; x_wconf 79' lang='lat' dir='ltr'><strong>similes</strong></span> <span class='ocrx_word' id='word_1_610' title='bbox 2785 3349 2914 3405; x_wconf 85' lang='lat' dir='ltr'><strong>facti</strong></span> <span class='ocrx_word' id='word_1_611' title='bbox 2966 3367 3214 3407; x_wconf 90' lang='lat' dir='ltr'><strong>essemus</strong></span> <span class='ocrx_word' id='word_1_612' title='bbox 3249 3353 3315 3406; x_wconf 71' lang='grc'><strong>⁸⁸.</strong></span> <span class='ocrx_word' id='word_1_613' title='bbox 3365 3372 3384 3404; x_wconf 72' lang='grc' dir='ltr'><strong>ι</strong></span> <span class='ocrx_word' id='word_1_614' title='bbox 3433 3353 3574 3409; x_wconf 86' lang='lat' dir='ltr'><strong>Cum</strong></span> 
     </span>
    </p>
   </div>
   <div class='ocr_carea' id='block_1_81' title="bbox 1993 3442 3570 3516">
    <p class='ocr_par' dir='ltr' id='par_1_81' title="bbox 1993 3442 3570 3516">
     <span class='ocr_line' id='line_1_81' title="bbox 1993 3442 3570 3516; baseline 0.001 -17"><span class='ocrx_word' id='word_1_615' title='bbox 1993 3443 2161 3515; x_wconf 81' lang='lat' dir='ltr'><strong>igitur</strong></span> <span class='ocrx_word' id='word_1_616' title='bbox 2183 3445 2231 3500; x_wconf 90' lang='lat' dir='ltr'><strong>is</strong></span> <span class='ocrx_word' id='word_1_617' title='bbox 2251 3443 2347 3515; x_wconf 88' lang='lat' dir='ltr'><strong>qui</strong></span> <span class='ocrx_word' id='word_1_618' title='bbox 2371 3442 2693 3510; x_wconf 89' lang='lat' dir='ltr'><strong>obsistebat,</strong></span> <span class='ocrx_word' id='word_1_619' title='bbox 2728 3444 2970 3511; x_wconf 87' lang='lat' dir='ltr'><strong>Amalec,</strong></span> <span class='ocrx_word' id='word_1_620' title='bbox 2996 3446 3240 3516; x_wconf 87' lang='lat' dir='ltr'><strong>inquam,</strong></span> <span class='ocrx_word' id='word_1_621' title='bbox 3257 3447 3570 3512; x_wconf 82' lang='lat' dir='ltr'><strong>cecidisset,</strong></span> 
     </span>
    </p>
   </div>
   <div class='ocr_carea' id='block_1_82' title="bbox 2001 3535 3573 3606">
    <p class='ocr_par' dir='ltr' id='par_1_82' title="bbox 2001 3535 3573 3606">
     <span class='ocr_line' id='line_1_82' title="bbox 2001 3535 3573 3606; baseline 0.003 -16"><span class='ocrx_word' id='word_1_622' title='bbox 2001 3556 2020 3590; x_wconf 82' lang='grc' dir='ltr'><strong>ι</strong></span> <span class='ocrx_word' id='word_1_623' title='bbox 2050 3537 2264 3602; x_wconf 90' lang='lat' dir='ltr'><strong>Scribe,</strong></span> <span class='ocrx_word' id='word_1_624' title='bbox 2295 3555 2314 3590; x_wconf 72' lang='grc' dir='ltr'><strong>ι</strong></span> <span class='ocrx_word' id='word_1_625' title='bbox 2354 3535 2554 3606; x_wconf 90' lang='lat' dir='ltr'><strong>inquit,</strong></span> <span class='ocrx_word' id='word_1_626' title='bbox 2595 3555 2610 3587; x_wconf 82' lang='grc' dir='ltr'><strong>ι</strong></span> <span class='ocrx_word' id='word_1_627' title='bbox 2643 3535 2750 3592; x_wconf 91' lang='lat' dir='ltr'><strong>hoc</strong></span> <span class='ocrx_word' id='word_1_628' title='bbox 2787 3535 2855 3591; x_wconf 92' lang='lat' dir='ltr'><strong>ad</strong></span> <span class='ocrx_word' id='word_1_629' title='bbox 2880 3537 3202 3592; x_wconf 90' lang='lat' dir='ltr'><strong>memoriam</strong></span> <span class='ocrx_word' id='word_1_630' title='bbox 3241 3537 3296 3592; x_wconf 91' lang='lat' dir='ltr'><strong>in</strong></span> <span class='ocrx_word' id='word_1_631' title='bbox 3320 3539 3484 3604; x_wconf 89' lang='lat' dir='ltr'><strong>libro,</strong></span> <span class='ocrx_word' id='word_1_632' title='bbox 3516 3552 3573 3595; x_wconf 90' lang='lat' dir='ltr'><strong>et</strong></span> 
     </span>
    </p>
   </div>
   <div class='ocr_carea' id='block_1_83' title="bbox 1993 3627 3570 3700">
    <p class='ocr_par' dir='ltr' id='par_1_83' title="bbox 1993 3627 3570 3700">
     <span class='ocr_line' id='line_1_83' title="bbox 1993 3627 3570 3700; baseline 0.002 -17"><span class='ocrx_word' id='word_1_633' title='bbox 1993 3627 2150 3684; x_wconf 89' lang='lat' dir='ltr'><strong>dabis</strong></span> <span class='ocrx_word' id='word_1_634' title='bbox 2179 3627 2234 3682; x_wconf 92' lang='lat' dir='ltr'><strong>in</strong></span> <span class='ocrx_word' id='word_1_635' title='bbox 2265 3643 2428 3683; x_wconf 90' lang='lat' dir='ltr'><strong>aures</strong></span> <span class='ocrx_word' id='word_1_636' title='bbox 2454 3627 2620 3684; x_wconf 81' lang='lat' dir='ltr'><strong>Josue</strong></span> <span class='ocrx_word' id='word_1_637' title='bbox 2657 3627 2725 3680; x_wconf 81' lang='lat'><strong>&quot;.</strong></span> <span class='ocrx_word' id='word_1_638' title='bbox 2757 3647 2775 3679; x_wconf 76' lang='grc' dir='ltr'><strong>ι</strong></span> <span class='ocrx_word' id='word_1_639' title='bbox 2809 3629 2979 3683; x_wconf 87' lang='lat' dir='ltr'><strong>Erant</strong></span> <span class='ocrx_word' id='word_1_640' title='bbox 3016 3629 3164 3684; x_wconf 89' lang='lat' dir='ltr'><strong>enim</strong></span> <span class='ocrx_word' id='word_1_641' title='bbox 3192 3631 3452 3700; x_wconf 84' lang='lat' dir='ltr'><strong>praeclara</strong></span> <span class='ocrx_word' id='word_1_642' title='bbox 3480 3632 3570 3686; x_wconf 87' lang='lat' dir='ltr'><strong>illa</strong></span> 
     </span>
    </p>
   </div>
   <div class='ocr_carea' id='block_1_84' title="bbox 1991 3719 3573 3793">
    <p class='ocr_par' dir='ltr' id='par_1_84' title="bbox 1991 3719 3573 3793">
     <span class='ocr_line' id='line_1_84' title="bbox 1991 3719 3573 3793; baseline 0.002 -17"><span class='ocrx_word' id='word_1_643' title='bbox 1991 3719 2196 3776; x_wconf 87' lang='lat' dir='ltr'><strong>Christi</strong></span> <span class='ocrx_word' id='word_1_644' title='bbox 2253 3728 2404 3792; x_wconf 86' lang='lat' dir='ltr'><strong>gesta</strong></span> <span class='ocrx_word' id='word_1_645' title='bbox 2468 3720 2742 3777; x_wconf 70' lang='lat' dir='ltr'><strong>diuturna:</strong></span> <span class='ocrx_word' id='word_1_646' title='bbox 2785 3721 3247 3793; x_wconf 66' lang='lat' dir='ltr'><strong>sempiternaaque</strong></span> <span class='ocrx_word' id='word_1_647' title='bbox 3295 3725 3573 3780; x_wconf 73' lang='lat' dir='ltr'><strong>memoriae</strong></span> 
     </span>
    </p>
   </div>
   <div class='ocr_carea' id='block_1_85' title="bbox 1991 3811 3570 3883">
    <p class='ocr_par' dir='ltr' id='par_1_85' title="bbox 1991 3811 3570 3883">
     <span class='ocr_line' id='line_1_85' title="bbox 1991 3811 3570 3883; baseline 0 -17"><span class='ocrx_word' id='word_1_648' title='bbox 1991 3818 2307 3866; x_wconf 89' lang='lat' dir='ltr'><strong>sanctorum</strong></span> <span class='ocrx_word' id='word_1_649' title='bbox 2349 3811 2810 3883; x_wconf 85' lang='lat' dir='ltr'><strong>evangelistarum</strong></span> <span class='ocrx_word' id='word_1_650' title='bbox 2853 3811 3073 3883; x_wconf 89' lang='lat' dir='ltr'><strong>scriptis</strong></span> <span class='ocrx_word' id='word_1_651' title='bbox 3120 3813 3570 3869; x_wconf 88' lang='lat' dir='ltr'><strong>commendanda.</strong></span> 
     </span>
    </p>
   </div>
   <div class='ocr_carea' id='block_1_86' title="bbox 1991 3899 3572 3974">
    <p class='ocr_par' dir='ltr' id='par_1_86' title="bbox 1991 3899 3572 3974">
     <span class='ocr_line' id='line_1_86' title="bbox 1991 3899 3572 3974; baseline 0.004 -20"><span class='ocrx_word' id='word_1_652' title='bbox 1991 3899 2118 3954; x_wconf 93' lang='lat' dir='ltr'><strong>Dari</strong></span> <span class='ocrx_word' id='word_1_653' title='bbox 2144 3916 2363 3972; x_wconf 89' lang='lat' dir='ltr'><strong>quoque</strong></span> <span class='ocrx_word' id='word_1_654' title='bbox 2390 3901 2556 3972; x_wconf 89' lang='lat' dir='ltr'><strong>jussit</strong></span> <span class='ocrx_word' id='word_1_655' title='bbox 2579 3902 2784 3974; x_wconf 92' lang='lat' dir='ltr'><strong>scripta</strong></span> <span class='ocrx_word' id='word_1_656' title='bbox 2819 3903 2911 3958; x_wconf 91' lang='lat' dir='ltr'><strong>illa</strong></span> <span class='ocrx_word' id='word_1_657' title='bbox 2935 3905 2990 3958; x_wconf 90' lang='lat' dir='ltr'><strong>in</strong></span> <span class='ocrx_word' id='word_1_658' title='bbox 3011 3919 3174 3958; x_wconf 90' lang='lat' dir='ltr'><strong>aures</strong></span> <span class='ocrx_word' id='word_1_659' title='bbox 3208 3904 3408 3961; x_wconf 86' lang='lat' dir='ltr'><strong>Josuc:</strong></span> <span class='ocrx_word' id='word_1_660' title='bbox 3449 3905 3572 3960; x_wconf 89' lang='lat' dir='ltr'><strong>illo-</strong></span> 
     </span>
    </p>
   </div>
   <div class='ocr_carea' id='block_1_87' title="bbox 1991 3994 3574 4063">
    <p class='ocr_par' dir='ltr' id='par_1_87' title="bbox 1991 3994 3574 4063">
     <span class='ocr_line' id='line_1_87' title="bbox 1991 3994 3574 4063; baseline 0.002 -17"><span class='ocrx_word' id='word_1_661' title='bbox 1991 4005 2114 4046; x_wconf 90' lang='lat' dir='ltr'><strong>rum</strong></span> <span class='ocrx_word' id='word_1_662' title='bbox 2134 4007 2370 4063; x_wconf 90' lang='lat' dir='ltr'><strong>namque</strong></span> <span class='ocrx_word' id='word_1_663' title='bbox 2399 4001 2717 4050; x_wconf 89' lang='lat' dir='ltr'><strong>sanctorum</strong></span> <span class='ocrx_word' id='word_1_664' title='bbox 2749 3994 2994 4049; x_wconf 90' lang='lat' dir='ltr'><strong>virorum</strong></span> <span class='ocrx_word' id='word_1_665' title='bbox 3017 4004 3394 4060; x_wconf 87' lang='lat' dir='ltr'><strong>monumenta,</strong></span> <span class='ocrx_word' id='word_1_666' title='bbox 3421 3996 3574 4050; x_wconf 91' lang='lat' dir='ltr'><strong>velut</strong></span> 
     </span>
    </p>
   </div>
   <div class='ocr_carea' id='block_1_88' title="bbox 1993 4081 3569 4156">
    <p class='ocr_par' dir='ltr' id='par_1_88' title="bbox 1993 4081 3569 4156">
     <span class='ocr_line' id='line_1_88' title="bbox 1993 4081 3569 4156; baseline 0.001 -18"><span class='ocrx_word' id='word_1_667' title='bbox 1993 4081 2192 4138; x_wconf 80' lang='lat' dir='ltr'><strong>selecta</strong></span> <span class='ocrx_word' id='word_1_668' title='bbox 2211 4081 2357 4138; x_wconf 91' lang='lat' dir='ltr'><strong>dona</strong></span> <span class='ocrx_word' id='word_1_669' title='bbox 2376 4082 2717 4152; x_wconf 58' lang='lat' dir='ltr'><strong>quadammc</strong></span> <span class='ocrx_word' id='word_1_670' title='bbox 2739 4091 2997 4152; x_wconf 88' lang='lat' dir='ltr'><strong>tanquam</strong></span> <span class='ocrx_word' id='word_1_671' title='bbox 3019 4084 3210 4140; x_wconf 89' lang='lat' dir='ltr'><strong>laudes</strong></span> <span class='ocrx_word' id='word_1_672' title='bbox 3224 4093 3280 4139; x_wconf 89' lang='lat' dir='ltr'><strong>et</strong></span> <span class='ocrx_word' id='word_1_673' title='bbox 3298 4087 3569 4156; x_wconf 64' lang='lat' dir='ltr'><strong>prreconia</strong></span> 
     </span>
    </p>
   </div>
   <div class='ocr_carea' id='block_1_89' title="bbox 1990 4169 3572 4246">
    <p class='ocr_par' dir='ltr' id='par_1_89' title="bbox 1990 4169 3572 4246">
     <span class='ocr_line' id='line_1_89' title="bbox 1990 4169 3572 4246; baseline 0.003 -18"><span class='ocrx_word' id='word_1_674' title='bbox 1990 4169 2210 4228; x_wconf 88' lang='lat' dir='ltr'><strong>Christo</strong></span> <span class='ocrx_word' id='word_1_675' title='bbox 2230 4171 2409 4228; x_wconf 90' lang='lat' dir='ltr'><strong>dicata</strong></span> <span class='ocrx_word' id='word_1_676' title='bbox 2428 4180 2576 4227; x_wconf 91' lang='lat' dir='ltr'><strong>sunt.</strong></span> <span class='ocrx_word' id='word_1_677' title='bbox 2617 4172 2909 4245; x_wconf 84' lang='lat' dir='ltr'><strong>Proﬁigato</strong></span> <span class='ocrx_word' id='word_1_678' title='bbox 2945 4175 3112 4246; x_wconf 85' lang='lat' dir='ltr'><strong>igitur</strong></span> <span class='ocrx_word' id='word_1_679' title='bbox 3147 4191 3214 4232; x_wconf 90' lang='lat' dir='ltr'><strong>ac</strong></span> <span class='ocrx_word' id='word_1_680' title='bbox 3248 4177 3392 4232; x_wconf 80' lang='lat' dir='ltr'><strong>victo</strong></span> <span class='ocrx_word' id='word_1_681' title='bbox 3411 4178 3572 4232; x_wconf 83' lang='lat' dir='ltr'><strong>Ama-</strong></span> 
     </span>
    </p>
   </div>
   <div class='ocr_carea' id='block_1_90' title="bbox 1989 4261 3571 4336">
    <p class='ocr_par' dir='ltr' id='par_1_90' title="bbox 1989 4261 3571 4336">
     <span class='ocr_line' id='line_1_90' title="bbox 1989 4261 3571 4336; baseline 0.004 -20"><span class='ocrx_word' id='word_1_682' title='bbox 1989 4262 2094 4328; x_wconf 89' lang='lat' dir='ltr'><strong>lec,</strong></span> <span class='ocrx_word' id='word_1_683' title='bbox 2132 4262 2296 4334; x_wconf 88' lang='lat' dir='ltr'><strong>erigit</strong></span> <span class='ocrx_word' id='word_1_684' title='bbox 2330 4261 2542 4336; x_wconf 81' lang='lat' dir='ltr'><strong>Moyses</strong></span> <span class='ocrx_word' id='word_1_685' title='bbox 2575 4261 2748 4320; x_wconf 90' lang='lat' dir='ltr'><strong>altare</strong></span> <span class='ocrx_word' id='word_1_686' title='bbox 2796 4263 2930 4329; x_wconf 90' lang='lat' dir='ltr'><strong>Deo,</strong></span> <span class='ocrx_word' id='word_1_687' title='bbox 2969 4265 3159 4336; x_wconf 90' lang='lat' dir='ltr'><strong>illique</strong></span> <span class='ocrx_word' id='word_1_688' title='bbox 3212 4267 3320 4325; x_wconf 89' lang='lat' dir='ltr'><strong>hoc</strong></span> <span class='ocrx_word' id='word_1_689' title='bbox 3370 4284 3571 4324; x_wconf 89' lang='lat' dir='ltr'><strong>nomen</strong></span> 
     </span>
    </p>
   </div>
   <div class='ocr_carea' id='block_1_91' title="bbox 1992 4351 3566 4428">
    <p class='ocr_par' dir='ltr' id='par_1_91' title="bbox 1992 4351 3566 4428">
     <span class='ocr_line' id='line_1_91' title="bbox 1992 4351 3566 4428; baseline 0.004 -20"><span class='ocrx_word' id='word_1_690' title='bbox 1992 4351 2278 4424; x_wconf 72' lang='lat' dir='ltr'><strong>imponit,¢</strong></span> <span class='ocrx_word' id='word_1_691' title='bbox 2308 4354 2574 4410; x_wconf 88' lang='lat' dir='ltr'><strong>Dominus</strong></span> <span class='ocrx_word' id='word_1_692' title='bbox 2595 4369 2770 4421; x_wconf 89' lang='lat' dir='ltr'><strong>meus,</strong></span> <span class='ocrx_word' id='word_1_693' title='bbox 2792 4355 3064 4428; x_wconf 81' lang='lat' dir='ltr'><strong>refugium</strong></span> <span class='ocrx_word' id='word_1_694' title='bbox 3083 4375 3266 4415; x_wconf 89' lang='lat' dir='ltr'><strong>meum</strong></span> <span class='ocrx_word' id='word_1_695' title='bbox 3289 4361 3386 4413; x_wconf 73' lang='grc'><strong>⁸⁸.»</strong></span> <span class='ocrx_word' id='word_1_696' title='bbox 3412 4359 3566 4427; x_wconf 86' lang='lat' dir='ltr'><strong>Quod</strong></span> 
     </span>
    </p>
   </div>
   <div class='ocr_carea' id='block_1_92' title="bbox 289 4441 1892 4528">
    <p class='ocr_par' dir='ltr' id='par_1_92' title="bbox 289 4447 1888 4528">
     <span class='ocr_line' id='line_1_92' title="bbox 289 4447 1888 4528; baseline 0.007 -27"><span class='ocrx_word' id='word_1_697' title='bbox 289 4447 399 4501; x_wconf 77' lang='grc' dir='ltr'>καὶ</span> <span class='ocrx_word' id='word_1_698' title='bbox 424 4450 719 4520; x_wconf 77' lang='grc' dir='ltr'>καταφυγή</span> <span class='ocrx_word' id='word_1_699' title='bbox 742 4465 756 4480; x_wconf 88' lang='grc'><strong>·</strong></span> <span class='ocrx_word' id='word_1_700' title='bbox 784 4451 1086 4524; x_wconf 80' lang='grc' dir='ltr'>νενικηκὼς</span> <span class='ocrx_word' id='word_1_701' title='bbox 1115 4454 1222 4525; x_wconf 82' lang='grc' dir='ltr'><strong>γὰρ</strong></span> <span class='ocrx_word' id='word_1_702' title='bbox 1247 4454 1340 4508; x_wconf 81' lang='grc' dir='ltr'>τὸν</span> <span class='ocrx_word' id='word_1_703' title='bbox 1371 4455 1607 4528; x_wconf 83' lang='grc' dir='ltr'>ἄρχοντα</span> <span class='ocrx_word' id='word_1_704' title='bbox 1637 4455 1728 4510; x_wconf 92' lang='grc' dir='ltr'><strong>τοῦ</strong></span> <span class='ocrx_word' id='word_1_705' title='bbox 1757 4457 1888 4511; x_wconf 86' lang='grc' dir='ltr'>αίῶ-</span> 
     </span>
    </p>
   </div>
   <div class='ocr_carea' id='block_1_93' title="bbox 1995 4441 3567 4528">
    <p class='ocr_par' dir='ltr' id='par_1_93' title="bbox 1995 4445 3567 4519">
     <span class='ocr_line' id='line_1_93' title="bbox 1995 4445 3567 4519; baseline 0.004 -20"><span class='ocrx_word' id='word_1_706' title='bbox 1995 4445 2171 4515; x_wconf 88' lang='lat' dir='ltr'><strong>ipsum</strong></span> <span class='ocrx_word' id='word_1_707' title='bbox 2192 4445 2359 4501; x_wconf 88' lang='lat' dir='ltr'><strong>etiam</strong></span> <span class='ocrx_word' id='word_1_708' title='bbox 2379 4445 2582 4502; x_wconf 90' lang='lat' dir='ltr'><strong>Christi</strong></span> <span class='ocrx_word' id='word_1_709' title='bbox 2625 4445 2856 4518; x_wconf 91' lang='lat' dir='ltr'><strong>ﬁguram</strong></span> <span class='ocrx_word' id='word_1_710' title='bbox 2894 4448 3136 4519; x_wconf 67' lang='lat' dir='ltr'><strong>praefert.</strong></span> <span class='ocrx_word' id='word_1_711' title='bbox 3167 4449 3220 4505; x_wconf 89' lang='lat' dir='ltr'><strong>Is</strong></span> <span class='ocrx_word' id='word_1_712' title='bbox 3254 4451 3402 4506; x_wconf 90' lang='lat' dir='ltr'><strong>enim</strong></span> <span class='ocrx_word' id='word_1_713' title='bbox 3459 4452 3567 4506; x_wconf 86' lang='lat' dir='ltr'><strong>Do-</strong></span> 
     </span>
    </p>
   </div>
   <div class='ocr_carea' id='block_1_94' title="bbox 289 4539 1887 4619">
    <p class='ocr_par' dir='ltr' id='par_1_94' title="bbox 289 4539 1887 4619">
     <span class='ocr_line' id='line_1_94' title="bbox 289 4539 1887 4619; baseline 0.008 -27"><span class='ocrx_word' id='word_1_714' title='bbox 289 4557 390 4603; x_wconf 88' lang='grc' dir='ltr'><strong>νος</strong></span> <span class='ocrx_word' id='word_1_715' title='bbox 420 4539 637 4607; x_wconf 82' lang='grc' dir='ltr'>τούτου,</span> <span class='ocrx_word' id='word_1_716' title='bbox 682 4544 930 4614; x_wconf 84' lang='grc' dir='ltr'>πατήσας</span> <span class='ocrx_word' id='word_1_717' title='bbox 959 4545 1019 4599; x_wconf 80' lang='grc' dir='ltr'>δὲ</span> <span class='ocrx_word' id='word_1_718' title='bbox 1045 4544 1140 4600; x_wconf 87' lang='grc' dir='ltr'><strong>τοῦ</strong></span> <span class='ocrx_word' id='word_1_719' title='bbox 1184 4544 1415 4602; x_wconf 88' lang='grc' dir='ltr'>θανάτου</span> <span class='ocrx_word' id='word_1_720' title='bbox 1438 4547 1500 4601; x_wconf 85' lang='grc' dir='ltr'>τὸ</span> <span class='ocrx_word' id='word_1_721' title='bbox 1538 4548 1761 4619; x_wconf 85' lang='grc' dir='ltr'>κράτος,</span> <span class='ocrx_word' id='word_1_722' title='bbox 1793 4551 1887 4604; x_wconf 78' lang='grc' dir='ltr'>καὶ</span> 
     </span>
    </p>
   </div>
   <div class='ocr_carea' id='block_1_95' title="bbox 290 4632 1884 4711">
    <p class='ocr_par' dir='ltr' id='par_1_95' title="bbox 290 4632 1884 4711">
     <span class='ocr_line' id='line_1_95' title="bbox 290 4632 1884 4711; baseline 0.008 -27"><span class='ocrx_word' id='word_1_723' title='bbox 290 4632 528 4696; x_wconf 77' lang='grc' dir='ltr'>ἀναθεὶς</span> <span class='ocrx_word' id='word_1_724' title='bbox 561 4633 749 4688; x_wconf 69' lang='grc' dir='ltr'>ἑαυτὸν</span> <span class='ocrx_word' id='word_1_725' title='bbox 777 4635 922 4708; x_wconf 74' lang='grc' dir='ltr'>ὑπὲρ</span> <span class='ocrx_word' id='word_1_726' title='bbox 961 4636 1123 4709; x_wconf 84' lang='grc' dir='ltr'>ήμῶν</span> <span class='ocrx_word' id='word_1_727' title='bbox 1164 4637 1355 4711; x_wconf 84' lang='grc' dir='ltr'>ὥσπερ</span> <span class='ocrx_word' id='word_1_728' title='bbox 1393 4639 1624 4711; x_wconf 76' lang='grc' dir='ltr'>ἄμωμον</span> <span class='ocrx_word' id='word_1_729' title='bbox 1667 4643 1884 4711; x_wconf 74' lang='grc' dir='ltr'>ἱερεῖον,</span> 
     </span>
    </p>
   </div>
   <div class='ocr_carea' id='block_1_96' title="bbox 290 4723 1886 4803">
    <p class='ocr_par' dir='ltr' id='par_1_96' title="bbox 290 4723 1886 4803">
     <span class='ocr_line' id='line_1_96' title="bbox 290 4723 1886 4803; baseline 0.009 -29"><span class='ocrx_word' id='word_1_730' title='bbox 290 4723 381 4786; x_wconf 80' lang='grc' dir='ltr'>εἰς</span> <span class='ocrx_word' id='word_1_731' title='bbox 423 4723 607 4795; x_wconf 78' lang='grc' dir='ltr'>ὀσμὴν</span> <span class='ocrx_word' id='word_1_732' title='bbox 643 4723 872 4790; x_wconf 83' lang='grc' dir='ltr'>εὐωδίας</span> <span class='ocrx_word' id='word_1_733' title='bbox 911 4725 991 4798; x_wconf 83' lang='grc' dir='ltr'>τῷ</span> <span class='ocrx_word' id='word_1_734' title='bbox 1037 4727 1157 4799; x_wconf 83' lang='grc' dir='ltr'><strong>Θεῷ</strong></span> <span class='ocrx_word' id='word_1_735' title='bbox 1191 4729 1286 4785; x_wconf 73' lang='grc' dir='ltr'>καὶ</span> <span class='ocrx_word' id='word_1_736' title='bbox 1329 4730 1524 4803; x_wconf 89' lang='grc' dir='ltr'>Πατρί.</span> <span class='ocrx_word' id='word_1_737' title='bbox 1565 4731 1748 4798; x_wconf 83' lang='grc' dir='ltr'>Τύπος</span> <span class='ocrx_word' id='word_1_738' title='bbox 1793 4729 1886 4788; x_wconf 85' lang='grc' dir='ltr'><strong>οῦν</strong></span> 
     </span>
    </p>
   </div>
   <div class='ocr_carea' id='block_1_97' title="bbox 292 4813 1885 4896">
    <p class='ocr_par' dir='ltr' id='par_1_97' title="bbox 292 4813 1885 4896">
     <span class='ocr_line' id='line_1_97' title="bbox 292 4813 1885 4896; baseline 0.008 -28"><span class='ocrx_word' id='word_1_739' title='bbox 292 4815 410 4883; x_wconf 72' lang='grc' dir='ltr'>ἄρα</span> <span class='ocrx_word' id='word_1_740' title='bbox 440 4813 707 4886; x_wconf 87' lang='grc' dir='ltr'>Χριστοῦ,</span> <span class='ocrx_word' id='word_1_741' title='bbox 743 4816 806 4870; x_wconf 84' lang='grc' dir='ltr'>τὸ</span> <span class='ocrx_word' id='word_1_742' title='bbox 838 4817 1241 4892; x_wconf 81' lang='grc' dir='ltr'>θυσιαστήριον,</span> <span class='ocrx_word' id='word_1_743' title='bbox 1271 4813 1317 4890; x_wconf 83' lang='grc' dir='ltr'><strong>ᾧ</strong></span> <span class='ocrx_word' id='word_1_744' title='bbox 1351 4823 1447 4877; x_wconf 78' lang='grc' dir='ltr'>καὶ</span> <span class='ocrx_word' id='word_1_745' title='bbox 1473 4822 1682 4896; x_wconf 87' lang='grc' dir='ltr'>πρέπον</span> <span class='ocrx_word' id='word_1_746' title='bbox 1715 4843 1773 4881; x_wconf 89' lang='grc' dir='ltr'><strong>τε</strong></span> <span class='ocrx_word' id='word_1_747' title='bbox 1794 4828 1885 4882; x_wconf 82' lang='grc' dir='ltr'>καὶ</span> 
     </span>
    </p>
   </div>
   <div class='ocr_carea' id='block_1_98' title="bbox 293 4905 1726 4988">
    <p class='ocr_par' dir='ltr' id='par_1_98' title="bbox 293 4905 1726 4988">
     <span class='ocr_line' id='line_1_98' title="bbox 293 4905 1726 4988; baseline 0.009 -29"><span class='ocrx_word' id='word_1_748' title='bbox 293 4905 504 4977; x_wconf 71' lang='grc' dir='ltr'>ἀληθὲς</span> <span class='ocrx_word' id='word_1_749' title='bbox 534 4907 731 4978; x_wconf 80' lang='grc' dir='ltr'>ϐνομα,</span> <span class='ocrx_word' id='word_1_750' title='bbox 768 4927 786 4961; x_wconf 84' lang='grc' dir='ltr'><strong>ι</strong></span> <span class='ocrx_word' id='word_1_751' title='bbox 822 4910 1026 4982; x_wconf 84' lang='grc' dir='ltr'>Κύριός</span> <span class='ocrx_word' id='word_1_752' title='bbox 1061 4929 1187 4983; x_wconf 88' lang='grc' dir='ltr'>μου,</span> <span class='ocrx_word' id='word_1_753' title='bbox 1223 4917 1512 4988; x_wconf 80' lang='grc' dir='ltr'>καταφυγή</span> <span class='ocrx_word' id='word_1_754' title='bbox 1545 4933 1667 4988; x_wconf 87' lang='grc' dir='ltr'>μου.</span> <span class='ocrx_word' id='word_1_755' title='bbox 1706 4936 1726 4971; x_wconf 72' lang='grc' dir='ltr'><strong>ι</strong></span> 
     </span>
    </p>
   </div>
   <div class='ocr_carea' id='block_1_99' title="bbox 372 5171 1451 5246">
    <p class='ocr_par' dir='ltr' id='par_1_99' title="bbox 372 5171 1451 5246">
     <span class='ocr_line' id='line_1_99' title="bbox 372 5171 1451 5246; baseline 0.009 -24"><span class='ocrx_word' id='word_1_756' title='bbox 372 5171 582 5227; x_wconf 79' lang='lat' dir='ltr'><strong>IIAAA.</strong></span> <span class='ocrx_word' id='word_1_757' title='bbox 619 5171 882 5243; x_wconf 79' lang='grc' dir='ltr'>Σύμφημι</span> <span class='ocrx_word' id='word_1_758' title='bbox 903 5189 918 5204; x_wconf 90' lang='grc'><strong>·</strong></span> <span class='ocrx_word' id='word_1_759' title='bbox 945 5175 1084 5237; x_wconf 78' lang='grc' dir='ltr'>νοεῖς</span> <span class='ocrx_word' id='word_1_760' title='bbox 1113 5173 1220 5246; x_wconf 90' lang='grc' dir='ltr'><strong>γὰρ</strong></span> <span class='ocrx_word' id='word_1_761' title='bbox 1255 5174 1451 5246; x_wconf 88' lang='grc' dir='ltr'>ὀρθῶς.</span> 
     </span>
    </p>
   </div>
   <div class='ocr_carea' id='block_1_100' title="bbox 373 5349 1878 5426">
    <p class='ocr_par' dir='ltr' id='par_1_100' title="bbox 373 5349 1878 5426">
     <span class='ocr_line' id='line_1_100' title="bbox 373 5349 1878 5426; baseline 0.005 -24"><span class='ocrx_word' id='word_1_762' title='bbox 373 5349 539 5403; x_wconf 79' lang='grc' dir='ltr'><strong>ΚΥΡ.</strong></span> <span class='ocrx_word' id='word_1_763' title='bbox 596 5350 682 5404; x_wconf 81' lang='grc' dir='ltr'>Ἐν</span> <span class='ocrx_word' id='word_1_764' title='bbox 716 5351 860 5422; x_wconf 80' lang='grc' dir='ltr'>χειρὶ</span> <span class='ocrx_word' id='word_1_765' title='bbox 887 5351 944 5404; x_wconf 78' lang='grc' dir='ltr'>δὲ</span> <span class='ocrx_word' id='word_1_766' title='bbox 969 5352 1210 5425; x_wconf 71' lang='grc' dir='ltr'>κρυφαία</span> <span class='ocrx_word' id='word_1_767' title='bbox 1237 5355 1550 5426; x_wconf 86' lang='grc' dir='ltr'>πολεμήσας</span> <span class='ocrx_word' id='word_1_768' title='bbox 1579 5354 1669 5410; x_wconf 77' lang='grc' dir='ltr'><strong>τὸν</strong></span> <span class='ocrx_word' id='word_1_769' title='bbox 1690 5355 1878 5426; x_wconf 78' lang='grc' dir='ltr'>νοητὸν</span> 
     </span>
    </p>
   </div>
   <div class='ocr_carea' id='block_1_101' title="bbox 317 5439 1878 5518">
    <p class='ocr_par' dir='ltr' id='par_1_101' title="bbox 317 5439 1878 5518">
     <span class='ocr_line' id='line_1_101' title="bbox 317 5439 1878 5518; baseline 0.006 -28"><span class='ocrx_word' id='word_1_770' title='bbox 317 5439 560 5510; x_wconf 76' lang='grc' dir='ltr'>Ἀμαλὴκ</span> <span class='ocrx_word' id='word_1_771' title='bbox 613 5443 707 5495; x_wconf 70' lang='grc' dir='ltr'>καὶ</span> <span class='ocrx_word' id='word_1_772' title='bbox 765 5441 1066 5514; x_wconf 81' lang='grc' dir='ltr'>νενικηκὼς</span> <span class='ocrx_word' id='word_1_773' title='bbox 1115 5445 1144 5496; x_wconf 89' lang='grc' dir='ltr'>ὁ</span> <span class='ocrx_word' id='word_1_774' title='bbox 1192 5445 1446 5514; x_wconf 84' lang='grc' dir='ltr'>Χριστὸς,</span> <span class='ocrx_word' id='word_1_775' title='bbox 1503 5446 1878 5518; x_wconf 85' lang='grc' dir='ltr'>κατεκράτησε</span> 
     </span>
    </p>
   </div>
   <div class='ocr_carea' id='block_1_102' title="bbox 298 5530 1881 5608">
    <p class='ocr_par' dir='ltr' id='par_1_102' title="bbox 298 5530 1881 5608">
     <span class='ocr_line' id='line_1_102' title="bbox 298 5530 1881 5608; baseline 0.008 -27"><span class='ocrx_word' id='word_1_776' title='bbox 298 5530 407 5583; x_wconf 85' lang='grc' dir='ltr'><strong>τῶν</strong></span> <span class='ocrx_word' id='word_1_777' title='bbox 450 5530 643 5597; x_wconf 72' lang='grc' dir='ltr'>ἐθνῶν,</span> <span class='ocrx_word' id='word_1_778' title='bbox 699 5533 793 5586; x_wconf 71' lang='grc' dir='ltr'>καὶ</span> <span class='ocrx_word' id='word_1_779' title='bbox 823 5533 1122 5605; x_wconf 81' lang='grc' dir='ltr'>διήρπασεν</span> <span class='ocrx_word' id='word_1_780' title='bbox 1174 5534 1338 5588; x_wconf 74' lang='grc' dir='ltr'>αὑτοῦ</span> <span class='ocrx_word' id='word_1_781' title='bbox 1382 5537 1450 5590; x_wconf 89' lang='grc' dir='ltr'><strong>τά</strong></span> <span class='ocrx_word' id='word_1_782' title='bbox 1497 5538 1686 5608; x_wconf 83' lang='grc' dir='ltr'>σκεύη,</span> <span class='ocrx_word' id='word_1_783' title='bbox 1741 5537 1881 5593; x_wconf 83' lang='grc' dir='ltr'><strong>καθά</strong></span> 
     </span>
    </p>
   </div>
   <div class='ocr_carea' id='block_1_103' title="bbox 1985 4537 3565 4614">
    <p class='ocr_par' dir='ltr' id='par_1_103' title="bbox 1985 4537 3565 4614">
     <span class='ocr_line' id='line_1_103' title="bbox 1985 4537 3565 4614; baseline 0.006 -24"><span class='ocrx_word' id='word_1_784' title='bbox 1985 4537 2170 4592; x_wconf 81' lang='lat' dir='ltr'><strong>minus</strong></span> <span class='ocrx_word' id='word_1_785' title='bbox 2203 4545 2393 4594; x_wconf 90' lang='lat' dir='ltr'><strong>noster</strong></span> <span class='ocrx_word' id='word_1_786' title='bbox 2444 4546 2530 4594; x_wconf 91' lang='lat' dir='ltr'><strong>est</strong></span> <span class='ocrx_word' id='word_1_787' title='bbox 2583 4537 2782 4604; x_wconf 88' lang='lat' dir='ltr'><strong>factus,</strong></span> <span class='ocrx_word' id='word_1_788' title='bbox 2837 4555 2902 4595; x_wconf 90' lang='lat' dir='ltr'><strong>ac</strong></span> <span class='ocrx_word' id='word_1_789' title='bbox 2956 4540 3251 4614; x_wconf 82' lang='lat' dir='ltr'><strong>refugium,</strong></span> <span class='ocrx_word' id='word_1_790' title='bbox 3291 4558 3416 4598; x_wconf 90' lang='lat' dir='ltr'><strong>cum</strong></span> <span class='ocrx_word' id='word_1_791' title='bbox 3468 4543 3565 4598; x_wconf 90' lang='lat' dir='ltr'><strong>de-</strong></span> 
     </span>
    </p>
   </div>
   <div class='ocr_carea' id='block_1_104' title="bbox 1983 4628 3566 4706">
    <p class='ocr_par' dir='ltr' id='par_1_104' title="bbox 1983 4628 3566 4706">
     <span class='ocr_line' id='line_1_104' title="bbox 1983 4628 3566 4706; baseline 0.004 -21"><span class='ocrx_word' id='word_1_792' title='bbox 1983 4628 2206 4685; x_wconf 89' lang='lat' dir='ltr'><strong>bellarit</strong></span> <span class='ocrx_word' id='word_1_793' title='bbox 2255 4629 2447 4686; x_wconf 89' lang='lat' dir='ltr'><strong>mundi</strong></span> <span class='ocrx_word' id='word_1_794' title='bbox 2517 4629 2683 4702; x_wconf 86' lang='lat' dir='ltr'><strong>hujus</strong></span> <span class='ocrx_word' id='word_1_795' title='bbox 2750 4631 3096 4703; x_wconf 87' lang='lat' dir='ltr'><strong>principem,</strong></span> <span class='ocrx_word' id='word_1_796' title='bbox 3167 4635 3566 4706; x_wconf 80' lang='lat' dir='ltr'><strong>calcaveritque</strong></span> 
     </span>
    </p>
   </div>
   <div class='ocr_carea' id='block_1_105' title="bbox 1984 4721 3568 4798">
    <p class='ocr_par' dir='ltr' id='par_1_105' title="bbox 1984 4721 3568 4798">
     <span class='ocr_line' id='line_1_105' title="bbox 1984 4721 3568 4798; baseline 0.005 -22"><span class='ocrx_word' id='word_1_797' title='bbox 1984 4722 2178 4777; x_wconf 90' lang='lat' dir='ltr'><strong>mortis</strong></span> <span class='ocrx_word' id='word_1_798' title='bbox 2204 4721 2518 4792; x_wconf 87' lang='lat' dir='ltr'><strong>imperium,</strong></span> <span class='ocrx_word' id='word_1_799' title='bbox 2556 4739 2621 4778; x_wconf 93' lang='lat' dir='ltr'><strong>ac</strong></span> <span class='ocrx_word' id='word_1_800' title='bbox 2657 4723 2900 4793; x_wconf 90' lang='lat' dir='ltr'><strong>seipsum</strong></span> <span class='ocrx_word' id='word_1_801' title='bbox 2940 4725 3206 4780; x_wconf 89' lang='lat' dir='ltr'><strong>obtulerit</strong></span> <span class='ocrx_word' id='word_1_802' title='bbox 3254 4743 3357 4798; x_wconf 91' lang='lat' dir='ltr'><strong>pro</strong></span> <span class='ocrx_word' id='word_1_803' title='bbox 3408 4730 3568 4784; x_wconf 88' lang='lat' dir='ltr'><strong>nobis</strong></span> 
     </span>
    </p>
   </div>
   <div class='ocr_carea' id='block_1_106' title="bbox 1985 4812 3566 4876">
    <p class='ocr_par' dir='ltr' id='par_1_106' title="bbox 1985 4812 3566 4876">
     <span class='ocr_line' id='line_1_106' title="bbox 1985 4812 3566 4876; baseline 0.004 -7"><span class='ocrx_word' id='word_1_804' title='bbox 1985 4821 2047 4869; x_wconf 95' lang='lat' dir='ltr'><strong>ut</strong></span> <span class='ocrx_word' id='word_1_805' title='bbox 2082 4812 2485 4868; x_wconf 89' lang='lat' dir='ltr'><strong>immaculatam</strong></span> <span class='ocrx_word' id='word_1_806' title='bbox 2525 4813 2758 4869; x_wconf 89' lang='lat' dir='ltr'><strong>hostiam</strong></span> <span class='ocrx_word' id='word_1_807' title='bbox 2798 4815 2854 4870; x_wconf 92' lang='lat' dir='ltr'><strong>in</strong></span> <span class='ocrx_word' id='word_1_808' title='bbox 2889 4816 3115 4873; x_wconf 90' lang='lat' dir='ltr'><strong>odorem</strong></span> <span class='ocrx_word' id='word_1_809' title='bbox 3149 4819 3436 4876; x_wconf 84' lang='lat' dir='ltr'><strong>suavitatis</strong></span> <span class='ocrx_word' id='word_1_810' title='bbox 3454 4821 3566 4876; x_wconf 89' lang='lat' dir='ltr'><strong>Deo</strong></span> 
     </span>
    </p>
   </div>
   <div class='ocr_carea' id='block_1_107' title="bbox 1982 4903 3563 4983">
    <p class='ocr_par' dir='ltr' id='par_1_107' title="bbox 1982 4903 3563 4983">
     <span class='ocr_line' id='line_1_107' title="bbox 1982 4903 3563 4983; baseline 0.004 -21"><span class='ocrx_word' id='word_1_811' title='bbox 1982 4921 2048 4962; x_wconf 90' lang='lat' dir='ltr'><strong>ac</strong></span> <span class='ocrx_word' id='word_1_812' title='bbox 2082 4903 2249 4961; x_wconf 88' lang='lat' dir='ltr'><strong>Patri.</strong></span> <span class='ocrx_word' id='word_1_813' title='bbox 2288 4904 2416 4960; x_wconf 87' lang='lat' dir='ltr'><strong>Fuit</strong></span> <span class='ocrx_word' id='word_1_814' title='bbox 2454 4905 2622 4977; x_wconf 88' lang='lat' dir='ltr'><strong>igitur</strong></span> <span class='ocrx_word' id='word_1_815' title='bbox 2658 4907 2831 4966; x_wconf 85' lang='lat' dir='ltr'><strong>altare</strong></span> <span class='ocrx_word' id='word_1_816' title='bbox 2859 4908 2994 4964; x_wconf 88' lang='lat' dir='ltr'><strong>illud</strong></span> <span class='ocrx_word' id='word_1_817' title='bbox 3014 4908 3218 4966; x_wconf 88' lang='lat' dir='ltr'><strong>Christi</strong></span> <span class='ocrx_word' id='word_1_818' title='bbox 3256 4911 3450 4983; x_wconf 88' lang='lat' dir='ltr'><strong>ﬁgura,</strong></span> <span class='ocrx_word' id='word_1_819' title='bbox 3476 4915 3563 4968; x_wconf 92' lang='lat' dir='ltr'><strong>cui</strong></span> 
     </span>
    </p>
   </div>
   <div class='ocr_carea' id='block_1_108' title="bbox 1981 4989 3562 5067">
    <p class='ocr_par' dir='ltr' id='par_1_108' title="bbox 1981 4989 3562 5067">
     <span class='ocr_line' id='line_1_108' title="bbox 1981 4989 3562 5067; baseline 0.008 -19"><span class='ocrx_word' id='word_1_820' title='bbox 1981 4989 2183 5050; x_wconf 87' lang='lat' dir='ltr'><strong>decens</strong></span> <span class='ocrx_word' id='word_1_821' title='bbox 2218 5008 2283 5050; x_wconf 89' lang='lat' dir='ltr'><strong>ac</strong></span> <span class='ocrx_word' id='word_1_822' title='bbox 2317 5009 2512 5048; x_wconf 85' lang='lat' dir='ltr'><strong>verum</strong></span> <span class='ocrx_word' id='word_1_823' title='bbox 2547 5010 2750 5051; x_wconf 91' lang='lat' dir='ltr'><strong>nomen</strong></span> <span class='ocrx_word' id='word_1_824' title='bbox 2789 5005 2894 5063; x_wconf 87' lang='lat' dir='ltr'><strong>est,</strong></span> <span class='ocrx_word' id='word_1_825' title='bbox 2935 4998 3202 5055; x_wconf 89' lang='lat' dir='ltr'><strong>Dominus</strong></span> <span class='ocrx_word' id='word_1_826' title='bbox 3255 5016 3432 5067; x_wconf 89' lang='lat' dir='ltr'><strong>meus,</strong></span> <span class='ocrx_word' id='word_1_827' title='bbox 3473 5019 3562 5060; x_wconf 38' lang='lat' dir='ltr'><strong>re‘</strong></span> 
     </span>
    </p>
   </div>
   <div class='ocr_carea' id='block_1_109' title="bbox 1979 5076 3115 5157">
    <p class='ocr_par' dir='ltr' id='par_1_109' title="bbox 1979 5076 3115 5157">
     <span class='ocr_line' id='line_1_109' title="bbox 1979 5076 3115 5157; baseline -0.001 -17"><span class='ocrx_word' id='word_1_828' title='bbox 1979 5084 2191 5157; x_wconf 89' lang='lat' dir='ltr'><strong>fugium</strong></span> <span class='ocrx_word' id='word_1_829' title='bbox 2229 5100 2436 5142; x_wconf 89' lang='lat' dir='ltr'><strong>meum.</strong></span> <span class='ocrx_word' id='word_1_830' title='bbox 3113 5076 3115 5078; x_wconf 62' lang='grc'><em>’</em></span> 
     </span>
    </p>
   </div>
   <div class='ocr_carea' id='block_1_110' title="bbox 2050 5176 3564 5254">
    <p class='ocr_par' dir='ltr' id='par_1_110' title="bbox 2050 5176 3564 5254">
     <span class='ocr_line' id='line_1_110' title="bbox 2050 5176 3564 5254; baseline 0.005 -22"><span class='ocrx_word' id='word_1_831' title='bbox 2050 5176 2247 5232; x_wconf 81' lang='lat' dir='ltr'><strong>PALL.</strong></span> <span class='ocrx_word' id='word_1_832' title='bbox 2285 5176 2568 5234; x_wconf 83' lang='lat' dir='ltr'><strong>Assentior</strong></span> <span class='ocrx_word' id='word_1_833' title='bbox 2615 5195 2629 5230; x_wconf 88' lang='lat'><strong>:</strong></span> <span class='ocrx_word' id='word_1_834' title='bbox 2669 5178 2872 5248; x_wconf 90' lang='lat' dir='ltr'><strong>optime</strong></span> <span class='ocrx_word' id='word_1_835' title='bbox 2921 5197 3156 5254; x_wconf 89' lang='lat' dir='ltr'><strong>namque</strong></span> <span class='ocrx_word' id='word_1_836' title='bbox 3202 5187 3408 5242; x_wconf 89' lang='lat' dir='ltr'><strong>sentire</strong></span> <span class='ocrx_word' id='word_1_837' title='bbox 3486 5187 3564 5240; x_wconf 85' lang='lat' dir='ltr'><strong>vi-</strong></span> 
     </span>
    </p>
   </div>
   <div class='ocr_carea' id='block_1_111' title="bbox 1979 5269 2150 5326">
    <p class='ocr_par' dir='ltr' id='par_1_111' title="bbox 1979 5269 2150 5326">
     <span class='ocr_line' id='line_1_111' title="bbox 1979 5269 2150 5326; baseline -0.018 0"><span class='ocrx_word' id='word_1_838' title='bbox 1979 5269 2150 5326; x_wconf 87' lang='lat' dir='ltr'><strong>deris.</strong></span> 
     </span>
    </p>
   </div>
   <div class='ocr_carea' id='block_1_112' title="bbox 2051 5359 3562 5438">
    <p class='ocr_par' dir='ltr' id='par_1_112' title="bbox 2051 5359 3562 5438">
     <span class='ocr_line' id='line_1_112' title="bbox 2051 5359 3562 5438; baseline 0.005 -22"><span class='ocrx_word' id='word_1_839' title='bbox 2051 5359 2207 5416; x_wconf 80' lang='lat' dir='ltr'><strong>CYR.</strong></span> <span class='ocrx_word' id='word_1_840' title='bbox 2231 5360 2380 5417; x_wconf 89' lang='lat' dir='ltr'><strong>Bello</strong></span> <span class='ocrx_word' id='word_1_841' title='bbox 2413 5361 2598 5433; x_wconf 88' lang='lat' dir='ltr'><strong>itaque</strong></span> <span class='ocrx_word' id='word_1_842' title='bbox 2621 5371 2772 5434; x_wconf 89' lang='lat' dir='ltr'><strong>gesto</strong></span> <span class='ocrx_word' id='word_1_843' title='bbox 2818 5365 3080 5422; x_wconf 87' lang='lat' dir='ltr'><strong>adversus</strong></span> <span class='ocrx_word' id='word_1_844' title='bbox 3096 5367 3200 5438; x_wconf 76' lang='lat'><strong>91</strong></span> <span class='ocrx_word' id='word_1_845' title='bbox 3225 5366 3562 5438; x_wconf 88' lang='lat' dir='ltr'><strong>spiritualem</strong></span> 
     </span>
    </p>
   </div>
   <div class='ocr_carea' id='block_1_113' title="bbox 1980 5452 3562 5524">
    <p class='ocr_par' dir='ltr' id='par_1_113' title="bbox 1980 5452 3562 5524">
     <span class='ocr_line' id='line_1_113' title="bbox 1980 5452 3562 5524; baseline 0.004 -18"><span class='ocrx_word' id='word_1_846' title='bbox 1980 5453 2201 5508; x_wconf 76' lang='lat' dir='ltr'><strong>Amalec</strong></span> <span class='ocrx_word' id='word_1_847' title='bbox 2219 5452 2275 5508; x_wconf 90' lang='lat' dir='ltr'><strong>in</strong></span> <span class='ocrx_word' id='word_1_848' title='bbox 2305 5468 2468 5508; x_wconf 86' lang='lat' dir='ltr'><strong>manu</strong></span> <span class='ocrx_word' id='word_1_849' title='bbox 2495 5456 2728 5519; x_wconf 84' lang='lat' dir='ltr'><strong>occulta,</strong></span> <span class='ocrx_word' id='word_1_850' title='bbox 2768 5471 2944 5524; x_wconf 90' lang='lat' dir='ltr'><strong>eoque</strong></span> <span class='ocrx_word' id='word_1_851' title='bbox 2983 5458 3148 5519; x_wconf 89' lang='lat' dir='ltr'><strong>victo,</strong></span> <span class='ocrx_word' id='word_1_852' title='bbox 3186 5456 3442 5512; x_wconf 87' lang='lat' dir='ltr'><strong>Christus</strong></span> <span class='ocrx_word' id='word_1_853' title='bbox 3459 5455 3562 5512; x_wconf 90' lang='lat' dir='ltr'><strong>ob-</strong></span> 
     </span>
    </p>
   </div>
   <div class='ocr_carea' id='block_1_114' title="bbox 1984 5541 3563 5620">
    <p class='ocr_par' dir='ltr' id='par_1_114' title="bbox 1984 5541 3563 5620">
     <span class='ocr_line' id='line_1_114' title="bbox 1984 5541 3563 5620; baseline 0.004 -22"><span class='ocrx_word' id='word_1_854' title='bbox 1984 5541 2151 5598; x_wconf 88' lang='lat' dir='ltr'><strong>tinuit</strong></span> <span class='ocrx_word' id='word_1_855' title='bbox 2188 5549 2398 5613; x_wconf 87' lang='lat' dir='ltr'><strong>gentes,</strong></span> <span class='ocrx_word' id='word_1_856' title='bbox 2437 5543 2715 5615; x_wconf 84' lang='lat' dir='ltr'><strong>ligatoque</strong></span> <span class='ocrx_word' id='word_1_857' title='bbox 2753 5544 2903 5609; x_wconf 90' lang='lat' dir='ltr'><strong>forti,</strong></span> <span class='ocrx_word' id='word_1_858' title='bbox 2946 5555 3007 5600; x_wconf 92' lang='lat' dir='ltr'><strong>ut</strong></span> <span class='ocrx_word' id='word_1_859' title='bbox 3047 5547 3163 5618; x_wconf 90' lang='lat' dir='ltr'><strong>ipse</strong></span> <span class='ocrx_word' id='word_1_860' title='bbox 3204 5546 3401 5617; x_wconf 86' lang='lat' dir='ltr'><strong>inquit,</strong></span> <span class='ocrx_word' id='word_1_861' title='bbox 3442 5549 3563 5620; x_wconf 89' lang='lat' dir='ltr'><strong>ejus</strong></span> 
     </span>
    </p>
   </div>
   <div class='ocr_carea' id='block_1_115' title="bbox 371 5646 1892 5741">
    <p class='ocr_par' dir='ltr' id='par_1_115' title="bbox 371 5646 1892 5741">
     <span class='ocr_line' id='line_1_115' title="bbox 371 5646 1892 5741; baseline -0.001 -38"><span class='ocrx_word' id='word_1_862' title='bbox 371 5646 776 5741; x_wconf 44' lang='lat' dir='ltr'><strong>:Lioan‘.g\&#39;itl,</strong></span> <span class='ocrx_word' id='word_1_863' title='bbox 813 5649 899 5706; x_wconf 67' lang='grc'><strong>24.</strong></span> <span class='ocrx_word' id='word_1_864' title='bbox 970 5653 1044 5726; x_wconf 26' lang='grc' dir='ltr'><strong><em>ξ⁹²</em></strong></span> <span class='ocrx_word' id='word_1_865' title='bbox 1083 5652 1256 5708; x_wconf 77' lang='lat' dir='ltr'><strong>Exod.</strong></span> <span class='ocrx_word' id='word_1_866' title='bbox 1297 5671 1424 5720; x_wconf 79' lang='lat' dir='ltr'><strong>ml,</strong></span> <span class='ocrx_word' id='word_1_867' title='bbox 1462 5654 1543 5709; x_wconf 71' lang='lat'><strong>1&#39;2.</strong></span> <span class='ocrx_word' id='word_1_868' title='bbox 1619 5656 1713 5714; x_wconf 81' lang='lat'><strong>&quot;1</strong></span> <span class='ocrx_word' id='word_1_869' title='bbox 1750 5659 1892 5718; x_wconf 68' lang='grc' dir='ltr'>Ρθιιι,</span> 
     </span>
    </p>
   </div>
   <div class='ocr_carea' id='block_1_116' title="bbox 1995 5646 3559 5741">
    <p class='ocr_par' dir='ltr' id='par_1_116' title="bbox 1995 5659 3559 5734">
     <span class='ocr_line' id='line_1_116' title="bbox 1995 5659 3559 5734; baseline 0.006 -22"><span class='ocrx_word' id='word_1_870' title='bbox 1995 5700 2001 5724; x_wconf 85' lang='grc'><em>,</em></span> <span class='ocrx_word' id='word_1_871' title='bbox 2046 5660 2108 5728; x_wconf 86' lang='lat'><strong>7;</strong></span> <span class='ocrx_word' id='word_1_872' title='bbox 2143 5659 2473 5726; x_wconf 79' lang='lat' dir='ltr'><strong>Isai.xxvm,</strong></span> <span class='ocrx_word' id='word_1_873' title='bbox 2499 5660 2584 5716; x_wconf 82' lang='grc'>16.</span> <span class='ocrx_word' id='word_1_874' title='bbox 2660 5661 2978 5728; x_wconf 74' lang='grc' dir='ltr'>⁹⁸Ιδιιὶ.ι,9.</span> <span class='ocrx_word' id='word_1_875' title='bbox 3059 5664 3444 5734; x_wconf 66' lang='grc' dir='ltr'>’³Εχοε1.χνιι,</span> <span class='ocrx_word' id='word_1_876' title='bbox 3472 5664 3559 5721; x_wconf 77' lang='grc'><strong>14.</strong></span> 
     </span>
    </p>
   </div>
   <div class='ocr_carea' id='block_1_117' title="bbox 302 5715 672 5774">
    <p class='ocr_par' dir='ltr' id='par_1_117' title="bbox 302 5715 672 5774">
     <span class='ocr_line' id='line_1_117' title="bbox 302 5715 672 5774; baseline 0.014 -5"><span class='ocrx_word' id='word_1_877' title='bbox 302 5717 346 5747; x_wconf 76' lang='grc'><strong>’⁸</strong></span> <span class='ocrx_word' id='word_1_878' title='bbox 377 5715 538 5770; x_wconf 86' lang='lat' dir='ltr'><strong>lbid..</strong></span> <span class='ocrx_word' id='word_1_879' title='bbox 594 5718 672 5774; x_wconf 79' lang='grc'><strong>15.</strong></span> 
     </span>
    </p>
   </div>
  </div>
