3954 6200
257 322 364 383 28!

1009 324 1099 380 DE
1137 323 1586 382 ADORATIONE
1618 323 1688 379 IN
1727 323 2004 384 SPIRITU
2035 328 2124 383 ET
2164 330 2534 389 VERITATE.
2580 335 2707 390 LIB.
2749 335 2836 391 111.

3433 342 3540 398 28.9

260 441 399 495 Θεοῦ
454 438 550 493 καὶ
575 439 668 492 τὸν
684 439 850 510 νόμον
878 441 1062 494 αὐτοῦ.
1098 437 1233 496 Εἷπε
1255 443 1312 497 δὲ
1339 445 1368 497 6
1393 442 1641 514 γαμϐρὸς
1671 443 1845 514 Μωσῆ

1954 463 2078 502 cum
2105 465 2118 502 :
2141 465 2304 521 grave
2342 451 2441 506 tibi
2477 453 2708 508 verbum
2737 454 2861 519 hoc,
2883 469 2991 508 non
3019 463 3228 524 potens
3268 463 3325 509 tu
3361 455 3539 512 facere

260 533 398 605 πρὸς
439 532 604 586 αὐτόν
631 549 646 562 ·
687 533 802 586 Οὐκ
830 533 1007 604 ὀρθῶς
1050 535 1115 587 σὺ
1145 537 1321 600 ποιεῖς
1359 535 1420 589 τὸ
1471 535 1624 606 ῥῆμα
1663 535 1841 603 τοῦτο,

256 627 315 678 οὐ
350 625 558 695 δυνήσῃ
591 624 656 676 σὺ
680 626 854 677 ποιεῖν
886 625 1064 695 μόνος.
1089 627 1204 681 Νῦν
1235 627 1294 680 δὲ
1325 627 1556 681 ἄκουσόν
1591 645 1715 698 μου,
1747 626 1843 680 κα)⁵

258 714 654 784 συμϐουλεύσω
687 731 792 778 σοι,
821 715 915 768 καὶ
955 715 1108 769 ἔσται
1138 715 1166 768 6
1195 715 1326 780 Θεὸς
1366 715 1506 786 μετά
1536 715 1650 770 σοῦ.
1683 714 1840 768 Γίνου

259 812 322 864 σὺ
349 810 431 882 τῷ
464 807 580 880 λαῷ
609 809 679 861 τά
711 809 849 879 πρὸς
877 809 968 863 τὸν
1007 809 1159 875 Θεὸν,
1198 809 1295 864 καὶ
1323 809 1559 872 ἀνοίσεις
1597 808 1724 870 τοὺς
1756 807 1842 860 3.6-

256 918 389 969 γους
413 899 598 954 αὐτῶν
631 899 771 970 πρὸς
817 898 909 953 τὸν
937 899 1090 964 Θεὸν,
1124 900 1219 953 καὶ
1261 899 1623 971 διαμαρτύρει
1657 899 1841 961 αὐτοῖς

254 993 324 1046 τὰ
346 990 752 1062 προστάγματα
775 987 868 1042 τοῦ
911 988 1047 1042 Θεοῦ
1081 990 1177 1042 καὶ
1208 989 1299 1044 τὸν
1335 989 1500 1061 νόμον
1530 988 1716 1054 αὑτοῦ,
1747 987 1844 1041 καὶ

258 1084 524 1155 σημανεῖς
583 1083 771 1144 αὐτοῖς
811 1081 911 1144 τὰς
942 1080 1119 1144 ὁδοὺς,
1145 1082 1203 1134 ὲν
1253 1077 1344 1144 αἷς
1377 1080 1736 1152 πορεύσονται
1779 1080 1836 1130 ἐν

255 1178 468 1240 αὐταῖς,
505 1175 602 1228 καὶ
663 1173 734 1227 τὰ
782 1172 919 1244 ἔργα
973 1170 1010 1225 ἃ
1060 1172 1367 1242 ποιήσουσι.
1415 1173 1524 1226 Καὶ
1557 1173 1619 1226 σὺ
1663 1168 1845 1240 σαυτῷ

257 1267 454 1336 σκέψαι
483 1265 592 1320 ἀπὸ
619 1263 820 1328 παντὸς
847 1265 942 1317 τοῦ
965 1261 1098 1318 λαοῦ
1134 1264 1354 1335 ἄνδρας,
1380 1265 1534 1334 φησί,
1554 1263 1835 1327 δυνατοὺς,

253 1361 345 1414 καὶ
384 1357 634 1430 κρινοῦσι
681 1355 772 1409 τὸν
813 1356 962 1411 λαόν.
1018 1374 1037 1407 ι
1091 1356 1200 1409 Καὶ
1241 1354 1361 1426 μεθ’
1408 1356 1572 1426 ἕτερα
1626 1354 1832 1410 πάλιν·
1877 1376 1894 1408 ι

251 1454 386 1526 ὄροῦ
417 1453 613 1518 αὑτοῦ,
646 1450 740 1506 καὶ
762 1451 1017 1522 ἐποίησεν
1051 1451 1151 1503 ὅσα
1181 1449 1330 1521 αὐτῷ
1355 1445 1562 1504 εἶπεν.»

321 1568 542 1622 ΠΛΛΔ.
581 1565 686 1620 Ἵθι
719 1565 785 1636 δή
825 1583 914 1636 μοι
949 1564 1132 1633 πάλιν,
1165 1566 1261 1621 καὶ
1287 1565 1390 1620 ἀνὰ
1426 1564 1590 1637 μέρος
1637 1565 1843 1621 ἕκαστα

249 1657 548 1722 διαλαϐὼν,
581 1656 860 1726 διασάφει.

323 1750 496 1803 ΚΥΡ.
528 1744 608 1801 Ἦ
639 1749 740 1822 οὐκ
773 1743 914 1802 εἶναι
944 1749 1051 1820 φῂς
1085 1747 1352 1818 ἀλλογενῆ
1377 1765 1435 1802 τε
1474 1749 1568 1804 καὶ
1591 1747 1650 1814 ἐξ
1679 1748 1846 1802 ἐθνῶν

251 1843 345 1896 τὸν
392 1840 757 1909 Μαδιηναῖον;
812 1840 886 1893 Οὐ
933 1839 1044 1910 γάρ
1084 1857 1185 1892 που
1234 1839 1391 1910 ῥίζης
1436 1838 1539 1910 τῆς
1599 1838 1848 1911 Ἀϐραὰμ

250 1933 421 2002 ἐξέφυ
441 1947 456 1961 ο
481 1926 550 2002 ἦν
572 1930 629 1984 δὲ
651 1933 748 1984 καὶ
778 1930 983 2001 ἑτέρως
1019 1933 1065 1984 te
1076 1931 1304 2003 ρονργός
1327 1948 1386 1984 τε
1415 1932 1511 1984 καὶ
1532 1930 1720 2002 λάτρις
1750 1931 1848 2001 τῆς

253 2028 376 2080 κατ’
405 2028 588 2079 ἐκεῖνο
623 2023 819 2096 καιροῦ
845 2023 1247 2096 νενομισμένης
1281 2024 1373 2076 ἐπὶ
1409 2024 1508 2095 τῆς
1535 2026 1637 2094 γῆς
1669 2022 1848 2076 ἐθελο-

254 2118 581 2190 θρησκείας.
640 2116 1024 2186 Προσεκὺνουν
1087 2117 1186 2187 μὲν
1223 2117 1358 2188 γὰρ,
1413 2116 1490 2179 ὡς
1519 2116 1687 2180 πολὺς
1735 2115 1848 2186 ἔχει

252 2209 434 2278 λόγος,
475 2206 645 2278 ᾤοντό
679 2225 739 2262 τε
785 2208 940 2262 αὐτοὶ
996 2207 1139 2261 κατά
1187 2209 1328 2277 σφᾶς
1371 2207 1590 2272 αὐτοὺς,
1641 2207 1850 2278 ὑψίστῳ

253 2300 376 2368 Θεῷ
406 2300 662 2371 καθάπερ
691 2299 884 2370 ἀμέλει
925 2299 1020 2353 καὶ
1057 2298 1394 2370 Μελχισεδέκ
1419 2315 1434 2329 ο
1459 2298 1850 2371 προσεδέχοντο

257 2394 314 2448 δὲ
341 2394 439 2448 καὶ
459 2393 683 2465 ἐτέρους
707 2393 849 2462 τάχα
879 2409 982 2445 που
1025 2391 1202 2455 θεοὺς,
1242 2389 1665 2462 ὲναριθμοῦντες
1698 2389 1849 2460 αὐτῷ

254 2487 324 2540 τά
353 2487 617 2558 ἐξαίρετα
652 2484 763 2538 τῶν
814 2485 1151 2553 κτισμάτων,
1203 2485 1306 2555 γῆν
1353 2501 1414 2537 τε
1458 2483 1554 2538 καὶ
1597 2483 1846 2553 οὐρανὸν,

255 2579 412 2648 ἥλιον
434 2579 530 2632 καὶ
554 2576 808 2648 σελήνην,
831 2577 1017 2631 καὶτὰ
1038 2577 1148 2630 τῶν
1187 2576 1405 2648 ἄστρων
1436 2575 1815 2647 ὲπισημότερα
1831 2590 1846 2604 ⁸

256 2667 356 2721 καὶ
387 2666 768 2737 πλημμέλημα
805 2665 906 2736 μὲν
930 2665 1154 2738 ἀρχαῖον
1179 2667 1212 2736 ή
1253 2665 1349 2718 ἐπὶ
1368 2663 1504 2734 τῷδε
1531 2661 1850 2734 καταφθορά

256 2760 353 2814 καί
375 2758 667 2828 πλάνησις,
692 2757 872 2829 διήκει
901 2757 960 2809 δὲ
993 2757 1086 2810 καὶ
1117 2757 1197 2820 είς
1229 2755 1387 2828 δεῦρο
1415 2757 1508 2809 καί
1532 2755 1851 2827 παρατείνε-

256 2867 370 2904 ται.
402 2849 668 2920 Φρονοῦσι
709 2849 818 2920 γὰρ
849 2843 952 2903 ὧδε
984 2848 1428 2920 παραληροῦντες
1455 2848 1535 2901 ἔτι
1563 2849 1670 2902 τῶν
1699 2848 1756 2901 ὲν
1780 2849 1848 2920 τῇ

257 2941 488 3014 Φοινίκῃ
537 2941 633 2995 καὶ
671 2939 1006 3014 Παλαιστίνῃ
1043 2940 1209 3004 τινὲς,
1257 2939 1309 2992 οἳ
1351 2940 1492 3006 σφᾶς
1525 2938 1624 3010 μὲν
1654 2937 1850 3000 αὐτοὺς

260 3033 540 3098 θεοσεδεῖς
576 3033 958 3104 ὀνομάζουσιν,
981 3027 1139 3102 οἷμον
1165 3031 1222 3084 δέ
1251 3048 1373 3085 τινα
1407 3030 1706 3102 θρησκείας
1733 3029 1851 3083 δια-

260 3126 541 3195 στείχουσι
567 3125 760 3195 μέσην,
793 3123 918 3178 οὔτε
943 3126 1058 3187 τοῖς
1093 3123 1365 3176 Ἰουδαίων
1395 3122 1541 3176 ἔθεσι
1565 3121 1844 3193 καθαρῶς,

1951 537 2123 593 solus.
2161 539 2320 595 Nunc
2343 541 2510 611 igitur
2528 543 2658 596 audi
2699 559 2806 608 me,
2830 552 2886 598 et
2926 543 3216 598 consilium
3253 543 3352 598 tibi
3375 544 3520 598 dabo
3558 571 3565 609 ξ

1951 629 2084 684 Esto
2129 638 2186 684 tu
2234 631 2439 700 populo
2480 632 2535 686 in
2585 633 2673 697 iis,
2704 649 2826 703 quae
2863 633 2931 688 ad
2984 635 3188 698 Deum,
3227 642 3284 690 et
3329 635 3540 691 referes

1950 736 2236 776 sermones
2266 737 2460 777 eorum
2481 723 2549 778 ad
2574 724 2768 789 Deum,
2794 734 2850 780 et
2880 725 3170 781 testificare
3213 727 3295 782 eis
3335 743 3542 797 prace-

1950 817 2044 880 pta
2080 809 2179 865 Dei
2205 820 2272 865 et
2297 811 2474 881 legem
2509 813 2649 882 ejus,
2669 822 2725 867 et
2756 815 3013 870 ostendes
3043 816 3125 870 eis
3172 817 3287 871 vias
3323 817 3376 871 in
3415 818 3540 887 qui-

1953 899 2058 956 bus
2083 901 2370 956 ambulent
2410 903 2468 957 in
2501 904 2657 974 ipsis,
2691 913 2748 959 et
2785 921 2953 975 opera
2987 922 3108 976 quae
3134 907 3354 963 facient.
3384 909 3453 964 Et
3482 919 3539 964 tu

1917 1029 1926 1037 ο
1953 992 2053 1048 tibi
2087 995 2317 1064 provide
2339 995 2408 1051 ab
2441 998 2592 1051 omni
2626 998 2826 1069 p0pulo
2857 998 3026 1061 viros,
3051 999 3539 1071 inquit,potentes,

1949 1093 2008 1139 et
2021 1086 2354 1156 judicabunt
2375 1090 2638 1162 populum
2657 1093 2695 1143 '.
2723 1110 2741 1142 ι
2776 1091 2844 1144 Et
2868 1091 3194 1160 quibusdam
3219 1093 3538 1164 interjectis,

1952 1175 2157 1231 iterum
2189 1197 2202 1230 :
2237 1197 2255 1229 ι
2289 1179 2517 1235 Audivit
2541 1188 2748 1246 autem,
2783 1201 2800 1232 ι
2837 1181 3034 1250 inquit,
3067 1203 3083 1232 ι
3115 1183 3324 1254 Moyses
3345 1201 3539 1240 vocem

1945 1268 2124 1322 soceri
2161 1269 2268 1333 sui,
2299 1281 2356 1326 et
2386 1270 2519 1326 fecit
2554 1288 2895 1342 quaecunque
2933 1273 3150 1328 dixerat
3172 1275 3335 1344 ipsi‘.
3375 1293 3392 1326 ι

1939 1359 2185 1415 Ἤκουσε
2218 1363 2298 1428 δὲ,
2347 1382 2367 1416 ι
2405 1364 2564 1436 φησί,
2595 1383 2614 1414 ‹
2666 1366 2870 1438 Μωσῆς
2902 1366 3000 1436 τῆς
3042 1365 3227 1436 φωνῆς
3267 1367 3362 1420 τοῦ
3392 1383 3540 1436 γαμ-

2018 1566 2216 1624 PALL.
2276 1565 2448 1638 Perge
2500 1566 2668 1638 igitur
2720 1567 2855 1622 mihi
2912 1586 3141 1635 rursus,
3199 1579 3258 1626 et
3311 1571 3544 1643 singulis

1947 1661 2174 1717 scorsim
2206 1658 2519 1714 distributis
2542 1675 2640 1728 per
2666 1670 2849 1729 partes
2877 1661 3109 1730 explica.

2017 1753 2175 1808 CYR.
2215 1752 2410 1806 Nonne
2442 1759 2691 1806 cxterum
2721 1767 2842 1806 esse
2873 1752 3079 1816 lateris,
3104 1759 3159 1805 et
3190 1767 3256 1806 ex
3285 1754 3542 1822 gentibus

1879 1875 1920 1929 Β
1949 1845 2230 1899 hominem
2257 1841 2646 1898 Madianitam?
2684 1844 2873 1914 Neque
2894 1844 3041 1898 enim
3074 1854 3243 1900 estex
3265 1845 3538 1899 Abraham

1950 1937 2120 2006 stirpe
2165 1935 2488 2006 progenitus
2539 1953 2552 1989 :
2599 1944 2720 1991 erat
2773 1935 2938 1990 etiam
2994 1936 3199 2005 alioqui
3259 1933 3541 2006 religionis

1948 2030 2068 2099 ejus
2131 2043 2254 2097 qua:
2301 2043 2400 2098 per
2444 2025 2638 2081 orbem
2685 2038 2961 2082 terrarum
3008 2037 3126 2082 erat
3173 2042 3240 2082 eo
3293 2034 3540 2096 tempore

1949 2123 2292 2194 pervulgata,
2323 2121 2583 2177 sacerdos
2611 2131 2667 2176 et
2695 2123 2895 2177 cultor.
2924 2121 3340 2176 Venerabantur
3369 2121 3540 2183 enim,

1949 2223 2011 2269 ut
2051 2224 2136 2270 est
2176 2215 2475 2268 multorum
2519 2228 2773 2268 sermone
2816 2214 3172 2279 celebratum,
3210 2222 3266 2266 et
3301 2213 3403 2283 ipsi
3444 2228 3543 2282 per

1949 2323 2008 2362 se
2048 2305 2339 2377 putabant,
2374 2305 2548 2358 Deum
2590 2303 2945 2368 altissimum,
2986 2313 3044 2358 ut
3087 2305 3251 2359 etiam
3299 2304 3546 2372 profecto

1949 2397 2390 2462 Melchisedech;
2442 2396 2581 2452 alios
2630 2411 2851 2466 quoque
2901 2395 3034 2451 deos
3087 2396 3448 2464 recipiebant,
3487 2407 3544 2450 et

1950 2492 2006 2546 in
2040 2493 2273 2547 deorum
2301 2506 2590 2547 numerum
2619 2506 2727 2544 una
2769 2505 2894 2544 cum
2934 2489 3029 2543 illo
3057 2488 3379 2544 referebant
3423 2487 3542 2542 exi-

1949 2584 2089 2639 mias
2138 2591 2438 2647 creaturas,
2476 2593 2678 2638 terram
2729 2582 2854 2637 dico
2906 2590 2962 2636 et
3015 2580 3236 2643 malum,
3273 2579 3443 2633 solem
3488 2589 3547 2633 et

1949 2677 2158 2740 lunam,
2193 2682 2252 2730 et
2283 2685 2429 2729 astra
2470 2673 2810 2745 insigniora;
2843 2681 3006 2742 atque
3039 2670 3308 2742 ejusmodi
3349 2671 3453 2724 hac
3487 2670 3543 2723 in

1951 2783 2010 2822 re
2049 2768 2200 2822 labes
2251 2775 2308 2820 et
2359 2781 2516 2819 error
2568 2772 2729 2819 vetus
2782 2763 3004 2834 quidem
3050 2761 3243 2815 vitium
3287 2759 3409 2822 fuit,
3445 2759 3541 2814 sed

1949 2858 2098 2928 quod
2149 2871 2320 2926 usque
2360 2855 2427 2909 ad
2463 2867 2652 2910 nostra
2701 2864 2946 2924 tempora
3005 2850 3340 2922 pervenerit,
3379 2858 3544 2919 atque

1949 2951 2272 3019 pervaserit.
2317 2949 2408 3005 Sic
2439 2949 2588 3003 enim
2622 2947 2802 3002 adhuc
2835 2945 3056 3016 quidam
3111 2943 3166 2997 in
3200 2941 3460 2998 thnice
3489 2949 3547 2995 et

1950 3041 2238 3098 Palmstina
2293 3040 2628 3111 desipientes
2678 3039 2945 3102 sentiunt,
2991 3036 3106 3106 qui,
3152 3051 3277 3091 cum
3328 3050 3385 3089 se
3439 3033 3542 3104 ipsi

1950 3135 2235 3206 religiosos
2271 3135 2568 3204 appellent,
2601 3133 2745 3187 viam
2777 3141 2957 3186 tamen
3003 3130 3240 3184 mediam
3266 3126 3549 3198 religionis

254 3216 384 3272 οὔτε
410 3217 523 3279 τοῖς
554 3215 821 3285 Ἐλλήνων
836 3214 1222 3286 προσκείμενοι
1245 3255 1261 3278 ,
1285 3215 1367 3277 εἰς
1389 3212 1556 3284 ἄμφω
1576 3213 1631 3266 δὲ
1656 3212 1844 3284 ὥσπερ

1954 3224 2352 3295 ingrediuntur,
2399 3239 2579 3293 neque
2637 3221 2950 3276 Judaaorum
2998 3219 3248 3274 moribus
3279 3218 3386 3288 93
3419 3233 3541 3272 om—

256 3306 752 3380 διαρῤιπτούμενοι
798 3307 895 3360 καὶ
951 3305 1372 3377 μεμερισμένοι.
1438 3304 1744 3374 Ἑλομένοις
1791 3304 1849 3357 δέ

258 3417 394 3454 ποτε
437 3403 553 3463 τοῖς
599 3400 658 3467 ἐξ
718 3399 934 3471 Ἰσραὴλ
977 3400 1039 3452 τὸ
1086 3392 1188 3452 ὧδε
1231 3400 1448 3470 φρονεῖν
1492 3398 1520 3451 6
1562 3398 1850 3470 προφήτης

271 3493 466 3556 Ἠλίας
499 3493 739 3561 ἐπετίμα
776 3491 982 3560 λέγων·
1027 3511 1045 3542 ι
1090 3491 1235 3554 Ἕως
1271 3490 1404 3544 πότε
1435 3489 1730 3560 χωλανεῖτε
1761 3488 1850 3542 ἐπ’

193 3589 204 3597 ⁸
259 3583 607 3655 ἀμφοτέραις
645 3587 766 3647 ταῖς
793 3583 1039 3653 ἰγνύαις;
1071 3583 1104 3654 ἢ
1138 3582 1306 3647 Βάαλ,
1331 3581 1510 3647 Βάαλ,
1538 3581 1572 3650 ἢ
1601 3580 1680 3652 τῷ
1707 3579 1847 3651 Θεῷ,

258 3677 437 3748 Θεῷ.)
461 3674 572 3730 Ἦν
600 3674 693 3732 οῦν
721 3677 829 3749 ἄρα
849 3677 945 3730 καὶ
973 3675 1142 3748 Ἰοθὸρ
1171 3675 1432 3729 τοιουτονί
1455 3692 1599 3740 τινα,
1623 3673 1761 3728 κατά
1789 3673 1852 3726 τὸ

260 3771 438 3838 εἰκὸς,
467 3769 769 3840 θρησκείας
811 3768 1016 3822 διέπων
1055 3767 1277 3838 τρόπον.
1317 3768 1412 3829 ’ος
1435 3765 1667 3836 ἐπείπερ
1710 3764 1852 3833 ἔγνω

260 3866 329 3918 τά
375 3865 532 3934 παρὰ
585 3862 722 3916 Θεοῦ
781 3861 1042 3932 γεγονότα
1091 3860 1224 3931 πρὸς
1298 3859 1572 3930 σωτηρίαν
1623 3855 1731 3911 τῶν
1792 3856 1852 3921 ἐξ

272 3956 514 4028 Ἰσραὴλ,
551 3956 768 4018 σεπτοῖς
799 3955 895 4009 καὶ
941 3953 1293 4022 ἀξιαγάστοις
1335 3952 1640 4021 διηγήμασι
1684 3967 1850 4002 κατα-

260 4047 623 4120 κηλούμενος,
652 4045 870 4100 πανοικί
892 4062 950 4098 τε
985 4047 1080 4099 καὶ
1119 4043 1381 4113 παγγενεί
1412 4042 1549 4113 πρὸς
1578 4041 1668 4095 τὸν
1710 4040 1852 4112 ἱερὸν

258 4141 580 4210 ἀφικνεῖται
613 4137 838 4192 Μωσέα·
884 4136 942 4200 ὃς
977 4135 1209 4206 ἐπείπερ
1256 4131 1418 4197 εἶδεν,
1449 4131 1701 4203 ἀσμένως
1736 4135 1850 4185 εἰσ-

259 4234 486 4300 εδέξατό
509 4249 570 4286 τε
609 4231 707 4285 καὶ
750 4229 1136 4300 εἰσκεκόμικεν
1161 4229 1240 4290 εἰς
1279 4227 1418 4280 ἰδίαν
1447 4225 1674 4297 σκηνήν.
1725 4224 1852 4294 Ἀφο

259 4330 476 4398 ηγεῖται
508 4326 567 4379 δὲ
613 4323 1004 4394 ἀκριὸέστερον
1031 4320 1100 4374 τὰ
1124 4319 1215 4374 διὰ
1259 4320 1358 4390 τῆς
1389 4319 1537 4382 θείας
1575 4317 1756 4389 ἰσχύος
1791 4311 1848 4370 εὖ

257 4420 409 4490 μάλα
445 4415 876 4488 κατορθώματα.
907 4412 1018 4467 Καὶ
1048 4412 1116 4466 τά
1162 4412 1363 4475 παντὸς
1397 4411 1654 4465 ἐπέκεινα
1691 4409 1850 4478 λόγου

245 4509 782 4582 ῖτερατουργήματα.
833 4505 1097 4560 Καλεῖται
1127 4503 1237 4575 γὰρ
1270 4504 1350 4567 εἰς
1382 4504 1723 4575 μετάγνωσιν
1751 4501 1848 4572 τὴν

254 4559 345 4664 ἐξ
550 4559 689 4651 Θεὸν
740 4599 776 4668 ή
809 4595 918 4649 τῶν
949 4559 1575 4667 πλανωμέινωννπληθὺς,
1609 4595 1753 4665 φημὶ
1784 4559 1848 4664 δὴ
1881 4559 1927 4618 D

254 4693 324 4744 τὰ
356 4691 517 4760 ἔθνη,
567 4691 627 4742 ὲν
657 4687 891 4760 πρώτοις
929 4688 1026 4758 μὲν
1059 4689 1124 4740 ὲκ
1163 4687 1645 4758 παρακουσμάτων
1671 4679 1746 4742 ὧν
1785 4687 1848 4740 ἀν

255 4799 339 4846 τις
371 4783 589 4835 ποιοῖτο
619 4781 749 4850 περὶ
774 4778 933 4840 Θεοῦ,
983 4774 1082 4831 εἷθ’
1113 4777 1289 4842 οὕτως
1348 4778 1490 4832 αὐτὰ
1522 4779 1591 4831 δι’
1640 4776 1852 4831 ἑαυτῶν

257 4870 400 4940 πρὸς
445 4868 541 4921 τὸν
587 4867 731 4921 θεῖον
789 4867 979 4936 ὥσπερ
1025 4865 1432 4937 αὐτομολοῦντα
1469 4866 1655 4938 νόμον,
1708 4865 1852 4919 τοῦτ’

257 4965 398 5027 ἐστι,
437 4962 541 5034 τὴν
561 4961 652 5015 διὰ
675 4961 1004 5033 γράμματος
1037 4960 1182 5033 ἱεροῦ
1206 4961 1530 5030 κατήχησιν.
1570 4960 1730 5012 Ὥστε
1757 4958 1853 5012 καὶ

258 5059 339 5122 εἰς
379 5057 486 5128 τὴν
517 5054 744 5128 πρώτην
775 5055 1046 5127 εἰστρέχει
1078 5055 1303 5126 σκηνήν.
1334 5052 1714 5123 Εἱσαγωγικὸς
1743 5051 1853 5122 γάρ

256 5149 284 5201 6
307 5148 505 5219 νόμος·
539 5142 657 5200 εἶτα
694 5149 808 5210 τοῖς
844 5148 1222 5219 ἀρχαιοτέροις
1262 5148 1612 5218 διηγήμασιν·
1643 5147 1849 5199 ἀναπε-

261 5241 558 5311 πεισμένα,
594 5241 904 5310 μεταχωρεῖ
930 5240 1026 5293 καὶ
1050 5242 1128 5304 εἰς
1151 5241 1212 5293 τὸ
1237 5241 1455 5311 φρονεῖν
1481 5239 1700 5292 ἑλέσθαι
1742 5237 1850 5290 λοι-

264 5331 389 5392 πὸν,
416 5332 499 5384 ὅτι
524 5329 589 5400 δὴ
615 5329 750 5394 Θεὸς
780 5325 862 5394 εἷς
887 5331 948 5384 τὲ
987 5333 1106 5385 ἐστι
1150 5331 1246 5385 καὶ
1276 5332 1460 5402 μόνος,
1493 5331 1586 5384 καὶ
1615 5329 1722 5401 μὴν
1754 5330 1848 5382 καὶ

262 5422 346 5484 εἰς
369 5420 434 5473 τὸ
468 5424 671 5492 χρῆναι
699 5424 1075 5493 καρποφορεῖν
1115 5422 1283 5494 αὐτῷ.
1317 5422 1429 5490 Τὴν
1459 5423 1566 5495 γάρ
1595 5439 1677 5474 τοι
1717 5421 1849 5475 Μω·

262 5511 403 5575 σέως
430 5513 684 5583 διήγησιν
710 5513 966 5585 ἀκηκοὼς
987 5516 1017 5568 6
1043 5511 1373 5584 Μαδιηναῖος
1391 5553 1406 5578 ,
1431 5514 1575 5567 «Νῦν
1599 5514 1790 5582 ἔγνων,
1825 5533 1841 5562 ι

260 5605 458 5674 φησὶν,
505 5603 584 5656 ὅτι
622 5603 796 5673 μέγας
833 5602 1038 5676 Κύριος
1062 5605 1214 5675 παρά
1249 5603 1457 5666 πάντας
1486 5602 1612 5666 τοὺς
1651 5601 1806 5664 θεούς
1832 5618 1848 5634 ·

1953 3316 2108 3381 nino,
2144 3331 2323 3384 neque
2363 3314 2650 3385 gentilium
2691 3313 2918 3377 addicti,
2955 3312 3101 3365 inter
3145 3320 3408 3378 utrosque
3443 3325 3545 3362 au-

1956 3416 2066 3459 tem
2107 3395 2736 3474 quodammodo‘jactati
2782 3409 2946 3471 atque
2988 3400 3231 3454 dissecti.
3269 3397 3547 3452 lsraelitas

1954 3506 2137 3552 autem
2164 3496 2317 3559 olim,
2344 3511 2471 3550 cum
2507 3495 2573 3549 ad
2604 3493 2862 3549 eumdem
2913 3492 3137 3546 modum
3189 3489 3394 3544 sentire
3430 3503 3544 3543 coe-
3631 3490 3638 3497 '

1953 3589 2203 3660 pissent,
2258 3587 2406 3642 Elias
2462 3587 2730 3658 propheta
2791 3585 3102 3656 objurgavit
3160 3583 3246 3636 his
3305 3579 3542 3636 verbis:

1946 3701 1980 3732 ,ι
2021 3681 2321 3750 Quousque
2368 3678 2692 3734 claudicatis
2743 3677 3011 3732 ambobus
3059 3671 3406 3746 poplitibus?
3453 3679 3550 3725 aut

1954 3775 2104 3838 Baal,
2147 3773 2298 3838 Baal,
2329 3782 2424 3827 aut
2451 3773 2584 3835 Deo,
2614 3772 2728 3826 Deo
2759 3771 2797 3824 ⁸.
2831 3789 2848 3822 ι
2884 3768 3192 3825 Verisimile
3232 3766 3399 3837 igitur
3440 3773 3545 3824 est.

1954 3867 2148 3922 Jethro
2182 3881 2404 3937 quoque
2432 3863 2703 3934 ejusmodi
2743 3863 2982 3932 aliquam
3021 3866 3270 3915 secutum
3307 3869 3427 3911 esse
3456 3869 3547 3908 rc-

1954 3958 2174 4030 ligionis
2213 3957 2464 4012 formam.
2512 3954 2639 4020 Qui,
2687 3962 3045 4023 posteaquam
3083 3949 3337 4019 cognovit
3369 3961 3489 4016 qua:
3515 3961 3548 3998 a

1954 4049 2066 4103 Deo
2091 4047 2334 4118 profecta
2358 4047 2595 4101 fuissent
2630 4045 2697 4099 ad
2729 4045 2960 4098 salutem
2993 4039 3256 4095 lsraelitis
3278 4047 3544 4107 praestan-

1955 4139 2102 4202 dam,
2138 4136 2445 4207 magnificis
2479 4143 2644 4204 atque
2679 4131 3098 4187 admirabilibus
3142 4127 3550 4184 narrationibus

1955 4231 2194 4293 illectus,
2225 4243 2352 4282 cum
2381 4226 2546 4280 domo
2588 4231 2702 4279 tota
2755 4239 2820 4278 ac
2849 4239 3048 4294 genere
3082 4230 3196 4276 toto
3230 4221 3296 4275 ad
3325 4219 3547 4292 Moysen

1956 4319 2126 4374 venit.
2154 4318 2224 4382 ls,
2259 4332 2382 4372 cum
2403 4315 2644 4369 libenter
2670 4329 2796 4368 eum
2838 4313 3162 4382 aspexisset,
3194 4311 3432 4382 excepit,
3464 4311 3550 4364 in-

1955 4428 2061 4483 que
2108 4425 2268 4466 suum
2315 4407 2733 4463 tabernaculum
2782 4405 3018 4468 induxit,
3051 4404 3414 4472 exposuitque
3463 4417 3551 4456 ac-

1956 4502 2202 4557 curatius
2246 4499 2340 4554 illa
2377 4497 2578 4553 divinae
2616 4496 2844 4550 virtutis
2876 4495 3138 4564 pneclara
3174 4501 3344 4563 gesta,
3379 4491 3551 4568 admi-

1953 4596 2233 4665 randaque
2263 4593 2425 4658 facta,
2454 4607 2576 4660 qua:
2601 4590 2714 4643 vim
2751 4587 3024 4644 sermonis
3062 4601 3280 4641 omnem
3323 4600 3550 4655 supera-

1951 4698 2095 4746 rent.
2162 4689 2399 4742 Vocatur
2460 4684 2626 4753 igitur
2675 4699 2706 4738 a
2766 4683 2904 4737 falsa
2954 4680 3226 4735 sententia
3296 4676 3362 4732 ad
3432 4692 3554 4731 eam

1952 4797 2074 4852 qua:
2130 4779 2198 4833 ad
2254 4779 2426 4832 Deum
2482 4775 2654 4839 ducit,
2699 4773 3007 4828 errantium
3063 4771 3245 4833 turba,
3297 4769 3552 4839 gentiles.

1952 4873 2178 4942 inquam
2211 4888 2223 4923 :
2260 4884 2324 4924 ac
2365 4867 2608 4938 primum
2650 4864 2876 4936 quidem
2897 4879 2965 4918 ex
3003 4878 3071 4917 co
3106 4861 3254 4932 quod
3298 4857 3553 4916 nonnihil

1956 4964 2025 5018 de
2072 4963 2185 5016 Deo
2234 4958 2625 5021 inaudierunt,
2677 4955 2878 5011 deinde
2930 4954 3034 5024 ipsi
3091 4969 3189 5022 per
3239 4967 3298 5006 se
3358 4961 3556 5021 sponte

1960 5049 2368 5122 quodammodo
2393 5047 2460 5103 ad
2490 5046 2588 5102 Dei
2612 5046 2812 5116 legem,
2837 5044 2892 5098 id
2922 5054 3028 5109 est,
3057 5043 3124 5096 ad
3153 5041 3556 5096 institutionem

1961 5158 2243 5200 sacrarum
2275 5141 2613 5196 Litterarum
2648 5145 2968 5193 accurrunt.
3008 5137 3198 5206 Itaque
3234 5143 3291 5189 et
3327 5134 3395 5189 ad
3439 5133 3551 5202 pri-

1958 5252 2110 5290 mum
2141 5232 2558 5290 tabernaculum
2587 5237 2923 5300 properant;
2964 5226 3354 5282 introduccndi
3391 5239 3549 5277 nam-

1957 5345 2065 5398 que
2086 5328 2196 5382 vim
2229 5328 2317 5381 lex
2345 5325 2512 5380 habet
2539 5341 2551 5376 ε
2579 5322 2779 5378 deinde
2806 5320 3207 5375 vetustioribus
3233 5318 3342 5371 illis
3365 5330 3551 5369 narra-

1957 5420 2199 5475 tionibus
2234 5415 2504 5488 persuasi,
2544 5413 2601 5468 in
2639 5428 2760 5468 eam
2803 5409 3045 5479 denique
3084 5405 3416 5464 sententiam
3453 5418 3548 5458 ve-

1957 5510 2138 5573 niunt,
2187 5516 2248 5560 ut
2301 5505 2530 5561 credant
2594 5517 2764 5556 unum
2821 5513 2944 5552 esse
3001 5515 3065 5552 ac
3120 5492 3550 5568 solum_Deum,

1959 5600 2146 5670 illique
2203 5599 2512 5654 oblationes
2553 5592 2724 5648 dicari
2783 5599 3062 5660 oportere.
3111 5585 3278 5658 Moysi
3317 5599 3553 5655 namque

337 5781 352 5811 ’
383 5778 559 5834 Exod.
600 5795 748 5845 xvm,
778 5779 918 5834 1-22.
992 5785 1010 5813 ¹
1047 5779 1211 5848 lbid.,
1257 5779 1345 5835 24.
1418 5779 1437 5812 ³
1494 5777 1562 5833 Ill
1593 5777 1728 5849 Reg.
1779 5792 1927 5844 xvm,
1952 5775 2041 5829 21.
