3954 6200
429 317 535 373 285
1459 302 1515 357 S.
1556 300 1827 358 CYRILU
1867 298 2334 356 ALEXANDRINI
2371 300 2688 358 ARCI-HEP.
3577 299 3676 354 286

432 429 747 488 narratione
767 426 974 489 audita,
999 421 1320 478 Madianitcs
1351 417 1463 480 ille,
1497 435 1515 466 ι
1550 415 1728 478 Nunc,
1764 433 1781 465 ι
1809 412 2010 482 inquit,

2127 415 2306 469 ἕνεκεν
2335 416 2547 479 τούτου,
2569 417 2650 470 ὅτι
2673 415 2928 470 ἐπέθεντο
2953 414 3154 477 αὐτοῖς.
3176 412 3286 467 Καὶ
3304 410 3493 464 ἔλαϐεν
3517 411 3679 483 Ἰοθὸρ

440 543 457 574 ι
484 522 713 593 cognovi
736 517 883 588 quod
909 528 1138 584 magnus
1161 509 1425 565 Dominus
1443 521 1610 575 super
1636 520 1826 560 omnes
1843 504 2010 570 deos;

432 621 722 684 propterea
758 606 906 677 quod
965 601 1206 672 superbe
1258 607 1493 670 egerunt
1532 604 1725 651 contra
1775 609 1890 650 eos.
1946 597 2015 650 Et

432 683 644 770 accepit
693 697 883 752 Jethro
929 707 1086 748 socer
1140 689 1309 761 Moysi
1361 687 1680 742 holocausta
1744 692 1801 739 et
1853 683 2014 737 victi-

433 807 550 847 mas
586 791 698 844 Deo
718 787 758 841 ‘.
805 806 823 838 ι
885 786 982 840 Est
1017 798 1148 854 ergo
1186 780 1409 850 quidam
1455 777 1843 833 elementarius
1895 789 2013 828 ma-

432 883 620 952 gister,
656 889 714 935 et
766 879 833 933 ad
889 877 1096 948 primos
1148 872 1337 927 aditus
1386 885 1531 924 verae
1572 868 1642 923 de
1675 867 1789 922 Deo
1826 865 2014 937 cogni-

436 970 604 1025 tionis
627 984 728 1024 nos
754 966 979 1022 adducit
1014 964 1244 1034 Moyses,
1285 960 1339 1014 id
1376 969 1480 1023 est,
1524 957 1616 1012 illa
1651 956 2015 1011 vetustiorum

435 1060 766 1114 Litterarum
805 1069 1085 1112 sacrarum
1123 1051 1426 1107 catechesis
1459 1056 1515 1104 et
1553 1047 1908 1102 introductio.

513 1151 710 1207 PALL.
751 1150 976 1205 Certum
1008 1153 1110 1200 est.

509 1243 668 1301 CYR.
729 1239 1010 1297 Perfectos
1047 1235 1232 1291 autem
1277 1231 1460 1288 reddit
1496 1229 1751 1286 Christus
1797 1240 1892 1280 eos
1921 1225 2015 1295 qui

441 1352 539 1405 per
573 1335 749 1404 legem
793 1331 971 1386 levius
1007 1327 1204 1383 imbuti
1244 1333 1407 1389 sunt;
1453 1336 1580 1377 cum
1620 1328 1803 1374 autem
1843 1319 2016 1388 legem

439 1425 584 1488 dico,
627 1437 819 1476 rursus
865 1427 1256 1476 testamentum
1297 1423 1457 1468 vetus
1515 1411 1777 1481 intellige.
1831 1408 2018 1477 Itaque

437 1529 568 1585 erga
608 1513 794 1568 Jethro
847 1510 982 1565 solis
1028 1509 1096 1564 de
1141 1509 1253 1562 Deo
1300 1502 1714 1558 narrationibus
1755 1509 1841 1557 est
1888 1516 2020 1556 usus

436 1605 670 1674 Moyses,
697 1602 756 1657 in
792 1615 1026 1670 eamque
1055 1601 1166 1670 jam
1203 1597 1359 1650 illum
1389 1594 1718 1650 sententiam
1757 1591 2016 1657 traduxit,

437 1705 498 1756 ut
522 1695 744 1749 disertis
771 1691 957 1747 verbis
985 1691 1252 1744 fateretur
1279 1702 1387 1742 non
1417 1702 1536 1741 esse
1559 1686 1791 1740 alterum
1820 1685 2015 1749 Deum,

437 1785 533 1840 sed
562 1784 739 1839 solum
778 1784 922 1850 eumj
953 1781 1046 1851 qui
1089 1795 1232 1834 unus
1268 1787 1325 1832 et
1359 1786 1555 1831 natura
1576 1817 1590 1842 ,
1620 1783 1678 1832 et
1713 1791 1840 1830 vere
1876 1776 2020 1831 Deus

437 1876 528 1930 sit.
570 1873 695 1958 Htec
724 1883 910 1927 autem
939 1871 1112 1941 prima
1152 1876 1236 1923 est
1275 1867 1796 1922 catechumenorum
1824 1864 1958 1920 fides
1989 1881 2020 1920 a

436 1965 739 2020 multorum
796 1963 1026 2018 deorum
1079 1959 1339 2030 opinione
1391 1957 1695 2022 discedere,
1739 1965 1796 2011 et
1850 1974 2020 2012 unum

437 2055 624 2116 illum,
681 2067 808 2107 vere
852 2059 908 2105 et
954 2057 1149 2104 natura
1215 2049 1387 2103 Deum
1458 2047 1775 2118 amplexari.
1842 2047 2021 2104 Aaron

435 2157 573 2198 vero
600 2142 781 2212 ipsum
823 2141 1018 2197 Jethro
1055 2153 1245 2194 mensa
1276 2138 1548 2209 dignatur,
1580 2146 1636 2193 et
1667 2138 1777 2210 94
1807 2138 1876 2193 ad
1920 2155 2020 2209 pa-

436 2247 561 2286 nem
576 2230 849 2285 edendum
871 2229 1084 2283 invitat.
1111 2247 1129 2278 (
1157 2227 1500 2293 Venitenim,
1526 2245 1544 2279 ι
1572 2227 1768 2298 inquit,
1791 2227 2018 2294 «Aaron,

435 2330 493 2376 ct
535 2335 728 2376 omnes
771 2319 1017 2375 seniores
1060 2317 1226 2373 Israel
1267 2317 1336 2371 ad
1377 2315 1776 2372 comedendum
1823 2332 2020 2387 panem

436 2429 564 2469 cum
609 2427 803 2468 socero
848 2410 1019 2482 Moysi
1053 2424 1236 2466 coram
1275 2409 1389 2463 Deo
1409 2409 1451 2461 ⁸.
1485 2425 1504 2459 ι
1555 2406 1830 2462 Perfectos
1871 2408 2020 2461 enim

436 2503 602 2560 eflicit
645 2519 748 2558 nos
785 2519 926 2573 pane
958 2501 1162 2556 viventi
1200 2499 1470 2561 Christus,
1509 2497 1694 2551 verior
1731 2496 1931 2562 Aaron,
1966 2506 2023 2552 et

437 2596 712 2667 perfectos
745 2593 926 2649 reddit
965 2608 1076 2647 non
1111 2590 1343 2662 gentiles
1384 2596 1617 2652 tantum,
1653 2587 1750 2642 sed
1790 2603 1887 2643 eos
1918 2605 2020 2658 po-

440 2687 551 2741 tius
596 2685 914 2756 promiscue
961 2683 1057 2754 qui
1098 2682 1166 2738 de
1213 2696 1412 2752 genere
1456 2681 1621 2735 Israel
1666 2680 1826 2734 electi
1870 2687 2018 2742 sunt,

439 2791 675 2846 quorum
733 2774 964 2846 ﬁguram
1023 2780 1216 2846 tenent
1264 2771 1345 2824 illi
1403 2770 1668 2825 seniores.
1719 2769 1834 2825 Nec
1887 2784 2021 2824 vero

438 2882 662 2937 parvam
694 2863 1148 2937 signiﬁcationem
1189 2841 1645 2918 sanctificationis
1674 2875 1787 2930 prae
1823 2875 1883 2914 se
1914 2859 2021 2916 fert

439 2958 599 3023 illud,
629 2957 776 3028 quod
810 2965 1068 3027 tanquam
1099 2955 1155 3009 in
1181 2961 1474 3024 conspectu
1510 2951 1606 3006 Dei
1636 2965 1831 3021 panem
1861 2966 2019 3005 man-

440 3048 646 3104 ducare
687 3055 956 3118 oporteat.
1002 3045 1144 3113 Quid
1180 3044 1328 3100 enim
1373 3043 1510 3098 adeo
1550 3041 1653 3096 sub
1690 3041 1786 3095 Dei
1820 3042 2017 3107 oculis,

440 3149 604 3211 atque
637 3147 955 3209 conspectu,
1005 3152 1168 3207 quam
1206 3134 1435 3206 mystica
1479 3147 1688 3198 mensa,
1723 3139 1779 3186 et
1820 3131 2018 3200 hostia,
2050 3157 2094 3214 ο

440 3235 645 3306 quique
672 3233 792 3304 ejus
820 3229 1115 3302 participes
1147 3225 1327 3282 fiunt?

519 3321 714 3378 PALL.
757 3322 926 3376 Recte
959 3320 1059 3375 ais.

513 3413 669 3470 CYR.
710 3413 831 3468 Jam
868 3425 998 3465 vero
1030 3424 1151 3474 nos,
1184 3405 1280 3478 qui
1326 3405 1643 3478 perficimur
1687 3405 1740 3460 in
1779 3405 2020 3469 Christo,

442 3505 509 3560 ad
562 3505 883 3575 ampliorem
935 3501 1257 3571 sapientiam
1286 3539 1301 3565 ,
1349 3513 1515 3568 quam
1563 3512 1685 3566 quae
1735 3512 1834 3566 per
1889 3496 2025 3566 legis

444 3597 848 3652 institutionem
911 3592 1326 3663 acquirebatur,
1380 3589 1698 3660 pervenire,
1759 3587 1815 3641 id
1877 3595 2024 3642 certe

443 3689 596 3743 nullo
622 3688 810 3741 labore
838 3684 1165 3746 videbimus,
1184 3683 1230 3739 si
1260 3682 1378 3752 ejus
1408 3680 1486 3735 rei
1516 3679 1860 3750 perspicuam
1886 3677 2024 3732 ima-

443 3779 625 3850 ginem
666 3776 1041 3846 acceperimus
1095 3775 1315 3846 Moysen
1369 3780 1426 3826 et
1472 3770 1664 3828 Jethro
1701 3787 1713 3823 :
1760 3789 1779 3821 ι
1815 3769 2024 3842 Moyses

442 3883 679 3938 namque
698 3867 944 3932 sedebat,
970 3885 988 3917 ›
1017 3865 1216 3934 inquit,
1255 3881 1273 3915 ι
1289 3861 1544 3934 judicans
1566 3879 1580 3928 ;
1605 3861 1816 3916 astabat
1841 3867 2024 3916 autem

444 3958 525 4014 illi
570 3957 861 4014 universus
913 3955 1150 4028 populus
1199 3969 1232 4008 a
1279 3967 1438 4007 mane
1485 3967 1660 4021 usque
1711 3951 1779 4007 ad
1811 3965 2023 4022 'vespe-

445 4067 559 4108 ram
597 4053 638 4107 ‘.
677 4071 695 4105 ι
731 4050 937 4106 Auctor
973 4059 1154 4104 autem
1194 4053 1280 4102 est
1314 4045 1507 4101 Jethro
1545 4044 1695 4100 illius
1740 4047 2026 4100 sententiae

444 4158 608 4212 quam
657 4149 881 4196 secutus
917 4146 1002 4193 est
1033 4136 1244 4210 Moyses
1282 4152 1296 4189 :
1332 4141 1390 4189 et
1435 4150 1562 4190 cum
1603 4134 1866 4204 optimam
1901 4148 2024 4188 esse

445 4232 794 4302 intelligeret,
824 4229 1107 4298 amplexus
1142 4232 1244 4282 est.
1276 4243 1294 4277 ι
1315 4223 1541 4279 Audivit
1565 4223 1734 4287 enim,
1763 4242 1782 4275 ι
1822 4222 2020 4292 inquit,

452 4347 471 4373 ι
505 4321 716 4393 Moyses
737 4335 929 4375 vocem
949 4319 1124 4374 soceri
1168 4316 1274 4381 sui,
1299 4322 1356 4372 et
1383 4315 1516 4370 fecit
1540 4329 1880 4383 quaecunque
1917 4313 2023 4368 sibi

445 4413 584 4469 dixit
613 4412 656 4467 '.
690 4431 709 4464 ι
755 4409 898 4478 Quid
937 4408 1127 4466 enim?
1171 4407 1268 4478 qui
1303 4405 1504 4460 melius
1538 4403 1830 4457 consilium
1867 4403 2018 4470 dare,

445 4508 838 4578 melioremque
888 4504 1215 4562 sententiam
1261 4501 1445 4556 dicere
1491 4499 1771 4569 potuerit,
1819 4499 1867 4554 is
1911 4515 2021 4555 non
2052 4481 2097 4538 ι)

446 4613 835 4672 usquequaque
866 4595 1155 4667 prudentia
1188 4600 1447 4664 praaslare
1478 4589 1754 4660 putandus
1781 4591 1905 4645 est?

516 4688 712 4745 PALL.
753 4685 1058 4742 Assentior.
1439 4722 1444 4727 .

511 4779 668 4836 CYR.
707 4777 860 4834 Hanc
893 4790 1026 4831 vero
1058 4787 1156 4843 per
1189 4768 1468 4826 Christum
1502 4767 1894 4839 perfectionem
1928 4767 2019 4824 illa

347 4899 350 4902 ⁴
446 4873 581 4944 legis
613 4868 960 4926 institutione
990 4861 1424 4936 praestantiorem
1455 4875 1598 4928 esse,
1627 4861 1895 4932 longeque
1925 4874 2023 4917 cx-

443 4964 841 5027 cellentiorem,
872 4969 936 5015 ut
969 4973 1092 5028 quae
1128 4955 1197 5011 ad
1233 4970 1355 5010 eam
1392 4968 1496 5008 nos
1535 4954 1902 5025 cognitionem
1939 4960 2024 5006 at-

448 5056 622 5120 tollat,
652 5070 774 5124 quae
802 5053 875 5107 sit
903 5052 1063 5120 longe
1093 5047 1381 5118 superior;
1419 5045 1476 5101 id
1516 5060 1649 5101 vero
1686 5045 1846 5100 facile
1892 5044 2024 5098 bea-

449 5146 694 5202 tissimus
737 5143 938 5199 Paulus
983 5139 1244 5205 ostendit,
1280 5137 1377 5208 qui
1424 5143 1650 5208 propter
1690 5136 2023 5190 eminentem

448 5236 731 5293 scientiam
757 5234 984 5300 Christi,
1025 5240 1088 5288 ut
1121 5232 1238 5303 ipse
1280 5229 1397 5293 ait,
1425 5241 1618 5282 eorum
1650 5241 1772 5296 quae
1811 5225 1864 5279 in
1904 5223 2025 5292 lege

447 5331 600 5384 lucra
639 5335 817 5393 erant,
863 5323 1225 5382 libentissime
1268 5321 1538 5392 iacturam
1587 5317 1737 5380 facit,
1783 5325 1839 5370 et
1884 5323 2024 5368 ster-

449 5438 576 5477 cora
631 5420 953 5485 arbitratur,
996 5425 1057 5472 ut
1102 5414 1383 5472 Christum
1421 5409 1728 5465 lucrifaciat
1755 5408 1796 5460 ⁸.
1846 5407 2024 5475 Atque

449 5510 708 5567 adversus
751 5525 849 5568 eos
891 5508 1146 5581 quidem,
1186 5503 1280 5576 qui
1326 5503 1440 5558 sola
1493 5515 1616 5571 quae
1660 5515 1758 5570 per
1803 5498 2023 5568 Moysen

451 5603 648 5659 tradita
681 5614 826 5669 sunt,
852 5603 1033 5659 adhuc
1057 5614 1247 5670 magna
1277 5602 1568 5666 putarent;
1599 5591 2022 5664 perfectionem—

2114 508 2143 559 ό
2187 508 2436 580 γαμϐρὸς
2492 508 2666 579 Μωσῆ
2727 505 3154 576 ὁλοκαυτώματα
3209 505 3304 558 καὶ
3349 502 3538 566 θυσίας
3607 504 3681 574 τῷ

2116 600 2322 671 Κυρίῳ.
2385 620 2404 654 ι
2474 598 2833 670 Στειχειωτὴς
2870 594 2963 652 οὖν
3014 599 3142 669 ἄρα,
3193 596 3288 650 καὶ
3333 596 3415 658 είς
3465 594 3683 666 πρώτας

2117 689 2366 753 εἰσϐολὰς
2418 689 2566 760 ἡμᾶς
2609 688 2712 758 τῆς
2753 685 2990 758 ἀληθοῦς
3041 682 3368 752 θεογνωσίας
3422 679 3682 750 ἀποφέρει

2115 782 2340 851 Μωσῆς,
2371 780 2514 834 τοῦτ’
2542 779 2709 844 ἔστιν,
2736 781 2767 850 ὴ
2793 778 2880 832 διὰ
2898 777 3006 831 τῶν
3037 777 3402 847 ἀρχαιοτέρων
3423 771 3684 843 Γραμμα-

2117 891 2226 927 των
2250 875 2553 944 κατήχησις
2582 871 2946 942 εἰσαγωγική.

2188 1117 2395 1169 ΠΑΛΛ.
2433 1116 2692 1186 Ἀραρεν.

2188 1205 2353 1259 ΚΥΡ.
2387 1204 2597 1257 Τελειοῖ
2625 1204 2681 1256 δὲ
2711 1203 2946 1275 Χριστὸς
2966 1202 3092 1266 τοὺς
3116 1200 3206 1255 διὰ
3230 1200 3396 1270 νόμου
3424 1215 3689 1270 κατηχου-

2123 1296 2334 1366 μένους.
2366 1294 2549 1366 Νόμον
2590 1295 2646 1349 δὲ
2687 1296 2736 1347 εί
2765 1294 2981 1364 λέγοιμι
3008 1293 3188 1356 πάλιν,
3228 1290 3493 1363 διαθήκην
3521 1290 3690 1344 ἐννόει

2117 1386 2216 1456 τὴν
2245 1387 2503 1440 παλαιάν.
2536 1386 2644 1439 Καὶ
2668 1384 2798 1453 γοῦν
2842 1385 2978 1454 πρὸς
3012 1384 3110 1454 μὲν
3155 1383 3247 1436 τὸν
3293 1381 3458 1454 Ἰοθδρ
3511 1382 3693 1452 μόνοις

2120 1477 2317 1548 ἐχρῆτο
2343 1481 2455 1542 τοῖς
2483 1479 2608 1548 περ)⁵
2635 1476 2768 1530 Θεοῦ
2799 1478 3174 1548 διηγήμασινὸ
3202 1476 3408 1547 Μωσῆς
3427 1493 3442 1508 ο
3466 1475 3692 1546 γνώμης

2119 1585 2177 1622 τε
2208 1570 2288 1632 είς
2316 1568 2474 1622 τοῦτο
2513 1567 2737 1639 μεθίστη
2763 1567 2967 1632 λοιπὸν,
2991 1569 3066 1631 ὡς
3098 1567 3392 1638 διαρρήδην
3415 1566 3693 1637 ὁμολογεῖν

2120 1659 2219 1712 οὐκ
2242 1655 2380 1712 εἷναι
2410 1659 2542 1712 Θεὸν
2573 1659 2778 1728 ἕτερον,
2810 1658 2948 1730 πλὴν
2971 1660 3052 1712 ὅτι
3099 1657 3259 1729 μόνος
3293 1659 3323 1712 ό
3352 1654 3452 1723 εἷς,
3479 1659 3506 1710 ὁ
3533 1655 3694 1726 φύσει

2050 1745 2095 1804 Β
2123 1749 2215 1802 καὶ
2243 1749 2476 1819 ἀληθῶς.
2511 1749 2701 1812 Πίστις
2727 1748 2783 1802 δὲ
2806 1748 2944 1820 αὕτη
2971 1748 3392 1820 κατηχουμένων
3410 1749 3444 1818 ἠ
3477 1745 3691 1818 πρώτη,

2123 1841 2184 1894 τὸ
2210 1840 2308 1910 τῆς
2339 1841 2602 1895 πολυθέου
2633 1841 2790 1912 δόξης
2818 1838 3251 1895 ἀπαλλάττεσθαι
3287 1856 3452 1911 φημι,
3481 1839 3575 1892 καὶ
3602 1841 3696 1892 τὸν

2121 1934 2336 2005 ἀληθῶς
2366 1934 2461 1988 ἕνα
2481 1952 2537 1988 τε
2561 1935 2654 1988 καὶ
2685 1933 2844 2004 φύσει
2868 1931 3264 2004 παραδέχεσθαι
3288 1931 3442 1986 Θεόν.
3483 1929 3697 2002 Ἀαρὼν

2119 2021 2176 2076 δὲ
2227 2024 2319 2078 τὸν
2373 2023 2539 2094 Ἰοθὸρ
2577 2023 2671 2077 καὶ
2715 2022 2991 2094 τραπέζης
3041 2021 3215 2092 ἠξίου,
3259 2020 3353 2074 καὶ
3404 2021 3485 2084 είς
3526 2022 3696 2091 ἄρτου

2121 2109 2325 2183 βρῶσιν
2355 2112 2560 2167 ἐκάλει.
2601 2131 2619 2163 ι
2644 2111 2989 2182 Παραγέγονε
3009 2129 3026 2162 ι
3062 2109 3192 2180 γὰρ,
3213 2109 3398 2179 φησιν,
3432 2108 3698 2180 ("Adpqu

2122 2204 2217 2258 καὶ
2235 2204 2437 2267 πάντες
2459 2205 2508 2257 oi
2543 2202 2900 2274 πρεσϐύτεροι
2934 2200 3148 2272 Ἰσραὴλ
3168 2241 3184 2267 ,
3204 2202 3512 2270 συμφαγεῖν
3531 2201 3697 2272 ἄρτον

2123 2295 2262 2368 μετὰ
2279 2295 2372 2350 τοῦ
2404 2294 2654 2366 γαμϐροῦ
2674 2295 2846 2365 Μωσῆ
2873 2292 3113 2347 ἐναντίον
3139 2289 3232 2345 τοῦ
3254 2292 3410 2347 Θεοῦ.
3444 2312 3462 2344 ι
3488 2292 3700 2345 τελειοί

2119 2387 2228 2460 γὰρ
2262 2387 2408 2458 ἡμᾶς
2447 2386 2596 2456 ἄρτῳ
2629 2382 2708 2455 τῷ
2749 2383 2912 2448 ζῶντι
2952 2382 3206 2454 Χριστὸς,
3254 2385 3282 2437 ὁ
3333 2382 3698 2454 ἀληθέστερος

2132 2478 2372 2549 Ἀαρών·
2418 2478 2616 2532 τελειοϊ
2643 2477 2699 2530 δὲ
2732 2476 2791 2530 οὐ
2823 2475 2984 2546 μόνον
3020 2476 3147 2538 τοὺς
3179 2475 3237 2542 ἐξ
3267 2473 3458 2538 ἐθνῶν,
3493 2475 3697 2546 ἀναμὶξ

2118 2571 2176 2624 δὲ
2208 2571 2407 2640 μᾶλλον
2458 2571 2583 2634 τοὺς
2617 2567 3024 2640 ἐξειλεγμένους
3063 2565 3124 2631 ἐξ
3171 2568 3404 2638 αἵματος
3455 2566 3695 2638 Ἰσραὴλ,

2121 2656 2196 2716 ὧν
2225 2661 2290 2716 ἂν
2317 2656 2427 2714 εἷεν
2459 2661 2627 2724 τύπος
2661 2662 2711 2714 ot
2754 2659 3137 2730 πρεσϐύτεροι.
3169 2659 3446 2728 Ἐμφασιν
3473 2657 3530 2710 δὲ
3561 2657 3699 2728 πρὸς

2121 2754 2393 2825 ἁγιασμόν
2424 2754 2486 2807 οὐ
2523 2753 2749 2824 μετρίαν
2781 2752 2896 2824 ἔχει
2945 2752 3005 2806 τὸ
3030 2750 3106 2815 ὡς
3159 2751 3390 2804 ἐνώπιον
3416 2749 3510 2803 τοῦ
3559 2748 3697 2802 Θεοῦ

2120 2846 2211 2900 τὸν
2231 2847 2395 2916 ἄρτον
2422 2845 2618 2916 χρῆναι
2649 2845 2863 2914 φαγεῖν.
2896 2843 2964 2897 Τί
2987 2842 3093 2915 γὰρ
3119 2841 3290 2906 οὕτως
3309 2843 3368 2895 ὲν
3387 2841 3506 2911 δψει
3535 2840 3696 2907 Θεοῦ,

2119 2939 2196 3002 ὡς
2227 2937 2464 3009 μυστικὴ
2488 2935 2760 3008 τράπεζα,
2798 2935 2894 2991 καὶ
2925 2935 3104 3002 θυσία,
3137 2935 3232 2989 καὶ
3259 2935 3309 2987 οἱ
3339 2932 3543 3003 ταύτης
3567 2930 3700 3004 μέτ-

2119 3044 2234 3100 οχοι
2253 3046 2270 3096 ;

2195 3315 2402 3371 ΠΑΛΛ.
2436 3309 2510 3369 Εὖ
2535 3313 2736 3382 λέγεις.

2196 3409 2360 3462 ΚΥΡ.
2398 3406 2522 3460 ’Ότι
2548 3405 2636 3459 διὰ
2685 3399 2922 3475 Χριστοῦ
2954 3399 3338 3471 τελειούμενοι,
3373 3399 3467 3454 καὶ
3511 3399 3615 3469 τῆς
3648 3402 3705 3453 ιν

2125 3500 2275 3572 νόμῳ
2309 3497 2686 3567 παιδαγωγίας
2715 3495 2852 3568 πρὸς
2878 3494 3088 3566 ἀμείνω
3111 3493 3325 3548 σύνεσιν
3351 3490 3704 3563 ἀναθρώσκο⁹

2129 3609 2249 3664 μεν,
2284 3589 2516 3662 ἀπονητὶ
2542 3590 2599 3643 δὲ
2629 3587 2872 3660 ὀψόμεθα
2891 3586 3036 3656 σαφῆ
3058 3584 3153 3639 τοῦ
3171 3583 3493 3656 πράγματος
3515 3583 3703 3637 εἰκόνα

2124 3683 2422 3754 δεχόμενοι,
2457 3681 2660 3736 Μωσέα
2688 3697 2749 3734 τε
2788 3679 2882 3734 καὶ
2930 3678 3132 3747 Ἰοθόρο
3167 3695 3186 3728 ι
3220 3675 3425 3745 Μωσῆς
3467 3674 3566 3746 μὲν
3591 3673 3704 3745 γὰρ

2125 3777 2152 3828 ό
2169 3775 2454 3837 θεσπέσιος
2478 3772 2714 3843 ἐκάθητο
2735 3771 2958 3844 κρίνων,
2983 3789 3002 3821 ι
3037 3767 3193 3840 φησί’
3221 3787 3239 3820 ι
3268 3765 3628 3837 παρειστήκει
3649 3763 3704 3816 δέ

2125 3866 2276 3938 αὐτῷ
2302 3868 2409 3930 πᾶς
2433 3867 2460 3920 ὁ
2487 3865 2616 3929 λαὸς
2655 3864 2762 3918 ἀπὸ
2794 3861 2940 3936 πρωῒ
2975 3861 3081 3925 ἕως
3106 3860 3363 3932 ἑσπέρας.
3402 3876 3420 3910 ι
3451 3857 3704 3927 Είσηγεῖ-

2124 3977 2213 4014 ται
2241 3959 2298 4014 δὲ
2342 3958 2566 4030 γνώμην
2605 3955 2791 4027 ἰοθὸρ,
2821 3957 2890 4027 ἢν
2917 3954 3185 4026 τετίμηκε
3229 3950 3465 4021 Μωσῆς,
3501 3948 3705 4020 ἄριστά

2123 4071 2183 4108 τε
2207 4053 2352 4125 ἔχειν
2384 4047 2714 4121 ὲννενοηκὼς
2736 4047 3128 4121 προσεδέξατοο
3163 4064 3181 4098 ι
3221 4047 3460 4098 Ἤκουσε
3505 4041 3698 4112 γὰρέ»

2125 4146 2278 4217 φησὶ,
2310 4163 2330 4197 ‹
2351 4144 2557 4215 Μωσῆς
2585 4142 2686 4213 τῆς
2709 4140 2889 4212 φωνῆς
2912 4139 3006 4194 τοῦ
3036 4135 3310 4208 γαμϐροῦ,
3333 4134 3426 4189 καὶ
3447 4134 3706 4204 ἐποίησεν

2123 4238 2225 4292 ὅσα
2252 4235 2401 4307 αὑτῷ
2431 4230 2601 4289 εἶπεν.
2632 4252 2650 4286 ›
2680 4235 2752 4287 Ἦ
2768 4234 2877 4304 γὰρ
2905 4231 3027 4302 οὐχὶ
3057 4230 3234 4300 πάντη
3263 4244 3325 4282 τε
3357 4229 3452 4282 καὶ
3484 4226 3705 4287 πάντως

2123 4328 2152 4381 ὁ
2191 4328 2291 4399 τὴν
2327 4327 2536 4396 ἀμείνω
2587 4325 2781 4396 βουλὴν
2818 4324 2914 4378 καὶ
2959 4321 3187 4393 γνώμην
3239 4315 3352 4383 οἶός
3398 4335 3458 4371 τε
3519 4315 3707 4384 λέγειν

2125 4421 2281 4476 νοοῖτ⁹
2303 4420 2370 4475 ἂν
2398 4418 2664 4490 ὑπάρχειν
2694 4416 2786 4470 καὶ
2809 4417 2866 4469 έν
2898 4412 3109 4468 συνέσει
3141 4407 3590 4483 προφερεστέρας

2188 4666 2396 4722 ΠΔΛΛ.
2427 4664 2595 4737 Φημί.

2188 4761 2355 4814 ΚΥΡ.
2386 4758 2508 4812 Ὀτι
2539 4756 2597 4810 δὲ
2637 4754 2878 4826 ἀμείνων
2923 4752 3019 4807 καὶ
3057 4750 3316 4805 ἐπέκεινα
3347 4745 3485 4801 πολὺ
3513 4745 3618 4816 τῆς
3645 4745 3706 4798 δν

2119 4851 2268 4922 νόμῳ
2320 4849 2675 4920 κατηχήσεως
2732 4847 2766 4917 ἡ
2813 4844 2915 4912 ςδιὰ
2959 4841 3196 4915 Χριστοῦ
3244 4839 3556 4900 τελείωσις,
3623 4837 3707 4897 είς

2126 4939 2326 5010 γνῶσιν
2353 4938 2504 5009 ἡμᾶς
2529 4935 2920 5007 ὑπερφέρουσα
2940 4931 3039 5003 τὴν
3072 4928 3420 5000 ἀσυγκρίτως
3441 4927 3707 4996 ὑπερκει-

2129 5031 2320 5103 μένην,
2352 5027 2640 5092 ὲκδείξειεν
2671 5025 2737 5079 ἂν
2780 5024 3019 5087 εὐκόλως
3062 5023 3091 5076 ὁ
3126 5019 3417 5092 ἱερώτατος
3462 5015 3703 5079 Παῦλος,

2125 5123 2213 5179 διὰ
2251 5122 2315 5176 τὸ
2356 5119 2620 5192 ὐπερέχον
2665 5117 2766 5188 τῆς
2811 5113 3066 5185 γνώσεως
3120 5111 3217 5166 τοῦ
3264 5107 3522 5182 Χριστοῦ,
3557 5105 3707 5161 καθά

2126 5231 2291 5285 φησιν
2308 5211 2491 5290 αὐτὸς.
2521 5209 2588 5264 τὰ
2610 5209 2669 5262 ἓν
2701 5207 2852 5278 νόμῳ
2873 5203 3037 5276 κέρδη
3063 5201 3451 5274 προθυμότατα
3467 5194 3715 5290 ’ζημιοῦν

2131 5321 2307 5376 μενος,
2343 5287 2588 5355 σκύϐαλα
2614 5314 2674 5350 τε
2715 5292 2854 5350 εἶναι
2882 5292 3136 5364 νομίζων,
3173 5290 3261 5344 ἴνα
3291 5287 3526 5360 Χριστὸν
3555 5301 3706 5376 ,κερ-

2125 5373 2285 5467 δήσῃ.
2311 5393 2422 5448 Καὶ
2463 5391 2600 5464 πρὸς
2631 5389 2730 5461 μὲν
2763 5388 2890 5452 τοὺς
2937 5385 3072 5456 μόνα
3097 5381 3374 5452 τιμῶντας
3401 5378 3482 5430 ἔτι
3610 5373 3707 5426 διὰ

2128 5465 2389 5551 Μωσέως,
2419 5485 2481 5539 οὐ
2529 5481 2918 5553 προσιεμένους
2950 5478 3006 5532 δέ
3037 5477 3136 5546 τὴν
3181 5472 3274 5527 διὰ
3323 5465 3558 5542 Χριστοῦ
3609 5482 3704 5518 τε-

2127 5583 2362 5648 λείωσιν,
2398 5581 2426 5633 ὁ
2455 5577 2738 5648 προφήτης
2769 5573 3003 5640 ἔφασκεν
3045 5565 3339 5637 Ἱερεμίας·
3378 5561 3496 5624 Πῶς
3520 5559 3704 5629 ἐρεῖτε

301 5715 354 5799 κζ’
437 5718 713 5786 .⁸Ειο‹ι.
747 5735 893 5784 xvm,
927 5717 1118 5781 11,12.
1194 5710 1524 5776 '1bid.,12.
1604 5705 1936 5776 ‘lbid.,13.
2015 5707 2020 5719 ·

2127 5703 2242 5770 ιίἀη
2281 5699 2370 5754 24.
2450 5697 2470 5729 ⁸
2534 5691 2767 5763 Philipp.
2823 5705 2898 5753 ιιι,
2937 5688 2988 5741 5.

265 5808 292 5838 ,ιζ

235 5833 294 5862 4W

244 5875 267 5894 δ.
