3954 6200
258 306 368 364 285

1008 319 1094 372 DE
1133 319 1568 380 ADORATIONE
1609 326 1677 380 IN
1717 325 1986 386 SPIBITU
2026 331 2114 386 ET
2155 334 2523 394 VERITATE.
2564 341 2692 395 LIB.
2731 341 2820 398 IlI.

3418 346 3522 401 286

259 421 550 522 att-anm
583 424 755 493 ἐσμεν
787 427 967 496 ἡμεῖς,
1006 428 1101 482 καὶ
1132 431 1292 502 νόμος
1328 435 1534 505 Κυρίου
1564 437 1681 490 ἐστὶ
1716 439 1817 508 μεθ

1941 459 2050 512 que
2103 460 2224 500 eam
2278 463 2400 516 qua:
2447 453 2750 520 acquiritur
2801 469 2899 522 per
2947 454 3152 509 Christi
3200 455 3528 521 doctrinam,

260 512 448 582 ήμῶνς
489 513 582 576 Et;
614 515 793 586 μάτην
831 519 1062 590 ἐγενήθη
1114 525 1321 592 σχοῖνος
1345 523 1544 596 ψευδὴς
1571 529 1840 600 Γραμμα-

257 603 442 656 τεῦσιν
462 605 849 678 ’ᾐσχύνθησαν
865 611 1038 678 σοφοὶ,
1065 613 1410 686 ὲπτοήθησαν
1431 619 1526 671 καὶ⁵
1555 620 1798 674 ἑάλωσαν
1819 639 1835 655 ·

259 696 421 762 σοφία
452 697 537 760 τίς
582 699 734 753 ἐστιν
763 703 823 753 ἐν
855 704 1060 768 αὐτοῖς,
1089 707 1170 758 ὅτι
1198 707 1289 760 τὸν
1325 708 1480 776 λόγον
1507 711 1714 783 Κυρίου
1739 715 1838 768 ἀπ-

256 786 590 856 εδοκίμασαν
613 807 628 855 ;
658 810 676 842 ι
697 792 860 862 Ἡμῖν
882 793 938 847 δὲ
965 799 1076 861 τοῖς
1105 797 1195 852 τὸν
1221 803 1490 870 σωτήριον
1513 803 1611 856 οὐκ
1640 804 1834 858 ἀποδο-

257 877 552 946 κιμάζουσι
603 880 763 948 λόγον
800 882 1162 955 (προσιέμεθα
1204 890 1310 961 γὰρ
1359 893 1610 962 ἀσμένως
1647 894 1716 948 τὰ
1749 895 1837 950 διὰ

255 968 494 1055 ριστοῦ
517 969 876 1042 κηρύγματα)
893 975 1116 1043 γέγονεν
1142 979 1304 1043 αὐτὸς
1317 982 1477 1050 σοφία
1501 984 1650 1055 παρὰ
1678 985 1834 1041 Θεοῦ.

256 1052 817 1132 Πεπλεοινεκτήκαμεν
851 1060 944 1117 οῦν
979 1065 1085 1136 ἄρα
1134 1069 1229 1122 καὶ
1274 1071 1416 1124 κατὰ
1461 1073 1674 1126 σύνεσιν
1711 1077 1838 1139 τοὺς

253 1151 310 1201 ὲν
345 1149 516 1221 νόμῳ,
557 1153 650 1205 καὶ⁵
687 1155 737 1207 οἱ
786 1158 899 1219 τοῖς
926 1157 1069 1211 κατὰ
1107 1160 1270 1231 νόμον
1313 1163 1649 1234 διηγήμασιν
1703 1183 1835 1218 κατ-

251 1240 574 1309 ηχούμενοι,
611 1245 878 1314 φαγόντες
907 1248 998 1301 τὸν
1019 1249 1180 1322 ἄρτον
1203 1253 1430 1308 ἐνώπιον
1460 1257 1555 1308 τοῦ
1585 1256 1744 1319 Θεοῦ,
1765 1257 1834 1311 τὰ

251 1332 462 1401 ἀμείνω
493 1336 589 1388 καὶ
621 1335 801 1391 λαλεῖν
828 1339 922 1392 καὶ
957 1345 1175 1411 φρονεῖν
1218 1346 1652 1418 πεπαιδεύμεθα.
1686 1350 1832 1402 Γνω-

255 1423 478 1491 μοδοτεῖ
500 1425 612 1497 γὰρ
656 1427 843 1499 Ἰοθὸρ,
887 1431 980 1483 καὶ
1011 1434 1270 1487 ἐπακούει
1297 1436 1524 1504 Μωσῆς.
1557 1437 1656 1507 Είη
1685 1437 1743 1490 δὲ
1766 1438 1830 1491 ἂν

248 1514 477 1580 εἰκότως
513 1519 805 1589 πρόσωπον
855 1521 955 1591 μὲν
978 1522 1166 1597 ὥσπερ
1194 1525 1304 1580 τῶν
1336 1526 1397 1591 ἐξ
1422 1527 1593 1583 ἐθνῶν
1640 1528 1830 1600 Ἰοθὸρ,

246 1605 456 1677 Μωσῆς
482 1607 539 1661 δὲ
559 1611 669 1663 τῶν
696 1612 836 1665 κατὰ
862 1614 1045 1685 νόμον.

1948 535 2339 604 repudiarent;
2392 540 2610 596 dicebat
2662 545 2928 614 propheta
2984 547 3292 601 Jeremias:
3336 566 3354 597 ι
3385 547 3534 614 Quo-

1945 625 2109 679 modo
2158 628 2353 683 dicetis
2422 633 2568 700 quod
2619 636 2895 704 sapientes
2945 653 3137 691 smnus
3182 654 3302 702 nos,
3343 648 3400 692 et
3436 639 3532 694 Dei

1944 715 2033 768 lex
2077 718 2406 774 nobiscum?
2460 721 2663 778 frustra
2707 726 2884 780 factus
2926 736 3010 781 est
3051 729 3252 797 juncus
3299 730 3531 784 mendax

1947 806 2189 874 Scribis;
2219 812 2432 866 confusi
2466 825 2594 869 sunt
2626 817 2921 885 sapientes,
2973 819 3252 888 perterriti
3297 829 3428 874 sunt
3474 829 3531 874 et

1945 899 2089 968 capti
2119 910 2276 967 sunt;
2309 905 2573 973 sapientia
2604 923 2724 976 quae
2748 917 2831 962 est
2862 909 2917 961 in
2951 909 3102 977 ipsis,
3132 910 3257 978 quia
3296 911 3526 965 verbum

1945 991 2161 1045 Domini
2215 996 2648 1064 reprobaverunt
2673 999 2736 1051 9?
2763 1019 2782 1050 ι
2834 1000 3004 1054 Nobis
3045 1016 3198 1063 vero,
3239 1003 3334 1070 qui
3376 1005 3525 1056 salu—

1944 1088 2058 1136 tare
2101 1083 2329 1138 verbum
2372 1102 2480 1140 non
2525 1089 2885 1158 reprobamus
2916 1089 3175 1159 (libenter
3213 1093 3360 1146 enirn
3404 1108 3523 1146 am-

1936 1173 2227 1242 plectimur
2272 1176 2477 1231 Christi
2526 1179 3016 1249 praadicationem),
3057 1181 3235 1237 factus
3278 1193 3366 1237 est
3405 1184 3523 1253 ipse

1935 1263 2204 1331 sapientia
2247 1282 2276 1320 a
2308 1266 2439 1321 Deo.
2485 1268 2558 1323 lis
2593 1268 2760 1340 igitur
2800 1270 2895 1340 qui
2926 1278 3056 1324 sunt
3092 1271 3147 1324 in
3183 1271 3321 1341 lege,
3355 1271 3521 1325 etiam

1934 1353 2241 1421 prudentia
2283 1358 2506 1412 nomine
2550 1361 2863 1429 superiores
2906 1361 3014 1432 95
3050 1376 3242 1416 sumus
3282 1380 3294 1415 :
3335 1371 3392 1417 et
3427 1363 3520 1432 qui

1937 1443 2074 1513 legis
2149 1448 2498 1503 sermonibus
2554 1451 2875 1515 imbuimur,
2933 1461 3286 1523 posteaquam
3341 1467 3522 1506 come-

1937 1531 2120 1587 dimus
2153 1550 2348 1603 panem
2395 1538 2450 1591 in
2481 1549 2777 1610 conspectu
2818 1543 2935 1608 Dei,
2977 1544 3205 1598 meliora
3243 1553 3358 1597 tum
3390 1557 3516 1596 sen-

1939 1623 2064 1688 ιίΐθ,
2106 1634 2218 1679 tum
2258 1628 2406 1697 loqui
2449 1631 2760 1686 didicimus.
2811 1635 2907 1688 Est
2943 1635 3093 1688 enim
3147 1644 3340 1689 auctor
3389 1649 3518 1688 sen-

246 1699 436 1753 tentiae
473 1700 686 1768 Jethro,
730 1703 942 1776 Moyses
1015 1708 1380 1779 obtemperat.
1427 1711 1542 1768 Nec
1573 1726 1712 1769 vero
1759 1709 1994 1770 absurde
2030 1717 2222 1773 Jethro
2299 1721 2522 1789 quidem
2584 1725 2869 1795 gentilium
2905 1740 3194 1794 personam
3259 1726 3513 1791 sustinet,

242 1795 464 1866 Moyses
497 1805 683 1851 autem
719 1812 909 1853 eorum
946 1799 1040 1869 qui
1079 1811 1208 1856 sunt
1244 1818 1312 1858 ex
1348 1803 1484 1874 lege.

314 1913 530 1968 IIAAA.
573 1911 777 1982 Ὀρθῶς
809 1913 971 1984 ἔφης.

313 2002 485 2056 ΚΥΡ.
523 2001 790 2073 Οὐκοῦν-1]
823 2003 911 2057 διὰ
957 2006 1196 2077 Χριστοῦ
1244 2007 1544 2073 τελείωσις,
1592 2008 1686 2062 καὶ
1718 2007 1826 2063 τῶν

244 2096 365 2148 κατ’
415 2094 578 2148 αὐτὸν
624 2096 937 2167 μυστηρίων
966 2098 998 2168 ἡ
1033 2096 1284 2170 δύναμις,
1325 2102 1420 2154 καὶ
1451 2103 1646 2169 σοφοὺς
1677 2102 1826 2172 ἡμᾶς

239 2187 523 2250 ἀποτελεῖ,
559 2187 652 2238 καὶ
677 2185 908 2240 θανάτου
935 2188 1252 2256 κρείττονας
1284 2191 1514 2262 ὁρᾶσθαι
1547 2193 1710 2256 ποιεῖ,
1733 2191 1827 2249 τὸν

241 2276 630 2347 κεκρυμμένον
652 2294 712 2330 τε
741 2279 836 2332 καὶ
859 2280 1046 2351 νοητὸν
1082 2282 1330 2353 Ἀμαλὴκ
1353 2283 1822 2354 καταστρέφουσα,

240 2366 390 2420 τοῦτ’
417 2368 556 2430 ἐστι,
593 2367 686 2420 τὸν
715 2369 982 2426 Σατανᾶν.
1027 2371 1137 2426 Καὶ
1164 2373 1343 2445 ὀρθῶς
1371 2391 1433 2444 γε
1463 2375 1582 2428 λίαν
1611 2379 1638 2429 ὁ
1673 2375 1824 2429 Ψάλ-

240 2459 355 2512 λων
379 2459 654 2526 ἔφασκεν·
697 2479 716 2512 ‹
757 2460 880 2514 Ὅτι
909 2461 967 2515 ἐν
999 2462 1077 2534 τῷ
1105 2465 1224 2534 Θεῷ
1247 2468 1545 2538 ποιήσομεν
1573 2468 1820 2535 δύναμιν,

243 2549 339 2603 καὶ
361 2549 526 2612 αὐτὸς
549 2548 894 2614 ἑξουδενώσει
920 2555 1046 2618 τοὺς
1067 2555 1346 2620 θλίϐοντας
1370 2559 1536 2628 ἡμᾶς.
1576 2577 1595 2610 ι
1639 2557 1824 2629 Ἠμῶν

239 2640 298 2693 δὲ
332 2640 399 2712 δὴ
425 2641 556 2712 ’περὶ¹
583 2642 690 2695 τῶν
713 2645 770 2698 ὲν
801 2645 980 2698 πίστει
1008 2645 1528 2719 λελαμπρυσμένων,
1559 2650 1822 2719 ἀνεφώνει

195 2779 211 2794 ,
241 2731 409 2785 πάλιν
438 2733 517 2795 ὡς
549 2734 684 2804 πρὸς
711 2733 872 2789 αὐτόν
891 2752 906 2767 ⁸
936 2757 956 2788 ‹
983 2723 1104 2790 Ὅτι
1131 2740 1390 2810 καύχημα
1418 2739 1517 2811 τῆς
1543 2741 1823 2811 δυνάμεως

238 2820 426 2876 αὐτῶν
464 2823 531 2876 σὺ
577 2819 772 2885 εῐ,“καὶ
807 2827 868 2878 ἐν
912 2823 989 2896 τῷ
1031 2827 1253 2896 ὀνόματί
1284 2845 1375 2880 σου
1405 2829 1821 2896 ἀγαλλιάσονται

239 2912 371 2982 ὃλην
407 2912 513 2982 τὴν
549 2912 790 2983 ἡμέραν.
819 2933 838 2966 t
878 2914 1225 2985 Καυχὼμεθα
1257 2917 1365 2987 γὰρ
1391 2919 1449 2970 ἐν
1475 2919 1695 2989 Χριστῷ
1719 2937 1822 2972 σω-

239 3001 486 3072 ζόμενοι,
515 3005 610 3056 καὶ
638 3003 802 3057 αὑτὸν
825 3004 1041 3074 ἔχοντες
1066 3005 1230 3059 ὅπλον
1261 3007 1526 3080 εὐδοκίας,
1561 3007 1704 3061 κατὰ
1726 3008 1823 3072 τὰς

236 3094 491 3165 Γραφάς.
516 3095 718 3148 Τούτου
747 3096 806 3150 δὲ
827 3093 894 3150 αὖ
922 3098 1091 3160 τύπος
1121 3100 1252 3168 ἡμῖν
1282 3099 1373 3151 καὶ
1395 3099 1556 3153 εἰκὼν
1587 3101 1823 3171 ἐναργὴς

237 3187 311 3238 ἂν
341 3186 556 3254 γένοιτο
588 3186 771 3250 πάλιν,
798 3187 858 3240 τὸ
891 3189 949 3240 ἐν
978 3188 1057 3258 τῷ
1105 3189 1247 3240 τέλει
1289 3189 1386 3260 τῆς
1416 3190 1672 3260 δευτέρας
1713 3191 1819 3244 τῶν

1860 1925 1905 1981 Β
2003 1917 2200 1972 PALL.
2243 1918 2411 1974 Recte
2444 1919 2543 1974 ais.

1997 2002 2154 2058 CYR.
2188 2006 2333 2074 Ergo
2362 2006 2461 2074 illa.
2483 2023 2605 2077 qua:
2653 2023 2754 2078 per
2785 2008 3064 2065 Christum
3093 2012 3355 2068 tribuitur
3383 2030 3512 2084 per-

1925 2092 2110 2161 lectio,
2154 2104 2210 2150 et
2243 2098 2362 2166 ejus
2398 2107 2866 2154 sacramentorum
2902 2102 3098 2167 virtus,
3133 2111 3246 2158 tum
3291 2105 3512 2175 sapien-

1929 2196 2010 2243 tes
2040 2203 2140 2242 nos
2171 2187 2356 2250 eﬂieit,
2389 2197 2506 2242 tum
2553 2205 2686 2244 vero
2728 2201 2908 2246 morte
2954 2192 3212 2249 fortiores
3251 2196 3508 2260 ostendit,

1925 2278 2199 2333 occultum
2237 2279 2390 2332 illum
2436 2294 2499 2332 ac
2546 2280 2885 2348 spiritualem
2936 2282 3177 2349 Amalec,
3231 2285 3509 2351 Satanam,

1927 2367 2168 2437 inquam,
2207 2381 2548 2437 expugnans.
2593 2368 2660 2422 Et
2706 2375 2855 2421 recte
2884 2369 3192 2422 'admodum
3230 2370 3320 2425 ille
3358 2372 3511 2426 Psal-

1925 2466 2008 2512 tes
2036 2454 2252 2512 aiebat:
2290 2476 2308 2508 ι
2346 2456 2613 2523 Quoniam
2660 2456 2715 2509 in
2757 2456 2870 2510 Deo
2908 2455 3175 2512 faciemus
3216 2459 3507 2526 virtutem;

1923 2555 1980 2604 et
2021 2549 2136 2617 ipse
2186 2548 2252 2603 ad
2299 2548 2533 2602 nihilum
2585 2547 2820 2601 deducet
2873 2547 3200 2603 tribulantes
3248 2564 3349 2604 nos
3377 2551 3440 2604 ⁸ο.
3483 2569 3502 2601 ι

1922 2637 2000 2693 De
2039 2639 2200 2692 nobis
2240 2639 2390 2702 item,
2423 2638 2517 2707 qui
2567 2637 2692 2692 ﬁdei
2737 2637 3027 2707 splendore
3075 2653 3264 2693 sumus
3305 2640 3506 2704 ornati,

1923 2726 2140 2783 dicebat
2170 2729 2237 2783 ad
2280 2731 2452 2784 Deum
2499 2744 2631 2783 voce
2670 2744 2936 2784 conversa
2976 2747 2989 2783 :
3028 2749 3046 2781 ι
3082 2729 3348 2796 Quoniam
3389 2730 3508 2801 glo~

1923 2819 2006 2874 ria
2032 2819 2250 2874 virtutis
2279 2836 2468 2874 eorum
2504 2827 2563 2874 tu
2592 2835 2672 2883 es,
2700 2829 2756 2874 et
2792 2821 2846 2874 in
2879 2820 3100 2875 nomine
3136 2828 3231 2875 tuo
3264 2821 3507 2875 exsulta-

1923 2915 2062 2969 bunt
2103 2923 2212 2969 tota
2260 2914 2349 2969 die
2385 2915 2448 2966 ιι.
2490 2934 2508 2965 ι
2565 2913 2916 2969 Exsultamus
2956 2914 3103 2968 enim
3156 2913 3215 2967 iii
3262 2913 3502 2979 Christo,

1921 3023 2044 3062 cum
2099 3007 2394 3071 salvamur,
2439 3013 2496 3060 et
2541 3005 2720 3075 ipsum
2769 3006 3065 3070 habemus,
3115 3012 3176 3059 ut
3225 3014 3310 3063 est
3361 3007 3505 3076 apud

1921 3097 2231 3166 Scripturas
2274 3115 2285 3149 :
2327 3115 2344 3146 ι
2385 3097 2612 3152 Scutum
2655 3097 2813 3151 bona:
2848 3097 3150 3151 voluntatis
3178 3098 3241 3150 ι’.
3279 3117 3297 3148 ι
3337 3097 3509 3168 Cujus

1920 3190 2001 3243 rei
2037 3189 2196 3242 nobis
2244 3189 2414 3257 figura
2465 3203 2586 3243 esse
2636 3204 2830 3244 rursus
2882 3197 3081 3258 potest,
3117 3199 3282 3259 atque
3329 3193 3506 3261 imago

236 3279 544 3332 ωσιλειῶν
565 3280 970 3352 γεγραμμένοψ
998 3257 1110 3352 ἔχει
1129 3281 1184 3334 δὲ
1210 3257 1382 3344 οὕτως
1402 3299 1416 3312 ο
1447 3302 1466 3334 ι
1494 3257 1602 3334 καὶ
1618 3281 1816 3352 ἀνέστη

1922 3277 2242 3348 perspicua,
2291 3278 2436 3346 quod
2495 3279 2549 3332 in
2607 3288 2853 3333 extremo
2894 3257 3136 3334 secundi
3189 3257 3504 3352 Degnorum

232 3368 408 3422 Δαὸὶδ
445 3369 615 3439 πρωῒ,
644 3370 738 3422 καὶ
771 3370 923 3439 λόγος
949 3371 1155 3441 Κυρίου
1182 3371 1400 3440 ἐγένετο
1428 3371 1564 3440 πρὸς
1591 3370 1698 3422 Γὰδ
1727 3370 1818 3424 τὸν

235 3462 534 3528 προφήτην
580 3460 671 3514 τὸν
713 3460 926 3534 ὁρῶντα
960 3463 1097 3533 πρὸς
1137 3462 1334 3524 Δαϐὶδ,
1371 3462 1578 3530 λέγων·
1609 3459 1814 3531 Πορεύ-

234 3553 365 3622 θητι
412 3552 507 3603 καὶ
551 3551 782 3621 λάλησω
811 3552 946 3623 πρὸς
993 3553 1176 3615 Δαὸὶδ,
1219 3553 1427 3621 λέγων·
1487 3549 1627 3606 Τάδε
1670 3551 1816 3618 λέγει

232 3644 481 3715 Κύριος·
514 3645 653 3714 Τρία
680 3644 790 3713 ἐγὼ
813 3645 924 3717 ἐρῶ
948 3646 1038 3698 ἐπὶ
1072 3646 1152 3707 σὲ,
1185 3644 1396 3708 ἔκλεξαι
1422 3645 1633 3716 σεαυτῷ
1666 3643 1728 3697 ἓν
1758 3641 1817 3709 ἐξ

233 3737 443 3802 αὐτῶν,
474 3739 569 3790 καὶ
596 3738 805 3806 ποιήσω
838 3753 941 3790 σοι.
968 3736 1079 3790 Καὶ
1106 3735 1322 3806 εἰσῆλθε
1345 3736 1452 3789 Γὰδ
1473 3735 1607 3806 πρὸς
1633 3735 1814 3800 Δαὸὶδ,

232 3830 330 3882 καὶ
351 3829 678 3899 ἀπήγγειλε,
711 3828 808 3882 καὶ
833 3824 989 3881 εἶπεν
1016 3829 1184 3899 αὐτῷ·
1211 3826 1470 3891 Ἔκλεξαι
1497 3826 1707 3897 σεαυτῷ
1722 3840 1818 3897 γε-

228 3921 426 3975 νέσθαι
449 3960 467 3989 ,
497 3919 532 3990 ἦ
572 3919 700 3992 ἔλθῃ
750 3937 834 3973 σοι
866 3920 992 3990 τρία
1024 3920 1118 3991 ἔτη
1150 3920 1308 3990 λιμὸς
1352 3921 1410 3972 ἐν
1442 3923 1508 3989 τῇ
1539 3922 1608 3990 γῆ
1641 3935 1755 3985 σου,
1776 3917 1815 3994 ἢ

228 4014 391 4082 τρεῖς
417 4012 598 4081 μῆνας
639 4011 862 4080 φεύγειν
895 4030 955 4066 σε
985 4012 1292 4084 ἔμπροσθεν
1316 4011 1428 4065 τῶν
1458 4010 1668 4082 ἐχθρῶν
1696 4028 1810 4072 σου,

232 4106 332 4159 καὶ
349 4105 570 4158 ἔσονται
592 4105 952 4159 καταδιώκειν
976 4123 1035 4158 σε
1056 4123 1069 4137 ·
1107 4106 1140 4176 ἢ
1163 4109 1309 4177 τρεῖς
1331 4106 1542 4175 ἡμέρας
1563 4102 1815 4174 γενέσθαι

230 4196 467 4250 θάνατον
505 4197 562 4249 ἐν
592 4199 658 4267 τῇ
710 4199 781 4268 γῇ
823 4214 939 4251 σου.
990 4197 1105 4251 Νῦν
1152 4194 1246 4251 οῦν
1288 4196 1456 4266 γνῶθι
1491 4194 1585 4252 καὶ
1633 4194 1710 4249 ἴδε
1762 4193 1812 4246 τί

227 4287 525 4357 ἀποκριθῶ
553 4286 629 4356 τῷ
651 4287 1035 4341 ἁποστείλαντί
1065 4305 1132 4357 με
1162 4289 1332 4358 ῥῆμα.
1369 4289 1480 4340 Καὶ
1509 4283 1628 4341 εἷπε
1651 4284 1814 4338 Δαϐὶδ

227 4379 369 4447 πρὸς
403 4377 516 4430 ras
539 4393 552 4408 ⁶
591 4377 760 4429 Στενὰ
801 4395 890 4446 μοι
929 4377 1192 4431 πάντοθεν
1240 4377 1442 4446 σφόδρα
1471 4375 1586 4428 ἐστὶ
1620 4373 1711 4428 καὶ
1742 4371 1810 4428 τὰ

209 4469 378 4540 ’τρίαο
422 4468 776 4539 ἐμπεσοῦμαι
807 4468 872 4539 δὴ
903 4469 984 4532 είς
1027 4470 1214 4540 χεῖρας
1244 4467 1474 4538 Κυρίου,
1513 4468 1594 4520 ὅτι
1626 4465 1809 4520 πολλοὶ

225 4561 273 4612 oi
314 4559 599 4628 οῖκτιρμοὶ
629 4558 796 4613 αὑτοῦ
831 4561 1068 4632 σφόδρα’
1107 4563 1189 4624 είς
1212 4561 1268 4614 δὲ
1296 4563 1482 4630 χεῖρας
1504 4559 1806 4631 ἀνθρώπων

222 4647 286 4701 οὗ
319 4647 401 4718 μὴ
421 4649 673 4717 ἐμπέσω.
702 4650 812 4703 Καὶ
837 4649 1119 4714 ἐξελέξατο
1142 4648 1318 4719 ἐαυτῷ
1347 4648 1623 4720 samem
1649 4649 1806 4703 θάνα-

222 4756 314 4791 τον
333 4755 348 4769 ο
388 4730 534 4809 ἦσαν
558 4738 616 4791 δὲ
651 4741 708 4793 αἱ
737 4739 940 4812 ἡμέραι
969 4739 1231 4811 θερισμοῦ
1270 4739 1478 4811 πυρῶν,
1503 4738 1601 4792 καὶ
1641 4739 1806 4793 ἔδωκε

223 4830 435 4898 Κύριος
467 4830 702 4883 θάνατον
745 4833 805 4883 ὲν
845 4831 1066 4902 Ἰσραὴλ
1093 4832 1200 4884 ἀπὸ
1239 4831 1478 4903 πρωῖθεν
1527 4830 1632 4894 ἕως
1659 4829 1807 4902 ὥρας

223 4920 454 4990 ἀρίστου
473 4936 488 4950 ·
526 4922 620 4975 καὶ
645 4921 847 4992 ἤρξατο
886 4925 918 4993 ἡ
945 4923 1173 4994 θραῦσις
1209 4925 1268 4976 ἐν
1299 4922 1377 4994 τῷ
1397 4921 1547 4993 λαῷ,
1578 4923 1672 4975 καὶ⁵
1697 4923 1807 4975 ἀπ-

223 5011 414 5063 έθανεν
441 5011 512 5064 ὲκ
537 5012 630 5065 τοῦ
646 5013 777 5066 λαοῦ
794 5014 1002 5086 Κυρίου
1025 5014 1133 5068 ἀπὸ
1155 5014 1260 5067 Δὰν
1283 5016 1374 5069 καὶ
1388 5015 1490 5078 ἓως
1508 5013 1802 5086 Βερσαϐεὲ,

221 5099 600 5170 ἑϐδομήκοντα
629 5103 867 5173 χιλιάδες
901 5107 1134 5178 ἀνδρῶν·
1164 5108 1260 5161 καὶ
1288 5107 1552 5173 ἐξέτεινεν
1574 5108 1604 5163 ὀ
1638 5107 1802 5178 ἄγγε-

219 5188 313 5252 ‘Ao;
340 5191 436 5243 τοῦ
485 5192 620 5247 Θεοῦ
654 5193 753 5265 τὴν
781 5198 936 5266 χεῖρα
985 5197 1152 5253 αὐτοῦ
1199 5201 1277 5262 είς
1322 5200 1676 5270 Ἰερουσαλὴμ.
1705 5197 1798 5253 τοῦ

218 5277 533 5351 διαφθεῖραι
583 5284 782 5356 αὑτήν·
815 5287 910 5340 καὶ
958 5289 1275 5360 παρεκλήθη
1328 5289 1531 5358 Κύριος
1581 5291 1672 5342 ἐπὶ
1730 5293 1792 5359 τῇ

219 5371 412 5438 κακίᾳ,
445 5373 542 5424 καὶ
588 5368 709 5426 εἷπε
744 5375 821 5445 τῷ
864 5378 1080 5450 ἀγγέλῳ
1115 5378 1192 5448 τῷ
1228 5378 1592 5448 διαφθείροντι
1627 5380 1684 5430 ἐν
1721 5378 1798 5448 τῷ

215 5457 374 5527 λαῷ·
417 5459 648 5528 Ἱκανὸν,
685 5465 811 5529 ἄνες
851 5469 949 5540 τὴν
982 5469 1139 5540 χεῖρὰ
1180 5485 1296 5521 σου.
1354 5469 1464 5522 Καὶ
1496 5470 1524 5521 ὁ
1572 5468 1799 5536 ἄγγελος

211 5550 315 5603 τοῦ
349 5551 486 5606 Θεοῦ
523 5550 593 5627 ἦν
637 5558 808 5622 ἑστὼς
837 5561 966 5632 περὶ
1010 5563 1076 5630 τῇ
1103 5561 1216 5631 ἅλῳ
1254 5562 1417 5630 Ὀρνᾶ
1452 5560 1545 5613 τοῦ
1605 5561 1800 5612 Ἰεϐου-

297 5685 318 5715 ⁹
351 5685 460 5739 Jer.
495 5705 607 5754 vm,
657 5691 711 5758 8,
739 5691 790 5747 9.

1914 3368 2044 3426 libri
2073 3368 2337 3438 scriptum
2369 3378 2470 3435 est;
2501 3385 2566 3424 ea
2590 3370 2757 3424 verba
2797 3371 2877 3425 sic
2922 3371 3129 3426 habent
3161 3391 3174 3426 :
3221 3393 3238 3424 ι
3276 3375 3343 3428 Et
3375 3390 3504 3429 sur--

1915 3458 2056 3513 rexit
2093 3458 2263 3512 David
2309 3475 2486 3523 mane,
2523 3467 2578 3513 et
2622 3475 2803 3514 sermo
2841 3461 3058 3514 Domini
3102 3461 3281 3516 factus
3312 3471 3396 3517 est
3436 3465 3503 3517 ad

1913 3547 2027 3604 Gad
2070 3551 2414 3620 prophetam,
2448 3550 2724 3604 videntem
2762 3552 2954 3616 David,
2985 3551 3174 3608 dicens
3203 3571 3214 3606 :
3247 3554 3374 3608 [hec
3413 3555 3502 3608 di--

1913 3641 1990 3697 cit
2034 3643 2318 3710 Dominus,
2374 3643 2500 3698 Tria
2552 3659 2652 3715 ego
2699 3645 2875 3698 dicam
2925 3651 3118 3700 contra
3176 3654 3247 3710 te,
3294 3647 3499 3714 David;

1913 3734 2052 3806 elige
2081 3749 2251 3790 unum
2291 3752 2359 3790 ex
2394 3735 2547 3806 ipsis,
2583 3744 2640 3791 et
2673 3736 2866 3790 faciam
2913 3737 3034 3792 tibi.
3075 3737 3142 3792 Et
3188 3738 3342 3793 venit
3387 3739 3502 3793 Gad

1912 3826 1981 3880 ad
2029 3827 2220 3891 David,
2263 3835 2318 3882 et
2360 3829 2633 3882 nuntiavit
2673 3837 2727 3882 et
2775 3829 2912 3883 dixit
2958 3830 3030 3894 ei,
3073 3830 3309 3885 dicens:
3352 3830 3502 3900 Elige

1913 3917 2014 3973 tibi
2061 3927 2122 3971 ut
2168 3918 2320 3982 fiant,
2357 3920 2439 3973 vel
2485 3930 2548 3974 ut
2596 3920 2822 3974 veniant
2869 3921 2968 3975 tibi
3013 3929 3126 3975 tres
3167 3923 3294 3974 anni
3340 3922 3504 3976 lamis

1913 4020 2077 4074 super
2114 4013 2317 4058 terram
2369 4015 2555 4073 tuam;
2597 4007 2683 4060 vel
2727 4017 2839 4062 tres
2876 4023 3092 4063 menses
3130 4007 3304 4078 fugias
3341 4017 3399 4062 tu
3433 4009 3502 4065 de

1912 4095 2046 4150 facie
2083 4096 2430 4151 inimicorum
2471 4106 2712 4163 tuorum,
2739 4108 2802 4152 et
2834 4099 2937 4167 ipsi
2971 4108 3371 4168 persequantur
3400 4110 3453 4155 te
3483 4119 3497 4156 :

1910 4191 1996 4246 vel
2026 4197 2086 4245 ut
2119 4191 2213 4244 fiat
2244 4190 2423 4244 tribus
2458 4190 2654 4244 diebus
2696 4207 2846 4245 mors
2890 4191 2946 4245 in
2997 4201 3143 4248 terra
3191 4202 3300 4248 tua.
3343 4194 3501 4251 Nune

1910 4281 2072 4350 igitur
2110 4277 2375 4344 delibera,
2419 4287 2474 4334 et
2519 4279 2645 4334 vide
2681 4280 2828 4349 quod
2865 4282 3098 4337 verbum
3140 4284 3498 4353 respondeam

1909 4370 1960 4424 ei
2015 4371 2109 4441 qui
2154 4370 2305 4426 misit
2346 4386 2454 4426 me.
2499 4371 2566 4426 Et
2605 4370 2746 4425 dixit
2787 4372 2959 4427 David
3012 4375 3080 4428 ad
3133 4374 3248 4428 Gad
3285 4392 3299 4428 :
3335 4376 3497 4430 Arcta

1909 4476 2037 4518 sunt
2071 4464 2208 4518 mihi
2253 4463 2497 4533 undique
2536 4465 2691 4520 valde
2729 4465 2844 4520 hzec
2877 4467 2978 4520 tria
3012 4485 3024 4519 :
3059 4467 3294 4521 incidam
3333 4467 3500 4537 igitur

1909 4552 1963 4608 in
2016 4568 2214 4608 manus
2258 4554 2496 4617 Domini,
2533 4555 2661 4625 quia
2709 4556 2897 4610 multa:
2947 4556 3330 4612 miserationes
3376 4559 3497 4628 ejus

1907 4644 2098 4710 nimis;
2133 4647 2188 4700 in
2229 4661 2425 4701 manus
2457 4656 2640 4702 autem
2671 4647 2958 4702 hominum
2996 4665 3108 4702 non
3141 4647 3397 4703 incidam.
3426 4649 3498 4706 Et

1906 4737 2069 4807 elegit
2109 4736 2212 4791 sibi
2251 4738 2422 4792 David
2465 4738 2696 4793 mortem
2732 4757 2744 4792 :
2779 4747 2937 4793 erant
2974 4749 3157 4795 autem
3191 4741 3311 4796 dies
3347 4756 3495 4796 mes-

1904 4828 1981 4884 sis
2028 4828 2218 4892 tritici,
2259 4836 2315 4882 et
2355 4829 2511 4884 dedit
2563 4829 2828 4886 Dominus
2876 4839 3108 4886 mortem
3159 4831 3214 4886 in
3258 4833 3421 4887 Israel
3464 4849 3495 4888 a

1905 4932 2065 4972 mane
2101 4933 2276 4986 usque
2310 4918 2378 4971 ad
2409 4919 2603 4973 horam
2642 4920 2858 4989 prandii
2895 4938 2907 4973 :
2941 4929 2997 4975 et
3034 4919 3201 4990 coepit
3235 4921 3396 4975 ruina
3439 4922 3495 4976 in

1910 5009 2132 5079 populo,
2157 5018 2212 5064 et
2240 5009 2444 5063 mortui
2476 5017 2605 5064 sunt
2631 5011 2698 5066 de
2720 5013 2926 5083 populo
2954 5027 2984 5066 a
3012 5013 3128 5067 Dan
3159 5029 3332 5083 usque
3361 5013 3500 5068 Ber—

1907 5101 2068 5156 sabee
2104 5100 2444 5171 septuaginta
2475 5101 2646 5156 millia
2685 5104 2928 5158 virorum
2959 5121 2972 5156 :
3005 5113 3061 5159 et
3101 5105 3347 5160 extendit
3391 5121 3492 5160 an-

1904 5194 2057 5264 gelus
2090 5193 2187 5248 Dei
2225 5209 2446 5247 manum
2485 5209 2638 5249 suam
2669 5196 2724 5249 in
2762 5196 3088 5263 Jerusalem,
3116 5205 3177 5251 ut
3206 5197 3491 5268 diSperde-

1904 5290 1986 5338 ret
2016 5299 2135 5338 eam
2169 5301 2182 5336 :
2215 5292 2270 5339 et
2303 5284 2561 5339 misertus
2589 5291 2673 5339 est
2702 5286 2968 5342 Dominus
3000 5303 3166 5358 super
3197 5287 3490 5357 96malo,

1902 5383 1960 5429 et
2009 5375 2147 5431 dixit
2201 5375 2396 5446 angelo
2449 5379 2822 5446 corrumpenti
2881 5379 2935 5432 in
2984 5379 3185 5448 populo
3227 5396 3239 5430 :
3279 5375 3490 5430 Sullicit

1903 5484 2082 5534 nunc;
2140 5470 2356 5524 remitte
2413 5484 2632 5522 manum
2677 5477 2846 5522 tuam.
2893 5470 2960 5523 Et
2997 5471 3222 5539 angelus
3269 5468 3489 5523 Domini

1906 5568 2025 5614 erat
2051 5569 2200 5615 stans
2223 5562 2374 5629 juxta
2418 5575 2598 5613 aream
2633 5557 2778 5613 Orna
2815 5559 3067 5614 Jebusa-i.
3099 5561 3164 5614 Et
3205 5559 3342 5614 dixit
3377 5559 3529 5639 Dux

907 5696 947 5727 "
1000 5696 1142 5753 Psal.
1195 5714 1302 5767 th,
1336 5697 1421 5754 Η.
1492 5701 1529 5731 “
1572 5699 1979 5755 Psal.t.xxxvm.
2034 5697 2118 5760 ΓΙ,
2160 5698 2252 5776 .l8.
2330 5697 2370 5726 ”
2410 5695 2550 5752 Psal.
2581 5714 2633 5764 v,
2663 5698 2742 5752 l2.
