3954 6200
407 331 518 388 ΞὶίἹ

1417 321 1472 378 s.
1509 320 1790 377 CYRlLLl.
1821 318 2286 375 ALEXANDRINI
2317 293 2636 373 ansulae.

3554 305 3654 360 288

411 447 502 502 vid
545 445 610 500 ad
652 445 962 505 Dominum,
994 455 1116 495 cum
1157 437 1386 493 vidisset
1416 436 1531 505 ipse
1581 434 1830 504 angelum
1880 449 1986 486 eae-

2103 432 2265 484 rafou.
2299 429 2411 483 Kal
2443 425 2563 482 εἷπε
2593 425 2757 480 Δασὶδ
2791 423 2926 496 πρὸς
2958 422 3180 495 Κύριον,
3214 421 3271 474 ἐν
3299 418 3377 490 τῷ
3410 419 3537 471 ἰδεῖν
3562 418 3656 471 αύ-

413 539 632 593 dentem
672 537 728 589 in
756 533 979 605 populo,
1011 539 1067 585 et
1104 529 1242 584 dixit
1271 546 1284 582 :
1315 527 1458 582 Ecce
1493 541 1595 597 ego
1626 541 1746 580 sum
1781 534 1986 595 pastor;

412 643 513 698 ego
553 625 772 696 peccavi
809 642 821 675 :
851 631 906 678 et
936 637 1036 692 ego
1073 627 1260 690 pastor
1301 617 1440 673 male
1477 616 1608 683 feci;
1641 624 1697 671 et
1733 615 1822 670 isti
1862 630 1991 669 oves

414 717 547 786 quid
573 715 864 770 fecerunt?
887 713 1008 768 Fiat
1034 726 1230 767 manus
1255 720 1345 765 tua
1375 717 1564 764 contra
1591 721 1679 761 me
1722 715 1778 762 et
1802 714 1991 760 contra

414 807 635 862 domum
674 807 845 875 patris
889 805 1018 860 mei.
1061 805 1132 859 Et
1157 804 1310 859 venit
1345 800 1458 858 Gad
1501 800 1568 854 ad
1601 798 1769 854 David
1807 798 1863 852 in
1902 797 1991 852 die

414 895 527 960 illa,
559 905 615 950 et
645 895 782 949 dixit
826 895 904 948 illi
951 913 964 948 :
1003 894 1266 959 Ascende,
1309 901 1365 947 et
1409 891 1680 947 constitue
1725 889 1892 944 altare
1935 888 1991 940 in

415 1001 540 1040 area
566 984 710 1040 Orna
738 985 993 1041 Jebusaai.
1026 986 1094 1039 Et
1115 983 1364 1039 ascendit
1391 981 1559 1036 David
1585 982 1738 1052 juxta
1762 980 1992 1034 verbum

415 1076 530 1132 Gad
575 1078 876 1147 prophetae,
919 1075 1378 1146 quemadmodum
1426 1080 1761 1144 praeceperat
1796 1071 1846 1125 ei
1884 1071 1991 1125 Do-

417 1167 642 1221 minus:
676 1180 733 1222 et
784 1167 1068 1222 inclinavit
1119 1182 1178 1221 se
1225 1165 1389 1230 Orna,
1432 1172 1488 1220 et
1533 1163 1672 1218 vidit
1713 1178 1893 1232 regem
1938 1170 1996 1216 et

418 1269 604 1309 servos
635 1256 753 1325 ejus
785 1263 1230 1325 pertranseuntes
1267 1271 1430 1324 supra
1463 1254 1643 1322 ipsum
1673 1271 1684 1305 :
1716 1260 1772 1305 et
1807 1266 1990 1322 egres-

419 1361 513 1400 sus
545 1356 629 1400 est
651 1346 818 1409 Orna,
849 1355 905 1401 et
932 1347 1178 1400 adoravit
1204 1360 1385 1416 regem
1415 1344 1470 1397 in
1499 1343 1691 1398 faciem
1718 1356 1872 1396 suam
1900 1355 1993 1394 su-

420 1451 519 1505 per
545 1446 767 1491 terram.
797 1437 866 1491 Et
893 1437 1032 1492 dixit
1058 1435 1238 1491 Orna:
1265 1435 1376 1490 Cur
1394 1433 1543 1489 venit
1563 1433 1818 1488 dominus
1839 1446 1996 1485 meus

420 1543 515 1580 rex
556 1527 624 1580 ad
665 1542 882 1581 servum
916 1526 1111 1582 suum?
1149 1526 1217 1579 Et
1250 1524 1388 1578 dixit
1415 1523 1584 1577 David
1612 1540 1624 1575 :
1658 1522 1731 1578 Ut
1759 1536 1937 1576 emam
1964 1536 1995 1574 a

422 1626 474 1670 te
521 1633 723 1683 aream,
764 1626 825 1672 ut
860 1617 1124 1672 aedificem
1177 1617 1347 1670 altare
1395 1614 1661 1679 Domino,
1716 1621 1772 1668 et
1820 1622 1996 1668 cesset

422 1707 580 1762 ruina
608 1723 638 1762 a
665 1710 888 1780 p0pulo.
932 1709 1001 1763 Et
1030 1708 1166 1763 dixit
1207 1706 1351 1763 Orna
1401 1705 1467 1760 ad
1504 1704 1673 1760 David
1706 1722 1718 1756 :
1750 1703 1995 1774 Accipiat

2089 524 2181 576 τὸν
2218 521 2308 576 τὸν
2339 520 2567 590 ἄγγελον
2590 519 2681 572 τὸν
2709 517 2980 570 τύπτοντα
3008 517 3064 568 ἐν
3085 513 3164 585 τῷ
3194 511 3332 582 λαῷ,
3355 509 3450 563 καὶ
3470 505 3620 562 εἶπεν
3639 525 3653 540 ο

2103 615 2232 668 Ἰδοὺ
2248 612 2371 684 ,ἐγώ
2410 613 2524 683 είμι
2554 612 2583 664 6
2613 609 2835 680 ποιμὴν,
2870 605 2982 675 ἐγὼ
3013 606 3332 677 ἡμάρτηκα,
3369 600 3467 654 καὶ
3495 597 3604 668 ἐγὼ
3628 601 3657 651 6

2093 705 2296 775 ποιμὴν
2318 702 2724 772 ἐκακοποίησα·
2751 699 2846 754 κα)⁸
2869 691 3016 752 οῦτοι
3033 696 3102 750 τὰ
3128 694 3375 767 πρόϐατα
3393 691 3446 744 τί
3474 690 3656 758 ἐποίη-

2093 814 2224 864 σαν;
2253 795 2497 849 Γενέσθω
2524 794 2586 864 δὴ
2616 795 2650 864 ή
2673 792 2794 864 χείρ
2820 809 2913 844 σου
2944 792 3002 844 ἐν
3030 789 3172 860 ἐμοὶ,
3204 786 3296 840 καὶ
3329 787 3387 838 ἐν
3418 783 3497 854 τῷ
3527 784 3658 852 οῐκῳ

2091 887 2185 941 τοῦ
2219 887 2423 958 πατρός
2467 904 2590 957 μου.
2625 885 2735 938 Kal
2769 880 2900 955 ἦλθε
2933 867 3059 934 Τὰδ
3101 879 3236 950 πρὸς
3283 876 3445 930 Δαϐὶδ
3490 876 3547 927 ἐν
3590 876 3656 944 τῇ

2093 973 2276 1045 ἡμέρᾳ.
2300 971 2502 1044 ἐκείνῃ,
2534 972 2628 1026 καὶ
2652 965 2802 1024 εἶπεν
2825 967 2973 1039 αύτῷ
2995 985 3011 1002 ο
3046 965 3323 1038 Ἀνάὸηθι,
3347 967 3442 1018 καὶ
3466 966 3660 1034 στῆσον

2093 1062 2170 1132 τῷ
2199 1061 2388 1132 Κυρίῳ
2413 1061 2794 1132 θυσιαστήριον
2816 1061 2874 1112 ἐν
2900 1061 2967 1130 τῇ
2997 1058 3108 1128 ἅλῳ
3143 1056 3306 1128 Ὀρνᾶ
3327 1053 3420 1108 τοῦ
3463 1054 3660 1109 Ἰεϐου-

2095 1152 2268 1207 σαίου.
2305 1153 2416 1206 Kal
2451 1151 2618 1223 ἀνέὸη
2653 1151 2816 1204 Δαὸὶδ
2839 1149 2981 1204 κατὰ
3007 1149 3070 1202 16
3101 1148 3250 1218 ῥῆμα
3278 1145 3386 1200 Γὰδ
3409 1144 3502 1199 τοῦ
3528 1161 3661 1216 προ-

2095 1246 2287 1316 φήτου,
2317 1245 2375 1298 ὃν
2397 1243 2595 1315 τρόπον
2618 1242 2916 1296 ἐνετείλατο
2944 1238 3092 1310 αὐτῷ
3115 1238 3341 1309 Κύριοςο
3366 1236 3461 1290 καὶ
3484 1235 3662 1288 διέκυ-

2091 1335 2193 1405 ψεν
2224 1336 2408 1406 Ὀρνᾶ,
2458 1335 2552 1389 καὶ
2602 1329 2711 1386 εἶδε
2745 1332 2837 1385 τὸν
2878 1330 3105 1403 βασιλέα
3152 1328 3247 1382 καὶ
3295 1327 3422 1388 τοὺς
3466 1324 3659 1386 παῖδας

2095 1426 2278 1491 αὑτοῦ,
2310 1424 2860 1497 παραπορευομένους
2876 1416 3062 1478 ἐπάνω
3083 1417 3247 1474 αὐτοῦ
3274 1433 3288 1449 ⁸
3323 1417 3415 1473 καὶ
3439 1415 3663 1485 ἐξῆλθεν

2107 1518 2287 1588 Ὀρνᾶ,
2328 1517 2424 1570 καὶ
2465 1515 2842 1588 προσεκύνησε
2879 1514 2958 1584 τῷ
3005 1511 3211 1584 βασιλεῖ
3249 1509 3342 1561 ἐπὶ
3374 1507 3663 1579 πρόσωπον

2095 1610 2258 1664 αὑτοῦ
2300 1611 2393 1663 ἐπὶ
2423 1608 2518 1679 τὴν
2558 1611 2683 1680 γῆν.
2715 1608 2824 1662 Kal
2852 1603 3006 1660 εἴπεν
3039 1605 3222 1674 Ὀρνᾶο
3251 1602 3316 1654 Τί
3341 1601 3421 1655 ὄτι
3449 1595 3612 1671 ἦλθεν
3634 1599 3664 1650 6

2096 1701 2282 1772 κύριός
2312 1717 2411 1772 μου
2440 1702 2468 1753 6
2511 1699 2763 1771 βασιλεὺς
2793 1698 2930 1770 πρὸς
2974 1696 3066 1749 τὸν
3114 1693 3300 1748 δοῦλον
3340 1690 3527 1756 αὑτοῦ;
3556 1690 3665 1742 Kal

420 1806 476 1852 et
508 1797 702 1853 offerat
740 1799 996 1854 dominus
1038 1813 1194 1854 meus
1221 1813 1317 1851 rex
1340 1796 1572 1851 Domino
1613 1795 1760 1864 quod
1781 1795 1986 1849 bonum

2103 1785 2217 1844 εἶπε
2250 1791 2415 1844 Δαὸίδ
2437 1807 2452 1822 ⁸
2483 1789 2808 1861 Κτήσασθαι
2835 1786 2990 1860 παρὰ
3023 1784 3116 1839 σοῦ
3141 1785 3238 1856 τὴν
3266 1782 3378 1837 ἆλω
3401 1780 3494 1834 τοῦ
3520 1781 3667 1833 οίκο-

419 1899 503 1946 est
549 1891 605 1945 in
643 1891 819 1947 oculis
860 1892 975 1947 suis
1005 1910 1017 1944 :
1047 1907 1174 1946 ecce
1212 1890 1367 1945 vituli
1413 1889 1471 1944 in
1507 1890 1909 1954 holocaustum,
1944 1897 2002 1944 et

421 1992 554 2039 rota:
593 1992 650 2039 et
700 1985 1060 2039 instrumenta
1101 1984 1267 2038 boum
1311 1983 1366 2036 in
1411 1983 1576 2053 ligna.
1617 1981 1810 2036 Omnia
1849 1981 2002 2036 dedit

419 2073 565 2129 Orna
593 2075 726 2146 regi.
762 2077 828 2129 Et
856 2075 994 2129 dixit
1023 2074 1168 2129 Orna
1201 2074 1268 2128 ad
1308 2088 1487 2144 regem
1520 2091 1532 2126 :
1563 2073 1828 2129 Dominus
1855 2074 2002 2129 Deus

422 2173 550 2219 tuus
578 2165 866 2220 benedicat
885 2166 1004 2220 tibi.
1047 2166 1114 2220 Et
1143 2165 1278 2220 dixit
1303 2181 1396 2219 rex
1419 2164 1486 2218 ad
1515 2162 1716 2220 Ornam
1744 2181 1757 2217 :
1785 2164 2000 2234 Nequa-

420 2271 616 2325 quam;
644 2257 738 2312 sed
766 2273 956 2313 emens
974 2273 1151 2312 emam
1181 2272 1210 2311 a
1240 2265 1290 2311 te
1315 2257 1511 2327 pretio,
1541 2265 1597 2311 et
1628 2273 1739 2311 non
1769 2256 1993 2311 offeram

420 2347 651 2402 Domino
695 2349 806 2404 Deo
873 2363 997 2403 meo
1061 2349 1440 2403 holocaustum
1495 2348 1681 2418 gratis.
1742 2348 1808 2402 Et
1861 2347 1995 2402 emit

421 2436 588 2490 David
623 2453 802 2493 aream
830 2447 886 2493 et
913 2438 1079 2493 boves
1109 2447 1350 2508 argento,
1381 2437 1775 2507 quinquaginta
1809 2437 1990 2502 siclis;

418 2533 475 2579 et
501 2524 789 2581 aediﬁcavit
848 2526 924 2579 ibi
956 2525 1126 2580 David
1167 2527 1336 2579 altare
1374 2525 1645 2590 Domino,
1694 2531 1751 2579 et
1797 2523 1998 2579 obtulit

420 2611 737 2668 holocausta
792 2623 849 2668 et
902 2612 1162 2682 pacifica._
1195 2613 1264 2665 Et
1315 2612 1465 2666 auxit
1520 2610 1776 2666 Salomon
1827 2612 1998 2668 altare

419 2711 643 2773 postea,
699 2703 827 2772 quia
875 2703 1132 2773 exiguum
1186 2711 1303 2756 erat
1355 2703 1548 2771 prius;
1607 2708 1665 2757 et
1720 2702 1998 2758 exaudivit

421 2793 685 2848 Dominus
747 2801 986 2858 terram,
1047 2801 1103 2847 et
1168 2793 1410 2848 cohibita
1467 2800 1552 2848 est
1615 2791 1773 2847 ruina
1834 2809 2000 2865 super

421 2883 586 2939 Israel
623 2884 687 2938 ¹³.
726 2904 744 2936 ι

2095 1882 2330 1952 δομῆσαι
2369 1882 2750 1952 θυσιαστήριον
2806 1879 2886 1951 τῷ
2935 1877 3146 1948 Κυρίῳ,
3203 1875 3297 1928 καὶ
3348 1869 3582 1943 συσχεθῇ
3631 1871 3665 1939 ή

2097 1972 2320 2043 θραῦσις
2355 1971 2632 2026 ἐπάνωθεν
2675 1971 2767 2025 τοῦ
2799 1969 2948 2025 λαοῦ.
3001 1968 3114 2023 Kal
3146 1963 3297 2021 εἶπεν
3337 1965 3502 2036 Ὀρνᾶ.
3528 1960 3667 2034 πρὸς

2096 2064 2260 2118 Δαϐίδ
2277 2078 2291 2092 ·
2322 2064 2550 2118 Λαὸέτω
2567 2065 2660 2118 καὶ
2688 2062 3036 2131 ἀνενεγκάτω
3056 2065 3084 2115 6
3107 2059 3291 2131 κύριός
3320 2074 3420 2128 μου
3446 2057 3474 2110 6
3510 2055 3661 2126 βασι-

2097 2143 2221 2219 λεὺς
2242 2156 2320 2226 τῷ
2354 2157 2541 2227 Κυρίῳ
2585 2156 2645 2209 16
2678 2154 2880 2224 ἀγαθὸν
2901 2157 2959 2208 ἐν
2992 2153 3290 2224 ὀφθαλμοῖς
3320 2149 3480 2204 αὑτοῦ
3502 2164 3513 2177 ·
3555 2146 3666 2201 ίδοὺ

2097 2251 2146 2303 οἱ
2183 2249 2301 2320 βόες
2331 2250 2409 2312 είς
2434 2248 2810 2318 όλοκαύτωμα,
2851 2247 2943 2300 καὶ
2983 2247 3032 2298 οἱ
3063 2245 3246 2315 τροχοὶ
3269 2242 3362 2296 καὶ
3403 2240 3472 2294 τὰ
3499 2238 3668 2308 σκεύη

2099 2340 2208 2394 τῶν
2233 2339 2370 2411 βοῶν
2398 2341 2476 2403 είς
2510 2338 2661 2405 ξύλα.
2699 2339 2780 2391 Τὰ
2811 2338 2988 2392 πάντα
3025 2337 3224 2390 ἔδωκεν
3270 2335 3432 2404 Ὀρνᾶ
3457 2331 3535 2398 τῷ
3573 2331 3670 2401 βα-

2103 2432 2257 2485 σιλεῖ.
2289 2433 2400 2485 Καὶ
2428 2427 2580 2485 εἶπεν
2623 2431 2786 2503 Ὀρνᾶ
2833 2429 2971 2501 πρὸς
2999 2429 3088 2482 16v
3118 2427 3340 2499 βασιλέα
3359 2443 3371 2455 ·
3412 2423 3611 2496 Κύριος
3640 2423 3669 2473 6

2101 2523 2230 2586 Θεός
2265 2540 2357 2576 σου
2391 2523 2679 2594 εὐλογῆσαι
2708 2539 2789 2576 σε.
2835 2523 2946 2575 Kal
2983 2517 3136 2574 εἶπεν
3180 2522 3208 2574 6
3243 2517 3494 2590 βασιλεὺς
3532 2515 3666 2586 πρὸς

2114 2613 2325 2684 Ὀρνᾶν·
2357 2614 2515 2684 Οὐχίο
2549 2613 2687 2666 ἀλλὰ
2710 2611 2988 2684 κτώμενος
3013 2614 3285 2684 κτήσομαι
3309 2609 3458 2680 παρὰ
3482 2608 3575 2661 σοῦ
3611 2610 3669 2662 ἐν

2102 2702 2430 2774 ἀλλάγματι.
2466 2703 2576 2756 Kal
2600 2703 2701 2756 οὑκ
2729 2703 2928 2760 ἀνοίσω
2960 2701 3148 2774 Κυρίῳ
3177 2700 3252 2772 τῷ
3275 2699 3392 2771 Θεῷ
3424 2716 3522 2770 μου
3552 2698 3670 2752 6R0-

2102 2792 2370 2865 καύτωμα
2398 2793 2629 2864 δωρεάν.
2656 2795 2767 2848 Kal
2793 2794 3065 2865 ἐκτήσατο
3084 2791 3248 2844 Δαὸὶδ
3270 2790 3383 2845 ἆλω
3406 2789 3498 2842 καὶ
3541 2787 3670 2850 τοὺς

2104 2885 2230 2954 βόας
2276 2888 2334 2964 ἐνν
2363 2887 2609 2958 ἀργυρίῳ
2643 2887 2841 2939 σίκλων
2881 2887 3238 2957 πεντήκοντα,
3272 2884 3365 2938 καὶ
3393 2881 3673 2953 ᾠκοδόμη-

423 2995 515 3032 σεν
543 2978 835 3034 ἐκεῖΔασὶδ
855 2979 1235 3050 θυσιαστήριον
1263 2978 1339 3049 τῷ
1355 2978 1562 3049 Κυρίῳ,
1588 2975 1681 3030 καὶ
1695 2977 1992 3049 ἀνήνεγκεν
2018 2979 2409 3044 ὁλοκαυτώσεις
2449 2982 2542 3035 καὶ
2563 2981 2867 3052 εἰρηνικάς.
2927 2981 3038 3035 Kal
3087 2977 3394 3051 προσέθηκε
3411 2973 3672 3046 Σαλομὼν

420 3071 502 3134 είς
529 3069 590 3123 16
624 3071 1004 3143 θυσιαστήριον
1045 3072 1132 3125 ἐπ’
1179 3071 1442 3140 ἐσχάτων,
1471 3070 1551 3123 ὅτι
1599 3068 1796 3139 μικρὸν
1838 3064 1905 3140 ἦν
1936 3071 1993 3122 ἐν
2019 3071 2278 3142 πρώτοις.
2301 3073 2411 3126 Kal
2433 3073 2705 3144 ἐπήκουσε
2735 3071 2940 3144 Κύριος
2977 3075 3044 3142 τῇ
3065 3075 3159 3143 γῇ,
3216 3070 3314 3126 καὶ
3371 3067 3671 3140 συνεσχέθη

419 3163 457 3234 ή
487 3161 711 3232 θραῦσις
737 3161 1010 3225 ἐπάνωοεν
1028 3162 1261 3232 Ἰσραήλ.

491 3255 687 3310 PALL.
730 3256 988 3323 Quisnam
1021 3255 1076 3308 in
1114 3257 1202 3310 his
1232 3255 1417 3310 verbis
1456 3271 1650 3312 sensus
1691 3256 1868 3312 inesse
1896 3271 1998 3326 pu-

2173 3254 2380 3309 ΠΑΛΛ.
2409 3252 2519 3307 Kal
2556 3253 2641 3317 τίς
2681 3254 2747 3308 ἂν
2777 3253 2861 3324 εῐη
2895 3252 3056 3309 πάλιν
3100 3252 3158 3308 ἐν
3196 3269 3261 3322 γε
3307 3253 3374 3324 δὴ
3410 3250 3618 3316 τούτοις
3643 3253 3673 3304 6

424 3346 621 3412 tandus
657 3347 779 3402 est?
820 3363 944 3401 nam
975 3345 1212 3401 difﬁcilis
1241 3355 1325 3402 est
1355 3362 1485 3402 sane
1515 3347 1679 3419 hujus
1718 3347 1825 3403 loci
1867 3361 1999 3402 con-

425 3439 724 3509 templatio.

489 3529 644 3587 CYR.
684 3529 928 3586 Difﬁcilis
974 3531 1171 3600 plane,
1226 3547 1290 3585 ac
1354 3546 1543 3585 revera
1607 3528 1873 3600 ejusmodi
1943 3538 2004 3584 ut

420 3637 564 3692 aegre
604 3620 812 3690 percipi
851 3621 1040 3690 possit.
1078 3621 1282 3674 Tamen
1317 3619 1449 3674 illud
1484 3620 1682 3684 dicam,
1714 3619 2004 3689 proposita:

423 3709 719 3780 Scripturae
763 3710 1091 3766 exteriorem
1120 3709 1275 3778 quasi
1307 3723 1523 3762 sensum
1570 3709 1624 3762 in
1660 3724 1830 3778 pauca
1868 3726 2001 3764 con-

423 3801 626 3865 ferens,
660 3808 716 3854 et
740 3799 805 3854 ad
837 3799 1152 3854 interiorem
1194 3798 1606 3869 intelligentiam
1647 3798 1999 3856 transferens.

419 3891 719 3948 Considera
765 3891 951 3962 igitur,
987 3890 1212 3956 Palladi,
1255 3899 1511 3960 tanquam
1559 3890 1615 3945 in
1659 3892 1882 3961 speculo
1939 3908 2004 3947 ac

422 3984 687 4040 tenuibus
725 3968 1066 4055 imaginibus,
1089 3981 1291 4038 Christi
1333 3983 1672 4054 mysterium,
1703 3997 1768 4037 ac
1801 3993 2004 4040 nostrae

422 4076 839 4150 gubernationis
873 4076 1163 4130 rationem.

493 4168 692 4224 PALL.
723 4168 937 4237 Optime
960 4166 1016 4221 id
1037 4166 1152 4236 ipse
1166 4166 1470 4236 praestabis,
1506 4167 1618 4222 Deo
1644 4165 1752 4237 97
1775 4165 2003 4222 faculta-

425 4272 536 4316 tem
560 4258 901 4330 intelligendi
933 4265 1276 4330 suggerente.

490 4352 646 4409 CYR.
678 4351 820 4407 Audi
850 4351 1054 4421 itaque.
1083 4351 1202 4406 Jam
1233 4351 1379 4406 enim
1407 4351 1686 4422 ingrediar
1709 4350 1776 4404 ad
1801 4350 1998 4404 dicen-

425 4445 575 4500 dum.
598 4443 792 4498 Divina
828 4442 1030 4498 factum
1067 4450 1153 4496 est
1183 4442 1286 4506 ira,
1316 4450 1377 4495 ut
1413 4456 1563 4495 mors
1598 4441 1695 4497 Dei
1739 4440 2001 4509 populum

423 4536 832 4606 depasceretur,
868 4544 1032 4604 atque
1063 4533 1128 4587 ad
1173 4533 1366 4586 horam
1409 4547 1582 4600 usque
1633 4531 1871 4600 prandii,
1906 4547 2004 4585 ne-

2100 3347 2244 3415 νοῦς;
2278 3347 2353 3411 ὡς
2382 3345 2699 3415 δυσέφικτον
2732 3347 2926 3419 κομιδῇ
2955 3347 3014 3400 16
3039 3347 3323 3419 θεώρημα.

2161 3527 2327 3580 ΚΥΡ.
2350 3525 2681 3594 Δυσέφικτον
2703 3524 2802 3596 μὲν
2823 3523 3290 3595 ὁμολογουμένως,
3316 3523 3409 3584 καὶ
3429 3523 3673 3576 δυσάλω-

2101 3634 2192 3671 τον
2222 3616 2456 3687 ἀληθῶς.
2484 3615 2628 3686 Πλὴν
2654 3615 2831 3669 ἐκεῖνό
2866 3632 3006 3686 φημι
3037 3615 3135 3686 τὴν
3167 3614 3261 3668 τοῦ
3308 3615 3670 3688 προκειμένου

2104 3709 2398 3779 περίνοιαν,
2438 3708 2513 3772 ώς
2557 3710 2614 3762 ἐν
2647 3707 2848 3776 ὀλίγοις
2891 3704 2951 3762 εὖ
2995 3708 3140 3780 μάλα
3179 3707 3537 3777 συνενεγκὼν,
3581 3709 3673 3762 καὶ

2104 3799 2472 3873 περιστρέψας
2517 3802 2596 3864 είς
2626 3801 2772 3856 νοῦν.
2819 3801 3013 3872 Ἀθρει
3046 3801 3110 3874 δὴ
3138 3796 3252 3867 οὖν,
3294 3794 3339 3854 ὧ
3384 3800 3668 3861 uanam.

2103 3892 2352 3964 καθάπερ
2382 3893 2438 3947 ἐν
2487 3892 2737 3963 ἐσόπτρῳ
2789 3893 2884 3945 καὶ
2923 3893 2981 3944 ἐν
3019 3892 3224 3962 ίσχναῖς
3257 3891 3578 3959 φαντασίαις
3611 3889 3672 3941 16

2101 3982 2338 4052 Χριστοῦ
2373 3984 2692 4054 μυστήριον,
2741 3982 2836 4035 καὶ
2860 3981 2959 4052 τῆς
2986 3982 3070 4052 ἐφ’
3095 3983 3225 4052 ἡμῖν
3251 3979 3557 4052 οἰκονομίας
3582 3980 3671 4034 16v

2100 4075 2322 4145 τρόπον.
2397 4100 2412 4121 ·.

2167 4167 2376 4220 ΠΑΛΛ.
2409 4163 2616 4220 Οὐκοῦν
2660 4164 2838 4236 δρῴης
2885 4166 2950 4220 ἂν
2998 4166 3158 4230 αὐτὸς
3209 4159 3338 4234 εὖγε
3389 4165 3558 4231 τουτὶ,
3612 4163 3673 4216 16

2103 4255 2340 4309 συνιέναι
2367 4253 2625 4310 δύνασθαι
2660 4257 3019 4329 χορηγοῦντος
3054 4256 3212 4311 Θεοῦ.

2173 4348 2338 4402 ΚΥΡ.
2384 4349 2584 4401 ’Ἄκουε
2606 4349 2690 4420 δή.
2717 4349 3010 4420 Βαδιοῦμαι
3033 4351 3140 4421 γὰρ
3157 4349 3253 4420 ἤδη
3277 4349 3368 4402 ἐπὶ
3394 4348 3452 4403 16
3475 4349 3671 4420 χρῆναι

2100 4437 2300 4505 λέγειν.
2337 4438 2432 4491 Ἐκ
2458 4437 2607 4503 θείας
2625 4439 2793 4510 ὀργῆς
2814 4440 3156 4512 κατενεμήθη
3180 4440 3404 4503 θάνατος
3423 4439 3518 4492 τὸν
3546 4438 3674 4494 λαὸν

2100 4529 2327 4599 Κυρίου,
2358 4529 2454 4584 xal
2486 4530 2678 4601 μέχρις
2708 4529 2856 4612 ὧρας
2888 4531 3134 4602 ἀρίστου,
3164 4530 3553 4594 διακωλύοντος
3585 4531 3674 4583 ού-

426 4603 572 4678 mine
603 4603 954 4693 prohibente,
1009 4621 1369 4675 invalesceret
1411 4619 1822 4674 exterminator.
1860 4619 1995 4676 Cum

2103 4619 2268 4686 δενὸς,
2328 4621 2547 4692 ίσχυσεν
2598 4624 2628 4675 6
2676 4607 2998 4695 όλοθρέυτής
3019 4638 3033 4652 ⁸
3089 4622 3349 4693 μέλλοντα
3389 4621 3447 4675 δὲ
3488 4623 3674 4686 αὐτοῖς

426 4731 559 4772 vero
599 4717 820 4788 jamjam
851 4713 1198 4768 immissurus
1221 4719 1365 4766 esset
1397 4726 1619 4765 manum
1647 4711 1703 4765 in
1741 4711 2003 4767 Hieroso—

425 4808 588 4880 lyma,
615 4808 872 4879 prohibet
901 4806 1053 4860 illum
1086 4807 1258 4871 Deus;
1285 4813 1577 4875 conspecto
1603 4814 1784 4862 autem
1813 4808 2003 4878 angelo

426 4900 754 4972 supplicavit
777 4899 948 4955 David
978 4915 1036 4954 se
1069 4914 1342 4968 peccasse,
1367 4898 1557 4953 dicens
1582 4917 1592 4951 :
1618 4900 1821 4954 rectius
1841 4916 2004 4970 porro

426 5009 548 5048 esse
594 5009 661 5049 ac
704 4993 909 5064 justius
931 4999 1203 5062 pastorem
1232 5006 1297 5046 ac
1323 4991 1517 5047 ducem
1548 4992 1733 5061 potius
1769 5001 2002 5047 mortem

430 5081 585 5135 obire
607 5097 768 5150 quam
803 5096 952 5145 oves,
988 5097 1109 5150 quae
1140 5081 1277 5134 nihil
1303 5091 1648 5151 peccassent:
1674 5081 1749 5136 ita
1773 5083 1884 5136 Deo
1911 5083 2000 5153 ju-

431 5172 614 5237 bente,
639 5171 802 5242 erigit
844 5171 1014 5226 altare
1045 5171 1100 5225 in
1129 5187 1259 5226 area
1291 5170 1454 5238 Orna,
1485 5189 1648 5242 quam
1684 5172 1843 5226 simul
1873 5189 1998 5227 cum

432 5262 608 5318 bobus
666 5261 1053 5317 triturantibus
1105 5270 1312 5318 emerat
1371 5262 1520 5318 siclis
1583 5262 1996 5332 quinquaginta.

431 5353 626 5409 Postea
648 5368 779 5408 vero
801 5368 962 5423 quam
985 5351 1254 5408 exstruxit
1276 5352 1467 5416 altare,
1485 5351 1694 5406 hostias
1719 5367 1885 5421 super
1935 5367 2002 5406 eo

433 5445 752 5511 immolavit,
769 5445 1206 5500 holocautomata
1253 5445 1496 5514 inquam,
1524 5453 1578 5497 et
1601 5444 1822 5513 pacifica
1844 5462 1856 5511 ;
1881 5461 2021 5500 ces—.

415 5536 574 5591 ‘savit
592 5537 949 5608 consequenti
976 5544 1218 5608 tempore
1241 5536 1425 5600 ruina,
1455 5545 1511 5591 et
1536 5536 1621 5590 illa
1649 5536 1799 5605 prius
1826 5536 2004 5607 gravis

503 5707 546 5742 ²⁸
574 5707 618 5763 Il
643 5707 773 5782 Reg.
810 5728 952 5777 xxiv,
993 5713 1049 5765 ll
1103 5727 1275 5783 usque
1315 5710 1383 5768 ad
1421 5710 1604 5766 finem.

2099 4713 2389 4781 ἐπαφεῖναι
2438 4713 2538 4782 τὴν
2584 4714 2742 4785 χεῖρα
2783 4715 2896 4777 τοῖς
2959 4712 3370 4784 Ἰεροσολύμοις,
3419 4713 3676 4785 ἀπείργει

2097 4802 2257 4866 Θεός·
2295 4801 2622 4874 τεθεαμένος
2646 4803 2704 4856 δέ
2741 4803 2834 4857 τὸν
2876 4802 3126 4871 ἄγγελον,
3174 4801 3422 4874 ἐλιπάρει
3469 4802 3674 4872 Κύριον

2099 4895 2280 4960 Δαόὶδ,
2311 4894 2482 4963 λέγων
2529 4894 3056 4966 πεπλημμεληκέναι
3107 4893 3324 4946 ἑαυτόν·
3357 4894 3579 4963 ἄμεινον
3618 4894 3674 4946 δέ

2098 4984 2237 5041 εἶναι
2267 4991 2362 5043 καὶ
2384 4988 2719 5060 δικαιότερον
2741 4990 2835 5040 τὸν¹
2863 4987 3095 5058 ποιμένα
3121 4985 3214 5040 καὶ
3251 4984 3556 5056 ήγούμενον
3589 4986 3704 5044 ἐκ-,

2105 5077 2349 5130 τεθνάναι
2380 5076 2599 5147 μᾶλλον,
2633 5077 2800 5146 ἤγουν
2826 5075 2897 5128 τὰ
2922 5076 3190 5148 πρόϐατα,
3229 5074 3319 5128 διά
3348 5092 3429 5128 τοι
3450 5075 3512 5128 16
3541 5073 3676 5127 ειδέ-

2102 5184 2189 5220 ναι
2232 5167 2430 5237 μηδέν·
2479 5162 2598 5220 εἶτα
2643 5166 2779 5220 Θεοῦ
2823 5167 3199 5238 σημαίνοντος,
3245 5165 3447 5236 ἐγείρει
3487 5165 3672 5220 θυσια-

2104 5260 2323 5331 στήριον
2360 5261 2417 5313 ἐν
2459 5261 2526 5330 τῇ
2559 5259 2672 5329 ἅλῳ
2714 5259 2895 5330 Ὀρνᾶ,
2927 5261 2992 5330 ἣν
3030 5260 3146 5330 ἅμα
3174 5261 3282 5324 τοῖς
3318 5257 3516 5312 ἀλοῶσι
3553 5258 3668 5328 βου-

2105 5351 2188 5404 σιν
2231 5349 2521 5421 ἐξεπρίατο
2571 5349 2771 5404 σίκλων
2817 5352 3172 5422 πεντήκοντα.
3235 5350 3461 5422 Ἐπειδὴ
3508 5349 3568 5403 δὲ
3615 5347 3674 5402 16

2106 5441 2248 5496 θεῖον
2300 5437 2360 5495 εὖ
2413 5441 2556 5511 μάλα
2602 5441 2985 5513 θυσιαστήριον
3035 5441 3376 5513 ἀνεδείματο,
3429 5440 3530 5503 τὰς
3589 5441 3672 5492 ἐπ’

2107 5534 2254 5605 αὐτῷ
2287 5534 2477 5599 θυσίας
2525 5533 2716 5603 ἐτέλει,
2760 5533 3184 5606 ὁλοκαυτώματα
3223 5534 3312 5588 καὶ
3355 5532 3667 5607 εἰρηνικὰςο

2742 5686 2776 5742 ε’
2815 5692 2948 5742 ..L..'
3009 5699 3030 5717 '

3101 5810 3153 5821 τε.
