3954 6200
264 277 371 332 389

845 323 850 327 .
962 283 1052 338 DE
1092 277 1536 336 ADORATIONE
1570 279 1638 332 IN
1680 277 1952 336 SPIRITU
1993 280 2083 335 ET
2123 281 2493 340 VERITATE.
2539 287 2666 341 LIB.
2708 288 2796 344 lli.

3432 298 3538 358 290

265 400 398 468 ἐστη
431 396 487 450 δὲ
534 395 677 450 οὕτω
719 397 902 454 λοιπὸν
952 401 986 470 ἡ
1025 398 1274 470 θραῦσις,
1309 396 1402 450 καὶ
1432 398 1460 450 6
1489 397 1656 450 πάλαι
1686 396 1832 450 δεινὸ.

1958 415 2109 456 mors
2134 401 2368 457 inhibita
2398 413 2500 459 est.
2525 405 2819 464 Adnotavit
2847 417 3031 466 autent
3065 409 3348 482 Scriptura
3382 431 3534 471 sacra

263 489 502 561 ἐνεκόπη
544 487 792 554 Θάνατος.
840 491 1272 561 Ἐπεσημαίνετο
1309 487 1369 541 δὲ
1400 488 1462 540 τὸ
1507 487 1748 557 Γράμμα
1789 485 1832 538 τί

1951 493 2120 548 altare
2153 494 2287 549 illud
2327 512 2554 566 parvum
2599 499 2667 553 ab
2710 499 2866 554 initio
2899 501 3103 568 fuisse,
3145 513 3367 560 auctum
3399 523 3533 563 vero

263 581 431 652 ἱερὸν,
469 581 550 634 ὅτι
581 579 756 652 βραχὺ
794 581 894 652 μὲν
929 577 996 652 ἦν
1035 583 1093 634 ἐν
1124 581 1320 651 ἀρχαῖς
1350 578 1411 632 τὸ
1444 579 1845 650 θυσιαστήριον,

261 670 578 742 προσέθηκέ
616 689 681 740 γε
736 672 843 744 μὴν
884 675 942 726 ἐν
970 672 1221 744 ἐσχάτοις
1277 671 1536 742 Σαλομὼν
1573 670 1738 741 αὐτῷ.
1777 671 1847 724 Ἢ

259 763 363 814 οὐκ
403 756 545 814 εἶναι
571 763 678 832 φῂς
728 763 804 828 ὡς
833 763 890 816 έν
912 779 974 831 γε
1002 762 1198 834 βραχεῖ
1219 763 1318 834 τὴν
1351 761 1445 816 τοῦ
1485 761 1847 833 προκειμένου

263 854 546 924 περίνοιαν
571 855 626 906 ἐν
646 853 858 918 τούτοις
879 872 894 919 ;

331 946 544 999 HAAA.
587 946 754 1015 Φημίο
783 945 900 1010 πῶς
925 945 968 999 δ’
993 947 1058 1000 ἂν
1081 946 1292 1014 γένοιτο
1319 946 1494 1018 σαφὴς
1519 948 1548 1001 6
1576 947 1720 1015 νοῦς,
1744 947 1843 1021 ἢδη

256 1038 566 1106 διατράνου.

330 1130 499 1186 ΚΥΡ.
539 1127 616 1184 Ἦ
671 1130 774 1184 οὐκ
831 1125 1008 1196 οἶσθα,
1048 1131 1130 1184 ὅτι
1179 1130 1511 1186 κατὼλισθεν
1549 1131 1845 1203 ὁμολογου-

258 1219 440 1288 μένως
474 1221 556 1284 είς
605 1219 834 1275 θάνατον
864 1221 960 1274 καὶ
994 1220 1261 1293 φθοράνή
1317 1221 1606 1293 ἀνθρώπου
1647 1222 1840 1292 φύσις,

255 1309 614 1382 καταθήξασα
658 1310 794 1383 πρὸς
823 1311 993 1383 ὀργὰς
1036 1310 1129 1364 τὸν
1165 1311 1529 1386 Δημιουργὸν,
1572 1311 1648 1375 ὡς
1683 1313 1740 1364 ἐν
1774 1313 1842 1382 τῇ

251 1398 448 1466 γένους
483 1399 642 1471 ἡμῶν
688 1401 939 1471 ἀπαρχῇ,
994 1398 1142 1454 τοῦτ’
1193 1400 1360 1466 ἐστιν,
1414 1400 1614 1472 Ἀδὰμ,
1661 1400 1719 1464 ὃς
1743 1401 1844 1471 τὴν

250 1489 406 1542 θείαν
434 1493 494 1543 ἐν
532 1491 730 1562 ἀρχαῖς
775 1491 1040 1562 ἠθέτησεν
1072 1492 1311 1566 ἐντολὴν,
1347 1495 1551 1566 ἀκήκοε
1585 1495 1642 1549 δὲ
1676 1494 1838 1549 οὕτω*

255 1603 272 1632 ι
308 1582 390 1654 Γῆ
419 1580 492 1650 εἴ,
525 1583 621 1638 καὶ
645 1585 727 1649 είς
747 1585 849 1654 γῆν
878 1583 1193 1657 (maleﬁca;
1229 1605 1247 1638 ι

326 1762 542 1817 ΠΑΑΑ.
583 1761 824 1834 Ἀληθές.

319 1853 492 1907 ΚΥΡ.
573 1853 708 1906 Ἀπὸ
772 1851 920 1924 πρωῒ
972 1850 1284 1925 τοιγαροῦν,
1351 1852 1495 1934 τοῦτ’
1543 1855 1708 1922 ἔστιν,
1770 1857 1836 1911 ἐκ

244 1944 486 2017 πρώτων
521 1945 618 1999 τοῦ
665 1943 934 2016 παρόντος
981 1943 1177 2008 αίῶνος
1218 1944 1452 2016 καιρῶν,
1487 1947 1835 2018 κατενεμήθη

245 2038 484 2100 θάνατος
537 2037 664 2100 τοὺς
718 2036 811 2090 ἐπὶ
862 2037 961 2107 τῆς
1007 2038 1131 2108 γῆς,
1185 2035 1378 2107 μέχρις
1405 2037 1554 2108 ὧρας
1587 2039 1834 2110 ἀρίστου,

246 2129 397 2182 τοῦτ’
411 2127 692 2193 ἔστιν,ἐως
702 2126 894 2198 καιρὸς
910 2125 1353 2199 τραπέζης.”οτε
1374 2127 1481 2201 γὰρ
1497 2131 1628 2200 ἡμῖν
1645 2130 1835 2201 ἐνέστη

243 2222 438 2293 καιρὸς
493 2222 590 2292 τῆς
637 2219 803 2289 ἁγίας
861 2217 1177 2291 τραπέζης,
1232 2217 1390 2289 δῆλον
1434 2219 1491 2272 δὲ
1522 2221 1605 2273 ὅτι
1647 2220 1747 2291 τῆς
1777 2221 1835 2272 ἐν

244 2309 476 2384 Χριστῷ
507 2310 600 2364 καὶ
633 2309 927 2381 μυστικῆς,
960 2309 1046 2379 ἐφ’
1085 2303 1121 2384 ᾗ
1150 2308 1241 2362 τὸν
1270 2309 1434 2380 ἄρτον
1463 2309 1715 2380 ἐσθίομεν
1743 2309 1835 2363 τὸν

241 2405 302 2469 ἐξ
334 2401 570 2472 οὐρανοῦ
599 2403 694 2455 καὶ
726 2400 1011 2467 ζωοποιὸν,
1040 2401 1069 2455 6
1110 2401 1276 2456 πάλαι
1313 2400 1484 2464 δεινὸς
1516 2401 1612 2455 καὶ
1639 2401 1834 2454 δυσάν-

242 2510 412 2564 τητος
458 2493 781 2566 κατηργήθη
810 2493 1072 2558 θάνατος,
1105 2492 1602 2564 παρακεκλημένου
1655 2492 1790 2546 Θεοῦ
1816 2509 1831 2524 ο

241 2587 339 2639 καὶ
389 2583 768 2656 δεδυσώπηται
819 2585 972 2658 μόλις
1016 2588 1044 2639 6
1095 2584 1441 2656 ὀλοθρευτὴς,
1497 2586 1555 2650 ὃς
1603 2587 1834 2658 ἐπείπερ

240 2676 408 2745 ἤθελε
435 2676 667 2741 καὶτοῖς
710 2675 809 2748 τὴν
844 2677 1004 2746 ἁγίαν
1033 2677 1244 2730 οἰκοῦσι
1278 2677 1453 2742 πόλιν,
1497 2676 1596 2747 τὴν
1635 2675 1832 2747 νοητὴν

252 2767 655 2840 Ἰερουσαλὴμ,
703 2769 804 2839 τὴν
853 2769 1272 2841 διαφθείρουσαν
1317 2769 1608 2839 ἐπαφεῖναι
1650 2771 1828 2840 χεῖρα,

239 2856 380 2913 Θεοῦ
441 2860 976 2931 παρακεκλημένου,
1038 2862 1158 2915 τότε
1219 2860 1284 2932 δὴ
1348 2861 1501 2932 μόλις
1555 2861 1829 2930 εἴργεται’

241 2970 262 3001 ι
308 2953 477 3014 Ἀνες
502 2951 611 3020 γάρ
639 2950 756 3017 νῦν,
789 2971 808 3004 ι
839 2952 1024 3023 φησὶν,
1065 2971 1083 3003 ι
1116 2953 1300 3006 ίκανόν
1329 2953 1496 3008 ἐστιν.
1523 2972 1542 3007 ι
1589 2953 1743 3022 Ἀτία
1774 2953 1831 3008 δὲ

237 3041 422 3108 πόλις,
438 3042 473 3112 ἡ
509 3041 825 3112 Ἐκκλησία,
848 3037 916 3115 ἦς
935 3037 1046 3097 εἷεν
1069 3040 1134 3096 ἂν
1151 3043 1434 3113 οἰκήτορες
1455 3043 1502 3115 οἱ
1521 3043 1607 3097 διὰ
1632 3043 1832 3109 ζῶντος

235 3134 416 3204 ἄρτου
460 3131 823 3202 τελειοῦμενοι
844 3132 981 3204 πρὸς
999 3133 1292 3204 ἁγιασμόν.
1316 3134 1428 3204 Τῆς
1453 3133 1597 3188 οὕτω
1625 3137 1830 3206 σεπτῆς

237 3225 339 3278 καὶ
366 3223 697 3294 ἀξιαγάστου
733 3225 942 3298 πόλειρς
976 3227 1070 3280 καὶ
1099 3225 1128 3277 6
1171 3226 1314 3290 θεῖος
1342 3226 1507 3280 Δαὸὶδ
1528 3225 1830 3300 διαμέμνη-

231 3332 332 3370 ται
353 3315 562 3383 λέγων’
595 3336 613 3368 ι
635 3316 1011 3389 Δεδοξασμένα
1034 3317 1268 3390 ἐλαλήθη
1291 3319 1421 3388 περὶ
1455 3317 1573 3385 σοῦ,
1610 3322 1644 3390 ἡ
1677 3319 1830 3384 πόλις

234 3406 335 3460 τοῦ
361 3407 525 3462 Θεοῦ.
561 3428 579 3462 ι
613 3409 920 3482 Κατῴκησε
951 3409 1061 3481 γὰρ
1089 3411 1146 3463 ἐν
1169 3411 1300 3480 ἡμῖν
1340 3410 1595 3481 Χριστὸς,
1624 3411 1682 3474 ὃς
1712 3413 1828 3465 ἐστι

234 3502 356 3571 ζωὴ
417 3502 516 3554 καὶ
557 3499 843 3565 ζωοποιός.
922 3503 1214 3573 Τοιγάρτοι
1265 3504 1361 3557 καὶ
1411 3504 1670 3558 ἀποσοϐεῖ
1697 3504 1828 3569 Θεὸς

232 3590 350 3645 τῶν
401 3590 753 3661 ήγιασμένων
804 3591 896 3645 τὸν
947 3593 1294 3664 ὀλοθρευτὴν,
1348 3595 1424 3658 ὡς
1454 3595 1637 3649 οὐκέτι
1671 3597 1828 3667 νικᾷν

232 3683 531 3752 όφεῦωντα
566 3685 702 3754 μετὰ
732 3684 832 3755 τὴν
879 3685 1149 3753 ἀνάδειξιν
1183 3685 1278 3739 τοῦ
1309 3688 1503 3759 καιροῦ
1535 3687 1637 3758 τῆς
1667 3688 1828 3756 ἁγίας

232 3777 551 3847 τραπέζης,
601 3779 668 3847 ἢν
715 3778 744 3829 6
777 3777 872 3833 τοῦ
925 3779 1149 3850 ἀρίστου
1195 3780 1384 3851 καιρὸς
1433 3780 1823 3835 ὑπαινίττεται.

246 3868 528 3934 meum
574 3870 753 3923 τοίνυν
803 3871 952 3941 ἡμᾶς
987 3874 1016 3925 6
1053 3871 1308 3943 Χριστὸς,
1342 3871 1418 3935 ὡς
1461 3873 1520 3926 ἐν
1552 3871 1828 3944 προσώπῳ

231 3961 538 4030 νοούμενος
563 3959 659 4013 τοῦ
691 3961 874 4016 Δαϐίδ.
913 3961 1128 4033 Ἐπειδὴ
1155 3962 1264 4034 γὰρ
1290 3961 1480 4016 ἐθεᾶτο
1507 3961 1828 4016 δαπανῶντα

231 4051 326 4106 τὸν
378 4051 614 4106 θάνατον
645 4052 771 4117 τοὺς
801 4053 895 4106 ἐπὶ
926 4052 1028 4123 τῆς
1067 4053 1194 4124 γῆς,
1229 4051 1582 4125 παράκλητος
1603 4053 1827 4123 γέγονεν

235 4141 381 4214 ὑπὲρ
399 4141 561 4212 ἡμῶν
587 4141 722 4212 πρὸς
736 4141 828 4195 τὸν
855 4142 1100 4215 Πατέρα·
1124 4141 1485 4214 προσεκόμιζε
1512 4142 1620 4214 γὰρ
1638 4143 1827 4198 ἑαυτδν

231 4231 376 4304 ὑπὲρ
433 4230 622 4304 ἡμῶν,
666 4233 763 4286 καὶ
813 4231 1086 4303 ὑπέθηκεν
1119 4231 1260 4286 ἐκὼν
1287 4232 1366 4306 τῷ
1397 4232 1634 4304 θανάτῳ,
1673 4233 1826 4287 δεδυ-

235 4325 468 4395 σώπηκέ
502 4342 562 4377 τε
601 4324 695 4380 τὸν
733 4323 1078 4397 ὀλοθρευτὴν,
1125 4323 1320 4379 ἐαυτοῦ
1363 4325 1534 4394 λέγων
1567 4322 1706 4379 εἶναι
1729 4324 1826 4398 τὴν

1949 593 2142 652 postea
2187 601 2216 639 a
2250 585 2559 641 Salomone.
2613 589 2880 646 Utrumne
2922 593 3088 662 igitur
3126 595 3182 648 in
3221 595 3310 650 his
3345 598 3534 653 verbis

1947 686 2114 741 quam
2149 673 2473 729 brevissime
2511 679 2773 748 propositi
2817 680 2921 735 loci
2948 683 3274 739 exteriorem
3308 701 3528 742 sensum

1947 762 2223 819 contineri
2251 764 2472 820 fateris?

2018 942 2218 998 PALL.
2249 944 2466 1012 Fateor,
2510 947 2606 1003 sed
2649 949 2924 1018 quomodo
2965 951 3163 1007 clarior
3204 953 3322 1008 ﬁeri
3358 957 3528 1026 possit

1945 1031 2066 1102 ejus
2094 1032 2202 1087 loci
2239 1033 2570 1101 intellectus,
2605 1038 2716 1108 jam
2749 1039 2996 1108 explana.

2014 1122 2171 1179 CYR.
2222 1125 2307 1179 An
2334 1127 2553 1196 ignoras
2594 1128 2835 1184 hominis
2877 1140 3160 1196 naturam,
3197 1135 3343 1203 quod
3384 1137 3527 1193 inter

1945 1230 2137 1272 omnes
2176 1221 2454 1286 convenit,
2484 1222 2539 1275 in
2569 1229 2800 1277 mortem
2835 1231 2997 1294 atque
3028 1225 3312 1296 interitum
3331 1270 3346 1295 ,
3377 1234 3525 1302 quod

1944 1322 2105 1363 suum
2127 1310 2378 1380 Opiﬁcem
2400 1313 2467 1367 ad
2490 1313 2624 1370 iram
2642 1315 3110 1382 concitavisset,in
3127 1318 3246 1388 ipso
3269 1327 3524 1391 tanquam

1945 1399 2120 1455 nostri
2165 1403 2386 1471 generis
2431 1402 2610 1470 initio,
2639 1406 2694 1460 id
2724 1415 2829 1472 est,
2858 1407 2913 1462 in
2948 1408 3119 1464 Adam
3140 1451 3153 1474 ,
3187 1412 3522 1484 praeipitein

1944 1489 2158 1546 ruisse?
2185 1492 2279 1560 qui
2322 1507 2445 1546 cum
2482 1493 2728 1549 divinum
2759 1497 2827 1550 ab
2857 1497 3015 1552 initio
3044 1500 3362 1556 mandatum
3389 1519 3523 1559 con—

1945 1583 2272 1652 tempsisset,
2297 1584 2508 1639 audivit
2532 1603 2544 1638 :
2579 1605 2595 1637 ι
2621 1586 2788 1643 Terra
2813 1603 2891 1654 es,
2917 1597 2973 1644 et
3017 1589 3072 1646 in
3108 1599 3310 1647 terram
3339 1610 3522 1651 rever-

1947 1675 2078 1728 teris
2098 1675 2158 1728 “.
2196 1693 2213 1726 ι

1869 1753 1913 1809 Β
2013 1765 2209 1820 PALL.
2242 1767 2384 1822 Vera
2413 1767 2572 1822 dicis.

2008 1851 2165 1907 CYR.
2202 1853 2248 1907 A
2281 1869 2440 1909 mane
2463 1855 2650 1926 igitur,
2677 1856 2783 1913 hoc
2821 1869 2905 1914 est
2923 1900 2938 1924 ,
2961 1874 2991 1914 a
3016 1861 3210 1930 primis
3236 1864 3401 1936 hujus
3421 1883 3520 1924 sm-

1935 1943 2045 1998 culi
2080 1947 2418 2016 temporibus
2457 1964 2606 2006 mors
2645 1950 2868 2020 depasta
2909 1960 2994 2007 est
3026 1969 3123 2008 eos
3159 1957 3253 2025 qui
3288 1957 3343 2012 in
3380 1966 3524 2014 terra

1935 2045 2128 2102 erant,
2155 2053 2329 2108 usque
2368 2041 2436 2095 ad
2467 2041 2659 2096 horam
2693 2043 2932 2113 prandii,
2975 2045 3080 2100 hoc
3112 2055 3215 2112 est,
3252 2065 3426 2119 usque
3452 2051 3520 2104 ad

1935 2142 2138 2182 mensae
2190 2137 2424 2200 tempus.
2477 2133 2583 2189 Ubi
2629 2135 2779 2189 enim
2833 2136 3058 2191 advenit
3110 2139 3272 2195 nobis
3321 2151 3524 2196 sanctae

1935 2234 2137 2275 mensae
2176 2230 2412 2291 tempus,
2445 2224 2705 2281 nimirum
2745 2227 2895 2282 illius
2939 2228 2994 2281 in
3035 2230 3254 2287 Christo
3285 2247 3350 2288 ac
3396 2250 3524 2306 .my-

1935 2311 2106 2375 sticaa,
2136 2312 2191 2365 in
2214 2328 2322 2382 qua
2352 2329 2492 2383 pane
2527 2316 2803 2370 vescimur
2829 2318 2922 2372 illo
2946 2320 3164 2376 coalitus
3197 2322 3325 2377 dato
3357 2333 3520 2394 atque

1937 2400 2118 2465 vitali,
2160 2419 2282 2472 qua:
2330 2405 2486 2473 prius
2532 2406 2796 2462 terribilis
2852 2417 2990 2474 erat,
3046 2410 3246 2480 cuique
3296 2412 3520 2474 difﬁcile

1936 2488 2131 2544 obsisti
2155 2501 2388 2561 poterat,
2413 2510 2560 2550 mors
2582 2497 2837 2562 cessavit,
2856 2499 2968 2554 Deo
2990 2499 3057 2554 ad
3081 2501 3516 2559 misericordiam

1933 2591 2189 2636 revocato
2213 2622 2227 2647 ,
2283 2599 2407 2639 cum
2455 2587 2545 2640 vix
2591 2586 2864 2644 inhibitus
2897 2597 3047 2644 esset
3082 2593 3512 2648 exterminator:

1936 2671 2028 2741 qui
2059 2688 2184 2727 cum
2213 2676 2376 2730 vellet
2402 2677 2455 2732 in
2484 2693 2579 2732 eos
2607 2695 2827 2750 quoque
2856 2681 2952 2752 qui
2988 2681 3043 2736 in
3080 2693 3266 2738 sancta
3295 2685 3517 2741 civitate

1936 2763 2278 2831 habitarent,
2304 2767 2360 2821 in
2402 2767 2672 2838 spirituali
2707 2787 2904 2842 nempe
2935 2772 3260 2837 Jerusalem,
3290 2776 3515 2844 pestife-

1933 2869 2048 2908 ram
2073 2855 2370 2913 immittere
2402 2875 2648 2926 manum,
2668 2861 2780 2916 Deo
2811 2863 2877 2916 ad
2899 2864 3335 2920 misericordiam
3353 2865 3514 2930 ﬂexo,

1932 2947 2023 3001 vix
2052 2949 2268 3003 tandem
2288 2951 2598 3017 cohibetur,
2622 2971 2641 3002 ‹
2675 2954 2914 3010 Remitte
2931 2972 3097 3021 nunc,
3121 2977 3138 3008 ι
3167 2957 3401 3026 inquit,t
3434 2968 3518 3014 sat

1932 3049 2035 3094 est.
2071 3060 2088 3092 ι
2122 3041 2320 3097 Sancta
2353 3057 2519 3111 porro
2545 3042 2743 3098 civitas
2769 3044 3015 3100 Ecclesia
3047 3055 3150 3112 est,
3173 3050 3330 3119 cujus
3353 3049 3514 3104 habi-

1932 3139 2137 3188 tatores
2178 3149 2274 3188 eos
2318 3149 2440 3189 esse
2479 3143 2614 3204 puto
2652 3136 2744 3205 qui
2785 3153 2924 3206 pane
2970 3139 3064 3193 illo
3106 3140 3317 3195 viventi
3347 3141 3515 3212 perﬁ-

1931 3223 2156 3278 ciuntur
2187 3224 2255 3278 ad
2287 3225 2796 3282 sanctiﬁcationcm.
2824 3228 2998 3300 Hujus
3023 3230 3162 3285 adeo
3190 3241 3436 3303 augustae
3459 3241 3518 3288 et

1931 3313 2271 3368 admirabilis
2298 3314 2537 3369 civitatis
2557 3316 2724 3370 etiam
2749 3317 2972 3373 divinus
3002 3320 3092 3374 ille
3119 3322 3288 3375 David
3322 3323 3516 3378 memi-

1930 3405 2033 3471 nit,
2086 3404 2278 3460 dicens
2317 3423 2330 3458 :
2380 3425 2398 3456 ‹
2435 3405 2683 3462 Gloriosa
2725 3408 2869 3463 dicta
2923 3418 3052 3464 sunt
3091 3411 3160 3465 de
3213 3420 3286 3474 te,
3320 3413 3515 3467 civitas

1931 3498 2031 3553 Dei
2052 3499 2114 3550 ιδ.
2127 3517 2145 3548 ι
2168 3496 2443 3553 Habitavit
2459 3499 2606 3553 enim
2623 3499 2678 3553 in
2695 3500 2854 3554 nobis
2869 3499 3140 3565 Christus,
3159 3503 3252 3572 qui
3270 3502 3382 3556 vita
3402 3511 3509 3567 est,

1930 3595 1987 3642 et
2009 3587 2123 3657 98
2138 3585 2304 3640 vitam
2329 3595 2580 3657 praestat:
2605 3589 2966 3659 quamobrem
2989 3607 3019 3647 α
3037 3590 3391 3647 sanctiﬁcatis
3410 3591 3510 3647 de-

1931 3679 2087 3748 pellit
2103 3679 2246 3733 Deus
2275 3680 2790 3736 exterminatorem:
2819 3697 2998 3753 neque
3017 3685 3166 3739 enim
3189 3685 3413 3739 vincere
3431 3684 3509 3738 illi

1930 3769 2167 3840 amplius
2189 3770 2337 3836 licet,
2368 3781 2658 3842 postquam
2682 3784 2884 3830 sancta:
2907 3775 3054 3831 illius
3075 3791 3278 3832 mensae
3296 3785 3513 3850 tempus

1931 3860 2171 3927 advenit,
2204 3878 2366 3932 quam
2411 3865 2628 3933 prandii
2672 3873 2887 3936 tempus
2935 3867 3172 3923 latenter
3217 3869 3510 3939 signiﬁcat.

1929 3949 2150 4020 Eripuit
2170 3968 2300 4024 ergo
2330 3970 2432 4009 nos
2453 3954 2725 4022 Christus,
2759 3959 2854 4026 qui
2879 3957 2935 4011 in
2970 3971 3203 4027 persona
3229 3943 3397 4014 David
3423 3961 3511 4015 in-

1931 4040 2212 4110 telligitur.
2235 4042 2394 4108 Nam,
2429 4052 2785 4112 posteaquam
2810 4045 2949 4098 vidit
2980 4061 3076 4099 eos
3115 4045 3210 4114 qui
3260 4046 3316 4100 in
3366 4055 3512 4104 terra

1929 4136 2087 4184 erant
2116 4145 2147 4184 a
2177 4139 2353 4185 morte
2381 4132 2652 4195 consumi,
2681 4135 2990 4202 paracletus
3018 4143 3182 4205 atque
3212 4135 3512 4191 advocatus

1930 4229 2016 4276 est
2049 4236 2151 4291 pro
2191 4221 2356 4276 nobis
2386 4221 2455 4276 ad
2485 4223 2736 4288 Patrem;
2769 4225 2971 4278 obtulit
2992 4241 3228 4296 namque
3268 4228 3512 4298 seipsum

1930 4328 2030 4383 pro
2055 4312 2236 4377 nobis,
2259 4321 2316 4368 et
2335 4313 2499 4367 morti
2521 4322 2714 4384 Sponte
2740 4315 2993 4385 subjecit,
3028 4317 3388 4388 cohibuitque
3412 4336 3509 4374 ex-

234 4416 555 4488 ἁμαρτίαν·
616 4417 716 4488 οὐχ
761 4417 844 4470 ὅτι
898 4417 1168 4488 πεποίηκε
1217 4417 1316 4488 τὴν
1365 4417 1662 4489 ἁμαρτίαν,
1709 4417 1824 4471 ἀλλ’

1937 4405 2362 4470 terminatorem,
2383 4421 2542 4460 suum
2560 4422 2679 4462 csse
2697 4415 2980 4477 peccatum
3002 4408 3218 4475 dicens;
3238 4426 3347 4464 non
3363 4411 3509 4480 quod

232 4508 340 4572 ὅτι,
387 4505 539 4560 κατά
567 4505 666 4570 τὰς
703 4507 947 4577 Γραφὰς,
998 4525 1017 4558 ι
1056 4507 1217 4570 αὐτὸς
1238 4507 1337 4571 τὰς
1364 4507 1639 4578 ἁμαρτίας
1668 4508 1826 4579 ἡμῶν

233 4598 406 4665 αίρει,
441 4595 542 4648 καὶ
584 4594 715 4666 περῖ⁵
739 4594 898 4666 ἡμῶν
941 4595 1216 4658 όδυνᾶται,
1261 4595 1356 4650 καὶ
1382 4596 1440 4650 ἐν
1467 4599 1579 4660 τοῖς
1605 4597 1827 4667 ἀνόμοις

233 4687 520 4758 ἐλογίσθη,
558 4705 577 4739 ›
613 4687 794 4741 καίτοι
833 4688 909 4759 μὴ
970 4688 1123 4752 εἰδὼς
1180 4689 1488 4760 ἁμαρτίαν
1548 4708 1566 4740 ε
1610 4689 1704 4743 καὶ
1735 4689 1828 4758 γέ·-

233 4795 396 4846 γονεν
449 4777 597 4849 ὑπὲρ
637 4776 796 4850 ἡμῶν
845 4778 1078 4850 κατάρα.
1123 4796 1140 4828 ι
1176 4778 1389 4850 Χρῆναι
1437 4777 1495 4832 δέ
1534 4795 1690 4850 φησι,
1733 4777 1826 4833 τὸν

234 4869 476 4940 ποιμένα
514 4868 786 4941 μᾶλλονῆ
813 4870 884 4924 τά
915 4869 1166 4942 πρόϐατα
1199 4871 1421 4924 παθεῖν’
1455 4870 1531 4934 ὡς
1563 4870 1672 4942 γὰρ
1701 4888 1824 4925 ποι-

235 4963 347 5036 μὴν
393 4963 604 5032 ἀγαθὸς
644 4962 747 5034 τὴν
794 4961 974 5034 ψυχὴν
1021 4962 1187 5016 αὐτοῦ
1236 4962 1480 5016 τέθεικεν
1539 4963 1681 5034 ὑπὲρ
1715 4963 1825 5019 τῶν

235 5056 552 5128 προϐάτων.
587 5049 726 5110 Εἶτα
754 5053 898 5108 κατά
936 5054 1086 5109 θείαν
1120 5055 1446 5127 ὑπόμνησιν,
1480 5057 1510 5109 6
1541 5055 1827 5120 θεσπέσιος

232 5141 424 5210 Δαευδ,
454 5141 586 5196 ἔνθα
610 5142 703 5196 τὸν
723 5141 954 5212 ἄγγελον
975 5142 1068 5197 τὸν
1097 5142 1216 5196 ὀλοθ
1225 5142 1420 5216 ρευτὴν
1441 5144 1827 5217 ἀπρακτοῦντα

234 5232 346 5304 ἠδη
377 5234 472 5288 καὶ⁵
506 5234 781 5306 ἑστηκότα
822 5233 1106 5288 τεθέαται¹
1146 5231 1276 5306 (εἶδε
1325 5236 1436 5309 γὰρ
1470 5237 1633 5291 αὑτὸν
1675 5235 1829 5308 παρὰ

233 5325 342 5394 τὴν
369 5325 502 5391 ἅλω,
523 5326 735 5398 φησιν),
765 5329 882 5381 ἐκεῖ
900 5326 1167 5399 διαπήξας
1182 5327 1585 5402 θυσιαστήριον,
1601 5329 1828 5384 ὁλοκαυ-

237 5413 475 5483 τώματα
493 5417 591 5470 καὶ
606 5415 892 5489 εἰρηνικὰς
920 5415 1142 5488 (θυσιῶν
1166 5415 1223 5468 δὲ
1249 5417 1358 5470 τῶν
1384 5417 1527 5473 κατά
1547 5418 1640 5472 τὸν
1665 5418 1828 5490 νόμον

236 5505 365 5576 εἴδη
393 5525 451 5560 τε
480 5510 575 5563 καὶ
615 5509 810 5583 τρόποι
847 5507 1027 5580 ταυτὶ)
1060 5509 1408 5581 προσαγήοχε
1439 5509 1517 5581 τῷ
1551 5509 1687 5583 Θεῷ.
1719 5511 1830 5565 Καὶ

235 5597 340 5652 διὰ
384 5599 480 5669 μὲν
513 5601 614 5672 τῆς
662 5602 778 5657 ἀλω
825 5601 1040 5672 νοήσεις
1087 5601 1186 5673 τὴν
1233 5601 1581 5673 Ἐκκλησίαν,
1630 5603 1710 5665 είς
1764 5603 1830 5672 ἢν

333 5753 799 5829 “Gencs.|u,i9.
880 5762 920 5794 "
961 5760 1416 5830 Psal.t.xxxvt,5.
1495 5748 1887 5827 “lsa.ttu,4.

1921 4506 2208 4568 peccatum
2231 4499 2346 4570 ipse
2375 4500 2734 4564 commiserit,
2765 4499 2860 4554 sed
2881 4499 3050 4570 quod,
3073 4501 3226 4572 juxta
3259 4501 3509 4572 Scriptu—

1923 4604 2030 4655 ras,
2065 4607 2083 4640 ‹
2121 4589 2236 4660 ipse
2257 4601 2480 4661 peccata
2511 4599 2699 4646 nostra
2724 4600 2922 4662 portat,
2945 4601 3001 4646 et
3022 4608 3122 4663 pro
3153 4592 3315 4648 nobis
3337 4593 3506 4660 dolet,

1921 4688 1978 4735 et
2005 4681 2153 4736 inter
2194 4682 2490 4738 sceleratos
2520 4692 2806 4752 reputatus
2827 4693 2913 4738 est
2939 4686 3013 4750 η,
3049 4704 3066 4736 ι
3101 4685 3352 4754 quamvis
3378 4701 3507 4755 pec-

1922 4781 2104 4828 catum
2129 4789 2240 4829 non
2272 4781 2478 4839 nosset,
2513 4794 2530 4824 ι
2559 4783 2614 4829 et
2643 4775 2820 4830 factus
2844 4785 2928 4832 est
2958 4791 3056 4847 pro
3093 4777 3252 4832 nobis
3277 4777 3508 4832 maledi-

1923 4867 2149 4920 ctum”.
2185 4885 2203 4917 ι
2243 4865 2476 4935 Ᾰῦῳιίιιε
2519 4875 2704 4922 autem
2741 4883 2862 4922 esse
2898 4868 2976 4921 ait
3003 4877 3274 4938 pastorem
3301 4909 3315 4934 ,
3344 4885 3509 4940 quam

1929 4973 2060 5013 oves
2095 4973 2286 5028 pmnas
2320 4957 2503 5014 luere:
2540 4975 2668 5013 nam
2726 4967 2788 5014 ut
2829 4960 3008 5015 bonus
3046 4969 3232 5032 pastor
3270 4961 3509 5017 animam

1928 5063 2084 5104 suam
2135 5050 2320 5120 posuit
2361 5065 2463 5120 pro
2501 5051 2718 5106 ovibus.
2745 5052 2956 5108 Deinde
2990 5053 3177 5108 divino
3225 5053 3507 5110 admonitu

1928 5141 2126 5196 beatus
2158 5140 2348 5206 David,
2386 5140 2482 5196 ubi
2501 5141 2755 5213 angelum
2783 5143 3264 5215 exterminatorem
3285 5159 3507 5200 cessan-

1927 5241 2040 5290 tem
2057 5234 2169 5305 jam
2210 5241 2268 5287 et
2288 5241 2525 5288 stantem
2551 5235 2835 5307 conspexit
2858 5235 3178 5306 (viditenim
3201 5251 3325 5291 cum
3338 5250 3506 5306 prope

1926 5339 2132 5390 aream,
2157 5324 2380 5395 inquit),
2406 5324 2482 5379 ibi
2515 5323 2625 5380 ﬁxo
2653 5325 2834 5392 altari,
2863 5325 3181 5381 holocausta
3204 5333 3262 5381 et
3281 5323 3506 5396 paciﬁca

1928 5414 2148 5487 (genera
2187 5422 2372 5469 autem
2395 5429 2460 5469 ea
2485 5423 2614 5470 sunt
2645 5429 2714 5469 ex
2731 5414 2869 5485 legis
2897 5415 3238 5485 praescripto,
3261 5426 3326 5468 ac
3357 5410 3506 5468 modi

1928 5503 2278 5577 hostiarum),
2316 5505 2520 5561 obtulit
2573 5506 2704 5561 Deo.
2751 5503 2830 5558 Ac
2863 5519 2959 5574 per
2999 5517 3182 5559 aream
3240 5499 3510 5572 intelliges

1929 5596 2260 5663 Ecclesiam,
2289 5597 2357 5651 ad
2402 5611 2568 5667 quam
2609 5610 2734 5651 cum
2781 5591 3151 5666 pervenisset,
3196 5591 3347 5649 stetit
3393 5600 3509 5651 tam

2024 5757 2063 5789 ’⁷
2086 5755 2259 5813 Galat.
2285 5773 2362 5824 tu,
2391 5756 2478 5812 15.
