3954 6200
450 279 586 340 ,291

1474 278 1530 332 S.
1575 274 1851 355 CYRIL‘LI
1890 272 2359 329 ALEXANDRINI
2398 272 2715 330 ARCHIEP.

3633 274 3737 331 992

491 391 636 454 dem,
663 400 720 445 et
743 390 1019 446 destructa
1046 404 1192 443 mors
1219 397 1332 455 est;
1355 399 1410 443 et
1430 389 1578 442 illam
1605 390 1757 458 prius
1779 387 2066 441 violentam

2177 387 2500 457 ἀφιγμένος.
2539 388 2668 457 ’ἐστη
2695 405 2754 440 τε
2781 388 2983 453 λοιπὸν,
3027 390 3118 442 καὶ
3142 386 3460 458 κατηργήθη
3493 387 3738 452 Θάνατος,

488 491 543 534 et
565 481 938 536 devastantem
975 481 1159 535 omnia
1185 497 1406 535 manum
1437 480 1710 538 contraxit
1737 479 2068 534 extermina—

492 582 603 638 tor;
633 583 716 627 est
734 572 881 626 enim
914 573 1063 626 illius
1085 573 1228 635 vitae,
1250 587 1373 642 qua:
1395 580 1586 641 suapte
1609 577 1804 624 natura
1827 569 1937 623 vita
1963 577 2067 632 est,

492 665 598 718 hoc
650 672 738 716 est
791 663 996 718 Christi
1033 664 1250 718 domus.
1300 665 1496 719 Arcam
1532 679 1666 718 vero
1700 663 1936 717 dicimus
1965 661 2070 716 Ec-

489 755 709 809 clesiam
731 771 797 808 ex
819 755 1055 826 imagine
1078 757 1311 826 quadam
1335 765 1498 826 atque
1522 755 1902 819 similitudine,
1921 754 2070 824 quod

489 845 544 898 in
573 859 639 899 ea
680 845 1089 915 manipulorum
1121 848 1504 918 spicarumque
1534 863 1686 902 more
1715 846 2067 916 colliguntur,

488 937 583 1004 qui
613 952 644 990 a
675 937 925 991 saeculari
959 937 1074 992 vita
1110 947 1427 993 sanctorum
1465 951 1772 992 messorum
1792 976 1806 1000 ,
1831 935 1937 990 hoc
1963 943 2068 998 est,

489 1028 862 1097 apostolorum
929 1030 1498 1100 evangelistarumque
1541 1027 1929 1098 praedicatione
1971 1025 2070 1080 de-

488 1129 790 1184 metuntur,
821 1129 881 1175 ut
903 1121 958 1176 in
990 1121 1111 1175 illas
1135 1136 1364 1192 superas
1389 1120 1540 1174 aulas
1559 1127 1994 1190 comportentur,
2016 1126 2072 1172 et

491 1222 750 1281 tanquam
782 1212 840 1266 in
875 1213 1220 1268 Dominicum
1269 1213 1530 1268 horreum
1550 1255 1564 1277 ,
1597 1214 1653 1267 in
1683 1213 1963 1268 caelestem
2000 1213 2070 1266 il-

489 1304 594 1358 lam
631 1303 933 1358 Jerusalem
967 1304 1138 1358 veluti
1170 1311 1476 1374 purgatum
1503 1305 1614 1375 jam
1655 1304 1898 1358 triticum
1928 1302 2071 1358 infe-

489 1405 702 1458 rantur,
769 1394 1039 1464 depositis
1099 1394 1389 1450 inutilibus
1430 1403 1486 1450 et
1537 1393 1893 1464 supervacuis
1960 1408 2071 1448 non

488 1485 651 1538 modo
671 1484 999 1547 actionibus,
1025 1483 1120 1537 sed
1153 1484 1317 1537 etiam
1351 1484 1521 1538 animi
1549 1484 1822 1547 sensibus,
1848 1483 1943 1553 qui
1961 1483 2074 1538 vel-

485 1587 550 1632 ut
587 1576 641 1628 in
689 1576 924 1644 imagine
957 1573 1192 1644 quadam
1231 1575 1514 1644 palearum
1546 1574 1947 1644 intelliguntur.
1983 1573 2074 1628 Di-

487 1677 634 1720 ctum
662 1674 745 1718 est
769 1673 952 1718 autem
977 1681 1006 1717 a
1029 1664 1250 1718 Christo
1275 1664 1480 1718 sanctis
1522 1663 1812 1733 apostolis:
1840 1683 1857 1714 ‹
1879 1663 2072 1718 Nonne

2170 479 2264 530 καὶ
2315 479 2414 549 τὴν
2445 479 2611 533 πάλαι
2660 480 2839 552 δεινήν
2866 497 2924 534 τε
2975 483 3070 534 καὶ
3110 481 3521 552 διαφθείρουσαν
3586 485 3741 553 χεῖρα

2171 571 2508 626 συνέστειλεν
2551 573 2581 624 6
2623 571 2948 643 ὀλοθρευτής
2968 591 2980 605 ·
3013 567 3158 636 οἶκος
3187 573 3296 644 γάρ
3320 575 3436 626 ἐστι
3465 573 3560 643 τῆς
3602 576 3743 627 κατά

2172 663 2332 733 φύσιν
2371 664 2537 735 ζωῆς,
2571 663 2715 716 τοῦτ’
2762 663 2878 717 ἐστι
2910 664 3167 735 Χριστοῦ.
3209 664 3361 717 Ἀλω
3388 663 3446 716 δὲ
3474 661 3612 716 εἷναί
3640 681 3744 733 φα-

2173 770 2270 822 μεν
2295 754 2371 817 ὡς
2401 753 2459 818 ἐξ
2485 753 2795 824 ὁμοιώσεως
2812 755 2905 806 καὶ
2931 753 3137 817 εἰκόνος
3160 753 3257 824 τὴν
3292 753 3636 822 Ἐκκλησίαν,
3656 754 3743 824 ἐφ’

2170 837 2202 914 ᾖ
2231 843 2590 913 δραγμάτων,
2628 843 2796 914 ἤγουν
2820 843 3131 914 ἀσταχύων,
3171 842 3564 915 συλλέγοντα[ι]
3591 845 3742 914 δίκην

2169 936 2218 988 oi
2267 934 2367 1005 τῆς
2405 934 2512 987 ἀπὸ
2552 934 2761 1004 κόσμου
2802 933 2948 1004 ζωῆς
2990 934 3078 987 διὰ
3115 933 3209 987 τοῦ
3247 934 3405 1003 λόγου
3435 935 3542 987 τῶν
3578 935 3744 1003 ἁγίων

2170 1029 2477 1099 κειρόμενοι
2521 1027 2806 1099 θεριστῶν,
2833 1026 2977 1080 τοῦτ’
3018 1027 3184 1092 ἔστιν,
3217 1027 3529 1080 ἀποστόλων
3560 1044 3618 1080 τε
3649 1028 3746 1080 καὶ

2169 1120 2588 1190 εὐαγγελιστῶν,
2637 1120 2726 1175 ἵνα
2777 1120 2874 1175 καὶ
2913 1122 2994 1183 εἰς
3030 1121 3129 1184 τὰς
3176 1120 3289 1174 ἀνω
3333 1118 3746 1191 συγκομισθεῖεν

2171 1213 2359 1280 αὐλὰς,
2382 1214 2475 1267 καὶ
2504 1211 2756 1283 καθάπερ
2777 1215 2858 1276 εἰς
2877 1212 3164 1283 ἀποθήκην
3183 1211 3527 1282 δεσποτικὴν,
3545 1214 3624 1274 είς
3649 1210 3746 1282 τὴν

2171 1304 2490 1374 ἐπουράνιον
2537 1303 2913 1374 Ἰερουσαλὴμ,
2961 1298 3050 1355 οἷά
3088 1319 3172 1366 τις
3217 1305 3364 1366 σῖτος
3412 1301 3748 1373 εἰσφέροιντο

2171 1390 2432 1462 καθαρὸς,
2465 1391 2604 1445 κατὰ
2640 1391 2738 1464 τὴν
2777 1392 2886 1444 τῶν
2925 1391 3291 1464 ἀχρειοτέρων
3325 1392 3422 1446 καὶ
3479 1392 3747 1463 περιττῶν

2171 1481 2430 1536 ἀπόθεσιν
2467 1484 2808 1553 πραγμάτων
2839 1500 2898 1536 τε
2927 1484 3044 1553 ἅμα
3072 1483 3167 1538 καὶ
3199 1485 3582 1554 φρονημάτων,
3605 1484 3748 1554 ἆπερ

2172 1573 2247 1636 ὼς
2273 1575 2331 1625 ὲν
2351 1573 2480 1626 εῖδει
2499 1573 2607 1627 τῶν
2636 1574 2854 1645 ἀχύρων
2881 1577 3098 1628 νοεῖται.
3126 1574 3356 1646 Εἴρηται
3381 1574 3437 1628 δέ
3468 1592 3571 1628 που
3600 1576 3751 1647 παρὰ

2173 1663 2411 1735 Χριστοῦ
2444 1667 2556 1728 τοῖς
2581 1665 2756 1734 ἁγίοις
2787 1665 3130 1729 ἀποστόλοις’
3161 1685 3180 1717 ι
3219 1665 3351 1734 Οὐχὶ
3385 1665 3541 1735 ὑμεῖς
3565 1665 3748 1734 λέγετε

489 1771 584 1810 νοε
628 1754 812 1808 dicitis
851 1754 999 1823 quod
1049 1753 1230 1808 adhuc
1290 1761 1526 1822 quatuor
1569 1768 1786 1808 menses
1833 1762 1983 1817 sunt,
2021 1760 2066 1808 el

2176 1756 2256 1808 ὅτι
2285 1755 2624 1826 τετράμηνός
2668 1756 2806 1819 ἐστι,
2845 1759 2995 1810 καὶὸ
3032 1757 3291 1829 θερισμὸς
3321 1757 3569 1827 ἓρχεται;
3620 1759 3747 1811 Ἰδοὺ

485 1847 680 1903 messis
723 1847 1228 1912 venit?Ecce.dico
1284 1845 1481 1900 vobis:
1509 1845 1709 1900 Levate
1758 1847 1948 1900 oculos
1975 1862 2073 1901 ve-

483 1951 650 2006 stros,
681 1949 738 1995 et
761 1939 945 1993 videte
971 1939 1242 2008 regiones,
1268 1938 1527 2007 quoniam
1560 1938 1697 1992 albae
1720 1945 1850 1992 sunt
1867 1937 1979 2007 jam
2005 1936 2074 1990 ad

483 2047 739 2088 messem.
769 2031 836 2084 Et
858 2030 953 2100 qui
976 2030 1154 2094 metit,
1179 2029 1492 2085 mercedem
1515 2029 1734 2099 accipit,
1759 2037 1818 2084 et
1839 2044 2074 2099 congre-

479 2132 571 2194 gat
590 2122 827 2177 fructum
849 2121 904 2176 in
935 2123 1101 2176 vitam
1118 2129 1377 2180 aeternam
1397 2121 1474 2188 ¹⁸;
1503 2139 1519 2171 ι
1538 2121 1810 2175 etiterum
1829 2120 2074 2175 :cMessis

481 2211 704 2282 quidem
725 2212 918 2275 multa,
940 2210 1178 2280 operarii
1205 2219 1388 2265 autem
1405 2211 1586 2280 pauci;
1609 2209 1720 2280 99
1736 2218 1920 2281 rogate
1942 2225 2072 2280 ergo

482 2303 768 2356 dominum
820 2301 1035 2366 messis,
1065 2308 1128 2376 ut
1178 2301 1362 2356 mittat
1392 2301 1673 2371 operarios
1720 2299 1778 2354 in
1833 2316 2069 2356 messem

482 2394 716 2448 suam".
749 2413 766 2444 ι
804 2393 1056 2458 Mcssem,
1097 2394 1316 2463 Opinor,
1349 2393 1712 2463 spiri—tualem,
1753 2393 2067 2463 eor-umiqui

480 2485 743 2538 credituri
781 2493 970 2548 erant,
1001 2483 1413 2538 multitudinem
1461 2483 1802 2552 appellavit:
1849 2493 2070 2539 sanctos

481 2590 612 2629 vero
653 2590 923 2629 messores
989 2589 1088 2627 eos
1132 2574 1273 2627 dixit
1320 2574 1415 2643 qui
1454 2574 1703 2648 divinum
1740 2575 1970 2630 verbum
2013 2576 2067 2630 in

480 2672 664 2718 mente
703 2679 767 2717 ac
802 2663 988 2733 lingua
1021 2663 1247 2727 habent,
1281 2682 1299 2714 ι
1329 2664 1476 2733 quod
1507 2665 1694 2720 vivum
1730 2675 1834 2730 est,
1865 2676 1920 2721 et
1948 2665 2066 2720 elli-

479 2769 601 2818 cax,
637 2761 691 2807 et
729 2754 1128 2822 penetrabilius
1160 2754 1311 2808 omni
1348 2755 1528 2825 gladio
1557 2756 1820 2826 ancipiti,
1859 2765 1915 2812 et
1943 2774 2104 2828 per-.

481 2844 642 2914 tingit
666 2859 841 2914 usque
871 2845 940 2900 ad
977 2846 1304 2902 divisionem
1330 2847 1526 2902 animae
1559 2863 1623 2902 ac
1645 2849 1892 2918 spiritus,
1918 2865 2066 2903 com-

479 2950 678 3005 pagum
717 2951 940 3006 quoque
995 2951 1059 2990 ac
1112 2936 1475 2990 medullarum
1509 2938 1575 2990 ³ο.
1625 2957 1643 2988 ι
1689 2937 1845 2992 Area:
1898 2953 2066 3008 porro

479 3027 724 3091 nomine,
765 3027 959 3082 beatus
999 3042 1218 3097 quoque
1245 3027 1486 3097 Baptista
1515 3027 1840 3099 signiﬁcavit
1879 3029 2066 3085 Eccle-

474 3115 640 3180 siam,
663 3087 789 3171 cum
817 3116 886 3172 de
901 3087 1224 3172 Christdsic
1246 3087 1387 3171 dixit
1421 3134 1435 3171 :
1490 3136 1508 3168 ‹
1537 3087 1650 3188 Ευεο
1675 3118 1898 3188 quidem
1919 3133 2060 3190 aqua
2089 3087 2130 3143 ϐ

479 3207 698 3278 baptiao
736 3223 867 3275 vos;
925 3209 1079 3264 venit
1116 3217 1300 3264 autem
1337 3209 1532 3265 fortior
1569 3226 1685 3276 me,
1736 3212 1895 3282 cujus
1947 3226 2060 3265 non

479 3315 601 3355 sum
641 3301 839 3373 dignus
901 3301 1113 3356 solvere
1173 3299 1466 3372 corrigiam
1524 3303 2056 3360 calceamentorum:

479 3390 596 3461 ipse
633 3407 732 3447 vos
769 3391 1072 3462 baptizabit
1108 3392 1165 3446 in
1200 3391 1410 3462 Spiritu
1449 3401 1641 3448 sancto
1677 3403 1734 3448 et
1769 3395 1916 3466 igni:
1961 3410 2060 3450 cu-

474 3482 564 3552 jus
599 3483 971 3538 ventilabrum
1001 3483 1058 3536 in
1088 3499 1254 3539 manu
1284 3500 1382 3538 sua
1403 3525 1418 3549 ,
1457 3492 1513 3539 et
1551 3486 1842 3540 mundabit
1877 3502 2061 3540 aream

480 3589 657 3637 suam,
693 3583 751 3628 et
783 3575 1138 3645 congregabit
1177 3576 1426 3631 triticum
1471 3592 1632 3630 suum
1681 3577 1738 3630 in
1775 3577 2060 3644 horreum,

479 3665 663 3733 paleas
711 3673 894 3719 autem
956 3665 1246 3719 comburet
1294 3667 1406 3737 igni
1465 3667 1989 3738 inexstinguihili“.
2037 3688 2056 3720 ι

481 3755 632 3810 Hanc
657 3756 824 3826 igitur
859 3757 1200 3826 Spiritualem
1234 3757 1784 3824 aream,Ecclesiam,
1815 3759 2061 3830 inquam,

480 3846 614 3900 emit
648 3846 902 3902 Christus
942 3848 1339 3919 quinquaginta
1395 3849 1581 3916 siclis,
1629 3851 1735 3906 hoc
1789 3859 1912 3917 est,
1953 3867 2065 3906 non

478 3936 678 4006 exiguo
744 3939 922 4006 pretio
969 3955 984 4003 ;
1055 3954 1115 3993 se
1153 3939 1333 4010 ipsum
1374 3956 1612 4011 namque
1653 3941 1808 3997 dedit
1846 3959 1948 4013 pro
1974 3959 2060 4007 ea,

482 4029 538 4082 in
571 4043 747 4098 eaque
779 4027 896 4084 ﬁxit
922 4029 1130 4084 altare:
1173 4046 1409 4102 cumque
1443 4032 1589 4087 idem
1628 4043 1774 4088 esset
1811 4035 2068 4090 sacerdos

485 4118 682 4190 (factus
705 4136 944 4190 namque
969 4130 1055 4176 est
1070 4123 1317 4192 pontifex
1345 4139 1594 4180 summus
1629 4125 1880 4197 “),idem
1899 4125 2065 4180 victi-

483 4226 593 4276 ma,
633 4227 693 4266 se
719 4212 897 4282 ipsum
938 4214 1161 4280 obtulit,
1193 4223 1449 4286 tanquam
1481 4217 1535 4272 in
1574 4218 1757 4288 specie
1793 4233 1856 4272 ac
1894 4217 2066 4289 ﬁgura

481 4303 638 4358 vituli
666 4303 998 4370 triturantis,
1021 4314 1078 4361 et
1101 4306 1276 4362 factus
1301 4318 1386 4362 est
1406 4309 1785 4364 holocaustum
1813 4317 1869 4362 et
1891 4309 2066 4364 hostia

2176 1845 2318 1915 λέγω
2351 1847 2520 1917 ύμῖνο
2576 1848 2846 1919 Ἐπάρατε
2887 1850 3012 1912 τοὺς
3064 1848 3375 1918 ὀφθαλμοὺς
3425 1850 3600 1920 ὑμῶν,
3662 1851 3750 1904 καὶ

2175 1937 2441 1992 θεάσασθε
2470 1939 2570 2002 τὰς
2605 1939 2810 2010 χώρας,
2849 1942 2928 1994 ὅτι
2970 1941 3160 1994 λευκαί
3187 1943 3291 1994 εἰσι
3329 1941 3463 2012 πρὸς
3490 1942 3750 2015 θερισμὸν

2173 2029 2296 2100 ἠδη.
2324 2069 2326 2074 .
2349 2029 2407 2083 Ὀ
2443 2029 2670 2100 θερίζων
2693 2030 2881 2101 μισθὸν
2918 2031 3206 2101 λαμϐάνει,
3246 2033 3340 2085 καὶ
3367 2033 3588 2101 συνάγει
3614 2052 3748 2106 καρι-

2173 2121 2276 2174 πὸν
2309 2123 2388 2184 είς
2423 2120 2568 2192 ζωὴν
2607 2121 2845 2177 αἰώνιον.
2878 2141 2896 2173 ι
2932 2124 3044 2178 Καὶ
3082 2125 3271 2178 πάλιν·
3307 2144 3327 2177 ι
3371 2125 3440 2178 Ὁ·
3472 2127 3570 2196 μὲν
3605 2126 3752 2198 θερι-

2173 2214 2310 2285 σμὸς
2347 2214 2534 2279 πολὺς,
2571 2217 2621 2268 οἱ
2660 2216 2716 2269 δὲ
2752 2217 2982 2288 ἐργάται
3013 2217 3203 2286 ὀλίγοι.
3253 2219 3491 2290 Δεήθητε
3523 2215 3617 2272 οὖν
3661 2220 3752 2273 τοῦ

2171 2306 2376 2378 Κυρίου
2399 2305 2492 2360 τοῦ
2511 2307 2793 2378 θερισμοῦ,
2815 2309 2901 2362 ἵνα
2923 2308 3128 2381 ἐκϐάλῃ
3148 2309 3383 2380 ἐργάτας
3401 2313 3479 2374 είς
3493 2310 3751 2381 θερισμὺν

2171 2397 2357 2452 αὐτοῦ.
2419 2417 2438 2449 ι
2501 2399 2804 2469 Θερισμὸν,
2869 2395 3055 2471 οῑμαι,
3105 2401 3197 2455 τὸν
3250 2403 3439 2473 νοητὸν
3488 2404 3587 2473 τὴν
3648 2404 3750 2457 τῶν

2173 2486 2478 2556 μελλόντων
2523 2487 2799 2540 πιστεύειν
2848 2487 3130 2559 ὀνομάζων
3181 2489 3420 2561 πληθὺν,
3476 2492 3670 2560 ἁγίους
3698 2492 3750 2546 δὲ

2169 2578 2422 2651 θεριστὰς
2475 2575 2612 2633 εἶναι
2664 2580 2837 2648 λέγων
2885 2584 3012 2645 τοὺς
3063 2584 3142 2647 είς
3193 2583 3318 2638 νοῦν
3357 2586 3452 2637 καὶ
3502 2584 3747 2653 γλῶτταν

2164 2670 2259 2724 τὸν
2292 2670 2436 2723 θεῖον
2470 2670 2694 2740 ἔχοντας
2715 2672 2894 2740 λόγον,
2920 2674 2978 2736 ὃς
3014 2676 3130 2727 ἐστι
3153 2674 3260 2740 ζῶν
3283 2692 3342 2728 τε
3367 2675 3463 2728 καὶ
3489 2677 3747 2746 ἐναργὴς,

2167 2764 2262 2816 καὶ
2297 2761 2616 2833 τομώτατος
2650 2764 2792 2835 ὑπὲρ
2829 2766 3008 2818 πᾶσαν
3039 2765 3312 2836 μάχαιραν
3339 2765 3614 2836 δίστομον,
3659 2765 3750 2818 καὶ

2164 2853 2534 2925 διικνούμενος
2555 2854 2682 2926 ἄχρι
2712 2855 2979 2926 μερισμοῦ
3009 2856 3184 2926 ψυχῆς
3210 2872 3270 2907 τε
3295 2855 3390 2909 καὶ
3418 2855 3747 2925 πνεύματος,

2165 2945 2359 3015 ἁρμῶν
2385 2961 2445 2997 τε
2477 2945 2572 2996 καὶ
2607 2944 2842 3015 μυελῶν.
2881 2963 2899 2995 ι
2941 2945 3194 3014 Ὀνόματι
3231 2944 3288 2996 δὲ
3335 2945 3433 3013 τῆς
3481 2943 3596 2996 ἅλω
3661 2943 3748 2996 καὶ

2165 3036 2194 3086 6
2231 3034 2505 3104 μακάριος
2552 3034 2864 3105 Βαπτιστὴς
2905 3034 3198 3104 κατεδήλου
3247 3033 3345 3105 τὴν
3400 3034 3749 3103 Ἐκκλησίαν,

2161 3127 2256 3180 ὡδί
2275 3143 2376 3180 που
2397 3127 2572 3195 λέγων
2590 3144 2656 3179 πε
2665 3129 2720 3198 ρὶ
2734 3126 3000 3197 Χριστοῦ·
3015 3146 3032 3176 ι
3055 3127 3196 3194 Ἐγὼ
3218 3124 3314 3196 μὲν
3337 3123 3485 3177 ὕδατι
3503 3123 3749 3194 βαπτίζω

2162 3223 2342 3292 ὑμᾶς,
2401 3220 2622 3291 ἔρχεται
2655 3219 2714 3272 δὲ
2749 3223 2778 3273 6
2819 3217 3164 3290 ἰσχυρότερός
3194 3235 3332 3289 μου,
3377 3211 3439 3271 οῦ
3479 3217 3581 3270 οὐκ
3637 3217 3747 3286 εἰμὶ

2163 3313 2345 3376 ἱκανὸς
2390 3313 2548 3366 λῦσαι
2598 3312 2689 3366 τὸν
2743 3312 2941 3381 ἱμάντα
2977 3310 3089 3366 τῶν
3134 3309 3494 3381 ὑποδημάτων
3548 3308 3745 3362 αὑτοῦ·

2163 3405 2324 3468 αὐτὸς
2363 3406 2507 3475 ὑμᾶς
2561 3403 2812 3478 βαπτίσει
2849 3405 2907 3456 ὲν
2949 3403 3226 3474 Πνεύματι
3267 3403 3407 3470 ἁγίῳ
3448 3403 3544 3456 καὶ
3576 3401 3746 3474 πυρί’

2162 3490 2224 3550 οὗ
2253 3497 2315 3550 τὸ
2347 3496 2516 3549 πτύον
2552 3499 2610 3550 ὲν
2642 3500 2708 3567 τῇ
2743 3497 2889 3566 χειρὶ
2933 3495 3123 3558 αὐτοῦ,
3149 3495 3242 3548 καὶ
3275 3494 3631 3564 διακαθαριεῖ
3658 3492 3751 3564 τὴν

2166 3589 2347 3644 ἅλωνα
2387 3587 2577 3651 αὑτοῦ,
2625 3587 2720 3641 καὶ
2765 3584 2983 3650 συνάξει
3019 3585 3112 3638 τὸν
3157 3588 3302 3638 σῖτον
3333 3583 3496 3638 αὑτοῦ
3537 3585 3623 3647 είς
3656 3583 3749 3654 τὴν

2167 3681 2476 3753 ἀποθήκην,
2505 3681 2568 3733 τὸ
2592 3679 2648 3733 δὲ
2670 3680 2872 3750 ἄχυρον
2896 3677 3234 3732 κατακαύσει
3264 3677 3399 3747 πυρὶ
3419 3675 3694 3745 ἀσϐέστῳ.
3727 3693 3744 3726 ι

2166 3775 2384 3845 Ταύτην
2420 3769 2515 3828 οῦν
2546 3773 2654 3844 ἄρα
2685 3775 2784 3843 τὴν
2820 3771 2934 3826 ἁλω
2978 3771 3078 3844 τὴν
3109 3770 3328 3842 νοητὴν,
3373 3768 3518 3839 φημὶ
3555 3767 3628 3840 δὴ
3658 3768 3750 3840 τὴν

2180 3865 2529 3937 Ἐκκλησίαν,
2565 3864 2855 3936 ἐξεπρίατο
2888 3862 3124 3934 Χριστὸς
3157 3861 3491 3932 πεντήκοντα
3527 3859 3747 3923 σίκλων,

2166 3958 2308 4012 τοῦτ’
2347 3957 2516 4022 ἔστιν,
2562 3958 2663 4010 οὐκ
2712 3955 2965 4026 ἐλαφρῶν
3004 3953 3332 4026 τιμημάτων
3357 3968 3370 3981 ·
3417 3950 3616 4004 ἑαυτὸν
3647 3949 3751 4022 γάρ

2166 4051 2400 4105 δέδωκεν
2435 4051 2575 4120 ὑπὲρ
2617 4049 2810 4118 αὐτῆς,
2839 4047 2933 4100 καὶ
2970 4045 3169 4116 ἔπηξεν
3200 4047 3258 4097 ὲν
3286 4043 3423 4114 αὑτῇ
3458 4043 3522 4095 τὸ
3557 4043 3749 4096 θυσια-

2171 4144 2409 4213 στήριον·
2436 4141 2530 4194 καὶ
2554 4138 2780 4210 ἐπείπερ
2805 4137 2965 4200 αὐτός
2989 4138 3136 4189 ἔστιν
3169 4136 3198 4187 6
3226 4134 3506 4207 ίερουργδς
3535 4135 3748 4202 (γέγονε

2168 4234 2278 4305 γὰρ
2325 4231 2666 4306 ἀρχιερεὺς),
2712 4232 2806 4284 καὶ
2859 4229 3020 4292 αὐτὸς
3071 4229 3134 4281 τὸ
3163 4227 3309 4297 θῦμα
3349 4225 3751 4299 προσεκόμισεν

2171 4325 2379 4389 ἑαυτὸν,
2419 4325 2494 4388 ὡς
2517 4325 2581 4376 ὲν
2615 4323 2743 4376 εἱδει
2776 4323 2872 4376 καὶ
2896 4321 3052 4392 τύπῳ
3083 4319 3174 4372 τοῦ
3215 4318 3484 4380 ἀλοῶντος
3523 4317 3748 4388 μόσχου,

484 4394 730 4464 paciﬁca.
774 4395 1000 4452 Solutus
1049 4407 1136 4453 est
1171 4399 1322 4453 enim
1363 4399 1452 4452 ille
1492 4400 1709 4454 medius
1745 4400 1929 4469 paries
1968 4415 2066 4470 per

2172 4418 2266 4472 καὶ
2294 4418 2518 4486 γέγονεν
2551 4415 2914 4486 ὀλοκαύτωμα
2958 4415 3053 4468 καὶ
3082 4412 3332 4485 εἰρηνικὴ
3369 4410 3546 4463 θυσία.
3583 4410 3754 4462 Λέλυ·

479 4486 784 4552 Christum,
814 4496 872 4543 et
906 4489 1001 4558 qui
1054 4489 1185 4543 olim
1224 4489 1485 4560 disjuncti
1531 4505 1595 4546 ac
1622 4491 1898 4561 segregati
1935 4507 2060 4546 era-

483 4591 605 4632 mus
644 4577 854 4646 peccati
883 4578 1071 4647 culpa,
1113 4592 1213 4646 per
1241 4577 1419 4647 ipsum
1461 4588 1519 4634 et
1548 4581 1604 4634 in
1638 4581 1757 4650 ipso
1779 4596 1908 4636 cum
1949 4583 2061 4637 Deo

481 4672 538 4718 ct
574 4665 734 4720 Patre
772 4665 1180 4735 conjungimur,
1204 4667 1450 4737 antiquis
1481 4669 1594 4724 illis
1630 4670 1936 4726 inimicitiis
1961 4687 2060 4727 ex-

481 4755 732 4812 stinctis:
765 4775 783 4807 ι
810 4756 930 4826 Ipse
949 4765 1033 4812 est
1060 4757 1207 4813 enim
1229 4774 1332 4828 pax
1352 4769 1537 4816 nostra
1561 4761 1626 4827 ⁸³,
1639 4781 1658 4813 ι
1682 4770 1747 4816 ιιι
1763 4761 2062 4833 Scriptura:

481 4856 772 4903 testantur.
1656 4852 1664 4860 '

551 4993 746 5048 PALL.
781 4995 1020 5052 Vitulum
1041 4996 1205 5069 igitur
1235 4999 1584 5058 triturantem
1613 5001 1944 5060 intellecturi
1973 5020 2066 5059 su-

481 5099 603 5138 mus
621 5084 943 5144 Christum?
976 5104 1213 5158 quonam
1240 5088 1296 5146 id
1325 5090 1488 5145 modo
1522 5091 1785 5147 tandem?

547 5172 704 5230 CYR.
723 5176 804 5230 An
829 5191 980 5241 vero,
996 5175 1223 5242 Palladi,
1239 5193 1349 5234 non
1366 5178 1665 5236 vitulorum
1689 5182 2064 5240 triturantium

480 5266 699 5320 nomine
729 5266 815 5324 lex
848 5267 1015 5340 Moysi
1043 5268 1350 5340 discipulos,
1378 5279 1595 5327 sanctos
1620 5273 1955 5342 appellavit?
1985 5275 2065 5332 sic

477 5356 624 5412 enim
672 5373 772 5431 per
815 5360 1046 5430 tenigma
1093 5360 1264 5415 dixit:
1309 5378 1327 5411 ι
1367 5360 1488 5416 Non
1537 5362 1788 5433 alligabis
1827 5381 1889 5420 os
1934 5366 2062 5422 bovi

481 5449 754 5506 trituranti
773 5453 837 5507 ’⁸.
875 5470 892 5502 ι
921 5450 1077 5517 Quod
1101 5451 1279 5522 ipsum
1301 5466 1428 5508 cum
1454 5451 1865 5511 evidentissimc
1892 5455 2053 5513 intel-

477 5535 697 5596 lexisset
746 5541 940 5602 beatus
973 5542 1194 5609 Paulus,
1251 5542 1328 5597 ait
1359 5559 1372 5596 :
1423 5561 1440 5594 ι
1475 5535 1734 5615 Nunquid
1771 5547 1839 5602 de
1880 5548 2057 5606 bobus

2167 4526 2255 4561 ται
2299 4508 2406 4576 γὰρ
2453 4507 2514 4559 τὸ
2559 4504 2889 4575 μεσολαδοῦν
2939 4506 2996 4557 ὲν
3051 4502 3293 4575 Χριστῷ,
3344 4502 3440 4556 καὶ
3485 4501 3538 4554 οἱ
3582 4500 3752 4554 πάλαι

2167 4599 2514 4670 διεστηκότες
2546 4615 2606 4651 τε
2641 4599 2734 4650 καὶ
2779 4596 3156 4667 ἀφωρισμένοι
3207 4594 3297 4647 διὰ
3335 4592 3434 4664 τὴν
3473 4591 3754 4664 ἁμαρτίαν

2169 4690 2588 4762 συνεισδυόμεθα
2619 4690 2685 4752 δι’
2725 4690 2888 4743 αὑτοῦ
2919 4705 2979 4742 τε
3005 4687 3099 4742 καὶ
3131 4689 3189 4740 ὲν
3223 4684 3371 4756 αὐτῷ
3394 4684 3474 4755 τῷ
3504 4683 3629 4754 Θεῷ
3662 4684 3753 4737 καὶ

2171 4786 2366 4858 Πατρὶ,
2412 4785 2512 4854 τὴν
2548 4781 2782 4854 ἀρχαίαν
2825 4781 3039 4849 ἐκείνην
3085 4776 3483 4838 καταλύσαντες
3525 4773 3747 4845 ἔχθραν.

2171 4878 2342 4941 Αὐτὸς
2371 4878 2480 4946 γάρ
2508 4878 2653 4928 ἐστιν
2689 4876 2722 4943 ἡ
2766 4875 2953 4944 εἰρήνη
2995 4871 3174 4943 ἡμῶν,
3203 4869 3347 4924 κατὰ
3370 4868 3466 4930 τὰς
3498 4867 3746 4938 Γραφάς.

2239 4971 2446 5024 ΠΑΛΛ.
2487 4969 2702 5038 Μόσχον
2747 4963 2840 5019 οῦν
2888 4965 2996 5034 ἄρα
3053 4966 3316 5034 νοήσομεν
3362 4959 3457 5012 τὸν
3500 4957 3750 5012 ἀλοῶντα

2168 5068 2210 5118 Χ
2223 5065 2401 5136 ριστόν
2421 5079 2434 5126 ;
2457 5059 2578 5115 τὶνα
2609 5059 2810 5130 τρόπον
2841 5060 2977 5128 φής;

2235 5177 2400 5231 ΚΥΡ.
2460 5177 2535 5229 Οὐ
2579 5173 2722 5246 γὰρ,
2757 5167 2802 5226 ὦ
2844 5171 3098 5243 φιλότης,
3141 5170 3375 5240 μόσχους
3428 5168 3562 5236 ἡμῖν
3623 5164 3749 5224 τοὺς

2163 5269 2435 5331 ἁλοῶντας
2459 5270 2487 5320 ὁ
2516 5266 2603 5320 διὰ
2633 5265 2876 5328 Μωσέως
2902 5264 3066 5334 νόμος
3094 5264 3220 5325 τοὺς
3264 5260 3452 5328 ἁγίους
3489 5257 3744 5327 ὠνόμασε

2166 5361 2444 5434 μαθητάς;
2488 5359 2590 5430 ἔφη
2633 5359 2742 5428 γὰρ
2785 5354 3239 5427 αἰνιγματωδῶς·
3301 5373 3320 5406 ι
3363 5352 3436 5405 Οὐ
3473 5349 3746 5420 φιμώσεις

2165 5456 2290 5528 βοῦν
2322 5454 2582 5509 ἀλοῶντα.
2629 5470 2646 5502 ι
2683 5453 2748 5504 Ὃ
2769 5450 2833 5522 δὴ
2875 5450 2970 5502 καὶ
2997 5449 3143 5520 μάλα
3182 5444 3370 5514 σαφῶς
3408 5437 3745 5510 ὲννενοηκὼς

2162 5551 2191 5602 6
2218 5547 2489 5620 μακάριος
2521 5545 2732 5609 Παῦλος
2753 5560 2767 5574 ·
2810 5563 2828 5596 ι
2873 5542 2966 5612 Μὴ
3006 5539 3109 5594 τῶν
3127 5538 3268 5610 βοῶν
3298 5535 3446 5608 μέλει
3472 5531 3552 5604 τῷ
3591 5528 3742 5600 Θεῷς

551 5691 970 5771 "Anam-rvis,
1008 5697 1098 5751 56.
1159 5697 1429 5771 A"Matth.
1451 5713 1526 5767 rx,
1549 5697 1637 5767 37,
1672 5701 1759 5758 38.
1833 5707 1877 5739 "
1913 5706 2082 5762 Hebr.
2105 5721 2177 5771 Iv,
2206 5704 2292 5760 l3.
2342 5704 2384 5738 "
2406 5703 2538 5760 Luc.
2563 5717 2642 5767 ιιι,
2668 5699 2753 5764 l6,
2783 5698 2868 5752 l7.
2943 5696 2987 5728 ἰ
3009 5694 3180 5749 Hebr.
3209 5704 3284 5752 vl,
3307 5685 3395 5741 20.
3461 5683 3737 5755 "Ephes.

479 5779 537 5828 ιι,
582 5760 666 5815 14.
739 5764 958 5819 “Deut.
986 5782 1107 5832 xxv,
1145 5766 1199 5821 4.
