3954 6200
233 301 326 357 995

906 295 995 350 DE
1034 289 1473 349 A‘DORATIONE
1515 289 1583 343 IN
1619 286 1889 343 SPIRITU
1931 288 2019 342 ET
2059 287 2428 344 VERITATE.
2468 289 2595 345 LIB.
2639 291 2725 346 Ill.

3370 295 3480 353 εει

233 423 292 476 'll
316 421 382 472 δι’
421 417 566 489 ἡμᾶς
589 417 806 479 πάντως
839 414 1016 483 λέγεις
1047 414 1121 465 Δι’
1143 413 1290 482 ἡμᾶς
1313 411 1420 480 γὰρ
1441 410 1680 479 ἐγράφη,
1711 407 1785 459 ὅτι

1899 422 2028 460 cura
2072 414 2158 461 est
2193 406 2342 460 Deo?
2375 422 2444 460 an
2479 417 2701 478 propter
2732 422 2832 462 nos
2892 407 3080 477 utique
3125 408 3302 462 dicit?
3347 426 3480 479 pm-

228 510 414 580 ὀφείλει
438 508 524 561 ἐπ’
555 505 730 560 ἑλπίδι
750 506 778 558 6
805 503 1075 576 ἀροτριῶν
1093 502 1372 574 ἀροτριᾷν,
1395 500 1486 552 καὶ
1512 496 1684 550 ἀλοῶν
1709 497 1796 548 ἐπ’

229 601 392 655 ἑλπίδι
413 599 507 652 τοῦ
538 597 804 669 μετέχειν.
836 614 854 646 ι
889 595 1095 664 Μόσχοι
1115 591 1425 664 τοιγαροῦν,
1461 590 1580 644 κατ’
1611 588 1796 641 εἰκόνα

224 687 308 741 τοῦ
334 686 574 756 πρώτου,
598 684 746 738 τοῦτ’
773 683 910 749 ἔστι,
927 681 1187 754 Χριστοῦ,
1219 682 1314 736 καὶ
1341 683 1390 734 0i
1423 679 1680 750 μακάριοι
1700 695 1798 748 μα-

226 780 394 848 θηταί.
427 778 642 845 Μόσχος
681 775 738 827 δὲ
759 774 854 828 καὶ
877 773 1077 844 ἑτέρως
1098 771 1348 841 ἀλωητὴς
1377 772 1405 822 6
1438 769 1698 840 Χριστόςο
1727 767 1793 821 δι’

224 867 377 922 αὑτοῦ
401 869 509 940 γὰρ
531 869 564 938 ἡ
584 866 852 938 κάθαρσις
873 865 963 919 καὶ¹
978 867 1012 937 ἡ
1041 865 1146 918 τῶν
1168 862 1438 935 περιττῶν
1455 860 1794 932 πραγμάτων

222 961 494 1022 ἀπόθεσις,
543 956 945 1030 περισπασμῶν
986 957 1048 1010 τέ
1116 972 1261 1026 φημι
1325 954 1422 1008 καὶ
1474 953 1582 1006 τῶν
1652 952 1795 1006 κατά

222 1052 301 1105 τὸν
333 1052 536 1122 κόσμον
557 1047 922 1119 φρονημάτων
954 1046 1255 1115 σαρκικῶν,
1291 1044 1327 1098 ἀ
1353 1046 1445 1098 καὶ
1465 1043 1660 1113 φλογός
1686 1043 1792 1095 εἰσι

219 1145 408 1218 τροφὴ,
438 1142 690 1213 καθάπερ
721 1141 813 1194 καὶ
838 1140 898 1194 τὸ
925 1140 1145 1210 ἄχυρον.
1189 1137 1592 1210 Ἐγηγερμένου
1621 1136 1678 1189 δὲ
1699 1135 1791 1189 τοῦ

219 1236 619 1309 θυσιαστηρίου,
645 1235 730 1304 ἐφ’
752 1228 797 1302 ᾧ
823 1233 919 1286 καὶ
938 1230 1188 1303 εἰρηνικὴ
1209 1231 1302 1283 καὶ
1321 1229 1384 1282 τὸ
1409 1227 1790 1298 ὁλοκαύτωμα,

215 1331 426 1383 λέλυται
454 1330 518 1383 τὸ
553 1327 776 1382 λυποῦνυ
811 1327 1084 1396 ἐπήκουσε
1109 1323 1218 1394 γὰρ
1247 1321 1451 1394 Κύριος
1482 1324 1548 1392 τῇ
1571 1323 1662 1391 γῇ,
1699 1321 1793 1374 καὶ⁸

218 1421 512 1492 συνεσχέθη
555 1424 585 1491 ὴ
621 1419 870 1490 θραῦσις.
914 1417 1137 1471 Ἑαυτὸν
1160 1416 1266 1487 γὰρ
1292 1414 1433 1484 ὑπὲρ
1459 1416 1490 1484 ἡ
1501 1412 1616 1484 μῶν
1645 1414 1792 1484 ἱερα-

213 1514 501 1578 τεύσαντος
545 1511 639 1566 τοῦ
697 1511 968 1582 Χριστοῦ,
1027 1507 1350 1580 κατηργήθη
1403 1506 1650 1572 Θάνατος,
1697 1504 1792 1558 καὶ

214 1607 489 1678 ἀνετράπη
521 1602 718 1674 φθορὰ,
747 1601 964 1671 ἕτοιμον
998 1599 1100 1670 ἥδη
1122 1617 1239 1662 πως
1271 1601 1391 1659 ταῖς
1421 1597 1678 1652 ἀπάντων
1704 1595 1791 1648 εὐ-

211 1702 327 1769 χαῖς
387 1695 719 1767 ὑποσχόντος
763 1694 824 1747 τὸ
856 1689 950 1756 οὖς
979 1692 1074 1746 τοῦ
1108 1691 1288 1747 πάντα
1328 1690 1599 1759 ἰσχύοντος
1629 1687 1785 1742 Θεοῦ⁶

219 1792 374 1844 ιἘτι
406 1789 516 1859 γὰρ
544 1785 832 1848 λαλοῦντός
850 1803 966 1850 σου,
997 1783 1182 1856 φησὶν,
1214 1781 1348 1855 ὲρῶ·
1374 1781 1439 1834 Τί
1469 1783 1652 1844 ὲστιν;
1681 1781 1792 1833 »Τὸ

210 1883 258 1936 δέ
285 1901 352 1950 γε
393 1881 588 1952 μικρὸν
611 1873 752 1932 εἶναι
774 1877 834 1932 τὸ
863 1880 920 1930 ὲν
945 1878 1140 1949 ἀρχαῖς
1181 1875 1585 1946 θυσιαστήριον,
1621 1891 1790 1942 προσ-

210 1973 480 2026 τεθείσθαι
512 1971 568 2024 δὲ
593 1971 772 2040 λέγειν
801 1969 1028 2041 ὕστερον
1061 1967 1229 2039 αὐτῷ,
1259 1967 1358 2039 τὴν
1396 1965 1536 2019 κατά
1565 1966 1792 2036 καιροὺς

212 2063 476 2134 ἐσομένην
507 2062 601 2116 τοῦ
641 2061 974 2131 Εὐαγγελίου
1024 2059 1307 2130 προκοπὴν
1351 2057 1520 2128 δηλοῖ,
1551 2057 1646 2110 καὶ
1681 2055 1790 2110 τῶν

213 2158 378 2224 ἁγίων
440 2153 778 2225 Ἐκκλησιῶν
840 2153 900 2205 τὸ
959 2150 1385 2221 συνεσταλμένον
1436 2150 1494 2202 ἐν
1556 2148 1788 2219 ἀρχαῖς,

214 2251 407 2312 πλάτος
435 2249 491 2303 δὲ
514 2248 704 2319 ῶσπερ
761 2246 855 2300 καὶ
879 2247 936 2300 ὲν
963 2247 1076 2309 τοῖς
1103 2243 1322 2313 ἐφεξῆς.
1357 2239 1655 2312 Εὐρύνεται
1681 2239 1791 2310 γὰρ

214 2339 316 2397 οἷον
341 2343 428 2396 ἀεὶ
456 2342 528 2394 τὰ
554 2341 936 2412 θυσιαστήρια,
971 2337 1412 2409 προστιθεμένων
1452 2331 1790 2404 Ἐκκλησιῶν

213 2434 288 2487 ἀεί
304 2451 423 2498 πως
445 2436 564 2496 ταῖς
591 2432 836 2504 πρώταις
857 2431 941 2484 ἑτέ
951 2448 1080 2502 ρων,
1112 2430 1206 2485 καὶ
1229 2430 1308 2492 εἰς
1329 2426 1792 2498 πληθὺνιάμέτρη·

215 2543 294 2578 τον
316 2525 711 2596 ἐκτεινομένων
739 2523 850 2577 τῶν
875 2521 1042 2586 λαῶν,
1065 2521 1116 2575 οἳ
1142 2519 1231 2574 διὰ
1251 2520 1352 2590 τῆς
1374 2521 1431 2571 ἐν
1452 2515 1674 2590 Χριστῷ
1694 2515 1788 2568 θυο

217 2617 326 2679 σίας
351 2615 739 2688 λελύτρωνται,
779 2615 940 2670 αὑτὸν
969 2612 1185 2684 ἔχοντες
1210 2609 1492 2681 ἱερουργδν
1520 2608 1613 2661 καὶ
1642 2605 1790 2676 θῦμα

215 2709 268 2760 τὸ
298 2709 473 2775 ἅγιον,
514 2707 609 2760 καὶ
645 2706 880 2778 εὖοσμον
913 2703 1289 2774 διακαθαῖρον,
1337 2702 1431 2755 καὶ
1462 2700 1538 2762 ὡς
1563 2697 1789 2767 ἀξιάγαο

216 2817 327 2853 στον
346 2799 756 2871 θυσιαστήριον,
785 2799 881 2854 καὶ
908 2797 982 2862 ὡς
1009 2801 1066 2852 ὲν
1093 2796 1224 2850 εἴδει
1251 2795 1351 2866 τῆς
1380 2793 1494 2847 ἆλω
1526 2791 1628 2861 τῆς
1664 2791 1787 2844 Ἐκ·

212 2894 429 2964 κλησίας
464 2892 755 2962 δεσπότην.

281 3157 485 3211 ΠΔΛΛ.
541 3157 630 3220 Ὦς
660 3154 840 3226 σαφής
863 3153 1011 3208 ἐστιν
1038 3151 1130 3206 καὶ
1153 3151 1386 3224 ἐναργὴς
1412 3153 1439 3205 6
1460 3151 1618 3220 λόγος
1640 3169 1655 3184 ο
1687 3167 1785 3202 πε-

207 3249 419 3320 ποίηται
455 3249 566 3320 γὰρ
595 3246 881 3318 εὐτέχνως.

280 3423 435 3477 ΚΥΡ.
473 3422 548 3476 Ἦ
568 3422 677 3492 γὰρ
697 3421 818 3492 οὐχὶ
848 3421 950 3476 κᾶν
973 3421 1135 3487 αὐτὸς
1154 3421 1428 3486 ἐνδοιάσας
1451 3422 1620 3486 οὐδὲν,
1649 3422 1784 3493 ἔφης

207 3515 280 3577 ὡς
304 3515 415 3568 ἔστι
446 3513 689 3584 Χριστὸς
720 3515 754 3584 ἡ
785 3513 1000 3568 πάντων
1037 3513 1150 3584 ζωῆ
1182 3515 1274 3568 καὶ
1303 3514 1604 3584 λύτρωσις;

283 3607 480 3660 ΠΔΛΛ.
507 3606 678 3677 Φαίην
706 3604 794 3670 ἂν,
823 3605 1048 3660 ῐσθιτοι.
1072 3606 1258 3678 Φρονῶ
1283 3605 1392 3678 γὰρ
1417 3606 1534 3660 ὡδί.

277 3699 434 3753 ΚΥΡ,
475 3696 570 3762 Εἷς
603 3699 714 3768 γὰρ
758 3697 899 3769 ὑπὲρ
940 3699 1158 3754 πάντων
1207 3696 1479 3752 ἀπέθανεν
1507 3700 1536 3752 6
1565 3698 1782 3754 πάντων

209 3789 447 3854 ἀντάξιος
465 3806 480 3820 ·
504 3789 602 3842 καὶ
618 3787 717 3860 τὴν
743 3787 880 3842 ἰδίαν
901 3787 1082 3858 ψυχὴν
1129 3786 1486 3858 ἀντάλλαγμα
1506 3791 1606 3860 τῆς
1626 3790 1658 3860 ἡ
1667 3789 1783 3858 μῶν

211 3880 512 3948 ἐποιήσατο.
536 3878 636 3948 τὴν
663 3876 757 3931 τοῦ
790 3877 1034 3933 διαϐόλου
1064 3878 1394 3950 δυστροπίαν
1428 3879 1779 3944 ὲκδυσωπῶν,

211 3971 294 4022 καλ
327 3969 492 4024 οἱονεί
534 3988 650 4035 πως
701 3969 855 4034 ἱστάς
892 3969 993 4039 τῆς
1042 3970 1162 4024 καθ’
1211 3971 1368 4039 ἡμῶν
1412 3970 1781 4042 τυραννούσης

216 4062 472 4133 ἁμαρτίας
492 4063 593 4133 τὴν
635 4061 998 4133 κατάῥρησιν,
1027 4061 1122 4116 καὶ
1149 4062 1247 4134 τὴν
1277 4062 1370 4116 ἐπὶ
1392 4064 1502 4126 τοῖς
1526 4063 1780 4117 ἁπάντων

214 4155 536 4224 ἐγκλήμασιν
563 4151 907 4224 ἀθυρογλωττ
919 4150 1022 4204 ίαν.

272 4327 471 4382 ΠᾹΔΛ.
515 4325 652 4378 Τίνα
685 4324 791 4394 φῂς
813 4324 1040 4394 τρόπον;

1897 507 2018 568 pter
2045 514 2145 553 nos
2171 501 2321 554 enim
2345 501 2610 568 scriptum
2645 509 2749 564 est,
2789 498 3058 566 Quoniam
3099 500 3264 555 debet
3289 501 3344 555 in
3383 517 3478 572 spe

1897 605 2058 644 arans
2077 606 2254 655 arare,
2272 600 2328 646 et
2347 592 2614 645 triturans
2636 592 2691 646 in
2715 607 2810 661 spe
2831 591 3197 660 participandi
3219 593 3284 646 ³³.
3303 593 3478 648 Vituli

1897 683 2085 751 itaque
2137 683 2204 737 ad
2241 683 2532 753 imaginem
2575 683 2724 736 illius
2764 683 2951 752 primi,
2993 683 3047 738 id
3096 692 3200 749 est,
3247 684 3477 752 Christi,

1897 772 2068 825 sancti
2110 787 2329 842 quoque
2367 772 2625 841 discipuli
2673 782 2820 827 sunt.
2873 774 2996 827 Alia
3042 775 3209 829 etiam
3263 776 3476 831 ratione

1893 863 2100 916 vitulus
2141 864 2406 918 triturans
2438 872 2524 918 est
2557 864 2842 919 Christus:
2878 881 2978 936 per
3017 867 3197 936 ipsum
3237 883 3477 940 namque

1891 953 2147 1022 purgatio
2178 952 2257 1016 ﬁt,
2287 961 2344 1007 et
2395 969 2930 1023 supervacaneorum
2960 971 3188 1026 operum
3211 999 3225 1022 ,
3271 959 3475 1014 distra-

1894 1044 2159 1104 ctionum.
2209 1044 2452 1114 inquam,
2506 1055 2562 1100 et
2605 1047 3010 1103 mundanorum
3062 1052 3477 1122 carnaliumque

1891 1148 2153 1188 sensuum
2179 1133 2474 1204 depositio,
2499 1151 2620 1206 quae
2644 1146 2774 1191 sunt
2801 1147 2862 1192 ut
2881 1139 3050 1208 paleae
3073 1156 3291 1211 quoque
3320 1143 3476 1197 ﬂam-

1891 1221 2104 1280 marum
2127 1226 2405 1281 alimenta.
2425 1227 2673 1283 Excitato
2698 1237 2884 1283 autem
2921 1231 3107 1296 altari,
3139 1247 3304 1302 super
3329 1235 3475 1304 quod

1893 1331 1950 1378 et
2001 1322 2226 1393 paciﬁca
2260 1323 2505 1389 victima,
2537 1333 2595 1399 et
2640 1325 3028 1380 holocaustum
3075 1326 3474 1396 imponeretur,

1891 1415 2166 1469 sublatum
2190 1423 2275 1469 est
2300 1431 2544 1484 praesens
2580 1416 2712 1471 illud
2738 1417 2941 1472 malum
2971 1435 2984 1471 :
3017 1419 3175 1488 100
3199 1419 3480 1476 exaudivit

1891 1520 2128 1573 namque
2171 1505 2436 1560 Dominus
2463 1513 2684 1571 terram,
2710 1514 2766 1560 et
2787 1506 3032 1561 cohibita
3053 1515 3136 1562 est
3157 1509 3478 1566 ruina.Nam

1890 1603 2244 1666 posteaquam
2267 1597 2506 1667 scipsum
2535 1613 2635 1666 pro
2656 1598 2820 1652 nobis
2843 1598 3172 1654 sacriﬁcavit
3201 1599 3475 1667 Christus,

1891 1687 2093 1742 abolita
2118 1702 2267 1742 mors
2297 1695 2402 1752 est,
2431 1688 2680 1743 sublatus
2703 1688 2981 1749 interitus,
3017 1704 3143 1744 cum
3181 1690 3327 1746 Deus
3355 1707 3476 1747 om-

1893 1780 2148 1850 nipotens
2173 1787 2396 1850 paratas
2424 1780 2537 1850 jam
2571 1780 2980 1850 quodammodo
3011 1783 3266 1836 omnium
3298 1783 3477 1839 homi-

1893 1886 2027 1925 num
2047 1871 2312 1940 precibus
2329 1885 2490 1924 aures
2517 1870 2794 1939 praebeat:
2822 1889 2841 1921 σ
2867 1870 3050 1926 adhuc
3071 1878 3121 1926 te
3139 1871 3422 1943 loquente,
3449 1894 3468 1925 ι

1894 1963 2093 2032 inquit,
2122 1982 2139 2012 ι
2168 1963 2370 2027 dicam,
2399 1961 2541 2028 Quid
2565 1969 2651 2017 est
2673 1962 2719 1993 ”
2742 1963 2767 2014 ?
2802 1981 2820 2014 ›
2849 1961 3007 2029 Quod
3041 1970 3229 2020 autem
3265 1965 3475 2020 dictum

1892 2061 1996 2115 est,
2052 2052 2228 2106 altare
2278 2068 2506 2122 parvum
2553 2052 2778 2122 quidem
2821 2051 2890 2107 ab
2934 2052 3094 2108 initio
3129 2053 3334 2121 fuisse,
3377 2056 3474 2110 sed

1893 2149 2112 2196 auctum
2142 2158 2262 2197 esse
2301 2150 2511 2212 postea,
2548 2143 2793 2196 futuram
2817 2143 2935 2198 suis
2972 2144 3318 2214 temporibus
3343 2160 3473 2215 pro-

1892 2222 2231 2304 gressionem
2270 2233 2572 2303 Evangelii,
2631 2241 2688 2288 et
2736 2243 3049 2290 sanctarum
3101 2235 3476 2292 Ecclesiarum

1891 2324 1960 2377 ab
2007 2322 2167 2376 initio
2203 2323 2502 2393 angustias,
2551 2323 2866 2378 earumdem
2927 2327 3287 2395 consequenti
3337 2336 3476 2382 tem-

1889 2431 2026 2485 pore
2050 2415 2467 2486 amplitudinem
2497 2416 2789 2487 signiﬁcat.
2817 2417 3127 2472 Dilatantur
3154 2419 3301 2473 enim
3337 2436 3476 2489 quo-

1891 2510 2188 2565 dammodo
2207 2511 2264 2565 in
2284 2511 2402 2567 dies
2430 2512 2645 2577 altaria,
2669 2529 2794 2567 cum
2825 2528 3046 2583 semper
3075 2514 3196 2569 alim
3215 2515 3478 2570 Ecclesiae

1890 2601 2169 2670 prioribus
2217 2602 2571 2672 adjiciuntur,
2623 2610 2788 2672 atque
2824 2603 2880 2656 in
2911 2604 3236 2660 immensam
3283 2605 3476 2659 multi-

1889 2691 2139 2746 tudinem
2187 2700 2517 2746 excrescunt
2540 2693 2762 2762 p0puli,
2801 2692 2896 2763 qui
2937 2709 3036 2763 per
3063 2693 3270 2749 Christi
3302 2695 3475 2750 sacri-

1885 2783 2074 2839 ﬁcium
2105 2783 2376 2854 redempti
2404 2793 2552 2848 sunt,
2575 2785 2887 2854 quibusque
2916 2784 3008 2840 ille
3045 2785 3192 2840 idem
3218 2785 3477 2842 sacerdos

1887 2882 1972 2930 est
2002 2883 2058 2931 et
2087 2874 2269 2929 hostia
2309 2883 2516 2939 sancta,
2540 2883 2596 2929 et
2620 2874 2892 2930 odorifera
2925 2891 3186 2946 purgans,
3207 2885 3265 2931 et
3299 2884 3360 2929 ut
3393 2877 3477 2930 al--

1889 2976 2003 3024 tare
2034 2967 2405 3033 sanctiﬁcans,
2441 2975 2492 3022 et
2526 2976 2586 3022 ut
2625 2967 2680 3021 in
2719 2982 2860 3022 areae
2884 2967 3066 3037 specie
3093 2967 3351 3025 Ecclesiae
3374 2969 3476 3026 do-

1889 3061 2090 3117 minus.

1960 3151 2156 3206 PALL.
2184 3151 2464 3206 Manifesta
2501 3165 2631 3205 sane
2655 3160 2712 3205 et
2745 3148 2976 3206 evidens
3015 3150 3317 3221 expositio:
3346 3166 3474 3206 nam

1888 3241 2182 3297 artiﬁciose
2231 3240 2534 3310 composita
2560 3247 2662 3294 est.

1955 3331 2115 3387 CYR.
2145 3329 2290 3396 Quid
2341 3329 2512 3393 enim,
2549 3344 2734 3384 nonne
2781 3337 2843 3383 tu
2909 3329 3027 3400 ipse
3073 3346 3294 3401 quoque
3331 3330 3473 3385 nihil

1887 3429 2177 3477 cunctatus
2212 3419 2546 3475 conﬁtebere
2563 3419 2843 3474 Christum
2873 3435 2994 3475 esse
3030 3421 3277 3475 omnium
3298 3421 3469 3477 vitam

1886 3522 2050 3583 atque
2087 3510 2562 3582 redemptionem?

1946 3603 2145 3660 PALL.
2175 3603 2373 3658 Fateor
2405 3601 2702 3672 equidem;
2731 3601 2813 3656 sic
2835 3601 2983 3657 enim
3012 3603 3212 3658 sentio.

1949 3696 2111 3753 CYR.
2151 3695 2304 3752 Unus
2329 3696 2478 3750 enim
2517 3711 2620 3766 pro
2651 3694 2910 3750 omnibus
2944 3703 3198 3751 mortuus
3234 3703 3339 3762 est,
3370 3695 3466 3768 qui

1883 3804 1986 3859 pro
2001 3787 2278 3844 universis
2294 3789 2503 3858 justum
2530 3786 2771 3856 pretium
2796 3792 2938 3852 erat;
2963 3796 3024 3842 et
3041 3785 3281 3841 animam
3311 3802 3468 3841 suam

1881 3879 2345 3952 permutationem
2372 3895 2472 3950 pro
2494 3887 2682 3934 nostra
2705 3878 2858 3935 dedit
2883 3897 2895 3932 :
2922 3895 3031 3950 quo
3062 3879 3229 3945 facto,
3259 3878 3464 3934 diaboli

1880 3972 2299 4044 perversitatem
2321 3971 2684 4041 compescuit,
2705 3987 2768 4026 ac
2787 3970 2952 4025 modo
2975 3970 3212 4040 quodam
3226 3971 3462 4040 peccati,

1880 4067 2029 4139 quod
2069 4066 2231 4121 nobis
2265 4065 2676 4128 dominabatur,
2723 4060 3190 4129 criminationem,
3217 4072 3273 4118 et
3315 4064 3463 4118 illam

1880 4159 1939 4212 in
1986 4155 2238 4212 omnium
2273 4154 2562 4209 hominum
2597 4152 2776 4222 culpis
2830 4152 3154 4209 accusandis
3195 4153 3463 4210 eﬁ‘rencm

1879 4247 2120 4318 linguam
2152 4245 2422 4303 cohibuit.

1949 4338 2149 4394 PALL.
2184 4336 2511 4405 Quomodo?

274 4417 431 4470 1UP.
487 4415 713 4485 Ἐπειδὴ
757 4414 866 4486 γὰρ
904 4414 1393 4492 βεδασίλευκεξτῶν
1432 4416 1524 4469 ἐπὶ
1551 4415 1651 4487 τῆς
1677 4417 1777 4488 γῆς

1949 4429 2108 4486 CYR.
2149 4430 2306 4495 Nam,
2336 4445 2404 4484 ex
2426 4442 2535 4498 quo
2557 4426 2809 4498 regnavit
2833 4433 3119 4497 peccatum
3149 4443 3316 4498 super
3345 4444 3460 4484 om-

217 4507 520 4578 ήάμαρτία,
567 4507 704 4560 πολὺ
746 4506 1164 4561 διανενευκότων
1209 4507 1304 4560 ἐπὶ
1345 4509 1414 4562 τὰ
1455 4510 1666 4580 πονηρά
1711 4512 1775 4564 ἐκ

215 4598 464 4667 νεότητος,
497 4596 643 4650 καθὰ
667 4596 1000 4667 γέγραπται,
1028 4597 1124 4651 καὶ
1146 4598 1419 4669 ἐπιμελῶς
1447 4600 1775 4672 ἐγκειμένης

213 4689 300 4760 τῆς
348 4691 604 4745 ἀπάντων
646 4690 874 4762 καρδίας
912 4691 1006 4743 ἐπὶ
1032 4690 1093 4744 τὸ
1126 4690 1320 4763 χρῆναι
1351 4692 1446 4745 καὶ
1487 4693 1774 4764 βούλεσθαι

215 4785 490 4854 κατορθοῦν
537 4784 704 4870 αὐτὰ,
745 4783 1118 4856 πεπτώκαμεν
1169 4785 1478 4855 ἀναγκαίως
1528 4789 1623 4842 καὶ
1668 4789 1774 4844 ὑπὸ

216 4873 425 4930 θανάτου
469 4877 650 4948 δίκην.
694 4877 882 4947 Νόμου
934 4877 1044 4947 γάρ
1090 4877 1234 4932 θείου
1289 4879 1622 4949 παράϐασις,
1676 4883 1772 4935 καὶ

215 4963 510 5036 θελημάτων
547 4968 807 5041 ἀθέτησις
839 4966 948 5022 τῶν
975 4968 1342 5035 Δεσποτικῶν,
1380 4971 1608 5026 θάνατον
1655 4973 1771 5045 ἔχει

212 5057 308 5127 τὴν
342 5058 505 5131 δίκην.
545 5061 1018 5133 Κατεφθαρμένην
1051 5060 1107 5114 δὲ
1155 5060 1297 5116 οὕτω
1337 5062 1438 5134 τὴν
1480 5064 1768 5136 ἀνθρώπου

213 5147 380 5214 φύσιν,
419 5152 715 5224 ὲπῴκτειρε
748 5153 846 5223 μὲν
875 5155 904 5206 ὀ
937 5152 1298 5224 Δημιουργὸς,
1342 5153 1532 5223 γέγονε
1571 5156 1629 5210 δὲ
1668 5158 1768 5211 ἄν-

213 5237 410 5308 θμυπος
435 5245 806 5315 όΜονογενὴς,
838 5246 931 5299 καὶ
958 5244 1040 5314 τῷ
1064 5243 1278 5316 θανάτῳ
1309 5246 1554 5314 φυσικῶς
1583 5249 1768 5320 ἐνεχό-

215 5344 361 5394 μενον
389 5336 662 5408 πεφόρηκε
707 5335 886 5405 σῶμα,
925 5335 1020 5389 καὶ
1056 5336 1430 5408 κεχρημάτικε
1470 5337 1627 5410 σὰρξ,
1679 5342 1767 5396 ἵνα

211 5417 341 5508 θπὲρ
378 5425 528 5495 ἡμῶν
566 5425 804 5489 ἀνατλὰς
845 5424 937 5478 τὸν
967 5425 1025 5492 ἐξ
1056 5426 1330 5508 ἁμαρτίας
1361 5429 1494 5498 ἡμῖν
1524 5431 1766 5504 ὲπαρτη-

211 5507 356 5564 “vra
387 5513 631 5584 θάνατον,
653 5517 977 5590 καταργήσῃ
1010 5516 1109 5588 τὴν
1138 5518 1432 5589 ἁμαρτίαν,
1459 5521 1554 5574 καὶ
1582 5524 1766 5600 παύση

277 5713 321 5746 ’³
347 5715 508 5775 lCor.
537 5735 610 5785 ιι,
639 5719 694 5786 9,
736 5719 819 5776 10.
901 5726 946 5759 ¹⁶
984 5727 1243 5796 lsai.va,
1266 5729 1316 5783 1.
1390 5731 1433 5762 ’⁷
1457 5731 1658 5790 Gcnes.
1682 5751 1756 5803 vt,
1780 5737 1832 5792 5.

1879 4535 1980 4576 nes
2032 4521 2127 4591 qui
2165 4521 2224 4574 in
2264 4518 2429 4575 terris
2477 4523 2799 4583 versantur,
2841 4532 2967 4572 cum
3020 4517 3256 4573 maxime
3298 4521 3460 4590 proni

1879 4612 1994 4672 sint
2026 4613 2098 4668 ad
2133 4612 2276 4666 mala
2323 4610 2393 4666 ab
2430 4610 2801 4666 adolescentia
2825 4611 2894 4676 '7,
2935 4618 2997 4664 ut
3047 4609 3312 4681 scriptum
3351 4621 3456 4678 est,

1875 4713 1934 4760 et
1986 4705 2235 4760 omnium
2277 4703 2448 4759 corda
2492 4703 2784 4774 diligenter
2821 4702 3141 4757 incumbant
3184 4702 3253 4758 ad
3293 4701 3459 4775 perﬁ-

1877 4794 2058 4851 ciendi
2079 4795 2440 4860 voluntatem,
2461 4793 2775 4850 necessario
2798 4793 2994 4848 mortis
3018 4808 3236 4867 poenam
3266 4793 3458 4848 incur-

1879 4887 2071 4941 rimus.
2109 4886 2270 4958 Legis
2294 4900 2530 4956 namque
2562 4885 2762 4940 divinae
2789 4884 3095 4950 violationi,
3126 4885 3456 4940 Dominicaa-

1879 4993 1984 5048 que
2009 4977 2308 5033 voluntatis
2329 4977 2668 5047 contemptui
2690 4991 2849 5046 poena
2871 4976 3167 5033 constituta
3181 4986 3267 5032 est
3287 4991 3454 5032 mors.

1878 5069 1986 5124 Sed
2010 5079 2319 5141 corruptam
2349 5069 2588 5125 hominis
2619 5079 2869 5125 naturam
2891 5077 3080 5126 auctor
3112 5068 3227 5141 ipse
3259 5071 3458 5127 miser-

1879 5169 1966 5217 tus
1993 5171 2104 5229 est;
2134 5163 2317 5233 itaque
2347 5163 2438 5218 ille
2455 5163 2782 5235 Unigenitus
2804 5162 2982 5218 factus
3013 5171 3100 5218 est
3125 5163 3312 5232 homo,
3338 5180 3461 5220 cor-

1870 5269 2080 5324 pusque
2121 5264 2318 5310 natura
2369 5255 2532 5310 morti
2580 5255 2877 5311 obnoxium
2929 5255 3184 5326 gestavit,
3220 5264 3276 5311 et
3327 5270 3458 5309 caro

1867 5344 2045 5401 factus
2067 5357 2170 5412 est,
2199 5356 2259 5402 ut
2290 5356 2466 5404 morte
2498 5349 2745 5413 tolerata,
2769 5363 2891 5419 qua:
2919 5347 3128 5418 peccati
3159 5348 3317 5416 culpa
3348 5359 3457 5400 no-

1869 5436 1955 5493 bis
1976 5439 2086 5508 jam
2116 5440 2459 5508 imminebat,
2485 5441 2794 5498 destrueret
2813 5451 3119 5512 peccatum,
3141 5455 3206 5494 ac
3229 5438 3454 5494 demum

1871 5529 2082 5587 Satanae
2112 5535 2593 5592 criminationibus
2631 5536 2794 5591 ﬁnem
2847 5536 3154 5606 imponeret
3191 5551 3202 5586 :
3247 5533 3472 5624 quippe‘
