3954 6200
380 269 489 324 205

1369 252 1424 305 S.
1469 250 1746 305 CYRIIJJ
1786 245 2256 303 ALEXANDRIM
2296 243 2610 300 ARClllEl’.

3533 230 3636 285 996

393 393 515 434 cum
539 375 594 430 in
623 375 741 443 ipso
764 371 1004 435 Christo,
1029 377 1394 440 peccatorum,
1427 366 1495 420 de
1524 366 1726 435 quibus
1749 379 1969 419 accusa—
1997 403 2009 433 Α

2119 363 2254 417 ιιπὸν
2275 359 2608 429 ἐγκαλοῦντα
2629 357 2718 410 τὸν
2741 354 3003 415 Σατανᾶν,
3023 352 3096 414 ὡς
3121 347 3470 402 ἐκτετικότων
3486 346 3640 419 ἡμῶν

392 469 595 529 bimur,
634 477 824 534 poenas
853 459 1280 523 exsolverimus;
1319 477 1336 508 ι
1383 457 1523 512 tollit
1564 457 1710 510 enim
1753 463 1972 525 peccata

2119 473 2136 507 θ
2163 452 2311 516 αύτῷ
2358 451 2436 522 τῷ
2484 448 2703 520 Χριστῷ
2740 447 2845 499 τῶν
2875 446 2952 508 εἰς
2992 441 3259 514 ἁμαρτίαν
3308 438 3644 509 αἱτιαμάτων

394 568 600 620 nostra,
627 563 684 609 et
728 567 827 623 pro
868 551 1030 606 nobis
1071 550 1280 605 dolet"l
1307 569 1324 601 ι
1369 550 1521 620 juxta
1559 548 1839 618 prophetae
1874 562 1972 599 vo-

2078 547 2178 610 τὰς
2209 545 2363 606 δίκας
2384 560 2396 573 ·
2430 563 2446 595 ι
2477 543 2623 613 αἴρει
2642 541 2750 609 γὰρ
2781 538 2937 609 ἡμῶν
2959 536 3056 598 τὰς
3081 533 3374 604 ἁμαρτίας,
3402 531 3496 585 καὶ
3519 531 3644 602 περὶ

395 664 535 704 cem.
554 645 708 714 101
727 644 810 698 An
826 658 933 698 non
953 643 1099 696 enim
1119 656 1220 697 nos
1238 641 1411 696 livore
1425 641 1544 711 ejus
1559 637 1735 694 sanati
1752 637 1974 694 sumus?

2122 638 2236 708 μῶν
2256 636 2540 698 -ὀδυνᾶται,
2573 652 2591 684 ι
2638 631 2778 685 κατὰ
2812 630 2910 699 τὴν
2929 628 3022 682 τοῦ
3052 629 3330 700 προφήτου
3353 625 3555 697 φωνήν.
3576 625 3648 678 Ἦ

465 837 664 894 PALL.
703 835 903 890 Verum
947 833 1103 887 dicis.
1143 852 1160 883 ‹
1195 833 1523 886 Vulneratus
1553 839 1637 885 est
1677 829 1824 885 enim
1854 843 1979 898 pro-

398 943 520 1004 pter
558 936 783 998 peccata
831 935 1051 991 nostra,
1092 933 1151 978 et
1206 924 1309 979 fuit
1363 924 1421 978 in
1475 922 1767 977 afﬂictione
1829 928 1885 974 et
1922 919 1978 972 in

363 1084 372 1087 _
402 1022 554 1090 plaga
587 1017 653 1070 ²⁹.
690 1037 708 1067 ι

470 1111 628 1165 CYR.
671 1108 958 1163 Sublatum
1009 1107 1173 1177 igitur
1216 1114 1300 1160 est
1341 1105 1408 1158 dc
1445 1103 1627 1157 medio
1659 1110 1977 1172 peccatum,

403 1212 757 1272 posteaquam
790 1214 892 1269 pro
925 1198 1085 1252 nobis
1121 1211 1316 1266 passus
1361 1205 1448 1250 est
1488 1194 1762 1257 Christus,
1792 1198 1982 1262 neque

408 1293 670 1362 posthac,
711 1291 927 1360 Opinor,
975 1289 1244 1343 violenter
1283 1287 1546 1342 adversus
1600 1299 1697 1338 eos
1749 1283 1844 1353 qui
1885 1297 1984 1352 per

407 1385 686 1439 Christum
728 1380 1048 1436 sanctiﬁcati
1105 1385 1266 1441 sunt,
1312 1376 1708 1430 vociferabitur
1755 1392 1767 1427 :
1820 1372 1984 1441 idque

410 1475 757 1545 perspicuum
805 1471 965 1525 nobis
997 1470 1159 1524 faciet
1200 1469 1467 1539 propheta
1510 1467 1800 1521 Zacharias
1835 1465 1986 1519 velut

411 1580 509 1635 per
540 1564 806 1618 visionem
835 1559 1055 1615 dicens:
1092 1560 1187 1612 «Et
1206 1558 1374 1613 exivit
1393 1557 1637 1629 angelus,
1671 1555 1765 1625 qui
1794 1555 1986 1622 loque-

411 1659 573 1711 batur
611 1656 666 1709 in
701 1670 808 1718 me,
844 1662 900 1707 et
927 1653 1065 1706 dixit
1099 1652 1165 1706 ad
1197 1668 1283 1706 me
1325 1669 1339 1704 :
1386 1650 1614 1720 Respice
1653 1647 1827 1703 oculis
1855 1647 1983 1710 tuis,

410 1758 467 1802 et
494 1749 619 1804 vide
651 1749 757 1802 hoc
780 1745 927 1817 quod
957 1746 1226 1817 procedit.
1274 1745 1343 1798 Et
1374 1743 1518 1798 dixi:
1542 1741 1682 1808 Quid
1707 1742 1840 1796 illud
1869 1740 1990 1796 est?

413 1851 470 1896 et
502 1841 641 1895 dixit
675 1859 686 1894 :
714 1840 841 1895 Haec
872 1847 955 1893 est
985 1852 1241 1892 mensura
1267 1852 1386 1906 qua:
1415 1833 1682 1905 procedit.
1717 1834 1786 1887 Et
1817 1833 1987 1887 dixit:

414 1933 543 1988 llaec
574 1941 658 1986 est
692 1930 954 1999 iniquitas
981 1943 1174 1982 eorum
1201 1926 1255 1979 in
1287 1926 1541 1979 universa
1578 1932 1743 1978 terra.
1772 1923 1841 1977 Et
1866 1936 1994 1978 ecce

417 2025 686 2078 talentum
716 2018 930 2090 plumbi
963 2019 1260 2081 elevatum,
1290 2025 1347 2070 et
1368 2031 1498 2070 ecce
1527 2030 1637 2069 una
1675 2014 1873 2068 mulier
1907 2029 1994 2067 se-

418 2113 586 2168 debat
604 2112 661 2165 in
683 2109 864 2165 medio
883 2124 1172 2171 mensurae,
1203 2115 1259 2161 et
1286 2103 1771 2176 projecitlapidem
1788 2101 1997 2173 plumbi

423 2205 481 2259 in
520 2219 583 2258 os
611 2205 730 2274 ejus
770 2220 782 2254 :
825 2211 880 2256 et
908 2200 1083 2254 levavi
1113 2198 1302 2252 oculos
1348 2212 1520 2261 meos,
1544 2205 1601 2250 et
1631 2195 1767 2260 vidi,
1789 2204 1846 2250 et
1872 2210 1998 2249 ecce

424 2293 545 2347 dua:
567 2291 827 2346 mulieres
852 2287 1232 2360 procedentes,
1248 2295 1306 2341 et
1330 2287 1555 2357 spiritus
1571 2287 1626 2340 in
1660 2285 1763 2340 alis
1787 2301 1998 2349 earum,

422 2392 479 2439 et
505 2385 590 2438 hie
630 2383 908 2436 habebant
934 2381 1048 2434 alas
1073 2387 1136 2433 ut
1170 2379 1285 2434 alas
1317 2394 1514 2448 upupze
1535 2418 1549 2443 ,
1579 2388 1636 2433 et
1655 2377 2004 2432 sustulerunt

426 2489 737 2530 mensuram
765 2473 908 2526 inter
951 2481 1154 2525 terram
1179 2480 1237 2524 et
1275 2469 1474 2523 malum
1513 2486 1526 2521 :
1566 2477 1623 2522 et
1651 2468 1763 2521 dixi
1801 2467 1869 2520 ad
1904 2483 2004 2521 an-

425 2565 605 2628 gelum
634 2564 726 2634 qui
757 2561 1085 2631 loquebatur
1128 2560 1183 2613 in
1215 2575 1303 2612 me
1339 2577 1351 2611 :
1376 2557 1496 2624 Quo
1526 2559 1609 2612 hae
1637 2557 1819 2611 ferunt
1848 2572 2004 2611 men-

428 2651 650 2704 suram?
682 2650 748 2703 Et
791 2648 931 2701 dixit
974 2646 1042 2700 ad
1084 2661 1170 2700 me
1215 2665 1228 2699 :
1269 2647 1338 2702 Ut
1374 2647 1648 2702 aediﬁcent
1684 2647 1734 2700 ei
1785 2646 2007 2700 domum

429 2743 485 2796 in
522 2749 666 2796 terra
693 2738 1006 2809 Babylonis,
1040 2745 1097 2791 et
1117 2745 1447 2806 prmparent,
1483 2744 1541 2790 et
1567 2736 1837 2790 colloccnt
1860 2735 2009 2790 illam

430 2831 507 2887 ibi
544 2831 600 2886 in
641 2828 1039 2901 praeparatione
1083 2829 1203 2898 ejus
1234 2828 1297 2880 ³ο.
1351 2847 1368 2878 ι
1421 2827 1583 2881 Visne
1619 2833 1680 2879 ut
1721 2841 1914 2880 rursus
1942 2825 2010 2880 de

433 2920 664 2992 singulis
689 2919 1058 2983 disseramus,
1097 2924 1174 2981 et,
1211 2924 1476 2986 quantum
1501 2915 1661 2971 nobis
1690 2916 1838 2979 licet,
1877 2930 2012 2969 con-

433 3013 781 3069 sideremus?

503 3103 702 3159 PALL.
728 3103 959 3157 Maxime
987 3116 1138 3156 vero.

505 3196 664 3253 CYR.
709 3195 1023 3249 Mensuram
1074 3191 1402 3264 quamdam,
1452 3206 1572 3261 qua:
1607 3190 1676 3245 ab
1711 3189 2017 3246 Jerusalem

437 3286 641 3350 exibat,
681 3285 820 3340 vidit
852 3284 1142 3354 propheta,
1180 3282 1503 3354 rogantique
1529 3281 1662 3351 quid
1694 3281 1829 3336 illud
1853 3289 2016 3344 esset,

437 3375 725 3446 respondit
759 3375 1020 3445 angelus:
1055 3394 1072 3424 ‹
1108 3374 1234 3428 Haec
1267 3382 1347 3428 est
1385 3372 1646 3442 iniquitas
1697 3373 1940 3441 ipsorum
1965 3370 2021 3424 in

444 3469 698 3524 universa
745 3474 893 3520 terra
919 3467 960 3497 ³¹
990 3483 1000 3518 :
1033 3485 1049 3516 ›
1087 3464 1242 3531 Quod
1279 3463 1512 3534 perinde
1551 3472 1641 3517 est
1685 3477 1749 3516 ac
1776 3461 1819 3515 si
1851 3459 2024 3514 dixis-

442 3569 547 3626 set,
574 3560 686 3614 Hac
716 3574 976 3614 mensura
1003 3557 1188 3611 omnia
1206 3555 1593 3626 appenduntur
1610 3562 1853 3623 peccata,
1873 3567 2024 3621 quae-

444 3667 664 3720 cunque
698 3665 799 3720 per
847 3650 1159 3709 universam
1206 3658 1410 3702 terram
1453 3646 1682 3717 singulis
1713 3645 2027 3714 quibusque

446 3743 791 3812 temporibus
825 3748 1228 3811 perpetrantur.
1271 3739 1375 3795 Ubi
1409 3738 1557 3792 enim
1601 3746 1788 3792 nostra
1808 3747 2030 3808 peccata

447 3851 625 3906 usque
667 3835 734 3890 ad
784 3833 1129 3887 manifestam
1163 3832 1516 3901 pervenerint
1562 3829 2027 3900 magnitudinem,

343 3967 352 3980 .
450 3937 566 3982 tum
586 3941 720 3980 vero
751 3925 996 3979 offensus
1015 3937 1206 3992 pcenas
1232 3936 1263 3976 a
1288 3921 1449 3975 nobis
1479 3921 1678 3991 repetit
1702 3922 1817 3992 ipse
1851 3922 2032 3993 legum

450 4019 749 4075 conditor:
788 4017 1108 4084 frequenter
1155 4022 1336 4068 autem
1393 4013 1556 4067 insita
1589 4013 1826 4082 quadam
1874 4014 2034 4069 beni-

453 4110 660 4181 gnitate
691 4109 905 4169 tolerat,
942 4113 1343 4175 peccantesque
1387 4105 1655 4171 sustinet;
1683 4120 1882 4175 neque,
1933 4121 2034 4160 an-

2083 723 2206 793 ούχὶ
2231 721 2309 792 τῷ
2336 720 2563 792 μώλωπι
2599 717 2764 771 αὑτοῦ
2809 718 2968 786 ἡμεῖς
2994 713 3259 783 ίάθημεν;

2152 814 2360 866 ΠΑΛΛ.
2415 809 2658 878 Ἀληθές.
2709 828 2726 860 ι
2769 804 3204 877 Ἐτραυματίσθη
3232 802 3341 873 γὰρ
3368 800 3510 872 ὑπὲρ
3543 801 3651 855 τῶν

2085 902 2370 975 ἁμαρτιῶν
2430 899 2607 972 ἡμῶν,
2665 899 2757 951 καὶ
2803 899 3026 967 γέγονεν
3083 897 3142 948 ἐν
3176 890 3434 962 κακώσει,
3461 889 3556 944 καὶ
3596 892 3653 943 ἐν

2087 996 2288 1068 πληγῇ.
2330 1013 2348 1045 ι

2156 1065 2319 1140 ΚΥΡ.
2360 1080 2591 1136 Λέλυται
2621 1079 2798 1131 τοίνυν
2833 1078 2866 1147 ἡ
2910 1073 3175 1146 ἁμαρτία,
3200 1068 3435 1141 Χριστοῦ
3459 1065 3657 1121 παθόν-

2087 1196 2178 1242 τος
2201 1176 2340 1247 ὑπὲρ
2367 1173 2551 1244 ἡμῶν,
2579 1171 2672 1225 καὶ
2692 1170 2793 1223 οὐκ
2821 1168 2885 1222 ἂν
2908 1163 3061 1237 οἶμαι
3078 1163 3467 1232 καταϐοήσειεν
3488 1159 3656 1226 ἀναγ-

2089 1267 2262 1328 καίως
2279 1265 2357 1317 έτι
2372 1263 2479 1316 τῶν
2501 1259 2844 1333 ήγιασμένων
2864 1257 2949 1310 διὰ
2966 1253 3223 1326 Χριστοῦ,
3251 1253 3341 1306 καλ⁴
3358 1249 3516 1304 τοῦτο
3531 1252 3659 1320 ἡμῖν

2089 1356 2338 1419 διαδείξει
2368 1353 2552 1422 σαφῶς
2589 1353 2618 1405 ὁ
2652 1350 2937 1422 προφήτης
2981 1344 3254 1416 Ζαχαρίας
3287 1342 3361 1406 ὼς
3389 1343 3446 1394 έν
3473 1339 3659 1411 ὁράσει

2091 1450 2291 1515 λέγων·
2329 1465 2346 1498 ι
2385 1444 2498 1500 Kal
2538 1442 2761 1511 ἐξῆλθεν
2805 1443 2833 1493 ὁ
2881 1436 3107 1507 ἄγγελος
3141 1436 3169 1487 ὁ
3195 1432 3373 1487 λαλῶν
3423 1433 3480 1484 ἐν
3517 1430 3658 1500 ἐμοὶ,

2095 1543 2189 1595 καὶ
2234 1535 2355 1593 εἶπε
2388 1537 2524 1608 πρός
2556 1554 2622 1607 με
2642 1551 2658 1568 ⁸
2711 1529 3037 1600 Ἀνάϐλεψον
3074 1531 3185 1589 τοῖς
3216 1525 3509 1595 ὀφθαλμοῖς
3547 1539 3661 1582 σου,

2095 1635 2194 1687 καὶ
2224 1633 2298 1686 ίδε
2323 1630 2381 1684 τὸ
2412 1628 2844 1700 ἐκπορευόμενον
2873 1623 3048 1677 τοῦτο.
3083 1622 3194 1675 Kal.
3222 1615 3386 1684 είπα;
3419 1618 3483 1669 Τί
3511 1619 3623 1670 ἐστι
3647 1631 3663 1679 ;

2024 1733 2064 1790 Β
2093 1727 2187 1780 καὶ
2229 1720 2384 1778 εἷπε·
2418 1721 2589 1774 Τοῦτο
2611 1720 2672 1772 τὸ
2728 1718 2923 1789 μέτρον
2967 1715 3028 1768 τὸ
3071 1710 3520 1783 ἐκπορευόμενον.
3560 1705 3668 1760 Kal.

2093 1817 2281 1873 εἷπενο
2334 1816 2484 1887 Αῦτη
2525 1817 2558 1884 ἠ
2606 1812 2788 1866 ἀδικία
2817 1808 2995 1865 αὐτῶν
3037 1808 3095 1860 ἐν
3127 1805 3276 1874 πάσῃ
3317 1805 3382 1873 τῇ
3420 1803 3511 1872 γῇ.
3557 1799 3669 1851 Kal

2098 1912 2204 1965 ἰδοὺ
2257 1909 2517 1963 τάλαντον
2574 1903 2822 1975 μολίϐδου
2866 1899 3233 1970 ἐξαιρὸμενον,
3289 1894 3383 1948 καὶ
3431 1891 3540 1945 ἰδοὺ
3575 1890 3669 1960 μία

2095 1999 2230 2070 γυνὴ
2259 1998 2492 2067 ἐκάθητο
2533 1998 2592 2048 ἐν
2633 1994 2780 2065 μέσῳ
2816 1991 2910 2044 τοῦ
2953 1991 3150 2060 μέτρου
3173 2003 3185 2017 ·
3219 1987 3314 2039 καὶ
3345 1983 3537 2056 έῤῥιψε
3579 1979 3670 2033 τὸν

2096 2092 2242 2145 λίθον
2271 2089 2363 2143 τοῦ
2396 2087 2642 2160 μολίϐδου
2669 2088 2747 2149 είς
2771 2084 2833 2137 τὸ
2860 2083 3034 2153 στόμα
3061 2079 3232 2149 αὐτῆς
3249 2095 3262 2108 ·
3289 2077 3384 2130 καὶ
3406 2071 3521 2146 ἦρα
3545 2074 3672 2136 τοὺς

2104 2181 2435 2255 ὀφθαλμοὺς,
2474 2178 2569 2232 καὶ⁸
2599 2173 2734 2230 εἶδον
2760 2191 2773 2205 ·
2809 2176 2904 2228 καὶ
2936 2172 3042 2226 ἰδοὺ
3091 2170 3183 2223 δύο
3214 2169 3470 2237 γυναῖκες
3511 2166 3674 2218 ἐκποο

2103 2274 2411 2348 ρευὸμεναι,
2444 2269 2539 2322 καὶ
2571 2265 2787 2335 πνεῦμα
2809 2265 2868 2316 ἐν
2897 2263 3015 2324 ταῖς
3052 2255 3515 2329 πτέρυξιν,αύτῶν
3535 2273 3550 2287 ’
3582 2256 3674 2309 καὶ

2102 2347 2260 2418 αὗται
2312 2362 2459 2432 εἶχον
2515 2357 2792 2428 πτέρυγας
2839 2353 2913 2416 ὡς
2965 2351 3233 2422 πτέρυγες
3285 2348 3524 2410 ἐποποςο
3581 2347 3674 2398 καὶ

2103 2451 2362 2508 ἀνέλαϐον
2407 2451 2469 2502 τὸ
2525 2447 2722 2518 μέτρον
2773 2443 2876 2497 ἀνὰ
2913 2440 3075 2510 μέσον
3127 2440 3225 2510 τῆς
3279 2438 3401 2507 γῆς,
3439 2436 3533 2490 καὶ
3573 2435 3677 2517 avie.

2108 2545 2270 2615 μέσον
2303 2541 2396 2596 τοῦ
2423 2512 2673 2612 ούρανοῦ.
2703 2537 2812 2590 Kal
2845 2530 2974 2587 εἶπα
3017 2533 3151 2604 πρὸς
3190 2530 3280 2583 τὸν
3325 2528 3551 2597 ἄγγελον
3589 2512 3685 2578 τὸν

2106 2631 2369 2687 λαλοῦντα
2394 2633 2449 2684 ἐν
2479 2628 2601 2701 ἐμοί
2623 2646 2636 2659 ·
2665 2626 2773 2682 Ποῦ
2800 2619 2962 2680 αῦται
2993 2621 3329 2694 ἀποφέρουσι
3359 2619 3417 2672 τὸ
3449 2619 3676 2690 μέτρον;

2109 2727 2222 2780 Kal
2259 2721 2379 2776 εἶπε
2408 2721 2543 2793 πρός
2579 2735 2673 2790 με·
2723 2715 3091 2787 Οἰκοδομῆσαι
3142 2710 3290 2782 αύτῴ
3318 2709 3493 2763 οἰκίαν
3520 2710 3574 2760 ἐν
3607 2709 3677 2778 γῇ

2111 2817 2450 2880 Βαϐυλῶνος.
2500 2815 2592 2868 καὶ
2629 2811 2934 2882 ἑτοιμάσαι,
2966 2807 3063 2870 καὶ
3108 2805 3363 2876 θήσουσιν
3407 2802 3538 2855 αὐτὸ
3567 2803 3683 2854 ἐκεῖ

2113 2911 2204 2964 ἐπὶ
2232 2910 2331 2980 τὴν
2368 2905 2684 2978 ἐτοιμασίαν
2716 2902 2904 2957 αὐτοῦ.
2941 2921 2960 2952 ι
2986 2897 3174 2953 Βούλει
3219 2896 3466 2969 λέγωμεν
3505 2894 3573 2948 τά
3602 2892 3685 2962 ἐφ’

2116 3003 2332 3073 ἑκάστῳ
2358 3000 2540 3066 πάλιν,
2579 2997 2672 3051 καὶ
2711 2995 3004 3067 θεωρῶμέν
3031 2993 3106 3056 ὡς
3135 2991 3246 3058 Evt;

2043 3077 2086 3136 (ἶ
2191 3093 2398 3148 ΠΑΛΛ.
2433 3090 2580 3144 Πάνυ
2611 3089 2708 3160 μὲν
2734 3083 2849 3142 οῦν.

2190 3185 2355 3239 ΚΥΡ.
2397 3181 2613 3252 Μέτρον
2651 3196 2704 3232 τι
2746 3179 2845 3249 τῆς
2902 3172 3260 3246 Ἰερουσαλὴμ
3302 3169 3559 3244 ἐκτρέχον
3603 3184 3692 3222 τε-

2126 3275 2313 3329 θέαται
2348 3272 2447 3342 μὲν
2477 3270 2506 3322 ὁ
2532 3268 2838 3340 προφήτης,
2873 3265 3118 3336 ἐρομένῳ
3143 3263 3198 3317 δέ
3231 3264 3259 3316 ὅ
3281 3262 3346 3330 τί,
3379 3261 3494 3313 ποτ’
3524 3261 3691 3321 ἐστιν,

2123 3371 2152 3423 ὁ
2189 3367 2421 3437 ἄγγελος
2452 3363 2554 3433 ἔφη
2575 3377 2590 3394 ·
2621 3381 2639 3414 ι
2676 3359 2822 3430 Αὕτη
2858 3359 2892 3430 ἡ
2927 3357 3108 3411 ἀδικία
3149 3355 3326 3408 αὐτῶν
3361 3355 3418 3407 ἐν
3449 3353 3600 3424 πάσῃ
3627 3353 3694 3421 τῇ

2125 3465 2216 3532 γῇ.
2257 3480 2275 3512 ι
2311 3460 2536 3529 Ὅμοιον
2575 3455 2652 3519 δέ,
2681 3455 2756 3517 ὡς
2805 3455 2853 3506 εί
2893 3451 3045 3519 λέγοι
3083 3449 3266 3520 τυχόν·
3321 3448 3411 3501 Ἐν
3453 3446 3590 3516 τῷδε
3621 3443 3697 3512 τῷ

2131 3554 2313 3626 μέτρῳ
2346 3551 2625 3621 μετρεῖται
2655 3546 2766 3599 τῶν
2781 3544 2902 3599 ιάνά
2931 3545 3130 3597 πᾶσαν’“
3157 3540 3254 3611 τὴν
3297 3542 3400 3610 γῆν
3436 3539 3506 3591 τά
3558 3537 3699 3590 κατὰ

2129 3643 2356 3715 καιροὺς
2403 3637 2871 3710 πλημμελήματα.
2923 3634 3104 3705 Μέχρι
3144 3632 3255 3703 γὰρ
3293 3631 3358 3701 δὴ
3404 3629 3697 3698 ποσότητος

2132 3736 2374 3808 φανερᾶς
2397 3732 2638 3804 ἡκούσης
2657 3728 2814 3800 ἡμῶν
2841 3729 2938 3799 τῆς
2964 3724 3258 3797 ἁμαρτίας,
3281 3722 3476 3790 ἐπάγει
3494 3719 3558 3792 δὴ
3577 3719 3697 3773 τότε

2131 3830 2230 3892 τὰς
2271 3828 2428 3890 δίκας
2458 3822 2829 3895 λελυπημένος
2855 3821 2886 3874 ὁ
2917 3818 3239 3889 νομοθέτης·
3272 3816 3620 3886 διακαρτερεῖ
3645 3813 3701 3865 δέ

2136 3920 2396 3982 πολλάκις
2443 3916 2502 3984 ἐξ
2543 3915 2786 3986 ἐμφύτου
2829 3910 3254 3982 φιλανθρωπίας,
3307 3907 3403 3962 καὶ
3450 3905 3702 3975 πλημμε-

2134 4014 2370 4068 λούντων
2401 4009 2673 4080 ἀνέχεται,
2705 4005 2812 4077 πρὸ
2844 4004 2945 4074 τῆς
2987 3999 3429 4074 συμπληρώσεως
3463 3998 3564 4050 οὐκ
3595 3997 3705 4049 εἰσ-

2136 4107 2283 4161 άπαν
2321 4097 2664 4170 ἀγανακτῶν.
2706 4096 2816 4149 Καὶ
2844 4092 2975 4163 γοῦν
3013 4092 3115 4163 ἔφη
3145 4091 3281 4161 πρὸς
3329 4085 3579 4157 Ἀϐραὰμ
3613 4085 3706 4138 τὸν

455 4177 674 4269 tequam
721 4199 791 4252 sit
834 4186 1047 4252 modus.
1084 4197 1409 4266 completus,
1456 4198 1765 4252 universam
1807 4196 2009 4251 ell'undi

2140 4197 2314 4268 ἱερόν·
2369 4213 2387 4246 ‹
2437 4189 2603 4246 Οθπω
2642 4189 2750 4260 γὰρ
2795 4185 3288 4256 ἀναπεπλήρωνται
3334 4181 3392 4235 αἱ
3443 4177 3709 4249 ἁμαρτίαι

459 4292 615 4344 iram.
640 4289 826 4357 Itaque
855 4288 1239 4342 dixitAbrahaa
1263 4304 1275 4340 :
1317 4305 1335 4336 ι
1363 4285 1616 4340 Nondum
1643 4286 1790 4340 enim
1815 4285 2036 4355 impleta

2137 4288 2246 4342 τῶν
2283 4282 2624 4356 Ἀμορραίων
2677 4281 2782 4342 ἓως
2817 4275 2912 4331 τοῦ
2935 4276 3050 4331 νῦν.
3087 4295 3104 4328 ι
3148 4273 3292 4346 Πρὸς
3327 4273 3384 4326 δὲ
3403 4273 3529 4334 τοὺς
3551 4271 3711 4340 Φαρι-

459 4390 587 4436 sunt
616 4388 838 4451 peccata
873 4379 1315 4434 Amorrhaeorum
1349 4392 1520 4446 usque
1545 4377 1726 4432 adhuc
1746 4378 1811 4431 ".
1850 4397 1868 4428 ι
1896 4378 2006 4432 Pha

2144 4380 2328 4441 σαίους
2357 4375 2602 4445 ἀσχέτως
2629 4371 3086 4440 ἐκλελυττηκότας
3115 4367 3221 4438 ἔφη
3259 4364 3513 4437 Χριστός·
3547 4382 3565 4414 ι
3598 4362 3711 4415 Kal.

462 4474 633 4529 risaeis
671 4481 876 4538 autem,
906 4471 1282 4541 quieﬂ‘renate
1315 4469 1468 4522 illum
1498 4469 1879 4534 offendissent,
1903 4469 2009 4524 dixi

2143 4472 2298 4541 ὑμεῖς
2343 4465 2666 4538 πληρώσατε
2698 4462 2760 4516 τὸ
2795 4462 2991 4534 μέτρον
3032 4459 3140 4513 τῶν
3179 4457 3430 4526 πατέρων
3476 4451 3650 4523 ὑμῶν.
3685 4469 3709 4502 ι

460 4565 748 4622 Christus:
793 4583 811 4614 ι
855 4563 924 4618 Ει
951 4578 1050 4618 vos
1079 4561 1299 4630 implete
1336 4575 1652 4614 mensuram
1691 4569 1911 4631 patrum
1943 4576 2041 4615 ve-

2155 4557 2623 4632 Ἐκπορευομένου
2666 4551 2955 4624 τοιγαροῦν
3003 4549 3096 4604 τοῦ
3160 4547 3379 4619 μέτρου,
3435 4542 3713 4614 ἐξαίρεται

465 4667 705 4712 strorum
735 4656 800 4710 ⁸³.
843 4673 860 4705 ι
897 4653 1235 4708 Procedente
1269 4652 1436 4722 igitur
1456 4666 1743 4718 mensura,
1774 4652 2009 4707 talentum

2146 4655 2243 4727 μὲν
2271 4651 2363 4706 τοῦ
2397 4647 2646 4722 μολίϐδου
2672 4647 2735 4701 τὸ
2769 4645 3052 4707 τάλαντον,
3071 4641 3325 4713 ἔρριπται
3348 4638 3405 4691 δὲ
3438 4639 3518 4699 εἰς
3550 4635 3716 4706 μέσον

465 4749 674 4821 plumbi
722 4745 1011 4807 attollitur,
1053 4743 1407 4814 injiciturque
1460 4743 1515 4797 in
1563 4743 1804 4798 medium
1847 4743 2009 4798 mulie

2143 4752 2178 4820 ἡ
2206 4747 2342 4817 γυνὴ
2388 4743 2671 4815 πληροῦσα
2707 4741 2768 4796 τὸ
2802 4741 3020 4812 μέτρον,
3062 4739 3097 4809 ἢ
3141 4736 3239 4791 καὶ
3272 4736 3330 4788 ἐν
3370 4733 3600 4803 στόματι
3638 4729 3719 4798 τῷ

467 4855 590 4910 qua:
631 4849 945 4892 mensuram
993 4831 1284 4902 impleret,
1321 4847 1442 4902 qua:
1491 4831 1655 4887 etiam
1700 4848 1795 4888 ore
1829 4831 2009 4902 plumt

2149 4839 2264 4910 ἰδίῳ
2293 4837 2382 4890 τὸν
2431 4834 2526 4888 τοῦ
2573 4833 2819 4905 μολίϐδου
2859 4831 3006 4894 λίθον
3045 4829 3290 4900 ἐδέχετο·
3328 4822 3449 4880 εἶτά
3485 4839 3652 4895 φησιν
3691 4824 3722 4875 ὀ

470 4930 705 5001 lapidem
723 4926 971 4996 excepit;
1004 4922 1202 4978 deinde
1219 4924 1636 4996 inquitdivinus
1663 4925 1754 4980 ille
1782 4924 2041 4995 angelus:

473 5022 598 5077 Haec
621 5029 706 5074 est
735 5017 1014 5088 iniquitas.

547 5109 704 5178 102
746 5105 942 5161 PALL.
974 5105 1094 5160 Non
1119 5114 1201 5160 est
1235 5106 1414 5161 adhuc
1444 5107 1576 5161 satis
1611 5105 1934 5176 perspicuus
1955 5105 2047 5160 hic

474 5200 768 5270 Scripturae
799 5199 969 5253 locus.

544 5291 701 5347 (ΝΒ.
743 5287 851 5343 Sed
888 5287 993 5343 erit
1052 5288 1316 5360 profecto,
1355 5300 1520 5359 atque
1562 5289 1711 5344 haud
1751 5289 1830 5343 ita
1872 5289 2045 5343 multo

479 5393 598 5460 post
624 5400 638 5435 :
668 5395 794 5436 nam
817 5379 1027 5451 plumbi
1063 5381 1329 5437 talentum
1357 5381 1472 5452 ipse
1503 5380 1758 5438 Christus
1789 5388 1892 5445 est,
1923 5379 2046 5450 opi-

479 5491 599 5540 nor,
629 5474 723 5544 qui
784 5472 1052 5528 attollitur
1084 5472 1305 5543 quidem
1332 5514 1345 5539 ,
1391 5473 1444 5528 id
1489 5481 1591 5538 est,
1635 5471 1904 5528 exaltatur
1950 5486 2048 5541 per

2148 4926 2433 4988 θεσπέσιος
2472 4922 2702 4992 ἄγγελος
2723 4940 2737 4954 ·
2767 4919 2917 4991 Α’ύτη
2947 4919 3095 4972 ἐστὶν
3120 4921 3155 4989 ἡ
3187 4915 3405 4989 ἀνομία.

2220 5108 2427 5163 ΠΑΛΔ.
2469 5103 2636 5158 Οὔπω
2659 5101 2780 5156 λίαν
2811 5097 2958 5152 ἐστὶν
2985 5095 3223 5167 ἐναργὴς
3255 5095 3284 5148 ὁ
3310 5093 3486 5162 λόγος.

2219 5285 2383 5341 ΚΥΡ.
2445 5281 2652 5336 Οὐκοῦν
2710 5278 2886 5340 ἔσται,
2945 5277 3040 5331 καὶ
3073 5275 3176 5330 οὐκ
3223 5275 3306 5338 είς
3359 5269 3595 5344 μακράν.
3650 5267 3728 5321 To

2152 5377 2260 5448 γάρ
2287 5391 2372 5428 τοι
2399 5372 2493 5426 τοῦ
2528 5370 2775 5442 μολίϐδου
2803 5368 3062 5423 τάλαντον
3091 5364 3250 5427 αὐτὸς
3269 5362 3334 5416 ἂν
3357 5360 3442 5431 εἴη
3465 5355 3726 5431 Χριστὸς,

2154 5468 2213 5531 ὃς
2239 5465 2512 5535 ἐξαίρεται
2550 5463 2668 5533 μὲν,
2695 5459 2837 5513 τοῦτ’
2861 5456 3029 5524 ἔστιν,
3063 5453 3291 5525 ὑψοῦται
3313 5450 3399 5505 διὰ
3435 5448 3530 5504 τοῦ
3568 5464 3732 5501 σταυ-

551 5657 596 5690 ¹⁸
621 5657 776 5713 Joan.
805 5675 843 5724 ι,
875 5659 962 5713 29.
1043 5659 1086 5691 ”
1109 5658 1208 5714 lsa.
1251 5672 1361 5722 Lm,
1393 5657 1441 5711 5.
1505 5656 1547 5689 ³ο
1570 5654 1798 5711 Zachar.
1823 5669 1875 5720 ν,
1898 5651 2009 5707 5-l‘

2123 5653 2134 5681 τ
2165 5648 2394 5706 Zachar.
2423 5661 2498 5715 vr,
2532 5645 2583 5702 5.
2642 5645 2684 5678 ³¹
2710 5641 3134 5714 Genes.xv,16.
3211 5641 3257 5674 ³³
3278 5639 3473 5696 Matth.
