3954 6200
213 296 309 357 97

908 299 995 353 DE
1032 295 1474 380 ADORATIQNE
1510 296 1577 350 IN
1619 295 1891 352 SPIRITU
1930 296 2017 350 ET
2057 295 2424 351 VERITATE.
2459 288 2586 349 LIB.
2616 296 2704 349 Ill.

2862 206 2903 221 ε...

3338 295 3442 352 ‘298

214 417 320 490 ροῦ,
351 415 445 469 καὶ
492 416 602 476 τοῖς
636 413 733 482 τῆς
774 396 1031 486 θεότητος
1074 413 1377 485 ἀξιώμασιν
1419 390 1769 484 ὀρᾶταινδιαο

1888 426 2118 477 erucem,
2156 427 2218 466 ac
2249 411 2510 481 dignitate
2534 409 2836 465 divinitatis
2877 418 3152 479 spectatur
3180 410 3439 482 insignis:

211 509 437 579 πρεπής.
495 507 559 559 ’0
577 505 686 576 γὰρ
710 506 841 568 Θεὸς
879 507 1042 560 αὐτὸν
1079 506 1427 577 ὑπερύψωσε.
1467 505 1563 558 καὶ
1592 502 1774 574 ἐχαρί-

210 617 330 653 σατο
366 597 519 668 αὐτῷ
551 598 719 666 ὄνομα
758 596 819 649 τὸ
858 597 995 667 ὑπὲρ
1034 598 1143 650 πᾶν
1196 597 1385 668 δνομα.
1444 594 1774 649 Κατακλείει

207 691 258 744 ἃ
302 689 403 759 τῆς
445 688 722 758 ἁμαρτίας
761 688 827 740 τδ
873 688 1076 758 στόμα,
1130 688 1271 742 κατὰ
1316 687 1377 740 τὸ
1427 689 1483 740 ἐν
1526 687 1776 758 Ψαλμοῖς

209 778 560 851 ὑμνούμενοψ
602 795 621 829 ι
664 776 774 831 Καὶ
807 779 954 831 πᾶσα
979 774 1179 848 ἀνομία
1213 776 1560 848 ἐμφράξειτδ
1604 777 1777 847 στόμα

206 873 367 942 αὐτῆς
387 889 403 901 ³
435 889 454 922 ι
488 868 752 941 εἰρημένη
778 867 1060 922 καταϐοῶν
1080 867 1189 921 τῶν
1216 866 1276 932 ἐξ
1298 867 1577 930 ἀσθενείας
1600 867 1774 938 ἡμαρ-

204 962 465 1033 τηκότων,
495 960 590 1012 καὶ
609 961 667 1013 ἐν
699 957 878 1011 πίστει
903 956 1358 1026 δεδικαιωμένων.
1399 974 1417 1007 ι
1452 954 1585 1018 Θεὸς
1611 955 1718 1025 γὰρ
1750 957 1778 1008 ό

202 1050 445 1115 δικαιῶν,
475 1050 562 1113 τίς
595 1049 624 1102 ό
667 1049 1048 1120 κατακρίνων;
1102 1069 1120 1101 ι
1152 1048 1390 1121 Χριστοῦ
1423 1048 1480 1102 δέ
1514 1047 1778 1112 παθόντος

204 1142 341 1212 ὑπὲρ
366 1140 546 1211 ἡμῶν,
592 1140 710 1203 πῶς
734 1136 805 1213 ἦν
847 1139 1138 1195 ἀκόλουθον
1167 1143 1259 1195 καὶ
1292 1142 1440 1212 ἡμᾶς
1472 1141 1669 1204 αὐτοὺς
1698 1139 1777 1193 ἐτι

204 1229 298 1293 τὰς
347 1230 491 1301 ὑπὲρ
545 1229 654 1284 τῶν
701 1229 849 1285 ίδίων
901 1230 1390 1303 πλημμελημάτων
1451 1230 1778 1296 ἐξαιτεῖσθαι

204 1321 352 1386 δίκας
372 1339 388 1386 ;

269 1500 479 1554 ΠΑΔΔ.
545 1498 843 1570 Ὀρθότατα
893 1498 1049 1571 ἔφης.
1104 1498 1508 1572 Δεδικαιώμεθα
1556 1501 1664 1573 γὰρ
1720 1504 1778 1555 ἐν

202 1591 444 1663 Χριστῷ,
490 1591 585 1644 καὶ
641 1590 738 1663 τὴν
782 1594 847 1645 ἐκ
896 1592 996 1663 τῆς
1047 1592 1322 1665 ἁμαρτίας
1376 1593 1651 1665 καταϐοὴν
1715 1589 1775 1646 εὖ

204 1683 348 1753 μάλα
373 1681 829 1753 διεκρουσάμεθα.
850 1683 1082 1740 Ἥδιστα
1111 1683 1156 1737 δ’
1189 1682 1255 1738 ἂν
1282 1683 1618 1755 ἁναμάθοιμί
1650 1699 1774 1749 σου,

1878 505 2023 559 Deus
2046 504 2193 558 enim
2219 504 2375 557 illum
2432 519 2598 573 super
2639 502 2822 556 omnia
2852 503 3112 557 exaltavit
3140 505 3444 576 etlargitus

1877 600 1961 647 est
2015 592 2091 646 illi
2140 606 2357 656 nomen,
2402 591 2547 660 quod
2585 600 2669 646 est
2728 605 2894 661 super
2924 606 3086 646 omne
3137 607 3336 649 nomen
3374 596 3440 653 ³⁸.

1877 684 2123 738 Obstruit
2160 693 2343 738 autem
2382 697 2444 737 os
2480 682 2801 752 iniquitatis,
2837 684 2989 754 juxta
3037 669 3170 739 illud
3206 685 3352 755 quod
3387 687 3442 744 in

1888 775 2121 831 Psalmis
2158 774 2407 830 canitur:
2446 794 2463 825 ι
2493 774 2563 830 Et
2583 775 2760 829 omnis
2784 774 3045 844 iniquitas
3079 776 3345 848 oppilabit
3384 793 3447 833 os

1878 882 2039 921 suum
2064 869 2141 933 ³⁸;
2177 887 2195 918 ι
2231 865 2378 937 quod
2403 881 2466 921 ea
2514 866 2872 936 prohibeatur
2917 867 3179 923 adversus
3213 884 3309 923 eos
3337 870 3448 924 cia-

1878 972 2027 1012 mare
2055 957 2149 1027 qui
2191 971 2260 1011 ex
2283 955 2605 1011 inﬁrmitate
2634 957 3007 1027 peccaverint,
3034 964 3090 1011 et
3113 957 3218 1013 ﬁde
3250 959 3447 1030 justiﬁ—

1878 1047 1984 1103 eati
2030 1046 2160 1101 sint.
2217 1066 2234 1098 ι
2267 1047 2415 1102 Deus
2433 1046 2579 1101 enim
2600 1056 2684 1101 est
2709 1047 2820 1112 ille,
2861 1047 2955 1117 qui
2995 1048 3277 1119 justiﬁcat,
3322 1052 3447 1121 quis

1878 1146 1983 1202 est,
2023 1137 2119 1207 qui
2157 1137 2487 1192 condemnet
2505 1137 2588 1189 ³⁶ἳ
2622 1153 2640 1187 ι
2675 1136 2861 1206 Itaque
2887 1152 3012 1193 cum
3037 1138 3291 1195 Christus
3321 1158 3447 1210 pas-

1879 1243 1974 1284 sus
1995 1229 2067 1283 sit
2086 1244 2186 1299 pro
2206 1228 2388 1294 nobis,
2421 1227 2696 1298 quomodo
2733 1243 3075 1299 consequens
3111 1240 3256 1285 esset
3284 1234 3447 1287 etiam

1879 1334 1909 1373 a
1942 1319 2103 1375 nobis
2150 1319 2284 1391 ipsis
2337 1320 2510 1391 repeti
2562 1328 2878 1376 nostrorum
2928 1330 3281 1392 peccatorum
3330 1339 3448 1394 poe-

1878 1411 2016 1465 nas?

1948 1501 2147 1558 PALL.
2210 1501 2532 1557 Rectissime
2583 1501 2810 1557 dictum.
2875 1501 3164 1558 Justiﬁcati
3216 1519 3450 1575 namque

1880 1605 2070 1646 sumus
2121 1590 2178 1644 in
2230 1589 2469 1657 Christo,
2508 1600 2673 1662 atque
2697 1592 2993 1647 clamorem
3020 1593 3312 1650 adversum
3349 1612 3451 1652 nos

1881 1682 2423 1753 criminationemque
2466 1683 2676 1754 peccati
2726 1683 3045 1753 repulimus.
3105 1685 3449 1743 Iucundissi-

200 1775 286 1829 διὰ
322 1772 485 1829 ποίαν
504 1775 684 1829 αἰτίαν
715 1774 1041 1847 σημαίνεται
1070 1778 1167 1847 μὲν
1187 1775 1263 1839 ὡς
1289 1776 1348 1830 ἐν
1382 1775 1617 1846 μολίϐδῳ
1646 1776 1782 1848 Χρι-

1888 1788 2034 1827 mum
2061 1788 2195 1827 vero
2243 1772 2460 1839 feceris,
2515 1773 2560 1829 si
2602 1773 2857 1829 docueris
2906 1790 3069 1845 quam
3113 1776 3185 1830 ob
3231 1792 3452 1835 causam

202 1867 345 1932 στδς,
371 1866 452 1931 ὡς
476 1866 532 1920 ἐν
560 1866 838 1938 προσώπῳ
861 1867 919 1922 δέ
944 1866 1199 1938 γυναικὸς
1223 1869 1256 1938 ἡ
1282 1866 1480 1939 ἀνομία
1510 1867 1779 1937 φαίνεται.

269 2056 440 2112 ΚΥΡ.
484 2058 593 2112 Καὶ
642 2058 748 2130 μὴν
790 2059 885 2113 καὶ
927 2058 1085 2112 τοῦτό
1119 2074 1181 2128 γε
1210 2057 1357 2111 ἐστιν
1382 2057 1604 2113 εὔκολον
1655 2057 1781 2112 ἰδεῖν

202 2149 308 2202 ἀπό
335 2165 400 2217 γε
426 2149 538 2202 τῶν
567 2147 731 2220 ίερῶν
760 2149 1144 2222 Γραμμάτων·
1177 2147 1393 2212 πολλοῖς
1422 2149 1530 2219 γὰρ
1559 2149 1659 2220 ἤδη
1686 2149 1781 2203 καὶ

202 2235 407 2305 ἑτέροις
433 2236 669 2307 Χριστὸς
690 2238 1107 2309 παρεικάζεται,
1138 2237 1226 2293 διὰ
1251 2238 1350 2311 τῆς
1377 2239 1484 2292 τῶν
1519 2254 1782 2310 σημαινο-

204 2329 381 2400 μένων
403 2329 710 2401 ποιότητος,
738 2330 846 2385 τῶν
877 2331 966 2384 ἐπ’
995 2327 1145 2401 αὑτῷ
1174 2329 1494 2402 νοουμένων.

271 2505 485 2560 ΙΙΔΔΛ.
516 2503 641 2558 Οἷον
672 2505 726 2560 τί
753 2507 859 2576 φής
880 2546 900 2572 ,

268 2595 441 2651 ΚΥΡ.
491 2596 720 2666 Γέγονεν
772 2599 905 2668 ἡμῖν
953 2600 1158 2671 κρηπὶς
1209 2598 1303 2656 καὶ
1352 2598 1640 2670 ἀσφάλεια,
1688 2598 1784 2653 καὶ

201 2687 502 2759 ἁκλόνητος
547 2686 856 2760 ὑποϐάθρα,
903 2689 1000 2744 καλ⁵
1040 2690 1293 2763 θεμέλιος
1322 2691 1571 2765 ἀρραγὴς
1592 2707 1607 2721 ο
1651 2689 1784 2744 ὠνό-

205 2796 411 2850 μασται
441 2777 500 2832 δὲ
533 2779 623 2832 διὰ
643 2778 802 2833 τοῦτο
823 2779 994 2846 λίθος.
1023 2800 1041 2835 ι
1088 2784 1219 2839 Ἰδοὺ
1246 2784 1375 2856 γὰρ,
1408 2786 1559 2857 φησὶ,
1591 2784 1782 2858 τίθημι

200 2871 281 2931 ei;
306 2868 380 2922 τὰ
421 2869 654 2940 θεμέλια
690 2868 830 2924 Σιὼν
856 2869 1003 2925 λίθον
1046 2873 1324 2942 ἐκλεκτὸν,
1368 2876 1781 2948 ἀκρογωνιαῖον,

200 2960 442 3031 ἔντιμον.
479 2961 592 3015 Καὶ
624 2961 653 3015 ό
698 2960 970 3042 πιστεύων
1011 2963 1100 3017 ἐπ’
1136 2966 1307 3038 αὐτῷ,
1349 2968 1410 3021 οὐ
1464 2967 1539 3039 μὴ
1591 2985 1784 3023 καται·⁹

201 3052 434 3123 σχυνθῇ.
465 3071 486 3105 ι
522 3052 679 3106 Ἐστι
711 3052 769 3107 δὲ
798 3052 962 3107 πάλιν
1000 3055 1182 3121 αὐτὸς,
1213 3057 1273 3110 τὸ
1304 3057 1556 3131 λαμπρόν
1584 3076 1645 3112 τε
1687 3058 1783 3113 καὶ
1808 3096 1856 3157 c

198 3146 538 3214 ἀξιάγαστον
586 3143 686 3216 τῆς
742 3144 1073 3217 Ἐκκλησίας
1118 3147 1429 3219 κειμήλιον,
1484 3150 1513 3202 ό
1556 3146 1783 3213 πλοῦτος

196 3237 361 3309 ημῶν
395 3237 423 3289 ό
450 3236 820 3306 πνευματικός
843 3251 857 3265 ⁸
888 3235 1102 3308 εἴρηται
1124 3237 1179 3293 δὲ
1200 3239 1567 3312 μαργαρίτης.
1597 3240 1786 3310 Ὁμοία

195 3330 307 3400 γάρ
343 3328 487 3395 ἐστι,
531 3328 787 3400 φησὶνμί)
835 3327 1078 3399 βασιλεία
1115 3328 1225 3383 τῶν
1273 3330 1517 3401 οὐρανῶν
1560 3329 1787 3403 ἐμπόρῳ

197 3417 461 3488 ζητοῦντι
491 3417 691 3481 καλοὺς
738 3420 1104 3491 μαργαρίτας.
1138 3419 1328 3492 Εὐρὼν
1352 3420 1408 3474 δὲ
1440 3420 1536 3476 ἕνα
1569 3421 1787 3475 πολύτι-

200 3525 303 3578 μον
356 3509 707 3581 μαργαρίτην
752 3509 1034 3577 ἀπελθὼν,
1090 3512 1398 3583 ἐπίπρασκε
1454 3512 1632 3567 πάντα
1686 3513 1788 3569 ὅσα

197 3596 336 3670 εἶχε,
364 3602 462 3654 καὶ
494 3600 767 3671 ἠγόρασεν
793 3602 977 3659 αὐτόν.
1011 3619 1031 3653 ι
1069 3602 1280 3674 Συνῆψε
1301 3602 1357 3657 δέ
1382 3605 1528 3677 ἡμᾶς
1558 3605 1625 3659 δι’
1654 3606 1787 3663 Eatu-

196 3692 296 3746 τοῦ
343 3692 427 3763 τῷ
464 3688 583 3764 Θεῷ
622 3697 715 3747 καὶ
763 3693 957 3765 Πατρὶ,
1004 3692 1317 3761 καταλύσας
1345 3695 1443 3767 τὴν
1496 3694 1696 3769 ἔχθραν
1727 3697 1785 3750 ἐν

196 3783 277 3856 τῷ
307 3786 527 3855 σώματι
562 3786 753 3852 αὐτοῦ,
809 3786 953 3841 καθὰ
994 3786 1332 3860 γέγραπται·
1386 3790 1479 3843 καὶ
1517 3790 1648 3858 γοῦν
1678 3790 1783 3862 ἔφη

195 3876 341 3948 πρὸς
384 3875 475 3929 τὸν
512 3878 570 3929 ἐν
602 3876 852 3948 οὐρανοῖς
874 3877 1095 3950 Πατέρα
1118 3878 1212 3933 καὶ
1245 3877 1398 3944 Θεὸν,
1426 3877 1553 3948 περὶ
1578 3878 1687 3931 τῶν
1724 3880 1785 3932 ὲν

194 3968 385 4021 πίστει
411 3970 478 4039 τῇ
514 3969 593 4033 εἰς
639 3969 800 4022 αὐτὸν
836 3969 1272 4041 δεδικαιωμένων
1293 3988 1306 4001 ·
1344 3987 1363 4020 ι
1415 3970 1615 4041 Πάτερ,
1647 3969 1784 4023 θέλω

198 4058 287 4111 ἵνα
320 4057 518 4130 ὥσπερ
544 4059 656 4127 ἐγὼ
695 4059 791 4112 καὶ
822 4060 884 4113 σὺ
914 4059 973 4113 ἐν
1008 4063 1199 4131 ἐσμεν,
1235 4059 1379 4114 οὕτω
1410 4060 1505 4114 καὶ
1533 4061 1689 4115 αὐτοὶ
1724 4062 1783 4114 ἐν

201 4150 334 4219 ἡμῖν
382 4147 442 4202 ἐν
485 4143 610 4203 ὦσι.
663 4168 683 4202 ι
733 4140 1017 4221 Κέκληται
1061 4149 1231 4223 ταύτῃ
1279 4168 1364 4205 τοι
1409 4152 1783 4225 κασσιτέρινος

202 4239 374 4305 λίθος,
406 4240 721 4312 κασσιτέρῳ
749 4240 858 4314 γὰρ
890 4241 1147 4296 κολλᾶται
1173 4242 1242 4299 τὰ
1266 4241 1598 4314 κολλώμενα.
1637 4242 1782 4318 Ἔφη

200 4323 257 4375 δέ
284 4340 389 4376 που
426 4323 559 4387 Θεὸς
594 4324 685 4378 διὰ
715 4325 898 4397 φωνῆς
925 4325 1218 4395 Ζαχαρίου,
1247 4325 1337 4379 τδν
1364 4324 1493 4380 ἴδιον
1526 4327 1656 4397 ἡμῖν
1686 4344 1784 4381 κα-

1885 1864 2096 1935 plumbi
2126 1864 2299 1937 ﬁgura
2330 1864 2668 1937 signiﬁcetur
2693 1865 2978 1934 Christus;
3009 1868 3255 1925 mulieris
3269 1879 3454 1926 autem

1882 1971 2116 2026 persona
2142 1957 2416 2013 indicetur
2457 1959 2736 2029 iniquitas.

1949 2046 2104 2103 CYR.
2139 2048 2304 2120 Atqui
2330 2048 2476 2104 haud
2502 2048 2720 2105 difficile
2764 2058 2848 2105 est
2880 2051 2936 2106 id
2966 2067 2997 2107 e
3029 2051 3199 2108 sacris
3230 2053 3454 2111 Litteris

1882 2138 2231 2208 perspicere;
2285 2140 2475 2194 multis
2509 2140 2657 2194 enim
2721 2141 2952 2198 aliarum
3002 2160 3220 2215 quoque
3267 2163 3455 2205 rerum

1884 2228 2215 2300 imaginibus
2246 2228 2501 2286 Christus
2530 2230 2910 2300 adumbratnr,
2955 2249 3079 2290 cum
3105 2252 3136 2291 e
3176 2238 3452 2309 signiﬁca-

1884 2325 2062 2374 tarum
2106 2319 2370 2390 qualitate
2420 2335 2606 2377 rerum
2648 2324 3048 2395 proprietates,
3089 2342 3209 2397 qua:
3263 2329 3320 2383 in
3357 2331 3455 2385 illo

1884 2414 2032 2472 sunt,
2069 2408 2471 2480 intelligantur.

1953 2498 2149 2553 PALL.
2168 2498 2236 2555 'Id
2262 2516 2395 2558 vero
2429 2502 2591 2572 quale
2622 2511 2706 2560 est
2734 2505 2880 2574 quod
2906 2505 3023 2562 ais?

1958 2589 2116 2646 CYR.
2151 2591 2351 2648 Factus
2382 2600 2464 2649 est
2494 2594 2655 2649 nobis
2677 2594 2826 2651 basis
2855 2597 3099 2668 quaedam
3130 2609 3186 2655 et
3204 2598 3453 2668 ﬁrmitas,
3484 2624 3489 2627 -

1884 2689 1940 2737 et
1966 2681 2262 2739 immobilis
2287 2683 2507 2755 gradus,
2536 2693 2589 2740 et
2632 2686 2863 2742 solidum
2898 2687 3313 2746 fundamentum
3350 2708 3458 2751 :ea

1885 2774 1954 2830 de
1981 2789 2144 2831 causa
2176 2777 2479 2847 appellatus
2509 2785 2593 2833 est
2628 2778 2783 2848 lapis.
2822 2797 2839 2832 ι
2887 2780 3028 2837 Ecce
3052 2781 3220 2849 enim,
3257 2783 3454 2853 inquit,

1884 2880 2031 2936 pono
2058 2865 2116 2920 in
2156 2865 2513 2922 fundamenta
2544 2867 2678 2923 Sion
2716 2869 2951 2940 lapidem
2982 2871 3239 2941 electum,
3282 2891 3456 2946 angu-

1886 2956 2078 3023 larem,
2104 2958 2424 3028 pretiosum.
2462 2959 2533 3013 Et
2557 2961 2652 3030 qui
2680 2961 2857 3017 credit
2882 2962 2937 3016 in
2968 2961 3168 3034 ipsum,
3187 2980 3295 3020 non
3320 2981 3456 3020 con-

1886 3047 2147 3105 fundetur
2167 3050 2231 3104 "'.
2266 3069 2284 3102 ι
2320 3051 2415 3106 Est
2439 3066 2631 3106 rursus
2674 3052 2817 3107 idem
2841 3055 3137 3124 praeclarus
3157 3061 3321 3126 atque
3356 3055 3458 3110 ad-

1886 3138 2153 3195 mirabilis
2188 3140 2447 3197 Ecelesiae
2482 3142 2792 3209 thesaurus,
2840 3143 3044 3201 divitia:
3102 3146 3207 3203 illa:
3255 3156 3460 3203 nostra

1887 3230 2227 3302 spirituales;
2263 3231 2446 3302 itaque
2479 3234 2768 3305 margarita
2808 3242 2892 3289 est
2928 3236 3248 3307 appellatus.
3305 3257 3323 3289 ι
3369 3238 3456 3293 Si-

1886 3322 2016 3378 mile
2044 3321 2192 3377 enim
2223 3334 2325 3388 est,
2345 3324 2541 3393 inquit,
2572 3339 2798 3395 regnum
2832 3325 3096 3381 caelorum
3135 3329 3459 3399 negotiatori

1886 3414 2153 3484 quaerenti
2176 3413 2350 3470 bonas
2376 3415 2725 3486 margaritas;
2755 3415 2976 3472 inventa
2996 3423 3181 3472 autem
3215 3434 3321 3473 una
3336 3434 3461 3489 pre-

1887 3506 2024 3563 tiosa
2072 3508 2388 3581 margarita,
2460 3508 2653 3564 abiens
2711 3511 2959 3567 vendidit
3010 3511 3265 3569 universa
3337 3530 3461 3586 quae

1886 3599 2099 3665 habuit,
2126 3608 2182 3656 et
2216 3601 2350 3656 emit
2379 3617 2500 3657 eam
2534 3601 2597 3657 ³⁸.
2635 3622 2652 3654 ι
2682 3600 2979 3674 Conjunxit
3027 3606 3193 3661 etiam
3225 3608 3326 3663 nes
3360 3624 3463 3679 per

1887 3704 1944 3744 se
1970 3689 2081 3744 Deo
2111 3696 2169 3745 et
2194 3690 2366 3757 Patri,
2394 3691 2588 3748 solutis
2622 3692 2925 3750 inimicitiis
2964 3695 3020 3749 in
3065 3711 3292 3767 corpore
3322 3713 3423 3753 suo
3444 3740 3458 3762 ,

1886 3788 1948 3834 ut
1970 3781 2235 3851 scriptum
2259 3791 2345 3837 est
2360 3781 2428 3850 ⁸¹⁹;
2470 3783 2708 3856 ideoque
2727 3784 2796 3840 ad
2824 3785 3061 3853 Patrem,
3085 3788 3180 3858 qui
3216 3788 3271 3842 in
3307 3790 3462 3845 caelis

1884 3882 1988 3938 est,
2029 3888 2093 3928 ac
2111 3874 2285 3929 Deum
2311 3876 2381 3931 de
2413 3876 2482 3931 iis
2505 3880 2598 3947 qui
2622 3877 2904 3949 iustiﬁcati
2924 3885 3081 3932 erant
3134 3893 3233 3947 per
3259 3876 3420 3932 ﬁdem
3442 3919 3457 3942 ,

1885 3980 1991 4036 qua
2022 3965 2080 4019 in
2107 3964 2285 4036 ipsum
2336 3967 2654 4033 credebant,
2690 3968 2827 4023 dixit
2864 3986 2875 4022 :
2921 3986 2939 4018 ι
2979 3967 3160 4030 Pater,
3201 3966 3324 4021 volo
3364 3978 3452 4030 ut,

1884 4056 2029 4111 sicut
2056 4071 2157 4127 ego
2185 4065 2241 4111 et
2270 4065 2328 4112 tu
2363 4073 2535 4113 unum
2566 4073 2774 4122 sumus,
2794 4058 2873 4112 sic
2896 4056 2996 4128 ipsi
3020 4072 3238 4129 quoque
3277 4058 3333 4112 in
3352 4074 3455 4113 no-

1883 4148 1971 4204 bis
2000 4163 2174 4204 unum
2222 4148 2334 4205 sint
2360 4150 2432 4204 ιθ.
2471 4170 2489 4202 ι
2542 4151 2654 4206 Hac
2681 4149 2889 4205 ratione
2931 4159 3155 4206 vocatus
3189 4160 3272 4206 est
3301 4152 3457 4223 103

1884 4240 2024 4312 lapis
2080 4250 2376 4307 stanneus,
2419 4240 2567 4312 quod
2610 4249 2805 4295 stanno
2852 4240 3295 4313 conglutinantur
3338 4260 3460 4315 quae

1886 4331 2312 4402 conglutinanda
2343 4340 2491 4387 sunt.
2524 4331 2671 4386 Dixit
2707 4339 2890 4387 autem
2926 4333 3168 4403 profecto
3195 4335 3339 4389 Deus
3360 4352 3459 4405 per

200 4414 540 4468 ταδεικνύων
568 4414 718 4481 Υἱὸν,
766 4416 844 4480 ὡς
891 4417 1032 4471 κατὰ
1080 4416 1309 4487 καιροὺς
1351 4415 1548 4487 ἥξοντα
1582 4435 1643 4472 τε
1689 4419 1783 4473 καὶ

1888 4432 1949 4476 os
1971 4420 2269 4487 Zachariae,
2309 4437 2434 4477 cum
2460 4421 2657 4477 Filium
2689 4436 2851 4478 suum
2871 4422 3033 4478 nobis
3057 4422 3461 4479 demonstraret

200 4504 642 4573 πορευσόμενον
677 4522 697 4555 ι
740 4504 852 4558 Καὶ
899 4505 1255 4578 χαρήσονται,
1305 4505 1397 4558 καὶ
1450 4505 1669 4577 ὄψονται
1697 4508 1789 4562 τὸν

200 4591 349 4645 λίθον
382 4593 477 4647 τὸν
519 4594 894 4665 κασσιτέρινον
921 4595 981 4648 ἐν
1008 4594 1152 4666 χειρὶ
1196 4593 1519 4667 Ζοροϐάϐελ.
1557 4615 1578 4649 ι
1633 4596 1789 4651 οὕτω

197 4683 500 4753 τοιγαροῦν
534 4684 768 4739 κάνθάδε
810 4685 1069 4761 τάλαντον
1109 4686 1361 4758 μολίϐδου
1412 4689 1576 4760 φησὶν
1605 4690 1786 4746 αὐτόν.

198 4772 312 4826 Καὶ
361 4773 451 4837 τίς
481 4776 512 4828 ὁ
544 4774 699 4828 τοῦδε
731 4774 907 4845 λόγος,
946 4776 1056 4849 ἐρῶ
1093 4775 1157 4847 δὴ
1204 4776 1385 4832 πάλιν.
1434 4779 1491 4832 Ὀ
1533 4778 1789 4850 ἀδόκιμος

194 4863 449 4934 ἄργυρος
474 4862 681 4934 ἀναμὶξ
722 4866 953 4937 μολίϐδῳ
982 4866 1303 4938 τηκόμενος,
1328 4863 1387 4922 εὖ
1420 4868 1565 4940 μάλα
1600 4869 1791 4925 διακα-

196 4950 471 5027 Θαίρὲται,
501 4955 585 5019 είς
610 4956 801 5009 ἑαυτὸν
850 4956 1189 5027 ἁρπάζοντος
1219 4956 1314 5011 τοῦ
1349 4957 1598 5030 μολίϐδου
1632 4978 1789 5030 φυσι-

194 5046 333 5112 κῶς,
365 5047 465 5101 τοῦ
503 5048 898 5121 συγκαιομένου
944 5050 1035 5104 τὸν
1084 5048 1282 5121 ῥύπονο
1318 5050 1561 5104 τοιοῦτόν
1598 5071 1647 5106 τι
1695 5056 1777 5106 κα⁹

194 5138 278 5202 εἰς
303 5140 461 5210 ἡμᾶς
499 5141 700 5206 αὐτοὺς
726 5141 1011 5213 ἐπλήρωσε
1048 5143 1301 5214 Χριστός.
1342 5142 1646 5215 ’Ᾱεοκίμοις
1679 5143 1789 5215 γὰρ

192 5226 359 5284 οὖσιν
407 5233 610 5305 ἐμίχθη
649 5232 976 5304 σωματικῶς
1002 5232 1062 5287 τε
1086 5232 1205 5304 ἅμα
1240 5232 1335 5288 καὶ
1374 5234 1782 5306 πνευματικῶς,

190 5318 345 5375 οὕτω
376 5336 439 5373 τε
482 5321 669 5376 λοιπὸν
711 5322 803 5376 τὸν
844 5324 903 5377 ἐν
942 5322 1079 5393 ημῖν
1109 5320 1372 5392 κατέτηξε
1407 5321 1598 5394 ῥύπον.
1631 5324 1784 5395 Αῐρει

187 5412 306 5484 γὰρ
332 5413 500 5484 ἡμῶν
534 5414 634 5478 τὰς
676 5414 970 5487 ἁμαρτίας,
1002 5414 1071 5469 ἶν’
1101 5416 1262 5486 ἡμεῖς
1299 5415 1367 5469 δι’
1405 5415 1567 5469 αὐτόν
1592 5431 1654 5468 τε
1691 5414 1788 5470 καὶ

1887 4510 2186 4582 aliquando
2224 4521 2514 4568 venturum
2561 4520 2727 4583 atque
2772 4513 3114 4580 adfuturum,
3154 4534 3172 4566 ι
3215 4514 3458 4570 Ειιεειει-

1887 4601 2114 4667 buntur,
2143 4612 2201 4658 et
2228 4604 2497 4659 videbunt
2519 4603 2757 4674 lapidem
2785 4614 3075 4660 stanneum
3100 4605 3156 4659 in
3173 4620 3335 4659 manu
3353 4604 3458 4659 Zo—

1887 4694 2110 4750 robabel
2142 4696 2207 4750 δι.
2254 4715 2274 4746 ι
2306 4694 2388 4751 Ad
2414 4695 2666 4751 eumdem
2717 4695 2935 4751 modum
2977 4697 3144 4768 igitur
3178 4698 3284 4752 hoc
3321 4712 3459 4767 quo-

1890 4801 1994 4855 que
2024 4786 2146 4841 loco
2175 4785 2385 4855 plumbi
2424 4787 2691 4841 talentum
2715 4787 2968 4842 eumdem
3000 4796 3176 4843 vocat.
3207 4787 3336 4855 Quae
3357 4804 3458 4842 au-

1862 4867 1998 4931 ‘tem
2039 4876 2204 4947 hujus
2237 4876 2316 4931 rei
2356 4877 2427 4932 sit
2471 4878 2650 4942 ratio,
2689 4894 2881 4934 rursus
2926 4878 3123 4934 dicam.
3160 4879 3460 4950 Argentum

1889 4967 2184 5036 reprobum
2225 4966 2388 5023 simul
2428 4983 2552 5023 cum
2588 4967 2814 5039 plumbo
2854 4969 2900 5025 si
2952 4967 3216 5040 liqueﬁat,
3258 4970 3462 5040 optime

1888 5065 2154 5128 purgatur
2194 5076 2206 5112 :
2247 5059 2391 5128 rapit
2426 5058 2574 5114 enim
2614 5060 2899 5131 plumbum
2950 5061 3019 5115 ad
3062 5076 3119 5116 se
3160 5070 3369 5117 naturae
3406 5079 3462 5120 γι

1889 5147 2053 5227 simul
2101 5149 2309 5204 excocti
2349 5149 2560 5205 metalli
2600 5151 2792 5207 sordes
2826 5170 2837 5205 :
2886 5166 2995 5206 non
3037 5150 3304 5207 dissimile
3360 5151 3465 5207 fuit

1892 5237 2049 5304 illud,
2071 5241 2219 5310 quod
2243 5240 2497 5298 Christus
2521 5259 2648 5315 erga
2679 5258 2780 5299 nos
2813 5243 2961 5313 ipsos
3000 5243 3261 5314 implevit.
3294 5242 3464 5297 Nobis

1892 5328 2060 5394 enim,
2091 5345 2215 5385 eum
2240 5332 2457 5401 reprobi
2482 5349 2746 5399 essemus,
2768 5348 2877 5387 non
2906 5332 3261 5403 corporaliter
3277 5327 3461 5392 modo,

1893 5419 1989 5476 sed
2018 5423 2376 5492 spiritualiter
2418 5425 2687 5482 admistus
2720 5433 2841 5491 est;
2881 5424 2955 5478 ita
2995 5424 3230 5493 denique
3272 5418 3467 5474 sordes

186 5499 261 5558 δι’
290 5504 468 5558 αὐτοῦ
503 5505 733 5578 καθαροί
752 5522 812 5559 τε
835 5500 985 5577 ὦμεν
1010 5506 1106 5559 καὶ
1147 5506 1645 5578 λελαμπρυσμένοι.
1674 5507 1783 5561 Καὶ

1893 5512 2261 5583 colliquefecit
2310 5531 2405 5572 eas
2442 5533 2563 5588 quae
2606 5517 2766 5573 nobis
2802 5515 3033 5571 inerant.
3067 5516 3118 5570 Is
3154 5513 3301 5568 enim
3324 5510 3469 5570 tollit

256 5615 571 5693 tPhilipp.
593 5634 657 5693 ιι,
674 5618 727 5672 9.
887 5617 1034 5673 Psal.
1084 5617 1301 5693 (πῃ-42.
1355 5619 1423 5693 _'_‘
1442 5619 1602 5693 Rom.
1647 5633 1765 5693 νηί,

1888 5654 1909 5691 η,
1951 5625 2038 5681 54.
2108 5626 2152 5659 ³⁷
2192 5627 2295 5683 Isa.
2361 5644 2562 5693 xmn,
2610 5626 2695 5683 16.
2762 5602 3033 5682 ³⁸’Μιιιιιι
3086 5640 3201 5690 xm,
3236 5623 3327 5693 45,
3372 5616 3491 5684 ιϐ’,

186 5683 246 5739 .⁸⁹
262 5683 568 5761 Ephesii—1,
592 5687 681 5743 16.
757 5687 805 5719 ⁸⁸
823 5687 979 5743 Joan.
1001 5704 1131 5752 xvn,
1150 5687 1241 5741 24.
1323 5689 1366 5721 ⁴¹
1387 5688 1619 5745 Zachar.
1645 5703 1719 5756 tv,
1744 5683 1821 5775 ιο,

526 5779 803 5843 ΡΑτιιοι..
848 5780 963 5841 Gn.
1005 5778 1264 5842 LXVIII.
2984 5778 3061 5845 10
