3954 6200
471 249 574 302 ‘299

1459 245 1518 310 S,
1556 243 1832 301 CYRILLI
1873 245 2352 306 ALEXANDRINI
2384 248 2701 306 ARCHIEP.

3610 251 3713 308 500

472 369 696 434 peccata
726 369 932 422 nostra,
961 367 1020 412 ut
1049 373 1148 412 nos
1177 364 1398 427 propter
1429 358 1606 426 ipsum
1638 365 1694 410 et
1732 372 1830 426 per
1861 356 2039 426 ipsum

2148 359 2273 426 γοῦν
2304 362 2332 413 ὁ
2364 361 2646 432 προφήτης
2681 358 2948 432 Ἱερεμίας
2969 360 3096 424 τοὺς
3116 359 3226 416 τῶν
3266 359 3530 416 Ἰουδαίων
3551 362 3712 427 λαοὺς

397 469 415 498 -’
472 454 596 525 puri
622 467 686 506 ac
709 448 980 520 splendidi
1005 449 1194 502 simus.
1223 449 1292 503 Et
1317 457 1464 502 certe
1477 447 1746 516 propheta
1778 447 2043 502 Jeremias

471 543 540 595 de
593 538 907 594 Iudaeorum
953 535 1171 606 populis
1212 537 1307 605 qui
1355 536 1734 606 purgationem
1781 537 2041 606 repudia-

470 641 593 684 rent
629 643 750 682 eam
767 642 886 696 quae
905 642 1004 696 per
1025 625 1302 684 Christum
1326 626 1633 696 perﬁcitur,
1663 626 2040 695 conqueritur,

469 722 688 774 dicens:
730 717 966 773 «Defecit
987 718 1344 774 sufﬂatorium
1370 717 1439 772 ab
1466 717 1612 786 igne,
1645 717 1844 772 defecit
1869 719 2046 788 plum-

473 811 622 875 bum,
672 808 874 863 frustra
913 809 1254 880 argentarius
1301 807 1524 871 conﬁat,
1559 808 1819 877 nequitiae
1847 824 2039 864 eorum

470 917 577 956 non
617 907 745 956 sunt
783 908 1018 954 excoctae
1055 917 1069 954 :
1106 907 1396 970 argentum
1446 899 1798 969 reprobatum
1847 907 2043 954 vocate

471 991 610 1055 illos,
629 991 759 1061 quia
778 990 1090 1061 reprobavit
1108 990 1230 1044 illos
1251 991 1516 1044 Dominus
1535 990 1598 1042 θ’.
1613 1009 1630 1040 ι
1653 990 1920 1060 Intelligis
1939 990 2044 1061 igi-

471 1092 560 1136 tur
584 1096 693 1137 non
726 1082 1002 1152 ignorasse
1026 1079 1359 1150 Scripturam
1374 1079 1614 1134 divinam
1659 1080 2045 1150 purgationem

473 1174 680 1244 argenti
717 1172 840 1227 sine
855 1172 1076 1242 plumbo
1102 1171 1220 1226 ﬁeri
1249 1188 1358 1227 non
1385 1187 1563 1242 posse.
1588 1173 1749 1243 Ergo,
1769 1172 1897 1242 quia
1923 1187 2042 1237 nos,

473 1281 597 1320 cum
616 1265 832 1335 reprobi
853 1280 1120 1328 essemus,
1157 1280 1188 1319 a
1209 1263 1429 1320 Christo
1453 1265 1666 1334 purgati
1694 1279 1904 1327 sumus,
1925 1264 2046 1319 ideo

472 1357 562 1410 ille
598 1371 696 1425 per
741 1356 1024 1426 plumbum
1069 1355 1350 1425 ﬁguratur.
1396 1355 1660 1425 Idemque
1699 1355 1937 1409 obstruit
1984 1371 2048 1411 os

471 1447 793 1516 iniquitatis,
818 1462 937 1515 qua:
953 1447 1133 1516 Specie
1158 1445 1405 1499 mulieris
1427 1445 1736 1499 indicatur:
1763 1454 2045 1501 estautem

471 1537 668 1590 mulier
696 1534 1032 1589 infirmitatis
1063 1535 1225 1589 simul
1258 1542 1314 1588 et
1339 1534 1636 1604 voluptatis
1667 1545 1814 1590 nota.
1843 1537 2047 1606 Iniqui-

470 1637 553 1679 tas
596 1641 761 1695 porro
812 1613 991 1680 omnis
1033 1640 1131 1695 per
1176 1625 1292 1678 haec
1347 1623 1457 1678 duo
1499 1625 1898 1691 committitur;
1951 1627 2046 1681 tibi

2143 452 2240 523 τὴν
2257 452 2344 506 διὰ
2374 451 2610 523 Χριστοῦ
2631 450 2896 523 κάθαρσιν
2917 453 2979 505 οὐ
2998 454 3410 524 προσιεμένους,
3429 456 3715 510 ἐποτνιᾶτο

2142 540 2316 608 λέγων
2336 557 2349 570 ο
2387 559 2406 592 ι
2448 540 2689 604 Ἑξέλιπε
2721 539 2973 613 φυσητὴρ
3004 541 3113 594 ἀπὸ
3145 542 3338 612 πυρὸς.
3373 543 3584 608 ἐξέλιπε
3620 545 3714 616 μό-

2143 631 2341 696 λιϐδος,
2369 632 2449 696 είς
2470 632 2624 686 κενδν
2646 633 3022 704 ἀργυροκόπος
3046 633 3434 705 ἀργυροκοπεῖ,
3466 638 3712 709 πονηρίαι

2144 721 2325 773 αὐτῶν
2353 721 2454 773 οὐκ
2500 719 2777 791 ὲτάκησαν
2797 735 2811 749 ⁸
2863 718 3125 791 ἀργύριον
3152 720 3713 792 ἀποδεδοκιμασμένον

2144 810 2410 864 καλέσατε
2437 812 2650 874 αὐτοὺς,
2685 811 2766 864 ὅτι
2793 809 3195 881 ἀπεδοκίμασεν
3212 810 3406 874 αὐτοὺς
3428 809 3647 883 Κύριος.
3687 831 3706 863 ι

2146 900 2338 972 Συνίης
2359 896 2450 954 οὖν
2483 901 2630 964 ὅπως
2655 901 2754 954 οὐκ
2783 901 3048 971 ἠγνόηκεν
3077 901 3111 971 ἡ
3143 900 3260 953 θεία
3284 901 3476 974 Γραφῇ
3505 902 3601 973 τὴν
3626 905 3710 956 ἐπ’

2143 991 2370 1063 ἀργύρῳ
2393 991 2658 1061 κάθαρσιν
2683 993 2745 1045 οὐ
2773 992 2895 1062 δίχα
2914 992 3164 1063 μολίϐδου
3198 994 3529 1064 πράττεσθαι
3558 995 3713 1050 δυνα-

2149 1083 2335 1152 μένην.
2392 1082 2602 1136 Οὐκοῦν
2667 1083 2967 1154 ἐπειδήπερ
3012 1082 3304 1154 ἀδοκίμους
3357 1083 3513 1148 ὄντας
3567 1087 3710 1157 ἡμᾶς

2144 1170 2476 1244 έξεκάθηρεν
2508 1175 2537 1226 ό
2581 1172 2834 1244 Χριστὸς,
2881 1171 3112 1244 μολίϐδῳ
3159 1174 3574 1244 παρεικάζεται,
3619 1179 3713 1232 καὶ

2144 1264 2304 1328 αὐτὸς
2344 1265 2643 1336 ἐμφράττει
2668 1264 2766 1334 τῆς
2801 1263 3072 1335 ἁμαρτίας
3101 1264 3162 1317 τὸ
3199 1265 3391 1336 στόμα,
3418 1271 3517 1338 τῆς
3545 1269 3618 1334 ὡς
3656 1273 3713 1324 ἐν

2145 1354 2274 1407 εἴδει
2313 1353 2592 1422 γυναικός.
2624 1353 2765 1424 Γυνὴ
2807 1352 2862 1404 δὲ
2897 1352 3167 1423 σύμϐολον
3193 1353 3472 1420 ἀσθενείας
3502 1374 3561 1409 τε
3596 1359 3712 1428 ἅμα

2146 1446 2241 1498 καὶ
2267 1444 2482 1516 ἡδονῆς,
2512 1442 2713 1512 ἀνομία
2745 1459 2805 1495 τε
2839 1444 2989 1496 πᾶσα
3017 1443 3105 1497 διά
3145 1443 3352 1499 τούτων
3392 1447 3709 1516 πράττεται.

2157 1536 2347 1606 Ἡδονῇ
2373 1535 2481 1606 γάρ
2507 1535 2614 1588 τινὶ
2640 1537 2705 1605 τῇ
2728 1535 2807 1596 είς
2824 1533 2884 1586 τὸ
2903 1533 3083 1603 τυχὸν,
3108 1534 3142 1605 ἢ
3171 1535 3288 1588 τόδε
3306 1539 3714 1614 προκατεφθαρ-

2151 1628 2309 1696 μένος
2359 1627 2388 1678 ό
2420 1625 2566 1689 νοῦς,
2610 1624 2754 1678 οὕτω
2802 1642 2863 1677 τε
2911 1625 3414 1697 ἀπονευρούμενος,
3462 1631 3586 1693 τοὺς
3633 1629 3722 1693 εἰς’

468 1717 617 1771 enim
645 1716 797 1787 prius
822 1732 977 1772 mens
998 1717 1276 1786 voluptate
1303 1716 1510 1786 aliqua,
1537 1731 1698 1786 quam
1725 1733 1791 1771 ex
1820 1717 1920 1771 hac
1952 1726 2040 1772 aut

2148 1717 2348 1789 ἀρετὴν
2385 1715 2761 1787 ἀποφέροντας
2797 1714 2979 1783 ἀνίησι
3013 1716 3226 1782 πόνους,
3262 1719 3446 1774 πίπτει
3491 1721 3546 1774 δὲ
3578 1724 3710 1793 πρδς

471 1809 562 1862 illa
588 1824 647 1863 re
672 1809 998 1878 perceperit,
1030 1816 1283 1878 corrupta
1300 1807 1486 1872 fuerit,
1524 1814 1638 1862 tum
1671 1819 1928 1864 enervata
1962 1810 2042 1864 la-

470 1897 634 1951 bores
665 1897 1050 1963 remittitillos,
1093 1897 1186 1966 qui
1227 1897 1296 1952 ad
1334 1898 1596 1953 virtutem
1635 1897 1839 1964 ferunt,
1886 1909 1942 1955 et
1977 1900 2044 1954 ad

463 1995 753 2056 peccatum
778 1987 982 2040 labitur
1004 1987 1276 2042 humanus
1303 1988 1518 2058 animus
1543 2006 1555 2041 :
1599 1988 1783 2059 itaque
1795 1989 2043 2058 volupta-

473 2078 544 2131 tis
558 2078 751 2148 “potius
784 2086 1056 2134 amatores
1091 2094 1254 2149 quam
1296 2080 1392 2134 Dei
1432 2077 1660 2149 quidam
1688 2079 1947 2134 dicuntur
1979 2081 2042 2133 “.

469 2168 782 2238 Alloquitur
822 2169 985 2224 etiam
1033 2170 1297 2240 propheta
1339 2185 1434 2225 eos
1491 2171 1586 2239 qui
1624 2185 1691 2224 ex
1731 2169 2045 2226 inﬁrmitate

465 2255 638 2309 animi
678 2257 886 2326 peccati
927 2273 988 2311 ac
1024 2257 1234 2314 vitiosae
1275 2257 1656 2315 dissolutionis
1696 2260 1886 2315 morbo
1926 2262 2046 2316 lan-

465 2345 712 2414 guebant
740 2363 752 2398 :
795 2365 811 2395 ι
832 2345 1272 2413 -Οοηΐοῐιοιηίιιί,
1291 2363 1485 2402 manus
1515 2347 1776 2415 remissa,
1799 2356 1854 2403 et
1872 2365 2046 2420 genua

458 2437 738 2493 :dissoluta
771 2437 836 2492 “.
873 2457 892 2489 ι

543 2526 738 2582 PALL.
783 2527 888 2582 Sed
925 2529 992 2583 de
1029 2529 1135 2584 hoc
1180 2531 1330 2585 satis.
1381 2530 1521 2586 Illud
1572 2547 1703 2588 vero
1755 2534 2046 2590 mulierum

472 2635 592 2689 par,
616 2634 821 2688 quaeso,
873 2636 995 2691 qua:
1027 2637 1342 2678 mensuram
1381 2631 1544 2695 atque
1597 2625 1941 2697 iniquitatem
1991 2628 2046 2683 in

472 2710 826 2780 Babyloniam
886 2713 1165 2782 regionem
1211 2713 1507 2781 deferunt,
1552 2717 1685 2788 quid
1743 2717 1849 2773 sibi
1893 2718 2057 2792 vult?-

471 2800 671 2870 quidve
697 2801 1002 2872 signiﬁcat?

534 2893 697 2948 'CYR.
729 2892 1080 2949 Ohstructum
1121 2904 1226 2962 est,
1271 2895 1496 2962 Palladi,
1535 2914 1634 2969 per
1668 2899 1947 2956 Christum
1983 2917 2046 2957 os

471 2986 1113 3059 iniquitatis;justiﬁcati
1143 3004 1379 3059 namque
1418 2991 1474 3044 in
1506 2990 1840 3058 illo-sumus,
1879 3001 2043 3064 atque

469 3080 541 3134 ab
575 3071 733 3152 104
771 3079 920 3134 omni
967 3080 1348 3137 criminatione
1395 3081 1640 3148 liberati,
1685 3083 1883 3155 illaque
1930 3085 2040 3140 ini-

467 3171 696 3239 quitatis
728 3169 1020 3225 adversum
1057 3187 1158 3227 nos
1194 3173 1470 3227 accusatio
1509 3175 1845 3244 conquievit.
1883 3176 2040 3234 Hune

465 3259 617 3313 enim
654 3261 824 3316 totius
867 3261 1290 3331 dispensationis
1331 3262 1646 3320 suae-ﬁnem
1682 3268 2040 3337 .propositum

467 3351 662 3406 habuit
701 3352 767 3415 is,
795 3352 899 3422 qui
923 3362 1146 3423 propter
1179 3369 1300 3419 nos,
1344 3354 1646 3411 secundum
1691 3372 1811 3422 nos,
1847 3367 1904 3413 et
1939 3374 2040 3428 pro

465 3443 630 3497 nobis
655 3451 887 3498 mortem
911 3444 1408 3508 subiit,.etsi‘denuo
1432 3446 1658 3511 revixit;
1693 3462 1869 3517 neque
1891 3449 2038 3504 enim

467 3533 552 3588 fas
575 3543 713 3598 erat,
755 3544 816 3588 ut
852 3535 965 3589 vita
1009 3535 1170 3588 morti
1223 3536 1634 3591 succumberet.
1653 3535 1762 3593 Sed
1790 3540 2038 3594 nonnulli

463 3638 584 3676 non
608 3622 964 3677 crediderunt
978 3622 1179 3678 Christi
1203 3624 1535 3695 Evangelio;
1562 3626 1817 3696 ideoque,
1852 3644 1977 3684 cum
2007 3647 2040 3686 α

461 3724 698 3785 ςυεεοοιο
735 3714 932 3769 redimi
970 3717 1269 3784 noluerint,
1309 3719 1388 3773 nil
1413 3719 1633 3786 mirum,
1667 3720 1713 3775 si
1739 3722 1858 3792 ejus
1901 3739 2038 3793 pec-

464 3805 579 3859 cati
608 3805 878 3861 sarcinam
913 3807 1093 3862 denuo
1118 3807 1321 3884 ferunt,
1353 3826 1517 3880 quam
1539 3812 1655 3868 suis
1679 3812 1782 3884 ipsi
1804 3815 2038 3872 cervici-

471 3897 575 3952 bus
597 3896 916 3954 inﬁrmitate
954 3900 1201 3966 rationis,
1227 3911 1282 3956 et
1304 3901 1563 3972 languore
1581 3905 1802 3969 mentis,
1825 3914 1882 3961 et
1897 3907 2037 3961 mol-

466 3987 586 4042 litie
639 3988 804 4042 animi
870 4005 1063 4059 parum
1102 3992 1729 4063 virilis'imposucrunt.
1775 3995 1839 4049 Hi
1890 3995 2038 4052 omni

468 4076 660 4146 spiritu
705 4077 957 4148 improbo
1000 4081 1483 4148 circumferuntur,
1545 4093 1601 4139 et
1645 4085 1712 4139 ad
1751 4101 1913 4141 omne
1942 4101 2037 4157 ge-

466 4182 573 4221 nus
627 4168 961 4238 impuritatis
1005 4171 1484 4228 vehementissime
1541 4175 1830 4245 compulsi,
1891 4192 2040 4231 sum-

465 4273 618 4312 mum
671 4258 911 4314 studium
982 4261 1148 4316 rebus
1203 4262 1415 4316 vitiosis
1465 4261 1807 4333 impendunt.
1861 4264 2037 4320 Studii

464 4351 632 4419 porro'
648 4350 857 4421 insigne
879 4361 1230 4420 suntpennm,
1249 4365 1384 4419 quas
1398 4350 1562 4404 etiam
1577 4367 1697 4406 esse
1709 4352 1785 4405 ait
1807 4369 2004 4423 upupa:
2021 4372 2034 4408 :

464 4456 637 4510 genus
679 4451 762 4496 est
811 4452 995 4500 autem
1049 4442 1103 4495 id
1161 4442 1406 4505 aviculze,
1470 4456 1591 4511 qua:
1642 4457 1859 4512 semper
1893 4445 2038 4500 circa

463 4533 638 4586 lutum
669 4533 907 4601 pessime
931 4532 1084 4587 olens
1115 4531 1464 4603 volat,atque
1497 4547 1564 4588 ex
1585 4547 1746 4588 coeno
1774 4543 1828 4589 et
1857 4536 2036 4590 sordi-

465 4623 567 4679 bus
606 4619 1216 4692 pastumpetitglgitur
1261 4619 1573 4690 quicunque
1614 4635 1712 4674 sua
1757 4621 1937 4677 studia
1981 4623 2038 4678 in

465 4711 835 4783 impuritatem
898 4709 1199 4773 insumunt,
1232 4708 1309 4762 "hi
1361 4708 1555 4778 procul
1614 4707 1784 4764 dubio
1826 4725 2039 4780 pennas

465 4803 804 4875 upupaejure
841 4801 1049 4871 optimo
1089 4799 1294 4854 habere
1330 4799 1548 4854 dicendi
1594 4809 1741 4855 sunt.
1785 4799 2036 4856 Muliebri

465 4895 631 4950 iidem
671 4892 855 4964 specie
899 4898 1029 4945 sunt
1066 4899 1122 4944 et
1157 4889 1454 4944 ell'eminati
1503 4907 1517 4943 :
1561 4889 1800 4960 denique
1843 4889 2036 4944 eadem

463 4984 636 5038 forma
666 4992 795 5039 sunt
853 4997 959 5051 qua
987 4995 1106 5034 esse
1151 4977 1358 5033 dicitur
1404 4979 1667 5049 iniquitas
1701 4995 1893 5033 eorum
1933 4979 2034 5033 do-

461 5073 630 5127 mina.
656 5073 726 5127 Ut
754 5071 900 5126 enim
936 5068 1243 5124 conformes
1266 5065 1484 5122 Christo
1505 5082 1603 5136 per
1639 5065 2033 5120 sanctiﬁcatio-

464 5181 589 5220 nem
614 5163 750 5218 ﬁunt
781 5163 875 5233 qui
903 5160 1004 5216 sub
1049 5161 1168 5229 ipso
1203 5167 1260 5213 et
1290 5172 1414 5212 cum
1448 5158 1566 5227 ipso
1615 5165 1743 5211 sunt
1781 5175 1792 5209 :
1828 5157 1907 5210 sic
1929 5157 2031 5210 ini-

461 5254 656 5329 quitati
699 5253 1006 5309 conformes
1053 5265 1116 5304 ac
1151 5248 1359 5304 similes
1417 5256 1548 5302 sunt
1591 5247 1684 5317 qui
1727 5247 2033 5316 iniquitatis

462 5350 728 5406 sarcinam
769 5344 1131 5406 sustulerunt,
1171 5341 1634 5409 institueruntque
1697 5339 1865 5393 vitam
1908 5353 2032 5393 cum

461 5442 724 5497 vitiorum
772 5437 1102 5507 'impuritate
1168 5433 1474 5489 traducere.
1520 5431 1595 5486 'ln
1648 5430 2032 5502 Ba'bylouicam

2150 1806 2421 1878 ἁμαρτίαν
2447 1808 2480 1876 ἡ
2508 1806 2602 1858 τοῦ
2633 1805 2920 1877 ἀνθρώπου
2946 1805 3090 1879 ψυχή
3109 1823 3124 1838 °
3144 1809 3419 1880 τοιγάρτοι
3445 1811 3711 1882 φίλήδονοι

2151 1887 2349 1967 μᾶλλον
2378 1895 2412 1968 ἦ
2442 1895 2676 1965 φιλόθεοι
2725 1894 2971 1962 λέγονταί
3002 1913 3166 1958 τινες.
3209 1897 3499 1968 Ἐπιφωνεῖ
3533 1899 3589 1953 δὲ
3623 1905 3714 1954 καὶ

2147 1989 2176 2039 ό
2210 1987 2497 2057 προφήτης
2517 1988 2629 2050 τοῖς
2662 1985 2720 2052 ἐξ
2749 1984 3028 2048 ἀσθενείας
3058 1985 3293 2056 ψυχικῆς
3321 1990 3713 2061 κατηῤῥωστη-

2147 2076 2268 2131 κόσι
2303 2076 2402 2148 τὴν
2424 2077 2717 2149 ἁμαρτίαν,
2742 2076 2836 2130 καὶ
2868 2074 2965 2146 τὴν
2991 2077 3068 2139 είς
3111 2075 3418 2148 φαυλότητα
3447 2080 3676 2151 πάρεσιν
3695 2098 3708 2110 ·

2155 2185 2173 2218 ι
2220 2167 2496 2237 ’ἰσχύσατε
2526 2170 2704 2238 χεῖρες
2737 2165 3039 2237 ἀνειμέναι,
3071 2166 3165 2221 καὶ
3183 2166 3382 2236 γόνατα
3407 2168 3717 2242 παραλελυ-

2151 2276 2306 2329 μενα.
2342 2279 2360 2311 ι

2217 2529 2425 2582 ΠΑΛΛ.
2474 2526 2614 2580 Ἀλλ’
2641 2519 2742 2580 ὧδε
2771 2525 2870 2595 μὲν
2901 2525 3039 2580 τόδε.
3082 2523 3323 2598 Ξυνωρίς
3343 2544 3424 2592 τε,
3454 2527 3575 2582 εἰπέ
3597 2547 3710 2600 μοι.

2147 2614 2439 2682 γυναικῶν,
2475 2614 2529 2668 αἳ
2562 2614 2624 2667 τὸ
2671 2613 2866 2684 μέτρον
2912 2614 3007 2667 καὶ
3063 2615 3163 2687 τὴν
3209 2616 3436 2687 ἀνομίαν
3481 2617 3562 2681 είς
3609 2619 3714 2688 γῆν

2147 2705 2480 2778 ἀποφέρουσι
2505 2705 2604 2774 τὴν
2632 2704 3006 2770 Βαὸυλωνίων,
3035 2706 3087 2758 τί
3121 2705 3186 2760 ἂν
3218 2706 3459 2777 βούλοιτο
3479 2708 3666 2780 δηλοῦν
3691 2727 3710 2774 ;

2209 2884 2376 2938 ΚΥΡ.
2423 2882 2838 2954 Ἐμπέφρακται
2879 2883 2998 2952 μὲν,
3033 2877 3078 2934 ὦ
3100 2886 3337 2950 γενναῖε,
3361 2884 3462 2953 τῆς
3487 2885 3714 2956 ἀνομίας

2145 2974 2205 3028 τὸ
2237 2975 2410 3046 στόμα
2434 2973 2523 3028 διὰ
2566 2973 2835 3045 Χριστοῦ·
2870 2973 3261 3044 δεδικαιὼμεθα
3300 2978 3408 3048 γάρ
3446 2979 3504 3030 έν
3543 2977 3714 3047 αὐτῷ,

2071 3042 2113 3099 C
2147 3042 2547 3137 ἀπηλλάγμεθά
2593 3042 2652 3118 τε
2690 3063 2892 3130 παντὸς
2923 3042 3264 3135 αἰτιάματος,
3313 3042 3408 3120 καὶ
3441 3042 3714 3122 πέπαυται

2147 3158 2272 3213 καθ’
2319 3159 2475 3230 ἡμῶν
2500 3159 2534 3230 ἡ
2563 3159 2661 3230 τῆς
2702 3157 2932 3228 ἀνομίας
2974 3159 3338 3231 κατάρῤησις.
3374 3160 3566 3229 Γέγονε
3605 3161 3717 3232 γὰρ

2146 3241 2304 3312 οὗτος
2332 3248 2429 3318 τῆς
2454 3249 2535 3312 είς
2550 3249 2699 3319 ἡμᾶς
2725 3249 3035 3320 οίκονομίας
3057 3251 3085 3303 ὁ
3115 3251 3336 3317 σκοπὸς,
3359 3250 3436 3322 τῷ
3457 3252 3524 3304 δι’
3545 3253 3714 3323 ἡμᾶς,

2146 3336 2269 3391 καθ’
2293 3338 2463 3407 ἡμᾶς,
2499 3337 2594 3390 καὶ
2622 3336 2765 3408 ὑπὲρ
2787 3336 2965 3407 ἡμῶν,
2995 3339 3073 3401 είς
3099 3337 3346 3403 θάνατον,
3375 3341 3426 3392 εί
3465 3339 3559 3392 καὶ
3587 3341 3717 3393 ἀνευ

2147 3426 2251 3481 ὀίω
2275 3426 2438 3480 πάλιν
2456 3444 2468 3456 °
2493 3427 2554 3482 οὐ
2581 3426 2690 3499 γὰρ
2718 3427 2992 3498 ἐνεδέχετο
3017 3428 3117 3499 τὴν
3146 3427 3289 3500 ζωὴν
3325 3427 3588 3500 ἡττᾶσθαι
3618 3428 3716 3482 θα-

2145 3517 2312 3588 νάτῳ.
2351 3516 2490 3570 Ἀλλ’
2517 3517 2821 3588 ἡπείθησάν
2845 3535 2986 3582 τινες
3011 3518 3091 3591 τῷ
3120 3520 3433 3593 Εὐαγγελίῳ
3457 3521 3549 3575 τοῦ
3579 3524 3718 3593 Χρι-

2145 3607 2302 3672 στοῦ,
2329 3609 2422 3661 καὶ
2445 3606 2542 3680 τὴν
2570 3609 2635 3662 ὲκ
2667 3609 2766 3677 τῆς
2794 3609 3067 3679 ἁμαρτίας
3100 3610 3162 3665 οὑ
3186 3613 3589 3684 προσηκάμενοι
3619 3612 3715 3666 λύ-

2143 3716 2366 3770 τρωσιν,
2405 3698 2768 3770 ἀχθοφοροῦσι
2793 3700 2956 3754 πάλιν
2983 3701 3173 3766 αὐτὴν,
3205 3704 3325 3768 ταῖς
3351 3703 3500 3773 σφῶν
3530 3705 3713 3758 αὐτῶν

2145 3792 2552 3864 ὲπαρτήσαντες
2569 3792 2834 3863 κεφαλαῖς
2853 3792 2942 3848 διὰ
2966 3794 3160 3865 φρενὸς
3187 3795 3490 3862 ἀσθένειαν,
3512 3799 3603 3853 καὶ
3618 3799 3716 3854 νοῦ

2149 3883 2423 3955 μαλακίαν
2471 3883 2568 3939 καὶ
2599 3885 2889 3958 ἀνανδρίαν
2919 3886 3120 3958 ψυχῆς,
3166 3883 3326 3943 Οὗτοι
3359 3891 3521 3946 παντὶ
3550 3895 3717 3947 πνεῦ-

2149 3990 2279 4043 ματι
2317 3974 2707 4045 περιφέρονται
2746 3974 2990 4046 πονηρῷ,
3023 3977 3119 4029 καὶ⁵
3165 3979 3246 4041 είς
3276 3980 3383 4033 πᾶν
3410 3977 3547 4046 εἶδος
3575 3984 3719 4037 ἀκα-

2145 4064 2375 4135 θαρσίας
2443 4063 2727 4134 βιαιότατα
2794 4065 3188 4137 συνωθούμενοι
3258 4070 3516 4142 πλείστην
3580 4075 3718 4144 ὅσην

2146 4153 2421 4208 ποιοῦνται
2444 4153 2542 4225 τὴν
2562 4155 2642 4218 εἰς
2661 4154 2729 4208 τὰ
2760 4155 2937 4223 φαῦλα
2960 4157 3220 4228 σπουδήν.
3257 4161 3499 4234 Σπουδῆς
3535 4165 3589 4217 δὲ
3616 4184 3719 4236 ση-

2147 4245 2298 4312 μεῖον
2324 4243 2357 4312 η
2388 4241 2614 4312 πτέρυξ,
2646 4244 2712 4313 ᾖν
2741 4243 2836 4296 καὶ
2856 4242 3066 4310 ἔποπος
3102 4243 3245 4301 εἷναί
3277 4265 3461 4318 φησιν,
3488 4247 3627 4318 εἶδος
3655 4256 3720 4309 δὲ

2141 4332 2301 4386 τοῦτο
2334 4333 2637 4404 στρουθίου,
2663 4333 2732 4386 τά
2759 4333 2868 4387 τῶν
2900 4335 3182 4406 τελμάτων
3215 4338 3302 4392 ἀεὶ
3340 4339 3720 4400 δυσωδέστατα

2141 4424 2509 4495 περιθέοντος,
2549 4425 2646 4479 καὶ
2689 4425 2758 4480 τά
2804 4428 2868 4480 ὲκ
2917 4425 3180 4498 βορϐόρου
3225 4430 3320 4484 καὶ
3373 4433 3721 4506 ἀκαθαρσίας

2145 4515 2492 4586 συλλέγοντος
2520 4518 2600 4581 είς
2635 4519 2866 4589 τροφήν.
2884 4518 3039 4574 Ὅσοι
3064 4521 3354 4593 τοιγαροῦν
3386 4523 3486 4588 τὰς
3508 4525 3724 4581 ἑαυτῶν

2144 4609 2379 4673 σπουδάς
2415 4608 2724 4663 δαπανῶσιν
2755 4611 2836 4673 είς
2883 4609 3180 4683 μολυσμὸν,
3209 4607 3355 4668 οὗτοι
3397 4615 3462 4685 δὴ
3499 4618 3723 4682 πάντως

2141 4699 2242 4763 τὰς
2284 4700 2383 4771 μὲν
2412 4699 2693 4772 πτέρυγας
2716 4699 2922 4764 ἔποπος
2941 4702 3167 4766 εἰκότως
3194 4703 3261 4757 ἂν
3287 4704 3429 4774 ἔχειν
3451 4705 3718 4774 λέγοιντο.

2141 4789 2534 4855 Γυναικοειδεῖς
2589 4790 2648 4844 δὲ
2695 4791 2793 4845 καὶ
2851 4793 3027 4855 αὐτοὶ,
3072 4793 3169 4847 καὶ
3226 4794 3720 4868 ὲκτεθηλυμμένοι,

2144 4881 2460 4954 σῦμμορφοί
2483 4899 2542 4936 τε
2568 4882 2754 4937 λοιπὸν
2798 4885 2862 4954 τῇ
2911 4884 3317 4959 τυραννευοῠσῃ
3365 4888 3507 4942 κατά
3565 4890 3724 4958 σφῶν

2141 4972 2408 5044 ἁμαρτίᾳ.
2444 4974 2650 5045 Ὀνπερ
2666 4973 2775 5046 γάρ
2801 4972 3021 5044 τρόπον,
3058 4974 3372 5046 σύμμορφοι
3391 4977 3467 5048 τῷ
3493 4979 3724 5052 Χριστῷ

2141 5063 2210 5116 δι’
2233 5064 2504 5135 ἀγιασμοῦ
2537 5065 2822 5134 γεγόνασιν
2851 5066 2900 5118 οἱ
2925 5065 3018 5119 ὑπ’
3038 5065 3187 5134 αὑτῷ
3200 5081 3260 5119 τε
3293 5068 3387 5122 καὶ
3409 5067 3506 5122 σὺν
3531 5071 3686 5141 αὖτῷ
3708 5091 3723 5103 ·

2142 5154 2286 5208 οὕτω
2319 5157 2413 5210 καὶ
2442 5159 2507 5227 τῇ
2556 5155 2756 5228 ἀνομίᾳ
2788 5155 3101 5228 σύμμορφοί
3132 5175 3192 5211 τε
3239 5158 3333 5213 καὶ
3361 5159 3631 5230 ὁμοειδεῖς
3668 5167 3725 5217 οι

2142 5247 2346 5319 ταύτην
2381 5248 2796 5321 ἑπηχθισμένοι,
2826 5249 2920 5302 καὶ
2959 5250 3025 5319 τῇ
3075 5247 3374 5320 ἀκαθάρτῳ
3416 5250 3720 5325 φαυλότητι

2143 5340 2311 5411 συζῇν
2339 5341 2626 5412 ᾑρημένοι.
2679 5340 3038 5412 Ἀποφέρουσι
3074 5339 3131 5392 δὲ
3161 5338 3222 5392 τὺ
3257 5339 3457 5412 μέτρον
3495 5344 3577 5408 είς
3608 5344 3722 5398 Βα-

2144 5427 2377 5496 ϐυλῶνα,
2409 5429 2502 5483 καὶ
2528 5422 2674 5485 οἷκον
2701 5426 2851 5498 αὐτῷ
2900 5425 3160 5500 ζητοῦσιν·
3197 5427 3334 5498 ἐκεῖ,
3375 5429 3725 5504 αἰνιγματω-

526 5632 926 5698 “Jer.n,‘29,
961 5633 1047 5688 30.
1103 5615 1232 5688 ’³³11
1255 5632 1396 5688 Tim.
1436 5632 1741 5705 nt,‘25eqq.
1817 5632 1862 5666 “
1896 5632 1998 5688 lsa.
2023 5647 2182 5700 xxxv,
2225 5633 2274 5691 ὃ.
