3954 6200
197 293 275 348 501
864 291 954 347 DE
992 290 1432 346 ADORATIONE
1471 291 1537 345 ΙΝ
1579 289 1850 347 SPlRlTU
1895 292 1983 346 ET
2025 292 2399 348 VERITATE.
2442 292 2572 347 LIB.
2615 292 2704 347 IV.

3307 294 3411 350 50?.

195 409 300 471 δὼς,
321 401 466 476 οἶμαί
497 421 624 467 που,
650 404 740 456 καὶ
761 392 910 458 τοῦδε
946 405 1323 476 σημαίνοντος,
1357 405 1432 469 ὡς
1462 407 1510 459 εί
1545 407 1619 476 μή
1655 423 1738 470 τις

1842 421 2006 476 porro
2045 409 2321 478 regionem
2345 423 2654 464 mensuram
2679 408 2948 471 deferunt,
2982 408 3165 478 ibique
3189 411 3414 468 domum

193 500 344 552 ἕλοιτο
367 497 432 549 τὰ
459 495 548 548 διὰ
587 495 846 565 Χριστοῦ,
874 495 970 550 καὶ
1006 498 1106 566 τῆς
1143 495 1420 566 ἁμαρτίας
1463 497 1740 566 ἀγαπήσει

194 591 275 660 τὴν
302 585 584 657 ἔμφραξιν,
627 585 717 639 διὰ
747 586 808 639 τὸ
843 586 979 657 πρὸς
1017 588 1184 657 μόνας
1215 587 1359 657 ἔχειν
1399 587 1740 660 ἀκαθαρσίας

191 681 242 735 τὸ
264 678 596 748 σπούδασμα,
637 677 976 748 ἐξοιχήσεται
1019 677 1118 747 μὲν
1146 678 1248 747 τῆς
1279 677 1440 746 ἁγίας
1478 681 1742 752 Ἰερουσα-

192 774 304 843 λὴμ,
329 770 468 823 τοῦτ’
498 769 638 832 ἔστι,
676 769 776 839 τῆς
802 769 914 822 τῶν
949 771 1309 840 πρωτοτόκων
1327 771 1488 838 ἁγίας
1513 773 1737 844 μητρὸς,

194 861 531 924 καλλιπόλεως
579 859 638 913 δὲ
666 859 765 930 τῆς
798 860 944 914 ἄνω·
991 863 1273 932 μονονουχὶ
1305 862 1362 915 δὲ
1404 863 1741 935 δυσφόρητον

191 954 314 1024 ἔχων
333 951 424 1020 τὴν
468 949 744 1021 ἁμαρτίαν
788 949 1031 1021 φορτίον,
1065 953 1379 1022 συνοικήσει
1414 954 1528 1014 τοῖς
1565 952 1738 1004 Βαϐυ-

191 1042 399 1104 λωνίοις,
429 1040 574 1094 τοῦτ’
601 1040 741 1105 ἔστι,
763 1040 955 1110 μερίδα
979 1043 1074 1096 καὶ
1102 1042 1300 1114 κλῆρον
1323 1042 1435 1107 ἕξει
1470 1044 1607 1114 μετὰ
1634 1044 1742 1096 τῶν

190 1134 350 1189 ἀθέων
378 1130 802 1201 είδωλολατρῶν.
840 1132 927 1184 Ἑν
948 1133 1048 1202 ἴσῳ
1076 1133 1184 1205 γὰρ
1209 1137 1323 1197 τοῖς
1348 1133 1552 1199 ἀθέοις,
1571 1137 1620 1188 oi
1645 1135 1744 1206 τὴν

189 1225 267 1278 διὰ
292 1222 524 1294 Χριστοῦ
554 1222 822 1293 λύτρωσιν
851 1223 1240 1294 ἀτιμάσαντες.
1276 1227 1387 1279 Καὶ
1411 1227 1544 1296 γοῦν
1575 1230 1603 1280 ὁ
1632 1229 1746 1281 Σω-

187 1316 298 1384 τήρ’
327 1332 344 1364 ι
390 1313 515 1366 Ἐὰν
545 1314 858 1386 ἁμαρτήσῃ,
890 1315 1075 1385 φησὶν,
1097 1317 1126 1367 ὁ
1150 1316 1375 1386 ἁδελφός
1399 1335 1513 1383 σου,
1541 1318 1740 1386 ὕπαγε,

187 1406 385 1474 ἔλεγξον
407 1404 572 1458 αὑτὸν
610 1404 816 1476 μεταξύ
850 1422 942 1458 σου
972 1407 1066 1460 καὶ
1091 1407 1258 1461 αὐτοῦ
1296 1408 1456 1479 μόνου
1479 1427 1495 1442 ·
1525 1411 1619 1464 ὲάν
1651 1428 1744 1463 σου

185 1497 400 1568 ἀκούσῃ,
430 1496 733 1568 ἐκέρδησας
784 1495 874 1548 τὸν
903 1495 1131 1566 ἀδελφόν
1159 1515 1275 1552 σου·
1319 1498 1414 1552 ἐὰν
1443 1499 1500 1552 δὲ
1543 1502 1616 1570 μή
1651 1518 1744 1554 σου

185 1587 396 1658 ἀκούσῃ,
434 1587 718 1657 παράλαὸε
757 1587 896 1657 μετὰ
921 1587 1014 1641 σοῦ
1041 1587 1194 1660 ἓναῆ
1230 1588 1346 1654 δύο,
1375 1590 1460 1644 ἵνα
1501 1591 1592 1643 ἐπὶ
1623 1593 1742 1645 στό-

197 1697 357 1750 ματος
382 1678 477 1732 δύο
507 1680 541 1750 ἢ
579 1678 750 1749 τριῶν
779 1680 1078 1751 μαρτύρων
1103 1682 1274 1752 σταθῇ
1315 1683 1424 1736 πᾶν
1457 1683 1626 1753 ῥῆμαο
1650 1683 1745 1738 ἐὰν

1841 495 1892 548 ei
1933 504 2186 564 quzerunt
2215 514 2227 549 :
2253 513 2375 567 qua:
2401 514 2508 563 res,
2534 499 2591 552 ni
2623 497 2798 562 fallor,
2841 498 2945 553 hoc
2971 498 3198 570 figurate
3240 503 3411 574 signi-

1841 583 1986 647 ﬁcat,
2033 584 2125 654 qui
2163 601 2227 640 ea
2280 586 2423 640 bona
2470 591 2762 658 respuerit,
2825 606 2947 662 qua:
2998 605 3098 661 per
3133 589 3413 647 Christum

1841 683 1996 743 parta
2023 675 2185 729 nobis
2241 685 2401 742 sunt;
2447 678 2892 754 adamaveritque
2938 683 3411 751 obstructionem,

1841 779 1963 833 quae
1995 780 2063 818 ex
2090 775 2316 834 peccato
2346 777 2450 833 est,
2501 771 2558 824 in
2625 785 2691 827 eo
2733 775 2879 844 quod
2944 775 3186 831 studium
3253 792 3416 831 omne

1843 857 1897 910 in
1933 857 2247 926 impuritate
2291 860 2613 916 collocatum
2668 865 2852 930 habet,
2905 865 3022 921 fore
3063 877 3123 923 ut
3167 869 3213 923 is
3259 878 3418 923 exeat

1841 961 1909 1000 ex
1965 946 2186 1001 civitate
2243 961 2431 1004 sancta
2487 951 2813 1019 Jerusalem,
2871 954 2975 1010 hoc
3041 967 3143 1022 est,
3209 974 3239 1012 e
3289 959 3430 1012 san-'

1843 1049 1932 1094 cta
2019 1039 2113 1094 illa
2177 1050 2406 1111 parente
2476 1045 3007 1117 primogenitorum,
3069 1065 3420 1122 supernaque

1844 1146 1909 1186 ac
1974 1131 2345 1201 pulcherrima
2420 1135 2643 1192 civitate
2676 1178 2691 1202 ,

1842 1238 1984 1292 pene
2023 1239 2133 1278 non
2178 1223 2408 1280 ferendo
2463 1244 2708 1297 pressus,
2767 1246 2874 1284 una
2939 1246 3065 1285 cum
3109 1231 3420 1302 Babyloniis

1845 1314 2073 1380 habitet,
2137 1316 2193 1370 id
2253 1325 2367 1381 est,
2400 1327 2611 1387 partem
2685 1336 2749 1376 ac
2810 1331 3011 1376 sortem
3047 1339 3169 1377 cum
3238 1323 3420 1393 impiis

1845 1405 2119 1460 idolorum
2146 1405 2453 1460 cultoribus
2482 1406 2698 1461 habeat.
2749 1407 2852 1473 Qui
2879 1409 3026 1462 enim
3083 1407 3289 1463 Christi
3328 1424 3419 1463 re—

1845 1496 2212 1567 demptionem
2240 1505 2619 1562 contemnunt,
2643 1497 2680 1551 ii
2698 1498 2766 1552 ab
2799 1499 2982 1569 impiis
3005 1515 3116 1554 non
3137 1499 3416 1554 differunt.

1845 1588 2031 1658 Itaque
2054 1586 2354 1651 Salvator,¢
2377 1587 2434 1642 Si
2472 1589 2804 1658 peccaverit,
2845 1589 3044 1660 inquit,
3082 1591 3251 1645 frater
3272 1599 3419 1654 tuus,

1845 1677 2002 1740 vade,
2044 1692 2208 1748 argue
2248 1677 2403 1731 illum
2442 1678 2586 1731 inter
2625 1686 2677 1733 te
2726 1687 2780 1733 et
2806 1678 2983 1748 ipsum
3031 1679 3246 1744 solum;
3280 1679 3324 1732 si
3369 1688 3422 1732 te

2767 1154 2832 1194 ac
2901 1139 3144 1209 pondere
3209 1143 3419 1210 peccati
3512 1174 3522 1183 -

194 1772 246 1824 δὲ
277 1773 370 1824 καὶ
395 1771 598 1824 τούτων
627 1771 974 1844 παρακούσῃ,
1020 1773 1140 1826 είπὲ
1167 1775 1236 1844 τῇ
1289 1774 1616 1846 Ἐκκλησία·
1653 1776 1741 1829 ἐὰν

1851 1768 2124 1832 audierit,
2163 1768 2408 1823 lucratus
2467 1768 2580 1822 eris
2621 1767 2844 1822 fratrem
2899 1777 3093 1832 tuum;
3149 1769 3194 1822 si
3239 1779 3422 1824 autem

176 1861 226 1914 δὲ
253 1863 346 1914 καὶ
373 1861 476 1932 τῆς
521 1860 849 1931 Ἐκκλησίας
879 1862 1226 1935 παρακούσῃ,
1267 1863 1407 1917 ἔστω
1448 1883 1528 1918 σοι
1554 1865 1741 1939 ὥσπερ

1842 1879 1952 1918 non
1979 1861 2240 1937 audierit,
2271 1861 2475 1916 adhibe
2505 1869 2686 1916 tecum
2730 1877 2897 1916 unum
2941 1862 3026 1915 vel
3066 1861 3224 1925 duos,
3263 1869 3322 1915 ut
3366 1861 3423 1914 in

176 1955 202 2006 ὁ
226 1952 440 2016 ἐθνικὸς
469 1954 563 2006 καὶ
597 1954 627 2006 ὁ
667 1952 926 2024 τελώνης.
970 1973 989 2005 ›
1029 1955 1187 2009 Ἐστι
1215 1954 1394 2008 τοίνυν
1427 1956 1526 2008 ούκ
1566 1957 1741 2026 ἀσυμ-

1842 1969 1938 2010 ore
1967 1954 2203 2009 duorum
2234 1953 2320 2008 vel
2363 1954 2529 2008 trium
2567 1954 2788 2008 testium
2819 1959 2928 2008 stet
2957 1968 3118 2007 omne
3162 1953 3417 2008 verbum.

174 2047 356 2114 φανὲς,
391 2047 590 2118 μᾶλλον
621 2045 677 2100 δὲ
697 2046 786 2099 διὰ
817 2047 998 2118 πάσης
1033 2048 1164 2119 ἡμῖν
1193 2047 1615 2119 μεμαρτύρηται
1642 2049 1741 2116 τῆς

1844 2046 1901 2101 Si
1919 2053 2102 2100 autem
2134 2061 2315 2115 neque
2336 2046 2439 2100 hos
2467 2045 2622 2116 105
2637 2045 2894 2110 audierit,
2925 2045 3014 2100 dic
3045 2045 3334 2112 Ecclesiaz;
3377 2047 3422 2100 si

173 2138 316 2202 Gaia;
339 2141 586 2211 Γραφῆς,
613 2141 696 2196 ὅτι
719 2144 868 2198 πᾶσα.
887 2141 1166 2205 δικαίωσις
1186 2140 1280 2194 καὶ
1305 2141 1454 2194 πᾶσα
1475 2138 1741 2213 λύτρωσις

1845 2147 2028 2192 autem
2040 2137 2205 2190 etiam
2223 2135 2524 2190 Ecclesiam
2541 2135 2948 2204 contempserit,
2965 2135 3037 2189 sit
3053 2134 3152 2189 tibi
3167 2143 3425 2205 tanquam

173 2235 225 2283 ἐν
254 2231 500 2302 Χριστῷ.

1843 2228 2097 2284 ethnicus
2129 2237 2185 2283 et
2223 2229 2550 2299 publicanus
2575 2230 2640 2282 ".
2671 2249 2689 2281 ι
2733 2231 2830 2285 Est
2869 2229 3036 2301 igitur
3058 2230 3284 2286 minime
3321 2231 3421 2284 ob-

174 2337 411 2387 scurum,
478 2333 641 2395 atque
695 2324 832 2380 adeo
870 2325 1038 2379 totius
1078 2323 1276 2380 divinae
1313 2321 1610 2393 Scriptum
1657 2319 1968 2376 testimonio
2009 2319 2417 2385 conﬁrmatum,
2451 2335 2669 2376 omnem
2706 2320 3156 2393 justiﬁeationem
3198 2331 3257 2376 et
3295 2321 3423 2374 red-

175 2420 501 2488 emptionem
522 2436 643 2475 esse
690 2420 746 2474 in
779 2419 1009 2476 Christo.

241 2510 445 2564 ΠΛΛΛ.
479 2507 553 2564 Εὖ
590 2510 746 2580 ἔφης.

1921 2503 2118 2560 PALL.
2150 2505 2316 2560 Recte
2347 2502 2550 2558 dixisti.

253 2681 297 2712 ”
320 2681 519 2738 Matth.
559 2698 710 2748 xvm,
749 2682 938 2738 l5-l7.

796 3034 1191 3164 ΠΕΡΙ
1263 3034 1604 3160 ΤΗΣ
1682 3032 1889 3158 ΕΝ
1970 3028 2848 3164 ΠΝΕΥΜΑΤΙ

1417 3295 1608 3378 ΚΑΙ
1680 3271 2218 3382 ΑἈΗΘΕΙΑΙ

601 3515 1818 3665 ΠΡΟΣΚΥΝΗΣΕΩΣ
1906 3515 2184 3627 ΚΑΙ
2274 3505 3012 3628 ΑΑΤΡΕΙΑΣ

1286 3738 1648 3824 ΛΟΓΟΣ
1725 3738 2318 3824 ΤΕΤΑΡΤΟΣ.

338 4100 524 4215 DE-
605 4101 1527 4219 ADORATIONE
1625 4106 1807 4217 ET
1894 4103 2375 4220 CULTU
2467 4101 2608 4216 ΙΝ
2693 4099 3268 4220 SPIRITU

1359 4371 1524 4474 ET
1616 4365 2300 4478 νΕΙΞὶΙΤΑΤΕΔ

1285 4617 1652 4696 LIBER
1741 4613 2326 4708 QUARTUS.

154 4938 296 5014 ὀτι
313 4939 432 5014 τὸν
454 4921 832 5014 θὶεκᾼημέγοκ
856 4940 941 5014 είς
963 4938 1278 5014 δικαίωσιν
1298 4940 1459 5014 παρὰ
1481 4941 1630 5014 Θεοῦ
1655 4940 1741 5014 καὶ

1861 4942 2022 5014 106
2073 4937 2173 5004 Qui
2230 4938 2300 4992 ad
2317 5009 2328 5014 _
2334 4936 2768 5014 justiﬁcationem
2803 4955 2837 4991 a
2891 4936 2999 5014 Deo
3024 4942 3234 4991 vocatus
3255 4938 3344 5002 sit,
3379 4944 3429 4992 et

223 5007 723 5092 λελυτραέμένον,
754 5007 924 5092 ,αὐτῷ
962 5011 1432 5092 κατακολουθεῖν
1467 5011 1612 5092 χρὴ1
1645 5011 1741 5064 καὶ

1862 5007 1903 5012 “
1925 5007 2246 5092 redemptus,
2281 5007 2530 5092 eime
2559 5023 2687 5092 esse.
2727 5007 3068 5092 sequentium,
3110 5017 3159 5060 et
3211 5024 3430 5062 excussa

224 5077 662 5150 παραιτεῖσθαι
693 5077 812 5150 μέν
838 5079 958 5150 τὸνΔ
977 5081 1065 5150 είς
1101 5076 1741 5150 φαυλότηταᾷιαᾲλακι-

1927 5076 2151 5136 mollitie
2183 5094 2300 5149 qua:
2332 5078 2402 5150 qd
2439 5077 2623 5150 vitium
2655 5076 2816 5144 ducit,
2866 5076 2935 5131 ad
2967 5079 3112 5148 piam
3136 5087 3184 5132 et
3216 5095 3434 5148 genero-

224 5146 426 5217 σμὸν,
452 5145 560 5227 ζῇν
590 5148 658 5201 δὲ
676 5145 916 5219 μᾶλλον
935 5145 1276 5217 ἐπείγεσθαι
1301 5145 1622 5220 aura-Jwa
1647 5150 1741 5204 καί

1928 5169 2044 5207 sam
2079 5145 2239 5204 vitam
2272 5147 2589 5202 enitendum.

220 5231 557 5282 νεανικως.

223 5306 530 5379 Σφαλερὺν
564 5309 664 5379 μὲν
699 5302 812 5375 ὤν,
850 5307 928 5373 ὡς
955 5307 1150 5376 ἔοικεν,
1178 5302 1224 5362 ὧ
1268 5307 1556 5375 Παλλάδιε,
1587 5309 1741 5380 φαίηκ

1931 5311 2308 5367 Periculosum
2349 5308 2572 5380 quidem
2602 5316 2706 5372 est,
2747 5307 2971 5372 Palladi,
3013 5308 3243 5362 nimium
3266 5315 3430 5374 atque

141 5397 189 5450 δ’
225 5399 308 5452 ἂν
336 5398 429 5451 ὅτι
454 5398 548 5452 καὶ
582 5397 1009 5471 βδελυρώτατον,
1046 5399 1178 5452 είσω
1213 5416 1272 5452 τε
1300 5400 1476 5472 πάσης
1521 5399 1741 5471 βεϐηκὸς

1860 5403 2050 5465 etiam,
2085 5403 2131 5456 si
2185 5401 2371 5456 dicere
2415 5399 2598 5463 liceat,
2639 5399 2932 5453 scelestum
2972 5398 3228 5458 maxime,
3278 5403 3335 5449 et
3373 5395 3430 5449 in

140 5489 430 5553 ἀτοπίας,
463 5490 539 5560 μὴ
566 5489 629 5544 τὸ
648 5489 1098 5561 κατανδρίζεσθαι
1126 5491 1300 5561 φιλεῖν
1333 5491 1665 5562 φαυλότητός
1693 5510 1741 5545 τε

1860 5493 2054 5563 primis
2101 5491 2494 5551 facinorosum,
2540 5488 2686 5543 nolle
2725 5487 2986 5542 adversus
3026 5483 3328 5553 nequitiam
3369 5498 3434 5538 ac

141 5581 248 5632 καὶ
290 5581 588 5652 ἁμαρτίας
612 5599 627 5614 ο
654 5581 1061 5654 Θρυπτομένους
1084 5582 1140 5636 δὲ
1167 5581 1356 5655 ὥσπερ
1383 5585 1464 5648 εἰς
1490 5583 1741 5647 ἐκτύπους

1860 5576 2144 5653 peccatum
2182 5580 2398 5635 fortiter
2431 5596 2489 5635 se
2524 5594 2756 5649 gerere;
2786 5578 2904 5641 sed,
2939 5575 3122 5631 animo
3147 5575 3432 5634 indecoris

145 5671 389 5739 ἡὼνὰς,
431 5672 526 5724 καὶ
569 5671 935 5743 θηλυπρεπεῖς
978 5672 1248 5743 μαλακίας
1281 5672 1638 5742 ἑγκαθιὲντας
1673 5673 1741 5743 τᾷ

1863 5673 2232 5744 voluptatibus
2271 5679 2530 5727 enervato
2574 5679 2627 5728 et
2679 5670 2745 5725 ad
2780 5669 3102 5727 muliebrem
3139 5669 3428 5726 mollitiem
