3954 6200
687 264 720 299 β

431 316 545 388 505

1424 321 1479 379 S.
1520 321 1797 379 CYRlLLl
1835 320 2304 377 ALEXANDRINI
2343 320 2657 379 ARClIlEP.

3577 322 3683 379 5M
3710 274 3716 280 .

434 448 675 519 deiecto,
726 442 944 499 virtutis
989 448 1224 496 conatus
1282 436 1610 503 detrectare,
1659 438 1909 507 quamvis
1959 437 2005 492 in

2120 438 2216 510 νῷ,
2241 438 2338 509 τῆς
2384 440 2463 503 εἰς
2510 436 2707 510 ἀρετὴν
2751 437 3041 507 εὐτολμίας
3087 437 3408 507 ἀποφοιτᾷν,
3459 440 3552 491 καί
3599 455 3683 492 τοι

437 543 693 610 promptu
714 532 785 609 sit
807 546 965 602 posse
981 529 1191 586 Christi
1211 544 1315 599 ope
1345 528 1412 583 ad
1432 527 1798 599 quodcunque
1826 540 2010 583 rerum

358 626 369 648 ⁸
438 622 836 682 laudandarum
888 637 1060 692 genus
1113 619 1448 686 ascendere;
1506 619 1575 673 ad
1612 634 1843 689 eamque
1892 634 2009 673 rem

438 714 812 793 hortetur
842 713 954 769 illis
996 712 1182 768 verbis
1218 706 1570 767 beatissimus
1612 695 1835 775 Paulus,
1878 728 1895 760 ι
1934 710 2010 764 De

369 854 377 865 .
440 806 639 865 caetero
664 792 1225 878 107‘confoi'tamini
1250 804 1305 859 in
1327 796 1580 868 Domino,
1611 811 1669 858 et
1691 800 1744 856 in
1767 794 2009 872 potentia

437 897 661 954 virtutis
689 897 810 966 ejus
826 896 899 949 “.
948 913 967 946 ι

503 988 703 1045 PALL.
747 986 962 1058 Optime
992 985 1148 1041 dicis.

503 1080 668 1136 'CYR.
684 1078 752 1134 In
776 1078 1001 1135 Christo
1029 1088 1265 1146 namque
1284 1074 1549 1130 faciemus
1569 1068 1827 1131 virtutem
1852 1091 1867 1138 ;
1906 1064 2008 1127 nec

434 1181 646 1237 tamen,
676 1170 905 1240 Opinor,
937 1168 1038 1223 ulli
1078 1166 1366 1237 c'ontingit,
1413 1154 1475 1221 ut
1517 1164 1635 1221 sine
1681 1159 1871 1220 labore
1909 1162 2009 1217 ad-

436 1278 634 1317 versus
666 1262 799 1318 vitia
829 1258 1045 1315 fortiter
1070 1275 1127 1314 se
1166 1258 1337 1330 gerat,
1370 1257 1437 1313 ad
1474 1254 1707 1328 eamque
1737 1252 1851 1311 rem
1886 1253 2008 1309 ani-

439 1366 591 1407 mum
638 1351 852 1422 erigere
890 1349 1080 1420 possit.

497 1440 707 1496 PALL.
748 1438 1049 1494 Assentior.

500 1531 668 1587 CYR.
715 1529 981 1584 Praeclara
1037 1543 1273 1597 namque
1309 1541 1376 1580 ea
1421 1524 1510 1581 res
1543 1534 1648 1591 est,
1697 1529 1754 1579 et
1791 1522 1849 1578 in
1902 1528 2010 1593 ‘qua

432 1621 826 1692 consequentia
865 1636 1044 1691 opera:
1074 1620 1310 1690 pretium
1350 1612 1442 1685 sit,
1480 1619 1725 1675 studium
1769 1633 2008 1688 ponere,

426 1731 565 1787 qua:
598 1730 629 1768 a
667 1711 876 1783 supinis
911 1711 1229 1766 hominibus
1261 1710 1437 1765 teneri
1458 1710 1567 1765 non
1601 1717 1820 1780 potest;
1860 1704 2011 1762 facil-

2114 530 2289 601 παρὸν
2328 523 2389 581 εὖ
2422 528 2567 600 μάλα
2612 528 2703 581 διὰ
2736 527 2974 599 Χριστοῦ
3009 526 3146 597 πρὸς
3189 529 3299 581 πᾶν
3336 528 3516 582 ὁτιοῦν
3553 529 3678 583 ἀνα-

2113 620 2382 692 θρώσκειν
2416 619 2675 675 δύνασθαι
2706 619 2814 673 τῶν
2844 621 3275 691 ἐπαινουμένων,
3322 619 3418 672 καὶ
3456 621 3592 690 πρός
3617 638 3681 688 γε

2111 713 2308 784 τούτῳ,
2350 714 2503 784 ἡμᾶς
2538 710 2871 783 παραθήγει,
2899 711 3091 779 λέγων,
3125 710 3154 763 ὁ
3204 709 3499 782 ἱερώτατος
3537 710 3681 764 Παῦ-

2112 803 2230 868 λος’
2268 823 2286 856 ι
2320 802 2427 856 Τοῦ
2453 802 2639 858 λοιποῦ
2665 801 3061 874 ἐνδυναμοῦσθε
3081 803 3139 858 ἐν
3162 802 3373 875 Κυρίῳ,
3407 804 3502 857 καί
3529 803 3586 858 ὲν
3604 802 3681 875 τῷ

2111 895 2303 967 κράτει
2330 894 2431 966 τῆς
2468 894 2651 965 ἰσχύος
2669 893 2857 950 αὐτοῦ.
2896 913 2916 947 ι

2183 988 2392 1040 ΠΑΛΛ.
2431 982 2502 1041 Εὖ
2535 987 2734 1056 λέγεις.

2183 1078 2345 1131 ΚΥΡ.
2384 1077 2687 1149 Ποιήσωμεν
2733 1077 2842 1149 γὰρ
2889 1077 3118 1149 δύναμιν
3166 1078 3225 1130 ὲν
3265 1076 3506 1150 Χριστῷ·
3543 1078 3681 1147 πλὴν

2111 1168 2210 1222 οὐκ
2247 1164 2312 1223 ἂν
2340 1164 2491 1239 οἶμαι
2524 1186 2607 1233 τις
2647 1159 2901 1240 ἀνιδρωτὶ
2932 1168 3296 1241 κατορθώσειε
3333 1169 3393 1222 τὸ
3421 1185 3685 1223 κατανεα-

2110 1256 2379 1314 νιεύεσθαι
2409 1258 2617 1326 παθῶν,
2644 1261 2736 1314 καὶ
2762 1258 3034 1331 ἀπορθοῦν
3078 1262 3157 1325 είς
3186 1259 3345 1314 τοῦτο
3369 1259 3460 1314 τὸν
3488 1263 3684 1315 οἰκεῖον

2116 1344 2331 1421 ἰσχῦσαι
2357 1350 2500 1404 νοῦν.

2182 1438 2389 1495 ΠΑΛΛ.
2417 1440 2698 1511 Σύμφὴμι.
2966 1470 2981 1499 ι

2180 1530 2342 1585 ΚΥΡ.
2374 1531 2662 1602 Τοιγάρτοι
2707 1530 2897 1602 χρῆμα
2932 1520 3192 1601 διαφανές
3234 1548 3296 1585 τε
3334 1532 3430 1586 καὶ
3470 1533 3683 1604 ἀξιόλη-

2112 1639 2267 1688 πτον,
2300 1623 2396 1677 καλ⁸
2423 1613 2784 1677 ἀναπίπτουσι
2819 1624 2914 1694 μὲν
2941 1624 3040 1693 οὐχ
3074 1620 3368 1693 ἁλώσιμον,
3396 1625 3688 1697 ἐκτετιμη-

2113 1714 2232 1769 κόσι
2271 1714 2329 1768 δὲ
2358 1715 2420 1767 τὸ
2457 1717 2658 1781 πονεῖν,
2714 1714 3052 1786 εὐπόριστον.
3114 1714 3428 1785 Γέγραπται
3470 1715 3558 1779 δὲ,
3601 1718 3687 1770 ὅτι

3655 1400 3686 1437 ἐ

433 1778 571 1861 Jime
587 1778 766 1860 autem
791 1804 861 1858 ab
879 1803 946 1858 iis
968 1800 1215 1873 paratur,
1240 1801 1334 1871 qui
1372 1778 1622 1856 laborem
1639 1794 1849 1855 inertia:
1869 1794 2005 1869 prin-

2124 1825 2143 1858 ι
2194 1805 2358 1878 Ἀνὴρ
2391 1806 2448 1858 ὲν
2481 1778 2662 1868 πόνοις
2695 1778 3069 1876 πονεῖ-ἑαυτῷ,
3101 1778 3684 1869 καὶ-ἐκϐιάζεταιέαυο

444 1896 707 1953 tulerunt.
758 1894 1031 1965 Scriptum
1084 1902 1169 1947 est
1204 1893 1388 1947 enim:
1422 1894 1454 1942 ’‹
1499 1888 1597 1946 Vir
1631 1889 1688 1943 in
1731 1887 2013 1944 laboribus

444 1986 550 2045 sibi
580 1987 815 2053 laborat,
844 1982 901 2041 et
919 1985 1026 2041 vim
1059 1984 1189 2039 facit
1226 1998 1340 2039 sua:
1373 1976 1668 2053 perditioni
1701 1977 1766 2034 ⁸⁷.
1813 1980 1833 2032 ὁ
1880 1979 2010 2034 Exi-

442 2081 564 2152 guis
589 2090 772 2135 autem
802 2076 1086 2133 laboribus
1111 2090 1294 2130 rerum
1320 2073 1644 2130 eximiarum
1682 2072 1841 2141 pdsSe
1892 2069 2009 2126 ﬁeri

441 2167 771 2243 compotem,
795 2166 1023 2225 stultum
1042 2176 1145 2231 est,
1177 2165 1393 2237 opinor,
1429 2163 1515 2219 vel
1544 2160 1807 2233 cogitare.
1835 2152 2011 2227 Quid?

439 2279 622 2319 nonne
645 2260 889 2318 omnium
937 2254 1120 2315 rerum
1157 2254 1623 2329 eio'ptatiSSimu'm
1657 2262 1740 2309 est
1771 2254 2007 2309 animam

440 2368 683 2419 servare,
720 2368 783 2408 ac
804 2367 905 2423 pro
925 2367 1020 2407 sua
1047 2363 1320 2421 quemque
1349 2347 1460 2402 vita
1486 2345 1770 2403 retinenda
1813 2344 2005 2401 decer-

440 2454 557 2500 tare
573 2445 598 2498 Ἰ

510 2531 707 2588 PALL.
738 2530 969 2585 Mamme
1005 2544 1157 2584 vero.

502 2623 663 2678 CYR.
689 2622 842 2677 lllam
860 2636 991 2675 vero
1007 2620 1193 2690 gloriae
1226 2617 1530 2674 claritatem
1552 2616 1755 2688 quibus
1785 2616 2007 2673 athletis

427 2713 732 2771 convenire
774 2711 1006 2765 maxime
1032 2718 1213 2780 putas,
1265 2722 1487 2765 rectene
1526 2719 1583 2766 et
1611 2711 2005 2767 exercitatione

433 2802 682 2881 adhibita
716 2801 1075 2863 certantibus,
1115 2811 1172 2855 et
1195 2785 1558 2870 qui'vietoria:
1584 2802 1878 2856 maximam
1915 2818 2002 2857 ra-

429 2897 641 2952 tionem
661 2893 901 2957 habent;
930 2908 1000 2947 an
1034 2891 1121 2956 iis,
1152 2891 1247 2961 qui
1274 2891 1671 2962 iucundissime
1713 2893 2005 2965 voluptati-

435 2989 541 3043 bus
589 2985 863 3049 dillluunt,
898 2990 955 3039 et
981 2983 1313 3038 desidiosum
1353 2983 1523 3038 vitam
1577 2983 1796 3055 optimae
1841 2992 2005 3055 atque

425 3076 898 3152 praestantissimae
925 3066 1325 3146 praetulerunt?

2116 1895 2211 1950 τοῦ
2258 1893 2359 1967 τὴν
2409 1894 2702 1950 ἀπώλειαν.
2758 1915 2778 1949 ι
2820 1887 3051 1966 Μικροῖς
3095 1894 3151 1948 δὲ
3191 1882 3378 1966 ἱδρῶσι
3424 1893 3687 1949 δύνασθαι

2117 1985 2417 2059 κατορθοῦν
2463 1985 2533 2041 τὰ
2586 1984 2841 2058 ἐξαίρετα
2888 1985 2997 2039 τῶν
3054 1976 3415 2056 πραγμάτων,
3475 1984 3688 2055 ἀμαθὲς

2115 2075 2268 2151 οἶμαί
2295 2097 2419 2141 που,
2448 2079 2542 2134 και
2582 2062 2644 2132 ib
2684 2079 2844 2149 μόνον
2878 2078 3099 2132 ἐννοεῖν.
3131 2069 3204 2131 Ἦ
3231 2077 3349 2148 οὐχὶ
3380 2077 3489 2131 τῶν
3512 2076 3689 2133 ἄλλων

2116 2172 2370 2227 ἀπαντῶν
2407 2171 2537 2242 ἡμῖν
2561 2168 2642 2224 ὅτι
2676 2168 2909 2240 μάλιστα
2934 2166 3368 2240 τιμαλφέστατον
3392 2170 3477 2242 εἴη
3507 2171 3594 2235 ἀν,
3623 2171 3688 2224 τὸ

2112 2263 2373 2318 διασῶσαι
2421 2264 2520 2334 τὴν
2565 2262 2772 2333 ψυχὴν,
2833 2262 2929 2316 καὶ
2979 2261 3082 2332 τῆς
3128 2261 3265 2327 ἰδίας
3313 2263 3686 2334 ὑπεραθλῆσαι

2114 2352 2286 2426 ζωῆς

2184 2532 2389 2586 ΠᾹΛΛ.
2424 2531 2677 2587 Μάλιστά
2705 2547 2790 2599 γε.

2184 2621 2340 2676 ΚΥΡ.
2381 2623 2454 2676 Τὸ
2482 2623 2539 2677 δὲ
2564 2623 2665 2694 ήδη
2697 2619 2996 2692 περιφανὲς
3024 2621 3082 2673 ὲν
3109 2620 3266 2694 δόξῃ,
3302 2621 3412 2675 τίσι
3452 2621 3683 2690 μάλιστα

2111 2715 2221 2769 τῶν
2254 2712 2503 2784 ἀθλητῶν
2537 2715 2696 2784 οἰήσῃ
2734 2706 2988 2783 πρέπειν,
3028 2711 3236 2783 πότερα
3274 2715 3388 2775 τοῖς
3433 2710 3682 2767 ἀθλοῦσιν

2111 2803 2286 2877 ὀρθῶς
2307 2803 2399 2857 καὶ
2423 2800 2811 2872 ὲξησκημένως
2831 2841 2846 2866 ,
2887 2800 2980 2854 καὶ
3018 2798 3099 2865 οἷς
3137 2801 3198 2855 ὲν
3221 2801 3363 2872 λόγῳ
3394 2801 3455 2855 τὸ
3485 2800 3682 2871 χρῆναι

2109 2896 2287 2968 νικᾷν,
2319 2893 2355 2963 ἦ
2385 2896 2499 2957 τοῖς
2521 2893 2597 2957 ὡς
2618 2893 2811 2964 ἥδιστα
2839 2893 3202 2966 διαχεομένοις
3237 2892 3316 2956 είς
3337 2889 3569 2963 τρυφὰς,
3589 2893 3681 2945 καὶ

2109 2988 2210 3059 τὴν
2244 2987 2304 3042 ὲν
2330 2984 2580 3058 ῥᾳστώνῃ
2607 2983 2772 3057 ζωὴν,
2805 2986 2904 3055 τῆς
2928 2984 3159 3056 ἀρίστης
3189 2982 3616 3055 ἀνθῃρημένοις;

504 3128 1416 3236 EXLL'IEJJQmWnBEovero,
1468 3174 1565 3221 aut
1608 3165 1880 3222 undenam
1901 3166 2005 3221 du-

2180 3160 2389 3216 IIAAA.
2422 3159 2533 3215 Καὶ
2563 3158 2711 3224 πῶς,
2743 3160 2776 3230 ἢ
2810 3159 2973 3214 πόθεν
3014 3160 3336 3231 ἀμφίλογον,
3375 3160 3450 3224 ώς
3482 3160 3683 3229 ἥκιστα

429 3263 588 3319 bium
610 3263 866 3333 cuiquam
899 3259 1073 3331 possit
1098 3273 1239 3323 esse,
1280 3258 1415 3328 quin
1438 3258 1663 3313 minime
1695 3257 1763 3313 iis
1806 3273 2007 3314 conve-

428 3354 553 3409 niat
590 3354 838 3418 vincere,
882 3350 977 3421 qui
1004 3349 1215 3405 desidia
1233 3348 1519 3415 laborant,
1561 3347 1655 3403 sed
1698 3346 1910 3418 aequius
1938 3348 2009 3404 sit

431 3446 663 3501 victoria
696 3442 862 3515 potiri
900 3441 994 3512 qui
1033 3441 1330 3497 alacriores
1368 3439 1619 3495 fuerint?

502 3534 658 3589 (ΝΒ.
687 3534 830 3589 Num
855 3524 1022 3604 igitur
1041 3520 1308 3597 dicemus,
1347 3524 1442 3601 qui
1471 3526 1757 3584 laberibus
1781 3527 2007 3607 multam

433 3623 667 3680 salutem
701 3620 960 3683 dixerint,
1006 3618 1486 3687 remissioremque
1531 3616 1700 3671 vitam
1746 3630 1810 3671 ac
1846 3616 2007 3671 volu-

433 3723 686 3786 ptuosam
713 3710 944 3782 amplexi
972 3709 1101 3777 sint,
1132 3709 1239 3765 hoc
1273 3708 1451 3780 ipsum
1484 3708 1596 3764 illis
1628 3706 1816 3779 gloria:
1852 3706 2007 3764 futu-

434 3804 602 3862 rum?

503 3891 702 3951 PALL.
735 3891 957 3946 Minime
975 3905 1127 3946 vero.

501 3984 658 4041 ΟΥΕ.
705 3984 877 4055 Igitur
917 3996 1258 4052 consequens
1293 3990 1397 4048 est,
1420 3991 1483 4038 ut
1516 3982 1555 4038 ii
1584 3980 1749 4037 modo
1784 3980 2005 4037 laudem

433 4085 749 4133 mereantur
770 4115 786 4142 ,
832 4074 927 4147 qui
980 4074 1199 4131 labores
1254 4074 1616 4131 libentissime
1658 4074 2001 4144 suscipiunt;

433 4185 613 4240 neque
640 4162 759 4224 bibe
780 4160 1086 4224 ‘certiu‘nine
1126 4152 1418 4239 contingat
1454 4157 1714 4237 cuiquam
1763 4159 2005 4221 nummis

433 4260 672 4316 claritas.

504 4350 700 4407 PALL.
724 4349 801 4405 Ita
826 4364 1126 4421 congruere
1164 4347 1401 4402 videtur.

2112 3252 2211 3324 μὲν
2242 3251 2304 3306 τὸ
2329 3252 2487 3323 νικᾷν
2518 3250 2718 3321 πρέποι
2751 3251 2818 3305 ἂν
2853 3252 2965 3315 τοῖς
2989 3252 3368 3324 ὴρῤωστηκόσι
3408 3253 3471 3306 τὸ
3514 3252 3684 3325 ρᾳθυ-

2111 3347 2252 3416 μεῖν,
2277 3345 2338 3398 τό
2361 3360 2426 3413 γε
2454 3344 2565 3416 μὴν
2584 3343 2840 3398 δύνασθαι
2862 3347 3082 3417 κρατεῖν
3099 3346 3212 3409 τοῖς
3234 3346 3682 3418 ὲπιεικεστέροιςς

2176 3522 2341 3584 ΚΥΡ.
2381 3526 2492 3601 Ἆρ’
2535 3522 2630 3583 οὖν
2661 3528 2893 3601 ἐροῦμεν
2928 3516 3130 3607 ὡςκαὶ
3150 3531 3425 3607 προσήκοι
3454 3531 3532 3594 εἰς
3585 3531 3683 3584 εὐ-

2107 3621 2291 3686 κλείας
2318 3620 2547 3692 δύναμιν
2575 3620 2638 3675 τὸ
2656 3621 2845 3693 χρῆμα
2876 3606 3078 3685 αὐτοῖς,
3108 3606 3382 3693 ἐρρῶσθαι
3412 3622 3511 3693 μὲν
3541 3623 3687 3693 φρά-

2108 3732 2261 3769 σουσι
2282 3715 2344 3768 τὸ
2377 3714 2575 3787 χρῆναι
2608 3716 2812 3780 πονεῖν,
2842 3714 2970 3784 τόγε
3012 3714 3120 3787 μὴν
3149 3714 3390 3772 ἀνεῖσθαι
3428 3714 3520 3770 καὶ
3546 3733 3685 3787 τρυ-

2106 3807 2213 3879 φᾷν
2241 3792 2535 3877 ἑλομένοις.

2175 3897 2385 3951 mum.
2426 3897 2503 3950 oo
2542 3896 2641 3968 μὲν
2667 3890 2782 3952 οὖν.

2177 3988 2344 4042 ΚΥΡ.
2382 3986 2607 4056 Ἔψεται
2635 3986 2701 4058 δὴ
2727 3982 2822 4043 οὖν
2849 3990 2963 4052 τοῖς
2991 3987 3074 4043 ὅτι
3100 3988 3339 4061 μάλιστα
3379 3988 3683 4058 φιλοπονω-

2104 4080 2305 4144 τάτοις,
2337 4079 2399 4132 τὸ
2428 4079 2733 4151 εὐδοκιμεῖν
2759 4079 2855 4135 καὶ
2882 4079 3109 4150 ἀγώνων
3126 4081 3256 4154 δίχα
3282 4079 3682 4156 κατορθώσειεν

2098 4169 2172 4224 ἀν
2198 4170 2374 4235 οὐδεὶς
2389 4168 2449 4224 τδ
2470 4166 2609 4226 εἷναι
2642 4172 2965 4243 περιφανής.

2168 4339 2379 4395 ΠΑΛΛ.
2402 4342 2672 4413 βἏραρεν.

501 4443 659 4499 cve.
707 4442 878 4497 Recta
918 4412 1104 4510 igitur,
1157 4437 1387 4501 Palladi,
1439 4436 1508 4491 ad
1562 4436 1654 4492 res
1699 4418 2001 4491 la‘uda‘ndas

2117 4523 2124 4528 _
2184 4414 2349 4488 ΚΥΡ.
2402 4412 2571 4489 mea
2620 4435 2682 4506 δὴ
2729 4431 2847 4502 οῦν,
2897 4435 3193 4502 Παλλάδιε,
3240 4438 3361 4492 κατ’
3391 4438 3518 4493 εὐθὺ
3566 4438 3686 4494 τῶν

432 4547 662 4605 pergere
697 4537 948 4600 oportet;
1001 4543 1065 4582 ac
1105 4525 1441 4591 fortitudini,
1472 4540 1594 4595 quae
1635 4525 1703 4580 ad
1740 4526 2000 4580 virtutem

2117 4523 2529 4595 ἐπαινουμένων,
2555 4526 2650 4580 καὶ
2674 4526 2925 4598 ἀνδρείας
2953 4528 3053 4601 τῆς
3082 4531 3162 4594 εἰς
3194 4530 3395 4602 ἀρετὴν
3413 4532 3688 4603 ἐπιμελη-

432 4604 628 4688 tcndit,
656 4618 1125 4691 magnitudinique
1150 4617 1319 4672 animi
1349 4616 1430 4671 illi
1452 4608 1745 4674 excellenti
1777 4604 2004 4673 Studen-

432 4712 564 4766 dum
589 4718 693 4772 est,
733 4722 897 4778 quam
928 4705 1216 4776 Scriptura
1255 4704 1521 4763 divinitus
1559 4705 1822 4776 inspirata
1865 4706 2007 4762 solet

432 4784 712 4866 admirari,
754 4809 811 4856 et
846 4813 968 4869 qua:
1006 4807 1321 4854 sanctorum
1363 4798 1609 4854 virorum
1655 4798 1854 4854 animis
1918 4798 2002 4854 fa-

434 4890 659 4947 miliaris
706 4898 764 4944 et
799 4889 973 4944 amica
1017 4897 1120 4944 est.
1153 4887 1339 4959 Itaque
1375 4887 1461 4943 vir
1499 4888 1591 4944 ille
1644 4888 2000 4944 admirandus

429 4978 621 5043 David,
657 4979 778 5049 ejus
798 4970 1018 5033 virtutis
1038 4966 1313 5033 studiosos
1339 4978 1744 5048 alloquebatur,
1765 4976 1955 5034 dicens
1978 4996 1991 5031 :

437 5091 455 5123 ι
483 5070 726 5127 Viriliter
748 5071 911 5141 agite,
947 5078 1004 5124 et
1018 5064 1364 5126 conferretur
1392 5082 1487 5124 eor
1510 5076 1777 5128 veStrum.
1806 5085 1998 5127 omnes

426 5163 524 5236 qui
543 5163 777 5234 speratis
799 5163 854 5216 in
888 5161 1118 5218 Domino
1137 5162 1203 5216 “'.
1248 5181 1267 5215 ι
1292 5163 1361 5217 Et
1378 5150 1635 5231 tanquam
1673 5160 1778 5216 hoc
1795 5160 1994 5232 ipsum,

428 5264 483 5313 et
508 5254 730 5326 quidem
757 5270 869 5324 prae
888 5252 1099 5309 caeteris
1124 5251 1487 5323 praestitisset,
1517 5252 1634 5322 ipse
1679 5251 1748 5308 de
1787 5266 1848 5306 se
1886 5268 2001 5308 ma-

418 5345 622 5417 gnifice
651 5344 911 5415 loquitur,
931 5351 988 5397 et
1005 5340 1083 5398 ait
1114 5359 1126 5394 :
1170 5358 1189 5392 ι
1215 5338 1480 5395 Dominus
1505 5338 1832 5394 illuminatio
1853 5338 1994 5405 mea,

2098 4606 2245 4680 ’τ’έον,
2278 4615 2536 4687 εὐψυχίας
2560 4614 2621 4671 τε
2642 4619 2743 4689 τῆς
2765 4619 2904 4689 ἄγαν
2928 4621 3021 4675 καὶ
3047 4620 3496 4699 τεθαυμασμένης
3524 4628 3687 4696 παρά

2103 4721 2164 4758 τε
2183 4707 2249 4777 τῇ
2275 4706 2615 4779 θεοπνεύστῳ
2632 4709 2847 4781 Γραφῇ,
2868 4710 3081 4782 καὶτῆς
3096 4711 3372 4783 ὲντριόοῦς
3394 4714 3488 4766 καὶ
3516 4713 3686 4783 φίλης

2098 4795 2213 4851 ξῶν
2247 4798 2417 4866 ἁγίων
2443 4798 2662 4870 ψυχαῖς.
2701 4800 2988 4873 Τοιγάρτοι
3019 4803 3114 4856 καὶ
3142 4802 3172 4854 ὁ
3199 4801 3484 4867 θεσπέσιος
3513 4803 3688 4858 Δαεὶδ

2104 4890 2184 4952 εἰς
2212 4889 2370 4945 τοῦτο
2393 4891 2791 4946 διανενευκόσιν
2818 4888 2877 4948 εὖ
2904 4892 3074 4965 μάλα,
3112 4892 3452 4966 προσεφώνει
3477 4894 3679 4964 λέγων·

2111 4997 2130 5031 ι
2192 4980 2530 5052 Ἀνδριζεσθε
2555 5022 2570 5047 ,
2604 4982 2700 5035 καὶ
2748 4982 3125 5053 κραταιοῦσθω
3165 4985 3199 5054 ἡ
3255 4983 3452 5055 καρδία
3495 4984 3683 5052 ὑμῶν,

2104 5071 2305 5135 πάντες
2333 5072 2383 5125 οί
2410 5071 2724 5137 ἐλπίζοντες
2754 5074 2848 5127 ἐπὶ
2893 5074 3117 5145 Κύριον.
3158 5082 3178 5129 i
3223 5075 3314 5139 Ὦς
3352 5075 3407 5129 δὲ
3444 5074 3575 5128 αὐτὸ
3608 5072 3680 5146 δὴ

2096 5162 2247 5216 τουτὶ
2292 5156 2388 5217 καὶ
2438 5165 2545 5235 πρό
2585 5182 2649 5234 γε
2697 5164 2803 5221 τῶν
2847 5165 3024 5222 ἄλλων
3060 5164 3439 5240 κατωρθωκὼς
3460 5209 3474 5234 ,
3509 5170 3680 5234 αὐτὸς

2099 5252 2279 5325 ἑαυτῷ
2326 5254 2685 5337 σεμνύνεται,
2735 5255 2831 5310 καί
2863 5273 3028 5327 φησιν
3088 5275 3107 5310 ι
3154 5258 3361 5331 Κύριος
3394 5260 3680 5331 φωτισμός

2099 5362 2202 5415 μου
2245 5346 2341 5398 καὶ
2398 5348 2590 5421 Σωτήρ
2637 5365 2776 5419 μου,
2829 5348 2951 5402 τίνα
2999 5349 3418 5422 φοϐηθήσομαις
3468 5349 3681 5422 Κύριος

429 5449 488 5496 et
522 5440 670 5495 salus
706 5452 865 5503 mea;
909 5451 1074 5507 quem
1123 5432 1368 5491 timebo?
1411 5424 1676 5489 Dominus
1719 5443 2000 5504 protector

2117 5435 2504 5508 ιπερασπιστὴς
2533 5439 2630 5507 τῆς
2655 5438 2801 5511 ζωῆς
2828 5456 2953 5510 μου,
2984 5440 3094 5494 ἀπὸ
3138 5440 3282 5506 τίνος
3311 5440 3602 5509 δειλιάσως
3653 5462 3675 5494 ι

428 5527 554 5582 vitae
596 5528 756 5599 108
779 5542 932 5593 meae,
963 5542 992 5581 a
1020 5542 1130 5597 quo
1166 5516 1453 5594 trepidabo
1482 5520 1572 5579 "1'
1616 5543 1634 5576 ι
1675 5522 1997 5579 Innumera-

2093 5520 2281 5596 Μῦρια
2309 5524 2417 5597 γὰρ
2448 5526 2548 5579 ὅσα
2588 5528 2718 5600 περὶ
2769 5530 2915 5601 ἡμᾶς
2951 5530 3021 5586 τὰ
3067 5531 3375 5602 σκάνδαλα,
3409 5530 3681 5605 κρείττων

494 5678 768 5770 ἰδιίριλρες.
792 5719 860 5767 vr,
892 5702 973 5755 10.
1053 5703 1096 5736 ⁸⁷
1135 5705 1295 5760 Prov.
1321 5721 1428 5772 xw,
1471 5705 1560 5759 26.
1638 5703 1685 5740 "
1706 5702 1848 5759 Psal.
1888 5718 2005 5768 xxx,

2117 5704 2153 5759 ἰ.
2220 5692 2438 5762 ⁴⁹ῬεοΙ.
2478 5722 2621 5774 xxvr,
2660 5706 2714 5766 1.
