3954 6200
232 301 338 360 505

974 303 1062 358 ns
1095 301 1539 359 ADORATIONE
1578 301 1647 357 1N
1687 298 1960 357 Splmru
1990 258 2079 357 Er
2120 303 2485 371 VERITATE.
2524 304 2653 373 ue.
2695 306 2780 363 IV;

3066 222 3139 230 ﬁ.

3383 310 3520 397 ὅθεῆ

208 419 314 485 ’δὲ,
336 412 513 489 οἶμαι,
551 417 751 485 παντὸς
774 417 1008 488 ἀριθμοῦ
1036 417 1242 490 πληθὺς
1266 417 1558 488 δαιμονίων
1586 433 1812 487 κατερε-

1915 417 2044 475 bilia
2074 434 2310 492 namque
2340 422 2596 478 scandala
2624 439 2724 479 nos
2747 424 3104 480 circumstant
3138 442 3151 479 :
3189 427 3361 482 vincit
3389 444 3485 484 au-
3541 499 3546 508 Ι

234 506 374 571 θίζει
404 506 543 577 πρὸς
572 507 864 578 ἁμαρτίαν,
891 507 984 560 καὶ
1011 506 1237 579 προσέτι
1263 505 1372 560 τῶν
1404 504 1657 576 ἐμφύτων
1684 505 1808 576 ἠδο-

232 597 341 652 νῶν
364 596 468 651 οὐκ
515 595 747 668 ἀγεννὴς
799 598 1079 669 άγριότης,
1127 596 1554 669 φιλοχρηματίας.
1602 613 1660 650 τε
1717 596 1812 650 καὶ

233 686 538 755 ἁλαζονὶαι,
569 688 662 742 καὶ
710 689 761 741 οἱ
794 689 955 758 φόνου
985 689 1227 757 γείτονες
1258 688 1652 759 ἐπισκήπτουσι
1683 684 1812 756 φθό-

233 770 355 849 vet,
384 783 543 852 μῖσος
577 780 673 834 καὶ
725 780 1083 846 καταλαλιαὶ,
1137 780 1233 834 καὶ
1276 779 1328 834 τί
1368 778 1476 849 γάρ
1524 777 1646 848 οὐχὶ
1700 776 1811 831 τῶν

231 873 438 942 ὁμοίων
466 871 674 926 κακῶν.
717 871 857 926 Ἀλλ’
879 874 927 926 οἱ
958 872 1056 942 μὲν
1083 870 1294 927 εὔκολοι
1321 872 1457 943 πρὸς
1486 867 1809 940 ἀπαγωγὴν,

230 964 344 1019 οὔδ’
374 965 498 1035 ὅσον
525 966 698 1019 εἰπεῖν
728 963 821 1018 τοῦ
859 964 1059 1035 χρῆναι
1094 962 1356 1032 γενναίως
1398 961 1466 1017 τὰ
1516 959 1695 1015 τοιάδε
1734 959 1812 1013 δι-

231 1058 483 1125 ενεγκεῖν
528 1056 684 1126 ἄκρῳ
726 1055 868 1125 τάχα
920 1071 1022 1108 που
1072 1053 1318 1123 δακτύλῳ
1342 1051 1810 1123 προσψαύσοντες,
1857 1109 1869 1122 ν

230 1149 472 1221 ἀμελητὶ
505 1148 567 1202 τὺ
604 1149 760 1219 νικᾷν
785 1145 1113 1219 ἀπονέμοντι
1154 1146 1267 1211 τοῖς
1306 1144 1539 1215 ἐχθροῖς,
1571 1140 1813 1211 σευτλίον

233 1240 522 1311 ἡμίεφθον,
558 1238 697 1293 κατὰ
724 1237 823 1309 τὴν
844 1234 939 1291 τοῦ
969 1237 1246 1309 προφήτου
1278 1234 1480 1304 φωνὴν,
1507 1229 1669 1285 οἱονεί
1696 1246 1811 1294 πως

230 1332 310 1393 είς
335 1329 447 1399 γῆν
478 1327 820 1400 ἐρριμμένοι,
853 1327 948 1397 καὶ
974 1316 1179 1398 ἀμαχεὶ
1204 1323 1405 1397 τρόπον
1430 1321 1551 1377 τινὰ
1572 1323 1685 1385 τοῖς
1713 1320 1811 1390 τῆς

231 1418 567 1488 φαυλότητος
580 1410 1003 1489 ὑπενηνεγμένοι
1019 1414 1197 1470 ποσίν.
1212 1415 1275 1470 Oi
1290 1413 1346 1483 δὲ
1364 1411 1637 1483 φιλάρετοί
1649 1427 1707 1465 τε
1717 1409 1812 1463 καὶ

229 1507 658 1579 ὰγαθοὶ,καὶτῆς
672 1508 878 1563 ἄνωθεν
893 1506 1168 1579 ἐφιέμενοι
1187 1506 1365 1576 δόξης,
1379 1505 1521 1576 ζωῆς
1539 1520 1598 1557 τε
1615 1503 1715 1574 τῆς
1731 1502 1812 1566 είς

228 1601 404 1655 αἰῶνα
436 1599 761 1670 μεταλαχεῖν
783 1595 1096 1669 γλιχόμενοι
1112 1636 1128 1662 ,
1151 1594 1502 1666 γενναιότατα
1522 1593 1617 1663 καὶ
1638 1590 1814 1647 εὐτολ-

230 1689 446 1759 μὸτατα
454 1690 574 1753 ταῖς
582 1687 690 1741 τῶν
706 1687 850 1763 ίδίων
863 1686 1049 1757 παθῶν
1064 1683 1454 1749 ὑπαντιάζουσι
1466 1680 1808 1754 προσϐολαῖς,

227 1756 700 1852 κατανεκροῦντες
736 1760 835 1849 τὴν
864 1756 1066 1849 σάρκα,
1089 1777 1184 1830 καὶΙ
1224 1776 1333 1848 τῶν
1370 1776 1428 1829 ὲν
1459 1774 1596 1846 αὐτῇ
1632 1791 1690 1828 τε
1718 1772 1811 1827 καὶ

225 1873 287 1940 ἐξ
316 1872 490 1942 αὐτῆς
511 1870 1023 1940 κατεξανιστάμενοι
1052 1869 1387 1943 κινημάτων.
1410 1866 1596 1941 Ταύτῃ
1614 1882 1696 1920 τοι
1719 1866 1812 1920 καὶ

226 1966 342 2018 πᾶν
372 1960 514 2026 εἶδος
542 1961 873 2035 φαυλότητός
898 1979 960 2015 τε
991 1963 1085 2017 καὶ
1113 1962 1386 2035 ἁμαρτίας
1422 1960 1811 2035 εὐτεχνέστατα

227 2054 683 2127 παρωθούμενοι,
708 2053 806 2127 τὴν
836 2054 988 2126 ἱερὰν
1024 2054 1122 2108 καὶ
1157 2052 1458 2124 ἀμώμητον
1486 2049 1811 2125 κατορθοῦσι

225 2149 401 2219 ζωὴν,
427 2141 512 2211 οἷς
538 2147 636 2201 καὶ
661 2149 691 2201 ό
723 2146 1011 2210 θεσπέσιος
1043 2144 1257 2209 Παῦλος
1289 2144 1549 2213 ὲπιφωνεῖ
1566 2185 1584 2209 ,
1612 2142 1808 2212 λέγων’

232 2261 252 2293 ι
285 2239 467 2311 Στῆτε
495 2234 587 2293 οῦν
617 2236 1052 2315 περιζωσάμενοι
1090 2235 1189 2308 τὴν
1209 2234 1379 2304 ὀσφὺν
1412 2233 1566 2305 ὑμῶν
1588 2234 1647 2285 ὲν
1674 2231 1809 2304 άλη-

226 2330 378 2406 θείᾳ,
408 2331 511 2385 καὶ
541 2327 894 2399 ἐνδυσάμενοι
922 2327 1014 2382 τὸν
1050 2326 1278 2405 θώρακα
1308 2323 1409 2395 τῆς
1442 2322 1809 2393 δικαιοσύνης,

223 2421 324 2475 καὶ
351 2417 753 2491 ὑποδησάμενοι
780 2418 908 2481 τοὺς
934 2416 1100 2480 πόδας
1120 2416 1179 2470 ὲν
1204 2412 1491 2485 ἑτοιμασίᾳ
1515 2411 1608 2467 τοῦ
1635 2413 1812 2483 Εὐαγ-

223 2511 416 2581 γελίου
449 2511 548 2582 τῆς
583 2510 841 2582 εἰρήνης·
875 2507 970 2561 ἐπὶ
999 2509 1164 2562 πᾶσιν
1201 2492 1560 2567 ἀναλαϐόντες
1591 2504 1683 2559 τὸν
1718 2503 1812 2559 θυ-

226 2603 355 2674 ρεὸν
389 2602 495 2673 τῆς
534 2601 809 2667 πίστεως,
844 2600 902 2654 ὲν
944 2592 989 2668 ᾧ
1019 2596 1314 2670 δυνήσεσθε
1362 2596 1541 2651 πάντα
1581 2595 1653 2650 τὰ
1682 2595 1810 2667 βέλη

222 2691 319 2746 τοῦ
367 2688 607 2763 πονηροῦ
648 2689 720 2761 τὰ
765 2687 1141 2760 πεπυρωμένα
1188 2685 1399 2741 σϐέσαι.
1444 2705 1463 2740 ι
1507 2687 1812 2758 Παντευχία

224 2783 334 2852 γὰρ
384 2783 419 2852 ἠ
465 2780 810 2853 πνευματικὴ
852 2781 966 2843 τοῖς
1014 2778 1192 2848 ἁγίοις
1239 2776 1696 2849 πρεπωδεστάτη,
1743 2772 1813 2847 ἧς

223 2871 481 2940 ἐφίεσθαι
501 2872 610 2926 δεῖν
630 2873 799 2943 ἡμᾶς,
822 2870 871 2924 εί
892 2870 988 2924 καὶ
1008 2868 1130 2923 καθ’
1151 2868 1237 2924 ἓτε
1247 2884 1337 2941 ρον
1354 2867 1575 2938 τρόπον,
1600 2866 1810 2921 κελεύει

222 2963 271 3015 δ’
303 2959 403 3016 οὖν
445 2965 599 3033 ὅμως
647 2962 743 3016 καὶ
782 2961 946 3026 αὐτὸς
990 2961 1020 3014 ό
1052 2960 1273 3030 Σωτήρ’
1326 2977 1347 3011 ι
1388 2958 1671 3013 Ἔστωσαν
1701 2958 1810 3030 γάρ

222 3053 388 3124 ὑμῶν
418 3057 475 3107 αί
509 3054 728 3122 ὀσφύες,
772 3053 927 3123 φησὶ,
964 3049 1423 3139 περιεζωσμέναι,
1451 3047 1546 3102 καὶ
1572 3048 1643 3102 τὰ
1673 3042 1809 3103 ὑπο·
1837 3080 1880 3141 c

221 3144 449 3213 «ϐήματα
469 3144 529 3195 ὲν
548 3146 663 3207 τοῖς
690 3144 848 3197 ποσὶν
867 3144 897 3195 ὑ
905 3143 1042 3213 μῶν,
1067 3143 1161 3196 καὶ
1180 3143 1231 3195 oi
1250 3134 1436 3213 λύχνοι
1462 3142 1758 3213 καιόμενοι·
1784 3162 1806 3197 ι

220 3235 288 3287 τὸ
316 3235 424 3304 μὲν
449 3233 685 3298 εὔζωνόν
706 3252 764 3287 τε
799 3234 894 3289 καὶ
914 3233 1079 3289 οἱονεί
1107 3250 1211 3287 που
1244 3233 1690 3304 συνεσταλμένον,
1718 3235 1814 3289 ἐπὶ

220 3325 288 3377 to
317 3327 525 3396 χρῆναι
549 3325 846 3396 τληπαθεῖν
876 3325 1017 3396 ὑπέρ
1054 3342 1119 3394 γε
1164 3322 1260 3379 τοῦ
1305 3323 1512 3394 ἀγαθοῦ
1532 3364 1547 3388 ,
1582 3326 1677 3379 καὶ
1713 3326 1814 3394 τῆς

226 3417 311 3478 είς
339 3416 478 3469 Θεὸν
505 3417 757 3484 ἀγάπης,
797 3416 892 3470 τοῦ
920 3416 1208 3483 διεζῶσθαι
1252 3417 1637 3488 σημαίνοντος’
1677 3417 1739 3471 τδ
1767 3417 1813 3472 δ’

223 3505 499 3577 εὐτρεπές
525 3523 584 3558 τε
612 3507 705 3563 καὶ
735 3507 1014 3579 πρόθυμον
1033 3549 1049 3576 ,
1088 3510 1168 3572 είς
1198 3507 1298 3580 τὴν
1332 3508 1439 3562 ἀπὸ
1469 3508 1563 3561 τοῦ
1605 3507 1811 3577 κόσμου

224 3599 569 3652 κατάστασιν
587 3639 603 3662 ,
634 3597 730 3652 τοῦ
761 3598 1113 3654 ὐποδεδέσθαι
1144 3600 1271 3663 τοὺς
1305 3599 1493 3664 πόδας,
1515 3598 1591 3663 ὡς
1614 3598 1811 3654 αὐτίκα

221 3690 292 3760 δὴ
326 3689 475 3760 μάλα
510 3689 909 3760 βαδιουμένους,
939 3686 1101 3763 οἷπερ
1130 3689 1198 3744 ἂν
1228 3691 1378 3761 ἡμᾶς
1430 3692 1459 3744 ό
1496 3690 1640 3755 θεῖος
1676 3689 1812 3744 ίέναι

225 3779 479 3850 βούλοιτο
512 3780 707 3850 νόμος·
755 3780 819 3834 τὸ
858 3780 918 3833 δὲ
966 3779 1218 3834 καίεσθαι
1266 3780 1393 3843 τοὺς
1419 3779 1682 3850 λύχνους,
1716 3778 1810 3834 τοῦ

227 3870 309 3941 μὴ
344 3871 423 3933 ὡς
446 3872 507 3924 ὲν
535 3870 716 3924 σκότει
749 3887 809 3925 τε
837 3871 934 3925 καὶ
962 3870 1173 3942 ἀμαθίᾳ
1197 3870 1299 3942 ζῇν
1328 3868 1614 3939 ἀνέχεσθαί
1636 3885 1809 3933 τινας,

222 3963 290 4014 ἓν
314 3960 461 4030 φωτὶ
478 3961 539 4014 δὲ
568 3961 767 4032 μᾶλλον
793 3961 873 4031 τῷ
897 3959 986 4014 διὰ
1009 3959 1248 4032 Χριστοῦ
1275 3960 1376 4030 τὴν
1397 3961 1476 4023 είς
1503 3960 1610 4012 πᾶν
1634 3957 1812 4012 ὁτιοῦν

223 4053 341 4108 τῶν
396 4052 864 4124 τεθαυμασμένων
913 4051 1185 4109 ποιεῖσθαι
1234 4049 1481 4122 πορείαν.
1542 4048 1813 4111 Ἰουδαίοις

232 4143 337 4212 μὲν
367 4144 436 4196 ἑκ
480 4143 902 4214 φρενοϐλαϐείας
948 4142 1108 4198 τοῦτο
1134 4142 1267 4214 δρᾷν
1312 4141 1414 4194 οὐκ
1444 4141 1809 4211 ἀνεχομένοις,

229 4232 579 4303 προσεφώνει
614 4234 880 4305 Χριστόςο
921 4253 942 4286 ι
981 4234 1130 4296 Ἕως
1170 4228 1231 4285 τὺ
1259 4232 1376 4300 φῶς
1402 4231 1554 4302 ἔχετε
1577 4248 1813 4303 περιπα-

228 4325 373 4376 τεῖτε
417 4324 476 4377 ἐν
505 4323 585 4394 τῷ
617 4324 777 4392 φωτὶ,
821 4325 911 4379 ῖνα
945 4324 1019 4395 μὴ
1051 4324 1238 4377 σκοτία
1270 4323 1415 4393 ὑμᾶς
1446 4322 1747 4394 καταλάϐῃ.
1788 4341 1806 4373 ο

1914 516 2045 573 tem,
2091 520 2150 565 ut
2193 511 2427 585 opinor,
2470 528 2762 585 numernm
2806 530 3024 569 omnem
3092 516 3484 598 darmqniorum

1912 601 2233 667 multitudo,
2256 619 2377 677 qua!
2404 620 2506 660 nos
2527 605 2595 659 ad
2630 607 2967 675 peccandum
2996 606 3177 671 irritat
3208 626 3219 661 :
3265 609 3332 669 ad
3368 610 3486 665 haec

1912 691 2202 763 insitarum
2232 693 2287 747 in
2307 694 2467 749 nobis
2511 696 2860 766 voluptatum
2898 698 3210 757 immanitas
3256 702 3483 759 minime

1911 780 2174 851 vulgaris,
2225 782 2474 858 avaritia,
2516 784 2821 854 jactantia,
2868 786 3072 841 invidia
3120 805 3232 843 non
3269 790 3426 861 longe
3453 809 3485 845 a
3532 846 3541 869 ι

1913 870 2058 926 caede
2079 879 2314 935 remota,
2341 871 2467 937 odia
2494 889 2735 944 quoque,
2757 883 2816 939 et
2836 875 3209 949 detractiones
3238 880 3481 943 irruunt,
3529 873 3543 947 ξ

1912 967 2218 1032 caateraque
2246 962 2513 1033 ejusmodi
2531 964 2685 1018 vitia.
2721 964 2825 1032 Qui
2861 966 3026 1038 igitur
3068 977 3196 1041 sunt
3224 970 3395 1035 leves,
3419 987 3487 1025 ac

1910 1062 2030 1104 sese
2059 1047 2218 1105 facile
2242 1049 2442 1105 abduci
2486 1050 2695 1117 sinunt,
2727 1069 2855 1107 cum
2896 1069 2966 1108 ne
2996 1055 3224 1109 summis
3262 1057 3485 1126 quidem

1909 1139 2116 1211 digitis,
2145 1141 2293 1212 quod
2332 1141 2599 1198 adversus
2643 1144 2914 1215 ejusmodi
2956 1144 3090 1203 vitia
3144 1148 3481 1219 suscipitur,

1909 1242 2191 1288 certamen
2218 1232 2507 1304 attingant,
2549 1234 2687 1289 nihil
2736 1237 2955 1301 morati,
3006 1238 3293 1292 victoriam
3340 1238 3482 1294 hosti
3576 1228 3592 1237 ’

1910 1322 2218 1379 concedunt
2296 1323 2459 1396 (beta:
2507 1325 2679 1381 instar
2728 1327 3103 1399 semicoctae),
3149 1329 3303 1400 juxta
3353 1344 3476 1398 pro-

1909 1411 2088 1482 pheta:
2108 1428 2321 1478 vocem,
2356 1414 2413 1469 in
2460 1423 2661 1471 terram
2699 1417 2921 1488 abjecti,
2955 1433 3023 1473 ac
3069 1418 3206 1473 citra
3248 1435 3486 1490 pugnam

1909 1501 2312 1572 quodammodo
2364 1505 2468 1560 sub
2503 1505 2763 1575 nequitiae
2807 1507 3040 1579 pedibus
3098 1510 3372 1578 prostrati.
3416 1509 3495 1564 At

1910 1607 2042 1649 vero
2078 1593 2304 1650 virtutis
2336 1605 2630 1667 amatores,
2670 1612 2736 1653 ac
2772 1597 2931 1668 probi
2973 1598 3099 1669 viri,
3133 1600 3338 1669 quique
3370 1615 3485 1656 cm-

1910 1685 2104 1741 lestem
2141 1686 2289 1760 illam
2314 1688 2540 1759 gloriam
2573 1696 2854 1758 exoptant,
2888 1688 3122 1760 vitaeque
3163 1690 3311 1765 illius
3329 1700 3489 1747 aeter—

1912 1790 1997 1832 nae
2031 1777 2332 1848 participes
2379 1793 2501 1834 esse
2549 1779 2803 1850 cupiunt,
2860 1779 3082 1835 fortiter
3155 1795 3219 1836 ac
3265 1790 3488 1840 strenue

1911 1866 2424 1945 perturbationibus
2462 1869 2804 1927 irruentibus
2850 1880 3168 1949 occurrunt,
3211 1888 3335 1928 cum
3363 1890 3486 1929 car-

1910 1974 2040 2013 nem
2084 1960 2440 2041 mortilicant,
2490 1960 2869 2035 adversusque
2914 1969 3099 2041 motus
3138 1978 3254 2028 eos,
3283 1963 3379 2033 qui
3431 1964 3490 2019 in

1916 2050 2037 2127 ipsa
2086 2038 2143 2106 et
2170 2066 2240 2106 ex
2281 2051 2401 2123 ipsa
2433 2061 2582 2129 sunt,
2626 2052 2937 2124 insurgunt.
2972 2038 3161 2125 Itaque
3205 2056 3357 2111 omni
3386 2071 3487 2112 ne-

1911 2141 2100 2211 quitia:
2126 2156 2191 2196 ac
2213 2142 2425 2212 peccati
2451 2157 2651 2213 genere
2690 2140 2904 2201 summa
2942 2154 3057 2200 arte
3104 2154 3267 2221 atque
3319 2146 3486 2202 indu-

1913 2232 2044 2288 stria
2080 2232 2328 2304 depulso,
2346 2241 2589 2311 sanctam
2619 2240 2786 2307 atque
2809 2234 2960 2311 omni
2988 2235 3112 2290 labe
3142 2253 3369 2292 vacuam
3409 2237 3491 2307 vi-

1913 2332 2023 2379 tam
2050 2323 2313 2396 exigunt:
2343 2339 2484 2395 quos
2524 2323 2693 2378 etiam
2734 2312 2957 2379 divinus
2993 2324 3079 2378 vir
3122 2326 3324 2399 Paulus
3351 2327 3490 2382 allo-

1911 2414 2122 2485 quitur,
2153 2414 2345 2471 dicens
2372 2431 2387 2469 :
2417 2432 2437 2467 ι
2479 2415 2631 2471 State
2656 2414 2824 2487 igitur
2847 2415 3113 2471 succincti
3156 2416 3375 2472 lumbos
3391 2433 3490 2473 ve-

1911 2516 2056 2564 stros
2095 2508 2153 2565 in
2198 2511 2454 2578 veritate,
2494 2520 2551 2569 et
2597 2510 2780 2567 induti
2846 2512 3074 2567 loricam
3115 2513 3377 2584 justitiae,
3432 2523 3501 2569 eL

1911 2588 2137 2655 calceati
2171 2599 2340 2670 pedes
2385 2600 2439 2656 in
2478 2600 2932 2672 praeparationem
2980 2601 3259 2677 Evangelii
3300 2604 3489 2673 pacis;

1910 2688 1978 2745 ad
2017 2689 2135 2747 haec
2158 2691 2343 2767 omnia
2357 2702 2638 2750 sumentes
2675 2704 2891 2750 scutum
2920 2692 3068 2760 ﬁdei,
3102 2694 3160 2748 in
3190 2709 3301 2767 quo
3338 2686 3514 2764 pote-7

1911 2778 2033 2835 ritis
2069 2766 2255 2837 omnia
2298 2782 2407 2838 tela
2444 2782 2775 2853 nequissimi
2804 2784 2964 2855 ignea
2988 2766 3337 2859 exstinguere
3368 2783 3434 2838 ³ο.
3464 2802 3483 2835 ›

1910 2867 2202 2953 Armatura
2221 2885 2458 2942 namque
2494 2858 2794 2943 spiritualis
2832 2881 3051 2928 sanctos
3074 2872 3229 2928 viros
3251 2872 3490 2928 maxime

1912 2959 2093 3028 decet,
2109 2978 2273 3033 quam
2302 2979 2424 3030 nos,
2448 2964 2553 3020 etsi
2581 2964 2690 3020 alio
2708 2964 2894 3031 modo,
2915 2965 3075 3037 jubet
3101 2974 3211 3020 tam
3223 2980 3295 3020 en
3327 2980 3494 3039 expe-

1912 3056 2029 3107 tere
2049 3051 2216 3108 etiam
2271 3053 2388 3124 ipse
2438 3054 2745 3112 Salvator:
2809 3075 2829 3109 ‹
2871 3056 2992 3113 Sint
3047 3057 3236 3122 enim,
3289 3056 3488 3126 inquit,

1912 3141 2087 3197 lumbi
2118 3132 2300 3198 vestri'
2315 3145 2622 3214 praacincti,
2660 3155 2717 3201 et
2737 3147 2909 3203 calcei
2931 3146 2987 3202 in
3011 3147 3250 3218 pedibus
3269 3147 3488 3209 vestris,

1913 3241 1972 3289 et
2009 3233 2249 3290 lucerna:
2294 3235 2553 3290 ardentes
2588 3237 2633 3269 ”
2678 3254 2692 3289 :
2750 3256 2771 3289 ι
2837 3230 3208 3309 praecingendi
3253 3250 3501 3307 namque

1914 3325 2086 3380 verbo
2115 3325 2455 3396 signiﬁcatur
2472 3329 2771 3394 accinctos,
2792 3344 2858 3384 ac
2881 3330 3054 3407 veluti
3083 3330 3313 3385 collecta
3331 3342 3491 3382 com-

1914 3429 2211 3485 pressaque
2256 3423 2407 3472 veste
2448 3417 2736 3487 expeditos
2785 3418 2855 3472 ad
2887 3418 3030 3472 mala
3062 3431 3163 3487 pro
3189 3416 3392 3471 virtute
3435 3424 3495 3469 et

1913 3507 2012 3562 Dei
2035 3507 2304 3562 charitate
2323 3507 2607 3564 toleranda
2625 3523 2749 3564 esse
2769 3516 3027 3580 oportere
3053 3507 3341 3579 :subligali
3361 3521 3495 3563 vero

1913 3595 2082 3667 pedes
2108 3596 2354 3652 indicant
2396 3606 2616 3668 paratos
2661 3598 2986 3669 alacresque
3028 3598 3099 3654 ad
3145 3597 3493 3669 migrandum

1912 3701 1980 3742 ex
2002 3686 2107 3743 hoc
2139 3688 2365 3753 mundo,
2408 3696 2471 3744 ut
2516 3689 2923 3759 quamprimum
2974 3688 3316 3759 profecturos
3353 3704 3494 3758 quo-

1914 3794 2132 3849 cunque
2173 3780 2254 3835 ire
2304 3780 2552 3834 divinum
2607 3779 2899 3850 imperium
2944 3779 3209 3849 jusserit;
3255 3779 3497 3832 lucerna:

1914 3867 2149 3937 denique
2175 3868 2430 3924 ardentes
2460 3868 2789 3939 signiﬁcant,
2825 3883 2934 3923 non
2981 3883 3104 3924 esse
3146 3867 3401 3935 cuiquam
3438 3866 3495 3919 in

1915 3956 2157 4012 tenebris
2203 3964 2367 4026 atque
2413 3957 2631 4012 inscitia
2670 3957 2987 4020 vivendum,
3040 3957 3135 4012 sed
3182 3955 3237 4010 in
3286 3954 3497 4011 Christi

1913 4046 2122 4103 lumine
2155 4045 2225 4100 ad
2261 4038 2326 4099 ea
2372 4046 2560 4100 omnia
2608 4061 2732 4115 quae
2769 4045 3067 4100 laudabilia
3089 4051 3220 4100 sunt
3259 4053 3493 4100 conten-

1913 4137 2171 4193 dendum.
2232 4135 2449 4191 Iudaeos
2533 4136 2694 4205 109
2763 4133 3025 4204 quidem,
3079 4134 3227 4205 quod
3309 4145 3495 4191 essent

1913 4243 2104 4300 parum
2153 4242 2284 4282 sana
2337 4234 2522 4280 mente
2552 4266 2567 4291 ,
2624 4218 2678 4280 id
2726 4224 2903 4279 facere
2947 4234 3265 4281 recusantes
3300 4267 3314 4292 ,
3362 4228 3487 4281 allo-

1914 4319 2189 4391 quebatur
2205 4317 2476 4383 Christus,
2511 4337 2530 4369 ι
2565 4317 2921 4381 Dumlucem,
2944 4315 3217 4386 inquiens,
3256 4318 3490 4381 habetis,

230 4410 447 4464 Οὐκοῦν
492 4412 779 4482 ἑτοιμότης
807 4414 888 4476 είς
925 4412 1129 4483 ἀρετὴν
1164 4411 1261 4471 καὶ
1302 4411 1524 4482 ἀνδρεία
1560 4413 1813 4483 φρονήσει

1920 4410 2194 4465 ambulate
2245 4409 2299 4463 in
2360 4408 2506 4473 luce,
2557 4422 2627 4463 ne
2679 4422 2778 4462 vos
2838 4406 3079 4462 tenebrae
3127 4408 3486 4476 comprehen-

231 4502 675 4572 συνεζευγμένη,
709 4502 961 4573 λαμπρὸν
1034 4504 1129 4556 καὶ
1159 4502 1450 4574 περίοπτον
1486 4504 1815 4574 ὰποφήνειεν

231 4590 300 4644 ἂν
331 4592 438 4661 τῆς
464 4592 747 4657 εὐσεϐείας
772 4593 864 4647 τὸν
897 4595 1155 4665 ἐραστήν.

304 4763 523 4819 ΠΑΛΛ.
559 4759 635 4817 Εὖ
667 4763 866 4832 λέγεις.

304 4854 476 4910 ΚΥΡ.
523 4856 599 4909 Ού
638 4854 748 4927 γὰρ
771 4858 831 4909 ὲν
856 4855 937 4926 τῷ
976 4854 1222 4909 ἀνεῖσθαι
1258 4854 1468 4923 φιλεῖν,
1500 4853 1561 4908 τὸ
1604 4852 1821 4918 εὐκλεὲς

232 4947 577 5017 ειΖορὴσπομεν⁸
606 4946 726 5003 ἀλλ’
746 4946 906 5019 εἴπερ
942 4945 1122 5016 ἱδροῦν
1145 4945 1321 5002 ἕλοιτό
1349 4962 1453 5010 τις,
1486 4946 1610 5000 τότε
1630 4946 1695 5021 δὴ
1721 4947 1820 5018 μό-

230 5036 319 5099 λις
356 5037 515 5091 ἔσται
560 5038 815 5110 λαμπρός
841 5057 901 5094 τε
937 5041 1033 5096 καὶ
1066 5041 1515 5112 εὐδοκιμώτατος.
1546 5042 1654 5096 Καὶ
1692 5041 1824 5110 γοῦν

229 5131 586 5199 ποιουμένοις
615 5131 695 5186 ἐτι
723 5133 819 5197 τὰς
850 5132 909 5187 ὲν
940 5133 1203 5203 Αίγύπτῳ
1234 5131 1517 5204 διατριϐὰς
1545 5133 1659 5195 τοῖς
1686 5134 1819 5197 υἱοῖς

241 5219 493 5291 Ἰσραὴλ,
520 5221 774 5293 ἐφίστησι
805 5224 904 5293 μὲν
931 5224 1225 5293 ἐπιστάτας
1256 5224 1365 5276 τῶν
1404 5222 1581 5294 ἔργων
1612 5223 1817 5287 δεινοὺς

224 5310 336 5362 καὶ
362 5312 593 5380 πικροὺς
614 5313 645 5365 ὁ
668 5311 895 5383 βέϐηλος
930 5311 1130 5385 Φαραώ
1153 5329 1167 5344 ⁸
1192 5314 1240 5367 οί
1267 5312 1342 5373 δὲ.
1372 5313 1473 5381 τὴν
1502 5312 1816 5384 ἀνεθέλητόν

220 5415 297 5452 τε
318 5399 509 5463 αὐτοῖς
527 5439 543 5465 ,
566 5402 663 5454 καὶ
704 5400 780 5465 ὡς
804 5401 866 5467 ἐξ
900 5404 1142 5474 ἀνάγκης
1165 5404 1577 5474 ἐπερριμμένην
1617 5404 1808 5474 σκληρο

220 5489 487 5559 αγωγίαν
541 5491 839 5561 γύμνασμα
886 5493 1192 5564 ποιούμενοι
1247 5493 1382 5564 πρὸς
1420 5494 1478 5548 τὸ
1512 5496 1815 5566 τληπαθὲς,

1922 4502 2055 4557 dant
2075 4502 2142 4554 ⁸⁸.
2176 4519 2194 4552 ι
2223 4499 2451 4555 Pietatis
2473 4498 2637 4569 igitur
2665 4505 2963 4553 amatorem
2994 4496 3248 4551 alacritas
3281 4497 3346 4551 ad
3387 4499 3506 4551 vir-

1924 4600 2099 4649 tutem
2142 4590 2571 4661 capessendam,
2617 4604 2681 4643 ac
2726 4588 2994 4643 fortitudo
3031 4602 3156 4642 cum
3205 4588 3492 4657 prudentia

1924 4685 2212 4753 conjuncta
2255 4682 2461 4736 clarum
2492 4688 2655 4749 atque
2698 4677 3057 4749 conspicuum
3086 4678 3281 4735 reddit.

1995 4772 2189 4828 PALL.
2222 4771 2441 4841 Optime
2468 4769 2625 4824 dicis.

1990 4860 2146 4916 ΟΥΕ.
2179 4859 2301 4914 Νοη
2344 4857 2493 4923 enim
2534 4856 2801 4913 dissoluta
2845 4854 3180 4924 remissaquc
3221 4853 3331 4908 vita
3378 4854 3493 4923 glo-

1920 4953 2056 5007 riam
2092 4948 2352 5019 consequi
2386 4947 2542 5012 licet;
2574 4946 2709 5018 quin
2742 4946 2945 5016 potius,
2976 4945 3190 5001 etiamsi
3222 4944 3496 5014 quispiam

1920 5043 2138 5099 labores
2184 5056 2248 5097 ac
2292 5039 2524 5096 sudores
2560 5038 2802 5109 perferre
2850 5037 3126 5102 statuerit,
3176 5036 3266 5091 vix
3316 5044 3503 5091 tamen

1926 5132 2269 5205 splendorem
2310 5129 2639 5202 laudemque
2677 5128 2945 5200 insignem
2988 5128 3340 5198 adipiscetur.
3390 5128 3501 5182 Ita—

1923 5242 2032 5297 que
2075 5223 2202 5280 (iliis
2232 5223 2420 5287 Israel,
2455 5237 2581 5277 cum
2615 5221 2797 5276 adhuc
2838 5220 2893 5276 in
2938 5219 3171 5293 Αἴθῃ)ιο
3212 5218 3500 5289 degerent,

1926 5317 2187 5387 imposuit
2229 5314 2451 5385 quidem
2500 5329 2729 5383 operum
2779 5312 3062 5382 prmfectos
3101 5324 3293 5382 graves
3342 5322 3497 5361 acer-

1926 5403 2133 5474 bosque
2174 5403 2437 5475 profanus
2471 5402 2563 5456 illc
2604 5402 2814 5457 Pharao
2848 5418 2859 5452 :
2896 5408 2951 5453 at
2998 5397 3099 5463 iiii,
3134 5398 3261 5471 quia
3304 5395 3497 5450 duram

1926 5494 2073 5549 illam
2105 5493 2322 5550 vivendi
2354 5494 2552 5563 legem,
2583 5490 2830 5560 quamvis
2862 5488 3049 5544 invitis
3083 5496 3138 5544 et
3170 5483 3515 5542 necessitate-

316 5661 360 5693 "
389 5663 596 5735 Ephcs.
638 5681 711 5731 vr,
748 5665 929 5721 ιιι-ιθ.
1007 5667 1046 5698 ⁸¹
1086 5666 1217 5723 Luc.
1253 5685 1345 5735 χιι,
1386 5670 1469 5725 55.
1550 5669 1592 5702 ⁸⁷
1622 5667 1777 5725 Joan.
1804 5686 1895 5735 xu,
1936 5671 2023 5727 55.
