3954 6200
327 1342 330 1345 ,
416 1299 505 1344 tus
539 1290 764 1355 habuit;
802 1305 928 1344 nam
962 1306 1027 1344 ea
1071 1291 1208 1360 ipsa,
1237 1306 1358 1359 quae
1385 1290 1720 1346 inferebatur
1751 1289 1988 1358 vexatio,

409 346 512 400 ποτ
1342 335 1346 338 ’
1397 347 1452 404 s.
1495 347 1769 406 CYRlLLl
1808 347 2275 408 ALEXANDRINI
2313 350 2630 408 AltCHlEP.
3549 357 3651 415 303

409 461 616 518 coactis
646 461 975 532 impositam,
1007 477 1108 532 pro
1141 462 1531 519 exercitatione
1561 463 1893 529 habuerunt,
1918 463 1986 517 ad

2108 447 2394 536 ὺφέληνται
2430 467 2646 536 μᾶλλον,
2680 466 2823 537 ἥπερ
2850 464 3135 537 ἠδίκηνται
3165 466 3305 522 κατὰ
3341 468 3402 522 τὸ
3436 469 3655 540 ἀληθές.

410 555 681 609 tolerandi
708 553 1160 608 consuetudinem
1196 555 1611 624 acquirendam;
1655 555 1778 612 ideo
1811 554 1980 611 bene—

2108 555 2316 609 Ἐδεδίει
2345 558 2443 628 μὲν
2467 560 2575 630 γάρ
2598 561 2626 612 ό
2650 558 2848 629 Φαραὼ
2875 561 3000 624 τοὺς
3033 558 3315 632 Ἐϐραίους
3347 562 3426 625 είς
3452 562 3656 634 πληθὺν

410 642 536 697 ﬁcio
567 642 750 711 potius
783 657 993 708 revera,
1021 659 1185 713 quam
1227 644 1337 698 ulla
1376 645 1575 716 injuria
1619 654 1748 700 sunt
1776 644 1980 700 affecti.

2108 645 2392 718 ιμέτρητον
2440 649 2845 720 ὲκτεινομένους
2898 651 3074 722 όρῶν’
3136 652 3544 722 κακουργότατα
3598 653 3655 708 δὲ

411 735 686 790 Metuebat
715 736 861 789 enim
905 736 1162 792 Hebraeos
1189 738 1420 804 Pharao,
1449 754 1574 793 cum
1619 739 1741 794 illos
1774 739 1986 793 videret

2108 734 2336 801 ιολάξειν
2373 738 2663 808 ἐπιχειρῶν
2704 738 2802 810 τὴν
2836 739 2892 794 ἐν
2919 757 2982 809 γε
3017 741 3082 812 δὴ
3130 740 3304 813 τούτῳ
3351 742 3523 813 φορὰν
3565 744 3658 799 καὶ

411 827 470 882 in
500 827 820 884 immensam
845 829 1251 886 multitudinem
1278 846 1554 897 crescere;
1593 847 1828 901 cumque
1867 847 1984 885 ma-

2108 827 2322 881 ιπίδοσιν
2340 866 2356 891 ,
2377 848 2395 880 ι
2441 829 2768 901 Ἑπέστησεν
2790 832 2992 896 αὐτοῖς,
3021 832 3203 903 φησιν,
3228 833 3524 897 ἐπιστάτας
3551 833 3658 890 τῶν

410 920 659 991 lignitate
682 935 893 977 summa
923 930 1217 976 conaretur
1247 932 1456 977 tantum
1482 922 1632 977 illius
1659 924 1836 994 gentis
1861 938 1989 994 pro-

2108 914 2287 986 ἕργων,
2316 917 2404 972 ἵνα
2432 919 2756 976 κακώσωσιν
2777 923 2971 987 αὐτοὺς
2995 924 3053 978 ὲν
3077 927 3188 988 τοῖς
3213 923 3413 994 ἔργοις.
3455 943 3472 975 ι
3505 927 3660 997 Περι-

411 1021 638 1067 ventum
667 1021 831 1081 atque
879 1012 1278 1071 incrementum
1310 1013 1569 1069 cohibere
1601 1033 1612 1067 :
1647 1034 1664 1065 ι
1699 1015 1985 1084 Imposuit,

2108 1009 2346 1082 τρέπεται
2373 1011 2430 1065 δὲ
2458 1013 2640 1077 αὐτοῖς
2655 1015 2790 1084 πρὸς
2811 1013 2872 1068 τὸ
2899 1015 3189 1087 ὲναντίονή
3220 1017 3429 1086 σκέψις.
3461 1017 3527 1070 Ἥ
3555 1018 3661 1088 γὰρ

415 1104 615 1174 inquit,
658 1106 738 1159 eis
759 1105 1045 1174 praefectos
1071 1121 1318 1175 operum,
1339 1114 1398 1160 ut
1421 1106 1722 1178 atlligerent
1750 1124 1845 1163 eos
1862 1123 1991 1178 ope-

2108 1104 2496 1176 επενηνεγμένη
2519 1105 2758 1170 κάκωσις
2789 1107 3060 1178 πρόφασις
3089 1109 3272 1171 αὐτοῖς
3295 1108 3395 1178 τῆς
3423 1109 3502 1172 είς
3527 1109 3663 1180 πλη·
3697 1180 3699 1184 ι

414 1198 570 1252 ribus
599 1198 644 1228 ⁵³
672 1215 684 1250 :
718 1216 736 1249 ι
769 1197 876 1253 Sed
913 1199 1017 1253 hoc
1044 1200 1163 1269 ejus
1189 1198 1477 1254 consilium
1499 1201 1802 1255 contrarios
1828 1215 1993 1255 even-

2108 1194 2188 1248 ὶῦν
2216 1195 2505 1259 ἐπιδόσεως
2532 1193 2620 1268 ἦν,
2647 1197 2780 1251 Θεοῦ
2812 1198 2873 1252 τὸ
2906 1201 3092 1271 χρῆμα
3112 1201 3541 1270 οίκονομοῦντος,
3572 1203 3666 1254 καὶ

2092 1287 2212 1348 ταῖς
2248 1285 2456 1339 ἐκείνου
2486 1287 2852 1359 ῥᾳδιουργίαις
2879 1289 2978 1360 τὴν
3006 1291 3212 1343 οἰκείαν
3240 1289 3388 1343 ῶσπε
3399 1309 3429 1362 ρ
3447 1291 3666 1357 ἀντεξά-

414 1381 631 1436 occasio
658 1381 766 1435 illis
785 1381 1111 1436 incrementi
1136 1380 1271 1446 fuit,
1294 1397 1419 1436 cum
1439 1383 1585 1436 Deus
1604 1397 1725 1436 eam
1755 1399 1868 1437 rem
1895 1399 1994 1438 sua

2108 1391 2280 1443 γοντος
2303 1374 2481 1447 χάριν.
2512 1397 2529 1428 ι
2559 1376 2757 1432 Καθότι
2783 1381 2890 1451 γὰρ
2914 1380 3109 1444 αὐτοὺς
3142 1381 3477 1445 ὲταπείνουν,
3513 1382 3666 1452 φησὶ,

413 1472 684 1542 sapientia
707 1472 1104 1538 moderaretur,
1123 1481 1178 1526 et
1204 1473 1504 1527 Pharaonis
1534 1473 1746 1528 astutiae
1764 1474 1994 1543 gratiam

2108 1468 2332 1538 τοσούτῳ
2378 1468 2592 1532 πλείους
2633 1470 2871 1539 ἐγίνοντο
2917 1472 3011 1524 καὶ
3047 1472 3251 1543 ἴσχυον.
3313 1492 3331 1526 ι
3387 1474 3668 1544 Ἐπιφέρει

414 1578 572 1618 suam
599 1571 919 1632 opponeret.
935 1561 1174 1628 «Quanto
1198 1579 1434 1632 namque
1453 1578 1549 1619 eos
1571 1564 1986 1630 humiliabant,»

417 1655 617 1724 inquit,
659 1674 675 1705 ι
712 1661 863 1709 tanto
903 1655 1089 1725 plures
1125 1654 1330 1710 fiebant
1357 1664 1412 1710 et
1439 1656 1924 1712 invalescebant".
1970 1675 1987 1708 ι

2099 1559 2198 1630 μὲν
2223 1559 2328 1630 γάρ
2354 1559 2453 1623 τάς
2479 1560 2685 1630 θλίψεις
2715 1564 2743 1615 ό
2771 1563 3034 1627 Σατανᾶς,
3061 1564 3186 1627 τοὺς
3212 1564 3428 1628 ὀδόντας
3458 1564 3668 1635 ἐπιτρῇ

2097 1650 2206 1715 ζων
2241 1654 2356 1715 τοῖς
2386 1651 2581 1720 ἁγίοις,
2609 1655 2704 1707 καὶ
2737 1647 2920 1726 ὧνπερ
2955 1656 3020 1709 ἂν
3049 1656 3125 1720 ὡς
3155 1656 3298 1710 ἰδίων
3336 1660 3673 1727 μετεποιεῖτο

415 1747 675 1815 Quamvis
692 1747 840 1802 enim
859 1747 1244 1801 tribulatioues
1260 1747 1458 1801 inferat
1475 1747 1723 1813 Satanas,
1738 1748 1998 1804 dentibus

2108 1743 2250 1807 θεὸς,
2286 1744 2496 1808 τούτοις
2539 1745 2624 1799 ἀεί
2665 1763 2782 1810 πως
2811 1746 3113 1818 ἀπολέγδην
3163 1747 3478 1818 ὲπιπηδῶν·
3523 1768 3542 1801 ι
3588 1749 3672 1802 Τὰ

416 1841 533 1895 suis
555 1840 606 1893 in
625 1848 938 1894 sanctorum
955 1854 1126 1908 genus
1144 1837 1399 1905 fremens;
1418 1847 1473 1893 et
1485 1855 1623 1908 quos
1639 1839 1782 1894 Deus
1798 1851 1858 1896 ut
1872 1855 1998 1910 pro-

2108 1833 2208 1905 γὰρ
2235 1833 2500 1906 βρώματα
2526 1835 2688 1888 αὑτοῦ
2747 1814 3002 1902 ὲκλεκτά,
3039 1814 3254 1908 »τφησίν
3279 1855 3293 1867 ·
3322 1814 3444 1892 ἀλλ’
3483 1841 3531 1892 οἱ
3571 1857 3672 1892 πο-

417 1931 567 2000 prios
602 1931 703 1986 sibi
727 1929 1041 1994 asseruerit,
1065 1929 1118 1983 in
1149 1945 1246 1984 eos
1287 1946 1504 2000 semper
1534 1931 1781 2002 egregios
1807 1932 1996 1988 obser-

415 2039 554 2079 vans
593 2023 786 2090 irruat,
820 2044 837 2076 ι
867 2023 1020 2079 Escae
1045 2040 1284 2094 namque
1319 2025 1469 2079 illius
1511 2025 1698 2080 electae
1728 2031 1905 2088 sunt,»
1951 2025 1996 2056 ⁸⁵

418 2116 631 2186 inquit:
658 2126 859 2181 tamen,
879 2117 974 2186 qui
996 2116 1054 2170 in
1079 2116 1460 2188 hujuscemodi
1483 2117 1650 2171 rebus
1677 2116 1903 2186 impigre
1922 2115 2000 2170 la-

418 2207 636 2272 borant,
653 2223 719 2262 eo
743 2208 881 2278 ipso,
894 2224 1004 2278 quo
1019 2190 1323 2275 tentantur,
1338 2225 1396 2264 se
1411 2208 1545 2278 ipsis
1561 2209 1816 2264 meliores
1839 2208 1996 2275 fiunt,

417 2313 624 2368 eosque
662 2299 1022 2355 certaminum
1054 2301 1343 2355 tolerantia
1379 2301 1570 2371 procul
1603 2300 1771 2356 dubio
1799 2300 1998 2355 clario-

421 2408 511 2447 res
541 2393 752 2459 reddit,
797 2393 870 2447 ita
899 2400 959 2448 ut
997 2408 1095 2462 per
1120 2409 1242 2462 quae
1271 2393 1363 2447 ille
1397 2393 1660 2448 molestus
1688 2408 1809 2447 esse
1837 2401 2002 2462 atque

418 2499 618 2540 vexare
661 2485 931 2556 cngitarit,
962 2501 1062 2554 per
1091 2500 1156 2539 ea
1197 2484 1432 2538 maxime
1470 2483 1636 2538 etiam
1678 2484 1883 2539 invitus
1909 2485 2002 2554 ju-

422 2583 594 2638 νει,οι
613 2591 711 2643 per
725 2589 847 2643 quae
867 2575 991 2628 illos
1006 2573 1227 2629 vincere
1252 2575 1585 2644 putarit,per
1603 2575 1796 2629 eadem
1816 2573 2002 2628 valen-

421 2667 594 2721 tiores
636 2663 849 2720 efﬁciat.
882 2665 1018 2721 Cum
1044 2681 1176 2721 vero
1203 2667 1417 2722 vafrum
1466 2668 1602 2722 illud
1633 2677 2003 2722 commentum

421 2759 635 2814 Pharao
660 2758 828 2812 alium
862 2773 1024 2827 quam
1055 2766 1274 2828 putarat
1300 2759 1509 2814 exitum
1554 2759 1813 2815 habuisse
1846 2758 2002 2814 vidc-

425 2859 529 2914 τοι,
564 2858 620 2906 et
650 2850 707 2904 in
740 2865 806 2905 eo
836 2850 974 2920 ipso,
1017 2851 1164 2922 quod
1207 2850 1405 2906 laedere
1447 2867 1506 2906 se
1549 2852 1796 2922 putabat,
1839 2853 2004 2908 etiam

423 2940 635 3010 juvare,
657 2956 802 3005 sero,
824 2957 888 2996 ac
910 2941 1000 2996 vix
1025 2941 1245 2996 tandem
1267 2942 1471 2997 sentire
1498 2943 1773 3012 coepisset,
1805 2942 2004 2998 immu-

424 3043 506 3087 tat
528 3033 676 3088 illico
702 3033 997 3088 insidiandi
1029 3033 1317 3089 rationem.
1333 3033 1626 3090 Accersitis
1646 3049 1881 3104 namque
1902 3035 2008 3091 He-

2097 1927 2314 1990 νοῦντες
2343 1929 2402 1981 ὲν
2430 1926 2658 1992 τούτοις,
2689 1929 2865 1984 αὐτῶν
2898 1929 3156 2000 ἀμείνους
3181 1929 3393 1985 ἔσονται
3421 1931 3674 2002 πειραζό-

2103 2035 2281 2090 μενοιο
2307 2019 2399 2073 καὶ
2418 2019 2480 2072 τὸ
2515 2019 2780 2090 καρτερὸν
2807 2021 2864 2073 ἐν
2890 2021 3096 2089 ἀγῶσιν
3125 2022 3412 2092 ἀποφαίνει
3442 2024 3506 2094 δὴ
3539 2025 3674 2078 πάν-

2099 2129 2208 2176 τως
2227 2112 2508 2166 εύκλεεστέ
2519 2129 2662 2183 ρους,
2689 2113 2765 2176 ὥς
2795 2131 2853 2166 τε
2885 2113 2953 2166 δι’
2979 2107 3054 2167 ὧν
3080 2115 3144 2168 ἂν
3167 2117 3338 2168 νοοῖτο
3368 2116 3558 2168 λυπεῖν
3582 2116 3676 2168 καὶ

2102 2203 2328 2269 κακοῦν,
2357 2204 2450 2259 διά
2480 2203 2683 2258 τούτων
2716 2205 2948 2276 μάλιστα
2980 2206 3074 2259 καὶ
3111 2207 3208 2276 ούχ
3247 2205 3407 2271 ἑκὼν,
3434 2207 3676 2277 ὀνήσειεν

2101 2297 2188 2363 ἂν,
2225 2298 2319 2353 καὶ
2357 2297 2427 2351 δι’
2463 2291 2537 2354 ὧν
2569 2301 2817 2371 αἱρήσειν
2855 2299 3178 2371 ὑπείληφεν,
3228 2301 3677 2372 εύσθενεστέρους

2102 2391 2374 2446 ἀποτελεῖ.
2419 2391 2635 2464 Ἐπειδὴ
2671 2392 2728 2446 δὲ
2759 2391 2818 2445 τὸ
2859 2392 3163 2462 πανοῦργον
3193 2393 3436 2464 σόφισμα
3464 2394 3542 2462 τῷ
3567 2395 3675 2446 Φα-

2106 2482 2221 2554 ραὼ
2264 2483 2401 2555 πρὸς
2450 2483 2710 2554 ἀδόκητον
2764 2482 2935 2554 πέρας
2971 2483 3296 2556 ὲκτελευτᾷ,
3354 2484 3448 2538 καὶ
3488 2483 3554 2536 δι’
3600 2476 3676 2537 ὧν

2105 2576 2329 2642 ἐκάκου,
2356 2577 2450 2630 καὶ
2481 2577 2849 2648 προσωφελῶν
2877 2572 2964 2648 ἦν,
2992 2577 3090 2648 ὀψὲ
3120 2578 3214 2632 καὶ
3247 2577 3397 2649 μόλις
3426 2576 3678 2631 αἰσθάνε-

2103 2685 2216 2733 ται,
2267 2668 2362 2722 καὶ
2395 2668 2683 2740 μεθίστησι
2719 2670 3060 2742 παραχρῆμα
3105 2669 3205 2740 τῆς
3253 2669 3543 2740 ὲπιόουλῆς
3586 2668 3678 2722 τὸν

2105 2759 2335 2832 τρόπον’
2394 2760 2890 2832 μεταπεμψάμενος
2943 2761 3052 2833 γάρ
3099 2762 3207 2814 τῶν
3263 2761 3548 2832 Ἐϐραίων
3577 2759 3678 2822 τὰς

2110 2852 2295 2922 μαίας,
2332 2869 2352 2902 ι
2379 2852 2548 2907 Ὅταν
2578 2851 2837 2924 μαιοῦσθε
2889 2854 2987 2916 τάς
3039 2851 3314 2922 Ἐδραίας,
3353 2853 3546 2922 φησιν,
3585 2851 3681 2903 καὶ

2107 2935 2209 2996 ὦσι
2243 2942 2378 3013 πρὸς
2405 2944 2466 2996 τὸ
2497 2944 2734 3007 τίκτειν,
2763 2943 2856 2997 ἐὰν
2901 2943 3000 3014 μὲν
3038 2944 3203 3014 ἄρσεν
3235 2939 3291 3015 ᾖ,
3326 2942 3680 2996 ἀποκτείνατε

2110 3033 2260 3098 αὐτὸ,
2297 3034 2389 3087 ἐὰν
2419 3033 2476 3087 δὲ
2515 3034 2670 3104 θῆλυ,
2702 3035 3072 3106 περιποιεῖσθε
3104 3035 3254 3088 αὑτό.
3301 3054 3318 3088 ι
3370 3034 3676 3105 Ἐφοεήθη-

424 3123 699 3180 Βτωοτυω
732 3123 1146 3190 obstetricibus,
1189 3144 1206 3176 ι
1237 3124 1374 3180 Cum
1421 3125 1850 3182 obstetricabitis
1894 3125 2004 3182 He-

2113 3139 2212 3177 σαν
2253 3124 2309 3178 δὲ
2343 3125 2400 3178 αἱ
2431 3127 2589 3196 μαῖαι
2621 3125 2711 3180 τὸν
2745 3125 2899 3193 Θεὸν,
2935 3126 3028 3180 καὶ
3059 3127 3160 3179 οὐκ
3195 3125 3456 3196 ἐποίησαν
3494 3125 3682 3179 καθότι

426 3215 621 3280 brmas,
645 3217 844 3286 inquit,
871 3225 928 3272 et
951 3225 1140 3287 partus
1163 3225 1377 3287 tempus
1398 3219 1699 3284 advenerit,
1736 3219 2005 3290 siquidem

2111 3215 2396 3298 συνέταξεν
2425 3217 2608 3281 αὐτοῖς
2649 3219 2678 3270 ὁ
2717 3217 2968 3287 βασιλεὺς
3003 3217 3278 3287 Αἰγύπτου
3311 3217 3404 3272 καὶ
3450 3217 3685 3285 ἐζωογο-

426 3309 705 3362 masculus
745 3307 932 3374 fuerit,
968 3307 1259 3364 interficite
1290 3309 1478 3376 illum;
1516 3310 1675 3379 110
1701 3309 1786 3364 sin
1825 3319 2009 3364 autem

426 3398 652 3466 femina,
688 3410 901 3457 servate
929 3401 1098 3456 illam.
1124 3401 1452 3458 Timuerunt
1473 3412 1657 3458 autem
1682 3401 2010 3457 obstetrices

425 3490 640 3555 Deum,
672 3500 730 3546 et
769 3507 879 3546 non
921 3490 1176 3546 fecerunt
1222 3492 1366 3546 sicut
1409 3499 1746 3562 prmeeperat
1786 3491 1868 3544 eis
1913 3505 2010 3544 rex

426 3579 665 3651 Egypti,
700 3589 756 3635 et
783 3581 1133 3635 vivificabant
1165 3581 1438 3636 masculos
1473 3582 1539 3635 ⁵⁸.
1575 3600 1594 3632 ι
1629 3580 1878 3650 Cumque
1915 3581 2010 3636 illa

429 3672 694 3727 adversus
716 3671 1070 3726 Hebraeorum
1097 3687 1271 3741 genus
1306 3671 1576 3742 impietas,
1608 3679 2010 3742 cruentumque

429 3759 722 3814 consilium
767 3759 984 3814 irritum
1024 3759 1314 3816 cecidisset
1347 3759 1546 3830 (neque
1571 3759 1716 3814 enim
1759 3760 2009 3831 permisit

431 3850 577 3904 Deus
613 3848 939 3904 obstetrices
983 3857 1193 3904 tantum
1240 3849 1420 3904 scelus
1449 3848 1838 3920 committere),
1873 3865 2008 3904 con-

429 3940 596 3995 vertit
619 3955 676 3996 se
692 3941 805 4010 jam
827 3939 895 3994 ad
925 3949 1168 4010 apertam
1194 3941 1305 3994 vim
1331 3949 1496 4011 atque
1528 3940 1804 4012 iniuriam,
1831 3957 2012 4012 neque

430 4032 614 4088 adhuc
643 4033 782 4086 clam
803 4047 1002 4088 vexare
1031 4041 1342 4099 contentus,
1373 4040 1622 4103 apertum
1652 4033 1858 4088 bellum
1886 4049 2009 4088 sus-

431 4123 585 4193 cipit,
629 4139 932 4193 necemque
979 4124 1334 4178 inhumanam
1378 4124 1465 4189 iis,
1521 4123 1616 4194 qui
1654 4133 2012 4180 nascerentur

432 4214 698 4269 decernit.
730 4233 748 4266 ι
783 4216 1048 4286 Praecepit
1078 4217 1247 4283 enim,
1279 4216 1477 4286 inquit,
1500 4217 1712 4272 Pharao
1742 4217 1890 4272 omni
1910 4232 2010 4287 po-

431 4303 564 4373 pulo
584 4318 706 4368 suo,
738 4303 929 4360 dicens
965 4322 978 4358 :
1019 4323 1036 4355 ι
1063 4303 1235 4360 Omne
1271 4305 1596 4370 masculum,
1628 4305 1775 4375 quod
1821 4314 2009 4359 natum

431 4394 598 4450 fuerit
621 4395 886 4458 llebraais,
911 4395 1160 4467 projicite
1190 4395 1248 4449 in
1271 4394 1472 4450 ﬂumen
1493 4411 1507 4460 ;
1532 4403 1589 4450 et
1610 4410 1829 4449 omnem
1856 4394 2012 4450 femi-

429 4503 558 4541 nam
594 4487 867 4543 viviﬁcate
896 4489 961 4540 ⁵⁷.
1000 4507 1018 4538 ι
1045 4487 1234 4556 Neque
1267 4485 1414 4540 enim
1449 4484 1517 4540 de
1555 4485 1884 4541 feminarum
1917 4503 2012 4558 ge-

431 4595 564 4634 nere
595 4578 672 4634 illi
704 4595 837 4634 cura
869 4587 990 4634 erat
1016 4579 1160 4644 ulla;
1202 4579 1440 4634 imbellis
1468 4588 1553 4634 est
1584 4594 1819 4648 namque
1851 4594 2014 4635 sexus

320 4701 332 4707 -
431 4671 752 4737 muliebris,
788 4686 890 4726 nec
939 4671 1008 4726 ad
1056 4670 1402 4739 prudentiam
1441 4671 1909 4736 accommodatus;
1956 4671 2010 4727 in

432 4773 666 4834 utroque
699 4772 884 4818 autem
910 4763 1084 4817 virilis
1111 4763 1377 4818 molestus
1402 4771 1506 4829 est,
1535 4770 1594 4818 ut
1622 4764 1716 4833 qui
1765 4773 1880 4818 tum
1924 4777 2013 4818 sa-

429 4856 590 4924 piens
618 4855 707 4920 sit,
742 4865 855 4910 tum
885 4855 1050 4911 etiam
1081 4855 1148 4910 ad
1190 4855 1396 4910 bellum
1429 4855 1762 4926 aptissimus.
1803 4857 2012 4912 Jucun-

433 4946 690 5001 dissimus
713 4955 798 5002 est
827 4948 991 5018 igitur
1019 4957 1182 5017 atque
1211 4949 1551 5019 gratissimus
1586 4959 1723 5003 tetro
1761 4949 1837 5003 illi
1879 4949 2008 5004 dra-

433 5035 578 5100 coni,
612 5036 825 5092 Satanae
864 5037 1107 5108 inquam,
1139 5039 1424 5094 muliebris
1459 5040 1548 5094 ille
1588 5040 1755 5094 animi
1783 5056 2006 5105 sensus,

433 5125 779 5182 effeminatus
808 5139 863 5182 et
896 5129 1152 5194 imbellis,
1187 5130 1254 5183 ad
1274 5131 1390 5185 haec
1421 5131 1488 5184 ad
1516 5130 1837 5200 sapientiam
1869 5149 2008 5203 quo-

433 5231 539 5286 que
565 5231 759 5287 parum
789 5227 947 5288 aptus
975 5237 987 5272 :
1022 5218 1244 5274 inimica
1286 5235 1452 5289 porro
1483 5229 1539 5275 et
1570 5221 1758 5276 odiosa
1804 5222 1896 5276 illa
1941 5225 2010 5278 ad

432 5293 1108 5375 fortitudinem.alacritas,
1143 5321 1200 5366 et
1232 5310 1398 5364 animi
1433 5311 1514 5366 vis
1540 5311 1798 5383 languore
1829 5323 2010 5368 metu—

433 5420 538 5471 que
564 5403 836 5475 superior,
861 5419 1017 5459 mens
1042 5403 1168 5458 item
1199 5418 1411 5458 summa
1444 5404 1734 5474 prudentia
1761 5406 2008 5476 prmdita.

437 5493 726 5567 l“mpterea
752 5497 1077 5554 muliebrem
1105 5512 1295 5552 sexum
1324 5495 1510 5552 vivum
1548 5505 1748 5565 servat,
1775 5509 1831 5555 et
1859 5500 1913 5555 in
1943 5516 2011 5556 eo

2109 3322 2232 3360 νουν
2259 3307 2328 3360 τά
2360 3308 2584 3379 ἄρσενα.
2624 3328 2644 3362 ι
2690 3309 3102 3381 Ἀπρακτούσης
3135 3309 3192 3364 δὲ
3226 3309 3375 3380 αὐτῷ
3406 3309 3506 3380 τῆς
3544 3309 3688 3362 κατά

2108 3399 2202 3453 τοῦ
2244 3399 2431 3468 γένους
2474 3401 2837 3472 ἀνοσιότητος,
2893 3401 2987 3455 καὶ
3031 3401 3313 3471 μιαιφόνου
3363 3399 3588 3471 βουλῆς,
3619 3400 3685 3451 ού

2109 3490 2218 3560 γὰρ
2243 3489 2392 3559 ἠφίει
2425 3489 2554 3554 Θεὸς
2585 3490 2865 3544 δυσσεδετν
2897 3490 2996 3553 τάς
3030 3491 3216 3561 μαίας,
3262 3490 3470 3560 μέτεισι
3500 3487 3688 3540 λοιπὸν

2111 3580 2201 3635 ἐπὶ
2243 3579 2302 3633 τὸ
2327 3580 2600 3649 ὲκφάνδην
2629 3579 2832 3634 ἀδικεῖν
2854 3619 2868 3643 ,
2898 3581 2993 3633 καὶ
3021 3579 3320 3650 λεληθότως
3351 3578 3469 3648 μὲν,
3499 3576 3686 3628 ούκέτι

2109 3672 2299 3726 λυπεῖν
2323 3671 2499 3742 ἠξίου,
2531 3671 2752 3742 γυμνῶς
2785 3672 2841 3724 δὲ
2871 3672 2972 3742 ήδη
3013 3689 3127 3734 πως
3162 3672 3394 3741 αἱρεῖται
3427 3668 3686 3738 πόλεμον,

2110 3763 2205 3815 καὶ
2237 3760 2462 3814 θάνατον
2493 3761 2676 3832 ἀπηνῆ
2716 3761 2823 3814 τῶν
2853 3761 3190 3832 τικτομένων
3223 3757 3686 3831 καταψηφίζεται.

2116 3871 2136 3905 ι
2176 3851 2438 3917 Συνέταξε
2467 3853 2594 3924 γὰρ,
2633 3854 2784 3922 φησὶ,
2813 3853 3012 3924 Φαραὼ
3054 3853 3217 3906 παντὶ
3249 3852 3325 3922 τῷ
3366 3851 3478 3923 λαῷ
3518 3849 3689 3904 αὐτοῦ

2110 3943 2282 4014 λέγων
2300 3960 2314 3974 ο
2343 3945 2457 3998 Πᾶν
2477 3945 2643 4016 ἄρσεν
2667 3945 2694 3998 ὃ
2721 3946 2816 3999 ἐὰν
2841 3944 3010 4015 τεχθῇ
3031 3947 3144 4007 τοῖς
3177 3943 3465 4016 Ἐὂραίοις,
3493 3943 3570 4005 είς
3594 3941 3690 3995 τὸν

2112 4035 2355 4108 ποταμὸν
2385 4036 2600 4107 ῥίψατε,
2636 4037 2730 4091 καὶ
2759 4039 2868 4090 πᾶν
2903 4035 3062 4106 θῆλυ,
3096 4035 3411 4103 ζωογονεῖτε
3457 4032 3606 4086 αὑτό.
3660 4052 3683 4084 ι

2110 4125 2278 4179 Μέλει
2315 4126 2420 4196 γὰρ
2462 4126 2611 4196 αύτῷ
2634 4126 2726 4179 τοῦ
2753 4125 2958 4196 θήλεως
2989 4124 3255 4196 οὐδαμῶς,
3292 4120 3692 4192 ἀφιλοπό).εμον

2112 4217 2218 4288 γὰρ
2240 4217 2429 4288 χρῆμα
2458 4218 2618 4288 γυνὴ,
2654 4219 2746 4271 καὶ
2773 4220 2872 4271 οὐκ
2898 4220 3107 4271 ἀστεῖον
3136 4220 3215 4280 εἰς
3249 4215 3461 4270 σύνεσιν
3480 4233 3495 4247 ·
3525 4215 3691 4267 λυπεῖ

2111 4307 2166 4360 δὲ
2208 4311 2326 4361 κατ’
2354 4309 2520 4378 ἄμφω
2547 4309 2608 4360 τὸ
2647 4308 2833 4379 ἄρσεν,
2862 4309 2938 4373 ὡς
2974 4309 3136 4378 σοφόν
3159 4325 3218 4362 τε
3245 4309 3336 4361 καὶ
3366 4304 3693 4377 μαχιμώτα-

2113 4419 2222 4456 τον.
2258 4401 2466 4454 Ούκοῦν
2493 4402 2709 4472 ἥδιστόν
2750 4419 2813 4470 γε
2854 4402 2948 4455 καὶ
2991 4400 3326 4470 καταθύμιον
3367 4399 3563 4470 κομιδῆ
3607 4397 3693 4466 τῷ

2044 4485 2088 4542 Ι)
2118 4493 2385 4564 μιαιφόνῳ
2417 4493 2690 4565 δράκοντι,
2719 4495 2862 4565 φημὶ
2890 4493 2955 4565 δὴ
2982 4494 3060 4565 τῷ
3089 4495 3321 4563 Σατανᾷ,
3349 4491 3523 4562 ψυχῆς
3555 4491 3695 4561 φρό-

2115 4603 2264 4657 νημα
2289 4587 2748 4656 γυναικοπρεπὲς,
2775 4585 3248 4657 ὲκτεθηλυμμένον
3269 4602 3325 4638 τε
3356 4584 3447 4637 καὶ
3472 4583 3692 4636 avum-

2116 4679 2209 4732 καὶ
2238 4676 2371 4748 πρός
2397 4692 2460 4744 γε
2484 4676 2657 4746 τούτῳ
2683 4675 2871 4729 νοσοῦν
2894 4676 2954 4728 τὸ
2974 4676 3055 4738 εἰς
3080 4674 3268 4743 σοφίαν
3292 4673 3692 4743 ἀνεπιτήδειον,

2115 4768 2308 4840 ἐχθρὸν
2335 4768 2393 4821 δὲ
2420 4768 2516 4820 καὶ
2557 4767 3035 4837 κατεστυγημένον
3063 4766 3125 4819 τὸ
3159 4766 3436 4838 πρόθυμον
3477 4765 3557 4826 εἰς
3593 4764 3694 4816 ἁν-

2115 4861 2316 4932 δρείαν,
2343 4857 2436 4912 καὶ
2461 4857 2807 4929 μαλακισμοῦ
2833 4857 2932 4926 μὲν
2955 4856 3196 4926 ἄμεινον,
3219 4855 3417 4918 δειλίας
3440 4855 3496 4907 δὲ
3521 4853 3693 4907 καθυο

2115 4949 2436 5023 περτεροῦν,
2494 4947 2588 5002 καὶ
2639 4948 2700 5001 τὸ
2750 4947 2889 5016 ἄγαν
2943 4947 3397 5018 ὲμφρονέστατον.
3450 4946 3548 4998 Διά
3600 4962 3691 4998 τοι

2115 5043 2291 5109 τοῦτο,
2327 5042 2583 5110 ζωογονεῖ
2613 5040 2710 5110 μὲν
2741 5039 2804 5093 τὸ
2831 5039 2988 5110 θῆλυ,
3029 5041 3122 5092 καὶ
3159 5037 3402 5107 ὲξίστησί
3431 5053 3547 5098 πως
3587 5035 3691 5106 τὴν

2115 5135 2202 5188 ἐπ’
2223 5131 2371 5203 αύτῷ
2395 5131 2673 5203 μιαιφόνον
2696 5129 2886 5200 βουλήν
2906 5146 2963 5182 τε
2989 5130 3084 5181 ml.
3106 5129 3318 5198 σκέψιν.
3348 5126 3553 5197 Εύηθες
3577 5125 3691 5196 γὰρ

2112 5225 2264 5298 οἶμαι
2303 5226 2365 5279 τὸ
2409 5223 2678 5296 μάχεσθαι
2712 5222 2892 5293 ζητεῖν
2925 5222 3037 5283 τοῖς
3077 5220 3300 5273 αὐτόθεν
3332 5217 3690 5288 ὑπεστρωμέ-

2113 5337 2245 5382 νοις,
2267 5317 2475 5370 οἴκοθέν
2503 5333 2563 5370 τε
2591 5313 2806 5368 νοσοῦσι
2831 5312 2892 5364 τὸ
2920 5311 3248 5381 ύπεζεῦχθαι
3278 5309 3450 5379 φιλεῖν
3469 5350 3481 5372 ,
3519 5325 3694 5359 κατα-

2114 5409 2296 5479 πνίγει
2326 5407 2592 5477 δὲῶσπερ
2623 5405 2685 5458 τὸ
2716 5403 2881 5476 ἄρσεν
2908 5406 3026 5466 ταῖς
3055 5403 3161 5456 τῶν
3190 5400 3506 5471 πειρασμῶν
3540 5415 3698 5468 περι»

2116 5501 2369 5556 στάσεσιν
2391 5497 2467 5567 (Ι)
2497 5496 2678 5558 ὲνιείς.
2703 5494 2870 5548 Τοῦτό
2905 5513 2992 5566 μοι
3025 5493 3279 5548 δοκεῖκαὶ
3300 5496 3328 5547 ό
3361 5492 3500 5554 θεῖος
3522 5489 3696 5542 Δαὸὶε

507 5643 550 5671 ³³
590 5643 822 5706 Exodi,
869 5646 952 5699 ll.
1022 5645 1224 5700 “ibid.
1259 5645 1338 5699 1‘2.
1402 5643 1733 5709 "llabac.t,
1781 5644 1873 5699 16.
1933 5647 2005 5700 “l

2108 5645 2171 5699 id.
2196 5661 2232 5708 1,
2261 5643 2341 5706 16,
2370 5641 2452 5694 17.
2524 5640 2568 5673 ⁵⁷
2594 5638 2727 5693 ibid.
2752 5639 2844 5694 9.2.

509 5787 584 5853 (Ι)
614 5785 799 5842 Codex
825 5787 1030 5852 Sirleli,
1065 5789 1460 5860 περισπασμῶν
1485 5789 1886 5860 apudnam,
1919 5788 2005 5842 dio.

2108 5787 2318 5840 :tionum
2347 5781 2632 5836 molestias.
