3954 6200
217 327 321 383 509

216 446 585 517 ἁναμελῳδεῖν
617 447 708 500 καὶ
750 447 928 517 λέγειν
951 464 962 476 ·
1002 469 1021 502 ι
1060 451 1122 503 Ei
1161 453 1238 522 μὴ
1272 451 1352 505 ὅτι
1394 452 1598 522 Κύριος
1634 449 1704 525 ἦν
1739 455 1796 507 ἐν

218 535 354 602 ἡμῖν
381 536 443 589 ἐν
481 537 560 608 τῷ
590 539 960 610 ἐπαναστῆναι
1005 540 1325 614 ἀνθρώπους
1353 543 1438 614 ἐφ’
1481 546 1648 614 ἡμᾶς,
1687 546 1794 618 ἄρα

217 623 430 692 ζῶντας
475 628 542 683 ἀν
589 631 844 686 κατέπιον
891 634 1074 704 ἡμᾶς’
1109 637 1166 688 ὲν
1210 635 1290 707 τῷ
1337 636 1662 708 ὀργισθῆναι
1703 637 1795 693 τὸν

216 713 393 785 θυμὸν
414 719 592 774 αὐτῶν
613 723 698 792 ἐφ’
725 725 894 793 ἡμᾶς,
920 724 1028 795 ἄρα
1058 726 1120 779 τὸ
1149 725 1290 800 ῦδωρ
1316 726 1382 782 ἂν
1409 730 1796 784 κατεπόντισεν

216 805 402 875 ἡμεῖς’
450 811 754 885 χείμαρρον
787 813 1000 886 διῆλθεν
1032 818 1065 888 ἡ
1111 816 1256 888 ψυχὴ
1284 817 1460 890 ἡμῶν.
1509 837 1527 870 ι

952 337 1040 394 DE
1073 337 1515 395 ADORATIONE
1554 340 1618 395 IN
1660 342 1932 401 SPIRITU
1972 346 2060 403 ΕΤ
2100 345 2466 404 VERITATE.
2509 343 2636 402 LIB.
2681 347 2766 402 IV.

3367 341 3477 395 510

1826 490 1869 547 Α
1898 460 2014 514 solo
2043 459 2268 530 deponit
2315 469 2598 515 cruentam
2646 459 2792 512 illam
2829 456 3274 512 deliberationem
3313 466 3477 526 atque

1899 547 2210 603 consilium.
2245 549 2482 603 Stultum
2521 548 2667 602 enim
2707 555 2812 611 est,
2857 546 3072 615 opinor,
3106 560 3231 597 eum
3265 544 3332 598 iis
3372 559 3475 613 pu-

1901 654 2066 708 gnare
2099 639 2258 703 velle,
2287 637 2381 707 qui
2408 638 2511 707 ipsi
2532 653 2630 706 per
2651 653 2708 691 se
2740 636 2996 707 prostrati
3027 643 3174 700 sunt,
3198 650 3260 688 ac
3285 641 3479 704 sponte

1900 728 1981 783 sic
2009 728 2210 794 affecti,
2242 737 2303 782 ut
2335 728 2567 796 subjecti
2609 742 2730 781 esse
2772 727 2964 781 malint
2992 745 3004 778 :
3035 724 3267 781 sulfocat
3295 723 3478 779 autem

1901 818 2138 888 quodam
2161 817 2325 872 modo
2354 817 2679 882 masculum,
2705 832 2828 870 cum
2861 832 2986 871 eum
3023 816 3080 870 in
3117 816 3477 870 tentationum

215 900 466 967 pericula
498 903 738 974 conjicit.
777 905 893 962 Hoc
938 907 1074 962 mihi
1114 907 1332 964 videtur
1372 911 1538 965 etiam
1578 909 1799 965 divinus
1835 909 2006 964 David
2041 923 2258 974 canere,
2294 923 2419 963 cum
2453 907 2586 962 dicit
2623 923 2637 958 :
2675 925 2692 957 ι
2731 906 2846 960 Nisi
2879 907 3007 975 quia
3043 906 3305 961 Dominus
3363 914 3482 960 erat

215 992 272 1046 in
301 993 482 1058 nobis,
509 1009 634 1048 cum
655 1005 1013 1067 exsurgerent
1039 999 1292 1055 homines
1321 999 1374 1054 in
1405 1016 1526 1066 nos,
1553 1000 1695 1055 forte
1743 999 1898 1055 vivos
1941 999 2306 1071 deglutissent
2365 1014 2498 1064 nos;
2554 1013 2680 1052 eum
2713 997 3041 1052 irasceretur
3070 998 3222 1053 furor
3286 1012 3484 1054 eorum

215 1081 274 1137 in
319 1098 441 1146 nos,
477 1083 708 1138 forsitan
733 1099 878 1154 aqua
917 1085 1296 1144 absorbuisset
1337 1103 1439 1143 nos
1452 1105 1467 1154 ;
1498 1096 1795 1142 torrentem
1833 1085 2190 1158 pertransivit
2213 1086 2395 1140 anima
2419 1093 2604 1139 nostra
2628 1084 2694 1137 ⁵⁸.
2733 1102 2750 1134 ι

285 1174 496 1230 ΠΑΛΛ.
535 1169 663 1226 Ὧδε
700 1173 834 1245 ἔχει.

287 1265 458 1318 ΚΥΡ.
491 1263 684 1335 Ἀθρει
707 1264 772 1336 δὴ
799 1265 899 1337 τῆς
919 1265 1207 1338 ἐπιϐουλῆς
1228 1269 1319 1323 τὸν
1340 1269 1558 1341 τρόπον.
1581 1269 1802 1343 Πρῶτον

219 1356 320 1425 μὲν
351 1352 462 1424 γὰρ
489 1353 686 1417 αὐτοὺς
717 1355 930 1426 ἀγρίοις
963 1358 1283 1428 κατῃκίζετο
1307 1358 1508 1424 πόνοις,
1531 1359 1592 1413 τὸ
1623 1359 1698 1430 μὴ
1723 1360 1803 1422 είς

217 1446 435 1516 πληθὺν
474 1445 613 1498 ίέναι
641 1446 865 1517 πολλὴν,
893 1448 1311 1518 κακουργότατα
1338 1451 1710 1522 σοφιζόμενος,
1734 1449 1801 1504 δι’

212 1530 289 1588 ὧν
313 1534 472 1605 ἠξίου
502 1535 707 1590 κακοῦν
730 1552 743 1564 ·
777 1537 870 1590 καὶ
901 1535 1156 1608 λαθραῖον
1198 1534 1268 1608 ἦν
1307 1538 1389 1592 ἔτι
1425 1539 1487 1593 τδ
1527 1539 1794 1612 ἀδίκημα,

213 1629 313 1680 καὶ
335 1628 399 1680 οὐ
445 1627 566 1679 λίαν
603 1626 850 1698 ἐμφανὴς
894 1628 923 1680 ὁ
958 1626 1052 1680 τοῦ
1088 1628 1353 1700 τυράννου
1393 1629 1615 1695 σκοπὸς,
1669 1631 1797 1684 ἀντο

210 1718 445 1790 εφέρετο
461 1717 518 1771 δὲ
548 1716 796 1788 καθάπερ
821 1716 956 1787 ἔφην
977 1717 1198 1790 ἀρτίως,
1221 1721 1254 1791 ἠ
1277 1719 1370 1772 τοῦ
1394 1720 1797 1791 κατοικτείρον-

209 1827 308 1873 τος
355 1810 532 1881 χάρις.
582 1808 1010 1880 Ταπεινούμενοι
1057 1809 1142 1876 δὲ,
1197 1809 1397 1879 μᾶλλον
1444 1811 1524 1874 είς
1570 1811 1798 1882 αὔξησιν

209 1902 402 1964 ῐεσαν,
434 1899 606 1970 ἀλκῆς
647 1916 708 1952 τε
751 1900 846 1953 καὶ
882 1897 1140 1970 ἀριθμοῦ.
1177 1895 1311 1954 Εἶτα
1355 1900 1443 1955 διά
1487 1900 1656 1972 μέσου
1700 1903 1798 1966 τάς

1971 1179 2170 1235 PALL.
2210 1177 2302 1233 Sic
2329 1193 2387 1232 se
2417 1193 2506 1234 res
2531 1178 2716 1233 habet.

1968 1270 2124 1327 CYR.
2153 1269 2289 1326 Vide
2313 1270 2426 1341 jam
2455 1285 2563 1339 qua
2586 1268 2910 1324 insidiarum
2939 1279 3054 1325 arte
3079 1270 3152 1324 sit
3179 1287 3329 1328 usus.
3358 1273 3481 1330 Pri;
3573 1262 3580 1267 “

1899 1375 2053 1416 mum
2099 1359 2321 1430 quidem
2374 1359 2534 1414 saevis
2579 1376 2674 1415 eos
2727 1361 3010 1417 laboribus
3065 1361 3370 1427 divexavit,
3424 1362 3494 1419 id

1899 1467 2066 1522 agens
2091 1450 2385 1506 vaferrimo
2417 1450 2513 1505 illo
2539 1459 2883 1517 commento,
2921 1460 2984 1506 ut
3029 1453 3138 1508 illis
3174 1453 3482 1508 vexationi-

1900 1542 2006 1598 bus
2029 1559 2098 1597 ne
2122 1540 2340 1612 generis
2364 1541 2663 1597 multitudo
2685 1551 3095 1613 propagaretur.
3130 1541 3237 1598 Sed
3265 1543 3508 1600 occulta-

1902 1642 2022 1688 erat
2061 1633 2243 1688 adhuc
2288 1631 2517 1703 injuria,
2567 1648 2747 1703 neque
2779 1632 3072 1687 admodum
3111 1641 3360 1702 apertum
3393 1641 3482 1706 ty-

1902 1722 2059 1778 ranni
2091 1722 2452 1793 propositum,
2478 1723 2859 1794 Opponebatur
2888 1731 3070 1777 autem
3099 1722 3198 1787 illi,
3226 1731 3288 1777 ut
3317 1721 3511 1780 modo-

1901 1813 2036 1882 dixi,
2066 1815 2378 1871 miserantis
2419 1815 2612 1888 gratia.
2663 1814 2873 1884 Itaque,
2919 1829 3029 1883 quo
3062 1813 3236 1885 magis
3273 1812 3478 1884 afﬂige-

1903 1906 2124 1971 bantur,
2158 1921 2226 1962 eo
2267 1907 2439 1978 magis
2476 1922 2669 1962 eorum
2704 1913 2821 1960 tum
2859 1905 3028 1970 vires,
3062 1913 3180 1959 tum
3217 1920 3482 1961 numerus

214 1992 392 2060 μαίας
433 1994 552 2055 ταῖς
593 1991 861 2063 Ἐϐραίων
904 1992 1182 2060 γυναιξὶν,
1235 1989 1536 2056 ἐξοπλίζειν
1581 1992 1792 2062 ἢθελεν.

1912 1997 2217 2067 augebatur.
2250 1997 2400 2052 Inter
2423 1997 2540 2052 hate
2572 1995 2897 2052 obstetrices
2925 1993 3188 2050 adversus
3217 1995 3485 2049 mulieres

227 2083 373 2135 Ἀλλ’
397 2082 517 2136 οὐδὲ
544 2082 702 2135 τοῦτο
731 2084 952 2154 κρατεῖν
988 2082 1140 2152 ἠφίει
1177 2081 1330 2146 Θεός.
1374 2082 1702 2152 Ἐπιόουλῆς
1741 2082 1798 2135 δὲ

211 2172 428 2234 λοιπὸν,
460 2172 534 2234 ὡς
561 2172 619 2225 ἓν
643 2171 814 2243 τρίτῳ
841 2189 902 2225 τε
946 2172 1040 2226 καὶ
1080 2171 1376 2241 τελευταίῳ
1413 2173 1602 2244 τρόπῳ
1638 2173 1800 2227 παντὶ

211 2265 293 2335 τῷ
329 2265 448 2336 ἰδίῳ
488 2263 823 2335 προστέταχε
867 2264 982 2337 λαῷ
1019 2265 1376 2335 καταπνίγειν
1403 2265 1463 2318 τὸ
1501 2265 1667 2336 ἄρσεν
1688 2304 1704 2332 ,
1740 2266 1801 2319 τὸ

211 2355 521 2424 λεληθότως
570 2354 915 2410 πλεονεκτεῖν
961 2357 1146 2411 οὐκέτι
1195 2355 1651 2429 παραιτούμενος.
1695 2358 1800 2411 Οὑ-

217 2444 356 2499 κοῦν
391 2449 501 2510 τοῖς
523 2445 928 2518 ἀνδριζομένοις
949 2487 964 2513 ,
1001 2448 1232 2519 πολεμεῖ
1270 2447 1371 2518 μὲν
1399 2447 1648 2519 ἀοράτως
1674 2448 1748 2520 (I)
1774 2451 1802 2503 ό

208 2535 496 2602 Σατανᾶς,
539 2535 820 2608 συντίθησι
855 2536 913 2589 δὲ
939 2535 1010 2590 τὰ
1042 2537 1143 2607 τῆς
1187 2535 1508 2608 ἐπιϐουλῆς,
1537 2537 1612 2601 ὡς
1649 2535 1706 2591 ἐν
1740 2554 1802 2606 γε

208 2629 409 2700 τρόπῳ
446 2627 687 2700 τριπλῷ·
720 2627 813 2681 καὶ
860 2627 1170 2698 ἀπάρχεται
1216 2628 1316 2698 μὲν
1357 2628 1455 2699 τῆς
1499 2627 1678 2698 μάχης
1713 2629 1802 2682 διά

209 2717 547 2790 κακούργων
602 2717 970 2789 σκεμμάτων,
1023 2717 1124 2789 τὴν
1176 2720 1256 2782 είς
1310 2719 1509 2791 ἀρετὴν
1565 2717 1803 2772 ἐπίδοσιν

207 2809 560 2866 ἀποκωλύων
616 2807 714 2862 τοῦ
774 2806 894 2862 νοῦ·
965 2806 1318 2879 ὲντρῦχεσοαι
1369 2810 1477 2880 γὰρ
1523 2806 1802 2877 ἀδοκήτοις

209 2896 634 2972 παρασκευάζει
680 2899 863 2961 πόνοις
897 2897 992 2951 καὶ
1031 2898 1285 2969 σκληροῖς
1326 2898 1535 2966 ἀγῶσιν
1570 2897 1799 2968 ὁμιλεῖν.

221 2996 469 3048 Ἀδικεῖν
499 2993 555 3047 δὲ
601 2991 828 3062 ἰσχύσας
857 2991 946 3044 διὰ
980 2989 1183 3043 τούτων
1214 2988 1365 3043 οὐδὲν
1385 3027 1398 3054 ,
1433 2987 1805 3060 ἐπαμύνοντος

207 3085 308 3140 τοῦ
351 3083 514 3151 Θεοῦ,
543 3084 668 3146 τοὺς
715 3081 857 3136 κατά
901 3080 1083 3136 πίστιν
1113 3081 1244 3152 ἡμῖν
1277 3080 1437 3145 ἰδίους
1479 3081 1574 3135 καὶ
1608 3095 1804 3135 ταυτο-

207 3177 401 3238 εθνεῖς
429 3171 758 3245 παροτρύνει
787 3171 1070 3236 πολλάκις,
1101 3171 1196 3224 καὶ
1229 3170 1560 3241 καταθήγειν
1599 3171 1807 3240 ἐπιχει-

209 3272 305 3339 ρεῖ
337 3265 482 3337 πρὸς
514 3262 810 3334 ἀπέχθειάν
853 3281 913 3317 τε
948 3263 1044 3316 καὶ
1083 3262 1284 3334 μάχην.
1315 3261 1427 3314 Καὶ
1467 3263 1806 3333 μαρτυρήσει

207 3335 400 3428 λέγων
425 3359 456 3411 ό
483 3356 693 3421 Παῦλος
714 3373 728 3387 ’
771 3376 790 3408 ι
832 3355 1112 3419 Κινδύνοις
1142 3356 1201 3408 ὲν
1231 3353 1618 3424 ψευδαδέλφοις
1637 3395 1651 3420 ,
1692 3371 1807 3406 κιν-
1835 3335 1876 3392 C

208 3451 400 3512 δύνοις
433 3450 499 3501 ἐκ
532 3446 742 3515 γένους.
785 3465 804 3498 ι
843 3446 906 3499 Et
929 3445 986 3498 δὲ
1019 3444 1085 3516 δὴ
1113 3445 1322 3515 γένοιτο
1350 3444 1445 3497 καὶ
1471 3443 1661 3497 τούτου
1693 3444 1807 3498 δια-

213 3543 492 3613 μαρτεῖν,
534 3539 626 3593 τὸν
676 3538 818 3592 θεῖον
858 3538 1042 3599 αὐτοῖς
1088 3534 1324 3598 ὲνιέντος
1353 3521 1516 3604 (ρόόον
1563 3535 1658 3588 τοῦ
1697 3535 1808 3588 τῶν

211 3635 398 3704 ἁγίων
429 3632 850 3705 προεστηκότος,
869 3629 1016 3684 καθά
1040 3629 1136 3683 καὶ
1161 3629 1231 3683 τὰ
1262 3629 1426 3683 πάλαι
1446 3630 1569 3692 ταῖς
1596 3628 1804 3699 μαίαις·

209 3725 530 3796 ἀναφανδὸν
543 3725 750 3796 ἐγείρει
770 3723 958 3778 λοιπὸν
974 3723 1100 3785 τοὺς
1117 3721 1412 3792 σφετέρους
1434 3721 1802 3786 ὑπασπιστάς,

210 3826 296 3884 εἰς
339 3818 644 3891 ἀγριότητα
684 3818 780 3871 κα)⁹
823 3815 1153 3888 μιαιφονίαν.
1225 3814 1583 3886 ’Λνοεξόμεθα
1622 3814 1679 3867 δὲ
1713 3815 1808 3868 καὶ

210 3915 401 3973 οὕτως
420 3911 522 3980 τῆς
542 3910 622 3972 είς
638 3909 936 3980 ,εὐτολμίαν
958 3907 1197 3977 ἀγάπης,
1228 3907 1323 3959 καὶ
1339 3904 1441 3975 τῆς
1460 3907 1539 3968 είς
1558 3905 1809 3977 ἀνδρείαν

216 4001 472 4072 σπουδῆς
491 4040 508 4066 ,
538 4001 637 4054 οὐκ
662 3999 994 4071 ἠγνοηκότες
1013 4039 1028 4062 ,
1057 3999 1139 4051 ὃτι
1172 3998 1234 4051 τὸ
1261 3996 1648 4068 ἀπηχθημένον
1683 3998 1809 4068 παρ’

217 4095 458 4165 ἐκείνῳ,
492 4091 614 4161 Θεῷ
653 4091 854 4163 τίμιον.
887 4090 1135 4145 Τέθειται
1164 4088 1272 4160 γὰρ
1309 4090 1366 4141 ὲν
1406 4089 1550 4158 λόγῳ
1574 4089 1668 4142 καὶ
1693 4105 1810 4157 φει-

218 4186 349 4250 δοῦς
377 4186 541 4252 ἀξιοῖ,
569 4183 634 4237 τὸ
660 4181 917 4252 ἀνωτέρω
951 4179 1316 4250 μαλακισμοῦ.

291 4275 512 4329 IIAAA.
537 4273 823 4344 Πείθομαι.
851 4270 1032 4342 Παρδν
1051 4270 1108 4323 δὲ
1130 4267 1284 4340 οἶμαι
1315 4270 1408 4322 καὶ
1433 4268 1591 4323 τοῦτο
1626 4270 1808 4334 πάλιν,

221 4368 323 4420 καὶ
369 4365 429 4432 ἐξ
457 4365 630 4434 αὐτῆς
671 4365 804 4434 ἡμῖν
835 4362 936 4431 τῆς
960 4361 1122 4430 ἁγίας
1158 4360 1533 4416 καταοεᾶσθαι
1564 4362 1808 4433 Γραφῆς.

234 4457 541 4529 ’Δπόρησις
569 4455 680 4526 γὰρ
707 4454 946 4517 ἐννοιῶν,
975 4452 1093 4506 οῦτι
1126 4470 1246 4506 που.

295 4635 469 4687 ΚΥΡ.
509 4633 719 4686 οὐκοῦν
751 4629 888 4684 Θεοῦ
924 4629 1160 4692 διδόντος
1201 4629 1450 4700 λέγομεν,
1502 4631 1577 4692 ὡς
1613 4631 1672 4682 ὲν
1701 4633 1812 4694 τοῖς

1900 2084 2252 2153 Hebraeorum
2291 2103 2505 2142 armare
2529 2087 2747 2142 volebat
2775 2104 2786 2139 :
2819 2101 2888 2140 ne
2921 2086 3024 2141 hoc
3053 2085 3274 2155 quidem
3296 2093 3359 2140 ut
3381 2100 3475 2140 va-

1899 2177 2039 2232 leret
2069 2177 2338 2247 permittit
2366 2178 2530 2233 Deus.
2563 2179 2716 2246 ιιι
2749 2178 2995 2247 Denique
3037 2176 3200 2232 tertio
3237 2175 3491 2246 quodam

1900 2276 1957 2322 et
1987 2269 2182 2324 ultimo
2227 2268 2551 2324 insidiarum
2598 2283 2797 2339 genere
2841 2269 3097 2323 universo
3141 2282 3243 2322 suo
3274 2267 3503 2337 populo

1903 2360 2214 2432 imperavit,
2259 2369 2321 2416 ut
2363 2361 2638 2416 masculos
2679 2359 3044 2422 suﬂocarent,
3088 2358 3350 2412 latentem
3393 2365 3480 2430 ty—

1903 2451 2190 2508 rannidem
2213 2467 2326 2506 non
2350 2451 2583 2522 amplius
2601 2450 2973 2505 dissimulans.
3006 2448 3176 2520 Igitur
3198 2463 3325 2504 cum
3347 2447 3497 2502 viris-

1904 2543 2140 2600 fortibus
2183 2544 2390 2600 bellum
2435 2543 2576 2617 gerit
2622 2542 2837 2598 occulte
2885 2540 3141 2602 Satanas,
3185 2548 3242 2594 et
3281 2537 3484 2608 triplici

1904 2633 2078 2690 forma
2105 2633 2388 2704 componit
2409 2633 2639 2692 insidias
2663 2649 2677 2686 :
2702 2646 2765 2686 ac
2786 2646 2979 2702 pugna:
3009 2630 3232 2701 quidem
3265 2628 3506 2684 initium.

1904 2724 2054 2790 facit,
2083 2739 2208 2780 cum
2243 2724 2456 2779 callidis
2485 2723 2732 2780 consiliis
2759 2723 2828 2777 ab
2857 2721 3040 2777 animo
3067 2720 3286 2776 virtutis
3308 2720 3489 2774 incre—

1906 2825 2150 2871 mentum
2176 2816 2372 2872 avertit
2401 2833 2412 2868 :
2439 2816 2550 2887 agit
2601 2816 2750 2871 enim
2783 2824 2846 2871 ut
2876 2813 3173 2884 inOpinatis
3204 2811 3508 2868 laboribus.

1906 2917 2221 2964 conteratur
2267 2917 2430 2979 atque
2475 2908 2531 2962 in
2565 2906 2876 2962 durissimis
2913 2913 3165 2961 versetur
3205 2903 3485 2958 aerumnis.

1905 3001 1975 3055 At
2005 3001 2101 3056 ubi
2138 3017 2238 3071 per
2271 3001 2388 3058 haec
2420 2999 2498 3054 nil
2526 2998 2771 3070 potuerit
2807 2997 3028 3061 lazdere,
3063 3010 3224 3066 opem
3265 2994 3377 3048 Deo
3404 2991 3488 3046 fe-

1907 3097 2082 3155 rente,
2113 3105 2209 3143 eos
2237 3089 2332 3158 qui
2365 3087 2471 3144 fide
2501 3089 2662 3144 nobis
2691 3087 2905 3158 cognati
2968 3095 3097 3141 sunt
3132 3084 3490 3156 ejusdemque

1907 3178 2084 3247 gentis
2129 3177 2321 3231 incitat
2343 3192 2507 3246 saepe,
2535 3187 2698 3246 atque
2725 3175 2793 3230 ad
2823 3174 3128 3230 simultates
3156 3189 3220 3227 ac
3249 3187 3498 3244 pugnam

1909 3282 2176 3324 exacuere
2223 3267 2440 3322 nititur.
2484 3267 2545 3322 Id
2594 3274 2825 3322 testatur
2867 3266 3071 3321 Paulus
3116 3264 3228 3320 illis
3267 3264 3486 3319 verbis:

1918 3378 1935 3409 ι
1963 3356 2230 3414 Periculis
2243 3357 2301 3411 in
2317 3355 2470 3411 falsis
2490 3355 2771 3421 fratribus,
2789 3353 3051 3424 periculis
3067 3368 3134 3408 ex
3151 3368 3349 3424 genere
3368 3354 3435 3405 ".
3461 3369 3482 3402 ›

1907 3447 2199 3514 Οωιθτυιιι,
2226 3447 2274 3502 si
2301 3447 2418 3503 haec
2446 3463 2584 3502 vana
2618 3455 2782 3516 atque
2805 3445 2960 3501 irrita
2980 3444 3206 3510 fuerint,
3232 3445 3345 3498 Deo
3364 3457 3492 3497 san-

1907 3549 2122 3596 etorum
2142 3547 2548 3611 propugnatore
2568 3538 2817 3593 divinum
2833 3537 2942 3593 illis
2957 3545 3164 3592 metum
3183 3535 3484 3607 injiciente,

1907 3639 1970 3685 ut
1993 3631 2125 3685 olim
2153 3629 2578 3696 obstetricibus;
2605 3637 2720 3685 tum
2743 3644 2877 3685 vero
2905 3635 3093 3698 aperte
3126 3641 3257 3682 suos
3284 3625 3509 3680 satelli-.

1909 3726 1990 3775 tes
2017 3719 2218 3775 excitat
2256 3719 2324 3773 ad
2360 3720 2625 3776 saevitiam
2653 3728 2817 3789 atque
2856 3717 3082 3774 caedem.
3113 3715 3182 3770 At
3206 3731 3337 3772 vero
3371 3708 3489 3769 tum

1907 3827 2126 3881 quoque
2153 3822 2252 3865 nos
2274 3827 2513 3873 amorem
2539 3811 2693 3865 illum
2716 3809 3045 3866 conﬁdentis
3068 3807 3258 3872 animi,
3283 3806 3487 3861 ac-for-

1910 3903 2162 3957 titudinis
2187 3902 2430 3958 studium
2453 3902 2836 3967 retinebimus,
2866 3917 2974 3956 non
3003 3899 3200 3971 ignari,
3231 3896 3376 3966 quod
3409 3895 3503 3950 illi.

1908 3994 2034 4049 odio
2057 3993 2150 4058 sit,
2188 3995 2243 4048 id
2267 4010 2390 4050 esse
2417 3996 2528 4050 Deo
2554 3995 2936 4050 charissimum
2969 4009 2981 4043 :
3015 4006 3111 4044 eos
3144 3989 3346 4058 quippe
3383 3987 3486 4040 ali-

1908 4101 2018 4156 quo
2038 4101 2288 4147 numero,
2312 4095 2371 4140 et
2405 4101 2503 4140 sua
2533 4101 2664 4140 cura
2687 4085 2882 4154 dignos
2915 4082 3099 4145 habet,
3129 4079 3223 4150 qui
3257 4079 3504 4148 languo-.

1909 4192 2022 4231 rem
2049 4191 2114 4231 ac
2143 4175 2430 4230 mollitiem
2458 4174 2626 4229 animi
2655 4172 2982 4243 superarint.

1980 4269 2175 4324 PALL.
2208 4267 2510 4324 Assentior.
2541 4267 2609 4321 In
2632 4273 2894 4336 promptu
2919 4271 3003 4318 est
3027 4270 3233 4324 autem,
3269 4267 3331 4314 ut
3361 4257 3486 4329 Opi-

1909 4377 2030 4426 nor,
2066 4361 2119 4415 id
2152 4375 2371 4430 quoque
2397 4359 2660 4414 nobisex-
2684 4357 2799 4426 ipsa
2845 4371 2999 4410 sacra
3034 4353 3316 4422 Scriptura
3358 4365 3488 4418 per-

1911 4452 2123 4521 spicere
2152 4469 2164 4504 :
2195 4466 2373 4520 neque
2401 4449 2548 4504 enim
2578 4449 2676 4506 tibi
2704 4447 2893 4504 deesse
2927 4453 3185 4516 poterunt
3215 4439 3506 4513 ejusmodi-

1911 4546 2213 4600 sementim.

1981 4636 2138 4692 (ΠΒ.
2169 4637 2355 4708 Igitur,
2399 4639 2509 4692 Deo
2554 4638 2821 4699 donante,
2857 4633 3105 4688 dicamus
3144 4627 3291 4700 quod
3337 4627 3393 4682 in
3423 4640 3505 4680 eo.

220 4726 464 4790 ιπίκλην
522 4723 841 4796 Ἀριθμοῖς,
910 4720 1200 4774 Μωσαῖκδν
1272 4721 1332 4773 δὲ
1375 4719 1535 4774 τοῦτο
1585 4719 1803 4791 βιϐλίον·

1913 4727 2060 4783 libro
2089 4729 2340 4793 habetur,
2371 4730 2530 4800 cujus
2559 4727 2842 4797 inscriptio
2871 4734 2957 4780 est
2979 4723 3342 4778 Numerorum
3363 4726 3492 4787 ;.est

229 4837 252 4870 ι
307 4817 424 4871 Καὶ
480 4817 750 4885 ὲλάλησε,
803 4813 976 4884 φησὶ,
1031 4813 1232 4883 Κύριος
1278 4811 1414 4884 πρὸς
1460 4812 1709 4880 Μωσῆν,
1753 4813 1812 4866 ὲν

225 4910 298 4979 τῇ
341 4908 541 4978 ἐρήμῳ
591 4905 743 4967 Σινᾶ,
787 4905 844 4957 ὲν
867 4905 934 4974 τῇ
960 4905 1131 4974 σκηνῇ
1156 4902 1251 4956 τοῦ
1276 4903 1600 4975 μαρτυρίου,
1629 4903 1687 4954 ἐν
1716 4904 1814 4974 μιᾷ

227 5000 329 5052 τοῦ
368 4998 540 5068 μηνὸς
568 4995 666 5050 τοῦ
699 4995 954 5065 δευτέρου
987 4994 1500 5060 ἔτους,ὲξελθόντων
1525 4993 1707 5048 αὐτῶν
1750 4996 1814 5048 ὲκ

228 5093 335 5161 γῆς
390 5089 695 5159 Δίγύπτου,
737 5087 912 5157 λέγων
930 5105 944 5120 ο
977 5085 1184 5140 Λάϐετε
1212 5086 1388 5156 ἀρχὴν
1408 5085 1589 5156 πάσης
1616 5102 1814 5155 συγγε-

223 5183 386 5245 νείας
425 5182 556 5235 υίῶν
580 5179 799 5252 Ἰσραὴλ
816 5220 831 5241 .
858 5179 952 5232 καὶ
977 5177 1115 5232 κατά
1145 5178 1463 5245 συγγενείας
1477 5177 1657 5230 αὐτῶν
1675 5218 1691 5245 ,
1720 5179 1812 5231 καὶ

225 5275 360 5326 κατ’
392 5273 575 5336 οἴκους
612 5273 864 5344 πατριῶν
889 5269 1091 5335 αὐτῶν,
1125 5270 1267 5323 κατὰ
1290 5268 1520 5340 ἀριθμὸν
1543 5271 1603 5337 ἐξ
1623 5272 1817 5341 ὀνόμα-

218 5383 330 5425 τος
356 5364 553 5429 αὐτῶν,
583 5365 727 5418 κατά
759 5361 1004 5432 κεφαλὴν
1041 5360 1248 5414 αὐτῶν·
1285 5362 1392 5425 πᾶς
1419 5362 1712 5432 ἀρσηνάπὸ
1738 5365 1816 5415 εί-

222 5459 534 5516 amnem-5;
582 5457 680 5531 κα).
700 5454 1020 5520 ὲπάνω,πᾶς
1038 5456 1065 5506 ό
1083 5454 1505 5523 ἐκπορευόμενος
1527 5458 1579 5507 ἐν
1597 5455 1817 5525 δυνάμει

317 5595 358 5626 ⁵³
381 5595 522 5650 Psal.
543 5609 726 5656 cxxnt,
754 5593 867 5646 l-S.
939 5594 981 5623 "
1011 5593 1053 5646 II
1089 5591 1210 5646 Cor.
1251 5609 1302 5658 χ,
1325 5595 1411 5647 9.6.

323 5731 518 5797 (I)Sic
549 5731 673 5789 cod.
735 5729 907 5785 Vatic.
979 5730 1100 5786 cod.
1157 5731 1360 5796 Sirlcti,
1425 5731 1728 5803 ἀραρότως,
1768 5743 1903 5803 apte.

1919 4827 2106 4873 autem
2148 4819 2194 4872 is
2222 4818 2388 4888 Moysi
2423 4818 2644 4872 libellus
2684 4835 2698 4872 :
2740 4837 2757 4868 ι
2787 4816 2856 4870 Ει
2895 4815 3110 4869 locu-tus
3133 4819 3236 4876 est,
3289 4809 3487 4878 inquit,

1919 4907 2182 4962 Dominus
2220 4907 2288 4962 ad
2318 4906 2536 4976 Moysen
2560 4907 2615 4961 in
2643 4906 2861 4962 deserto
2885 4904 3034 4967 Sina,
3067 4901 3122 4955 in
3141 4899 3503 4956 tabernaculo.

1921 4997 2240 5062 testimonii,
2267 4997 2323 5051 in
2351 5011 2456 5051 una
2492 4996 2717 5060 mensis,
2757 4995 2886 5049 anni
2925 4989 3173 5054 secundi,
3207 4998 3493 5060 postquam

1919 5088 2125 5159 egressi
2144 5097 2272 5143 sunt
2295 5088 2363 5143 de
2386 5096 2532 5143 terra
2554 5085 2794 5158 Egypti,
2819 5085 3010 5139 dicens
3037 5101 3049 5135 :
3083 5079 3325 5150 Accipite
3347 5095 3494 5134 sum-

1924 5195 2067 5234 mam
2098 5179 2278 5234 omnis
2310 5178 2658 5249 cognationis.
2682 5177 2919 5231 filiorum
2961 5173 3125 5229 Israel
3158 5188 3264 5242 per.
3293 5187 3492 5242 cogna-

1924 5270 2101 5325 tiones
2127 5285 2272 5333 suas,
2317 5277 2374 5324 et
2403 5285 2501 5339 per
2541 5269 2734 5324 domos
2763 5266 3094 5321 familiarum
3125 5276 3367 5323 suarum,
3399 5273 3496 5328 per

1923 5377 2212 5416 numerum
2254 5377 2320 5416 ex
2362 5359 2582 5415 nomine
2627 5360 2872 5429 ipsorum
2923 5371 3021 5426 per
3061 5352 3237 5422 capita
3267 5361 3494 5411 eorum;

1928 5473 2087 5512 omne
2137 5457 2494 5513 masculinum
2528 5471 2556 5509 a
2587 5454 2776 5526 viginti
2821 5450 2980 5506 annis
3014 5458 3068 5503 ct
3098 5459 3281 5514 supra,
3313 5439 3498 5501 omnis
