3954 6200
486 278 590 339 811

1474 280 1529 336 S.
1571 277 1846 336 CYltlLLl
1884 277 2357 337 ALEXANDRINI
2395 276 2711 336 ARCHIEP.

3621 272 3715 331 512

484 396 580 467 qui
613 392 891 467 egreditur
921 391 980 446 in
1009 391 1251 447 exercitu
1278 386 1463 456 lsrael,
1489 397 1775 444 numerate
1804 404 1899 444 eos
1931 405 2025 445 cur

2170 388 2415 462 Ἰσραὴλ,
2450 387 2821 460 ἐπισκέψασθε
2848 388 3043 453 αὐτοὺς
3080 388 3138 442 ἐν
3165 385 3393 457 δυνάμει
3432 385 3629 447 αὐτῶν,
3659 388 3716 443 σὺ

480 484 726 541 exercitu
747 497 935 535 eorum
964 493 976 533 :
1004 488 1061 534 ιιι
1088 486 1145 533 et
1167 478 1344 533 Aaron
1372 486 1660 533 numerate
1682 493 1778 533 eos
1803 479 1868 532 ‘°.
1906 498 1925 530 ι
1952 479 2055 546 Qui

480 576 651 647 igitur
676 588 793 627 mas
828 572 919 637 sit,
959 580 1015 626 et
1042 570 1110 626 ad
1135 584 1370 641 pugnam
1399 569 1736 640 aptissimus,
1768 577 1824 625 et
1852 570 1919 625 ad
1949 587 2052 641 pu-

480 666 749 721 bertatem
761 663 1093 734 pervenerit,
1108 662 1163 718 id
1177 669 1261 718 est
1283 662 1349 717 ad
1364 661 1675 717 firmitatem
1690 663 2050 733 Spiritualem,

478 766 536 813 et
564 757 633 811 ad
670 771 982 811 mensuram
1011 756 1185 810 aetatis
1206 753 1564 826 plenitudinis
1590 754 1969 822 Cbristi,‘eum
1997 756 2051 810 in

477 847 908 918 descriptionem
935 846 1195 911 divinam,
1230 852 1288 900 et
1332 845 1391 902 in
1431 845 1632 900 librum
1677 845 1772 901 Dei
1806 846 2050 919 relatum

476 955 598 996 esse
623 940 972 1010 perspicuum
1000 954 1119 994 esse
1144 937 1345 1009 poterit
1362 938 1450 993 vel
1475 937 1707 994 maxime
1730 951 1795 991 ex
1820 936 1908 993 his
1928 952 2051 993 ver-

474 1029 561 1085 bis
596 1049 610 1084 :
640 1046 818 1101 neque
850 1030 997 1085 enim
1031 1030 1137 1085 alia
1174 1030 1240 1085 de
1271 1045 1434 1085 causa
1464 1036 1803 1095 numeratur,
1837 1038 1896 1084 ut
1926 1029 2046 1100 opi-

474 1138 597 1188 nor,
634 1123 908 1178 masculus
930 1164 944 1188 ,
969 1134 1025 1177 et
1050 1122 1373 1192 vigesimum
1394 1137 1600 1177 annum
1636 1122 1792 1193 112
1823 1130 1918 1177 aut
1950 1137 2045 1178 su-

473 1228 571 1284 pra
602 1223 785 1278 natus,
819 1229 985 1284 quam
1020 1220 1080 1267 ut
1122 1229 1222 1268 nos
1267 1228 1487 1284 quoque
1530 1212 1635 1283 ipsi
1677 1213 2048 1284 intelligamus

470 1305 625 1375 rejici
656 1321 688 1359 a
715 1306 847 1371 Deo,
877 1314 1040 1375 atque
1075 1304 1392 1375 improbari,
1426 1306 1572 1376 quod
1608 1305 1827 1363 imbelle
1862 1305 1951 1372 sit,
1982 1321 2047 1360 ac

386 1372 405 1399 ‘
470 1411 636 1452 sensu
677 1397 901 1453 minime
941 1397 1206 1467 perfecto,
1249 1413 1485 1468 quorum
1530 1405 1826 1467 utrumque
1865 1398 2045 1453 inesse

468 1486 705 1543 dicimus
735 1488 825 1552 iis,
857 1489 951 1558 qui
982 1488 1163 1543 adhuc
1191 1503 1321 1543 sane
1337 1488 1715 1545 adolescentes
1742 1495 1890 1553 sunt,
1918 1504 2045 1544 nec-

466 1576 596 1630 dum
627 1577 695 1631 ad
725 1578 1033 1646 pubertatis
1062 1593 1377 1633 mensuram
1405 1586 1778 1651 pervenerunt
1822 1594 1835 1631 :
1879 1594 2043 1649 quam

464 1668 687 1737 quidem
731 1683 1044 1725 mensuram
1087 1670 1272 1726 divina
1310 1671 1399 1725 lex
1438 1676 1495 1724 et
1531 1670 1685 1725 novit
1722 1677 1778 1725 et
1809 1669 2038 1738 desinit,

2160 482 2255 535 καὶ
2292 480 2504 552 Ἀαρὼν
2542 481 2910 552 ἐπισκέψασθε
2940 480 3156 543 αὐτούς.
3204 499 3221 531 ι
3265 480 3386 531 Ὅτι
3430 478 3527 547 μὲν
3558 474 3720 532 οῦντδ

2158 571 2448 651 ἄρσεννκαὶ
2493 572 2900 645 μαχιμώτατον,
2937 573 3032 626 καὶ
3072 573 3153 635 είς
3187 571 3330 643 ἦὸην
3370 570 3716 651 ἁναϐεόηκδςί,

2155 663 2466 729 τουτέστιν,
2519 666 2599 727 είς
2651 664 2864 730 εὐεξίαν
2912 662 3011 734 τὴν
3069 660 3449 732 πνευματικὴν
3507 660 3601 714 καὶ
3648 662 3719 725 εἰς

2159 753 2356 823 μέτρον
2405 754 2624 825 ἡλικίας
2663 755 2754 807 τοῦ
2809 753 3171 826 πληρώματος
3223 754 3317 807 τοῦ
3361 753 3629 824 Χριστοῦ,
3666 755 3718 806 ἐν

2154 847 2447 916 ἀπογραφῇ
2498 848 2564 917 τῇ
2612 845 2763 917 θείᾳ,
2796 846 2891 900 καὶ
2921 849 2979 900 ἐν
3030 847 3219 919 βιϐλίῳ
3260 846 3517 900 τέτακται
3558 845 3714 911 Θεοῦ,

2157 933 2321 1002 σαφὲς
2351 933 2416 987 ἂν
2440 933 2648 1001 γένοιτο
2678 936 2771 988 καὶ
2792 934 2879 989 διὰ
2908 934 3113 989 τούτων
3135 931 3193 989 εὖ
3226 934 3392 1006 μάλαο
3415 934 3715 1006 ἀριθμεῖται

2155 1024 2263 1096 γὰρ
2311 1025 2410 1095 οὐχ
2463 1025 2648 1095 ἐτέρου
2705 1044 2796 1080 του
2844 1027 3035 1099 χάριν,
3085 1025 3335 1100 καθάπερ
3386 1020 3619 1095 ἐγῷμαι,
3660 1025 3716 1078 τὸ

2150 1112 2315 1184 ἄρσεν
2337 1116 2392 1167 ἐν
2421 1114 2650 1185 εἰκοστῷ
2667 1133 2726 1169 τε
2760 1117 2851 1170 καὶ
2886 1116 2966 1169 ἔτι
3000 1116 3221 1185 γεγονὸς
3246 1115 3551 1187 ἐνιαυτῷ,ἢ
3585 1115 3716 1168 ὥστε

2149 1202 2407 1259 δύνασθαι
2438 1206 2578 1258 νοεῖν
2607 1207 2703 1259 καὶ
2741 1208 2890 1282 ἡμᾶς
2920 1206 3137 1270 αὐτοὺς,
3168 1206 3245 1271 ὡς
3290 1204 3596 1276 ἀπόϐλητον
3625 1204 3716 1276 μὲν

2149 1290 2243 1347 καὶ
2270 1292 2525 1366 ἀδόκιμον
2550 1295 2610 1348 τὸ
2652 1295 2847 1352 ἄναλκί
2880 1314 2939 1349 τε
2977 1297 3067 1349 καὶ
3092 1296 3283 1359 ἀτελὲς
3309 1297 3388 1358 είς
3421 1295 3654 1359 σύνεσιν,
3683 1294 3717 1347 δι

2145 1383 2210 1453 δὴ
2233 1385 2514 1456 προσεῖναί
2567 1384 2749 1456 φαμεν
2786 1387 2899 1449 τοῖς
2946 1385 3026 1439 ἔτι
3074 1387 3174 1457 μὲν
3213 1385 3354 1449 νέοις
3378 1384 3606 1455 κομιδῆ,
3630 1384 3717 1437 καὶ

2146 1473 2296 1527 οὔπω
2327 1475 2463 1547 πρὸς
2493 1476 2632 1547 ἥϐης
2662 1477 2854 1548 ἥκουσι
2892 1477 3110 1550 μέτρον,
3132 1479 3160 1533 ὅ
3187 1495 3292 1549 περ
3313 1481 3341 1532 ὁ
3371 1477 3511 1540 θεῖος
3532 1474 3637 1529 οἶδέ
3659 1491 3713 1528 τε

2146 1566 2241 1619 καὶ
2284 1567 2455 1637 ὁρίζει
2516 1568 2713 1639 νόμος,
2765 1569 3009 1625 τουτέστι
3066 1572 3127 1625 τὸ
3187 1571 3305 1634 ἔτος
3348 1570 3408 1623 τὸ
3455 1567 3711 1624 εἰκοστόνο

2143 1655 2322 1727 τίμιον
2354 1657 2411 1710 δέ
2432 1658 2526 1710 καὶ
2548 1659 2606 1711 ἐν
2641 1659 2861 1731 ἀριθμῷ
2890 1661 2985 1715 καὶ
3025 1661 3368 1732 ἐγνωσμένον
3395 1663 3548 1733 παρὰ
3576 1663 3710 1735 Θεῷ,

462 1757 640 1828 iisque
658 1767 743 1815 est
760 1775 938 1815 annus
957 1761 1253 1832 vigesimus
1278 1777 1289 1814 :
1317 1761 1372 1815 in
1390 1760 1568 1831 pretio
1591 1769 1773 1815 autem
1796 1760 1843 1815 is
1860 1769 1964 1825 est,
1984 1773 2025 1816 el

2143 1749 2285 1802 κατά
2309 1766 2369 1802 τε
2392 1748 2600 1823 πληθὺν
2620 1790 2634 1815 ,
2660 1751 2754 1808 καὶ
2786 1752 2916 1826 γένη
2950 1754 3046 1807 καὶ
3075 1754 3315 1824 κεφαλὰς
3333 1793 3347 1817 ,
3393 1755 3487 1808 καὶ
3527 1756 3715 1827 ὀνομαο

356 1890 363 1897 .
459 1844 518 1899 ἱιι
549 1862 778 1903 numero
801 1848 1055 1914 habetur,
1088 1856 1144 1904 et
1173 1865 1205 1904 a
1228 1850 1339 1903 Deo
1363 1850 1711 1920 cognoscitur
1734 1865 1832 1919 per
1864 1866 2040 1920 popu-

455 1935 572 1992 lum
600 1945 657 1992 et
685 1953 877 2008 genus,
912 1946 969 1994 et
992 1939 1190 2010 capita,
1228 1947 1284 1995 et
1318 1954 1541 2007 nomen,
1575 1941 1824 2012 quisquis
1855 1942 2041 2003 adulta

448 2028 563 2099 jam
587 2037 767 2096 aetate,
794 2039 851 2086 et
879 2032 1156 2089 masculus
1187 2042 1291 2088 est.
1323 2032 1537 2090 Sanctis
1575 2034 1723 2090 enim
1756 2034 2036 2105 apostolis,

453 2119 548 2187 qui
577 2119 847 2190 ejusmodi
876 2122 1024 2177 virili
1045 2131 1206 2179 aetate
1222 2124 1336 2195 jam
1361 2135 1564 2193 essent,
1592 2135 1652 2181 et
1673 2126 1731 2181 in
1760 2142 1879 2182 eam
1907 2142 2035 2197 per-

450 2211 734 2267 venissent
767 2214 995 2272 rationis
1030 2230 1368 2284 mensuram,
1396 2216 1606 2275 dictum
1639 2233 1672 2273 a
1707 2217 1926 2275 Christo
1951 2227 2038 2275 est

451 2301 747 2372 aliquando
800 2305 1025 2375 quidem
1085 2325 1097 2362 :
1144 2326 1163 2360 ι
1208 2308 1390 2365 Nolite
1442 2308 1683 2381 gaudere
1744 2310 1874 2389 quia
1922 2309 2034 2365 da:-

449 2394 633 2451 monia
663 2396 1033 2468 subjiciuntur
1064 2399 1248 2466 vobis;
1281 2401 1377 2456 sed
1405 2400 1592 2471 potius
1622 2402 1874 2472 gaudete,
1905 2403 2034 2474 quia

446 2484 674 2545 nomina
699 2494 881 2541 vestra
906 2488 1112 2558 scripta
1141 2497 1271 2544 sunt
1309 2489 1364 2551 in
1404 2490 1546 2545 celo
1580 2490 1645 2544 “.
1680 2508 1699 2543 ι
1724 2491 2032 2569 Aliquando

448 2591 675 2635 rursus:
703 2596 722 2627 ‹
743 2577 937 2633 Nonne
962 2578 1073 2633 duo
1097 2594 1348 2650 passeres
1365 2596 1487 2637 asse
1501 2583 1782 2641 veneunt?
1811 2592 1866 2639 et
1888 2600 2030 2640 unus

445 2682 514 2721 ex
536 2667 644 2726 illis
671 2683 781 2723 non
806 2669 967 2724 cadet
993 2684 1160 2741 super
1188 2679 1387 2729 terram
1419 2672 1539 2728 sine
1569 2669 1731 2729 Patre
1761 2689 1904 2739 meo,
1935 2675 2030 2746 qui

444 2764 531 2814 est
560 2757 617 2817 in
650 2758 837 2817 caelis?
863 2760 1044 2817 Vestri
1080 2768 1266 2818 autem
1292 2770 1350 2818 et
1378 2763 1561 2834 capilli
1604 2763 1801 2836 capitis
1831 2781 2028 2822 nume-

443 2848 551 2909 rati
577 2857 707 2909 sunt
730 2851 793 2906 θ’.
828 2871 847 2904 ι
875 2852 937 2909 In
974 2869 1087 2924 quo
1111 2869 1237 2910 cum
1270 2854 1409 2910 dixit
1433 2863 1754 2923 numeratos
1784 2873 1905 2913 esse
1934 2872 2028 2913 ca-

441 2940 625 3011 pillos,
648 2942 854 3000 diserte
881 2944 1230 3017 signiﬁcavit,
1257 2955 1318 3002 ut
1351 2948 1571 3019 opinor,
1591 2964 1756 3019 quam
1779 2949 2027 3022 diligenti

442 3045 575 3089 cura
619 3047 716 3088 eos
756 3045 1205 3106 prosequeretur.
1249 3036 1309 3094 In
1344 3038 1547 3094 librum
1583 3039 1751 3110 igitur
1776 3041 1894 3107 Dei,
1930 3042 2025 3112 qui

441 3122 629 3179 adulta
659 3135 788 3181 sunt
817 3134 997 3195 aetate,
1035 3143 1100 3185 ac
1138 3143 1319 3185 mares
1354 3127 1690 3184 referuntur.
1723 3130 1800 3185 Ea
1844 3138 2027 3187 autem

440 3231 641 3273 census
668 3218 968 3290 descriptio
1009 3234 1109 3290 per
1153 3220 1378 3292 Moysen
1422 3229 1481 3278 et
1517 3223 1701 3289 Aaron
1742 3223 1928 3292 fiebat,
1964 3235 2027 3281 ut

437 3323 540 3379 per
577 3317 873 3383 utrumque
903 3328 1079 3369 unum
1117 3312 1485 3385 intelligamus
1520 3314 1821 3383 Christum,
1867 3327 1927 3373 ut
1966 3319 2025 3373 in

436 3401 620 3475 Moyse
664 3403 799 3476 legis
829 3405 1195 3473 conditorem,
1223 3415 1284 3462 ut
1317 3407 1376 3463 in
1415 3409 1600 3464 Aaron
1627 3424 1903 3465 summum
1933 3425 2022 3467 sa-

438 3495 719 3552 cerdotem
752 3514 765 3551 :
793 3497 973 3554 factus
1000 3507 1087 3553 est
1115 3499 1265 3555 enim
1304 3506 1496 3555 noster
1540 3500 1820 3571 legislator
1857 3501 2023 3557 simul

437 3593 496 3639 et
522 3596 746 3642 sanctus
784 3596 842 3643 et
889 3589 1155 3644 innocens
1198 3604 1450 3645 summus
1489 3592 1766 3659 sacerdos,
1795 3594 2023 3665 ejusque

437 3676 758 3734 mediatoris
792 3694 959 3748 opera
991 3695 1186 3737 eorum
1210 3680 1307 3751 qui
1328 3682 1474 3738 virili
1500 3691 1629 3739 sunt
1654 3693 1812 3741 aetate
1839 3693 1896 3740 et
1913 3685 2023 3740 vir-

437 3776 554 3826 tute
580 3785 696 3840 pra:
720 3772 937 3828 caeteris
963 3773 1282 3844 conspicua,
1307 3773 1364 3829 in
1393 3773 1599 3831 divinis
1616 3775 1802 3834 Libris
1814 3776 2021 3833 deseri-

436 3861 589 3918 bitur
618 3878 838 3921 census.
879 3863 1031 3934 Quos
1058 3865 1441 3937 alloquebatur
1475 3868 1641 3924 etiam
1673 3867 2017 3940 sapientissi-

433 3969 558 4012 mus
599 3956 691 4012 ille
718 3957 975 4025 Joannes,
1007 3976 1135 4016 cum
1170 3960 1384 4017 diceret
1407 3961 1451 3992 "
1492 3982 1504 4014 μ
1541 3980 1561 4014 ι
1611 3960 1806 4017 Scribe
1836 3961 2014 4029 vobis,

427 4047 683 4118 juvenes,
723 4050 856 4120 quia
900 4050 1075 4107 fortes
1106 4051 1241 4108 estis
1274 4060 1333 4108 et
1365 4053 1575 4109 vicistis
1621 4054 1941 4126 malignum.
1987 4074 2008 4106 ι

431 4138 757 4210 llujusmodi
783 4151 966 4198 autem
988 4151 1118 4200 sunt
1135 4144 1172 4199 ii
1215 4144 1284 4201 de
1307 4146 1512 4216 quibus
1538 4146 1702 4202 modo
1732 4147 2010 4204 diximus:

437 4248 469 4281 τ
489 4228 682 4287 Omnis
709 4234 987 4290 masculus
1028 4251 1061 4290 a
1091 4235 1287 4307 viginti
1329 4238 1487 4293 annis
1518 4246 1577 4292 et
1605 4253 1792 4309 supra,
1834 4239 2014 4295 omnis

428 4322 524 4393 qui
551 4324 829 4394 egreditur
854 4326 910 4381 in
941 4328 1187 4383 exercitu
1220 4329 1385 4388 Israel
1416 4328 1481 4383 ⁸⁸.
1522 4348 1540 4381 ι
1572 4330 1670 4386 His
1709 4331 1779 4386 ab
1819 4345 2011 4386 eorum

2146 1839 2250 1903 στὶ,
2287 1838 2347 1893 τὸ
2367 1842 2423 1895 ἐν
2457 1842 2661 1913 ἀκμαῖς
2690 1860 2749 1896 τε
2792 1845 2886 1897 καὶ
2920 1845 3106 1916 ἄρσεν.
3152 1844 3579 1918 Ἀνδριζομένοις
3609 1849 3714 1921 γὰρ

2140 1930 2314 1997 οὕτω,
2361 1932 2455 1987 καὶ
2502 1933 2583 1998 είς
2631 1933 2789 1988 τοῦτο
2840 1937 3146 2007 προήκουσι
3195 1936 3433 2002 διανοίας
3495 1940 3709 2011 μέτρον,

2139 2033 2250 2093 τοῖς
2291 2031 2467 2100 ἁγίοις
2513 2033 2834 2097 ἀποστόλοις
2868 2034 3083 2107 εἴρηται
3130 2037 3219 2090 διὰ
3268 2039 3542 2109 Χριστοῦ,
3584 2041 3714 2095 ποτὲ

2142 2120 2274 2191 μὲν,
2308 2121 2410 2187 ὅτι,
2447 2141 2465 2173 ι
2500 2122 2586 2194 Μὴ
2620 2124 2840 2197 χαίρετε
2870 2126 2951 2180 ὃτι
2979 2127 3050 2181 τὰ
3078 2128 3327 2200 δαιμόνια
3351 2130 3713 2197 ὑποτάσσεται

2139 2212 2289 2283 ὑμῖν,
2316 2214 2539 2286 χαίρετε
2559 2216 2615 2275 δὲ
2647 2218 2848 2287 μᾶλλον
2871 2219 2953 2273 ὅτι
2976 2220 3044 2275 τὰ
3070 2221 3311 2292 ὀνόματα
3333 2221 3487 2293 ὑμῶν
3509 2224 3713 2296 γέγρα-

2136 2321 2267 2358 πται
2300 2307 2358 2385 ἐν
2396 2309 2510 2371 τοῖς
2541 2309 2793 2381 οὐρανοῖς
2821 2326 2834 2340 ·
2867 2331 2884 2362 ι
2920 2312 3050 2365 ποτέ
3088 2312 3147 2366 δὲ
3191 2314 3369 2368 πάλιν·
3407 2334 3426 2366 ι
3463 2316 3596 2386 0ιῦχί¹
3621 2316 3712 2371 δύο

2137 2396 2396 2467 στρουθία
2444 2399 2706 2470 ἀσσαρίου
2754 2401 3052 2468 πωλεῖται,
3089 2404 3181 2457 καὶ⁵
3213 2404 3271 2458 ἐν
3318 2402 3380 2471 ἐξ
3423 2405 3619 2458 αὐτῶν-
3646 2407 3709 2459 οὐ

2134 2490 2379 2542 πεσεῖται
2413 2490 2508 2545 ἐπὶ
2534 2489 2635 2562 τὴν
2663 2491 2797 2562 γῆν,
2832 2493 2960 2548 ἄνευ
3009 2493 3104 2553 τοῦ
3144 2494 3350 2565 πατρός
3397 2512 3496 2565 μου
3530 2494 3621 2548 τοῦ
3650 2497 3712 2548 ἐν

2133 2577 2417 2647 οὐρανοῖςς
2460 2578 2645 2649 ’Υμῶν
2672 2580 2729 2633 δὲ
2756 2580 2852 2635 καὶ
2881 2583 2938 2636 at
2968 2582 3155 2654 τρίχες
3187 2582 3288 2652 τῆς
3316 2583 3558 2652 κεφαλῆς
3590 2586 3712 2654 ἠρι-

2133 2667 2410 2739 θμημέναι
2458 2670 2615 2725 εἰσίν.
2676 2690 2695 2724 ι
2746 2671 2822 2725 Τὸ
2872 2674 3099 2744 ἀκριόἐς
3142 2670 3295 2745 οἶμαί
3334 2692 3436 2728 που
3479 2676 3576 2747 τῆς
3621 2677 3710 2728 ἐπ’

2132 2761 2317 2825 αὐτοῖς
2351 2762 2665 2834 φροντίδος,
2712 2764 2805 2818 τοῦ
2852 2764 3025 2829 αὐτὰς
3063 2767 3237 2825 εἰπεῖν
3279 2767 3711 2838 ἀπαριθμεῖσθαι

2130 2851 2229 2916 τὰς
2252 2852 2443 2923 τρίχας
2475 2853 2903 2925 καταδηλοῦντος
2932 2851 2991 2910 εὖ
3025 2855 3187 2928 μάλα.
3206 2857 3413 2911 Οὐκοῦν
3437 2860 3494 2911 ἐν
3519 2857 3711 2929 βιϐλίῳ

2128 2941 2264 2995 Θεοῦ
2301 2943 2362 2996 τὸ
2398 2945 2456 2998 ἐν
2500 2945 2706 3015 ἀκμαῖς
2742 2963 2803 2999 τε
2842 2946 2937 3000 καὶ
2967 2947 3154 3018 ἄρσεν.
3201 2948 3531 3019 Ἐπράττετο
3556 2948 3611 3001 δὲ
3640 2949 3713 3002 τὰ

2127 3034 2226 3106 τῆς
2252 3036 2609 3109 ἀπογραφῆς,
2668 3038 2758 3093 διά
2795 3056 2854 3093 τε
2899 3040 3145 3103 Μωσέως
3182 3041 3277 3103 καὶ
3324 3040 3571 3113 Ἀαρὼν,
3619 3042 3709 3096 ἵνα

2054 3112 2100 3174 C
2130 3127 2198 3182 δι’
2243 3130 2445 3200 ἀμφοῖν
2500 3130 2591 3185 τὸν
2638 3131 2735 3189 ἕνα
2777 3131 2986 3209 νοῶμεν
3021 3131 3278 3204 Χριστὸν,
3310 3132 3386 3197 ὡς
3422 3112 3479 3187 ἐν
3509 3135 3707 3206 Μωσῇ,

2127 3221 2459 3294 νομοθέτην,
2500 3222 2577 3288 ὡς
2627 3227 2686 3277 ἐν
2733 3223 2980 3298 Ἀαρὼν,
3026 3226 3310 3298 ἀρχιερέα.
3359 3227 3557 3296 Γέγονε
3598 3229 3710 3301 γὰρ

2126 3315 2212 3384 ἐφ’
2246 3316 2393 3386 ἡμᾶς
2431 3315 2725 3387 νομοθέτης
2774 3334 2833 3370 τε
2867 3317 3014 3390 ἅμα,
3062 3319 3159 3372 καὶ
3186 3318 3333 3383 ὅσιος
3365 3319 3461 3373 καὶ
3502 3318 3713 3383 ἄκακος

2124 3408 2435 3479 ἀρχιερεὺς,
2466 3409 2561 3461 καὶ
2600 3409 2688 3462 διὰ
2714 3408 2814 3480 τῆς
2841 3408 3006 3473 αὐτοῦ
3034 3409 3344 3482 μεσιτείας,
3386 3410 3496 3465 τῶν
3527 3412 3711 3482 ἀνδρι-

2125 3498 2368 3568 ζομένων
2402 3498 2498 3552 καὶ
2530 3499 2991 3572 ἐκπρεπεστέρων
3049 3502 3129 3564 είς
3165 3500 3399 3574 ἀρετὴν,
3442 3503 3500 3556 ἐν
3532 3502 3710 3567 θείαις

2125 3587 2330 3661 βίϐλοις
2360 3592 2675 3665 ἀπογραφή.
2709 3593 3058 3665 Προσεφώνει
3088 3594 3146 3649 δὲ
3175 3595 3388 3660 τούτοις
3414 3596 3506 3649 καὶ
3542 3596 3709 3665 σοφὸς

2133 3683 2390 3754 Ἰωάννης
2415 3682 2606 3753 λέγων’
2640 3704 2659 3737 ι
2694 3685 2897 3757 Γράφω
2922 3676 3080 3757 ὑμῖν,
3113 3687 3412 3753 νεανίσκοι,
3437 3687 3519 3742 ὅτι
3558 3690 3711 3759 ἰσχυ-

2123 3774 2207 3845 ροί
2259 3775 2412 3841 ἐστε,
2446 3776 2542 3829 καὶ
2588 3776 2914 3848 νενικήκατε
2958 3776 3049 3831 τὸν
3095 3778 3353 3848 πονηρόν.
3417 3797 3436 3831 ι
3486 3779 3706 3834 Οὐκοῦν

2120 3863 2231 3920 εἷεν
2268 3865 2336 3922 ἂν
2363 3860 2546 3931 οὗτοι,
2588 3867 2713 3940 περὶ
2761 3860 2836 3922 ὧν
2882 3866 3091 3940 ἔφαμεν
3132 3869 3368 3941 ἀρτίως·
3401 3871 3485 3923 ὃτι
3519 3888 3539 3922 ι
3585 3871 3706 3924 Πᾶν

2119 3957 2285 4029 ἄρσεν
2312 3958 2422 4014 ἀπὸ
2447 3957 2794 4022 είκοσαετοῦς
2849 3958 2944 4013 καὶ
2973 3959 3179 4026 ἐπάνω,
3208 3961 3318 4024 πᾶς
3340 3961 3369 4013 ὁ
3400 3961 3705 4032 ἐκπορευό-

2120 4067 2279 4120 μενος
2323 4051 2383 4105 ἐν
2422 4050 2650 4120 δυνάμει
2709 4051 2959 4123 Ἰσραήλ·
3000 4070 3021 4103 ν
3065 4050 3161 4116 οὓς
3197 4053 3281 4107 ὅτι
3326 4056 3564 4107 ποιεῖται
3609 4054 3704 4109 διὰ

2119 4138 2355 4209 φειδοῦς,
2379 4141 2474 4195 καὶ
2500 4139 2778 4213 φροντίδος
2800 4138 2961 4205 ἀξιοῖ,
2986 4140 3276 4212 φιλάρετος
3295 4141 3371 4196 ὢν
3392 4143 3422 4195 ὁ
3442 4143 3705 4215 δημιουρ-

2115 4232 2210 4303 γδς
2230 4272 2246 4299 ,
2275 4232 2548 4297 κατίδοις,
2582 4225 2628 4285 ὦ
2662 4232 2928 4286 Παλλάδιε
2946 4274 2960 4299 ,
2989 4233 3084 4287 καὶ
3107 4233 3196 4289 διὰ
3219 4233 3329 4288 τῶν
3366 4232 3572 4304 ἐφεξῆς
3601 4251 3703 4302 γει

2114 4322 2469 4394 γραμμένων.
2506 4324 2657 4395 Ἔφη
2693 4322 2804 4396 γὰρ
2846 4324 3009 4379 πάλιν
3035 4327 3148 4388 τοῖς
3188 4324 3333 4395 ἀμφὶ
3362 4323 3570 4377 Μωσέα
3603 4325 3704 4377 καὶ

427 4414 625 4486 opifice
654 4416 768 4472 Deo
796 4418 1093 4487 provideri,
1130 4435 1432 4489 eorumque
1461 4421 1539 4474 illi
1564 4436 1752 4487 curam
1776 4437 1920 4488 esse,
1949 4430 2011 4478 ut

2130 4413 2354 4486 Ἀαρὼν,
2382 4414 2538 4485 δῆλον
2562 4414 2618 4468 δὲ
2647 4417 2729 4468 ὅτι
2758 4414 2913 4480 Θεὸς,
2952 4435 2970 4468 ί
3009 4416 3120 4473 Καὶ
3154 4416 3272 4486 μεθ’
3296 4415 3449 4486 ὑμῶν
3475 4416 3703 4472 ἔσονται

427 4507 523 4576 qui
567 4507 638 4562 sit
686 4509 908 4563 virtutis
948 4518 1181 4575 amator,
1223 4510 1387 4565 etiam
1431 4528 1531 4582 per
1558 4528 1621 4568 ea
1660 4528 1783 4582 quae
1808 4528 2006 4570 conse-

2130 4504 2341 4568 ἱκαστος
2370 4504 2511 4558 κατὰ
2547 4504 2719 4577 φυλὴν
2754 4506 2990 4559 ἑκάστου
3018 4506 3279 4579 ἄρχοντος
3298 4548 3312 4570 ,
3356 4509 3477 4582 κατ’
3509 4510 3703 4573 οἴκους

314 4614 323 4619 ·
426 4606 660 4667 quenter
688 4600 892 4670 scripta
922 4609 1069 4666 sunt,
1100 4602 1434 4672 perspicere,
1466 4603 1693 4669 Palladi,
1721 4603 1878 4660 facile
1902 4621 2003 4676 po-

425 4690 576 4746 teris.
605 4691 696 4748 Ait
716 4693 863 4747 enim
890 4694 1086 4748 iterum
1110 4693 1276 4766 Moysi
1303 4704 1360 4750 et
1384 4694 1584 4761 Aaron,
1616 4695 1762 4753 Deus
1811 4700 2004 4768 procul

424 4777 626 4847 dubio,
684 4802 701 4832 ι
755 4782 826 4836 Et
869 4781 1150 4837 vobiscum
1201 4792 1365 4838 erunt
1410 4784 1607 4857 singuli
1650 4801 1750 4856 per
1797 4787 2002 4843 tribum

423 4870 853 4944 uniuscujusque
915 4874 1212 4946 principis,
1279 4893 1378 4947 per
1427 4878 1620 4934 domos
1671 4878 2001 4935 familiarum

422 4970 586 5016 erunt
617 4981 629 5017 :
667 4973 723 5019 et
750 4966 869 5021 hare
895 4967 1118 5021 nomina
1151 4967 1398 5023 virorum
1418 4970 1512 5039 qui
1548 4970 1775 5025 stabunt
1809 4971 1998 5026 vobis-

423 5064 549 5107 cum
591 5055 681 5108 “:
737 5075 754 5107 ι
801 5072 1144 5129 unaquaque
1199 5061 1346 5115 enim
1399 5062 1576 5116 tribus
1608 5077 1757 5128 eum,
1804 5064 1898 5132 qui
1944 5073 2001 5119 et

421 5144 594 5217 gloria
622 5153 678 5200 et
701 5147 904 5203 virtute
943 5150 1220 5223 pugnandi
1261 5160 1488 5207 ca2teros
1517 5151 1771 5217 anteiret,
1801 5153 1998 5209 ducem

422 5232 664 5292 instituit
692 5253 755 5294 ac
776 5248 1261 5311 propugnatorem,
1285 5248 1342 5294 et
1365 5242 1646 5298 sententia:
1669 5243 1997 5313 principem,

420 5335 475 5382 et
513 5343 699 5383 rerum
731 5330 1094 5401 gerendarum
1128 5340 1408 5387 auctorem
1450 5348 1463 5385 :
1496 5348 1732 5402 quorum
1767 5333 1997 5405 figuram

420 5420 720 5487 praeferunt
744 5423 944 5495 angeli,
970 5424 1063 5494 qui
1089 5424 1310 5480 selectis
1337 5422 1445 5479 illis
1472 5424 1625 5489 viris,
1654 5434 1709 5480 et
1734 5426 1791 5483 in
1850 5427 1996 5483 libro

419 5511 546 5567 vita:
561 5513 853 5586 descriptis
869 5516 1108 5585 prmfecti
1128 5525 1274 5572 sunt.
1294 5517 1336 5590 ι
1349 5516 1448 5587 13
1464 5515 1737 5587 Scriptum
1751 5525 1995 5573 estnam-

492 5686 536 5719 ⁸⁸
573 5688 734 5744 Num.
774 5692 947 5753 1,1-5.
979 5694 1175 5750 “Luc.
1205 5697 1368 5761 x,20.
1405 5698 1447 5731 ⁵³
1470 5697 1657 5753 Matth.
1690 5714 1741 5763 ς.
1773 5696 1861 5764 29ν
1886 5694 1970 5751 ⁵οε
2014 5758 2019 5763 -

2130 5694 2319 5750 lJoan.
2358 5710 2430 5759 ιι,
2460 5694 2543 5749 1⁵5.

2115 4596 2360 4667 πατριῶν
2379 4596 2615 4661 ἔσονται,
2641 4598 2733 4651 καὶ
2760 4596 2932 4652 ταῦτα
2964 4596 3036 4650 τὰ
3059 4598 3301 4668 ὀνόματα
3327 4580 3443 4651 τῶν
3457 4598 3699 4670 ἀνδρῶν,

2111 4689 2307 4752 οίτινες
2381 4688 2826 4759 παραστήσονται
2879 4688 2999 4759 μεθ’
3051 4689 3231 4760 ὑμῶν.
3285 4709 3306 4742 ι
3359 4688 3506 4761 Φυλὴ
3582 4692 3701 4763 γὰρ

2113 4779 2316 4851 ἑκάστη
2351 4780 2444 4834 τὸν
2477 4780 2860 4851 εὐκλεέστερον
2902 4781 2997 4835 καὶ
3037 4779 3427 4853 μαχιμώτατον
3462 4783 3697 4853 ἐφίστηο

2116 4891 2201 4928 σιν
2240 4873 2517 4944 ἡγεμόνα,
2560 4872 2657 4926 καὶ
2697 4872 3109 4945 προασπιστὴν,
3142 4873 3238 4926 καὶ
3287 4872 3485 4944 βουλῆς
3529 4873 3698 4945 ἐξάρ.

2107 4983 2290 5037 χοντα,
2325 4966 2421 5020 καὶ
2445 4964 2551 5019 τῶν
2577 4965 2868 5037 πρακτέων
2897 4966 3220 5039 εἰσηγητὴν,
3253 4959 3330 5021 ὧν
3361 4966 3427 5019 ἂν
3466 4962 3580 5021 εἷεν
3610 4968 3694 5031 είς

2106 5056 2297 5121 τύπον,
2320 5057 2370 5109 οί
2390 5059 2502 5121 τοῖς
2532 5057 2855 5121 άπολέκτοις
2898 5056 2993 5125 καὶ⁹
3026 5058 3085 5109 ἐν
3111 5055 3282 5128 βίϐλῳ
3322 5055 3469 5128 ζωῆς
3492 5058 3692 5128 κειμέ-

2108 5164 2252 5215 νοις,
2310 5133 2669 5219 ἐφεστηκότες
2722 5146 2966 5217 ᾶγγελοι.
3026 5147 3345 5219 Γέγραπται
3392 5147 3500 5216 γὰρ
3558 5147 3693 5218 περὶ

2106 5239 2306 5303 παντὸς
2335 5238 2561 5294 δικαίου·
2612 5256 2631 5286 ί
2677 5239 3028 5311 Παμμὸαλεῖ
3063 5238 3295 5307 ἄγγελος
3342 5237 3550 5310 Κυρίου
3584 5239 3686 5292 κύ-

2106 5330 2219 5402 κλῳ
2248 5329 2356 5384 τῶν
2397 5330 2751 5401 φοϐουμένων
2776 5330 2970 5395 αὑτὸν,
3001 5329 3095 5383 καὶ
3134 5327 3358 5400 ῥύσεται
3400 5328 3623 5392 αὐτούς.
3658 5344 3681 5379 ι

2107 5424 2226 5477 ’Ότι
2259 5421 2316 5475 δὲ
2360 5420 2675 5489 ἀγγελικαῖς
2719 5419 3062 5491 ἐπικουρίαις
3088 5417 3508 5491 διασεσώσμεθα
3544 5417 3684 5472 κατὰ

2092 5515 2353 5585 βούλησιν
2395 5512 2561 5577 Θεοῦ,
2608 5513 2943 5585 πανταχόθεν
2980 5511 3045 5565 ἂν
3077 5511 3287 5580 γένοιτο
3335 5511 3538 5579 σαφὲς,
3585 5508 3682 5565 καὶ

2625 5695 2666 5727 (⁸⁸
2702 5695 2871 5750 Exod.
2899 5710 3000 5749 xxx
3029 5735 3043 5760 ,
3086 5693 3169 5753 14.
3249 5694 3476 5750 ⁶⁵Νυῐῐὶο
3500 5706 3538 5751 li
3582 5687 3673 5747 18'
