3954 6200
289 262 418 340 ’315
1044 272 1134 330 DE
1171 270 1610 330 ADORATIONE
1648 271 1716 328 IN
1754 269 2025 328 SPIRITU
2066 270 2155 328 ET
2194 271 2563 331 VERITATE.
2620 273 2751 330 LIB.
2794 254 2887 331 IV.
3448 275 3555 338 3H

304 389 558 460 περιττὸν
594 383 749 461 οἶμαι
784 388 1055 459 συλλέγειν
1083 390 1162 453 εἰς
1191 393 1253 442 τὸ
1288 389 1481 461 παρὸν,
1519 387 1616 451 τὰς
1647 387 1859 452 δείξεις·
1894 444 1899 456 η

2009 403 2073 443 ue
2090 389 2158 445 de
2169 404 2501 459 unoquoque
2514 390 2662 461 justo
2693 389 2975 460 proboque
2988 387 3107 444 viro
3126 404 3137 445 :
3163 409 3180 441 ι
3201 390 3561 448 Castrameta—

302 481 487 535 καίτοι
509 481 621 541 τοῖς
653 478 896 532 ἐθέλουσι
943 480 1099 550 μετόν
1148 479 1244 533 καὶ
1285 475 1404 533 λίαν
1434 478 1671 543 εὐκόλως
1714 478 1872 550 εἴπερ

2009 482 2131 538 dtur
2159 483 2386 553 angelus
2417 482 2635 538 Domini
2676 482 2732 536 in
2778 481 3013 536 circuitu
3052 480 3365 537 timentium
3406 499 3555 550 eum,

298 571 512 625 ἕλοιντο
532 570 693 623 τοῦτο
723 571 880 642 δρᾷν.

2009 582 2039 627 ει
2064 572 2263 644 eripiet
2288 588 2386 629 eos
2426 574 2494 626 “.
2532 591 2551 624 ι
2577 571 2735 638 Quod
2765 580 2948 627 autem
2986 571 3302 641 angelorum
3333 573 3557 639 auxilio,

302 662 388 719 sic
416 663 528 718 Deo
557 664 796 730 volente,
829 663 993 718 cincti
1034 664 1224 730 simus,
1260 662 1605 721 manifestum
1641 663 1882 736 undique
1920 664 2037 723 ﬁeri
2078 676 2280 738 potest,
2344 684 2410 723 ac
2475 680 2941 737 supervacaneum
2981 674 3115 735 puto
3147 666 3204 720 in
3233 677 3558 737 praesentem

301 755 489 810 locum
515 770 816 826 congerere
841 755 962 826 ejus
984 755 1062 810 rei
1089 755 1439 825 probationes
1458 796 1473 822 ,
1497 772 1623 812 cum
1650 758 1953 826 praesertim
1984 760 2299 816 volentibus
2350 759 2407 814 id
2434 757 2617 814 facere
2647 757 2706 812 iu
2768 763 3025 828 promptu
3092 757 3182 823 sit,
3215 765 3275 812 et
3337 758 3559 827 quidem

301 848 588 914 facillime,
624 850 671 904 si
698 849 862 905 modo
893 851 968 905 ita
995 850 1361 906 decreverint.
2686 856 2697 860 “

384 943 593 996 ΠΑΛΛ.
618 940 829 996 Οὐκοῦν
866 940 942 1005 ὡς
976 943 1033 996 ὲν
1064 939 1219 1011 τύπῳ
1256 939 1337 1010 τῷ
1366 939 1509 995 κατὰ
1560 938 1764 996 Μωσέα
1787 942 1882 996 καὶ

2049 941 2246 1001 PALL.
2277 938 2423 1011 Ergo
2457 941 2512 996 in
2542 940 2714 1013 ﬁgura
2757 939 2926 1010 Moysi
2951 945 3008 996 et
3048 940 3254 1004 Aaron,
3279 955 3375 1010 per
3404 939 3560 997 Chri-

313 1033 532 1106 ’Δαρὼν
559 1032 647 1088 διὰ
682 1034 918 1105 Χριστοῦ
953 1031 1148 1103 γένοιτ’
1178 1032 1245 1087 ἂν
1278 1031 1386 1086 τῶν
1411 1031 1809 1106 ἀνδριζομένων
1847 1034 1882 1104 ἡ

2015 1041 2128 1097 tum
2158 1030 2277 1086 ﬁeri
2308 1039 2473 1102 putas
2498 1030 2921 1102 descriptionem
2971 1043 3037 1087 ac
3067 1045 3292 1086 censum
3316 1030 3560 1086 virorum

298 1124 629 1194 ἀπογραφήν

381 1217 549 1270 ΚΥΡ.
600 1215 756 1269 οὕτω
808 1215 971 1286 φημί·
1019 1214 1285 1288 ἀποφέρει
1332 1214 1441 1286 γὰρ
1490 1215 1641 1286 ἡμᾶς
1683 1216 1763 1281 είς
1793 1214 1885 1270 τὸν

298 1308 407 1361 ἐπὶ
459 1306 595 1377 τῷδε
635 1306 791 1377 λόγον
810 1347 826 1373 ,
857 1306 958 1360 ούκ
988 1306 1252 1362 ἀπίθανον
1278 1306 1400 1378 ἔχον
1436 1306 1535 1379 τὴν
1566 1306 1800 1382 ὑποψίαν
1824 1307 1886 1361 τὸ

300 1399 472 1474 παρὰ
497 1398 576 1471 τῷ
608 1397 865 1470 μακαρίῳ
894 1398 1115 1468 Δανιὴλ.

384 1492 596 1547 ΠΑΛΛ.
630 1492 704 1545 Τὸ
738 1492 890 1544 ποῖον
923 1489 974 1543 τί
1007 1491 1151 1561 φής;

384 1584 551 1638 ΚΥΡ.
576 1581 841 1637 Τεθέαται
874 1583 972 1655 μὲν
995 1582 1127 1655 γὰρ,
1158 1583 1235 1648 ὡς
1258 1583 1318 1637 ὲν
1345 1583 1534 1656 ἡλικίᾳ
1555 1585 1622 1655 τῇ
1653 1582 1889 1654 πρεσϐυ-

299 1678 443 1745 τικῇ
461 1673 552 1727 τὸν
584 1674 841 1744 Πατέρα,
874 1671 1040 1745 λευκῇ
1090 1672 1188 1744 μὲν
1230 1672 1394 1744 πολιᾷ
1431 1672 1887 1743 κατεστεμμένον,

261 1818 264 1821 Α
302 1765 578 1836 ἐνδύμασι
638 1763 695 1817 δὲ
737 1765 849 1829 τοῖς
884 1765 943 1818 ὲν
994 1764 1122 1818 εῖδει
1167 1763 1344 1835 χιόνος
1386 1764 1667 1835 ἐκπρεπῆ,
1697 1763 1802 1835 ἔφη
1833 1763 1890 1817 δὲ

304 1858 401 1911 ὅτι
432 1876 452 1908 r
480 1856 589 1910 Kal.
617 1854 791 1926 βίϐλοι
822 1853 1196 1926 ἠνεῴχθησαν,
1214 1854 1310 1910 καλ⁸
1331 1855 1613 1927 κριτήριον
1636 1854 1889 1919 ἐκάθισε,

306 1949 416 2001 καὶ
447 1943 606 2001 εἶδον.
633 1947 745 2000 Kal.
773 1946 882 1999 ἰδοὺ
928 1945 1067 2017 μετὰ
1106 1944 1214 1999 τῶν
1247 1945 1487 2014 νεφελῶν
1528 1944 1623 2010 τοῦ
1662 1943 1891 2016 οὐρανοῦ

311 2039 398 2105 ὡς
426 2040 556 2105 Υἱὸς
590 2037 876 2110 ἀνθρώπου
911 2037 1226 2109 ἐρχόμενος,
1260 2037 1353 2091 καὶ
1389 2036 1494 2103 ἕως
1517 2035 1611 2090 τοῦ
1651 2034 1889 2099 Παλαιοῦ

310 2094 431 2185 τών
455 2094 1301 2203 ἡμερῶνιεφθασε,’κἀ“ι.ὲνώπιον
1328 2094 1493 2184 αύτοῦ
1524 2094 1889 2201 προσηνέχθη’
1920 2094 1964 2150 Β

313 2222 417 2275 καὶ
443 2219 589 2292 αὐτῷ
611 2219 768 2291 ἐδόθη
798 2221 833 2292 η
860 2220 1024 2293 ἁρχὴ,
1052 2221 1146 2275 καὶ
1172 2221 1207 2292 ι)
1234 2220 1370 2292 τιμὴ
1393 2220 1488 2275 καὶ
1510 2221 1544 2290 ἠ
1577 2218 1839 2291 βασιλεία.
1867 2237 1886 2273 ι

316 2312 458 2366 Ὅτε
485 2311 595 2382 γὰρ
614 2312 672 2365 ὲν
700 2309 918 2381 εἴδειτῷ
943 2310 1063 2364 καθ’
1088 2311 1237 2381 ἡμᾶς
1253 2309 1476 2380 γέγονεν
1502 2311 1532 2363 ό
1560 2308 1891 2380 Μονογενὴς,

318 2404 447 2457 τότε
482 2403 579 2458 καὶ
620 2402 838 2475 βίϐλους
870 2400 1107 2472 ὴνὲῳξεν
1139 2402 1170 2454 ό
1201 2400 1415 2483 Πατὴρ,
1448 2400 1544 2456 καὶ
1587 2399 1760 2470 ἀνῆκε
1794 2400 1896 2470 μὲν

317 2495 420 2549 τοῦ
451 2494 731 2566 κρίνεσθαι
757 2494 885 2557 τοὺς
916 2493 1136 2565 ἐνόχους
1161 2491 1476 2564 ἁμαρτίαις*
1500 2493 1671 2564 ἐφῆκε
1700 2491 1758 2545 δὲ
1784 2493 1895 2555 τοῖς

320 2583 729 2657 ἀνδριζομένοις
759 2583 821 2637 τὺ
860 2582 1236 2653 ἐγγράφεσθαι
1266 2599 1328 2637 τε
1367 2581 1462 2637 καὶ
1489 2579 1895 2654 ὲναριθμεῖσθαι

321 2678 513 2749 λοιπρν
544 2679 654 2740 τοῖς
686 2675 800 2731 ἄνω
824 2676 1028 2747 χοροῖς,
1059 2673 1157 2728 καὶ
1188 2675 1247 2729 ὲν
1276 2672 1464 2745 μνήμῃ
1496 2671 1711 2726 κεῖσθαι
1738 2668 1893 2726 Θεοῦ.

338 2769 550 2824 Ἀκούω
587 2768 644 2822 δὲ
679 2766 975 2839 ψάλλοντος
1008 2764 1102 2820 τοῦ
1133 2763 1405 2836 μακαρίου
1436 2762 1601 2817 Δαδὶδ
1629 2759 1758 2832 περὶ⁵
1787 2759 1897 2814 τῶν

320 2865 406 2926 είς
457 2860 690 2934 Χριστὸν
747 2856 1246 2931 πεπαρῳνηκότων·
1302 2872 1321 2907 ι
1396 2852 1898 2924 Ἐξαλειφθήτωσαν

322 2957 393 3008 ἐκ
426 2954 608 3025 βίϐλου
636 2949 882 3016 ζώντων,
920 2948 1016 3003 καὶ
1062 2946 1202 3020 μετὰ
1241 2946 1465 3002 δικαίων
1504 2947 1568 2999 ού
1597 2944 1897 3017 γραφήτω-

327 3066 453 3103 σαν.
491 3067 510 3100 ι
565 3043 889 3099 Πεπτώκασι
934 3042 1033 3113 μὲν
1083 3042 1194 3113 γὰρ
1220 3039 1288 3108 ,ἐξ
1337 3038 1596 3104 ἀσθενοῦς
1638 3035 1898 3108 λογισμοῦ

328 3140 427 3193 καὶ
455 3137 551 3209 τῆς
577 3139 656 3201 εἰς
685 3134 918 3206 Χριστὸν
954 3132 1227 3197 πολιτείας
1250 3130 1311 3196 ἐξ
1345 3129 1630 3201 ἀνανδρίας
1650 3130 1902 3199 ἡμαρτη-

328 3232 523 3295 κότες,
552 3229 601 3281 οἱ
629 3224 849 3299 χρηστῷ
878 3242 940 3278 τε
986 3224 1079 3279 καὶ
1130 3219 1498 3294 φιλανθρώπῳ
1539 3218 1763 3291 νεύματι
1806 3215 1900 3272 τοῦ

327 3320 470 3375 Θεοῦ
493 3321 589 3374 καὶ
626 3317 843 3390 Πατρδς
873 3314 1311 3388 ἐκτετιμημένον
1340 3312 1639 3382 κέκληνται
1671 3310 1769 3381 μὲν
1793 3307 1901 3380 γὰρ

328 3413 412 3475 εἰς
438 3411 565 3475 τοὺς
596 3410 844 3481 γάμους,
876 3403 1135 3477 μαλακῶς
1174 3404 1232 3457 δὲ
1267 3402 1364 3456 καὶ
1403 3399 1748 3492 παρειμένως
1788 3399 1903 3492 τοῖς
1926 3433 1970 3492 C

330 3504 511 3573 ἁγίοις
557 3499 1025 3570 δειπνοκλήτορσιν
1067 3492 1483 3567 ἀπεκρίναντο,
1539 3490 1816 3560 λέγοντες
1869 3489 1899 3540 ό

338 3597 471 3667 μὶν,
499 3596 581 3647 ὅτι
618 3593 787 3663 ἀγρὸν
827 3590 1095 3661 ἠγόρασα·
1129 3587 1160 3639 ό
1198 3586 1289 3650 δὲ,
1316 3587 1399 3638 ὅτι
1427 3584 1661 3652 γυναῖκα
1694 3578 1897 3649 ἔγημα,

335 3689 433 3743 καὶ
459 3688 519 3740 οὐ
560 3685 796 3755 δύναμαι
825 3682 1017 3736 ἐλθεῖν.
1058 3676 1302 3740 Ἀκούεις
1333 3675 1598 3743 λεγόντων
1627 3671 1899 3741 πανταχῆ,

335 3780 421 3833 ὅτι
450 3778 525 3831 Ού
551 3776 805 3847 δύναμαι·
835 3773 957 3837 νοῦς
987 3769 1098 3842 γὰρ
1127 3770 1158 3822 ό
1195 3766 1534 3839 ἀνθρώπινος
1564 3765 1645 3829 εἰς
1685 3762 1904 3834 φιληδο-

340 3871 459 3925 νίαν
503 3868 773 3938 κοσμικὴν
819 3860 1228 3926 ἀπονενευκὼς,
1265 3859 1501 3930 ἀδρανής
1547 3856 1607 3909 τὲ
1646 3857 1762 3908 ἐστι
1809 3853 1904 3907 xal.

341 3961 565 4023 ἄναλκις
613 3961 693 4022 είς
732 3958 796 4010 τὸ
833 3954 1162 4027 ἐργάζεσθαι
1203 3951 1273 4005 τὰ
1310 3947 1404 4004 τοῦ
1447 3946 1608 4001 Θεοῦο
1647 3945 1801 4000 ἔσται
1849 3944 1905 3998 δὲ

341 4047 495 4116 οὗτος
523 4050 621 4105 καὶ
661 4049 760 4120 τῆς
787 4045 1037 4119 οὐρανίου
1066 4045 1161 4100 καὶ
1191 4042 1340 4107 θείας
1387 4039 1656 4111 ἀμέτοχος
1688 4036 1904 4110 ἑορτῆς.

410 4142 621 4195 ΠΔΔΛ.
662 4139 840 4195 Μόνον
879 4133 974 4191 οὖν
1016 4136 1123 4206 ἄρα
1156 4134 1218 4188 τὸ
1254 4131 1463 4203 ήϐηκδς
1510 4129 1607 4190 καὶ
1642 4127 1903 4197 ἀνδρεῖον,

346 4234 439 4288 καὶ
465 4232 675 4303 ἔμφρον
711 4230 811 4300 ἤδη
828 4245 974 4292 πως,
1008 4229 1066 4280 ὲν
1093 4225 1384 4296 ἀπογραφῇ
1415 4220 1551 4275 Θεοῦ
1570 4260 1584 4285 ,
1616 4218 1711 4273 καὶ
1737 4218 1796 4271 ὲν
1826 4217 1907 4288 βί-

347 4326 457 4396 ϐλῳ
491 4322 742 4389 ζώντων,
780 4319 843 4374 τὸ
865 4319 925 4374 δὲ
953 4317 1028 4390 μὴ
1068 4314 1307 4370 τοιοῦτον
1343 4313 1488 4368 ἅπαν
1509 4352 1523 4379 ,
1546 4309 1804 4381 ἀδόκιμον
1869 4307 1903 4379 ἢ

349 4434 494 4481 πως;

415 4507 583 4561 ΚΥΡ.
634 4501 861 4574 ’Δκριδῆ
903 4500 998 4554 καὶ
1028 4494 1396 4568 ἐγηγερμένον
1441 4491 1607 4557 ἐνιεὶς
1653 4490 1744 4544 τὸν
1784 4489 1907 4546 νοῦν

352 4601 458 4660 τοῖς
491 4597 533 4650 Γ
535 4593 927 4665 εγραμμένοις,
961 4589 1084 4660 εἴσῃ
1105 4604 1189 4640 τοι
1215 4585 1278 4639 τὸ
1308 4582 1528 4654 ἀληθές.
1575 4580 1912 4649 ’Δπογράφε-

350 4705 433 4741 ται
455 4687 566 4757 γὰρ
597 4685 719 4754 οὐχὶ
737 4683 799 4736 τὸ
822 4684 880 4736 ὲν
900 4680 1014 4752 ἤδη
1039 4678 1217 4750 μόνον,
1246 4675 1341 4733 καὶ
1366 4676 1425 4728 ὲν
1445 4672 1555 4727 ἔτει
1579 4671 1657 4743 τῷ
1685 4669 1913 4740 εἰκοστῷ

1982 1123 2249 1178 fortium?

2053 1212 2212 1269 CYR.
2246 1213 2323 1268 Ita
2361 1228 2560 1269 censeo
2592 1229 2605 1267 :
2642 1212 2710 1267 ad
2739 1212 2881 1266 hanc
2906 1224 3147 1281 namque
3174 1210 3444 1280 eponendi
3468 1227 3557 1266 ra-

1986 1306 2191 1362 tionem
2226 1305 2373 1363 haud
2405 1304 2755 1375 improhabili
2800 1303 3117 1373 conjectura
3166 1316 3268 1356 nos
3310 1302 3559 1372 perducit

1986 1395 2121 1454 illud
2149 1395 2297 1465 quod
2328 1404 2414 1452 est
2442 1394 2588 1464 apud
2620 1393 2921 1449 Danielem.

2056 1485 2254 1541 PALL.
2285 1484 2569 1550 Quodnam
2600 1467 2737 1539 illud
2766 1484 2891 1539 est?
3348 1530 3357 1547 ,

2057 1575 2215 1632 CYR.
2246 1575 2659 1646 Contemplatus
2687 1581 2774 1632 est
2800 1574 2950 1629 enim
2979 1574 3069 1631 ille
3104 1580 3362 1644 tanquam
3401 1574 3559 1629 senili

1988 1674 2148 1723 atate
2177 1668 2426 1732 Patrem,
2459 1667 2690 1722 candida
2730 1666 2955 1721 caasarie
2994 1673 3273 1735 comptum
3294 1705 3309 1730 ,
3358 1665 3559 1720 vestitu

1988 1758 2132 1817 nivis
2167 1757 2340 1814 instar
2364 1757 2599 1814 candido
2641 1757 2911 1828 insignem
2932 1796 2949 1822 ,
3007 1755 3257 1826 dixitque
3288 1773 3302 1809 :
3342 1774 3361 1806 ‹
3407 1755 3558 1809 Libri

1999 1850 2173 1920 aperti
2205 1859 2334 1906 sunt
2360 1860 2417 1908 et
2433 1851 2702 1922 judicium
2730 1850 2895 1915 sedit,
2929 1847 3138 1904 etvidi.
3160 1848 3229 1903 Et
3265 1863 3393 1904 ecce
3430 1863 3555 1903 cum

1991 1942 2233 1998 nubibus
2254 1942 2383 1999 caeli
2416 1952 2479 1998 ut
2504 1940 2674 1998 Filius
2697 1940 2941 1997 hominis
2968 1938 3246 2003 veniebat,
3295 1945 3352 1992 et
3386 1954 3559 2009 usque

1995 2034 2064 2089 ad
2087 2034 2387 2104 Antiquam
2415 2034 2634 2090 dierum
2673 2033 2949 2105 pervenit,
3007 2039 3066 2087 et
3113 2030 3168 2085 in
3207 2037 3559 2099 conspectum

1990 2127 2110 2198 ejus
2126 2126 2426 2196 perductus
2442 2134 2547 2189 est,
2571 2131 2630 2181 et
2670 2124 2774 2193 ipsi
2824 2123 2987 2178 datus
3019 2129 3105 2177 est
3134 2120 3476 2191 principatus
3508 2127 3564 2174 et

1992 2216 2186 2282 honor,
2205 2224 2264 2272 et
2297 2229 2527 2284 regnum
2543 2214 2608 2267 ⁸⁷.
2637 2231 2657 2266 ›
2692 2211 2827 2269 Cum
2846 2211 2993 2267 enim
3024 2212 3117 2267 ille
3147 2208 3469 2281 Unigenitus
3508 2208 3562 2264 in

1993 2317 2178 2365 nostra
2193 2306 2377 2377 specie
2389 2304 2563 2363 factus
2580 2310 2685 2369 est,
2704 2310 2836 2358 tunc
2864 2311 2921 2357 et
2940 2303 3113 2357 libros
3137 2300 3351 2370 aperuit
3382 2301 3560 2364 Pater,

1993 2405 2050 2457 et
2077 2397 2146 2453 ab
2166 2397 2233 2452 iis
2246 2394 2580 2469 iudicandis,
2610 2394 2705 2465 qui
2726 2393 2807 2453 rei
2829 2402 3181 2464 peccatorum
3216 2402 3393 2458 erant,
3430 2407 3563 2447 con-

1995 2488 2202 2559 quievit
2241 2505 2254 2542 :
2295 2493 2619 2558 potestatem
2670 2500 2891 2555 quoque
2939 2484 3070 2541 fecit
3117 2483 3357 2540 fortibus
3399 2483 3556 2547 viris,

1996 2595 2104 2651 qua
2155 2578 2266 2635 illis
2296 2578 2495 2634 liceret
2545 2575 2806 2640 describi,
2841 2589 2907 2631 ac
2978 2573 3199 2643 superis
3231 2571 3343 2628 illis
3380 2570 3565 2627 choris

1995 2670 2366 2737 annumerari,
2389 2678 2446 2726 et
2476 2668 2576 2725 Del
2603 2667 2868 2723 memoria
2886 2665 3182 2722 contineri.
3218 2663 3359 2719 Audi
3398 2662 3564 2718 etiam

1997 2761 2216 2817 beatum
2251 2760 2422 2819 David
2458 2760 2782 2830 psallentem
2819 2755 3024 2822 de'iis,
3073 2755 3168 2825 qui
3198 2754 3253 2811 in
3288 2754 3564 2811 Christum

1996 2852 2316 2911 debacchati
2353 2858 2483 2907 sunt
2523 2868 2536 2904 :
2580 2868 2599 2900 ι
2637 2846 2936 2904 Dcleantur
2972 2846 3041 2902 de
3081 2845 3225 2901 libro
3241 2842 3565 2909 viventium,

1997 2953 2056 3002 et
2090 2959 2214 3000 cum
2228 2942 2397 3014 justis
2429 2957 2542 2997 non
2577 2939 2890 2997 scribantur
2908 2938 2972 2991 ⁸⁸.
3001 2956 3020 2989 ι
3057 2935 3391 2993 Exciderunt
3420 2932 3566 2989 enim

1998 3036 2316 3093 inﬁrmitate
2344 3033 2599 3097 rationis,
2639 3039 2697 3087 et
2729 3046 2761 3085 a
2794 3029 2997 3086 Christi
3016 3025 3430 3084 conversatione
3458 3039 3570 3094 pra:

2000 3127 2214 3199 ignavia
2249 3133 2495 3181 extorres
2528 3121 2661 3180 facti
2712 3129 2861 3186 sunt,
2900 3135 3026 3176 cum
3080 3117 3277 3173 iisdem
3336 3114 3569 3185 benigna

1999 3218 2366 3287 clementique
2401 3215 2497 3270 Dei
2515 3222 2572 3271 et
2607 3213 2786 3270 Patris
2834 3212 3115 3267 voluntate
3145 3209 3322 3263 honor
3355 3205 3571 3261 delatus

2001 3319 2181 3369 esset:
2215 3309 2396 3366 vocati
2429 3320 2665 3376 namque
2702 3310 2832 3363 sunt
2848 3303 2917 3358 ad
2951 3300 3198 3373 nuptias,
3236 3297 3572 3368 negligenter

2001 3412 2186 3459 autem
2224 3400 2560 3469 remisseque
2600 3394 2806 3453 sanctis
2851 3390 3239 3467 invitatoribus
3275 3386 3574 3457 responde-

2002 3500 2155 3559 runt,
2187 3490 2453 3554 dicentes,
2490 3502 2635 3543 unus
2666 3483 2892 3556 quidem
2915 3523 2931 3549 ,
2972 3494 3163 3553 agrum
3195 3493 3254 3534 se
3283 3477 3571 3541 coemisse,

2003 3588 2144 3644 alter
2169 3599 2301 3653 vero
2346 3595 2572 3639 uxorem
2607 3577 2850 3641 duxisse,
2878 3589 2983 3633 nec
3016 3587 3177 3643 posse
3206 3570 3417 3627 venire.
3456 3567 3573 3623 Au-

2003 3675 2090 3730 dis
2118 3673 2323 3743 ubique
2353 3685 2450 3726 eos
2467 3668 2649 3724 dicere
2673 3684 2686 3719 :
2707 3665 2828 3720 Non
2871 3677 3093 3736 possum
3112 3660 3156 3695 "
3194 3656 3434 3716 :etenim
3465 3655 3571 3711 hu-

2003 3781 2201 3823 manus
2217 3764 2433 3829 animus
2468 3761 2537 3817 ad
2572 3756 2763 3822 mundi
2800 3757 3109 3826 voluptates
3142 3763 3452 3823 propensus
3488 3747 3572 3802 in-

2007 3859 2196 3914 ﬁrmus
2232 3863 2316 3912 est
2362 3862 2416 3909 et
2474 3850 2747 3907 invalidus
2806 3847 2874 3902 ad
2930 3862 2996 3902 ea
3053 3842 3404 3914 exsequenda
3450 3856 3574 3911 quae

2005 3950 2104 4006 Dei
2122 3955 2253 4006 sunt
2284 3964 2298 4001 :
2337 3945 2485 4003 idem
2508 3958 2676 4015 porro
2707 3941 2814 3999 erit
2844 3937 3017 3999 divini
3050 3934 3402 4004 coelestisque
3440 3947 3574 3988 con-

2006 4039 2139 4093 vivii
2177 4051 2395 4107 expers.

2075 4127 2273 4184 PALL.
2296 4125 2410 4183 Soli
2437 4124 2604 4195 igitur
2621 4119 2793 4179 adulti
2820 4128 2877 4174 et
2893 4117 3066 4173 fortes
3086 4114 3217 4179 viri,
3250 4119 3307 4168 et
3332 4110 3574 4181 pruden-

2010 4221 2085 4277 tia
2100 4220 2211 4291 jam
2227 4215 2429 4281 ornati,
2449 4214 2507 4269 in
2535 4212 2632 4285 Dei
2663 4208 3034 4278 descriptione
3071 4213 3390 4268 censentur,
3429 4209 3485 4257 et
3522 4201 3575 4255 in

2010 4312 2153 4368 libro
2168 4309 2313 4375 vitae;
2333 4306 2535 4377 quique
2554 4300 2778 4359 minime
2795 4296 3065 4370 ejusmodi
3085 4303 3232 4362 sunt,
3267 4308 3460 4351 omnes
3478 4291 3579 4345 im-

2012 4402 2333 4474 probantur,
2352 4412 2420 4451 an
2444 4393 2644 4451 secus?

2088 4490 2250 4563 ΙῘΕ-
2279 4487 2437 4544 CYR-
2490 4485 2548 4547 Si
2579 4488 2835 4547 accurate
2867 4477 3269 4549 vigilanterquc
3299 4471 3366 4531 ad
3393 4469 3577 4539 Scrip—

2015 4594 2192 4641 turam
2200 4581 2440 4642 animum
2454 4574 2779 4641 intenderis,
2796 4569 3069 4640 intelliges
3081 4566 3326 4639 profecto
3341 4563 3473 4635 quid
3489 4576 3583 4617 ve-

2015 4690 2141 4733 rum
2170 4674 2261 4735 sit.
2280 4669 2619 4743 Describitur
2635 4676 2875 4735 namque
2905 4676 3014 4715 non
3035 4658 3212 4715 solum
3247 4654 3341 4725 qui
3361 4652 3581 4743 adultus

353 4741 610 4848 γεγόνός,
639 4741 1125 4846 προστέτακταίᾶ
1181 4769 1294 4831 ὅτι,
1331 4769 1438 4821 πᾶν
1473 4741 1666 4835 ἄρσεν.
1711 4765 1782 4819 Ἢ
1809 4764 1899 4817 οὐκ

2011 4775 2116 4831 est,
2128 4773 2289 4834 atque
2300 4741 2505 4819 annum
2517 4766 2676 4817 natus
2692 4751 3036 4825 vigesimum,
3048 4747 3144 4805 sed
3159 4745 3340 4803 omnis
3353 4741 3580 4803 masculi

352 4870 547 4931 ἐννοεῖς
576 4866 614 4920 ἃ
631 4865 803 4934 λέγω;

415 5043 623 5098 ΠΑΛΛ.
647 5041 900 5112 Συνίημι.

415 5142 580 5195 ΚΥΡ.
616 5141 859 5205 Οὐκοῦν,
898 5141 949 5192 εἰ
996 5138 1093 5208 μὲν
1118 5130 1322 5207 τῆςσέν
1355 5134 1579 5204 Χριστῷ
1622 5128 1916 5203 νοουμένης

347 5233 588 5304 ἀνδρίας,
618 5233 713 5286 καὶ
735 5233 763 5284 ό
782 5230 892 5284 τῶν
921 5229 1240 5300 ἐπιτηδείων
1263 5227 1341 5290 είς
1358 5226 1419 5278 τὸ
1439 5222 1696 5279 δύνασθαι
1718 5237 1917 5290 κατορ-

352 5324 473 5378 θοῦν
524 5320 586 5377 εὖ
641 5322 788 5393 μάλα
833 5321 934 5391 τὴν
977 5320 1180 5390 ἀρετὴν
1224 5317 1639 5389 περιεργάζοιτο
1681 5312 1913 5384 τρόπος,

352 5414 491 5469 ἰδίαν
519 5414 701 5479 ἕξουσι
750 5412 851 5480 τὴν
894 5409 1254 5481 ἀπογραφὴν,
1288 5409 1338 5460 0i
1379 5407 1522 5477 πρὸς
1573 5405 1729 5458 τοῦτο
1756 5402 1914 5472 δόξης

356 5508 664 5573 ἐλάσαντες,
696 5509 771 5571 ὡς
796 5505 1025 5581 ἀνδρεῖοί
1050 5523 1108 5557 τε
1150 5504 1249 5574 ἠδη
1272 5502 1367 5555 καὶ
1397 5498 1790 5571 μαχιμώτατοι,
1819 5495 1911 5549 καὶ

2017 4857 2283 4926 imperata
2318 4860 2405 4907 est
2425 4846 2745 4921 descriptio.
2782 4843 2867 4903 An
2908 4850 2969 4898 tu
3003 4853 3194 4911 parum
3233 4835 3369 4908 quid
3403 4835 3580 4893 dicam

2016 4945 2280 5017 intelligis
2298 4944 2323 4998 ἲ

2086 5034 2284 5092 PALL.
2307 5030 2573 5102 Intelligo.

2086 5127 2244 5184 CYR.
2284 5124 2342 5179 Si
2378 5123 2546 5194 igitur
2578 5135 2704 5181 cum
2726 5114 3074 5175 fortitudinis
3124 5112 3388 5171 duntaxat
3438 5109 3583 5169 illius

2014 5233 2136 5289 quae
2154 5217 2211 5272 in
2224 5214 2444 5272 Christo
2464 5211 2811 5282 intelligitur,
2840 5219 2896 5265 et
2916 5222 3110 5265 eorum
3135 5207 3229 5276 qui
3258 5204 3437 5262 idonei
3455 5211 3585 5257 sunt

2014 5311 2083 5367 ad
2102 5323 2327 5364 munera
2362 5305 2587 5363 virtutis
2621 5302 2972 5372 exsequenda
3008 5299 3207 5355 modus
3242 5294 3579 5366 exquiritur,

2011 5418 2165 5459 suam
2191 5396 2713 5466 illidescriptionem
2745 5392 2989 5449 habituri
3028 5398 3177 5453 sunt,
3213 5387 3307 5457 qui
3345 5383 3411 5438 ad
3442 5383 3582 5437 hanc

2012 5493 2237 5563 gloriam
2257 5484 2831 5560 pervenerint,quippc
2850 5483 2944 5552 qui
2964 5482 3136 5536 fortes
3150 5480 3262 5548 jam
3283 5476 3412 5543 sint,
3435 5481 3489 5531 et
3507 5470 3579 5529 ad

428 5684 630 5742 “Psal.
662 5700 847 5750 χχχιιι,
887 5683 938 5738 8.
1018 5683 1059 5715 "
1092 5680 1280 5737 Daniel
1312 5696 1411 5747 vn,
1456 5679 1648 5745 10,15,
1680 5679 1762 5732 14.
1837 5677 1880 5710 ⁸⁸
1918 5674 2062 5731 Psal.
2100 5687 2279 5740 vam,
2304 5671 2389 5726 29.
2468 5669 2509 5700 °’
2540 5668 2672 5723 Luc.
2720 5680 2826 5733 xxv,
2864 5663 2956 5719 9.0.
