3954 6200
359 231 464 288 815

1351 227 1407 284 S.
1445 228 1718 285 CYRILLI
1757 229 2227 290 ALEXANDRINI
2267 235 2580 292 ARCHI‘EP.

3495 232 3592 287 3M

361 358 594 415 pugnam
619 341 1030 414 promptissimi,
1073 347 1127 395 et
1160 355 1379 397 sensum
1410 342 1677 410 puerilem
1717 358 1938 412 supcra-

2053 347 2380 419 μειρακιώδη
2428 349 2688 421 φρόνησιν
2732 347 3188 419 ὑπερϐεϐηκότες,
3237 347 3355 418 οὐχὶ
3390 346 3598 418 ἑκάστῳ

361 433 492 500 rint,
515 433 948 498 nonne,Palladi,
971 431 1220 501 quisquis
1239 430 1412 484 nostri
1449 432 1642 487 similis
1671 432 1858 497 fuerit,
1878 433 1930 486 ei

359 541 578 595 quoque
603 525 756 579 locus
779 522 976 591 aliquis
995 521 1382 592 descriptionis
1399 530 1455 576 et
1475 523 1661 593 gloria:
1678 525 1936 594 proprius

360 630 424 670 ac
479 615 680 669 decens
727 613 1038 676 conveniet,
1101 614 1194 683 qui
1233 628 1358 668 cum
1405 622 1678 684 gestarum
1747 630 1932 670 rerum

361 705 656 776 splendore
692 705 1042 774 coaequetur?
1070 753 1072 755 .

429 795 625 850 PALL.
647 795 861 849 Fateor.

428 886 586 941 CYR.
615 887 802 957 Neque
828 886 974 940 enim
998 884 1054 940 in
1092 894 1404 940 sanctorum
1425 886 1796 955 apostolorum
1825 901 1930 938 nu-

362 992 514 1032 mero
556 993 800 1048 unquam
861 979 969 1034 erit
1007 979 1103 1048 qui
1145 978 1366 1033 illorum
1414 977 1701 1034 dissimilis
1737 978 1930 1044 fuerit;

361 1069 606 1135 minime,
630 1069 870 1140 inquam.

434 1160 631 1215 PALL.
654 1161 733 1215 Ita
768 1169 872 1216 est.

434 1249 592 1306 CYR.
630 1250 818 1320 Neque
856 1264 987 1304 vero
1019 1247 1153 1303 illud
1185 1263 1380 1304 rursus
1415 1247 1732 1310 asserimus,
1769 1261 1933 1316 quem

362 1341 591 1410 gradum
621 1341 855 1395 assecuti
895 1347 1026 1395 sunt
1051 1339 1227 1394 sancti
1258 1339 1510 1394 homines
1530 1339 1590 1404 ii,
1629 1338 1724 1408 qui
1745 1337 1936 1391 multis

363 1433 628 1485 virtutum
651 1431 945 1502 generibus
967 1431 1216 1484 illustres
1241 1429 1537 1484 admodum
1585 1428 1828 1493 fuerint,
1871 1443 1936 1481 ac

363 1525 581 1580 vivendi
623 1524 890 1578 rationem
911 1523 1017 1593 legi
1039 1523 1240 1576 divinae
1259 1521 1494 1576 maxime
1513 1513 1934 1575 consentaneam

362 1613 651 1677 coluerint,
671 1612 922 1666 eumdem
956 1611 1184 1682 gradum
1222 1617 1601 1666 assecuturum
1631 1623 1758 1663 eum
1795 1625 1934 1679 quo-

2037 437 2146 489 τῶν
2185 439 2305 492 καθ’
2328 440 2474 510 ἡμᾶς
2519 440 2810 511 ἀρμόσειεν
2850 441 2952 503 ἂν,
2987 435 3030 492 ὦ
3076 440 3288 508 ἑταῖρε,
3326 437 3489 501 τόπος
3519 455 3597 502 τις

2039 527 2166 592 ἴδιός
2195 547 2255 582 τε
2299 531 2394 583 καὶ
2440 530 2666 601 πρέπων
2699 530 3026 600 ἀπογραφῆς
3064 529 3158 582 καὶ
3185 528 3362 598 δόξης,
3399 529 3464 598 τῇ
3493 528 3598 581 τῶν

2037 618 2329 689 δρωμένων
2366 620 2708 692 λαμπρότητι
2744 619 3248 692 συμμετρούμενος;

2112 799 2321 851 ΠΑΛΛ.
2352 799 2516 871 Φημί.

2107 889 2272 942 ΚΥΡ.
2305 890 2380 942 Οὐ
2412 890 2520 961 γὰρ
2551 890 2608 943 ἐν
2655 909 2717 959 γε
2758 894 2872 955 τοῖς
2916 891 3089 959 ἁγίοις
3121 888 3435 952 ἀποστόλοις
3461 889 3491 942 ὁ
3528 885 3602 958 μὴ

2039 977 2160 1029 κατ’
2189 978 2392 1042 αὐτοὺς
2412 979 2562 1032 ἔσται
2594 980 2777 1034 ποθέν·
2826 979 3021 1034 πολλοῦ
3047 997 3112 1049 γε
3139 979 3233 1032 καὶ
3256 979 3355 1032 δεῖ.

2105 1166 2315 1220 ΠΑΛΛ.
2368 1167 2610 1239 Ἀληθές.

2105 1257 2270 1312 ΚΥΡ.
2312 1257 2438 1314 Οὐδ’
2471 1255 2539 1314 αὖ
2569 1261 2744 1314 ἐκεῖνό
2781 1277 2980 1332 φαμεν,
3015 1261 3091 1324 ὡς
3133 1263 3244 1325 τοῖς
3277 1261 3417 1329 ἄγαν
3448 1261 3607 1316 ἐκλε-

2034 1344 2477 1416 λαμπρυσμένοις
2519 1349 2585 1401 ἐκ
2619 1348 2928 1412 πολυειδοῦς
2958 1351 3182 1421 ἀρετῆς,
3208 1351 3299 1404 καὶ
3327 1351 3440 1421 βίου
3474 1367 3608 1406 κατ-

2035 1433 2268 1506 όρθωσιν
2330 1435 2430 1505 τὴν
2507 1437 2890 1508 ἐννομωτάτην
2960 1439 3361 1509 ἐπησκηκόσιν,
3432 1443 3460 1494 ό
3531 1439 3610 1511 μὴ

2034 1520 2274 1587 τοιοῦτος
2305 1524 2712 1590 συντετάξεται,
2738 1526 3137 1599 κληρονομήσει
3169 1529 3225 1581 δὲ
3254 1529 3356 1597 ὅτι,
3380 1528 3520 1583 κατά
3547 1527 3612 1582 τὺ

2037 1611 2167 1666 ἴδιον
2195 1614 2424 1684 μέτρον,
2442 1615 2540 1667 οὐκ
2567 1616 2667 1668 ἀσυ
2677 1618 2904 1686 μφανές.

363 1719 470 1774 que
500 1703 594 1774 qui
633 1704 856 1763 minime
896 1704 1163 1773 ejusmodi
1215 1703 1412 1768 fuerit;
1453 1702 1548 1756 sed
1584 1717 1703 1757 eam
1747 1709 1928 1758 tamen
1968 1704 2155 1776 gloriae
2174 1707 2486 1777 portionem
2508 1707 2988 1781 babiturum,quae
3029 1728 3141 1767 suae
3194 1728 3463 1767 mensurae
3516 1728 3607 1768 re—

360 1796 646 1866 spondeat,
670 1811 781 1849 non
799 1803 882 1849 est
902 1796 1218 1849 obscurum.

435 1885 628 1939 PALL.
674 1885 840 1939 Recte
877 1885 1034 1939 dicis.

431 1976 589 2032 CYR.
620 1975 794 2046 igitur
830 1977 886 2029 in
907 1992 974 2030 eo
1011 1975 1159 2046 quod
1196 1974 1472 2031 credimus
1508 1975 1563 2029 in
1603 1974 1938 2030 Salvatorem

365 2069 749 2124 universorum
797 2084 861 2124 ae
898 2069 1342 2138 Redemptorem,
1381 2077 1438 2123 et
1471 2084 1570 2139 per
1606 2068 1938 2138 baptismum

367 2161 512 2216 illam
542 2161 760 2216 cmlitus
779 2176 841 2215 ac
871 2176 1111 2230 superne
1130 2160 1312 2214 datam
1334 2158 1712 2214 fortitudinem
1749 2175 1941 2216 conse-

366 2253 478 2306 cuti
539 2267 783 2316 sumus;
823 2251 998 2306 induti
1064 2265 1300 2321 namque
1365 2266 1557 2306 sumus
1614 2250 1820 2306 virtute
1874 2266 1941 2305 ex

366 2343 477 2397 alto
509 2344 591 2408 ⁷⁸,
634 2342 884 2412 (Spiritu
934 2343 1146 2398 scilicet
1190 2341 1362 2397 notati
1419 2349 1582 2410 atque
1635 2339 1938 2412 insigniti),

368 2442 595 2490 eatenus
615 2437 771 2491 relati
792 2452 893 2492 nos
908 2452 1126 2507 quoque
1160 2452 1352 2491 sumus
1371 2435 1429 2489 in
1468 2435 1832 2490 masculorum
1854 2451 1944 2489 or-

368 2525 552 2581 dinem
572 2543 636 2582 ae
655 2543 967 2593 numerum,
989 2538 1046 2582 et
1066 2528 1118 2582 in
1139 2528 1234 2582 Dei
1257 2527 1400 2582 libro
1435 2526 1711 2582 reeensiti.
1734 2527 1831 2581 Est
1866 2534 1943 2581 ta-

370 2631 494 2671 men
516 2618 776 2671 nonnulla
797 2618 888 2673 hic
906 2631 1123 2688 quoque
1159 2616 1442 2672 distinctio
1467 2636 1478 2670 :
1502 2617 1666 2688 primi
1703 2632 1942 2688 namque

370 2706 774 2776 quodammodo
802 2709 858 2763 in
887 2708 990 2764 hac
1025 2708 1409 2778 descriptione
1437 2709 1691 2763 collocati
1723 2717 1850 2764 sunt
1879 2723 1944 2764 ac

371 2796 618 2865 proxime
637 2797 705 2850 ad
725 2797 898 2851 Deum
942 2797 1216 2852 accedunt
1251 2798 1343 2866 qui
1368 2798 1694 2853 sacratiores
1723 2807 1852 2853 sunt
1881 2813 1946 2852 ac

371 2886 693 2942 sanctiores.
726 2887 986 2954 Quamvis
1001 2889 1147 2943 enim
1171 2906 1278 2943 una
1301 2890 1374 2944 sit
1409 2889 1464 2942 in
1485 2887 1763 2943 Christum
1786 2889 1942 2954 ﬁdes,

371 2994 481 3033 non
507 2993 698 3034 omnes
716 2985 895 3034 tamen
920 2979 1108 3034 ﬁdeles
1125 2996 1285 3050 pares
1303 2987 1430 3034 sunt
1472 2995 1687 3034 morum
1724 2994 1788 3034 ac
1821 2979 1946 3034 vita:

371 3079 601 3135 genere;
629 3066 724 3120 sed
748 3066 839 3120 alii
880 3066 1103 3136 quidem
1123 3067 1223 3132 sic,
1254 3068 1347 3122 alii
1381 3083 1514 3123 vero
1533 3068 1632 3132 sic,
1671 3075 1732 3121 ut
1751 3068 1946 3123 beatus

371 3157 574 3212 Paulus
593 3159 752 3212 ait".
792 3159 963 3230 igitur
983 3160 1077 3229 qui
1111 3161 1236 3215 vita:
1265 3160 1528 3231 gravitate
1565 3160 1776 3215 caeteris
1803 3175 1944 3229 prm-

1849 1851 1852 1854 ’
1964 1893 2007 1948 Β
2109 1885 2313 1941 ΠΑΛΛ.
2367 1885 2571 1955 Ὀρθῶς
2602 1886 2756 1958 ἔφης.

2111 1977 2276 2032 ΚΥΡ.
2310 1975 2542 2042 Ούκοῢν,
2579 1977 2714 2031 καθὸ
2760 1976 3200 2047 πεπιστεύκαμεν
3246 1976 3327 2041 είς
3372 1975 3464 2031 τδν
3497 1974 3618 2032 τῶν

2041 2068 2178 2123 ὅλων
2212 2069 2443 2142 Σωτῆρα
2463 2070 2559 2124 καὶ
2599 2069 2913 2141 Δυτρωτὴν,
2944 2069 3040 2124 καὶ
3066 2068 3151 2122 διὰ
3172 2068 3263 2123 τοῦ
3297 2067 3618 2139 βαπτίσμα-

2041 2178 2131 2225 τος
2154 2162 2254 2233 τὴν
2295 2161 2354 2228 ἐξ
2393 2160 2624 2232 ούρανοῦ
2668 2161 2763 2215 καὶ
2795 2160 3003 2216 ἀνωθεν
3032 2161 3186 2231 ἰσχὺν
3227 2159 3616 2229 πεπλουτήκα-

2043 2269 2142 2322 μεν
2167 2267 2181 2281 ·
2243 2252 2613 2323 ἐνεδυσάμεθα
2647 2252 2755 2324 γὰρ
2800 2253 2901 2324 τὴν
2941 2252 2998 2319 ἐξ
3036 2251 3206 2322 ὕψους
3271 2251 3503 2322 δύναμιν
3532 2251 3620 2322 τῷ

2044 2344 2215 2415 ἁγίῳ’
2259 2344 2791 2416 κατεσφραγισμένοι
2829 2343 3130 2416 Πνεύματι,
3189 2344 3480 2415 τεθείμεθα
3518 2345 3622 2398 καὶ

2045 2436 2208 2506 ἡμεῖς
2229 2437 2305 2500 ὡς
2332 2437 2393 2490 ἐν
2428 2437 2674 2508 ἀρσένων
2696 2437 2846 2502 τάξει
2867 2453 2928 2490 τε
2963 2437 3056 2491 καὶ
3083 2436 3248 2508 λόγῳ,
3273 2435 3370 2489 καὶ
3393 2435 3621 2489 κατελο-

2043 2528 2313 2598 γίσθημεν
2337 2528 2396 2580 ἐν
2439 2528 2604 2599 βίϐλῳ
2629 2528 2785 2583 Θεοῦ.
2820 2528 2966 2599 Πλὴν
2994 2529 3106 2581 ἔστι
3129 2546 3211 2592 τις
3247 2529 3475 2582 κάνθάδε
3505 2529 3622 2582 δια-

2045 2618 2206 2690 φορά.
2252 2617 2468 2688 Πρῶτοι
2509 2617 2618 2688 γὰρ
2641 2617 2828 2689 ὥσπερ
2858 2619 2916 2672 ἐν
2957 2618 3286 2690 ἀπογραφῇ,
3319 2619 3414 2671 καὶ
3443 2617 3622 2687 ἀγχοῦ

2045 2707 2180 2762 Θεοῦ
2227 2707 2428 2778 μᾶλλον
2473 2710 2522 2760 οί
2571 2707 2850 2778 ίερὼτεροί
2897 2724 2954 2760 τε
2999 2709 3094 2761 καὶ
3137 2707 3447 2780 ἀγιώτεροι.
3499 2705 3622 2760 Μία

2049 2799 2148 2870 μὲν
2179 2801 2213 2871 ἡ
2247 2800 2427 2862 πίστις
2471 2801 2504 2870 ἡ
2557 2801 2636 2863 είς
2676 2799 2928 2870 Χριστόν·
2962 2799 3135 2870 πλὴν,
3163 2799 3258 2869 οὑχ
3287 2801 3525 2860 ἅπαντες
3561 2799 3625 2851 οξ

2046 2892 2470 2956 πεπιστευκότες
2497 2892 2556 2945 ἐν
2599 2892 2770 2962 ὁμοίῳ
2801 2893 2893 2945 καὶ
2935 2892 3035 2962 ἴσῳ
3062 2891 3250 2963 τρόπῳ
3293 2892 3352 2944 τέ
3384 2892 3488 2943 είσι
3522 2889 3628 2942 καὶ

2048 2983 2169 3056 βίῳ,
2194 2984 2307 3038 ἀλλ’
2339 2984 2390 3037 οἱ
2422 2984 2552 3054 μὲν,
2581 2983 2774 3047 οὕτως’
2804 2985 2853 3036 οἱ
2899 2983 2954 3036 δέ
2993 2982 3184 3046 οὕτως,
3217 2980 3356 3036 κατά
3391 2981 3490 3052 τὴν
3519 2981 3623 3034 τοῦ

2049 3074 2321 3146 μακαρίου
2351 3074 2565 3128 Παύλου
2592 3075 2794 3145 φωνήν.
2821 3073 3048 3140 Οὐκοῦν,
3070 3075 3119 3126 οἱ
3153 3074 3251 3144 μὲν
3275 3072 3389 3142 βίου
3422 3070 3624 3141 σεμνό-

2047 3183 2172 3236 τητι
2214 3165 2575 3237 προῦχοντες,
2619 3165 2906 3238 ἀγιώτεροι
2953 3165 3010 3218 δὲ
3053 3165 3140 3219 διά
3181 3163 3360 3227 τοῦτο,
3394 3161 3624 3234 πρώτην

373 3256 537 3315 stant,
577 3250 811 3321 ideoque
847 3257 976 3306 sunt
1007 3251 1334 3318 sanctiores,
1377 3252 1614 3320 primum
1654 3251 1708 3304 in
1737 3249 1942 3305 descri-

2053 3233 2391 3328 ἔχουσι-τὴν-
2424 3257 2578 3323 τάξιν
2634 3233 2692 3309 ἐν
2740 3233 3034 3328 ἀπογραφῇ
3086 3259 3152 3326 τῇ
3206 3255 3359 3325 Θείᾳ,
3413 3233 3507 3306 καὶ
3557 3255 3624 3306 ἐν

373 3340 560 3407 ptione
582 3342 765 3397 divina
785 3359 849 3400 ac
885 3344 983 3399 Dei
1023 3344 1398 3399 monumentis
1420 3344 1599 3398 locum
1629 3351 1848 3397 tenent:
1893 3350 1948 3396 at

2049 3348 2234 3418 μνήμῃ
2293 3345 2448 3400 Θεοῦ·
2487 3350 2536 3402 ot
2581 3345 2637 3398 δὲ
2660 3347 2720 3398 τὸ
2761 3349 2908 3416 μεῖον
2962 3346 3193 3416 ἔχοντες,
3228 3345 3287 3396 ἐν
3328 3341 3620 3412 ἁγιασμῷ,

374 3431 428 3486 in
451 3433 651 3502 quibus
677 3435 857 3490 minor
876 3445 962 3490 est
975 3435 1254 3499 sanctitas,
1275 3450 1342 3490 eo
1361 3435 1480 3505 ipso
1497 3435 1644 3504 quod
1663 3432 1942 3488 inferiores

2053 3437 2132 3490 διὰ
2158 3437 2219 3490 τὸ
2263 3439 2414 3507 μεῖον
2445 3437 2500 3491 ἐν
2531 3437 2724 3508 ἀρετῇ,
2758 3435 2998 3508 δεύτεροι
3033 3453 3135 3490 που
3175 3435 3392 3498 πάντως
3435 3433 3530 3488 καὶ
3557 3433 3624 3485 ἐν

373 3524 574 3580 virtute
595 3533 742 3590 sunt,
766 3527 1068 3581 secundum
1085 3526 1276 3596 procul
1298 3525 1466 3580 dubio
1489 3526 1546 3579 in
1568 3523 1949 3592 descriptioni-

375 3615 478 3669 bus
498 3615 676 3669 loeum
696 3616 965 3671 obtinent.

445 3706 641 3761 PALL.
662 3706 770 3761 Sed
789 3722 897 3776 qua
918 3706 1126 3762 ratione
1169 3707 1275 3761 hoc
1299 3705 1433 3762 item
1480 3704 1636 3775 115
1675 3704 1791 3760 fieri
1826 3719 1949 3775 per-

376 3799 627 3868 spicuum
649 3797 862 3868 potest?

443 3890 599 3946 CYB.
629 3890 710 3946 Ab
733 3891 851 3961 ipso
874 3890 1135 3946 nimirum
1159 3891 1330 3962 ipsius
1349 3891 1645 3962 Scriptura:
1693 3891 1943 3948 testimo-

377 3983 508 4037 nio:
544 3983 894 4052 nequeenim
942 3983 998 4038 id
1047 3989 1254 4038 temere
1309 3983 1580 4039 dicimus:
1637 4000 1762 4040 nam
1827 3993 1950 4055 post

379 4071 524 4124 illam
556 4071 1050 4137 enumerationem,
1109 4087 1217 4142 qua
1260 4072 1533 4128 masculos
1580 4081 1745 4142 atque
1785 4087 1945 4143 vege-

379 4162 537 4216 tioris
559 4163 735 4217 aetatis
763 4162 1014 4218 homines
1045 4167 1344 4230 recensuit,
1386 4165 1612 4220 modum
1654 4166 1816 4221 nobis
1861 4168 1942 4220 al-

379 4260 557 4306 terum
599 4250 987 4322 descriptionis
1043 4253 1246 4310 iterum
1290 4255 1596 4325 designavit
1641 4256 1732 4310 ille
1757 4271 1944 4310 rerum

380 4339 759 4395 universarum
783 4342 949 4400 Deus.
975 4342 1027 4399 ls
1052 4352 1235 4399 autem
1261 4343 1528 4413 ejusmodi
1549 4353 1635 4398 est
1665 4361 1677 4396 :
1719 4363 1737 4393 ε
1770 4345 1839 4400 Et
1866 4346 1948 4399 lo-

377 4439 538 4488 cutus
560 4442 647 4489 est
670 4433 935 4492 Dominus
957 4435 1025 4491 ad
1059 4437 1279 4506 Moysen
1306 4435 1361 4488 in
1387 4434 1610 4489 deserto
1636 4435 1808 4498 Sinai,
1859 4437 1946 4491 di-

377 4537 508 4577 cens
537 4541 550 4576 :
581 4523 821 4580 Numera
868 4525 1008 4580 filios
1056 4526 1188 4581 Levi
1237 4540 1337 4595 per
1377 4525 1572 4580 domos
1619 4525 1947 4581 familiarum

377 4625 621 4677 suarum,
651 4627 750 4684 per
775 4613 1132 4684 cognationes
1175 4628 1322 4679 suas,
1349 4627 1447 4683 per
1471 4613 1738 4682 populos;
1784 4630 1946 4670 omne

379 4700 741 4756 masculinum
760 4702 828 4756 ab
853 4719 962 4756 uno
987 4717 1170 4757 mense
1190 4711 1247 4757 et
1292 4717 1457 4773 supra
1479 4704 1799 4760 numerabis
1824 4720 1941 4760 eos.

381 4789 446 4842 Et
472 4793 787 4847 numeravit
811 4809 906 4847 eos
933 4794 1142 4862 Moyses
1182 4801 1239 4847 et
1262 4793 1446 4848 Aaron
1479 4808 1578 4862 per
1632 4808 1820 4849 vocem
1843 4795 1949 4849 Do-

378 4880 536 4945 mini,
584 4883 1044 4952 quemadmodum
1088 4884 1344 4952 praeeepit
1388 4884 1470 4938 eis
1516 4883 1780 4939 Dominus
1820 4887 1885 4939 ⁷².
1920 4906 1938 4937 ι

381 4971 490 5025 ΙῘἸἛ
514 4970 884 5043 descriptione
937 4974 1074 5027 facta
1128 4990 1226 5042 per
1261 4976 1493 5044 populos
1528 4985 1587 5030 et
1631 4992 1728 5046 per
1753 4977 1946 5030 domos

378 5061 733 5126 familiarum,
785 5070 952 5118 totam
1015 5064 1277 5119 continuo
1321 5081 1588 5120 summam
1633 5065 1820 5129 infert,
1866 5065 1948 5118 di-

379 5167 542 5207 cens:
573 5171 592 5202 ι
614 5151 804 5208 Omnis
835 5156 1142 5210 numeratio
1173 5155 1413 5211 ﬁliorum
1456 5156 1609 5219 Levi,
1666 5171 1806 5224 quos
1839 5174 1945 5211 nu-

379 5245 610 5299 meravit
637 5244 846 5318 Moyses
893 5254 949 5302 et
977 5245 1158 5302 Aaron
1211 5263 1310 5317 per
1354 5262 1538 5302 vocem
1595 5247 1809 5301 Domini
1854 5263 1951 5316 per

379 5336 612 5404 populos
639 5353 850 5402 eorum,
875 5353 1035 5392 omne
1058 5338 1420 5392 masculinum
1447 5337 1514 5391 ab
1536 5351 1648 5391 uno
1675 5352 1861 5392 mense
1894 5346 1950 5390 et

381 5439 566 5494 supra,
593 5429 701 5484 duo
725 5437 781 5484 ct
819 5429 1007 5500 viginti
1041 5430 1208 5484 millia
1240 5432 1324 5483 ⁷⁸⁸.
1361 5450 1376 5474 ι
1415 5430 1509 5484 llis
1539 5429 1682 5483 illico
1707 5429 1952 5500 adiungit

460 5605 501 5634 ⁷⁰
529 5603 658 5660 Luc.
695 5623 834 5670 xuv,
871 5611 954 5665 l9.
1034 5612 1076 5644 "
1111 5611 1274 5666 lCor.
1299 5627 1390 5676 vn,
1416 5612 1465 5664 7.

1545 5613 1588 5643 "
1618 5612 1776 5666 Num.
1807 5628 1842 5678 i,
1886 5612 1937 5676 1,
1963 5611 2014 5664 ‘2.

2046 3527 2420 3598 ἀπογραφαῖς.

2120 3702 2331 3758 ΠΑΛΛ.
2367 3702 2478 3757 Καὶ
2507 3703 2624 3765 πῶς
2662 3700 2729 3756 ἂν
2757 3701 2966 3771 γένοιτο
2997 3702 3089 3755 καὶ
3114 3699 3273 3755 τοῦτο
3301 3698 3471 3768 σαφές
3495 3717 3510 3765 ;

2119 3881 2282 3935 ΚΥΡ.
2328 3879 2463 3933 Ἀπό
2491 3896 2555 3947 γε
2585 3878 2694 3932 τῶν
2723 3875 3145 3948 Γεγραμμένων.
3176 3875 3331 3927 Ἔστι
3359 3871 3464 3944 γὰρ
3489 3873 3622 3942 ἡμῖν

2048 3977 2108 4029 οὐ
2141 3973 2379 4047 προαλὴς
2413 3974 2443 4026 ὁ
2469 3973 2627 4042 λόγος
2647 3988 2662 4003 ο
2700 3970 2837 4043 μετά
2869 3970 2978 4041 γάρ
3009 3986 3091 4023 τοι
3122 3969 3220 4039 τὴν
3245 3967 3621 4039 ἐπαρίομησιν

2049 4067 2115 4136 ἢν
2148 4066 2241 4119 ἐπὶ
2264 4067 2374 4128 τοῖς
2410 4065 2605 4136 ἀρῤεσί
2637 4081 2697 4117 τε
2735 4063 2829 4117 καὶ
2868 4060 3255 4132 ἀκμαιοτάτοις
3286 4059 3583 4130 ἐποιήσατο
3605 4100 3618 4116 .

2049 4155 2248 4226 τρόπον
2275 4154 2406 4226 ἡμῖν
2431 4153 2616 4223 ἕτερον
2640 4150 2966 4221 ἀπογραφῆς
2988 4147 3238 4202 διετύπου
3272 4146 3432 4199 πάλιν
3459 4147 3487 4198 ό
3511 4145 3623 4197 τῶν

2049 4247 2184 4301 ὅλων
2213 4246 2365 4308 Θεός.
2400 4247 2552 4315 Ἔχει
2579 4244 2634 4296 δὲ
2657 4243 2851 4306 οὕτως·
2893 4260 2912 4293 ι
2961 4241 3219 4310 Ἐλάλησε
3253 4239 3456 4308 Κύριος
3484 4237 3622 4308 πρὸς

2049 4337 2255 4408 Μωσῆν
2299 4339 2358 4391 ἐν
2402 4339 2466 4407 τῇ
2499 4336 2694 4407 ἐρήμῳ
2718 4336 2848 4407 Σινᾷ
2877 4335 3070 4403 λέγων·
3116 4331 3442 4401 Ἐπίσκεψαι
3493 4330 3621 4392 τοὺς

2051 4431 2199 4492 υἱοὺς
2229 4428 2359 4482 Λευὶ
2391 4427 2510 4480 κατ’
2540 4426 2722 4489 οἴκους
2749 4426 2991 4495 πατριῶν
3022 4423 3221 4485 αὐτῶν,
3253 4421 3397 4475 κατά
3424 4436 3622 4488 συγγε-

2051 4517 2196 4579 νείας
2229 4513 2442 4580 αὐτῶν,
2489 4514 2630 4568 κατά
2660 4515 2884 4585 δήμους.
2921 4515 3036 4566 Πᾶν
3061 4510 3344 4580 ἀρσενικὸν
3371 4511 3479 4563 ἀπὸ
3512 4526 3620 4578 μηο

2054 4607 2226 4660 νιαίου
2256 4606 2350 4660 καὶ
2379 4605 2564 4661 ἐπάνω
2605 4605 2878 4675 ἐπισκέπ
2903 4603 3119 4666 αὐτούς.
3143 4603 3252 4656 Καὶ
3277 4601 3622 4670 ἐπεσκέψατο

2055 4697 2251 4760 αὐτοὺς
2280 4697 2310 4748 ό
2335 4695 2538 4766 Μωσῆς
2583 4695 2679 4748 καὶ
2733 4693 2939 4763 Ἀαρὼν
2971 4692 3058 4746 διὰ
3090 4691 3274 4762 φωνῆς
3307 4690 3533 4760 Κυρίου,
3562 4689 3621 4742 ὃν

2052 4787 2249 4856 τρόπον
2275 4783 2559 4848 συνέταξεν
2579 4784 2758 4846 αὐτοῖς
2780 4782 3001 4852 Κύριος.
3033 4801 3052 4834 ι
3084 4780 3386 4851 Γενομένης
3405 4780 3461 4834 δὲ
3480 4779 3622 4833 οὕτω

2051 4877 2150 4946 τῆς
2187 4877 2513 4946 ἀπογραφῆς
2555 4873 2697 4928 κατά
2736 4873 2972 4945 δήμους,
3008 4873 3099 4927 καὶ
3135 4874 3257 4926 κατ’
3291 4872 3473 4934 οἴκους
3512 4887 3619 4924 πα-

2051 4973 2237 5043 τριῶν,
2267 4956 2387 5024 ὅλον
2416 4970 2577 5032 εὐθὺς
2612 4970 2704 5021 τὸν
2737 4967 3060 5037 ἐκλογισμὸν
3099 4965 3371 5037 ἐπιφέρει,
3404 4965 3578 5032 λέγων
3601 4982 3614 4995 ·

2056 5085 2074 5116 ι
2118 5065 2277 5116 Πᾶσα
2301 5065 2336 5132 ἡ
2364 5060 2648 5132 ἐπίσκεψις
2675 5060 2782 5113 τῶν
2815 5059 2946 5113 υἱῶν
2977 5057 3129 5122 Λευὶ,
3156 5057 3249 5120 οὒς
3278 5056 3617 5125 ἐπεσκέψατο

2051 5157 2253 5225 Μωσῆς
2289 5154 2383 5208 καὶ
2421 5151 2628 5225 Ἀαρὼν
2655 5151 2742 5205 διὰ
2771 5151 2955 5221 φωνῆς
2996 5150 3200 5221 Κυρίου
3235 5149 3376 5204 κατά
3414 5148 3615 5219 δήμους

2051 5246 2248 5306 αὐτῶν,
2285 5247 2391 5298 πᾶν
2421 5243 2703 5312 ἀρσενικὸν
2731 5242 2838 5297 ἀπὸ
2872 5242 3120 5312 μηνιαίου
3154 5241 3244 5293 καὶ
3275 5240 3478 5305 ἐπάνω,
3509 5237 3618 5292 δύω

2053 5338 2145 5390 καὶ
2171 5337 2337 5388 εἴκοσι
2361 5335 2609 5406 χιλιάδες.
2625 5355 2641 5384 ι
2664 5334 3046 5389 Ἐπισυνάπτει
3063 5333 3119 5386 δὲ
3144 5332 3500 5406 παραχρῆμα,
3525 5327 3615 5382 καί

2052 5446 2204 5500 φησιο
2265 5449 2282 5479 ‹
2349 5428 2456 5481 Καὶ
2505 5425 2624 5481 εἷπε
2681 5428 2881 5497 Κύριος
2927 5428 3060 5499 πρὸς
3120 5426 3343 5495 Μωσῆν,
3399 5423 3611 5492 λέγων’

2093 5612 2154 5642 ⁷¹’
2194 5609 2353 5663 Num.
2399 5624 2494 5673 ιιι,
2536 5605 2628 5662 28.
