3954 6200
307 329 416 388 317

1049 327 1135 382 DE
1170 324 1608 384 ADORATIONE
1646 327 1714 383 IN
1747 327 2013 386 SPIRITU
2054 328 2142 385 ET
2182 331 2549 392 VERITATE.
2592 335 2718 392 LIB.
2756 336 2842 394 IV.

3444 339 3547 395 5I8

319 443 646 514 Ἑπίσκεψαι
679 443 788 497 πᾶν
815 442 1154 513 πρωτότοκον
1180 444 1348 514 ἄρσεν
1373 443 1482 497 τῶν
1505 443 1636 497 υἱῶν
1667 444 1882 516 Ἰσραὴλ

1986 455 2040 501 et
2063 450 2165 503 ait:
2202 469 2219 500 ι
2249 450 2316 504 Ει
2335 451 2552 506 locutus
2583 461 2667 506 est
2690 450 2954 506 Dominus
2986 448 3053 505 ad
3079 450 3296 522 Moysen
3318 451 3542 508 dicens:

298 535 415 589 ἀπὸ
447 535 696 606 μηνιαίου
725 534 820 588 καὶ
851 533 1034 587 ἐπάνω
1057 573 1072 597 ,
1105 535 1199 588 καὶ
1230 533 1361 587 λάϐε
1389 533 1484 588 τδν
1502 533 1740 604 ἀριθμὸν
1773 536 1875 586 αύ-

297 626 413 679 τῶν
444 624 504 690 ἐξ
533 625 796 696 ὀνόματος
824 667 840 691 ,
865 624 960 678 καὶ
989 624 1133 696 λήψῃ
1167 627 1292 689 τοὺς
1319 626 1550 689 Λευίτας
1589 625 1734 696 ἐμοὶ,
1768 624 1880 694 ἐγὼ

298 716 510 786 Κύριος
535 755 550 781 ,
583 716 706 770 ἀντὶ¹
758 717 976 772 πάντων
1021 716 1130 770 τῶν
1175 717 1535 786 πρωτοτόκων
1581 717 1689 770 τῶν
1745 715 1879 770 υἱῶν

311 807 548 879 Ἰσραὴλ,
575 809 670 862 καὶ
697 808 766 861 τὰ
786 812 954 880 κτήνη
976 807 1083 862 τῶν
1104 808 1342 862 Λευιτῶν
1372 809 1494 861 ἀντὶ
1525 808 1744 862 πάντων
1770 806 1879 860 τῶν

297 903 664 973 πρωτοτόκων
698 901 756 953 ὲν
798 902 910 963 τοῖς
934 901 1153 970 κτήνεσι
1182 898 1291 951 τῶν
1327 898 1454 952 υίῶν
1501 899 1736 970 Ἰσραήλ.
1770 898 1880 951 Καὶ

295 991 646 1061 ὲπεσκέψατο
693 989 898 1059 Μωσῆς
922 1028 938 1050 ,
984 989 1043 1041 δν
1089 988 1288 1058 τρόπον
1337 987 1639 1042 ἐνετείλατο
1676 988 1878 1062 Κύριος

296 1084 456 1154 αύτῷ
489 1084 582 1136 καὶ
611 1083 830 1151 ἐγένετο
862 1081 1039 1134 πάντα
1067 1081 1136 1134 τὰ
1168 1079 1492 1152 πρωτότοκα
1520 1079 1588 1133 τὰ
1613 1079 1879 1152 ἀρσενικὰ

295 1175 447 1228 κατά
473 1174 703 1244 ἀριθμὸν
736 1170 797 1238 ἐξ
825 1172 1089 1242 ὀνόματος
1122 1172 1232 1224 ἀπὸ
1267 1171 1520 1242 μηνιαίου
1551 1172 1646 1224 καὶ
1671 1171 1876 1237 ἐπάνω,

295 1269 368 1319 ὲκ
404 1267 504 1336 τῆς
533 1264 874 1333 ἐπισκέψεως
906 1263 1113 1329 αὐτῶν,
1151 1262 1244 1316 δύο
1289 1263 1384 1314 καὶ
1415 1261 1586 1314 εἴκοσι
1619 1261 1877 1332 χιλιάδες,

291 1360 452 1428 τρεῖς
481 1357 574 1410 καὶ
605 1355 978 1426 ἐϐδομήκοντα
1023 1354 1117 1406 καὶ
1161 1353 1444 1406 διακόσιοι.
1492 1354 1602 1406 Καὶ
1650 1351 1879 1423 ὲλάλησε

292 1449 507 1518 Κύριος
536 1447 670 1519 πρὸς
694 1446 919 1516 Μωσῆν,
948 1444 1148 1513 λέγων’
1180 1444 1328 1497 Λάϐε
1360 1445 1486 1508 τοὺς
1507 1443 1734 1507 Λευίτας
1759 1445 1880 1498 ἀντὶ

297 1537 524 1590 πάντων
558 1535 665 1588 τῶν
698 1535 1058 1606 πρωτοτόκων
1089 1533 1196 1586 τῶν
1230 1532 1362 1586 υἱῶν
1408 1533 1647 1604 Ἰσραὴλ,
1688 1533 1783 1586 καὶ
1810 1532 1881 1586 τὰ

297 1629 477 1699 κτήνη
526 1627 634 1681 τῶν
680 1617 924 1679 Λευιτῶν
959 1624 1081 1678 ἀντὶ¹
1129 1623 1235 1678 τῶν
1275 1623 1490 1694 κτηνῶν
1535 1623 1736 1689 αὐτῶν,
1786 1625 1882 1678 καὶ

295 1719 518 1771 ἔσονται
549 1717 672 1788 ἐμοὶ
693 1719 742 1770 οί
774 1717 1029 1770 Λευῖται·
1067 1713 1176 1782 ἐγὼ
1210 1714 1450 1784 Κύριος·
1497 1713 1594 1770 κα)⁸
1615 1713 1682 1768 τά
1711 1714 1880 1786 λύτρα

1979 539 2220 595 Numera
2259 557 2421 597 omne
2468 543 2895 612 primogenitum
2947 545 3253 598 masculum
3309 543 3545 600 ﬁliorum

1978 631 2146 686 Israel
2173 632 2243 687 ab
2271 649 2380 688 uno
2413 650 2602 690 mense
2627 643 2684 690 et
2713 652 2896 705 supra,
2931 646 2988 692 et
3027 637 3211 707 accipe
3252 654 3547 694 numerum

1978 735 2171 775 eorum
2193 737 2260 776 ex
2297 723 2540 788 nomine,
2575 732 2630 780 et
2683 727 2919 796 accipies
2981 727 3198 782 Levitas
3242 728 3379 782 mihi
3426 730 3548 798 (ego

1977 810 2261 884 Dominus)
2289 828 2390 882 pro
2411 814 2668 869 omnibus
2693 817 3071 887 primogenitis
3089 816 3325 872 ﬁliorum
3356 819 3544 883 Israel,

1977 907 2033 952 et
2081 901 2330 970 jumenta
2373 901 2689 957 Levitarum
2727 920 2828 974 pro
2869 906 3125 960 omnibus
3171 907 3548 977 primogenitis

1973 990 2611 1061 jumentorum'ﬁliorum
2633 996 2818 1050 Israel.
2868 997 2936 1050 Et
2967 997 3277 1051 numeravit
3312 999 3544 1070 Moyses,

1977 1083 2437 1151 quemadmodum
2469 1094 2804 1156 praeceperat
2825 1088 2876 1142 ei
2917 1088 3198 1154 Dominus,
3248 1105 3408 1145 omne
3432 1090 3546 1160 pri-

1977 1174 2315 1242 mogenitum
2340 1174 2397 1228 in
2457 1176 2587 1231 ﬁliis
2619 1177 2817 1244 Israel;
2859 1185 2914 1232 et
2937 1178 3164 1233 fuerunt
3193 1181 3378 1234 omnia
3436 1181 3549 1250 pri-

1976 1265 2255 1334 mogenita
2285 1269 2588 1324 masculina
2630 1270 2930 1324 secundum
2960 1286 3251 1325 numerum
3277 1287 3344 1325 ex
3367 1273 3545 1325 nomi-

1976 1369 2048 1409 ne
2098 1355 2167 1409 ab
2222 1372 2334 1411 uno
2407 1373 2596 1414 mense
2670 1367 2726 1414 et
2784 1375 2987 1429 supra,
3041 1376 3109 1416 ex
3169 1362 3548 1416 numerationc

1977 1459 2202 1511 eorum,
2264 1447 2457 1517 viginti
2513 1449 2624 1504 duo
2672 1450 2861 1515 millia,
2898 1459 3008 1505 tres
3065 1460 3120 1506 et
3179 1451 3545 1521 septuaginta,

1977 1539 2033 1586 et
2059 1533 2302 1588 ducenti.
2333 1535 2399 1588 Et
2422 1537 2642 1591 locutus
2679 1547 2763 1592 est
2793 1539 3057 1593 Dominus
3105 1541 3171 1594 ad
3224 1541 3444 1612 Moysen
3467 1540 3551 1596 di-

1979 1636 2147 1676 cens:
2182 1621 2381 1692 Accipe
2416 1625 2632 1680 Levitas
2659 1642 2757 1696 pro
2779 1629 3035 1683 omnibus
3075 1630 3458 1700 primogenitis
3484 1631 3550 1684 ﬁ-

1977 1712 2180 1767 liorum
2203 1713 2390 1780 Israel,
2422 1717 2738 1787 etjumenta
2777 1718 3092 1773 Levitarum
3142 1735 3243 1788 pro
3287 1721 3552 1790 jumentis

294 1808 472 1877 τριῶν
508 1807 602 1861 καὶ
631 1805 1009 1876 ἑϐδομήκοντα
1041 1804 1135 1858 καὶ
1163 1803 1452 1859 διακοσίων
1479 1803 1529 1856 σί
1562 1803 1879 1867 πλεονάζον-

1986 1817 2203 1858 eorum:
2235 1814 2292 1860 et
2329 1815 2496 1862 erunt
2519 1809 2656 1862 mihi
2678 1809 2882 1866 Levita:
2908 1811 3029 1882 (ego
3052 1812 3339 1882 Dominus)
3359 1822 3415 1869 et
3462 1826 3549 1868 re-

295 1917 397 1963 τες
435 1897 583 1969 παρά
626 1899 753 1962 τοὺς
793 1896 1025 1960 Λευίτας
1071 1895 1178 1949 ἀπὺ
1223 1895 1333 1949 τῶν
1381 1897 1739 1967 πρωτοτόκων
1769 1893 1878 1948 τῶν

296 1992 439 2044 υἱῶν
472 1989 715 2062 ἰσραήλο
748 1989 844 2043 καὶ
868 1988 1011 2060 λήψῃ
1044 1989 1206 2042 πέντε
1233 1989 1448 2052 σίκλους
1467 1989 1609 2042 κατά
1640 1987 1880 2056 κεφαλὰς

301 2080 454 2134 κατά
484 2080 544 2134 τὸ
593 2080 866 2152 δίδραχμα
896 2080 958 2133 τὸ
993 2080 1147 2148 ἀγιον
1169 2095 1182 2108 δ
1229 2077 1375 2150 λήψῃ
1426 2079 1630 2132 εἴκοσιν
1661 2077 1880 2142 ὀϐολοὺς

301 2170 402 2224 τοῦ
431 2171 610 2224 σίκλου
629 2211 645 2236 ,
670 2173 764 2225 καὶ
790 2170 982 2234 δώσεις
1005 2169 1067 2224 τὺ
1097 2167 1358 2241 ἀργύριον
1401 2168 1609 2240 ’Δαρὼν
1647 2167 1742 2222 καὶ
1769 2171 1878 2232 τοῖς

299 2262 443 2324 υἱοῖς
479 2260 642 2314 αὐτοῦ
663 2302 679 2328 ,
723 2259 895 2332 λύτρα
924 2260 1032 2314 τῶν
1077 2259 1478 2324 πλεοναζόντων
1512 2260 1572 2314 ὲν
1606 2259 1810 2324 αὐτοῖς.
1855 2277 1873 2310 ι

315 2352 406 2416 Ὧς
442 2350 576 2421 βαθὺ
617 2351 677 2405 τὸ
706 2351 896 2423 χρῆμα
927 2351 1020 2404 καὶ
1046 2350 1387 2420 δυσέφικτον,
1429 2343 1474 2402 ὧ
1507 2348 1792 2413 Παλλάδιε,
1821 2348 1882 2403 τὸ

305 2443 633 2514 προσϐαλεῖν
650 2442 931 2507 δύνασθαι,
960 2459 1033 2512 φη
1043 2442 1102 2512 μὶ
1124 2441 1189 2513 δὴ
1207 2443 1320 2506 τοῖς
1341 2434 1444 2494 ὧδε
1459 2439 1880 2510 διεσταλμένοις,

304 2535 518 2598 λεπτῶς
548 2551 606 2588 τε
637 2535 730 2588 καὶ
762 2533 1024 2606 ἀκριϐῶς.

381 2711 584 2766 ΠᾹΛΛ.
619 2706 694 2763 Εὖ
725 2709 924 2778 λέγεις·
968 2709 1147 2763 καθίει
1173 2710 1219 2763 δ’
1237 2704 1329 2762 οὖν
1356 2709 1504 2778 ὅμως
1529 2707 1618 2763 τὸν
1655 2707 1777 2761 νοῦν
1806 2708 1884 2772 είς

309 2802 566 2872 βάσανον,
600 2800 822 2873 Χριστῷ
849 2799 928 2870 τῷ
955 2801 1154 2864 παντὸς
1181 2799 1388 2869 ἀγαθοῦ
1417 2799 1605 2870 δοτῆρι
1643 2799 1880 2861 πίσυνος.

377 2977 543 3032 ΚΥΡ.
588 2976 753 3042 Σύνες
781 2977 866 3049 δὴ,
896 2978 979 3032 ὅτι
1006 2978 1066 3032 ὲν
1097 2979 1390 3050 ἀπογραφῇ
1424 2981 1491 3050 τῇ
1524 2977 1739 3049 πρώτῃ,
1777 2978 1886 3031 πᾶν

309 3069 412 3137 μὲν
449 3063 517 3138 ἦν
549 3069 738 3139 ἄρσεν,
785 3071 880 3124 καὶ⁹
907 3073 1212 3133 είκοσαετὲς
1254 3071 1315 3124 τὸ
1357 3071 1705 3142 ζητούμενον,
1734 3086 1888 3123 τουτ-

1980 1893 2325 1964 demptiones
2360 1897 2527 1952 trium
2572 1906 2629 1954 et
2679 1901 3021 1972 septuaginta
3055 1911 3111 1956 ct
3161 1901 3547 1966 ducentorum,

1979 1987 2074 2056 qui
2097 1998 2396 2057 supersunt
2424 2006 2588 2061 supra
2639 1991 2856 2046 Levitas
2880 1991 2947 2046 de
2978 1992 3362 2063 primogenitis
3413 1990 3553 2046 ﬁlio-

1981 2095 2104 2134 rum
2147 2081 2347 2149 Israel;
2376 2091 2426 2138 et
2454 2082 2689 2153 accipies
2739 2084 2983 2154 quinque
3019 2085 3184 2140 siclos
3225 2101 3323 2155 per
3367 2092 3550 2154 caput,

1975 2172 2128 2244 juxta
2157 2173 2476 2228 didrachma
2510 2183 2760 2230 sanctum
2794 2193 2807 2229 ε
2847 2177 3084 2246 accipies
3116 2177 3313 2246 viginti
3361 2177 3555 2232 obolos

1981 2282 2081 2336 per
2104 2267 2321 2333 sielum,
2352 2278 2409 2324 et
2431 2269 2589 2324 dabis
2632 2279 2921 2340 argentum
2948 2270 3129 2326 Aaron
3161 2281 3218 2326 et
3249 2273 3375 2328 ﬁliis
3411 2274 3554 2345 ejus,

1982 2356 2390 2427 redemptiones
2459 2373 2650 2412 eorum
2705 2360 2800 2429 qui
2853 2369 3148 2429 supersunt
3200 2361 3256 2414 in
3315 2362 3397 2416 eis
3440 2363 3546 2416 ⁸³³.»

1982 2446 2155 2513 Quam
2187 2449 2415 2505 minime
2463 2450 2521 2505 in
2552 2457 2814 2521 promptu
2874 2458 2978 2516 est,
3011 2451 3238 2514 Palladi,
3281 2467 3556 2523 quamque

1984 2538 2224 2606 diﬁicile,
2255 2557 2344 2596 res
2368 2550 2478 2596 tam
2507 2543 2656 2597 tenui
2681 2543 2978 2613 subtilique
3011 2543 3330 2598 discrimine
3357 2543 3555 2598 distin-

1987 2638 2102 2687 ctas
2129 2648 2290 2703 posse
2326 2633 2529 2688 intueri
2548 2637 2562 2688 ι

2057 2723 2255 2778 PALL.
2282 2724 2449 2778 Recte
2474 2723 2614 2780 dicis
2641 2742 2653 2778 :
2688 2732 2868 2779 tamen
2891 2724 3064 2795 adjice
3102 2723 3364 2791 animum,
3405 2741 3557 2795 quaa-

1988 2828 2069 2879 so,
2096 2814 2164 2869 ad
2199 2829 2292 2869 eas
2318 2830 2408 2869 res
2431 2815 2828 2884 exquirendas,
2858 2815 3080 2871 Christo
3122 2816 3394 2871 bonorum
3437 2832 3559 2872 orn-

1987 2905 2140 2960 nium
2163 2905 2353 2960 datore
2382 2906 2574 2961 fretus.

2063 2997 2223 3066 116
2251 2995 2410 3050 ΟΥΕ.
2446 2997 2835 3052 Animadverte
2888 2997 3056 3068 igitur
3116 3014 3173 3052 ιη
3240 2997 3422 3068 priore
3467 2996 3564 3052 de-

1987 3085 2282 3154 scriptione
2308 3099 2420 3138 non
2446 3083 2554 3138 nisi
2579 3085 2904 3149 masculum,
2935 3093 2993 3138 et
3036 3085 3131 3154 qui
3169 3091 3318 3139 esset
3367 3081 3560 3153 viginti

311 3161 431 3211 ἐστι
473 3159 536 3212 τὸ
561 3159 770 3231 ἔμφρον
795 3177 855 3213 τε
889 3163 983 3214 καὶ
1023 3161 1287 3232 ἀνδρεῖον,
1315 3161 1409 3214 καὶ
1447 3162 1504 3213 ὲν
1549 3161 1753 3229 ἀκμαῖς
1787 3159 1882 3213 τοῦ

1986 3189 2155 3229 annos
2209 3183 2390 3238 natus,
2446 3175 2691 3244 requiri,
2742 3175 2796 3228 id
2853 3184 2959 3240 est,
3017 3175 3113 3244 qui
3161 3184 3221 3229 et
3269 3173 3563 3244 prudentia

306 3251 565 3305 δύνασθαι
585 3251 901 3322 κατορθοῦν,
919 3252 955 3306 ἀ
981 3253 1047 3306 ἂν
1066 3252 1304 3322 βούλοιτο
1319 3252 1469 3315 Θεός.
1488 3249 1688 3321 Ἐχέτω
1699 3249 1754 3301 δὲ
1770 3249 1888 3314 ἃλις

308 3343 486 3410 ήμῖνό
509 3339 641 3412 περ)⁸
663 3340 816 3394 τοῦδε
841 3339 1019 3409 λόγος.
1049 3341 1346 3412 Πεποίηται
1373 3339 1504 3410 γὰρ,
1553 3339 1628 3402 ὡς
1673 3334 1887 3410 ἐγῷμαι

308 3432 429 3487 λίαν
462 3431 828 3504 ἀποχρώντως
875 3432 1033 3503 ἔχων.
1073 3432 1172 3485 Ἐν
1203 3448 1267 3500 γε
1301 3431 1550 3484 ταυταινὶ
1594 3434 1715 3487 ταῖν
1734 3432 1888 3486 δυαῖν

309 3525 684 3596 ἀπογραφαῖν,
719 3523 862 3577 ἀπαν
892 3523 990 3592 μὲν
1018 3521 1184 3590 ἄρσεν
1212 3522 1272 3575 τὸ
1296 3525 1361 3576 ὲκ
1392 3523 1564 3594 φυλῆς
1593 3521 1745 3586 Λευτ,
1768 3525 1890 3585 ταῖς

313 3617 484 3681 θείαις
509 3631 571 3669 τε
605 3617 698 3669 καὶ
727 3616 896 3687 ἱεραῖς
916 3615 1230 3668 ἐντάττεται
1256 3614 1479 3686 ψήφοις.
1523 3615 1654 3668 ’Λπό
1687 3631 1752 3683 γε
1788 3614 1890 3683 τῆς

315 3708 502 3778 ἑτέρας
540 3706 810 3778 πληθύος,
843 3706 1023 3760 οὐκέτι
1071 3707 1180 3760 πᾶν
1225 3706 1390 3776 ἄρσεν
1427 3705 1634 3770 ἁπλῶς,
1665 3704 1803 3758 ἀλλά
1829 3704 1890 3757 τὸ

315 3799 676 3869 πρωτότοκον,
693 3798 801 3852 ἀπὸ
819 3797 1065 3868 μηνιαίου
1085 3797 1140 3850 δὲ
1157 3797 1374 3867 σύμπαν
1387 3797 1480 3850 καὶ
1499 3799 1683 3852 ἐπάνω
1695 3798 1756 3851 τὸ
1769 3799 1890 3868 ἀρι-

319 3892 644 3962 θμούμενον.
672 3891 783 3944 Kal.
796 3893 831 3961 ἠ
861 3890 960 3960 μὲν
973 3889 1078 3943 τῶν
1093 3889 1393 3943 Λευιτικῶν
1423 3889 1636 3960 βρεφῶν
1656 3889 1889 3960 ἀπαρίθ-

323 3997 508 4050 μησις,
542 3980 637 4033 δύο
665 3980 759 4032 καὶ
781 3979 953 4033 εἴκοσι
978 3979 1215 4050 χιλιάδες
1233 3996 1246 4009 ⁸
1267 3982 1300 4050 ὴ
1326 3978 1381 4031 δὲ
1397 3978 1505 4031 τῶν
1534 3979 1892 4048 πρωτοτόκων

319 4070 410 4124 δύο
449 4072 548 4124 καὶ
590 4071 762 4123 εῖκοσι
795 4069 1036 4141 χιλιάδες
1072 4069 1169 4122 καὶ
1195 4072 1342 4140 τρεῖς
1381 4069 1476 4122 καὶ
1508 4068 1768 4137 διακόσιοι
1798 4068 1892 4122 καὶ

323 4161 710 4232 ἑϐδομήκοντα.
734 4156 868 4214 Εἶτα
892 4160 1136 4224 θεσπίζει
1163 4160 1317 4225 Θεὸς,
1347 4160 1468 4214 ἀντὶ
1487 4159 1594 4212 τῶν
1619 4159 1892 4230 πρωτοτό-

309 4270 431 4305 ,κων
450 4253 577 4315 τοὺς
598 4251 826 4314 Λευίτας
845 4250 1192 4304 ἀνατίθεσθαι
1221 4252 1350 4304 δεῖν.
1393 4250 1609 4322 Ἐπειδὴ
1637 4249 1693 4302 δὲ
1722 4250 1892 4319 ὑπερ-

323 4343 512 4414 τεροῦν
537 4344 654 4414 ἦτοι
681 4341 961 4406 πλεονάζοι
989 4341 1209 4413 ἀριθμῷ
1233 4342 1295 4394 τὸ
1326 4342 1615 4413 δημοτικὸν
1644 4341 1892 4413 εὑρίσκε-

1986 3272 2131 3320 esset
2153 3272 2210 3318 et
2236 3263 2562 3318 fortitudine
2581 3264 2843 3332 praeditus
2875 3273 2931 3318 et
2955 3264 3170 3318 viribus
3210 3263 3445 3317 maxime
3482 3260 3563 3317 vi-

1987 3361 2142 3424 geret
2171 3353 2238 3408 ad
2263 3370 2329 3410 ea
2381 3352 2733 3423 exsequenda
2770 3369 2891 3422 quae
2944 3354 3090 3408 Deus
3140 3353 3344 3407 vellet:
3378 3350 3473 3406 sed
3494 3350 3563 3407 de

1987 3443 2090 3499 hac
2119 3458 2178 3498 re
2213 3443 2509 3508 hactenus;
2550 3442 2684 3496 satis
2718 3441 2888 3505 enim,
2941 3449 3002 3494 ut
3035 3449 3190 3510 puto,
3223 3449 3307 3495 est
3343 3456 3373 3494 a
3403 3439 3565 3494 nobis

1987 3533 2215 3588 dictum.
2242 3532 2303 3587 In
2340 3533 2429 3587 his
2461 3545 2594 3585 vero
2629 3529 2846 3584 duabus
2889 3528 3360 3599 descriptionibus
3403 3543 3566 3583 omne

1987 3621 2209 3692 quidem
2236 3621 2600 3676 masculinum
2628 3638 2695 3677 ex
2722 3622 2870 3676 tribu
2898 3619 3031 3676 Levi
3053 3617 3260 3674 divinis
3287 3616 3566 3686 sacrisque

1987 3711 2260 3782 suﬁ‘ragiis
2274 3711 2567 3766 asciscitur
2583 3730 2596 3766 :
2614 3713 2684 3767 ab
2708 3713 2883 3768 altera
2906 3727 3038 3766 vero
3059 3709 3436 3772 multitudine,
3453 3723 3564 3762 non

1987 3817 2147 3856 omne
2201 3801 2562 3856 masculinum
2590 3803 2924 3872 promiscue,
2957 3799 3052 3855 sed
3093 3798 3520 3871 primogenitum
3550 3814 3563 3850 :

1988 3893 2124 3947 illud
2152 3901 2336 3948 tamen
2379 3893 2639 3947 omnibus
2669 3907 2963 3947 commune
3009 3900 3113 3954 est,
3169 3890 3316 3959 quod
3362 3889 3430 3943 ab
3457 3902 3569 3942 uno

1990 3997 2177 4037 mense
2201 3989 2258 4037 et
2274 3997 2439 4051 supra
2467 3981 2926 4036 recensentur.Ac
2951 3980 3320 4034 Leviticorum
3345 3977 3567 4046 quidem

1991 4087 2284 4142 puerorum
2297 4086 2507 4124 summa
2525 4069 2634 4124 duo
2661 4078 2717 4122 et
2741 4069 2934 4139 viginti
2958 4067 3130 4122 millia
3164 4066 3568 4136 complectitur;
3674 4064 3677 4065 ⁷

1991 4172 2047 4218 at
2091 4161 2590 4233 primogenitorum
2641 4173 2856 4213 summa
2897 4157 3006 4211 duo
3050 4164 3107 4212 et
3155 4156 3349 4227 viginti
3399 4154 3570 4209 millia

1992 4264 2105 4309 tres
2133 4253 2358 4322 insuper
2381 4260 2437 4306 et
2455 4250 2724 4304 ducentos
2756 4247 3121 4319 septuaginta.
3173 4246 3381 4301 Deinde
3414 4245 3572 4317 jubet

1992 4347 2137 4400 Deus
2173 4344 2296 4398 loco
2322 4339 2816 4414 primogenitorum
2837 4337 3056 4394 Levitas
3079 4338 3182 4393 sibi
3236 4338 3428 4394 dicari.
3465 4337 3560 4391 Ve-

323 4451 451 4497 ται,
486 4433 784 4496 διακοσίαις
836 4433 1210 4504 ἐϐδομήκοντα
1265 4433 1360 4486 καὶ
1407 4433 1555 4505 τρισὶ
1608 4433 1883 4502 κεφαλαῖς,

1995 4453 2139 4501 rum,
2176 4434 2306 4506 quia
2336 4433 2616 4504 popularis
2646 4447 2846 4487 census
2884 4444 3118 4486 numero
3160 4428 3411 4497 superior
3451 4442 3572 4482 esse

324 4524 673 4579 δεδικαίωκεν
711 4528 739 4578 ὸ
780 4526 1095 4595 νομοθέτης,
1127 4524 1589 4596 προσκομίζεσθαι
1617 4527 1729 4579 δεῖν
1752 4526 1883 4596 ὑπὲρ

2000 4527 2399 4599 reperiebatur,
2436 4524 2829 4592 abundareque
2885 4520 3158 4590 capitibus
3199 4517 3450 4572 ducentis
3489 4531 3574 4572 se-

325 4618 502 4671 αύτῶν
530 4616 600 4670 τά
623 4615 791 4687 λύτρα
811 4619 878 4688 τῇ
904 4616 1044 4688 φυλῇ
1060 4619 1125 4687 τῇ
1147 4618 1426 4686 Λευιτικῇ,
1453 4616 1528 4678 ὡς
1550 4616 1615 4670 ἂν
1634 4616 1728 4669 καὶ
1749 4616 1883 4686 ὑπὲρ

1997 4619 2275 4690 ptuaginta
2296 4617 2677 4682 tribus,sanxit
2691 4614 2826 4685 legis
2845 4613 3182 4677 conditor,ut
3207 4611 3426 4665 illorum
3455 4607 3576 4664 vice

327 4711 499 4763 αὐτῶν
527 4711 761 4764 ποιοῖντο
787 4711 884 4772 τὰς
920 4707 1258 4777 λειτουργίας
1278 4748 1292 4770 ,
1328 4709 1422 4762 καὶ
1449 4708 1769 4780 ἀναφέροιεν
1795 4709 1883 4772 τὰς

1995 4711 2171 4781 pretia
2203 4709 2269 4763 ad
2302 4709 2505 4763 tribum
2537 4706 2836 4761 chiticam
2863 4704 3232 4767 deferrentur,
3255 4711 3316 4756 ut
3338 4714 3437 4771 pro
3467 4699 3576 4754 illis

327 4800 619 4871 λατρείας,
693 4800 881 4870 μισθὸν
925 4799 1112 4869 ὥσπερ
1161 4798 1282 4851 τινὰ
1330 4797 1429 4869 τὴν
1481 4800 1883 4869 ἀπερισπάστοι

1996 4802 2178 4856 cultus
2209 4800 2427 4854 divinos
2459 4798 2805 4861 exhiberem,
2847 4804 2902 4850 et
2953 4793 3219 4848 sacriﬁcia
3269 4791 3573 4855 offerrent;

331 4891 680 4962 προσεδρείας
711 4891 918 4944 τουτονὶ
943 4891 1300 4960 κομιζόμενος
1333 4891 1460 4959 παρ’
1486 4890 1683 4944 αὐτῶν.
1710 4892 1779 4944 Ἢ
1795 4891 1883 4944 οὐκ

1997 4894 2099 4948 hac
2141 4892 2308 4948 veluti
2373 4889 2625 4946 mercede
2669 4889 2738 4943 ab
2785 4887 2894 4943 illis
2942 4893 3184 4955 accepta,
3216 4899 3325 4953 quo
3343 4883 3491 4937 nulla
3517 4897 3576 4938 re

329 4984 382 5037 ἐν
405 4984 616 5047 τούτοις
642 4983 748 5054 φὴς
769 4983 865 5053 τὴν
890 4983 997 5036 τῶν
1030 4982 1405 5053 προκειμένων
1434 4983 1712 5055 περίνοιαν
1733 5001 1748 5049 ;

1986 4985 2184 5040 divulsi
2236 4983 2610 5052 distractique,
2661 4979 2880 5035 assidue
2923 4977 3173 5048 religioni
3214 4976 3574 5032 descrvirent.

329 5079 409 5136 An
457 5078 687 5132 minime
735 5077 928 5132 fateris
983 5077 1070 5131 his
1136 5077 1322 5132 verbis
1370 5077 1617 5133 breviter
1666 5079 2128 5149 comprehensum
2149 5095 2270 5135 esse
2293 5076 2584 5148 proposita:
2603 5073 2902 5145 Scriptum
2933 5070 3194 5128 sensum?

397 5176 604 5228 nam.
633 5175 799 5244 Φημί.

2075 5176 2275 5233 PALL.
2298 5175 2519 5230 Fateor.

397 5266 562 5318 ΚΥΡ.
600 5263 812 5316 Οὐκοῦν
841 5266 1016 5317 ἐκεῖνο
1043 5264 1152 5336 ἐρῶ
1179 5283 1192 5295 ·
1223 5265 1317 5317 καί
1349 5282 1439 5336 μοι
1478 5266 1638 5320 πάλιν
1685 5269 1714 5320 ό
1741 5267 1883 5335 λόγος

2075 5267 2231 5322 CYR.
2261 5265 2402 5320 Illud
2446 5264 2612 5334 igitur
2653 5259 2792 5317 mihi
2841 5259 3139 5315 dicendum
3197 5257 3439 5318 videtur,
3475 5267 3577 5308 nec

335 5352 425 5405 οὒκ
451 5353 562 5406 ἀπὸ
592 5352 798 5406 σκοποῦ
833 5351 1116 5422 βαδιεῖται,
1149 5354 1291 5407 κατά
1317 5371 1381 5422 γε
1408 5355 1470 5408 τὸ
1498 5356 1644 5419 εἰκὸς
1677 5355 1771 5409 καὶ
1801 5357 1883 5408 οὐ)

2006 5372 2126 5411 mea
2150 5355 2323 5410 oratio
2346 5371 2374 5408 a
2401 5353 2678 5423 proposita
2711 5367 2770 5406 re
2790 5350 3111 5414 eritaliena,
3145 5357 3414 5418 quatenus
3438 5358 3574 5397 con-

332 5443 608 5508 ἀπιθάνως
648 5443 798 5515 ἔχοψ
844 5446 940 5514 ἥτε
992 5445 1090 5514 μὲν
1119 5445 1229 5516 γὰρ
1275 5445 1492 5516 ἀνδρίας
1540 5463 1599 5499 τε
1639 5443 1775 5516 ὁμοῦ
1809 5448 1883 5499 κα

2006 5454 2267 5520 gruenter
2295 5454 2462 5515 atque
2490 5443 2850 5512 probabiliter
2895 5442 3006 5497 dici
3038 5440 3208 5510 possit
3237 5453 3249 5488 :
3292 5433 3384 5488 ubi
3424 5433 3572 5520 enim

332 5539 642 5608 φρονήσεως
672 5536 773 5604 τῆς
806 5537 861 5588 ἐν
893 5535 1114 5606 Χριστῷ
1145 5537 1441 5608 νοουμένης
1471 5538 1778 5608 ἀνάμνησις
1810 5534 1878 5607 ἦν

2009 5519 2354 5592 fortitudinis
2373 5532 2533 5588 simul
2557 5540 2611 5585 et
2633 5529 2957 5601 prudentize,
2998 5543 3117 5598 quae
3153 5527 3205 5580 in
3227 5522 3446 5577 Christo
3481 5519 3568 5574 in-

333 5629 424 5682 καὶ
448 5629 524 5692 ὡς
545 5631 602 5682 ἐν
627 5629 780 5698 τύπῳ
816 5628 1062 5700 ζήτησις,
1113 5631 1464 5702 ἀπεγράφετο
1495 5630 1552 5684 τὸ
1587 5631 1772 5701 ἄρσεν,
1803 5631 1883 5684 ού)

2008 5627 2291 5697 tclligitur,
2316 5624 2521 5678 mentio
2545 5620 2931 5688 ﬁebat,atque,
2967 5626 3021 5672 ut
3047 5619 3101 5671 in
3127 5617 3317 5688 ﬁgura,
3349 5611 3576 5684 quaestio

333 5744 378 5777 "
400 5745 560 5800 Num.
596 5759 675 5808 Ill,
702 5742 766 5796 ιο
795 5757 941 5814 seqq.
