3954 6200
389 264 494 324 διο

1373 271 1428 326 S.
1468 271 1742 328 CYRILLI
1780 272 2248 328 ALEXANDRINI
2282 268 2598 330 ARCHIEP.

3526 273 3624 329 3&9

389 397 530 450 erat,
583 393 697 449 tum
754 386 1167 442 dcscribebatur
1213 388 1551 444 masculinus
1610 405 1775 446 sexus
1806 431 1820 456 ,
1866 390 1959 460 qui

2067 390 2240 462 ἀφανῆ
2280 389 2377 463 τὴν
2418 390 2511 444 τοῦ
2561 389 2810 462 σώματος
2860 389 3072 459 ἡλικίαν
3105 389 3249 460 ἔχον.
3309 389 3528 460 Ἐπειδὴ
3567 393 3623 447 δὲ

392 477 538 532 haud
563 477 838 532 imbecilla
860 485 1005 532 esset
1029 479 1277 548 corporis
1311 487 1493 535 aetate.
1527 479 1634 535 Sed
1660 483 1790 552 quia
1820 497 1959 552 pra:-

393 577 542 624 terea
576 584 715 638 opus
738 576 858 623 erat
881 568 1030 622 illam
1055 584 1274 640 quoque
1337 569 1787 641 descriptionem,
1838 586 1960 642 qua:

393 675 489 728 per
512 660 670 712 ﬁdem
695 668 752 713 et
779 659 1102 716 charitatem
1129 661 1184 714 in
1209 660 1489 716 Christum
1523 662 1603 727 ﬁt,
1656 671 1842 732 aperte
1881 663 1958 717 si-

393 747 660 818 gniﬁcari,
695 747 856 802 simul
891 750 1294 819 comprehenso
1320 751 1414 805 illo
1443 750 1787 818 discrimine,
1808 753 1957 823 quod

393 841 448 892 in
476 839 544 892 iis
575 838 668 907 qui
719 839 955 893 credunt
998 841 1347 911 perspicitur,
1383 858 1451 897 ex
1501 843 1702 912 quibus
1755 841 1848 897 alii
1876 844 1958 899 εἰ·-

392 931 505 984 mul
556 939 719 1001 atque
764 930 927 985 ﬁdem
965 939 1318 1001 acceperunt,
1365 933 1536 988 sacris
1585 933 1847 1004 operibus
1895 949 1959 992 ac

392 1021 486 1076 Dei
519 1022 799 1093 obsequiis
839 1023 1182 1088 incumbunt,
1215 1023 1308 1077 alii
1341 1039 1398 1079 se
1424 1040 1535 1092 non
1576 1023 1817 1095 integros
1845 1024 1959 1088 Deo

390 1111 596 1178 dicant,
638 1115 732 1168 sed
761 1114 923 1169 divisi
948 1123 1095 1179 sunt,
1123 1130 1188 1170 ac
1209 1115 1292 1169 sui
1326 1122 1538 1185 partem
1585 1117 1752 1182 rebus
1794 1132 1962 1172 seacu-

392 1203 604 1258 laribus
643 1204 931 1269 tribuunt;
976 1220 1040 1259 ea
1100 1205 1169 1260 de
1219 1221 1384 1260 causa
1410 1207 1533 1276 jure
1584 1207 1793 1276 optimo
1827 1207 1963 1278 legis

392 1294 644 1349 conditor
666 1311 880 1350 sacrum
906 1295 1040 1350 illud
1067 1296 1351 1358 hominum
1377 1297 1699 1363 discrimen,
1725 1298 1873 1367 quod
1905 1299 1963 1356 in

391 1402 594 1456 genere
628 1386 872 1442 Levitico
903 1396 1161 1458 tanquam
1201 1389 1256 1442 in
1284 1389 1457 1460 ﬁgura
1506 1390 1852 1460 intelligitur,
1903 1400 1964 1446 ut

392 1478 550 1532 alteri
593 1479 949 1544 anteferatur,
977 1479 1178 1549 jussit;
1205 1479 1556 1549 primumque
1590 1480 1771 1534 locum
1799 1488 1860 1534 ut
1907 1463 1964 1552 in

391 1569 756 1638 descriptione
787 1578 986 1634 teneat,
1009 1569 1436 1641 imperavit.Hac
1459 1570 1527 1625 de
1543 1586 1706 1626 causa
1725 1571 1963 1644 primum

394 1658 623 1713 Levitici
665 1661 884 1730 generis
914 1661 1249 1716 mentionem
1274 1661 1422 1716 fecit.
1466 1661 1728 1730 Sequitur
1754 1671 1962 1725 autem,

2066 480 2202 551 πρὸς
2213 478 2422 543 τούτοις
2447 479 2614 552 ἐχρῆν
2642 480 2736 534 καὶ
2758 479 2854 551 τὴν
2877 479 2951 544 ὡς
2972 481 3028 533 ὲν
3043 480 3222 533 πίστει
3251 496 3308 533 τε
3331 480 3423 532 καὶ
3443 481 3628 556 ἀγάπῃ

2065 571 2133 640 τῇ
2183 571 2263 634 εἰς
2297 569 2528 639 Χριστὸν
2561 568 2858 640 γενομένην
2891 569 3218 640 ἀπογραφὴν
3261 563 3320 623 εὖ
3353 569 3498 640 μάλα
3529 586 3627 622 κα-

2062 679 2200 732 ταση
2209 660 2511 732 μαίνεσθαι,
2528 661 3022 733 συμπεπλεγμένης
3032 661 3310 732 διαφορᾶς,
3327 663 3393 732 ἢν
3405 662 3481 725 ὡς
3496 661 3552 715 ἐν
3573 677 3626 731 γε

2063 760 2175 820 τοῖς
2227 756 2574 811 πιστεύουσιν
2605 756 2751 809 ἐστιν
2800 757 2946 811 ἰδεῖν.
2985 758 3046 811 Ol
3081 757 3176 828 μὲν
3215 757 3344 828 γάρ,
3375 759 3511 826 ὁμοῦ
3553 757 3628 826 τῷ

2067 845 2465 918 παραδέχεσθαι
2492 847 2590 916 τὴν
2618 846 2816 910 πίστιν,
2846 848 2938 900 καὶ
2961 847 3020 899 τὸ
3048 847 3105 900 ὲν
3129 847 3308 916 ἔργοις
3344 847 3510 917 ἱερὸν,
3539 848 3631 899 καὶ

2063 935 2161 1006 τὴν
2213 936 2317 988 ὑπὸ
2358 935 2477 1006 Θεῷ
2521 935 2762 990 δουλείαν
2815 936 3264 1007 ἐπιτηδεύουσιν’
3321 938 3369 989 οἱ
3426 937 3485 990 δὲ
3532 938 3630 1007 οὐχ
3696 920 3702 925 ’

2061 1026 2352 1098 ὁλόκληρον
2396 1026 2671 1080 ποιοῦνται
2720 1027 2819 1098 τὴν
2864 1027 3200 1099 ἀφιέρωσιν,
3243 1027 3632 1099 μεμερισμένοι

2065 1117 2201 1188 πρὸς
2233 1117 2301 1170 τὰ
2350 1119 2408 1172 ὲν
2457 1119 2644 1189 κόσμῳ
2670 1135 2684 1149 ο
2713 1117 2887 1191 ταύτῃ
2912 1136 2994 1172 τοι
3027 1119 3250 1181 δικαίως
3283 1121 3311 1170 6
3337 1118 3632 1189 νομοθέτης

2066 1191 2436 1278 προτιμᾶσθαι
2465 1207 2692 1279 θατέρου
2743 1208 2952 1262 κελεύει
2981 1208 3040 1261 τὸ
3078 1207 3242 1278 ἱερὸν,
3277 1209 3352 1272 ὼς
3394 1211 3451 1279 εν
3477 1209 3634 1278 τύπῳ

2065 1298 2354 1368 νοούμενον
2381 1298 2530 1368 γένει
2558 1298 2637 1370 τῷ
2663 1297 2965 1370 Λευιτικῷ·
2997 1300 3088 1352 καὶ
3117 1299 3205 1354 τὸν
3243 1299 3456 1370 πρῶτον
3489 1299 3634 1370 ἔχειν

2064 1391 2121 1444 ἐν
2155 1391 2469 1462 ἀπογραφῇ,
2503 1389 2836 1463 προστέταχε
2865 1390 3046 1443 τόπον.
3076 1389 3299 1462 Πρώτου
3332 1391 3395 1460 δὴ
3420 1388 3514 1443 οὖν
3546 1391 3638 1444 διὰ

2065 1479 2220 1533 τοῦτο
2257 1479 2584 1550 μνημονεύει
2612 1478 2705 1553 τοῦ
2730 1477 3036 1552 Λευιτικοῦ,
3063 1479 3255 1532 ἕπεται
3285 1479 3341 1548 δὲ
3371 1479 3519 1549 αύτῷ
3541 1481 3640 1532 καί¹

2067 1568 2433 1640 παρέζευκταί
2477 1586 2594 1633 πως
2617 1609 2632 1635 ,
2661 1568 2722 1622 τὸ
2749 1570 2912 1642 ἄρσεν
2938 1587 2997 1640 τε
3031 1569 3124 1622 καὶ
3167 1569 3226 1622 τὸ
3255 1569 3599 1640 πρωτότοκον
3620 1608 3636 1624 .

2079 1660 2459 1737 Ἑκτετίμηται
2492 1660 2602 1734 γὰρ
2632 1659 2783 1734 παρὰ
2810 1659 2927 1734 Θεῷ
2953 1658 3092 1733 λίαν,
3111 1660 3185 1728 ,τὸ
3223 1660 3298 1732 ὡς
3330 1661 3388 1730 ὲν
3415 1661 3641 1731 ἀνδρείᾳ

396 1749 585 1826 illique
619 1751 875 1821 adjuncta
904 1760 989 1806 est
1040 1753 1410 1808 masculorum
1449 1769 1511 1808 ac
1571 1753 1962 1824 primogenito-

2069 1753 2134 1822 τῇ
2189 1753 2530 1825 πνευματικῇ
2581 1752 2676 1824 καὶ
2729 1755 2787 1824 ἐν
2839 1751 3162 1824 συμμοριρίᾳ
3206 1753 3514 1823 νοούμενον,
3566 1755 3640 1822 τῇ

394 1857 517 1895 rum
547 1842 816 1896 recensio.
858 1845 1015 1914 117
1045 1845 1263 1900 Etenim
1293 1844 1349 1898 in
1386 1845 1566 1914 pretio
1612 1844 1757 1913 apud
1789 1845 1964 1900 Deum

391 1935 628 1988 estillud
661 1934 945 1988 hominum
977 1952 1170 2005 genus,
1193 1924 1353 2006 quod
1401 1946 1658 2006 tanquam
1691 1937 1964 2007 spirituali

394 2026 714 2080 fortitudine
744 2027 1054 2096 praeditum,
1085 2036 1140 2082 et
1169 2026 1412 2092 Christo,
1438 2029 1530 2099 qui
1577 2036 1663 2083 est
1687 2029 1962 2100 primoge-

393 2118 562 2182 nitus,
590 2117 870 2172 conforme
900 2127 1196 2188 spectatur.
1225 2119 1412 2191 Itaque
1438 2119 1629 2174 beatus
1671 2119 1873 2174 Paulus
1897 2118 1964 2176 ad

391 2209 681 2278 quosdam,
709 2210 800 2280 qui
830 2209 1204 2264 claudicarent
1225 2202 1370 2266 circa
1401 2209 1584 2277 ﬁdem,
1613 2219 1670 2282 et
1719 2212 1774 2265 in
1810 2211 1964 2283 frigi-

393 2301 491 2356 das
516 2301 807 2370 Opiniones
853 2301 1154 2356 effeminati
1206 2311 1412 2367 essent,
1463 2302 1688 2372 scribit:
1736 2322 1753 2353 ‹
1785 2303 1964 2365 Filioli

393 2393 521 2456 mei,
548 2409 684 2462 quos
707 2393 904 2448 iterum
933 2394 1203 2462 parturio,
1258 2394 1436 2448 donec
1484 2392 1755 2458 formetur
1799 2375 1964 2452 Chri¥

390 2494 508 2539 stus
545 2485 600 2538 in
623 2484 881 2539 vobis'".
907 2503 924 2536 ι
955 2484 1281 2540 Admittitur
1303 2499 1435 2554 ergo
1487 2483 1545 2538 in
1583 2484 1681 2538 Dei
1733 2483 1961 2550 librant,

389 2572 644 2642 quisquis
687 2573 1085 2643 primogenitus
1143 2573 1327 2639 fuerit,
1381 2581 1444 2627 ut
1489 2572 1584 2643 qui
1633 2573 1704 2626 sit
1744 2561 1964 2636 Christo

391 2661 689 2715 conformis
723 2679 734 2713 :
783 2662 1058 2716 masculus
1091 2661 1222 2717 item
1271 2671 1327 2733 et
1361 2662 1652 2734 prudentia
1712 2671 1959 2734 ornatus.

391 2753 526 2806 lllud
551 2768 683 2807 vero
713 2752 1114 2808 animadvertas
1129 2753 1313 2818 velim,
1342 2754 1411 2808 ab
1457 2755 1581 2820 aliis
1611 2754 1834 2824 quidem
1864 2755 1964 2810 tri-

390 2845 594 2909 bubus,
635 2855 696 2900 ut
720 2845 882 2899 modo
916 2845 1052 2910 dixi,
1078 2861 1191 2899 non
1217 2860 1436 2900 omnem
1475 2846 1777 2902 masculum
1812 2846 1964 2912 nullo

391 2934 706 2990 discrimine
734 2934 1141 3000 recenseri,sed
1165 2935 1340 2989 solum
1366 2935 1792 3006 primogenitum
1821 2952 1833 2988 :
1863 2950 1962 2990 ne-

391 3042 498 3095 que
550 3024 697 3079 enim
742 3039 933 3080 omnes
987 3025 1239 3079 homines
1278 3025 1383 3079 ﬁde
1438 3026 1679 3096 insignes
1710 3036 1856 3090 sunt,
1907 3035 1964 3086 et

2067 1841 2208 1912 κατά
2239 1842 2493 1913 Χριστὸν,
2537 1835 2595 1905 ὃς
2623 1845 2738 1916 ἐστι
2763 1844 3129 1914 πρωτότοκος,
3168 1844 3277 1914 Καὶ
3308 1843 3439 1912 γοῦν
3467 1847 3494 1898 6
3520 1844 3646 1896 θεσ-

2065 1931 2251 1994 πέσιος
2281 1931 2492 2000 Παῦλος
2519 1933 2821 2006 ἐπιστέλλει
2851 1934 2961 2007 τισὶ
2992 1933 3101 1987 τῶν
3139 1931 3474 2006 ὀκλαζόντων
3507 1934 3642 2006 περὶ

2064 2022 2165 2092 τὴν
2199 2022 2402 2100 πίστιν,
2426 2024 2517 2086 καὶ
2544 2025 2622 2096 είς
2645 2024 2854 2094 ἐννοίας
2877 2025 3088 2098 ψυχρὰς
3120 2025 3634 2097 ὲκτεθηλυμμὲνωνο

2071 2133 2092 2170 α
2132 2115 2328 2173 Τεκνία
2377 2131 2500 2194 μου,
2545 2113 2638 2188 ob;
2673 2116 2833 2188 πάλιν
2858 2101 3062 2186 ὠδίνω,
3091 2117 3247 2196 ἄχρις
3276 2113 3336 2172 οὗ
3377 2118 3642 2188 μορφωθῇ

2065 2207 2300 2280 Χριστὸς
2329 2209 2388 2262 ὲν
2417 2208 2562 2279 ὑμῖν.
2597 2227 2616 2261 ι
2643 2209 2840 2280 Δεκτὸς
2865 2205 2956 2264 οὖν
2977 2211 3084 2280 ἀρα
3105 2213 3198 2262 καὶ
3227 2212 3284 2263 ὲν
3314 2209 3481 2278 βίϐλῳ
3501 2207 3644 2261 Θεοῦ

2067 2300 2196 2376 πᾶς,
2220 2301 2248 2352 6
2274 2298 2348 2362 ὡς
2364 2301 2422 2373 ἐν
2459 2298 2734 2374 μορφῴσει
2761 2303 2828 2372 τῇ
2853 2300 2993 2368 κατά
3012 2299 3242 2372 Χριστὸν
3273 2299 3642 2371 πρωτότοκος,

2066 2391 2240 2462 ἄρσην
2262 2407 2322 2443 τε
2355 2391 2446 2444 καὶ
2474 2390 2930 2463 ἐμφρονέστατος.
2973 2393 3252 2463 Ἐπιτήρει
3281 2391 3335 2444 δὲ
3359 2392 3439 2443 ὅτι
3470 2389 3641 2443 καθά-

2067 2497 2172 2551 περ
2212 2479 2348 2550 ἐφην
2379 2481 2599 2550 ἀρτίως,
2638 2482 2746 2535 ἀπὸ
2779 2482 2878 2552 μὲν
2905 2482 3014 2536 τῶν
3054 2481 3408 2552 ἑτεροφύλων,
3437 2481 3496 2534 ού
3529 2482 3642 2534 πᾶν

2065 2572 2230 2644 ἄρσεν
2260 2573 2443 2638 ἀπλῶς
2471 2574 2806 2644 ἐναρίθμιον,
2835 2574 2970 2628 ἀλλὰ
2992 2575 3152 2644 μόνον
3183 2575 3243 2627 τὸ
3271 2574 3635 2646 πρωτότοκον·

2065 2663 2124 2716 ού
2155 2662 2262 2734 γάρ
2290 2681 2372 2716 τοι
2410 2664 2516 2726 πᾶς
2549 2663 2834 2732 ἄνθρωπος
2879 2665 2937 2716 ὲν
2967 2664 3148 2717 πίστει
3177 2664 3509 2734 διαπρεπὴς,
3541 2665 3640 2716 καὶ

2065 2755 2123 2806 ὲν
2156 2755 2476 2825 συμμορφίᾳ
2514 2757 2582 2825 τῇ
2624 2755 2768 2808 κατὰ
2801 2755 3055 2826 Χριστὸν,
3094 2756 3280 2810 πολλοὶ
3329 2757 3436 2824 γὰρ
3464 2757 3514 2808 οἱ
3561 2757 3640 2826 μὴ

2066 2843 2481 2909 πιστεύσαντες,
2519 2843 2868 2915 ἀνάγραπτον
2900 2845 2958 2897 δὲ
2995 2841 3089 2898 καῖ
3118 2831 3175 2898 ὲν
3205 2845 3422 2916 ἀριθμῷ
3479 2846 3641 2916 μόνον

2063 2932 2179 2986 ἐστὶ
2193 2931 2250 2985 τὸ
2266 2932 2626 3002 πρωτότοκον,
2646 2932 2734 2986 διὰ
2749 2931 2838 2986 τὸν
2853 2934 2911 2985 ὲν
2927 2935 2960 3003 ὴ
2971 2936 3059 3003 μῖν
3077 2933 3438 3003 πρωτότοκον,
3461 2935 3556 2987 καὶ
3579 2936 3638 2986 ὲν

2065 3021 2280 3094 πολλοῖς
2303 3021 2571 3091 ἀδελφοῖς.
2600 3023 2779 3092 ’ᾊπαν
2803 3023 2858 3075 δὲ
2881 3023 3044 3094 ἄρσεν
3073 3023 3257 3085 ἁπλῶς
3283 3025 3374 3078 καὶ
3395 3024 3644 3094 ἀδιακρί-

390 3115 611 3170 Christo
642 3115 984 3184 conformcs;
1049 3125 1178 3188 sunt
1207 3117 1354 3171 enim
1380 3117 1632 3187 plerique
1675 3117 1957 3184 infideles:

2067 3131 2172 3178 τως
2205 3093 2263 3166 ἔν
2296 3129 2357 3180 γε
2385 3116 2497 3177 τοῖς
2531 3115 2834 3180 Λευιτικοῖς
2865 3115 2922 3166 ὲν
2948 3115 3240 3184 ἀπογραφῇ
3272 3114 3365 3167 καὶ
3403 3114 3460 3167 ἐν
3488 3093 3643 3168 ἐκλο-

393 3205 488 3260 sed
527 3205 616 3259 ille
673 3205 1007 3261 describitur
1058 3208 1236 3262 solum
1267 3216 1432 3279 atque
1480 3217 1825 3272 numeratur,
1867 3208 1963 3280 qui

393 3296 794 3366 primogenitus
815 3297 1001 3362 fuerit,
1028 3305 1252 3368 propter
1289 3315 1437 3363 eum,
1472 3299 1565 3368 qui
1609 3298 1666 3354 in
1713 3291 1966 3362 nobisin

391 3384 686 3456 multisque
709 3386 974 3443 fratribus
994 3388 1400 3460 Primogenitus
1424 3397 1508 3444 est
1532 3389 1598 3442 ⁷⁸.
1651 3389 1721 3444 At
1748 3405 1881 3444 vero
1909 3391 1964 3452 in

394 3477 707 3532 Levitarum
757 3493 925 3536 censu
969 3495 1132 3535 omne
1193 3481 1559 3536 masculinum
1613 3481 1960 3550 promiscue,

391 3568 542 3621 nullo
575 3569 788 3623 delectu
814 3569 868 3623 in
903 3569 1310 3641 descriptiones
1333 3571 1598 3634 refertur,
1625 3579 1682 3625 et
1707 3571 1763 3626 in
1813 3587 1966 3628 sum-

393 3673 536 3711 mam
580 3658 888 3728 colligitur:
914 3675 1064 3724 nam,
1115 3661 1263 3730 quod
1308 3671 1560 3721 sanctum
1587 3670 1692 3728 est,
1725 3663 1781 3717 id
1818 3663 1966 3718 omni

391 3769 458 3808 cx
489 3762 643 3824 parte
685 3761 769 3810 est
816 3755 930 3809 Deo
955 3761 1268 3824 cognatum.
1293 3754 1376 3810 Ab
1401 3771 1512 3824 uno
1536 3771 1670 3810 vero
1695 3771 1883 3810 mense
1912 3762 1968 3809 et

393 3859 562 3915 supra
591 3843 980 3899 describuntur
1024 3846 1296 3917 :ejusque
1347 3845 1426 3900 rei
1472 3861 1724 3916 quanam
1781 3845 1967 3901 aﬁ‘erri

393 3937 532 3991 ratio
559 3938 774 4006 potest?
800 3937 878 3992 Ea
904 3953 1122 4008 nempe,
1159 3939 1306 4008 quod
1327 3938 1418 3994 illa
1445 3937 1687 3995 ﬁdelium
1712 3940 1769 3994 in
1808 3939 1968 3995 Chri-

391 4034 476 4082 sto
500 4027 726 4082 infantia
753 4027 978 4083 minime
1007 4044 1040 4082 a
1073 4029 1183 4083 Deo
1207 4030 1494 4100 rejicitur;
1545 4047 1671 4085 nam
1713 4031 1807 4086 illa
1833 4039 1964 4086 tnta-

393 4117 463 4171 tis
501 4118 769 4188 exiguitas
796 4119 965 4176 veluti
991 4126 1120 4174 nota
1159 4128 1242 4176 est
1290 4121 1438 4178 illius
1484 4121 1540 4180 in
1585 4121 1806 4178 Christo
1836 4122 1966 4177 sim-

390 4210 652 4280 plicitatis
675 4225 740 4265 ac
755 4212 1058 4281 spiritualis
1089 4211 1350 4269 infantiae.
1377 4213 1449 4269 Ut
1473 4215 1619 4269 enim
1646 4214 1965 4284 dicebamus

393 4309 646 4370 tanquam
672 4315 884 4368 eorum,
928 4304 1022 4374 qui
1057 4310 1241 4376 essent
1271 4305 1342 4359 ad
1380 4319 1614 4376 pugnam
1662 4303 1962 4373 promptis-

2065 3205 2284 3276 γισμοῖς
2304 3218 2318 3232 ’
2353 3201 2474 3273 Θεῷ
2505 3202 2613 3274 γὰρ
2641 3204 2839 3255 οἰκεῖον
2870 3202 3177 3274 ὁλοκλήρως
3217 3203 3274 3256 τὸ
3305 3204 3479 3270 ἅγιον.
3515 3205 3640 3273 Μη-

2066 3296 2209 3366 νιαῖα
2224 3292 2282 3345 δὲ
2314 3293 2405 3345 καὶ
2433 3291 2616 3358 ἐπάνω
2635 3291 2703 3344 τὰ
2733 3292 3184 3363 ἀπογραφόμενα·
3218 3293 3309 3345 καὶ
3335 3293 3417 3356 τίς
3453 3295 3487 3363 ὴ
3511 3294 3645 3362 πρό-

2068 3399 2268 3457 φασις;
2307 3384 2429 3452 Ὅτι
2450 3383 2557 3435 τῶν
2587 3383 3028 3450 πεπιστευκότων
3058 3385 3091 3452 ἡ
3119 3384 3177 3436 ὲν
3198 3383 3417 3454 Χριστῷ
3448 3384 3642 3453 νηπιό-

2066 3492 2194 3544 της,
2229 3475 2327 3527 οὐκ
2357 3473 2660 3544 ἀπόϐλητος
2699 3473 2852 3544 παρά
2879 3474 3018 3544 Θεῷ,
3060 3474 3328 3544 σύμϐολος
3366 3476 3423 3528 δὲ
3453 3476 3643 3547 ὥσπερ

2066 3569 2167 3637 τῆς
2202 3566 2503 3637 ἁπλότητος
2531 3565 2632 3635 τῆς
2661 3565 2720 3617 ὲν
2751 3565 2994 3636 Χριστῷ,
3025 3566 3118 3632 καὶ
3149 3567 3522 3637 πνευματικῆς
3548 3585 3644 3635 νη-

2068 3658 2340 3727 πιότητος,
2372 3657 2430 3710 τδ
2466 3657 2564 3727 τῆς
2601 3655 2816 3728 ἡλικίας
2837 3657 3028 3726 κομιδῆ
3059 3656 3252 3728 βραχύ.
3293 3659 3504 3734 Ὠσπερ
3532 3658 3642 3726 γὰρ

2069 3750 2326 3819 ἐλέγομεν
2371 3749 2444 3812 ὡς
2485 3749 2543 3802 ὲν
2590 3751 2700 3812 τοῖς
2750 3747 3162 3819 μαχιμωτάτοις
3185 3787 3201 3812 ,
3234 3749 3409 3811 καλῶς
3451 3765 3509 3800 τε
3545 3735 3642 3801 καὶ

2069 3843 2385 3914 ἀμωμήτως
2411 3841 2736 3912 γεγενῆσθαι
2772 3841 2870 3912 τὴν
2898 3841 3221 3912 ἀπογραφὴν
3251 3841 3358 3894 ἀπὸ
3393 3841 3640 3893 εἰκοσαε-

2067 3935 2194 3996 τοῦς
2219 3934 2314 3988 καὶ
2335 3921 2540 3998 ὲπάνω,
2571 3932 2714 3986 οὕτω
2738 3932 2937 4002 φαμὲν,
2971 3934 3055 3985 ὅτι
3083 3933 3183 4002 τῆς
3205 3933 3264 3985 ὲν
3291 3931 3510 4003 Χριστῷ
3541 3949 3638 4000 νην

2068 4025 2320 4096 πιότητος
2345 4063 2360 4088 ,
2399 4026 2624 4095 σημεῖον
2657 4024 2722 4077 ἂν
2752 4023 2959 4091 γένοιτο
2997 4023 3199 4093 σαφὲς,
3227 4025 3256 4076 6
3289 4024 3353 4076 ὲκ
3385 4023 3636 4093 μηνιαίου

2065 4117 2275 4188 καιρός.
2306 4114 2580 4169 Τοιουτονὶ
2606 4114 2664 4168 δὲ
2682 4115 2777 4166 καὶ⁸
2803 4115 2832 4166 6
2862 4113 3073 4178 Παῦλός
3099 4130 3284 4184 φησιν·
3313 4133 3330 4165 ι
3370 4113 3638 4180 Ἀδελφοὶ,

2070 4207 2144 4278 μὴ
2165 4206 2354 4260 παιδία
2387 4203 2600 4273 γίνεσθε
2625 4206 2742 4268 ταῖς
2767 4205 2980 4274 φρεσὶν,
3005 4204 3142 4257 ἀλλὰ
3163 4208 3226 4274 τῇ
3252 4205 3420 4276 κακία
3450 4204 3642 4274 νηπιά-

2067 4297 2215 4360 ζετε·
2252 4297 2368 4358 ταῖς
2393 4294 2450 4346 δὲ
2483 4293 2692 4364 φρεσὶν,
2719 4294 2914 4347 τέλειοι
2946 4295 3180 4363 γίνεσθε.
3215 4314 3233 4345 ι

389 4397 512 4452 simi
541 4405 688 4454 recte
716 4408 878 4470 atque
915 4400 1123 4466 ratione
1145 4401 1342 4454 factam
1371 4414 1491 4454 esse
1524 4397 1950 4467 descriptionem
1979 4409 2009 4448 a
2032 4390 2291 4462 vigesimo
2338 4404 2482 4455 anno
2532 4396 2587 4444 et
2617 4403 2803 4457 supra,
2859 4389 2940 4443 sic
2996 4389 3230 4450 dicimus
3269 4390 3400 4447 illud
3435 4389 3640 4446 mensis

319 4503 322 4506 ·
390 4491 554 4546 unius
591 4500 826 4562 tempus,
872 4494 1019 4549 illius
1056 4495 1111 4548 in
1162 4493 1384 4548 Christo
1437 4491 1678 4559 infantiae
1731 4491 1946 4562 signum
1981 4503 2103 4544 esse
2160 4484 2531 4554 perspicuum.
2562 4484 2692 4540 Tale
2750 4483 3010 4553 quiddam
3067 4488 3232 4542 etiam
3265 4489 3458 4542 beatus
3501 4489 3640 4541 Pau—

390 4580 476 4637 lus
499 4583 574 4637 ait
602 4601 614 4636 :
648 4585 922 4648 «Fratres,
952 4585 1120 4639 nolite
1153 4585 1309 4654 pueri
1353 4582 1492 4638 elIici
1540 4585 1816 4650 sensibus,
1852 4584 1947 4640 sed
1990 4580 2198 4636 malitia
2223 4578 2434 4648 parvuli
2467 4586 2667 4642 estote,
2701 4577 2958 4632 sensibus
3016 4589 3201 4635 autem
3264 4581 3494 4652 perfecti
3518 4582 3585 4634 ⁷⁸.
3607 4598 3628 4630 ι

461 4675 656 4730 PALL.
694 4676 786 4731 Sic
812 4677 978 4747 igitur
1000 4676 1107 4731 erit
1131 4676 1294 4730 nobis
1337 4676 1784 4744 existimandum,
1832 4694 1961 4748 par-

2138 4671 2341 4724 ΠΑΛΛ.
2377 4669 2685 4740 Οίησόμεθα
2726 4668 2789 4738 δὴ
2828 4663 2943 4732 οὖν,
2980 4669 3054 4732 ὡς
3086 4671 3498 4741 συμμεθέξομεν
3523 4673 3634 4733 τοῖς

389 4767 584 4837 ticipes
612 4784 713 4824 nos
735 4768 949 4823 futuros
970 4783 1160 4824 eorum
1200 4782 1322 4838 quae
1343 4769 1516 4830 sancti
1550 4770 1655 4826 viri
1673 4785 1773 4827 suo
1803 4771 1960 4841 quis-

2067 4761 2271 4830 ἁγίοις,
2333 4754 2517 4830 ὦνπερ
2561 4761 2627 4814 ἂν
2672 4760 2859 4822 αὐτοὶ,
2899 4763 3019 4823 ταῖς
3051 4778 3115 4828 γε
3161 4761 3226 4832 δὴ
3259 4763 3410 4832 σφῶν
3455 4760 3634 4815 αὐτῶν

387 4876 495 4929 que
521 4861 766 4928 periculo
782 4861 1018 4916 feliciter
1039 4860 1328 4930 gesserint,
1366 4862 1423 4921 in
1442 4878 1510 4918 eo
1547 4864 1696 4932 quod
1719 4865 1869 4925 viros
1899 4879 1958 4919 se

2067 4852 2466 4924 κατορθώσειαν
2497 4852 2562 4906 ἂν
2595 4853 2886 4921 κεφαλαῖς,
2919 4853 3296 4924 ἀνδριζόμενοι
3325 4870 3384 4907 τε
3424 4854 3516 4907 καὶ
3545 4852 3632 4904 :6-

391 4949 768 5018 prmstiterint,
819 4966 1144 5021 summoque
1189 4952 1376 5021 studio
1401 4955 1670 5020 curarint,
1735 4963 1796 5010 ut
1838 4955 1958 5010 lau-

389 5036 513 5089 dem
538 5039 738 5092 mereri
764 5049 1006 5109 possent.

457 5124 614 5180 CYR.
650 5126 879 5182 Maxime
907 5143 1040 5183 vero
1079 5145 1090 5181 :
1128 5128 1379 5198 quamvis
1425 5129 1573 5204 enim
1623 5143 1811 5183 revera
1853 5127 1955 5198 ipsi

388 5217 590 5274 divinis
612 5218 760 5288 pleni
785 5227 913 5272 sunt
935 5220 1302 5292 charismatis,
1341 5219 1731 5288 laboribusque
1771 5234 1834 5272 ac
1864 5234 1955 5282 su-

389 5305 616 5374 doribus
637 5307 741 5368 hoc
767 5306 971 5380 donum
1009 5310 1374 5380 perceperint,
1409 5307 1728 5377 inﬁnitaque
1778 5317 1955 5362 certa-

392 5398 539 5453 mina
565 5399 947 5469 pcrcurrcrint
975 5417 989 5465 ;
1038 5408 1216 5474 tamen
1329 5414 1430 5454 nos
1463 5415 1681 5468 quoque
1722 5414 1790 5452 ex
1829 5399 1957 5452 cha-

392 5487 552 5546 ritate
593 5491 687 5544 Dei
723 5508 818 5546 sua
847 5491 988 5546 dona
1025 5491 1342 5546 refundunt.
1386 5491 1572 5560 Itaque
1598 5490 1788 5545 beatus
1815 5491 1958 5544 Pau-

461 5667 523 5707 1³⁴
561 5667 732 5722 Galat.
777 5687 846 5734 ιγ,
902 5673 982 5724 19.
1062 5674 1284 5727 “Rom.
1346 5689 1460 5739 vm,
1501 5671 1590 5726 “29-

2059 4947 2302 5016 δοκιμεῖν
2328 4945 2411 4998 ὅτι
2444 4943 2679 5014 μάλιστα
2707 4943 3174 5009 διεσπουδακότες.

2131 5121 2293 5177 ΚΥΡ.
2338 5121 2486 5174 Πάνυ
2542 5123 2640 5192 μὲν
2671 5117 2764 5175 οὖν
2786 5161 2801 5187 ,
2837 5121 2996 5192 εἴπερ
3025 5123 3160 5174 εἰσὶν
3190 5120 3403 5192 ἀληθῶς
3423 5161 3437 5183 ,
3480 5118 3629 5172 αὐτοὶ

2064 5215 2160 5284 μὲν
2183 5213 2342 5269 θείων
2365 5215 2657 5284 ἀνάμεστοι
2686 5214 3060 5284 χαρισμάτων,
3091 5211 3268 5274 πόνοις
3294 5211 3388 5264 καὶ
3415 5209 3628 5281 ἱδρῶσιν

2064 5305 2273 5368 ἑλόντες
2298 5305 2360 5357 τὸ
2393 5305 2581 5380 δῷρον,
2616 5307 2708 5358 καὶ
2741 5305 2827 5358 διὰ
2860 5305 3067 5376 μυρίων
3090 5306 3228 5357 ὅσων
3262 5303 3485 5371 ἀγώνων
3506 5299 3630 5353 ἐλά-

2071 5412 2257 5458 σαντες
2278 5413 2289 5424 ·
2332 5395 2711 5464 ἀναπιμπλᾶσι
2746 5395 2801 5447 δὲ
2840 5395 2931 5448 καὶ
2963 5395 3107 5464 ἡμᾶς
3149 5394 3257 5446 τῶν
3289 5393 3438 5462 σφίσι
3472 5391 3629 5444 δεδω-

2074 5488 2320 5560 ρημένων
2370 5488 2425 5551 ἐξ
2470 5489 2685 5559 ἀγάπης
2725 5489 2877 5542 Θεοῦ.
2934 5489 3040 5542 Καὶ
3092 5489 3220 5555 γοῦν
3269 5489 3298 5540 6
3347 5486 3626 5547 θεσπέσιος

1700 5673 1743 5703 ⁷⁸
1766 5671 1786 5727 Ι
1807 5669 1929 5725 Cor.
1960 5683 2069 5734 xxv,
2091 5665 2176 5719 ΞΟ.
2193 5680 2204 5683 ·
