3954 6200
286 321 388 377 321
1034 319 1124 374 ne
1163 314 1606 374 ADORATIONE
1645 318 1714 374 lN
1752 315 2023 374 srnuru
2064 316 2152 373 ET
2190 316 2566 374 VERITATE.
2596 318 2725 374 LIB.
2750 320 2837 375 tv.
3442 325 3548 383 522

287 438 503 504 Παῦλος
523 438 863 510 προσεφώνει
887 440 998 492 τισὶ
1022 439 1130 491 τῶν
1150 440 1591 495 πεπιστευκότων
1616 458 1627 471 ·
1657 458 1676 491 ι
1720 439 1848 492 Ἐπιη

1986 437 2059 491 ius
2081 435 2367 507 quosdam,
2414 436 2507 506 qui
2532 435 2905 501 crediderant,
2933 437 3315 509 alloquebatur
3345 462 3357 496 :
3398 463 3416 495 ι
3446 444 3547 502 De-

286 532 446 587 ποθῶ
471 531 581 604 γὰρ
630 530 759 586 ίδεῖν
794 531 939 602 ὑμᾶς
979 532 1065 585 ἴνα
1113 550 1165 585 τι
1204 531 1419 603 μεταδῶ
1462 532 1589 604 ὑμῖν
1622 531 1847 602 χάρισμε

1987 528 2157 583 sidero
2181 529 2328 583 enim
2352 528 2539 583 videre
2563 545 2682 594 vos,
2713 538 2773 584 ut
2824 526 3048 600 aliquod
3080 532 3237 588 vobis
3266 533 3548 606 impertiar

285 623 683 693 πνευματικόν.
725 642 745 675 ι
791 623 862 675 Ἢ
891 623 1039 695 γὰρ,
1073 622 1197 693 οὐχὶ⁴
1243 621 1418 687 ξένιον
1457 621 1730 693 οὐράνιον,
1774 620 1846 691 χά

1988 620 2253 675 :harisma
2305 618 2598 689 spirituale
2645 621 2710 676 ⁷⁵.
2774 628 2791 674 ι
2837 621 2921 677 An
2954 631 3010 678 tu
3086 625 3307 681 cmleste
3349 643 3549 686 munus

284 716 468 791 ρισμά
504 732 562 769 τε
590 713 962 784 πνευματικὸν
995 707 1133 768 εἶναι
1175 713 1300 785 φὴς,
1334 713 1435 784 τὴν
1477 711 1778 782 ἀμῶμητόν
1811 727 1845 763 τ

1990 709 2352 781 :barisniaq'ue
2399 709 2682 781 spiritualé
2705 714 2826 769 esse
2855 730 3022 786 negas
3069 715 3217 771 illam
3248 718 3551 786 reprehen-

281 808 385 862 καὶ
410 805 624 877 ἀπλανῆ
652 806 781 879 περὶ⁵
801 805 937 859 Θεοῦ
959 806 1181 875 γνῶσιν,
1204 806 1298 860 καὶ
1325 805 1421 876 τὴν
1446 804 1532 873 ἐφ’
1556 804 1730 859 ἀπασι
1758 804 1842 856 τοῖ

1984 803 2125 858 sione
2196 803 2491 872 er'rorcque
2537 800 2823 859 vacantem
2881 805 2949 861 de
2986 807 3096 861 Deo
3158 809 3545 880 cognitionem.

279 896 529 971 ἀρίστοις
564 897 767 969 εἴδησιν
787 897 1026 970 ἁκρι6ἧ;

1991 891 2454 963 :crtissimamque
2505 893 2575 950 de
2635 890 2804 951 rebus
2874 897 3341 967 praestantissimis
3390 901 3552 973 118

1972 984 2434 1056 intelligentiam?

356 1074 570 1129 ΠᾹΛΛ.
602 1074 731 1127 Ναί.
764 1072 940 1143 Εἴπερ
970 1070 1089 1126 ἐστὶ
1123 1071 1185 1126 sb
1217 1072 1406 1144 χρῆμα
1435 1070 1716 1138 ζωοποιόν.
1749 1071 1872 1125 Τοι-

2038 1066 2237 1133 PALL.
2269 1078 2386 1133 lmo
2410 1077 2583 1135 fateor
2607 1097 2619 1133 :
2649 1076 2921 1148 siquidem
2945 1087 3031 1134 est
3054 1095 3119 1134 ea
3149 1096 3237 1137 res
3260 1078 3385 1139 vita:
3413 1082 3549 1140 effe-

276 1168 479 1236 γάρτοι
503 1166 688 1235 σαφῶς
715 1164 963 1219 διειδέναι
993 1165 1077 1226 τίς
1104 1164 1201 1234 μέν
1229 1164 1431 1233 ὁφύσει
1453 1180 1512 1217 τε
1536 1165 1628 1218 καὶ
1658 1162 1837 1234 ἀληθῶ

1993 1170 2142 1226 :trix.
2169 1169 2386 1225 Etenim
2409 1186 2571 1226 nosse
2615 1172 2741 1241 quis
2772 1180 2969 1227 natura
3015 1186 3081 1226 ac
3134 1189 3325 1230 revera
3373 1175 3446 1232 sit
3469 1192 3554 1233 re-

276 1259 395 1312 τῶν
414 1256 552 1312 ὅλων
570 1256 918 1330 δημιουργὸς,
949 1255 1042 1309 καὶ
1063 1255 1215 1320 Θεὸς,
1242 1255 1371 1308 ποία
1393 1254 1449 1308 δέ
1465 1254 1599 1327 ζωὴ.
1623 1254 1833 1325 mpm

1991 1276 2097 1316 -um
2121 1263 2369 1316 omnium
2406 1260 2591 1332 opifex
2615 1277 2679 1317 ac
2707 1262 2872 1334 Deus,
2895 1262 3044 1333 quod
3097 1261 3229 1317 item
3285 1265 3552 1334 optimum

273 1350 495 1420 τρίϐος,
525 1352 605 1413 είς
634 1347 960 1421 μακραίωνά
987 1364 1046 1400 τε
1078 1348 1172 1400 καὶ
1209 1346 1565 1419 ἀτελεύτητον
1597 1344 1834 1416 ἀποκομί

1996 1360 2101 1417 ter,
2130 1348 2185 1406 id
2220 1368 2352 1407 vero
2379 1351 2448 1407 ad
2490 1360 2815 1424 perpetuam
2872 1353 3019 1408 illam
3050 1359 3423 1423 aeternamque
3473 1355 3555 1409 vi-

273 1441 369 1506 ζει
406 1441 577 1512 swin-

1974 1444 2085 1500 tam
2113 1445 2383 1515 perducit.

359 1532 525 1587 ΚΥΡ,
569 1529 772 1603 Ὀρθῶς
796 1529 951 1601 ἔφης.
985 1528 1172 1585 Ταῦτά
1194 1548 1275 1584 τοι
1301 1528 1570 1584 διδάσκων
1598 1531 1749 1600 ἡμᾶς
1778 1528 1873 1583 καὶ

2045 1534 2203 1591 CYR.
2231 1536 2400 1590 ReCte
2430 1535 2531 1590 ais.
2577 1535 2758 1607 Atque
2786 1536 2892 1591 hoc
2931 1551 3033 1591 nos
3075 1536 3265 1591 docuit
3303 1536 3556 1595 Christus

274 1623 452 1687 αὐτὸς
481 1624 510 1676 ὀ
538 1620 791 1693 Χριστὸς,
821 1624 935 1686 τοῖς
967 1622 1141 1691 ἁγίοις
1169 1622 1484 1685 ἀποστόλοις
1516 1621 1835 1676 διεκελεύετι

1998 1640 2114 1696 pse,
2152 1641 2277 1681 cum
2305 1626 2511 1681 sanctis
2533 1625 2797 1697 apostolis
2811 1626 3090 1698 praecepit,
3125 1627 3351 1684 dicens:
3383 1648 3402 1679 ι
3423 1628 3556 1684 Gra-

274 1715 464 1786 λὲγων
490 1732 505 1746 ·
547 1734 565 1768 ι
604 1714 824 1785 Δωρεάν
860 1712 1104 1781 ἐλάϐετε,
1135 1713 1341 1786 δωρεὰν
1372 1715 1512 1768 δότε.
1552 1732 1571 1766 ι
1607 1714 1708 1785 Εῖη
1730 1714 1774 1767 δ’
1807 1713 1835 1769 ἃ

1994 1720 2051 1775 .is
2078 1718 2391 1790 accepistis,
2428 1717 2598 1790 gratis
2618 1717 2743 1773 date
2767 1717 2835 1771 ⁷⁷.
2865 1736 2884 1768 ›
2918 1717 3039 1772 Alia
3072 1732 3293 1788 quoque
3343 1717 3555 1772 ratione

277 1782 386 1862 xci
423 1807 628 1878 ἑτέρως
661 1782 762 1860 οῦκ
807 1806 1043 1879 ἀκερδης
1096 1782 1422 1875 τοῖς-ἀλλοις
1464 1809 1497 1879 ἡ
1541 1808 1653 1861 τῶν
1697 1782 1838 1879 γὰγίω

1993 1826 2090 1865 non
2118 1809 2329 1864 inutilis
2360 1818 2446 1865 est
2483 1809 2696 1864 caneris
2723 1808 3045 1865 hominibus
3084 1808 3177 1863 ille
3236 1816 3554 1864 sanctorum

276 1897 633 1971 λαμπρότης·
652 1899 710 1950 ἐν
728 1896 836 1968 γὰρ
854 1899 974 1960 ταῖς
994 1895 1218 1951 ἐκείνων
1233 1897 1492 1970 εὐδοκιμὴ
1501 1898 1837 1968 σεσιν,ἀφανί

1993 1904 2231 1960 virorum
2264 1902 2556 1972 splendor:
2578 1902 2798 1957 illorum
2829 1916 3064 1971 namque
3106 1901 3273 1956 rebus
3296 1900 3437 1957 bene
3461 1917 3554 1973 ge-

280 1988 445 2054 ζεταί
466 2006 567 2042 που
588 1987 657 2042 τά
674 1989 832 2060 ἡμῶν
852 1990 1160 2061 ἡττήματα,
1182 1990 1275 2044 καὶ
1294 1994 1416 2055 ταῖς
1433 1991 1541 2046 τῶν
1563 1992 1841 2046 εὐκλεεστὲ

1996 1995 2101 2059 itis,
2140 2000 2342 2049 nostrae
2376 1992 2670 2048 infeliciter
2719 2001 2886 2062 gestae
2936 1992 3271 2058 obruuntur,
3324 2000 3381 2048 et
3430 2008 3557 2048 cum

282 2098 406 2155 ρων
428 2079 821 2151 προσεσχηκὼς
845 2081 1154 2151 εὐψυχίαις,
1176 2082 1205 2135 ὁ
1231 2068 1522 2155 φιλᾶρετος
1544 2084 1700 2156 ἡμῶν
1720 2083 1843 2148 Θεὸς

1998 2085 2312 2140 robiliorum
2366 2082 2613 2138 virorum
2669 2084 2840 2140 animi
2897 2083 3279 2140 fortitudinem
3323 2084 3559 2141 attendit

296 2176 421 2237 τοῖς
449 2172 861 2244 ἀσθενεστέροις
898 2172 1083 2244 ἀνίησι
1111 2173 1181 2228 τὰ
1222 2175 1568 2247 ἐγκλήματα.
1607 2175 1717 2229 Καὶ
1746 2174 1857 2245 γοῦπ

1996 2178 2170 2232 noster
2198 2164 2289 2230 ille
2316 2175 2543 2229 virtutis
2568 2184 2782 2231 amator
2828 2177 2994 2242 Deus,
3030 2175 3428 2232 infirmioribus
3447 2177 3557 2232 cri-

283 2268 345 2319 οἱ
372 2266 433 2333 ἐξ
464 2263 679 2337 Ἰσραὴλ
694 2264 1443 2332 ἀκαθέκτωςάπονενευκότες
1465 2270 1544 2332 είς
1570 2268 1844 2341 παρακοὴι

1999 2268 2133 2322 nina
2165 2260 2459 2322 condonat.
2489 2266 2682 2335 Itaque
2720 2267 2998 2333 lsraelilm,
3035 2284 3161 2322 cum
3200 2269 3466 2324 effrenate
3491 2267 3560 2323 ad

287 2359 390 2412 καὶ
416 2357 529 2411 τῶν
560 2356 782 2426 φαύλων
810 2355 965 2410 οὐδὲν
1000 2356 1199 2421 ἐῶντες
1257 2358 1694 2428 ἀνεπιτήδευτον,
1740 2376 1848 2431 παρ

1997 2358 2384 2415 :ontemnenda
2424 2357 2611 2412 divina
2642 2359 2895 2437 mandata
2932 2359 3206 2431 proclives
3252 2360 3558 2425 ferrentur,

289 2449 539 2521 ὡτρυναν
567 2447 881 2516 ἀναγκαίως
898 2447 990 2502 τὸν
1008 2444 1301 2520 νομοθέτην
1324 2447 1408 2517 ἐφ’
1432 2449 1661 2513 ἑαυτοῖς·
1692 2449 1850 2502 ἐπειδ¹

1998 2449 2299 2519 iullamque
2324 2448 2582 2519 nequitiae
2637 2458 2850 2519 partem
2896 2449 3237 2515 omitterent,
3295 2449 3350 2503 in
3394 2464 3559 2518 quam

285 2540 354 2595 δὲ
376 2541 533 2604 δίκας
561 2538 664 2612 ἤδη
686 2539 797 2593 τῶν
824 2538 1246 2611 τετολμημένων
1272 2540 1533 2611 πράττειν
1566 2538 1722 2610 ἤθελε
1753 2539 1846 2593 τοὺ

1998 2558 2093 2598 ion
2115 2541 2361 2607 studium
2386 2541 2793 2612 impenderent,
2838 2541 3171 2611 legislatoris
3192 2541 3331 2595 iram
3361 2541 3559 2596 adver-

290 2632 505 2703 ἁγρίως
533 2630 676 2684 οὕτω
701 2629 1094 2702 λελυπηκότας,
1126 2630 1490 2701 προσεκόμιζε
1526 2631 1625 2701 μἐν
1646 2629 1744 2694 τὰς
1771 2633 1851 2683 ίκε

2002 2634 2105 2685 ium
2136 2645 2195 2686 se
2227 2631 2543 2687 necessario
2587 2638 3032 2686 commoverunt:
3069 2629 3165 2700 qui
3208 2646 3333 2686 cum
3373 2645 3563 2702 poenas

291 2724 494 2796 τηρίας
545 2725 575 2776 ό
623 2723 909 2794 προφήτης
974 2722 1268 2794 Ἱερεμίας.
1323 2722 1387 2776 Τί
1433 2722 1489 2776 δὲ
1534 2721 1671 2794 πρὸς
1726 2721 1851 2776 τοῦτ

2000 2723 2290 2778 'acinornm
2317 2723 2387 2778 ab
2415 2722 2505 2789 iis,
2537 2723 2716 2793 quise
2770 2722 2908 2778 adeo
2937 2722 3255 2778 immaniter
3296 2722 3561 2777 offendis-

289 2814 469 2879 Θεόςς
503 2833 523 2867 ι
578 2813 955 2885 Περιδράμετε
978 2856 995 2881 ,
1031 2813 1216 2885 φησιν,
1258 2814 1317 2867 ἐν
1345 2816 1467 2878 ταῖς
1502 2814 1640 2878 ὁδοῖς
1684 2813 1850 2887 Ἰερου

2009 2822 2129 2879 ent,
2153 2829 2374 2869 sumere
2406 2813 2593 2877 vellet,
2623 2812 3058 2883 supplicationes
3107 2812 3160 2865 ei
3187 2811 3387 2866 detulit
3430 2825 3570 2881 pro--

294 2908 510 2977 σαλὴμ,
556 2906 651 2960 καὶ
697 2905 840 2958 ἴδετε
888 2905 985 2960 καὶ
1018 2906 1216 2974 γνῶτε,
1252 2907 1345 2959 καὶ
1377 2905 1644 2978 ζητήσατε
1676 2906 1733 2959 ἐν
1765 2907 1855 2959 ταῖ

2001 2905 2152 2975 pheta
2178 2906 2464 2960 Jeremias.
2491 2904 2634 2971 Quid
2656 2920 2789 2959 vero
2815 2903 2883 2959 ad
2908 2904 3026 2958 haec
3041 2904 3226 2963 Deus?
3262 2923 3279 2956 ι
3297 2902 3562 2969 Circuite,

294 3000 591 3063 πλατείαις
623 2998 828 3069 αὐτῆς,
860 2997 957 3052 ἐάν
1010 2996 1208 3070 εῦρητε
1262 2998 1428 3069 ἄνδρα
1474 3000 1519 3051 εἰ
1551 2997 1665 3050 ἐστι
1714 2998 1853 3052 ποιῶ

2008 2998 2184 3067 nquit,
2224 2996 2281 3051 in
2306 2997 2411 3052 viis
2431 2996 2758 3061 Jerusalem,
2785 3004 2841 3050 et
2875 2995 3057 3050 videte
3085 3003 3142 3050 ct
3167 2994 3481 3065 intelligite,
3509 3001 3567 3050 ct

298 3091 500 3164 κρίμα,
537 3091 633 3145 xal.
660 3088 840 3161 ζητῶν
888 3090 1094 3155 πίστιν,
1128 3090 1224 3144 καὶ
1265 3090 1424 3154 ἵλεως
1453 3089 1646 3161 ἔσομαι
1677 3091 1859 3154 αὐτοῖς

2002 3086 2215 3154 ιυεετίιε
2245 3085 2303 3139 in
2332 3084 2531 3155 plateis
2580 3085 2737 3155 ejus;
2779 3090 2855 3148 et,
2885 3083 2931 3139 si
2972 3082 3299 3138 inveneritis
3346 3082 3563 3150 virum;

297 3182 451 3252 λέγει
494 3179 722 3252 Κύριος.
764 3199 783 3233 ι
827 3179 1073 3252 Ἀνήσειν
1113 3180 1170 3233 δὲ
1216 3180 1308 3234 καὶ
1359 3174 1613 3251 Σοδόμοις
1664 3179 1763 3252 τὴν
1794 3179 1858 3233 δι‹

2009 3177 2037 3232 ιὶ
2074 3175 2242 3232 fuerit
2268 3176 2365 3246 qui
2389 3175 2555 3230 faciat
2568 3174 2861 3248 judicium,
2896 3180 2953 3229 et
2984 3188 3238 3244 quaerens
3282 3173 3445 3229 (idem
3473 3192 3488 3238 ;
3513 3181 3570 3228 et

298 3274 474 3346 πυρὸς
498 3273 609 3343 ἔφη
648 3273 827 3345 δίκην,
859 3275 908 3326 εί
946 3271 1107 3326 πέντε
1136 3274 1281 3335 τινὲς
1312 3267 1424 3326 εἶεν
1449 3273 1506 3325 ἐν
1532 3272 1716 3336 αὐτοῖς
1745 3272 1859 3327 ὃσιο

2008 3266 2410 3338 iropitiusero
2444 3265 2597 3337 ipsis,
2655 3265 2791 3320 dicit
2835 3265 3102 3320 Dominus
3146 3264 3212 3317 ⁷³.
3245 3283 3264 3315 ›
3316 3262 3569 3319 Sodomis

297 3363 395 3414 καὶ
416 3361 636 3431 ἀγαθοί.
659 3361 866 3415 Οὐκοῦν
893 3362 1052 3432 ἡτῶν
1080 3361 1253 3429 ἁγίων
1278 3360 1623 3434 λαμπρότης,
1654 3364 1750 3417 καὶ
1772 3365 1858 3417 soi

2006 3373 2209 3429 [uoque
2251 3357 2689 3413 condonaturum
2729 3370 2789 3410 se
2828 3369 3021 3425 pinnas
3080 3354 3292 3425 ignium
3334 3354 3490 3418 dixit,
3520 3352 3567 3407 si

298 3442 444 3522 ἄγαν
482 3453 828 3525 ἁμαρτωλοῖς
851 3494 865 3519 ,
913 3453 1027 3506 ἐσθ’
1054 3454 1144 3507 ὅτε
1168 3492 1183 3516 ,
1211 3453 1274 3506 τὸ
1305 3454 1380 3524 μὴ
1420 3452 1745 3518 κολάζεσθαι
1775 3454 1859 3509 δεῖι

2005 3452 2237 3523 ιιιίιιιιιιο
2250 3449 2413 3505 modo
2434 3448 2510 3504 ibi
2537 3448 2721 3504 essent
2742 3446 2818 3518 pii
2843 3456 3013 3516 atque
3037 3446 3196 3517 probi
3220 3444 3566 3501 homines”.

300 3545 651 3617 παραχρῆμα
681 3542 962 3617 προξενεῖ,
989 3544 1081 3598 τὸν
1105 3544 1247 3598 θεῖον
1283 3544 1472 3618 ὥσπερ
1496 3545 1861 3601 ἐκδυσωποῦσι

2009 3541 2136 3613 Ergo
2160 3548 2495 3596 sanctorum
2515 3539 2761 3594 virorum
2787 3537 3050 3594 nobilitas
3070 3533 3324 3591 maximis
3350 3549 3570 3604 quoque

300 3636 475 3706 θυμὸν
532 3636 626 3689 καὶ
671 3634 1105 3705 ἀνασειράζουσα
1144 3635 1239 3709 τὴν
1280 3635 1489 3709 ὀργήν·
1533 3640 1649 3703 τοῖς
1689 3639 1746 3694 δὲ
1783 3639 1861 3712 τὴε

2009 3630 2373 3702 peccatoribus
2394 3627 2744 3700 quandoque,
2762 3642 2832 3682 ne
2885 3625 3071 3682 statim
3114 3623 3439 3697 puniantur,
3464 3622 3570 3677 im-

303 3728 490 3782 πίστιν
519 3727 757 3799 γνησίως
803 3726 1248 3799 είσδεδεγμένοις,
1282 3728 1541 3801 εὐψυχίας
1566 3748 1629 3800 γε
1661 3726 1767 3802 μὴν
1801 3732 1864 3795 είς

2009 3733 2193 3795 petrat,
2217 3738 2344 3779 cum
2367 3723 2610 3780 divinam
2660 3722 3095 3794 indignationem
3123 3716 3308 3776 ﬂectat
3330 3727 3389 3775 et
3432 3719 3570 3774 iram

301 3816 466 3871 τοῦτο
486 3817 626 3872 ίέναι
650 3817 726 3890 μὴ
755 3817 1094 3890 δυναμένοις,
1124 3818 1198 3883 ὡς
1226 3819 1408 3884 πόνοις
1437 3819 1579 3875 ἐλεῖν
1605 3821 1861 3877 δύνασθαι

2011 3823 2251 3873 revocet:
2287 3831 2413 3872 cum
2439 3816 2507 3872 iis
2537 3831 2692 3882 vero,
2718 3817 2815 3889 qui
2846 3817 3008 3873 fidem
3051 3817 3268 3873 sincere
3309 3832 3572 3889 suscepe-

301 3909 401 3973 τδ,
458 3908 557 3964 καὶ
612 3909 771 3964 θείων
832 3911 1029 3975 αὐτοὺς
1084 3910 1456 3983 ἐμπίπλασθαι
1507 3913 1862 3984 χαρισμάτων

2011 3916 2145 3974 'unt,
2172 3923 2277 3965 nec
2308 3916 2488 3966 tamen
2515 3906 2584 3963 ad
2634 3923 2755 3962 eam
2781 3908 3223 3980 magnitudinem
3276 3910 3572 3979 pervenire

308 4002 599 4075 μονονουχὶ
650 4001 1081 4074 συμμερίζονται
1113 4003 1210 4067 τάς
1245 4003 1627 4079 εὐδοκιμήσεις
1648 4045 1664 4069 ,
1693 4006 1869 4060 παιδαι

2010 4009 2314 4071 potuerunt,
2366 4010 2428 4059 ut
2472 3999 2662 4054 labore
2696 4000 3011 4056 divinorum
3055 3999 3453 4055 charismatum
3474 4014 3571 4055 co-

301 4091 639 4163 γωγοῦντες,
666 4092 741 4157 ὡς
760 4092 860 4158 ἔνι,
887 4092 982 4147 καὶ
998 4093 1140 4167 ’πρὸς
1170 4094 1276 4148 πᾶν
1315 4092 1492 4149 ὁτιοῦν
1523 4095 1862 4168 ἀποφέροντε.

2010 4095 2137 4165 piam
2159 4093 2266 4150 sibi
2296 4100 2700 4163 compararent,
2721 4090 3121 4164 propemodum
3136 4105 3363 4146 suarum
3386 4105 3571 4147 rerum

300 4184 416 4237 τῶν
456 4183 803 4256 ἀρεσκόντων
832 4181 990 4255 Θεῷ,
1024 4184 1118 4237 καὶ
1144 4183 1253 4238 τῶν
1289 4182 1435 4238 ίδίων
1463 4180 1663 4249 αὐτοὺς
1687 4174 1856 4258 ἀνδρα

2013 4194 2269 4257 gestarum
2292 4183 2511 4239 laudem
2534 4183 2964 4249 communicant,
2990 4183 3047 4238 in
3069 4194 3139 4239 eo
3170 4181 3321 4253 quod
3348 4192 3469 4248 eos,
3511 4191 3574 4238 nt

301 4273 650 4345 γαθημάτων
693 4272 1086 4343 ἀποφαίνοντες
1128 4273 1421 4341 κοινωνούς
1444 4293 1460 4307 ⁸
1512 4274 1606 4331 καὶ
1649 4276 1685 4332 ἀ
1734 4277 1862 4349 μόλι

2009 4276 2114 4333 ieri
2138 4282 2338 4347 potest,
2364 4273 2679 4341 instituunt,
2707 4274 2776 4330 ad
2796 4288 2969 4344 eaque
2993 4275 3200 4343 omnia,
3223 4283 3570 4346 quacunque

302 4368 464 4424 αὐτοὶ
493 4366 585 4421 διὰ
616 4366 886 4421 πλείστων
934 4366 1075 4420 ὅσων
1111 4365 1426 4438 εὑρίσκουσι
1471 4368 1672 4435 πόνων,
1713 4367 1863 4423 satis:

2012 4372 2106 4427 )eo
2129 4370 2367 4441 placent,
2392 4363 2739 4451 perducunt;
2793 4373 2956 4435 atque
2991 4365 3049 4420 in
3090 4366 3411 4421 societatem
3441 4380 3573 4420 suo-

298 4460 428 4522 ταῖς
462 4456 670 4528 ἐτέρων
696 4457 921 4520 ἐνιέντες
948 4455 1169 4527 ψυχαῖς.
1196 4456 1317 4510 Ὅτι
1345 4455 1455 4528 γὰρ
1483 4448 1859 4533 συμμεθέξομε

2011 4472 2125 4512 rum
2145 4453 2372 4511 fortium
2394 4448 2665 4513 factarum
2710 4454 2833 4509 illos
2875 4453 3154 4508 asciscunt
3180 4470 3197 4520 ;
3226 4462 3287 4509 et
3309 4469 3434 4523 qum
3467 4453 3572 4523 ipsi

300 4550 423 4613 τοῖς
458 4550 635 4618 ἁγίοις
657 4550 751 4603 καὶ
777 4551 876 4619 τῆς
908 4547 1137 4618 ἐνούσης
1164 4547 1350 4611 αὐτοῖς
1372 4544 1775 4621 λαμπρότητος,
1799 4570 1861 4607 κο

2012 4551 2088 4606 vix
2121 4550 2353 4606 summis
2388 4548 2676 4604 laboribus
2725 4555 3081 4618 pepererunt,
3127 4560 3193 4601 ea
3241 4544 3299 4600 in
3334 4544 3573 4601 aliorum

301 4642 419 4695 τῶν
453 4640 964 4712 ἀνδραγαθημάτων
1007 4632 1247 4710 ἐσόμεθα
1280 4639 1569 4706 κοινωνοὶ,
1609 4629 1669 4706 ἐξ
1698 4643 1862 4719 ἡμερι

2011 4641 2290 4696 hominum
2308 4639 2508 4694 animis
2529 4638 2798 4693 inserunt.
2826 4636 2968 4691 Fore
2992 4645 3200 4702 autem,
3220 4644 3282 4691 ut
3310 4650 3420 4690 una
3446 4645 3572 4690 cum

303 4744 475 4802 τητος
514 4732 610 4785 καὶ
652 4730 1093 4804 φιλανθρωπίας,
1140 4728 1209 4784 τὰ
1255 4730 1412 4802 ἡμῶν
1444 4724 1732 4803 ἡττήματα
1782 4738 1864 4790 soi

2011 4733 2202 4788 sanctis
2230 4731 2366 4785 viris
2386 4730 2713 4794 claritatem,
2741 4743 2864 4799 qua:
2899 4728 3011 4783 illis
3058 4727 3224 4791 inest,
3274 4726 3572 4797 participe-

305 4824 540 4878 ἐκείνων
582 4822 1023 4894 γατορθώμασιν,
1063 4822 1228 4876 οίονεὶ
1286 4823 1663 4896 συμφύροντός
1706 4844 1765 4880 τε
1798 4844 1866 4882 κα

2014 4838 2139 4889 nus,
2162 4831 2440 4878 eteorum
2469 4821 2726 4892 praeclare
2748 4828 3029 4892 gestorum
3069 4818 3205 4874 socii
3235 4819 3430 4884 sima,
3462 4817 3575 4872 Deo

306 4910 713 4983 ἀνακιρνῶντος
744 4910 924 4977 Θεοῦ,
967 4914 1061 4967 καὶ
1103 4911 1163 4967 τὸ
1214 4906 1397 4978 ’ἐνδεὲς
1444 4904 1522 4986 τῷ
1572 4916 1867 4989 τελειοτέρη

2051 4931 2066 4969 ι
2093 4914 2434 4985 benignitate
2454 4923 2620 4983 atque
2651 4911 2940 4967 clementia
2956 4919 3174 4966 nostras
3195 4912 3385 4981 eulpas
3410 4919 3472 4966 et
3494 4910 3579 4966 it!-

310 5002 687 5076 συνείροντος,
718 5004 784 5058 ἵν’
805 5004 900 5074 ἐἴη
945 5003 1130 5060 δεκτόν
1158 5023 1171 5036 ·
1207 5005 1379 5076 σαφὲς
1434 5006 1501 5061 ἂν
1531 5006 1741 5075 γένοιτο
1798 5012 1871 5062 κα

2015 5006 2287 5064 irmitates
2306 5023 2431 5064 cum
2452 5006 2675 5065 illorum
2696 5013 2843 5062 recte
2858 5004 2999 5061 actis
3017 5002 3186 5060 veluti
3202 5001 3576 5061 confundente

308 5095 399 5149 διὰ
428 5096 621 5149 τούτου
650 5095 835 5150 πάλιν.

2012 5114 2065 5154 ιο
2088 5099 2481 5175 permiscente,
2515 5098 2680 5169 idque
2714 5096 2864 5169 quod
2896 5095 3218 5152 inchoatum
3266 5102 3439 5151 estet
3467 5094 3573 5149 iub

312 5185 643 5257 perfectum,
680 5203 807 5242 cum
870 5202 937 5242 eo
998 5186 1146 5258 quod
1196 5188 1281 5243 est
1322 5187 1640 5258 perfectius,
1679 5196 1739 5243 ut
1771 5197 1985 5260 gratum
2043 5199 2437 5262 acceptumque
2488 5189 2610 5257 ﬁat,
2675 5189 3038 5257 conferente;
3070 5187 3128 5245 id
3194 5188 3304 5245 hoc
3353 5196 3575 5259 quoque

317 5279 637 5335 testimonio
670 5266 834 5350 119
858 5278 1207 5336 manifestum
1249 5277 1366 5334 ﬁeri
1403 5280 1603 5350 potest.

390 5366 597 5423 ΠΑΛΛ.
637 5368 793 5423 Ποίου
814 5370 878 5442 δή
905 5387 1046 5434 τινος
1071 5371 1206 5443 φής

2080 5366 2279 5424 PALL.
2314 5365 2539 5437 Ecquod
2569 5364 2707 5420 illud
2735 5354 2859 5419 est?
3078 5442 3091 5453 ,γ
3204 5452 3209 5453 7
3464 5448 3480 5453 _
3584 5445 3592 5453 ~

389 5462 554 5515 KTP.
587 5461 872 5517 Μωαϐῖται
900 5461 995 5515 καὶ
1040 5461 1382 5533 Μαδιηναῖοι,
1432 5459 1560 5529 ἔθνη
1595 5460 1693 5530 μέν
1724 5460 1896 5532 ἤστην

2077 5459 2235 5516 CYR.
2287 5459 2536 5514 Moabitae
2583 5472 2647 5511 ac
2696 5455 3024 5520 Madianitae,
3078 5448 3263 5522 impiae
3325 5448 3574 5519 quaedam

323 5554 511 5610 ἀνόσιά
530 5571 591 5608 τε
603 5557 698 5611 καὶ
715 5555 984 5626 βάρϐαρα,
1003 5553 1360 5624 κατενεμοντο
1382 5552 1441 5607 δέ
1453 5552 1554 5623 τῆς
1566 5552 1884 5625 ἐπαγγελίας

2032 5557 2166 5604 :rant
2215 5564 2280 5606 ac
2312 5550 2559 5606 barbarae
2602 5554 2819 5617 gemes;
2866 5543 3185 5602 incolebant
3213 5542 3401 5598 autem
3440 5552 3593 5611 proo,

394 5730 806 5796 "Rom.l,il.
881 5731 925 5770 τ’
965 5729 1157 5799 Matth,
1180 5744 1232 5795 χ,
1255 5727 1306 5785 8.
1385 5728 1713 5797 "Jer.v,i.
1811 5731 1881 5764 τ’·
1934 5729 1955 5788 (

881 5731 925 5770 τ’
965 5729 1157 5799 Matth,
1180 5744 1232 5795 χ,
1255 5727 1306 5785 8.
1385 5728 1431 5763 ⁷⁸
1448 5728 1630 5797 Jer.v,
1661 5730 1713 5787 l.
1811 5731 1881 5764 τ³⁶
1934 5729 2070 5788 Gen.
2095 5729 2357 5793 xvln,52.
2397 5711 2401 5715 ’
