  <div class='ocr_page' id='page_1' title='image "/cluster/home/n/w/nwhite01/storage/ocr_20150623/68/hvd.32044073501975/168.png"; bbox 0 0 3954 6200; ppageno 0'>
   <div class='ocr_carea' id='block_1_1' title="bbox 311 257 426 316">
    <p class='ocr_par' dir='ltr' id='par_1_1' title="bbox 311 257 426 316">
     <span class='ocr_line' id='line_1_1' title="bbox 311 257 426 316; baseline 0 0"><span class='ocrx_word' id='word_1_1' title='bbox 311 257 426 316; x_wconf 75' lang='grc'><strong>525</strong></span> 
     </span>
    </p>
   </div>
   <div class='ocr_carea' id='block_1_2' title="bbox 1060 258 2866 322">
    <p class='ocr_par' dir='ltr' id='par_1_2' title="bbox 1060 258 2866 322">
     <span class='ocr_line' id='line_1_2' title="bbox 1060 258 2866 322; baseline -0.002 -3"><span class='ocrx_word' id='word_1_2' title='bbox 1060 264 1148 319; x_wconf 82' lang='lat' dir='ltr'><strong>DE</strong></span> <span class='ocrx_word' id='word_1_3' title='bbox 1187 264 1629 322; x_wconf 78' lang='lat' dir='ltr'><strong>ADORATIONE</strong></span> <span class='ocrx_word' id='word_1_4' title='bbox 1668 263 1733 320; x_wconf 77' lang='lat' dir='ltr'><strong>IN</strong></span> <span class='ocrx_word' id='word_1_5' title='bbox 1770 259 2041 318; x_wconf 82' lang='lat' dir='ltr'><strong>SPIRITU</strong></span> <span class='ocrx_word' id='word_1_6' title='bbox 2083 259 2170 317; x_wconf 88' lang='lat' dir='ltr'><strong>ET</strong></span> <span class='ocrx_word' id='word_1_7' title='bbox 2209 259 2582 318; x_wconf 77' lang='lat' dir='ltr'><strong>VERITATE.</strong></span> <span class='ocrx_word' id='word_1_8' title='bbox 2614 258 2743 316; x_wconf 82' lang='lat' dir='ltr'><strong>LIB.</strong></span> <span class='ocrx_word' id='word_1_9' title='bbox 2779 260 2866 316; x_wconf 79' lang='grc' dir='ltr'>Π.</span> 
     </span>
    </p>
   </div>
   <div class='ocr_carea' id='block_1_3' title="bbox 3465 263 3569 320">
    <p class='ocr_par' dir='ltr' id='par_1_3' title="bbox 3465 263 3569 320">
     <span class='ocr_line' id='line_1_3' title="bbox 3465 263 3569 320; baseline 0.019 -3"><span class='ocrx_word' id='word_1_10' title='bbox 3465 263 3569 320; x_wconf 69' lang='lat'><strong>326</strong></span> 
     </span>
    </p>
   </div>
   <div class='ocr_carea' id='block_1_4' title="bbox 315 372 1887 445">
    <p class='ocr_par' dir='ltr' id='par_1_4' title="bbox 315 372 1887 442">
     <span class='ocr_line' id='line_1_4' title="bbox 315 372 1887 442; baseline 0.001 -14"><span class='ocrx_word' id='word_1_11' title='bbox 315 376 499 428; x_wconf 82' lang='grc' dir='ltr'>αὐτῶν</span> <span class='ocrx_word' id='word_1_12' title='bbox 528 372 624 436; x_wconf 74' lang='grc' dir='ltr'><strong>τὰς</strong></span> <span class='ocrx_word' id='word_1_13' title='bbox 658 373 718 426; x_wconf 80' lang='grc' dir='ltr'><strong>ἐν</strong></span> <span class='ocrx_word' id='word_1_14' title='bbox 750 374 868 438; x_wconf 83' lang='grc' dir='ltr'>ταῖς</span> <span class='ocrx_word' id='word_1_15' title='bbox 897 377 1204 441; x_wconf 75' lang='grc' dir='ltr'><strong>κατοικίαις</strong></span> <span class='ocrx_word' id='word_1_16' title='bbox 1227 378 1429 440; x_wconf 75' lang='grc' dir='ltr'>αὐτῶν,</span> <span class='ocrx_word' id='word_1_17' title='bbox 1468 378 1562 431; x_wconf 78' lang='grc' dir='ltr'>καὶ</span> <span class='ocrx_word' id='word_1_18' title='bbox 1591 377 1690 442; x_wconf 82' lang='grc' dir='ltr'><strong>τὰς</strong></span> <span class='ocrx_word' id='word_1_19' title='bbox 1723 376 1887 431; x_wconf 83' lang='grc' dir='ltr'>ἐπαύ-</span> 
     </span>
    </p>
   </div>
   <div class='ocr_carea' id='block_1_5' title="bbox 1992 372 3564 445">
    <p class='ocr_par' dir='ltr' id='par_1_5' title="bbox 1998 373 3564 445">
     <span class='ocr_line' id='line_1_5' title="bbox 1998 373 3564 445; baseline 0.002 -16"><span class='ocrx_word' id='word_1_20' title='bbox 1998 385 2053 430; x_wconf 88' lang='lat' dir='ltr'><strong>et</strong></span> <span class='ocrx_word' id='word_1_21' title='bbox 2072 374 2222 428; x_wconf 88' lang='lat' dir='ltr'><strong>vicos</strong></span> <span class='ocrx_word' id='word_1_22' title='bbox 2241 389 2430 428; x_wconf 90' lang='lat' dir='ltr'><strong>eorum</strong></span> <span class='ocrx_word' id='word_1_23' title='bbox 2455 375 2877 430; x_wconf 86' lang='lat' dir='ltr'><strong>combusserunt</strong></span> <span class='ocrx_word' id='word_1_24' title='bbox 2901 373 3030 445; x_wconf 88' lang='lat' dir='ltr'><strong>igni,</strong></span> <span class='ocrx_word' id='word_1_25' title='bbox 3061 381 3116 428; x_wconf 83' lang='lat' dir='ltr'><strong>et</strong></span> <span class='ocrx_word' id='word_1_26' title='bbox 3146 384 3410 445; x_wconf 88' lang='lat' dir='ltr'><strong>ceperunt</strong></span> <span class='ocrx_word' id='word_1_27' title='bbox 3434 391 3564 432; x_wconf 88' lang='lat' dir='ltr'><strong>om-</strong></span> 
     </span>
    </p>
   </div>
   <div class='ocr_carea' id='block_1_6' title="bbox 309 462 1897 537">
    <p class='ocr_par' dir='ltr' id='par_1_6' title="bbox 309 462 1897 537">
     <span class='ocr_line' id='line_1_6' title="bbox 309 462 1897 537; baseline 0.001 -21"><span class='ocrx_word' id='word_1_28' title='bbox 309 465 428 528; x_wconf 87' lang='grc' dir='ltr'>λεις</span> <span class='ocrx_word' id='word_1_29' title='bbox 449 463 626 517; x_wconf 82' lang='grc' dir='ltr'>αὐτῶν</span> <span class='ocrx_word' id='word_1_30' title='bbox 647 462 953 534; x_wconf 71' lang='grc' dir='ltr'><strong>ἐνέπρησαν</strong></span> <span class='ocrx_word' id='word_1_31' title='bbox 983 466 1041 519; x_wconf 91' lang='grc' dir='ltr'><strong>ἐν</strong></span> <span class='ocrx_word' id='word_1_32' title='bbox 1064 467 1196 536; x_wconf 72' lang='grc' dir='ltr'>πυρὶ</span> <span class='ocrx_word' id='word_1_33' title='bbox 1217 506 1231 530; x_wconf 90' lang='grc'><strong>,</strong></span> <span class='ocrx_word' id='word_1_34' title='bbox 1253 469 1346 520; x_wconf 72' lang='grc' dir='ltr'>καὶ</span> <span class='ocrx_word' id='word_1_35' title='bbox 1367 467 1556 520; x_wconf 80' lang='grc' dir='ltr'>ἐλαὸον</span> <span class='ocrx_word' id='word_1_36' title='bbox 1591 468 1772 520; x_wconf 86' lang='grc' dir='ltr'>πᾶσαν</span> <span class='ocrx_word' id='word_1_37' title='bbox 1799 469 1897 537; x_wconf 85' lang='grc' dir='ltr'>τὴν</span> 
     </span>
    </p>
   </div>
   <div class='ocr_carea' id='block_1_7' title="bbox 309 551 1898 625">
    <p class='ocr_par' dir='ltr' id='par_1_7' title="bbox 309 551 1898 625">
     <span class='ocr_line' id='line_1_7' title="bbox 309 551 1898 625; baseline 0.001 -20"><span class='ocrx_word' id='word_1_38' title='bbox 309 551 598 625; x_wconf 75' lang='grc' dir='ltr'>προνομὴν</span> <span class='ocrx_word' id='word_1_39' title='bbox 627 551 836 606; x_wconf 82' lang='grc' dir='ltr'>αὐτῶν·</span> <span class='ocrx_word' id='word_1_40' title='bbox 863 555 954 606; x_wconf 81' lang='grc' dir='ltr'>καὶ</span> <span class='ocrx_word' id='word_1_41' title='bbox 983 555 1159 608; x_wconf 81' lang='grc' dir='ltr'>πάντα</span> <span class='ocrx_word' id='word_1_42' title='bbox 1179 554 1246 608; x_wconf 84' lang='grc' dir='ltr'><strong>τά</strong></span> <span class='ocrx_word' id='word_1_43' title='bbox 1268 555 1440 610; x_wconf 75' lang='grc' dir='ltr'>σκῦλα</span> <span class='ocrx_word' id='word_1_44' title='bbox 1462 556 1642 610; x_wconf 79' lang='grc' dir='ltr'>αὐτῶν</span> <span class='ocrx_word' id='word_1_45' title='bbox 1667 557 1777 610; x_wconf 82' lang='grc' dir='ltr'><strong>ἀπὸ</strong></span> <span class='ocrx_word' id='word_1_46' title='bbox 1805 558 1898 610; x_wconf 83' lang='grc' dir='ltr'><strong>ἀν-</strong></span> 
     </span>
    </p>
   </div>
   <div class='ocr_carea' id='block_1_8' title="bbox 310 642 1896 718">
    <p class='ocr_par' dir='ltr' id='par_1_8' title="bbox 310 642 1896 718">
     <span class='ocr_line' id='line_1_8' title="bbox 310 642 1896 718; baseline 0.001 -20"><span class='ocrx_word' id='word_1_47' title='bbox 310 643 536 713; x_wconf 78' lang='grc' dir='ltr'>Θρώπου</span> <span class='ocrx_word' id='word_1_48' title='bbox 554 642 657 703; x_wconf 77' lang='grc' dir='ltr'>ἕως</span> <span class='ocrx_word' id='word_1_49' title='bbox 674 643 922 714; x_wconf 76' lang='grc' dir='ltr'><strong>κτήνους,</strong></span> <span class='ocrx_word' id='word_1_50' title='bbox 943 646 1034 697; x_wconf 72' lang='grc' dir='ltr'>καὶ</span> <span class='ocrx_word' id='word_1_51' title='bbox 1055 645 1260 716; x_wconf 67' lang='grc' dir='ltr'>ἤγαγον</span> <span class='ocrx_word' id='word_1_52' title='bbox 1272 647 1409 718; x_wconf 79' lang='grc' dir='ltr'>πρὸς</span> <span class='ocrx_word' id='word_1_53' title='bbox 1428 647 1629 718; x_wconf 80' lang='grc' dir='ltr'>Μωσῆν</span> <span class='ocrx_word' id='word_1_54' title='bbox 1650 647 1896 718; x_wconf 76' lang='grc' dir='ltr'>καὶπρὸς</span> 
     </span>
    </p>
   </div>
   <div class='ocr_carea' id='block_1_9' title="bbox 323 732 1895 806">
    <p class='ocr_par' dir='ltr' id='par_1_9' title="bbox 323 732 1895 806">
     <span class='ocr_line' id='line_1_9' title="bbox 323 732 1895 806; baseline 0.001 -18"><span class='ocrx_word' id='word_1_55' title='bbox 323 732 589 806; x_wconf 78' lang='grc' dir='ltr'><strong>Ἐλεάζαρ</strong></span> <span class='ocrx_word' id='word_1_56' title='bbox 617 733 706 786; x_wconf 76' lang='grc' dir='ltr'>τὸν</span> <span class='ocrx_word' id='word_1_57' title='bbox 739 734 910 806; x_wconf 83' lang='grc' dir='ltr'>ίερέα,</span> <span class='ocrx_word' id='word_1_58' title='bbox 938 737 1031 788; x_wconf 79' lang='grc' dir='ltr'>καὶ</span> <span class='ocrx_word' id='word_1_59' title='bbox 1056 735 1193 806; x_wconf 82' lang='grc' dir='ltr'>πρὸς</span> <span class='ocrx_word' id='word_1_60' title='bbox 1225 737 1434 801; x_wconf 82' lang='grc' dir='ltr'><strong>πάντας</strong></span> <span class='ocrx_word' id='word_1_61' title='bbox 1458 739 1584 801; x_wconf 80' lang='grc' dir='ltr'>τοὺς</span> <span class='ocrx_word' id='word_1_62' title='bbox 1611 738 1757 801; x_wconf 80' lang='grc' dir='ltr'>υἱοὺς</span> <span class='ocrx_word' id='word_1_63' title='bbox 1796 738 1895 790; x_wconf 85' lang='grc' dir='ltr'><strong>Ἰσ-</strong></span> 
     </span>
    </p>
   </div>
   <div class='ocr_carea' id='block_1_10' title="bbox 307 824 1895 898">
    <p class='ocr_par' dir='ltr' id='par_1_10' title="bbox 307 824 1895 898">
     <span class='ocr_line' id='line_1_10' title="bbox 307 824 1895 898; baseline 0.001 -21"><span class='ocrx_word' id='word_1_64' title='bbox 307 825 455 896; x_wconf 76' lang='grc' dir='ltr'>ραὴλ</span> <span class='ocrx_word' id='word_1_65' title='bbox 471 824 567 894; x_wconf 82' lang='grc' dir='ltr'>τὴν</span> <span class='ocrx_word' id='word_1_66' title='bbox 579 824 954 893; x_wconf 79' lang='grc' dir='ltr'>αἰχμαλωσίαν</span> <span class='ocrx_word' id='word_1_67' title='bbox 973 826 1072 881; x_wconf 70' lang='grc' dir='ltr'>καὶ</span> <span class='ocrx_word' id='word_1_68' title='bbox 1099 826 1166 880; x_wconf 78' lang='grc' dir='ltr'>τὰ</span> <span class='ocrx_word' id='word_1_69' title='bbox 1185 826 1358 880; x_wconf 83' lang='grc' dir='ltr'>σκῦλα</span> <span class='ocrx_word' id='word_1_70' title='bbox 1384 827 1476 879; x_wconf 78' lang='grc' dir='ltr'>καὶ</span> <span class='ocrx_word' id='word_1_71' title='bbox 1496 827 1594 897; x_wconf 83' lang='grc' dir='ltr'>τὴν</span> <span class='ocrx_word' id='word_1_72' title='bbox 1614 827 1895 898; x_wconf 86' lang='grc' dir='ltr'>προνομὴν</span> 
     </span>
    </p>
   </div>
   <div class='ocr_carea' id='block_1_11' title="bbox 304 914 1892 989">
    <p class='ocr_par' dir='ltr' id='par_1_11' title="bbox 304 914 1892 989">
     <span class='ocr_line' id='line_1_11' title="bbox 304 914 1892 989; baseline 0 -19"><span class='ocrx_word' id='word_1_73' title='bbox 304 919 394 980; x_wconf 80' lang='grc' dir='ltr'><strong>είς</strong></span> <span class='ocrx_word' id='word_1_74' title='bbox 407 915 505 987; x_wconf 79' lang='grc' dir='ltr'>τὴν</span> <span class='ocrx_word' id='word_1_75' title='bbox 522 914 871 986; x_wconf 80' lang='grc' dir='ltr'>παρεμϐολὴν</span> <span class='ocrx_word' id='word_1_76' title='bbox 883 918 962 979; x_wconf 81' lang='grc' dir='ltr'><strong>είς</strong></span> <span class='ocrx_word' id='word_1_77' title='bbox 995 917 1239 987; x_wconf 77' lang='grc' dir='ltr'><strong>’Δραὸὼθ</strong></span> <span class='ocrx_word' id='word_1_78' title='bbox 1255 916 1447 982; x_wconf 66' lang='grc' dir='ltr'><strong>Βίωὰϐ,</strong></span> <span class='ocrx_word' id='word_1_79' title='bbox 1467 918 1503 989; x_wconf 79' lang='grc' dir='ltr'>ἦ</span> <span class='ocrx_word' id='word_1_80' title='bbox 1525 918 1670 970; x_wconf 89' lang='grc' dir='ltr'>ἐστιν</span> <span class='ocrx_word' id='word_1_81' title='bbox 1694 917 1787 970; x_wconf 80' lang='grc' dir='ltr'>ἐπὶ</span> <span class='ocrx_word' id='word_1_82' title='bbox 1799 915 1892 971; x_wconf 81' lang='grc' dir='ltr'><strong>τοῦ</strong></span> 
     </span>
    </p>
   </div>
   <div class='ocr_carea' id='block_1_12' title="bbox 323 1006 1894 1079">
    <p class='ocr_par' dir='ltr' id='par_1_12' title="bbox 323 1006 1894 1079">
     <span class='ocr_line' id='line_1_12' title="bbox 323 1006 1894 1079; baseline 0.002 -20"><span class='ocrx_word' id='word_1_83' title='bbox 323 1007 589 1077; x_wconf 76' lang='grc' dir='ltr'>Ἰορδάνου</span> <span class='ocrx_word' id='word_1_84' title='bbox 614 1007 752 1060; x_wconf 73' lang='grc' dir='ltr'>κατὰ</span> <span class='ocrx_word' id='word_1_85' title='bbox 777 1006 812 1058; x_wconf 87' lang='lat' dir='ltr'><strong>&#39;I</strong></span> <span class='ocrx_word' id='word_1_86' title='bbox 819 1023 841 1057; x_wconf 90' lang='grc' dir='ltr'><strong>ε</strong></span> <span class='ocrx_word' id='word_1_87' title='bbox 851 1007 1003 1077; x_wconf 84' lang='grc' dir='ltr'>ριχὼ.</span> <span class='ocrx_word' id='word_1_88' title='bbox 1023 1008 1134 1060; x_wconf 72' lang='grc' dir='ltr'><strong>Καὶ</strong></span> <span class='ocrx_word' id='word_1_89' title='bbox 1155 1006 1344 1078; x_wconf 81' lang='grc' dir='ltr'>ἐξῆλθε</span> <span class='ocrx_word' id='word_1_90' title='bbox 1361 1009 1563 1079; x_wconf 79' lang='grc' dir='ltr'>Μωσῆς</span> <span class='ocrx_word' id='word_1_91' title='bbox 1581 1007 1675 1061; x_wconf 74' lang='grc' dir='ltr'>καὶ</span> <span class='ocrx_word' id='word_1_92' title='bbox 1713 1008 1894 1062; x_wconf 82' lang='grc' dir='ltr'>Ἐλεά-</span> 
     </span>
    </p>
   </div>
   <div class='ocr_carea' id='block_1_13' title="bbox 305 1098 1892 1172">
    <p class='ocr_par' dir='ltr' id='par_1_13' title="bbox 305 1098 1892 1172">
     <span class='ocr_line' id='line_1_13' title="bbox 305 1098 1892 1172; baseline 0.008 -21"><span class='ocrx_word' id='word_1_93' title='bbox 305 1098 417 1164; x_wconf 77' lang='grc' dir='ltr'>ξαρ</span> <span class='ocrx_word' id='word_1_94' title='bbox 439 1101 465 1152; x_wconf 98' lang='lat'><strong>6</strong></span> <span class='ocrx_word' id='word_1_95' title='bbox 487 1099 666 1169; x_wconf 75' lang='grc' dir='ltr'>ἱερεὺς</span> <span class='ocrx_word' id='word_1_96' title='bbox 689 1137 703 1162; x_wconf 93' lang='grc'><strong>,</strong></span> <span class='ocrx_word' id='word_1_97' title='bbox 742 1099 835 1151; x_wconf 73' lang='grc' dir='ltr'>καὶ</span> <span class='ocrx_word' id='word_1_98' title='bbox 860 1098 1060 1162; x_wconf 86' lang='grc' dir='ltr'>πάντες</span> <span class='ocrx_word' id='word_1_99' title='bbox 1079 1099 1130 1151; x_wconf 75' lang='grc' dir='ltr'>οἱ</span> <span class='ocrx_word' id='word_1_100' title='bbox 1163 1099 1422 1169; x_wconf 83' lang='grc' dir='ltr'>ἄρχοντες</span> <span class='ocrx_word' id='word_1_101' title='bbox 1443 1101 1541 1168; x_wconf 84' lang='grc' dir='ltr'>τῆς</span> <span class='ocrx_word' id='word_1_102' title='bbox 1572 1101 1892 1172; x_wconf 78' lang='grc' dir='ltr'><strong>συναγωγῆς</strong></span> 
     </span>
    </p>
   </div>
   <div class='ocr_carea' id='block_1_14' title="bbox 304 1187 1888 1261">
    <p class='ocr_par' dir='ltr' id='par_1_14' title="bbox 304 1187 1888 1261">
     <span class='ocr_line' id='line_1_14' title="bbox 304 1187 1888 1261; baseline -0.001 -18"><span class='ocrx_word' id='word_1_103' title='bbox 304 1209 336 1243; x_wconf 80' lang='grc' dir='ltr'><strong>ε</strong></span> <span class='ocrx_word' id='word_1_104' title='bbox 348 1191 392 1253; x_wconf 83' lang='grc' dir='ltr'>ξς</span> <span class='ocrx_word' id='word_1_105' title='bbox 407 1189 730 1260; x_wconf 75' lang='grc' dir='ltr'>συνάντησιν</span> <span class='ocrx_word' id='word_1_106' title='bbox 741 1187 922 1252; x_wconf 82' lang='grc' dir='ltr'>αὐτοῖς</span> <span class='ocrx_word' id='word_1_107' title='bbox 935 1187 1040 1253; x_wconf 80' lang='grc' dir='ltr'><strong>ἔξω</strong></span> <span class='ocrx_word' id='word_1_108' title='bbox 1052 1189 1148 1259; x_wconf 82' lang='grc' dir='ltr'>τῆς</span> <span class='ocrx_word' id='word_1_109' title='bbox 1167 1207 1307 1261; x_wconf 89' lang='grc' dir='ltr'>παρε</span> <span class='ocrx_word' id='word_1_110' title='bbox 1315 1189 1636 1260; x_wconf 69' lang='grc' dir='ltr'>μΰολῆς,καὶ</span> <span class='ocrx_word' id='word_1_111' title='bbox 1646 1189 1888 1261; x_wconf 78' lang='grc' dir='ltr'>ὠργίσθη</span> 
     </span>
    </p>
   </div>
   <div class='ocr_carea' id='block_1_15' title="bbox 303 1281 1892 1352">
    <p class='ocr_par' dir='ltr' id='par_1_15' title="bbox 303 1281 1892 1352">
     <span class='ocr_line' id='line_1_15' title="bbox 303 1281 1892 1352; baseline 0.001 -18"><span class='ocrx_word' id='word_1_112' title='bbox 303 1281 520 1350; x_wconf 82' lang='grc' dir='ltr'><strong>Μωσῆς</strong></span> <span class='ocrx_word' id='word_1_113' title='bbox 543 1282 638 1332; x_wconf 75' lang='grc' dir='ltr'><strong>ἐπὶ</strong></span> <span class='ocrx_word' id='word_1_114' title='bbox 673 1283 787 1344; x_wconf 90' lang='grc' dir='ltr'>τοῖς</span> <span class='ocrx_word' id='word_1_115' title='bbox 815 1281 1131 1344; x_wconf 78' lang='grc' dir='ltr'>ἐπισκόποις</span> <span class='ocrx_word' id='word_1_116' title='bbox 1160 1283 1258 1352; x_wconf 80' lang='grc' dir='ltr'>τῆς</span> <span class='ocrx_word' id='word_1_117' title='bbox 1289 1281 1572 1352; x_wconf 88' lang='grc' dir='ltr'>δυνάμεως</span> <span class='ocrx_word' id='word_1_118' title='bbox 1589 1281 1892 1352; x_wconf 84' lang='grc' dir='ltr'>χιλιάρχοις</span> 
     </span>
    </p>
   </div>
   <div class='ocr_carea' id='block_1_16' title="bbox 209 1371 1892 1445">
    <p class='ocr_par' dir='ltr' id='par_1_16' title="bbox 209 1371 1892 1445">
     <span class='ocr_line' id='line_1_16' title="bbox 209 1371 1892 1445; baseline 0 -19"><span class='ocrx_word' id='word_1_119' title='bbox 209 1395 218 1410; x_wconf 76' lang='grc' dir='ltr'><strong>ι</strong></span> <span class='ocrx_word' id='word_1_120' title='bbox 305 1375 414 1426; x_wconf 79' lang='grc' dir='ltr'>καὶ</span> <span class='ocrx_word' id='word_1_121' title='bbox 466 1373 886 1445; x_wconf 77' lang='grc' dir='ltr'>ἑκατοντάρχοις</span> <span class='ocrx_word' id='word_1_122' title='bbox 916 1375 1029 1436; x_wconf 83' lang='grc' dir='ltr'>τοῖς</span> <span class='ocrx_word' id='word_1_123' title='bbox 1069 1372 1387 1444; x_wconf 78' lang='grc' dir='ltr'>ἐρχομένοις</span> <span class='ocrx_word' id='word_1_124' title='bbox 1417 1373 1482 1426; x_wconf 89' lang='grc' dir='ltr'><strong>ἐκ</strong></span> <span class='ocrx_word' id='word_1_125' title='bbox 1519 1375 1616 1444; x_wconf 82' lang='grc' dir='ltr'>τῆς</span> <span class='ocrx_word' id='word_1_126' title='bbox 1643 1371 1892 1443; x_wconf 87' lang='grc' dir='ltr'>παρατά-</span> 
     </span>
    </p>
   </div>
   <div class='ocr_carea' id='block_1_17' title="bbox 303 1458 1888 1534">
    <p class='ocr_par' dir='ltr' id='par_1_17' title="bbox 303 1458 1888 1534">
     <span class='ocr_line' id='line_1_17' title="bbox 303 1458 1888 1534; baseline 0 -19"><span class='ocrx_word' id='word_1_127' title='bbox 303 1461 449 1526; x_wconf 75' lang='grc' dir='ltr'>ξεως</span> <span class='ocrx_word' id='word_1_128' title='bbox 484 1461 577 1515; x_wconf 81' lang='grc' dir='ltr'><strong>τοῦ</strong></span> <span class='ocrx_word' id='word_1_129' title='bbox 610 1461 852 1532; x_wconf 85' lang='grc' dir='ltr'>πολέμου</span> <span class='ocrx_word' id='word_1_130' title='bbox 873 1479 885 1490; x_wconf 93' lang='grc'><strong>·</strong></span> <span class='ocrx_word' id='word_1_131' title='bbox 940 1463 1038 1516; x_wconf 76' lang='grc' dir='ltr'>καὶ</span> <span class='ocrx_word' id='word_1_132' title='bbox 1067 1458 1221 1516; x_wconf 75' lang='grc' dir='ltr'>εἶπεν</span> <span class='ocrx_word' id='word_1_133' title='bbox 1265 1464 1449 1526; x_wconf 81' lang='grc' dir='ltr'>αὐτοῖς</span> <span class='ocrx_word' id='word_1_134' title='bbox 1476 1463 1682 1534; x_wconf 78' lang='grc' dir='ltr'>Μωσῆς</span> <span class='ocrx_word' id='word_1_135' title='bbox 1703 1479 1717 1494; x_wconf 86' lang='grc'><strong>·</strong></span> <span class='ocrx_word' id='word_1_136' title='bbox 1772 1464 1888 1516; x_wconf 89' lang='grc' dir='ltr'>’Ὶνα</span> 
     </span>
    </p>
   </div>
   <div class='ocr_carea' id='block_1_18' title="bbox 300 1547 1890 1626">
    <p class='ocr_par' dir='ltr' id='par_1_18' title="bbox 300 1547 1890 1626">
     <span class='ocr_line' id='line_1_18' title="bbox 300 1547 1890 1626; baseline -0.001 -18"><span class='ocrx_word' id='word_1_137' title='bbox 300 1556 363 1608; x_wconf 72' lang='grc' dir='ltr'><strong>τί</strong></span> <span class='ocrx_word' id='word_1_138' title='bbox 386 1556 740 1625; x_wconf 76' lang='grc' dir='ltr'>ἐζωγρήσατε</span> <span class='ocrx_word' id='word_1_139' title='bbox 781 1555 889 1608; x_wconf 84' lang='grc' dir='ltr'><strong>πᾶν</strong></span> <span class='ocrx_word' id='word_1_140' title='bbox 919 1553 1050 1624; x_wconf 79' lang='grc' dir='ltr'>θῆλυ</span> <span class='ocrx_word' id='word_1_141' title='bbox 1079 1572 1094 1620; x_wconf 89' lang='grc'>;</span> <span class='ocrx_word' id='word_1_142' title='bbox 1122 1547 1282 1608; x_wconf 79' lang='grc' dir='ltr'>α’ὗται</span> <span class='ocrx_word' id='word_1_143' title='bbox 1309 1555 1416 1626; x_wconf 84' lang='grc' dir='ltr'><strong>γὰρ</strong></span> <span class='ocrx_word' id='word_1_144' title='bbox 1445 1549 1587 1625; x_wconf 79' lang='grc' dir='ltr'>ἦσαν</span> <span class='ocrx_word' id='word_1_145' title='bbox 1611 1556 1722 1618; x_wconf 87' lang='grc' dir='ltr'>τοῖς</span> <span class='ocrx_word' id='word_1_146' title='bbox 1755 1555 1890 1618; x_wconf 79' lang='grc' dir='ltr'>υἱοῖς</span> 
     </span>
    </p>
   </div>
   <div class='ocr_carea' id='block_1_19' title="bbox 2000 467 3569 537">
    <p class='ocr_par' dir='ltr' id='par_1_19' title="bbox 2000 467 3569 537">
     <span class='ocr_line' id='line_1_19' title="bbox 2000 467 3569 537; baseline 0.002 -17"><span class='ocrx_word' id='word_1_147' title='bbox 2000 481 2126 520; x_wconf 89' lang='lat' dir='ltr'><strong>nem</strong></span> <span class='ocrx_word' id='word_1_148' title='bbox 2176 467 2416 536; x_wconf 83' lang='lat' dir='ltr'><strong>pradam</strong></span> <span class='ocrx_word' id='word_1_149' title='bbox 2462 483 2675 530; x_wconf 89' lang='lat' dir='ltr'><strong>eorum,</strong></span> <span class='ocrx_word' id='word_1_150' title='bbox 2723 477 2780 521; x_wconf 90' lang='lat' dir='ltr'><strong>et</strong></span> <span class='ocrx_word' id='word_1_151' title='bbox 2815 467 2998 521; x_wconf 82' lang='lat' dir='ltr'><strong>omnia</strong></span> <span class='ocrx_word' id='word_1_152' title='bbox 3039 467 3211 537; x_wconf 84' lang='lat' dir='ltr'><strong>spolia</strong></span> <span class='ocrx_word' id='word_1_153' title='bbox 3252 483 3444 523; x_wconf 90' lang='lat' dir='ltr'><strong>eorum</strong></span> <span class='ocrx_word' id='word_1_154' title='bbox 3500 469 3569 523; x_wconf 90' lang='lat' dir='ltr'><strong>ab</strong></span> 
     </span>
    </p>
   </div>
   <div class='ocr_carea' id='block_1_20' title="bbox 1999 554 3572 628">
    <p class='ocr_par' dir='ltr' id='par_1_20' title="bbox 1999 554 3572 628">
     <span class='ocr_line' id='line_1_20' title="bbox 1999 554 3572 628; baseline 0.002 -20"><span class='ocrx_word' id='word_1_155' title='bbox 1999 554 2220 610; x_wconf 84' lang='lat' dir='ltr'><strong>homine</strong></span> <span class='ocrx_word' id='word_1_156' title='bbox 2246 570 2417 624; x_wconf 91' lang='lat' dir='ltr'><strong>usque</strong></span> <span class='ocrx_word' id='word_1_157' title='bbox 2439 555 2506 609; x_wconf 90' lang='lat' dir='ltr'><strong>ad</strong></span> <span class='ocrx_word' id='word_1_158' title='bbox 2546 569 2734 624; x_wconf 89' lang='lat' dir='ltr'><strong>pecus,</strong></span> <span class='ocrx_word' id='word_1_159' title='bbox 2760 564 2817 608; x_wconf 89' lang='lat' dir='ltr'><strong>et</strong></span> <span class='ocrx_word' id='word_1_160' title='bbox 2861 555 3136 609; x_wconf 82' lang='lat' dir='ltr'><strong>duxerunt</strong></span> <span class='ocrx_word' id='word_1_161' title='bbox 3171 555 3239 608; x_wconf 91' lang='lat' dir='ltr'><strong>ad</strong></span> <span class='ocrx_word' id='word_1_162' title='bbox 3275 556 3492 628; x_wconf 85' lang='lat' dir='ltr'><strong>Moysen</strong></span> <span class='ocrx_word' id='word_1_163' title='bbox 3514 570 3572 611; x_wconf 86' lang='lat' dir='ltr'><strong>et</strong></span> 
     </span>
    </p>
   </div>
   <div class='ocr_carea' id='block_1_21' title="bbox 1998 645 3568 709">
    <p class='ocr_par' dir='ltr' id='par_1_21' title="bbox 1998 645 3568 709">
     <span class='ocr_line' id='line_1_21' title="bbox 1998 645 3568 709; baseline 0.003 -10"><span class='ocrx_word' id='word_1_164' title='bbox 1998 645 2064 700; x_wconf 89' lang='lat' dir='ltr'><strong>ad</strong></span> <span class='ocrx_word' id='word_1_165' title='bbox 2111 645 2335 698; x_wconf 83' lang='lat' dir='ltr'><strong>Eleazar</strong></span> <span class='ocrx_word' id='word_1_166' title='bbox 2371 645 2736 709; x_wconf 79' lang='lat' dir='ltr'><strong>sacerdotem,</strong></span> <span class='ocrx_word' id='word_1_167' title='bbox 2777 653 2834 699; x_wconf 90' lang='lat' dir='ltr'><strong>et</strong></span> <span class='ocrx_word' id='word_1_168' title='bbox 2878 645 2944 699; x_wconf 89' lang='lat' dir='ltr'><strong>ad</strong></span> <span class='ocrx_word' id='word_1_169' title='bbox 2987 659 3179 700; x_wconf 88' lang='lat' dir='ltr'><strong>omnes</strong></span> <span class='ocrx_word' id='word_1_170' title='bbox 3218 645 3360 701; x_wconf 87' lang='lat' dir='ltr'><strong>filios</strong></span> <span class='ocrx_word' id='word_1_171' title='bbox 3403 648 3568 702; x_wconf 91' lang='lat' dir='ltr'><strong>Israel</strong></span> 
     </span>
    </p>
   </div>
   <div class='ocr_carea' id='block_1_22' title="bbox 1997 735 3568 805">
    <p class='ocr_par' dir='ltr' id='par_1_22' title="bbox 1997 735 3568 805">
     <span class='ocr_line' id='line_1_22' title="bbox 1997 735 3568 805; baseline 0.003 -17"><span class='ocrx_word' id='word_1_172' title='bbox 1997 735 2390 804; x_wconf 73' lang='lat' dir='ltr'><strong>captivitatem,</strong></span> <span class='ocrx_word' id='word_1_173' title='bbox 2411 743 2470 788; x_wconf 86' lang='lat' dir='ltr'><strong>et</strong></span> <span class='ocrx_word' id='word_1_174' title='bbox 2491 735 2663 804; x_wconf 91' lang='lat' dir='ltr'><strong>spolia</strong></span> <span class='ocrx_word' id='word_1_175' title='bbox 2689 743 2745 790; x_wconf 82' lang='lat' dir='ltr'><strong>et</strong></span> <span class='ocrx_word' id='word_1_176' title='bbox 2767 736 3007 805; x_wconf 89' lang='lat' dir='ltr'><strong>pradam</strong></span> <span class='ocrx_word' id='word_1_177' title='bbox 3039 736 3092 790; x_wconf 91' lang='lat' dir='ltr'><strong>in</strong></span> <span class='ocrx_word' id='word_1_178' title='bbox 3119 745 3316 801; x_wconf 90' lang='lat' dir='ltr'><strong>castra,</strong></span> <span class='ocrx_word' id='word_1_179' title='bbox 3341 738 3394 791; x_wconf 89' lang='lat' dir='ltr'><strong>in</strong></span> <span class='ocrx_word' id='word_1_180' title='bbox 3429 738 3568 793; x_wconf 77' lang='lat' dir='ltr'><strong>Ara-</strong></span> 
     </span>
    </p>
   </div>
   <div class='ocr_carea' id='block_1_23' title="bbox 1997 825 3568 895">
    <p class='ocr_par' dir='ltr' id='par_1_23' title="bbox 1997 825 3568 895">
     <span class='ocr_line' id='line_1_23' title="bbox 1997 825 3568 895; baseline 0.004 -15"><span class='ocrx_word' id='word_1_181' title='bbox 1997 825 2132 880; x_wconf 89' lang='lat' dir='ltr'><strong>both</strong></span> <span class='ocrx_word' id='word_1_182' title='bbox 2159 826 2336 890; x_wconf 87' lang='lat' dir='ltr'><strong>Moab,</strong></span> <span class='ocrx_word' id='word_1_183' title='bbox 2377 841 2498 895; x_wconf 83' lang='lat' dir='ltr'><strong>qua</strong></span> <span class='ocrx_word' id='word_1_184' title='bbox 2528 834 2614 879; x_wconf 90' lang='lat' dir='ltr'><strong>est</strong></span> <span class='ocrx_word' id='word_1_185' title='bbox 2639 827 2694 880; x_wconf 91' lang='lat' dir='ltr'><strong>iu</strong></span> <span class='ocrx_word' id='word_1_186' title='bbox 2726 827 2965 882; x_wconf 72' lang='lat' dir='ltr'><strong>Iordane</strong></span> <span class='ocrx_word' id='word_1_187' title='bbox 3009 836 3200 883; x_wconf 89' lang='lat' dir='ltr'><strong>contra</strong></span> <span class='ocrx_word' id='word_1_188' title='bbox 3223 829 3462 884; x_wconf 90' lang='lat' dir='ltr'><strong>Jericho.</strong></span> <span class='ocrx_word' id='word_1_189' title='bbox 3499 831 3568 886; x_wconf 85' lang='lat' dir='ltr'><strong>Et</strong></span> 
     </span>
    </p>
   </div>
   <div class='ocr_carea' id='block_1_24' title="bbox 1994 917 3567 992">
    <p class='ocr_par' dir='ltr' id='par_1_24' title="bbox 1994 917 3567 992">
     <span class='ocr_line' id='line_1_24' title="bbox 1994 917 3567 992; baseline 0.003 -19"><span class='ocrx_word' id='word_1_190' title='bbox 1994 917 2132 973; x_wconf 80' lang='lat' dir='ltr'><strong>exiit</strong></span> <span class='ocrx_word' id='word_1_191' title='bbox 2153 917 2362 989; x_wconf 83' lang='lat' dir='ltr'><strong>Moyses</strong></span> <span class='ocrx_word' id='word_1_192' title='bbox 2385 919 2682 974; x_wconf 87' lang='lat' dir='ltr'><strong>etEleazar</strong></span> <span class='ocrx_word' id='word_1_193' title='bbox 2704 918 2980 984; x_wconf 85' lang='lat' dir='ltr'><strong>sacerdos,</strong></span> <span class='ocrx_word' id='word_1_194' title='bbox 2999 927 3054 973; x_wconf 90' lang='lat' dir='ltr'><strong>et</strong></span> <span class='ocrx_word' id='word_1_195' title='bbox 3083 935 3272 976; x_wconf 89' lang='lat' dir='ltr'><strong>omnes</strong></span> <span class='ocrx_word' id='word_1_196' title='bbox 3292 921 3567 992; x_wconf 85' lang='lat' dir='ltr'><strong>principes</strong></span> 
     </span>
    </p>
   </div>
   <div class='ocr_carea' id='block_1_25' title="bbox 1993 1008 3568 1080">
    <p class='ocr_par' dir='ltr' id='par_1_25' title="bbox 1993 1008 3568 1080">
     <span class='ocr_line' id='line_1_25' title="bbox 1993 1008 3568 1080; baseline 0.003 -17"><span class='ocrx_word' id='word_1_197' title='bbox 1993 1023 2275 1080; x_wconf 89' lang='lat' dir='ltr'><strong>synagoga</strong></span> <span class='ocrx_word' id='word_1_198' title='bbox 2305 1008 2358 1062; x_wconf 94' lang='lat' dir='ltr'><strong>in</strong></span> <span class='ocrx_word' id='word_1_199' title='bbox 2384 1023 2675 1063; x_wconf 89' lang='lat' dir='ltr'><strong>occursum</strong></span> <span class='ocrx_word' id='word_1_200' title='bbox 2689 1024 2880 1064; x_wconf 90' lang='lat' dir='ltr'><strong>eorum</strong></span> <span class='ocrx_word' id='word_1_201' title='bbox 2915 1016 3067 1063; x_wconf 81' lang='lat' dir='ltr'><strong>extra</strong></span> <span class='ocrx_word' id='word_1_202' title='bbox 3093 1018 3291 1076; x_wconf 90' lang='lat' dir='ltr'><strong>castra,</strong></span> <span class='ocrx_word' id='word_1_203' title='bbox 3317 1019 3373 1066; x_wconf 87' lang='lat' dir='ltr'><strong>et</strong></span> <span class='ocrx_word' id='word_1_204' title='bbox 3397 1012 3568 1068; x_wconf 89' lang='lat' dir='ltr'><strong>iratus</strong></span> 
     </span>
    </p>
   </div>
   <div class='ocr_carea' id='block_1_26' title="bbox 1992 1096 3566 1170">
    <p class='ocr_par' dir='ltr' id='par_1_26' title="bbox 1992 1096 3566 1170">
     <span class='ocr_line' id='line_1_26' title="bbox 1992 1096 3566 1170; baseline 0.003 -17"><span class='ocrx_word' id='word_1_205' title='bbox 1992 1105 2076 1153; x_wconf 82' lang='lat' dir='ltr'><strong>est</strong></span> <span class='ocrx_word' id='word_1_206' title='bbox 2103 1097 2286 1153; x_wconf 89' lang='lat' dir='ltr'><strong>furore</strong></span> <span class='ocrx_word' id='word_1_207' title='bbox 2315 1096 2524 1170; x_wconf 87' lang='lat' dir='ltr'><strong>Moyses</strong></span> <span class='ocrx_word' id='word_1_208' title='bbox 2542 1105 2735 1152; x_wconf 87' lang='lat' dir='ltr'><strong>contra</strong></span> <span class='ocrx_word' id='word_1_209' title='bbox 2759 1098 3116 1168; x_wconf 78' lang='lat' dir='ltr'><strong>imperatores</strong></span> <span class='ocrx_word' id='word_1_210' title='bbox 3134 1102 3408 1156; x_wconf 86' lang='lat' dir='ltr'><strong>exercitus</strong></span> <span class='ocrx_word' id='word_1_211' title='bbox 3439 1104 3566 1158; x_wconf 91' lang='lat' dir='ltr'><strong>mil-</strong></span> 
     </span>
    </p>
   </div>
   <div class='ocr_carea' id='block_1_27' title="bbox 1992 1187 3562 1262">
    <p class='ocr_par' dir='ltr' id='par_1_27' title="bbox 1992 1187 3562 1262">
     <span class='ocr_line' id='line_1_27' title="bbox 1992 1187 3562 1262; baseline 0.005 -22"><span class='ocrx_word' id='word_1_212' title='bbox 1992 1187 2233 1242; x_wconf 90' lang='lat' dir='ltr'><strong>lenarios</strong></span> <span class='ocrx_word' id='word_1_213' title='bbox 2264 1195 2321 1242; x_wconf 89' lang='lat' dir='ltr'><strong>et</strong></span> <span class='ocrx_word' id='word_1_214' title='bbox 2350 1188 2704 1244; x_wconf 85' lang='lat' dir='ltr'><strong>centuriones</strong></span> <span class='ocrx_word' id='word_1_215' title='bbox 2741 1189 3034 1244; x_wconf 82' lang='lat' dir='ltr'><strong>venientes</strong></span> <span class='ocrx_word' id='word_1_216' title='bbox 3076 1206 3144 1244; x_wconf 83' lang='lat' dir='ltr'><strong>ex</strong></span> <span class='ocrx_word' id='word_1_217' title='bbox 3175 1207 3356 1262; x_wconf 85' lang='lat' dir='ltr'><strong>pugna</strong></span> <span class='ocrx_word' id='word_1_218' title='bbox 3396 1193 3562 1260; x_wconf 90' lang='lat' dir='ltr'><strong>belli;</strong></span> 
     </span>
    </p>
   </div>
   <div class='ocr_carea' id='block_1_28' title="bbox 1989 1278 3566 1352">
    <p class='ocr_par' dir='ltr' id='par_1_28' title="bbox 1989 1278 3566 1352">
     <span class='ocr_line' id='line_1_28' title="bbox 1989 1278 3566 1352; baseline 0.003 -18"><span class='ocrx_word' id='word_1_219' title='bbox 1989 1287 2047 1334; x_wconf 93' lang='lat' dir='ltr'><strong>et</strong></span> <span class='ocrx_word' id='word_1_220' title='bbox 2083 1278 2222 1334; x_wconf 85' lang='lat' dir='ltr'><strong>dixit</strong></span> <span class='ocrx_word' id='word_1_221' title='bbox 2249 1278 2330 1334; x_wconf 90' lang='lat' dir='ltr'><strong>eis</strong></span> <span class='ocrx_word' id='word_1_222' title='bbox 2374 1280 2612 1351; x_wconf 81' lang='lat' dir='ltr'><strong>Moyses:</strong></span> <span class='ocrx_word' id='word_1_223' title='bbox 2648 1281 2719 1337; x_wconf 91' lang='lat' dir='ltr'><strong>Ut</strong></span> <span class='ocrx_word' id='word_1_224' title='bbox 2767 1280 2901 1350; x_wconf 90' lang='lat' dir='ltr'><strong>quid</strong></span> <span class='ocrx_word' id='word_1_225' title='bbox 2927 1281 3111 1335; x_wconf 89' lang='lat' dir='ltr'><strong>vivum</strong></span> <span class='ocrx_word' id='word_1_226' title='bbox 3140 1283 3364 1352; x_wconf 85' lang='lat' dir='ltr'><strong>cepistis</strong></span> <span class='ocrx_word' id='word_1_227' title='bbox 3405 1301 3566 1340; x_wconf 91' lang='lat' dir='ltr'><strong>omne</strong></span> 
     </span>
    </p>
   </div>
   <div class='ocr_carea' id='block_1_29' title="bbox 1990 1370 3568 1445">
    <p class='ocr_par' dir='ltr' id='par_1_29' title="bbox 1990 1370 3568 1445">
     <span class='ocr_line' id='line_1_29' title="bbox 1990 1370 3568 1445; baseline 0.003 -21"><span class='ocrx_word' id='word_1_228' title='bbox 1990 1370 2358 1426; x_wconf 77' lang='lat' dir='ltr'><strong>femininum?</strong></span> <span class='ocrx_word' id='word_1_229' title='bbox 2390 1372 2657 1428; x_wconf 69' lang='lat' dir='ltr'><strong>Ha’enim</strong></span> <span class='ocrx_word' id='word_1_230' title='bbox 2679 1373 2904 1428; x_wconf 89' lang='lat' dir='ltr'><strong>fuerunt</strong></span> <span class='ocrx_word' id='word_1_231' title='bbox 2929 1372 3056 1428; x_wconf 86' lang='lat' dir='ltr'><strong>ﬁliis</strong></span> <span class='ocrx_word' id='word_1_232' title='bbox 3094 1373 3257 1428; x_wconf 90' lang='lat' dir='ltr'><strong>Israel</strong></span> <span class='ocrx_word' id='word_1_233' title='bbox 3275 1376 3425 1445; x_wconf 82' lang='lat' dir='ltr'><strong>juxta</strong></span> <span class='ocrx_word' id='word_1_234' title='bbox 3446 1391 3568 1431; x_wconf 84' lang='lat' dir='ltr'><strong>ver-</strong></span> 
     </span>
    </p>
   </div>
   <div class='ocr_carea' id='block_1_30' title="bbox 2002 1463 3568 1534">
    <p class='ocr_par' dir='ltr' id='par_1_30' title="bbox 2002 1463 3568 1534">
     <span class='ocr_line' id='line_1_30' title="bbox 2002 1463 3568 1534; baseline 0.004 -18"><span class='ocrx_word' id='word_1_235' title='bbox 2002 1463 2132 1516; x_wconf 90' lang='lat' dir='ltr'><strong>bum</strong></span> <span class='ocrx_word' id='word_1_236' title='bbox 2189 1463 2430 1529; x_wconf 85' lang='lat' dir='ltr'><strong>Balaam,</strong></span> <span class='ocrx_word' id='word_1_237' title='bbox 2486 1472 2548 1518; x_wconf 90' lang='lat' dir='ltr'><strong>ut</strong></span> <span class='ocrx_word' id='word_1_238' title='bbox 2601 1465 3005 1534; x_wconf 85' lang='lat' dir='ltr'><strong>apostataretis,</strong></span> <span class='ocrx_word' id='word_1_239' title='bbox 3037 1474 3094 1520; x_wconf 89' lang='lat' dir='ltr'><strong>et</strong></span> <span class='ocrx_word' id='word_1_240' title='bbox 3144 1469 3568 1523; x_wconf 89' lang='lat' dir='ltr'><strong>contemneretis</strong></span> 
     </span>
    </p>
   </div>
   <div class='ocr_carea' id='block_1_31' title="bbox 1988 1554 3566 1629">
    <p class='ocr_par' dir='ltr' id='par_1_31' title="bbox 1988 1554 3566 1629">
     <span class='ocr_line' id='line_1_31' title="bbox 1988 1554 3566 1629; baseline 0.001 -18"><span class='ocrx_word' id='word_1_241' title='bbox 1988 1557 2218 1614; x_wconf 84' lang='lat' dir='ltr'><strong>verbum</strong></span> <span class='ocrx_word' id='word_1_242' title='bbox 2254 1554 2471 1610; x_wconf 90' lang='lat' dir='ltr'><strong>Domini</strong></span> <span class='ocrx_word' id='word_1_243' title='bbox 2502 1562 2728 1624; x_wconf 88' lang='lat' dir='ltr'><strong>pr0pter</strong></span> <span class='ocrx_word' id='word_1_244' title='bbox 2765 1555 3015 1625; x_wconf 83' lang='lat' dir='ltr'><strong>Phogor:</strong></span> <span class='ocrx_word' id='word_1_245' title='bbox 3053 1563 3110 1610; x_wconf 88' lang='lat' dir='ltr'><strong>et</strong></span> <span class='ocrx_word' id='word_1_246' title='bbox 3132 1555 3275 1612; x_wconf 90' lang='lat' dir='ltr'><strong>facta</strong></span> <span class='ocrx_word' id='word_1_247' title='bbox 3307 1565 3390 1612; x_wconf 90' lang='lat' dir='ltr'><strong>est</strong></span> <span class='ocrx_word' id='word_1_248' title='bbox 3411 1559 3566 1629; x_wconf 87' lang='lat' dir='ltr'><strong>plaga</strong></span> 
     </span>
    </p>
   </div>
   <div class='ocr_carea' id='block_1_32' title="bbox 316 1642 1887 1720">
    <p class='ocr_par' dir='ltr' id='par_1_32' title="bbox 316 1642 1887 1715">
     <span class='ocr_line' id='line_1_32' title="bbox 316 1642 1887 1715; baseline 0 -19"><span class='ocrx_word' id='word_1_249' title='bbox 316 1644 541 1715; x_wconf 84' lang='grc' dir='ltr'>Ἰσραὴλ</span> <span class='ocrx_word' id='word_1_250' title='bbox 571 1642 712 1697; x_wconf 81' lang='grc' dir='ltr'>κατὰ</span> <span class='ocrx_word' id='word_1_251' title='bbox 735 1643 794 1696; x_wconf 75' lang='grc' dir='ltr'>τδ</span> <span class='ocrx_word' id='word_1_252' title='bbox 818 1643 967 1714; x_wconf 79' lang='grc' dir='ltr'>ῥῆμα</span> <span class='ocrx_word' id='word_1_253' title='bbox 992 1644 1240 1714; x_wconf 84' lang='grc' dir='ltr'>Βαλαὰμ,</span> <span class='ocrx_word' id='word_1_254' title='bbox 1268 1642 1361 1697; x_wconf 78' lang='grc' dir='ltr'><strong>τοῦ</strong></span> <span class='ocrx_word' id='word_1_255' title='bbox 1387 1643 1763 1714; x_wconf 82' lang='grc' dir='ltr'>ἀποστατῆσαι</span> <span class='ocrx_word' id='word_1_256' title='bbox 1793 1644 1887 1697; x_wconf 75' lang='grc' dir='ltr'>καὶ</span> 
     </span>
    </p>
   </div>
   <div class='ocr_carea' id='block_1_33' title="bbox 1992 1642 3564 1720">
    <p class='ocr_par' dir='ltr' id='par_1_33' title="bbox 1992 1645 3564 1720">
     <span class='ocr_line' id='line_1_33' title="bbox 1992 1645 3564 1720; baseline -0.001 -17"><span class='ocrx_word' id='word_1_257' title='bbox 1992 1650 2044 1703; x_wconf 91' lang='lat' dir='ltr'><strong>in</strong></span> <span class='ocrx_word' id='word_1_258' title='bbox 2071 1662 2339 1720; x_wconf 81' lang='lat' dir='ltr'><strong>synagoga</strong></span> <span class='ocrx_word' id='word_1_259' title='bbox 2359 1645 2575 1700; x_wconf 90' lang='lat' dir='ltr'><strong>Domini</strong></span> <span class='ocrx_word' id='word_1_260' title='bbox 2603 1653 2694 1700; x_wconf 88' lang='lat' dir='ltr'><strong>:et</strong></span> <span class='ocrx_word' id='word_1_261' title='bbox 2721 1661 2866 1699; x_wconf 84' lang='lat' dir='ltr'><strong>nunc</strong></span> <span class='ocrx_word' id='word_1_262' title='bbox 2901 1646 3135 1701; x_wconf 88' lang='lat' dir='ltr'><strong>occidite</strong></span> <span class='ocrx_word' id='word_1_263' title='bbox 3163 1661 3324 1703; x_wconf 90' lang='lat' dir='ltr'><strong>omne</strong></span> <span class='ocrx_word' id='word_1_264' title='bbox 3349 1664 3564 1704; x_wconf 89' lang='lat' dir='ltr'><strong>mascu-</strong></span> 
     </span>
    </p>
   </div>
   <div class='ocr_carea' id='block_1_34' title="bbox 303 1715 1887 1808">
    <p class='ocr_par' dir='ltr' id='par_1_34' title="bbox 303 1731 1884 1804">
     <span class='ocr_line' id='line_1_34' title="bbox 303 1731 1884 1804; baseline 0 -18"><span class='ocrx_word' id='word_1_265' title='bbox 303 1735 588 1804; x_wconf 79' lang='grc' dir='ltr'>ὑπεριδεῖν</span> <span class='ocrx_word' id='word_1_266' title='bbox 611 1733 673 1786; x_wconf 82' lang='grc' dir='ltr'>τὸ</span> <span class='ocrx_word' id='word_1_267' title='bbox 712 1732 863 1804; x_wconf 78' lang='grc' dir='ltr'>ῥῆμα</span> <span class='ocrx_word' id='word_1_268' title='bbox 893 1733 1096 1803; x_wconf 83' lang='grc' dir='ltr'>Κυρίου</span> <span class='ocrx_word' id='word_1_269' title='bbox 1117 1771 1132 1796; x_wconf 89' lang='grc'><strong>,</strong></span> <span class='ocrx_word' id='word_1_270' title='bbox 1157 1732 1342 1786; x_wconf 75' lang='grc' dir='ltr'>ἕνεκεν</span> <span class='ocrx_word' id='word_1_271' title='bbox 1375 1731 1567 1804; x_wconf 82' lang='grc' dir='ltr'>Φογώρ</span> <span class='ocrx_word' id='word_1_272' title='bbox 1586 1746 1601 1761; x_wconf 87' lang='grc'>⁶</span> <span class='ocrx_word' id='word_1_273' title='bbox 1632 1734 1724 1786; x_wconf 80' lang='grc' dir='ltr'><strong>καὶ</strong></span> <span class='ocrx_word' id='word_1_274' title='bbox 1761 1733 1884 1802; x_wconf 89' lang='grc' dir='ltr'>ἐγέ-</span> 
     </span>
    </p>
   </div>
   <div class='ocr_carea' id='block_1_35' title="bbox 1992 1715 3563 1808">
    <p class='ocr_par' dir='ltr' id='par_1_35' title="bbox 1992 1737 3563 1808">
     <span class='ocr_line' id='line_1_35' title="bbox 1992 1737 3563 1808; baseline -0.001 -13"><span class='ocrx_word' id='word_1_275' title='bbox 1992 1741 2165 1795; x_wconf 89' lang='lat' dir='ltr'><strong>linum</strong></span> <span class='ocrx_word' id='word_1_276' title='bbox 2199 1741 2255 1794; x_wconf 89' lang='lat' dir='ltr'><strong>in</strong></span> <span class='ocrx_word' id='word_1_277' title='bbox 2276 1738 2423 1792; x_wconf 89' lang='lat' dir='ltr'><strong>omni</strong></span> <span class='ocrx_word' id='word_1_278' title='bbox 2450 1751 2663 1792; x_wconf 90' lang='lat' dir='ltr'><strong>summa</strong></span> <span class='ocrx_word' id='word_1_279' title='bbox 2684 1743 2743 1792; x_wconf 88' lang='lat' dir='ltr'><strong>et</strong></span> <span class='ocrx_word' id='word_1_280' title='bbox 2763 1747 2982 1791; x_wconf 87' lang='lat' dir='ltr'><strong>‘omnem</strong></span> <span class='ocrx_word' id='word_1_281' title='bbox 3005 1737 3442 1808; x_wconf 87' lang='lat' dir='ltr'><strong>mulierem,qna</strong></span> <span class='ocrx_word' id='word_1_282' title='bbox 3461 1756 3563 1794; x_wconf 90' lang='lat' dir='ltr'><strong>no-</strong></span> 
     </span>
    </p>
   </div>
   <div class='ocr_carea' id='block_1_36' title="bbox 303 1825 1885 1897">
    <p class='ocr_par' dir='ltr' id='par_1_36' title="bbox 303 1825 1885 1897">
     <span class='ocr_line' id='line_1_36' title="bbox 303 1825 1885 1897; baseline 0 -18"><span class='ocrx_word' id='word_1_283' title='bbox 303 1842 436 1879; x_wconf 83' lang='grc' dir='ltr'>νετο</span> <span class='ocrx_word' id='word_1_284' title='bbox 476 1825 719 1897; x_wconf 77' lang='grc' dir='ltr'>ἡπληγὴ</span> <span class='ocrx_word' id='word_1_285' title='bbox 758 1826 817 1877; x_wconf 89' lang='grc' dir='ltr'><strong>ἐν</strong></span> <span class='ocrx_word' id='word_1_286' title='bbox 857 1827 922 1896; x_wconf 75' lang='grc' dir='ltr'><strong>τῇ</strong></span> <span class='ocrx_word' id='word_1_287' title='bbox 961 1827 1252 1896; x_wconf 86' lang='grc' dir='ltr'>συναγωγῇ</span> <span class='ocrx_word' id='word_1_288' title='bbox 1302 1825 1510 1896; x_wconf 81' lang='grc' dir='ltr'>Κυρίου</span> <span class='ocrx_word' id='word_1_289' title='bbox 1533 1843 1548 1857; x_wconf 77' lang='grc' dir='ltr'><strong>ο</strong></span> <span class='ocrx_word' id='word_1_290' title='bbox 1609 1825 1704 1880; x_wconf 81' lang='grc' dir='ltr'>νῦν</span> <span class='ocrx_word' id='word_1_291' title='bbox 1745 1827 1885 1879; x_wconf 87' lang='grc' dir='ltr'>ἀπο-</span> 
     </span>
    </p>
   </div>
   <div class='ocr_carea' id='block_1_37' title="bbox 306 1916 1883 1990">
    <p class='ocr_par' dir='ltr' id='par_1_37' title="bbox 306 1916 1883 1990">
     <span class='ocr_line' id='line_1_37' title="bbox 306 1916 1883 1990; baseline 0.001 -18"><span class='ocrx_word' id='word_1_292' title='bbox 306 1918 560 1972; x_wconf 82' lang='grc' dir='ltr'>κτείνατε</span> <span class='ocrx_word' id='word_1_293' title='bbox 578 1919 688 1972; x_wconf 80' lang='grc' dir='ltr'><strong>πᾶν</strong></span> <span class='ocrx_word' id='word_1_294' title='bbox 718 1916 1024 1990; x_wconf 84' lang='grc' dir='ltr'>ἀρσενικὸν,</span> <span class='ocrx_word' id='word_1_295' title='bbox 1048 1918 1106 1970; x_wconf 91' lang='grc' dir='ltr'><strong>ἐν</strong></span> <span class='ocrx_word' id='word_1_296' title='bbox 1132 1919 1280 1988; x_wconf 79' lang='grc' dir='ltr'>πάσῃ</span> <span class='ocrx_word' id='word_1_297' title='bbox 1303 1916 1570 1989; x_wconf 85' lang='grc' dir='ltr'>άπαρτίᾳ,</span> <span class='ocrx_word' id='word_1_298' title='bbox 1587 1917 1682 1972; x_wconf 79' lang='grc' dir='ltr'>καὶ</span> <span class='ocrx_word' id='word_1_299' title='bbox 1703 1919 1883 1973; x_wconf 81' lang='grc' dir='ltr'>πᾶσαν</span> 
     </span>
    </p>
   </div>
   <div class='ocr_carea' id='block_1_38' title="bbox 302 2005 1884 2078">
    <p class='ocr_par' dir='ltr' id='par_1_38' title="bbox 302 2005 1884 2078">
     <span class='ocr_line' id='line_1_38' title="bbox 302 2005 1884 2078; baseline -0.001 -17"><span class='ocrx_word' id='word_1_300' title='bbox 302 2009 568 2076; x_wconf 79' lang='grc' dir='ltr'>γυναῖκα,</span> <span class='ocrx_word' id='word_1_301' title='bbox 590 2008 712 2078; x_wconf 75' lang='grc' dir='ltr'>ἥτις</span> <span class='ocrx_word' id='word_1_302' title='bbox 743 2005 883 2074; x_wconf 74' lang='grc' dir='ltr'>ἔγνω</span> <span class='ocrx_word' id='word_1_303' title='bbox 905 2007 1091 2077; x_wconf 85' lang='grc' dir='ltr'>κοίτην</span> <span class='ocrx_word' id='word_1_304' title='bbox 1107 2007 1352 2078; x_wconf 79' lang='grc' dir='ltr'>ἄρσενος,</span> <span class='ocrx_word' id='word_1_305' title='bbox 1382 2005 1760 2061; x_wconf 81' lang='grc' dir='ltr'>ἀποκτείνατε·</span> <span class='ocrx_word' id='word_1_306' title='bbox 1789 2006 1884 2061; x_wconf 80' lang='grc' dir='ltr'>καὶ</span> 
     </span>
    </p>
   </div>
   <div class='ocr_carea' id='block_1_39' title="bbox 304 2093 1882 2169">
    <p class='ocr_par' dir='ltr' id='par_1_39' title="bbox 304 2093 1882 2169">
     <span class='ocr_line' id='line_1_39' title="bbox 304 2093 1882 2169; baseline 0.001 -19"><span class='ocrx_word' id='word_1_307' title='bbox 304 2100 493 2151; x_wconf 75' lang='grc' dir='ltr'>πᾶσαν</span> <span class='ocrx_word' id='word_1_308' title='bbox 537 2095 638 2169; x_wconf 75' lang='grc' dir='ltr'>τὴν</span> <span class='ocrx_word' id='word_1_309' title='bbox 682 2096 957 2168; x_wconf 87' lang='grc' dir='ltr'>ἀπαρτίαν</span> <span class='ocrx_word' id='word_1_310' title='bbox 989 2095 1098 2149; x_wconf 88' lang='grc' dir='ltr'><strong>τῶν</strong></span> <span class='ocrx_word' id='word_1_311' title='bbox 1125 2096 1428 2164; x_wconf 87' lang='grc' dir='ltr'>γυναικῶν,</span> <span class='ocrx_word' id='word_1_312' title='bbox 1467 2097 1592 2168; x_wconf 70' lang='grc' dir='ltr'>ἥτις</span> <span class='ocrx_word' id='word_1_313' title='bbox 1634 2097 1735 2152; x_wconf 79' lang='grc' dir='ltr'>οὐκ</span> <span class='ocrx_word' id='word_1_314' title='bbox 1777 2093 1882 2151; x_wconf 73' lang='grc' dir='ltr'>οἶδε</span> 
     </span>
    </p>
   </div>
   <div class='ocr_carea' id='block_1_40' title="bbox 302 2186 1883 2261">
    <p class='ocr_par' dir='ltr' id='par_1_40' title="bbox 302 2186 1883 2261">
     <span class='ocr_line' id='line_1_40' title="bbox 302 2186 1883 2261; baseline 0.001 -19"><span class='ocrx_word' id='word_1_315' title='bbox 302 2189 501 2261; x_wconf 81' lang='grc' dir='ltr'>κοίτην</span> <span class='ocrx_word' id='word_1_316' title='bbox 543 2189 774 2260; x_wconf 79' lang='grc' dir='ltr'>ἄρσενος</span> <span class='ocrx_word' id='word_1_317' title='bbox 800 2228 814 2253; x_wconf 91' lang='grc'><strong>,</strong></span> <span class='ocrx_word' id='word_1_318' title='bbox 860 2186 1178 2260; x_wconf 77' lang='grc' dir='ltr'>ζωγρήσατε</span> <span class='ocrx_word' id='word_1_319' title='bbox 1230 2188 1420 2253; x_wconf 84' lang='grc' dir='ltr'>αὑτάς.</span> <span class='ocrx_word' id='word_1_320' title='bbox 1466 2206 1486 2240; x_wconf 73' lang='grc' dir='ltr'><strong>ι</strong></span> <span class='ocrx_word' id='word_1_321' title='bbox 1532 2189 1718 2243; x_wconf 82' lang='grc' dir='ltr'>Ταῦτα</span> <span class='ocrx_word' id='word_1_322' title='bbox 1749 2189 1883 2245; x_wconf 88' lang='grc' dir='ltr'><strong>Θεοῦ</strong></span> 
     </span>
    </p>
   </div>
   <div class='ocr_carea' id='block_1_41' title="bbox 304 2278 1882 2353">
    <p class='ocr_par' dir='ltr' id='par_1_41' title="bbox 304 2278 1882 2353">
     <span class='ocr_line' id='line_1_41' title="bbox 304 2278 1882 2353; baseline 0.003 -21"><span class='ocrx_word' id='word_1_323' title='bbox 304 2279 874 2351; x_wconf 83' lang='grc' dir='ltr'>κεχρησμῳδηκότος,</span> <span class='ocrx_word' id='word_1_324' title='bbox 911 2278 1204 2333; x_wconf 82' lang='grc' dir='ltr'>ἀπόλεκτοι</span> <span class='ocrx_word' id='word_1_325' title='bbox 1241 2279 1449 2334; x_wconf 87' lang='grc' dir='ltr'>νεανίαι</span> <span class='ocrx_word' id='word_1_326' title='bbox 1481 2281 1620 2353; x_wconf 66' lang='grc' dir='ltr'>πρὸς</span> <span class='ocrx_word' id='word_1_327' title='bbox 1649 2281 1750 2353; x_wconf 80' lang='grc' dir='ltr'>τὴν</span> <span class='ocrx_word' id='word_1_328' title='bbox 1787 2280 1882 2336; x_wconf 77' lang='grc' dir='ltr'><strong>τοῦ</strong></span> 
     </span>
    </p>
   </div>
   <div class='ocr_carea' id='block_1_42' title="bbox 303 2369 1882 2444">
    <p class='ocr_par' dir='ltr' id='par_1_42' title="bbox 303 2369 1882 2444">
     <span class='ocr_line' id='line_1_42' title="bbox 303 2369 1882 2444; baseline 0.002 -19"><span class='ocrx_word' id='word_1_329' title='bbox 303 2372 549 2443; x_wconf 85' lang='grc' dir='ltr'>πολέμου</span> <span class='ocrx_word' id='word_1_330' title='bbox 585 2369 1002 2442; x_wconf 77' lang='grc' dir='ltr'>συνεκομίζοντο</span> <span class='ocrx_word' id='word_1_331' title='bbox 1034 2372 1225 2442; x_wconf 81' lang='grc' dir='ltr'>χρείαν</span> <span class='ocrx_word' id='word_1_332' title='bbox 1246 2388 1262 2404; x_wconf 77' lang='grc' dir='ltr'><strong>ο</strong></span> <span class='ocrx_word' id='word_1_333' title='bbox 1296 2373 1392 2425; x_wconf 80' lang='grc' dir='ltr'>καὶ</span> <span class='ocrx_word' id='word_1_334' title='bbox 1412 2372 1520 2426; x_wconf 78' lang='grc' dir='ltr'><strong>ἀπὸ</strong></span> <span class='ocrx_word' id='word_1_335' title='bbox 1542 2373 1724 2444; x_wconf 86' lang='grc' dir='ltr'>πάσης</span> <span class='ocrx_word' id='word_1_336' title='bbox 1755 2391 1882 2428; x_wconf 88' lang='grc' dir='ltr'>συν-</span> 
     </span>
    </p>
   </div>
   <div class='ocr_carea' id='block_1_43' title="bbox 303 2463 1885 2539">
    <p class='ocr_par' dir='ltr' id='par_1_43' title="bbox 303 2463 1885 2539">
     <span class='ocr_line' id='line_1_43' title="bbox 303 2463 1885 2539; baseline 0 -21"><span class='ocrx_word' id='word_1_337' title='bbox 303 2468 460 2537; x_wconf 71' lang='grc' dir='ltr'>έρρει</span> <span class='ocrx_word' id='word_1_338' title='bbox 492 2464 668 2534; x_wconf 79' lang='grc' dir='ltr'>φυλῆς</span> <span class='ocrx_word' id='word_1_339' title='bbox 690 2505 705 2529; x_wconf 97' lang='grc'><strong>,</strong></span> <span class='ocrx_word' id='word_1_340' title='bbox 732 2463 795 2518; x_wconf 81' lang='grc' dir='ltr'>τὸ</span> <span class='ocrx_word' id='word_1_341' title='bbox 822 2464 904 2518; x_wconf 82' lang='grc' dir='ltr'>ὅτι</span> <span class='ocrx_word' id='word_1_342' title='bbox 939 2464 1178 2539; x_wconf 79' lang='grc' dir='ltr'>μάλιστα</span> <span class='ocrx_word' id='word_1_343' title='bbox 1227 2464 1503 2536; x_wconf 81' lang='grc' dir='ltr'>τληπαθὲς</span> <span class='ocrx_word' id='word_1_344' title='bbox 1531 2466 1625 2519; x_wconf 74' lang='grc' dir='ltr'>καὶ</span> <span class='ocrx_word' id='word_1_345' title='bbox 1652 2465 1885 2537; x_wconf 67' lang='grc' dir='ltr'>δοκιμώ-</span> 
     </span>
    </p>
   </div>
   <div class='ocr_carea' id='block_1_44' title="bbox 304 2555 1882 2631">
    <p class='ocr_par' dir='ltr' id='par_1_44' title="bbox 304 2555 1882 2631">
     <span class='ocr_line' id='line_1_44' title="bbox 304 2555 1882 2631; baseline -0.001 -20"><span class='ocrx_word' id='word_1_346' title='bbox 304 2575 492 2623; x_wconf 83' lang='grc' dir='ltr'>τατον,</span> <span class='ocrx_word' id='word_1_347' title='bbox 525 2557 612 2611; x_wconf 79' lang='grc' dir='ltr'>ἵνα</span> <span class='ocrx_word' id='word_1_348' title='bbox 631 2557 689 2609; x_wconf 80' lang='grc' dir='ltr'>τὸ</span> <span class='ocrx_word' id='word_1_349' title='bbox 717 2555 810 2625; x_wconf 81' lang='grc' dir='ltr'><strong>ἀφ’</strong></span> <span class='ocrx_word' id='word_1_350' title='bbox 835 2556 1073 2626; x_wconf 78' lang='grc' dir='ltr'>ἑκάστης</span> <span class='ocrx_word' id='word_1_351' title='bbox 1102 2557 1442 2629; x_wconf 80' lang='grc' dir='ltr'>εὐδοκιμοῦν,</span> <span class='ocrx_word' id='word_1_352' title='bbox 1472 2557 1698 2629; x_wconf 75' lang='grc' dir='ltr'>αὔχημα</span> <span class='ocrx_word' id='word_1_353' title='bbox 1722 2560 1882 2631; x_wconf 87' lang='grc' dir='ltr'>γένη-</span> 
     </span>
    </p>
   </div>
   <div class='ocr_carea' id='block_1_45' title="bbox 304 2647 1886 2720">
    <p class='ocr_par' dir='ltr' id='par_1_45' title="bbox 304 2647 1886 2720">
     <span class='ocr_line' id='line_1_45' title="bbox 304 2647 1886 2720; baseline 0.001 -17"><span class='ocrx_word' id='word_1_354' title='bbox 304 2667 398 2703; x_wconf 85' lang='grc' dir='ltr'><strong>ται</strong></span> <span class='ocrx_word' id='word_1_355' title='bbox 441 2649 535 2702; x_wconf 77' lang='grc' dir='ltr'><strong>τοῦ</strong></span> <span class='ocrx_word' id='word_1_356' title='bbox 578 2647 818 2713; x_wconf 83' lang='grc' dir='ltr'>παντὸς,</span> <span class='ocrx_word' id='word_1_357' title='bbox 866 2648 962 2702; x_wconf 75' lang='grc' dir='ltr'>καὶ</span> <span class='ocrx_word' id='word_1_358' title='bbox 993 2650 1026 2718; x_wconf 81' lang='grc' dir='ltr'>ὴ</span> <span class='ocrx_word' id='word_1_359' title='bbox 1071 2647 1167 2702; x_wconf 81' lang='grc' dir='ltr'><strong>τοῦ</strong></span> <span class='ocrx_word' id='word_1_360' title='bbox 1205 2650 1402 2720; x_wconf 89' lang='grc' dir='ltr'>μέρους</span> <span class='ocrx_word' id='word_1_361' title='bbox 1451 2650 1774 2720; x_wconf 85' lang='grc' dir='ltr'>λαμπρότης</span> <span class='ocrx_word' id='word_1_362' title='bbox 1806 2653 1886 2715; x_wconf 80' lang='grc' dir='ltr'><strong>είς</strong></span> 
     </span>
    </p>
   </div>
   <div class='ocr_carea' id='block_1_46' title="bbox 305 2739 1886 2812">
    <p class='ocr_par' dir='ltr' id='par_1_46' title="bbox 305 2739 1886 2812">
     <span class='ocr_line' id='line_1_46' title="bbox 305 2739 1886 2812; baseline 0.002 -19"><span class='ocrx_word' id='word_1_363' title='bbox 305 2742 429 2794; x_wconf 75' lang='grc' dir='ltr'>ὅλον</span> <span class='ocrx_word' id='word_1_364' title='bbox 460 2742 529 2794; x_wconf 69' lang='lat' dir='ltr'><strong>let</strong></span> <span class='ocrx_word' id='word_1_365' title='bbox 566 2741 626 2794; x_wconf 83' lang='grc' dir='ltr'>τὸ</span> <span class='ocrx_word' id='word_1_366' title='bbox 655 2739 952 2811; x_wconf 78' lang='grc' dir='ltr'>πλήρωμα,</span> <span class='ocrx_word' id='word_1_367' title='bbox 984 2739 1127 2793; x_wconf 80' lang='grc' dir='ltr'>κατά</span> <span class='ocrx_word' id='word_1_368' title='bbox 1157 2757 1220 2808; x_wconf 87' lang='grc' dir='ltr'><strong>γε</strong></span> <span class='ocrx_word' id='word_1_369' title='bbox 1245 2741 1306 2793; x_wconf 84' lang='grc' dir='ltr'>τὸ</span> <span class='ocrx_word' id='word_1_370' title='bbox 1336 2741 1441 2794; x_wconf 82' lang='grc' dir='ltr'><strong>ὑπὸ</strong></span> <span class='ocrx_word' id='word_1_371' title='bbox 1469 2741 1683 2796; x_wconf 86' lang='grc' dir='ltr'>Παύλου</span> <span class='ocrx_word' id='word_1_372' title='bbox 1709 2741 1886 2812; x_wconf 81' lang='grc' dir='ltr'>σοφῶς</span> 
     </span>
    </p>
   </div>
   <div class='ocr_carea' id='block_1_47' title="bbox 310 2831 1885 2905">
    <p class='ocr_par' dir='ltr' id='par_1_47' title="bbox 310 2831 1885 2905">
     <span class='ocr_line' id='line_1_47' title="bbox 310 2831 1885 2905; baseline 0.003 -21"><span class='ocrx_word' id='word_1_373' title='bbox 310 2832 629 2903; x_wconf 58' lang='grc' dir='ltr'>εἰρημένον</span> <span class='ocrx_word' id='word_1_374' title='bbox 672 2850 690 2884; x_wconf 80' lang='grc' dir='ltr'><strong>ι</strong></span> <span class='ocrx_word' id='word_1_375' title='bbox 738 2831 861 2885; x_wconf 72' lang='grc' dir='ltr'>Εἴτε</span> <span class='ocrx_word' id='word_1_376' title='bbox 894 2831 1005 2900; x_wconf 87' lang='grc' dir='ltr'><strong>γὰρ</strong></span> <span class='ocrx_word' id='word_1_377' title='bbox 1042 2831 1241 2902; x_wconf 88' lang='grc' dir='ltr'>πάσχει</span> <span class='ocrx_word' id='word_1_378' title='bbox 1272 2831 1330 2884; x_wconf 80' lang='grc' dir='ltr'>ἓν</span> <span class='ocrx_word' id='word_1_379' title='bbox 1357 2833 1538 2902; x_wconf 86' lang='grc' dir='ltr'>μέλος,</span> <span class='ocrx_word' id='word_1_380' title='bbox 1575 2833 1885 2905; x_wconf 86' lang='grc' dir='ltr'>συμπάσχει</span> 
     </span>
    </p>
   </div>
   <div class='ocr_carea' id='block_1_48' title="bbox 315 2914 1881 3000">
    <p class='ocr_par' dir='ltr' id='par_1_48' title="bbox 315 2914 1881 3000">
     <span class='ocr_line' id='line_1_48' title="bbox 315 2914 1881 3000; baseline 0.002 -23"><span class='ocrx_word' id='word_1_381' title='bbox 315 2927 496 2979; x_wconf 82' lang='grc' dir='ltr'>πάντα</span> <span class='ocrx_word' id='word_1_382' title='bbox 537 2914 606 2977; x_wconf 76' lang='grc' dir='ltr'>τὰ</span> <span class='ocrx_word' id='word_1_383' title='bbox 639 2924 810 2995; x_wconf 78' lang='grc' dir='ltr'>μέληο</span> <span class='ocrx_word' id='word_1_384' title='bbox 843 2924 953 2977; x_wconf 77' lang='grc' dir='ltr'>εἴτε</span> <span class='ocrx_word' id='word_1_385' title='bbox 977 2923 1258 2989; x_wconf 75' lang='grc' dir='ltr'>δοξάζεται</span> <span class='ocrx_word' id='word_1_386' title='bbox 1285 2922 1342 2977; x_wconf 87' lang='grc' dir='ltr'>ἓν</span> <span class='ocrx_word' id='word_1_387' title='bbox 1377 2923 1558 2994; x_wconf 81' lang='grc' dir='ltr'>μέλος,</span> <span class='ocrx_word' id='word_1_388' title='bbox 1596 2926 1881 3000; x_wconf 86' lang='grc' dir='ltr'>συγχαίρει</span> 
     </span>
    </p>
   </div>
   <div class='ocr_carea' id='block_1_49' title="bbox 309 3017 774 3088">
    <p class='ocr_par' dir='ltr' id='par_1_49' title="bbox 309 3017 774 3088">
     <span class='ocr_line' id='line_1_49' title="bbox 309 3017 774 3088; baseline 0.002 -20"><span class='ocrx_word' id='word_1_389' title='bbox 309 3017 492 3071; x_wconf 82' lang='grc' dir='ltr'>πάντα</span> <span class='ocrx_word' id='word_1_390' title='bbox 523 3017 591 3070; x_wconf 82' lang='grc' dir='ltr'><strong>τά</strong></span> <span class='ocrx_word' id='word_1_391' title='bbox 615 3017 774 3088; x_wconf 83' lang='grc' dir='ltr'>μέλη.</span> 
     </span>
    </p>
   </div>
   <div class='ocr_carea' id='block_1_50' title="bbox 383 3108 1075 3180">
    <p class='ocr_par' dir='ltr' id='par_1_50' title="bbox 383 3108 1075 3180">
     <span class='ocr_line' id='line_1_50' title="bbox 383 3108 1075 3180; baseline 0 -18"><span class='ocrx_word' id='word_1_392' title='bbox 383 3109 570 3162; x_wconf 81' lang='grc' dir='ltr'><strong>ΠΔΛΛ</strong></span> <span class='ocrx_word' id='word_1_393' title='bbox 581 3149 594 3162; x_wconf 93' lang='grc'><strong>.</strong></span> <span class='ocrx_word' id='word_1_394' title='bbox 637 3108 842 3180; x_wconf 84' lang='grc' dir='ltr'>Ὀρθῶς</span> <span class='ocrx_word' id='word_1_395' title='bbox 869 3109 1075 3179; x_wconf 78' lang='grc' dir='ltr'>διανοῇ.</span> 
     </span>
    </p>
   </div>
   <div class='ocr_carea' id='block_1_51' title="bbox 385 3198 1887 3270">
    <p class='ocr_par' dir='ltr' id='par_1_51' title="bbox 385 3198 1887 3270">
     <span class='ocr_line' id='line_1_51' title="bbox 385 3198 1887 3270; baseline -0.001 -19"><span class='ocrx_word' id='word_1_396' title='bbox 385 3200 550 3253; x_wconf 80' lang='grc' dir='ltr'><strong>ΚΥΡ.</strong></span> <span class='ocrx_word' id='word_1_397' title='bbox 593 3199 1072 3270; x_wconf 82' lang='grc' dir='ltr'>Κατεστρατεύετο</span> <span class='ocrx_word' id='word_1_398' title='bbox 1103 3198 1286 3252; x_wconf 90' lang='grc' dir='ltr'>τοίνυν</span> <span class='ocrx_word' id='word_1_399' title='bbox 1323 3198 1432 3250; x_wconf 90' lang='grc' dir='ltr'><strong>τῶν</strong></span> <span class='ocrx_word' id='word_1_400' title='bbox 1467 3198 1814 3269; x_wconf 75' lang='grc' dir='ltr'>Μαδιηναὶων</span> <span class='ocrx_word' id='word_1_401' title='bbox 1853 3199 1887 3270; x_wconf 78' lang='grc' dir='ltr'><strong>ὴ</strong></span> 
     </span>
    </p>
   </div>
   <div class='ocr_carea' id='block_1_52' title="bbox 307 3291 1890 3366">
    <p class='ocr_par' dir='ltr' id='par_1_52' title="bbox 307 3291 1890 3366">
     <span class='ocr_line' id='line_1_52' title="bbox 307 3291 1890 3366; baseline -0.001 -20"><span class='ocrx_word' id='word_1_402' title='bbox 307 3295 419 3347; x_wconf 86' lang='grc' dir='ltr'><strong>τῶν</strong></span> <span class='ocrx_word' id='word_1_403' title='bbox 454 3294 770 3348; x_wconf 84' lang='grc' dir='ltr'>ἀπολέκτων</span> <span class='ocrx_word' id='word_1_404' title='bbox 819 3295 1177 3366; x_wconf 83' lang='grc' dir='ltr'>ἀλκιμωτάτη</span> <span class='ocrx_word' id='word_1_405' title='bbox 1217 3293 1428 3364; x_wconf 82' lang='grc' dir='ltr'>πληθὺς</span> <span class='ocrx_word' id='word_1_406' title='bbox 1451 3331 1465 3357; x_wconf 93' lang='grc'><strong>,</strong></span> <span class='ocrx_word' id='word_1_407' title='bbox 1504 3292 1755 3354; x_wconf 84' lang='grc' dir='ltr'>συνόντος</span> <span class='ocrx_word' id='word_1_408' title='bbox 1790 3291 1858 3346; x_wconf 84' lang='grc' dir='ltr'>αὑ</span> <span class='ocrx_word' id='word_1_409' title='bbox 1879 3320 1890 3334; x_wconf 65' lang='grc' dir='ltr'><strong>η</strong></span> 
     </span>
    </p>
   </div>
   <div class='ocr_carea' id='block_1_53' title="bbox 311 3383 1886 3458">
    <p class='ocr_par' dir='ltr' id='par_1_53' title="bbox 311 3383 1886 3458">
     <span class='ocr_line' id='line_1_53' title="bbox 311 3383 1886 3458; baseline -0.003 -19"><span class='ocrx_word' id='word_1_410' title='bbox 311 3389 425 3448; x_wconf 74' lang='grc' dir='ltr'>τοῖς</span> <span class='ocrx_word' id='word_1_411' title='bbox 457 3386 641 3450; x_wconf 82' lang='grc' dir='ltr'>Φινεές</span> <span class='ocrx_word' id='word_1_412' title='bbox 671 3403 730 3440; x_wconf 89' lang='grc' dir='ltr'><strong>τε</strong></span> <span class='ocrx_word' id='word_1_413' title='bbox 763 3386 858 3439; x_wconf 79' lang='grc' dir='ltr'><strong>τοῦ</strong></span> <span class='ocrx_word' id='word_1_414' title='bbox 889 3387 1077 3458; x_wconf 81' lang='grc' dir='ltr'>ἱερέως</span> <span class='ocrx_word' id='word_1_415' title='bbox 1098 3426 1112 3450; x_wconf 91' lang='grc'><strong>,</strong></span> <span class='ocrx_word' id='word_1_416' title='bbox 1165 3385 1258 3439; x_wconf 74' lang='grc' dir='ltr'>καὶ</span> <span class='ocrx_word' id='word_1_417' title='bbox 1295 3384 1404 3437; x_wconf 91' lang='grc' dir='ltr'><strong>τῶν</strong></span> <span class='ocrx_word' id='word_1_418' title='bbox 1437 3383 1606 3452; x_wconf 82' lang='grc' dir='ltr'>ἁγίων</span> <span class='ocrx_word' id='word_1_419' title='bbox 1637 3383 1844 3436; x_wconf 86' lang='grc' dir='ltr'>σκευῶν</span> <span class='ocrx_word' id='word_1_420' title='bbox 1871 3423 1886 3447; x_wconf 95' lang='grc'><strong>,</strong></span> 
     </span>
    </p>
   </div>
   <div class='ocr_carea' id='block_1_54' title="bbox 313 3474 1886 3549">
    <p class='ocr_par' dir='ltr' id='par_1_54' title="bbox 313 3474 1886 3549">
     <span class='ocr_line' id='line_1_54' title="bbox 313 3474 1886 3549; baseline -0.001 -18"><span class='ocrx_word' id='word_1_421' title='bbox 313 3480 407 3532; x_wconf 81' lang='grc' dir='ltr'>καὶ</span> <span class='ocrx_word' id='word_1_422' title='bbox 434 3479 541 3549; x_wconf 75' lang='grc' dir='ltr'>μὴν</span> <span class='ocrx_word' id='word_1_423' title='bbox 574 3479 669 3532; x_wconf 77' lang='grc' dir='ltr'>καὶ</span> <span class='ocrx_word' id='word_1_424' title='bbox 699 3478 1032 3548; x_wconf 87' lang='grc' dir='ltr'>σαλπίγγων,</span> <span class='ocrx_word' id='word_1_425' title='bbox 1068 3477 1176 3530; x_wconf 87' lang='grc' dir='ltr'><strong>τῶν</strong></span> <span class='ocrx_word' id='word_1_426' title='bbox 1204 3476 1550 3546; x_wconf 84' lang='grc' dir='ltr'>καλουμένων</span> <span class='ocrx_word' id='word_1_427' title='bbox 1581 3474 1886 3546; x_wconf 82' lang='grc' dir='ltr'>σημασιῶν.</span> 
     </span>
    </p>
   </div>
   <div class='ocr_carea' id='block_1_55' title="bbox 313 3563 1890 3640">
    <p class='ocr_par' dir='ltr' id='par_1_55' title="bbox 313 3563 1890 3640">
     <span class='ocr_line' id='line_1_55' title="bbox 313 3563 1890 3640; baseline -0.005 -17"><span class='ocrx_word' id='word_1_428' title='bbox 313 3570 423 3623; x_wconf 76' lang='grc' dir='ltr'><strong>Καὶ</strong></span> <span class='ocrx_word' id='word_1_429' title='bbox 456 3570 566 3640; x_wconf 86' lang='grc' dir='ltr'><strong>γάρ</strong></span> <span class='ocrx_word' id='word_1_430' title='bbox 603 3571 752 3622; x_wconf 87' lang='grc' dir='ltr'>ἐστιν</span> <span class='ocrx_word' id='word_1_431' title='bbox 785 3568 872 3622; x_wconf 80' lang='grc' dir='ltr'><strong>ἀεὶ</strong></span> <span class='ocrx_word' id='word_1_432' title='bbox 907 3567 1168 3630; x_wconf 84' lang='grc' dir='ltr'>σύνοπλός</span> <span class='ocrx_word' id='word_1_433' title='bbox 1200 3584 1260 3619; x_wconf 90' lang='grc' dir='ltr'><strong>τε</strong></span> <span class='ocrx_word' id='word_1_434' title='bbox 1295 3566 1390 3619; x_wconf 77' lang='grc' dir='ltr'>καὶ</span> <span class='ocrx_word' id='word_1_435' title='bbox 1423 3563 1890 3635; x_wconf 85' lang='grc' dir='ltr'>συμπαραστάτης</span> 
     </span>
    </p>
   </div>
   <div class='ocr_carea' id='block_1_56' title="bbox 314 3655 1890 3734">
    <p class='ocr_par' dir='ltr' id='par_1_56' title="bbox 314 3655 1890 3734">
     <span class='ocr_line' id='line_1_56' title="bbox 314 3655 1890 3734; baseline -0.005 -20"><span class='ocrx_word' id='word_1_436' title='bbox 314 3666 423 3727; x_wconf 80' lang='grc' dir='ltr'>τοῖς</span> <span class='ocrx_word' id='word_1_437' title='bbox 456 3661 863 3734; x_wconf 80' lang='grc' dir='ltr'>ἀνδριζομένοις</span> <span class='ocrx_word' id='word_1_438' title='bbox 888 3662 916 3713; x_wconf 87' lang='lat'><strong>6</strong></span> <span class='ocrx_word' id='word_1_439' title='bbox 951 3659 1184 3731; x_wconf 84' lang='grc' dir='ltr'>Χριστὸς</span> <span class='ocrx_word' id='word_1_440' title='bbox 1209 3699 1225 3724; x_wconf 90' lang='grc'><strong>,</strong></span> <span class='ocrx_word' id='word_1_441' title='bbox 1259 3660 1288 3712; x_wconf 86' lang='grc' dir='ltr'>ὁ</span> <span class='ocrx_word' id='word_1_442' title='bbox 1318 3656 1491 3728; x_wconf 89' lang='grc' dir='ltr'>μέγας</span> <span class='ocrx_word' id='word_1_443' title='bbox 1525 3655 1680 3727; x_wconf 78' lang='grc' dir='ltr'>ἡμῶν</span> <span class='ocrx_word' id='word_1_444' title='bbox 1703 3655 1890 3726; x_wconf 82' lang='grc' dir='ltr'>ἀρχιε-</span> 
     </span>
    </p>
   </div>
   <div class='ocr_carea' id='block_1_57' title="bbox 315 3749 1890 3823">
    <p class='ocr_par' dir='ltr' id='par_1_57' title="bbox 315 3749 1890 3823">
     <span class='ocr_line' id='line_1_57' title="bbox 315 3749 1890 3823; baseline -0.004 -16"><span class='ocrx_word' id='word_1_445' title='bbox 315 3755 463 3823; x_wconf 61' lang='grc' dir='ltr'><strong>Δρεύςο</strong></span> <span class='ocrx_word' id='word_1_446' title='bbox 503 3753 827 3807; x_wconf 69' lang='grc' dir='ltr'>σὐναθλοῦσι</span> <span class='ocrx_word' id='word_1_447' title='bbox 851 3753 907 3807; x_wconf 78' lang='grc' dir='ltr'><strong>δὲ</strong></span> <span class='ocrx_word' id='word_1_448' title='bbox 929 3753 1022 3806; x_wconf 80' lang='grc' dir='ltr'>καὶ</span> <span class='ocrx_word' id='word_1_449' title='bbox 1041 3751 1283 3820; x_wconf 75' lang='grc' dir='ltr'>ἄγγελοι,</span> <span class='ocrx_word' id='word_1_450' title='bbox 1315 3750 1564 3820; x_wconf 84' lang='grc' dir='ltr'>καθάπερ</span> <span class='ocrx_word' id='word_1_451' title='bbox 1588 3749 1648 3800; x_wconf 86' lang='grc' dir='ltr'><strong>ἐν</strong></span> <span class='ocrx_word' id='word_1_452' title='bbox 1672 3749 1890 3800; x_wconf 81' lang='grc' dir='ltr'>σκεύεσι</span> 
     </span>
    </p>
   </div>
   <div class='ocr_carea' id='block_1_58' title="bbox 314 3838 1889 3915">
    <p class='ocr_par' dir='ltr' id='par_1_58' title="bbox 314 3838 1889 3915">
     <span class='ocr_line' id='line_1_58' title="bbox 314 3838 1889 3915; baseline -0.004 -17"><span class='ocrx_word' id='word_1_453' title='bbox 314 3849 424 3909; x_wconf 84' lang='grc' dir='ltr'>τοῖς</span> <span class='ocrx_word' id='word_1_454' title='bbox 453 3846 632 3914; x_wconf 80' lang='grc' dir='ltr'>ἁγίοις</span> <span class='ocrx_word' id='word_1_455' title='bbox 663 3843 1106 3915; x_wconf 83' lang='grc' dir='ltr'>ὑποδηλούμενοι.</span> <span class='ocrx_word' id='word_1_456' title='bbox 1148 3841 1327 3912; x_wconf 84' lang='grc' dir='ltr'>Σκεύη</span> <span class='ocrx_word' id='word_1_457' title='bbox 1356 3841 1463 3912; x_wconf 82' lang='grc' dir='ltr'><strong>γάρ</strong></span> <span class='ocrx_word' id='word_1_458' title='bbox 1493 3841 1624 3909; x_wconf 80' lang='grc' dir='ltr'>ἆγια</span> <span class='ocrx_word' id='word_1_459' title='bbox 1654 3839 1748 3893; x_wconf 72' lang='grc' dir='ltr'>καὶ</span> <span class='ocrx_word' id='word_1_460' title='bbox 1779 3838 1889 3892; x_wconf 89' lang='grc' dir='ltr'>λει-</span> 
     </span>
    </p>
   </div>
   <div class='ocr_carea' id='block_1_59' title="bbox 315 3930 1889 4010">
    <p class='ocr_par' dir='ltr' id='par_1_59' title="bbox 315 3930 1889 4010">
     <span class='ocr_line' id='line_1_59' title="bbox 315 3930 1889 4010; baseline -0.008 -17"><span class='ocrx_word' id='word_1_461' title='bbox 315 3939 602 4010; x_wconf 82' lang='grc' dir='ltr'>τουργικὰ,</span> <span class='ocrx_word' id='word_1_462' title='bbox 645 3935 714 3991; x_wconf 80' lang='grc' dir='ltr'><strong>τά</strong></span> <span class='ocrx_word' id='word_1_463' title='bbox 743 3941 800 3992; x_wconf 87' lang='grc' dir='ltr'><strong>ἐν</strong></span> <span class='ocrx_word' id='word_1_464' title='bbox 828 3935 1044 4008; x_wconf 82' lang='grc' dir='ltr'>οὐρανῷ</span> <span class='ocrx_word' id='word_1_465' title='bbox 1069 3933 1264 4002; x_wconf 84' lang='grc' dir='ltr'>λογικὰ</span> <span class='ocrx_word' id='word_1_466' title='bbox 1295 3931 1602 4002; x_wconf 72' lang='grc' dir='ltr'>πνεύματαο</span> <span class='ocrx_word' id='word_1_467' title='bbox 1633 3930 1889 3982; x_wconf 85' lang='grc' dir='ltr'>τέτακται</span> 
     </span>
    </p>
   </div>
   <div class='ocr_carea' id='block_1_60' title="bbox 311 4019 1889 4100">
    <p class='ocr_par' dir='ltr' id='par_1_60' title="bbox 311 4019 1889 4100">
     <span class='ocr_line' id='line_1_60' title="bbox 311 4019 1889 4100; baseline -0.009 -16"><span class='ocrx_word' id='word_1_468' title='bbox 311 4030 420 4100; x_wconf 81' lang='grc' dir='ltr'><strong>γὰρ</strong></span> <span class='ocrx_word' id='word_1_469' title='bbox 459 4029 616 4100; x_wconf 86' lang='grc' dir='ltr'>παρὰ</span> <span class='ocrx_word' id='word_1_470' title='bbox 653 4026 788 4081; x_wconf 89' lang='grc' dir='ltr'><strong>Θεοῦ</strong></span> <span class='ocrx_word' id='word_1_471' title='bbox 836 4027 974 4097; x_wconf 79' lang='grc' dir='ltr'>πρὸς</span> <span class='ocrx_word' id='word_1_472' title='bbox 1007 4024 1327 4096; x_wconf 79' lang='grc' dir='ltr'>ἐπικουρίαν</span> <span class='ocrx_word' id='word_1_473' title='bbox 1357 4021 1536 4094; x_wconf 78' lang='grc' dir='ltr'>ἡμῶν.</span> <span class='ocrx_word' id='word_1_474' title='bbox 1574 4020 1801 4092; x_wconf 88' lang='grc' dir='ltr'>Πάρεισι</span> <span class='ocrx_word' id='word_1_475' title='bbox 1832 4019 1889 4070; x_wconf 84' lang='grc' dir='ltr'><strong>δὲ</strong></span> 
     </span>
    </p>
   </div>
   <div class='ocr_carea' id='block_1_61' title="bbox 303 4110 1890 4193">
    <p class='ocr_par' dir='ltr' id='par_1_61' title="bbox 303 4110 1890 4193">
     <span class='ocr_line' id='line_1_61' title="bbox 303 4110 1890 4193; baseline -0.011 -17"><span class='ocrx_word' id='word_1_476' title='bbox 303 4124 463 4176; x_wconf 75' lang='grc' dir='ltr'>οὐδὲν</span> <span class='ocrx_word' id='word_1_477' title='bbox 499 4116 664 4193; x_wconf 78' lang='grc' dir='ltr'>ἧττον</span> <span class='ocrx_word' id='word_1_478' title='bbox 702 4120 794 4175; x_wconf 74' lang='grc' dir='ltr'>καὶ</span> <span class='ocrx_word' id='word_1_479' title='bbox 823 4121 878 4172; x_wconf 76' lang='grc' dir='ltr'>αἱ</span> <span class='ocrx_word' id='word_1_480' title='bbox 915 4117 1217 4184; x_wconf 85' lang='grc' dir='ltr'>σάλπιγγες</span> <span class='ocrx_word' id='word_1_481' title='bbox 1244 4114 1355 4168; x_wconf 91' lang='grc' dir='ltr'><strong>τῶν</strong></span> <span class='ocrx_word' id='word_1_482' title='bbox 1381 4110 1667 4184; x_wconf 84' lang='grc' dir='ltr'>σημασιῶν</span> <span class='ocrx_word' id='word_1_483' title='bbox 1687 4153 1702 4176; x_wconf 89' lang='grc'><strong>,</strong></span> <span class='ocrx_word' id='word_1_484' title='bbox 1734 4126 1890 4163; x_wconf 80' lang='grc' dir='ltr'>τουτ-</span> 
     </span>
    </p>
   </div>
   <div class='ocr_carea' id='block_1_62' title="bbox 307 4200 1888 4283">
    <p class='ocr_par' dir='ltr' id='par_1_62' title="bbox 307 4200 1888 4283">
     <span class='ocr_line' id='line_1_62' title="bbox 307 4200 1888 4283; baseline -0.011 -14"><span class='ocrx_word' id='word_1_485' title='bbox 307 4215 428 4269; x_wconf 76' lang='grc' dir='ltr'>έστι</span> <span class='ocrx_word' id='word_1_486' title='bbox 467 4213 580 4267; x_wconf 88' lang='grc' dir='ltr'><strong>τῶν</strong></span> <span class='ocrx_word' id='word_1_487' title='bbox 615 4211 896 4283; x_wconf 87' lang='grc' dir='ltr'>θεηγόρων</span> <span class='ocrx_word' id='word_1_488' title='bbox 936 4210 986 4262; x_wconf 80' lang='grc' dir='ltr'>οἱ</span> <span class='ocrx_word' id='word_1_489' title='bbox 1033 4208 1216 4277; x_wconf 90' lang='grc' dir='ltr'>λόγοι,</span> <span class='ocrx_word' id='word_1_490' title='bbox 1268 4205 1330 4258; x_wconf 84' lang='grc' dir='ltr'>τὸ</span> <span class='ocrx_word' id='word_1_491' title='bbox 1368 4204 1491 4257; x_wconf 90' lang='grc' dir='ltr'>τίνα</span> <span class='ocrx_word' id='word_1_492' title='bbox 1535 4203 1642 4274; x_wconf 80' lang='grc' dir='ltr'>χρὴ</span> <span class='ocrx_word' id='word_1_493' title='bbox 1688 4200 1888 4271; x_wconf 83' lang='grc' dir='ltr'>τρόπον</span> 
     </span>
    </p>
   </div>
   <div class='ocr_carea' id='block_1_63' title="bbox 309 4291 1888 4376">
    <p class='ocr_par' dir='ltr' id='par_1_63' title="bbox 309 4291 1888 4376">
     <span class='ocr_line' id='line_1_63' title="bbox 309 4291 1888 4376; baseline -0.011 -16"><span class='ocrx_word' id='word_1_494' title='bbox 309 4303 775 4376; x_wconf 77' lang='grc' dir='ltr'>κατανδρίςεσθαι</span> <span class='ocrx_word' id='word_1_495' title='bbox 806 4301 915 4355; x_wconf 90' lang='grc' dir='ltr'><strong>τῶν</strong></span> <span class='ocrx_word' id='word_1_496' title='bbox 937 4299 1171 4372; x_wconf 78' lang='grc' dir='ltr'>ἐχθρῶν,</span> <span class='ocrx_word' id='word_1_497' title='bbox 1200 4298 1322 4368; x_wconf 73' lang='grc' dir='ltr'>ἦτοι</span> <span class='ocrx_word' id='word_1_498' title='bbox 1340 4295 1449 4348; x_wconf 90' lang='grc' dir='ltr'><strong>τῶν</strong></span> <span class='ocrx_word' id='word_1_499' title='bbox 1471 4295 1529 4348; x_wconf 85' lang='grc' dir='ltr'><strong>ἐν</strong></span> <span class='ocrx_word' id='word_1_500' title='bbox 1557 4294 1687 4364; x_wconf 80' lang='grc' dir='ltr'>ἡμῖν</span> <span class='ocrx_word' id='word_1_501' title='bbox 1719 4291 1888 4344; x_wconf 77' lang='grc' dir='ltr'>ὄντων</span> 
     </span>
    </p>
   </div>
   <div class='ocr_carea' id='block_1_64' title="bbox 1991 1830 3563 1895">
    <p class='ocr_par' dir='ltr' id='par_1_64' title="bbox 1991 1830 3563 1895">
     <span class='ocr_line' id='line_1_64' title="bbox 1991 1830 3563 1895; baseline 0.001 -8"><span class='ocrx_word' id='word_1_502' title='bbox 1991 1833 2072 1887; x_wconf 91' lang='lat' dir='ltr'><strong>vit</strong></span> <span class='ocrx_word' id='word_1_503' title='bbox 2109 1833 2314 1887; x_wconf 84' lang='lat' dir='ltr'><strong>lectum</strong></span> <span class='ocrx_word' id='word_1_504' title='bbox 2352 1830 2618 1895; x_wconf 86' lang='lat' dir='ltr'><strong>masculi;</strong></span> <span class='ocrx_word' id='word_1_505' title='bbox 2665 1830 2901 1886; x_wconf 89' lang='lat' dir='ltr'><strong>occidite</strong></span> <span class='ocrx_word' id='word_1_506' title='bbox 2939 1837 2996 1884; x_wconf 92' lang='lat' dir='ltr'><strong>et</strong></span> <span class='ocrx_word' id='word_1_507' title='bbox 3045 1844 3264 1886; x_wconf 88' lang='lat' dir='ltr'><strong>omnem</strong></span> <span class='ocrx_word' id='word_1_508' title='bbox 3296 1847 3563 1888; x_wconf 88' lang='lat' dir='ltr'><strong>summam</strong></span> 
     </span>
    </p>
   </div>
   <div class='ocr_carea' id='block_1_65' title="bbox 1992 1923 3566 1993">
    <p class='ocr_par' dir='ltr' id='par_1_65' title="bbox 1992 1923 3566 1993">
     <span class='ocr_line' id='line_1_65' title="bbox 1992 1923 3566 1993; baseline -0.001 -13"><span class='ocrx_word' id='word_1_509' title='bbox 1992 1925 2323 1980; x_wconf 79' lang='lat' dir='ltr'><strong>feminarum</strong></span> <span class='ocrx_word' id='word_1_510' title='bbox 2347 1963 2362 1988; x_wconf 90' lang='lat'><strong>,</strong></span> <span class='ocrx_word' id='word_1_511' title='bbox 2395 1926 2526 1993; x_wconf 57' lang='lat' dir='ltr'><strong>qua!l</strong></span> <span class='ocrx_word' id='word_1_512' title='bbox 2553 1938 2665 1978; x_wconf 91' lang='lat' dir='ltr'><strong>non</strong></span> <span class='ocrx_word' id='word_1_513' title='bbox 2698 1923 2851 1978; x_wconf 89' lang='lat' dir='ltr'><strong>novit</strong></span> <span class='ocrx_word' id='word_1_514' title='bbox 2888 1924 3091 1978; x_wconf 90' lang='lat' dir='ltr'><strong>lectum</strong></span> <span class='ocrx_word' id='word_1_515' title='bbox 3123 1925 3374 1990; x_wconf 88' lang='lat' dir='ltr'><strong>masculi,</strong></span> <span class='ocrx_word' id='word_1_516' title='bbox 3413 1926 3566 1980; x_wconf 89' lang='lat' dir='ltr'><strong>vivas</strong></span> 
     </span>
    </p>
   </div>
   <div class='ocr_carea' id='block_1_66' title="bbox 1992 2014 3566 2088">
    <p class='ocr_par' dir='ltr' id='par_1_66' title="bbox 1992 2014 3566 2088">
     <span class='ocr_line' id='line_1_66' title="bbox 1992 2014 3566 2088; baseline -0.001 -14"><span class='ocrx_word' id='word_1_517' title='bbox 1992 2017 2178 2088; x_wconf 88' lang='lat' dir='ltr'><strong>capite</strong></span> <span class='ocrx_word' id='word_1_518' title='bbox 2197 2031 2292 2073; x_wconf 90' lang='lat' dir='ltr'><strong>eas</strong></span> <span class='ocrx_word' id='word_1_519' title='bbox 2326 2016 2392 2070; x_wconf 77' lang='grc'><strong>⁸⁸.</strong></span> <span class='ocrx_word' id='word_1_520' title='bbox 2423 2014 2549 2070; x_wconf 81' lang='lat' dir='ltr'><strong>Hac</strong></span> <span class='ocrx_word' id='word_1_521' title='bbox 2569 2029 2694 2070; x_wconf 92' lang='lat' dir='ltr'><strong>cum</strong></span> <span class='ocrx_word' id='word_1_522' title='bbox 2714 2015 2965 2086; x_wconf 74' lang='lat' dir='ltr'><strong>iussisset</strong></span> <span class='ocrx_word' id='word_1_523' title='bbox 2988 2016 3153 2081; x_wconf 90' lang='lat' dir='ltr'><strong>Deus,</strong></span> <span class='ocrx_word' id='word_1_524' title='bbox 3175 2017 3301 2071; x_wconf 91' lang='lat' dir='ltr'><strong>lecti</strong></span> <span class='ocrx_word' id='word_1_525' title='bbox 3336 2017 3566 2086; x_wconf 83' lang='lat' dir='ltr'><strong>juvenes</strong></span> 
     </span>
    </p>
   </div>
   <div class='ocr_carea' id='block_1_67' title="bbox 1991 2106 3566 2180">
    <p class='ocr_par' dir='ltr' id='par_1_67' title="bbox 1991 2106 3566 2180">
     <span class='ocr_line' id='line_1_67' title="bbox 1991 2106 3566 2180; baseline -0.003 -14"><span class='ocrx_word' id='word_1_526' title='bbox 1991 2111 2059 2165; x_wconf 87' lang='lat' dir='ltr'><strong>ad</strong></span> <span class='ocrx_word' id='word_1_527' title='bbox 2105 2110 2316 2166; x_wconf 90' lang='lat' dir='ltr'><strong>bellum</strong></span> <span class='ocrx_word' id='word_1_528' title='bbox 2369 2106 2670 2180; x_wconf 86' lang='lat' dir='ltr'><strong>gerendum</strong></span> <span class='ocrx_word' id='word_1_529' title='bbox 2722 2106 3144 2172; x_wconf 86' lang='lat' dir='ltr'><strong>conveniebant,</strong></span> <span class='ocrx_word' id='word_1_530' title='bbox 3176 2116 3232 2162; x_wconf 91' lang='lat' dir='ltr'><strong>et</strong></span> <span class='ocrx_word' id='word_1_531' title='bbox 3272 2123 3302 2162; x_wconf 90' lang='lat' dir='ltr'><strong>a</strong></span> <span class='ocrx_word' id='word_1_532' title='bbox 3339 2107 3566 2180; x_wconf 87' lang='lat' dir='ltr'><strong>singulis</strong></span> 
     </span>
    </p>
   </div>
   <div class='ocr_carea' id='block_1_68' title="bbox 2009 2199 3561 2272">
    <p class='ocr_par' dir='ltr' id='par_1_68' title="bbox 2009 2199 3561 2272">
     <span class='ocr_line' id='line_1_68' title="bbox 2009 2199 3561 2272; baseline -0.003 -13"><span class='ocrx_word' id='word_1_533' title='bbox 2009 2202 2290 2267; x_wconf 86' lang='lat' dir='ltr'><strong>tribubus,</strong></span> <span class='ocrx_word' id='word_1_534' title='bbox 2334 2202 2429 2272; x_wconf 89' lang='lat' dir='ltr'><strong>qui</strong></span> <span class='ocrx_word' id='word_1_535' title='bbox 2461 2200 2696 2256; x_wconf 80' lang='lat' dir='ltr'><strong>maxime</strong></span> <span class='ocrx_word' id='word_1_536' title='bbox 2723 2199 3004 2254; x_wconf 87' lang='lat' dir='ltr'><strong>laboribus</strong></span> <span class='ocrx_word' id='word_1_537' title='bbox 3035 2200 3332 2255; x_wconf 88' lang='lat' dir='ltr'><strong>tolerandis</strong></span> <span class='ocrx_word' id='word_1_538' title='bbox 3361 2202 3561 2256; x_wconf 89' lang='lat' dir='ltr'><strong>assueti</strong></span> 
     </span>
    </p>
   </div>
   <div class='ocr_carea' id='block_1_69' title="bbox 1991 2290 3561 2364">
    <p class='ocr_par' dir='ltr' id='par_1_69' title="bbox 1991 2290 3561 2364">
     <span class='ocr_line' id='line_1_69' title="bbox 1991 2290 3561 2364; baseline -0.002 -14"><span class='ocrx_word' id='word_1_539' title='bbox 1991 2303 2170 2359; x_wconf 88' lang='lat' dir='ltr'><strong>erant,</strong></span> <span class='ocrx_word' id='word_1_540' title='bbox 2206 2302 2262 2349; x_wconf 90' lang='lat' dir='ltr'><strong>et</strong></span> <span class='ocrx_word' id='word_1_541' title='bbox 2292 2293 2358 2348; x_wconf 90' lang='lat' dir='ltr'><strong>ad</strong></span> <span class='ocrx_word' id='word_1_542' title='bbox 2395 2291 2748 2364; x_wconf 86' lang='lat' dir='ltr'><strong>pugnandum</strong></span> <span class='ocrx_word' id='word_1_543' title='bbox 2773 2290 3165 2360; x_wconf 87' lang='lat' dir='ltr'><strong>probatissimi,</strong></span> <span class='ocrx_word' id='word_1_544' title='bbox 3194 2291 3561 2358; x_wconf 81' lang='lat' dir='ltr'><strong>conﬂuebant,</strong></span> 
     </span>
    </p>
   </div>
   <div class='ocr_carea' id='block_1_70' title="bbox 1992 2379 3563 2452">
    <p class='ocr_par' dir='ltr' id='par_1_70' title="bbox 1992 2379 3563 2452">
     <span class='ocr_line' id='line_1_70' title="bbox 1992 2379 3563 2452; baseline 0 -15"><span class='ocrx_word' id='word_1_545' title='bbox 1992 2391 2055 2438; x_wconf 92' lang='lat' dir='ltr'><strong>ut</strong></span> <span class='ocrx_word' id='word_1_546' title='bbox 2093 2383 2410 2452; x_wconf 84' lang='lat' dir='ltr'><strong>quicunque</strong></span> <span class='ocrx_word' id='word_1_547' title='bbox 2433 2381 2500 2436; x_wconf 91' lang='lat' dir='ltr'><strong>de</strong></span> <span class='ocrx_word' id='word_1_548' title='bbox 2543 2380 2772 2451; x_wconf 90' lang='lat' dir='ltr'><strong>singulis</strong></span> <span class='ocrx_word' id='word_1_549' title='bbox 2805 2379 3063 2434; x_wconf 90' lang='lat' dir='ltr'><strong>tribubus</strong></span> <span class='ocrx_word' id='word_1_550' title='bbox 3089 2381 3496 2447; x_wconf 81' lang='lat' dir='ltr'><strong>excelluissent,</strong></span> <span class='ocrx_word' id='word_1_551' title='bbox 3525 2384 3563 2437; x_wconf 93' lang='lat' dir='ltr'><strong>ii</strong></span> 
     </span>
    </p>
   </div>
   <div class='ocr_carea' id='block_1_71' title="bbox 1991 2471 3563 2544">
    <p class='ocr_par' dir='ltr' id='par_1_71' title="bbox 1991 2471 3563 2544">
     <span class='ocr_line' id='line_1_71' title="bbox 1991 2471 3563 2544; baseline -0.001 -16"><span class='ocrx_word' id='word_1_552' title='bbox 1991 2474 2178 2544; x_wconf 91' lang='lat' dir='ltr'><strong>gloria</strong></span> <span class='ocrx_word' id='word_1_553' title='bbox 2199 2474 2401 2544; x_wconf 88' lang='lat' dir='ltr'><strong>p0pnlo</strong></span> <span class='ocrx_word' id='word_1_554' title='bbox 2435 2472 2692 2526; x_wconf 88' lang='lat' dir='ltr'><strong>universo</strong></span> <span class='ocrx_word' id='word_1_555' title='bbox 2711 2477 2914 2536; x_wconf 82' lang='lat' dir='ltr'><strong>essent,</strong></span> <span class='ocrx_word' id='word_1_556' title='bbox 2937 2477 2994 2525; x_wconf 93' lang='lat' dir='ltr'><strong>et</strong></span> <span class='ocrx_word' id='word_1_557' title='bbox 3013 2471 3188 2540; x_wconf 89' lang='lat' dir='ltr'><strong>partis</strong></span> <span class='ocrx_word' id='word_1_558' title='bbox 3216 2471 3380 2526; x_wconf 89' lang='lat' dir='ltr'><strong>unius</strong></span> <span class='ocrx_word' id='word_1_559' title='bbox 3400 2472 3563 2527; x_wconf 85' lang='lat' dir='ltr'><strong>nobi-</strong></span> 
     </span>
    </p>
   </div>
   <div class='ocr_carea' id='block_1_72' title="bbox 1991 2562 3564 2634">
    <p class='ocr_par' dir='ltr' id='par_1_72' title="bbox 1991 2562 3564 2634">
     <span class='ocr_line' id='line_1_72' title="bbox 1991 2562 3564 2634; baseline -0.002 -15"><span class='ocrx_word' id='word_1_560' title='bbox 1991 2565 2119 2619; x_wconf 90' lang='lat' dir='ltr'><strong>litas</strong></span> <span class='ocrx_word' id='word_1_561' title='bbox 2153 2565 2220 2620; x_wconf 91' lang='lat' dir='ltr'><strong>ad</strong></span> <span class='ocrx_word' id='word_1_562' title='bbox 2267 2563 2667 2634; x_wconf 89' lang='lat' dir='ltr'><strong>plenitudinem</strong></span> <span class='ocrx_word' id='word_1_563' title='bbox 2710 2569 2880 2616; x_wconf 90' lang='lat' dir='ltr'><strong>totam</strong></span> <span class='ocrx_word' id='word_1_564' title='bbox 2921 2562 3256 2632; x_wconf 86' lang='lat' dir='ltr'><strong>pertineret;</strong></span> <span class='ocrx_word' id='word_1_565' title='bbox 3307 2562 3564 2617; x_wconf 84' lang='lat' dir='ltr'><strong>similiter</strong></span> 
     </span>
    </p>
   </div>
   <div class='ocr_carea' id='block_1_73' title="bbox 1993 2652 3564 2726">
    <p class='ocr_par' dir='ltr' id='par_1_73' title="bbox 1993 2652 3564 2726">
     <span class='ocr_line' id='line_1_73' title="bbox 1993 2652 3564 2726; baseline 0 -16"><span class='ocrx_word' id='word_1_566' title='bbox 1993 2664 2157 2726; x_wconf 87' lang='lat' dir='ltr'><strong>atque</strong></span> <span class='ocrx_word' id='word_1_567' title='bbox 2191 2664 2279 2712; x_wconf 92' lang='lat' dir='ltr'><strong>est</strong></span> <span class='ocrx_word' id='word_1_568' title='bbox 2327 2671 2358 2711; x_wconf 91' lang='lat' dir='ltr'><strong>a</strong></span> <span class='ocrx_word' id='word_1_569' title='bbox 2405 2656 2576 2711; x_wconf 88' lang='lat' dir='ltr'><strong>Paulo</strong></span> <span class='ocrx_word' id='word_1_570' title='bbox 2622 2652 3022 2724; x_wconf 88' lang='lat' dir='ltr'><strong>sapientissime</strong></span> <span class='ocrx_word' id='word_1_571' title='bbox 3067 2653 3322 2709; x_wconf 88' lang='lat' dir='ltr'><strong>dictum:</strong></span> <span class='ocrx_word' id='word_1_572' title='bbox 3379 2673 3398 2707; x_wconf 79' lang='grc' dir='ltr'><strong>ι</strong></span> <span class='ocrx_word' id='word_1_573' title='bbox 3435 2653 3564 2710; x_wconf 88' lang='lat' dir='ltr'><strong>Sive</strong></span> 
     </span>
    </p>
   </div>
   <div class='ocr_carea' id='block_1_74' title="bbox 1992 2743 3562 2816">
    <p class='ocr_par' dir='ltr' id='par_1_74' title="bbox 1992 2743 3562 2816">
     <span class='ocr_line' id='line_1_74' title="bbox 1992 2743 3562 2816; baseline 0 -18"><span class='ocrx_word' id='word_1_574' title='bbox 1992 2745 2138 2800; x_wconf 90' lang='lat' dir='ltr'><strong>enim</strong></span> <span class='ocrx_word' id='word_1_575' title='bbox 2157 2745 2365 2816; x_wconf 89' lang='lat' dir='ltr'><strong>patitur</strong></span> <span class='ocrx_word' id='word_1_576' title='bbox 2386 2760 2558 2800; x_wconf 90' lang='lat' dir='ltr'><strong>unum</strong></span> <span class='ocrx_word' id='word_1_577' title='bbox 2579 2743 2907 2809; x_wconf 88' lang='lat' dir='ltr'><strong>membrum,</strong></span> <span class='ocrx_word' id='word_1_578' title='bbox 2936 2744 3346 2812; x_wconf 88' lang='lat' dir='ltr'><strong>compatiuntur</strong></span> <span class='ocrx_word' id='word_1_579' title='bbox 3378 2743 3562 2798; x_wconf 91' lang='lat' dir='ltr'><strong>omnia</strong></span> 
     </span>
    </p>
   </div>
   <div class='ocr_carea' id='block_1_75' title="bbox 1995 2835 3562 2908">
    <p class='ocr_par' dir='ltr' id='par_1_75' title="bbox 1995 2835 3562 2908">
     <span class='ocr_line' id='line_1_75' title="bbox 1995 2835 3562 2908; baseline -0.001 -16"><span class='ocrx_word' id='word_1_580' title='bbox 1995 2837 2272 2904; x_wconf 87' lang='lat' dir='ltr'><strong>membra;</strong></span> <span class='ocrx_word' id='word_1_581' title='bbox 2314 2838 2429 2892; x_wconf 88' lang='lat' dir='ltr'><strong>sive</strong></span> <span class='ocrx_word' id='word_1_582' title='bbox 2476 2835 2814 2908; x_wconf 79' lang='lat' dir='ltr'><strong>glorificatur</strong></span> <span class='ocrx_word' id='word_1_583' title='bbox 2858 2850 3026 2888; x_wconf 89' lang='lat' dir='ltr'><strong>unum</strong></span> <span class='ocrx_word' id='word_1_584' title='bbox 3063 2835 3389 2900; x_wconf 91' lang='lat' dir='ltr'><strong>membrum,</strong></span> <span class='ocrx_word' id='word_1_585' title='bbox 3429 2851 3562 2891; x_wconf 89' lang='lat' dir='ltr'><strong>con-</strong></span> 
     </span>
    </p>
   </div>
   <div class='ocr_carea' id='block_1_76' title="bbox 1993 2926 3049 2997">
    <p class='ocr_par' dir='ltr' id='par_1_76' title="bbox 1993 2926 3049 2997">
     <span class='ocr_line' id='line_1_76' title="bbox 1993 2926 3049 2997; baseline -0.003 -17"><span class='ocrx_word' id='word_1_586' title='bbox 1993 2926 2231 2997; x_wconf 86' lang='lat' dir='ltr'><strong>gaudent</strong></span> <span class='ocrx_word' id='word_1_587' title='bbox 2261 2927 2415 2996; x_wconf 77' lang='lat'><strong>121</strong></span> <span class='ocrx_word' id='word_1_588' title='bbox 2441 2927 2624 2980; x_wconf 90' lang='lat' dir='ltr'><strong>omnia</strong></span> <span class='ocrx_word' id='word_1_589' title='bbox 2659 2926 2903 2980; x_wconf 87' lang='lat' dir='ltr'><strong>membra</strong></span> <span class='ocrx_word' id='word_1_590' title='bbox 2929 2926 2995 2978; x_wconf 79' lang='lat'><strong>&quot;.</strong></span> <span class='ocrx_word' id='word_1_591' title='bbox 3031 2944 3049 2976; x_wconf 85' lang='grc'><strong>›</strong></span> 
     </span>
    </p>
   </div>
   <div class='ocr_carea' id='block_1_77' title="bbox 2065 3014 2752 3086">
    <p class='ocr_par' dir='ltr' id='par_1_77' title="bbox 2065 3014 2752 3086">
     <span class='ocr_line' id='line_1_77' title="bbox 2065 3014 2752 3086; baseline 0 -16"><span class='ocrx_word' id='word_1_592' title='bbox 2065 3014 2262 3070; x_wconf 85' lang='lat' dir='ltr'><strong>PALL.</strong></span> <span class='ocrx_word' id='word_1_593' title='bbox 2287 3016 2453 3070; x_wconf 78' lang='lat' dir='ltr'><strong>[lecte</strong></span> <span class='ocrx_word' id='word_1_594' title='bbox 2477 3016 2752 3086; x_wconf 87' lang='lat' dir='ltr'><strong>intelligis.</strong></span> 
     </span>
    </p>
   </div>
   <div class='ocr_carea' id='block_1_78' title="bbox 1914 3073 3564 3176">
    <p class='ocr_par' dir='ltr' id='par_1_78' title="bbox 1914 3073 3564 3176">
     <span class='ocr_line' id='line_1_78' title="bbox 1914 3073 3564 3176; baseline 0.001 -13"><span class='ocrx_word' id='word_1_595' title='bbox 1914 3073 1958 3132; x_wconf 65' lang='grc' dir='ltr'><strong>ο</strong></span> <span class='ocrx_word' id='word_1_596' title='bbox 2058 3107 2216 3163; x_wconf 81' lang='lat' dir='ltr'><strong>CYR.</strong></span> <span class='ocrx_word' id='word_1_597' title='bbox 2273 3073 2680 3162; x_wconf 43' lang='lat' dir='ltr'><strong>Contendebat“</strong></span> <span class='ocrx_word' id='word_1_598' title='bbox 2710 3107 2875 3176; x_wconf 88' lang='lat' dir='ltr'><strong>igitur</strong></span> <span class='ocrx_word' id='word_1_599' title='bbox 2930 3106 3191 3164; x_wconf 88' lang='lat' dir='ltr'><strong>adversus</strong></span> <span class='ocrx_word' id='word_1_600' title='bbox 3247 3108 3564 3164; x_wconf 85' lang='lat' dir='ltr'><strong>Madianitas</strong></span> 
     </span>
    </p>
   </div>
   <div class='ocr_carea' id='block_1_79' title="bbox 1989 3199 3563 3270">
    <p class='ocr_par' dir='ltr' id='par_1_79' title="bbox 1989 3199 3563 3270">
     <span class='ocr_line' id='line_1_79' title="bbox 1989 3199 3563 3270; baseline 0.001 -18"><span class='ocrx_word' id='word_1_601' title='bbox 1989 3199 2285 3252; x_wconf 90' lang='lat' dir='ltr'><strong>fortissima</strong></span> <span class='ocrx_word' id='word_1_602' title='bbox 2312 3199 2734 3254; x_wconf 87' lang='lat' dir='ltr'><strong>lectissimorum</strong></span> <span class='ocrx_word' id='word_1_603' title='bbox 2757 3201 3021 3269; x_wconf 85' lang='lat' dir='ltr'><strong>juvenum</strong></span> <span class='ocrx_word' id='word_1_604' title='bbox 3060 3200 3206 3255; x_wconf 90' lang='lat' dir='ltr'><strong>acies</strong></span> <span class='ocrx_word' id='word_1_605' title='bbox 3225 3241 3240 3265; x_wconf 90' lang='lat'><strong>,</strong></span> <span class='ocrx_word' id='word_1_606' title='bbox 3267 3201 3563 3270; x_wconf 86' lang='lat' dir='ltr'><strong>aderatque</strong></span> 
     </span>
    </p>
   </div>
   <div class='ocr_carea' id='block_1_80' title="bbox 1990 3290 3564 3355">
    <p class='ocr_par' dir='ltr' id='par_1_80' title="bbox 1990 3290 3564 3355">
     <span class='ocr_line' id='line_1_80' title="bbox 1990 3290 3564 3355; baseline -0.001 -9"><span class='ocrx_word' id='word_1_607' title='bbox 1990 3307 2098 3346; x_wconf 87' lang='lat' dir='ltr'><strong>una</strong></span> <span class='ocrx_word' id='word_1_608' title='bbox 2119 3291 2356 3346; x_wconf 86' lang='lat' dir='ltr'><strong>Phlnees</strong></span> <span class='ocrx_word' id='word_1_609' title='bbox 2393 3290 2657 3345; x_wconf 87' lang='lat' dir='ltr'><strong>sacerdos</strong></span> <span class='ocrx_word' id='word_1_610' title='bbox 2675 3329 2690 3355; x_wconf 93' lang='lat'><strong>,</strong></span> <span class='ocrx_word' id='word_1_611' title='bbox 2721 3290 2950 3345; x_wconf 89' lang='lat' dir='ltr'><strong>aderant</strong></span> <span class='ocrx_word' id='word_1_612' title='bbox 2971 3292 3134 3346; x_wconf 88' lang='lat' dir='ltr'><strong>etiam</strong></span> <span class='ocrx_word' id='word_1_613' title='bbox 3164 3306 3292 3346; x_wconf 89' lang='lat' dir='ltr'><strong>vasa</strong></span> <span class='ocrx_word' id='word_1_614' title='bbox 3322 3306 3474 3346; x_wconf 89' lang='lat' dir='ltr'><strong>sacra</strong></span> <span class='ocrx_word' id='word_1_615' title='bbox 3502 3306 3564 3344; x_wconf 86' lang='lat' dir='ltr'><strong>ac</strong></span> 
     </span>
    </p>
   </div>
   <div class='ocr_carea' id='block_1_81' title="bbox 1991 3379 3562 3452">
    <p class='ocr_par' dir='ltr' id='par_1_81' title="bbox 1991 3379 3562 3452">
     <span class='ocr_line' id='line_1_81' title="bbox 1991 3379 3562 3452; baseline -0.002 -15"><span class='ocrx_word' id='word_1_616' title='bbox 1991 3383 2155 3446; x_wconf 86' lang='lat' dir='ltr'><strong>tuba,</strong></span> <span class='ocrx_word' id='word_1_617' title='bbox 2186 3396 2308 3451; x_wconf 89' lang='lat' dir='ltr'><strong>qua</strong></span> <span class='ocrx_word' id='word_1_618' title='bbox 2335 3380 2615 3452; x_wconf 88' lang='lat' dir='ltr'><strong>signorum</strong></span> <span class='ocrx_word' id='word_1_619' title='bbox 2643 3379 2986 3434; x_wconf 88' lang='lat' dir='ltr'><strong>dicebantur.</strong></span> <span class='ocrx_word' id='word_1_620' title='bbox 3024 3379 3252 3450; x_wconf 89' lang='lat' dir='ltr'><strong>Semper</strong></span> <span class='ocrx_word' id='word_1_621' title='bbox 3282 3381 3428 3434; x_wconf 91' lang='lat' dir='ltr'><strong>enim</strong></span> <span class='ocrx_word' id='word_1_622' title='bbox 3454 3396 3562 3434; x_wconf 89' lang='lat' dir='ltr'><strong>una</strong></span> 
     </span>
    </p>
   </div>
   <div class='ocr_carea' id='block_1_82' title="bbox 1988 3469 3562 3542">
    <p class='ocr_par' dir='ltr' id='par_1_82' title="bbox 1988 3469 3562 3542">
     <span class='ocr_line' id='line_1_82' title="bbox 1988 3469 3562 3542; baseline -0.004 -13"><span class='ocrx_word' id='word_1_623' title='bbox 1988 3489 2114 3529; x_wconf 91' lang='lat' dir='ltr'><strong>cum</strong></span> <span class='ocrx_word' id='word_1_624' title='bbox 2141 3473 2228 3536; x_wconf 88' lang='lat' dir='ltr'><strong>iis,</strong></span> <span class='ocrx_word' id='word_1_625' title='bbox 2253 3472 2348 3542; x_wconf 92' lang='lat' dir='ltr'><strong>qui</strong></span> <span class='ocrx_word' id='word_1_626' title='bbox 2373 3486 2430 3526; x_wconf 91' lang='lat' dir='ltr'><strong>se</strong></span> <span class='ocrx_word' id='word_1_627' title='bbox 2452 3470 2668 3525; x_wconf 80' lang='lat' dir='ltr'><strong>fortiter</strong></span> <span class='ocrx_word' id='word_1_628' title='bbox 2693 3479 2908 3541; x_wconf 87' lang='lat' dir='ltr'><strong>gerunt,</strong></span> <span class='ocrx_word' id='word_1_629' title='bbox 2934 3469 3098 3524; x_wconf 87' lang='lat' dir='ltr'><strong>simul</strong></span> <span class='ocrx_word' id='word_1_630' title='bbox 3127 3470 3184 3523; x_wconf 90' lang='lat' dir='ltr'><strong>in</strong></span> <span class='ocrx_word' id='word_1_631' title='bbox 3210 3469 3396 3532; x_wconf 90' lang='lat' dir='ltr'><strong>armis,</strong></span> <span class='ocrx_word' id='word_1_632' title='bbox 3416 3477 3471 3523; x_wconf 88' lang='lat' dir='ltr'><strong>et</strong></span> <span class='ocrx_word' id='word_1_633' title='bbox 3494 3469 3562 3523; x_wconf 91' lang='lat' dir='ltr'><strong>ad</strong></span> 
     </span>
    </p>
   </div>
   <div class='ocr_carea' id='block_1_83' title="bbox 1989 3560 3563 3637">
    <p class='ocr_par' dir='ltr' id='par_1_83' title="bbox 1989 3560 3563 3637">
     <span class='ocr_line' id='line_1_83' title="bbox 1989 3560 3563 3637; baseline -0.005 -16"><span class='ocrx_word' id='word_1_634' title='bbox 1989 3582 2149 3637; x_wconf 86' lang='lat' dir='ltr'><strong>opem</strong></span> <span class='ocrx_word' id='word_1_635' title='bbox 2200 3563 2479 3619; x_wconf 88' lang='lat' dir='ltr'><strong>ferendam</strong></span> <span class='ocrx_word' id='word_1_636' title='bbox 2511 3571 2711 3632; x_wconf 85' lang='lat' dir='ltr'><strong>prasto</strong></span> <span class='ocrx_word' id='word_1_637' title='bbox 2751 3572 2836 3616; x_wconf 91' lang='lat' dir='ltr'><strong>est</strong></span> <span class='ocrx_word' id='word_1_638' title='bbox 2885 3560 3157 3625; x_wconf 85' lang='lat' dir='ltr'><strong>Christus,</strong></span> <span class='ocrx_word' id='word_1_639' title='bbox 3199 3575 3428 3631; x_wconf 85' lang='lat' dir='ltr'><strong>magnus</strong></span> <span class='ocrx_word' id='word_1_640' title='bbox 3473 3560 3563 3614; x_wconf 92' lang='lat' dir='ltr'><strong>ille</strong></span> 
     </span>
    </p>
   </div>
   <div class='ocr_carea' id='block_1_84' title="bbox 1990 3649 3562 3727">
    <p class='ocr_par' dir='ltr' id='par_1_84' title="bbox 1990 3649 3562 3727">
     <span class='ocr_line' id='line_1_84' title="bbox 1990 3649 3562 3727; baseline -0.007 -15"><span class='ocrx_word' id='word_1_641' title='bbox 1990 3655 2234 3727; x_wconf 82' lang='lat' dir='ltr'><strong>pontifex</strong></span> <span class='ocrx_word' id='word_1_642' title='bbox 2279 3661 2501 3710; x_wconf 88' lang='lat' dir='ltr'><strong>noster:</strong></span> <span class='ocrx_word' id='word_1_643' title='bbox 2536 3653 2701 3708; x_wconf 89' lang='lat' dir='ltr'><strong>simul</strong></span> <span class='ocrx_word' id='word_1_644' title='bbox 2739 3667 2958 3722; x_wconf 88' lang='lat' dir='ltr'><strong>quoque</strong></span> <span class='ocrx_word' id='word_1_645' title='bbox 2990 3649 3166 3722; x_wconf 86' lang='lat' dir='ltr'><strong>angeli</strong></span> <span class='ocrx_word' id='word_1_646' title='bbox 3201 3656 3444 3714; x_wconf 75' lang='lat' dir='ltr'><strong>certant,</strong></span> <span class='ocrx_word' id='word_1_647' title='bbox 3467 3649 3562 3719; x_wconf 86' lang='lat' dir='ltr'><strong>qui</strong></span> 
     </span>
    </p>
   </div>
   <div class='ocr_carea' id='block_1_85' title="bbox 1989 3739 3566 3816">
    <p class='ocr_par' dir='ltr' id='par_1_85' title="bbox 1989 3739 3566 3816">
     <span class='ocr_line' id='line_1_85' title="bbox 1989 3739 3566 3816; baseline -0.006 -14"><span class='ocrx_word' id='word_1_648' title='bbox 1989 3747 2160 3803; x_wconf 87' lang='lat' dir='ltr'><strong>sacris</strong></span> <span class='ocrx_word' id='word_1_649' title='bbox 2180 3745 2326 3800; x_wconf 90' lang='lat' dir='ltr'><strong>vasis</strong></span> <span class='ocrx_word' id='word_1_650' title='bbox 2357 3744 2752 3816; x_wconf 88' lang='lat' dir='ltr'><strong>significantur.</strong></span> <span class='ocrx_word' id='word_1_651' title='bbox 2775 3742 2972 3798; x_wconf 90' lang='lat' dir='ltr'><strong>Sancta</strong></span> <span class='ocrx_word' id='word_1_652' title='bbox 3007 3742 3219 3812; x_wconf 57' lang='lat' dir='ltr'><strong>quippe.</strong></span> <span class='ocrx_word' id='word_1_653' title='bbox 3238 3755 3365 3795; x_wconf 89' lang='lat' dir='ltr'><strong>vasa</strong></span> <span class='ocrx_word' id='word_1_654' title='bbox 3387 3780 3402 3805; x_wconf 91' lang='lat'><strong>,</strong></span> <span class='ocrx_word' id='word_1_655' title='bbox 3427 3739 3566 3794; x_wconf 84' lang='lat' dir='ltr'><strong>divi-</strong></span> 
     </span>
    </p>
   </div>
   <div class='ocr_carea' id='block_1_86' title="bbox 1990 3831 3564 3907">
    <p class='ocr_par' dir='ltr' id='par_1_86' title="bbox 1990 3831 3564 3907">
     <span class='ocr_line' id='line_1_86' title="bbox 1990 3831 3564 3907; baseline -0.006 -13"><span class='ocrx_word' id='word_1_656' title='bbox 1990 3839 2186 3907; x_wconf 90' lang='lat' dir='ltr'><strong>nisque</strong></span> <span class='ocrx_word' id='word_1_657' title='bbox 2219 3835 2540 3891; x_wconf 89' lang='lat' dir='ltr'><strong>ministeriis</strong></span> <span class='ocrx_word' id='word_1_658' title='bbox 2562 3842 2708 3906; x_wconf 89' lang='lat' dir='ltr'><strong>apta,</strong></span> <span class='ocrx_word' id='word_1_659' title='bbox 2735 3842 2862 3890; x_wconf 89' lang='lat' dir='ltr'><strong>sunt</strong></span> <span class='ocrx_word' id='word_1_660' title='bbox 2902 3833 3196 3888; x_wconf 85' lang='lat' dir='ltr'><strong>rationales</strong></span> <span class='ocrx_word' id='word_1_661' title='bbox 3231 3832 3308 3886; x_wconf 92' lang='lat' dir='ltr'><strong>illi</strong></span> <span class='ocrx_word' id='word_1_662' title='bbox 3342 3831 3397 3885; x_wconf 91' lang='lat' dir='ltr'><strong>in</strong></span> <span class='ocrx_word' id='word_1_663' title='bbox 3426 3832 3564 3887; x_wconf 87' lang='lat' dir='ltr'><strong>coelo</strong></span> 
     </span>
    </p>
   </div>
   <div class='ocr_carea' id='block_1_87' title="bbox 1989 3922 3563 3998">
    <p class='ocr_par' dir='ltr' id='par_1_87' title="bbox 1989 3922 3563 3998">
     <span class='ocr_line' id='line_1_87' title="bbox 1989 3922 3563 3998; baseline -0.003 -16"><span class='ocrx_word' id='word_1_664' title='bbox 1989 3927 2214 3998; x_wconf 90' lang='lat' dir='ltr'><strong>spiritus</strong></span> <span class='ocrx_word' id='word_1_665' title='bbox 2243 3944 2255 3980; x_wconf 92' lang='lat'><strong>:</strong></span> <span class='ocrx_word' id='word_1_666' title='bbox 2287 3935 2416 3982; x_wconf 91' lang='lat' dir='ltr'><strong>sunt</strong></span> <span class='ocrx_word' id='word_1_667' title='bbox 2442 3926 2589 3981; x_wconf 88' lang='lat' dir='ltr'><strong>enim</strong></span> <span class='ocrx_word' id='word_1_668' title='bbox 2613 3942 2644 3980; x_wconf 93' lang='lat' dir='ltr'><strong>a</strong></span> <span class='ocrx_word' id='word_1_669' title='bbox 2671 3927 2783 3980; x_wconf 92' lang='lat' dir='ltr'><strong>Deo</strong></span> <span class='ocrx_word' id='word_1_670' title='bbox 2808 3926 2875 3980; x_wconf 90' lang='lat' dir='ltr'><strong>ad</strong></span> <span class='ocrx_word' id='word_1_671' title='bbox 2902 3940 3061 3994; x_wconf 90' lang='lat' dir='ltr'><strong>opem</strong></span> <span class='ocrx_word' id='word_1_672' title='bbox 3093 3923 3255 3978; x_wconf 87' lang='lat' dir='ltr'><strong>nobis</strong></span> <span class='ocrx_word' id='word_1_673' title='bbox 3283 3922 3563 3978; x_wconf 88' lang='lat' dir='ltr'><strong>ferendam</strong></span> 
     </span>
    </p>
   </div>
   <div class='ocr_carea' id='block_1_88' title="bbox 1989 4011 3560 4081">
    <p class='ocr_par' dir='ltr' id='par_1_88' title="bbox 1989 4011 3560 4081">
     <span class='ocr_line' id='line_1_88' title="bbox 1989 4011 3560 4081; baseline -0.006 -8"><span class='ocrx_word' id='word_1_674' title='bbox 1989 4017 2256 4073; x_wconf 80' lang='lat' dir='ltr'><strong>collocati.</strong></span> <span class='ocrx_word' id='word_1_675' title='bbox 2275 4015 2487 4070; x_wconf 76' lang='lat' dir='ltr'><strong>Adsunt</strong></span> <span class='ocrx_word' id='word_1_676' title='bbox 2504 4016 2667 4069; x_wconf 88' lang='lat' dir='ltr'><strong>etiam</strong></span> <span class='ocrx_word' id='word_1_677' title='bbox 2691 4013 3051 4068; x_wconf 90' lang='lat' dir='ltr'><strong>nihilominus</strong></span> <span class='ocrx_word' id='word_1_678' title='bbox 3092 4012 3235 4065; x_wconf 88' lang='lat' dir='ltr'><strong>tuba</strong></span> <span class='ocrx_word' id='word_1_679' title='bbox 3260 4011 3560 4081; x_wconf 91' lang='lat' dir='ltr'><strong>signorum,</strong></span> 
     </span>
    </p>
   </div>
   <div class='ocr_carea' id='block_1_89' title="bbox 1990 4102 3561 4174">
    <p class='ocr_par' dir='ltr' id='par_1_89' title="bbox 1990 4102 3561 4174">
     <span class='ocr_line' id='line_1_89' title="bbox 1990 4102 3561 4174; baseline -0.006 -10"><span class='ocrx_word' id='word_1_680' title='bbox 1990 4109 2047 4165; x_wconf 92' lang='lat' dir='ltr'><strong>id</strong></span> <span class='ocrx_word' id='word_1_681' title='bbox 2067 4116 2152 4163; x_wconf 87' lang='lat' dir='ltr'><strong>est</strong></span> <span class='ocrx_word' id='word_1_682' title='bbox 2174 4107 2486 4161; x_wconf 87' lang='lat' dir='ltr'><strong>divinorum</strong></span> <span class='ocrx_word' id='word_1_683' title='bbox 2505 4104 2924 4174; x_wconf 87' lang='lat' dir='ltr'><strong>pradicatorum</strong></span> <span class='ocrx_word' id='word_1_684' title='bbox 2947 4116 3249 4166; x_wconf 88' lang='lat' dir='ltr'><strong>sermones,</strong></span> <span class='ocrx_word' id='word_1_685' title='bbox 3281 4102 3376 4171; x_wconf 90' lang='lat' dir='ltr'><strong>qui</strong></span> <span class='ocrx_word' id='word_1_686' title='bbox 3400 4117 3561 4172; x_wconf 85' lang='lat' dir='ltr'><strong>aper-</strong></span> 
     </span>
    </p>
   </div>
   <div class='ocr_carea' id='block_1_90' title="bbox 1989 4192 3560 4268">
    <p class='ocr_par' dir='ltr' id='par_1_90' title="bbox 1989 4192 3560 4268">
     <span class='ocr_line' id='line_1_90' title="bbox 1989 4192 3560 4268; baseline -0.006 -12"><span class='ocrx_word' id='word_1_687' title='bbox 1989 4199 2197 4257; x_wconf 81' lang='lat' dir='ltr'><strong>tissime</strong></span> <span class='ocrx_word' id='word_1_688' title='bbox 2225 4195 2554 4268; x_wconf 88' lang='lat' dir='ltr'><strong>significent,</strong></span> <span class='ocrx_word' id='word_1_689' title='bbox 2581 4194 3039 4266; x_wconf 88' lang='lat' dir='ltr'><strong>quemadmodum</strong></span> <span class='ocrx_word' id='word_1_690' title='bbox 3069 4192 3332 4248; x_wconf 88' lang='lat' dir='ltr'><strong>adversus</strong></span> <span class='ocrx_word' id='word_1_691' title='bbox 3355 4193 3560 4258; x_wconf 87' lang='lat' dir='ltr'><strong>hostes,</strong></span> 
     </span>
    </p>
   </div>
   <div class='ocr_carea' id='block_1_91' title="bbox 1989 4283 3561 4359">
    <p class='ocr_par' dir='ltr' id='par_1_91' title="bbox 1989 4283 3561 4359">
     <span class='ocr_line' id='line_1_91' title="bbox 1989 4283 3561 4359; baseline -0.007 -11"><span class='ocrx_word' id='word_1_692' title='bbox 1989 4293 2045 4348; x_wconf 90' lang='lat' dir='ltr'><strong>id</strong></span> <span class='ocrx_word' id='word_1_693' title='bbox 2079 4299 2164 4348; x_wconf 88' lang='lat' dir='ltr'><strong>est</strong></span> <span class='ocrx_word' id='word_1_694' title='bbox 2183 4305 2295 4355; x_wconf 89' lang='lat' dir='ltr'><strong>eas,</strong></span> <span class='ocrx_word' id='word_1_695' title='bbox 2326 4302 2450 4359; x_wconf 89' lang='lat' dir='ltr'><strong>qua</strong></span> <span class='ocrx_word' id='word_1_696' title='bbox 2469 4287 2630 4342; x_wconf 90' lang='lat' dir='ltr'><strong>nobis</strong></span> <span class='ocrx_word' id='word_1_697' title='bbox 2656 4285 2834 4340; x_wconf 84' lang='lat' dir='ltr'><strong>insita</strong></span> <span class='ocrx_word' id='word_1_698' title='bbox 2861 4294 3022 4349; x_wconf 91' lang='lat' dir='ltr'><strong>sunt,</strong></span> <span class='ocrx_word' id='word_1_699' title='bbox 3063 4283 3230 4354; x_wconf 80' lang='lat' dir='ltr'><strong>animi</strong></span> <span class='ocrx_word' id='word_1_700' title='bbox 3269 4284 3561 4356; x_wconf 87' lang='lat' dir='ltr'><strong>perturba-</strong></span> 
     </span>
    </p>
   </div>
   <div class='ocr_carea' id='block_1_92' title="bbox 307 4375 1887 4466">
    <p class='ocr_par' dir='ltr' id='par_1_92' title="bbox 307 4385 1887 4466">
     <span class='ocr_line' id='line_1_92' title="bbox 307 4385 1887 4466; baseline -0.01 -15"><span class='ocrx_word' id='word_1_701' title='bbox 307 4398 526 4461; x_wconf 80' lang='grc' dir='ltr'>παθῶν,</span> <span class='ocrx_word' id='word_1_702' title='bbox 548 4393 608 4450; x_wconf 77' lang='grc' dir='ltr'>εὖ</span> <span class='ocrx_word' id='word_1_703' title='bbox 634 4396 778 4466; x_wconf 85' lang='grc' dir='ltr'>μάλα</span> <span class='ocrx_word' id='word_1_704' title='bbox 809 4392 1328 4464; x_wconf 86' lang='grc' dir='ltr'>κατασημαίνοντες.</span> <span class='ocrx_word' id='word_1_705' title='bbox 1361 4387 1572 4442; x_wconf 81' lang='grc' dir='ltr'>Οὐκοῦν</span> <span class='ocrx_word' id='word_1_706' title='bbox 1600 4385 1887 4440; x_wconf 79' lang='grc' dir='ltr'>ὑποτύπω-</span> 
     </span>
    </p>
   </div>
   <div class='ocr_carea' id='block_1_93' title="bbox 1992 4375 3561 4466">
    <p class='ocr_par' dir='ltr' id='par_1_93' title="bbox 1992 4375 3561 4450">
     <span class='ocr_line' id='line_1_93' title="bbox 1992 4375 3561 4450; baseline -0.006 -12"><span class='ocrx_word' id='word_1_707' title='bbox 1992 4384 2189 4446; x_wconf 87' lang='lat' dir='ltr'><strong>tiones,</strong></span> <span class='ocrx_word' id='word_1_708' title='bbox 2225 4391 2447 4437; x_wconf 88' lang='lat' dir='ltr'><strong>strenue</strong></span> <span class='ocrx_word' id='word_1_709' title='bbox 2472 4376 2822 4450; x_wconf 89' lang='lat' dir='ltr'><strong>pugnandum</strong></span> <span class='ocrx_word' id='word_1_710' title='bbox 2857 4375 2949 4431; x_wconf 90' lang='lat' dir='ltr'><strong>sit.</strong></span> <span class='ocrx_word' id='word_1_711' title='bbox 2983 4377 3124 4446; x_wconf 88' lang='lat' dir='ltr'><strong>Ergo</strong></span> <span class='ocrx_word' id='word_1_712' title='bbox 3149 4375 3403 4429; x_wconf 87' lang='lat' dir='ltr'><strong>sacerdos</strong></span> <span class='ocrx_word' id='word_1_713' title='bbox 3437 4375 3561 4444; x_wconf 88' lang='lat' dir='ltr'><strong>qui-</strong></span> 
     </span>
    </p>
   </div>
   <div class='ocr_carea' id='block_1_94' title="bbox 308 4474 1885 4559">
    <p class='ocr_par' dir='ltr' id='par_1_94' title="bbox 308 4474 1885 4559">
     <span class='ocr_line' id='line_1_94' title="bbox 308 4474 1885 4559; baseline -0.011 -15"><span class='ocrx_word' id='word_1_714' title='bbox 308 4508 396 4553; x_wconf 82' lang='grc' dir='ltr'><strong>σις</strong></span> <span class='ocrx_word' id='word_1_715' title='bbox 431 4485 670 4559; x_wconf 79' lang='grc' dir='ltr'>Χριστοῦ</span> <span class='ocrx_word' id='word_1_716' title='bbox 705 4486 824 4555; x_wconf 85' lang='grc' dir='ltr'>μὲν,</span> <span class='ocrx_word' id='word_1_717' title='bbox 855 4484 884 4536; x_wconf 92' lang='lat'><strong>6</strong></span> <span class='ocrx_word' id='word_1_718' title='bbox 913 4483 1094 4553; x_wconf 79' lang='grc' dir='ltr'>ἱερεὺς</span> <span class='ocrx_word' id='word_1_719' title='bbox 1113 4520 1129 4544; x_wconf 91' lang='grc'><strong>,</strong></span> <span class='ocrx_word' id='word_1_720' title='bbox 1155 4478 1450 4539; x_wconf 88' lang='grc' dir='ltr'>τουτέστιν,</span> <span class='ocrx_word' id='word_1_721' title='bbox 1483 4479 1512 4532; x_wconf 91' lang='lat'><strong>6</strong></span> <span class='ocrx_word' id='word_1_722' title='bbox 1547 4475 1753 4538; x_wconf 81' lang='grc' dir='ltr'>Φινεὲς,</span> <span class='ocrx_word' id='word_1_723' title='bbox 1783 4474 1885 4541; x_wconf 86' lang='grc' dir='ltr'><strong>ἀγ-</strong></span> 
     </span>
    </p>
   </div>
   <div class='ocr_carea' id='block_1_95' title="bbox 1986 4467 3561 4542">
    <p class='ocr_par' dir='ltr' id='par_1_95' title="bbox 1986 4467 3561 4542">
     <span class='ocr_line' id='line_1_95' title="bbox 1986 4467 3561 4542; baseline -0.006 -12"><span class='ocrx_word' id='word_1_724' title='bbox 1986 4475 2133 4539; x_wconf 88' lang='lat' dir='ltr'><strong>dem,</strong></span> <span class='ocrx_word' id='word_1_725' title='bbox 2162 4473 2398 4528; x_wconf 88' lang='lat' dir='ltr'><strong>Phinees</strong></span> <span class='ocrx_word' id='word_1_726' title='bbox 2417 4471 2662 4542; x_wconf 90' lang='lat' dir='ltr'><strong>inquam,</strong></span> <span class='ocrx_word' id='word_1_727' title='bbox 2691 4468 2894 4524; x_wconf 88' lang='lat' dir='ltr'><strong>Christi</strong></span> <span class='ocrx_word' id='word_1_728' title='bbox 2926 4467 3095 4538; x_wconf 86' lang='lat' dir='ltr'><strong>figura</strong></span> <span class='ocrx_word' id='word_1_729' title='bbox 3121 4476 3224 4531; x_wconf 92' lang='lat' dir='ltr'><strong>est,</strong></span> <span class='ocrx_word' id='word_1_730' title='bbox 3247 4467 3561 4538; x_wconf 88' lang='lat' dir='ltr'><strong>angelorum</strong></span> 
     </span>
    </p>
   </div>
   <div class='ocr_carea' id='block_1_96' title="bbox 309 4556 1887 4647">
    <p class='ocr_par' dir='ltr' id='par_1_96' title="bbox 309 4556 1887 4647">
     <span class='ocr_line' id='line_1_96' title="bbox 309 4556 1887 4647; baseline -0.01 -14"><span class='ocrx_word' id='word_1_731' title='bbox 309 4556 614 4647; x_wconf 55' lang='lat' dir='ltr'><strong>70.19va</strong></span> <span class='ocrx_word' id='word_1_732' title='bbox 659 4573 828 4644; x_wconf 83' lang='grc' dir='ltr'>σκεύη</span> <span class='ocrx_word' id='word_1_733' title='bbox 863 4573 929 4627; x_wconf 83' lang='grc' dir='ltr'>τὰ</span> <span class='ocrx_word' id='word_1_734' title='bbox 981 4573 1146 4641; x_wconf 77' lang='grc' dir='ltr'>ἆγια⁶</span> <span class='ocrx_word' id='word_1_735' title='bbox 1187 4569 1296 4623; x_wconf 88' lang='grc' dir='ltr'><strong>τῶν</strong></span> <span class='ocrx_word' id='word_1_736' title='bbox 1327 4569 1384 4624; x_wconf 85' lang='grc' dir='ltr'><strong>δὲ</strong></span> <span class='ocrx_word' id='word_1_737' title='bbox 1429 4566 1522 4621; x_wconf 81' lang='grc' dir='ltr'>τὸν</span> <span class='ocrx_word' id='word_1_738' title='bbox 1569 4564 1712 4618; x_wconf 85' lang='grc' dir='ltr'>θεῖον</span> <span class='ocrx_word' id='word_1_739' title='bbox 1753 4565 1887 4634; x_wconf 79' lang='grc' dir='ltr'>ἡμῖν</span> 
     </span>
    </p>
   </div>
   <div class='ocr_carea' id='block_1_97' title="bbox 1992 4556 3560 4647">
    <p class='ocr_par' dir='ltr' id='par_1_97' title="bbox 1992 4556 3560 4630">
     <span class='ocr_line' id='line_1_97' title="bbox 1992 4556 3560 4630; baseline -0.007 -7"><span class='ocrx_word' id='word_1_740' title='bbox 1992 4583 2117 4624; x_wconf 77' lang='lat' dir='ltr'><strong>vero</strong></span> <span class='ocrx_word' id='word_1_741' title='bbox 2144 4580 2298 4622; x_wconf 88' lang='lat' dir='ltr'><strong>sacra</strong></span> <span class='ocrx_word' id='word_1_742' title='bbox 2317 4579 2466 4629; x_wconf 86' lang='lat' dir='ltr'><strong>vasa,</strong></span> <span class='ocrx_word' id='word_1_743' title='bbox 2488 4577 2678 4618; x_wconf 89' lang='lat' dir='ltr'><strong>eorum</strong></span> <span class='ocrx_word' id='word_1_744' title='bbox 2710 4574 2895 4630; x_wconf 89' lang='lat' dir='ltr'><strong>porro,</strong></span> <span class='ocrx_word' id='word_1_745' title='bbox 2917 4559 3011 4629; x_wconf 93' lang='lat' dir='ltr'><strong>qui</strong></span> <span class='ocrx_word' id='word_1_746' title='bbox 3033 4557 3193 4614; x_wconf 91' lang='lat' dir='ltr'><strong>nobis</strong></span> <span class='ocrx_word' id='word_1_747' title='bbox 3215 4557 3311 4612; x_wconf 88' lang='lat' dir='ltr'><strong>Dei</strong></span> <span class='ocrx_word' id='word_1_748' title='bbox 3332 4556 3560 4612; x_wconf 89' lang='lat' dir='ltr'><strong>verbum</strong></span> 
     </span>
    </p>
   </div>
   <div class='ocr_carea' id='block_1_98' title="bbox 305 4652 1884 4736">
    <p class='ocr_par' dir='ltr' id='par_1_98' title="bbox 305 4652 1884 4736">
     <span class='ocr_line' id='line_1_98' title="bbox 305 4652 1884 4736; baseline -0.008 -17"><span class='ocrx_word' id='word_1_749' title='bbox 305 4664 759 4736; x_wconf 76' lang='grc' dir='ltr'>διακεκραγότων</span> <span class='ocrx_word' id='word_1_750' title='bbox 801 4662 982 4730; x_wconf 90' lang='grc' dir='ltr'>λόγον,</span> <span class='ocrx_word' id='word_1_751' title='bbox 1013 4663 1069 4714; x_wconf 78' lang='grc' dir='ltr'>αἱ</span> <span class='ocrx_word' id='word_1_752' title='bbox 1102 4659 1402 4727; x_wconf 85' lang='grc' dir='ltr'>σάλπιγγες</span> <span class='ocrx_word' id='word_1_753' title='bbox 1429 4654 1538 4709; x_wconf 90' lang='grc' dir='ltr'><strong>τῶν</strong></span> <span class='ocrx_word' id='word_1_754' title='bbox 1577 4652 1884 4725; x_wconf 88' lang='grc' dir='ltr'>σημασιῶν.</span> 
     </span>
    </p>
   </div>
   <div class='ocr_carea' id='block_1_99' title="bbox 310 4741 1888 4825">
    <p class='ocr_par' dir='ltr' id='par_1_99' title="bbox 310 4741 1888 4825">
     <span class='ocr_line' id='line_1_99' title="bbox 310 4741 1888 4825; baseline -0.01 -16"><span class='ocrx_word' id='word_1_755' title='bbox 310 4756 473 4810; x_wconf 80' lang='grc' dir='ltr'>Οὕτω</span> <span class='ocrx_word' id='word_1_756' title='bbox 507 4752 618 4825; x_wconf 77' lang='grc' dir='ltr'><strong>γὰρ</strong></span> <span class='ocrx_word' id='word_1_757' title='bbox 652 4751 892 4822; x_wconf 77' lang='grc' dir='ltr'>ἀμογητὶ</span> <span class='ocrx_word' id='word_1_758' title='bbox 925 4747 1295 4820; x_wconf 82' lang='grc' dir='ltr'>περιεσόμεθα</span> <span class='ocrx_word' id='word_1_759' title='bbox 1338 4745 1449 4798; x_wconf 90' lang='grc' dir='ltr'><strong>τῶν</strong></span> <span class='ocrx_word' id='word_1_760' title='bbox 1477 4741 1888 4812; x_wconf 82' lang='grc' dir='ltr'>ἀνθεστηκότων</span> 
     </span>
    </p>
   </div>
   <div class='ocr_carea' id='block_1_100' title="bbox 307 4831 1888 4915">
    <p class='ocr_par' dir='ltr' id='par_1_100' title="bbox 307 4831 1888 4915">
     <span class='ocr_line' id='line_1_100' title="bbox 307 4831 1888 4915; baseline -0.009 -16"><span class='ocrx_word' id='word_1_761' title='bbox 307 4849 368 4900; x_wconf 81' lang='grc' dir='ltr'><strong>ἐν</strong></span> <span class='ocrx_word' id='word_1_762' title='bbox 396 4843 644 4915; x_wconf 81' lang='grc' dir='ltr'>Χριστῷ,</span> <span class='ocrx_word' id='word_1_763' title='bbox 675 4842 924 4910; x_wconf 88' lang='grc' dir='ltr'>λέγοντες</span> <span class='ocrx_word' id='word_1_764' title='bbox 952 4841 1012 4893; x_wconf 86' lang='grc' dir='ltr'>τὸ</span> <span class='ocrx_word' id='word_1_765' title='bbox 1043 4841 1100 4891; x_wconf 84' lang='grc' dir='ltr'><strong>ἐν</strong></span> <span class='ocrx_word' id='word_1_766' title='bbox 1137 4838 1389 4907; x_wconf 84' lang='grc' dir='ltr'>Ψαλμοῖς</span> <span class='ocrx_word' id='word_1_767' title='bbox 1421 4835 1698 4907; x_wconf 76' lang='grc' dir='ltr'>ᾀδόμενονο</span> <span class='ocrx_word' id='word_1_768' title='bbox 1732 4851 1749 4884; x_wconf 83' lang='grc' dir='ltr'><strong>ι</strong></span> <span class='ocrx_word' id='word_1_769' title='bbox 1799 4831 1888 4885; x_wconf 86' lang='grc' dir='ltr'><strong>Ἐν</strong></span> 
     </span>
    </p>
   </div>
   <div class='ocr_carea' id='block_1_101' title="bbox 311 4923 1888 5006">
    <p class='ocr_par' dir='ltr' id='par_1_101' title="bbox 311 4923 1888 5006">
     <span class='ocr_line' id='line_1_101' title="bbox 311 4923 1888 5006; baseline -0.011 -13"><span class='ocrx_word' id='word_1_770' title='bbox 311 4940 396 4993; x_wconf 79' lang='grc' dir='ltr'>σοὶ</span> <span class='ocrx_word' id='word_1_771' title='bbox 427 4938 558 4999; x_wconf 75' lang='grc' dir='ltr'>τοὺς</span> <span class='ocrx_word' id='word_1_772' title='bbox 595 4933 822 5006; x_wconf 79' lang='grc' dir='ltr'>ἐχθροὺς</span> <span class='ocrx_word' id='word_1_773' title='bbox 853 4932 1011 5004; x_wconf 78' lang='grc' dir='ltr'>ἡμῶν</span> <span class='ocrx_word' id='word_1_774' title='bbox 1039 4929 1420 5001; x_wconf 83' lang='grc' dir='ltr'>κερατιοῦμεν,</span> <span class='ocrx_word' id='word_1_775' title='bbox 1457 4927 1552 4981; x_wconf 75' lang='grc' dir='ltr'>καὶ</span> <span class='ocrx_word' id='word_1_776' title='bbox 1579 4927 1636 4980; x_wconf 88' lang='grc' dir='ltr'><strong>ἐν</strong></span> <span class='ocrx_word' id='word_1_777' title='bbox 1667 4923 1744 4995; x_wconf 80' lang='grc' dir='ltr'>τῷ</span> <span class='ocrx_word' id='word_1_778' title='bbox 1769 4923 1888 4976; x_wconf 86' lang='grc' dir='ltr'>όνό-</span> 
     </span>
    </p>
   </div>
   <div class='ocr_carea' id='block_1_102' title="bbox 311 5017 1881 5103">
    <p class='ocr_par' dir='ltr' id='par_1_102' title="bbox 311 5017 1881 5103">
     <span class='ocr_line' id='line_1_102' title="bbox 311 5017 1881 5103; baseline -0.013 -19"><span class='ocrx_word' id='word_1_779' title='bbox 311 5030 448 5103; x_wconf 77' lang='grc' dir='ltr'>μιτί</span> <span class='ocrx_word' id='word_1_780' title='bbox 477 5046 572 5082; x_wconf 89' lang='grc' dir='ltr'><strong>σου</strong></span> <span class='ocrx_word' id='word_1_781' title='bbox 594 5026 1020 5094; x_wconf 79' lang='grc' dir='ltr'>ἐξουδενώσομεν</span> <span class='ocrx_word' id='word_1_782' title='bbox 1045 5024 1169 5086; x_wconf 80' lang='grc' dir='ltr'>τοὺς</span> <span class='ocrx_word' id='word_1_783' title='bbox 1190 5018 1653 5088; x_wconf 83' lang='grc' dir='ltr'>ἐπανισταμένους</span> <span class='ocrx_word' id='word_1_784' title='bbox 1675 5017 1825 5087; x_wconf 82' lang='grc' dir='ltr'>ἡμῖν.</span> <span class='ocrx_word' id='word_1_785' title='bbox 1863 5033 1881 5064; x_wconf 75' lang='grc' dir='ltr'><strong>ι</strong></span> 
     </span>
    </p>
   </div>
   <div class='ocr_carea' id='block_1_103' title="bbox 317 5107 1888 5192">
    <p class='ocr_par' dir='ltr' id='par_1_103' title="bbox 317 5107 1888 5192">
     <span class='ocr_line' id='line_1_103' title="bbox 317 5107 1888 5192; baseline -0.012 -14"><span class='ocrx_word' id='word_1_786' title='bbox 317 5127 385 5177; x_wconf 87' lang='grc' dir='ltr'>Ὀ</span> <span class='ocrx_word' id='word_1_787' title='bbox 420 5123 484 5192; x_wconf 77' lang='grc' dir='ltr'><strong>δὴ</strong></span> <span class='ocrx_word' id='word_1_788' title='bbox 529 5121 626 5174; x_wconf 75' lang='grc' dir='ltr'>καὶ</span> <span class='ocrx_word' id='word_1_789' title='bbox 676 5116 1027 5189; x_wconf 74' lang='grc' dir='ltr'>πεπράκασιν</span> <span class='ocrx_word' id='word_1_790' title='bbox 1071 5115 1120 5166; x_wconf 78' lang='grc' dir='ltr'>οἱ</span> <span class='ocrx_word' id='word_1_791' title='bbox 1173 5113 1232 5178; x_wconf 78' lang='grc' dir='ltr'>ἐξ</span> <span class='ocrx_word' id='word_1_792' title='bbox 1271 5110 1490 5183; x_wconf 79' lang='grc' dir='ltr'>Ἰσραήλ</span> <span class='ocrx_word' id='word_1_793' title='bbox 1513 5127 1526 5140; x_wconf 91' lang='grc'><strong>·</strong></span> <span class='ocrx_word' id='word_1_794' title='bbox 1561 5109 1744 5164; x_wconf 83' lang='grc' dir='ltr'>πᾶσαν</span> <span class='ocrx_word' id='word_1_795' title='bbox 1779 5107 1888 5176; x_wconf 83' lang='grc' dir='ltr'><strong>γὰρ</strong></span> 
     </span>
    </p>
   </div>
   <div class='ocr_carea' id='block_1_104' title="bbox 312 5198 1888 5280">
    <p class='ocr_par' dir='ltr' id='par_1_104' title="bbox 312 5198 1888 5280">
     <span class='ocr_line' id='line_1_104' title="bbox 312 5198 1888 5280; baseline -0.011 -13"><span class='ocrx_word' id='word_1_796' title='bbox 312 5215 420 5267; x_wconf 84' lang='grc' dir='ltr'><strong>τῶν</strong></span> <span class='ocrx_word' id='word_1_797' title='bbox 447 5210 797 5280; x_wconf 74' lang='grc' dir='ltr'>Μαδιηναίων</span> <span class='ocrx_word' id='word_1_798' title='bbox 819 5207 974 5260; x_wconf 85' lang='grc' dir='ltr'>πόλιν</span> <span class='ocrx_word' id='word_1_799' title='bbox 1001 5222 1061 5259; x_wconf 89' lang='grc' dir='ltr'><strong>τε</strong></span> <span class='ocrx_word' id='word_1_800' title='bbox 1089 5203 1185 5259; x_wconf 76' lang='grc' dir='ltr'>καὶ</span> <span class='ocrx_word' id='word_1_801' title='bbox 1209 5203 1394 5274; x_wconf 83' lang='grc' dir='ltr'>χώραν</span> <span class='ocrx_word' id='word_1_802' title='bbox 1418 5198 1888 5272; x_wconf 79' lang='grc' dir='ltr'>καταδῃώσαντες,</span> 
     </span>
    </p>
   </div>
   <div class='ocr_carea' id='block_1_105' title="bbox 317 5289 1891 5375">
    <p class='ocr_par' dir='ltr' id='par_1_105' title="bbox 317 5289 1891 5375">
     <span class='ocr_line' id='line_1_105' title="bbox 317 5289 1891 5375; baseline -0.011 -17"><span class='ocrx_word' id='word_1_803' title='bbox 317 5301 758 5375; x_wconf 78' lang='grc' dir='ltr'>παρεκομίζοντο</span> <span class='ocrx_word' id='word_1_804' title='bbox 805 5297 941 5368; x_wconf 82' lang='grc' dir='ltr'>πρὸς</span> <span class='ocrx_word' id='word_1_805' title='bbox 985 5293 1248 5364; x_wconf 71' lang='grc' dir='ltr'>Ἐλεάζαρ</span> <span class='ocrx_word' id='word_1_806' title='bbox 1275 5293 1367 5346; x_wconf 81' lang='grc' dir='ltr'>τὸν</span> <span class='ocrx_word' id='word_1_807' title='bbox 1410 5291 1558 5363; x_wconf 84' lang='grc' dir='ltr'>ίερέα</span> <span class='ocrx_word' id='word_1_808' title='bbox 1579 5332 1594 5356; x_wconf 93' lang='grc'><strong>,</strong></span> <span class='ocrx_word' id='word_1_809' title='bbox 1624 5290 1721 5344; x_wconf 79' lang='grc' dir='ltr'>καὶ</span> <span class='ocrx_word' id='word_1_810' title='bbox 1755 5289 1891 5359; x_wconf 77' lang='grc' dir='ltr'>πρὸς</span> 
     </span>
    </p>
   </div>
   <div class='ocr_carea' id='block_1_106' title="bbox 324 5380 1884 5463">
    <p class='ocr_par' dir='ltr' id='par_1_106' title="bbox 324 5380 1884 5463">
     <span class='ocr_line' id='line_1_106' title="bbox 324 5380 1884 5463; baseline -0.008 -18"><span class='ocrx_word' id='word_1_811' title='bbox 324 5394 499 5447; x_wconf 75' lang='grc' dir='ltr'>πᾶσαν</span> <span class='ocrx_word' id='word_1_812' title='bbox 515 5393 618 5463; x_wconf 81' lang='grc' dir='ltr'>τὴν</span> <span class='ocrx_word' id='word_1_813' title='bbox 633 5388 954 5459; x_wconf 80' lang='grc' dir='ltr'>συναγωγὴν</span> <span class='ocrx_word' id='word_1_814' title='bbox 970 5385 1101 5440; x_wconf 77' lang='grc' dir='ltr'>υἱῶν</span> <span class='ocrx_word' id='word_1_815' title='bbox 1137 5384 1356 5455; x_wconf 82' lang='grc' dir='ltr'>Ἰσραὴλ</span> <span class='ocrx_word' id='word_1_816' title='bbox 1370 5383 1469 5452; x_wconf 82' lang='grc' dir='ltr'>τὴν</span> <span class='ocrx_word' id='word_1_817' title='bbox 1488 5383 1579 5451; x_wconf 88' lang='grc' dir='ltr'><strong>αἰχ</strong></span> <span class='ocrx_word' id='word_1_818' title='bbox 1587 5380 1884 5452; x_wconf 77' lang='grc' dir='ltr'>μαλωσίανο</span> 
     </span>
    </p>
   </div>
   <div class='ocr_carea' id='block_1_107' title="bbox 324 5471 1890 5554">
    <p class='ocr_par' dir='ltr' id='par_1_107' title="bbox 324 5471 1890 5554">
     <span class='ocr_line' id='line_1_107' title="bbox 324 5471 1890 5554; baseline -0.01 -18"><span class='ocrx_word' id='word_1_819' title='bbox 324 5485 441 5554; x_wconf 75' lang='grc' dir='ltr'>ἱερὰ</span> <span class='ocrx_word' id='word_1_820' title='bbox 471 5484 581 5554; x_wconf 80' lang='grc' dir='ltr'>γὰρ</span> <span class='ocrx_word' id='word_1_821' title='bbox 607 5481 798 5552; x_wconf 84' lang='grc' dir='ltr'>ῶσπερ</span> <span class='ocrx_word' id='word_1_822' title='bbox 831 5477 1154 5549; x_wconf 80' lang='grc' dir='ltr'>ἀναθήματα</span> <span class='ocrx_word' id='word_1_823' title='bbox 1182 5473 1262 5542; x_wconf 84' lang='grc' dir='ltr'>τῷ</span> <span class='ocrx_word' id='word_1_824' title='bbox 1305 5471 1526 5544; x_wconf 83' lang='grc' dir='ltr'>Χριστῷ</span> <span class='ocrx_word' id='word_1_825' title='bbox 1554 5471 1632 5542; x_wconf 82' lang='grc' dir='ltr'><strong>τῷ</strong></span> <span class='ocrx_word' id='word_1_826' title='bbox 1653 5547 1656 5550; x_wconf 14' lang='grc' dir='ltr'>ν</span> <span class='ocrx_word' id='word_1_827' title='bbox 1675 5471 1890 5525; x_wconf 84' lang='grc' dir='ltr'>πάντων</span> 
     </span>
    </p>
   </div>
   <div class='ocr_carea' id='block_1_108' title="bbox 392 5665 976 5735">
    <p class='ocr_par' dir='ltr' id='par_1_108' title="bbox 392 5665 976 5735">
     <span class='ocr_line' id='line_1_108' title="bbox 392 5665 976 5735; baseline -0.017 -9"><span class='ocrx_word' id='word_1_828' title='bbox 392 5668 438 5702; x_wconf 87' lang='grc'><strong>⁶¹</strong></span> <span class='ocrx_word' id='word_1_829' title='bbox 464 5667 629 5727; x_wconf 76' lang='lat' dir='ltr'><strong>Num.</strong></span> <span class='ocrx_word' id='word_1_830' title='bbox 653 5681 732 5733; x_wconf 81' lang='lat' dir='ltr'><strong>ui,</strong></span> <span class='ocrx_word' id='word_1_831' title='bbox 758 5665 782 5718; x_wconf 79' lang='grc' dir='ltr'><strong>ί</strong></span> <span class='ocrx_word' id='word_1_832' title='bbox 827 5679 976 5735; x_wconf 87' lang='lat' dir='ltr'><strong>seqq.</strong></span> 
     </span>
    </p>
   </div>
   <div class='ocr_carea' id='block_1_109' title="bbox 1987 4649 3561 4731">
    <p class='ocr_par' dir='ltr' id='par_1_109' title="bbox 1987 4649 3561 4731">
     <span class='ocr_line' id='line_1_109' title="bbox 1987 4649 3561 4731; baseline -0.009 -15"><span class='ocrx_word' id='word_1_833' title='bbox 1987 4659 2325 4731; x_wconf 88' lang='lat' dir='ltr'><strong>pradicant,</strong></span> <span class='ocrx_word' id='word_1_834' title='bbox 2348 4658 2627 4728; x_wconf 87' lang='lat' dir='ltr'><strong>signorum</strong></span> <span class='ocrx_word' id='word_1_835' title='bbox 2652 4653 2817 4708; x_wconf 88' lang='lat' dir='ltr'><strong>tuba.</strong></span> <span class='ocrx_word' id='word_1_836' title='bbox 2845 4651 2925 4706; x_wconf 89' lang='lat' dir='ltr'><strong>Ita</strong></span> <span class='ocrx_word' id='word_1_837' title='bbox 2957 4651 3162 4722; x_wconf 88' lang='lat' dir='ltr'><strong>quippe</strong></span> <span class='ocrx_word' id='word_1_838' title='bbox 3195 4649 3348 4704; x_wconf 90' lang='lat' dir='ltr'><strong>nullo</strong></span> <span class='ocrx_word' id='word_1_839' title='bbox 3375 4649 3561 4703; x_wconf 88' lang='lat' dir='ltr'><strong>labore</strong></span> 
     </span>
    </p>
   </div>
   <div class='ocr_carea' id='block_1_110' title="bbox 1987 4740 3562 4814">
    <p class='ocr_par' dir='ltr' id='par_1_110' title="bbox 1987 4740 3562 4814">
     <span class='ocr_line' id='line_1_110' title="bbox 1987 4740 3562 4814; baseline -0.007 -8"><span class='ocrx_word' id='word_1_840' title='bbox 1987 4751 2200 4806; x_wconf 89' lang='lat' dir='ltr'><strong>hostem</strong></span> <span class='ocrx_word' id='word_1_841' title='bbox 2229 4750 2283 4803; x_wconf 92' lang='lat' dir='ltr'><strong>in</strong></span> <span class='ocrx_word' id='word_1_842' title='bbox 2305 4747 2525 4803; x_wconf 87' lang='lat' dir='ltr'><strong>Christo</strong></span> <span class='ocrx_word' id='word_1_843' title='bbox 2549 4744 2948 4814; x_wconf 90' lang='lat' dir='ltr'><strong>superabimus,</strong></span> <span class='ocrx_word' id='word_1_844' title='bbox 2983 4742 3117 4797; x_wconf 93' lang='lat' dir='ltr'><strong>illud</strong></span> <span class='ocrx_word' id='word_1_845' title='bbox 3135 4742 3398 4805; x_wconf 87' lang='lat' dir='ltr'><strong>dicentes,</strong></span> <span class='ocrx_word' id='word_1_846' title='bbox 3415 4740 3562 4811; x_wconf 89' lang='lat' dir='ltr'><strong>quod</strong></span> 
     </span>
    </p>
   </div>
   <div class='ocr_carea' id='block_1_111' title="bbox 1994 4832 3563 4895">
    <p class='ocr_par' dir='ltr' id='par_1_111' title="bbox 1994 4832 3563 4895">
     <span class='ocr_line' id='line_1_111' title="bbox 1994 4832 3563 4895; baseline -0.005 -1"><span class='ocrx_word' id='word_1_847' title='bbox 1994 4840 2050 4894; x_wconf 92' lang='lat' dir='ltr'><strong>in</strong></span> <span class='ocrx_word' id='word_1_848' title='bbox 2071 4837 2300 4895; x_wconf 89' lang='lat' dir='ltr'><strong>Psalmis</strong></span> <span class='ocrx_word' id='word_1_849' title='bbox 2315 4837 2561 4891; x_wconf 87' lang='lat' dir='ltr'><strong>canitur:</strong></span> <span class='ocrx_word' id='word_1_850' title='bbox 2589 4854 2606 4887; x_wconf 77' lang='grc' dir='ltr'><strong>ι</strong></span> <span class='ocrx_word' id='word_1_851' title='bbox 2632 4835 2691 4890; x_wconf 89' lang='lat' dir='ltr'><strong>In</strong></span> <span class='ocrx_word' id='word_1_852' title='bbox 2711 4843 2765 4890; x_wconf 91' lang='lat' dir='ltr'><strong>te</strong></span> <span class='ocrx_word' id='word_1_853' title='bbox 2801 4834 3054 4889; x_wconf 90' lang='lat' dir='ltr'><strong>inimicos</strong></span> <span class='ocrx_word' id='word_1_854' title='bbox 3081 4841 3298 4888; x_wconf 90' lang='lat' dir='ltr'><strong>nostros</strong></span> <span class='ocrx_word' id='word_1_855' title='bbox 3330 4832 3563 4888; x_wconf 82' lang='lat' dir='ltr'><strong>ventila-</strong></span> 
     </span>
    </p>
   </div>
   <div class='ocr_carea' id='block_1_112' title="bbox 1995 4923 3564 4993">
    <p class='ocr_par' dir='ltr' id='par_1_112' title="bbox 1995 4923 3564 4993">
     <span class='ocr_line' id='line_1_112' title="bbox 1995 4923 3564 4993; baseline -0.004 -11"><span class='ocrx_word' id='word_1_856' title='bbox 1995 4928 2176 4982; x_wconf 90' lang='lat' dir='ltr'><strong>bimus</strong></span> <span class='ocrx_word' id='word_1_857' title='bbox 2212 4940 2406 4989; x_wconf 91' lang='lat' dir='ltr'><strong>cornu,</strong></span> <span class='ocrx_word' id='word_1_858' title='bbox 2449 4931 2506 4979; x_wconf 90' lang='lat' dir='ltr'><strong>et</strong></span> <span class='ocrx_word' id='word_1_859' title='bbox 2543 4924 2598 4978; x_wconf 91' lang='lat' dir='ltr'><strong>in</strong></span> <span class='ocrx_word' id='word_1_860' title='bbox 2639 4923 2860 4979; x_wconf 89' lang='lat' dir='ltr'><strong>nomine</strong></span> <span class='ocrx_word' id='word_1_861' title='bbox 2898 4929 2994 4978; x_wconf 86' lang='lat' dir='ltr'><strong>tuo</strong></span> <span class='ocrx_word' id='word_1_862' title='bbox 3026 4937 3346 4993; x_wconf 89' lang='lat' dir='ltr'><strong>spememus</strong></span> <span class='ocrx_word' id='word_1_863' title='bbox 3378 4923 3564 4977; x_wconf 87' lang='lat' dir='ltr'><strong>insur-</strong></span> 
     </span>
    </p>
   </div>
   <div class='ocr_carea' id='block_1_113' title="bbox 1992 5012 3560 5089">
    <p class='ocr_par' dir='ltr' id='par_1_113' title="bbox 1992 5012 3560 5089">
     <span class='ocr_line' id='line_1_113' title="bbox 1992 5012 3560 5089; baseline -0.003 -16"><span class='ocrx_word' id='word_1_864' title='bbox 1992 5025 2182 5089; x_wconf 89' lang='lat' dir='ltr'><strong>gentes</strong></span> <span class='ocrx_word' id='word_1_865' title='bbox 2209 5017 2263 5072; x_wconf 92' lang='lat' dir='ltr'><strong>in</strong></span> <span class='ocrx_word' id='word_1_866' title='bbox 2286 5015 2445 5071; x_wconf 88' lang='lat' dir='ltr'><strong>nobis</strong></span> <span class='ocrx_word' id='word_1_867' title='bbox 2458 5015 2521 5069; x_wconf 82' lang='grc'><strong>⁸³.</strong></span> <span class='ocrx_word' id='word_1_868' title='bbox 2553 5035 2570 5066; x_wconf 70' lang='grc' dir='ltr'><strong>ι</strong></span> <span class='ocrx_word' id='word_1_869' title='bbox 2600 5013 2756 5081; x_wconf 86' lang='lat' dir='ltr'><strong>Quod</strong></span> <span class='ocrx_word' id='word_1_870' title='bbox 2784 5015 2962 5085; x_wconf 76' lang='lat' dir='ltr'><strong>ipsum</strong></span> <span class='ocrx_word' id='word_1_871' title='bbox 3000 5013 3256 5070; x_wconf 87' lang='lat' dir='ltr'><strong>Israelita</strong></span> <span class='ocrx_word' id='word_1_872' title='bbox 3276 5012 3560 5069; x_wconf 85' lang='lat' dir='ltr'><strong>fecerunt:</strong></span> 
     </span>
    </p>
   </div>
   <div class='ocr_carea' id='block_1_114' title="bbox 1993 5101 3562 5174">
    <p class='ocr_par' dir='ltr' id='par_1_114' title="bbox 1993 5101 3562 5174">
     <span class='ocr_line' id='line_1_114' title="bbox 1993 5101 3562 5174; baseline -0.002 -13"><span class='ocrx_word' id='word_1_873' title='bbox 1993 5123 2139 5171; x_wconf 88' lang='lat' dir='ltr'><strong>nam,</strong></span> <span class='ocrx_word' id='word_1_874' title='bbox 2178 5121 2304 5161; x_wconf 92' lang='lat' dir='ltr'><strong>cum</strong></span> <span class='ocrx_word' id='word_1_875' title='bbox 2340 5104 2622 5160; x_wconf 89' lang='lat' dir='ltr'><strong>universas</strong></span> <span class='ocrx_word' id='word_1_876' title='bbox 2656 5105 2850 5171; x_wconf 90' lang='lat' dir='ltr'><strong>urbes,</strong></span> <span class='ocrx_word' id='word_1_877' title='bbox 2883 5116 3209 5174; x_wconf 88' lang='lat' dir='ltr'><strong>omnemque</strong></span> <span class='ocrx_word' id='word_1_878' title='bbox 3239 5101 3562 5158; x_wconf 90' lang='lat' dir='ltr'><strong>Madianita-</strong></span> 
     </span>
    </p>
   </div>
   <div class='ocr_carea' id='block_1_115' title="bbox 1990 5195 3564 5269">
    <p class='ocr_par' dir='ltr' id='par_1_115' title="bbox 1990 5195 3564 5269">
     <span class='ocr_line' id='line_1_115' title="bbox 1990 5195 3564 5269; baseline -0.004 -15"><span class='ocrx_word' id='word_1_879' title='bbox 1990 5213 2110 5254; x_wconf 89' lang='lat' dir='ltr'><strong>rum</strong></span> <span class='ocrx_word' id='word_1_880' title='bbox 2181 5198 2459 5269; x_wconf 87' lang='lat' dir='ltr'><strong>regionem</strong></span> <span class='ocrx_word' id='word_1_881' title='bbox 2522 5197 2798 5252; x_wconf 89' lang='lat' dir='ltr'><strong>hostiliter</strong></span> <span class='ocrx_word' id='word_1_882' title='bbox 2855 5198 3270 5262; x_wconf 87' lang='lat' dir='ltr'><strong>devastassent,</strong></span> <span class='ocrx_word' id='word_1_883' title='bbox 3321 5195 3564 5266; x_wconf 82' lang='lat' dir='ltr'><strong>captivos</strong></span> 
     </span>
    </p>
   </div>
   <div class='ocr_carea' id='block_1_116' title="bbox 1990 5287 3561 5353">
    <p class='ocr_par' dir='ltr' id='par_1_116' title="bbox 1990 5287 3561 5353">
     <span class='ocr_line' id='line_1_116' title="bbox 1990 5287 3561 5353; baseline -0.004 -10"><span class='ocrx_word' id='word_1_884' title='bbox 1990 5305 2180 5346; x_wconf 88' lang='lat' dir='ltr'><strong>omnes</strong></span> <span class='ocrx_word' id='word_1_885' title='bbox 2231 5289 2300 5345; x_wconf 88' lang='lat' dir='ltr'><strong>ad</strong></span> <span class='ocrx_word' id='word_1_886' title='bbox 2348 5289 2667 5345; x_wconf 83' lang='lat' dir='ltr'><strong>Eleazarum</strong></span> <span class='ocrx_word' id='word_1_887' title='bbox 2713 5289 3085 5353; x_wconf 86' lang='lat' dir='ltr'><strong>sacerdotem,</strong></span> <span class='ocrx_word' id='word_1_888' title='bbox 3122 5296 3180 5344; x_wconf 92' lang='lat' dir='ltr'><strong>et</strong></span> <span class='ocrx_word' id='word_1_889' title='bbox 3227 5287 3295 5343; x_wconf 89' lang='lat' dir='ltr'><strong>ad</strong></span> <span class='ocrx_word' id='word_1_890' title='bbox 3345 5298 3561 5341; x_wconf 87' lang='lat' dir='ltr'><strong>omnem</strong></span> 
     </span>
    </p>
   </div>
   <div class='ocr_carea' id='block_1_117' title="bbox 1991 5373 3562 5451">
    <p class='ocr_par' dir='ltr' id='par_1_117' title="bbox 1991 5373 3562 5451">
     <span class='ocr_line' id='line_1_117' title="bbox 1991 5373 3562 5451; baseline -0.003 -18"><span class='ocrx_word' id='word_1_891' title='bbox 1991 5380 2466 5451; x_wconf 89' lang='lat' dir='ltr'><strong>congregationem</strong></span> <span class='ocrx_word' id='word_1_892' title='bbox 2507 5379 2744 5435; x_wconf 89' lang='lat' dir='ltr'><strong>filiorum</strong></span> <span class='ocrx_word' id='word_1_893' title='bbox 2772 5379 2934 5434; x_wconf 91' lang='lat' dir='ltr'><strong>Israel</strong></span> <span class='ocrx_word' id='word_1_894' title='bbox 2954 5379 3260 5433; x_wconf 90' lang='lat' dir='ltr'><strong>attulerunt</strong></span> <span class='ocrx_word' id='word_1_895' title='bbox 3275 5394 3288 5428; x_wconf 88' lang='lat'><strong>:</strong></span> <span class='ocrx_word' id='word_1_896' title='bbox 3302 5373 3562 5444; x_wconf 87' lang='lat' dir='ltr'><strong>praclara</strong></span> 
     </span>
    </p>
   </div>
   <div class='ocr_carea' id='block_1_118' title="bbox 1994 5463 3562 5540">
    <p class='ocr_par' dir='ltr' id='par_1_118' title="bbox 1994 5463 3562 5540">
     <span class='ocr_line' id='line_1_118' title="bbox 1994 5463 3562 5540; baseline -0.002 -16"><span class='ocrx_word' id='word_1_897' title='bbox 1994 5485 2228 5540; x_wconf 86' lang='lat' dir='ltr'><strong>namque</strong></span> <span class='ocrx_word' id='word_1_898' title='bbox 2251 5480 2562 5526; x_wconf 86' lang='lat' dir='ltr'><strong>sanctorum</strong></span> <span class='ocrx_word' id='word_1_899' title='bbox 2594 5473 2836 5527; x_wconf 89' lang='lat' dir='ltr'><strong>virorum</strong></span> <span class='ocrx_word' id='word_1_900' title='bbox 2861 5479 3011 5540; x_wconf 73' lang='lat' dir='ltr'><strong>gesta</strong></span> <span class='ocrx_word' id='word_1_901' title='bbox 3037 5470 3183 5524; x_wconf 83' lang='lat' dir='ltr'><strong>velut</strong></span> <span class='ocrx_word' id='word_1_902' title='bbox 3214 5480 3365 5520; x_wconf 85' lang='lat' dir='ltr'><strong>sacra</strong></span> <span class='ocrx_word' id='word_1_903' title='bbox 3391 5463 3562 5521; x_wconf 78' lang='lat' dir='ltr'><strong>lecta-</strong></span> 
     </span>
    </p>
   </div>
   <div class='ocr_carea' id='block_1_119' title="bbox 1057 5655 2154 5722">
    <p class='ocr_par' dir='ltr' id='par_1_119' title="bbox 1057 5655 2154 5722">
     <span class='ocr_line' id='line_1_119' title="bbox 1057 5655 2154 5722; baseline -0.006 -7"><span class='ocrx_word' id='word_1_904' title='bbox 1057 5661 1101 5694; x_wconf 81' lang='lat'><strong>&quot;</strong></span> <span class='ocrx_word' id='word_1_905' title='bbox 1142 5660 1162 5714; x_wconf 94' lang='lat' dir='ltr'><strong>I</strong></span> <span class='ocrx_word' id='word_1_906' title='bbox 1197 5658 1323 5715; x_wconf 89' lang='lat' dir='ltr'><strong>Cor.</strong></span> <span class='ocrx_word' id='word_1_907' title='bbox 1369 5674 1464 5722; x_wconf 79' lang='lat' dir='ltr'><strong>xu,</strong></span> <span class='ocrx_word' id='word_1_908' title='bbox 1516 5657 1606 5714; x_wconf 74' lang='lat'><strong>26.</strong></span> <span class='ocrx_word' id='word_1_909' title='bbox 1682 5655 1887 5711; x_wconf 70' lang='lat' dir='ltr'><strong>“Psal.</strong></span> <span class='ocrx_word' id='word_1_910' title='bbox 1933 5667 2076 5721; x_wconf 80' lang='lat' dir='ltr'><strong>xuii,</strong></span> <span class='ocrx_word' id='word_1_911' title='bbox 2103 5655 2154 5709; x_wconf 90' lang='lat'><strong>6.</strong></span> 
     </span>
    </p>
   </div>
  </div>
