3954 6200
432 287 536 346 527

1453 289 1509 344 S.
1553 289 1839 345 CYRILLl
1880 290 2353 351 ALEXANDRINI
2393 297 2707 355 ARCHIEP.

3573 307 3677 361 328

435 419 542 476 que
571 403 714 459 dona
757 403 976 460 Christo
1023 402 1266 456 omnium
1304 401 1548 467 pontiliei
1591 402 1866 468 dicantur,
1906 419 1997 458 nec

2109 407 2374 478 ἀρχιερεῖ,
2403 413 2494 464 καὶ
2513 413 2610 464 οὐκ
2640 412 2936 483 ἀσυμφανῆ
2963 416 3073 476 τοῖς
3099 414 3246 476 λαοῖς
3275 413 3339 466 τὰ
3373 413 3480 467 τῶν
3511 416 3680 485 ἁγίων

435 497 652 566 populis
678 496 909 550 obseura
948 501 1097 558 sunt,
1128 494 1280 563 juxta
1308 493 1442 547 illud
1467 511 1478 544 :
1519 513 1536 544 ι
1573 493 1690 547 Νοη
1715 502 1798 548 est
1827 495 2009 549 occul-

437 586 740 656 tum,quod
791 601 899 638 non
945 583 1354 646 manifestetur;
1396 599 1572 653 neque
1617 584 2001 638 absconditum

435 677 580 742 quod
608 692 713 729 non
739 682 1117 745 cognoscatur,
1142 683 1196 729 et
1217 675 1271 728 in
1294 682 1540 744 apertum
1559 675 1740 729 veniat
1757 675 1821 728 ⁸⁸.
1847 692 1864 726 ι
1895 675 2007 729 Du-

437 767 580 822 citur
606 767 788 834 itaque
816 764 868 817 in
898 772 1246 833 conspectum
1273 763 1589 827 sacerdotis,
1614 764 1891 834 totiusque
1912 778 2010 833 po-

436 856 549 926 puli
576 854 754 909 omnis
784 854 875 906 illa
922 869 989 907 ex
1011 853 1325 923 captivitate
1347 853 1549 923 praeda,
1581 853 1805 924 figurate
1844 862 2008 924 atque

434 945 664 1015 sapienti
693 944 1182 999 administratione.
1214 945 1483 1001 Caeterum
1527 944 1738 1016 Moyses
1774 947 2008 1000 victores

433 1035 762 1106 objurgavit,
788 1034 933 1104 quod
962 1050 1072 1089 non
1101 1042 1352 1090 accurata
1382 1035 1511 1089 satis
1545 1035 1774 1101 ratione,
1799 1043 1855 1089 et
1886 1050 2009 1105 quae

432 1126 760 1196 reprehendi
799 1127 948 1180 nullo
984 1126 1146 1181 modo
1185 1135 1406 1196 posset,
1445 1142 1561 1181 rem
1611 1126 2003 1181 confecissent:

431 1230 608 1284 neque
629 1215 775 1269 enim
801 1213 1067 1287 oportuit,
1091 1213 1288 1284 inquit,
1313 1214 1468 1268 vivos
1499 1227 1692 1284 capere
1711 1213 2003 1278 masculos,

429 1322 605 1376 neque
630 1309 756 1361 item
785 1306 1035 1372 feminas,
1059 1315 1179 1377 qlia:
1204 1307 1424 1378 nuptias
1453 1314 1636 1362 essent
1657 1305 2008 1376 expertae.Ac

429 1399 567 1454 ratio
602 1397 823 1468 quidem
852 1397 1095 1452 historice
1120 1397 1424 1467 probabilis
1449 1406 1532 1451 est
1556 1415 1568 1450 :
1599 1395 1824 1450 omnino
1847 1410 2007 1450 nam-

428 1505 534 1560 que
559 1503 696 1559 opus
717 1497 853 1554 erat,
889 1498 952 1542 ut
980 1489 1047 1542 ab
1069 1503 1133 1543 ea
1163 1490 1408 1559 regione,
1445 1502 1565 1556 qua:
1598 1486 1763 1556 paulo
1799 1493 1924 1556 post
1950 1485 2008 1540 in

425 1596 616 1635 eorum
642 1581 847 1634 ditione
885 1579 1069 1634 futura
1108 1588 1252 1644 erat,
1283 1579 1438 1634 virile
1473 1576 2006 1648 genusexscindere-

2114 499 2533 569 κατορθώματα,
2560 504 2702 556 κατά
2730 521 2792 574 γε
2825 505 2885 557 τό
2916 522 2928 534 ·
2958 505 3061 558 «Oti
3092 505 3200 576 γάρ
3228 507 3622 576 ὲστικρυπτὸν,
3653 510 3682 561 ὃ

2113 587 2174 638 οὐ
2231 588 2305 656 μὴ
2361 591 2825 663 φανερωθήσεται,
2865 595 2985 647 οὐδὲ
3026 596 3364 665 ἀπόκρυφον,
3427 597 3455 649 ὂ
3511 599 3569 651 οὐ
3609 599 3680 670 μὴ

2113 678 2362 747 γνωσθῇ,
2397 683 2490 733 καὶ
2523 683 2602 744 εἰς
2626 685 2858 750 φανερὸν
2887 683 3039 755 ἔλθῃ.
3082 703 3100 734 ι
3147 686 3375 753 Ἀγεται
3405 686 3584 740 τοίνυν
3625 691 3683 741 ὲν

2113 766 2233 836 ὄψει
2266 769 2359 821 τοῦ
2408 771 2620 842 ἱερέως,
2673 774 2768 825 καὶ
2799 774 2999 837 παντὸς
3025 773 3119 828 τοῦ
3149 776 3319 841 λαοῦ,
3361 777 3428 830 τά
3475 779 3538 831 ἐκ
3585 779 3680 850 τῆς

2115 857 2512 928 αἰχμαλωσίας,
2569 863 2816 926 τυπικῶς
2852 863 2908 916 δὲ
2945 867 3040 917 καὶ
3078 867 3460 937 οἰκονομικῶς.
3514 869 3678 940 Πλὴν,

2113 945 2346 1016 ἐπετίμα
2382 948 2589 1018 Μωσῆς
2618 952 2730 1014 τοῖς
2770 953 3116 1023 νενικηκόσιν
3157 955 3233 1018 ὡς
3265 957 3326 1008 οὐ
3361 958 3501 1010 κατά
3531 959 3684 1025 λόγον

2111 1033 2203 1088 τὸν
2244 1037 2444 1108 ἀκριϐῆ
2479 1041 2576 1092 καὶ
2625 1041 2946 1113 ἀδιάϐλητον
2995 1044 3274 1108 παντελῶς
3299 1087 3313 1109 ,
3348 1048 3408 1100 τὸ
3453 1051 3684 1119 πρᾶγμα.

2116 1125 2516 1182 συντεθεικόσιν
2541 1145 2554 1159 ·
2589 1130 2651 1184 οὐ
2685 1132 2791 1202 γάρ
2822 1132 2950 1198 ἔδει,
2988 1133 3142 1204 φησί,
3175 1135 3460 1206 ζωγρῆσαι
3491 1138 3552 1190 τὸ
3584 1138 3684 1209 άρ-

2116 1235 2228 1285 σεν,
2259 1219 2367 1272 οὐδ’
2399 1217 2468 1273 ἀν
2493 1217 2560 1275 αὗ
2589 1220 2725 1292 θῆλυ
2770 1224 2830 1278 τὸ
2858 1225 3289 1296 ὲμπειρόγαμον.
3325 1227 3428 1284 Καὶ
3462 1230 3681 1294 πιθανὸς

2115 1307 2214 1377 μὲν
2235 1307 2334 1378 τῆς
2374 1309 2611 1380 ἱστορίας
2665 1313 2694 1365 ὁ
2739 1312 2897 1380 λόγος
2920 1331 2935 1348 ο
2964 1315 3070 1368 ἔδει
3121 1315 3250 1386 γὰρ,
3282 1317 3391 1370 ἔδει
3433 1319 3530 1390 τῆς
3560 1322 3682 1373 ὅσον

2111 1394 2324 1451 οὐδέπω
2359 1397 2661 1470 μελλούσης
2694 1401 2800 1456 ὑπὸ
2831 1403 3017 1468 αὐτοῖς
3055 1405 3272 1459 ἔσεσθαι
3306 1408 3428 1477 γῆς,
3461 1410 3684 1462 ἀποκεί-

2115 1487 2306 1558 ρεσθαι
2336 1487 2399 1541 τὸ
2441 1489 2631 1562 ἄρσεν,
2672 1492 2748 1558 ὡς
2793 1491 2920 1566 ἦξον
2957 1497 3093 1567 μετά
3133 1497 3308 1568 βραχὺ
3362 1501 3496 1571 πρὸς
3542 1501 3682 1575 ἥϐην

2110 1593 2169 1630 τε
2203 1580 2298 1632 καὶ
2327 1579 2518 1652 ἀλκὴν,
2557 1582 2653 1636 καὶ
2684 1584 2940 1655 πολέμιον
2969 1587 3227 1657 ἐσόμενον
3269 1589 3346 1659 τῷ
3375 1589 3487 1660 λαῷ
3507 1606 3522 1620 ο
3560 1607 3682 1643 συν-

429 1679 538 1735 tur,
598 1671 746 1740 quod
792 1671 948 1725 brevi
981 1680 1227 1738 tempore
1286 1684 1410 1725 cum
1459 1668 1516 1723 in
1579 1667 1820 1722 adultam
1873 1675 1997 1724 aeta-

2111 1671 2451 1741 αναιρεῖσθαι
2483 1673 2540 1728 δὲ
2586 1675 2682 1729 καὶ
2729 1675 2790 1728 τδ
2831 1675 2987 1746 θῆλυ,
3022 1677 3323 1732 σκανδάλου
3382 1681 3676 1750 παραίτιον

428 1772 536 1818 tem
600 1779 661 1816 ac
682 1763 850 1818 robur
897 1766 1260 1834 pervenisset,
1291 1763 1491 1819 hostile
1529 1771 1675 1817 esset
1704 1761 1782 1816 illi
1806 1762 1997 1832 populc

2113 1759 2368 1828 γεγονὸς,
2397 1761 2489 1814 καὶ
2521 1763 2570 1815 εί
2605 1763 2866 1829 σέσωστο,
2895 1766 3035 1836 τάχα
3063 1783 3167 1820 που
3203 1768 3362 1822 πάλιν
3401 1770 3677 1839 ἐσόμενον

423 1851 710 1905 futurum:
757 1853 1024 1907 muliebre
1060 1869 1280 1924 quoque
1325 1852 1488 1908 simul
1529 1851 1831 1907 tollendum
1859 1857 1997 1918 erat,

2108 1853 2231 1906 ὅσον
2275 1851 2334 1908 δὲ
2361 1847 2496 1925 ἧκον
2526 1857 2605 1919 εἰς
2639 1854 2872 1928 θεωρίαν
2918 1858 3016 1929 τὴν
3047 1863 3442 1931 πνευματικὴν,
3499 1866 3674 1915 ἐκεῖνο

423 1943 569 2012 quod
597 1945 939 1999 occasionem
971 1945 1216 2000 scandali
1269 1945 1629 2015 praebuisset:
1666 1943 1824 2014 122
1851 1953 1927 2010 et,
1957 1946 1997 2000 si

2109 1938 2260 2015 οἶμαί
2292 1960 2395 1997 που
2425 1947 2632 2000 κατίδοι
2667 1965 2751 2012 τις
2787 1947 2852 2002 ἂν
2880 1948 2937 2001 ἐν
2969 1965 3033 2018 γε
3062 1951 3127 2019 δὴ
3170 1952 3378 2016 τούτοις
3410 1954 3538 2023 ἡμῖν
3583 1955 3680 2007 ἀσ-

423 2044 755 2100 servaretur,
781 2037 978 2090 iterum
1010 2037 1240 2091 fortasse
1262 2045 1406 2092 esset
1435 2037 1813 2107 prmbiturum.
1847 2034 1997 2101 Quod

2109 2036 2271 2100 τείως
2305 2037 2571 2110 ὑποδηλού
2580 2056 2762 2110 μενον.

423 2135 605 2181 autem
657 2129 724 2182 ad
758 2130 1274 2199 contemplationem
1311 2129 1590 2201 pertinent
1622 2129 1996 2201 spiritualem,
2039 2127 2194 2197 illud,
2230 2130 2336 2187 nisi
2367 2131 2549 2200 fallor,
2580 2133 2810 2206 intelligi
2843 2137 3021 2206 possit
3050 2137 3106 2192 in
3150 2136 3251 2192 hac
3297 2153 3355 2193 re
3418 2154 3526 2193 non
3589 2139 3682 2194 in-

421 2222 704 2276 commode
739 2222 1053 2293 significari.

493 2309 689 2363 PALL.
717 2309 857 2378 Quid
893 2311 1065 2364 illud?

489 2400 648 2456 CYR.
689 2400 841 2456 Lecti
872 2401 950 2456 illi
983 2417 1012 2456 a
1051 2401 1302 2458 tribubus
1328 2401 1549 2466 milites,
1573 2401 1822 2471 quamvis
1849 2409 2003 2472 parta

419 2491 671 2557 victoria,
705 2494 921 2564 culpam
962 2502 1143 2548 tamen
1174 2509 1283 2547 non
1311 2493 1654 2563 ell'ugerunt:
1690 2510 1799 2563 quo
1832 2494 2000 2564 signi-

419 2583 632 2648 ficatur,
657 2592 821 2654 atque
851 2583 988 2638 adeo
1015 2582 1324 2648 manifeste,
1353 2598 1420 2636 ne
1458 2582 1591 2653 ipsis
1621 2583 1842 2653 quidem
1867 2583 1996 2650 illis,

418 2675 511 2744 qui
550 2687 608 2727 se
645 2673 864 2728 fortiter
883 2681 1098 2744 gerunt,
1123 2674 1441 2745 contingere
1467 2690 1729 2744 unquam,
1759 2684 1820 2730 ut
1848 2675 1998 2730 omni

417 2780 483 2818 ex
523 2771 677 2833 parte
708 2764 1135 2836 reprehensione
1159 2775 1372 2820 vacent.
1398 2765 1614 2822 Etenim
1663 2767 1769 2821 hoc
1794 2766 1993 2836 ipsum,

417 2857 564 2925 quod
609 2866 754 2912 recte
800 2856 994 2912 fecisse
1034 2857 1308 2924 videmur,
1357 2859 1512 2913 nullo
1551 2859 1716 2913 modo
1759 2857 1868 2913 erit
1906 2872 1995 2911 re-

416 2947 802 3017 prehensionis
851 2955 908 3002 et
944 2949 1118 3019 culpae
1164 2965 1388 3020 expers,
1429 2951 1474 3004 si
1529 2965 1642 3005 rem
1682 2949 1999 3021 diligentius

414 3038 672 3108 exquirat
696 3046 752 3092 et
785 3038 1076 3108 investiget
1105 3039 1270 3094 Deus.
1305 3039 1540 3109 Ideoque
1575 3039 1840 3110 scriptum
1869 3049 1988 3095 est:

2177 2307 2388 2363 ΠΑΛΛ.
2428 2307 2640 2364 Ὀποίον
2671 2309 2723 2363 τί
2751 2292 2888 2382 φῆς

2173 2399 2338 2453 ΚΥΡ.
2367 2399 2482 2453 Οὐκ
2510 2400 2884 2456 ἀκαταιτίατοι
2909 2404 3285 2476 μεμενήκασιν
3309 2405 3357 2458 οί
3391 2406 3679 2463 ἀπόλεκτοι

2100 2489 2211 2543 τῶν
2244 2488 2448 2558 φυλῶν,
2486 2491 2579 2544 καί
2616 2509 2698 2546 τοι
2745 2492 2844 2563 τὴν
2877 2495 3034 2565 νίκην
3065 2497 3328 2566 ἀράμενοι
3350 2514 3364 2528 ο
3394 2497 3461 2550 δι’
3485 2493 3546 2550 οὗ
3581 2517 3680 2571 ση-

2107 2579 2374 2650 μαίνεται,
2399 2581 2494 2634 καί
2517 2581 2660 2652 μάλα
2683 2583 2890 2652 σαφῶς,
2921 2585 2998 2647 ὼς
3013 2586 3072 2638 τὺ
3096 2588 3330 2641 είσάπαν
3357 2589 3674 2660 ἀμώμητον,

2103 2669 2211 2724 οὐδ’
2246 2671 2313 2725 ἂν
2340 2670 2524 2736 αὐτοῖς
2554 2675 2666 2736 τοῖς
2698 2673 3104 2746 ἀνδριζομένοις
3135 2678 3349 2750 ὑπάρξῃ
3381 2680 3530 2732 ποτέ.
3565 2683 3677 2735 Καὶ

2102 2762 2233 2815 αὐτὸ
2265 2762 2373 2833 γὰρ
2407 2765 2564 2834 ἡμῶν
2594 2766 2654 2818 τὸ
2683 2766 2856 2837 ὀρθῶς
2889 2769 3176 2839 εἰργάσθαι
3209 2769 3421 2835 δοκοῦν,
3456 2775 3677 2844 μομφῆς

2115 2855 2210 2907 καὶ
2246 2854 2426 2918 αἰτίας
2450 2856 2804 2926 άμοιρήσειεν
2837 2858 2904 2912 ἂν
2931 2859 3046 2912 οὔτι
3085 2878 3210 2925 που,
3245 2864 3677 2935 περιεργαζομέ-

2103 2962 2195 3000 νου
2211 2964 2272 3000 τε
2295 2949 2389 3001 καὶ
2427 2948 2806 3019 βασανίζοντος
2826 2950 2984 3006 Θεοῦ.
3026 2953 3314 3025 Τοιγάρτοι
3350 2956 3445 3009 καὶ
3478 2956 3674 3027 γέγρα-

2107 3053 2274 3090 πται”
2306 3057 2324 3090 ι
2370 3039 2496 3094 Ἐὰν
2527 3040 2758 3110 ἀνομίας
2792 3045 3212 3116 παρατηρήσῃς,
3240 3044 3432 3116 Κύριε,
3476 3048 3670 3118 Κύριε,

423 3145 441 3178 ι
471 3127 525 3182 Si
557 3128 872 3196 iniquitates
896 3127 1291 3193 observaveris,
1312 3125 1564 3192 Domine,
1593 3129 1846 3194 Domine,
1870 3129 1994 3198 quis

2104 3126 2183 3190 τίς
2214 3127 2612 3200 ὑποστήσεται;
2658 3149 2677 3182 ι
2718 3131 2828 3184 Καὶ
2857 3132 3019 3186 πάλιν
3043 3149 3056 3163 ·
3097 3151 3116 3185 ι
3168 3135 3260 3188 Ἐκ
3287 3137 3395 3190 τῶν
3429 3139 3674 3208 κρυφίων

429 3218 828 3273 sustinebit"?
858 3237 875 3269 ι
937 3221 1112 3288 Atque
1146 3219 1379 3273 iterum:
1419 3237 1437 3269 ‹
1475 3217 1557 3273 ΑΙ)
1595 3218 1825 3274 occultis
1857 3218 1993 3273 meis

2104 3233 2204 3285 μου
2225 3217 2521 3287 καθάρισόν
2552 3235 2640 3287 με,
2671 3220 2765 3273 καὶ
2793 3221 2900 3274 άπὸ
2921 3221 3214 3294 ἀλλοτρίων
3235 3229 3413 3294 φεῖσαι
3439 3227 3532 3280 τοῦ
3557 3228 3677 3281 δού-

414 3309 617 3364 munda
644 3326 752 3374 me,
775 3320 828 3365 et
848 3309 916 3364 ab
945 3309 1136 3365 alienis
1153 3324 1317 3380 parce
1349 3325 1506 3365 servo
1531 3319 1656 3376 tuo;
1682 3310 1727 3365 si
1755 3311 1860 3366 mei
1883 3324 1994 3364 non

2104 3305 2192 3358 λου
2223 3324 2314 3360 σου
2341 3325 2355 3338 ·
2389 3307 2486 3361 ἐὰν
2515 3310 2589 3379 μή
2631 3325 2732 3380 μου
2767 3313 3263 3382 κατακυριεύσωσι,
3291 3315 3412 3369 τότε
3444 3317 3675 3387 ἄμωμος

413 3401 623 3455 fuerint
675 3399 962 3464 dominati,
1014 3408 1146 3454 tunc
1191 3401 1573 3455 immaculatus
1618 3401 1791 3455 ero".
1834 3419 1852 3452 ι
1902 3402 1997 3455 Est

2112 3397 2332 3467 ἔσομαι.
2371 3417 2391 3450 ι
2448 3399 2663 3453 Ἐνεστι
2693 3400 2756 3470 δὴ
2787 3397 2878 3455 οὖν
2909 3403 3020 3456 ἐσθ’
3069 3405 3155 3458 ὅτε
3189 3407 3282 3460 καὶ
3323 3409 3381 3460 ὲν
3415 3411 3537 3472 ταῖς
3565 3409 3676 3462 τῶν

414 3490 579 3562 igitur
604 3490 932 3561 quandoque
964 3491 1022 3544 in
1050 3490 1184 3561 ipsis
1223 3505 1440 3560 quoque
1470 3490 1813 3560 egregiorum
1845 3489 1996 3544 viro-

2104 3487 2418 3541 άπολέκτων
2457 3489 2751 3559 ἀνδρείαις,
2785 3493 3006 3564 μομφὴν
3039 3495 3194 3551 ὁσίαν
3231 3496 3377 3561 ἰδεῖν,
3413 3499 3537 3570 ἥνὴ
3573 3497 3668 3552 τοῦ

415 3599 536 3636 rum
579 3583 812 3637 fortibus
849 3582 1034 3648 factqu
1055 3583 1213 3652 justas
1243 3580 1577 3636 accusationi
1607 3580 1795 3644 locus,
1831 3595 1994 3650 quem

413 3673 743 3742 legislatoris
779 3673 1071 3742 prudentia
1117 3673 1413 3742 perspicit,
1465 3672 1715 3743 quamvis
1753 3678 1998 3726 nostram

413 3768 588 3822 aciem
627 3766 887 3837 eﬂ‘ugiat:
923 3781 1102 3835 neque
1130 3765 1277 3820 enim
1313 3765 1367 3820 id
1393 3765 1858 3836 deprehendimus
1885 3765 1996 3820 ullo

413 3857 578 3911 modo
624 3858 780 3928 juxta
827 3856 1008 3911 illud:
1067 3875 1085 3906 c
1120 3855 1329 3910 Delicta
1387 3857 1512 3926 quis
1558 3855 1928 3928 intelliget"?
1970 3875 1988 3908 ι

412 3949 724 4016 Quinetiam
750 3949 920 4003 Isaias
968 3947 1046 4002 ait
1070 3961 1289 4002 omnem
1307 3947 1575 4020 justitiam
1613 3957 1856 4003 nostram
1875 3963 1995 4005 esse

412 4041 566 4113 quasi
614 4056 856 4110 pannum
905 4045 1257 4094 menstruam
1308 4040 1580 4094 mulieris.
1636 4038 1773 4094 Nam
1835 4039 1994 4105 illud,

413 4133 563 4187 omni
594 4149 661 4186 ex
703 4139 858 4200 parte
919 4129 1212 4200 puritatem
1257 4130 1737 4202 integritatemque
1775 4141 1996 4186 servare

415 4239 573 4294 posse
595 4263 609 4288 ,
652 4222 875 4275 minime
910 4221 1071 4275 nobis
1112 4222 1397 4292 contingit.
1424 4221 1625 4276 Paulus
1657 4237 1874 4291 quoque
1911 4221 1996 4278 vir

416 4312 874 4382 sapientissimus,
914 4309 1163 4380 quamvis
1185 4311 1440 4366 dixisset:
1474 4329 1491 4362 ι
1530 4311 1677 4367 Nihil
1701 4312 1833 4365 mihi
1857 4326 1993 4365 cono

417 4403 563 4457 scius
618 4417 776 4469 sum;
833 4422 851 4454 ι
896 4401 1109 4457 addidit
1156 4410 1366 4457 tamen:
1423 4421 1440 4451 ι
1482 4400 1577 4454 sed
1615 4415 1722 4453 non
1782 4399 1838 4452 in
1885 4399 1994 4454 hoc

411 4495 739 4566 justifieatus
772 4509 925 4560 sum;
973 4495 1068 4564 qui
1107 4502 1286 4547 autem
1317 4491 1527 4563 judieat
1567 4505 1687 4554 me,
1728 4489 1992 4544 Dominus

414 4587 585 4641 est".
620 4606 638 4637 ι
686 4587 781 4640 illa
815 4601 982 4655 porro
1030 4583 1198 4654 Moysi
1254 4579 1608 4652 reprehensio
1637 4595 1748 4634 non
1801 4595 1992 4636 omnes

2097 3578 2386 3649 νομοθέτου
2406 3579 2604 3648 γνῶσις
2621 3582 2848 3655 καθορᾷ,
2881 3587 3214 3657 παρατρέχει
3242 3588 3300 3640 δὲ
3327 3591 3472 3659 ἡμᾶς
3495 3607 3510 3621 ’
3547 3607 3675 3644 συν-

2102 3669 2252 3740 ίεμεν
2304 3668 2413 3740 γάρ
2451 3669 2568 3724 οὔτι
2620 3689 2764 3738 που,
2806 3675 2950 3730 κατὰ
2997 3676 3095 3731 τό·
3173 3697 3190 3731 ι
3245 3680 3675 3752 Παραπτώματα

2097 3760 2181 3824 τίς
2212 3763 2430 3832 συνήσει
2457 3777 2472 3827 ;
2514 3780 2532 3814 ι
2575 3764 2682 3818 Καὶ
2727 3764 2952 3830 Ἡσαΐας
2973 3767 3030 3820 δέ
3071 3768 3172 3823 πού
3207 3786 3393 3839 φησιν,
3421 3773 3502 3825 ὅτι
3523 3775 3673 3828 πᾶσα

2099 3851 2257 3922 ἡμῶν
2276 3853 2310 3922 ἡ
2344 3851 2655 3925 δικαιοσύνη
2673 3893 2688 3918 ,
2709 3854 2784 3918 ὡς
2809 3856 2973 3926 ῥάκος
3001 3858 3250 3930 ἀποκαθη
3261 3861 3446 3931 μένης.
3463 3863 3563 3916 Διά
3584 3880 3668 3916 τοι

2097 3940 2160 3994 τὸ
2182 3943 2262 4005 εἰς
2284 3941 2424 4011 ἄγαν
2451 3943 2682 4006 ἀστείως
2708 3944 2803 3999 καὶ
2827 3946 3168 4020 ἀμωμήτως,
3201 3949 3276 4020 μὴ
3301 3949 3366 4004 ἂν
3401 3952 3546 4020 ἔχειν
3574 3952 3674 4006 δύ-

2099 4033 2292 4086 νασθαί
2337 4051 2489 4088 ποτε.
2519 4034 2728 4099 Παῦλος
2755 4035 2813 4088 δὲ
2841 4037 2870 4089 ὁ
2907 4038 3248 4107 σοφώτατος,
3302 4061 3320 4093 ι
3355 4042 3523 4095 Οὐδὲν
3560 4045 3674 4115 γάρ

2097 4125 2320 4197 ἐμαυτῷ
2364 4125 2578 4182 σύνοιδα
2611 4144 2631 4178 ι
2679 4129 2974 4199 γεγραφὼς
2996 4171 3012 4196 ,
3049 4149 3070 4182 ι
3117 4131 3256 4184 ’Δλλ’
3287 4132 3388 4184 οὐκ
3415 4134 3471 4186 ὲν
3495 4134 3674 4202 τούτῳ

2099 4218 2481 4287 δεδικαίωμαι,
2522 4217 2685 4288 φησίν
2709 4235 2722 4249 ·
2746 4222 2776 4272 ό
2802 4220 2859 4274 δὲ
2888 4221 3196 4292 ἀνακρίνων
3223 4239 3292 4293 με
3311 4263 3327 4288 ,
3360 4224 3563 4294 Κύριός
3590 4228 3675 4278 ἐσ-

2097 4324 2200 4362 τιν.
2242 4325 2264 4360 ι
2309 4306 2372 4359 Ἦ
2397 4307 2453 4360 δὲ
2498 4305 2704 4376 μέμψις
2729 4309 2763 4379 ἡ
2796 4310 2946 4380 παρά
2975 4310 3217 4374 Μωσέως
3251 4312 3311 4364 οὐ
3337 4313 3472 4382 πρὸς
3502 4313 3674 4366 ἄπαν-

2096 4415 2196 4461 τας
2247 4395 2432 4460 ἁπλῶς
2451 4436 2467 4462 ,
2501 4396 2640 4450 ἀλλὰ
2683 4399 2817 4469 πρὸς
2869 4399 3062 4469 μόνους
3089 4399 3388 4472 ἐπράττετο
3412 4402 3538 4463 τοὺς
3567 4403 3674 4472 τῆς

2093 4486 2376 4558 δυνάμεως
2400 4487 2750 4553 ἐπισκόπους,
2769 4491 2866 4542 καὶ
2895 4490 3030 4560 πρὸς
3061 4489 3382 4561 χιλιάρχους
3412 4494 3510 4546 καὶ
3539 4493 3672 4546 ἑκα-

2095 4580 2418 4651 τοντάρχους
2440 4597 2455 4613 ο
2483 4597 2502 4631 ι
2538 4581 2764 4635 Δυνατοί
2784 4582 2914 4651 γὰρ,
2937 4581 3171 4644 δυνατῶς
3197 4582 3602 4650 ὲτασθήσονται,
3645 4601 3665 4633 ι

415 4679 534 4733 sine
575 4676 892 4733 discrimine
943 4673 1379 4744 perstringebat,
1420 4671 1515 4727 sed
1557 4671 1732 4726 solum
1772 4672 1990 4742 cpisco-

2104 4673 2190 4726 καὶ
2211 4674 2330 4727 κατ’
2351 4671 2530 4725 αὐτῶν
2576 4673 2809 4742 μάλιστα
2838 4673 2900 4726 τὸ
2933 4673 3157 4745 ἀκριϐὲς
3183 4673 3278 4728 τοῦ
3299 4673 3463 4745 νόμου
3485 4690 3501 4704 ’
3541 4691 3561 4726 ι
3600 4668 3673 4747 τῼ

413 4783 514 4837 pos
559 4784 621 4826 ac
680 4767 846 4821 duces
884 4763 1156 4819 exercitus
1193 4772 1247 4817 et
1284 4761 1641 4827 millenarios,
1681 4777 1744 4816 ac
1785 4772 1981 4817 centu-

411 4858 634 4911 riones:
693 4877 710 4907 ι
751 4857 831 4911 De
883 4854 1200 4925 potentibus
1250 4854 1398 4907 enim
1445 4861 1698 4922 potenter
1754 4853 1982 4923 quaestio

413 4948 508 5004 ﬁet
524 4948 590 5012 ⁸³,
627 4968 644 4999 ι
682 4963 746 5001 ac
783 4961 996 5001 summo
1021 4946 1141 5015 jure
1174 4959 1297 4998 cum
1342 4943 1449 5000 illis
1481 4943 1715 4998 maxime
1765 4944 1847 5013 agi
1887 4960 1986 5013 par

414 5047 533 5094 est:
570 5057 587 5090 ι
629 5037 787 5108 Apud
816 5050 978 5108 quem
1005 5035 1172 5100 enim,
1213 5035 1412 5104 inquit,
1441 5036 1676 5088 multum
1713 5034 1987 5104 deposue-

414 5135 564 5192 runt,
587 5129 819 5181 multum
849 5125 918 5180 ab
937 5140 1005 5180 eo
1035 5127 1360 5195 quaerent“.
1391 5145 1408 5178 ι
1451 5125 1686 5196 Ideoque
1726 5127 1988 5196 scriptum

415 5218 642 5288 reliquit
676 5217 770 5272 ille
813 5215 1110 5272 Salvatoris
1165 5215 1337 5269 nostri
1376 5213 1712 5284 discipulus:
1762 5235 1780 5266 ‹
1816 5216 1993 5272 Nolite

414 5314 602 5384 plures
631 5309 875 5380 magistri
909 5307 1048 5373 fieri,
1067 5305 1263 5360 fratres
1290 5303 1420 5370 mei,
1439 5305 1675 5361 'scientes
1699 5306 1844 5376 quod
1875 5321 1992 5362 ma-

409 5403 503 5473 jus
536 5401 807 5475 judicium
842 5398 1208 5454 sumemus".
1235 5415 1253 5446 ι
1295 5395 1355 5449 ln
1392 5396 1681 5466 episcopos
1711 5397 1897 5467 igitur,
1937 5405 1994 5452 et

413 5505 529 5557 eos,
557 5494 651 5564 qui
677 5490 963 5548 ordinibus
985 5496 1242 5560 praesunt,
1267 5487 1573 5542 communis
1596 5488 1753 5558 culpa
1777 5487 1992 5543 confer-

487 5604 534 5636 “
555 5604 688 5660 Luc.
733 5623 845 5671 VIII,
889 5606 977 5659 1.7.
1080 5604 1125 5636 ⁸⁵
1165 5604 1584 5669 Psalr.cxx1x,5.

420 5673 475 5733 7.
548 5674 593 5705 ⁹⁰
621 5674 754 5736 Luc.
778 5692 872 5740 xu,
897 5675 984 5729 48.
1063 5676 1104 5708 ⁹¹
1129 5673 1244 5729 Jac.
1271 5688 1350 5738 ιιι,
1386 5675 1434 5732 1,

2091 4765 2198 4834 γάρ
2231 4762 2366 4816 πολὺ
2405 4763 2702 4834 παρέθεντο
2727 4803 2742 4827 ,
2794 4765 2929 4834 φησί
2953 4804 2968 4829 ,
3005 4765 3140 4819 πολὺ
3188 4762 3514 4834 ζητήσουσιν
3570 4765 3652 4817 ἀπ

2091 4853 2277 4910 αὑτοῦ.
2326 4873 2344 4906 ι
2379 4855 2666 4927 Τοιγάρτοι
2695 4855 2787 4910 καὶ
2827 4857 3070 4924 γέγραφε
3100 4854 3191 4908 τοῦ
3231 4856 3480 4927 Σωτῆρος
3510 4857 3538 4908 ὁ
3565 4872 3671 4924 μα-

2091 4945 2261 5016 θητής
2290 4963 2301 4976 ·
2331 4965 2349 4996 ι
2377 4947 2469 5017 Μὴ
2501 4945 2683 4998 πολλοί
2715 4945 3020 5000 διδάσκαλοι
3049 4945 3510 5015 γίνεσθε,άδελφοί
3539 4963 3668 5015 μου,

2097 5037 2298 5098 εἰδότες
2327 5037 2408 5089 ὅτι
2433 5037 2618 5106 μεῖζον
2645 5039 2817 5106 κρῖμα
2839 5035 3140 5105 ληψόμεθα.
3178 5056 3198 5087 ι
3227 5037 3454 5106 Φέρεται
3487 5037 3668 5091 τοίνυν

2100 5126 2192 5178 ἐπὶ
2219 5126 2348 5188 τοὺς
2377 5126 2708 5187 ἐπισκόπους
2737 5125 2832 5178 καὶ
2859 5123 2970 5178 τῶν
2999 5127 3294 5194 ταγμάτων
3337 5125 3674 5196 προεστηκό-

2093 5231 2192 5277 τας
2229 5216 2263 5284 ﬁ
2291 5215 2431 5269 κατὰ
2460 5216 2679 5268 πάντων
2707 5214 2962 5276 αἰτίασις.
3011 5216 3120 5267 Ἀεὶ
3141 5216 3250 5285 γάρ
3281 5231 3385 5268 που
3418 5219 3538 5278 ταῖς
3570 5217 3667 5284 νή-

2094 5303 2219 5372 ψεσι
2251 5303 2358 5356 τῶν
2387 5304 2811 5374 καθηγουμένων
2856 5304 3134 5373 εὐδοκιμεῖ
3160 5304 3218 5357 τὸ
3252 5305 3513 5374 ὑπήκοον.
3547 5303 3668 5356 Τοι-

2095 5393 2287 5464 γάρτοι
2308 5395 2401 5446 καὶ
2420 5395 2724 5466 γέγραπται
2751 5397 2864 5459 τοῖς
2881 5394 2986 5448 ὑπὸ
3008 5398 3165 5466 χεῖρα
3183 5395 3352 5457 λαοῖς·
3376 5415 3395 5445 ι
3409 5395 3665 5448 Πείθεσθε

2096 5489 2208 5550 τοῖς
2239 5486 2563 5558 ἡγουμένοις
2587 5489 2740 5559 ὑμῶν
2757 5488 2852 5543 καὶ
2885 5489 3158 5542 ὑπείκετεο
3183 5489 3335 5542 αὐτοὶ
3359 5489 3466 5562 γὰρ
3496 5493 3668 5560 ἀγρυ-

1692 5605 1738 5638 ⁸⁸
1773 5605 1913 5662 Psal.
1961 5622 1997 5663 Χ

2104 5648 2109 5672 ,
2149 5606 2351 5673 1³5,14.
2430 5607 2474 5640 ⁸⁷
2500 5607 2633 5685 ibid.
2678 5608 2760 5662 15.
2867 5607 3096 5664 "lCor.
3130 5623 3200 5671 tv,
3225 5607 3278 5664 4.
3355 5608 3401 5640 ⁸⁸
3441 5606 3566 5687 Sap.
3593 5621 3665 5676 γι,
