3954 6200
314 306 418 363 339

1054 300 1141 365 DE
1181 298 1623 366 ADORATlONE
1661 302 1728 365 IN
1770 294 2040 365 SPIRITU
2082 306 2169 365 ET
2213 309 2577 368 \‘ERITATE.
2604 314 2733 369 LIB.
2775 312 2862 371 ιν.

3464 319 3569 382 330

311 426 534 482 πνοῦσιν
568 425 704 498 ὑπὲρ
739 425 848 479 τῶν
875 422 1062 497 ψυχῶν
1092 425 1269 498 ὑμῶν,
1295 426 1369 491 ὡς
1389 426 1546 495 λόγον
1584 425 1878 479 ἀποδώσον·

1986 434 2094 480 tur.
2120 427 2348 497 Semper
2374 430 2522 484 enim
2543 428 2656 485 fere
2684 429 2994 500 principum
3029 432 3311 504 vigilantia
3337 436 3397 495 llt
3431 454 3490 498 ut
3530 446 3567 500 ii

306 537 422 585 τες.
472 536 491 571 ι
539 510 695 573 Μετὰ
730 516 787 570 δὲ
833 517 930 587 τὴν
975 517 1084 571 τῶν
1128 519 1403 587 γυναικῶν
1432 535 1492 572 τε
1532 518 1626 572 καὶ
1664 518 1890 571 παιδίων

304 611 612 683 ἀναίρεσιν,
657 609 1062 673 ἀναπονίπτους
1096 610 1195 663 οὐκ
1224 611 1291 682 ἐᾷ
1334 610 1459 673 τοὺς
1491 608 1825 680 πολεμιστὰς
1862 608 1891 661 ὀ

305 698 595 763 θεσπέσιος
631 700 836 773 Μωσῆς
864 700 1240 765 ἐναυλίζεσθαι
1269 704 1335 771 τῇ
1361 699 1682 772 παρεμϐολῇ
1709 739 1725 763 ,
1757 717 1892 769 προ-

301 792 782 861 αποκαθαίρεσθαι
804 792 862 846 δὲ
884 792 996 847 δεῖν
1018 793 1316 860 ἐπιτάττει,
1335 793 1506 862 λέγων
1525 809 1538 823 ο
1552 813 1570 844 ι
1604 793 1714 846 Καὶ
1733 793 1890 862 ὑμεῖς

302 884 715 958 παρεμϐαλεῖτε
777 885 882 951 ἔξω
914 885 1013 957 τῆς
1059 886 1414 958 παρεμϐολῆς
1458 887 1598 940 ἑπτὰ
1646 885 1888 957 ἡμέραςο

298 979 414 1040 πᾶς
440 980 469 1030 6
487 977 691 1030 ἀνελὼν
712 978 808 1031 καὶ
827 980 856 1031 6
886 977 1190 1050 ἁπτόμενος
1216 979 1311 1031 τοῦ
1340 978 1683 1049 τετρωμέναι)
1740 979 1891 1047 ἀγνιο

297 1065 567 1138 σθήσεται
596 1070 663 1138 τῇ
696 1069 885 1140 ἡμέρᾳ
917 1069 1104 1141 τρίτῃ,
1138 1071 1232 1124 καὶ
1269 1072 1336 1141 τῇ
1382 1070 1566 1143 ἡμέρᾳ
1589 1072 1654 1141 τῇ
1684 1068 1889 1143 ἑϐδόμῃ

296 1160 466 1230 ὑμεῖς
499 1161 596 1213 καὶ
623 1161 657 1232 ή
689 1162 1039 1231 αίχμαλωσία
1065 1161 1242 1233 ὑμῶν,
1273 1162 1368 1216 καὶ
1406 1165 1515 1216 πᾶν
1540 1162 1886 1235 περίὸλημα,

295 1250 403 1303 καὶ
453 1252 563 1304 πᾶν
611 1249 805 1315 σκεῦος
855 1251 1201 1323 δερμάτινον,
1241 1254 1338 1306 καὶ
1376 1254 1560 1307 πᾶσαν
1623 1254 1888 1321 ἐργασίαν

288 1343 360 1407 ἐξ
400 1342 645 1411 αἰγείας,
687 1344 783 1396 καὶ
828 1346 935 1397 πᾶν
981 1344 1173 1409 σκεῦος
1199 1344 1407 1413 ξύλινον
1450 1344 1820 1415 ἀφαγνιεῖσθε,
1862 1362 1881 1397 ι

304 1433 481 1505 Ὁρᾷς
521 1434 604 1487 ὅτι
644 1433 740 1487 καὶ
780 1434 841 1486 τδ
877 1434 1101 1507 ἄριστόν
1136 1452 1195 1489 τε
1225 1436 1321 1488 καὶ
1363 1436 1646 1507 εὐδόκιμον
1672 1437 1729 1489 ὲν
1753 1437 1887 1507 ἡμῖν

284 1525 409 1577 τῶν
461 1526 779 1580 ἁπολὲκτων
833 1526 990 1594 γένος
1044 1526 1144 1580 οὐκ
1200 1524 1502 1598 ἀμώμητον
1569 1526 1882 1590 παντελῶς·

293 1634 319 1671 α
364 1618 627 1689 Καθαρδς
657 1619 765 1690 γὰρ
795 1620 969 1682 οὐδεὶς
1015 1620 1124 1673 ἀπὸ
1163 1618 1371 1689 ῥύπου,
1411 1637 1429 1671 ι
1465 1621 1556 1672 καί
1595 1620 1643 1672 εἰ
1672 1618 1877 1689 σφόδρα

282 1712 383 1775 ίεις
407 1709 495 1781 εἴη
518 1711 627 1764 τῶν
667 1710 978 1781 εὐδοκιμεῖν
1007 1711 1279 1765 εἰωθότων
1300 1728 1313 1742 ο
1346 1712 1643 1783 τετήρηται
1688 1711 1797 1782 γὰρ
1824 1711 1886 1764 τὸ

282 1801 520 1864 τελείως
556 1801 707 1869 ἅγιον
740 1802 820 1863 εἰς
846 1799 1017 1855 αἰῶνα
1050 1801 1141 1854 τὸν
1176 1801 1459 1872 μέλλοντα.
1482 1800 1628 1867 Ἐξω
1666 1814 1885 1871 τοιγαρ-

279 1891 392 1946 οῦν
469 1893 684 1957 καθίζει
747 1893 848 1964 τῆς
917 1893 1277 1965 παρεμόολῆς
1326 1893 1453 1956 τοὺς
1510 1893 1882 1963 νενικηκότας,

280 1985 393 2040 καὶ
439 1984 839 2054 ἀφαγνίζεσθαι
882 1984 992 2037 δεῖν
1041 1985 1239 2048 αὐτοὺς
1289 1987 1347 2040 ἐν
1394 1985 1579 2056 ἡμέρᾳ
1633 1984 1767 2055 φησι⁵
1814 1986 1881 2056 τῇ

296 2077 469 2149 τρίτῃ
513 2077 606 2130 καὶ
645 2080 713 2149 τῇ
760 2076 992 2148 ἑϐδόμῃ.
1030 2078 1142 2149 Τῆς
1177 2077 1277 2148 μὲν
1306 2077 1519 2149 ἡμέρας
1558 2078 1658 2147 τῆς
1695 2076 1884 2147 τρίτης

277 2170 324 2240 ἢ
354 2170 445 2223 τὸν
483 2167 665 2239 τρίτον
701 2170 834 2240 ἡμῖν
871 2167 1253 2239 σημαινούσης
1284 2168 1375 2221 τὸν
1405 2167 1621 2238 καιρὸν,
1669 2166 1789 2219 καθ’
1823 2166 1882 2218 ὃν

279 2263 327 2332 ἠ
363 2262 451 2315 διά
476 2260 716 2333 Χριστοῦ
737 2263 930 2329 γέγονε
963 2260 1230 2330 κάθαρσις
1259 2258 1395 2330 μετά
1417 2259 1605 2329 χρόνον
1625 2258 1715 2311 τὸν
1741 2259 1883 2313 κατὰ

277 2354 501 2409 Μωσέα
522 2396 537 2419 ,
567 2353 663 2407 καὶ
686 2351 809 2407 καθ’
832 2352 892 2406 ὃν
913 2352 941 2403 ὁ
968 2351 1076 2405 τῶν
1098 2351 1267 2419 ἀγίων
1286 2350 1586 2421 προφητῶν
1597 2350 1880 2422 ἀνεδείχθη

283 2446 497 2518 χορὸς,
538 2446 656 2516 ἦτοι
684 2444 776 2498 τὸν
820 2445 918 2515 τῆς
959 2443 1348 2506 ἀναστάσεως,
1399 2441 1522 2495 καθ’
1566 2440 1624 2495 ὃν
1680 2441 1881 2496 ἀνεϐίω

278 2539 548 2611 Χριστὸς,
581 2535 944 2609 προσηλώσας
962 2535 1040 2607 τῷ
1061 2535 1227 2607 τιμίῳ
1250 2534 1465 2607 σταυρῷ
1487 2535 1547 2588 τὸ
1573 2535 1696 2589 καθ’
1724 2535 1879 2607 ἡμῶν

277 2628 691 2704 χειρόγραφον,
752 2628 848 2682 καὶ
903 2624 1122 2681 λυτικδν
1172 2627 1447 2698 ἁμαρτίας
1498 2624 1560 2680 τὸ
1603 2626 1670 2680 δι’
1729 2629 1881 2698 ἡμᾶς

281 2722 592 2793 ὑπομείνας
627 2719 819 2783 πάθος.
857 2720 968 2790 Τῆς
1018 2736 1082 2788 γε
1136 2720 1245 2791 μὴν
1277 2718 1514 2790 ἑϐδόμης
1558 2719 1649 2772 τὸν
1683 2720 1776 2773 ἐπὶ
1810 2723 1877 2793 τῇ

280 2811 573 2882 συντελείᾳ
600 2811 697 2865 τοῦ
728 2809 992 2883 παρόντος
1021 2811 1214 2874 αἰῶνος
1244 2811 1437 2881 καιρὸν
1476 2809 1880 2882 ἀναπειοούσης

280 2908 452 2970 νοεῖν,
491 2905 615 2959 καθ’
664 2904 725 2958 ὃν
768 2903 1076 2975 ὁλοτρόπως
1130 2902 1192 2956 τὸ
1240 2904 1339 2972 τῆς
1398 2902 1671 2974 ἁμαρτίας
1718 2902 1881 2973 ἄχθος

280 2998 747 3067 ἀποσεισάμενοι,
787 2996 883 3049 καὶ
908 2996 988 3058 εἰς
1016 2994 1169 3065 λῆξιν
1216 2994 1386 3058 ἰόντες
1416 2994 1715 3064 ἀγιασμοῦ,
1756 3011 1881 3047 συν-

1990 519 2084 590 qui
2114 531 2327 590 parent,
2351 520 2701 577 laudabiliter
2728 537 2785 577 se
2808 533 3027 594 gerant;
3052 525 3284 598 ideoque
3302 533 3568 604 scriptum

1989 618 2074 665 est
2105 611 2324 681 populis
2355 612 2449 681 qui
2480 612 2581 666 sub
2620 613 2848 684 imperio
2880 626 3070 671 erant:
3104 637 3121 669 ι
3154 619 3384 679 Obedite
3422 641 3567 695 pra:-

1988 702 2184 771 positis
2222 702 2440 768 vestris,
2464 710 2521 758 et
2552 703 2829 774 suhjacete
2867 707 2980 773 eis;
3008 708 3110 779 ipsi
3159 712 3308 766 enim
3340 714 3571 785 vigilant

1989 806 2089 862 pro
2136 793 2426 847 animabus
2468 794 2700 859 vestris,
2745 804 3003 866 tanquam
3058 801 3326 857 rationem
3379 806 3569 861 reddi-

1990 885 2177 940 turi”.
2204 905 2222 937 ι
2262 887 2392 941 Post
2418 901 2611 941 necem
2648 902 2780 943 vero
2826 890 3121 947 mulierum
3172 909 3237 949 ac
3269 911 3567 965 puerorum

1989 993 2099 1032 non
2129 977 2399 1048 permittit
2426 978 2621 1034 beatus
2648 979 2859 1051 Moyses
2899 989 2959 1035 ut
2994 984 3196 1040 milites
3239 986 3377 1042 illoti
3415 1005 3473 1045 se
3513 991 3568 1045 in

1989 1076 2168 1124 castra
2192 1069 2489 1159 recipiant;
2520 1070 2616 1125 sed
2647 1078 2708 1125 ut
2740 1071 2894 1141 prius
2931 1072 3235 1130 lustrentur
3262 1079 3451 1148 jubet,
3479 1080 3568 1135 di-

1988 1174 2151 1214 cens:
2185 1158 2340 1231 123
2370 1179 2388 1211 ι
2419 1160 2487 1216 Et
2524 1176 2623 1217 vos
2657 1165 3180 1221 castrametabimini
3217 1178 3369 1226 extra
3392 1182 3568 1227 castra

1989 1258 2199 1320 septem
2252 1251 2399 1307 dies:
2446 1252 2629 1308 omnis
2668 1254 2762 1325 qui
2803 1254 3144 1313 interfecerit
3194 1261 3467 1330 animam,
3512 1275 3569 1321 et

1988 1344 2167 1399 omnis
2210 1345 2303 1414 qui
2344 1345 2589 1417 tetigerit
2627 1347 3007 1414 vulneratum,
3048 1350 3377 1408 lustrabitur
3407 1355 3568 1409 tertio

1989 1436 2077 1492 die
2127 1439 2184 1491 et
2208 1437 2296 1493 die
2326 1439 2579 1508 septimo,
2605 1444 2701 1496 Vos
2721 1449 2776 1497 et
2800 1443 3084 1513 captivitas
3105 1454 3307 1512 vestra,
3329 1456 3385 1503 et
3405 1463 3568 1504 omne

1989 1524 2391 1593 indumentum,
2433 1536 2490 1583 et
2511 1544 2673 1585 omne
2697 1546 2791 1585 vas
2814 1533 3127 1601 pelliceum,
3155 1545 3211 1591 et
3239 1530 3401 1593 omne
3431 1554 3570 1610 opus

1986 1633 2054 1672 ex
2088 1618 2308 1687 caprina
2324 1621 2557 1689 pelle,et
2577 1637 2739 1679 omne
2758 1640 2854 1679 vas
2885 1626 3127 1697 ligneum
3156 1630 3560 1700 expiabitis9'.»

1986 1704 2152 1761 Vides
2170 1707 2334 1762 etiam
2358 1710 2689 1765 selectorum
2714 1728 2907 1783 genus,
2940 1717 3088 1785 quod
3126 1719 3271 1788 apud
3292 1736 3394 1776 nos
3420 1725 3567 1792 opti-

1989 1814 2139 1853 mum
2179 1815 2243 1854 ac
2294 1803 2803 1872 praestantissimum
2856 1805 3121 1875 habetur,
3169 1826 3281 1866 non
3339 1815 3568 1870 omnino

1985 1892 2145 1962 culpa
2178 1907 2370 1948 vacare
2398 1912 2411 1947 :
2439 1914 2457 1945 ι
2480 1894 2652 1949 Nemo
2674 1896 2822 1950 enim
2852 1900 3092 1955 mundus
3122 1916 3152 1955 ιι
3181 1903 3341 1959 sorde
3357 1904 3425 1971 “,
3458 1925 3477 1958 ι
3505 1916 3568 1961 ut

1984 1984 2218 2040 maxime
2273 1984 2400 2056 quis
2437 1987 2580 2042 inter
2617 1989 3036 2059 probatissimos
3089 1994 3359 2051 habeatur
3395 2015 3408 2052 :
3472 2000 3567 2056 illa

1983 2090 2221 2146 namque
2250 2078 2493 2147 perfecta
2516 2081 2775 2135 sanctitas
2809 2082 2867 2137 in
2902 2081 3149 2139 futurum
3189 2089 3449 2143 saeculum
3474 2106 3566 2146 re-

1983 2180 2198 2223 servata
2220 2177 2323 2224 est.
2350 2170 2523 2240 igitur
2540 2179 2695 2225 extra
2713 2181 2891 2228 castra
2914 2174 3150 2232 victores
3172 2180 3456 2237 considere
3471 2184 3565 2254 ju-

1983 2257 2096 2324 bet,
2129 2272 2333 2329 eosque
2373 2260 2597 2315 lustrari
2639 2271 2895 2331 oportere
2927 2265 3108 2336 inquit
3159 2271 3324 2326 tertio
3374 2273 3464 2328 die
3501 2289 3568 2330 ac

1982 2351 2237 2422 septimo.
2260 2351 2339 2407 Ac
2378 2351 2575 2408 tertius
2595 2352 2817 2423 quidem
2848 2352 2967 2410 dies
3012 2365 3106 2412 aut
3142 2362 3361 2417 tertium
3391 2365 3563 2436 signi-

1982 2444 2109 2500 ﬁcat
2145 2453 2383 2516 tempus,
2419 2461 2529 2516 quo
2562 2446 2652 2500 illa
2690 2461 2789 2517 per
2823 2445 3100 2504 Christum
3130 2455 3381 2524 purgatio
3422 2456 3566 2513 facta

1979 2542 2085 2603 est,
2113 2544 2239 2608 post
2267 2536 2435 2608 Moysi
2470 2546 2706 2609 tempus,
2739 2545 2796 2593 et
2826 2546 2950 2608 post
2984 2540 3118 2595 illud
3154 2553 3418 2612 praeterea
3453 2564 3564 2618 quo

1980 2629 2181 2686 claruit
2206 2642 2518 2687 sanctorum
2547 2630 2937 2700 prophetarum
2960 2634 3189 2689 chorus:
3224 2647 3319 2692 aut
3348 2648 3566 2710 tempus

1981 2721 2443 2787 resurrectionis,
2495 2736 2607 2792 quo
2639 2718 2894 2780 Christus
2936 2728 3168 2794 revixit,
3198 2744 3324 2784 cum
3362 2731 3565 2788 alllxis-

1982 2822 2066 2869 set
2101 2815 2426 2871 venerandae
2462 2816 2614 2870 cruci
2645 2816 3071 2891 chirographum
3109 2823 3256 2892 quod
3289 2831 3414 2878 erat
3463 2824 3564 2878 ad-

1981 2918 2207 2959 versum
2230 2920 2361 2970 nos,
2393 2921 2457 2960 ac
2484 2908 2816 2977 passionem,
2849 2927 2972 2982 quae
3002 2922 3287 2983 peccatum
3317 2915 3560 2978 sustulit,

1982 2997 2159 3051 nostri
2192 3012 2357 3052 causa
2400 2999 2680 3055 subiisset.
2718 3000 2995 3072 Septimus
3031 3021 3163 3060 vero
3200 3006 3320 3061 dics
3350 3015 3566 3077 tempus

282 3089 533 3160 εσόμεθα
561 3087 641 3160 τῷ
670 3085 912 3159 Χριστῷ,
958 3085 1209 3159 καθαρὰν
1257 3089 1353 3140 καὶ
1386 3085 1720 3157 ἡγνισμένην
1740 3127 1755 3152 ,
1785 3086 1878 3140 καὶ

1985 3087 2119 3142 illud
2143 3089 2290 3158 quod
2313 3090 2419 3144 erit
2450 3091 2507 3145 in
2538 3095 3009 3150 consummatione
3034 3097 3318 3166 praesentis
3355 3098 3563 3161 saeculi,

292 3181 359 3233 ὲν
387 3179 758 3252 μακαριότητι
793 3181 859 3250 τῇ
893 3177 1039 3233 κατά
1080 3177 1313 3249 Χριστὸν
1343 3176 1620 3247 τρίϐοντες
1647 3176 1816 3247 ζωήν.

1995 3194 2097 3234 nos
2133 3178 2393 3235 admonet
2419 3181 2762 3253 intelligere;
2799 3201 2947 3253 cum,
2980 3189 3130 3243 omni
3152 3205 3221 3244 ex
3259 3198 3416 3260 parte
3444 3205 3565 3245 sar-

278 3273 417 3330 cina
468 3281 826 3342 peccatorum
865 3286 1128 3337 excussa,
1165 3284 1436 3325 summam
1482 3270 1595 3340 jam
1646 3268 2133 3326 sanctiﬁcationem
2181 3274 2440 3339 assecuti,
2503 3276 2665 3331 simul
2703 3293 2829 3332 cum
2865 3278 3084 3336 Christo
3141 3283 3372 3349 erimus,
3411 3295 3470 3340 et
3507 3286 3562 3343 in

278 3363 677 3438 purgatissima
709 3364 803 3419 illa
831 3363 1303 3433 mundissimaque
1332 3362 1468 3426 vita,
1489 3368 1546 3415 et
1570 3361 1668 3415 Dei
1703 3360 2045 3419 beatitudine
2070 3364 2386 3421 felicissima
2410 3369 2778 3423 versabimur.

359 3458 570 3512 HAAA.
604 3451 678 3510 Εὖ
703 3454 836 3527 ἔχει,
870 3456 1014 3510 κατά
1040 3474 1102 3525 γε
1131 3455 1191 3507 τὸ
1220 3455 1343 3525 ἐμοὶ
1369 3454 1579 3509 δοκοῦν.

358 3636 525 3690 ΚΥΡ.
572 3635 894 3706 Θαυμάσαις
937 3636 983 3688 δ’
1022 3633 1088 3687 ἂν
1119 3636 1215 3688 καὶ
1262 3634 1398 3706 πρὸς
1428 3634 1641 3697 τούτοις
1687 3635 1766 3688 ἔτι
1811 3632 1870 3687 τὸ

282 3724 487 3796 ἑφεξῆς
508 3726 828 3796 μυστήριονδ
860 3724 1161 3796 διαδέχεται
1184 3723 1292 3797 γὰρ
1316 3724 1478 3789 εὐθὺς
1504 3724 1603 3797 τὴν
1631 3724 1874 3788 Μωσέως

281 3793 479 3871 λαλιάν
509 3793 785 3888 *Ἐλεάζαρ
814 3818 843 3871 6
865 3793 1063 3888 ἱερεὺς,
1089 3816 1182 3870 καί
1204 3793 1337 3888 φησι
1359 3816 1496 3888 πρὸς
1508 3793 1652 3880 ’τοὺς
1673 3816 1874 3887 ἄνδρας

281 3908 396 3978 τῆς
426 3907 714 3979 δυνάμεως
747 3908 872 3972 τοὺς
916 3908 1242 3978 ἐρχομένους
1290 3909 1355 3959 ὲκ
1387 3909 1484 3978 τῆς
1518 3906 1877 3977 παρατάξεως

284 4002 378 4056 τοῦ
410 4002 655 4073 πολέμου
676 4018 690 4032 ⁸
718 4022 736 4054 ι
769 4000 942 4055 Τοῦτο
963 4001 1023 4055 τὸ
1046 4001 1320 4072 δικαίωμα
1343 3998 1437 4053 τοῦ
1464 3999 1629 4069 νόμου
1657 3998 1714 4051 ὃν
1749 4015 1874 4051 συν-

281 4096 443 4162 έταξε
473 4095 683 4166 Κύριος
722 4094 802 4165 τῷ
831 4095 1029 4164 Μωσῇ,
1072 4093 1211 4164 πλὴν
1254 4092 1351 4145 τοῦ
1378 4092 1602 4162 χρυσίου
1638 4091 1734 4143 καῖ
1781 4088 1874 4143 τοῦ

281 4187 577 4262 ἀργυρίου,
613 4186 708 4240 καὶ
727 4184 950 4256 χαλκοῦ,
974 4185 1069 4238 καὶ
1092 4184 1333 4255 σιδήρου,
1358 4182 1454 4236 καὶ
1480 4182 1750 4253 μολίϐδου,
1783 4180 1879 4236 καὶ

279 4279 650 4352 κασσιτέρου,
683 4280 793 4334 πᾶν
828 4280 1061 4349 πρᾶγμα
1085 4277 1113 4330 ὃ
1151 4276 1484 4330 διελεύσεται
1524 4276 1582 4329 ἐν
1627 4275 1758 4345 πυρί
1785 4274 1880 4327 καὶ

280 4370 761 4443 καθαρισθήσεται
782 4411 797 4434 ,
842 4368 956 4423 ἀλλ’
986 4368 1019 4440 ἢ
1048 4368 1124 4439 τῷ
1156 4368 1309 4421 ὕδατι
1342 4366 1437 4420 τοῦ
1484 4366 1751 4436 ἁγνισμοῦ
1784 4366 1882 4433 ἀγ-

276 4460 606 4530 νισθήσεται
635 4474 647 4486 ·
697 4460 791 4512 καὶ
834 4457 1012 4512 πάντα
1050 4458 1151 4511 ὅσα
1207 4456 1281 4529 μὴ
1330 4456 1747 4528 διαπορεύσεται
1795 4455 1885 4509 διὰ

277 4551 484 4623 πυρὸς,
521 4550 852 4604 διελεύσεται
892 4550 956 4604 δι’
996 4549 1190 4613 ὕδατος
1219 4565 1231 4579 ’
1261 4548 1355 4603 καὶ
1378 4549 1627 4602 πλυνεῖτε
1657 4548 1724 4601 τὰ
1761 4548 1882 4619 ἰμά-

2047 3457 2246 3513 PALL.
2267 3459 2414 3514 Bene
2457 3475 2516 3515 se
2548 3460 2718 3516 habet
2746 3463 2944 3530 oratio,
2966 3470 3026 3518 ut
3050 3465 3186 3519 mihi
3219 3467 3443 3537 quidem
3476 3471 3560 3525 vi-

1978 3549 2157 3604 detur.

2045 3641 2203 3698 CYR.
2226 3641 2306 3698 Ad
2327 3643 2442 3698 haec
2474 3646 2794 3717 mysterium
2822 3646 2970 3717 quod
3003 3650 3266 3707 continuo
3292 3654 3563 3724 sequitur,

1976 3732 2222 3803 profecto
2250 3735 2521 3792 mirabere
2546 3755 2559 3790 :
2582 3737 2788 3809 excipit
2820 3739 2969 3795 enim
2994 3741 3145 3797 illico
3156 3743 3325 3816 Moysi
3348 3761 3569 3801 sermo-

1977 3842 2103 3881 nem
2130 3828 2385 3883 sacerdos
2416 3829 2660 3895 Eleazar,
2700 3840 2758 3887 et
2789 3834 2866 3888 ait
2891 3835 2959 3889 ad
2990 3837 3141 3892 viros
3168 3839 3443 3894 exercitus
3466 3840 3559 3910 qui

1976 3912 2272 3968 veniebant
2317 3930 2387 3969 ex
2422 3916 2539 3972 acie
2567 3918 2734 3973 belli:
2786 3939 2805 3972 ι
2843 3922 3037 3979 Nonne
3090 3925 3207 3979 haec
3239 3935 3325 3980 est
3357 3927 3563 3998 justiﬁ-

1978 4005 2124 4059 catio
2146 4007 2283 4077 legis
2303 4022 2470 4077 quam
2506 4013 2767 4080 praecepit
2811 4014 3079 4071 Dominus
3103 4017 3318 4088 Moysi?
3362 4031 3563 4089 praeter

1980 4106 2197 4162 aurum,
2219 4104 2275 4150 et
2302 4108 2612 4169 argentum,
2644 4110 2700 4155 et
2719 4118 2812 4168 aes,
2844 4112 2900 4157 et
2929 4104 3158 4172 ferrum,
3189 4116 3245 4163 et
3277 4110 3563 4180 plumbum

1980 4194 2035 4241 et
2060 4194 2341 4253 stannum,
2389 4191 2569 4246 omnis
2611 4208 2702 4247 res
2724 4208 2848 4262 qua:
2884 4197 3141 4252 transibit
3170 4198 3225 4254 in
3264 4200 3413 4272 igne,
3458 4203 3569 4257 du-

1982 4285 2138 4332 cetur
2166 4294 2266 4349 per
2293 4279 2475 4350 ignem
2509 4289 2567 4336 et
2613 4285 2959 4355 purgabitur,
2989 4299 3087 4343 aut
3124 4308 3264 4361 aqua
3289 4295 3563 4364 expiatio-

1983 4371 2069 4425 nis
2106 4371 2414 4441 expiabitur
2456 4389 2468 4426 :
2507 4383 2563 4429 et
2606 4377 2789 4431 omnia
2827 4394 2949 4448 qua:
2991 4396 3102 4435 non
3144 4392 3431 4441 transeunt
3466 4405 3565 4458 per

1986 4459 2167 4531 Ignem
2215 4464 2524 4518 transibunt
2572 4482 2671 4536 per
2715 4482 2955 4537 aquam:
2990 4478 3047 4524 et
3102 4471 3356 4528 lavabitis
3395 4478 3564 4531 vesti-

1987 4561 2172 4607 menta
2206 4561 2388 4608 vestra
2422 4555 2511 4611 die
2538 4559 2788 4628 septima,
2810 4568 2867 4615 et
2900 4562 3323 4630 mundahimini,
3365 4575 3422 4622 et
3442 4578 3565 4638 post

274 4662 369 4700 τια
388 4644 553 4716 ὑμῶν
568 4646 635 4714 τῇ
651 4643 830 4715 ἡμέρᾳ
847 4646 911 4715 τῇ
930 4643 1153 4717 ἑϐδόμῃ,
1171 4642 1265 4696 καὶ
1284 4641 1771 4714 καθαρισθήσεσθε,
1793 4640 1878 4694 καὶ

1988 4644 2105 4700 hzec
2124 4645 2419 4702 introibitis
2439 4649 2494 4703 in
2514 4659 2691 4706 castra
2711 4653 2775 4707 ’⁸.
2790 4672 2806 4703 ›
2829 4653 2970 4709 Illud
2990 4655 3157 4727 igitur
3190 4657 3449 4717 observes
3466 4678 3563 4717 ve-

279 4739 427 4809 μετὰ
446 4737 628 4792 ταῦτα
650 4736 1021 4791 εἰσελεύσεσθε
1040 4738 1118 4800 εἰς
1135 4735 1233 4807 τὴν
1256 4734 1632 4807 παρεμϐολήν.
1667 4754 1684 4786 ι
1728 4735 1874 4786 Ἐπι-

1985 4735 2091 4800 lim,
2127 4734 2346 4807 Moysen
2396 4740 2550 4808 prius
2596 4743 2903 4800 victoribus
2933 4721 3151 4817 tempus
3190 4749 3412 4818 quidem
3451 4768 3562 4822 quo

276 4832 528 4901 τήρησον
546 4830 630 4882 ὅτι
653 4828 859 4898 Μωσῆς
888 4829 986 4899 μὲν
1036 4828 1299 4901 πρότερος
1315 4827 1427 4890 τοῖς
1450 4825 1761 4897 νενικηκότι
1788 4823 1875 4878 τὸν

277 4922 374 4979 τοῦ
408 4922 809 4993 διασμήχεσθαι
826 4921 1122 4994 κατεδὴλου
1144 4920 1357 4993 καιρὸν,
1379 4920 1561 4974 οὐκέτι
1587 4918 1643 4972 δὲ
1664 4919 1758 4971 καὶ
1785 4918 1877 4972 τὸν

279 5015 512 5088 τρόπον.
536 5012 1021 5087 Προανακηρύττει
1037 5013 1144 5084 γὰρ
1163 5013 1192 5065 ό
1218 5011 1380 5083 νόμος
1408 5011 1505 5082 τῆς
1525 5009 1614 5063 διὰ
1639 5008 1874 5082 Χριστοῦ

282 5106 614 5177 καθάρσεως
635 5105 727 5159 τὸν
757 5106 979 5176 καιρόν·
1012 5104 1263 5174 δεύτερος
1288 5103 1344 5157 δὲ
1371 5103 1465 5157 καὶ
1491 5103 1629 5174 μετά
1670 5101 1873 5157 Μωσέα

290 5198 765 5270 προσπεφώνηκεν
812 5199 841 5253 6
888 5198 1102 5269 ἱερεὺς,
1154 5197 1457 5261 τουτέστιν,
1507 5198 1537 5250 ό
1582 5195 1867 5266 Ἐλεάζαρ.

291 5287 576 5343 Διατάττει
608 5287 709 5360 μὲν
740 5288 850 5360 γὰρ
894 5288 1032 5358 μετὰ
1069 5286 1276 5341 Μωσέα
1324 5285 1597 5358 Χριστὸς,
1640 5283 1735 5337 καί¹
1778 5283 1870 5337 τὸν

293 5380 484 5451 καιρδν
507 5380 608 5451 μὲν
624 5380 809 5434 οὐκέτι
834 5379 928 5433 τοῦ
951 5378 1292 5452 καθαρισμοῦ
1319 5381 1433 5444 τοῖς
1468 5376 1871 5450 ἀνδριζομένοις

293 5473 618 5544 καταδηλοί·
664 5473 826 5538 αὐτὸς
863 5473 973 5545 γάρ
1005 5469 1073 5545 ἦν
1111 5473 1140 5526 6
1184 5472 1374 5545 καιρός
1395 5488 1409 5503 ⁸
1441 5471 1530 5526 τὸν
1558 5472 1615 5527 δὲ
1670 5471 1871 5542 τρόπον

293 5567 629 5639 εἰσηγεῖται,
665 5566 759 5620 καὶ
794 5566 924 5620 αὐτό
954 5584 1071 5629 πως
1104 5566 1205 5639 ἤδη
1229 5566 1422 5620 λοιπὸν
1451 5567 1509 5619 ὲν
1532 5564 1652 5635 ὕψει
1690 5563 1870 5635 τίθησι

1981 4828 2360 4896 abluerentur,
2400 4834 2740 4902 exposuisse,
2779 4851 2890 4890 non
2931 4838 3097 4893 etiam
3135 4840 3570 4907 modum.,Prae-

1981 4919 2126 4974 dicat
2146 4936 2382 4993 namque
2413 4925 2500 4979 lex
2525 4933 2737 4998 tempus
2765 4931 3106 5001 purgationis
3133 4948 3255 5002 qua:
3282 4950 3382 5005 per
3399 4935 3560 4992 Chri-

1982 5020 2126 5068 stum
2145 5013 2392 5071 facienda
2412 5026 2529 5072 erat
2550 5035 2562 5071 :
2587 5021 2891 5090 posteriore
2912 5039 2979 5078 au
2989 5032 3094 5079 tem
3125 5026 3248 5081 loco
3270 5038 3394 5097 post
3412 5028 3564 5101 Moy-

1981 5118 2079 5160 sen
2114 5107 2368 5165 sacerdos
2402 5109 2675 5180 loquitur,
2709 5114 2756 5169 is
2791 5128 2875 5171 est
2894 5113 3137 5174 Eleazar.
3181 5119 3341 5194 124
3375 5121 3566 5178 Tradit

1979 5196 2127 5253 enim
2148 5209 2418 5271 praecepta
2438 5211 2561 5273 post
2584 5205 2757 5277 legem
2792 5207 3067 5276 Christus,
3104 5226 3168 5266 ac
3192 5219 3408 5283 tempus
3441 5211 3572 5282 qui-

1977 5288 2103 5345 dem
2121 5293 2465 5363 purgationis
2498 5298 2740 5352 strenuis
2759 5298 3103 5371 fortibusque
3130 5302 3268 5357 viris
3296 5317 3407 5355 non
3440 5316 3559 5355 am-

1971 5381 2116 5452 plius
2135 5381 2406 5439 declarat:
2444 5376 2581 5441 illud
2615 5389 2761 5444 enim
2796 5390 2976 5460 ipsum
3012 5398 3131 5447 erat
3170 5399 3422 5460 tempus:
3461 5391 3559 5446 sed

1971 5471 2196 5526 modum
2217 5476 2461 5544 exponit,
2479 5484 2642 5547 atque
2665 5477 2863 5547 ipsum,
2879 5495 3050 5550 prope
3069 5479 3324 5544 dixerim,
3338 5480 3411 5536 ob
3431 5496 3563 5538 ocu-

1969 5561 2052 5617 los
2068 5564 2224 5632 ponit
2240 5569 2714 5637 mysterium,cum
2729 5569 2861 5639 quid
2874 5571 3148 5641 praacipue
3166 5572 3254 5631 lex
3267 5583 3449 5645 specta
3458 5585 3535 5632 ret
3546 5613 3561 5641 ,

363 5752 408 5785 ’³
429 5751 600 5810 Hebr.
624 5767 741 5816 XIII,
766 5751 850 5805 17.
908 5753 954 5786 ⁸³
1156 5768 1303 5816 xxxr,
1328 5750 1526 5815 19,20.
1601 5751 1647 5785 “
1684 5749 1811 5807 Job.
1839 5767 1878 5807 ι

1985 5749 2032 5806 ι.
2107 5748 2382 5807 "Coloss.
2423 5752 2598 5819 11,14.
2677 5752 2901 5810 "Num.
2930 5769 3077 5820 XXXI,
3124 5752 3309 5810 21-24.

606 5845 885 5908 PATROL.
927 5847 1042 5916 Gn.
1088 5846 1355 5928 LXVIII.-

2967 5846 3033 5908 11

2046 5922 2053 5928 .
2092 5920 2129 5930 ισ-
