3954 6200
418 303 477 356 'il
578 287 584 293 ’
1069 269 1075 273 ’
1406 291 1461 344 S.
1504 288 1776 344 CYRILLI
1815 284 2285 342 ALEXANDRINI
2325 286 2643 341 ARCHIEP.

3528 277 3631 334 552

386 420 793 488 interpretatur.
816 414 1081 486 Praecepit
1099 427 1333 482 namque
1359 420 1419 464 ut
1437 427 1586 477 vasa,
1619 423 1959 479 quaecunque

2078 409 2126 464 ιδ
2178 408 2503 480 μυστήριον,
2537 407 2629 460 τὸν
2676 405 2877 478 ἀκριὸἦ
2921 404 3013 458 τοῦ
3058 402 3221 474 νόμου
3269 400 3637 473 διερμηνεύων

383 511 491 565 vim
515 512 655 583 ignis
675 511 785 582 pati
804 515 1046 579 possent,
1067 522 1131 561 ea
1160 520 1260 575 per
1280 503 1462 574 ignem
1495 501 1955 565 traducerentur;

382 616 719 672 quaecunque
732 610 914 654 autem
936 597 1250 651 ﬁrmitatem
1271 610 1299 649 a
1321 603 1518 648 natura
1537 609 1649 648 non
1668 592 1956 656 haberent,

382 694 477 750 sed
498 691 768 747 imbecilla
789 696 991 754 essent,
1012 696 1069 744 et
1103 702 1223 758 qua:
1253 686 1411 741 facile
1431 685 1709 755 corrumpi
1744 685 1962 755 penitus

382 792 624 855 possent,
659 782 849 847 vestis,
888 781 1044 837 verbi
1065 780 1258 851 gratia,
1296 785 1353 835 et
1374 776 1641 849 quidquid
1662 792 1692 832 e
1726 777 1961 848 pellibus

381 879 638 949 lignoque
672 875 981 931 confectum
1015 881 1183 938 esset,
1204 887 1269 926 ea
1302 886 1402 941 per
1434 885 1632 941 aquam
1651 868 1958 934 ferrentur;

379 968 638 1023 videlicet
655 967 877 1022 nomine
898 979 1154 1019 vasorum
1175 976 1470 1017 aureorum
1491 969 1654 1030 atque
1672 966 1962 1030 argenteo-

381 1077 525 1125 rum,
547 1065 603 1113 et
636 1073 759 1128 qua:
794 1072 823 1111 e
843 1054 1056 1111 caeteris
1088 1052 1325 1108 metallis
1346 1050 1610 1106 fabricata
1628 1056 1834 1113 essent,
1859 1062 1961 1103 nos

381 1151 608 1221 ﬁgurate
629 1146 960 1219 signiﬁcans,
983 1144 1078 1214 qui
1100 1142 1436 1214 purgatione
1458 1140 1547 1195 illa
1568 1154 1666 1210 per
1683 1137 1961 1193 Christum

379 1244 542 1308 facta,
562 1240 811 1298 mundati
851 1252 1042 1293 sumus
1064 1245 1322 1306 tanquam
1354 1233 1470 1304 igni
1490 1240 1545 1287 et
1563 1247 1703 1302 aqua
1736 1247 1747 1283 :
1779 1228 1962 1298 bapti-

381 1337 487 1391 zati
507 1334 709 1390 etenim
730 1348 921 1389 sumus
956 1331 1013 1385 in
1052 1328 1261 1399 Spiritu
1296 1335 1486 1380 sancto
1507 1334 1562 1379 et
1584 1324 1694 1395 igni
1715 1323 1782 1375 ³⁷.
1807 1321 1965 1389 Quod

382 1426 547 1497 igitur
578 1440 642 1480 ea
668 1438 789 1494 quae
826 1438 894 1477 ex
929 1418 1244 1490 captivitate
1265 1416 1494 1471 collecta
1531 1420 1736 1477 essent,
1757 1428 1856 1481 per
1883 1411 1965 1482 ig-

380 1536 504 1574 nem
540 1529 597 1574 et
634 1532 830 1588 aquam
885 1512 1285 1573 traducuntur,
1326 1514 1569 1562 nostram
1624 1504 1789 1573 paulo
1839 1509 1966 1557 ante

380 1612 576 1666 factam
610 1608 995 1679 purgationem
1018 1610 1143 1672 apte
1174 1598 1463 1671 signiﬁcat,
1486 1612 1624 1667 quos
1656 1596 1809 1650 velut
1836 1609 1968 1664 opes

381 1702 644 1773 quasdam
666 1698 965 1755 diabolicas
995 1694 1101 1750 sibi
1120 1692 1374 1749 Christus
1392 1688 1711 1754 vindicavit,
1735 1702 1861 1743 cum
1884 1687 1969 1740 in-

2064 499 2281 554 σκοπόν.
2312 498 2653 570 Προστέταχε
2672 496 2776 566 γὰρ
2791 497 2889 549 ὅσα
2910 495 3007 566 μὲν
3023 489 3089 564 ἦν
3106 494 3164 546 ἐν
3180 494 3290 556 τοῖς
3305 492 3522 545 σκεύεσι
3539 492 3637 562 τὴν

2062 590 2233 661 πυρὸς
2250 589 2432 659 ἀκμὴν
2453 588 2680 658 διήκειν,
2703 580 2791 639 οἷά
2812 602 2871 638 τε
2899 581 3301 655 παρενεχθῆναι
3319 580 3406 635 διὰ
3436 581 3603 653 πυρός
3620 596 3634 611 ⁸

2059 682 2128 735 τὰ
2155 680 2210 734 δὲ
2237 681 2337 734 ὅσα
2369 680 2466 750 μὲν
2490 677 2800 731 εύσθένειαν
2823 677 2923 728 οὐκ
2952 675 3141 745 ἔχοντα
3164 672 3419 742 φυσικὴν,
3451 672 3636 744 ’σαθρά

2061 771 2117 826 δὲ
2165 771 2259 825 καὶ
2293 769 2612 840 ὲτοιμότερά
2646 785 2762 831 πως
2808 768 2888 830 είς
2924 766 2983 820 τὸ
3018 765 3211 819 παθεῖν
3260 762 3519 819 δύνασθαι
3549 763 3636 818 τὸν

2062 861 2293 914 εἰσάπαν
2321 857 2645 928 ἀφανισμὸν,
2673 857 2872 927 ἐσθῆτα
2905 856 2962 908 δὲ
2990 855 3183 925 λέγων,
3218 854 3312 908 καὶ
3339 854 3401 908 τὸ
3422 857 3487 907 ὲκ
3518 852 3637 926 δερ-

2066 950 2250 1023 μάτων
2296 951 2390 1004 καὶ
2424 948 2596 1015 ξύλων
2625 949 2691 1002 δι’
2721 946 2913 1012 ῦδατος
2948 947 3234 1019 φέρεσθαι,
3257 946 3331 1010 ὡς
3358 949 3417 1000 ὲν
3453 946 3640 1001 σκεύε-

2065 1060 2148 1096 σιν
2183 1044 2331 1113 ἡμᾶς
2363 1044 2586 1113 χρυσοῖς
2617 1057 2675 1093 τε
2712 1040 2806 1093 καὶ
2836 1041 3102 1111 ἀργυροῖς
3155 1038 3252 1092 καὶ
3287 1040 3344 1092 ὲν
3378 1041 3492 1103 τοῖς
3524 1038 3631 1092 ἑτέ·

2066 1152 2182 1207 ροις
2231 1132 2645 1203 αἰνιγματωδῶς
2695 1130 3034 1200 ὑποφαίνων,
3073 1123 3157 1193 οἷς
3204 1131 3238 1201 ἡ
3269 1128 3357 1183 διὰ
3400 1129 3639 1200 Χριστοῦ

2063 1220 2253 1290 γέγονε
2279 1219 2544 1292 κάθαρσις
2574 1219 2648 1283 ὡς
2687 1220 2745 1272 ἐν
2784 1218 2918 1290 πυρί
2949 1236 3008 1272 τε
3035 1219 3132 1273 καὶ
3166 1217 3335 1272 ῦδατι.
3368 1217 3640 1272 Βεὸαπτὶ-

2067 1312 2241 1384 σμεθα
2276 1312 2384 1383 γὰρ
2427 1313 2485 1364 ὲν
2527 1310 2805 1381 Πνεύματι
2855 1310 2996 1381 ἁγίῳ
3028 1311 3121 1365 καὶ
3153 1308 3305 1382 πυρί.
3343 1308 3554 1364 Οὐκοῦν
3582 1311 3644 1364 τὸ

2072 1400 2487 1473 διακομίζεσθαι
2522 1402 2610 1455 διὰ
2660 1400 2831 1471 πυρός
2879 1419 2938 1454 τε
2974 1401 3069 1454 καὶ
3112 1400 3305 1465 ὓδατος
3334 1401 3404 1454 τά
3436 1403 3499 1454 ἐκ
3545 1402 3646 1472 τῆς

2066 1494 2444 1565 αἰχμαλωσίας
2477 1494 2888 1566 συνειλεγμένα,
2931 1494 3033 1565 τὴν
3079 1495 3234 1564 ἡμῶν
3278 1494 3482 1565 ἀρτίως
3514 1494 3645 1547 ὑπο-

2066 1587 2216 1660 δηλοϊ
2244 1586 2530 1658 κάθαρσιν,
2562 1585 2653 1650 οῦς
2680 1586 2838 1650 ὄντας
2886 1585 3017 1638 ποτὲ
3051 1584 3281 1639 πλοῦτον
3316 1585 3504 1659 ὥσπερ
3525 1585 3647 1639 τινὰ

2067 1677 2369 1732 διαϐολικδν
2400 1676 2578 1747 ἑαυτῷ
2612 1677 3041 1749 περιεποιήσατο
3072 1673 3335 1748 Χριστὸς..
3388 1675 3646 1729 εἰσελθὼν

372 1756 600 1868 gressus
620 1793 842 1848 domum
878 1788 1055 1854 fortis,
1075 1802 1204 1843 vasa
1235 1785 1355 1856 ejus
1386 1782 1618 1852 diripuit
1668 1796 1731 1835 ac
1766 1779 1965 1834 fortem

2078 1770 2149 1832 εἰς
2191 1768 2289 1841 τὴν
2328 1768 2505 1821 οἰκίαν
2559 1767 2654 1821 τοῦ
2713 1767 2935 1838 ἰσχυροῦ
2966 1806 2982 1831 ,
3017 1767 3127 1821 καὶ
3158 1768 3228 1821 τὰ
3260 1766 3429 1839 σκεύη
3477 1766 3642 1821 αὑτοῦ

381 1886 705 1959 alligavit“.
744 1883 884 1938 Tum
918 1895 1049 1936 vero
1073 1877 1291 1934 tandem
1334 1874 1544 1946 ingredi
1584 1873 1755 1928 licere
1790 1876 1967 1926 castra

381 1977 687 2035 victoribus
727 1975 954 2030 Eleazar
995 1968 1195 2039 inquit,
1229 1982 1354 2022 cum
1394 1965 1626 2036 septima
1662 1963 1752 2018 die
1787 1969 1969 2017 vestes

382 2069 719 2126 abluissent:
756 2074 919 2134 atque
959 2062 1033 2116 ita
1064 2059 1299 2129 denique
1322 2073 1490 2128 puros
1527 2056 1666 2112 fore.
1689 2055 1786 2109 llla
1820 2053 1968 2108 enim

383 2161 627 2232 perfecta
654 2156 907 2230 purgatio
954 2163 1012 2210 et
1037 2150 1401 2207 immunditize
1419 2149 1600 2205 omnis
1621 2145 1893 2218 depositio
1914 2144 1970 2199 in

383 2253 644 2309 extremis
663 2252 769 2306 erit
794 2244 1281 2305 consummationis
1309 2241 1493 2298 saeculi
1525 2239 1888 2310 temporibus,
1907 2241 1972 2292 ιιι

384 2346 547 2402 modo
567 2343 714 2411 dixi;
751 2357 897 2407 cum,
919 2338 1135 2395 sublato
1167 2335 1314 2392 omni
1351 2351 1419 2390 ex
1444 2342 1599 2404 parte
1619 2338 1844 2402 peccato
1865 2371 1880 2397 ,
1902 2328 1972 2386 ad

384 2448 626 2495 veterem
670 2437 819 2493 illam
867 2432 1268 2504 pristinamque
1298 2424 1765 2499 pulchritudinem
1790 2421 1971 2476 homi-

382 2531 471 2589 nis
504 2538 698 2584 natura
734 2525 1101 2582 revocabitur.
1152 2540 1170 2572 ‹
1197 2520 1317 2575 Erit
1337 2517 1483 2573 enim
1526 2523 1676 2580 tunc,
1704 2533 1723 2565 ι
1769 2510 1969 2583 inquit,

392 2644 410 2675 ι
431 2622 519 2678 via
540 2619 766 2683 munda,
787 2626 844 2672 et
859 2617 947 2671 via
967 2621 1153 2670 sancta
1171 2610 1476 2673 vocabitur,
1495 2622 1598 2662 nec
1616 2603 1974 2677 pertransibit

386 2731 484 2785 per
503 2729 622 2769 eam
644 2707 960 2766 immundus
978 2703 1196 2776 aliquis,
1220 2702 1313 2758 sed
1335 2699 1696 2756 ambulabunt
1714 2698 1770 2753 in
1802 2713 1868 2754 ea
1887 2711 1975 2751 re-

386 2803 590 2874 dempti
615 2819 645 2857 a
663 2798 973 2856 Domino".
1003 2818 1020 2849 ι
1047 2798 1199 2852 [lane
1218 2802 1400 2849 autem
1429 2791 1845 2862 explicationem
1867 2789 1973 2843 hu-

382 2899 474 2971 jus
507 2895 615 2951 loci
652 2910 761 2949 non
798 2907 920 2948 esse
958 2906 988 2945 a
1020 2888 1302 2959 proposito
1339 2885 1573 2941 alienam
1602 2891 1755 2954 puto.
1778 2880 1891 2936 Sed
1927 2879 1974 2936 si

387 2988 515 3059 quis
552 2987 711 3042 aliter
745 2981 1165 3053 intelligendum
1206 2978 1501 3042 existimet,
1544 2975 1681 3031 illud
1716 2973 1971 3037 dicimus,

2068 1857 2394 1929 διαρπάσας,
2425 1858 2519 1911 καὶ
2544 1857 2713 1928 δήσας
2747 1857 2838 1911 τὸν
2872 1856 3111 1930 ἰσχυρόν.
3154 1854 3642 1911 Εἱσελεύσεσθαιδὲ

2068 1948 2189 2002 τότε
2241 1948 2395 2019 μόλις
2422 1951 2503 2014 είς
2532 1948 2630 2021 τὴν
2679 1949 3031 2022 παρεμϐολὴν
3064 1950 3193 2013 τοὺς
3234 1948 3589 2020 νενικηκότας
3619 1950 3647 2001 ὁ

2083 2040 2344 2111 Ἐλεάζαρ
2410 2040 2594 2110 φησὶν,
2648 2039 2779 2094 ὅταν
2825 2038 3196 2094 ἀποπλύνειαν
3233 2042 3299 2112 τῇ
3344 2040 3531 2113 ἡμέρᾳ
3578 2041 3647 2111 τῇ

2071 2132 2273 2203 ἑϐδόμῃ
2314 2131 2385 2185 τά
2444 2132 2672 2201 ἱμάτια,
2713 2132 2808 2186 καὶ
2853 2131 3026 2196 οὕτως
3076 2131 3294 2185 ἔσεσθαι
3350 2131 3645 2205 καθαρούς.

2084 2222 2147 2275 Ἠ
2196 2224 2307 2294 γὰρ
2333 2222 2513 2276 τελεία
2544 2222 2832 2295 κάθαρσις,
2863 2224 2958 2278 καὶ
3002 2223 3175 2295 ῥύπου
3211 2224 3411 2289 παντὸς
3441 2225 3645 2279 ἀπόθε-

2074 2331 2196 2379 σις,
2238 2316 2297 2368 ὲν
2355 2316 2604 2387 ἐσχάτοις
2657 2315 2810 2369 ἔσται
2871 2318 2971 2388 τῆς
3026 2316 3334 2380 συντελείας
3398 2320 3649 2390 καιροῖς,

2072 2408 2321 2480 καθάπερ
2365 2407 2501 2480 ἔφην
2545 2407 2771 2480 ἀρτίως,
2828 2408 3229 2481 ἀναιρουμένης
3263 2409 3496 2464 εἰσάπαν
3547 2410 3647 2479 τῆς

2072 2499 2381 2571 ἁμαρτίας,
2425 2500 2523 2555 καὶ
2573 2502 2653 2564 εἰς
2682 2502 2743 2554 τὸ
2788 2500 2992 2555 ἄνωθέν
3032 2518 3092 2554 τε
3142 2501 3238 2555 καὶ
3279 2500 3651 2572 πρεσϐύτατον

2074 2591 2268 2655 κάλλος
2289 2591 2387 2662 τῆς
2404 2590 2693 2663 ἀνθρώπου
2711 2591 2927 2662 φύσεως
2947 2593 3379 2665 ἀναφερομένης.
3407 2612 3427 2646 ι
3459 2594 3650 2649 Ἔσται

2073 2684 2181 2757 γὰρ
2202 2685 2347 2751 τότε,
2374 2703 2392 2735 ι
2420 2685 2604 2755 φησὶν,
2628 2704 2648 2736 ι
2667 2684 2784 2749 ὁδὸς
2800 2685 3035 2758 καθαρὰ,
3054 2686 3145 2740 καὶ
3162 2686 3278 2750 ὁδὸς
3307 2687 3438 2754 ἀγία
3451 2685 3652 2759 κληθήο

2076 2793 2247 2830 σεται.
2280 2778 2390 2830 Καὶ
2419 2777 2479 2830 ού
2512 2776 2586 2848 μὴ
2617 2777 2864 2849 παρέλθῃ
2894 2778 3080 2849 ἐκείνῃ
3108 2779 3283 2842 οὐδεὶς
3308 2778 3648 2849 ἀκάθαρτος,

2076 2866 2211 2921 ἀλλά
2232 2866 2582 2937 πορεύσονται
2606 2869 2662 2921 ὲν
2683 2870 2819 2938 αὐτῇ
2846 2867 3345 2940 λελυτρωμένοιδιά
3375 2870 3602 2941 Κυρίου.
3629 2889 3646 2922 ι

2076 2955 2244 3030 Οἶμαι
2283 2959 2381 3030 μὲν
2432 2955 2525 3014 οὖν
2556 2960 2733 3029 ἔγωγε
2764 2960 2865 3029 τῆς
2900 2962 3202 3031 σαφηνείας
3229 2959 3320 3014 τὸν
3374 2961 3531 3030 λόγον
3556 2961 3654 3013 οὐκ

388 3083 654 3153 cujusque
675 3077 900 3133 victoris
918 3089 1033 3138 vas,
1049 3072 1162 3127 sive
1185 3070 1319 3126 illud
1338 3084 1567 3124 aureum
1589 3067 1841 3128 fortasse,
1861 3064 1971 3119 sive

2078 3048 2182 3113 ἔξω
2210 3050 2472 3123 φέρεσθαι
2507 3050 2601 3104 τοῦ
2634 3048 2860 3104 σκοποῦ.
2889 3050 3058 3122 Πλὴν,
3086 3052 3135 3103 εί
3159 3049 3337 3104 ἓλοιτό
3360 3067 3444 3114 τις
3473 3052 3533 3104 τὸ
3562 3050 3656 3103 καὶ

390 3181 728 3245 argenteum,
751 3169 866 3224 sive
895 3169 1061 3222 etiam
1098 3180 1166 3220 ex
1203 3179 1344 3227 tere,
1369 3169 1465 3216 aut
1500 3177 1567 3216 ex
1601 3159 1709 3215 alia
1744 3155 1971 3213 materia

2078 3140 2282 3212 ἑτέρως
2309 3141 2507 3213 χρῆναι
2539 3143 2680 3195 νοεῖν
2703 3181 2718 3206 ,
2758 3140 2934 3194 ἐκεῖνό
2962 3156 3163 3211 φαμεν,
3199 3139 3259 3193 τὸ
3281 3139 3516 3194 ἑκάστου
3545 3138 3654 3192 τῶν

389 3260 719 3324 confectum,
740 3272 840 3327 per
860 3257 1039 3328 ignem
1059 3253 1293 3309 transire
1309 3251 1472 3324 jussit
1492 3268 1504 3303 :
1529 3256 1589 3306 ut
1606 3248 1756 3304 enim
1776 3246 1970 3303 scribit

392 3352 584 3407 beatus
630 3350 853 3414 Paulus,
913 3366 931 3398 ι
978 3345 1422 3414 Uniuscujusque
1472 3356 1611 3412 opus
1660 3337 1820 3410 quale
1874 3337 1966 3403 sit,

390 3447 532 3519 ignis
560 3444 875 3517 probabit‘.
917 3462 935 3494 ι
974 3440 1144 3498 Jussit
1172 3439 1342 3495 etiam
1363 3446 1541 3508 utper
1561 3449 1758 3505 aquam
1786 3441 1966 3488 trans-

2083 3233 2453 3304 νενικηκότων
2503 3232 2729 3296 σκεῦος,
2761 3231 2870 3284 εἴτε
2912 3230 3148 3304 χρυσοῦν
3183 3230 3268 3301 εἴη
3311 3230 3509 3302 τυχὸν,
3546 3228 3655 3283 εἶτα

2073 3323 2368 3396 ἀργυροῦν,
2418 3324 2529 3377 εἴτε
2575 3323 2676 3378 καὶ
2713 3323 2775 3376 ὲκ
2814 3321 3038 3394 χαλκοῦ,
3078 3323 3173 3376 καὶ
3210 3322 3269 3385 ἐξ
3295 3322 3488 3394 ἐτέρας
3526 3320 3660 3392 ὕλης

2073 3416 2462 3488 πεποιημένον,
2513 3415 2601 3471 διὰ
2626 3417 2800 3489 πυρὸς
2830 3416 2966 3470 ἰέναι
2999 3414 3396 3488 προστέταχεν·
3438 3414 3517 3476 ὡς
3548 3413 3657 3485 γάρ

390 3539 567 3605 irent;
588 3553 768 3607 neque
793 3534 940 3590 enim
963 3533 1121 3588 aliter
1140 3528 1360 3601 probari
1382 3535 1696 3582 sanctorum
1720 3522 1967 3578 virorum

2078 3508 2099 3560 ό
2145 3507 2415 3578 μακάριος
2455 3506 2657 3577 γράφει
2710 3506 2944 3570 Παῦλος,
2988 3524 3007 3558 ι
3059 3505 3326 3559 Ἐκάστου
3372 3504 3435 3558 τὸ
3492 3504 3654 3577 ἔργον

390 3628 598 3695 animas
616 3627 817 3683 Psalmi
835 3625 1003 3681 verba
1018 3624 1178 3678 nobis
1199 3622 1498 3682 insinuant,
1517 3616 1626 3671 nisi
1647 3613 1971 3686 quibusdam

2080 3598 2265 3651 ὁποῖόν
2323 3599 2461 3663 ὲστι,
2509 3597 2569 3651 τὸ
2635 3596 2748 3669 πῦρ
2797 3597 3103 3669 δοκιμάσει.
3162 3616 3182 3649 ι
3222 3597 3567 3669 Προστέταχε
3597 3595 3654 3650 δὲ

392 3692 667 3774 similibus
702 3718 898 3772 modis.
929 3717 1119 3784 itaque
1145 3712 1316 3768 David
1343 3709 1643 3782 psallebat:
1676 3726 1695 3757 ‹
1723 3701 1971 3760 Probasti

2079 3691 2174 3784 καὶ
2218 3690 2287 3744 δι’
2338 3689 2531 3754 ὓδατος
2585 3690 2842 3761 ἔρχεσθαί
2902 3706 3058 3745 τιναο
3104 3688 3494 3762 δοκιμάζεσθαι
3544 3690 3653 3761 γὰρ

392 3823 514 3871 nos,
534 3808 704 3872 Deus;
726 3806 849 3877 igne
869 3820 972 3859 nos
990 3800 1333 3867 examinasti,
1348 3781 1503 3855 isicut
1523 3795 1872 3852 examinatur
1890 3809 1971 3847 ar-

2079 3783 2177 3854 ούχ
2203 3782 2458 3877 ἑτέρωςίό
2485 3782 2587 3852 τῆς
2627 3781 2949 3854 ψαλμῳδίας
2990 3784 3122 3855 ἡμῖν
3156 3782 3538 3837 ύπαινίττεται
3568 3781 3660 3836 λόο

391 3907 615 3973 5entum
639 3916 654 3966 ;
692 3896 1043 3953 transivimus
1063 3909 1161 3966 per
1194 3894 1372 3965 ignem
1399 3897 1453 3947 et
1488 3902 1708 3960 aquam,
1735 3887 1779 3956 ι
1799 3884 1906 3956 25
1924 3890 1971 3939 et

2081 3891 2210 3973 vos,
2232 3873 2345 3973 τὰςΔ
2359 3874 2467 3928 τῶν
2500 3874 2671 3943 ἀγίων
2716 3873 2918 3944 ψυχὰς,
2962 3875 3103 3946 πλὴν
3131 3875 3213 3929 ὅτι
3244 3873 3386 3928 κατά
3418 3872 3664 3928 τοιούσδε

395 3991 597 4048 duxisti
621 4006 721 4046 nos
741 3990 795 4044 in
816 3987 1158 4058 refrigerium
1181 3987 1221 4038 ².
1252 4003 1271 4035 ι

2079 3967 2235 4030 τινάς
2251 3966 2505 4058 τρόπους.
2531 3966 2642 4020 Καὶ
2672 3965 2803 4037 γοῦν
2827 3968 2855 4020 ὁ
2878 3967 3039 4020 Δαόὶδ
3066 3967 3312 4037 ἔψαλλεν,
3345 3969 3425 4021 ὅτι
3458 3986 3477 4018 σ
3519 3965 3661 4019 Ἐδο-

398 4085 638 4155 κίμασας
681 4079 848 4151 ἡμᾶς,
876 4071 920 4131 ὦ
953 4056 1122 4138 θεὸς,
1166 4071 1456 4144 ἐπύρωσας
1517 4072 1695 4143 ἡμᾶς,
1738 4068 1814 4133 ὡς
1881 4057 2150 4138 πυροῦται
2215 4057 2277 4110 τὸ
2321 4056 2611 4131 ἀργύριον·
2643 4057 2929 4130 διήλθομεν
2973 4059 3060 4114 διὰ
3112 4061 3282 4132 πυρὸς
3312 4060 3405 4114 καὶ
3447 4059 3657 4127 ὓδατος,

398 4178 492 4231 καὶ
529 4174 795 4244 ἐξήγαγες
828 4169 974 4239 ἡμᾶς
1004 4168 1083 4230 είς
1112 4165 1414 4235 ἀναψυχήν.

470 4263 669 4321 PALL.
693 4260 822 4325 Sed,
853 4259 1045 4314 amabo
1064 4267 1137 4324 te,
1159 4258 1346 4314 dicent
1364 4256 1593 4312 fortasse
1629 4254 1724 4326 qui
1760 4252 1977 4310 studio—

401 4359 578 4415 siores
612 4361 776 4411 sunt:
802 4350 1085 4419 Quomodo
1123 4365 1248 4405 cum
1292 4347 1603 4404 Madianitis
1635 4343 1980 4400 conflixerint

401 4457 565 4518 atque
602 4444 839 4501 vicerint
870 4441 998 4499 lecti
1046 4440 1126 4495 illi
1164 4453 1266 4511 per
1302 4438 1481 4492 tribus
1528 4434 1669 4500 viri,
1704 4431 1980 4504 quomodo

401 4539 567 4594 etiam
605 4535 844 4599 maculas
889 4548 958 4586 ex
1005 4544 1187 4602 pugna
1228 4534 1537 4583 contractas
1584 4522 1980 4593 absterserint,

403 4629 621 4686 abunde
643 4625 802 4682 nobis
820 4635 912 4678 tua
940 4618 1335 4676 demonstravit
1352 4617 1524 4671 oratio
1546 4633 1559 4667 :
1586 4614 1681 4669 sed
1695 4614 1808 4684 jam
1828 4613 1984 4668 locus

403 4728 491 4778 est
510 4728 572 4776 ut
599 4717 818 4790 probes.
853 4729 987 4768 num
1019 4726 1212 4766 revera
1232 4717 1579 4765 strenuorum
1600 4707 1841 4761 virorum
1868 4703 1983 4758 for-

407 4807 659 4865 titudinis
678 4803 974 4877 participes
1001 4799 1169 4856 futuri
1209 4800 1410 4863 simus,
1432 4814 1496 4852 ac
1515 4797 1769 4868 praeclare
1800 4800 1984 4866 gesto-

408 4917 531 4956 rum
550 4900 704 4965 socii,
718 4896 966 4970 quamvis
986 4910 1083 4965 par
1103 4893 1326 4947 omnino
1348 4892 1404 4946 in
1422 4891 1625 4945 virtute
1645 4895 1983 4943 momentum

410 4991 636 5046 minimc
672 4989 1006 5050 habeamus,
1046 4997 1346 5053 eorumque
1395 4980 1563 5035 animi
1610 4977 1983 5049 magnitudine

410 5082 571 5151 longe
591 5079 879 5134 inferiores
897 5076 1100 5130 simus:
1124 5074 1176 5128 id
1204 5073 1352 5129 enim
1381 5080 1471 5127 tua
1492 5071 1652 5125 nobis
1672 5068 1847 5124 oratio
1865 5068 1982 5139 pol—

396 5173 701 5230 'lice‘batur.

483 5259 810 5330 CYR.Atqui
832 5256 1077 5330 proxime
1090 5255 1357 5326 sequitur,
1372 5252 1691 5325 etadjuncta
1703 5249 1900 5305 esthae
1914 5249 1980 5304 de

418 5370 476 5411 re
512 5350 806 5409 constituta
824 5350 933 5413 lex,
968 5344 1431 5403 evidentissimam
1454 5357 1583 5398 sane
1606 5339 1981 5412 probationem

419 5444 647 5509 habens,
671 5457 851 5512 neque
880 5439 1104 5495 arduam
1141 5453 1203 5493 ac
1238 5435 1513 5491 difﬁcilem
1534 5431 1981 5503 intelligentiam:

423 5553 448 5589 ι
477 5534 548 5591 Et
573 5536 790 5590 locutus
807 5541 913 5598 est,
940 5552 956 5583 ι
986 5530 1182 5602 inquit,
1212 5547 1230 5580 ι
1268 5525 1532 5582 Dominus
1553 5523 1620 5578 ad
1642 5522 1879 5594 Moysen,
1898 5520 1987 5575 di-

2157 4237 2364 4292 IlAAA.
2413 4235 2575 4303 Ἀλλ’,
2625 4229 2671 4291 ὦ
2702 4236 2938 4305 γενναῖε,
2971 4239 3129 4306 φαῖεν
3172 4236 3239 4291 ἃν
3282 4236 3411 4301 ἴσως
3453 4238 3584 4310 ἡμῖν
3611 4238 3664 4291 οἱ

2085 4327 2537 4401 φιλομαθέστεροι
2559 4344 2572 4359 ο
2609 4328 2682 4382 Τὸ
2719 4329 2816 4400 μὲν
2841 4329 2950 4402 γὰρ
2982 4331 3130 4393 ὅπως
3160 4330 3274 4393 τοῖς
3306 4330 3667 4401 Μαδιηναίοις

2086 4419 2462 4493 παρετάξαντό
2490 4437 2620 4475 ποτε
2665 4421 2761 4475 καὶ
2795 4422 3150 4494 νενικήκασιν
3190 4422 3240 4475 οἱ
3274 4421 3665 4491 ἐξειλεγμένοι,

2087 4515 2208 4569 τινα
2236 4530 2295 4566 τε
2325 4512 2525 4584 τρόπον
2557 4513 2647 4566 τὸν
2669 4514 2734 4567 ὲκ
2768 4513 2861 4567 τοῦ
2900 4513 3137 4584 πολέμου
3167 4513 3526 4585 διεσμήξαντο
3568 4531 3670 4583 μο-

2085 4605 2308 4676 λυσμὸν,
2347 4604 2586 4676 διαρκῶς
2625 4606 2759 4677 ἡμῖν
2788 4604 2818 4657 ὁ
2852 4605 3010 4674 λόγος
3048 4604 3348 4674 ἐκδέδειχεο
3389 4603 3583 4676 καιρὸς
3609 4604 3669 4659 δὲ

2084 4699 2183 4771 ἤδη
2216 4697 2600 4768 πληροφορεῖν,
2631 4699 2679 4751 εί
2716 4699 2810 4753 καὶ
2833 4699 3049 4770 μέτοχοι
3084 4697 3226 4751 κατά
3251 4696 3313 4751 τὸ
3341 4697 3539 4769 ἀληθὲς
3563 4696 3669 4767 τῆς

2082 4788 2190 4842 τῶν
2214 4788 2614 4859 ἀνδριζομένων
2642 4789 2932 4860 εὐτολμίας
2962 4789 3222 4860 ἐσόμεθα,
3263 4789 3359 4843 καὶ
3383 4788 3668 4860 συμμεθέ-

2086 4879 2247 4950 ξομεν
2268 4879 2451 4943 αὐτοῖς
2493 4879 2603 4933 τῶν
2636 4880 3099 4953 κατορθωμάτων,
3131 4881 3308 4935 καίτοι
3339 4881 3398 4934 τὸ
3431 4881 3669 4934 είσάπαν

2087 4971 2405 5026 ίσοστατοῦν
2431 4972 2531 5026 οὐκ
2559 4972 2774 5044 ἔχοντες
2802 4974 2860 5026 ὲν
2890 4974 3082 5046 ἀρετῇ,
3114 4973 3583 5045 μειονεκτούμενοι
3608 4974 3667 5027 δέ

2090 5080 2208 5126 πως
2233 5062 2333 5132 τῆς
2379 5064 2604 5149 ἐκείνων
2649 5065 2931 5137 εὐψυχίας.
2977 5066 3149 5120 Ταυτὶ
3188 5066 3297 5139 γάρ
3341 5067 3474 5137 ἡμῖν
3502 5065 3532 5118 ὁ
3578 5065 3669 5129 σὸς

2090 5154 2431 5224 ὑπισχνεῖται
2468 5155 2646 5225 λόγος.

2159 5245 2322 5300 ΚΥΡ.
2351 5245 2462 5299 Καὶ
2497 5247 2604 5318 μὴν
2631 5248 2799 5318 ἀγχοῦ
2833 5249 2894 5303 τέ
2929 5248 3042 5302 ἐστι
3087 5251 3181 5303 καὶ
3219 5249 3415 5318 γείτων
3448 5249 3611 5314 εὐθὺς
3638 5251 3670 5303 ὁ

2089 5338 2182 5390 ἐπὶ
2210 5336 2343 5407 τῷδε
2378 5338 2561 5409 νόμος,
2607 5341 3008 5411 ἐναργεστάτην
3041 5336 3100 5394 εὖ
3144 5341 3286 5412 μάλα
3325 5342 3425 5413 τὴν
3456 5341 3671 5395 ἀπόδει-

2093 5427 2173 5492 ξιν
2209 5427 2366 5498 ἔχων,
2403 5429 2497 5482 καὶ
2548 5432 2646 5484 οὐκ
2697 5428 2902 5501 ἀνάντή
2955 5432 3055 5503 τὴν
3104 5433 3445 5504 προσϐολήν·
3482 5452 3501 5485 ι
3558 5433 3667 5486 Καὶ

2091 5519 2321 5589 ἐλάλησε
2346 5521 2597 5593 Κύριος,ι
2635 5524 2787 5594 φησι,
2816 5541 2833 5575 ι
2866 5523 3003 5593 πρὸς
3034 5524 3264 5596 Μωσῆν,
3297 5524 3492 5596 λέγων·
3525 5525 3666 5580 ,Χάει

540 5706 583 5738 ⁸⁷
605 5714 792 5770 Matth.
816 5730 892 5779 ιιι,
924 5715 1006 5767 ll.
1067 5715 1111 5745 ⁸⁸
1154 5711 1340 5767 Matth.
1367 5727 1460 5773 xu,
1489 5709 1576 5763 229.
1634 5707 1677 5739 ’9
1718 5705 1819 5760 Isa.
1851 5718 1971 5757 χχιιι

2078 5735 2098 5755 η.
2178 5699 2193 5732 ³
2223 5698 2389 5754 lCor.
2419 5717 2496 5766 ιιι,
2526 5701 2607 5754 l5.
2670 5704 2687 5732 '
2728 5702 2868 5756 Psal.
2894 5717 3015 5769 va,
3051 5700 3238 5755 10-12.
