3954 6200
248 367 358 423 ’553

1001 359 1089 414 DE
1127 351 1569 411 ADORATIONE
1606 352 1674 407 IN
1716 348 1990 408 senum
2030 349 2119 405 ET
2141 332 2510 405 VERITATE:
2553 346 2681 402 LIB.
2722 343 2814 404 1v.

3417 340 3521 399 536

252 484 317 538 τδ
360 476 659 547 κεφάλαιον
693 471 801 526 τῶν
832 472 1043 526 σκύλων
1076 472 1175 541 τῆς
1201 468 1578 539 αἰχμαλωσίας
1609 466 1717 521 ἀπὸ
1741 466 1835 518 ἀν-

1955 478 2069 518 :ens
2090 480 2104 515 :
2126 461 2327 530 Accipe
2348 474 2615 515 summam
2640 457 2938 528 spoliorum
2960 436 3289 525 captivitatis
3318 453 3386 508 ab
3420 455 3522 511 lio-

254 571 479 644 θρώπου
509 565 617 630 ἕως
656 566 907 637 κτήνους,
939 565 1003 618 σὺ
1031 562 1126 616 καὶ
1165 561 1428 630 Ἐλεάζαρ
1456 561 1485 613 6
1515 558 1713 627 ἱερεὺς,
1744 555 1840 611 καὶ

250 667 302 717 οἱ
328 664 590 731 ἄρχοντες
612 655 721 707 τῶν
742 653 989 724 πατριῶν
1006 653 1107 723 τῆς
1136 650 1476 721 συναγωγῆς,
1503 646 1598 700 καὶ
1618 646 1841 701 διελεῖτε

249 756 323 810 τὰ
358 750 532 805 σκῦλα
563 746 667 801 ἀνὰ
694 745 860 835 μέὲον
880 744 988 796 τῶν
1010 741 1351 812 πολεμιστῶν
1368 739 1476 792 τῶν
1505 740 1842 808 ὲκπεπορευ-

252 844 441 914 μένων
480 841 564 901 είς
610 830 944 907 παράταξιν,
990 833 1085 888 καὶ
1116 832 1236 886 -ἀνὰ
1293 831 1456 902 μέσον
1516 830 1697 914 πάσης
1741 830 1842 914 τῆς

252 913 611 1000 συναγωγῆς,
634 926 731 979 καὶ
760 924 1010 995 ἁφελεῖτε
1042 922 1104 976 τὸ
1130 921 1281 982 τέλος
1309 917 1518 990 Κυρίῳ,
1549 913 1702 987 παρά
1733 913 1842 968 τῶν

247 1025 564 1098 ἀνθρώπων
596 1021 710 1075 τῶν
743 1014 1092 1088 πολεμιστῶν
1122 1014 1233 1068 τῶν
1284 1008 1730 1081 ἐκπορευομένων
1763 1008 1844 1067 είς

246 1096 720 1190 τὴνϋπαράταξιν,
755 1112 884 1183 μίαν
924 1109 1106 1180 ψυχὴν
1137 1105 1245 1161 ἀπὸ
1274 1101 1664 1159 πεντακοσίων.
1713 1096 1845 1190 Ἀπὸ

246 1189 369 1266 τῶν
404 1208 708 1280 ἀνθρώπων
754 1204 848 1258 καὶ
893 1202 1001 1255 ἀπὸ
1049 1199 1160 1252 τῶν
1199 1195 1435 1267 κτηνῶν,
1466 1193 1561 1247 καὶ
1601 1190 1709 1244 ἀπὸ
1734 1189 1845 1243 τῶν

248 1303 403 1376 βοῶν
466 1302 560 1357 καὶ
586 1299 694 1354 ἀπὸ
723 1297 831 1351 τῶν
860 1293 1170 1366 προϐάτων,
1194 1290 1287 1344 καὶ
1310 1287 1417 1342 ἀπὸ
1440 1286 1548 1338 τῶν
1577 1284 1715 1338 ὄνων
1749 1281 1846 1337 καὶ

250 1373 370 1451 ἀπὸ
388 1394 482 1450 τοῦ
500 1392 734 1464 ἡμίσους
745 1387 926 1443 αὐτῶν
944 1383 1184 1456 λήψεσθε
1206 1400 1218 1413 ·
1245 1382 1339 1435 καὶ
1359 1379 1550 1442 δώσεις
1582 1373 1845 1446 Ἐλεάζαρ

246 1489 340 1559 τῷ
377 1489 517 1558 ἱερεῖ
536 1486 635 1548 τὰς
666 1481 920 1553 ἀπαρχὰς
959 1477 1188 1550 Κυρίου,
1229 1473 1323 1530 καὶ
1358 1471 1466 1526 ἀπὸ
1496 1468 1591 1524 τοῦ
1616 1467 1846 1540 ἡμίσους

247 1579 359 1633 τοῦ
385 1578 497 1631 τῶν
528 1575 663 1630 υἱῶν
686 1571 907 1644 Ἰσραὴλ
933 1570 1078 1644 λήψῃ
1099 1568 1195 1621 ἕνα
1211 1566 1319 1620 ἀπὸ
1358 1562 1468 1616 τῶν
1486 1562 1844 1632 πεντήκοντα,

248 1671 373 1727 ἀπὸ
398 1670 510 1722 τῶν
538 1665 864 1739 ἀνθρώπων,
907 1653 1002 1717 καὶ
1031 1660 1140 1714 ἀπὸ
1159 1657 1266 1713 τῶν
1289 1655 1448 1728 βοῶν,
1480 1654 1576 1708 καὶ
1608 1651 1716 1706 ἀπὸ
1738 1651 1847 1705 τῶν

249 1761 576 1834 προϐάτων,
618 1758 712 1812 καὶ
741 1756 853 1810 ἀπὸ
890 1754 1001 1807 τῶν
1028 1753 1187 1817 ὀνων,
1232 1749 1328 1802 καὶ
1351 1747 1459 1802 ἀπὸ
1480 1745 1696 1800 πάντων
1734 1742 1845 1795 τῶν

1943 552 2090 607 mine
2111 566 2284 621 usque
2303 550 2371 605 ad
2390 565 2578 620 pecus,
2603 557 2662 603 tu
2680 555 2736 603 et
2754 546 2980 602 Eleazar
3000 545 3276 611 sacerdos,
3300 554 3357 601 ct
3372 547 3525 617 prin-

1941 642 2091 713 cipes
2122 642 2455 697 familiarum
2481 624 2951 711 congregationis:
2989 646 3045 693 et
3075 638 3332 695 dividetis
3353 642 3525 711 spolia

1942 734 2088 789 inter
2113 734 2405 790 bellatores
2430 747 2682 804 egressos
2706 716 2774 785 ad
2793 716 3021 796 bellum,
3046 725 3102 785 et
3135 720 3280 786 inter
3307 748 3525 789 omnem

1943 823 2424 895 congregationem
2455 839 2468 874 :
2494 829 2551 876 et
2569 820 2898 891 separabitis
2916 820 3183 875 tributum
3202 821 3435 877 Domino
3457 822 3526 877 ab

1943 914 2264 971 horninibus
2305 913 2665 969 bellatoribus
2715 912 3126 983 egredientibus
3173 913 3243 968 ad
3285 913 3524 978 bellum,

1944 1023 2109 1063 unam
2143 1007 2380 1062 animam
2412 1023 2443 1061 a
2476 1004 2790 1076 quingentis
2812 1022 2824 1057 :
2846 1004 2915 1058 ab
2944 992 3262 1059 hominibus
3291 1012 3347 1060 et
3376 1022 3408 1061 a
3441 1002 3529 1077 ju-

1945 1098 2166 1165 mentis,
2188 1108 2245 1154 et
2279 1115 2311 1153 a
2337 1098 2536 1163 bobus,
2556 1107 2612 1152 et
2647 1097 2717 1152 ab
2751 1096 2968 1162 ovibus,
3009 1103 3065 1151 et
3099 1096 3168 1150 ab
3197 1088 3386 1162 asinis,
3417 1107 3473 1154 et
3497 1114 3528 1154 a

1946 1192 2207 1258 mulis,et
2241 1191 2311 1246 ab
2349 1190 2608 1246 omnibus
2626 1174 2908 1269 jumentis
2941 1186 3339 1269 accipietis;et
3372 1182 3530 1244 dabis

1948 1282 2209 1339 Eleazaro
2238 1281 2511 1337 sacerdoti
2548 1264 2820 1352 primitias
2857 1264 3109 1333 Domini:
3137 1288 3194 1333 et
3231 1295 3263 1333 a
3299 1279 3527 1335 dimidio

1949 1375 2187 1431 filiorum
2224 1375 2392 1430 Israel
2424 1374 2682 1444 accipies,
2707 1388 2880 1428 unum
2918 1370 2986 1427 de
3010 1371 3429 1442 quinquaginta,
3459 1372 3529 1425 ab

1949 1468 2291 1532 hominibus,
2328 1476 2384 1522 ct
2404 1482 2435 1521 a
2455 1466 2653 1531 bobus,
2676 1465 2822 1520 etab
2844 1452 3064 1531 ovibus,
3088 1473 3144 1520 ct
3162 1448 3231 1519 ab
3255 1464 3444 1529 asinis,
3475 1478 3532 1520 et

1949 1561 2020 1617 ab
2055 1556 2313 1615 omnibus
2325 1558 2591 1631 iumentis
2611 1575 2626 1624 ;
2650 1567 2706 1613 ct
2727 1557 2883 1613 dabis
2901 1574 2967 1613 ea
2987 1546 3195 1613 Levitis
3216 1556 3533 1614 custodien-

1949 1654 2102 1708 tibus
2159 1650 2441 1707 custodias
2489 1650 2545 1704 in
2596 1649 2947 1705 tabernaculo
3003 1633 3241 1704 Domini.
3284 1650 3354 1705 Et
3401 1649 3533 1706 fecit

1949 1747 2181 1818 Moyses,
2195 1754 2250 1800 et
2274 1745 2500 1799 Eleazar
2520 1742 2796 1806 sacerdos,
2818 1741 2963 1796 sicut
2982 1726 3240 1811 praecepit
3266 1732 3533 1795 Dominus

248 1853 501 1924 κτηνῶν.
538 1850 632 1905 καὶ
659 1847 854 1910 δώσεις
880 1845 1019 1900 αὑτά
1060 1846 1174 1908 τοῖς
1204 1841 1462 1902 Λευῖταις
1493 1838 1604 1900 τοῖς
1638 1833 1845 1904 φυλάσ-

1955 1838 2119 1910 Moysi
2143 1837 2184 1891 ³.
2223 1856 2240 1889 ι
2283 1836 2560 1892 Continuo
2596 1849 2834 1905 namque
2887 1824 3034 1903 quod
3083 1832 3272 1887 divino
3315 1824 3532 1904 iussum

250 1922 423 1999 σουῖσι
445 1942 546 2003 τὰς
572 1939 820 2010 φυλακὰς
839 1940 898 1992 έν
919 1938 985 2007 τῇ
1020 1935 1195 2005 σκηνῇ
1226 1930 1452 2001 Κυρίου.
1490 1928 1600 1981 Καὶ
1621 1922 1845 1992 ἐποίησε

249 2037 471 2106 Μωσῆς
493 2034 590 2088 καὶ
625 2032 891 2102 Ἐλεάζαρ
913 2031 941 2083 ὁ
965 2030 1007 2082 is
1018 2029 1164 2099 ρεὺς,
1194 2024 1340 2079 καθὰ
1360 2020 1618 2087 συνέταξε
1643 2019 1848 2090 Κύριος

248 2126 345 2197 τῷ
391 2127 586 2196 Μωσῇ.
628 2144 647 2178 ι
690 2122 1077 2194 Διεπεραίνετο
1115 2118 1223 2189 γάρ
1244 2116 1406 2179 εὐθὺς
1444 2114 1505 2168 τὸ
1536 2114 1679 2167 θεῖον
1711 2128 1838 2183 χρη·

257 2219 568 2291 σμῴδημα,
620 2216 827 2287 λεπτῆς
867 2233 929 2268 τε
972 2214 1069 2268 καὶ
1115 2208 1377 2283 ἀκριϐοῦς
1421 2206 1722 2278 γενομένης
1748 2203 1847 2274 τῆς

254 2312 699 2385 ἀπαριθμήσεως
732 2308 843 2363 τῶν
859 2307 1094 2369 σκύλων,
1125 2305 1221 2359 καὶ
1243 2303 1345 2373 τῆς
1369 2303 1426 2355 ὲν
1460 2299 1648 2371 ἡμίσει
1675 2296 1850 2350 διανο-

260 2406 401 2479 μῆς,
434 2406 530 2459 καλ
559 2402 932 2458 ἀποδοθέντων
961 2397 1068 2452 τῶν
1101 2394 1519 2467 ἀφαιρεμάτων,
1560 2391 1681 2462 ἦτοι
1737 2387 1848 2479 τῶν

258 2477 533 2568 ἀπαρχῶν
572 2493 781 2565 Κυρίῳ,
826 2491 907 2562 τῷ
951 2491 1089 2562 ἱερεῖ
1114 2487 1192 2559 τῷ
1230 2483 1518 2555 Ἐλεάζαρ,
1555 2480 1720 2552 φημὶ,
1755 2477 1850 2532 καὶ

255 2591 377 2652 τοῖς
407 2590 473 2640 ὲκ
514 2585 688 2656 φυλῆς
716 2582 849 2639 Λευῖ
868 2599 881 2612 ·
909 2578 1020 2654 ἆρά
1056 2596 1138 2633 σοι
1168 2577 1341 2649 λήθης
1375 2574 1614 2647 ἀμείνων
1639 2574 1668 2626 6
1700 2570 1846 2635 νοῦς,

241 2679 360 2741 ,καὶ
387 2680 468 2741 είς
495 2679 634 2750 ὅπερ
662 2675 873 2745 ἔφαμεν
894 2674 951 2728 ὲν
977 2672 1175 2743 ἀρχαῖς
1202 2668 1420 2723 ἀναθεῖν
1448 2662 1709 2736 εὐσθενης
1732 2679 1747 2730 ;

336 2768 547 2823 ΠΔΛΛ.
576 2766 651 2819 Τὸ
681 2767 831 2819 ποῖον
849 2780 865 2831 ;

335 2859 502 2914 ΚΥΡ.
537 2859 613 2912 οὐ
646 2857 756 2928 γὰρ
781 2855 845 2927 δὴ
873 2853 1077 2927 χιλίους
1109 2853 1236 2916 τοὺς
1281 2850 1374 2920 ἀφ’
1402 2848 1643 2920 ἑκάστης
1676 2847 1849 2919 φυλῆς

161 2941 165 2943 λ
259 2954 347 3018 είς
371 2952 471 3024 τὴν
506 2951 603 3004 τοῦ
637 2949 875 3019 πολέμου
918 2943 1353 3016 συγκεκομίσθαι
1396 2943 1588 3014 χρείαν
1634 2942 1665 2994 6
1707 2941 1849 3013 ἱερὸς

261 3046 369 3116 ἔφη
394 3044 554 3111 λόγος
580 3058 598 3107 ;
948 3114 955 3117 μ

328 3136 550 3193 ΙΙΑΔΔ.
586 3135 735 3205 Ἔφη
765 3132 874 3201 γὰρ
901 3126 1015 3185 οὖν.
1784 3198 1787 3199 ν

335 3224 504 3280 ΚΥΡ.
539 3221 652 3293 Τὴν
675 3221 732 3273 δέ
767 3236 832 3288 γε
851 3219 947 3272 τοῦ
979 3218 1179 3289 μέρους
1206 3212 1567 3286 λαμπρότητα
1582 3212 1677 3266 καὶ
1707 3208 1848 3264 εὗδοο

282 3315 520 3387 κίμησιν
551 3315 632 3375 είς
657 3312 777 3365 ὅλον
814 3310 967 3381 ἥξειν
1007 3307 1068 3360 τὸ
1111 3307 1407 3378 πλήρωμα,
1437 3301 1624 3372 σαφῶς
1661 3318 1721 3354 τε
1754 3299 1849 3355 καὶ

260 3404 514 3478 ἐναργῶς
549 3403 833 3471 ἐλέγομεν,
869 3398 1205 3470 ἡμερότητος
1233 3412 1294 3449 τε
1316 3394 1408 3449 καὶ
1439 3387 1850 3462 φιλανθρωπίας

260 3498 404 3554 Θεοῦ
461 3497 559 3551 καὶ
589 3494 751 3547 τοῦτο
773 3492 855 3562 ἐφ’
882 3492 1014 3563 ἡμῖν
1050 3486 1110 3543 εὖ
1156 3488 1299 3560 μάλα
1340 3484 1740 3555 διοικουμένης,
1780 3481 1848 3535 ἵν’

260 3590 457 3660 ὥσπερ
472 3587 597 3650 ἑνὸς
616 3584 713 3638 καὶ
729 3581 1096 3652 εὐοσμοτάτου
1111 3578 1476 3649 θυμιάματος,
1490 3577 1555 3630 ἐκ
1576 3574 1851 3646 διαφόρων

261 3682 423 3737 εἱδῶν
448 3677 845 3749 πεποιημένου,
879 3675 979 3745 μία
1014 3689 1098 3736 τις
1131 3673 1162 3742 ἡ
1199 3671 1417 3725 πάντων
1440 3667 1639 3722 εὐωδία
1664 3664 1850 3720 λοιπὸν

262 3775 611 3845 ἀναφέρηται
635 3769 714 3841 τῷ
741 3767 881 3840 Θεῷ,
910 3765 1005 3821 καὶ
1028 3765 1108 3836 τῷ
1132 3763 1251 3817 λίαν
1281 3760 1700 3833 εὐδοκιμωτάτῳ
1723 3776 1852 3828 συγ-

262 3863 783 3937 καταλαμπρύνοιτό
805 3878 922 3925 πως
953 3859 1015 3913 τὸ
1046 3858 1121 3930 μὴ
1151 3857 1326 3921 οὕτως
1357 3854 1705 3926 εὐδοκιμοῦνε

334 3960 555 4016 ΠΛΛΛ.
591 3955 841 4025 ’Δληθές.
873 3951 1045 4006 Ταυτὶ
1071 3950 1181 4021 γὰρ
1207 3950 1338 4020 ἡμῖν
1360 3948 1389 4000 6
1428 3946 1583 4016 λόγος
1613 3944 1853 3999 ἐκϐασα-

264 4051 433 4117 νίζειν
463 4049 651 4121 ἤθελε.

339 4143 509 4197 ΚΥΡ.
553 4138 745 4209 ’Δθρει
765 4136 830 4208 δὴ
858 4131 950 4190 οὖν
976 4129 1446 4205 ἀπημφιεσμένως
1460 4125 1634 4183 ταῦτα
1655 4127 1768 4191 τοῖς
1792 4122 1853 4190 ἐξ

278 4235 498 4307 Ἰσραὴλ
540 4229 940 4303 νομοθετοῦντα
982 4225 1144 4281 Θεόν⁶
1174 4225 1224 4278 οἱ
1274 4224 1373 4295 μὲν
1412 4222 1524 4293 γὰρ
1560 4218 1851 4275 ἀπόλεκτοι

265 4329 427 4400 χίλιοι
455 4325 606 4381 κατά
631 4324 803 4396 φυλὴν
829 4317 1324 4391 κατεστρατεύοντο
1343 4314 1453 4370 τῶν
1471 4310 1818 4383 Μαδιηναίων
1834 4328 1849 4343 ο

270 4420 445 4475 καὶτὸ
465 4419 651 4489 νικᾷν,
678 4412 831 4486 οἶμαί
858 4432 985 4479 που,
1009 4412 1156 4482 πόνῳ
1196 4410 1290 4464 καλ⁸
1333 4406 1517 4479 ἱδρῶτι
1547 4405 1854 4477 κερδαίνον-

1947 1937 2067 1985 erat
2094 1929 2338 1993 oraculo,
2363 1926 2773 1998 perﬁciebatur.
2805 1926 2968 1996 Ergo,
2998 1940 3124 1981 cum
3161 1924 3530 1982 minutissima

1949 2031 2113 2094 atque
2130 2020 2545 2093 diligentissima
2564 2020 2704 2076 facta
2720 2026 2865 2075 esset
2878 2004 3188 2074 numeratio
3206 2019 3531 2089 spoliorum,

1949 2130 2013 2169 ac
2040 2114 2219 2169 media
2250 2126 2318 2168 ex
2353 2121 2510 2182 parte
2538 2110 2893 2177 distributio;
2929 2124 3165 2180 cumque
3199 2120 3384 2166 essent
3412 2112 3537 2168 red-

1950 2206 2078 2261 ditae
2129 2204 2503 2275 separationes
2538 2219 2635 2258 seu
2676 2202 2932 2273 primitiae
2983 2203 3223 2268 Domini,
3261 2203 3531 2261 sacerdoti

1948 2299 2228 2361 Eleazaro,
2267 2296 2512 2367 inquam,
2550 2303 2607 2350 et
2639 2294 2874 2359 Levitis;
2909 2309 3042 2348 num
3082 2295 3180 2349 tibi
3214 2305 3298 2350 est
3317 2296 3536 2352 animus

1949 2391 2088 2447 adeo
2108 2406 2319 2445 memor
2338 2396 2399 2443 ut
2423 2388 2755 2443 oblivionem
2778 2387 2982 2453 vincat,
3003 2395 3167 2458 atque
3199 2388 3268 2442 ad
3298 2373 3353 2443 id
3383 2390 3532 2461 quod

1952 2482 2110 2538 initio
2139 2481 2477 2544 dicebamus,
2510 2494 2799 2536 recurrere
2831 2478 3053 2535 valeat?

2020 2730 2219 2802 PALL.
2253 2742 2481 2815 Ecquod
2512 2740 2647 2798 illud
2675 2742 2791 2797 est?
2946 2818 2952 2822 _
3096 2816 3105 2823 .
3259 2818 3265 2829 .

2018 2838 2177 2895 CYR.
2210 2837 2353 2892 Num
2388 2835 2533 2890 enim
2561 2834 2813 2890 millenos
2838 2848 2868 2887 a
2914 2832 3142 2905 singulis
3180 2825 3434 2890 tribubus
3465 2825 3537 2890 ad

1952 2932 2159 2987 bellum
2190 2928 2491 3002 gerendum
2534 2926 2857 2983 convenisse
2892 2941 3061 2982 sacrae
3086 2926 3309 2981 Littera:
3344 2926 3533 2996 prodi-

1952 3021 2192 3078 derunt?
2846 3092 2849 3095 _

2020 3108 2217 3165 PALL.
2243 3108 2611 3164 Prodiderunt
2638 3109 2744 3191 illae
2762 3110 3004 3181 quidem.

1875 3162 1917 3220 C
2210 3162 3106 3274 splendorem
3131 3218 3194 3259 ac
3226 3187 3442 3259 laudem
3462 3201 3530 3258 ad

1953 3291 2263 3351 universam
2298 3292 2699 3362 plenitudinem
2736 3293 2854 3349 fore
2891 3302 2953 3348 ut
2990 3294 3311 3365 pertineret,
3352 3308 3533 3351 annon

1950 3391 2139 3455 aperte
2171 3398 2234 3439 ac
2266 3384 2557 3440 manifeste
2597 3384 2956 3440 dicebamus?
3008 3388 3170 3457 126
3198 3388 3565 3459 benignitate,

1949 3476 2047 3532 Dei
2067 3486 2230 3547 atque
2267 3477 2558 3532 clementia
2595 3476 2700 3532 hoc
2735 3492 2955 3547 quoque
2983 3478 3041 3532 in
3079 3479 3240 3557 nobis
3259 3481 3538 3551 sapienter

1951 3566 2389 3633 administrante,
2424 3577 2483 3623 ut
2506 3578 2766 3639 tanquam
2806 3569 2972 3625 unius
3008 3570 3380 3648 odoratissimi
3415 3575 3538 3646 thy-

1951 3657 2244 3723 miamatis,
2285 3674 2354 3712 ex
2388 3656 2559 3713 variis
2593 3657 2933 3714 aromatibus
2960 3659 3216 3726 confecti,
3249 3678 3393 3717 unus
3421 3678 3539 3718 om-

1951 3749 2258 3825 nium_odor
2271 3750 2383 3806 Deo
2403 3750 2683 3818 offeratur,
2702 3759 2759 3807 et
2775 3749 2937 3807 simul
2956 3767 3080 3807 cum
3101 3760 3256 3823 parte
3268 3754 3541 3825 probatis—

1952 3840 2091 3897 sima
2109 3842 2327 3898 laudem
2359 3842 2609 3913 acquirat
2628 3858 2692 3899 ea
2721 3860 2844 3915 qua:
2870 3861 2980 3901 non
3014 3838 3153 3902 adeo
3176 3849 3408 3918 probata
3429 3858 3537 3906 est.

2025 3932 2223 3988 PALL.
2247 3933 2325 3990 Ita
2346 3941 2450 3989 est.
2471 3934 2531 3989 Id
2566 3934 2747 4004 ipsum
2774 3952 3011 4007 namque
3029 3945 3217 3994 nostra
3239 3940 3540 4011 disputatio

1952 4022 2389 4093 investigandum
2409 4028 2745 4095 susceperat.

2021 4113 2178 4169 CYR.
2191 4114 2327 4171 Vide
2346 4114 2513 4186 igitur
2530 4115 2637 4171 hoc
2664 4117 2808 4171 idem
2829 4100 2957 4195 filiis
2973 4106 3139 4177 Israel
3158 4120 3331 4176 Deum
3351 4129 3541 4194 aperte

1952 4205 2288 4277 praecipere:
2329 4205 2408 4260 illi
2431 4220 2668 4277 namque
2691 4208 2820 4263 lecti
2840 4208 3043 4266 milites
3063 4211 3272 4267 millcni
3295 4229 3393 4284 per
3417 4215 3540 4294 sin-

1954 4298 2110 4370 gulas
2163 4298 2343 4354 tribus
2387 4298 2655 4355 adversus
2715 4300 3041 4358 Madianitas
3093 4307 3536 4375 contendebant;

1954 4408 2190 4464 cumque
2237 4392 2524 4449 victoriam
2576 4393 2769 4465 procul
2807 4391 2976 4449 dubio
3010 4395 3200 4453 labore
3236 4415 3300 4456 ac
3337 4402 3540 4457 sudore

265 4520 375 4578 τες,
424 4481 771 4581 διενείμαντο
811 4506 882 4560 τὰ
923 4508 989 4560 ὲκ
1033 4481 1135 4558 τοῦθ
1171 4500 1413 4572 πολέμου
1462 4496 1846 4568 συνειλεγμένα

1957 4481 2145 4553 adepti
2173 4492 2379 4549 essent,
2392 4498 2513 4563 quae
2531 4498 2599 4539 ex
2618 4483 2765 4539 bello
2784 4484 3117 4555 collegerant
3134 4501 3263 4542 cum
3279 4489 3541 4546 universa

270 4606 405 4677 πρὸς
450 4604 639 4658 πᾶσαν
677 4599 840 4663 εὐθὺς
886 4598 987 4669 τὴν
1044 4593 1390 4664 συναγωγὴν,
1440 4591 1534 4645 καὶ
1577 4592 1691 4653 τοῖς
1742 4589 1851 4642 τῶν

268 4694 677 4770 ἀνδριζομένων
729 4688 1149 4761 κατορθώμασιν
1179 4689 1213 4761 ἡ
1243 4686 1405 4754 ἑτέρα
1451 4681 1662 4753 πληθὺς
1715 4697 1850 4734 κατ-

267 4786 623 4857 εσεμνύνετο·
641 4802 661 4835 ι
680 4781 914 4836 Διελεῖτε
934 4778 1065 4850 γάρ,
1097 4796 1115 4828 ι
1138 4777 1293 4849 φησι,
1325 4795 1343 4827 ι
1365 4773 1435 4829 τά
1450 4772 1644 4838 σκῦλα,
1672 4773 1736 4824 σὺ
1757 4771 1851 4824 καὶ

278 4881 551 4949 Ἐλεάζαρ
573 4879 603 4931 ὁ
635 4875 832 4946 ἱερεὺς,
867 4873 961 4927 καὶ
988 4873 1038 4924 oi.
1068 4871 1328 4942 ἄρχοντες
1349 4868 1456 4922 τῶν
1480 4864 1723 4938 πατριῶν
1751 4864 1851 4934 τῆς

271 4971 640 5042 συναγωγῆςσ
695 4968 789 5024 καὶ
831 4967 1055 5020 διελεῖτε
1086 4964 1157 5017 τὰ
1207 4962 1381 5016 σκῦλα
1419 4960 1692 5032 ἀναμέσον
1743 4958 1853 5013 τῶν

268 5061 623 5136 πολεμιστῶν
654 5059 763 5113 τῶν
798 5054 1247 5129 ἐκπορευομένων
1282 5055 1362 5116 είς
1395 5050 1494 5122 τὴν
1523 5050 1850 5121 παράταξιν,

270 5158 364 5212 καὶ
400 5154 511 5209 ἀνὰ
543 5152 709 5223 μέσον
734 5147 833 5218 τῆς
861 5145 1205 5215 συναγωγῆς.
1237 5160 1259 5193 ι
1296 5144 1420 5195 Ὅτι
1459 5140 1569 5213 γὰρ
1603 5139 1853 5194 συνευδο-

271 5246 502 5316 κιμήσει
534 5242 647 5303 τοῖς
666 5238 806 5307 ἄγαν
831 5234 1227 5304 έξεέλεγμένοις
1250 5233 1342 5285 καὶ
1369 5229 1853 5304 περιφανεστέροις

274 5339 335 5391 τὸ
362 5334 537 5407 βραχύ
566 5351 621 5386 τι
656 5329 937 5391 καταδεὲς,
979 5327 1074 5380 καὶ
1116 5324 1347 5379 κατόπιν
1392 5324 1469 5377 ἰὸν
1500 5325 1600 5394 τῆς
1628 5320 1853 5375 ἐκείνων

281 5426 678 5501 μεταλοφυῖας,
710 5416 1116 5492 ὑπεσημαίνετό
1169 5434 1286 5480 πως
1342 5414 1438 5470 καλ⁸
1490 5417 1520 5469 6
1567 5412 1855 5476 θεσπέσιος

277 5519 509 5582 Παῦλος.
567 5510 1120 5584 Ἀπαριθμησάμενος
1164 5507 1272 5579 γὰρ
1319 5506 1429 5561 τῶν
1483 5504 1855 5577 ἀρχαιοτέρων

281 5614 451 5684 ἁγίων
469 5610 602 5672 τοὺς
617 5607 707 5662 διὰ
721 5606 956 5668 πίστεως
972 5598 1406 5672 εὐδοκιμηκότας
1434 5597 1531 5653 καὶ
1554 5590 1637 5662 οἷς
1666 5598 1701 5670 ἡ
1730 5595 1856 5662 δόξα

354 5792 373 5826 ⁸
407 5793 576 5846 Num.
606 5804 765 5851 xxxi,
790 5787 979 5843 ειιοει.
1059 5785 1074 5815 ⁸
1100 5785 1263 5839 tium.
1312 5799 1455 5845 xxxi.
1495 5782 1585 5851 26,
1621 5782 1711 5837 9.7.

1959 4576 2142 4631 statim
2160 4576 2428 4649 Synagoga
2449 4575 2778 4657 diviserunt,
2799 4586 2963 4648 atque
2990 4578 3267 4649 praeclaris
3294 4580 3403 4636 illis
3422 4580 3540 4637 for-

1932 4752 1940 4760 .
1960 4670 2099 4723 tium
2134 4668 2378 4723 virorum
2398 4668 2555 4723 factis
2573 4679 2771 4725 uetera
2793 4669 3089 4726 multitudo
3108 4670 3396 4728 honestata
3425 4682 3536 4729 est:

1968 4779 1986 4811 ι
2021 4759 2288 4815 Dividetis
2305 4761 2473 4839 enim,
2494 4780 2512 4812 ι
2547 4761 2748 4832 inquit,
2782 4782 2799 4812 ε
2826 4764 3021 4833 spolia,
3040 4771 3100 4819 tu
3119 4774 3174 4820 et
3194 4765 3423 4823 Eleazar
3450 4782 3538 4822 sa-

1959 4852 2173 4917 cerdos,
2190 4861 2247 4907 et
2260 4853 2539 4923 principes
2558 4852 2889 4909 familiarum
2919 4871 3203 4928 synagoga:
3219 4898 3233 4923 ,
3251 4866 3309 4913 et
3331 4859 3543 4917 divide-

1960 4947 2030 5001 tis
2061 4946 2234 5016 spolia
2254 4946 2397 5001 inter
2419 4946 2714 5003 bellatores
2732 4962 2984 5019 egressos
3002 4949 3069 5004 ad
3087 4965 3346 5022 pugnam,
3371 4960 3428 5008 et
3457 4953 3542 5008 in-

1960 5048 2045 5093 ter
2076 5054 2293 5093 omnem
2333 5039 2865 5111 congregationem‘.
2895 5060 2913 5093 ›
2954 5041 3093 5098 Fore
3126 5052 3311 5099 autem
3331 5053 3395 5100 ut
3410 5061 3538 5102 cum

1958 5129 2272 5186 lectissimis
2310 5130 2726 5202 illustribusque
2763 5131 2899 5187 viris
2935 5132 3157 5188 laudem
3206 5134 3286 5191 illi
3315 5150 3539 5207 quoque

1960 5232 2388 5295 consequantur,
2421 5223 2624 5294 quibus
2644 5226 2895 5280 nonnihil
2915 5226 2983 5282 ad
3002 5228 3265 5285 virtutem
3283 5229 3459 5293 deest,
3482 5238 3538 5284 ct

1960 5318 2185 5378 illorum
2216 5317 2383 5373 animi
2406 5317 2748 5374 nobilitatem
2768 5334 2797 5374 a
2822 5328 2974 5392 tergo
2991 5331 3321 5392 sequuntur,
3343 5323 3539 5376 beatus

1960 5426 2179 5484 quoque
2210 5411 2413 5468 Paulus
2432 5412 2666 5468 latenter
2684 5411 2965 5468 indicavit.
2987 5414 3123 5469 Nam
3153 5430 3277 5469 cum
3308 5427 3538 5467 enume-

1961 5511 2134 5559 rasset
2147 5503 2357 5573 priscos
2372 5503 2496 5558 illos
2516 5510 2839 5573 sanctosque
2856 5504 3006 5560 viros
3029 5505 3123 5575 qui
3142 5504 3246 5559 fide
3262 5518 3534 5561 commen-

1963 5593 2075 5651 dati
2103 5594 2354 5663 fuissent,
2375 5595 2581 5665 quique
2601 5595 2881 5666 praestanti
2917 5596 2973 5650 in
3000 5597 3170 5653 Deum
3190 5596 3389 5667 pietate
3419 5596 3531 5670 glo-
