3954 6200
410 354 519 409 335

1445 346 1499 400 S.
1541 342 1817 401 CYRlLLl
1858 338 2329 400 ALEXANDRINI
2372 342 2691 397 ARCHIEP.

3589 336 3694 396 556

414 467 553 520 riam
571 464 840 522 illustrem
862 458 966 517 sibi
987 458 1457 530 comparavissent
1477 460 1610 514 :cEx
1643 460 1771 526 fide,
1796 460 1994 532 inquit,

2106 458 2434 531 περιφανὴς,
2456 456 2565 512 ἀπό
2591 474 2654 525 γε
2681 456 2781 528 τῆς
2810 455 2891 519 είς
2911 454 3044 508 Θεὸν
3076 451 3341 526 ἀκριδοῦς
3372 452 3653 518 εὐσεϐείας
3677 461 3689 473 ⁸

411 559 619 616 mortui
652 563 782 613 sunt
815 555 871 609 hi
901 568 1113 621 omnes,
1147 562 1204 609 et
1223 568 1335 608 non
1353 561 1687 625 acceperunt
1707 556 2005 625 repromis-

410 651 595 708 siones
615 690 629 714 ,
653 648 767 703 Deo
800 660 903 717 pro
923 644 1087 702 nobis
1104 645 1315 717 aliquid
1349 644 1549 701 melius
1566 645 1911 716 providente,
1934 662 2004 702 ne

411 745 529 799 sine
550 740 711 796 nobis
729 745 1186 796 consummentur
1204 736 1246 792 ⁵.
1284 756 1304 790 ›
1331 736 1538 793 Scribit
1554 737 1723 794 etiam
1744 738 1813 794 ad
1825 737 1963 794 alios
1987 756 2000 792 :

417 856 435 887 ι
460 835 579 892 Jam
617 832 849 905 perfecti
872 832 1030 898 estis,
1057 831 1178 887 sine
1196 830 1358 886 nobis
1392 829 1693 901 regnastis,
1716 826 1772 886 et
1790 831 2004 886 utinam

408 908 759 999 regnassetis,
782 932 846 980 ut
861 933 918 981 et
951 938 1054 979 nos
1075 939 1182 978 una
1200 937 1326 979 cum
1345 921 1504 978 vobis
1524 937 1887 994 regnaremus
1905 922 1926 953 ⁸
1950 923 1995 977 li

405 1019 574 1077 Vides
604 1035 702 1076 eos
729 1017 826 1089 qui
855 1015 1050 1073 ordine
1079 1024 1207 1071 sunt
1245 1014 1517 1080 inferiori,
1539 1014 1703 1070 simul
1722 1029 1849 1070 cum
1870 1029 2002 1085 per-

403 1113 565 1168 fectis
596 1109 961 1183 perliciendos
993 1122 1151 1175 esse;
1191 1122 1318 1163 cum
1354 1106 1575 1162 selectis
1610 1120 1829 1177 quoque
1867 1104 2004 1159 viris

405 1200 844 1268 benedicuntur,
872 1198 967 1270 qui
996 1213 1109 1254 non
1139 1212 1296 1269 teque
1322 1195 1539 1251 viribus
1578 1195 1779 1251 valent.
1814 1192 2003 1249 Psallit

402 1308 603 1367 nempe
642 1294 840 1351 beatus
857 1292 1058 1348 David:
1089 1309 1109 1344 ι
1137 1289 1419 1346 Benedicti
1440 1304 1541 1346 vos
1572 1303 1604 1344 a
1626 1288 1881 1353 Domino,
1904 1286 2001 1357 qui

403 1388 537 1445 fecit
566 1388 766 1444 coelum
802 1392 861 1440 et
896 1392 1135 1449 terram;
1178 1381 1460 1438 benedixit
1505 1380 1774 1436 Dominus
1811 1378 2001 1434 domui

404 1488 591 1535 Aaron
614 1497 629 1546 ;
656 1475 943 1534 benedixit
970 1474 1238 1530 Dominus
1260 1472 1449 1528 domui
1486 1471 1657 1527 Israel
1680 1488 1696 1537 ;
1718 1469 2002 1525 benedixit

376 1572 672 1628 Dominus
693 1570 761 1626 iis
792 1567 886 1638 qui
913 1568 1107 1623 timent
1127 1564 1440 1636 se,‘pusi|lis
1459 1579 1586 1620 cum
1606 1564 1993 1636 majoribus’a

404 1664 581 1721 Simul
614 1662 761 1719 enim
784 1674 908 1715 cum
935 1655 1237 1729 majoribus
1266 1654 1672 1712 benedicuntur
1700 1653 1734 1708 ii
1770 1654 1865 1725 qui
1899 1669 2003 1724 pu-

403 1756 512 1812 silli
550 1759 843 1817 vocantur,
877 1749 971 1821 qui
997 1748 1066 1804 de
1106 1748 1225 1818 pari
1268 1744 1593 1801 fortitudine
1630 1745 1854 1817 gloriari
1887 1760 1998 1800 non

402 1853 674 1916 possunt,
712 1841 917 1913 quique
956 1849 1088 1894 sunt
1135 1836 1303 1893 animi
1341 1836 1623 1890 alacritate
1668 1836 1736 1890 ad
1780 1835 2000 1891 labores
2034 1832 2075 1887 Β

404 1932 721 1991 tolerandos
780 1928 1095 1993 inferiores,
1152 1929 1270 1981 zelo
1327 1939 1462 1980 vero
1517 1932 1574 1979 et
1610 1924 1717 1980 fide
1770 1925 2001 1981 forsitan

402 2023 642 2093 aequales
663 2062 677 2086 ,
697 2027 863 2088 atque
896 2014 1219 2073 fortitudine
1255 2004 1355 2086 pro
1380 2029 1495 2070 suae
1533 2014 1811 2071 facultatis
1840 2017 2002 2073 modo

407 2115 566 2185 127
584 2110 866 2169 Christum
887 2108 1217 2166 exhilarant.
1232 2109 1308 2163 Ac
1330 2106 1541 2178 Moyses
1560 2119 1617 2162 et
1648 2107 1873 2164 Eleazar
1891 2124 2000 2164 non

402 2205 642 2263 absurde
666 2205 895 2276 ﬁguram
917 2211 1108 2260 tenent
1125 2198 1353 2265 Christi,
1377 2198 1471 2270 qui
1504 2198 1648 2254 idem
1672 2210 1726 2255 et
1746 2200 2003 2257 sacerdos

402 2307 489 2357 est
516 2306 572 2357 et
598 2298 901 2370 legislator,
938 2295 1333 2365 distribuitque
1356 2294 1558 2364 populo
1580 2292 1775 2364 spolia,
1797 2293 2003 2350 sanctis

403 2392 612 2464 angelis
629 2389 793 2447 simul
810 2387 1118 2445 astantibus
1139 2428 1153 2453 ,
1177 2400 1414 2457 quorum
1436 2385 1665 2459 figuram
1686 2393 1884 2456 gerunt
1921 2385 1999 2439 illi

404 2483 684 2557 principes
711 2479 1047 2535 familiarum
1077 2491 1382 2549 synagogas.
1403 2476 1485 2529 An
1511 2486 1566 2529 tu
1588 2472 1816 2531 minime
1841 2484 2000 2544 putas

402 2577 606 2632 multos
623 2589 745 2630 esse
765 2573 819 2627 in
841 2571 1006 2627 terris
1039 2575 1260 2624 sanctos
1280 2568 1506 2637 angelos
1528 2582 1559 2620 a
1581 2566 1690 2621 Deo
1725 2566 1997 2621 constitu-

404 2678 492 2724 tos
538 2666 609 2721 ad
644 2678 806 2735 opem
842 2660 1127 2717 ferendam
1172 2657 1448 2722 ﬁdelibus,
1488 2671 1552 2712 ac
1588 2657 1819 2729 populos
1854 2673 1997 2728 quo-

400 2761 465 2818 da
476 2757 697 2816 mmodo
720 2753 1125 2812 moderandos?

474 3021 674 3078 PALL.
716 3021 831 3091 Ego
850 3033 985 3073 vero
1012 3016 1188 3072 fateor
1220 3032 1234 3067 :
1266 3028 1366 3069 cur
1403 3012 1553 3069 enim
1584 3012 1820 3084 negem?

471 3112 631 3172 ΟΥΕ.
667 3113 945 3168 Venturus
971 3125 1003 3165 e
1031 3109 1174 3165 ccelo
1201 3114 1552 3177 exspectatur
1583 3104 1838 3162 Christus
1867 3120 1991 3162 cum

2114 574 2132 604 ι
2159 551 2319 606 Κατὰ
2342 550 2548 616 πίστιν,
2573 568 2592 601 ι
2619 546 2806 620 φησὶν,
2836 568 2853 600 ι
2882 546 3155 602 ἀπέθανον
3178 540 3322 600 οῦτοι
3344 544 3568 610 πάντες,
3602 547 3695 600 καὶ

2105 644 2206 698 οὐκ
2239 643 2567 715 ἐκομίσαντο
2595 642 2696 706 τὰς
2720 640 3075 711 ἐπαγγελίας,
3116 638 3211 693 τοῦ
3235 637 3372 693 Θεοῦ
3397 639 3691 711 περὶὴμῶν

2107 734 2355 806 κρεῖττόν
2404 751 2458 787 τι
2511 730 2990 806 προϐλεψαμένου,
3049 731 3137 784 ἵνα
3161 729 3273 806 ’μῆ
3328 730 3499 802 χωρὶς
3535 730 3691 801 ἡμῶν

2103 826 2488 880 τελειωθῶσιν.
2530 845 2549 877 ι
2600 824 2937 880 Ἐπιστέλλει
2978 824 3036 878 δὲ
3072 823 3441 895 κατ’ὲτέροις·
3492 841 3515 879 ι
3550 824 3691 896 Ἤδη

2104 920 2515 991 τετελειωμένοι
2543 918 2668 973 ἐστέ
2691 934 2706 951 ο
2737 917 2910 990 χωρὶς
2952 916 3109 989 ἡμῶν
3142 915 3558 982 ἐϐασιλεύσατε,
3597 918 3693 972 καὶ

2105 1010 2313 1080 ὤφελόν
2343 1027 2408 1080 γε
2441 1008 2836 1065 ἐϐασιλεύσατε
2857 1049 2871 1074 ,
2904 1008 2992 1063 ἵνα
3021 1007 3115 1062 καὶ
3148 1008 3311 1079 ἡμεῖς
3336 1007 3464 1078 ὑμῖν
3492 1007 3676 1079 συμδα

2107 1102 2465 1175 σιλεύσωμεν.
2509 1121 2529 1156 ι
2569 1104 2736 1175 Ὀρᾷς
2794 1102 2947 1164 ὅπως
2988 1097 3536 1171 συντελειωθήσονται
3582 1102 3694 1162 τοῖς

2104 1198 2162 1250 ὲν
2187 1195 2355 1259 τέλει,
2385 1197 2481 1250 καὶ
2507 1196 2557 1249 oi
2585 1194 2739 1261 τάξιν
2760 1194 2979 1266 ἔχοντες
3003 1192 3106 1265 τὴν
3139 1190 3378 1246 καταδεᾶ
3399 1226 3416 1256 ,
3443 1190 3539 1246 καὶ
3567 1208 3694 1246 συν-

2114 1284 2465 1356 ευλογοῦνται
2509 1288 2624 1350 τοῖς
2661 1283 3060 1356 ὲξειλεγμένοις
3098 1280 3149 1338 οἱ
3205 1280 3281 1353 μὴ
3332 1279 3456 1335 κατ’
3496 1280 3694 1344 αὐτοὺς

2103 1380 2411 1445 εύσθενεῖς;
2446 1379 2655 1434 Ψάλλει
2687 1379 2746 1433 δέ
2794 1395 2898 1432 που
2948 1377 3044 1432 καὶ
3088 1378 3117 1429 6
3168 1374 3456 1439 Θεσπέσιος
3496 1373 3691 1428 Δαϐίδο

2108 1488 2130 1522 ι
2165 1468 2539 1541 Εὐλογημένοι
2556 1469 2715 1539 ὑμεῖς
2738 1466 2815 1541 τῷ
2836 1466 3048 1541 Κυρίῳ,
3074 1464 3152 1537 τῷ
3169 1465 3453 1536 ποιήσαντι
3486 1463 3578 1517 τὸν
3602 1462 3695 1517 ού⁴

2106 1557 2269 1630 ρανὸν
2306 1558 2402 1612 καὶ
2440 1561 2540 1630 τὴν
2567 1559 2673 1629 γῆν
2698 1574 2712 1590 °
2742 1557 3010 1629 εὐλόγησε
3036 1557 3242 1626 Κύριος
3264 1553 3357 1609 τὸν
3382 1551 3529 1609 οἷκον
3568 1554 3691 1609 Ἀα-

2106 1650 2217 1721 ρών
2234 1666 2250 1683 ο
2279 1650 2545 1722 εύλόγησε
2573 1651 2781 1723 Κύριος
2807 1650 2900 1704 τὸν
2936 1645 3086 1704 οἶκον
3136 1646 3354 1720 Ἰσραήλ
3382 1663 3396 1677 ο
3428 1646 3695 1718 εύλόγησε

2110 1741 2321 1813 Κύριος
2363 1742 2491 1806 τοὺς
2525 1742 2895 1813 φοϐουμένους
2921 1740 3107 1805 αὐτὸν,
3137 1740 3266 1804 τοὺς
3291 1741 3522 1812 μικροὺς
3553 1739 3696 1811 μετὰ

2101 1834 2214 1888 τῶν
2257 1834 2532 1906 μεγάλων.
2593 1854 2614 1887 ι
2662 1832 3122 1902 Συνευλογοῦνται
3169 1836 3283 1897 τοῖς
3336 1832 3595 1903 μεγάλοις
3638 1832 3694 1885 οῖ

2106 1923 2432 1997 καλούμενοι
2456 1926 2664 1997 μικροὶ,
2695 1927 2754 1979 ὲν
2783 1925 2945 1998 ῥώμῃ
2968 1925 3068 1997 μὲν
3087 1926 3348 1997 ἐπαυχεῖν
3363 1925 3463 1978 οὐκ
3478 1924 3696 1997 ἔχοντες

2108 2014 2220 2087 ἴση,
2273 2017 2369 2070 καὶ
2410 2019 2534 2080 ταῖς
2578 2018 2658 2081 εις
2709 2016 2771 2069 τὸ
2825 2017 3028 2088 χρῆναι
3061 2016 3361 2086 τληπαθεῖν
3388 2015 3698 2087 ἡττώμενοι

2106 2107 2460 2180 προθυμίαις,
2493 2109 2642 2181 ζήλῳ
2680 2109 2738 2163 δὲ
2771 2110 2915 2180 τάχα
2941 2109 3036 2162 καὶ
3064 2108 3243 2163 πίστει
3275 2109 3699 2180 παρισούμενοι,

2104 2200 2196 2254 καὶ
2220 2203 2341 2265 ταῖς
2358 2201 2502 2256 κατὰ
2521 2201 2751 2273 δύναμιν
2766 2200 3098 2265 εύσθενείαις
3112 2202 3346 2274 Χριστὸν
3374 2200 3698 2274 εὐφραίνον-

2105 2308 2218 2355 τες.
2255 2293 2368 2347 Καὶ
2390 2292 2565 2357 τύπος
2596 2293 2662 2348 ἂν
2686 2288 2796 2348 εἷεν
2823 2294 3031 2364 Μωσῆς
3063 2310 3122 2347 τε
3152 2293 3248 2347 καὶ
3284 2292 3550 2365 Ἐλεάζαρ
3571 2293 3699 2358 ἑνὸς

2102 2381 2198 2435 τοῦ
2224 2383 2528 2455 ἀρχιερέως
2546 2399 2605 2436 τε
2628 2384 2723 2437 καὶ
2742 2383 3038 2455 νομοθέτου
3068 2383 3329 2456 Χριστοῦ,
3344 2383 3698 2454 διανέμοντος

2100 2473 2179 2546 τῷ
2203 2474 2318 2546 λαῷ
2348 2475 2415 2530 τὰ
2436 2474 2631 2540 σκῦλα,
2665 2475 3205 2547 συμπαρεστηκόσων
3227 2476 3473 2546 ἀγγέλων
3493 2477 3693 2545 ἁγίων,

2101 2562 2177 2621 ὧν
2200 2567 2294 2621 καὶ
2326 2566 2497 2632 τύπος
2527 2562 2637 2621 εἶεν
2666 2566 2735 2620 ἂν
2769 2568 2822 2621 oi
2852 2568 3116 2640 ἄρχοντες
3155 2567 3263 2622 τῶν
3311 2568 3557 2641 πατριῶν
3589 2569 3698 2640 τῆς

2102 2660 2457 2731 συναγωγῆς.
2489 2661 2561 2714 Ἦ
2605 2659 2708 2714 οὐκ
2736 2656 2877 2714 εἶναι
2912 2661 3020 2733 φὴς
3047 2658 3275 2724 πολλοὺς
3319 2661 3412 2715 ἐπὶ
3450 2662 3552 2733 γῆς
3578 2662 3699 2715 τῶν

2098 2750 2270 2819 ἁγίων
2317 2752 2589 2820 ἀγγέλων,
2635 2751 2789 2823 παρὰ
2831 2751 2968 2806 Θεοῦ
2994 2753 3383 2823 τεταγμένους,
3431 2753 3511 2816 εἰς
3531 2769 3595 2823 γε
3624 2756 3697 2807 τὸ

2097 2844 2209 2898 δεῖν
2237 2848 2353 2909 τοῖς
2411 2846 2837 2899 πεπιστευκόσιν
2870 2846 3203 2917 ἐπικουρεῖν,
3237 2845 3331 2900 καὶ
3362 2846 3525 2899 οἱονεὶ
3553 2845 3694 2900 καθ-

2097 2937 2348 3008 ηγεῖσθαι
2380 2936 2526 2992 λαῶν
2550 2956 2566 3004 ;

2171 3025 2383 3081 ΠᾹΛΛ.
2421 3027 2591 3098 Φημί·
2628 3026 2747 3092 πῶς
2773 3027 2882 3099 γὰρ
2905 3027 2999 3092 οῦς

2164 3116 2331 3171 ΚΥΡ.
2379 3117 2571 3185 Ἥξειν
2615 3118 2711 3171 ἀπ’
2762 3116 2996 3191 ούρανοῦ
3046 3117 3413 3190 προσδοκᾶται
3450 3118 3694 3190 Χριστὸς

401 3205 609 3265 sanctis
644 3204 882 3277 angelis;
917 3211 976 3259 et
1016 3200 1234 3258 sedebit
1277 3174 1333 3255 in
1367 3199 1498 3256 sede
1533 3199 1721 3268 gloriae
1765 3215 1898 3267 suae,
1930 3214 1994 3256 ac

2102 3206 2238 3278 μετά
2259 3207 2372 3263 τῶν
2400 3174 2572 3278 ἁγίων
2601 3174 2871 3277 ansam},
2899 3207 2995 3262 καὶ
3023 3174 3297 3263 καιθιεῖται
3326 3209 3422 3282 μὲν
3441 3174 3536 3264 ἐπὶ
3561 3174 3695 3283 θρόζ

401 3299 701 3358 distribuct
751 3297 915 3369 digna
963 3294 1165 3366 cuique
1214 3293 1458 3362 praemia,
1505 3294 1849 3375 honoresque
1896 3308 1995 3364 pro

400 3400 553 3450 recte
606 3390 882 3448 factorum
937 3389 1153 3444 ratione
1198 3385 1487 3460 rependet.
1547 3386 1782 3458 Ideoque
1830 3385 1995 3442 Isaias

400 3484 493 3542 ille
522 3484 743 3555 sapiens
769 3483 838 3538 de
866 3481 1088 3545 Christo
1124 3479 1299 3536 dicit:
1340 3497 1359 3533 ι
1405 3480 1699 3549 Propterea
1739 3479 1854 3549 ipse
1891 3478 1991 3534 do-

399 3576 706 3632 minabitur
748 3572 958 3639 multis,
1000 3581 1057 3627 et
1095 3570 1319 3626 fortium
1373 3569 1584 3624 dividet
1626 3568 1819 3638 spolia,
1860 3582 1991 3639 pro-

400 3676 591 3741 pterea
623 3664 771 3736 quod
811 3663 1016 3721 tradita
1053 3670 1140 3720 est
1179 3662 1233 3718 in
1282 3672 1510 3717 mortem
1546 3661 1726 3715 anima
1760 3661 1900 3733 ejus,
1936 3669 1993 3716 et

399 3774 527 3818 cum
573 3756 758 3828 impiis
803 3761 1088 3826 reputatus
1115 3761 1199 3810 est
1230 3755 1271 3808 ⁸.
1307 3773 1325 3805 ι
1368 3752 1472 3809 Per
1512 3750 1792 3807 Christum
1826 3752 1992 3823 igitur

398 3850 754 3922 praemiorum
793 3847 1113 3904 distributio
1146 3851 1256 3914 liet,
1288 3847 1381 3918 qui
1420 3856 1676 3917 tanquam
1718 3861 1815 3917 per
1844 3846 1991 3919 Moy-

398 3958 499 4001 sen
536 3952 593 3999 et
628 3942 855 3998 Eleazar
898 3940 1186 4012 figuratur.
1230 3939 1483 3996 Christus
1521 3939 1667 3994 extim
1714 3939 1989 4012 legislator

398 4044 487 4092 est
515 4035 677 4091 simul
708 4042 762 4090 et
799 4031 1064 4105 pontifex.

388 4127 399 4159 ’
468 4127 647 4183 PALL
666 4167 681 4184 .
709 4125 927 4197 Optime
958 4123 1187 4180 dictum.

469 4219 626 4276 (ΝΚ.
670 4217 737 4273 Si'
773 4226 958 4272 autem
992 4217 1465 4273 animadvertatur
1508 4233 1630 4288 qua:
1666 4227 1880 4275 servata
1916 4218 1987 4272 sit

399 4314 457 4369 in
491 4310 877 4367 distribuendo
925 4310 1085 4377 ratio,
1117 4325 1187 4366 an
1228 4327 1334 4366 non
1369 4311 1730 4367 admiratione
1775 4312 1984 4384 dignis-

399 4404 539 4461 sima
574 4402 947 4475 judicabitur?

2097 3317 2187 3353 νου
2233 3297 2395 3371 δόξης
2444 3298 2633 3366 αὑτοῦ,
2692 3299 3030 3370 διανεμεῖται
3062 3299 3121 3353 δὲ
3173 3299 3389 3371 ἑκάστῳ
3429 3300 3501 3355 τὰ
3535 3301 3696 3374 αὐτῷ

2097 3392 2381 3466 πρέποντα
2401 3394 2561 3465 γέρα,
2588 3393 2682 3447 καὶ
2715 3392 2995 3461 ἀναλόγως
3022 3394 3138 3457 τοῖς
3171 3391 3562 3464 κατορθώμασι
3587 3394 3694 3456 τὰς

2093 3487 2297 3558 τιμάς⁶
2329 3485 2609 3557 τοιγάρτοι
2672 3489 2768 3539 καὶ
2810 3486 2840 3536 6
2884 3486 3046 3555 σοφὸς
3096 3486 3230 3557 ἡμῖν
3280 3486 3510 3551 Ἠσαῖας
3554 3489 3691 3559 περὶ

2094 3579 2333 3651 Χριστοῦ
2369 3596 2505 3649 φησι
2525 3596 2539 3611 ·
2575 3599 2593 3632 ι
2623 3580 2722 3634 Διὰ
2748 3578 2908 3634 τοῦτο
2936 3581 3100 3647 αὐτὸς
3133 3580 3411 3655 κυριεύσει
3449 3583 3690 3652 πολλῶν,

2095 3672 2320 3728 καὶτῶν
2348 3672 2584 3744 ίσχυρῶν
2617 3674 2798 3744 μεριεῖ
2828 3672 3020 3739 σκῦλα,
3044 3672 3161 3728 ἀνθ’
3187 3666 3263 3729 ὧν
3291 3674 3568 3747 παρεδόθη
3600 3677 3689 3740 είς

2091 3764 2325 3819 θάνατον
2351 3767 2385 3836 ἡ
2409 3764 2556 3838 ψυχὴ
2579 3764 2765 3829 αὐτοῦ,
2784 3766 2878 3820 καὶ
2906 3767 2964 3819 έν
2976 3768 3090 3831 τοῖς
3114 3766 3338 3839 ἀνόμοις
3357 3769 3630 3844 ἐλογίσθη.
3659 3792 3682 3824 ι

2105 3857 2196 3910 Ἐν
2220 3856 2446 3928 Χριστῷ
2465 3856 2757 3929 τοιγαροῦν
2800 3858 2834 3929 ὴ
2870 3858 2981 3911 τῶν
3006 3857 3228 3927 ἀγαθῶν
3247 3858 3589 3931 δισνέμησις,
3605 3860 3689 3925 ὡς

2092 3946 2151 4000 ὲν
2178 3946 2354 4019 Μωσῇ
2387 3961 2449 4000 τε
2498 3946 2595 4001 καὶ
2637 3946 2902 4018 Ἐλεάζαρ
2947 3948 3393 4021 ὲκτυπουμένων.
3434 3950 3687 4022 Νομοθέ-

2091 4058 2192 4113 της
2229 4041 2339 4111 γὰρ
2376 4043 2435 4095 ὲν
2456 4039 2637 4111 ταυτῷ
2669 4040 2765 4093 καὶ
2793 4040 3081 4112 ἀρχιερεὺς
3110 4044 3139 4096 6
3165 4042 3421 4114 Χριστός.

2163 4135 2380 4189 ΠΔΔΛ.
2421 4134 2659 4206 Ἀριστα
2690 4132 2852 4204 ἔφης.

2154 4224 2323 4278 ΚΥΡ.
2362 4223 2460 4287 Τίς
2490 4224 2547 4278 δὲ
2574 4222 2639 4294 δὴ
2664 4224 2757 4276 καὶ
2781 4223 2946 4288 αὐτὸς
2968 4224 2997 4277 6
3030 4225 3123 4280 τοῦ
3147 4226 3531 4299 διανείμασθαι
3554 4229 3685 4302 τρό-

2090 4332 2209 4381 πος,
2244 4312 2334 4388 ἆρ’
2368 4315 2492 4386 οὐχὶ
2516 4313 2820 4385 θαυμάζειν
2848 4314 3030 4384 ᾶξιον;

468 4496 666 4552 PALL.
709 4495 853 4552 Sane
880 4497 1103 4566 quidem
1128 4514 1140 4549 :
1165 4510 1321 4565 aequa
1350 4494 1496 4550 enim
1528 4504 1702 4564 parte,
1733 4495 1828 4565 qui
1864 4494 1984 4550 bel-

2155 4494 2366 4549 IIAAA.
2399 4493 2552 4548 Πάνυ
2589 4493 2690 4565 μὲν
2723 4489 2837 4551 οὖν.
2880 4496 2971 4552 Ἐν
3001 4496 3090 4568 ἴσῃ
3120 4495 3230 4569 γὰρ
3257 4495 3423 4569 μοίρᾳ
3447 4496 3683 4569 τετίμη-

398 4587 513 4643 lum
545 4594 849 4658 gesserant,
880 4595 937 4641 et
966 4586 1061 4656 qui
1090 4584 1428 4649 resederant,
1462 4584 1648 4639 donati
1677 4594 1824 4639 sunt.

467 4677 627 4734 CYR.
662 4678 887 4733 Minime
922 4692 1057 4732 vero
1091 4691 1268 4746 aequa,
1294 4676 1542 4741 minimc,
1566 4675 1824 4746 inquam;
1859 4675 1988 4732 licet

397 4769 598 4843 praeda:
638 4769 807 4824 totius
856 4777 1068 4839 partem
1111 4768 1393 4823 dimidiam
1435 4766 1735 4821 habuerint
1773 4783 1984 4839 pugna-

399 4869 569 4927 tores,
608 4861 838 4917 alteram
868 4876 1001 4916 vero
1035 4859 1317 4914 dimidiam
1360 4868 1469 4914 tota
1513 4876 1784 4931 synagoga
1816 4877 1828 4913 :
1862 4860 1987 4914 uni-

396 4966 595 5008 versus
636 4968 874 5024 namque
920 4967 1187 5007 numerus
1230 4951 1467 5007 filiorum
1503 4953 1670 5008 Israel
1715 4967 1984 5007 summam

398 5052 784 5101 sexcentorum
842 5045 1076 5099 millium
1135 5045 1444 5112 cﬂicicbat,
1510 5046 1711 5100 additis
1763 5045 1831 5099 ad
1883 5044 1987 5101 tria

398 5136 570 5192 millia
623 5137 938 5208 quingentis
989 5137 1421 5207 quinquaginta,
1473 5140 1720 5209 sejuncta
1766 5153 1834 5193 ex
1880 5138 1987 5195 hoc

397 5243 631 5283 numero
680 5238 843 5299 atque
889 5239 1144 5300 exempta
1191 5244 1403 5284 summa
1448 5230 1617 5285 sacris
1662 5230 1985 5286 ministeriis

398 5320 594 5378 dicatae
657 5320 889 5377 tribus:
944 5336 1211 5377 numerus
1266 5330 1447 5376 autem
1501 5332 1619 5376 erat
1671 5322 1991 5392 aptissimus

396 5427 594 5485 pugnae
624 5429 735 5469 non
766 5415 939 5485 major
963 5413 1364 5484 quam'milleni
1398 5429 1495 5485 per
1521 5413 1761 5485 singulas
1789 5414 1985 5469 tribus.

399 5503 601 5575 Spoliis
642 5506 809 5579 igitur
854 5508 912 5563 in
956 5523 1144 5578 aequas
1184 5508 1465 5580 portiones
1489 5507 1824 5573 distributis,
1858 5524 1986 5563 cum

397 5594 669 5651 universa:
704 5601 899 5669 praeda:
943 5601 1171 5657 dimidia
1219 5616 1347 5672 pars
1381 5600 1604 5671 utrique
1644 5599 1985 5656 multitudini

2094 4603 2182 4641 ται
2212 4585 2292 4656 τῷ
2325 4585 2549 4658 μαχίμῳ
2578 4587 2639 4640 τὸ
2660 4586 2923 4659 ἠρεμοῦν.
3330 4636 3344 4649 ,

2157 4680 2323 4734 ΚΥΡ.
2355 4680 2471 4734 Ούκ
2504 4678 2593 4750 ἴση
2624 4679 2724 4750 μὲν
2752 4675 2867 4744 οὖν,
2907 4680 3107 4735 πολλοῦ
3137 4697 3203 4751 γε
3230 4680 3328 4736 καὶ
3355 4680 3457 4746 δεῖ,
3490 4678 3596 4734 κᾶν
3632 4681 3687 4735 εί

2089 4770 2189 4843 τὴν
2246 4770 2340 4825 τοῦ
2393 4770 2595 4835 παντὸς
2629 4770 2885 4841 ἡμίσειαν
2940 4771 3039 4844 ἔχῃ
3088 4772 3150 4826 τὸ
3194 4771 3453 4843 μάχιμον,
3491 4772 3595 4843 τὴν
3625 4772 3687 4826 δὲ

2090 4862 2282 4933 ἑτέραν
2303 4862 2558 4934 ἡμίσειαν
2586 4862 2618 4934 ὴ
2653 4863 2802 4916 πᾶσα
2835 4865 3121 4935 συναγωγή
3140 4881 3155 4895 ’
3186 4862 3407 4934 σύμπας
3440 4864 3542 4934 μὲν
3568 4863 3683 4935 γὰρ

2089 4951 2198 5007 τῶν
2236 4952 2295 5018 ἐξ
2353 4953 2571 5025 Ἰσραὴλ
2606 4954 2634 5006 6
2667 4953 2899 5025 ἀριθμὸς
2945 4957 3026 5018 είς
3074 4956 3364 5022 ἑξακοσίας
3420 4955 3680 5026 χιλιάδας

2088 5040 2180 5117 ἦν,
2212 5046 2308 5099 καὶ
2340 5046 2733 5110 πεντακοσίους
2762 5047 3102 5118 πεντήκοντα
3142 5049 3279 5119 πρὸς
3317 5049 3678 5121 τρισχιλίους.

2088 5138 2191 5191 ἁνά
2222 5136 2389 5208 μέρος
2411 5135 2578 5208 οὔσης
2611 5137 2706 5190 καὶ
2738 5136 3086 5211 ἐξῃρημένης
3127 5138 3222 5194 τοῦ
3249 5140 3553 5209 καταλόγου
3579 5141 3684 5210 τῆς

2090 5228 2476 5299 ἱερατευούσης
2508 5229 2700 5300 φυλῆς.
2734 5230 2951 5301 Πληθὺς
2977 5230 3035 5284 δὲ
3068 5227 3136 5302 ἦν
3165 5233 3551 5303 μαχιμωτάτη,
3590 5233 3682 5302 χί-

2084 5321 2190 5375 λιοι
2235 5321 2375 5376 κατά
2419 5321 2614 5393 φυλήν.
2676 5323 2768 5377 Ἔν
2819 5324 2920 5395 ἴσῳ
2970 5324 3035 5396 δὴ
3077 5321 3170 5379 οὖν
3208 5324 3680 5396 διαμοιρηθέντων

2083 5413 2193 5466 τῶν
2228 5412 2460 5475 σκύλων,
2493 5414 2588 5467 καὶ
2612 5414 2711 5486 τὴν
2736 5414 2831 5469 τοῦ
2877 5417 3076 5479 παντὸς
3107 5415 3364 5488 ἡμίσειαν
3404 5417 3679 5487 ἑκατέρας

2083 5505 2356 5578 λαχούσης
2393 5505 2653 5576 πληθύος,
2685 5510 2743 5562 ὲν
2781 5508 2962 5580 πολλῷ
2996 5509 3203 5563 πλείονι
3233 5512 3345 5574 τοῖς
3368 5510 3673 5570 ἐλάττοσιν,

2082 5602 2139 5654 αἱ
2176 5600 2359 5671 τιμαὶ,
2388 5601 2481 5654 καὶ
2514 5600 2636 5671 οὐχὶ⁸
2655 5602 2771 5664 τοῖς
2792 5600 3004 5669 πλείοσι
3036 5602 3131 5659 καὶ
3161 5602 3586 5675 ύπερκειμένοις
3613 5599 3687 5684 ὲν.

468 5782 490 5813 ⁸
516 5780 686 5839 Hebr.
722 5797 797 5849 χι,
834 5783 924 5838 '59.
1002 5785 1066 5840 ⁸1
1090 5783 1217 5840 Cor.
1242 5800 1315 5852 iv,
1353 5784 1405 5840 8.
1483 5786 1504 5819 "
1529 5787 1673 5842 Psal.
1711 5803 1859 5855 cxru,
1907 5787 1992 5856 12,
2023 5789 2108 5844 l5.
2189 5792 2211 5827 ⁸
2250 5791 2353 5847 lsa.
2398 5807 2508 5859 Llll,
2552 5793 2640 5847 ιε.
