3954 6200
410 253 531 309 .539

1420 255 1476 308 S.
1517 252 1792 310 CYlllLLI
1828 253 2297 310 ALEXANDRINI
2337 254 2655 315 ARCHIEP.

3569 252 3671 310 540

423 394 512 434 res
544 377 625 432 illi
653 377 812 449 longe
841 376 996 446 plura
1035 374 1238 430 debent
1275 393 1286 427 :
1324 390 1434 444 quo
1467 375 1529 430 ﬁt
1575 384 1635 431 ut
1666 377 1823 446 plura
1858 391 1975 445 quo

2103 377 2255 448 παρὰ
2284 378 2411 442 τοὺς
2442 379 2870 452 ἐξειλεγμένους,
2899 379 2948 433 oi
2969 377 3044 449 μὴ
3076 376 3197 431 κατ’
3226 375 3444 442 αὐτοὺς,
3467 376 3565 448 οὐχ
3599 378 3674 442 ὡς

418 483 526 539 que
554 469 663 523 sint
691 460 939 522 numero
971 482 1091 536 qua;
1124 466 1193 520 ab
1227 467 1334 521 illis
1363 466 1699 534 offeruntur;
1729 467 1998 537 siquidem

417 577 519 631 pro
559 562 824 631 cujusque
859 557 1192 615 offensarum
1232 558 1443 612 ratione
1478 557 1619 611 dona
1647 573 1867 627 quoque
1897 572 1999 627 pro

415 652 610 706 iisdem
637 651 976 705 oll‘eruntur:
1005 670 1022 702 ι
1053 650 1154 706 Cui
1183 651 1329 705 enim
1360 651 1482 720 plus
1509 651 1826 715 dimittitur,
1864 670 1881 701 ι
1909 651 1996 705 in-

413 743 554 812 quit,
593 763 610 795 ι
644 744 767 813 plus
796 743 1017 815 diliget;
1047 753 1104 799 et
1125 744 1217 798 cui
1246 744 1428 801 minus
1454 744 1774 809 dimittitur,
1808 745 1992 800 minus

412 836 602 907 diliget
640 837 703 895 ι’.
751 857 770 889 ι
841 839 999 907 129
1046 839 1243 893 Decem
1307 839 1473 910 igitur
1531 838 1779 908 partibus
1832 839 1986 908 plura

411 943 577 996 quam
612 928 690 982 illi
729 929 915 986 selecti
949 930 1189 984 offerunt
1233 931 1271 985 ii
1325 930 1419 1000 qui
1447 930 1671 985 minime
1713 937 1843 984 sunt
1883 927 1992 983 illis

408 1019 615 1075 virtute
645 1037 841 1092 pares:
873 1038 984 1076 non
1012 1023 1159 1092 quod
1178 1022 1545 1093 religiosiores
1578 1022 1708 1086 sint,
1740 1018 1991 1075 laudabi-

408 1110 625 1183 liusque
668 1115 874 1181 vivant,
912 1114 1007 1170 sed
1055 1115 1202 1185 quod
1254 1114 1427 1169 multo
1473 1113 1724 1184 pluribus
1775 1111 1990 1165 delictis

2102 469 2481 542 εὐλαϐέστεροι
2541 473 2633 525 καὶ
2688 471 2887 537 ζῶντες
2935 468 3376 541 ἐπιεικέστερον,
3435 467 3550 521 ἀλλ’
3598 468 3674 533 ὡς

2101 560 2281 631 πολλῷ
2311 561 2553 615 πλείοσιν
2576 562 2885 633 ὲνεχόμενοι
2905 560 3229 631 πταίσμασι,
3252 560 3348 614 καὶ
3365 558 3675 613 πολλαπλα-

2101 650 2275 714 σίονος
2297 651 2601 719 ἀναγκαίας
2627 652 2872 723 δεόμενοι
2904 651 2998 707 τοῦ
3040 648 3408 721 καθαρισμοῦ.
3445 650 3535 713 Ὠς
3564 649 3674 721 γὰρ

2097 741 2317 811 εἴρηκεν
2342 744 2371 795 ό
2407 744 2633 815 Σωτήρο
2672 763 2691 796 ι
2740 745 2798 798 '0
2835 743 3155 814 λελουμένος
3210 744 3272 796 οὐ
3311 740 3501 813 χρείαν
3537 741 3672 811 ἔχει,

2095 835 2144 886 εί
2174 832 2249 905 μὴ
2272 833 2399 898 τοὺς
2423 836 2589 899 πόδας
2614 836 2892 907 νίψασθαι,
2925 836 3041 891 ἀλλ’
3070 835 3186 889 ἐστι
3205 834 3445 905 καθαρὸς
3474 833 3611 899 ὅλος.
3646 852 3667 885 ι

2097 925 2478 999 Σμικροτάτης
2510 927 2569 981 δὲ
2612 929 2806 1001 κομιδῇ
2832 932 2946 993 τοῖς
2990 928 3168 997 ἁγίοις
3202 925 3525 997 καθάρσεως
3560 924 3668 981 δεῖ⁶

2096 1016 2243 1069 νοσεῖ
2267 1017 2376 1089 γὰρ
2416 1019 2449 1090 ἡ
2482 1018 2663 1089 φύσις,
2704 1022 2765 1075 τὸ
2806 1020 2881 1093 μὴ
2912 1019 3173 1075 δύνασθαι
3202 1016 3485 1079 παντελῶς
3517 1017 3675 1088 ἀμοι-

2097 1112 2211 1181 ρεῖν
2250 1112 2542 1183 ἁμαρτίας.

409 1211 633 1266 obnoxii
668 1219 978 1277 teneantur,
1027 1210 1246 1280 illisque
1289 1209 1449 1280 longe
1500 1208 1707 1279 majore
1732 1205 2056 1277 purgatione
2094 1204 2167 1271 sit
2202 1220 2359 1276 opus.
2409 1207 2481 1262 lit
2525 1208 2673 1264 enim
2721 1209 2799 1265 ait
2836 1208 3085 1264 Salvator
3119 1225 3132 1261 :
3172 1226 3190 1258 ι
3228 1206 3333 1274 Qui
3385 1206 3531 1261 lotus
3564 1210 3669 1268 est,

408 1320 520 1359 non
562 1304 770 1375 indiget
811 1304 919 1359 nisi
966 1311 1027 1359 ut
1068 1304 1236 1375 pedes
1273 1303 1451 1367 lavet;
1491 1302 1587 1356 sed
1626 1308 1711 1356 est
1744 1296 1983 1354 mundus
2019 1302 2169 1351 totus
2196 1298 2261 1353 ⁸³.
2295 1319 2312 1351 ι
2351 1301 2559 1373 Exigua
2619 1316 2784 1372 porro
2843 1301 3167 1371 purgatione
3195 1299 3397 1355 sanctis
3424 1297 3559 1354 viris
3586 1308 3674 1354 est

407 1414 582 1471 opus;
613 1398 825 1455 laborat
861 1399 1009 1453 enim
1041 1414 1108 1454 eo
1140 1399 1335 1454 morbo
1373 1395 1660 1452 hominum
1702 1400 1919 1456 natura,
1953 1395 2017 1444 ut
2048 1391 2257 1458 peccati
2288 1408 2486 1464 expers
2511 1410 2632 1451 esse
2658 1395 2881 1450 omnino
2911 1410 3021 1448 non
3055 1392 3247 1463 possit.

475 1490 675 1547 PALL.
718 1490 889 1545 Recte
923 1490 1025 1545 ais.

475 1582 634 1638 CYR.
676 1583 758 1637 Illi
794 1584 960 1653 igitur
1003 1599 1035 1638 e
1074 1582 1332 1637 tribubus
1376 1581 1504 1637 lecti
1538 1579 1645 1635 viri
1680 1575 1883 1634 divinis
1908 1574 1992 1628 le-

404 1674 566 1744 gibus
615 1674 894 1738 obsecuti,
941 1689 1067 1730 cum
1116 1681 1230 1729 tota
1275 1688 1543 1745 synagoga
1583 1669 1713 1726 belli
1750 1666 1992 1739 praedam

403 1763 592 1833 partiti
624 1771 771 1830 sunt,
803 1763 1217 1834 oblationesque
1258 1764 1370 1818 Deo
1402 1761 1744 1825 obtulerunt,
1776 1764 1838 1812 ut
1872 1756 1992 1826 lege

404 1854 765 1909 constitutum
792 1863 910 1910 erat
936 1874 947 1909 ε
982 1864 1037 1910 at
1070 1870 1200 1909 vero
1230 1854 1560 1910 selectorum
1583 1851 1772 1915 duces,
1804 1859 1866 1905 ut
1895 1847 1991 1919 qui

403 1946 578 2015 gloria
633 1961 796 2016 quam
835 1948 1018 2001 caeteri
1050 1954 1235 2002 essent
1271 1945 1618 2010 illustriores,
1654 1941 1814 1998 donis
1848 1956 1988 2011 quo-

386 2038 511 2106 que
563 2039 1039 2107 przestantioribus
1082 2042 1254 2095 Deum
1306 2048 1658 2095 venerantur.
1707 2035 1797 2091 Sic
1839 2034 1986 2090 enim

403 2129 600 2184 scribit
637 2146 830 2187 rursus
865 2149 877 2185 :
916 2151 935 2183 ι
971 2132 1038 2187 Et
1067 2140 1418 2187 accesserunt
1446 2132 1514 2186 ad
1545 2130 1764 2201 Moysen
1797 2142 1988 2181 onmes

401 2220 689 2274 constituti
748 2223 805 2275 in
868 2223 1152 2277 tribunatu
1210 2223 1519 2287 exercitus,
1580 2218 1872 2275 millenarii
1931 2224 1988 2271 et

401 2312 793 2378 centuriones,
849 2322 905 2369 et
964 2314 1224 2370 dixerunt
1276 2315 1344 2369 ad
1402 2316 1673 2386 Moysen:
1712 2313 1864 2369 Servi
1907 2310 1984 2366 tui

399 2410 732 2471 acceperunt
759 2420 1026 2459 summam
1052 2407 1300 2459 virorum
1339 2404 1666 2459 bellatorum
1713 2404 1808 2474 qui
1837 2402 1983 2472 apud

400 2506 504 2547 nos
531 2501 681 2559 sunt,
711 2502 769 2549 et
800 2511 912 2550 non
940 2496 1115 2550 defuit
1147 2495 1216 2550 ab
1249 2495 1357 2550 illis
1388 2512 1458 2551 ne
1487 2513 1631 2551 unus
1661 2496 1903 2566 quidem,
1926 2502 1983 2550 et

398 2585 704 2642 obtulimus
752 2586 957 2642 donum
1009 2588 1271 2654 Domino,
1323 2589 1409 2642 vir
1463 2589 1558 2659 qui
1631 2588 1842 2643 invenit
1886 2604 1982 2643 vas

398 2691 650 2743 aureum,
681 2686 737 2732 et
761 2681 1103 2735 murenulam
1133 2689 1189 2736 et
1218 2680 1506 2746 armillam,
1539 2690 1595 2737 et
1624 2681 1890 2746 dextrale,
1924 2689 1981 2735 et

397 2777 670 2838 torquem,
721 2778 782 2824 ut
827 2771 899 2826 sit
941 2772 1258 2841 propitiatio
1293 2788 1395 2842 pro
1440 2773 1601 2829 nobis
1641 2789 1827 2829 coram
1868 2773 1978 2828 Do-

394 2860 566 2915 mino.
596 2862 665 2915 Et
693 2863 906 2933 accepit
933 2864 1142 2935 Moyses
1166 2872 1222 2919 et
1248 2865 1472 2919 Eleazar
1499 2865 1755 2920 sacerdos
1780 2880 1976 2919 aurum

395 2952 466 3007 ab
500 2952 630 3018 illis,
663 2969 826 3011 omne
870 2971 967 3011 vas
1015 2957 1378 3022 elaboratum,
1421 2966 1477 3013 et
1521 2956 1627 3011 fuit
1674 2944 1847 3011 omue'
1874 2971 1977 3011 au-

392 3058 518 3097 rum
579 3045 884 3116 segregatio
927 3062 1090 3115 quam
1139 3056 1563 3119 segregaverunt
1595 3045 1847 3111 Domino,
1882 3061 1977 3101 sex

394 3141 453 3188 et
482 3133 671 3190 decem
710 3136 879 3193 millia
900 3148 957 3193 et
982 3138 1309 3209 septingenti
1346 3137 1742 3209 quinquaginta
1772 3136 1914 3202 sicli,
1945 3150 1977 3190 a

395 3226 635 3284 tribunis
659 3236 715 3283 et
743 3246 773 3284 a
800 3230 1217 3286 centurionibus
1249 3249 1261 3284 :
1294 3239 1350 3286 et
1377 3232 1483 3285 viri
1514 3231 1808 3286 bellatores
1833 3245 1976 3300 prte-

393 3317 508 3373 dati
543 3327 672 3374 sunt
704 3320 937 3390 quilibet
978 3320 1103 3376 sibi.
1144 3322 1212 3376 Et
1243 3322 1455 3392 accepit
1487 3321 1698 3394 Moyses
1731 3331 1786 3377 et
1809 3321 1974 3377 Elea-

390 3426 485 3466 zar
511 3412 768 3466 sacerdos
800 3428 993 3467 aurum
1036 3428 1068 3467 a
1106 3413 1346 3470 tribunis
1376 3422 1432 3470 et
1463 3430 1494 3468 a
1534 3412 1969 3477 centurionibus,

390 3509 447 3555 et
474 3502 781 3559 intulerunt
805 3520 867 3559 ea
897 3505 952 3559 in
983 3506 1401 3561 tabernaculum
1430 3505 1730 3561 testimonii
1759 3520 1970 3559 memo-

386 3593 523 3647 riale
575 3593 813 3648 ﬁliorum
872 3595 1036 3649 Israel
1099 3611 1281 3650 coram
1340 3596 1572 3651 Domino
1603 3596 1666 3649 “.
1714 3614 1733 3647 ι
1798 3594 1972 3650 Audis

386 3701 552 3755 quam
583 3685 874 3756 diligenter
907 3686 984 3741 ait
1012 3688 1312 3742 recensitos
1345 3703 1466 3743 esse
1505 3694 1856 3758 pugnatores,
1893 3686 1989 3741 ita-

384 3786 450 3832 ut
485 3792 649 3833 nemo
684 3778 943 3844 abfuerit,
987 3778 1122 3848 quin
1158 3778 1384 3845 donum,
1417 3786 1479 3834 ut
1515 3780 1627 3834 Deo
1666 3779 1966 3848 placuerat,

382 3870 652 3925 afferret?
686 3871 755 3926 Se
778 3886 1009 3951 quoque
1041 3869 1394 3926 constituisse
1447 3870 1703 3940 inquiunt
1767 3869 1967 3923 offerre

381 3962 615 4019 Domino
639 3963 804 4019 etiam
834 3980 956 4035 quas
984 3966 1096 4032 ille,
1127 3973 1186 4019 ut
1213 3963 1566 4026 offerrentur,
1594 3961 1820 4016 minime
1852 3962 1970 4032 jus?

379 4055 562 4122 sisset,
599 4057 965 4124 murenulam,
1002 4057 1248 4128 inquam,
1280 4063 1336 4110 et
1366 4053 1657 4119 armillam,
1690 4060 1746 4109 et
1784 4068 1963 4108 annu-

377 4150 516 4214 lum,
553 4158 610 4204 et
641 4158 964 4205 ornamenta
992 4157 1188 4204 (uetera
1220 4164 1285 4203 ex
1315 4162 1451 4202 auro
1481 4145 1799 4202 fabrefacta.
1832 4144 1959 4201 Jusr
1994 4181 2038 4236 υ

377 4246 527 4294 serat
573 4237 721 4293 enim
761 4239 1039 4310 legislator
1088 4247 1149 4293 ut
1191 4239 1259 4293 ab
1296 4236 1616 4293 hominibus
1642 4245 1699 4292 et
1730 4252 1761 4290 a
1788 4251 1955 4306 peco-

374 4331 533 4386 ribus
572 4329 716 4385 dona
764 4330 1029 4402 legerent,
1069 4331 1226 4400 13o
1274 4345 1448 4400 eaque
1477 4329 1611 4399 jam,
1658 4337 1722 4384 ut
1768 4327 1957 4382 divino

374 4422 696 4492 caelestique
739 4430 1013 4493 praecepto
1045 4423 1258 4493 jussum
1299 4419 1495 4484 fuerat,
1525 4419 1710 4473 oblata
1746 4425 1907 4473 erant
1938 4436 1952 4471 :

373 4515 471 4570 sed
501 4530 566 4570 ex
595 4515 663 4569 iis
691 4523 954 4584 prasterea
981 4528 1103 4583 quae
1139 4528 1203 4566 ex
1243 4511 1425 4581 praeda
1478 4511 1750 4581 praecipua
1781 4509 1955 4565 habe—-

374 4604 526 4669 bant,
575 4603 883 4659 voluntaria
929 4601 1073 4656 dona
1119 4600 1361 4655 oll'erunt
1403 4603 1672 4655 lectorum
1716 4596 1953 4652 militum

372 4696 563 4761 duces,
592 4692 1083 4765 praescriptumque
1112 4690 1246 4762 legis
1275 4691 1569 4746 terminum
1601 4688 1953 4761 magnificene

371 4788 447 4842 tia
486 4787 734 4842 vincunt.
778 4785 967 4855 itaque
1012 4797 1138 4836 cum
1186 4782 1526 4852 accepissent
1561 4798 1624 4837 ea
1662 4781 1873 4854 Moyses
1896 4790 1953 4836 et

368 4880 575 4940 Aaron,
606 4875 913 4935 intulerunt
939 4872 994 4928 in
1023 4881 1270 4928 sanctum
1310 4874 1745 4939 tabernaculum,
1775 4888 1951 4944 eaque

372 4967 656 5022 recondita
685 4976 746 5024 ut
769 4973 1127 5023 monumenta
1161 4973 1347 5020 essent
1373 4972 1500 5021 ante
1532 4964 1821 5020 Dominum
1852 4978 1952 5018 cu-

2017 1487 2062 1542 B
2166 1483 2372 1539 ΠΑΛΛ.
2400 1481 2471 1540 Εὖ
2502 1485 2704 1556 λέγεις.

2167 1577 2331 1634 ΚΥΡ.
2365 1580 2428 1633 Οί
2458 1580 2557 1651 μὲν
2579 1576 2672 1635 οὖν
2701 1581 2988 1636 ἀπόλεκτοι
3015 1578 3129 1634 τῶν
3157 1577 3340 1648 φυλῶν
3363 1579 3475 1640 τοῖς
3505 1575 3672 1639 θείοις

2095 1667 2333 1733 εἴκοντες
2376 1670 2583 1742 νόμοις,
2632 1673 3047 1745 διεμοιρήσαντο
3093 1672 3163 1726 τὰ
3192 1672 3257 1724 ὲκ
3292 1670 3386 1723 τοῦ
3431 1668 3670 1740 πολέμου

2096 1761 2235 1834 πρὸς
2273 1763 2455 1818 πᾶσαν
2486 1765 2586 1836 τὴν
2637 1764 2981 1837 συναγωγὴν,
3018 1766 3112 1819 καὶ
3156 1763 3567 1836 προσαγηόχασι
3597 1761 3669 1816 τὰ

2092 1855 2239 1928 δῶρα
2267 1858 2458 1930 Κυρίῳ
2496 1858 2640 1912 κατὰ
2665 1859 2762 1932 τὴν
2805 1860 2900 1914 τοῦ
2937 1862 3104 1931 νόμου
3141 1856 3426 1922 σύνταξιν·
3468 1854 3673 1926 ἀναθή-

2095 1966 2229 2019 μασι
2257 1949 2314 2002 δὲ
2346 1953 2461 2014 τοῖς
2479 1952 2939 2024 εὐπρεπεστέροις
2969 1947 3433 2023 καταγεραίρουσι
3463 1946 3595 2001 Θεὸν
3616 1947 3669 2000 οἱ

2089 2040 2198 2094 τῶν
2244 2040 2557 2095 ἀπολέκτων
2612 2042 2929 2113 ἡγούμενοι,
2976 2042 3053 2106 ὠς
3107 2043 3202 2095 καὶ
3254 2037 3669 2111 ἐμφανεστέραν

2089 2129 2303 2201 ἔχοντες
2340 2131 2374 2203 ἢ
2427 2131 2547 2186 κατ’
2600 2133 2797 2196 αὐτοὺς
2834 2132 2933 2204 τήν
2969 2132 3147 2198 δόξαν.
3184 2130 3391 2203 Γράφει
3423 2128 3531 2199 γὰρ
3560 2120 3667 2181 ὧδε

2088 2219 2251 2274 πάλιν
2273 2238 2286 2255 ο
2321 2238 2340 2272 ι
2382 2221 2493 2275 Καὶ
2534 2221 2840 2293 προσῆλθον
2859 2224 3031 2293 Μωσῇ
3065 2220 3266 2284 πάντες
3301 2221 3352 2273 οἱ
3397 2219 3668 2273 καθεστα-

2089 2312 2240 2380 μένοι
2265 2312 2343 2377 είς
2373 2311 2472 2376 τὰς
2494 2312 2806 2384 χιλιαρχίας
2825 2315 2923 2385 τῆς
2952 2314 3255 2385 δυνάμεως,
3278 2312 3546 2384 χιλίαρχοι
3566 2312 3666 2364 καὶ

2086 2404 2494 2476 ἑκατόνταρχοι,
2523 2407 2618 2460 καὶ
2642 2402 2803 2461 εἶπαν
2828 2406 2963 2479 πρὸς
2994 2408 3199 2479 Μωσῆν
3222 2424 3236 2437 ο
3259 2408 3321 2460 Οἱ
3354 2405 3540 2470 παῖδές
3564 2421 3662 2459 σου

2085 2494 2341 2565 εἰλήφασι
2366 2497 2426 2549 τὸ
2453 2496 2748 2567 κεφάλαιον
2786 2496 2896 2550 τῶν
2932 2496 3141 2569 ἀνδρῶν
3170 2496 3276 2551 τῶν
3320 2493 3664 2565 πολεμιστῶν

2083 2586 2193 2639 τῶν
2217 2587 2349 2659 παρ’
2383 2590 2539 2658 ἡμῖν,
2572 2590 2666 2642 καὶ
2697 2589 2758 2642 οὐ
2778 2588 3194 2661 διαπεφώνηκεν
3215 2587 3308 2643 ἀπ’
3328 2587 3508 2642 αὐτῶν
3534 2585 3662 2640 οὐδὲ

2082 2672 2183 2742 εἷς,
2219 2677 2316 2732 καὶ
2365 2680 2843 2752 προσενηνόχαμεν
2874 2682 2937 2733 τὸ
2964 2680 3138 2752 δῶρον
3170 2679 3383 2752 Κυρίῳ,
3432 2677 3570 2749 ἀνὴρ
3595 2677 3659 2741 ὃς

2082 2763 2208 2841 εὗρε
2249 2769 2444 2834 σκεῦος
2480 2771 2738 2842 χρυσοῦν,
2765 2772 2861 2827 καὶ
2892 2771 3144 2843 χλιδῶνα,
3184 2770 3280 2824 καὶ
3302 2769 3537 2840 ψέλλιον,
3562 2768 3661 2822 καὶ

2079 2862 2390 2927 δακτύλιον,
2411 2864 2507 2917 καὶ
2521 2863 2845 2935 περιδέξιον,
2871 2865 2968 2918 καὶ
2985 2863 3279 2935 ὲμπλόκιον
3301 2860 3660 2929 ἐξιλάσασθαι

2080 2955 2211 3026 περὶ
2240 2955 2398 3027 ἡμῶν
2449 2956 2632 3010 ἔναντι
2688 2957 2914 3029 Κυρίου.
2960 2958 3071 3011 Καὶ
3122 2956 3281 3010 ἔλαϐε
3324 2955 3532 3027 Μωσῆς
3562 2955 3660 3008 καὶ

2073 3046 2355 3119 ’Ἐλεάζαρ
2386 3049 2414 3101 ὁ
2445 3049 2622 3120 ἱερεὺς
2641 3048 2701 3101 τὸ
2731 3049 2949 3119 χρυσίον
2975 3050 3107 3120 παρ’
3127 3048 3306 3102 αὐτῶν
3330 3049 3435 3103 πᾶν
3461 3045 3659 3110 σκεῦος

2077 3140 2469 3213 είργασμὲνοντ
2508 3142 2598 3196 καὶ
2634 3142 2849 3211 ἐγένετο
2889 3144 2996 3195 πᾶν
3026 3142 3088 3194 τὸ
3118 3141 3342 3213 χρυσίον
3384 3140 3446 3194 τὺ
3488 3137 3658 3208 ἀφαί-

2082 3249 2221 3303 ρεμα
2253 3234 2281 3286 ὃ
2302 3233 2521 3303 ἀφεῖλον
2547 3234 2735 3305 Κυρίῳ
2758 3233 3052 3288 ἑκκαίδεκα
3087 3232 3320 3304 χιλιάδες
3349 3232 3442 3286 καὶ
3481 3233 3658 3284 ἑπτα-

2075 3324 2246 3378 κόσιοι
2284 3326 2378 3379 καὶ
2409 3327 2745 3397 πεντήκοντα
2792 3326 2965 3380 σίκλοι
3011 3324 3163 3395 παρὰ
3203 3324 3310 3377 τῶν
3358 3322 3661 3395 χιλιάρχων

2076 3416 2171 3469 καὶ
2211 3415 2360 3487 παρά
2386 3417 2495 3469 τῶν
2526 3418 2959 3489 ἑκατοντάρχων,
2991 3419 3086 3473 καὶ¹
3110 3419 3161 3470 οἱ
3189 3406 3381 3487 ἄνδρες
3412 3414 3463 3468 οἱ
3490 3413 3655 3468 πολε-

2076 3512 2269 3580 μισταὶ
2298 3510 2707 3579 ἑπρονόμευσαν
2727 3510 2957 3575 ἕκαστος
2992 3508 3159 3580 αὐτῷ.
3192 3509 3302 3563 Καὶ
3331 3505 3490 3561 ἔλασε
3517 3508 3658 3560 Μω-

2075 3600 2171 3670 σῆς
2217 3601 2311 3654 καὶ
2360 3600 2624 3673 Ἐλεάζαρ
2670 3602 2698 3654 ό
2750 3597 2931 3671 ἱερεὺς
2977 3600 3037 3653 τὸ
3071 3600 3293 3671 χρυσίον
3352 3597 3504 3668 παρὰ
3538 3598 3656 3651 τῶν

2071 3690 2363 3762 χιλιάρχων
2420 3690 2511 3743 καὶ
2549 3690 2980 3762 ἑκατοντάρχων,
3013 3691 3106 3744 καὶ
3147 3691 3465 3761 εἰσήνεγκεν
3510 3688 3657 3742 αὐτὰ

2070 3784 2150 3846 είς
2178 3781 2275 3853 τὴν
2310 3780 2515 3853 σκηνὴν
2540 3780 2634 3834 τοῦ
2682 3780 2982 3852 μαρτυρίου
3015 3780 3358 3851 μνημόσυνον
3377 3778 3487 3831 τῶν
3514 3776 3654 3830 υἱῶν

2082 3871 2316 3943 Ἰσραὴλ,
2346 3871 2527 3925 ἔναντι
2548 3871 2778 3942 Κυρίου.
2814 3890 2834 3923 ι
2884 3869 3126 3934 Ἀκούεις
3143 3870 3290 3933 ὅπως
3317 3867 3519 3938 ἀκριϐῆ
3548 3867 3653 3937 μὲν

2068 3963 2324 4031 γενέσθαι
2347 3964 2481 4033 φησὶ
2513 3962 2621 4016 τῶν
2654 3961 3057 4033 μεμαχημένων
3077 3960 3168 4014 τὸν
3200 3960 3545 4031 ἐκλογισμὸν,
3572 3960 3653 4023 ὼς

2068 4055 2359 4126 άπομεῖναι
2393 4055 2600 4127 μηδένα
2633 4055 2764 4125 παρ’
2788 4049 2849 4108 οὗ
2875 4053 2938 4107 τὸ
2964 4053 3137 4124 δῶρον
3177 4053 3239 4107 οὐ
3269 4051 3651 4125 προσκεκόμι-

2069 4162 2212 4210 σται,
2237 4146 2379 4199 κατά
2398 4161 2462 4214 γε
2494 4144 2556 4197 τὸ
2580 4146 2691 4208 τοῖς
2727 4142 2893 4207 θείοις
2929 4143 3161 4215 νεύμασι
3187 4141 3411 4207 δοκοῦν;
3440 4141 3651 4195 8566::-

2064 4238 2260 4308 λῆσθαι
2288 4237 2346 4290 δὲ
2371 4238 2465 4290 καὶ
2491 4236 2645 4291 αὐτοὶ
2672 4235 3041 4308 προσκομίσαι
3065 4235 3282 4304 λέγουσι
3305 4234 3514 4307 Κυρίῳ,
3547 4235 3652 4291 καὶ

2064 4330 2101 4384 ἃ
2138 4331 2213 4401 μὴ
2248 4329 2447 4401 χρῆναι
2478 4329 2775 4398 προσάγειν
2803 4326 3151 4382 δεδικαίωκεν
3175 4327 3357 4391 αὐτὸς,
3409 4326 3651 4397 χλιδῶνα

2065 4423 2159 4477 καὶ
2195 4420 2431 4492 ψέλλιον,
2477 4417 2571 4472 καὶ
2626 4416 2948 4489 περιδέξιον,
2993 4417 3088 4471 καὶ
3118 4419 3327 4489 ὅσαπερ
3350 4419 3409 4483 ὲν
3449 4419 3649 4490 κόσμῳ

2065 4512 2358 4582 πεποίηται
2406 4508 2611 4581 χρυσῷ.
2662 4508 3010 4580 Προστέταχε
3067 4509 3175 4581 γὰρ
3228 4511 3257 4562 ό
3314 4509 3642 4581 νομοθέτης,

2061 4604 2172 4659 ἀπὸ
2200 4604 2309 4657 τῶν
2333 4602 2636 4674 ἀνθρώπων
2666 4602 2761 4655 καὶ
2784 4601 2890 4655 ἀπὸ
2904 4600 3010 4655 τῶν
3033 4601 3248 4671 κτηνῶν
3271 4601 3543 4656 ποιεῖσθαι
3571 4603 3646 4657 τὰ

2060 4696 2229 4767 δῶρα’
2264 4696 2359 4749 καὶ
2395 4694 2458 4765 δὴ
2491 4687 2963 4765 προσκεκόμισται
3005 4694 3149 4747 κατὰ
3175 4694 3236 4748 τὸ
3269 4694 3411 4749 θεῖόν
3436 4712 3498 4748 τε
3541 4697 3646 4751 καὶ

2058 4789 2307 4852 οὐράνιον
2332 4787 2613 4857 σύνταγμα
2633 4802 2649 4817 ’
2679 4785 2982 4840 ἐθελούσιον
3009 4786 3067 4841 δὲ
3090 4785 3370 4841 ποιοῦνται
3395 4805 3645 4858 προσκο-

2062 4880 2219 4952 μιδὴν
2249 4878 2317 4933 τὰ
2350 4881 2406 4932 ἐν
2451 4877 2753 4948 κειμηλίοις
2785 4878 3037 4949 ἐξαίρετα
3062 4895 3076 4910 ’
3133 4880 3227 4932 καὶ
3281 4879 3474 4933 νικῶσι
3506 4884 3637 4944 ταῖς

2059 4970 2390 5041 φιλοτιμίαις
2436 4969 2531 5022 τοῦ
2580 4970 2748 5040 νόμου
2780 4969 2871 5023 τὸν
2919 4971 3043 5042 ὅρον
3076 4971 3123 5023 οἱ
3157 4970 3264 5023 τῶν
3306 4971 3640 5025 ἀπολέκτων

370 5065 662 5123 raverunt;
698 5058 794 5128 qui
828 5056 977 5113 enim
1007 5055 1226 5126 populis
1258 5055 1497 5126 praefecti
1532 5063 1682 5120 sunt,
1712 5063 1769 5110 et
1797 5057 1956 5126 prin-

2079 5063 2369 5134 ιγούμενοι.
2401 5062 2512 5116 Καὶ
2542 5062 2608 5132 δὴ
2638 5062 2896 5128 λαϐόντες
2920 5063 3126 5133 Μωσῆς
3158 5081 3215 5116 τε
3259 5065 3354 5118 καὶ
3393 5065 3637 5136 Ἂαρὼν,

371 5148 523 5221 cipes
565 5150 874 5215 constituti,
914 5148 1307 5207 illustrioribus
1348 5156 1511 5218 atque
1561 5148 1956 5220 insignioribus

2087 5154 2468 5225 ἰσκεκομίκασι
2501 5154 2597 5224 μὲν
2626 5154 2706 5217 είς
2729 5155 2828 5224 τὴν
2846 5154 3006 5223 ἁγίαν
3032 5156 3239 5226 σκηνήν
3262 5173 3277 5187 ·
3308 5155 3553 5209 ἀπόθετα
3576 5154 3640 5209 δὲ

372 5242 534 5298 donis
568 5242 742 5298 Deum
780 5242 1074 5305 honorant,
1110 5239 1543 5309 varietatemque
1587 5240 1809 5296 virtutis
1835 5243 1953 5297 vel-

370 5343 434 5389 ut
475 5344 860 5403 ornamentum
900 5333 1175 5404 quoddam
1226 5331 1307 5387 illi
1357 5329 1600 5386 oll'erunt
1641 5340 1806 5402 atque
1865 5333 1953 5388 di-

371 5438 498 5494 cant
529 5446 542 5482 :
579 5443 813 5498 cumque
851 5426 1028 5497 ipsum
1072 5425 1208 5496 legis
1244 5423 1467 5480 modum
1508 5424 1838 5490 transiliant,
1876 5425 1943 5480 il-

372 5517 684 5574 lustriorem
718 5518 935 5575 laudem
964 5524 1395 5588 consequuntur.

2052 5244 2328 5308 ποιοῦντες
2388 5244 2726 5315 μνημόσυνον
2768 5244 2948 5298 ἔναντι
2995 5246 3233 5316 Κυρίου’
3279 5246 3329 5299 οἱ
3380 5246 3493 5316 γάρ
3544 5263 3635 5300 τοι

2060 5334 2205 5388 λαῶν
2269 5331 2601 5405 ἡγούμενοι,
2662 5333 2757 5387 καὶ
2822 5335 2901 5397 είς
2953 5334 3219 5405 ἄρχοντας
3271 5335 3633 5406 τεταγμένοι,

2053 5427 2325 5496 λαμπροῖς
2386 5425 2503 5489 καὶ,
2548 5424 3008 5496 εὐπρεπεστέροις
3060 5426 3371 5498 ἀναθήμασι
3422 5427 3632 5497 τιμῶσι

2051 5515 2204 5581 θεὸν,
2259 5512 2462 5584 κόσμον
2505 5513 2693 5586 ὥσπερ
2720 5513 2843 5568 τινὰ
2875 5513 3244 5585 προσάγοντες
3295 5517 3390 5571 καὶ
3430 5519 3627 5572 ἀνατι-

450 5698 490 5729 ¹²
518 5698 651 5767 Luc.
684 5718 774 5765 vn,
803 5704 889 5757 47.
973 5703 1012 5735 ¹³
1051 5705 1208 5761 .loan.
1255 5721 1365 5773 xm,
1396 5705 1475 5763 l0.
1552 5703 1594 5739 “
1624 5707 1785 5768 Num.
1819 5725 1962 5771 xxxi.
1987 5707 2170 5768 «58-54.
