3954 6200
293 256 399 313 511

1032 255 1121 310 DE
1158 252 1602 311 ADORATIONE
1641 249 1708 307 IN
1749 247 2018 306 SPIRITU
2062 248 2150 303 ET
2189 248 2559 307 VERITATE.
2600 252 2730 307 LIB.
2771 255 2859 309 IV.

3463 255 3570 309 3-ίῖ

295 368 670 445 gemeam,
698 371 763 426 τὸ
810 371 1087 436 πολυειδὲς
1125 374 1183 426 ἐν
1227 372 1421 445 ἀρετῇ,
1463 370 1560 426 καὶ
1589 368 1754 424 οἱονεὶ⁹
1789 366 1886 422 καὶ¹
1922 364 2056 421 αὐτὸ
2085 365 2178 419 τοῦ
2209 366 2374 438 νόμου
2412 368 2474 422 τὸ
2539 370 2739 442 μέτρον
2778 370 3159 442 ὑπερθέοντες,
3224 372 3570 443 εὐδοκιμοῦσι

296 438 365 493 λα
373 441 583 513 μπρότε
589 438 704 512 ρον.

373 534 585 589 ΠΑΛΛ.
616 530 744 587 Οἷον
781 533 846 603 δὴ
862 533 915 588 τί
956 534 1092 606 φής;

375 625 543 681 ΚΥΡ.
570 627 696 690 Τοῖς
725 626 786 680 τὸ
810 626 1147 697 Εὑαγγέλιον
1179 626 1646 697 καταγγέλλουσιν
1693 625 1758 678 ἐκ
1786 623 1880 677 τοῦ

300 717 642 787 Εὑαγγελίου
669 717 770 790 ζῇν
791 718 1073 786 διετάξατο
1104 718 1362 791 Χριστὸς,
1387 718 1416 771 ὃ
1442 718 1508 790 δὴ
1539 717 1633 772 καὶ
1656 719 1721 770 ἐκ
1745 733 1893 787 νομι-

313 810 424 882 κῆς
446 810 665 881 ἐντολῆς
707 810 960 881 βεϐαιοῦν
994 811 1291 876 ἐσπούδαζε
1324 812 1554 882 γράφων
1593 812 1625 865 6
1656 809 1888 876 Παῦλος,

302 903 439 957 ποτέ
468 903 587 974 μὲν,
611 904 696 959 ὅτι
728 923 747 956 ι
780 906 840 958 Οἱ
864 902 1133 969 ἐσθίοντες
1152 903 1252 968 τὰς
1279 902 1471 967 θυσίας
1510 904 1759 957 κοινωνοὶ
1782 901 1890 955 τῶν

302 994 716 1066 θυσιαστηρίων
749 994 856 1049 είσί
883 1012 897 1026 ’
936 1014 954 1048 ι
1005 997 1139 1050 ποτὲ
1178 996 1236 1050 δὲ
1281 998 1465 1064 πάλιν,
1501 997 1578 1062 ὡς
1612 997 1671 1064 ἐξ
1716 998 1890 1065 ἀναγ-

304 1081 479 1135 καίων
534 1082 992 1155 παραδειγμάτων
1032 1084 1414 1140 ἀκαταιτίατον
1461 1085 1743 1149 παντελῶς
1786 1087 1891 1140 ἀπ-

306 1176 579 1241 εδείκνυε,
614 1176 824 1245 λέγων’
864 1196 883 1229 ι
923 1177 1019 1241 Τίς
1070 1178 1293 1248 φυτεύει
1347 1178 1666 1249 ἀμπελῶνα,
1698 1179 1792 1232 καὶ
1827 1178 1894 1231 ἐκ

302 1266 402 1320 τοῦ
454 1268 672 1339 καρποῦ
736 1267 903 1322 αὐτοῦ
953 1268 1053 1321 οὐκ
1105 1268 1311 1336 ἐσθίεις
1344 1267 1411 1321 Ἢ
1464 1267 1549 1332 τίς
1614 1267 1893 1339 ποιμαίνει

306 1359 568 1431 ποίμνην,
588 1359 683 1413 καὶ
704 1361 765 1413 ἐκ
785 1358 880 1413 τοῦ
905 1358 1175 1428 γάλακτος
1194 1360 1295 1431 τῆς
1316 1359 1551 1431 ποίμνης
1571 1358 1671 1413 οὐκ
1687 1358 1856 1419 ἐσθίει
1877 1374 1891 1424 ;

302 1449 401 1522 Μὴ
442 1449 584 1504 κατά
626 1450 914 1523 ἀνθρωπον
958 1451 1133 1505 ταῦτα
1175 1450 1362 1518 λαλῶ;
1400 1452 1472 1504 Ἢ
1505 1451 1625 1521 οὐχὶ
1673 1453 1701 1505 6
1730 1450 1894 1522 νόμος

302 1540 486 1595 ταῦτα
505 1542 691 1610 λέγει;
740 1542 827 1596 Ἑν
849 1543 960 1615 γάρ
992 1542 1069 1614 τῷ
1109 1543 1355 1606 Μωσέως
1377 1543 1527 1614 νόμῳ
1560 1542 1891 1613 γέγραπται,

309 1633 392 1686 Οὐ
427 1632 700 1704 φιμώσεις
732 1632 861 1703 βοῦν
902 1633 1167 1690 ἀλοῶντα.
1198 1633 1291 1704 Μὴ
1330 1634 1437 1688 τῶν
1465 1632 1603 1704 βοῶν
1637 1633 1788 1703 μέλει
1817 1633 1895 1705 τῷ

306 1723 462 1795 Θεῷ;
524 1724 557 1796 ἦ
601 1724 669 1777 δι’
723 1727 873 1796 ἡμᾶς
932 1726 1150 1790 πάντως
1211 1725 1396 1793 λέγεις
1446 1727 1524 1780 Δι’
1587 1728 1738 1797 ἡμᾶς
1785 1725 1895 1798 γὰρ

308 1813 551 1884 ἐγράφη,
582 1814 666 1867 ὅτι
693 1813 780 1867 ἐπ’
799 1813 975 1867 ἐλπίδι
997 1814 1201 1884 ὀφείλει
1239 1816 1267 1868 6
1313 1814 1585 1886 ἀροτριῶν
1612 1816 1892 1887 ἀροτριᾷν,

306 1906 408 1957 καὶ
436 1906 464 1957 6
497 1903 671 1958 ἀλοῶν
712 1905 800 1958 ἐπ’
834 1905 1009 1959 ἐλπίδι
1033 1904 1128 1960 τοῦ
1164 1905 1434 1976 μετέχειν.
1468 1924 1488 1958 ι
1519 1901 1657 1961 Εἶτα
1679 1906 1892 1970 τούτοις

306 2000 617 2069 ἐπήνεγκεν
665 1998 854 2063 εὐθύςο
889 2019 908 2052 ι
948 2000 1012 2052 El
1055 2000 1220 2069 ἡμεῖς
1258 1998 1388 2069 ὑμῖν
1423 1997 1492 2051 τὰ
1542 1998 1891 2070 πνευματικά

306 2091 671 2160 ἐσπείραμεν,
693 2090 859 2161 μέγα,
891 2092 940 2143 εἰ
956 2091 1119 2162 ἡμεῖς
1144 2090 1298 2161 ὑμῶν
1326 2089 1394 2145 τά
1418 2091 1658 2163 σαρκικὰ
1683 2090 1894 2164 θερίσο-

309 2199 453 2253 μεν;
480 2183 544 2236 Εἰ
565 2182 717 2237 ἄλλοι
740 2184 836 2255 τῆς
865 2182 1115 2249 ἐξουσίας
1132 2184 1287 2256 ὑμῶν
1316 2185 1657 2256 μετέχουσιν,
1677 2184 1735 2239 οὐ
1757 2188 1894 2257 μᾶλ-

305 2275 402 2329 λον
433 2277 632 2348 ήμεῖςς
678 2275 819 2329 Ἀλλ’
846 2276 946 2331 οῦκ
972 2277 1325 2349 ἐχρησάμεθα
1360 2281 1426 2349 τῇ
1456 2278 1673 2350 ἐξουσίᾳ
1694 2278 1891 2352 ταύτῃ,

305 2367 453 2421 ἀλλά
503 2369 684 2423 πάντα
723 2369 1011 2439 στέγομεν,
1046 2370 1135 2424 ἵνα
1176 2369 1253 2443 μὴ
1278 2370 1520 2442 ἐγκοπήν
1557 2387 1679 2424 τινα
1716 2371 1895 2442 δῶμεν

308 2459 388 2531 τῷ
425 2460 741 2532 Εὑαγγελίῳ
767 2460 864 2514 τοῦ
903 2461 1166 2533 Χριστοῦ.
1210 2481 1230 2516 ι
1263 2458 1397 2516 Εἶτα
1424 2461 1588 2516 πάλιν
1613 2463 1897 2534 ἐπιστηρί-

308 2552 395 2618 (at
431 2554 509 2625 (1)
533 2570 548 2582 ⁶
587 2574 605 2607 ι
643 2554 740 2616 Τίς
761 2550 857 2608 οὖν
893 2553 996 2625 μού
1027 2556 1177 2609 ἐστιν
1204 2557 1232 2609 6
1259 2554 1487 2626 μισθός;
1520 2555 1638 2609 Ἵνα
1665 2556 1897 2624 εὐαγγε-

307 2643 597 2715 λιζόμενος
630 2644 906 2699 ἀδάπανον
955 2644 1105 2717 θήσω
1136 2645 1197 2699 τὸ
1242 2645 1596 2715 Εὐαγγέλιον.
1651 2665 1670 2698 ι
1734 2646 1895 2718 Ὁρᾷς

306 2735 461 2799 ὅπως
493 2736 636 2808 ὑπὲρ
659 2737 720 2790 τὸ
738 2736 929 2791 δοκοῦν
949 2735 1026 2808 τῷ
1045 2737 1269 2809 Χριστῷ
1297 2739 1392 2791 καλ⁹
1424 2737 1502 2807 τῷ
1529 2738 1698 2793 πάλαι
1723 2737 1895 2809 νόμῳ,

308 2828 567 2893 ἐξουσίαν
621 2829 761 2901 ἔχων
795 2831 869 2884 ’ἐκ
919 2830 1015 2885 τοῦ
1066 2831 1401 2900 Εὑαγγελίου
1456 2828 1579 2902 ζῇν,
1625 2830 1898 2885 ἀδάπανον

308 2918 480 2974 ἐτίθει
509 2920 573 2973 τὸ
606 2922 964 2990 Εὑαγγέλιον,
997 2922 1169 2996 δῶρον
1216 2921 1404 2995 ὥσπερ
1446 2922 1691 2987 ἑκούσιον
1723 2924 1899 2977 ἀνατι-

307 3011 428 3076 θεὶς
458 3013 523 3066 τὸ
559 3014 749 3085 χρῆμα
792 3014 973 3085 αὑτῷς
1020 3014 1093 3068 Τὸ
1119 3014 1178 3068 δὲ
1217 3014 1281 3085 δὴ
1325 3014 1399 3085 μὴ
1437 3014 1637 3084 χρῆναι
1676 3016 1896 3084 γαμεῖν,

305 3103 440 3160 οὔτε
468 3106 498 3158 6
540 3105 776 3169 παλαιὸς
816 3107 1003 3178 νόμος,
1049 3104 1174 3159 οὔτε
1199 3106 1259 3160 τὸ
1289 3106 1408 3161 νέον
1446 3107 1579 3177 ἡμῖν
1611 3104 1900 3159 τεθέσπικε

1918 535 1964 592 Δ
2063 532 2258 588 PALL.
2302 530 2360 585 Id
2387 544 2533 586 vero
2555 530 2718 599 quale
2748 527 2968 584 tandem
2999 530 3116 584 est?

2062 622 2219 678 ΟΥΕ.
2253 621 2324 676 Iis
2358 621 2452 690 qui
2484 618 2837 689 Evangelium
2866 619 3274 685 annuntiarcnt,
3300 635 3365 675 ex
3389 620 3569 675 Evan-

1992 732 2136 803 gelio
2182 731 2370 787 vivere
2418 729 2703 786 constituit
2753 731 3007 787 Christus
3050 750 3063 785 :
3108 732 3163 786 id
3215 732 3394 802 ipsum
3438 733 3574 804 legis

1992 838 2211 894 quoque
2256 831 2531 894 praecepto
2574 821 2899 878 conﬁrmare
2939 823 3151 878 curavit
3184 824 3406 889 Paulus,
3445 840 3571 879 cum

1994 915 2251 986 scripsit,
2304 930 2453 970 nunc
2494 913 2717 985 quidem
2754 931 2813 966 ει
2857 914 2962 981 Qui
3012 914 3209 970 hostiis
3253 928 3572 984 vescuntur,

1993 1006 2129 1061 socii
2179 1020 2245 1060 ac
2293 1003 2589 1075 participes
2649 1012 2777 1058 sunt
2827 1003 3012 1058 altaris
3053 1005 3127 1070 ¹³;
3165 1024 3184 1057 ι
3243 1020 3393 1059 nunc
3441 1019 3575 1058 vero

1994 1112 2206 1161 rursus,
2241 1111 2366 1150 cum
2419 1095 2483 1151 id
2519 1094 2670 1150 omni
2720 1110 2947 1164 prorsus
3000 1110 3194 1150 vacare
3244 1096 3405 1166 culpa
3459 1105 3577 1150 tan—

1995 1204 2159 1259 quam
2194 1188 2523 1244 necessariis
2556 1186 2818 1257 exemplis
2843 1186 3103 1251 ostendit,
3131 1187 3357 1242 dicens:
3394 1206 3411 1237 ι
3439 1187 3577 1254 Quis

1981 1275 2207 1351 plantat
2253 1281 2492 1346 vineam,
2537 1289 2594 1334 et
2632 1279 2700 1335 de
2739 1278 2923 1335 fructu
2966 1279 3086 1349 ejus
3121 1294 3234 1333 non
3268 1278 3412 1333 edit?
3445 1278 3577 1345 Quis

1995 1370 2172 1439 pascit
2205 1386 2446 1441 gregem,
2475 1378 2532 1425 et
2577 1369 2645 1425 de
2688 1370 2831 1426 lacte
2877 1370 3055 1442 gregis
3092 1385 3205 1424 non
3247 1368 3584 1426 manducat?

1994 1462 2078 1516 An
2117 1461 2420 1520 secundum
2460 1460 2739 1517 hominem
2792 1463 2910 1517 haec
2964 1461 3128 1516 dico?
3172 1460 3440 1530 numquid
3469 1476 3579 1517 nox

1995 1552 2162 1607 etiam
2189 1552 2278 1607 lex
2301 1553 2407 1607 hoc
2428 1552 2598 1607 dicit?
2626 1554 2684 1607 In
2706 1553 2825 1624 lege
2852 1568 3090 1622 namque
3113 1552 3279 1623 Moysi
3311 1552 3579 1622 scriptum

1997 1651 2081 1699 est
2114 1662 2127 1697 :
2160 1645 2280 1699 Non
2320 1645 2567 1715 alligabis
2598 1661 2662 1700 os
2693 1646 2819 1701 bovi
2855 1646 3151 1700 trituranti.
3194 1645 3458 1714 Nunquid
3509 1645 3577 1699 de
3640 1706 3645 1711 η

1998 1734 2179 1789 bobus
2215 1750 2348 1789 cura
2390 1743 2473 1790 est
2510 1736 2659 1790 Deo?
2700 1752 2771 1790 an
2809 1742 3035 1805 propter
3072 1751 3175 1790 nos
3216 1734 3441 1790 omnino
3473 1734 3579 1789 hoc

1999 1823 2172 1880 dicit?
2209 1826 2441 1896 Propter
2480 1841 2583 1882 nos
2622 1825 2772 1880 enim
2813 1826 3077 1896 scriptum
3112 1833 3216 1891 est,
3256 1825 3383 1895 quia
3419 1824 3582 1880 debet

1999 1916 2056 1972 in
2087 1932 2207 1988 spe,
2238 1918 2333 1988 qui
2367 1927 2502 1984 arat,
2534 1934 2721 1984 arare;
2752 1924 2809 1972 et
2832 1918 2925 1988 qui
2958 1918 3199 1982 triturat,
3232 1916 3290 1971 in
3329 1932 3425 1987 spe
3453 1932 3581 1986 par-

2000 2008 2265 2078 ticipandi
2298 2012 2363 2063 ¹⁶.
2400 2030 2420 2062 ›
2462 2011 2559 2065 llis
2591 2010 2790 2065 deinde
2825 2009 3006 2074 dictis,
3048 2009 3237 2064 intulit
3275 2009 3537 2063 continuo
3566 2026 3579 2061 :

2008 2116 2028 2152 ι
2073 2097 2130 2153 Si
2172 2114 2280 2154 nos
2321 2100 2480 2155 vobis
2525 2100 2832 2170 spiritualia
2872 2100 3285 2167 seminavimus,
3324 2115 3583 2171 magnum

2000 2199 2104 2258 est,
2132 2191 2179 2246 si
2202 2207 2304 2247 nos
2328 2193 2573 2247 carnalia
2594 2201 2777 2248 vestra
2802 2194 3106 2249 metamus?
3134 2193 3191 2249 Si
3221 2193 3315 2248 alii
3346 2200 3586 2263 potesta-

2001 2281 2074 2337 tis
2109 2290 2308 2338 vestrae
2343 2284 2639 2354 participes
2683 2292 2832 2350 sunt,
2866 2299 3037 2354 quare
3081 2300 3190 2339 non
3231 2284 3416 2354 potius
3447 2285 3584 2339 nos?

2003 2372 2111 2429 Sed
2141 2390 2250 2429 non
2281 2374 2367 2428 usi
2396 2389 2587 2430 sumus
2612 2375 2716 2430 hac
2742 2383 3042 2446 potestate;
3076 2374 3173 2430 sed
3201 2376 3386 2430 omnia
3414 2376 3582 2431 susti-

2002 2478 2220 2528 nemus,
2257 2479 2330 2519 ne
2368 2463 2589 2534 aliquod
2632 2463 3085 2534 impedimentum
3116 2464 3312 2520 demus
3333 2465 3589 2537 Evange-

2001 2554 2078 2609 lio
2121 2554 2328 2610 Christi
2366 2557 2430 2610 ¹⁷.
2463 2576 2481 2609 ι
2534 2555 2742 2611 Deinde
2785 2556 2969 2612 denuo
3012 2556 3299 2613 conﬁrmat
3340 2574 3355 2611 :
3405 2576 3423 2608 ‹
3454 2556 3583 2622 Qua:

2004 2644 2171 2716 igitur
2196 2654 2282 2703 est
2310 2662 2522 2703 merces
2553 2650 2714 2703 mea?
2750 2649 2821 2706 Ut
2860 2649 3215 2720 Evangelium
3256 2648 3583 2719 prmdicans,

2006 2735 2123 2793 sine
2165 2746 2386 2809 sumptu
2426 2755 2625 2810 ponam
2666 2741 3025 2813 Evangelium
3049 2740 3112 2793 “.
3148 2759 3165 2791 ι
3210 2738 3378 2795 Vides
3418 2738 3587 2811 igitur

2005 2830 2489 2900 quemadmodum,
2547 2847 2714 2903 supra
2782 2849 2946 2903 quam
3002 2832 3255 2889 Christus
3298 2847 3363 2887 ac
3405 2832 3584 2902 prisca

2005 2920 2094 2976 lex
2144 2922 2513 2989 constituerit,
2561 2925 2813 2993 quamvis
2874 2924 3187 2979 facultatem
3239 2923 3470 2978 haberet
3519 2939 3587 2978 ex

2007 3013 2302 3087 Evangelio
2329 3015 2572 3081 vivendi,
2598 3018 2717 3072 sine
2742 3025 2962 3089 sumptu
2998 3025 3180 3071 tamen
3208 3025 3375 3086 ponat
3404 3015 3587 3070 Evan-

2007 3106 2240 3177 gelium;
2265 3107 2432 3176 idque
2469 3107 2675 3162 factum
2705 3109 2872 3163 veluti
2904 3108 3274 3164 voluntarium
3313 3105 3587 3176 quoddam

307 3199 605 3271 κήρυγμα.
642 3201 754 3253 Καὶ
792 3200 923 3268 γοῦν
951 3202 979 3254 6
1008 3198 1223 3263 Παῦλός
1269 3215 1402 3270 φησι
1423 3212 1438 3227 ⁸
1477 3203 1504 3252 ι’
1530 3199 1667 3270 Περὶ
1700 3198 1757 3252 δὲ
1788 3198 1898 3253 τῶν

2009 3198 2217 3252 donum
2265 3197 2346 3252 illi
2390 3199 2709 3253 consecret?
2746 3200 2823 3254 De
2872 3214 3043 3254 uxore
3084 3214 3303 3269 quoque
3340 3212 3452 3252 non
3488 3195 3591 3251 dli-

312 3289 605 3361 παρθένων
652 3292 922 3362 ἐπιταγὴν
945 3290 1153 3362 Κυρίου
1188 3291 1287 3343 οὐκ
1312 3289 1440 3360 ἔχω.
1482 3309 1501 3342 ι
1534 3289 1672 3342 Ἀλλ’
1704 3290 1754 3342 οἱ
1780 3290 1906 3357 σφό-

309 3384 419 3455 δρα
463 3384 710 3438 νεανικοὶ
756 3383 893 3456 πρὸς
932 3384 1249 3444 εὐσέϐειαν,
1297 3380 1762 3452 κατανεκροῦντες
1807 3380 1906 3451 τὴν

316 3474 523 3545 σάρκα,
553 3474 807 3546 λαμπρὸν
842 3474 1098 3545 ἀνάθημα
1145 3473 1481 3545 προσάγουσι
1519 3471 1597 3543 τῷ
1641 3472 1781 3542 Θεῷ,
1807 3471 1906 3540 τὴν

315 3564 459 3637 ὑπὲρ
489 3563 658 3634 νόμον
696 3564 1044 3636 ἐγκράτειαν,
1074 3564 1167 3618 καὶ
1195 3562 1387 3635 ὥσπερ
1418 3561 1541 3616 τινὰ
1569 3563 1774 3633 κόσμον
1815 3562 1907 3614 εὐ-

314 3656 527 3727 τέχνως
561 3656 925 3728 εἰργασμένον
960 3656 1058 3728 τὴν
1088 3656 1145 3722 ἐξ
1170 3655 1332 3726 ἔργου
1369 3671 1429 3707 τε
1464 3654 1559 3708 καὶ
1586 3654 1746 3722 λόγου
1783 3671 1909 3708 συν-

315 3747 647 3819 τεθειμένην
681 3748 911 3819 ἀρίστην
930 3746 1097 3818 ζωήν.
1126 3744 1496 3817 Εἰσεκόμισαν
1523 3744 1580 3798 δὲ
1607 3745 1815 3814 Μωσῆς
1847 3761 1909 3798 τε

317 3841 415 3894 καὶ
457 3839 674 3911 Ἀαρὼν
718 3843 798 3904 εἰς
834 3840 933 3912 τὴν
983 3838 1146 3906 ἁγίαν
1186 3837 1396 3909 σκηνὴν
1435 3835 1503 3889 τά
1544 3853 1911 3908 προσκεκομι-

318 3934 528 4005 σμένα’
572 3932 739 3988 δεκτά
769 3934 880 4004 γὰρ
918 3931 1159 4004 Χριστῷ,
1193 3931 1290 3984 καὶ
1335 3928 1564 3992 πλοῦτος
1595 3928 1819 4000 αῦχημά
1850 3945 1910 3982 τε

318 4028 602 4099 λαμπρὸν,
641 4029 711 4082 τὰ
736 4026 847 4080 τῶν
881 4025 1050 4095 ἁγίων
1094 4021 1587 4095 ἀνδραγαθήματα,
1620 4020 1689 4074 δι’
1710 4013 1785 4074 ὧν
1816 4022 1913 4075 καὶ

321 4122 573 4194 μακρὰν,
598 4120 801 4192 μᾶλλον
837 4120 893 4173 δὲ
917 4116 1274 4187 ἀτελεύτητον
1305 4114 1759 4185 ἀποκερδαίνουσι
1779 4116 1913 4187 μνή-

322 4233 458 4286 μην,
486 4214 585 4267 καὶ
617 4213 716 4282 τῆς
748 4212 899 4276 θείας
922 4210 1266 4280 ἐπισκέψεως
1289 4210 1475 4279 ἀξίους
1498 4210 1660 4272 ὄντας
1688 4209 1915 4272 ἑαυτοὺς

317 4304 695 4375 ἀποφαίνουσι
715 4318 731 4333 ’
760 4302 964 4381 τδχγάρ
992 4303 1173 4356 ἔναντι
1197 4300 1406 4373 Κυρίου
1424 4300 1701 4355 τεθεῖσθαι
1735 4300 1915 4368 λέγειν

318 4402 388 4461 τά
409 4399 773 4471 ἀναθήματα,
804 4396 1046 4451 τοιοῦτόν
1076 4413 1128 4449 τι
1162 4395 1332 4466 δηλοῖ.
1364 4394 1524 4462 Μέγα
1552 4393 1608 4446 δὲ
1642 4393 1737 4446 καὶ
1773 4393 1919 4460 ἐξαί-

320 4509 488 4564 ρετον
515 4490 580 4543 τὸ
608 4489 685 4553 ὡς
718 4491 777 4542 ἐν
827 4487 947 4557 ὕψει
989 4486 1202 4540 κεῖσθαι
1233 4484 1406 4540 Θεοῦο
1436 4487 1570 4557 τιμᾷ
1609 4483 1719 4556 γὰρ
1751 4485 1918 4558 ὑπερ-

319 4582 499 4652 φυῶς.
541 4579 637 4643 οὓς
667 4581 758 4633 καὶ
791 4580 994 4650 ἐφορᾷν
1024 4577 1189 4644 ἀξιοῖ.

2009 3290 2181 3347 cenda
2241 3305 2421 3359 neque
2469 3297 2630 3345 vetus
2670 3290 2759 3345 lex
2806 3290 3013 3360 aliquid
3062 3290 3243 3355 nobis,
3273 3306 3453 3360 neque
3499 3304 3589 3343 re—

2008 3398 2139 3437 cens
2187 3383 2469 3454 Evangelii
2523 3382 2842 3453 praedicatio
2892 3382 3091 3437 sanxit.
3143 3382 3332 3451 Itaque
3387 3382 3592 3437 Paulus

2007 3475 2120 3529 ait:
2155 3492 2174 3525 ι
2201 3474 2277 3529 De
2305 3473 2613 3544 virginibus
2646 3482 2832 3529 autem
2873 3480 3206 3543 praaceptum
3234 3472 3452 3527 Domini
3481 3488 3592 3527 non

2008 3565 2188 3622 habeo
2214 3568 2279 3620 η.
2319 3586 2337 3618 ι
2371 3567 2461 3631 At,
2498 3566 2594 3636 qui
2635 3566 2933 3621 admodum
2971 3564 3182 3621 strenui
3218 3572 3348 3620 sunt
3376 3564 3443 3618 ad
3476 3573 3591 3620 stu-

2010 3659 2163 3714 dium
2202 3660 2442 3730 pietatis,
2480 3659 2634 3730 131
2660 3674 2881 3715 carnem
2916 3658 3217 3714 conﬁciunt
3253 3666 3414 3729 atque
3445 3673 3596 3713 mor-

2010 3750 2221 3806 tiﬁeant
2283 3769 2296 3805 :
2370 3753 2554 3821 itaque
2608 3759 2867 3823 tanquam
2931 3751 3141 3806 clarum
3212 3751 3326 3806 Deo
3391 3751 3597 3806 donum

2011 3843 2428 3910 continentiam,
2476 3858 2598 3913 qua:
2646 3845 2790 3898 ultra
2844 3844 3020 3914 legem
3059 3852 3163 3909 est,
3214 3853 3271 3897 et
3315 3843 3483 3897 vitam
3531 3859 3597 3897 ex

2010 3935 2181 3989 verbo
2218 3942 2274 3989 et
2304 3950 2469 4005 opere
2516 3935 2778 4004 praeclare
2824 3934 3201 4003 compositam,
3234 3933 3387 3987 velut
3432 3948 3597 3987 orna-

2012 4035 2260 4081 mentum
2294 4027 2589 4081 artiﬁciose
2619 4026 2962 4081 elaboratum
2995 4025 3254 4079 offerunt.
3288 4024 3601 4080 Intulerunt

2015 4127 2197 4173 autem
2227 4118 2439 4189 Moyses
2466 4124 2525 4172 et
2554 4116 2734 4172 Aaron
2772 4116 2829 4170 in
2867 4124 3116 4171 sanctum
3161 4116 3595 4181 tabernaculum,

2014 4223 2137 4279 quae
2189 4208 2369 4263 oblata
2422 4206 2639 4261 fuerant
2676 4223 2689 4258 :
2735 4221 2862 4259 nam
2904 4205 3129 4261 fortium
3160 4206 3407 4262 virorum
3457 4205 3599 4261 facta

2014 4300 2234 4357 Christo
2271 4307 2421 4371 grata
2461 4306 2611 4365 sunt,
2645 4306 2702 4354 et
2743 4305 3009 4369 praeterea
3043 4307 3300 4369 tanquam
3340 4297 3601 4353 Ecclesia:

2017 4408 2151 4465 opes
2187 4408 2252 4448 ac
2295 4392 2557 4463 praeclara
2599 4398 2940 4455 ornamenta,
2980 4405 3081 4460 per
3126 4405 3246 4459 quae
3288 4390 3367 4444 illi
3405 4403 3599 4443 conse-

2019 4493 2264 4556 quuntur
2309 4490 2370 4538 ut
2418 4483 2710 4546 diuturnas,
2769 4483 2880 4539 imo
2914 4497 3050 4538 vero
3096 4482 3447 4551 sempiterna
3490 4496 3604 4533 me-

1894 4602 1897 4605 ·
1945 4572 1990 4627 D
2018 4577 2208 4633 moria:
2253 4583 2676 4643 consecrentur;
2730 4576 2978 4646 talesque
3028 4590 3087 4630 se
3128 4581 3388 4645 praestant
3416 4579 3476 4627 ut
3514 4571 3600 4626 in-

319 4672 613 4745 spectione
679 4671 863 4727 divina
915 4670 1066 4740 digni
1110 4669 1464 4725 habeantur:
1500 4683 1647 4733 nam,
1718 4668 1866 4739 quod
1934 4670 2143 4726 dictum
2175 4677 2279 4736 est,
2321 4669 2377 4725 in
2427 4676 2722 4739 conspectu
2773 4667 2991 4722 Domini
3032 4666 3210 4737 posita
3279 4681 3400 4721 csse
3435 4664 3598 4729 dona,

321 4768 649 4842 huiusmodi
708 4767 968 4839 quiddam
1023 4763 1313 4836 signiﬁcat.
1373 4764 1626 4834 Magnum
1677 4780 1811 4820 vero
1862 4774 1919 4821 et
1950 4766 2215 4820 eximium
2264 4771 2368 4829 est,
2442 4765 2499 4819 in
2574 4763 2749 4819 oculis
2788 4763 2887 4817 Dei
2925 4759 3327 4833 quodammodo
3361 4758 3596 4831 positum

323 4879 451 4919 esse
483 4879 498 4915 :
532 4876 662 4915 nam
712 4875 810 4915 eos
843 4856 1066 4928 plurimi
1105 4856 1196 4911 ille
1234 4855 1385 4921 facit,
1426 4871 1566 4925 quos
1602 4866 1823 4927 aspectu
1860 4872 1962 4913 suo
1998 4856 2274 4929 dignatur.

399 4953 614 5008 IIAAA.
655 4949 751 5005 Ἐκ
777 4948 989 5004 πολλῶν
1031 4947 1128 5019 μὲν
1155 4947 1308 5019 ἡμῖν,
1327 4945 1401 5010 ῶς
1452 4945 1594 5000 ἔοικε
1614 4986 1628 5009 ,
1662 4946 1915 5018 σημαίνει

324 5047 527 5117 λέγων,
556 5044 619 5099 τὸ
651 5041 1039 5098 ἀναπείθεσθαι
1069 5041 1161 5099 καὶ
1192 5041 1440 5112 φρονεῖν,
1471 5036 1547 5102 ὡς
1573 5037 1636 5091 τό
1672 5055 1754 5092 τοι
1783 5037 1918 5109 χρῆ..

330 5157 420 5193 ναι
456 5138 829 5209 καρποφορεῖν
875 5135 1075 5207 πρέπει
1116 5132 1317 5203 ἂνόὑχ
1353 5131 1561 5204 ἑτέροις
1614 5129 1837 5201 μᾶλλον,
1882 5130 1915 5199 ἢ

334 5235 444 5297 τοῖς
475 5233 614 5302 ἄγαν
643 5229 1047 5301 ἀνδριζομένοις
1078 5226 1170 5284 καὶ
1207 5224 1451 5281 εἰωθόσιν
1481 5224 1808 5293 εὐδοκιμεῖν.

413 5562 650 5619 υιοοτ.
694 5578 749 5625 x,
774 5561 861 5615 I8.
945 5557 1182 5613 “lCor.
1220 5574 1293 5625 Ix,
1324 5555 1475 5611 7-10.
1556 5555 1596 5586 ”
1633 5553 1796 5618 lbid.,
1832 5550 1892 5605 il

2008 5552 2036 5603 Ξ.
2118 5551 2159 5581 ¹⁸
2185 5549 2346 5615 Ibid.,
2379 5549 2464 5602 18.

416 5703 492 5775 (I)
533 5700 670 5757 Cod.
710 5698 856 5764 γει,
889 5695 1208 5753 ἐπιστέλλει.

2099 4945 2299 5002 PALL.
2333 4945 2520 5000 Multis
2567 4943 2735 5015 igitur
2772 4942 2960 4999 verbis
3002 4942 3056 4997 id
3085 4941 3248 4997 nobis
3292 4941 3602 5013 signiﬁcare

2024 5040 2267 5105 videtur,
2315 5038 2392 5094 ita
2429 5052 2757 5107 persuasum
2789 5036 2953 5093 nobis
2983 5052 3104 5091 esse
3157 5035 3363 5091 debere
3419 5036 3604 5108 itaque

2030 5130 2402 5195 sentiendum,
2426 5131 2531 5202 hoc
2559 5130 2758 5200 ipsum,
2784 5130 2927 5185 dona
2957 5129 3158 5185 offerre
3176 5130 3311 5194 Deo,
3342 5145 3451 5185 non
3485 5128 3605 5182 aliis

2029 5226 2203 5297 magis
2233 5225 2530 5281 convenire
2569 5240 2732 5296 quam
2772 5225 2866 5295 qui
2914 5237 2973 5279 se
3017 5231 3241 5278 strenue
3286 5238 3348 5277 ac
3388 5222 3601 5276 fortiter

2028 5326 2239 5389 gerant,
2273 5328 2330 5373 et
2363 5332 2505 5389 saepe
2530 5332 2599 5373 ex
2649 5324 2795 5371 recte
2837 5316 2994 5371 factis
3024 5316 3240 5370 laudem
3286 5313 3388 5368 sibi
3435 5326 3601 5381 prpe.

2026 5408 2218 5467 rorint.

2562 5549 2603 5578 ¹⁹
2636 5548 2655 5600 I
2690 5546 2815 5600 Cor.
2849 5558 2940 5607 vn,
2993 5542 3083 5596 25.
