3954 6200
1478 174 1508 197 κ

353 260 460 320 545

1351 260 1427 315 8..
1449 259 1727 315 CYRILLI
1765 258 2235 316 ALEXANDRINI
2268 257 2593 316 ARCHIEP.

3511 260 3617 319 ιιι

422 377 581 434 CYR.
608 380 778 449 Euge,
810 380 1037 443 Palladi,
1068 386 1213 433 recte
1262 394 1498 447 namque
1551 379 1852 447 existimas,
1878 388 1929 435 el

2107 381 2272 437 ΚΥΡ.
2305 377 2470 451 Εὖγε,
2500 376 2546 437 ὦ
2578 380 2867 448 Παλλάδιε,
2894 380 3077 453 διανοῇ
3102 381 3212 454 γὰρ
3234 381 3427 454 ὀρθῶςς
3458 382 3617 452 Ἔχει

351 485 464 526 non
495 468 659 524 modo
682 469 797 538 ipsa
821 484 908 522 res
932 469 1007 522 ita
1033 483 1090 522 se
1123 468 1308 532 habet,
1326 468 1421 523 sed
1453 470 1618 524 etiam
1637 469 1933 542 Scriptura:

351 578 520 617 sacras
572 561 889 616 testimonio
952 560 1336 616 conﬁrmatur.
1406 561 1545 616 Cum
1597 563 1747 617 enim
1806 563 1934 619 ﬁliis

352 654 517 708 Israel
538 653 720 707 adhuc
752 652 806 707 in
838 668 1026 709 eremo
1051 655 1525 711 commorantibus
1553 672 1769 712 sacrum
1796 657 1931 713 illud

351 745 768 800 tabernaculum
810 745 1023 817 erigere
1078 748 1246 804 vellet
1277 749 1444 813 Deus,
1485 750 1635 820 quod
1672 750 1934 806 Ecclesiae

349 855 417 893 ex
454 838 712 910 gentibus
755 840 997 904 collectae
1022 840 1250 912 ﬁguram
1286 850 1344 898 et
1370 844 1666 915 imaginem
1690 854 1929 926 gereret,

344 930 510 999 jussit
545 937 624 995 ut,
654 947 776 1001 quae
808 932 867 986 in
912 948 1034 987 eam
1066 950 1184 990 rem
1212 951 1354 1006 opus
1385 945 1591 1003 essent,
1634 952 1934 1009 congrega-

348 1029 561 1087 rentur.
601 1021 789 1092 Itaque
837 1024 918 1078 sic
949 1040 1234 1080 sacrorum
1288 1027 1655 1099 interpretem
1707 1029 1933 1101 Moysen

347 1122 434 1168 est
480 1114 786 1181 allocutus:
850 1137 869 1169 ι
902 1117 959 1173 Si
1015 1121 1297 1191 acceperis
1355 1136 1626 1177 summam
1688 1122 1931 1182 ﬁliorum

350 1204 537 1273 Israel,
580 1208 637 1263 in
673 1211 991 1273 recensione
1038 1228 1233 1276 eorum
1287 1214 1499 1270 dabunt
1548 1216 1932 1286 unusquisque

348 1298 528 1367 pretia
561 1300 957 1372 redemptionis
1013 1304 1209 1359 animae
1250 1321 1362 1361 sum
1414 1306 1669 1373 Domino,
1723 1316 1780 1363 et
1818 1323 1930 1363 non

348 1389 457 1443 erit
485 1390 543 1445 in
567 1392 648 1447 eis
674 1408 833 1450 casus
860 1395 916 1449 in
947 1397 1273 1453 recensione
1310 1413 1536 1467 eorum;
1567 1409 1626 1455 et
1668 1400 1775 1461 hoc
1797 1402 1928 1467 erit,

347 1481 495 1549 quod
542 1481 771 1549 dabunt,
813 1486 1131 1557 quicunque
1180 1498 1470 1546 transeunt
1509 1492 1577 1546 ad
1628 1493 1930 1564 inspectio-e

348 1586 496 1635 nem,
523 1575 758 1630 mediam
803 1587 1045 1646 partem.
1075 1580 1215 1645 sicli,
1276 1582 1373 1652 qui
1403 1592 1492 1638 est
1516 1652 1525 1661 ἱ
1536 1586 1692 1655 juxta
1733 1587 1930 1645 siclum

348 1671 601 1731 sanctum
667 1667 881 1738 (viginti
941 1670 1135 1727 obolos
1163 1672 1330 1728 habet
1362 1673 1576 1747 siclus),
1637 1676 1929 1733 dimidium

2032 475 2090 528 δὲ
2106 469 2207 528 ὦδε
2228 475 2289 528 τὸ
2310 475 2498 546 χρῆμα
2519 476 2586 546 τῇ
2612 473 2793 543 φύσει,
2818 475 2911 527 καλ⁵
2934 475 3272 546 μαρτυρήσει
3297 475 3359 528 τὸ
3381 474 3616 548 γράμμα

2032 567 2094 620 τὸ
2138 567 2301 639 ίερόν.
2346 566 2564 637 Ἐπειδὴ
2608 567 2715 637 γὰρ
2759 568 2872 631 τοῖς
2904 568 3043 630 υἱοῖς
3085 567 3299 639 Ἰσραὴλ
3331 567 3619 641 αὐλιζομέ-

2035 673 2146 719 νοις
2172 656 2253 709 ἔτι
2282 656 2424 710 κατά
2452 658 2550 728 τὴν
2581 656 2787 728 ἔρημον
2834 656 2932 726 τὴν
2964 656 3125 724 ἁγίαν
3156 658 3361 729 σκηνὴν
3388 659 3619 730 ἐγείρειν

2035 749 2287 805 ἐϐούλετο
2323 751 2352 802 ὁ
2376 749 2530 819 Θεὸς,
2575 751 2656 813 είς
2693 748 2878 802 εἰκόνα
2909 749 3005 801 καὶ
3036 747 3206 802 τύπον
3235 750 3334 819 τῆς
3363 747 3422 813 ἐξ
3452 750 3619 805 ἐθνῶν

2048 842 2393 913 Ἑκκλησίας,
2428 840 2844 912 συναγείρεσθαι
2862 840 2973 894 δεῖν
2996 839 3066 893 τὰ
3092 841 3171 904 είς
3193 839 3352 895 τοῦτο
3375 843 3618 914 χρήσιμα

2033 935 2290 991 διετύπου
2322 935 2502 990 πάλιν.
2540 936 2685 1005 Ἔφη
2721 951 2779 986 τε
2816 934 2960 988 οὕτω
3001 935 3137 1005 πρὸς
3163 932 3253 986 τὸν
3297 935 3620 1006 ἱεροφάντην

2034 1027 2270 1081 Μωσέα·
2306 1046 2326 1079 ι
2397 1026 2521 1079 Ἐὰν
2577 1024 2748 1097 λάϐῃς
2792 1024 2885 1079 τὸν
2922 1024 3282 1095 συλλογισμὸν
3326 1023 3437 1078 τῶν
3487 1026 3622 1079 υἱῶν

2048 1122 2261 1193 Ἰσραὴλ
2283 1124 2339 1175 ἐν
2361 1124 2427 1193 τῇ
2451 1122 2722 1192 ἐπισκοπῇ
2753 1121 2952 1188 αὐτῶν,
2979 1120 3074 1175 καὶ
3098 1121 3363 1176 δώσουσιν
3387 1122 3622 1189 ἕκαστος

2034 1212 2205 1284 λύτρα
2241 1214 2343 1283 τῆς
2386 1213 2567 1283 ψυχῆς
2616 1212 2783 1267 αὑτοῦ
2817 1213 3040 1283 Κυρίῳ,
3083 1213 3178 1267 καὶ
3219 1214 3320 1268 οὐκ
3355 1214 3509 1268 ἔσται
3564 1217 3621 1269 ἐν

2035 1306 2221 1369 αὐτοῖς
2266 1305 2472 1368 πτῶσις
2519 1306 2577 1358 ἐν
2624 1307 2688 1376 τῇ
2732 1306 3004 1375 ἐπισκοπῇ
3051 1304 3270 1365 αὐτῶνθ
3321 1306 3415 1359 καὶ
3465 1306 3623 1361 τοῦτό

2035 1401 2182 1452 ἐστιν
2204 1398 2234 1451 ὃ
2252 1396 2533 1462 δώσουσιν,
2552 1398 2665 1451 ὅσοι
2693 1397 2791 1451 ἐὰν
2820 1395 3158 1468 πορεύωνται
3180 1395 3280 1469 τὴν
3300 1396 3612 1468 ἐπίσκεψιν,

2033 1491 2095 1544 τὸ
2125 1492 2296 1562 ἥμισυ
2332 1488 2422 1543 τοῦ
2451 1489 2781 1561 διδράχμου,
2830 1490 2859 1543 ὃ
2905 1492 3020 1543 ἐστι
3056 1489 3198 1543 κατὰ
3239 1489 3534 1561 δίδραχμον
3561 1491 3623 1545 τὸ

2034 1583 2188 1651 ἅγιον
2213 1623 2228 1648 ,
2266 1581 2471 1636 εἴκοσιν
2514 1581 2693 1636 ὀΰολοὶ
2736 1583 2798 1636 τὸ
2851 1582 3175 1653 δίδραχμον,
3206 1582 3268 1635 τδ
3316 1584 3488 1654 ἥμισυ
3525 1584 3620 1638 τοῦ

2034 1675 2332 1747 διδράχμου
2367 1674 2596 1747 εἰσφορά
2621 1674 2698 1746 τῷ
2727 1675 2935 1746 Κυρίῳ.
2969 1675 3084 1738 Πᾶς
3110 1677 3139 1727 ὁ
3167 1678 3624 1746 παραπορευόμε-

296 1756 299 1759 ’
348 1765 535 1815 autem
591 1759 713 1817 sicli
748 1761 1016 1819 tributum
1071 1764 1323 1820 Domino.
1358 1764 1549 1823 Omnis
1592 1768 1686 1838 qui
1735 1770 1929 1825 transit

2035 1746 2129 1831 νος
2169 1769 2247 1831 εἰς
2289 1766 2388 1839 τὴν
2428 1766 2737 1837 ἐπίσκεψιν,
2770 1767 2878 1819 ἀπὸ
2904 1766 3246 1831 είκοσαετοῦς
3294 1767 3389 1820 καὶ
3438 1767 3623 1822 ἐπάνω

346 1848 407 1904 in
460 1849 861 1922 inspectionem
905 1869 935 1916 a
974 1855 1167 1925 viginti
1190 1857 1351 1912 annis
1380 1867 1438 1913 et
1487 1873 1675 1929 supra,
1719 1860 1932 1916 dabunt

344 1940 619 1998 tributum
662 1945 918 2001 Domino.
966 1946 1131 2003 Dives
1169 1964 1279 2003 non
1334 1950 1578 2021 adjiciet,
1617 1959 1674 2007 et
1720 1967 1931 2023 pauper

344 2049 460 2089 non
491 2036 707 2093 minuet
731 2054 763 2093 a
809 2038 1042 2099 dimidio
1078 2041 1222 2110 sicli,
1277 2057 1404 2097 cum
1440 2042 1605 2098 datur
1657 2043 1929 2099 tributum

343 2125 580 2183 Domino
605 2129 674 2183 ad
703 2131 1116 2201 propitiandum
1147 2148 1248 2204 pro
1282 2134 1574 2193 animabus
1612 2138 1845 2193 vestris:
1874 2146 1932 2194 et

342 2217 584 2289 accipies
628 2231 917 2291 argentum
946 2223 1138 2278 tributi
1169 2240 1200 2280 a
1225 2224 1353 2303 ﬁliis
1389 2226 1576 2292 Israel,
1609 2237 1667 2284 et
1690 2229 1849 2284 dabis
1866 2229 1932 2284 il-

341 2307 440 2363 Iud
462 2309 533 2364 ad
544 2326 685 2382 opus
703 2313 1043 2378 tabernaculi
1061 2317 1393 2385 testimonii;
1420 2328 1477 2374 et
1492 2321 1602 2376 erit
1617 2320 1747 2377 ﬁliis
1760 2323 1928 2391 Israel

343 2412 769 2462 monumentum
823 2423 1012 2465 coram
1066 2411 1321 2477 Domino,
1371 2420 1434 2467 ut
1467 2415 1798 2484 propitietur
1826 2431 1930 2487 pro

344 2492 639 2551 animabus
665 2497 864 2562 vestris
881 2499 981 2552 ὀ.»
1029 2500 1186 2571 132
1213 2500 1355 2555 Ecce
1385 2500 1586 2556 iterum
1608 2502 1928 2575 diligentem

341 2585 721 2642 recensionem
739 2588 935 2644 conﬁci
957 2598 1215 2659 oportere
1232 2591 1513 2662 legislator
1530 2594 1632 2660 ait,
1651 2595 1931 2653 conferres

343 2692 451 2759 que
475 2678 642 2749 jussit
671 2680 817 2736 dona
840 2681 1075 2737 Domino
1117 2681 1411 2742 dimidium
1440 2686 1582 2743 sicli.
1609 2686 1713 2754 Qui
1741 2696 1928 2743 autem

341 2767 455 2826 sint
476 2770 573 2841 qui
602 2771 805 2829 oﬁ‘erre
829 2773 1087 2839 debeant,
1122 2783 1313 2855 aperte
1335 2776 1560 2845 deﬁnit;
1581 2794 1759 2849 neque
1780 2781 1929 2836 enim

212 2934 229 2943 ﬂ
340 2863 673 2921 mulieribus
697 2863 753 2920 id
787 2864 992 2932 facere,
1040 2882 1222 2937 neque
1277 2868 1459 2928 adhuc
1494 2870 1686 2939 pueris
1719 2870 1927 2941 permi-

342 2953 418 3022 sit
441 2954 616 3010 Deus:
644 2956 701 3010 in
729 2973 861 3027 quo,
897 2958 1004 3014 nisi
1029 2958 1213 3027 fallor,
1240 2960 1572 3032 improbavit
1592 2963 1844 3021 imbelles
1865 2980 1930 3019 ac

340 3042 559 3111 molles,
617 3051 675 3098 et
721 3046 814 3117 qui
860 3047 1156 3121 prudentia
1217 3051 1405 3108 minus
1444 3053 1689 3123 perfecta
1740 3061 1871 3110 sunt
1911 3073 2002 3150 ιε

342 3133 712 3207 ascripsitque
739 3139 796 3193 in
828 3139 1181 3198 offerentium
1204 3160 1499 3201 numerum
1538 3146 1787 3202 adultum
1814 3147 1927 3217 jam

341 3234 400 3279 et
422 3226 697 3297 vigentem
723 3231 1005 3301 juvenem,
1028 3244 1085 3300 et
1110 3239 1206 3308 qui
1224 3239 1293 3301 ad
1327 3239 1725 3310 inspectionem
1747 3247 1928 3301 trans-

343 3316 480 3384 iret,
518 3319 724 3389 quibus
749 3324 929 3379 aetatis
956 3342 1163 3383 annum
1211 3331 1523 3400 praascribit
1575 3332 1925 3387 vicesimum.

342 3404 459 3462 Soli
486 3410 633 3464 enim
669 3412 821 3485 digni
850 3427 981 3473 sunt
1003 3418 1206 3476 olferre
1227 3421 1374 3476 dona
1408 3423 1642 3479 Domino
1666 3424 1820 3494 juxta
1846 3424 1928 3479 Ie-

343 3500 428 3571 gis
458 3506 863 3577 prmscriptnm,
897 3512 991 3581 qui
1022 3513 1292 3581 puerilem
1333 3529 1557 3570 sensum
1605 3526 1769 3586 atque
1802 3533 1928 3571 mu-

341 3588 577 3647 liebrem
619 3595 865 3651 animum
915 3600 1264 3667 transiliunt,
1310 3604 1534 3672 jamque
1586 3606 1655 3660 ad
1708 3606 1927 3660 virilem

344 3689 663 3731 mensuram
698 3692 1095 3749 pervenerunt,
1133 3700 1258 3738 cum
1285 3692 1446 3740 aetate
1474 3702 1599 3757 qua;
1624 3686 1680 3742 in
1706 3687 1929 3747 Christo

348 3763 679 3836 intelligitur
730 3776 788 3822 et
839 3770 1147 3839 spiritualis
1186 3782 1291 3838 est,
1336 3775 1501 3849 plena
1538 3777 1649 3832 sint
1683 3786 1740 3832 et
1784 3780 1928 3836 inte-

345 3873 461 3927 gra.
500 3857 568 3912 Hi
614 3867 905 3925 transeunt
949 3863 1029 3931 ad,
1064 3864 1482 3936 inspectionem,
1520 3868 1577 3925 id
1610 3878 1715 3935 est,
1750 3886 1810 3935 se
1840 3871 1928 3927 di-

343 3963 481 4016 gnos
512 3949 762 4021 praebent
808 3952 904 4022 qui
938 3953 995 4008 in
1047 3955 1226 4010 oculis
1265 3956 1363 4011 Dei
1409 3968 1723 4027 versentur,
1759 3969 1820 4016 ut
1872 3963 1928 4017 in

343 4038 576 4094 Psalmis
599 4041 850 4107 canitur:
894 4063 913 4095 ι
934 4042 1094 4101 Oculi
1147 4046 1365 4103 Domini
1399 4065 1570 4121 super
1601 4054 1783 4124 justos
1805 4056 1868 4109 ἰ.
1902 4075 1921 4108 ι

342 4129 421 4183 Ea
447 4145 614 4199 porro
636 4133 1031 4204 redemptionis
1051 4138 1229 4209 pretia
1241 4155 1343 4210 pro
1359 4142 1535 4212 salute
1554 4144 1924 4214 offerentium,

342 4229 401 4275 et
422 4219 491 4274 ad
518 4223 696 4277 sancti
726 4225 1067 4297 tabernaculi
1092 4244 1259 4305 opera
1277 4272 1291 4297 ,
1322 4241 1378 4288 et
1419 4232 1478 4288 in
1508 4246 1928 4305 monumentum

2032 1858 2264 1912 δώσουσι
2313 1858 2413 1930 τὴν
2466 1857 2729 1929 εἰσφορὰν
2776 1856 2854 1928 τῷ
2896 1856 3107 1929 Κυρίῳ.
3156 1856 3217 1911 ’0
3267 1855 3510 1910 πλουτῶν
3559 1857 3621 1923 ού

2032 1953 2352 2026 προσθήσει,
2385 1952 2477 2007 καὶ
2510 1952 2538 2003 ὁ
2572 1952 2870 2022 πενόμενος
2892 1951 2993 2007 οὐκ
3016 1950 3359 2021 ἐλαττονὴσει
3383 1948 3493 2004 ἀπὸ
3522 1949 3619 2009 τοῦ

2031 2045 2263 2117 ἡμίσους
2287 2043 2382 2097 τοῦ
2416 2043 2712 2115 διδράχμου
2734 2085 2750 2109 ,
2778 2043 2871 2096 ἐπὶ
2898 2041 2959 2095 τὺ
2994 2040 3197 2096 διδόναι
3227 2042 3326 2113 τὴν
3361 2041 3620 2111 εἰσφορὰν

2030 2136 2108 2208 τῷ
2138 2135 2328 2208 Κυρίῳ
2352 2151 2366 2165 ·
2403 2134 2753 2199 ἐξιλάσασθαι
2783 2132 2912 2206 περὶ
2943 2132 3055 2185 τῶν
3080 2131 3269 2203 ψυχῶν
3302 2130 3456 2203 ὑμῶν
3477 2147 3491 2161 ο
3526 2131 3620 2185 καὶ

2030 2229 2177 2300 λήψῃ
2226 2230 2289 2282 τὸ
2337 2227 2597 2299 ἀργύριον
2650 2227 2750 2295 τῆς
2810 2225 3072 2295 εἰσφορᾶς
3118 2223 3283 2295 παρὰ.
3317 2223 3424 2277 τῶν
3477 2223 3608 2278 υίῶν

2045 2321 2280 2393 Ἰσραὴλ,
2312 2321 2405 2374 καὶ
2437 2319 2630 2382 δώσεις
2654 2318 2838 2381 αὐτοῖς
2866 2318 2947 2381 εἰς
2986 2315 3252 2388 κάτεργον
3283 2316 3383 2386 τῆς
3414 2314 3620 2386 σκηνῆς

2030 2413 2123 2465 τοῦ
2172 2412 2496 2483 μαρτυρίου,
2528 2410 2621 2463 καὶ
2650 2408 2800 2463 ἔσται
2828 2411 2942 2472 τοῖς
2970 2408 3106 2470 υίοῖς
3152 2405 3370 2477 Ἰσραὴλ
3408 2405 3616 2477 μνημόέ

2033 2521 2193 2560 συνον
2223 2503 2464 2558 ἐναντίον
2494 2502 2701 2573 Κυρίου
2742 2499 3094 2565 ἐξιλάσασθαι
3138 2499 3269 2570 περὶ
3297 2497 3404 2550 τῶν
3433 2496 3617 2568 ψυχῶν

2032 2600 2207 2671 ὑμῶν.
2257 2618 2275 2649 ι
2321 2598 2453 2651 Ἰδοὺ
2495 2596 2559 2667 δὴ
2593 2595 2753 2649 πάλιν
2781 2594 2986 2666 ἀκριϐῆ
3017 2598 3111 2648 τὸν
3142 2590 3469 2662 ἐκλογισμὸν
3499 2591 3617 2644 δια-

2032 2691 2389 2764 περαίνεσθαι
2429 2691 2540 2745 δεῖν
2577 2691 2606 2743 ὁ
2637 2687 2933 2760 νομοθέτης
2971 2685 3107 2756 φησί
3127 2703 3140 2719 σ
3178 2684 3517 2752 συνενεγκεῖν
3561 2680 3619 2734 δέ

2032 2784 2368 2857 προστέταχε
2405 2783 2476 2836 τά
2518 2783 2667 2854 δῶρα
2715 2780 2928 2852 Κυρίῳ,
2961 2779 3025 2833 τὸ
3061 2778 3233 2849 ἥμισυ
3277 2776 3369 2830 τοῦ
3403 2773 3619 2848 διδράχ-

2034 2896 2159 2949 μου.
2203 2877 2360 2940 Τίνες
2403 2875 2449 2928 δ’
2477 2873 2543 2928 ἂν
2590 2871 2698 2928 εἷεν
2740 2875 2791 2927 oi
2856 2869 3247 2944 προσκομίζειν
3291 2867 3616 2937 ὀφείλοντες,

2030 2968 2256 3042 διορίζει
2287 2967 2474 3038 σαφῶς
2494 2984 2508 3000 ο
2539 2968 2600 3020 οὺ
2627 2966 2740 3038 γὰρ
2763 2965 2827 3037 δὴ
2856 2964 3104 3033 γυναίοις
3128 2961 3289 3016 τοῦτο
3316 2960 3471 3031 δρᾷν,
3494 2956 3619 3012 οὔτε

2035 3062 2142 3134 μὴν
2165 3063 2278 3124 τοῖς
2310 3060 2391 3113 ἔτι
2419 3059 2634 3129 νηπίοις
2661 3057 2834 3128 ἐφῆκε
2868 3055 3000 3118 Θεός
3021 3074 3034 3086 ·
3061 3050 3501 3124 ἀποδοκιμάζων,
3537 3044 3619 3104 οἷς

2035 3156 2133 3226 μαί
2159 3172 2282 3219 που,
2317 3152 2378 3206 τὸ
2414 3151 2608 3209 ἄναλκί
2632 3168 2691 3203 τε
2724 3150 2819 3204 καὶ
2854 3148 3131 3220 μαλθακὸν
3154 3187 3169 3212 ,
3203 3145 3300 3201 καὶ
3327 3144 3389 3198 τὸ
3434 3140 3621 3206 ἀτελὲς

2029 3251 2111 3313 εἰς
2148 3246 2362 3300 σύνεσιν
2382 3262 2394 3275 ·
2428 3244 2865 3315 ἐγκαταγράφων
2907 3240 2965 3295 δέ
2996 3240 3187 3309 ὥσπερ
3211 3240 3324 3301 τοῖς
3348 3234 3623 3304 ὀφείλουσι

2033 3339 2405 3411 καρποφορεῖν
2425 3337 2517 3390 τὸν
2534 3336 2781 3408 ήὸηκότα
2803 3334 2907 3405 ἤδη
2927 3331 3023 3386 καὶ
3046 3330 3362 3403 σφριγῶντα
3381 3325 3619 3391 νεανίαν,

2032 3434 2126 3486 καὶ
2153 3431 2671 3503 παραπορευόμενον
2694 3429 2782 3491 ,εἰς
2808 3426 2906 3497 τὴν
2931 3423 3243 3493 ἐπίσκεψιν,
3276 3416 3357 3485 οἷς
3383 3420 3478 3474 καὶ
3503 3417 3625 3481 ἔτος

2031 3521 2203 3592 ὁρίζει
2231 3521 2291 3574 τὺ
2323 3519 2585 3574 εἰκοστόν.
2608 3518 2778 3579 Μόνοι
2807 3517 2918 3587 γὰρ
2940 3514 3079 3580 ἄξιοι
3109 3512 3203 3567 τοῦ
3230 3513 3428 3584 χρῆναι
3454 3525 3623 3580 προσ·

2031 3616 2184 3682 άγειν
2214 3612 2285 3665 τὰ
2313 3611 2462 3684 δῶρα
2503 3611 2732 3681 Κυρίῳ,
2769 3608 2914 3662 κατὰ
2967 3607 3059 3660 τὸν
3092 3607 3290 3677 νόμον,
3334 3603 3384 3656 οἱ
3430 3617 3626 3674 μειραο

2032 3704 2198 3776 κιώδη
2234 3704 2496 3774 φρόνησιν
2522 3701 2617 3756 καὶ
2657 3700 2970 3776 θηλύφρονα
3001 3698 3128 3752 νοῦν
3155 3694 3625 3767 ἀναθρώσκοντες,

2032 3799 2126 3851 καὶ
2153 3799 2231 3861 είς
2263 3795 2456 3867 ἀνδρὸς
2480 3795 2580 3866 ἤδη
2609 3793 2888 3856 τελοῦντες
2916 3792 3133 3864 μέτρον,
3162 3783 3385 3861 ἡλικίας
3407 3785 3625 3856 ἔχοντες

2033 3890 2310 3962 πλήρωμα
2344 3889 2418 3961 (ί)
2453 3887 2552 3958 τῆς
2584 3889 2641 3940 ἐν
2672 3883 2895 3956 Χριστῷ
2935 3882 3231 3954 νοουμένης
3256 3880 3346 3935 καὶ
3379 3893 3629 3949 πνευμα·

2031 3984 2210 4053 τικῆς.
2229 3974 2389 4036 Οὗτοι
2418 3975 2891 4050 παραπορεύονται
2914 3977 2995 4039 είς
3011 3974 3110 4045 τὴν
3132 3970 3441 4041 ἐπίσκεψιν,
3466 3985 3630 4023 τουτο

2034 4077 2182 4139 ἐστιν
2204 4116 2218 4139 ,
2258 4073 2443 4139 ἀξίους
2479 4071 2707 4134 ἑαυτοὺς
2749 4067 3111 4139 ἀποφαίνουσι
3152 4065 3246 4119 τοῦ
3280 4065 3376 4118 καὶ
3412 4064 3469 4116 ἐν
3500 4061 3630 4130 ὄψει

2037 4138 2288 4239 γενέσθαι
2314 4138 2498 4229 ΫΘεοῦ,
2553 4160 2696 4215 κατά
2744 4160 2807 4213 τὸ
2856 4138 2917 4213 ἐν
2962 4158 3213 4229 Ψαλμοῖς
3261 4153 3625 4226 ὑμνούμενον·

2042 4276 2061 4309 ι
2108 4253 2410 4324 Ὀφθαλμοὶ
2434 4250 2641 4323 Κυρίου
2663 4250 2755 4303 ἐπὶ
2781 4247 3041 4311 δικαίους.
3078 4265 3097 4299 ι
3143 4245 3315 4316 ’Υπὲρ
3347 4240 3630 4313 σωτηρίας

343 4329 531 4375 coram
591 4316 826 4387 Domino
898 4320 1314 4391 offerebantur:
1378 4330 1646 4399 praeclara
1690 4347 1929 4403 namque

2035 4349 2092 4402 δὲ
2119 4316 2218 4418 τῆς
2250 4316 2360 4398 τῶν
2398 4316 2786 4413 προσαγόντων
2828 4340 2896 4393 τὰ
2923 4338 3096 4411 λύτρα
3113 4378 3128 4404 ,
3164 4337 3260 4405 καὶ
3285 4338 3367 4398 εἰς
3392 4333 3462 4387 τὰ
3487 4332 3631 4386 κάτ-

343 4416 665 4464 sanctorum
686 4409 972 4468 hominum
994 4424 1147 4486 gesta
1189 4417 1454 4474 ecclesias
1476 4423 1845 4490 constituunt,
1872 4434 1929 4480 et

2036 4409 2186 4512 epya-
2206 4437 2307 4507 τῆς
2339 4409 2504 4504 ἁγίας
2538 4409 2764 4504 σκηνῆς,
2808 4433 2903 4489 καὶ
2938 4409 3038 4496 είς-
3060 4430 3403 4503 μνημόσυνον
3437 4426 3624 4479 ἔναντι

344 4497 413 4552 ad
432 4508 693 4556 ornatum
720 4504 863 4558 sacri
892 4506 1238 4564 tabernaculi
1270 4508 1429 4566 utilia
1461 4520 1609 4579 sunt,
1658 4523 1717 4569 et
1757 4515 1921 4571 simul

2033 4497 2591 4605 léupiou'rauvhmct
2629 4497 2738 4597 γὰρ
2781 4497 3112 4597 ἐκκλησίας,
3155 4497 3255 4584 καὶ
3287 4523 3368 4587 είς
3412 4518 3625 4589 κόσμον

343 4590 543 4646 anima:
572 4593 804 4649 salutem
828 4595 1092 4662 elﬁeiunt,
1144 4608 1203 4657 et
1234 4601 1422 4672 gloriae
1452 4605 1805 4675 sempiterna:
1827 4624 1924 4664 eo-

2033 4590 2274 4695 χρησιμα
2299 4623 2396 4692 τῆς
2424 4590 2586 4689 ἀγίας
2619 4590 2856 4689 σκηνῆς,
2891 4590 2959 4671 τά
2988 4614 3096 4670 τῶν
3142 4614 3313 4683 ἁγίων
3344 4611 3625 4701 ἀνδραγαῖ

345 4695 482 4739 rona
515 4686 664 4742 viros
687 4687 861 4742 fortes
897 4701 1184 4763 exornant.
1223 4693 1306 4748 An
1331 4694 1428 4750 tibi
1458 4713 1654 4768 parum
1686 4716 1815 4756 vere
1838 4701 1925 4771 di-

2033 4686 2273 4781 θηματα,
2310 4686 2447 4780 μετὰ
2475 4686 2582 4761 τοῦ
2614 4686 2837 4780 καὶ-την
2870 4706 2969 4778 τῆς
3009 4705 3190 4777 ψυχῆς
3226 4702 3502 4774 σωτηρίαν
3554 4697 3620 4755 εὗ

345 4793 472 4841 cere
515 4780 811 4851 ﬁdem“?
1342 4784 1348 4792 ’
2041 4780 2186 4875 μάλα
2212 4799 2638 4873 συγκατορθοῦν,
2669 4802 2765 4853 καὶ
2795 4798 3136 4870 ἀτελευτήτῳ
3157 4796 3285 4881 δὸξη
3314 4790 3623 4863 στεφανοῦν

2034 4896 2160 4958 τοὺς
2186 4882 2622 4966 ἀνδριζομὲνους.
2654 4894 2724 4950 Ἥ
2744 4893 2847 4951 οὐκ
2875 4890 3080 4962 ἀληθὴς
3108 4892 3137 4944 ὁ
3160 4888 3317 4958 λόγος
3355 4882 3497 4942 εἶναί
3529 4900 3621 4939 σοι

413 5046 612 5103 PALL.
638 5049 770 5105 Mihi
799 5051 1023 5121 quidem
1042 5053 1352 5111 verissime.
1678 5035 1688 5045 ’

2034 4986 2215 5051 δοκεῖς

2107 5080 2311 5133 ΠΑΛΛ.
2345 5081 2493 5148 Πάνυ
2527 5080 2624 5149 μὲν
2662 5076 2775 5133 οὖν.

414 5139 573 5196 CYR.
590 5141 1008 5217 Redemptionis
1028 5149 1198 5223 igitur
1215 5154 1456 5220 pretium
1475 5172 1573 5215 seu
1596 5158 1793 5216 siclum
1812 5163 1924 5217 vel-

2098 5173 2263 5227 ΚΥΡ.
2291 5144 2365 5227 Th
2385 5174 2483 5243 μὲν
2505 5139 2600 5227 οὖν
2632 5171 2848 5244 λύτρον,
2867 5172 2986 5242 ἦτοι
3003 5167 3388 5239 τὸδίδραχμον,
3405 5165 3616 5234 δασμο-

343 5234 424 5290 ιιιί
463 5251 692 5292 censum
715 5240 1006 5309 quemdam
1034 5245 1180 5316 exigi
1223 5248 1389 5318 jussit
1417 5250 1583 5317 Deus,
1613 5250 1780 5323 idque
1800 5260 1924 5309 erat

2033 5263 2301 5333 λογεῖσθαι
2329 5234 2441 5319 δεῖν
2468 5234 2902 5337 κεχρησμῳδηκε
2933 5261 3085 5326 Θεὸς,
3136 5234 3335 5330 καὶ-*ἦν
3364 5256 3474 5310 τῶν
3517 5255 3617 5308 ἀν-

344 5342 541 5384 eorum
565 5327 859 5397 tributum,
895 5333 991 5403 qui
1021 5335 1103 5391 ad-
1130 5336 1348 5397 virilem
1384 5348 1604 5396 aetatem
1638 5344 1924 5412 pervenis-

2033 5327 2358 5427 δριζομένων
2382 5355 2440 5407 ἐν
2464 5327 2642 5426 τούτῳ
2663 5327 2912 5423 sintsi/.1}.
2938 5352 3002 5404 Οί
3029 5350 3087 5404 δέ
3110 5346 3221 5401 τῶν
3245 5327 3429 5416 φυλῶν
3455 5340 3617 5415 ἠγούο

344 5429 483 5475 sent.
518 5422 586 5477 At
610 5438 740 5480 vero
760 5425 1044 5497 principes
1083 5429 1328 5486 tribuum
1368 5431 1687 5503 adjecerunt
1708 5435 1775 5491 iis
1802 5453 1923 5507 quae

2033 5462 2200 5515 μενοι,
2236 5444 2615 5515 προστιθέντες
2648 5447 2761 5509 τοῖς
2788 5445 2852 5498 ἐκ
2880 5443 3048 5513 νόμου
3089 5433 3609 5514 προστεταγμένοις,

419 5572 465 5603 ³³
511 5572 681 5627 Exod.
711 5592 837 5631 xxx.
889 5576 1075 5635 12-16.
1153 5582 1194 5613 ¹¹
1222 5582 1365 5651 Psal.
1396 5601 1580 5639 χχχιιι.
1612 5585 1695 5641 16.

418 5705 492 5778 (Ι)
516 5705 699 5771 Sirlcti
741 5710 935 5778 codex,
973 5714 1280 5793 γνώρισμα.
