3954 6200
254 296 363 354 διδ

985 298 1073 353 DE
1112 296 1556 354 ADORA'I‘IONE
1596 300 1663 356 IN
1704 298 1975 358 SPIRITU
2015 303 2106 359 ET
2142 304 2512 361 VERITATE.
2538 304 2668 360 LIB.
2693 303 2782 360 IV.

3421 298 3526 356 SIG

256 416 335 471 τὰ
354 414 436 469 In
466 413 638 485 μείζω
664 415 759 470 καὶ
788 414 1186 490 ἁξισλογώτερα
1210 419 1287 493 (Δ)
1318 421 1709 494 προσεκόμιζον
1730 438 1848 475 τινα

1972 440 2068 495 ege
2090 437 2362 496 praecepta
2383 437 2560 491 erant,
2591 440 2655 480 ac
2681 425 2886 495 majora
2914 420 3163 492 quredam
3214 424 3272 475 et
3313 416 3525 490 pretio—

254 506 370 561 τῶν
422 506 575 578 παρὰ
620 506 772 576 σφίσι
817 507 889 561 τὰ
922 508 1197 581 ἐξαίρετα.
1237 510 1554 583 Γέγραπται
1588 512 1732 582 γὰρ,
1766 512 1850 565 ὅτι

262 621 285 653 ι
324 601 436 654 Καὶ
467 600 518 652 οί
549 600 810 671 ἄρχοντες
839 602 1076 673 ἧνεγκαν
1104 606 1229 668 τοὺς
1258 604 1439 669 λίθους
1465 605 1564 676 τῆς
1595 604 1850 675 σμαράγ-

253 690 391 754 δου,
424 691 680 754 καὶτοὺς
722 689 906 755 λίθους
947 692 1046 763 τῆς
1090 692 1573 765 συμπληρώσεως,
1629 694 1710 757 είς
1750 693 1851 764 τὴν

258 781 547 851 ἱπωμίδα,
578 781 673 833 καὶ
708 780 772 833 τὸ
808 781 1020 849 λόγιον,
1056 782 1150 836 καὶ
1181 781 1281 846 τὰς
1323 781 1628 844 συνθέσεις,
1667 782 1761 834 καὶ
1791 780 1853 832 τὸ

259 875 445 939 ἐλαιον
470 874 569 945 τῆς
604 872 840 945 κρίσεως
860 913 875 937 ,
904 875 1001 928 καὶ
1033 874 1133 948 τὴν
1173 874 1424 930 σύνθεσιν
1453 873 1549 927 τοῦ
1572 873 1852 945 θυμιάμα-

256 983 377 1030 τος.
416 984 436 1020 ι
481 961 612 1037 Ἆρ’
644 961 737 1019 οὖν
765 966 888 1037 οὑχὶ
927 968 1041 1032 τοῖς
1082 967 1258 1020 ὀπίσω
1298 965 1472 1038 βραχὺ
1517 966 1677 1020 ταυτὶ
1722 980 1853 1034 συγ-

257 1059 436 1130 γενῆς
491 1058 559 1111 Ἦ
601 1058 700 1130 μὲν
743 1058 855 1130 γὰρ
899 1059 1010 1113 τῶν
1065 1058 1315 1131 μαχίμων
1360 1057 1571 1129 πληθὺς
1615 1056 1683 1111 τὰ
1751 1055 1854 1126 τῆς

260 1151 645 1223 αἰχμαλωσίας
686 1151 1085 1223 προσεκόμιζεν
1127 1151 1204 1223 τῷ
1248 1149 1368 1222 Θεῷ
1392 1193 1406 1217 ,
1454 1150 1597 1204 κατὰ
1635 1150 1734 1221 τὴν
1773 1148 1854 1204 δο-

261 1243 452 1297 θεῖσαν
496 1243 719 1314 ἐντολὴν
741 1285 756 1309 ,
790 1245 900 1298 ἀπὸ
928 1243 1222 1315 ἀνθρώπου
1274 1243 1381 1308 ἕως
1418 1244 1651 1314 κτήνους
1670 1256 1685 1273 ο
1712 1243 1761 1294 οἱ
1794 1239 1852 1293 δὲ

263 1335 545 1408 χιλίαρχοί
591 1353 650 1390 τε
693 1336 790 1390 καλ⁸
834 1336 1220 1407 ἑκατόνταρχοι
1261 1333 1601 1408 προσέθεσαν
1641 1331 1852 1395 τούτοις

260 1429 497 1501 χλιδῶνα
525 1429 623 1482 καὶ
653 1428 891 1499 ψέλλιον,
935 1428 1031 1481 καὶ
1058 1426 1376 1498 ὲμπλόκιον,
1415 1425 1510 1480 καὶ
1545 1423 1850 1489 δακτύλιον,

260 1520 361 1573 καὶ
383 1520 494 1573 πᾶν
518 1519 711 1582 σκεῦος
733 1516 971 1591 χρυσοῦν
994 1519 1376 1590 εἰργασμένον,
1414 1516 1450 1571 ἃ
1471 1516 1567 1570 καὶ⁸
1585 1518 1663 1580 είς
1683 1511 1854 1585 αὐτὴν

258 1612 365 1681 τὴν
397 1610 563 1679 ἁγίαν
601 1609 770 1665 ἐτίθει
805 1609 1010 1684 σκηνὴν
1060 1610 1325 1681 Ἐλεάζαρ
1352 1611 1382 1663 6
1424 1607 1623 1680 ἱερεύς.
1677 1607 1766 1660 Ἐν
1794 1605 1853 1659 δέ

267 1717 338 1769 γε
376 1700 589 1764 τούτοις
616 1704 651 1772 ἡ
685 1700 787 1771 μὲν
817 1704 968 1754 πᾶσα
996 1701 1105 1755 τῶν
1134 1700 1418 1772 ήσηκότων
1445 1698 1656 1768 πληθὺς
1681 1696 1853 1751 ὲτέλει

259 1793 332 1847 τὸ
408 1792 729 1864 δίδραχμον,
796 1792 1131 1864 προσάγουσι
1176 1792 1235 1845 δὲ
1284 1791 1448 1846 πάλιν
1498 1793 1547 1845 οἱ
1597 1790 1855 1862 ἄρχοντες

260 1882 452 1947 λίθους
481 1883 774 1947 ἐκλεκτοὺς
794 1924 808 1949 ,
854 1886 934 1948 είς
976 1884 1078 1954 τὴν
1106 1883 1386 1954 ἐπωμίδα,
1434 1883 1528 1937 καὶ
1556 1881 1616 1935 τὸ
1651 1881 1851 1950 λόγιον,

261 1976 420 2047 ἅπερ
444 1978 525 2038 είς
563 1975 766 2047 κόσμον
799 1974 1071 2029 συνετέλει
1105 1973 1201 2029 τοῦ
1234 1975 1568 2047 προῦχοντος
1604 1976 1663 2027 ἐν
1699 1974 1856 2043 ἱερω-

264 2067 433 2138 σύνῃ.
465 2066 812 2138 Προσάγουσι
841 2064 952 2139 γὰρ
986 2067 1235 2134 ἑαυτοὺς,
1265 2069 1345 2131 είς
1380 2066 1584 2138 κόσμον
1614 2060 1853 2136 Χριστῷ,

261 2156 523 2227 καθάπερ
554 2155 707 2219 τινὰς
747 2155 930 2219 λίθους
964 2154 1213 2227 τιμίους,
1256 2158 1306 2209 οί
1353 2155 1498 2208 λαῶν
1543 2152 1854 2227 ἡγούμενοι.

266 2224 562 2317 Τοιγάρτοι
593 2247 690 2298 καὶ
713 2246 742 2298 6
776 2224 1066 2317 προφήτής
1092 2246 1217 2309 τοὺς
1248 2245 1439 2315 ἁγίους
1460 2246 1590 2317 ἡμῖν
1624 2224 1859 2297 ἀποστό-

269 2343 399 2403 λους
425 2338 768 2409 καταὼιλῶν,
804 2357 822 2391 ι
859 2338 1032 2403 Δίθοι,
1059 2340 1246 2409 φησὶν,
1284 2338 1430 2406 ἅγιοι
1461 2336 1736 2390 κυλίονται
1766 2334 1860 2388 ἐπὶ

271 2433 372 2503 τῆς
402 2433 525 2503 γῆς·
564 2452 584 2485 ι
619 2433 802 2496 ὁποῖός
829 2424 912 2497 τις
941 2427 1011 2504 ἦν
1048 2434 1077 2487 6
1110 2432 1400 2496 θεσπέσιος
1436 2431 1671 2495 Παῦλος,
1698 2432 1726 2485 6
1751 2430 1861 2486 ἀπὸ

290 2524 654 2598 Ἰερουσαλὴμ
700 2526 798 2580 καὶ
840 2526 944 2590 ἕως
982 2524 1076 2580 τοῦ
1121 2523 1415 2597 Ἰλλυρικοῦ
1455 2524 1723 2596 περιθέων
1774 2521 1861 2577 διὰ

266 2624 336 2673 τὸ
352 2620 641 2690 κήρυγμα.
676 2619 830 2672 Λίθοι
862 2616 1154 2689 τοιγαροῦν
1187 2620 1237 2671 οί
1277 2616 1447 2688 τίμιοι
1474 2617 1568 2671 καὶ
1597 2618 1676 2680 εἰς
1703 2614 1861 2680 δόξαν

269 2708 511 2781 Χριστοῦ
530 2749 548 2775 ,
575 2709 685 2762 τῶν
711 2708 882 2777 ἁγίων
913 2707 973 2762 τὸ
1006 2710 1213 2777 στῖφος.
1246 2702 1372 2760 Εἶεν
1402 2705 1447 2759 δ’
1485 2706 1551 2760 ἂν
1577 2704 1732 2758 αὐτοὶ
1766 2703 1863 2758 καὶ

268 2802 336 2857 τὸ
352 2800 533 2854 ἔλαιον
554 2800 654 2871 τῆς
689 2800 943 2870 χρίσεως,
981 2798 1133 2869 καὶὴ
1171 2796 1420 2860 σύνθεσις
1454 2794 1550 2849 τοῦ
1587 2793 1863 2865 θυμιάμα-

269 2908 398 2959 τος,
424 2891 525 2962 τὴν
562 2889 802 2962 Χριστοῦ
832 2887 1032 2958 γνῶσιν
1071 2886 1478 2952 εῦωδιάζοντες,
1514 2885 1629 2947 καὶ,
1661 2883 1851 2954 ὥσπερ

268 2988 336 3039 ὲν
378 2984 570 3055 ἐλαίῳ,
619 2981 1075 3044 καταπιαίνοντες
1115 2981 1236 3043 ταῖς
1283 2977 1579 3048 πανσόφοις
1614 2975 1865 3028 διδασκα-

1954 519 2122 582 siora,
2161 518 2324 572 exiis
2352 533 2551 588 nempe
2588 532 2711 587 qua:
2740 514 2884 586 apud
2918 529 2976 568 se
3004 511 3287 567 habebant
3333 509 3528 579 praeci-

1952 625 2081 679 pua,
2130 610 2472 665 obtulerunt.
2527 609 2805 678 Scriptum
2857 615 2941 661 est
2965 605 3145 660 enim:
3192 621 3211 654 ι
3242 601 3528 671 Principes

1953 702 2274 755 obtulerunt
2295 701 2507 771 lapides
2535 698 2827 770 smaragdi,
2860 707 2917 752 et
2948 694 3160 767 lapides
3200 693 3526 762 completiu-

1953 791 2039 846 nis
2068 791 2135 845 ad
2163 790 2633 862 superhumerale,
2656 798 2713 844 et
2745 786 3032 849 rationale,
3067 794 3123 839 et
3170 782 3526 852 compositio-

1952 900 2074 949 nes,
2105 894 2163 940 et
2184 885 2365 939 oleum
2397 882 2696 944 unctionis,
2717 889 2773 935 et
2803 877 3257 949 compositionem
3288 873 3529 946 thymia-

1952 976 2115 1032 matis
2147 978 2210 1030 “.
2256 994 2275 1026 ι
2310 973 2509 1029 Annon
2546 988 2673 1027 cum
2726 972 2794 1025 iis
2828 986 2949 1041 qua:
2994 970 3158 1040 paulo
3204 977 3331 1023 ante
3381 966 3529 1020 dicta

1954 1080 2102 1135 sunt,
2129 1070 2246 1125 haec
2267 1067 2614 1138 congruunt?
2646 1065 2782 1121 Nam
2811 1064 2903 1118 illa
2932 1062 3229 1118 multitudo
3256 1067 3528 1132 pugnato-

1954 1178 2078 1217 rum
2107 1177 2175 1216 ex
2199 1159 2381 1230 prmda
2410 1159 2524 1211 Deo
2545 1155 2768 1221 obtulit,
2810 1161 2873 1208 ut
2918 1161 3253 1224 praeceptum
3288 1160 3427 1214 erat,
3458 1147 3529 1203 ab

1952 1256 2175 1311 homine
2202 1268 2375 1324 usque
2412 1252 2478 1308 ad
2510 1266 2711 1322 pecus:
2747 1248 2959 1303 tribuni
3014 1257 3196 1302 autem
3226 1253 3283 1299 et
3331 1252 3528 1299 centu-

1955 1349 2141 1407 riones
2169 1346 2257 1401 bis
2283 1346 2603 1415 adjecerunt
2652 1340 3023 1404 murenulam,
3054 1347 3111 1393 et
3149 1334 3439 1398 armillam,
3473 1342 3530 1388 et

1955 1448 2230 1508 torquem,
2259 1445 2315 1491 et
2340 1435 2624 1497 annulum,
2656 1442 2713 1488 et
2738 1446 2903 1487 omne
2936 1446 3028 1485 vas
3058 1443 3287 1484 aureum
3342 1425 3529 1479 fabre-

1953 1529 2178 1593 factum,
2200 1542 2322 1596 quae
2348 1525 2515 1580 etiam
2563 1524 2621 1577 in
2656 1524 2774 1592 ipso
2815 1530 3009 1583 sancto
3037 1515 3397 1573 tabernaculo
3444 1526 3531 1567 re-

1954 1616 2410 1690 posuitsacerdos
2437 1615 2681 1670 Eleazar.
2736 1613 2806 1668 Et
2835 1612 2930 1666 hic
2973 1623 3186 1671 rursus.
3229 1621 3355 1661 cum
3400 1604 3529 1659 uni-

1957 1725 2115 1765 versa
2139 1706 2363 1779 quidem
2387 1706 2699 1761 adultorum
2728 1702 3027 1759 multitudo
3053 1700 3291 1755 solveret
3310 1696 3528 1760 sielum,

1962 1800 2119 1871 133
2148 1798 2389 1854 oﬂ'erunt
2438 1796 2720 1869 principes
2748 1794 2958 1866 lapides
3002 1793 3208 1847 electos
3232 1787 3300 1843 ad
3327 1801 3530 1857 super-

1957 1894 2238 1950 humerale
2270 1901 2327 1947 et
2360 1890 2629 1946 rationale
2654 1885 3077 1949 conﬁciendum,
3117 1897 3239 1953 quae
3269 1879 3337 1935 ad
3378 1893 3531 1933 sum-

1957 1985 2032 2040 mi
2055 1983 2359 2039 sacerdotis
2391 1989 2779 2036 ornamentum
2802 1977 3103 2048 pertinent.
3131 1972 3268 2028 Nam
3301 1986 3360 2025 se
3385 1969 3535 2040 ipsos

1957 2078 2289 2148 populorum
2319 2075 2509 2137 duces,
2547 2081 2610 2127 ut
2648 2076 2975 2126 ornamento
3001 2068 3113 2123 sint
3136 2064 3379 2127 Christo,
3401 2077 3535 2132 per-

1958 2169 2086 2224 inde
2113 2184 2176 2222 ac
2204 2165 2416 2237 lapides
2446 2164 2714 2235 quosdam
2759 2161 3035 2231 pretiosos
3059 2157 3318 2212 offerunt.
3344 2155 3536 2223 Itaque

1959 2258 2246 2330 propheta,
2279 2270 2403 2310 cum
2428 2260 2645 2308 sanctos
2697 2250 2971 2320 apostolos
3024 2246 3184 2301 nobis
3230 2243 3533 2298 indicaret:

1968 2369 1988 2402 ‹
2014 2348 2281 2419 Lapides,
2323 2366 2341 2398 ι
2380 2344 2591 2415 inquit,
2626 2362 2644 2393 ι
2683 2340 2857 2397 sancti
2886 2338 3184 2393 volvuntur
3215 2347 3381 2403 super
3417 2337 3533 2385 ter-

1962 2457 2078 2496 ram
2105 2440 2172 2505 ⁸⁸,
2198 2458 2216 2490 ι
2251 2435 2428 2509 qualis
2449 2441 2569 2490 erat
2602 2434 2799 2488 beatus
2825 2428 3050 2492 Paulus,
3075 2425 3170 2496 qui
3200 2424 3268 2479 ab
3311 2422 3537 2478 Jerusa-

1962 2530 2070 2586 lem
2113 2529 2181 2583 ad
2208 2526 2485 2599 Illyricum
2510 2538 2685 2593 usque
2720 2518 2991 2575 circuibat
3052 2510 3387 2586 praedicandi
3412 2524 3539 2581 gra-

1966 2623 2039 2677 tia
2069 2622 2136 2676 “.
2169 2618 2407 2689 Lapides
2455 2615 2626 2687 igitur
2667 2610 2919 2684 pretiosi,
2962 2615 3022 2662 et
3055 2605 3123 2661 ad
3153 2600 3362 2659 Christi
3396 2599 3540 2689 glo-

1965 2713 2100 2769 riam
2129 2686 2327 2782 parati,
2366 2686 2685 2762 sanctorum
2732 2700 2980 2757 virorum
3006 2703 3183 2751 enatus
3218 2698 3305 2747 est
3333 2707 3347 2743 :
3372 2686 3541 2743 iidem

1964 2817 2183 2875 quoque
2217 2809 2344 2856 sunt
2366 2800 2548 2854 oleum
2571 2792 2872 2857 unctionis,
2901 2797 2958 2845 et
2981 2782 3354 2859 thymiamatis
3393 2792 3545 2836 com-

1965 2871 2187 2965 positio,
2254 2906 2380 2946 cum
2432 2886 2638 2945 Christi
2688 2882 3060 2955 cognitionem
3115 2876 3268 2931 velut
3313 2871 3544 2928 odorem

1966 2986 2195 3056 spirent,
2221 2993 2277 3039 et
2302 2998 2494 3038 eorum
2519 2980 2733 3036 animos
2765 2974 2860 3045 qui
2895 2969 3169 3043 mysteriis
3196 2965 3544 3027 imbuuntur,

271 3075 416 3138 λίαις
458 3051 555 3129 καὶ
586 3076 699 3137 τοῖς
756 3073 845 3126 διὰ
887 3070 983 3127 τοῦ
1030 3070 1350 3141 Πνεύματος
1389 3068 1567 3138 λόγοις
1615 3068 1712 3133 τὰς
1758 3067 1857 3121 τῶν

1969 3051 2219 3132 doctrina
2273 3084 2330 3130 et
2382 3070 2555 3127 sancti
2594 3067 2835 3138 Spiritus
2863 3063 3047 3119 verbis
3100 3067 3360 3128 tanquam
3423 3051 3545 3106 oleo

277 3164 824 3239 μυσταγωγουμένων
848 3163 1048 3234 ψυχάς.
1090 3161 1351 3219 Σύνθετον
1392 3160 1449 3213 δὲ
1482 3160 1542 3213 τὸ
1592 3158 1862 3230 θυμίαμα·

274 3259 620 3315 συντέθειται
657 3257 768 3328 γὰρ
815 3259 851 3329 ἡ
905 3256 1034 3326 περὶ
1072 3253 1313 3327 Χριστοῦ
1351 3251 1552 3323 γνῶσις
1594 3253 1659 3305 ὲκ
1698 3251 1865 3316 δυοῖν,

1967 3170 2285 3241 pinguiores
2310 3167 2567 3223 reddant.
2601 3164 2661 3218 Id
2683 3177 2815 3216 vero
2846 3158 3145 3231 thymiama
3172 3147 3543 3221 compositum

1968 3239 2115 3328 erat;
2152 3261 2243 3317 illa
2276 3273 2513 3328 namque
2579 3254 2647 3310 de
2677 3253 2899 3308 Christo
2956 3247 3196 3319 cognitio
3249 3239 3550 3311 composita

274 3354 424 3424 ἤπερ
451 3351 600 3405 ἐστὶν
633 3350 693 3403 ὲν
724 3346 907 3418 ταύτῷ
951 3346 1085 3411 Θεὸς
1124 3347 1223 3401 καὶ
1252 3344 1556 3418 ἄνθρωπος·
1612 3343 1751 3416 πλὴν
1788 3339 1857 3409 εἷς

1969 3370 2036 3409 ex
2061 3352 2279 3408 duobus
2304 3357 2391 3405 est
2425 3367 2438 3402 :
2483 3347 2629 3402 idem
2659 3359 2896 3413 namque
2915 3344 3063 3397 Deus
3117 3346 3185 3392 et
3202 3337 3369 3389 homo
3416 3338 3501 3386 est
3530 3347 3545 3397 ;

274 3419 342 3508 se
362 3419 585 3513 ἀμφοῖν,
611 3440 726 3504 υίὸς
754 3440 849 3494 καὶ
872 3438 1127 3511 Χριστὸς,
1156 3436 1292 3505 πρὸς
1324 3436 1383 3491 ὃν
1406 3434 1621 3508 εἴρηταί
1643 3453 1745 3489 που
1776 3435 1857 3488 καὶ

1971 3460 2115 3501 unus
2149 3451 2332 3497 tamen
2371 3456 2439 3513 es
2466 3448 2703 3508 utroque
2734 3434 2881 3488 ﬁlius
2923 3444 3089 3501 atque
3137 3426 3412 3486 Christus,
3457 3419 3548 3476 cui

276 3533 417 3604 πρὸς
457 3548 523 3601 γε
552 3531 711 3604 ἡμῶν
754 3529 970 3584 αὐτῶ-ι’
1031 3546 1050 3580 ι
1100 3528 1287 3599 Μύρον
1340 3526 1641 3582 ὲκκενωθὲν
1686 3526 1859 3598 ὄνομά

280 3640 389 3677 σοι.
440 3642 459 3675 ι

355 3714 565 3781 ΠΑΛΛ.
623 3712 714 3766 Ἑν
759 3708 1044 3780 ἐπισκέψει
1084 3708 1149 3782 δὴ
1180 3705 1275 3765 οὖν
1321 3712 1389 3781 τῇ
1437 3710 1589 3781 παρὰ
1621 3710 1760 3781 Θεῷ,
1809 3710 1872 3764 τὸ

285 3805 532 3877 μάχιμόν
562 3821 623 3859 τε
648 3803 746 3858 καὶ
775 3802 1067 3872 εὔρωστον,
1101 3796 1163 3855 οῦ
1202 3803 1298 3855 καὶ
1323 3803 1352 3855 6
1372 3803 1607 3875 καρπὸς,
1648 3802 1873 3873 Ἐκκλη-

1970 3546 2122 3593 certe
2152 3535 2363 3590 dictum
2399 3539 2505 3596 est,
2549 3539 2606 3586 et
2658 3527 2879 3599 quidem
2906 3542 2938 3579 a
2960 3523 3122 3579 nobis
3168 3517 3333 3589 ipsis:
3390 3533 3409 3566 ι
3432 3513 3547 3576 υηρ

1971 3637 2233 3700 guentum
2257 3624 2595 3681 exinanitum
2619 3635 2821 3676 nomen
2851 3626 3009 3672 tuum
3038 3612 3106 3666 ".
3138 3630 3156 3663 ι

2040 3720 2237 3777 PALL.
2263 3719 2325 3773 In
2355 3714 2696 3787 inspectione
2728 3712 2894 3783 igitur
2925 3708 3024 3764 Dei
3056 3712 3185 3761 sunt
3219 3699 3316 3773 qui
3350 3698 3417 3755 ad
3453 3712 3553 3768 pue

1973 3814 2251 3884 gnandum
2274 3809 2387 3880 apti
2414 3824 2478 3863 ac
2507 3806 2652 3861 ﬁrmi
2678 3812 2826 3868 sunt,
2858 3813 3098 3872 quorum
3124 3795 3290 3851 etiam
3335 3791 3555 3846 fructus

284 3901 417 3954 σιῶν
448 3900 743 3966 σύστασις,
789 3901 986 3956 καὶτὰ
1020 3901 1099 3964 είς
1146 3901 1307 3965 δόξαν
1349 3900 1506 3954 Θεοῦ.
1549 3900 1711 3953 Τουτὶ
1762 3899 1857 3972 γὰε

1973 3879 2058 3958 est
2086 3879 2454 3959 Ecclesiarum
2484 3895 2826 3958 constitutio,
2859 3900 2916 3947 et
2943 3904 3067 3960 qua:
3106 3888 3174 3942 ad
3202 3884 3430 3956 gloriam
3456 3879 3555 3940 Dei

278 3995 422 4065 ἡμῖν
451 3993 711 4064 ἐμφαίνει
748 3992 819 4048 τὰ
848 3992 1200 4065 θεωρήματα.

362 4171 531 4237 ΚΥΡ,
586 4170 794 4243 Ὀρθῶς
831 4169 984 4249 ἔφης.
1017 4170 1233 4247 Κλῆρος
1266 4170 1323 4224 δὲ
1368 4170 1451 4224 ὅτι
1489 4169 1740 4242 λαμπρὸς
1782 4170 1876 4223 καὶ

282 4264 569 4336 ἐξαίρετος
589 4305 605 4326 ,
637 4264 734 4317 καὶ
760 4258 822 4317 τό
854 4280 918 4332 γε
956 4263 1020 4334 δὴ
1054 4264 1250 4335 χρῆναι
1293 4262 1493 4327 παντὸς
1534 4261 1741 4333 ἀγαθοῦ
1779 4280 1876 4334 μεν

284 4359 548 4428 ταλαχεῦδ
567 4398 581 4420 ,
612 4358 727 4421 τοῖς
758 4355 932 4419 οὕτως
961 4355 1271 4426 εὐδοκιμεῖν
1311 4355 1557 4410 εἰωθόσιν
1600 4357 1877 4427 ἀπονεμη-

1974 3995 2270 4064 pertinent.
2307 3993 2366 4047 Id
2393 3992 2543 4047 enim
2594 3988 2894 4055 Scriptum
2919 3982 3038 4036 loca
3073 3977 3142 4033 ad
3172 3972 3553 4042 contemplanq

1975 4087 2107 4141 dum
2141 4082 2422 4153 proposita
2447 4094 2560 4149 prae
2594 4092 2653 4131 se
2677 4076 2823 4130 ferre
2849 4070 3129 4126 videntur.

2045 4176 2202 4231 CYR.
2247 4173 2416 4227 Recte
2442 4168 2602 4227 dicis.
2633 4166 2850 4220 Sortem
2880 4175 3017 4216 vero
3069 4156 3344 4228 insignem
3387 4161 3555 4222 atque

1977 4266 2328 4340 praecipuam,
2388 4266 2444 4315 et
2474 4255 2657 4313 omnis
2701 4251 2831 4307 boni
2879 4245 3437 4304 communicationem
3490 4239 3560 4295 iis

1978 4335 2074 4432 qui
2103 4357 2179 4411 ita
2204 4350 2424 4425 egregie
2446 4365 2506 4405 se
2532 4360 2726 4418 gerere
2757 4341 2906 4399 soliti
2933 4339 3065 4404 sint,
3096 4353 3125 4393 a
3149 4338 3265 4392 Deo
3307 4335 3561 4390 tribuen-

287 4425 523 4519 θήσεται
556 4446 709 4520 παρὰ
739 4446 899 4513 Θεοῦ,
932 4445 1049 4509 πῶς
1082 4425 1209 4518 ἂνῆ
1248 4445 1410 4500 πόθεν
1436 4446 1729 4507 ὲνδοιάσειέ

1982 4425 2106 4506 clam
2133 4463 2276 4512 esse,
2304 4441 2581 4516 quomodo
2632 4447 2730 4499 aut
2787 4436 3063 4491 undenam
3093 4428 3371 4497 ambigere
3409 4425 3552 4494 quis-

292 4518 370 4595 ’Ἠ
389 4541 492 4605 οὒκ
511 4518 722 4605 ἐπαϊεις
748 4537 1220 4609 ἀναμελωδοῦντος
1242 4538 1342 4609 μὲν
1361 4539 1454 4592 τοῦ
1480 4539 1663 4592 Δαόίδθ
1688 4556 1708 4589 ι
1738 4540 1857 4601 Τοὺς

1983 4542 2129 4613 piam
2158 4537 2398 4610 poterit?
2439 4534 2522 4597 An
2554 4539 2611 4587 tu
2666 4528 2892 4584 minime
2922 4520 3149 4583 exaudis
3177 4518 3560 4575 concinentem

290 4634 497 4695 πόνους
518 4631 630 4685 τῶν
656 4629 887 4702 καρπῶν
917 4647 1010 4683 σου
1041 4629 1313 4699 φάγεσαις
1347 4649 1364 4681 ι
1397 4633 1492 4686 καὶ
1522 4631 1628 4703 μὴν
1653 4630 1748 4685 τοῦ
1787 4649 1870 4686 σο-

1982 4607 2181 4689 ὖονίύξ
2206 4650 2222 4681 ι
2246 4628 2488 4683 Labores
2512 4636 2772 4678 manuum
2790 4628 3007 4673 tuarum
3036 4608 3397 4668 manducabis
3418 4607 3511 4660 "?
3536 4627 3553 4657 ι

291 4723 399 4799 φοῦ
450 4724 547 4776 καὶ
604 4697 751 4793 ίεροῦ
810 4697 1139 4792 γράφοντος
1175 4720 1428 4787 Παύλου’
1475 4740 1494 4779 ς
1523 4697 1617 4776 ’θ’ί)
1664 4721 1774 4797 γάρ
1808 4723 1857 4778 ἂι

1983 4724 2211 4780 Paulum
2245 4720 2377 4774 item
2412 4714 2714 4785 sapientem
2751 4710 2906 4764 illum
2944 4714 3110 4777 atque
3140 4715 3357 4758 sacrum
3378 4697 3560 4765 virum

295 4818 502 4888 σπείρῃ
534 4813 841 4888 ἄνθρωπος,
869 4813 1029 4869 τοῦτο
1060 4814 1156 4881 καὶ
1189 4813 1430 4886 θερίσει;
1468 4834 1488 4867 ι

369 4993 584 5060 ΠΔᾹΔ.
630 4992 965 5064 Έπυθόμην.

369 5087 535 5148 ΚΥΡ.
587 5086 908 5159 Ἀνδριεῖται
942 5084 1052 5157 γάρ
1086 5101 1172 5151 τις
1224 5084 1327 5138 οὐκ
1367 5083 1582 5156 ἀμισθὶ,
1628 5085 1720 5139 καὶ
1764 5086 1881 5140 εστι

1980 4817 2060 4871 ita
2126 4813 2494 4869 scribentem:
2539 4825 2557 4859 ι
2593 4803 2752 4873 Quod
2804 4802 2954 4857 enim
3006 4792 3361 4854 seminaverit
3413 4788 3561 4861 quis,

1985 4909 2091 4974 hoc
2117 4913 2173 4960 et
2193 4910 2363 4958 metet
2391 4901 2472 4953 ""l
2506 4919 2524 4951 ι

2054 4996 2253 5055 PALL.
2296 4992 2477 5050 Audio
2518 5005 2672 5046 sane.

2053 5086 2213 5143 (ΝΒ.
2248 5084 2439 5153 Neque
2483 5080 2633 5136 enim
2670 5078 2964 5150 quisquam
3021 5088 3081 5129 se
3132 5069 3353 5127 fortiter
3384 5075 3559 5140 geret,

297 5193 407 5231 mu
451 5178 670 5242 πάντως
714 5177 923 5249 ἀληθὴς
959 5179 990 5230 6
1035 5175 1241 5251 λέγων’
1282 5195 1303 5229 ι
1363 5179 1439 5232 Οὐ
1475 5178 1584 5248 γὰρ
1632 5177 1857 5242 ἄδικοςι

1986 5177 2135 5233 nulla
2169 5176 2424 5231 mercede
2459 5172 2770 5245 proposita;
2811 5177 3004 5238 estque
3031 5165 3150 5221 sine
3182 5163 3352 5218 dubio
3400 5176 3564 5227 veras

296 5270 454 5335 Θεὸς,
485 5251 844 5334 ἐπιλαθίσθαι
874 5268 968 5323 τοῦ
998 5269 1168 5323 κόπου
1200 5269 1355 5341 ὑμῶν
1386 5271 1604 5342 καὶτῆς
1636 5270 1879 5343 ἀγάπης,

1985 5269 2212 5324 omnino
2242 5267 2336 5338 qui
2366 5266 2445 5322 ait
2472 5283 2484 5319 :
2523 5285 2541 5316 ι
2567 5264 2755 5335 Neque
2782 5261 2931 5317 enim
2988 5258 3228 5333 iniustus
3260 5262 3351 5311 est
3395 5254 3559 5319 Deus,

297 5358 373 5432 ἧς
417 5361 750 5428 ἐνεδείξασθε
796 5363 880 5426 είς
914 5361 977 5415 τὸ
1007 5361 1179 5431 ὄνομα
1228 5361 1415 5427 αὐτοῦ.
1469 5382 1487 5414 ι
1527 5362 1852 5435 Ἐπιλήσετα

1987 5369 2049 5417 ιιι
2081 5361 2438 5417 obliviscatur
2473 5357 2680 5413 laboris
2708 5352 2898 5417 vestri,
2929 5359 2986 5406 ct
3016 5346 3348 5406 dilectionis,
3397 5355 3562 5411 quant

373 5479 420 5510 ”
454 5498 627 5553 Exod.
676 5498 953 5563 xxxv,27,
1019 5499 1106 5555 28.

374 5499 419 5510 "
454 5499 627 5553 Exod.
676 5499 953 5563 xxxv,27,
1019 5499 1106 5555 28.
1212 5499 1259 5532 ”
1287 5499 1512 5559 Zachar.
1566 5522 1618 5561 Ix
1700 5506 1784 5562 16.

302 5568 351 5599 ”
376 5568 555 5624 Galat.
591 5584 668 5634 γι,
706 5569 759 5621 8.
1625 5547 1640 5572 ’

377 5709 457 5782 (I)
486 5711 624 5769 Cod.
651 5711 792 5776 νει,
820 5707 1145 5789 τελεώτερα,
1186 5711 1520 5780 perfectiora.

1891 5503 1936 5539 “
1967 5503 2125 5560 Rom.
2177 5517 2266 5565 xv,
2308 5497 2394 5553 l9.

2507 5498 2551 5529 ’⁸
2579 5495 2736 5551 Cant.
2770 5509 2808 5557 ι,
2834 5491 2890 5545 9...
3000 5486 3047 5517 ’⁸
3081 5484 3221 5552 Psal.
3271 5496 3467 5549 cum,
3504 5480 3561 5550 ἢ,
