3954 6200
422 261 529 317 547
1427 264 1484 320 S.
1542 264 1818 322 CYBILLI
1858 267 2332 326 ALEXANDle
2370 269 2693 330 ARCHIEP.
3577 265 3682 324 353

421 379 743 437 ostendistis
768 380 825 435 in
848 395 1048 435 nomen
1097 380 1218 451 ejus
1251 378 1322 432 ".
1350 398 1367 429 ι
1409 380 1587 451 Atque
1618 380 1710 436 ille
1765 382 1990 453 quidem

2110 385 2195 453 ιὲν
2223 385 2424 457 ἥκιστά
2449 403 2535 456 γε,
2565 385 2814 458 διανεμεῖ
2841 385 2899 441 δὲ
2926 386 3010 441 ὅτι
3036 382 3158 441 ’τῶν
3200 384 3377 440 πόνων
3413 383 3483 438 τά
3520 384 3679 458 γέρα,

424 473 652 528 minime
712 471 1107 536 obliviscetur;
1144 470 1263 525 fore
1301 478 1486 525 autem
1535 479 1595 526 ut
1642 470 1710 526 iis
1747 472 1999 528 laborum

2110 481 2212 542 τοῖς
2240 480 2496 552 ἀνωτέρω
2533 479 2898 552 μαλακισμοῦ,
2928 479 3022 534 τοῦ
3051 478 3477 543 καταϐιὰξοντος
3509 479 3590 542 είς
3619 479 3681 533 τὸ

425 566 649 634 praemia
688 563 916 626 tribuat,
948 563 1040 633 qui
1070 562 1238 616 animi
1263 562 1585 632 languorem
1614 563 1683 618 ad
1713 573 2001 634 peccatum

2110 566 2452 638 πλημμελὲς,
2498 568 2906 641 πληροφορήσει
2958 569 3120 623 πάλιν
3160 568 3231 622 τά
3277 570 3335 623 ἐν
3377 570 3489 631 τοῖς
3531 569 3678 638 ’Δρι-

423 656 815 725 perducentem
849 655 1182 724 superarint,
1215 661 1537 724 argumento
1567 663 1694 708 sunt
1722 670 1786 709 ea
1806 669 2002 713 rursus

2110 655 2133 708 θ
2142 661 2261 726 μοῖς
2282 659 2663 730 γεγραμμένα’
2693 678 2713 712 ι
2744 661 2854 715 Kal
2875 659 3105 730 ἐλάλησε
3124 659 3327 730 Κύριος
3353 659 3489 729 πρὸς
3508 658 3677 729 Μωσῆ

425 761 547 814 qua:
570 745 772 814 scripta
800 753 929 800 sunt
954 745 1010 799 in
1033 745 1319 800 Numeris:
1368 764 1386 796 ι
1412 745 1482 799 Ει
1505 745 1727 801 locutus
1759 754 1845 801 est
1897 749 2004 803 Do-

2110 749 2201 803 καὶ
2267 750 2530 822 Ἐλεάζαρ
2582 751 2674 806 τὸν
2723 752 2871 824 ίερέα
2919 752 3125 821 λέγων·
3160 751 3307 805 Λάϐε
3356 751 3456 822 τὴν
3511 749 3679 820 ἀρχὴν

426 838 609 893 minus
642 838 712 892 ad
758 838 980 910 Moysen
1008 847 1067 894 et
1120 839 1450 894 Eleazarum
1511 839 1880 905 sacerdotem,
1916 840 2004 895 di-

2110 840 2286 910 πάσης
2312 843 2632 912 συναγωγῆς
2659 841 2788 895 υἱῶν
2827 843 3061 914 Ἰσραὴλ,
3087 842 3195 896 ἀπὸ
3223 839 3568 903 είκοσαετοῦς
3590 841 3682 894 καὶ

425 945 587 983 cens:
613 930 857 1001 Accipite
878 947 1146 986 summam
1172 935 1350 988 omnis
1374 934 1818 1007 congregationis
1840 933 2005 989 Israel

2110 931 2311 996 ἐπάνω,
2339 931 2461 985 κατ’
2483 933 2663 997 οἴκους
2689 933 2934 1005 πατριῶν
2960 933 3160 987 αὐτῶν·
3205 933 3313 995 πᾶς
3336 932 3364 984 6
3392 930 3684 1003 ἐκπορευό-

435 1036 466 1075 a
490 1022 684 1093 viginti
715 1024 873 1078 annis
907 1034 964 1078 et
990 1040 1176 1095 supra,
1209 1028 1373 1099 134
1400 1045 1500 1098 per
1548 1029 1741 1099 dumos
1774 1026 2006 1081 familia-

2111 1038 2271 1093 μενος
2318 1023 2733 1092 παρατάξασθαι
2774 1026 2832 1078 ἐν
2877 1024 3113 1095 Ἰσραήλ.
3156 1041 3174 1074 ι
3214 1019 3347 1076 Εἶτα
3390 1020 3685 1091 γενομένης

427 1128 552 1167 rum
621 1115 866 1184 ipsorum
904 1135 917 1170 :
960 1120 1142 1174 omnis
1185 1120 1280 1189 qui
1325 1120 1606 1191 egreditur
1650 1119 1719 1173 ad
1754 1132 2006 1188 pugnan-

2110 1112 2209 1183 τῆς
2248 1113 2675 1186 ἀπαριθμήσεως
2713 1116 2854 1170 κατά
2883 1115 3110 1187 δήμους,
3165 1112 3433 1167 καὶκατὰ
3477 1111 3681 1182 φυλὰς,

426 1205 557 1260 dum
594 1208 647 1261 in
691 1208 857 1264 Israel
881 1210 945 1263 ”.
979 1230 998 1261 ›
1025 1210 1261 1278 Deinde,
1294 1210 1436 1266 facta
1465 1210 1879 1267 enumeratione
1912 1224 2006 1279 per

2111 1205 2360 1277 ἐπιφέρει
2392 1206 2573 1261 πάλιν·
2612 1226 2630 1260 ι
2666 1208 2777 1262 Καὶ
2807 1207 3037 1277 ἐλάλησε
3076 1206 3282 1277 Κύριος
3314 1204 3450 1277 πρὸς
3489 1203 3683 1273 Μωσῆι

426 1299 661 1368 populos
695 1310 751 1354 et
787 1301 986 1366 tribus,
1017 1301 1186 1358 infert
1218 1305 1420 1360 iterum
1456 1321 1470 1358 :
1517 1324 1534 1354 ‹
1560 1304 1630 1358 Et
1667 1304 1886 1358 locutus
1931 1311 2006 1357 est

2111 1297 2312 1365 λέγων·
2360 1298 2583 1364 Τούτοις
2616 1299 3006 1371 μερισθήσεται
3039 1301 3073 1370 ὴ
3104 1299 3174 1368 γῆ
3224 1297 3580 1369 κληρονομεῖν
3627 1294 3690 1360 ἐξ

425 1392 694 1448 Dominus
717 1394 786 1448 ad
840 1394 1088 1466 Moysen,
1129 1396 1318 1452 dicens
1344 1416 1357 1451 :
1380 1397 1478 1452 His
1508 1397 1871 1452 distribuetur
1897 1404 2006 1450 ter-

2114 1387 2346 1460 ἀριθμοῦ
2377 1391 2654 1461 ὀνομάτων
2672 1407 2689 1423 ·
2720 1392 2831 1455 τοῖς
2860 1391 3070 1445 πλείοσι
3101 1390 3415 1453 πλεονάσεις
3438 1390 3536 1460 τὴν
3564 1387 3690 1459 κλη-

424 1498 507 1544 ra.
533 1494 595 1539 ut
628 1501 750 1540 eam
808 1487 1126 1556 possideant
1156 1504 1224 1542 ex
1262 1505 1501 1544 numero
1533 1489 1854 1544 nominum:
1889 1487 2006 1557 plu-

2118 1478 2393 1551 ρονομίαν,
2414 1482 2638 1545 καὶτοῖς
2658 1483 2934 1537 ἐλάττοσιν
2954 1480 3279 1546 ἐλαττώσεις
3305 1481 3406 1553 τὴν
3430 1481 3690 1551 κληρονο-

425 1575 581 1630 ribus
620 1578 880 1646 majorem
912 1579 1301 1635 licereditatem
1339 1580 1517 1645 dabis,
1554 1586 1612 1635 ct
1661 1578 2006 1650 paucioribus

2121 1570 2248 1641 μίαν
2299 1572 2504 1627 αὐτῶνο
2535 1575 2779 1645 ἑκάστῳ,
2808 1573 2990 1638 καθὼς
3016 1573 3437 1644 ὲπεσκέπησαν,
3467 1572 3690 1644 δοθήσε-

423 1666 699 1721 minorem
750 1668 909 1724 dabis
955 1670 1340 1727 hereditatem
1398 1671 2006 1743 ipsoruntzunicuique,

2117 1678 2207 1714 ται
2236 1663 2271 1733 ἡ
2293 1662 2624 1735 κληρονομία
2658 1665 2870 1731 αὐτῶν,
2899 1666 3006 1720 ἀνὰ
3040 1667 3206 1736 μέσον
3234 1664 3443 1719 πολλῶν
3468 1664 3564 1718 καὶ
3584 1663 3691 1718 ὀλί-

423 1755 568 1811 sicut
596 1760 852 1814 recensiti
871 1769 1018 1826 sunt,
1037 1762 1261 1817 dabitur
1285 1762 1583 1817 haereditas
1614 1777 1809 1818 eorum
1839 1760 2006 1834 :[per

2110 1769 2239 1822 γων.
2275 1773 2294 1807 ι
2325 1755 2435 1808 Kal
2466 1755 2629 1827 νόμος
2663 1757 2763 1828 μὲν
2791 1749 2946 1822 οὗτος
2975 1755 3068 1809 ἐπί
3099 1774 3163 1824 γε
3190 1756 3252 1809 τὸ
3273 1756 3471 1827 χρῆναι
3502 1754 3690 1826 κληρο-

424 1856 602 1903 sortes
631 1849 916 1905 dividetur
936 1861 1084 1907 terra
1118 1854 1472 1920 nominibus;
1504 1869 1604 1924 per
1630 1853 1804 1908 tribus
1846 1852 2006 1907 fami-

2110 1848 2293 1917 νομεῖν
2321 1846 2449 1910 τοὺς
2486 1847 2547 1901 τὸ
2579 1848 2822 1902 εἰκοστὸν
2848 1848 2952 1920 ήδη
2976 1848 3261 1919 τρίϐοντας
3289 1847 3428 1911 ἔτος.
3453 1846 3609 1901 Μετὰ
3627 1846 3688 1901 δέ

423 1938 622 1994 liarum
656 1957 876 1996 suarum
908 1942 1288 1998 hteredilatem
1311 1954 1720 2016 consequentur
1740 1961 1753 1997 :
1777 1960 1843 1998 ex
1860 1953 2006 1999 sorte

2110 1951 2172 2003 γε
2200 1936 2294 1989 τὸν
2330 1937 2655 2009 ἐκλογισμὸν
2683 1939 2782 2010 τῆς
2800 1937 3054 2008 ἀγελαίου
3076 1937 3314 2009 πληθύος
3333 1977 3347 2002 ,
3368 1937 3691 2009 ἐπαριθμεῖο

423 2030 638 2085 divides
666 2031 1043 2088 hereditatem
1084 2035 1329 2105 ipsorum
1362 2033 1483 2106 (1)]
1529 2033 1674 2089 inter
1724 2035 1928 2091 multos
1952 2042 2006 2090 et

2110 2040 2197 2077 ται
2222 2024 2284 2078 τὸ
2307 2025 2460 2094 γένος
2488 2025 2548 2080 τὸ
2572 2025 2874 2080 Λευῖτικόνυ
2906 2045 2924 2078 ι
2949 2027 3059 2080 Kal
3072 2027 3121 2079 οί
3143 2024 3303 2089 υίοὶρ
3338 2024 3523 2099 φησιν,
3545 2042 3565 2075 ι
3595 2022 3691 2076 τοῦ

423 2135 627 2190 paucos
646 2122 710 2177 '°.
735 2142 753 2173 ›
776 2121 954 2193 Atque
981 2124 1098 2178 haec
1119 2125 1340 2194 quidem
1358 2124 1444 2179 lex
1460 2134 1564 2190 est,
1587 2140 1694 2195 qua
1715 2133 1861 2180 sorte
1880 2141 2006 2195 pos-

2110 2117 2242 2172 Λευτ
2268 2118 2409 2172 κατὰ
2436 2120 2642 2191 δήμους
2677 2119 2857 2173 αὐτῶν
2892 2119 2973 2191 τῷ
3010 2117 3258 2185 Γεδσὼν,
3296 2117 3470 2188 δῆμος
3502 2118 3531 2169 ὀ
3573 2113 3696 2168 Γεδ-

423 2212 628 2267 sessuri
658 2223 819 2268 erant
844 2214 1220 2270 haarcditatem
1252 2215 1291 2270 ii
1314 2214 1408 2285 qui
1432 2231 1637 2270 annum
1659 2217 1772 2287 jam
1804 2215 2006 2287 vigesi-

2112 2211 2261 2276 σωνὶ,
2289 2209 2366 2282 τῷ
2396 2211 2551 2266 Καάθ
2571 2255 2586 2276 ,
2616 2212 2788 2282 δῆμος
2816 2213 2845 2264 6
2879 2211 3079 2276 Κααθὶ,
3119 2209 3197 2281 τῷ
3231 2209 3452 2280 Μεραρὶ
3471 2248 3486 2273 ,
3519 2207 3694 2279 δῆμος

423 2318 574 2358 mum
596 2287 838 2375 agerent.
863 2306 994 2360 Post
1024 2308 1401 2363 recensionem
1427 2309 1594 2379 igitur
1621 2308 1861 2378 vulgaris
1893 2317 2006 2363 tur-

2110 2302 2138 2354 6
2162 2302 2406 2374 Μεραρί·
2433 2297 2577 2357 οὗτοι
2605 2304 2766 2375 δῆμοι
2805 2297 2934 2356 υἱῶν
2964 2303 3118 2356 Λευΐ.
3152 2320 3170 2353 ι
3206 2300 3317 2353 Καὶ
3358 2297 3563 2370 μεταξὺ
3594 2314 3693 2367 γε·

423 2391 527 2460 bze,
567 2412 740 2466 genus
766 2396 1074 2452 Leviticum
1104 2408 1358 2453 numerat
1385 2417 1397 2452 :
1436 2418 1455 2450 ι
1486 2398 1555 2453 Ει
1584 2397 1703 2462 ﬁlii,
1747 2418 1765 2449 ι
1797 2399 1997 2468 inquit,

2110 2394 2444 2466 νεαλογήσας
2487 2395 2731 2458 Μωσέως
2776 2412 2837 2447 τε
2870 2395 2997 2467 πέρι
3036 2395 3130 2448 καὶ
3170 2391 3402 2465 Ἀαρὼν,
3443 2389 3694 2462 ἐπιφέρει

432 2502 451 2535 ι
478 2484 611 2539 Levi
647 2502 746 2555 per
771 2488 1005 2557 populos
1035 2503 1228 2542 eorum
1259 2506 1272 2541 :
1298 2487 1509 2543 Gerson
1542 2488 1779 2558 populus
1806 2487 2006 2543 Gerso-

2111 2485 2274 2538 πάλιν
2319 2485 2449 2556 περὶ⁵
2491 2486 2598 2540 τῶν
2632 2486 2765 2540 υίῶν
2805 2487 2970 2540 Λευΐ⁸
3009 2505 3028 2539 ι
3088 2486 3200 2539 Καὶ
3245 2482 3583 2554 ἐγενήθησαν
3631 2480 3694 2546 ἐξ

423 2575 689 2641 nitarum,
723 2577 892 2631 Caath
915 2579 1154 2647 populus
1183 2578 1587 2644 Caathitarum,
1611 2579 1809 2633 Met-ari
1831 2594 2006 2649 popu-

2110 2576 2450 2646 ἐπισκέψεως
2495 2576 2674 2630 αὐτῶν
2720 2579 2871 2649 τρεῖς
2922 2576 3017 2630 καὶ
3062 2575 3235 2629 εἴκοσι
3275 2573 3547 2644 χιλιάδες,
3582 2572 3694 2625 πᾶν

424 2666 514 2737 lus
546 2668 971 2723 Meraritarum:
1006 2668 1065 2722 hi
1109 2669 1299 2739 populi
1327 2669 1566 2724 ﬁliorum
1613 2668 1746 2725 Levi
1769 2669 1832 2724 ³⁸.
1866 2689 1885 2722 ›
1918 2670 2006 2725 In-

2111 2666 2398 2737 ἀρσενικδν
2430 2666 2537 2719 ἀπὸ
2572 2667 2823 2737 μηνιαίου
2850 2666 2945 2720 καὶ
2971 2667 3155 2719 ἐπάνω
3175 2682 3188 2695 ·
3238 2665 3300 2718 ού
3345 2668 3455 2734 γὰρ
3504 2677 3698 2715 συνεπ-

426 2763 512 2809 ter
532 2756 666 2819 haec,
695 2771 821 2811 cum
868 2774 1042 2828 genus
1077 2759 1247 2830 Moysi
1290 2767 1347 2814 et
1377 2759 1563 2814 Aaron
1621 2761 2006 2825 recensuisset,

2111 2758 2423 2825 εσκέπησαν
2451 2758 2511 2809 ὲν
2527 2761 2636 2819 τοῖς
2650 2758 2783 2820 υἱοῖς
2808 2757 3046 2829 Ἰσραήλ.
3067 2757 3175 2809 Kal
3198 2754 3336 2824 αὕτη
3354 2757 3384 2825 ἡ
3404 2750 3697 2821 ἐπίσκεψις

427 2842 594 2899 infert
616 2845 816 2899 iterum
849 2847 917 2902 de
951 2847 1080 2903 ﬁliis
1113 2848 1244 2903 Levi
1271 2866 1284 2902 :
1324 2867 1342 2899 ι
1368 2849 1438 2903 Et
1469 2847 1786 2905 fueruntex
1813 2864 2008 2904 recen-

426 2933 581 2987 sione
601 2948 796 2989 corum
810 2936 913 2990 tria
933 2924 1194 3008 etviginti
1233 2936 1405 2991 millia
1426 2953 1439 2989 :
1463 2951 1623 2992 omne
1643 2937 2009 2992 masculinum

426 3023 496 3079 ab
530 3039 638 3078 uno
659 3040 845 3081 mense
871 3035 928 3080 et
951 3042 1145 3097 supra:
1168 3044 1278 3082 non
1301 3026 1452 3083 enim
1478 3028 1862 3083 connumerati
1882 3035 2011 3083 sunt

428 3114 485 3170 in
523 3113 652 3170 ﬁliis
678 3116 847 3172 Israel
872 3135 886 3183 ;
924 3118 1053 3187 quia
1082 3135 1194 3174 non
1212 3127 1297 3174 est
1329 3119 1411 3175 eis
1442 3119 1569 3174 data
1593 3135 1714 3175 sors
1740 3119 1796 3173 in
1825 3120 2010 3175 medio

429 3204 672 3260 ﬁliorum
703 3206 893 3263 Israel.
934 3209 1004 3264 Et
1053 3210 1171 3265 lucc
1202 3211 1513 3266 numeratio
1542 3212 1742 3282 Moysis
1763 3220 1819 3268 et
1846 3212 2011 3267 Elea-

430 3310 524 3351 zar
551 3297 877 3364 sacerdotis,
928 3299 1024 3369 qui
1061 3312 1496 3358 numeraverunt
1555 3301 1697 3359 ﬁlios
1746 3304 1913 3360 Israel
1951 3304 2009 3360 in

423 3385 673 3444 Araboth
700 3391 878 3458 Moab,
908 3393 964 3447 in
986 3395 1246 3462 Iordane,
1277 3405 1465 3452 contra
1486 3398 1725 3453 Iericho.
1757 3399 1825 3452 Et
1846 3399 1900 3453 in
1925 3399 2012 3454 his

424 3492 537 3533 non
569 3491 690 3534 erat
720 3482 887 3539 homo
913 3501 980 3540 ex
1015 3486 1083 3542 iis
1128 3488 1224 3557 qui
1256 3489 1533 3544 numerati
1553 3488 1777 3545 fuerant
1807 3507 1838 3545 a
1865 3491 2014 3563 Moy-

424 3585 484 3625 se
506 3578 564 3624 et
599 3573 799 3639 Aaron,
834 3592 974 3644 quos
996 3588 1432 3633 numeraverunt
1463 3580 1605 3635 ﬁlios
1631 3581 1799 3637 Israel
1827 3582 1883 3636 in
1909 3581 2007 3636 de-

327 3678 333 3683 '
424 3672 575 3718 serto
602 3665 919 3735 Sina;quia
971 3669 1401 3726 dixitDominus
1456 3672 1627 3741 ipsis:
1658 3673 1834 3728 Morte
1887 3688 2009 3728 mo-

2110 2846 2284 2918 Μωσῆ
2313 2848 2409 2900 xal
2448 2847 2712 2915 Ἐλεάζαρ
2739 2846 2835 2900 τοῦ
2861 2848 3069 2918 ἱερέως,
3098 2845 3145 2899 οἳ
3170 2844 3543 2914 ἐπεσκέψαντο
3567 2844 3696 2905 τοὺς

2114 2940 2264 3003 υἱοὺς
2302 2939 2518 3011 Ἰσραὴλ
2547 2939 2604 2995 ἐν
2655 2938 2898 3011 Ἀραϐὼθ
2941 2937 3113 2993 Μωὰδ
3161 2938 3252 2990 ἐπὶ
3292 2936 3386 2990 τοῦ
3431 2934 3695 3006 Ἰορδάνου

2116 3029 2256 3084 κατὰ
2309 3029 2539 3101 Ἰεριχώ.
2583 3030 2691 3084 Kal
2718 3032 2776 3084 ἐν
2803 3030 3014 3094 τούτοις
3043 3032 3143 3084 οὐκ
3170 3024 3236 3102 ἦν
3269 3030 3555 3099 ἄνθρωπος
3584 3029 3696 3084 τῶν

2112 3122 2540 3193 ἐπεσκεμμένων
2571 3121 2678 3176 ὑπὸ
2706 3122 2878 3193 Μωσῆ
2919 3122 3015 3175 xal
3057 3121 3300 3193 Ἀαρὼν,
3339 3121 3433 3186 οὓς
3459 3120 3698 3175 ἐπεσκέ-

2112 3213 2281 3283 tivaer
2308 3215 2435 3278 τοὺς
2461 3214 2610 3278 υἱοὺς
2643 3214 2860 3285 Ἰσραὴλ
2890 3216 2947 3268 ἐν
2968 3216 3035 3286 τῇ
3066 3214 3257 3286 ἐρήμῳ
3281 3215 3432 3286 Σινᾷ,
3466 3214 3548 3268 ὃτι
3573 3209 3697 3267 εἷπε

2092 3304 2316 3382 ᾳΚύριος
2348 3306 2562 3371 αὐτοῖς’
2599 3306 2826 3378 Θανάτῳ
2853 3296 3251 3362 ἀποθανοῦνται
3293 3308 3350 3360 ἐν
3377 3308 3444 3377 τῇ
3481 3306 3695 3377 ἐρήμῳ,

2112 3397 2208 3450 καὶ
2250 3395 2312 3448 ού
2343 3395 2673 3469 κατελείφθη
2706 3395 2766 3461 ἐξ
2806 3396 2985 3450 αὐτῶν
3027 3396 3146 3450 οὐδὲ
3189 3391 3290 3461 εἷς,
3340 3396 3480 3466 πλὴν
3513 3394 3699 3448 Χαλέδ

2112 3488 2226 3552 υἱὸς
2266 3487 2512 3558 ἰεφωνῆ,
2559 3488 2655 3542 καὶ
2715 3486 2922 3559 Ἰησοῦς
2962 3490 2990 3541 ὀ
3022 3488 3114 3542 τοῦ
3141 3488 3319 3558 Ναυῆ.
3364 3507 3384 3540 ι
3419 3487 3530 3542 Kal
3562 3486 3698 3557 φέρε

2116 3580 2202 3648 ἂν,
2231 3581 2394 3635 πάλιν
2427 3581 2788 3653 ἐπιτροχάδην
2844 3582 2939 3636 καὶ
2967 3580 3072 3635 άνά
3105 3580 3271 3652 μέρος
3301 3580 3508 3633 ἕκαστα
3534 3577 3699 3631 διῖόν·

2113 3689 2226 3737 τες,
2255 3672 2502 3744 λέγωμεν
2543 3672 2876 3743 σαφέστερόν
2906 3690 2967 3726 τε
2999 3673 3095 3727 καὶ
3118 3673 3551 3744 εὐκρινέστερον.

424 3758 638 3813 rientur
666 3759 722 3813 in
747 3759 997 3827 deserto;
1029 3771 1085 3817 et
1134 3780 1243 3819 non
1272 3764 1377 3818 fuit
1404 3764 1633 3820 relictus
1662 3782 1731 3821 ex
1750 3766 1832 3822 eis
1864 3783 2044 3838 neque
2092 3783 2255 3833 unus,
2286 3777 2653 3839 praeterquam
2700 3767 2867 3824 Caleb
2900 3767 3046 3823 ﬁlius
3069 3767 3333 3838 Jephone,
3358 3774 3415 3819 et
3433 3764 3594 3819 Jesus
3628 3761 3696 3816 ﬁ-

423 3849 533 3907 lius
558 3849 706 3905 Nave
723 3851 786 3905 ³⁹.
813 3871 831 3903 ι
870 3851 982 3924 Age
1006 3854 1192 3924 igitur,
1220 3856 1402 3912 denuo
1422 3846 1624 3913 cursim
1645 3874 1709 3913 ac
1732 3875 1832 3929 per
1854 3868 2037 3929 partes
2071 3861 2284 3932 singula
2307 3870 2726 3931 prosequentes,
2751 3859 2999 3916 dicamus
3041 3860 3244 3915 clarius
3262 3874 3327 3914 ac
3356 3858 3700 3916 distinctius.

495 3945 692 4000 PALL.
720 3946 992 4017 Eloquere
1021 3949 1204 4018 itaque
1240 3950 1380 4005 nihil
1411 3960 1732 4020 cunctatus;
1767 3971 1895 4008 nam
1944 3954 2002 4009 in

2183 3957 2389 4011 IIAAA.
2420 3954 2599 4027 Φράζε
2633 3955 2694 4026 δὴ
2733 3952 2824 4009 οὖν
2857 3956 3092 4026 ὀκνήσας
3130 3955 3304 4020 οὐδὲν,
3343 3954 3418 4017 ὡς
3447 3954 3505 4009 ἐν
3537 3970 3604 4023 γε
3628 3955 3695 4025 δὴ

422 4037 694 4108 ejusmodi
717 4039 885 4093 rebus
909 4039 1215 4110 jucundum
1239 4051 1323 4098 est
1347 4053 1539 4115 argute
1573 4044 1869 4101 disserere.

2110 4046 2314 4111 τούτοις
2346 4048 2443 4118 ἡδὺ
2485 4047 2547 4100 τὸ
2581 4047 2968 4117 στενολεσχεῖν.

486 4128 645 4184 CYR.
703 4130 874 4200 Igitur
926 4131 984 4185 in
1012 4148 1188 4202 pauca
1248 4136 1661 4205 pr0positorum
1706 4136 2001 4192 verborum

2180 4137 2346 4191 ΚΥΡ.
2396 4135 2605 4193 Οὐκοῦν
2656 4137 2714 4188 ἐν
2761 4135 2960 4204 ὀλίγοις
3011 4134 3122 4189 τῶν
3175 4134 3555 4206 προκειμένων
3598 4132 3693 4188 τὸν

425 4234 650 4275 sensum
683 4222 1050 4289 conferentes,
1084 4224 1221 4281 illud
1242 4225 1478 4282 dicimus
1506 4246 1519 4281 :
1571 4228 1831 4285 Adultam
1882 4246 2006 4283 rur-

2110 4229 2233 4286 νοῦν
2290 4229 2723 4300 συναγείροντες,
2772 4227 2947 4280 ἐκεῖνό
2992 4244 3204 4297 φαμεν·
3247 4226 3319 4279 Τὸ
3371 4226 3581 4297 ήδηκὸς
3624 4225 3693 4297 δὴ

425 4327 520 4367 sus
549 4320 606 4367 et
642 4313 774 4368 belli
813 4330 923 4369 non
972 4316 1219 4387 ignaram
1250 4327 1469 4375 aetatem
1517 4323 1798 4377 numerari
1847 4322 2006 4393 jubet

2110 4321 2291 4385 πάλιν,
2322 4320 2417 4372 καὶ
2458 4317 2557 4388 τὴν
2589 4316 3059 4388 ἐμπειροπόλεμον
3093 4315 3305 4387 ἡλικίαν
3350 4314 3689 4386 ἀπαριθμεῖ-

424 4402 591 4459 Deus.
628 4402 699 4460 Ut
729 4406 878 4460 enim
899 4408 1014 4477 jam
1060 4410 1216 4478 prius
1252 4409 1510 4476 diximus,
1552 4413 1755 4482 cogniti
1793 4421 1850 4467 et
1902 4412 2000 4467 de-

2110 4411 2229 4465 σθαι
2269 4412 2378 4464 δεῖν
2420 4409 2747 4481 προστάττει
2780 4407 2931 4470 Θεός.
2983 4408 3071 4470 Ὠς
3102 4409 3207 4478 γὰρ
3246 4407 3344 4478 ἤδη
3381 4405 3694 4476 φθάσαντες

425 4495 616 4566 scripti
650 4506 780 4552 sunt
807 4498 953 4568 apud
1000 4501 1195 4565 Deum,
1244 4509 1301 4555 et
1335 4501 1391 4556 in
1429 4502 1635 4556 librum
1695 4503 2004 4559 viventium

2110 4502 2350 4572 εἴπομεν,
2386 4502 2443 4553 ἐν
2474 4497 2675 4569 γνώσει
2720 4515 2779 4551 τε
2814 4498 2906 4551 καὶ
2939 4498 3234 4568 ἀπογραφῇ
3268 4498 3333 4568 τῇ
3360 4496 3513 4567 παρὰ.
3544 4495 3689 4565 Θεῷ,

424 4588 606 4653 relati,
631 4604 741 4643 non
767 4589 1018 4645 imbelles
1044 4590 1361 4658 evinﬁrmi,
1392 4609 1573 4662 neque
1607 4594 1769 4663 pueri
1818 4595 2002 4650 adhuc

2110 4594 2192 4648 καὶ
2215 4596 2271 4647 ἐν
2300 4592 2466 4664 βίϐλῳ
2497 4592 2735 4657 ζώντων,
2769 4591 2828 4644 ού
2863 4593 2922 4644 τὸ
2944 4590 3137 4644 ἄναλκι
3164 4591 3256 4644 καὶ
3284 4589 3531 4660 ἀδρανὲς,
3563 4587 3690 4643 οὔτε

424 4691 612 4743 sensu,
638 4678 735 4734 sed
762 4680 1079 4750 quicunque
1135 4681 1308 4738 fortes
1354 4690 1411 4739 et
1455 4684 1631 4754 parati
1667 4683 1737 4738 ad
1792 4684 1999 4740 bellum

2110 4685 2208 4757 μὴν
2242 4685 2302 4738 τὸ
2332 4684 2414 4738 ἔτι
2454 4683 2723 4756 νηπιάζον
2754 4682 2893 4737 κατὰ
2920 4682 3018 4754 τὴν
3067 4682 3358 4754 φρόνησιν,
3409 4679 3547 4733 ἀλλὰ
3580 4682 3690 4734 πᾶν

424 4784 552 4824 cum
596 4770 746 4825 vitiis
776 4779 941 4841 atque
998 4781 1224 4842 peccato
1253 4776 1578 4847 gerendum,
1631 4785 1689 4833 et
1722 4776 1884 4834 ﬁrma
1937 4794 2003 4836 ac

2110 4777 2221 4831 5σον
2259 4778 2408 4831 ἐστὶν
2465 4775 2718 4838 εύσθενές
2766 4791 2826 4827 τε
2858 4773 2958 4845 ἤδη
2988 4775 3080 4826 καὶ
3121 4772 3333 4843 ἕτοιμον
3381 4771 3463 4834 είς
3508 4770 3692 4839 παρά-

424 4861 607 4917 stabili
661 4873 790 4918 sunt
840 4864 1153 4934 sapientia,
1215 4876 1272 4924 et
1337 4872 1450 4941 apti
1504 4872 1615 4943 jam
1667 4872 1737 4927 ad
1789 4889 1856 4929 ea
1903 4890 2001 4945 ge-

2110 4870 2246 4938 ταξιν
2286 4868 2385 4942 τὴν
2443 4866 2588 4923 κατά
2629 4866 2819 4920 παθῶν
2859 4882 2917 4918 τε
2949 4864 3041 4919 καί
3071 4863 3366 4934 ἁμαρτίας,
3399 4861 3494 4914 καὶ
3525 4861 3691 4931 βεὸη-

423 4953 596 5009 renda
648 4971 713 5012 ac
767 4956 1139 5026 perﬁcienda,
1192 4944 1337 5031 quae
1386 4963 1531 5020 Deus
1579 4964 1713 5020 velit
1761 4982 1774 5019 :
1839 4944 1995 5038 135

2110 4963 2200 5028 κός
2231 4966 2312 5029 εἰς
2354 4962 2607 5027 σύνεσιν,
2658 4957 2934 5030 εὐπρεπές
2971 4973 3032 5009 τε
3071 4954 3171 5027 ἢδη
3215 4954 3349 5026 πρὸς
3380 4952 3442 5006 τὸ
3486 4952 3690 5025 χρῆναι

424 5042 592 5099 iidem
639 5062 739 5116 per
794 5048 991 5116 tribus,
1037 5060 1095 5106 et
1151 5067 1220 5107 ex
1281 5054 1526 5120 nomine,
1578 5065 1636 5110 et
1683 5057 2000 5127 singulatim

426 5144 629 5193 terram
655 5140 837 5209 partiti
868 5150 1015 5196 sunt.
1046 5142 1303 5199 Heredes
1324 5160 1560 5216 namque
1582 5152 1748 5201 terra;
1777 5154 1999 5212 sanctas,

424 5235 484 5284 et
498 5238 842 5298 speratorum
858 5230 1129 5287 bonorum
1158 5233 1456 5304 participes
1470 5243 1633 5289 erunt
1657 5234 1694 5289 ii
1713 5234 1779 5290 de
1799 5234 2003 5305 quibus

424 5320 725 5391 loquimur,
751 5338 850 5393 per
873 5324 1051 5380 tribus
1083 5333 1141 5380 et
1175 5324 1431 5392 familias,
1468 5337 1529 5381 ut
1557 5326 1613 5381 in
1636 5326 1749 5380 illis
1780 5327 1999 5382 verbis:

436 5429 454 5462 ι
481 5412 631 5469 Beati
660 5414 823 5470 mites
846 5456 860 5480 ,
893 5417 1153 5487 quoniam
1191 5416 1298 5487 ipsi
1331 5416 1737 5473 hzereditabunt
1763 5430 1999 5487 terram;

430 5503 575 5561 beati
617 5508 1038 5574 misericordes,
1087 5509 1348 5581 quoniam
1402 5508 1505 5581 ipsi
1569 5510 2002 5567 misericordiam

507 5622 551 5653 ²¹¹
583 5624 747 5681 Ichr.
778 5644 852 5692 vt,
895 5628 979 5683 10.
1057 5629 1102 5661 ²⁹
1140 5629 1298 5684 Νιιηι.
1342 5646 1487 5693 xxvi,
1559 5629 1613 5693 2,
1651 5629 1703 5684 5.

507 5716 587 5784 (l)
620 5716 784 5773 Ducis
810 5718 1015 5775 inclusa
1039 5720 1236 5777 desunt
1264 5724 1318 5778 in
1347 5733 1495 5778 textu
1521 5721 1728 5780 Graeco.
1756 5723 1903 5779 Eutr.

1818 5631 1861 5661 ³ο
1897 5629 2057 5695 Ibid.,
2101 5630 2280 5685 δι’-54.
2359 5628 2589 5695 “Ibid.,
2649 5629 2735 5693 57,
2799 5628 2883 5682 58.

2105 5056 2237 5127 δρᾷν
2272 5056 2364 5109 καὶ
2391 5053 2650 5110 δύνασθαι
2697 5048 2993 5122 κατορθοῦν
3013 5090 3027 5116 ,
3063 5047 3100 5106 ἃ
3134 5046 3199 5101 ἂν
3229 5047 3470 5118 βούλοιτο
3511 5045 3648 5109 Θεὸς
3670 5063 3684 5076 ·

2106 5136 2254 5199 οὗτοί
2272 5161 2330 5198 τε
2350 5143 2449 5215 τὴν
2468 5145 2572 5214 γῆν
2601 5142 2743 5197 κατά
2766 5155 2827 5195 τε
2854 5139 2950 5203 τάς
2974 5138 3166 5209 φυλὰς,
3188 5137 3282 5193 καὶ
3311 5136 3369 5200 ἐξ
3397 5136 3686 5207 ὀνόματος,

2108 5236 2203 5290 καὶ
2239 5234 2359 5290 καθ’
2390 5235 2619 5290 ἕκαστον
2653 5229 2711 5289 εὗ
2750 5232 2895 5305 μάλα
2924 5231 3344 5302 διεμοιρήσαντο
3364 5246 3378 5260 ο
3422 5228 3688 5299 κληρονό-

2112 5346 2201 5401 μοι
2247 5328 2356 5399 γάρ
2400 5328 2610 5385 ἔσονται
2641 5328 2741 5399 τῆς
2779 5325 2938 5397 ἁγίας
2965 5325 3087 5395 γῆς,
3129 5324 3223 5378 καὶ
3264 5321 3373 5375 τῶν
3412 5323 3469 5375 ἐν
3500 5321 3685 5376 ἐλπίσι

2114 5418 2428 5491 μεθέξουσιν
2464 5419 2705 5487 ἀγαθῶν,
2737 5421 2785 5473 οἱ
2827 5419 2953 5491 περὶ
2984 5409 3058 5470 ὧν
3091 5417 3119 5469 6
3152 5415 3309 5484 λόγος
3345 5416 3486 5468 κατὰ
3514 5412 3688 5483 φυλάς

2109 5528 2169 5564 τε
2199 5511 2291 5565 καὶ
2324 5512 2466 5566 κατὰ
2488 5511 2662 5581 γένος,
2691 5510 2768 5573 ὡς
2795 5511 2851 5564 ἐν
2877 5510 2972 5581 τῷ,
3013 5529 3032 5560 ι
3073 5508 3349 5586 Μακάριοι
3377 5508 3425 5560 οί
3465 5505 3685 5578 πραεῖς,

2997 5627 3040 5658 ³¹
3082 5625 3242 5692 Ihid.,
3286 5625 3478 5681 62-65.
