3954 6200
261 296 368 358 349

983 296 1072 354 DE
1111 298 1553 355 ADORATIONE
1594 300 1661 354 ιτ
1702 298 1976 357 smmru
2014 299 2104 356 ET
2144 280 2518 357 vestram.
2557 299 2686 355 LIB.
2721 301 2809 359 ιγ.

3427 305 3535 364 350

261 418 346 469 ὅτι
369 415 525 470 αὐτοὶ
558 415 1025 489 κληρονομήσουσι
1057 418 1155 490 τὴν
1184 422 1321 492 γῆν
1354 421 1613 493 μακάριοι
1636 422 1685 474 οἱ
1709 419 1848 492 ἐλεή-

1958 431 2370 492 consequentur
2385 421 2462 489 ³³;
2490 440 2510 473 ›
2534 430 2590 477 et
2609 420 2665 476 in
2686 421 2808 476 aliis
2840 418 2971 475 item
2992 419 3429 479 beatitudinibus
3445 422 3531 479 vi-

261 525 463 576 μονες,
505 510 588 563 ὅτι
634 509 791 563 αὒτοὶ
842 510 1261 582 ὲλεηθήσονται’
1316 532 1335 564 ι
1389 514 1485 566 καὶ
1524 512 1599 577 ὼς
1634 514 1692 566 ἐν
1736 516 1848 577 τοῖς

259 600 475 669 ἑτέροις
508 604 897 670 μακαρισμοῖς.
925 602 1141 674 Κλῆρος
1167 602 1276 675 γάρ
1308 597 1459 666 οὗτός
1488 606 1634 656 ἐστιν
1660 602 1849 675 ῶσπερ

259 709 346 747 τις
366 692 501 754 ἴδιος
522 689 632 742 τῶν
656 689 996 760 ὴλεημὲνων,
1025 691 1246 762 πραέων
1276 708 1336 743 τε
1364 691 1459 744 καὶ
1480 690 1591 744 τῶν
1618 689 1849 760 πτωχῶν

260 784 321 835 ὲν
346 781 642 851 πνεύματι,
668 784 763 834 καὶ
786 781 1158 851 δεδιωγμένων
1177 783 1341 835 ἕνεκα
1365 782 1463 853 τῆς
1477 781 1844 852 δικαιοσύνης.

259 873 418 937 Πλὴν
449 874 545 927 καὶ
578 871 700 927 καθ’
730 872 827 926 ἕνα
868 872 963 925 καὶ
999 872 1057 940 ἐξ
1095 872 1360 942 ὀνόματος
1405 873 1504 943 τῆς
1540 872 1792 935 εὐκλείας
1821 873 1851 925 ὁ

263 964 557 1034 στέφανος,
618 964 894 1031 ἀναλόγως
936 964 1166 1019 ἕκαστον
1202 966 1314 1027 τοῖς
1362 963 1525 1019 αὑτοῦ
1571 961 1850 1035 κατορθώ-

264 1072 407 1128 μασι
450 1054 717 1127 τιμῶντος
744 1054 881 1108 Θεοῦ
902 1095 917 1120 ,
952 1057 1046 1109 καὶ
1072 1055 1171 1127 τὴν
1199 1054 1423 1111 δέουσαν
1462 1057 1572 1119 τοῖς
1603 1054 1848 1130 ἀνδριζο·

264 1146 458 1218 μένοις
503 1146 927 1216 ἐπιμετροῦντος
975 1148 1168 1218 χάριν,
1215 1148 1264 1200 εί
1301 1151 1396 1201 καὶ
1443 1147 1597 1220 [fort
1634 1148 1668 1219 ἢ
1709 1145 1840 1220 καὶ]

260 1239 437 1291 νοοῖτο
465 1237 649 1309 τυχὸν,
684 1238 761 1305 ὡς
788 1240 845 1291 ἐν
878 1239 1063 1310 μέτρῳ
1094 1239 1318 1305 πλείονι,
1348 1240 1443 1294 καὶ
1476 1239 1850 1311 πλουσιωτέρα

255 1328 521 1398 διανομῇ’
555 1346 573 1378 ι
600 1328 813 1401 Μέτρον
838 1327 1001 1399 γὰρ.»
1032 1329 1189 1399 φησὶ,
1217 1348 1236 1382 ι
1265 1329 1429 1383 καλὸν
1462 1329 1845 1401 πεπιεσμένον,

260 1418 701 1489 σεσαλευμένον,
751 1419 1258 1491 ὑπερεκχυνόμενον
1310 1419 1575 1474 δώσουσιν
1626 1422 1708 1485 είς
1758 1420 1849 1474 τὸν

256 1511 466 1563 κόλπον
500 1510 655 1579 ὑμῶν
672 1526 686 1541 ο
724 1530 743 1562 ι
784 1511 878 1563 καὶ
907 1511 1038 1564 αὐτὸ
1069 1511 1133 1581 δὴ
1159 1511 1317 1565 τοῦτο
1342 1510 1537 1582 δηλοῦν
1562 1509 1717 1583 οἶμαι
1745 1527 1847 1565 που

250 1602 321 1655 τὸ
341 1602 513 1672 φάναι
534 1602 666 1656 Θεόν
687 1619 701 1633 ·
732 1622 750 1655 ι
782 1604 908 1667 Τοῖς
941 1603 1153 1658 πλείοσι
1182 1604 1498 1668 πλεονάσεις
1534 1603 1631 1675 τὴν
1655 1605 1849 1675 κληροσ

255 1695 459 1765 νομίαν
515 1695 727 1762 αὐτῶν,
772 1696 866 1750 καὶ
912 1699 1025 1761 τοῖς
1072 1696 1352 1751 ἐλάττοσιν
1390 1694 1714 1760 ἐλαττώσεις
1748 1697 1848 1768 τὴν

1953 512 2083 568 dere
2109 512 2238 568 licet
2269 513 2577 584 :ejusmodi
2599 512 2747 567 enim
2765 510 3057 579 hereditas
3090 512 3531 569 misericordium

1952 612 2009 660 et
2039 603 2255 657 mitium
2276 619 2342 659 ac
2360 617 2665 673 pauperum
2691 602 2911 672 spiritu,
2947 611 3006 659 et
3035 618 3231 657 eorum
3267 605 3363 674 qui
3401 620 3532 674 per-

1951 693 2290 748 secutionem
2321 693 2606 762 patiuntur
2633 701 2858 762 propter
2889 692 3179 762 justitiam,
3224 694 3377 763 quasi
3401 708 3534 764 pro-

1951 783 2069 853 pria
2112 791 2214 838 est.
2277 783 2385 838 Sed
2431 793 2612 837 tamen
2659 783 2970 853 singulatim
3025 799 3244 854 quoque
3280 793 3335 839 et
3377 785 3533 854 juxta

1951 876 2175 931 nomina
2201 890 2400 931 corona
2428 875 2615 945 gloriae
2661 874 2843 939 datur,
2885 890 3011 929 cum
3041 876 3185 930 Deus
3216 877 3413 945 cuique
3434 891 3536 945 pro

1952 974 2100 1023 recte
2127 966 2394 1021 factorum
2434 967 2646 1021 ratione
2676 966 2915 1020 honores
2938 968 3237 1035 persolvat,
3278 967 3536 1037 gratiam-

1951 1074 2060 1129 que
2085 1058 2321 1113 fortibus
2335 1058 2488 1122 viris,
2524 1072 2646 1128 qum
2668 1057 2879 1122 deerat,
2910 1057 3261 1112 admetiendo
3277 1058 3532 1127 adjiciat;

1950 1150 2203 1221 quamvis
2233 1166 2298 1204 ea
2331 1150 2561 1204 fortasse
2590 1158 2850 1218 tanquam
2900 1149 3107 1217 majore
3150 1164 3405 1203 mensura
3442 1163 3541 1202 cu-

1950 1242 2351 1311 mulatioreque
2373 1240 2630 1295 distribui
2661 1239 3020 1309 intelligenda
3043 1238 3117 1293 sit
3143 1257 3155 1291 :
3184 1256 3202 1288 ‹
3228 1238 3536 1293 Mensuram

1950 1332 2153 1402 quippe
2169 1331 2390 1397 bonam,
2417 1349 2434 1380 ι
2455 1330 2653 1400 inquit,
2666 1350 2683 1380 ι
2711 1337 2767 1385 et
2782 1328 3103 1392 confertam,
3121 1335 3176 1381 et
3191 1326 3535 1396 coagitatam,

1949 1432 2007 1479 et
2025 1410 2390 1493 supereilluen
2399 1432 2508 1477 tem
2524 1422 2734 1477 dabunt
2762 1422 2818 1476 in
2851 1422 3035 1477 sinum
3055 1427 3301 1475 vestrum
3324 1416 3370 1448 “
3394 1415 3539 1469 nid-

1949 1528 2057 1585 que
2076 1513 2257 1582 ipsum
2280 1510 2588 1582 signiﬁcare
2605 1512 2821 1582 Opinor,
2844 1527 2971 1567 cum
2991 1509 3126 1565 dicit
3147 1509 3324 1563 Deus:
3362 1524 3381 1557 ι
3410 1505 3541 1559 Plu.

1949 1603 2106 1659 ribus
2125 1601 2387 1672 majorem
2426 1601 2806 1657 haereditatem
2834 1602 3070 1665 tribues,
3101 1608 3159 1654 et
3182 1596 3544 1669 paucioribus

1950 1693 2219 1748 minorem
2258 1692 2637 1748 haereditatem
2669 1693 2828 1747 dabis
2862 1710 2873 1745 :
2904 1691 3224 1761 unicuique,
3254 1698 3317 1743 ut
3345 1702 3544 1742 recen-

254 1758 628 1860 κληρονομίαν
659 1758 836 1842 αυτῶν
857 1829 872 1854 ,
915 1758 1151 1859 ἑκάστῳ,
1208 1787 1396 1853 καθὼς
1428 1758 1844 1859 ἐπεσκέπησαν,

1951 1787 2043 1842 siti
2082 1795 2231 1853 sunt,
2263 1785 2490 1841 dabitur
2537 1784 2833 1840 haereditas
2867 1758 3131 1853 ipsorumw
3152 1782 3218 1834 ³⁸.
3269 1799 3289 1830 ι
3320 1777 3540 1833 Etenim

252 1879 549 1951 δοθήσεται
599 1882 633 1950 ἡ
672 1879 1006 1951 κληρονομία
1058 1881 1259 1936 αὐτῶν.
1308 1900 1328 1933 ι
1385 1881 1459 1935 Τὸ
1506 1880 1617 1954 γὰρ
1666 1881 1744 1945 ὡς
1789 1882 1848 1935 ὲν

252 1971 482 2043 ἀριθμῷ
514 1973 621 2027 τῶν
651 1973 931 2042 ὀνομάτων
963 1972 1188 2038 πλείονι,
1212 1972 1380 2037 τύπος
1412 1971 1478 2027 ἂν
1507 1973 1717 2042 γένοιτο
1746 1989 1848 2026 σα-

255 2061 369 2133 φὴς
401 2062 498 2117 τοῦ
529 2064 923 2135 ὑπερκειμένου
956 2064 1050 2118 καὶ
1080 2064 1464 2130 πλεονάζοντος
1493 2066 1553 2119 ὲν
1583 2066 1752 2138 ἀρετῇ
1777 2085 1788 2098 ·
1820 2067 1850 2121 ὁ

260 2158 368 2226 μὲν
393 2156 506 2228 γάρ
543 2157 734 2223 οὕτως,
769 2160 797 2212 ὁ
830 2158 885 2211 δὲ
932 2157 1104 2221 οὕτως
1129 2158 1424 2230 εὐδοκιμεῖ,
1458 2158 1601 2212 κατὰ
1632 2157 1724 2211 τὸν
1747 2176 1852 2229 μα-

257 2242 459 2314 κάριον
500 2243 732 2297 Παῦλον.
777 2242 1048 2314 Κληρωτὴ
1084 2243 1140 2296 δὲ
1171 2246 1205 2314 ἠ
1237 2245 1330 2314 γῆ,
1370 2244 1493 2297 κατ’
1529 2243 1705 2297 ἐκεῖνό
1745 2260 1849 2297 που

257 2337 404 2405 τάχα
436 2337 531 2390 τοο
572 2356 591 2388 ι
636 2338 723 2390 Ἐν
751 2339 872 2401 ταῖς
895 2337 1051 2408 χερσί
1084 2355 1178 2391 σου
1207 2339 1254 2391 οἱ
1286 2335 1479 2408 κλῆροί
1512 2354 1632 2407 μου*
1667 2356 1685 2388 ι
1716 2337 1852 2406 πρὸς

257 2426 397 2480 Θεὸν
426 2427 736 2498 εἰρημένον.
767 2427 898 2499 Θείᾳ
923 2428 1031 2499 γὰρ
1057 2428 1222 2499 ψήφῳ
1248 2429 1540 2499 γενήσεται
1576 2427 1688 2481 τῶν
1729 2430 1851 2481 ἐσο-

260 2519 446 2593 μένων
491 2520 713 2589 ἀγαθῶν
756 2522 791 2590 ή
836 2519 1080 2592 ἀπλανὴς
1131 2519 1480 2590 διανέμησις,
1530 2521 1744 2591 ἑκάστῳ
1790 2519 1852 2572 τὸ

258 2613 477 2684 πρέπον
506 2614 586 2675 είς
610 2612 995 2685 άποκλήρωσιν
1024 2611 1099 2681 (1)
1122 2609 1398 2682 ὁρίζοντος
1421 2610 1540 2663 τότε
1556 2610 1651 2663 τοῦ
1674 2610 1852 2664 πάντα

257 2705 467 2769 εἰδότος
494 2704 564 2757 τά
589 2703 712 2758 καθ’
740 2705 909 2774 ἡμᾶς.
951 2702 1117 2774 ἰδικὴ
1142 2702 1197 2756 δὲ
1231 2704 1393 2756 πάλιν
1421 2704 1455 2774 ἡ
1475 2703 1585 2756 τῶν
1612 2703 1853 2757 Δευῖτῶν

255 2797 665 2869 άπαρίθμησις,
698 2796 806 2849 ἀπὸ
847 2795 1097 2866 μηνιαίου
1130 2794 1224 2848 καὶ
1269 2795 1476 2848 ἐπάνω.
1511 2794 1621 2848 Καὶ
1653 2794 1854 2866 κλῆρος

256 2889 446 2954 αῷτοῖς
481 2889 542 2941 οὐ
577 2888 780 2943 δίδοται
828 2889 884 2941 ὲν
923 2888 1074 2959 μέσῳ
1118 2886 1227 2940 τῶν
1274 2887 1407 2940 υἱῶν
1450 2886 1699 2958 Ἰσραὴλ,
1732 2887 1854 2940 οὐδὲ

257 2982 752 3051 ωνεπεσκὲπησαν
786 2981 990 3043 αὐτοῖς.
1036 2978 1362 3051 Ἀγιὼτερον
1395 2979 1503 3050 γὰρ
1534 2980 1620 3033 ἀεί
1651 2996 1754 3033 που
1792 2980 1854 3033 τὸ

250 3073 558 3155 ίερώτερον
615 3071 787 3139 γένος.
838 3071 928 3123 Διὸ
977 3072 1071 3124 καὶ
1124 3071 1436 3142 ἐξῃρημένη
1467 3069 1576 3124 τῶν
1611 3071 1784 3124 ἄλλων
1818 3072 1850 3142 η
1880 3117 1922 3174 C

254 3154 560 3233 ἀπογραφὴ
597 3164 724 3234 περὶ
746 3161 932 3225 αὐτοῦ,
951 3163 1044 3215 καὶ
1067 3162 1265 3233 κλῆρος
1291 3162 1470 3225 αὐτοῖς
1500 3163 1560 3215 οὐ
1589 3161 1724 3231 μετὰ
1746 3161 1851 3214 τῶν

253 3253 473 3318 ἄλλων,
510 3251 647 3305 ἀλλὰ
692 3253 785 3305 καὶ
828 3252 1113 3321 ἐπίσκεψις
1149 3251 1326 3323 ίδικὴ’
1368 3252 1526 3322 μερὶς
1571 3251 1629 3304 δὲ
1668 3252 1853 3316 αὐτοῖς

250 3346 353 3399 καὶ
380 3344 609 3415 κλῆρος,
642 3344 803 3406 αὐτὸς
827 3344 855 3395 ὁ
882 3342 990 3396 τῶν
1008 3343 1145 3395 ὅλων
1174 3341 1328 3408 Θεὸς,
1367 3343 1509 3398 κατὰ
1530 3342 1592 3396 τὸ
1619 3384 1635 3408 ,
1671 3361 1689 3394 ι
1732 3343 1853 3397 Μα-

252 3438 445 3509 κάριοι
482 3438 535 3490 οἱ
583 3435 813 3506 καθαροὶ
852 3436 919 3505 τῇ
973 3434 1207 3506 καρδίᾳ,
1256 3435 1338 3487 ὅτι
1383 3434 1538 3487 αὐτοὶ
1574 3434 1666 3487 τὸν
1718 3432 1850 3487 Θεὸν

253 3530 509 3600 ὄψονται.
543 3548 562 3580 ι
585 3528 707 3582 Τῶν
725 3526 832 3597 γάρ
858 3525 1207 3596 καλουμένων
1231 3523 1459 3595 πτωχῶν
1478 3523 1555 3595 τῷ
1577 3523 1849 3595 πνεύματι

249 3623 356 3693 τὴν
387 3621 505 3674 τῶν
537 3619 785 3689 οὐρανῶν
821 3617 1096 3689 βασιλείαν
1136 3617 1439 3687 μελλόντων
1473 3618 1845 3690 κληρονομεῖν,

254 3710 848 3783 παρακληθησομένων
874 3708 932 3761 δὲ
956 3708 1053 3761 καὶ
1082 3707 1191 3762 τῶν
1221 3707 1491 3778 ἑλομένων
1522 3710 1582 3762 τὸ
1610 3709 1844 3776 πενθεῖν,

253 3803 710 3876 ἑλεηθησομένων
742 3802 797 3855 δὲ
835 3802 930 3855 καὶ⁵
980 3800 1090 3856 τῶν
1125 3800 1433 3871 ἐλεημόνων
1459 3818 1471 3832 ο
1513 3803 1575 3854 Ol
1619 3801 1848 3872 καθαροὶ

247 3900 320 3968 τῇ
348 3895 576 3967 καρδία,
613 3894 769 3964 φησι,
802 3892 1083 3965 μακάριοι,
1108 3893 1190 3945 ὅτι
1220 3893 1375 3945 αὐτοὶ⁸
1404 3892 1497 3945 τὸν
1529 3893 1663 3945 Θεὸν
1690 3892 1847 3962 ὄψον⁴

249 4006 368 4043 ται.
400 3982 567 4041 Οὗτοι
595 3986 639 4039 δ’
676 3986 742 4038 ἂν
777 3982 885 4038 εἷεν
932 3987 981 4038 oi.
1017 3983 1168 4056 παρὰ
1196 3985 1324 4047 τοὺς
1367 3982 1560 4047 ἄλλους
1599 3984 1846 4050 ἅπαντας

253 4075 551 4149 ίερὼτεροί
583 4092 643 4128 τε
681 4076 776 4128 καὶ
813 4072 1122 4145 ἁγιώτεροι,
1166 4073 1259 4127 καὶ
1295 4072 1493 4145 κλῆρος
1528 4074 1712 4138 αὐτοῖς
1752 4078 1846 4130 καὶ

254 4169 424 4243 μερὶς
468 4169 505 4237 ἡ
551 4166 785 4238 ἀκριϐὴς
822 4165 1073 4230 θεοπτία,
1114 4166 1259 4220 τοῦτ’
1295 4164 1475 4229 ἐστιν,
1512 4165 1546 4234 ἠ
1591 4165 1845 4235 περὶτῆς

249 4265 521 4332 θεότητος
547 4258 767 4327 γνῶσις.
798 4257 970 4313 Τοῦτό
996 4274 1078 4310 τοι
1106 4256 1341 4328 Χριστὸς
1368 4258 1481 4318 τοῖς
1508 4254 1682 4323 ἁγίοις
1711 4256 1847 4309 ἀπο-

249 4353 473 4416 στόλοις
502 4348 869 4420 ἐπηγγέλλετο
897 4346 1228 4420 χαριεῖσθαι.
1263 4346 1437 4415 λέγων
1459 4361 1472 4375 ·
1514 4364 1533 4399 ι
1572 4346 1757 4401 Ταῦτα
1785 4349 1844 4401 ὲν

1947 1895 2211 1935 numerus
2261 1880 2354 1935 ille
2414 1878 2699 1934 nominum
2763 1876 2970 1945 major,
3009 1873 3183 1944 ﬁgura
3221 1879 3308 1925 est
3351 1874 3542 1939 aperta

1948 1971 2345 2043 praestantioris
2359 1968 2876 2038 excellentiorisque
2895 1964 3114 2021 virtutis
3133 1981 3148 2030 ;
3167 1963 3257 2017 hic
3272 1962 3421 2017 enim
3436 1961 3538 2027 sic,

1948 2064 2041 2120 ille
2071 2079 2201 2120 vero
2239 2065 2318 2120 sic
2335 2062 2553 2119 laudem
2577 2070 2844 2126 meretur,
2867 2059 3023 2115 utait
3045 2056 3240 2112 beatus
3266 2052 3539 2109 Paulus”.

1951 2156 2109 2212 Sorte
2162 2163 2347 2211 autem
2405 2155 2673 2211 dividitur
2720 2162 2888 2219 terra,
2926 2168 2991 2207 ea
3047 2149 3280 2205 fortasse
3327 2145 3543 2202 ratione

1950 2263 2058 2319 qua
2103 2247 2313 2303 dictum
2362 2254 2449 2302 est
2491 2248 2658 2302 Deo:
2705 2264 2723 2297 ι
2775 2246 2837 2300 In
2896 2242 3152 2298 manibus
3208 2239 3317 2294 tuis
3368 2243 3547 2292 sortes

1950 2353 2087 2394 mea
2123 2338 2188 2391 ³⁷.
2236 2358 2253 2391 ι
2299 2338 2501 2393 Divino
2551 2336 2757 2406 quippe
2796 2333 3029 2389 arbitrio
3084 2330 3179 2386 ﬁet
3226 2329 3544 2384 futurorum

1950 2430 2221 2485 honorum
2251 2430 2409 2487 ﬁrma
2446 2429 2787 2493 distributio,
2823 2443 2949 2482 cum
2974 2466 2989 2489 ,
3030 2423 3165 2495 quid
3197 2422 3398 2489 cuique
3439 2419 3542 2472 tri-

1950 2523 2124 2579 buere
2156 2534 2425 2595 oporteat,
2453 2540 2521 2580 eo
2557 2532 2805 2593 tempore
2845 2521 2936 2576 ille
2975 2519 3304 2574 deﬁniturus
3338 2515 3429 2577 sit,
3451 2512 3543 2567 cui

1951 2617 2137 2671 omnia
2182 2625 2372 2672 nostra
2405 2616 2624 2688 cognita
2660 2619 2810 2669 sunt.
2869 2611 3099 2681 Propria
3127 2618 3311 2662 autem
3352 2618 3544 2659 rursus

1952 2707 2016 2763 ﬁt
2048 2707 2365 2763 Levitarum
2411 2706 2761 2762 enumeratio
2798 2703 2868 2758 ab
2900 2716 3013 2757 uno
3043 2714 3232 2754 mense
3260 2707 3317 2753 et
3335 2710 3538 2765 supra;

1951 2817 2133 2871 neque
2170 2816 2289 2857 sors
2336 2801 2445 2856 illis
2495 2800 2659 2855 datur
2711 2799 2767 2854 in
2827 2796 3014 2852 medio
3054 2795 3294 2849 ﬁliorum
3338 2788 3540 2853 Israel,

1952 2909 2134 2964 neque
2172 2894 2422 2949 cumillis
2439 2900 2821 2948 recensentur.
2844 2890 3075 2958 Semper
3111 2885 3261 2942 enim
3300 2881 3548 2939 sanctius

1951 2996 2037 3041 est
2059 2986 2271 3041 caeteris
2307 3000 2481 3057 genus
2532 2983 2667 3038 illud
2717 2981 3007 3037 sacratius.
3052 2976 3291 3045 Ideoque
3323 2973 3543 3028 illorum

1956 3077 2253 3147 descriptio
2282 3077 2351 3131 ab
2366 3077 2488 3131 aliis
2522 3073 2776 3129 tribubus
2795 3077 3048 3142 exempta
3074 3076 3177 3133 est,
3210 3078 3392 3135 neque
3420 3062 3547 3116 illo-

1957 3185 2081 3223 rum
2121 3184 2243 3224 sors
2265 3184 2390 3223 cum
2417 3152 2539 3222 aliis
2554 3166 2851 3237 permista;
2878 3163 2975 3219 sed
3004 3171 3119 3217 tum
3147 3155 3546 3227 inspectionem

1955 3268 2119 3330 atque
2140 3260 2518 3314 recensionem
2545 3258 2825 3327 propriam
2866 3254 3095 3316 habent,
3132 3260 3249 3305 tum
3269 3261 3403 3301 vero
3422 3256 3549 3313 pars

1955 3351 2176 3405 illorum
2204 3356 2366 3417 atque
2393 3362 2515 3402 sors
2545 3345 2788 3413 illeipse
2829 3353 2915 3398 est
2956 3342 3340 3396 universorum
3381 3334 3545 3394 Deus,

1947 3445 2106 3514 juxta
2140 3439 2271 3496 illud
2316 3456 2328 3492 :
2376 3458 2394 3490 ι
2439 3437 2595 3493 Beati
2640 3435 2849 3490 mundo
2896 3432 3085 3494 corde,
3131 3427 3392 3498 quoniam
3443 3422 3546 3514 ipsi

1953 3510 2125 3589 Deum
2145 3530 2413 3586 videbunt
2446 3529 2509 3583 ³⁸.
2542 3548 2559 3579 ι
2593 3527 2728 3582 Nam
2763 3539 2890 3579 cum
2929 3521 2968 3576 ii
2996 3520 3090 3590 qui
3118 3529 3388 3590 pauperes
3436 3510 3547 3580 spi-

1952 3626 2063 3679 ritu
2095 3630 2383 3685 vocantur,
2415 3632 2646 3689 regnum
2675 3616 2944 3671 malorum
2977 3609 3299 3665 hmreditate
3328 3615 3545 3674 posses-

1950 3717 2067 3774 suri
2093 3719 2235 3783 sint;
2270 3716 2419 3785 iique
2457 3710 2889 3768 consolationem
2928 3703 3193 3768 habituri,
3241 3701 3334 3771 qui
3356 3698 3546 3771 lugcre

1949 3812 2369 3883 proposuerint;
2412 3806 2961 3875 misericordiamque
3025 3799 3398 3864 consecuturi,
3450 3799 3545 3868 qui

1948 3902 2335 3959 misericordes
2368 3901 2576 3957 fuerint
2607 3918 2620 3953 :
2657 3896 2865 3959 Mundi,
2908 3893 3118 3963 inquit,
3175 3890 3342 3945 corde
3401 3888 3545 3942 beati

1948 4008 2095 4062 sunt,
2131 3998 2290 4068 136
2309 3997 2570 4066 quoniam
2601 3994 2704 4063 ipsi
2753 3992 2930 4045 Deum
2985 3984 3290 4068 videbunt;
3323 3982 3380 4035 hi
3416 3997 3546 4035 vero

1949 4048 2095 4062 --ηη
2131 4048 2290 4068 ..νυ
2316 4048 2529 4066 τηηην
2622 4048 2639 4063 ,

1949 4096 2078 4143 sunt
2094 4086 2187 4154 qui
2218 4100 2330 4155 pra:
2354 4084 2568 4139 caeteris
2583 4079 2841 4136 omnibus
2863 4074 3190 4130 sacratiores
3210 4048 3273 4125 ac
3303 4070 3546 4124 sanctio-

1946 4193 2037 4232 res
2053 4175 2350 4238 habentur,
2385 4186 2613 4240 sorsque
2648 4169 2755 4222 illis
2771 4175 2830 4223 et
2859 4179 2985 4235 pars
3021 4161 3321 4218 constituta
3351 4169 3436 4214 est
3454 4158 3546 4213 illa

1944 4267 2219 4324 excellens
2238 4264 2333 4320 Dei
2354 4263 2516 4327 visio,
2550 4260 2603 4315 id
2633 4268 2738 4323 est,
2761 4258 2934 4329 ipsius
2953 4253 3262 4310 divinitatis
3279 4251 3541 4322 cognitio.

1945 4360 2258 4429 Hocipsum
2279 4356 2533 4412 Christus
2565 4352 2772 4408 sanctis
2792 4349 3059 4421 apostolis
3114 4346 3443 4417 largiturum
3484 4359 3543 4398 se

248 4444 587 4516 παροιμίαις
617 4440 890 4509 λελάληκα
909 4441 1038 4510 ὑμῖν
1059 4453 1073 4468 °
1110 4440 1328 4509 ἔρχεται
1353 4438 1471 4509 ὥρα
1491 4480 1506 4505 ,
1528 4439 1616 4492 ὅτε
1655 4439 1837 4495 οὐκέτι

1950 4451 2326 4522 pollicebatur,
2360 4463 2487 4504 cum
2515 4446 2756 4501 diceret:
2778 4462 2796 4493 ι
2826 4441 2952 4497 ﬂare
2967 4440 3022 4494 in
3051 4436 3361 4509 proverbiis
3392 4435 3542 4488 loeu-

250 4541 310 4593 ὲν
354 4533 690 4605 παροιμίαις
731 4532 949 4603 λαλήσω
1002 4530 1160 4602 ὑμῖν,
1211 4529 1348 4584 ἀλλὰ
1388 4533 1671 4602 παρρησία
1713 4533 1844 4602 περὶ

248 4628 349 4683 τοῦ
384 4626 607 4696 Πατρὸς
633 4623 930 4693 ἀπαγγελῶ
957 4623 1107 4693 ὑμῖν.
1151 4642 1170 4675 ι
1212 4622 1344 4676 Ἀπὸ
1371 4623 1622 4693 μηνιαίου
1652 4623 1710 4677 δὲ
1736 4622 1845 4676 τῶν

253 4720 571 4794 ἱερωτέρων
592 4721 626 4789 ἡ
651 4716 968 4788 ἀπογραφὴ,
997 4714 1248 4784 καθάπερ
1273 4713 1410 4785 ἔφην
1432 4714 1653 4785 ἀρτίως.
1685 4714 1841 4769 Ἀνά-

254 4828 516 4885 γραπτον
560 4808 692 4880 γὰρ,
742 4807 835 4861 καὶ
869 4809 929 4860 ὲν
961 4804 1129 4875 βίὸλῳ
1156 4803 1327 4870 Θεοῦ,
1382 4804 1488 4859 τῶν
1530 4804 1847 4876 άγιωτέρων

253 4905 377 4976 οὐχὶ
400 4904 471 4975 δὴ
511 4903 671 4973 μόνον
711 4901 773 4955 τὸ
807 4903 865 4955 ὲν
907 4898 1052 4970 ίσχύῖ
1088 4900 1435 4969 πνευματικῇ
1463 4898 1556 4951 καὶ
1587 4900 1645 4951 ὲν
1690 4897 1851 4970 σοφίᾳ

246 4984 750 5069 περιφανέστερον,
787 4991 926 5048 ἀλλὰ
954 4992 1049 5046 καὶ
1075 4991 1198 5044 ὅσον
1224 4988 1376 5042 ἐστὶν
1400 4990 1457 5040 ὲν
1488 4988 1751 5059 ἁπλότητι
1782 4992 1848 5061 τῇ

260 5088 406 5142 κατὰ
438 5086 701 5157 Χριστὸν,
730 5085 825 5139 καὶ
850 5085 910 5137 ὲν
931 5082 1098 5154 κακίᾳ
1138 5081 1424 5153 νηπιάξον.
1476 5080 1849 5152 Ἀνάγραπτον

260 5174 354 5233 ονῖιν
383 5180 537 5233 ἅπαν
577 5177 694 5230 ἐστὶ
725 5176 788 5229 τὸ
828 5176 988 5245 γένος
1024 5173 1086 5227 τὸ
1122 5172 1434 5245 ἱερώτερον,
1466 5172 1564 5227 καὶ⁸
1596 5172 1657 5225 τὸ
1687 5170 1849 5241 σοφήν

262 5288 322 5324 τε
347 5272 444 5323 καὶ
474 5268 701 5325 ἁπλοῦν.
729 5268 890 5331 ἰδοις
913 5265 958 5320 δ’
987 5266 1075 5330 ἂν,
1104 5260 1150 5320 ὧ
1174 5265 1464 5328 Παλλάδιε,
1485 5263 1695 5319 τοιάνδε
1726 5264 1850 5318 τινά

264 5363 530 5434 διαφοράν
558 5364 618 5415 ὲν
648 5363 770 5424 ταῖς
798 5361 908 5413 τῶν
932 5359 1103 5427 ἁγίων
1133 5357 1355 5428 ψυχαῖς,
1388 5354 1635 5427 γνώμαις
1665 5374 1725 5410 τε
1760 5357 1856 5411 καὶ

264 5454 512 5526 τρόποις.
542 5450 907 5522 Προστέθεικε
945 5450 1001 5504 δὲ
1021 5450 1102 5503 ὅτι
1137 5449 1237 5502 οὐκ
1260 5444 1331 5521 ἦν
1356 5447 1639 5521 ἄνθρωπος
1664 5449 1723 5503 ὲν
1742 5452 1856 5514 τοῖς

1949 4552 2041 4596 tus
2055 4556 2177 4596 sum
2195 4540 2375 4605 vobis;
2402 4538 2553 4593 venit
2568 4536 2703 4591 hora
2719 4549 2844 4591 cum
2861 4548 2970 4587 non
2987 4527 3222 4600 amplius
3246 4527 3299 4580 in
3322 4540 3544 4595 prover-

1950 4624 2061 4689 biis
2089 4633 2284 4701 loquar
2311 4629 2488 4693 vobis,
2512 4627 2607 4683 sed
2621 4626 2801 4697 palam
2813 4624 2882 4679 de
2896 4623 3056 4677 Patre
3074 4616 3415 4675 annuntiabo
3440 4630 3541 4669 vo-

1946 4726 2194 4783 bis”-‘°.
2221 4744 2240 4776 ι
2263 4724 2437 4779 Porro
2451 4722 2522 4776 ab
2549 4736 2657 4775 uno
2688 4733 2880 4775 mense
2901 4713 3261 4771 sacratiorum
3293 4708 3541 4763 virorum

1949 4820 2010 4874 ﬁt
2032 4816 2355 4887 descriptio,
2380 4823 2443 4870 ut
2461 4813 2625 4869 modo
2653 4812 2767 4868 dixi
2794 4829 2808 4864 :
2843 4826 2915 4866 ex
2944 4808 3042 4863 illo
3068 4817 3307 4873 namque
3328 4808 3547 4856 sancto-

1956 4925 2081 4964 rum
2134 4921 2370 4963 numero
2413 4920 2525 4960 non
2562 4904 2601 4958 ii
2652 4902 2832 4958 solum
2864 4900 2922 4955 in
2956 4899 3098 4954 libro
3133 4894 3228 4949 Dei
3278 4890 3541 4960 descripti

1949 5008 2081 5060 sunt
2111 5000 2205 5071 qui
2246 4993 2866 5067 viribusspiritualibus
2900 4989 3130 5062 pollent,
3167 4991 3224 5038 et
3256 4980 3541 5052 sapientia:

1950 5091 2175 5158 nomine
2198 5096 2329 5148 sunt
2364 5086 2649 5151 clariores,
2678 5083 2773 5140 sed
2794 5083 3109 5153 quicunque
3134 5075 3539 5149 simplicitatem

1950 5199 2076 5240 eam
2106 5198 2229 5253 qua:
2259 5178 2562 5237 secundum
2596 5178 2872 5235 Christum
2920 5183 3024 5238 est,
3061 5170 3361 5243 amplexati'
3384 5176 3533 5227 sunt.

1951 5281 2010 5329 et
2042 5272 2250 5328 malitia
2276 5278 2402 5327 sunt
2456 5269 2689 5340 parvuli.
2722 5266 3069 5337 Descriptum
3120 5263 3289 5333 igitur
3316 5267 3402 5313 est
3441 5270 3538 5324 ge-

1952 5379 2062 5423 nus
2121 5361 2260 5417 illud
2305 5360 2573 5417 sacratius
2624 5360 2983 5415 universum.
3040 5366 3157 5410 tum
3201 5351 3241 5405 ii
3278 5347 3537 5402 nimirum

1956 5455 2052 5526 qui
2074 5452 2365 5531 sapientia,
2409 5462 2522 5506 tum
2557 5450 2650 5521 qui
2678 5446 3029 5520 simplicitate
3064 5441 3291 5513 pollent.
3354 5435 3537 5489 Facile

336 5563 384 5596 ³³
409 5564 602 5619 Matth.
628 5580 683 5627 v,
711 5565 763 5618 ιι.
840 5565 886 5599 ³⁵
914 5564 1047 5620 Luc.
1076 5581 1149 5631 τι,
1178 5563 1267 5620 '58.
1323 5562 1371 5596 ⁸⁸
1396 5561 1558 5621 Num.
1579 5563 1828 5629 xxvi,55,

2010 5566 2054 5596 ³⁸
2086 5564 2255 5620 lCor.
2275 5580 2368 5628 xu,
2402 5565 2483 5618 ll.
2563 5562 2605 5594 ⁸⁷
2636 5561 2777 5617 Psal.
2806 5576 2930 5625 xxx,
2952 5557 3041 5615 16.
3115 5552 3157 5585 δέ
3182 5543 3372 5604 Mali-llo
3398 5557 3449 5612 κ,
3474 5540 3530 5602 3-

263 5631 396 5675 δ’δ’
421 5635 582 5689 Joan.
605 5650 715 5699 xu,
738 5635 827 5690 25.

346 5749 425 5823 (ι)
456 5749 595 5807 Cod.
632 5752 777 5820 \'at.,
815 5752 1223 5828 ἀποπλήρωσιν.
1259 5752 1427 5825 Magis
1448 5750 1622 5824 probo
1644 5748 1845 5806 lcction

1965 5743 2170 5801 codicis
2196 5760 2303 5815 quo
2334 5759 2462 5799 usus
2484 5759 2624 5797 sum.
