3954 6200
368 254 471 312 651

1392 248 1450 304 S.
1490 246 1770 304 CYRILLI
1810 243 2285 301 ALEXANDle
2312 243 2640 302 ARCHIEP.

3541 249 3642 306 539.

370 381 457 429 est
490 378 696 436 autem,
720 370 952 435 Palladi,
1000 367 1273 440 ejusmodi
1312 366 1610 423 discrimen
1646 366 1701 420 in
1742 370 1958 420 sancto—

2075 363 2493 435 επεσκεμμένοις
2523 363 2628 417 ὑπὸ
2665 363 2838 437 Μωσῆ
2872 365 2966 419 καὶ
3009 364 3241 438 Ἀαρὼν,
3280 363 3374 431 οὓς
3408 365 3650 419 δπεσκέ-

372 480 498 520 rum
550 463 788 527 animis,
862 461 1124 516 sensibus
1182 475 1248 515 ac
1309 459 1560 515 moribus
1619 458 1951 530 perspicere.

373 556 515 611 Illud
558 571 777 626 quoque
817 553 1088 625 adjunxit,
1126 552 1407 611 neminem
1442 569 1507 608 ex
1538 553 1608 609 iis
1636 552 1806 607 fuisse
1858 551 1955 622 qui

371 648 627 704 recensiti
678 647 831 716 prius
874 646 1094 702 fuerant
1142 662 1172 701 a
1237 647 1419 719 Moyse
1455 657 1513 703 et
1552 647 1759 711 Aaron,
1816 661 1957 716 quos

370 747 773 794 recensuerant
801 738 944 794 ﬁlios
980 739 1144 794 Israel
1168 738 1225 792 in
1261 738 1483 794 deserto
1520 737 1671 803 Sina,
1711 737 1839 809 quia
1873 738 1957 793 di-

370 829 450 883 xit
477 828 744 884 Dominus
775 829 911 900 ipsis
945 847 957 885 :
985 828 1157 886 Morte
1184 830 1494 885 morientur
1523 830 1578 885 in
1624 830 1863 895 deserto,
1900 840 1957 887 et

370 933 484 971 non
503 926 587 972 est
612 920 841 976 relictus
864 936 933 975 ne
955 936 1100 975 unus
1125 920 1349 991 quidem
1373 937 1443 975 ex
1467 920 1622 991 ipsis,
1650 921 1759 976 nisi
1787 920 1955 977 Caleb

369 1005 517 1088 ﬁlius
556 1008 825 1078 Iephone,
877 1019 932 1066 et
972 1011 1134 1067 Iesus
1183 1010 1330 1066 ﬁlius
1375 1011 1525 1067 Nave
1583 1012 1627 1045 “
1677 1031 1690 1067 :
1736 1014 1795 1068 in
1843 1028 1954 1083 quo

369 1099 665 1168 perspicue
701 1100 976 1167 ostendit,
1023 1116 1136 1156 non
1191 1102 1262 1156 ad
1307 1101 1621 1158 incredulos
1677 1103 1956 1173 pertinere

369 1191 780 1260 possessionum
818 1192 1287 1260 distributionem,
1315 1204 1372 1249 et
1415 1193 1566 1251 illam
1596 1193 1652 1249 in
1694 1194 1793 1249 Dei
1815 1194 1958 1250 libro

371 1281 822 1354 descriptionem,
851 1285 946 1341 sed
964 1286 1045 1341 eis
1061 1287 1245 1356 potius
1261 1287 1557 1343 convenire
1588 1286 1682 1357 qui
1698 1285 1864 1343 ﬁdem
1879 1287 1963 1343 nio

371 1374 574 1429 mirum
593 1375 651 1430 in
668 1375 949 1433 Christum
980 1379 1219 1450 amplexi
1236 1386 1365 1435 sunt
1386 1396 1401 1434 :
1420 1395 1547 1434 nam
1567 1378 1636 1434 de
1656 1378 1959 1435 in’credulis

371 1466 451 1521 ait
477 1466 698 1523 divinus
735 1469 940 1523 David:
976 1488 994 1521 ι
1024 1470 1323 1525 Deleantur
1351 1470 1419 1525 de
1444 1470 1590 1525 libro
1628 1470 1953 1536 viventium,

370 1567 427 1613 et
462 1570 586 1613 cum
610 1560 776 1631 justis
808 1577 919 1616 non
950 1561 1266 1617 scribantur
1294 1562 1360 1615 ι’.
1398 1581 1418 1614 ι
1454 1561 1516 1617 ln
1544 1563 1749 1634 quibus
1789 1563 1957 1621 etiam

368 1649 558 1707 verbis
596 1651 818 1707 divinus
855 1667 1040 1708 sermo
1084 1653 1247 1708 nobis
1264 1653 1503 1711 latenter
1542 1654 1803 1720 ostendit,
1833 1670 1958 1712 cre—

2058 455 2230 525 ψαντο
2249 457 2374 520 τοὺς
2402 456 2553 527 υἱοὺς
2597 456 2815 529 Ἰσραὴλ
2845 459 2901 511 ὲν
2920 460 2985 528 τῇ
3007 457 3200 529 ὲρήμῳ
3227 457 3377 530 Σινᾷ,
3410 457 3494 512 ὅτι
3520 452 3641 511 εἷπε

2062 547 2267 619 Κύριος
2298 548 2499 612 αὐτοῖς·
2529 548 2759 619 Θανάτῳ
2797 548 3192 603 ἀποθανοῦνται
3226 550 3284 603 ὲν
3317 551 3385 622 τῇ
3423 549 3638 623 ἐρήμῳ.

2062 641 2158 694 καὶ
2190 641 2250 693 οὺ
2278 640 2606 713 κατελείφθη
2644 641 2703 707 ἐξ
2741 641 2920 697 αὐτῶν
2949 641 3069 695 οὐδὲ
3090 636 3209 707 εἷς,
3239 640 3377 714 πλὴν
3407 641 3587 697 Χαλὲϐ
3609 643 3640 695 6

2059 731 2175 795 υίὸς
2219 733 2460 803 ’1εφονῆ,
2493 733 2588 787 καὶ
2629 733 2834 803 Ἰησοῦς
2858 733 2888 786 6
2928 732 3023 788 τοῦ
3052 733 3241 804 Ναυῆ·
3274 735 3639 805 παραδεικνὺς

2059 822 2329 894 ἐναργῶς,
2367 824 2450 877 ὅτι
2505 822 2580 896 μὴ
2632 825 2744 887 τοῖς
2780 823 3145 897 ἀπειθήσασιν
3182 827 3215 897 ή
3268 825 3638 896 κληρονομία,

2056 919 2154 970 καὶ
2187 916 2247 970 τὸ
2277 919 2335 971 ἐν
2367 916 2535 989 βίϐλῳ
2559 918 2868 989 γεγράφθαι
2897 917 3033 972 Θεοῦ
3055 934 3068 947 ·
3098 917 3303 990 πρέποι
3324 917 3368 970 δ’
3400 916 3467 972 ἂν
3503 918 3640 990 μᾶλ-

2058 1010 2150 1065 λον
2192 1012 2306 1074 τοῖς
2346 1009 2444 1082 τὴν
2479 1009 2665 1065 πίστιν
2687 1008 3113 1083 εἰσδεδεγμένοις
3130 1050 3145 1076 ,
3175 1009 3333 1081 δῆλον
3354 1009 3411 1063 δὲ
3439 1010 3524 1064 ὅτι
3543 1010 3640 1082 τὴν

2060 1105 2118 1156 ὲν
2163 1102 2418 1175 Χριστῷο
2467 1101 2596 1174 περὶ
2646 1101 2744 1173 μὲν
2789 1100 2899 1174 γάρ
2950 1100 3060 1155 τῶν
3112 1099 3499 1172 ὴπειθηκότων
3556 1098 3637 1166 τὸ,
3697 1109 3700 1112 ’

2065 1212 2084 1246 ι
2141 1192 2648 1265 Ἑξαλειφθήτωσαν
2705 1192 2770 1246 ὲκ
2822 1191 3008 1263 βίϐλου
3065 1189 3303 1258 ζώντων,
3360 1189 3456 1244 καὶ
3504 1189 3641 1259 μετά

2059 1286 2284 1341 δικαίων
2320 1284 2397 1357 μὴ
2440 1287 2846 1357 γραφήτωσαν,
2894 1303 2915 1338 ι
2943 1285 2972 1338 6
2996 1283 3286 1346 θεσπέσιος
3317 1282 3425 1353 ἔφη
3456 1281 3640 1336 Δαϐίδ.

2072 1376 2437 1448 ’Υπεμφαίνει
2469 1377 2526 1431 δὲ
2552 1378 2683 1450 ἡμῖν
2710 1376 2805 1432 καὶ⁵
2831 1376 2893 1430 τὸ
2930 1374 3072 1430 θεῖον
3099 1377 3157 1430 ὲν
3187 1373 3399 1437 τούτοις
3439 1372 3640 1442 λόγιον,

2059 1470 2142 1523 ὅτι
2179 1471 2294 1532 τοῖς
2339 1465 2690 1523 πιστεύουσιν
2736 1470 2771 1540 ή
2812 1467 3010 1539 χάρις’
3062 1465 3150 1520 διὰ
3203 1465 3313 1537 γάρ
3353 1482 3436 1518 τοι
3486 1462 3643 1518 τοῦτο

2061 1560 2198 1633 πρὸς
2240 1558 2318 1631 τῷ
2381 1557 2619 1632 Ἰορδάνῃ
2673 1560 2773 1631 τὴν
2828 1557 3152 1631 ἀπογραφὴν
3204 1555 3461 1626 γενέσθαι
3510 1555 3644 1627 φησὶ

2065 1650 2343 1724 μυστικῶς
2370 1653 2399 1708 6
2418 1651 2595 1721 λόγος·
2621 1650 2973 1722 ἀνάγραπτος
2998 1648 3109 1722 γὰρ
3129 1650 3158 1703 6
3185 1646 3635 1720 βεϐαπτισμένος·

373 1739 635 1798 dentibus
660 1743 781 1799 dari
806 1745 1036 1815 gratiam
1077 1746 1355 1816 :ideoqne
1396 1746 1625 1819 mystice
1674 1745 1960 1816 Scriptura

2075 1744 2202 1816 πλὴν
2250 1743 2353 1815 οὐχ
2400 1743 2711 1816 ὁλοκλήρως
2760 1742 3130 1797 ἀποπέπτωκε
3183 1740 3286 1812 τῆς
3342 1739 3558 1805 ἐλπίδος
3612 1741 3644 1797 ἁ

374 1832 532 1900 dicit,
568 1851 740 1906 prope
761 1833 1058 1893 Iordanem
1092 1835 1292 1893 factam
1326 1851 1449 1893 esse
1489 1836 1955 1908 descriptionem;

374 1923 425 1980 is
452 1927 603 1981 enim
661 1926 1017 1992 describitur,
1047 1927 1143 1998 qui
1184 1927 1495 1998 baptizatus
1533 1926 1720 1984 fuerit.
1768 1927 1960 1998 Neque

372 2027 558 2074 tamen
589 2016 881 2071 universus
913 2016 1076 2072 Israel
1106 2032 1204 2089 spe
1253 2017 1477 2074 excidit.
1520 2017 1761 2075 Servata:
1800 2035 1959 2075 nam-

371 2123 480 2178 que
514 2117 645 2163 sunt
677 2109 945 2180 reliquiae,
968 2109 1124 2181 juxta
1156 2109 1442 2183 prophetae
1465 2126 1660 2167 vocem
1686 2112 1731 2144 ⁸³
1760 2130 1773 2167 :
1798 2113 1960 2184 cujus

373 2198 454 2254 rei
480 2197 711 2269 ﬁguram
744 2209 946 2271 gerunt
964 2200 1134 2256 Calcb
1171 2212 1230 2258 et
1256 2201 1437 2269 Iesus,
1467 2203 1570 2259 soli
1600 2218 1669 2258 ex
1701 2203 1962 2259 omnibus

373 2293 589 2354 relicti.
637 2295 732 2365 qui
786 2294 1132 2351 haereditaria
1176 2296 1271 2351 illa
1307 2302 1456 2353 sorte
1497 2297 1847 2368 potirentur,
1905 2306 1963 2354 et

372 2384 824 2443 describerentur
850 2404 962 2443 una
983 2403 1109 2443 cum
1136 2388 1205 2444 iis
1231 2388 1327 2459 qui
1357 2388 1700 2445 inﬁdelitatis
1725 2389 1958 2446 crimine

370 2492 485 2533 non
513 2479 865 2537 tenebantur.
893 2478 1286 2542 Animadverte
1308 2486 1494 2535 autem
1519 2480 1728 2551 ubique
1745 2489 1963 2538 sancto-

371 2586 497 2627 rum
523 2572 807 2628 hominum
831 2572 1262 2643 descriptionem
1307 2579 1366 2627 et
1402 2587 1661 2642 agrorum
1696 2573 1964 2631 distribu-

373 2663 582 2718 tionem
622 2681 636 2721 :
677 2663 893 2735 geritur
948 2664 1097 2719 enim
1148 2678 1243 2735 per
1298 2664 1522 2737 Moysen
1576 2673 1635 2722 et
1689 2681 1817 2721 eum
1866 2667 1961 2737 qui

373 2755 686 2812 sacerdotio
709 2757 1164 2829 praestantissimo
1196 2757 1549 2829 fungebatur,
1571 2767 1653 2824 ut,
1683 2760 1828 2816 sicut
1849 2760 1963 2831 jam

373 2854 536 2902 antea
550 2846 685 2913 dixi,
714 2863 812 2918 per
832 2856 1129 2919 utrumque
1168 2863 1337 2904 unum
1359 2848 1639 2904 Christum
1667 2848 1959 2920 intelligas,

379 2935 537 3009 [37
565 2945 827 3010 tanquam
851 2940 1198 2995 sacerdotem
1238 2955 1516 2996 summum
1540 2949 1707 3011 atque
1747 2941 1962 3012 legisla-

375 3035 583 3098 torem;
614 3046 715 3103 per
746 3047 911 3103 quem
933 3032 1113 3088 omnis
1136 3032 1312 3103 gratia
1350 3032 1645 3098 tribuitur,
1680 3041 1737 3087 et
1776 3033 1869 3087 illa
1903 3033 1965 3088 ﬁt

2076 1836 2313 1910 Ἰσραήλ.
2355 1836 2631 1891 Σέσωσται
2675 1836 2784 1909 γὰρ
2815 1835 2877 1889 τὸ
2927 1833 3310 1905 κατάλειμμα,
3354 1832 3496 1886 κατὰ
3545 1832 3649 1905 τὴν

2061 1925 2153 1980 τοῦ
2182 1927 2462 1999 προφήτου
2511 1926 2719 1997 φωνὴν,
2764 1916 2826 1981 οὗ
2853 1924 3027 1989 τύπος
3067 1923 3134 1979 ἂν
3183 1919 3293 1977 εἷεν
3329 1925 3379 1977 οἱ
3414 1924 3479 1977 ὲκ
3506 1922 3649 1977 πάν-

2061 2036 2170 2074 των
2203 2017 2690 2091 καταλελειμμένοι
2734 2018 2885 2091 μόνοι
2932 2017 3116 2073 Χαλέϐ
3162 2035 3223 2072 τε
3265 2016 3361 2071 καὶ
3417 2015 3646 2088 Ἰησοῦς,

2065 2111 2637 2185 συγκληρονομοῦντές
2674 2129 2734 2167 τε
2783 2112 2878 2166 καὶ
2918 2111 3367 2183 ἀπογραφόμενοι
3397 2111 3509 2173 τοῖς
3545 2107 3649 2179 τῆς

2063 2207 2325 2271 ἀπιστίας
2354 2207 2696 2278 ἐγκλήμασιν
2731 2206 2834 2265 οὐκ
2862 2197 3249 2277 ἐνεχομένοις.’
3272 2203 3555 2274 Ἐπιτήρει
3588 2201 3649 2256 δὲ

2064 2301 2316 2371 πανταχῆ
2360 2300 2458 2372 τὴν
2497 2299 2605 2354 τῶν
2650 2300 2824 2369 ἁγίων
2872 2298 3202 2371 ἀπογραφὴν
3246 2299 3341 2352 καὶ
3388 2295 3648 2366 κληροδοο

2066 2391 2206 2445 σίαν.
2236 2390 2545 2462 Πράττεται
2573 2391 2682 2463 γὰρ
2721 2390 2810 2447 διά
2842 2407 2900 2444 τε
2932 2390 3179 2454 Μωσέως
3227 2389 3321 2443 καὶ
3361 2385 3456 2441 τοῦ
3480 2384 3650 2457 προῦ-

2065 2498 2252 2552 χοντος
2283 2483 2342 2537 έν
2371 2482 2663 2557 ἱερωσύνῃ,
2700 2481 2806 2542 ἵνα.
2832 2481 3084 2553 καθάπερ
3109 2481 3210 2553 ήδη
3245 2481 3524 2551 προεῖπον,
3555 2477 3649 2530 τὸν

2043 2572 2162 2655 ,ἕνα
2200 2572 2270 2627 δι’
2296 2573 2501 2644 ἀμφοῖν
2529 2575 2729 2645 νοήσῃς
2758 2572 3016 2643 Χριστὸν,
3044 2570 3119 2636 ὡς
3147 2570 3409 2642 ἀρχιερέα
3447 2570 3541 2623 καὶ
3569 2585 3651 2620 νο-

2068 2663 2323 2736 μοθέτην,
2349 2664 2418 2718 δι’
2437 2658 2500 2721 οὗ
2525 2666 2677 2719 πᾶσα
2706 2665 2889 2737 χάρις,
2922 2663 3020 2719 xui.
3055 2663 3116 2717 τὸ
3144 2663 3201 2718 ἐν
3244 2663 3365 2724 ταῖς
3402 2660 3515 2716 ἄνω
3548 2658 3650 2728 cpt-

2067 2756 2256 2827 ρεσθαι
2291 2755 2517 2827 βίϐλοις,
2545 2756 2612 2821 ἃς
2639 2757 2734 2811 καὶ
2757 2757 2787 2810 ό
2828 2756 3099 2828 μακάριος
3128 2753 3328 2830 Δανιὴλ
3363 2748 3653 2809 τεθεᾶσθαι

2067 2866 2232 2921 φησιν
2296 2848 2527 2904 ἑαυτόν.
2579 2869 2598 2902 ι
2645 2848 2827 2904 Βίϐλοι
2865 2850 2975 2922 γὰρ
2998 2846 3377 2921 ἠνεῴχθησαν,
3409 2862 3429 2897 ι
3462 2844 3648 2917 φησὶν,

2066 2943 2148 2998 ὅτι
2193 2942 2362 3013 πολλή
2398 2960 2502 2997 που
2551 2943 2771 2998 πάντων
2812 2942 2909 2998 καὶ
2948 2941 3203 3013 διάφορος
3246 2941 3280 3011 ή
3323 2935 3659 3017 ἀπογραφὴ..

2066 3033 2155 3088 διὰ
2181 3034 2244 3106 δή
2273 3052 2355 3089 τοι
2373 3036 2532 3091 τοῦτο
2560 3035 2752 3102 πολλὰ,
2782 3034 2879 3089 καὶ
2899 3034 3000 3105 οὐχ
3023 3033 3082 3088 ἓν
3103 3033 3165 3087 τὸ
3194 3030 3418 3103 βιϐλίον.

373 3121 432 3179 in
447 3123 705 3196 supernis
726 3124 836 3180 illis
856 3124 1015 3180 libris
1038 3124 1339 3196 descriptio
1370 3142 1383 3180 :
1409 3140 1549 3196 quos
1577 3124 1745 3180 etiam
1769 3124 1966 3181 beatus
1991 3127 2181 3183 Daniel
2225 3143 2285 3183 se
2319 3128 2527 3184 vidisse
2562 3129 2716 3184 dicit.
2771 3146 2790 3179 ‹
2826 3127 3004 3193 Libri,
3044 3145 3063 3178 ι
3114 3123 3405 3196 inquiens,
3434 3140 3454 3175 ι
3475 3128 3657 3192 aperti

373 3223 507 3270 sunt
536 3214 582 3248 δι
613 3232 628 3270 :
660 3235 680 3268 ι
708 3231 836 3271 nam
862 3216 992 3287 quia
1007 3217 1298 3287 multiplex
1337 3224 1394 3272 et
1446 3216 1665 3271 diversa
1721 3215 2022 3288 descriptio
2054 3226 2160 3286 est,
2196 3220 2322 3277 ideo
2347 3220 2560 3292 plures,
2582 3236 2695 3276 non
2730 3234 2874 3275 unus
2898 3218 3060 3274 liber.

446 3329 646 3386 PALL.
677 3309 848 3387 Recte
874 3331 1041 3403 igitur
1065 3347 1129 3386 ac
1152 3331 1288 3387 scite
1317 3330 1528 3386 dictum
1582 3330 1721 3385 illud
1750 3345 1781 3385 e
1822 3331 1957 3385 Pro-

2133 3333 2342 3388 ΠΑΛΛ.
2396 3332 2607 3406 Ὀρθῶς
2639 3327 2734 3388 οῦν
2764 3332 2873 3404 ἄρα
2913 3331 3007 3385 καὶ
3046 3329 3226 3401 σοφῶς
3257 3330 3288 3383 6
3317 3329 3418 3400 τῆς
3450 3329 3657 3400 [Iapet-

374 3422 885 3479 verbiisadmonet:
920 3423 1277 3478 «Divitiarum
1299 3423 1443 3495 pigri
1468 3422 1778 3494 indigentes
1801 3423 1961 3489 ﬁunt;

376 3515 587 3569 strenui
623 3525 808 3571 autem
839 3514 1146 3575 fulciuntur
1175 3515 1376 3587 opibus
1415 3516 1482 3568 ⁸⁸.
1515 3534 1532 3565 ι

447 3606 606 3663 CVR.
642 3608 971 3667 Fulciuntur
1006 3610 1087 3664 illi
1148 3608 1396 3685 quidem,
1435 3609 1722 3677 Deumque
1762 3607 1968 3664 habent

376 3696 680 3766 propitium
712 3712 778 3755 ac
803 3706 1295 3769 propugnatorem,
1338 3698 1435 3767 qui
1482 3698 1802 3754 caelestibus
1844 3699 1967 3754 illos

298 3827 305 3836 .
378 3787 867 3843 benedictionibus
894 3797 1480 3859 augeat,coronetque,
1506 3803 1571 3844 ac
1602 3789 1968 3858 praeclarissi~

384 3881 812 3937 mishonoribus
848 3892 906 3938 et
930 3882 1130 3952 insigni
1150 3882 1324 3953 gloria
1360 3882 1697 3952 amplissime
1716 3893 1966 3941 exornet.

379 3977 466 4031 An
483 3974 667 4031 minus
679 3991 812 4032 vere
828 3976 980 4046 loqui
996 3986 1176 4046 putas,
1196 3991 1322 4031 cum
1339 3975 1473 4032 dicit
1499 3994 1511 4030 :
1542 3995 1562 4028 ‹
1587 3977 1724 4033 Vivo
1736 3993 1861 4049 ego,
1880 3977 1968 4034 di-

381 4068 461 4124 cit
483 4069 767 4135 Dominus,
792 4069 923 4139 quia
949 4067 1320 4140 gloriﬁcantes
1353 4083 1441 4124 me
1487 4068 1810 4140 gloriﬁcabo
1836 4069 1917 4124 ⁸⁸2
1942 4087 1961 4123 ι

452 4159 652 4216 PALL.
680 4160 952 4230 Equidem
983 4160 1243 4217 maxime.

453 4250 613 4307 CVR.
641 4251 808 4323 Atqui
840 4252 1059 4323 perﬁcit
1111 4263 1261 4310 certe
1311 4270 1434 4325 quae
1468 4254 1538 4311 ad
1591 4255 1688 4311 Dei
1737 4253 1969 4325 gloriam

383 4345 683 4416 pertinent,
721 4355 784 4402 ut
815 4346 1041 4417 opinor,
1081 4348 1334 4418 quisquis
1383 4346 1554 4403 fuerit
1593 4357 1876 4412 strenuus,
1915 4356 1972 4404 et

382 4436 691 4493 excoluerit
717 4438 1063 4508 spiritualem
1116 4438 1524 4503 fortitudinem,
1576 4444 1635 4492 et
1694 4437 1764 4492 ad
1821 4437 1972 4492 obsi-

384 4528 645 4585 stendum
682 4530 1079 4600 spectabilibus
1101 4529 1443 4599 occultisque
1491 4529 1748 4583 hostibus
1800 4527 1973 4587 fuerit

2070 3427 2200 3500 μίας
2233 3428 2364 3498 ἡμῖν
2394 3427 2498 3498 ἔφη
2522 3427 2700 3496 λόγος⁸
2746 3444 2764 3478 ι
2808 3425 3048 3479 Πλούτου
3077 3423 3301 3496 όκνηρο)⁵
3331 3423 3528 3487 ἐνδεεῖς
3563 3422 3661 3492 γί-

2068 3536 2268 3574 νονται·
2298 3521 2347 3573 οί
2378 3519 2435 3572 δὲ
2460 3518 2693 3592 ἀνδρεῖοι
2717 3517 3015 3590 ὲρείδονται
3049 3516 3286 3588 πλούτῳ.
3320 3533 3339 3567 ι

2139 3612 2305 3666 ΚΥΡ.
2346 3611 2672 3683 Ἐρείδονται
2698 3610 2808 3683 γὰρ
2848 3604 2966 3674 οὖν,
2997 3609 3092 3663 κα)⁵
3136 3608 3269 3662 Θεὸν
3316 3606 3529 3679 ἔχουσιν
3564 3606 3663 3660 εὐ-

2073 3698 2212 3769 μενῆ
2235 3699 2332 3751 καὶ
2360 3697 2760 3770 προεστηκότα,
2791 3697 2888 3752 καὶ
2912 3696 3345 3752 καταπιαίνοντα
3381 3696 3480 3769 μὲν
3505 3696 3663 3750 εὐλο-

2069 3790 2216 3860 γίαις
2239 3793 2361 3854 ταῖς
2386 3790 2612 3854 ἄνωθεν,
2638 3790 3045 3863 διαφανεστάτῃ
3066 3790 3126 3844 δὲ
3143 3789 3264 3844 λίαν
3288 3787 3664 3859 στεφανοῦντα

2070 3885 2225 3954 τιμῇ,
2254 3885 2349 3936 καὶ
2375 3881 2683 3955 διαϐοήτοις
2722 3882 3003 3953 αὐχήμασι
3060 3880 3330 3945 πλουσίως
3375 3880 3658 3936 κατακαλ-

2069 3973 2315 4029 λύνοντα.
2344 3974 2416 4027 Ἦ
2450 3974 2551 4027 οὐκ
2593 3972 2848 4045 ἀληθεύει
2867 4012 2884 4037 ,
2913 3973 3105 4043 λέγων’
3143 3993 3162 4025 ε
3225 3972 3313 4029 Ζῶ
3344 3972 3477 4044 ἐγὼ,
3505 3971 3667 4041 λέγει

2072 4064 2297 4138 Κύριος,
2332 4065 2415 4120 ὅτι
2440 4066 2567 4128 τοὺς
2590 4062 2913 4131 δοξάζοντας
2946 4081 3016 4134 με
3046 4063 3291 4133 δοξάσως
3328 4083 3348 4118 ι

2143 4158 2354 4218 ΠΑΛΛ.
2386 4157 2536 4215 Πάνυ
2566 4157 2665 4228 μὲν
2697 4151 2811 4214 οὖν.

2142 4250 2309 4311 ΚΥΡ.
2356 4239 2740 4322 Ἀποπεραίνει
2763 4266 2826 4320 γε
2854 4249 2962 4323 μὴν
2980 4248 3053 4303 τὰ
3087 4250 3169 4314 είς
3195 4247 3353 4316 δόξαν
3385 4245 3517 4302 Θεοῦ
3548 4247 3670 4310 πᾶς

2071 4358 2158 4406 τις
2179 4336 2305 4408 οῦν,
2340 4336 2499 4413 οἶμαι
2520 4383 2535 4408 ,
2563 4341 2849 4408 νεανικὸς,
2884 4342 2977 4396 καὶ
3024 4339 3358 4413 ὲπησκηκὼς
3408 4337 3674 4411 ἀνδρείαν

2073 4433 2172 4507 τὴν
2209 4431 2626 4504 πνευματικὴν,
2659 4433 2756 4487 καὶ
2799 4432 3223 4489 ἁντανίστασθαι
3270 4428 3675 4504 μεμελετηκὼς

2072 4527 2287 4597 ὁρατοῖς
2310 4542 2373 4579 τε
2410 4524 2505 4579 καὶ
2530 4525 2784 4597 άοράτοις
2812 4522 3064 4598 ἐχθροῖς,
3100 4524 3293 4581 ἑαυτόν
3321 4540 3385 4578 τε
3417 4523 3509 4577 καὶ
3540 4520 3675 4576 Et!»

384 4610 751 4688 exercitatus,
774 4636 944 4693 seque
980 4628 1038 4676 et
1092 4630 1321 4677 caeteros
1369 4634 1593 4676 servare
1643 4621 1883 4689 noverit,
1911 4630 1965 4683 et

2078 4635 2206 4690 pou;
2253 4615 2557 4683 ἀνασώζειν
2609 4617 2798 4686 εἰδὼς,
2856 4618 2952 4674 καὶ
2997 4620 3056 4673 ὲν
3104 4618 3226 4691 Θεῷ
3273 4618 3450 4673 πάντα
3493 4614 3674 4671 δυνά-

385 4714 572 4769 omnia
598 4715 654 4769 in
683 4715 797 4769 Deo
822 4708 1083 4786 potuerit.

457 4807 656 4863 PALL.
687 4807 996 4869 Assentior.

457 4897 617 4955 CYR.
640 4900 806 4957 Visne
828 4901 996 4975 igitur
1025 4901 1132 4958 hoc
1169 4903 1349 4976 ipsum
1379 4903 1435 4959 in
1476 4904 1544 4960 iis
1568 4920 1691 4976 quae
1720 4906 1789 4962 de
1811 4908 1817 4915 '
1843 4906 1973 4963 bea,

389 4999 449 5048 to
479 4989 757 5052 Abraham
791 4991 860 5047 ad
889 4992 1184 5049 maximam
1231 4993 1528 5050 utilitatem
1563 5005 1811 5052 nostram
1841 5012 1970 5051 nar-

390 5087 606 5147 rantur,
636 5082 793 5137 velut
848 5083 907 5138 in
933 5084 1122 5141 tabula
1154 5086 1392 5157 quadam
1416 5088 1619 5145 leviter
1675 5087 1974 5145 adumbra-

388 5175 509 5229 tum
537 5173 1014 5245 contemplemur?

461 5262 661 5320 PALL.
679 5264 856 5322 Velim
878 5268 1134 5340 equidem
1155 5269 1556 5338 libentissime;
1589 5271 1830 5342 quidni?

460 5354 621 5414 CYR.
657 5356 939 5433 Scriptum
980 5372 1065 5419 est
1104 5362 1292 5435 igitur,
1335 5361 1441 5418 Lot
1479 5354 1761 5418 habitasse
1783 5378 1974 5418 versa-

394 5454 622 5522 tumque
651 5466 771 5509 esse
797 5452 1051 5510 Sodomis
1069 5454 1115 5489 "
1142 5471 1157 5523 ;
1193 5468 1319 5509 cum
1362 5468 1495 5509 vero
1520 5468 1685 5525 grave
1726 5464 1782 5510 et
1814 5469 1977 5525 aspe-

468 5630 510 5702 δ’
540 5631 873 5692 Numam-1.
899 5635 987 5692 65.
1066 5636 1109 5671 η
1141 5636 1282 5702 Psal.
1311 5651 1492 5702 vatu,
1531 5633 1620 5693 ‘29.
1708 5634 1750 5667 ⁸³
1776 5634 1881 5689 lsa.
1922 5632 2082 5696 χλι,

399 5700 444 5743 δ’
461 5699 598 5767 Gen.
624 5718 732 5772 xw,
757 5704 840 5761 12.

2003 4694 2049 4751 D
2081 4727 2264 4789 μενος.

2151 4803 2361 4860 ΠΑΛΛ.
2397 4803 2593 4876 Σύμφη
2603 4822 2683 4876 με.

2154 4897 2320 4951 ΚΥΡ.
2357 4896 2545 4951 Βούλει
2578 4896 2643 4970 δὴ
2676 4890 2769 4952 οῦν
2816 4895 2948 4952 αὐτὸ
2986 4894 3052 4966 δὴ
3095 4892 3257 4949 τοῦτο
3300 4891 3680 4964 καταθρῶμεν

2075 4984 2136 5044 εὖ
2167 4988 2313 5061 μάλα
2333 5028 2348 5054 ,
2379 4988 2629 5061 καθάπερ
2659 4990 2718 5043 ὲν
2759 4986 2950 5043 πίνακι
2986 4985 3434 5059 σκιαγραφηθὲν,
3462 4986 3522 5038 ὲν
3549 4987 3680 5050 τοῖς

2079 5082 2222 5139 κατὰ
2263 5082 2355 5138 τὸν
2387 5082 2673 5139 θεσπέσιον
2730 5081 2984 5155 ⁹Δϐρατὶιμ
3029 5079 3499 5150 ὲπωφελεστάτοις
3528 5080 3680 5149 ἡμῖν

2076 5173 2411 5245 διηγήμασιν
2429 5191 2445 5239 ;

2151 5266 2361 5322 ΠΔΛΛ.
2402 5262 2658 5337 Ἐλοίμην
2684 5264 2751 5318 ἂν
2790 5263 3019 5337 σφόδρα.
3055 5263 3182 5327 Πῶς
3214 5263 3322 5336 γὰρ
3352 5259 3448 5327 οὓς

2147 5358 2311 5412 ΚΥΡ.
2331 5357 2647 5429 Γέγραπται
2669 5356 2849 5411 τοίνυν
2870 5398 2885 5424 ,
2918 5357 2995 5421 ὡς
3034 5355 3276 5427 κατῴκει
3309 5370 3368 5408 τε
3400 5351 3498 5408 καὶ
3532 5366 3682 5405 κατ-

2080 5449 2330 5522 ηυλίιζετο
2366 5449 2463 5520 μὲν
2492 5451 2548 5503 ἐν
2581 5448 2838 5519 Σοδόμοις
2895 5448 2923 5500 6
2951 5445 3095 5501 Λώτ·
3128 5444 3319 5515 ἐπειδὴ
3345 5442 3404 5496 δὲ
3436 5442 3537 5511 τὴν
3561 5439 3680 5508 γῆν

2161 5633 2205 5665 ⁸⁸
2231 5633 2365 5691 Dan.
2395 5648 2489 5699 vn,
2529 5628 2611 5683 10.
2690 5629 2734 5687 ’4³
2766 5629 2926 5684 Prov.
2951 5643 3025 5692 xi,
3046 5625 3129 5679 12.
3208 5625 3289 5679 ⁸⁸1
3318 5624 3452 5695 Reg.
3487 5636 3547 5687 tt,
3571 5617 3677 5678 ΞΟ.
