3954 6200
290 302 399 366 35⁸1

1002 302 1091 365 DE
1128 297 1571 366 ADORATIONE
1608 297 1676 359 ΙΝ
1716 295 1987 358 SPIRITU
2027 302 2115 358 ET
2156 298 2523 360 VERITATE.
2567 304 2697 359 LIB.
2728 302 2817 362 iV.

3455 311 3562 368 δῖ’ιό

290 422 469 487 δεινὸς
512 423 608 477 καὶ
657 420 828 495 βαρὺς
870 425 1090 479 κατέϐει
1130 428 1387 498 πόλεμος,
1422 424 1531 480 τῶν
1576 442 1636 478 τε
1685 423 1880 495 ἀγχοῦ,

1986 440 2108 479 rum
2141 424 2348 480 bellum
2379 426 2436 480 in
2463 440 2586 480 eam
2628 426 2910 497 regionem
2959 423 3270 494 invasisset,
3324 444 3561 500 cumqire

289 516 391 572 καὶ
420 514 533 569 τῶν
562 515 628 569 ὲκ
659 515 758 586 τῆς
788 517 993 589 ὁμόρου
1043 518 1230 591 χώρας
1249 561 1263 584 ,
1288 516 1427 589 ὁμοῦ
1462 519 1574 580 τοῖς
1628 515 1880 587 ἡγεῖσθαι

288 609 520 684 λαχοῦσι
554 609 698 664 κατὰ
724 593 929 681 κράτος
967 611 1198 666 ἑλόντων
1224 612 1324 685 τὴν
1356 611 1510 665 πόλιν
1530 654 1545 676 ,
1580 625 1880 665 συναπεκο-

291 702 487 774 μίζετο
511 705 624 767 τοῖς
650 701 1008 767 ὲξαναστᾶσιν
1040 705 1068 757 6
1102 703 1248 771 Λὼτ,
1272 705 1367 758 καὶ
1391 702 1526 774 ὁμοῦ
1547 706 1661 767 τοῖς
1702 702 1881 767 ἄλλοις

287 795 630 869 δορὺληπτος
655 791 746 867 ἦν·
785 797 1230 869 παραγενόμενος
1257 798 1314 852 δέ
1342 814 1428 862 τις
1459 796 1568 850 τῶν
1604 797 1881 851 ἀνασεσω-

292 889 532 957 σμένων,
575 905 594 939 ι
616 886 988 959 Ἀπηγγέλη,›
1015 890 1199 960 φησιν,
1226 907 1244 940 ι
1269 888 1521 959 Ἀϐραὰμ
1541 888 1619 959 τῷ
1643 888 1876 959 περάτῃ,

289 979 459 1043 αὐτὸς
489 978 547 1034 δὲ
579 978 816 1051 κατῴκει
845 981 983 1050 πρὸς
1011 983 1077 1053 τῇ
1106 980 1230 1052 δρυῒ
1266 983 1331 1052 τῇ
1364 980 1642 1053 Μαμϐρῆ,
1685 981 1880 1051 Ἀμορ⁸

290 1072 452 1142 paan
478 1069 575 1124 τοῦ
604 1071 839 1142 ἀδελφοῦ
879 1071 1116 1143 Ἐσχὼλ,
1148 1072 1243 1126 καὶ
1285 1073 1381 1126 τοῦ
1411 1073 1643 1141 ἀδελφοῦ
1674 1074 1875 1139 Αὑνᾶν,

286 1163 339 1217 οἱ
424 1159 565 1234 ἦσαν
631 1164 942 1234 συνωμόται
1001 1163 1096 1217 τοῦ
1183 1163 1420 1236 Ἀϐράμ.
1482 1165 1750 1228 ’Δκούσας
1812 1164 1870 1218 δὲ

300 1252 542 1325 Ἀδράμ,
571 1254 656 1307 ὅτι
686 1252 1108 1324 ᾑχμαλώτευται
1135 1252 1260 1307 Λὼτ
1280 1256 1308 1308 6
1344 1254 1660 1324 ἀδελφιδοῦς
1689 1254 1875 1324 αὑτοῦ,

288 1346 570 1416 ἠρίθμησε
592 1348 719 1411 τοὺς
762 1346 925 1411 ἰδίους
955 1348 1253 1417 οἰκογενεῖς
1299 1349 1464 1402 αὑτοῦ
1483 1387 1498 1413 ,
1532 1349 1878 1421 τριακοσίους

288 1435 424 1488 δέκα
453 1436 550 1489 καὶ
593 1435 757 1489 ὀκτώ.
804 1436 915 1489 Καὶ
961 1436 1289 1502 κατεδίωξεν
1337 1438 1515 1492 ὀπίσω
1568 1440 1745 1493 αὑτῶν
1771 1439 1879 1502 ἕως

288 1525 422 1580 Δάν⁸
468 1527 565 1580 καὶ
594 1526 865 1580 ἐπέπεσεν
902 1527 989 1581 ἐπ’
1015 1528 1211 1592 αὐτοὺς
1237 1528 1336 1599 τὴν
1367 1529 1540 1583 νύκτα
1571 1531 1751 1596 αὐτὸς,
1783 1532 1877 1585 καὶ

290 1618 341 1670 οι
362 1618 553 1681 παῖδες
572 1616 763 1673 αὑτοῦ.
780 1618 889 1671 Καὶ⁵
907 1617 1179 1682 ἐπάταξεν
1199 1618 1417 1682 αὐτοὺς,
1443 1620 1536 1672 καὶ
1554 1620 1876 1687 κατεδίωξεν

291 1707 498 1770 αὐτοὺς
527 1706 633 1770 ἓως
678 1706 830 1760 Χοδά
850 1749 865 1772 ,
897 1708 934 1778 ἦ
966 1707 1119 1761 ἐστιν
1165 1708 1223 1761 ὲν
1255 1709 1520 1780 ἀριστερᾷ
1558 1710 1873 1781 Δαμασκοῦ.

288 1797 406 1850 Καὶ
435 1796 747 1867 ἀπέστρεψε
775 1798 958 1850 πᾶσαν
981 1797 1080 1867 τὴν
1108 1796 1276 1851 ἵππον
1316 1798 1589 1869 Σοδόμων,
1620 1799 1716 1854 καὶ
1752 1798 1876 1855 Λὼτ

285 1886 385 1941 τὸν
441 1888 757 1957 ἀδελφιδοῦν
807 1887 974 1942 αὑτοῦ
1033 1888 1347 1959 ἀπέστρεψε
1374 1930 1388 1954 ,
1438 1891 1533 1944 καὶ
1584 1892 1763 1947 πάντα
1809 1893 1879 1948 τὰ

288 1979 611 2049 ὑπάρχοντα
640 1977 806 2033 αὑτοῦ
830 2018 845 2044 ,
878 1980 975 2032 καὶ
1006 1979 1105 2043 τὰς
1145 1984 1433 2048 γυναῖκας,
1469 1983 1565 2037 καλ⁵
1604 1984 1695 2037 τὸν
1728 1985 1876 2039 λαόν.

300 2071 528 2142 Ἐξῆλθε
557 2071 615 2124 δὲ
656 2070 912 2141 βασιλεὺς
945 2071 1196 2141 Σοδόμων
1226 2075 1306 2136 είς
1337 2074 1662 2145 συνάντησιν
1688 2075 1876 2142 αὑτοῦ,

289 2161 435 2232 μιτά
468 2160 534 2213 τὸ
562 2159 905 2231 ὑποστρέψαι
943 2161 1110 2216 αὑτὸν
1137 2161 1246 2215 ἀπὸ
1274 2162 1376 2233 τῆς
1415 2165 1593 2233 κοπῆς
1623 2165 1880 2219 Χοδολλο-

284 2252 498 2322 γομὸρ,
532 2253 630 2305 καὶ
674 2251 785 2305 τῶν
833 2250 1101 2321 βασιλέων
1144 2254 1255 2307 τῶν
1288 2254 1426 2326 μετὰ
1456 2256 1624 2310 αὑτοῦ
1656 2259 1737 2322 είς
1778 2259 1879 2330 τὴν

286 2342 520 2397 κοιλάδα
545 2342 643 2396 τοῦ
665 2342 838 2413 Σαὸἦ.
869 2342 1041 2397 Τοῦτο
1072 2340 1143 2416 ἦν
1167 2346 1228 2398 τὸ
1253 2345 1434 2400 πεδίον
1456 2347 1566 2401 τῶν
1594 2348 1874 2418 βασιλέων.

286 2436 402 2490 Καὶ
463 2435 805 2506 Μελχισεδὲκ
840 2436 1092 2507 βασιλεὺς
1128 2437 1317 2510 Σαλὴμ
1356 2440 1644 2510 ἐξήνεγκεν
1679 2439 1881 2512 ἄρτους

286 2526 388 2580 καὶ
425 2522 590 2579 οἶνονο
629 2521 699 2598 ἦν
726 2525 784 2579 δὲ
807 2528 987 2598 ἱερεὺς
1023 2525 1116 2579 τοῦ
1142 2527 1276 2581 Θεοῦ
1313 2528 1563 2599 ὑψίστουο
1598 2531 1692 2584 καὶ
1726 2530 1877 2584 e616-

284 2636 426 2692 γησε
456 2619 547 2674 τὸν
592 2617 840 2690 ’Δσρὰμ,
875 2621 969 2673 καὶ
1016 2613 1193 2672 εἶπεν⁹
1238 2619 1620 2692 Εὐλογημένος
1665 2621 1879 2693 Ἀϐράμ

286 2712 369 2784 τῷ
396 2710 518 2784 Θιῷ
553 2711 633 2783 τῷ
661 2712 904 2782 ὑψίστῳ,
934 2713 994 2776 ὃς
1040 2712 1228 2766 ἔκτισε
1261 2713 1352 2766 τὸν
1391 2714 1621 2785 οὐρανὸν
1656 2715 1749 2768 καὶ
1780 2714 1880 2787 τὴν

286 2804 418 2875 γῆν.
455 2802 569 2858 Καὶ
606 2802 899 2874 εὐλογητὸς
929 2806 955 2856 6
996 2803 1130 2868 Θεὸς
1166 2805 1196 2856 6
1225 2803 1481 2875 ὕψιστος,
1508 2805 1567 2869 δς
1594 2805 1880 2879 παρέδωκε

285 2897 415 2961 τοὺς
447 2894 679 2967 ἐχθρούς
710 2912 806 2948 σου
834 2895 1181 2968 ὑποχειρίους
1208 2912 1312 2950 σοι.
1356 2897 1466 2952 Καὶ
1502 2897 1702 2951 ἔδωκεν
1732 2896 1881 2969 αὐτῷ

284 2989 527 3059 δεκάτην
565 2990 758 3059 μοῖραν
783 2987 892 3042 ἀπὸ
922 2989 1162 3043 πάντων.
1190 2985 1327 3043 Εῐπε
1354 2988 1411 3043 δὲ
1435 2989 1691 3059 βασιλεὺς
1720 2988 1879 3043 Σοδό-

288 3095 412 3148 μων
427 3078 585 3169 ’πρὸς
623 3075 860 3169 1696p.-
889 3077 1124 3169 ρόςΑμοι
1152 3078 1280 3169 τοὺς
1312 3078 1533 3149 ἄνδρας,
1561 3079 1676 3169 τὴν
1703 3078 1760 3132 δὲ
1784 3079 1881 3169 Αἴπ-
1906 3114 1947 3169 C

285 3178 393 3216 πον
427 3164 562 3218 λάεε
586 3164 818 3235 σεαυτῷ.
848 3161 984 3219 Eine
1013 3164 1070 3219 δὲ
1112 3165 1327 3237 Ἀϐράμ
1360 3167 1497 3239 πρὸς
1526 3167 1617 3221 τὸν
1656 3167 1878 3237 βασιλέα

286 3253 567 3327 Σοδόμωνο
616 3256 852 3310 Ἐκτενῶ
903 3256 1003 3327 τὴν
1050 3257 1210 3332 χεῖρά
1243 3274 1344 3329 μου
1385 3258 1523 3330 πρὸς
1554 3258 1758 3330 Κύριον
1785 3260 1879 3315 τὸν

286 3350 423 3405 Θεὸν
442 3351 537 3405 τὸν
566 3351 814 3423 ὕψιστον,
839 3352 897 3417 6;
936 3353 1118 3408 ἔκτισε
1143 3354 1235 3408 τὸν
1262 3355 1491 3426 οὐρανὸν
1510 3355 1604 3409 καὶ
1632 3355 1730 3426 τὴν
1749 3355 1877 3426 γῆν,

289 3446 344 3499 εἰ
363 3445 473 3500 ἀπὸ
498 3445 773 3516 σπαρτίου
804 3445 910 3509 ἕως
939 3448 1302 3518 σφυρωτῆρος
1331 3448 1682 3519 ὑποδήματος
1711 3447 1879 3518 λήψο-

292 3554 395 3608 μαι
445 3537 558 3590 ἀπὸ
606 3536 830 3590 πάντων
863 3535 971 3590 τῶν
1014 3537 1156 3603 σῶν,
1199 3535 1285 3590 ἵνα
1319 3537 1394 3608 μὴ
1419 3537 1577 3608 εἴπῃς
1607 3538 1690 3590 ὅτι
1737 3536 1880 3606 Ἐγὼ

218 3685 222 3687 λ
289 3625 587 3680 ἐπλούτισα
612 3626 705 3681 τὸν
732 3626 968 3697 Ἀδραμ,
992 3627 1131 3698 πλὴν
1158 3619 1233 3681 ὧν
1265 3626 1469 3695 ἔφαγον
1497 3627 1548 3680 οἱ
1579 3625 1872 3692 νεανίσκοι,

289 3716 519 3786 καὶτῆς
569 3716 789 3788 μερίδος
821 3716 930 3769 τῶν
973 3716 1186 3787 ἀνδρῶν
1228 3716 1339 3770 τῶν
1385 3715 1878 3789 συμπορευθέντων

292 3809 416 3879 μετ’
446 3806 607 3879 ἐμοῦ,
642 3807 872 3880 Ἐσχὼλ,
906 3809 1106 3873 Αὑνᾶν,
1136 3808 1383 3881 Μαμϐρῆ
1402 3822 1416 3840 ⁴
1445 3802 1591 3863 οὗτοι
1619 3809 1881 3881 λήψονται

295 3899 521 3971 μερίδα.
579 3900 739 3956 Μετὰ
777 3900 836 3954 δὲ
880 3901 949 3954 τά
992 3902 1215 3973 ῥήματα
1250 3900 1426 3955 ταῦτα
1468 3899 1702 3971 ἐγενήθη
1734 3900 1883 3971 ῥῆμα

294 3995 503 4062 Κυρίου
528 3995 668 4065 πρὸς
709 3993 925 4067 Ἀδράμ
958 3997 1016 4049 ἐν
1038 3994 1279 4067 ὁράματι
1306 3994 1406 4065 τῆς
1433 3992 1649 4057 νυκτὸς,
1683 3992 1879 4061 λέγων·

291 4086 388 4157 Μὴ
432 4086 623 4157 φοόοῦ,
659 4086 894 4158 ’Δὸράμ,
926 4085 1038 4156 ἐγὼ
1074 4084 1437 4159 ὑπερασπίξω
1461 4102 1583 4151 σου,
1637 4085 1668 4137 6
1690 4083 1884 4156 μισθός

296 4192 395 4229 σου
428 4177 601 4241 πολὺς
637 4178 790 4232 ἔσται
818 4177 1046 4248 σφόδρα.
1082 4176 1247 4247 Λέγει
1268 4177 1326 4231 δὲ
1367 4176 1606 4249 Ἀϐρὰμ,
1635 4176 1883 4230 Δέσποτα

294 4268 474 4341 Κύριε
497 4307 514 4333 ,
545 4270 601 4322 τί
630 4287 722 4342 μοι
743 4269 969 4335 δὼσεις;
1005 4268 1118 4338 ἐγὼ
1148 4270 1203 4322 δὲ
1248 4269 1559 4341 ἀπολύομαι
1585 4269 1828 4335 ἄτεκνος,
1854 4269 1884 4322 6

292 4364 354 4417 δὲ
385 4362 502 4427 υἱὸς
529 4363 721 4433 Μασὲχ
752 4362 853 4433 τῆς
881 4360 1194 4431 οίκογενοῦς
1238 4378 1371 4432 μου,
1404 4356 1558 4424 οὗτος
1586 4359 1882 4432 Δαμασκδς

1980 516 2243 588 proxima:
2261 532 2326 572 ac
2370 515 2618 572 ﬁnitimae
2648 526 2839 587 gentes
2868 530 2976 571 una
3000 533 3127 572 cum
3170 519 3407 575 ducibus
3437 523 3554 578 suis

1978 608 2033 664 vi
2071 624 2193 663 eam
2235 608 2432 663 urbem
2457 608 2764 678 cepissent,
2803 622 2914 662 una
2957 623 3083 662 cum
3118 608 3187 663 iis
3221 609 3317 680 qui
3355 614 3560 681 captivi

1979 698 2306 769 agebantur,
2340 694 2445 753 Lot
2470 713 2688 768 quoque
2733 699 3034 753 abductum
3084 699 3247 754 simul
3282 715 3409 755 cum
3438 701 3560 758 aliis

1980 790 2036 846 in
2065 790 2306 846 hostium
2340 798 2666 860 potestatem
2704 791 2959 845 venisse:
2990 791 3108 856 sed,
3157 807 3284 846 cum
3332 793 3560 863 quidam

1979 880 2130 936 exiis
2160 882 2253 952 qui
2277 890 2565 936 evaserant
2584 879 2917 943 advenisset,
2955 880 3249 936 «Nuntiata
3284 894 3376 937 res
3399 891 3504 948 est,
3532 903 3552 934 ι

1979 975 2179 1047 inquit,
2223 994 2242 1026 ι
2269 974 2544 1029 Abraham
2570 972 2930 1027 transfluviali
2950 991 2963 1025 :
2987 972 3103 1042 ipse
3135 983 3319 1031 autem
3345 975 3561 1031 habita.

1979 1068 2074 1124 bat
2101 1068 2170 1123 ad
2203 1082 2469 1138 quercum
2500 1065 2762 1130 Mambre,
2792 1064 3096 1120 Amorrhaei
3123 1065 3310 1122 fratris
3334 1068 3558 1133 Eschol,

1978 1170 2034 1216 et
2070 1160 2257 1215 fratris
2315 1158 2532 1223 Aunan,
2596 1157 2691 1228 qui
2728 1165 2887 1213 erant
2930 1157 3203 1228 coniurati
3260 1157 3559 1214 Abraham.

1977 1251 2223 1306 Audiens
2248 1258 2435 1305 autem
2475 1249 2756 1304 Abraham
2796 1248 2943 1320 quod
2969 1250 3221 1320 captivus
3249 1249 3425 1306 factus
3468 1267 3560 1306 es-

1977 1351 2062 1399 set
2115 1342 2219 1399 Lot
2266 1342 2454 1398 fratris
2491 1341 2658 1404 ﬁlius,
2708 1342 3021 1398 numeravit
3059 1342 3316 1413 proprios
3361 1359 3561 1400 verna-

1978 1434 2133 1488 culos
2157 1448 2288 1488 suos
2316 1440 2594 1488 trecentos
2637 1432 2828 1488 decem
2857 1442 2913 1488 et
2947 1443 3101 1500 octo;
3135 1443 3191 1489 et
3236 1444 3563 1505 persecutus

1977 1534 2062 1581 est
2077 1540 2171 1579 eos
2193 1541 2365 1595 usque
2384 1525 2521 1589 Dan,
2540 1533 2596 1580 et
2612 1525 2775 1579 irruit
2792 1540 2959 1595 super
2986 1541 3083 1580 eos
3104 1534 3217 1579 tota
3236 1535 3418 1593 nocte,
3445 1528 3563 1599 ipse

1978 1624 2035 1671 et
2071 1618 2229 1687 pueri
2258 1619 2380 1688 ejus
2405 1633 2420 1671 ε
2442 1627 2498 1673 et
2543 1616 2819 1688 percussit
2870 1632 2987 1682 eos,
3016 1627 3072 1672 et
3122 1627 3449 1687 persecutus
3478 1628 3564 1675 est

1979 1723 2155 1778 usque
2177 1708 2407 1774 Chobal,
2446 1724 2568 1779 quae
2594 1716 2680 1763 est
2728 1708 2796 1763 ad
2826 1709 3018 1763 laevam
3050 1708 3323 1774 Damasci,
3356 1719 3413 1764 et
3465 1725 3561 1763 rc-

1980 1801 2138 1855 duxit
2166 1817 2387 1855 omnem
2408 1802 2718 1870 equitatum
2748 1799 3140 1865 Sodomorum,
3175 1808 3234 1855 et
3258 1799 3362 1855 Lot
3389 1800 3560 1856 filium

1979 1892 2169 1948 fratris
2190 1893 2276 1947 sui
2300 1893 2539 1958 reduxit,
2567 1901 2623 1947 et
2645 1908 2867 1947 omnem
2909 1893 3277 1948 substantiam
3323 1896 3463 1966 ejus,
3507 1901 3566 1950 et

1979 1984 2262 2049 mulieres,
2292 1994 2348 2039 et
2396 1985 2681 2055 populum.
2724 1984 2885 2055 138
2937 1985 3204 2056 Egressus
3233 1993 3319 2040 est
3378 1992 3565 2040 autem

1980 2090 2075 2128 rex
2107 2074 2475 2129 Sodomorum
2507 2075 2562 2128 in
2598 2090 2892 2129 occursum
2934 2076 3101 2141 illius,
3154 2085 3445 2147 postquam
3479 2092 3569 2131 re-

1978 2180 2172 2221 versus
2196 2174 2284 2220 est
2312 2182 2343 2220 a
2372 2166 2518 2220 cmde
2550 2165 3007 2233 Cliodorlaomor,
3033 2175 3089 2222 et
3109 2177 3439 2224 caeterorum
3473 2186 3564 2224 rc-

1979 2272 2108 2328 gum
2146 2258 2395 2327 quicum
2424 2257 2519 2312 illo
2565 2266 2744 2323 erant,
2772 2258 2829 2312 in
2860 2258 3058 2314 vallem
3098 2259 3261 2314 Sabe.
3313 2260 3416 2315 Hic
3446 2267 3568 2316 erat

1980 2365 2207 2420 campus
2231 2364 2445 2421 regum,
2487 2359 2542 2404 et
2565 2348 2971 2406 Melchisedech
3020 2366 3119 2405 rex
3155 2350 3337 2405 Salem
3367 2360 3565 2421 protu-

1979 2439 2043 2495 lit
2070 2454 2241 2510 panes
2266 2447 2324 2495 et
2344 2439 2535 2494 vinum
2563 2458 2578 2507 ;
2616 2448 2737 2495 erat
2796 2440 2945 2493 enim
2992 2439 3253 2494 sacerdos
3284 2440 3382 2495 Dei
3409 2439 3567 2496 altis-

1980 2530 2126 2595 simi,
2155 2536 2212 2585 et
2248 2528 2535 2585 benedixit
2577 2530 2881 2596 Abraham,
2917 2537 2974 2585 et
3028 2530 3206 2586 dixit:
3234 2530 3569 2587 Benedictus

1978 2621 2254 2675 Abraham
2283 2622 2397 2676 Deo
2440 2622 2728 2688 altissimo,
2782 2622 2877 2692 qui
2914 2622 3054 2677 fecit
3106 2622 3311 2677 cmlum
3359 2632 3416 2678 et
3455 2631 3574 2677 ter-

1981 2728 2132 2779 ram;
2168 2722 2224 2769 et
2250 2714 2576 2769 benedictus
2599 2715 2748 2769 Deus
2769 2715 3094 2778 altissimus,
3123 2714 3217 2784 qui
3256 2713 3411 2770 dedit
3458 2714 3565 2770 ho-

1981 2811 2092 2859 Stes
2127 2811 2252 2860 tuos
2288 2804 2543 2861 subditos
2583 2806 2707 2861 tibi.
2734 2806 2803 2860 Et
2829 2805 2981 2861 dedit
3009 2806 3063 2862 ei
3113 2806 3384 2861 decimam
3432 2822 3565 2877 par-

1982 2903 2091 2949 tem
2120 2895 2189 2949 ab
2215 2896 2496 2950 omnibus.
2528 2896 2674 2951 Dixit
2711 2906 2901 2953 autem
2942 2913 3043 2952 rex
3103 2896 3469 2952 Sodomorum
3498 2899 3569 2953 ad

1980 2987 2287 3043 Abraham:
2321 2989 2399 3044 Da
2437 2990 2574 3046 mihi
2603 2991 2775 3056 viros,
2811 2999 2867 3045 at
2897 2992 3209 3061 equitatum
3244 2972 3434 3063 acc'ipe
3459 2989 3561 3048 tibi

1981 3079 2106 3149 ipsi.
2128 3080 2276 3134 Dixit
2301 3086 2487 3136 autem
2526 3081 2803 3136 Abraham
2842 3082 2911 3137 ad
2945 3098 3129 3153 regem
3157 3082 3564 3140 Sodomorum:

1982 3170 2284 3225 Extendam
2305 3185 2530 3226 manum
2567 3187 2745 3226 meam
2778 3172 2847 3226 ad
2886 3174 3061 3227 Deum
3099 3174 3448 3240 altissimum,
3470 3175 3566 3245 qui

1980 3262 2189 3316 creavit
2214 3263 2415 3317 coelum
2446 3269 2503 3317 et
2530 3273 2756 3327 terram,
2790 3263 2842 3318 si
2883 3280 2916 3319 a
2937 3263 3029 3318 filo
3062 3279 3238 3333 usque
3278 3266 3347 3319 ad
3387 3266 3566 3320 corri-

1981 3353 2125 3425 giam
2164 3353 2521 3409 calceamenti
2538 3355 2800 3424 accipiam
2829 3355 2897 3410 de
2925 3355 3185 3410 omnibus
3216 3356 3347 3419 tuis,
3377 3371 3446 3410 ne
3477 3355 3566 3409 di-

1981 3461 2104 3512 cas,
2163 3446 2278 3518 Ego
2326 3446 2498 3529 ditavi
2562 3446 2874 3512 Abraham,
2926 3455 3128 3518 praeter
3192 3462 3257 3502 ea
3301 3462 3426 3517 qua:
3470 3462 3569 3502 co-

1981 3540 2275 3595 mederunt
2332 3541 2589 3612 juvenes,
2625 3548 2682 3595 et
2710 3547 2925 3610 partem
2960 3541 3205 3595 virorum
3250 3539 3346 3610 qui
3397 3554 3571 3594 vene-

1983 3639 2113 3687 runt
2150 3649 2391 3699 mecum,
2417 3633 2638 3697 Eschol,
2675 3632 2913 3698 Aunam,
2962 3631 3238 3699 Mambre;
3288 3631 3379 3686 isti
3420 3631 3571 3689 acci-

1983 3722 2138 3792 pient
2166 3730 2400 3794 partem.
2434 3724 2564 3779 Post
2615 3723 2784 3778 verba
2834 3731 3020 3779 autem
3065 3722 3183 3778 haec
3225 3722 3433 3778 factum
3484 3728 3574 3777 est

1983 3814 2214 3868 verbum
2233 3815 2451 3871 Domini
2477 3814 2546 3869 ad
2580 3813 2860 3870 Abraham
2891 3815 2950 3869 in
2983 3815 3217 3879 visione,
3243 3814 3435 3870 dicens
3457 3833 3470 3867 :
3489 3813 3571 3868 Ne

1985 3903 2201 3968 timeas,
2262 3904 2575 3970 Abraham;
2629 3917 2730 3975 ego
2775 3910 3066 3973 protegam
3122 3909 3197 3967 te,
3231 3917 3447 3957 merces
3477 3912 3573 3957 tua

1982 3997 2155 4051 multa
2180 3996 2289 4050 erit
2315 3995 2501 4049 nimis.
2549 3994 2695 4049 Dicit
2723 4001 2909 4048 autem
2960 3992 3283 4047 Abraham:
3317 3993 3571 4059 Domine,

1983 4087 2117 4158 quid
2155 4085 2314 4140 dabis
2344 4083 2520 4139 mihi?
2553 4098 2655 4152 ego
2679 4091 2863 4137 autem
2886 4081 3136 4136 dimittor
3174 4081 3294 4137 sine
3336 4082 3570 4150 liberis;

1985 4179 2132 4234 ﬁlius
2164 4183 2349 4232 autem
2376 4173 2596 4230 Masech
2627 4173 2940 4229 vernaculae
2962 4189 3119 4239 meae,
3151 4172 3243 4229 hic
3268 4173 3574 4230 Damascus

1984 4272 2234 4327 Eliezer:
2265 4279 2320 4325 et
2353 4267 2493 4324 dixit
2519 4266 2796 4321 Abraham
2819 4305 2834 4332 ,
2874 4264 3013 4331 Quia
3049 4265 3188 4320 mihi
3227 4282 3339 4321 non
3372 4266 3574 4322 dedisti

1985 4381 2196 4429 semen,
2221 4361 2553 4417 vernaculus
2608 4374 2767 4413 meus
2798 4357 2979 4412 haeres
3002 4372 3162 4412 meus
3192 4357 3321 4411 erit.
3354 4358 3425 4411 Et
3454 4364 3573 4413 sta-

309 4455 588 4527 Ἐλιὲζερν
640 4455 738 4508 καὶ
799 4450 952 4508 εἶπεν
1009 4452 1243 4524 Ἀσράμο
1324 4452 1543 4525 Ἐπειδὴ
1602 4454 1727 4524 ἐμοὶ
1782 4453 1880 4506 οὐκ

1988 4458 2085 4511 tim
2109 4469 2215 4508 vox
2244 4452 2464 4507 Domini
2504 4448 2647 4505 facta
2685 4457 2770 4503 est
2800 4448 2868 4502 ad
2893 4462 3053 4513 eum,
3077 4446 3300 4501 dicens:
3336 4445 3457 4500 Non
3481 4445 3574 4500 hic

296 4547 510 4611 ἔδωκας
555 4548 817 4618 σπέρμα,
848 4547 877 4599 6
905 4546 962 4599 δὲ
1004 4545 1290 4617 οἰκογενής
1340 4560 1441 4614 μου
1487 4544 1885 4615 κληρονομήσει

299 4655 395 4708 με.
425 4640 539 4693 Καὶ
579 4638 743 4700 εὐθὺς
797 4637 951 4710 φωνὴ
994 4636 1201 4710 Κυρίου
1254 4637 1470 4705 ἐγένετο
1516 4636 1652 4708 πρὸς
1692 4634 1884 4700 αὑτὸν,

296 4728 560 4797 λέγουσα·
600 4731 677 4783 οὐ
719 4730 1122 4801 κληρονομήσει
1166 4745 1225 4782 σε
1263 4724 1440 4792 οὗτος·
1472 4727 1631 4791 ἄλλος
1676 4726 1889 4793 ἐξελεύ-

302 4837 460 4875 σεται
483 4822 551 4875 ἐκ
587 4821 686 4874 σοῦ
709 4864 724 4887 ,
764 4818 923 4885 οὗτος
952 4822 1351 4893 κληρονομήσει
1395 4838 1476 4876 σε.
1532 4820 1798 4891 Ἐξήγαγε
1829 4820 1887 4873 δὲ

299 4911 468 4965 αὐτὸν
506 4909 651 4977 ἔξω,
676 4913 772 4965 καὶ
800 4908 954 4966 εἶπεν
993 4911 1161 4983 αὐτῷ’
1203 4912 1532 4983 Ἀνάϐλεψον
1573 4913 1637 4984 δὴ
1674 4914 1755 4977 εἰς
1794 4912 1885 4967 τὸν

300 5005 531 5077 οὐρανὸν
560 5005 655 5059 καὶ
696 5004 999 5077 ἀρίθμησον
1024 5006 1152 5067 τοὺς
1193 5006 1453 5076 ἀστέρας,
1488 5007 1535 5059 εί
1568 5006 1771 5077 δυνήσῃ
1800 5003 1887 5070 ἐξ·

299 5095 612 5167 αριθμῆσαι
669 5095 904 5160 αὐτούς.
964 5096 1075 5149 Καὶ
1132 5094 1304 5151 εἶπενο
1359 5095 1548 5161 Οὕτως
1618 5098 1770 5151 ἔσται
1825 5097 1887 5151 τὸ

301 5187 529 5259 σπέρμα
567 5202 685 5241 σου.
725 5206 744 5240 ι
796 5188 959 5258 Ὁρᾷς
997 5188 1105 5241 τῶν
1141 5188 1314 5256 ἀγίων
1337 5188 1398 5241 τὸ
1432 5188 1648 5261 ἕτοιμον
1687 5191 1767 5252 εἰς
1796 5189 1887 5242 εὑοι

296 5279 566 5350 τολμίαν,
598 5281 696 5333 καὶ
736 5280 887 5342 ὅπως
920 5278 1104 5349 ἔχουσι
1140 5279 1201 5334 τὸ
1238 5280 1515 5350 τληπαθὲς
1549 5280 1895 5347 ὲθελούσιον;

298 5371 464 5442 ’Δμα
494 5372 603 5442 γὰρ
645 5369 881 5425 ἐπύθετο
932 5370 1387 5425 κεκινδυνευκότα
1428 5373 1519 5426 τὸν
1561 5371 1724 5437 Λὼτ,
1762 5388 1888 5426 κατ-

296 5464 452 5537 ηλέει
484 5464 586 5536 μὲν
605 5464 770 5530 εὐθὺς
795 5462 889 5517 τοῦ
919 5463 1255 5534 προσγενοῦς
1284 5464 1387 5534 τὴν
1434 5465 1722 5537 συμφορὰν
1741 5505 1755 5529 ,
1792 5465 1894 5536 ἁρ-

298 5558 487 5623 πάσας
514 5558 573 5611 δὲ
597 5558 723 5621 τοὺς
759 5556 1076 5624 οἰκογενεῖς,
1103 5554 1199 5607 καί
1220 5571 1372 5620 τινας
1404 5554 1514 5612 τῶν
1541 5553 1892 5626 συνωμοτῶν,

374 5735 420 5767 ⁸⁸
445 5734 587 5793 Gen.
627 5749 739 5800 xiv,
776 5732 981 5800 15—24;
1018 5748 1108 5799 xx,
1143 5732 1266 5787 1-5.

1985 4545 2092 4601 erit
2130 4545 2328 4608 haeres,
2365 4541 2463 4597 sed
2509 4541 2604 4612 qui
2651 4539 2825 4595 exibit
2871 4555 2939 4593 ex
2984 4546 3057 4603 te,
3090 4536 3184 4592 hic
3232 4535 3339 4591 erit
3396 4535 3577 4591 haeres

1987 4647 2133 4694 tuus.
2206 4637 2413 4692 Eduxit
2476 4644 2662 4690 autem
2718 4648 2847 4688 eum
2897 4631 3078 4698 foras,
3135 4638 3193 4687 et
3246 4629 3386 4684 dixit
3446 4628 3500 4683 ei
3555 4645 3571 4682 :

1988 4728 2218 4799 Suspice
2277 4728 2336 4781 in
2388 4727 2612 4791 coelum,
2651 4731 2708 4780 et
2754 4739 2985 4779 numera
3039 4721 3246 4786 stellas,
3281 4721 3328 4774 si
3366 4719 3576 4791 poteris

1986 4835 2279 4876 numerare
2302 4835 2415 4874 eas.
2448 4819 2519 4873 Et
2545 4816 2703 4881 dixit,
2736 4815 2828 4872 Sic
2856 4815 2965 4871 erit
3005 4828 3195 4869 semen
3248 4820 3405 4865 tuum
3455 4809 3524 4863 ⁸⁸.
3548 4828 3568 4861 ι

1992 4913 2160 4971 Vides
2186 4928 2347 4983 quam
2366 4910 2608 4981 prompti
2636 4909 2746 4963 sint
2765 4908 2833 4963 ad
2880 4905 3195 4985 audendum
3244 4903 3419 4959 sancti
3445 4901 3576 4968 viri,

1994 5021 2268 5078 quamque
2300 5011 2496 5074 sponte
2526 5016 2626 5056 sua
2657 4999 2724 5054 ad
2770 4999 3058 5054 subeunda
3102 4996 3346 5067 pericula
3376 4994 3575 5066 parati.

1996 5094 2355 5153 Simuleniin
2388 5102 2553 5163 atque
2589 5089 2800 5146 audivit
2823 5091 3004 5160 ipsum
3036 5089 3141 5143 Lot
3182 5090 3238 5143 in
3278 5086 3577 5143 discrimen

1993 5184 2232 5249 venisse,
2254 5183 2548 5238 miseratus
2569 5179 2868 5251 propinqui
2893 5178 3285 5241 calamitatem,
3308 5175 3575 5245 arreptis-

1991 5291 2101 5348 que
2136 5274 2449 5332 vernaculis
2477 5280 2535 5329 et
2586 5271 2876 5327 foederatis
2929 5268 3285 5339 quibusdam,
3325 5265 3419 5333 qui
3467 5263 3576 5316 He-

1993 5369 2129 5425 braei
2175 5383 2287 5424 non
2337 5375 2516 5430 erant,
2542 5364 2799 5419 celeriter
2849 5361 3132 5431 profectus
3174 5363 3260 5412 est
3312 5354 3578 5409 adversus

1993 5475 2092 5517 eos
2116 5459 2211 5530 qui
2245 5457 2493 5511 dolorem
2528 5455 2869 5513 inusserant,
2914 5463 3120 5517 eosque
3169 5444 3323 5499 nullo
3356 5444 3578 5514 negotio

1996 5552 2232 5627 subegit,
2257 5548 2623 5618 liberavitque
2646 5562 2677 5602 e
2699 5542 3018 5613 captivitate
3047 5549 3166 5597 tum
3194 5538 3376 5609 ipsum
3393 5536 3581 5596 fratris
