3954 6200
390 336 494 394 355

1408 325 1463 381 S.
1505 323 1781 382 CYRILLI
1817 312 2291 381 ALEXANDRINI
2330 312 2653 382 ARCHIEP.

3548 323 3654 381 556

395 456 565 511 tilium
603 452 727 518 Lot,
756 458 869 507 tum
897 464 994 504 eos
1037 462 1255 518 quoque
1286 446 1381 517 qui
1431 446 1486 501 in
1531 461 1728 502 manus
1783 446 1961 501 victo-

2089 447 2167 500 ιῦκ
2212 446 2371 511 ὄντας
2407 446 2720 518 Ἑϐραίους,
2752 446 2949 517 ἐχώρει
2983 442 3179 517 ῥᾳδίως
3208 443 3349 500 κατά
3368 443 3479 498 τῶν
3507 443 3657 500 λελυ·

393 558 517 602 rum
548 550 829 599 venerant.
862 539 1089 603 Deinde,
1113 545 1175 593 ut
1201 538 1400 593 victori
1424 537 1675 594 debitum
1695 539 1965 593 honorem

391 638 742 699 exhiberem,
776 633 991 688 obviam
1022 632 1099 686 illi
1142 631 1399 702 prodiere
1427 631 1586 701 139
1634 641 1750 686 tum
1792 630 1967 686 Sodo-

396 746 611 790 morum
636 745 749 793 rex,
782 736 895 781 tum
910 726 1164 780 sacerdos
1181 739 1400 795 quoque
1424 725 1522 778 Dei
1553 724 1805 779 altissimi
1834 724 1969 779 Mel-

396 818 713 883 chisedech,
743 827 805 873 ut
829 817 1092 886 scriptum
1124 822 1248 879 est;
1284 813 1439 882 isque
1486 813 1713 868 minime
1756 814 1967 879 inanis;

392 914 577 969 attulit
619 911 820 982 quippe
872 908 1162 965 sacerdotii
1196 906 1442 978 symbola
1485 906 1630 960 illius
1670 905 1818 975 quod
1855 913 1972 960 tum

394 1004 591 1061 eratin
613 1019 789 1067 more,
818 1017 1008 1072 panes,
1042 1000 1289 1068 inquam,
1335 1004 1392 1052 et
1441 997 1655 1058 vinum,
1708 1003 1766 1052 et
1806 997 1975 1052 bene-

396 1097 536 1152 dixit
559 1096 851 1160 Abraham,
879 1104 934 1149 ct
964 1108 1149 1148 sacras
1170 1091 1249 1145 illi
1283 1105 1446 1145 voces
1475 1089 1689 1160 praunii
1716 1089 1840 1145 loco
1868 1089 1972 1144 tri-

396 1188 538 1244 buit.
571 1187 844 1244 Abraham
893 1185 1060 1256 igitur
1088 1193 1313 1239 strenue
1346 1198 1463 1237 rem
1497 1181 1666 1252 gessit
1713 1196 1777 1236 ac
1806 1180 1971 1235 vicit:

396 1283 535 1337 tales
581 1280 784 1351 quippe
819 1293 1037 1348 semper
1075 1277 1189 1332 fere
1217 1285 1348 1331 sunt
1371 1276 1449 1329 illi
1478 1274 1787 1330 secundum
1812 1273 1976 1329 Chri-

395 1383 542 1429 stum
565 1368 736 1426 fortes
753 1370 880 1434 viri,
914 1369 1120 1439 quique
1142 1366 1253 1421 Deo
1287 1365 1653 1436 gratissimam
1683 1364 1829 1418 illam
1854 1362 1977 1417 ani-

395 1462 472 1519 mi
516 1457 842 1519 confidentis
897 1459 1241 1514 alacritatem
1293 1463 1476 1521 mente
1528 1462 1849 1524 conceptam
1891 1462 1978 1509 te-

396 1564 552 1611 nent.
587 1554 665 1609 Ac
694 1554 845 1606 velut
876 1549 1114 1619 exempli
1154 1549 1276 1602 loco
1337 1545 1406 1601 ad
1448 1545 1613 1601 ﬁdem
1665 1545 1853 1600 verbis
1895 1544 1980 1598 fa-

398 1646 648 1704 ciendam
682 1652 901 1699 sanctos
923 1640 1201 1711 apostolos
1224 1639 1503 1710 adjiciam,
1539 1637 1656 1707 qui,
1704 1652 1829 1693 cum
1878 1635 1980 1691 Sa-

399 1749 556 1795 tanas
582 1734 766 1792 omnia
800 1732 1058 1788 facillime
1088 1731 1374 1801 diriperet,
1416 1729 1454 1785 ii
1507 1731 1672 1784 etiam
1707 1728 1804 1798 qui
1831 1727 1980 1783 veri-

401 1831 529 1885 tatis
553 1825 823 1899 dogmatis
846 1823 1208 1885 obsistebant,
1249 1820 1649 1891 simpliciorum
1687 1818 1977 1873 hominum

399 1921 611 1976 animas
640 1916 1111 1988 deprredarentur,
1144 1929 1267 1969 sese
1312 1913 1531 1967 fortiter
1579 1918 1975 1982 opposuerunt,

399 2018 457 2065 et
487 2025 673 2065 secum
717 2023 825 2062 una
866 2004 1195 2060 vernaculos
1245 2003 1415 2057 armis
1463 2004 1875 2065 instruxerunt,
1923 2000 1979 2055 id

398 2110 505 2166 est,
532 2116 628 2156 eos
664 2098 757 2169 qui
777 2105 933 2153 erant
964 2096 1021 2150 in
1054 2094 1226 2150 sacris
1275 2093 1503 2148 Litteris
1531 2092 1786 2148 educati:
1811 2107 1981 2163 quos-

402 2187 527 2243 dam
550 2186 715 2242 etiam
746 2185 1043 2240 foederatos
1093 2182 1186 2253 qui
1234 2182 1450 2237 Ilebrazi
1498 2197 1610 2236 non
1659 2189 1837 2245 erant,
1887 2196 1984 2236 eos

400 2293 600 2348 nempe
648 2277 763 2347 qui,
810 2275 1063 2346 quamvis
1111 2273 1294 2330 adhuc
1346 2290 1411 2329 ea
1456 2289 1577 2344 quae
1627 2282 1755 2328 sunt
1791 2273 1983 2328 mundi

402 2373 681 2438 saperent,
722 2375 905 2420 tamen
935 2364 1097 2420 simul
1120 2379 1247 2420 cum
1293 2364 1497 2420 sanctis
1524 2363 1660 2418 viris
1702 2374 1985 2419 certamen

403 2462 685 2526 subibant,
716 2476 920 2530 eosque
948 2458 1489 2514 imitaristudebant.
1517 2459 1726 2528 Itaque,
1767 2474 1892 2513 cum
1925 2475 1985 2515 se

403 2559 627 2606 strenue
680 2550 999 2621 gessissent,
1046 2549 1333 2621 victoriam
1390 2559 1748 2620 pepererunt,
1803 2558 1861 2606 et
1917 2566 1987 2606 ex

404 2639 554 2694 illius
599 2618 885 2710 tyrannico
932 2618 1225 2690 dominatu
1273 2618 1519 2706 captivos
1581 2636 1982 2707 abripuerunt:

404 2730 543 2786 alios
580 2730 729 2784 enim
753 2743 821 2782 ex
843 2728 1114 2783 idolorum
1131 2729 1304 2794 cultu,
1326 2737 1384 2783 et
1406 2730 1474 2783 ab
1486 2729 1804 2786 adoratione
1830 2747 1987 2787 crea-

406 2828 546 2877 turae
570 2818 755 2887 potius
793 2834 963 2889 quam
996 2818 1301 2883 Creatoris,
1333 2818 1469 2873 alios
1502 2834 1533 2874 a
1578 2818 1700 2873 falsi
1748 2821 1988 2877 nominis

406 2913 639 2968 scientia
664 2919 942 2967 extractos
964 2920 1206 2966 servant.
1236 2910 1343 2965 Sed
1367 2927 1435 2966 ex
1468 2911 1571 2965 hac
1614 2911 1752 2967 adeo
1789 2913 1987 2968 illustri

406 3000 916 3071 excelsaqueanimi
950 2999 1327 3071 magnitudine
1371 3016 1493 3054 eam
1537 3002 1850 3056 mercedem
1897 3018 1988 3058 as—

2073 539 2358 608 πηκότων,
2387 537 2484 592 καὶ
2516 536 2903 609 κατεχειροῦτο
2933 537 3031 608 μὲν
3055 536 3316 599 εὐκόλως,
3342 535 3652 605 ἀπήλλαττε

2072 629 2130 682 δὲ
2187 629 2289 699 τῆς
2346 627 2758 698 αἰχμαλωσίας,
2812 625 2974 679 αὐτόν
3025 641 3087 678 τε
3139 624 3232 677 τὸν
3287 623 3650 693 ἀδε).φόπαιδ;ι

2077 720 2227 782 Λὼτ,
2256 721 2350 773 καὶ
2376 721 2500 782 τοὺς
2529 720 2633 772 ὑπὸ
2681 721 2843 789 χεῖρα
2882 716 3148 779 πεσόντας
3172 716 3279 769 τῶν
3314 716 3655 787 κεκρατηκό-

2073 829 2203 866 των.
2235 808 2369 865 Εἶτα
2408 809 2618 872 λοιπὸν,
2660 809 2737 872 ὡς
2764 810 3072 880 νενικηκότι
3107 808 3206 880 τὴν
3238 810 3386 880 αὐτῷ
3416 813 3655 882 πρέπου-

2077 919 2175 956 σαν
2241 903 2407 973 τιμὴν
2439 900 2883 964 ἀποσώζοντες,
2921 902 3174 972 ὑπήντων
3227 900 3487 965 εἰκότως,
3533 902 3563 954 ὃ
3594 918 3654 955 τε

2078 994 2333 1065 βασιλεὺς
2380 993 2667 1063 Σοδόμων,
2707 993 2801 1046 καὶ
2853 991 3192 1062 Μελχισεδὲκ
3256 994 3285 1046 6
3330 994 3509 1064 ίερεὺς
3561 994 3654 1049 τοῦ

2076 1084 2209 1140 Θεοῦ
2253 1084 2345 1139 τοῦ
2402 1085 2660 1155 ὑψίστου,
2719 1084 2863 1138 καθὰ
2916 1084 3253 1157 γέγραπται.
3308 1086 3559 1157 ’Υπήντα
3599 1086 3658 1141 δέ

2077 1180 2138 1231 ού
2160 1177 2354 1248 ψιλῶς,
2378 1175 2738 1246 ἐπεκομίζετο
2755 1176 2813 1229 δέ
2839 1175 2937 1245 τῆς
2968 1175 3267 1247 ἱερωσύνης
3291 1175 3359 1229 τὰ
3390 1175 3655 1245 σύμϐολα,

2077 1271 2175 1341 τῆς
2204 1270 2264 1323 τὸ
2289 1268 2543 1340 τηνικάδε
2573 1266 2968 1337 νενομισμένης
2990 1305 3005 1330 ,
3052 1265 3253 1338 ἄρτους
3276 1283 3334 1319 τε
3365 1266 3459 1321 καὶ
3493 1265 3656 1334 οἶνον,

2079 1362 2175 1417 καὶ
2228 1358 2555 1431 κατηυλόγει
2616 1358 2707 1412 τὸν
2778 1356 3067 1428 ’Δϐραάμ,
3114 1357 3210 1410 καὶ
3250 1357 3434 1431 ,γέρας
3485 1359 3657 1413 ἐδίδου

2081 1454 2266 1525 φωνὰς
2313 1453 2484 1525 ἱεράς.
2551 1450 2870 1523 Ἠνδρίσατο
2919 1450 3211 1522 τοιγαροῦν
3236 1452 3331 1504 καὶ
3375 1452 3661 1523 νενίκηκεν

2094 1545 2364 1616 Ἀϐραάμ*
2393 1546 2627 1600 τοιοῦτοι
2669 1544 2779 1615 γὰρ
2805 1544 2891 1597 ἀεί
2923 1542 3043 1607 πώς
3083 1545 3221 1596 εἰσιν
3263 1545 3314 1597 oi
3365 1544 3505 1598 κατά
3527 1545 3662 1616 Χριι

2083 1639 2206 1692 στὸν
2238 1638 2507 1709 ἀνδρεῖοι,
2556 1637 2650 1691 καὶ
2701 1635 3125 1705 θεοφιλεστάτην
3172 1639 3252 1699 είς
3285 1635 3410 1690 νοῦν
3445 1636 3663 1708 ἔχοντες

2081 1731 2181 1802 τὴν
2207 1730 2516 1802 εὐτολμίαν.
2547 1728 2851 1801 Προσθήσω
2877 1727 2959 1793 δὲ,
2992 1727 3182 1799 ῶσπερ
3205 1728 3285 1791 εἰς
3314 1728 3662 1799 παράδειγμα

2083 1823 2180 1876 καὶ
2212 1821 2393 1875 πίστιν
2430 1820 2526 1874 τοῦ
2565 1820 2752 1889 λόγου,
2786 1819 2914 1881 τοὺς
2960 1818 3149 1886 ἁγίους
3192 1818 3552 1882 ἀποστόλους,
3579 1817 3652 1883 οἶ,

2083 1913 2263 1968 πάντα
2293 1912 2532 1976 εὐκόλως
2570 1911 2966 1983 διαρπάζοντος
2996 1910 3091 1964 τοῦ
3132 1910 3383 1976 Σατανᾶ,
3421 1911 3515 1965 καλ⁸
3557 1909 3665 1981 μὴν

2080 2004 2189 2058 τῶν
2226 2003 2636 2075 ἀνθεστηκότων
2667 2007 2780 2067 τοῖς
2827 2004 2930 2071 τῆς
2982 2002 3240 2074 ἀληθείας
3272 2002 3537 2073 δόγμασι,
3565 2004 3666 2067 τὰς

2083 2096 2191 2149 τῶν
2215 2095 2598 2166 ἁπλουστέρων
2621 2094 3101 2164 καταληῖζομὲνων
3125 2094 3323 2165 ψυχὰς,
3345 2095 3666 2166 ἀντεφέρονδ

2084 2205 2146 2242 το
2164 2188 2446 2252 νεανικῶς,
2473 2186 2939 2251 συνεξοπλίζοντες
2969 2188 3179 2250 ἑαυτοῖς
3209 2187 3332 2249 τοὺς
3350 2188 3665 2253 οἰκογενεῖς,

2085 2281 2350 2345 τουτέστι,
2375 2281 2502 2344 τοὺς
2522 2282 2638 2343 τοῖς
2661 2281 2827 2351 ἱεροῖς
2853 2279 3327 2350 ἐντεθραμμένους
3348 2279 3667 2350 Γράμμασι,

2085 2374 2179 2429 καί
2224 2392 2374 2437 τινας
2421 2372 2531 2427 τῶν
2585 2372 2944 2443 συνωμοτῶν,
2990 2370 3091 2424 οὐκ
3132 2372 3294 2434 δντας
3361 2370 3669 2441 Ἐϐραίους,

2088 2467 2234 2538 φημὶ
2277 2466 2335 2519 δέ
2375 2466 2440 2536 δὴ
2487 2465 2684 2528 πάλιν,
2712 2466 2837 2527 τοὺς
2870 2462 3205 2534 φρονοῦντας
3255 2464 3355 2533 μὲν
3391 2462 3470 2516 ἑτι
3508 2464 3579 2517 τὰ
3610 2466 3669 2517 ἐν

2088 2560 2298 2629 κόσμῳ,
2329 2556 2729 2621 συναθλοῦντας
2769 2556 2825 2609 δὲ
2858 2559 2975 2619 τοῖς
3006 2556 3183 2624 ἁγίοις
3202 2595 3218 2619 ,
3248 2556 3341 2608 καὶ
3373 2553 3669 2627 ζηλοῦντας

2089 2650 2329 2713 αὐτοὺς,
2363 2648 2739 2720 ἀνδριζόμενοι
2782 2647 2841 2701 δέ
2881 2648 3023 2701 οῦτω
3065 2648 3417 2719 νενικήκασι,
3448 2647 3670 2717 καὶτῆς

2089 2741 2298 2796 ἐκείνου
2333 2740 2645 2807 πλεονεξίας
2679 2739 2988 2812 ἐξήρπαζον
3012 2741 3139 2803 τοὺς
3173 2739 3502 2803 ἑαλωκότας.
3530 2737 3670 2802 Τοὺς

2094 2830 2192 2903 μέν
2222 2830 2332 2902 γὰρ
2364 2831 2427 2883 ἐκ
2465 2831 2565 2899 τῆς
2605 2827 3052 2899 είδωλολατρείας
3094 2827 3171 2897 (Ι)
3194 2867 3207 2889 ,
3244 2826 3341 2881 καὶ
3374 2825 3468 2879 τοῦ
3502 2840 3672 2894 προσ-

2091 2923 2274 2976 κυνεῖν
2306 2922 2374 2991 τῇ
2420 2919 2596 2974 κτίσει
2641 2918 2794 2991 παρὰ
2817 2919 2909 2972 τὸν
2952 2918 3246 2981 κτίσαντα,
3274 2919 3401 2980 τοὺς
3445 2916 3504 2970 δὲ
3528 2957 3543 2979 ,
3572 2915 3672 2984 τῆς

2090 3010 2448 3082 ψευδωνύμου
2526 3009 2783 3079 γνώσεως
2856 3009 3201 3078 ἐξὲλκοντες,
3279 3006 3670 3072 ἀνασώζουσινδ

408 3104 735 3166 sequuntur,
767 3102 827 3149 ut
851 3110 963 3149 non
991 3094 1166 3148 solum
1190 3094 1258 3149 ab
1278 3094 1345 3148 iis
1375 3095 1469 3164 qui
1503 3094 1559 3150 in
1598 3095 1804 3150 mundo
1838 3105 1985 3162 sunt,

2093 3104 2229 3159 ἀλλὰ
2259 3104 2358 3173 τῆς
2383 3103 2528 3157 οῦτω
2556 3103 2823 3174 λαμπρᾶς
2853 3104 2948 3157 καὶ
2984 3102 3359 3173 μεγαλοφυοῦς
3386 3101 3670 3173 εὐψυχίας,

408 3181 714 3239 honoribus
734 3182 1039 3237 adiciantur
1066 3201 1079 3235 :
1105 3202 1123 3234 ι
1152 3183 1419 3255 Egressus
1440 3192 1525 3239 est
1545 3185 1714 3249 enim,
1739 3205 1757 3236 ι
1787 3186 1988 3257 inquit,

417 3291 554 3330 «rex
580 3272 947 3329 Sodomorum
989 3274 1044 3328 in
1083 3288 1376 3329 occursum
1423 3274 1702 3330 Abraham
1721 3276 1799 3343 ⁶⁹;
1834 3295 1852 3328 ι
1893 3277 1990 3332 sed

408 3367 573 3423 etiam
602 3366 1044 3422 benedictionem
1091 3374 1498 3436 consequantur
1541 3367 1689 3422 illam
1735 3383 1858 3437 qua;
1892 3383 1993 3438 per

407 3456 687 3513 Christum
712 3458 893 3524 datur,
922 3458 1019 3528 qui
1060 3472 1162 3512 nos
1181 3458 1493 3514 vivificante
1524 3460 1697 3530 gratia
1733 3467 1992 3530 tanquam

406 3566 552 3621 pane
571 3567 636 3605 ac
660 3552 789 3606 vino
830 3551 1090 3605 lzetificat.
1121 3550 1309 3620 Itaque
1352 3550 1420 3605 de
1450 3567 1506 3605 se
1533 3551 1669 3621 ipsis
1705 3552 1992 3607 verissime

411 3641 605 3696 dicunt
632 3658 644 3692 :
687 3659 704 3690 ι
732 3640 1015 3694 Benedicti
1040 3655 1142 3693 nos
1166 3655 1196 3692 a
1223 3640 1475 3704 Domino,
1506 3641 1601 3709 qui
1625 3640 1756 3694 fecit
1790 3641 1993 3696 caelum

410 3736 469 3784 et
490 3740 692 3786 terram
728 3731 795 3783 ⁸ο.
823 3749 839 3781 ι
881 3728 978 3784 Est
1029 3737 1213 3784 autem
1241 3729 1451 3784 Christi
1490 3732 1786 3786 sacerdotii
1820 3730 1995 3803 ﬁgura

412 3820 860 3888 Melchisedech;
931 3836 1036 3875 nec
1072 3821 1349 3891 pluribus,
1378 3830 1441 3877 ut
1487 3823 1703 3893 opinor,
1753 3824 1822 3878 ad
1871 3840 1994 3880 eam

417 3931 535 3971 rem
559 3914 1043 3970 demonstrandam
1068 3929 1208 3984 opus
1238 3907 1378 3980 erit;
1423 3930 1548 3969 cum
1581 3915 1637 3969 in
1685 3915 1790 3970 hac
1834 3923 1994 3987 parte

413 4019 582 4063 sacrae
607 4006 832 4061 Litterae
858 4004 969 4059 sint
993 4004 1143 4059 satis.
1169 4003 1304 4060 Cum
1330 4021 1462 4061 vero
1501 4005 1864 4063 Sodomorum
1898 4024 1997 4064 rex

416 4096 583 4152 beato
620 4095 856 4150 Abrahae
878 4102 1140 4164 tanquam
1177 4094 1377 4149 victori
1423 4092 1694 4151 dixisset:
1737 4094 1813 4151 Da
1857 4096 1996 4152 mihi

413 4188 586 4251 viros,
607 4198 781 4256 equos
803 4193 987 4239 autem
1013 4185 1116 4239 tibi
1140 4183 1243 4255 ipsi
1292 4186 1522 4256 accipe;
1569 4179 1708 4240 nihil
1741 4201 1799 4241 se
1843 4202 1999 4241 acce-

415 4287 641 4350 pturum
675 4276 822 4331 illico
856 4275 1149 4345 dejuravit,
1185 4276 1293 4331 nisi
1334 4275 1473 4330 forte
1497 4276 1651 4331 cibos
1676 4292 1869 4331 eorum
1903 4277 1997 4348 qui

415 4385 527 4426 una
550 4368 797 4423 laborem
820 4368 1217 4437 suscepissent,
1243 4375 1300 4422 et
1342 4375 1556 4436 partem
1603 4366 1997 4422 foederatorum

2094 3194 2577 3267 ἁποκερδαίνουσιν
2596 3192 2833 3265 ἀμοιϐὴν
2852 3236 2866 3260 ,
2887 3193 2988 3256 τάς
3007 3210 3066 3246 τε
3089 3193 3242 3264 παρὰ
3265 3192 3375 3246 τῶν
3395 3194 3454 3246 ἐν
3482 3193 3673 3265 κόσμῳ

2092 3289 2257 3360 τιμάς
2283 3305 2295 3319 ·
2334 3305 2358 3340 ‹
2408 3284 2626 3357 Ἐξῆλθε
2658 3284 2791 3355 γὰρ,
2821 3286 2976 3355 φησὶ,
3013 3284 3268 3355 βασιλεὺς
3296 3283 3546 3353 Σοδόμων
3593 3285 3673 3345 είς

2096 3381 2417 3449 συνάντησιν
2458 3376 2534 3448 τῷ
2588 3376 2868 3448 Ἀϐραὰμ,
2919 3376 3016 3429 καὶ
3046 3375 3403 3446 Μελχισεδὲκ,
3431 3375 3461 3426 6
3496 3374 3675 3446 ίερεῦς

2093 3475 2187 3528 τοῦ
2199 3472 2334 3527 Θεοῦ
2356 3471 2449 3526 τοῦ
2479 3470 2727 3540 ὑψίστου,
2757 3489 2776 3521 ι
2796 3470 3049 3537 εὐλογίαν
3074 3469 3171 3540 τὴν
3201 3468 3292 3522 διὰ
3315 3468 3580 3540 Χριστοῦ,
3607 3470 3674 3539 τῇ

2096 3566 2348 3634 ζωοποιῷ
2380 3564 2565 3634 χάριτι
2596 3561 3090 3633 κατευφραίνοντος
3120 3562 3268 3631 ἄρτῳ
3300 3577 3356 3613 τε
3394 3560 3491 3613 καὶ
3523 3560 3671 3630 οἴνῳ.

2096 3657 2388 3726 Τοιγάρτοι
2440 3654 2535 3707 καὶ
2583 3651 2942 3722 ἀληθεύοντες
2991 3654 3075 3720 ἐφ’
3123 3653 3367 3714 ἑαυτοῖς,
3412 3647 3473 3704 εὖ
3530 3650 3676 3721 μάλα

2098 3748 2282 3820 φασίν·
2316 3765 2334 3798 ι
2372 3745 2742 3816 Εὐλογημένοι
2768 3745 2927 3815 ὑμεῖς
2954 3744 3031 3814 τῷ
3064 3744 3252 3815 Κυρίῳ
3281 3743 3358 3814 τῷ
3387 3744 3676 3813 ποιήσαντι

2095 3844 2188 3897 τὸν
2231 3841 2458 3913 οὐρανὸν
2507 3841 2603 3894 καὶ
2648 3838 2748 3909 τὴν
2795 3839 2919 3909 γῆν.
2967 3855 2985 3888 ι
3037 3838 3217 3901 Τύπος
3247 3836 3290 3890 δ’
3330 3836 3395 3890 ἂν
3438 3833 3526 3907 εἴη
3576 3836 3677 3906 τῆς

2096 3935 2241 3991 κατά
2265 3933 2499 4006 Χριστὸν
2533 3930 2835 4003 ἱερωσύνης
2863 3932 2891 3983 6
2921 3928 3257 4000 Μελχισεδὲκ
3278 3970 3292 3993 ,
3332 3928 3424 3981 καὶ
3450 3927 3515 3980 οὐ
3541 3926 3677 3979 πολ-δ

2095 4029 2224 4097 λῶν,
2248 4024 2422 4099 οίμαι,
2447 4026 2509 4079 τὸ
2531 4025 2718 4096 χρῆμα
2739 4022 2874 4093 πρὸς
2905 4020 3178 4085 ἀπόδειξιν
3206 4020 3458 4089 δεήσεται
3479 4019 3679 4087 λόγων,

2098 4118 2457 4193 ἐξαρκοῦντος
2485 4119 2564 4180 είς
2595 4115 2754 4168 τοῦτο
2799 4114 3132 4185 Γράμματος
3167 4109 3335 4181 ἱεροῦ.
3369 4110 3686 4172 Φάσκοντοξ

2097 4214 2155 4267 δέ
2170 4211 2265 4266 τοῦ
2286 4210 2534 4281 Σοδόμων
2558 4205 2822 4277 βασιλέως
2842 4206 2978 4276 πρὸς
2994 4205 3085 4259 τὸν
3105 4203 3387 4257 θεσπέσιον
3403 4202 3680 4273 Ἀϐραὰμ,

2098 4305 2173 4368 ὡς
2202 4302 2544 4373 νενικηκότα·
2575 4299 2675 4363 Δός
2709 4315 2799 4369 μοι
2825 4298 2951 4359 τοὺς
2980 4296 3199 4367 ἀνδρας,
3232 4295 3360 4358 τοὺς
3388 4293 3447 4345 δι
3475 4294 3680 4356 ἵππους

2099 4395 2230 4452 λάϐε
2265 4392 2512 4463 σεαυτῷ,
2548 4392 2713 4463 μηδὲν
2760 4390 2822 4444 τὸ
2867 4389 3089 4460 σύμπαν
3138 4387 3323 4443 λαϐεῖν
3377 4386 3685 4455 ἀπώμνυτο

415 4464 638 4529 Eschol,
664 4462 899 4527 Aunam,
927 4469 984 4515 et
1012 4461 1274 4515 Mambre.
1303 4458 1563 4525 Quamvis
1585 4459 1733 4513 enim
1756 4474 1859 4528 pro
1880 4459 1983 4514 ho-

2102 4458 2465 4560 παραχρῆμα,
2491 4458 2632 4554 πλὴν
2661 4485 2710 4537 εί
2734 4483 2842 4556 ἄρα
2868 4458 2967 4547 τὰς
2996 4482 3203 4554 τροφὰς
3224 4482 3333 4534 τῶν
3361 4496 3682 4549 συγκεκμηδ

416 4557 629 4612 minum
666 4554 761 4625 qui
800 4553 1069 4623 perierint
1111 4552 1286 4606 salute
1326 4550 1499 4604 sancti
1525 4550 1631 4604 viri
1673 4550 1878 4605 bellum
1905 4568 2001 4623 ge-

418 4658 563 4716 rant,
592 4665 657 4704 ac
686 4656 911 4703 strenue
934 4651 1171 4708 certent,
1206 4642 1365 4715 140
1392 4657 1725 4713 omnemque
1750 4643 2000 4699 laborem

417 4744 691 4808 subeant;
727 4757 758 4796 a
788 4740 997 4795 mundo
1045 4746 1226 4792 tamen
1267 4726 1409 4789 nihil
1456 4735 1755 4806 accipiunt,
1821 4753 2000 4809 neque

420 4843 674 4890 terrenas
697 4849 829 4904 opes
861 4825 1133 4901 colligunt
1160 4846 1172 4882 :
1223 4826 1281 4882 in
1311 4841 1421 4898 quo
1443 4827 1651 4882 evitant
1676 4829 1911 4887 maxime
1936 4831 2001 4885 il-

419 4927 549 4994 lam,
575 4943 697 4997 qua:
715 4926 980 4982 exsistere
1003 4922 1130 4976 inde
1156 4922 1315 4985 solet,
1336 4921 1815 4989 exprobrationem
1843 4942 1855 4977 :
1895 4924 2000 4980 «Ne

420 5015 623 5083 dicas,»
655 5015 887 5087 inquit,«
915 5013 1075 5082 Quod
1093 5029 1194 5085 ego
1216 5008 1384 5069 ditavi
1408 5012 1714 5081 Abraham;
1737 5034 1755 5065 ι
1786 5023 2001 5070 tantum

420 5131 576 5191 cibos
621 5130 894 5200 accipient
935 5126 1030 5197 qui
1059 5126 1129 5182 ab
1166 5126 1234 5181 iis
1261 5141 1402 5197 quos
1443 5125 1692 5196 juverint
1735 5126 2001 5196 suppedi-

422 5233 627 5280 tantur.
642 5242 660 5275 ι
682 5221 891 5291 Dignus
912 5228 996 5275 est
1011 5218 1159 5274 enim
1182 5217 1472 5289 operarius
1493 5217 1749 5273 mercede
1770 5233 1869 5273 sua
1894 5218 1993 5282 “,i

422 5324 483 5373 et
503 5315 572 5371 iis
595 5314 690 5386 qui
727 5311 1085 5385 Evangelium
1107 5309 1460 5376 annuntiant,
1486 5326 1554 5366 ex
1591 5310 1893 5382 Evangelio
1915 5310 1999 5365 vi-

423 5423 554 5464 vere
576 5404 836 5478 praecepit
856 5403 1113 5461 Christus
1134 5405 1200 5458 υ.
1250 5401 1523 5459 Foederati
1575 5409 1754 5457 tamen
1811 5413 1999 5473 partes

420 5500 719 5568 accipiunt,
746 5506 1039 5569 propterea
1063 5495 1227 5567 quod,
1259 5494 1549 5565 utopinor,
1584 5493 1641 5549 in
1665 5492 1733 5549 iis
1776 5508 1998 5566 quoque

496 5628 543 5660 δ’
569 5629 705 5685 Gen.
737 5647 846 5694 xiv,
880 5631 965 5685 l7.
1043 5629 1091 5663 ⁸⁸
1116 5629 1260 5685 Psal.
1294 5645 1440 5696 exui,
1471 5629 1560 5685 24.
1633 5631 1678 5665 ⁸⁸
1711 5629 1846 5687 Luc.
1877 5647 1930 5697 x,
1973 5630 2028 5685 7.

495 5761 572 5835 (ι)
605 5760 739 5819 Cod.
770 5763 969 5832 Vatic.,
1001 5765 1165 5819 ἑώλου
1191 5765 1464 5838 λατρείας.

2100 4581 2296 4644 κότων,
2334 4579 2430 4632 καὶ
2469 4580 2583 4639 τοῖς
2616 4576 2956 4645 συνωμόταις
2989 4574 3183 4646 μερίδα
3220 4573 3445 4643 Ἐσχὼλ,
3475 4573 3680 4635 Λύνᾶν,

2101 4671 2193 4726 καὶ
2228 4670 2498 4742 Μαμϐρῆ.
2544 4666 2921 4739 Πολεμοῦντες
2962 4664 3071 4736 γὰρ
3115 4665 3210 4718 καὶ
3248 4662 3683 4733 ὑπεραθλοῦντες

2098 4762 2363 4833 γεννικῶς
2408 4761 2549 4832 ὑπὲρ
2590 4760 2689 4830 τῆς
2728 4759 2836 4813 τῶν
2876 4757 3232 4813 ἀπολωλότων
3277 4754 3596 4826 ἐλευθερίας
3630 4756 3680 4806 oi

2100 4855 2280 4923 ἅγιοι,
2329 4853 2423 4907 καὶ
2479 4852 2657 4906 πάντα
2704 4851 2864 4905 πόνον
2928 4849 3320 4912 είσϐαίνοντες,
3370 4848 3525 4902 οὐδὲν
3575 4847 3684 4901 ἀπὸ

2100 4949 2306 5019 κόσμου
2347 4946 2720 5018 λαμϐάνουσιν
2743 4986 2758 5008 ,
2786 4943 2909 4998 οὔτε
2942 4944 3048 5014 μὴν
3081 4944 3171 4996 τὸν
3218 4941 3459 5009 ἐπίγειον
3491 4940 3681 4994 συλλέ-

2100 5055 2259 5108 γουσι
2300 5038 2561 5101 πλοῦτον,
2598 5035 3027 5108 παραιτούμενοι
3071 5033 3275 5106 σφόδρα
3305 5034 3395 5086 τὸν
3426 5031 3682 5087 ἐντεῦθεν

2099 5129 2419 5200 ὀνειδισμόν’
2445 5147 2463 5180 ι
2491 5128 2605 5183 ’Ίνα
2629 5128 2703 5200 μὴ
2728 5128 2939 5200 dum,»
2964 5128 3146 5197 φησὶν,
3170 5145 3188 5177 ι
3212 5127 3293 5179 ὅτι
3326 5123 3469 5194 Ἐγὼ
3491 5124 3685 5179 ἐπλού-

2098 5237 2223 5275 τισα
2248 5220 2343 5274 τὸν
2385 5219 2652 5290 Ἀϐραάμ
2704 5238 2723 5272 ι
2756 5221 2895 5290 πλὴν
2938 5220 3023 5273 ὅτι
3069 5219 3237 5290 μόνας
3262 5217 3509 5289 δέχονται
3553 5233 3682 5288 τρο-

2102 5311 2231 5380 φὰς,
2252 5311 2353 5375 τὰς
2379 5312 2443 5365 ἐκ
2473 5310 2581 5363 τῶν
2611 5310 3024 5381 ὠφελουμένων.
3065 5326 3084 5362 ι
3116 5310 3299 5376 Ἀξιος
3327 5309 3436 5381 γὰρ
3460 5310 3490 5361 6
3518 5308 3682 5378 ἐργά⁸

2102 5420 2200 5473 της
2249 5402 2345 5456 τοῦ
2403 5402 2596 5474 μισθοῦ
2649 5402 2837 5458 αὐτοῦ·
2896 5420 2915 5454 ι
2961 5402 3057 5456 καὶ
3096 5403 3209 5465 τοῖς
3238 5402 3300 5455 τὺ
3344 5401 3680 5471 Εὐαγγέλιον

2102 5494 2562 5565 καταγγέλλουσιν
2612 5497 2676 5549 ἐκ
2705 5493 2800 5549 τοῦ
2839 5492 3174 5564 Εὐαγγελίου
3219 5494 3319 5563 ζῇν
3367 5491 3621 5548 ἐκέλευεν
3652 5491 3680 5543 6

2103 5632 2150 5665 ⁸²
2178 5631 2196 5685 Ι
2226 5628 2353 5686 Cor.
2383 5647 2454 5692 ix,
2492 5631 2577 5685 Η.
