3954 6200
282 302 381 359 357

960 306 1048 363 DE
1086 306 1529 365 ADORATIONE
1566 306 1638 366 ΙΝ
1677 306 1951 367 SPIRITU
1991 310 2080 365 ET
2118 312 2490 371 VERITATE.
2530 315 2660 371 LIB.
2702 315 2792 374 IV.

3411 316 3523 379 δςς

286 415 528 480 Χριστός.
582 417 743 501 θίγε
794 420 901 490 μὴν
959 421 1265 492 συνωμόται
1314 421 1559 492 δέχονται
1606 421 1847 493 μερίδας,

1956 421 2125 478 rebus
2154 440 2276 495 qua:
2308 426 2377 482 ad
2399 437 2726 497 praesentem
2763 427 2932 484 vitam
2975 431 3277 501 pertinent,
3305 439 3526 488 sancto-
3556 400 3559 401 ν

283 505 624 574 εὐλογοῦντος
662 500 815 578 οἶμαί
845 524 948 561 που
980 507 1146 573 Θεοῦ,
1193 508 1288 562 καὶ
1325 509 1381 562 ἐν
1409 511 1522 572 τοῖς
1555 508 1696 561 κατὰ
1724 506 1846 561 τόν·

280 592 331 646 δε
370 593 459 646 τὸν
498 592 610 664 βίον
649 594 941 666 πράγμασι
981 598 1107 662 τοὺς
1149 598 1256 651 τῶν
1297 598 1469 668 ἁγίων
1510 598 1844 669 συζηλωτάςο

282 685 560 750 πλεονάζει
592 686 703 757 γὰρ
724 687 911 751 αὐτοῖς
940 689 1005 741 ἐκ
1030 687 1247 753 δικαίας
1266 687 1385 743 ὁδοῦ
1411 689 1739 763 συμμέτρως
1777 689 1849 743 τά

280 778 423 831 ὄντα·
465 781 578 842 τοῖς
610 777 719 849 γάρ
763 777 916 832 οῦπω
954 779 1233 843 παντελῶς
1270 779 1378 833 τῶν
1424 780 1681 849 ἐπιγείων
1714 779 1849 835 ἀπο-

280 873 598 941 φοιτήσασι,
646 870 1069 943 μεμερισμένοις
1118 871 1175 924 δέ
1223 871 1413 943 ὥσπερ
1468 871 1589 943 Θεῷ
1644 889 1704 926 τε
1754 872 1848 926 καὶ

245 939 492 1033 Ξκόσμιρ,
533 939 920 1025 καὶίτάςνέπὶ
963 963 1066 1032 γῆς
1094 939 1647 1037 εὐλογίας-διανέμει
1691 964 1844 1027 Θεός.

247 1052 461 1117 ίοῦτως
506 1053 730 1125 ηὐλόγει
778 1053 871 1108 τὸν
932 1052 1149 1121 Ἰακὼϐ,
1206 1057 1286 1120 είς
1336 1055 1539 1128 πλῆθος
1589 1055 1737 1125 ἄγων
1781 1056 1849 1110 τὰ

277 1144 589 1217 θρέμματα.

342 1238 549 1292 ΠΑΛΔ.
581 1232 655 1291 Εὖ
690 1236 895 1306 λέγεις.

343 1328 507 1383 ΚΥΡ.
558 1328 921 1400 Εὐδοκιμοῦσι
964 1328 1021 1382 δὲ
1053 1327 1256 1395 οὕτως,
1292 1330 1387 1385 καλ⁵
1422 1328 1846 1403 λελαμπρυσμέ-

275 1437 403 1486 νοις,
434 1420 511 1483 ὡς
543 1420 643 1491 ήδη
660 1420 924 1490 γνησίοις,
956 1419 1018 1474 τὸ
1074 1421 1212 1493 μήτε
1255 1421 1449 1492 χρῆναι
1497 1424 1847 1493 καταναρκᾷν

272 1529 437 1582 φησιν
486 1512 516 1562 ὁ
550 1510 745 1574 σώζειν
786 1510 972 1573 εἰδὼς,
1023 1512 1119 1564 καὶ
1163 1510 1267 1583 μὴν
1310 1513 1391 1565 ὅτι
1425 1512 1519 1565 καὶ
1557 1511 1845 1584 ἀμφιλαφῆ

269 1603 592 1674 κομιοῦνται
665 1601 855 1674 μισθὸν
879 1644 893 1670 ,
957 1605 1249 1676 χρησίμως
1313 1605 1844 1674 κατεπαγγέλλεται·

267 1698 404 1769 ὁμοῦ
438 1698 501 1752 τὸ
548 1698 742 1753 ἀναλκί
792 1715 849 1752 τε
898 1700 994 1752 καὶ
1040 1699 1477 1770 ἀποτολμότατον
1543 1699 1715 1762 πάθος
1771 1699 1848 1763 ὡς

265 1791 547 1846 ἀπωτάτω
572 1791 743 1855 τιθεὶς
769 1792 870 1863 τῆς
900 1792 1010 1846 τῶν
1046 1792 1399 1865 φοῦουμένων
1432 1792 1594 1847 αὐτὸν
1624 1792 1845 1863 ἀγέλης,

265 1884 366 1937 καὶ
414 1882 591 1936 ἐλπίδι
632 1882 741 1936 τῶν
774 1883 1203 1955 ἐπηγγελμένων
1236 1885 1563 1957 καταθήγων
1593 1887 1672 1951 είς
1709 1903 1847 1958 προ-

262 1975 501 2046 θυμίας,
532 1974 626 2028 καὶ
668 1975 929 2040 καθιστὰς
979 1977 1510 2048 ἐρρωμενεστέρους.
1558 1979 1847 2052 Τοιγάρτοι

260 2068 364 2122 καὶ
401 2070 433 2122 6
477 2067 761 2132 θεσπέσιος
792 2067 1033 2133 Παῦλος,
1074 2068 1217 2123 οὕτω
1262 2069 1552 2135 διατιθεὶς,
1583 2070 1712 2124 ποτὲ
1749 2070 1850 2141 μὲ)

260 2159 499 2228 ἔφασκεθ
532 2177 551 2211 ι
586 2161 773 2215 Πάντα
810 2159 979 2231 ἰσχύω
1026 2163 1083 2214 ἐν
1125 2160 1203 2232 τῷ
1246 2162 1570 2233 δυναμοῦντί
1602 2181 1669 2234 με
1714 2164 1850 2235 Χρι-

260 2251 401 2323 στῷο
441 2271 459 2305 ι
497 2252 627 2308 ποτέ
654 2251 711 2305 δὲ
758 2246 847 2306 αὖ·
883 2271 901 2303 ι
943 2254 1047 2307 Τὸν
1075 2253 1273 2325 δρόμον
1310 2255 1596 2322 τετέλεκα,
1631 2255 1729 2327 τὴν
1756 2257 1849 2311 πί-

260 2358 390 2397 στιν
430 2342 733 2414 τετήρηκαο
784 2342 972 2396 λοιπὸν
999 2343 1288 2399 ἀπόκειταί
1320 2362 1408 2415 μοι
1449 2345 1477 2396 ὁ
1508 2345 1606 2416 τῆς
1647 2345 1850 2398 δικαιο-

260 2436 443 2506 σύνης
492 2435 777 2504 στέφανος.
836 2456 855 2489 ι
902 2437 1186 2507 Ἀσχὰλλει
1231 2436 1288 2491 δὲ
1327 2436 1447 2490 λίαν
1490 2437 1519 2490 6
1564 2437 1850 2502 θεσπέσιος

271 2527 568 2600 ’Δὸραάμ,
595 2528 691 2581 καὶ
746 2528 861 2581 υίὺν
905 2526 1042 2598 ἔχων
1084 2522 1363 2596 οίκογενῆ,
1399 2527 1699 2597 δυσθυμίας
1749 2529 1850 2583 οὐκ

257 2622 512 2693 ἀμοιρεῖ.
559 2619 625 2672 Τί
674 2619 782 2692 γάρ
849 2636 940 2689 μοι
1002 2617 1231 2682 δώσεις,
1275 2620 1469 2690 φησὶν,
1520 2622 1569 2672 εί
1626 2620 1850 2685 ἄτεκνος

255 2711 613 2781 ἀπολύομαι;
638 2710 735 2765 καὶ
776 2710 1035 2774 ἀπαιδίας
1070 2710 1129 2763 ἐν
1165 2710 1263 2781 ίσῳ
1310 2713 1546 2765 ποιεῖται
1598 2712 1660 2766 τὸ
1690 2712 1842 2767 νόθον

255 2804 413 2874 ἔχειν
446 2804 681 2875 καρπόν.
722 2799 856 2857 Εἶτα
883 2803 1015 2867 Θεὸς
1052 2802 1446 2871 ἐπαγγέλλεται
1482 2792 1572 2856 τδν
1600 2805 1658 2871 ἐξ
1698 2805 1849 2858 ἐλευο

256 2892 439 2963 θέρας
470 2892 586 2945 υἱδν
608 2934 623 2957 ,
648 2891 897 2945 τουτέστι
926 2891 1018 2946 τὸν
1058 2892 1243 2946 Ἰσαὰκ
1262 2930 1279 2957 ,
1311 2893 1405 2946 καὶ⁹
1437 2892 1656 2946 ἔσεσθαί
1687 2913 1849 2967 φησιν

255 2985 434 3038 αὐτὸν
462 2986 523 3037 ἐν
565 2984 756 3054 ἐκείνῳ
794 2983 1010 3054 πατέρα
1037 2982 1248 3036 πολλῶν
1293 2981 1495 3051 ἐθνῶν,
1535 2984 1677 3049 ἕξειν
1706 2986 1763 3039 δὲ
1788 2986 1849 3040 τὸ

258 3077 500 3149 σπέρμα
537 3074 720 3139 καθὼς
762 3074 830 3128 τὰ
863 3074 1039 3145 ἄστρα
1070 3072 1164 3127 τοῦ
1213 3074 1464 3146 οὐρανοῦ·
1510 3075 1696 3129 ἐλύπει
1741 3077 1848 3149 γὰρ

251 3168 387 3222 λίαν
437 3170 567 3232 τοὺς
599 3168 789 3236 ἁγίους
832 3166 1198 3230 ἀποστόλους,
1227 3166 1289 3218 τὸ
1328 3165 1519 3240 ὥσπερ
1556 3168 1663 3222 ἀπό
1705 3186 1848 3233 τινος

254 3260 496 3333 δούλης,
529 3261 635 3331 τῆς
667 3259 809 3315 κατά
841 3258 1005 3331 νόμον
1040 3258 1316 3331 λατρείας,
1349 3258 1500 3312 νόθον
1537 3258 1681 3330 ἔχειν
1708 3279 1846 3333 καρ-

259 3354 385 3409 πόν.
416 3353 679 3426 Ἐζήτουν
698 3352 755 3407 δὲ
780 3351 979 3424 μᾶλλον
1000 3351 1092 3405 τὸν
1117 3352 1181 3404 ἐκ
1206 3351 1305 3422 τῆς
1333 3351 1664 3423 ἐλευθερίας,
1692 3372 1848 3409 τουτ-

260 3446 414 3510 έστι,
462 3445 558 3498 τὸν
587 3447 653 3498 ἐκ
691 3445 791 3514 τῆς
819 3443 1027 3513 Καινῆς
1076 3442 1369 3514 Διαθήκης.
1412 3439 1579 3509 Οὗτος
1626 3446 1682 3499 δέ
1721 3442 1795 3519 ἦν,
1821 3448 1850 3501 6

261 3537 532 3610 Χριστὸς,
557 3530 616 3590 οὗ
645 3536 742 3591 καὶ
786 3538 865 3600 εἰς
893 3535 1063 3590 τύπον
1088 3537 1117 3589 6
1159 3535 1343 3589 Ἰσαὰκ
1370 3538 1490 3590 κατ’
1519 3538 1849 3606 ἐπαγγελίαν

260 3631 495 3692 νοεῖται,
529 3627 626 3680 καὶ
647 3626 735 3680 διὰ
766 3626 1021 3690 πίστεως.
1059 3626 1170 3679 Καὶ
1198 3625 1328 3695 γοῦν
1356 3628 1383 3679 6
1413 3629 1682 3700 μακάριος
1709 3630 1851 3684 Παῦ-

260 3721 376 3785 λος,
412 3720 548 3791 περὶ
589 3718 696 3772 τῶν
745 3719 803 3771 ἐν
846 3718 1025 3790 ἐαυτῷ
1067 3717 1232 3789 νόμου
1282 3717 1446 3789 φησὶν
1490 3720 1845 3792 αὐχημάτων,

266 3836 285 3868 σ
330 3816 540 3869 ’Δτινα
577 3808 645 3884 ἦν
690 3830 781 3885 μοι
809 3812 1003 3884 κέρδη,
1033 3811 1206 3865 ταῦτα
1232 3812 1446 3883 ἥγημαι
1482 3811 1568 3865 διὰ
1601 3812 1690 3867 τὸν
1714 3812 1849 3885 Χρι-

260 3908 390 3962 στὸν
424 3904 656 3976 ζημίαν*
709 3903 847 3958 ἀλλά
880 3904 980 3973 μὲν
1021 3897 1115 3957 οὖν
1151 3919 1217 3973 γε
1252 3903 1347 3957 καὶ
1384 3902 1623 3975 ἡγοῦμαι
1668 3906 1847 3959 πάντα

256 3997 475 4070 ζημίαν
524 3990 668 4049 εἶναι
712 3993 801 4048 διὰ
841 3996 901 4048 τὸ
933 3996 1200 4067 ὑπερέχον
1247 3995 1347 4066 τῆς
1378 3992 1631 4063 γνώσεως
1670 3995 1846 4066 Ἰησοῦ

255 4087 506 4163 Χριστοῦ
540 4086 639 4141 τοῦ
683 4084 887 4158 Κυρίου
920 4084 1098 4158 ἡμῶν,
1126 4085 1191 4140 δι’
1222 4084 1280 4139 ὃν
1306 4085 1375 4140 τὰ
1402 4087 1579 4140 πάντα
1607 4085 1848 4158 ἐζημιώ-

254 4181 391 4251 θην,
414 4179 518 4233 καὶ
550 4176 795 4249 ἠγοῦμαι
837 4176 1080 4231 σκύὸαλα
1121 4170 1289 4241 εἶναι,
1340 4177 1426 4231 ἵνα
1454 4177 1690 4250 Χριστὸν
1722 4194 1850 4249 κερ-

246 4271 434 4343 δήσω,
457 4268 558 4321 xa‘l
574 4267 782 4340 εὑρεθῶ
806 4268 865 4320 ἐν
887 4266 1055 4339 αὐτῷ,
1082 4268 1156 4339 μὴ
1173 4267 1310 4338 ἔχων
1324 4266 1463 4339 ἐμὴν
1482 4268 1847 4342 δικαιοσύνην,

244 4362 351 4432 τὴν
376 4359 480 4413 διὰ
501 4361 704 4427 νόμου,
756 4357 895 4412 ἀλλά
937 4357 1037 4430 τὴν
1088 4358 1176 4413 διά
1220 4359 1456 4423 πίστεως
1513 4358 1687 4431 Ἰησοῦ
1712 4360 1848 4432 Χρι-

1882 1777 1923 1831 Β

1877 3108 1919 3163 C

1949 527 2070 567 rum
2108 516 2356 571 virorum
2393 519 2744 575 aemulatores
2788 526 2955 590 atque
3002 523 3306 579 imitatores
3361 524 3530 578 henc-

1949 603 2084 658 dicit
2106 606 2251 661 Deus
2274 624 2286 660 :
2311 608 2594 663 abundant
2616 610 2764 664 enim
2796 610 2906 665 illis
2930 612 3095 678 bona,
3124 628 3227 682 pro
3265 628 3378 668 suae
3398 627 3529 669 con-

1948 694 2171 752 ditionis
2197 699 2358 753 modo
2400 700 2550 770 justa
2588 702 2803 757 ratione
2829 703 3025 775 viaque
3049 713 3241 774 parta;
3289 720 3529 774 namque

1947 784 2017 842 iis
2039 788 2133 858 qui
2170 789 2414 845 nondum
2438 791 2680 861 perfecte
2721 809 2753 849 a
2801 797 3037 852 terrenis
3059 797 3225 851 rebus
3250 797 3530 852 abscesse-

1947 876 2099 946 ru‘nt,
2139 890 2195 937 et
2236 883 2349 938 Deo
2392 900 2457 939 ac
2483 886 2692 940 mundo
2737 887 2899 942 divisi
2946 888 3348 958 quodammodo
3373 902 3524 955 sunt,

1946 972 2110 1027 etiam
2135 982 2386 1030 terrenas
2407 976 2827 1034 benedictiones
2850 979 3043 1035 tribuit
3074 980 3235 1035 Deus.
3284 979 3375 1036 Sic
3425 986 3526 1035 bc.

1945 1068 2157 1124 nedixit
2183 1071 2352 1127 Jacoh
2378 1088 2505 1127 cum
2533 1075 2653 1145 ejus
2675 1090 2875 1145 pecora
2916 1074 3301 1145 multiplicavit
3325 1075 3395 1129 ⁸³.

2021 1244 2220 1300 PALL.
2255 1246 2424 1305 Recte
2446 1247 2545 1303 ais.

2017 1337 2175 1393 CYR.
2201 1340 2320 1395 Jam
2359 1357 2511 1407 vero,
2548 1348 2696 1396 tanta
2720 1340 2904 1407 laude,
2928 1350 3189 1411 tantoque
3235 1340 3524 1412 splendore

1946 1438 2282 1499 comparato,
2324 1439 2583 1499 tanquam
2610 1430 2888 1501 germanis
2923 1432 3035 1501 jam
3081 1430 3195 1485 suis
3221 1429 3528 1485 cultoribus

1947 1517 2094 1573 haud
2130 1521 2551 1589 torpescendum
2587 1536 2705 1575 esse
2731 1519 2908 1589 inquit
2957 1520 3047 1575 ille
3082 1521 3274 1576 salutis
3294 1528 3523 1588 auctor;

1946 1607 2063 1664 fore
2079 1608 2240 1663 etiam
2266 1618 2326 1664 ut
2351 1626 2458 1664 non
2482 1611 2656 1666 levem
2680 1611 2949 1680 recipiant
2968 1611 3299 1674 mercedem,
3325 1627 3530 1681 oppon-

1949 1708 2081 1756 tune
2129 1702 2423 1772 pollicetur
2453 1721 2466 1757 :
2492 1704 2548 1758 in
2585 1720 2695 1774 quo
2751 1703 2915 1757 simul
2959 1701 3198 1757 imbellis
3233 1702 3524 1773 ignavique

1952 1792 2119 1846 animi
2157 1792 2416 1848 allectum
2457 1810 2485 1848 a
2513 1808 2675 1865 grege
2706 1793 3013 1847 timentium
3038 1808 3095 1847 se
3119 1807 3283 1862 quam
3316 1792 3525 1862 longis-

1950 1884 2087 1939 sime
2112 1886 2347 1956 rcpellit,
2382 1893 2437 1940 et
2458 1901 2552 1955 spe
2583 1902 2766 1940 rerum
2795 1901 2932 1955 quas
2967 1884 3278 1955 pollicetur,
3304 1882 3369 1939 ad
3408 1884 3530 1939 ani-

1950 1975 2025 2029 mi
2063 1975 2400 2031 alacritatem
2440 1976 2675 2039 exacuit,
2701 1983 2756 2030 et
2781 1975 3038 2031 fortiores
3060 1974 3225 2030 eﬂicit
3250 1993 3264 2029 :
3291 1975 3527 2045 ideoque

1950 2066 2117 2121 etiam
2164 2066 2361 2123 beatus
2405 2067 2629 2131 Paulus,
2659 2068 2788 2137 quia
2828 2067 2908 2122 sic
2927 2067 3161 2122 atl'ectus
3202 2075 3339 2133 erat,
3383 2083 3528 2123 non-

1949 2171 2230 2226 nunquam
2256 2158 2332 2210 ait
2359 2174 2370 2209 :
2409 2176 2427 2208 ‹
2449 2156 2643 2211 Omnia
2682 2174 2906 2227 possum
2939 2159 2995 2212 in
3026 2175 3093 2214 eo
3133 2160 3227 2228 qui
3279 2175 3365 2213 me
3391 2176 3527 2215 con-

1948 2245 2137 2312 fortat,
2196 2246 2417 2302 Christo
2442 2248 2526 2301 ’δε
2559 2267 2579 2300 ›
2632 2249 2928 2318 aliquando
2982 2266 3218 2304 rursus:
3253 2270 3269 2301 ι
3291 2250 3527 2307 Cursum

1950 2339 2348 2405 consummavi,
2379 2339 2541 2394 ﬁdem
2577 2340 2826 2407 servavi;
2853 2340 2911 2394 in
2946 2342 3159 2411 reliquo
3182 2343 3420 2411 reposita
3442 2349 3529 2399 est

1950 2430 2086 2484 mihi
2113 2446 2318 2486 corona
2352 2432 2581 2501 justitire
2604 2432 2670 2486 ".
2706 2451 2724 2484 ι
2751 2430 2917 2504 Ᾱέετο
2946 2432 3055 2488 fert
3074 2440 3258 2488 autem
3286 2435 3527 2490 maxime

1949 2519 2226 2576 Abraham
2269 2522 2417 2592 quod
2452 2522 2624 2577 ﬁlium
2661 2522 2892 2578 haberet
2917 2525 3296 2591 vernaculum,
3324 2536 3379 2581 et
3404 2525 3528 2580 ani-

1953 2627 2045 2666 mo
2068 2613 2286 2683 angitur
2312 2630 2324 2666 :
2354 2611 2497 2680 Quid
2519 2612 2689 2678 enim,
2716 2611 2915 2683 inquit,
2950 2611 3083 2667 mihi
3117 2612 3294 2677 dabis,
3325 2612 3370 2666 si
3409 2613 3529 2668 sine

1949 2704 2139 2759 liberis
2193 2705 2443 2759 dimittor
2481 2705 2584 2758 '5‘?
2626 2706 2969 2775 nothumque
3016 2704 3219 2759 habere
3266 2702 3528 2771 fructum,

1950 2797 2179 2866 perinde
2212 2798 2446 2853 aestimat
2475 2805 2639 2867 atque
2672 2798 2986 2853 orbitatem.
3022 2797 3231 2853 Deinde
3274 2798 3420 2855 Deus
3455 2815 3525 2854 cx

1951 2890 2127 2945 libera
2182 2889 2298 2945 fore
2346 2891 2427 2945 illi
2462 2889 2656 2957 ﬁlium,
2687 2891 2740 2946 id
2780 2901 2865 2947 est
2906 2893 3076 2957 Isaac,
3117 2892 3426 2961 pollicetur,
3471 2893 3529 2948 in

1953 2996 2130 3050 coque
2155 2989 2367 3050 patrem
2411 2995 2470 3036 se
2497 2980 2615 3036 fore
2654 2982 2948 3050 multarum
2994 2983 3260 3052 gentium,
3308 2983 3529 3039 habitu-

1952 3088 2185 3141 rumque
2225 3087 2416 3126 semen
2444 3072 2589 3127 sicut
2642 3080 2791 3127 astra
2836 3072 2996 3127 cmli:
3030 3074 3256 3128 moleste
3293 3090 3530 3144 namque

1953 3163 2203 3218 ferebant
2225 3163 2398 3218 sancti
2430 3165 2663 3233 apostoli
2686 3164 2832 3234 quod
2856 3166 3009 3219 velut
3051 3180 3120 3219 ex
3168 3165 3365 3225 ancilla
3389 3181 3529 3236 qua-

1954 3254 2105 3317 dam,
2135 3269 2201 3309 ex
2225 3255 2374 3309 cultu
2409 3270 2607 3324 nempe
2633 3256 2814 3325 legali,
2840 3256 3070 3309 nothum
3109 3256 3384 3310 haberent
3410 3256 3528 3310 fru-

1955 3352 2136 3412 ctum;
2174 3354 2339 3415 atque
2373 3360 2441 3400 ex
2466 3345 2641 3400 libera
2664 3346 2868 3415 potius,
2921 3346 2975 3400 id
3005 3355 3110 3410 est,
3136 3362 3204 3400 ex
3254 3345 3406 3401 Novo
3427 3346 3532 3401 Te-

1954 3444 2245 3501 stamento,
2273 3436 2447 3491 tilium
2469 3436 2843 3507 expetebant:
2877 3436 2924 3489 is
2965 3444 3148 3490 autem
3196 3442 3317 3489 erat
3365 3434 3530 3490 Chri-

1955 3538 2092 3595 stus,
2133 3529 2189 3584 in
2213 3530 2369 3599 cujus
2393 3543 2613 3598 quoque
2639 3526 2809 3598 figura
2831 3527 2985 3582 Isaac
3028 3540 3127 3596 per
3154 3525 3532 3595 repromissio-

1953 3635 2079 3674 nem
2103 3627 2266 3688 atque
2293 3632 2392 3688 per
2416 3617 2581 3672 ﬁdem
2602 3625 2765 3672 natus
2790 3615 3138 3687 intelligitur.
3165 3615 3355 3685 Itaque
3395 3615 3529 3672 bea-

1954 3716 2045 3763 tus
2067 3708 2273 3763 Paulus
2293 3708 2360 3763 de
2386 3708 2525 3777 legis
2569 3707 2926 3772 ornamentis,
2977 3722 3100 3776 quae
3145 3706 3251 3761 sibi
3291 3706 3528 3772 inerant,

1953 3800 2059 3855 ait:
2099 3819 2117 3851 ι
2146 3799 2279 3867 Quae
2315 3800 2452 3854 mihi
2494 3808 2653 3855 erant
2705 3800 2879 3864 lucra,
2907 3799 3022 3854 haec
3056 3800 3359 3856 arbitratus
3406 3816 3530 3856 sum

1952 3898 2180 3961 propter
2203 3890 2485 3946 Christum
2519 3890 2913 3946 detrimentum
2941 3909 2953 3943 :
2994 3905 3185 3944 verum
3219 3891 3387 3944 etiam
3414 3891 3534 3945 exi-

1953 3984 2116 4038 stimo
2144 3984 2326 4038 omnia
2364 3983 2755 4038 detrimentum
2783 3997 2903 4036 esse
2927 3989 3153 4050 propter
3193 3980 3345 4051 141
3394 3980 3533 4035 emi-

1952 4081 2177 4128 nentem
2202 4073 2488 4127 scientiam
2544 4071 2675 4127 Iesu
2713 4070 2917 4126 Christi
2939 4070 3156 4124 Domini
3181 4069 3378 4135 nostri,
3402 4084 3534 4140 pror-

1952 4170 2076 4234 pter
2100 4176 2263 4232 quem
2291 4161 2537 4216 omnium
2574 4161 2845 4230 jacturam
2875 4159 3001 4225 feci,
3031 4168 3089 4214 et
3112 4159 3355 4215 arbitror
3380 4166 3524 4215 ster-

1954 4269 2082 4309 cora
2103 4268 2248 4318 esse,
2279 4262 2341 4306 ut
2369 4252 2655 4308 Christum
2701 4250 3063 4318 lucrifaciam,
3097 4259 3154 4307 et
3197 4252 3448 4309 inveniar
3470 4253 3530 4309 in

1956 4347 2078 4417 ipso
2114 4360 2226 4400 non
2252 4345 2463 4400 habens
2493 4360 2671 4402 meam
2712 4342 3003 4415 justitiam,
3049 4358 3171 4413 quae
3213 4360 3314 4413 per
3350 4344 3527 4414 legem

242 4451 413 4507 στοῦ.
474 4467 495 4501 ι
543 4449 635 4504 Ἐν
665 4449 886 4522 Χριστῷ
924 4450 1033 4520 γὰρ
1062 4450 1318 4520 γεγόνασι
1368 4451 1604 4521 πατέρες
1642 4452 1847 4507 πολλῶν

1953 4444 2038 4492 est
2060 4478 2075 4503 ,
2102 4436 2198 4492 sed
2219 4451 2341 4507 quae
2371 4451 2440 4492 ex
2466 4435 2573 4492 ﬁde
2599 4444 2683 4492 est
2706 4436 2836 4491 Jesu
2864 4434 3069 4490 Christi
3109 4434 3175 4488 ⁸⁸.
3208 4453 3226 4486 ι
3256 4433 3317 4489 In
3362 4434 3528 4491 Chri-

240 4544 435 4599 ἐθνῶν
500 4540 602 4595 καὶ
628 4541 1003 4614 ἀναριθμήτου
1048 4541 1380 4615 σπέρματος,
1429 4543 1681 4616 καθάπερ
1711 4544 1849 4616 ἀμέ-

239 4639 329 4691 λει
379 4634 493 4690 καὶ
562 4633 814 4706 ’Δϐραὰμ
862 4636 921 4688 ἐν
978 4636 1181 4690 Ἰσαάκ.
1242 4634 1608 4708 Ἀναθήσομεν
1649 4636 1707 4690 δὲ
1756 4637 1848 4690 τὸν

238 4732 343 4784 ἐπὶ
382 4726 544 4798 τῷδε
584 4727 762 4797 λόγον,
798 4728 920 4799 οὐχὶ
969 4729 1034 4800 δὴ
1079 4728 1260 4799 μόνοις
1300 4731 1412 4793 τοῖς
1459 4728 1627 4783 πάλαι
1653 4746 1713 4782 τε
1756 4731 1849 4784 καὶ

241 4824 445 4893 ἁγίοις
488 4820 848 4886 ἀποστόλοις,
893 4820 1029 4874 ἀλλά
1077 4821 1170 4874 καὶ
1213 4823 1325 4885 τοῖς
1362 4822 1481 4892 μετ’
1507 4821 1750 4886 ἐκείνους
1786 4822 1847 4876 τὸ

245 4909 552 4984 ιεροῦσθαι
571 4908 817 4980 λαχοῦσι,
845 4909 941 4963 καὶ
976 4908 1308 4979 Ἐκκλησιῶν
1336 4910 1682 4983 ἡγουμένοις,
1701 4910 1734 4981 ἢ
1754 4912 1848 4966 καὶ

250 5003 429 5059 παντί
451 5019 516 5056 τε
540 5000 730 5055 λοιπὸν
759 4999 891 5072 ὁσίῳ
924 5001 1018 5054 καὶ
1037 5000 1243 5071 ἀγαθῷ.

1954 4533 2054 4596 sto;
2073 4542 2310 4598 namque
2344 4536 2530 4597 patres
2572 4528 2872 4582 multarum
2913 4526 3157 4596 gentium
3200 4534 3257 4580 ct
3301 4525 3529 4581 seminis

1954 4617 2389 4684 innumerabilis,
2415 4625 2477 4672 ut
2497 4617 2772 4673 Abraham
2797 4619 2852 4673 in
2879 4618 3029 4672 Isaac
3042 4617 3169 4672 facti
3196 4624 3340 4672 sunt.
3368 4617 3525 4684 Quod

1954 4716 2138 4763 autem
2168 4709 2271 4763 hac
2295 4708 2363 4764 de
2401 4724 2464 4764 re
2490 4709 2697 4764 dictum
2726 4718 2811 4764 est
2835 4697 3069 4773 a'nobis,
3101 4709 3153 4763 id
3198 4724 3307 4763 non
3349 4710 3527 4764 solum

1953 4800 2149 4871 priscis
2171 4801 2280 4856 illis
2299 4800 2434 4855 viris
2457 4816 2523 4856 ac
2548 4803 2751 4858 sanctis
2771 4802 3035 4873 apostolis
3061 4801 3389 4865 tribuemus,
3426 4803 3525 4857 sed

1952 4893 2020 4948 ad
2043 4909 2137 4949 eos
2158 4909 2380 4965 quoque
2402 4894 2496 4964 qui
2513 4901 2637 4965 post
2660 4894 2784 4949 illos
2796 4896 3129 4951 sacerdotale
3148 4894 3525 4951 suntotlicium

1952 4984 2153 5051 sortiti,
2179 4991 2237 5040 et
2283 4986 2541 5041 Ecclesia:
2576 4986 2746 5043 duces
2790 4988 3098 5055 constituti,
3130 4995 3225 5046 aut
3260 4988 3424 5043 etiam
3456 4986 3527 5043 ad

1953 5076 2205 5145 quemvis
2227 5084 2476 5133 sanctum
2507 5077 2852 5149 probumque
2873 5081 3057 5136 virum
3092 5081 3417 5139 referemus.

314 5269 366 5304 "
404 5266 612 5325 Cenes.
635 5280 766 5334 xxx,
788 5264 878 5321 51.
955 5263 1002 5295 “
1020 5262 1254 5335 Philipp.
1292 5282 1365 5331 tv,
1397 5265 1483 5321 Η.
1530 5280 1531 5283 ‘
1561 5267 1604 5300 "
1631 5266 1675 5322 ll
1696 5266 1931 5336 Tim.tv,
1967 5270 2020 5324 8.
2096 5270 2162 5303 "'
2188 5270 2386 5330 Cenes.
2416 5291 2503 5341 xv,
2528 5276 2582 5332 5.
2660 5275 2956 5348 "Philipp.
2998 5293 3077 5344 ιιι,
3111 5278 3228 5334 7-9.
