3954 6200
397 350 502 410 359

1421 341 1476 396 S.
1527 336 1802 398 CYRILLI
1840 331 2312 396 ALEXANDRINI
2345 333 2663 397 ARCHIEP.

3551 351 3654 412 360

1019 686 1414 812 ΠΕΡΙ
1479 686 1821 812 ΤΗΣ
1895 687 2103 811 ΕΝ
2169 677 3052 815 ΠΝΕΥΜΑΤΙ

1627 943 1821 1030 ΚΑΙ
1894 937 2397 1034 ΑΛΗΘΕΙΑ

823 1166 2047 1282 ΠΡΟΣΚΥΝΗΣΕΩΣ
2140 1167 2417 1277 ΚΑΙ
2510 1154 3247 1279 ΛΑΤΡΕΙΑΣ

869 1404 883 1410 ’
1539 1416 1904 1500 ΛΟΓΟΣ
1981 1415 2532 1504 ΠΕΜΠΤΟΣ

557 1813 737 1926 DE
835 1809 1762 1926 ADORATIONE
1861 1809 2045 1921 ET
2128 1807 2608 1927 CULTU
2690 1812 2837 1925 IN
2924 1802 3495 1929 SPIRITU

1565 2077 1732 2176 ET
1829 2065 2490 2176 VERITATE

1511 2315 1880 2394 LIBER
1974 2317 2571 2410 QUINTUS.

636 2644 792 2716 142
818 2644 892 2697 De
916 2642 1226 2712 fortitudine
1247 2659 1362 2712 qua:
1385 2643 1438 2695 in
1465 2641 1670 2697 Christo
1695 2651 1790 2696 est.

470 2757 658 2815 Sancti
705 2756 810 2810 viri
865 2755 1052 2827 igitur,
1105 2755 1320 2809 tametsi
1392 2770 1493 2825 pro
1556 2755 1793 2810 aliorum
1873 2755 1976 2810 hos

398 2849 608 2903 minum
661 2847 775 2901 vita
829 2853 1084 2910 certant,
1121 2844 1176 2898 id
1223 2845 1326 2899 sibi
1370 2843 1715 2914 propositum
1751 2844 1975 2908 habent,

399 2937 624 3001 Palladi,
652 2935 797 2990 utad
822 2936 1030 2990 nullam
1057 2949 1333 3004 rem,qua2
1355 2933 1576 3003 quidem
1601 2934 1656 2987 in
1685 2933 1790 2988 hoc
1816 2949 1980 2986 mun—

398 3029 470 3083 do
494 3029 585 3094 sit,
611 3029 854 3082 animum
889 3027 1128 3097 adjicere
1157 3027 1363 3082 velint:
1398 3027 1472 3080 ita
1519 3025 1667 3080 enim
1705 3025 1981 3095 sapientes

398 3137 463 3175 ae
486 3129 758 3190 potentes,
789 3128 843 3174 et
871 3119 1092 3188 optima:
1114 3118 1230 3187 spei
1255 3117 1424 3188 pleni,
1459 3125 1515 3171 et
1538 3131 1776 3185 superna
1818 3114 1972 3168 beni~

401 3212 607 3284 gnitate
642 3210 841 3263 muniti
875 3216 1058 3264 erunt.
1093 3208 1290 3278 Atque,
1327 3214 1389 3262 ut
1442 3214 1503 3260 tu
1543 3205 1768 3276 quidem
1813 3205 1976 3268 nosti,

399 3315 489 3354 res
530 3315 638 3354 non
665 3299 826 3354 aliter
859 3298 1064 3353 habere
1103 3314 1162 3353 se
1190 3306 1386 3368 potest.
1421 3297 1554 3352 Nam
1597 3297 1643 3351 si
1687 3294 1980 3350 mundanis

397 3389 872 3454 distractionibus,
903 3405 966 3443 ac
990 3390 1386 3459 temporalibus
1417 3388 1816 3458 cupiditatibus
1857 3385 1980 3441 ani-

398 3497 550 3537 mum
581 3483 939 3537 excelsiorem
969 3481 1286 3546 habuerint,
1311 3481 1562 3535 imbelles
1588 3481 1746 3550 plane
1793 3479 1981 3531 hostes

398 3573 702 3638 oﬂ‘endent,
737 3574 1076 3642 minimoque
1101 3575 1322 3644 negotio
1363 3572 1710 3627 adversarios
1759 3585 1982 3640 supera-'-

399 3665 558 3727 bunt,
584 3665 696 3718 Deo
718 3665 938 3719 illorum
970 3665 1117 3719 vires
1140 3665 1495 3734 proﬂigante:
1527 3663 1610 3717 sin
1631 3661 1734 3732 ipsi
1761 3676 1980 3730 quoque

399 3753 696 3808 mundanis
725 3753 1016 3808 aﬂ‘ectibus
1047 3757 1190 3824 capti
1231 3761 1417 3818 erunt,
1451 3761 1505 3808 et
1545 3752 1781 3808 terrenis
1823 3751 1979 3821 cupi-

399 3845 666 3899 ditatibus
693 3845 946 3910 involuti,
992 3845 1151 3901 facile
1203 3846 1358 3917 1&3
1399 3845 1849 3916 persequentium
1901 3844 1982 3897 in-

399 3936 755 3992 cursionibus
780 3937 1066 4006 patebunt,
1115 3945 1171 3992 et
1221 3939 1376 3992 nullo
1427 3937 1648 4008 negotio
1701 3950 1982 4005 expugna-

2007 2651 2059 2710 Α

2391 2638 2527 2708 Περὶ
2561 2637 2841 2706 ἀνδρείας
2863 2637 2972 2708 τῆς
3004 2624 3073 2692 ἐν
3103 2627 3352 2708 Χριστῷ.

2150 2755 2359 2819 Σκοπὸς
2387 2748 2478 2807 οὖν
2515 2753 2726 2822 ἁγίοις,
2763 2751 2866 2804 κᾶν
2913 2753 2961 2804 εί
3011 2752 3112 2821 τῆς
3149 2752 3258 2804 τῶν
3282 2750 3456 2806 ἄλλων
3483 2751 3651 2822 ὑπερ·

2079 2846 2291 2900 αθλοῑεν
2331 2844 2510 2914 ζωῆς,
2554 2837 2599 2896 ὣ
2649 2841 2940 2905 Παλλάδιε,
2999 2842 3162 2912 μηδὲν
3209 2841 3320 2895 τῶν
3363 2843 3422 2895 ὲν
3466 2842 3655 2912 κόσμῳ

2082 2933 2558 3008 προσοικειοῦσθαι
2607 2933 2801 3001 φιλεῖν·
2837 2929 2946 2984 εἷεν
2990 2931 3095 3002 γὰρ
3139 2930 3207 2984 ἂν
3233 2921 3372 2984 οὕτω
3412 2933 3567 3000 σοφοί
3595 2948 3653 2984 τε

2083 3028 2177 3080 καὶ
2211 3024 2429 3080 δυνατοὶ⁸
2451 3064 2466 3088 ,
2490 3023 2584 3079 καὶ
2628 3023 2838 3094 ἀγαθῆς
2865 3023 3075 3085 ἐλπίδος
3100 3023 3340 3094 ἔμπλεῳ,
3374 3025 3471 3077 καὶ
3496 3025 3656 3095 εὐμελ

2082 3119 2250 3182 νείαις
2277 3121 2395 3180 ταῖς
2441 3117 2644 3171 ἄνωθεν
2692 3112 2750 3169 εὖ
2790 3115 2934 3186 μάλα
2976 3117 3388 3186 τετειχισμένοι,
3433 3117 3549 3180 καὶ,
3580 3116 3656 3178 ὡς

2081 3205 2140 3262 εὖ
2167 3208 2275 3262 ίσθι
2315 3225 2416 3272 τοι,
2446 3207 2521 3278 μὴ
2545 3208 2742 3278 ἑτέρως
2777 3205 2920 3278 ἔχειν
2951 3205 3010 3259 τὸ
3029 3209 3234 3278 χρῆμα,
3269 3200 3314 3260 ὧ
3338 3209 3455 3261 τᾶν.
3490 3208 3654 3260 Ἀνωά

2083 3299 2246 3371 τέραν
2281 3298 2380 3368 μὲν
2439 3298 2548 3369 γὰρ
2588 3297 2699 3350 τῶν
2754 3299 2812 3350 ὲν
2865 3296 3053 3367 κόσμῳ
3119 3297 3518 3368 περισπασμῶν
3563 3301 3658 3350 καὶ

2081 3390 2430 3464 προσκαίρων
2457 3389 2759 3459 ἐπιθυμιῶν
2785 3388 2882 3458 τὴν
2907 3389 3144 3444 διάνοιαν
3183 3389 3419 3460 ἔχοντες,
3458 3391 3658 3443 einen—-

2079 3483 2401 3551 αγωνίστοις
2471 3481 2669 3551 κομιδῆ
2738 3480 3146 3551 περιτεύξονται
3211 3484 3322 3544 τοῖς
3403 3481 3657 3552 ἐχθροῖς,

2086 3575 2432 3646 περιέσονταί
2465 3593 2522 3627 τε
2553 3575 2646 3628 καὶ
2687 3574 2830 3645 μάλα
2857 3574 3055 3645 ῥᾳδίως
3085 3573 3192 3626 τῶν
3221 3573 3660 3644 ἀνθεστηκότων,

2082 3667 2567 3740 προκατασείοντος
2613 3667 2707 3720 τοῦ
2771 3665 2906 3720 Θεοῦ
2953 3666 3050 3736 τὴν
3109 3665 3332 3720 ἐκείνων
3382 3665 3612 3736 δύναμιν
3643 3673 3658 3696 -'

2081 3762 2360 3824 ὲναλὸντες
2383 3759 2439 3813 δὲ
2469 3760 2562 3814 καὶ
2594 3760 2750 3814 αὐτοὶ
2780 3760 2978 3813 πάθεσι
3011 3763 3313 3831 κοσμικαῖς,
3344 3761 3434 3813 καὶ
3462 3760 3662 3828 γεωδε-

2085 3853 2305 3924 στέραις
2335 3852 2656 3923 ἐπιθυμίαις
2685 3851 3064 3923 ἐνειλημμένοι
3087 3893 3100 3917 ,
3129 3853 3515 3924 εὐκατάτροχοι
3555 3853 3663 3922 μὲν

2084 3944 2274 4017 ὥσπερ
2314 3945 2409 4000 καὶ
2453 3945 2846 4000 εὐαλωτότατοι
2902 3945 3020 3997 λίαν
3077 3944 3500 4014 παρακείσονται
3531 3945 3661 3996 τότε

396 4029 626 4091 buntur,
655 4042 718 4081 ac
743 4027 1032 4082 manifeste
1065 4028 1251 4082 divino
1274 4028 1532 4098 praesidio
1552 4027 1797 4098 spoliati,
1827 4027 1976 4080 velut

2094 4033 2197 4100 ιοῖς
2222 4036 2438 4090 διώκειν
2463 4038 2659 4101 αὐτοὺς
2686 4036 3002 4107 ᾑρημένοις,
3022 4037 3216 4106 γυμνοὶ
3237 4036 3293 4089 δὲ
3329 4037 3426 4107 τῆς
3449 4036 3664 4089 ἄνωθεν

399 4119 747 4189 paratissima
778 4120 961 4189 praeda
986 4130 1150 4175 erunt
1182 4122 1435 4179 hostibus
1464 4125 1754 4197 propositi.

471 4295 668 4350 PALL.
707 4295 813 4349 Sed
868 4298 1142 4353 undenem
1202 4302 1318 4356 haec
1352 4319 1474 4371 quae
1519 4305 1704 4361 dixisti
1753 4310 1974 4377 probari

398 4387 633 4470 possint,
668 4387 828 4456 plane
861 4391 1000 4445 scire
1032 4393 1215 4462 cupio.

469 4479 624 4534 (ΝΒ.
667 4479 709 4534 Ε
742 4483 912 4536 sacris
947 4483 1189 4548 Litteris,
1246 4501 1368 4553 quae
1415 4487 1613 4555 priscis
1660 4489 1978 4547 hominibus

398 4569 752 4638 contigerunt
793 4571 1005 4624 utiliter
1041 4572 1510 4640 praedicantibus;
1556 4579 1804 4646 nunquid
1827 4582 1974 4634 enim

397 4675 510 4714 non
559 4661 628 4715 ad
659 4669 904 4715 nostram
943 4663 1375 4720 admonitionem
1415 4668 1506 4721 illa
1549 4670 1752 4738 scripta
1805 4672 1974 4729 fuisse

398 4751 596 4808 beatus
623 4769 842 4824 quoque
867 4753 1068 4808 Paulus
1100 4756 1178 4808 ait
1204 4752 1284 4806 ’τί

469 4845 668 4899 PALL.
716 4846 948 4900 Fateor:
988 4849 1336 4906 narrationes
1379 4853 1526 4906 enim
1577 4872 1698 4924 qua:
1749 4872 1815 4911 ex
1867 4858 1976 4914 illis

400 4935 702 5006 Seripturis
724 4938 1100 5007 proferuntur,
1137 4956 1246 4994 non
1292 4943 1626 4999 mediocrem
1659 4949 1819 5003 nobis
1860 4951 1973 5004 uti-

399 5027 609 5084 litatem
638 5031 894 5086 aﬂ‘erunt.
924 5032 1035 5086 Illae
1058 5033 1204 5086 enim
1231 5036 1438 5091 umbrae
1462 5046 1517 5092 et
1561 5039 1743 5110 ﬁgurae
1769 5044 1971 5097 verita-

400 5120 473 5174 tis
503 5131 678 5175 erant.

471 5211 629 5268 CYR.
700 5213 820 5270 Jam
885 5216 1052 5287 igitur
1115 5218 1300 5274 dicere
1371 5222 1772 5291 aggrediamur.
1833 5226 1972 5281 Cum

396 5304 658 5362 Israelita-
680 5307 973 5364 Jordanem
1009 5312 1376 5381 traiecissent,
1408 5315 1728 5372 invaserunt
1775 5321 1969 5374 urbem

2088 4126 2389 4196 ἀσφαλείας
2433 4127 2865 4195 ἐκδεδειγμένοι,
2900 4125 3043 4197 θήρα
3089 4143 3170 4189 τις
3208 4125 3396 4197 ὥσπερ
3439 4127 3659 4194 ἑτοιμοο

2081 4215 2218 4286 τάτη
2250 4216 2677 4285 παρακείσονται
2709 4220 2819 4280 τοῖς
2859 4217 3090 4287 ἐχθροῖς.

2153 4309 2357 4362 ΠΑΛΛ.
2393 4309 2500 4361 Καὶ
2533 4308 2615 4370 τίς
2659 4307 2723 4360 ἂν
2771 4309 2980 4376 γένοιτο
3009 4310 3116 4362 τῶν
3159 4311 3461 4382 εἰρημένων
3495 4313 3529 4384 ἡ
3562 4311 3666 4363 πίε

2081 4413 2220 4463 στις,
2259 4398 2494 4467 ἐθέλοιμ’
2523 4395 2806 4451 ἃνείδέναι
2846 4400 3050 4468 σαφῶς.

2149 4490 2313 4543 ΚΥΡ,
2353 4490 2425 4542 Τὸ
2452 4489 2692 4560 Γράμμα
2730 4490 2789 4543 τὸ
2817 4493 2979 4561 ἱερὸν,
3010 4492 3079 4545 τὰ
3099 4495 3210 4558 τοῖς
3241 4492 3485 4564 ἀρχαίοις
3514 4503 3666 4562 συμο

2079 4581 2348 4651 ϐεϐηκότα
2415 4583 2704 4652 χρησίμως
2751 4586 3139 4654 παραφωνοῦν.
3205 4581 3284 4638 Ἥ
3341 4586 3476 4656 γὰρ,
3532 4587 3666 4656 οὐχὶ

2078 4673 2214 4744 πρὸς
2246 4675 2527 4728 νουθεσίαν
2552 4675 2706 4746 ἡμῶν
2735 4676 2920 4730 ἐκεῖνα
2949 4678 3254 4750 γεγράφθαι
3289 4681 3381 4732 καὶ
3403 4680 3432 4731 ὁ
3453 4679 3666 4732 θεσπέ-

2080 4783 2192 4829 σιος
2215 4767 2316 4838 ἔφη
2358 4768 2566 4830 Παῦλος
2582 4785 2596 4833 ;

2148 4861 2358 4915 ΠΑΛΛ.
2402 4861 2569 4932 Φημί·
2621 4863 2912 4932 ὲμποιήσει
2973 4862 3080 4933 γὰρ
3139 4864 3199 4916 οὑ
3249 4863 3475 4935 μετρίαν
3516 4865 3664 4932 ἡμῖν

2076 4950 2172 5019 τὴν
2207 4951 2388 5024 ὃνησιν
2419 4954 2487 5006 τὰ
2513 4952 2569 5017 ἐξ
2599 4953 2782 5006 αὐτῶν
2811 4953 3130 5024 δηλούμενα.
3177 4955 3350 5008 Τύποι
3378 4955 3485 5025 γὰρ
3509 4950 3662 5025 ἦσαν

2076 5041 2176 5112 τῆς
2197 5042 2450 5111 ἀληθείας
2476 5044 2530 5096 αἱ
2565 5044 2733 5099 σκιαί.

2149 5134 2312 5187 ΚΥΡ.
2372 5133 2583 5188 Οὐκοῦν
2639 5136 2738 5206 ἤδη
2792 5135 3058 5206 λέγωμεν.
3111 5139 3661 5210 Διαπεραιωσάμενοι

2079 5226 2188 5298 γὰρ
2224 5227 2312 5278 τὸν
2379 5227 2652 5297 Ἰορδάνην
2703 5228 2749 5280 οἱ
2800 5227 2858 5291 ἐξ
2908 5229 3150 5298 Ἰσραὴλ,
3195 5229 3529 5299 προσέὄαλον
3582 5233 3657 5302 τῇ

2089 5318 2294 5390 Ἱεριχώ
2314 5334 2328 5348 ο
2357 5320 2449 5370 καὶ
2481 5319 2542 5387 δὴ
2584 5320 2676 5371 καὶ
2718 5319 2882 5382 θείοις
2909 5322 3164 5389 ἑπόμενοι
3194 5321 3458 5392 νεύμασιν
3485 5324 3658 5375 ἐκπο-

395 5398 635 5464 Iericho,
665 5399 972 5470 divinisque
994 5402 1160 5471 jussis
1202 5403 1586 5474 obsequentes,
1609 5408 1673 5461 ad
1722 5423 1842 5462 eam
1876 5410 1973 5464 ob-

2094 5413 2314 5482 ιιορκείν
2354 5409 2703 5475 ἐσπούδαζον,
2740 5411 2814 5473 ὼς
2869 5412 3066 5464 αὐτίκα
3099 5412 3161 5480 δὴ
3210 5414 3356 5482 μάλα
3401 5413 3659 5483 περιεσό-

397 5488 681 5544 sidendam
706 5491 901 5546 intenti
948 5504 1125 5559 erant,
1180 5504 1436 5565 tanquam
1482 5498 1770 5555 celerrime
1817 5502 1966 5556 illam

395 5583 760 5650 expugnaturi
785 5592 949 5654 atque
974 5588 1208 5658 capturi.
1258 5588 1501 5646 Aderant
1551 5590 1717 5662 igitur
1763 5593 1968 5650 milites

470 5753 512 5785 ⁸⁷
540 5753 559 5809 l
583 5753 690 5810 Cor
736 5772 789 5819 ιι,
821 5758 904 5814 Η.

2081 5521 2251 5573 μενοι,
2286 5504 2377 5555 καὶ
2409 5504 2756 5572 αἱρήσοντες,
2795 5504 2885 5555 καὶ
2913 5504 3004 5556 τὴν
3027 5505 3261 5574 πολέμου
3293 5505 3454 5575 νόμον
3489 5504 3658 5573 ἐξηρ-

2073 5595 2296 5668 τημένοι
2345 5596 2598 5670 παρῆσαν
2644 5598 2692 5650 οἱ
2731 5597 3128 5667 μαχιμώτατοι.
3167 5598 3482 5668 Γέγραπται
3515 5595 3662 5669 γάρολ
