3954 6200
289 220 388 279 561

962 265 969 269 .
1005 218 1577 294 DEoADORATIONE
1616 220 1684 277 IN
1725 217 1998 279 SPIRITU
2040 219 2128 277 ET
2170 218 2541 276 VERITATE.
2585 220 2713 276 LIB.
2758 221 2819 275 Υ.

3451 218 3557 276 362

287 337 373 391 δτι
417 354 436 390 ι
470 334 581 392 Καὶ
624 332 874 408 εἰσῆλθεν
917 336 1124 409 Ἰησοῦς
1174 340 1204 393 ὁ
1252 337 1344 394 τοῦ
1387 339 1547 410 Ναυῆ
1590 339 1728 412 πρὸς
1753 340 1879 404 τοὺς

1998 341 2052 396 Id
2081 340 2431 412 pugnandum
2459 339 2751 410 aptissimi,
2774 340 2928 410 juxta
2960 337 3232 393 bellorum
3280 337 3429 408 leges
3471 338 3557 392 inm

291 430 466 502 ἱερεῖς
486 471 503 497 ,
546 428 643 484 καὶ
681 424 837 483 εἶπεν
879 429 1063 495 αὐτοῖς
1110 430 1304 501 λέγων·
1346 431 1762 503 Παραγγείλατε
1800 431 1880 501 τῷ

291 518 410 591 λαῷ
436 518 745 592 περιελθεῖν
782 519 879 575 καὶ
917 520 1200 575 κυκλῶσαι
1234 516 1334 595 τὴν
1362 517 1540 589 πόλιν,
1565 524 1660 578 καὶ
1682 525 1734 577 oi
1772 524 1881 594 μά-

292 628 449 683 χιμοι
486 609 1073 684 παραπορευέσθωσαν
1122 615 1515 687 ὲνωπλισμένοι
1557 615 1736 671 ἔναντι
1770 618 1882 671 Κυ-

293 706 439 778 ρίου.
479 724 500 758 ι
534 705 977 777 Προστάττοντος
1006 705 1119 779 γὰρ
1148 707 1242 762 τοῦ
1268 709 1504 781 Χριστοῦ
1527 708 1617 763 διὰ
1642 708 1743 779 τῆς
1774 708 1883 763 τῶν

292 797 618 869 ἡγουμένων
651 797 840 870 φωνῆς
858 839 874 863 ,
910 800 1466 874 καταστρατευόμεθα
1507 801 1616 855 τῶν
1648 799 1881 873 ἐχθρῶν,

291 890 356 945 ού
408 890 549 964 πρὸς
595 887 737 963 αἷμα
784 893 881 947 καὶ
935 892 1117 965 σάρκα
1162 892 1263 965 τὴν
1310 893 1498 966 μάχην
1543 893 1882 967 αἱρούμενοι,

294 982 438 1055 πρὸς
474 982 653 1056 ἀρχὰς
681 984 739 1037 δὲ
772 984 977 1055 μᾶλλον
1006 987 1104 1039 καὶ
1127 984 1400 1052 ἔξουσίας,
1434 976 1530 1041 καὶ
1565 985 1659 1040 τὸν
1688 988 1748 1040 ἐν
1772 987 1886 1049 τοῖς

299 1074 493 1147 μέλεσι
536 1075 638 1146 τῆς
680 1076 883 1149 σαρκὸς
917 1077 1334 1150 τυραννήσαντα
1377 1077 1564 1151 νόμον.
1620 1077 1888 1151 Ἐσόμεθα

295 1167 356 1221 δὲ
403 1165 529 1221 τότε
572 1167 669 1221 καὶ
715 1169 775 1221 ὲν
827 1167 951 1238 ὕψει
988 1168 1161 1236 Θεοῦ,
1208 1169 1509 1244 παντευχίᾳ
1554 1170 1654 1243 μὲν
1698 1169 1889 1242 ὥσπερ

298 1259 701 1334 ἑνηρμοσμᾶνοι
726 1262 795 1332 τῇ
834 1259 958 1334 θείᾳ
982 1278 1043 1316 τε
1071 1263 1168 1319 καὶ
1193 1265 1384 1337 νοητῇ.
1444 1263 1549 1337 (Τά
1603 1262 1713 1336 γὰρ
1748 1263 1889 1318 ὅπλα

296 1353 458 1427 ἡμῶν
505 1353 567 1408 οὐ
584 1389 600 1412 .
631 1353 889 1427 σαρκικὰ,
930 1355 1071 1410 κατά
1125 1355 1225 1429 τὴν
1263 1355 1358 1412 τοῦ
1402 1355 1619 1412 Παύλου
1658 1356 1888 1429 φωνὴν),

298 1449 485 1514 τοῖςδδ
508 1448 612 1521 τῆς
626 1449 976 1522 δικαιοσύνης
996 1451 1314 1524 αὐχήμασιν
1338 1450 1660 1521 ἐκπρεπεῖς.
1688 1447 1893 1519 Ἐφορᾷ

298 1539 364 1613 δὴ
392 1535 489 1595 οὖν
513 1541 646 1605 τοὺς
682 1540 1108 1614 μαχιμωτάτους
1132 1542 1163 1595 ό
1187 1540 1406 1601 πάντων
1438 1538 1714 1610 Δεσπότης
1735 1536 1890 1604 Θεὸς,

299 1630 370 1685 τά
407 1630 639 1703 λαμπρά
684 1631 786 1703 τῆς
833 1629 1182 1704 δικαιοσύνης
1223 1630 1395 1700 σκεύη
1443 1628 1889 1702 περικειμένους,

301 1721 450 1777 τοῦτ’
473 1722 617 1788 εστι,
659 1723 722 1779 τὸ
752 1722 831 1789 ὡς
866 1722 1100 1779 ἐνώπιον
1132 1716 1891 1796 Χριστοῦλπαραπορεύεσθαι

300 1816 429 1881 τοὺς
479 1815 752 1887 μαχίμους
802 1815 1259 1888 ἐνωπλισμὲνους.
1309 1815 1504 1888 Τίμιον
1559 1816 1621 1870 δὲ
1686 1815 1891 1888 σφόδρα

304 1906 403 1961 καὶ
448 1906 786 1963 πολύευκτον
813 1907 1062 1980 ἀληθῶς,
1112 1908 1174 1963 τὸ
1204 1909 1263 1963 ὲν
1303 1907 1593 1981 ἐπισκέψει
1634 1907 1892 1978 γενέσθαι

302 1996 443 2053 Θεοῦ
457 2038 476 2064 ,
510 1999 672 2073 εῖπερ
715 1998 865 2054 ἐστὶν
912 1999 1014 2055 οὐκ
1059 1999 1325 2057 ἀπίθανον
1371 2001 1574 2055 ἐννοεῖν
1594 2040 1610 2066 ,
1652 2000 1735 2055 δτι
1778 1987 1894 2064 τοῖς

302 2088 670 2160 λελυπηκόσι,
717 2090 942 2146 κόλασιν
983 2089 1175 2164 ὥσπερ
1220 2091 1344 2146 τινά
1393 2092 1494 2163 τὴν
1537 2089 1893 2163 ἀποστροφὴν

303 2180 587 2253 ἐπιτίθησι
621 2181 774 2248 Θεὸς,
806 2182 1005 2253 λέγων·
1034 2200 1054 2235 ι
1079 2183 1248 2238 Ὅταν
1270 2182 1379 2248 τάς
1405 2185 1592 2255 χεῖρας
1613 2181 1894 2254 ὲκτείνητε

308 2274 449 2347 πρός
464 2291 556 2346 με,
574 2273 911 2347 ἀποστρέψαι
932 2275 1060 2341 τοὺς
1080 2275 1397 2348 ὀφθαλμούς
1417 2293 1518 2348 μου
1543 2276 1637 2347 ἀφ’
1658 2274 1834 2348 ὑμῶν.
1868 2292 1888 2327 ι

306 2364 755 2438 Παρατεινούσης
795 2365 853 2421 δὲ
893 2367 993 2439 τῆς
1030 2365 1350 2438 πολιορκίας
1402 2368 1498 2420 καὶ
1549 2368 1629 2432 είς
1677 2365 1894 2439 ἡμέραν

305 2455 580 2527 ἑϐδόμην,
615 2456 724 2527 ἔφη
753 2456 914 2512 πάλιν
970 2456 1185 2529 Ἰησοῦς
1221 2459 1250 2511 ὁ
1278 2456 1374 2512 τοῦ
1413 2457 1570 2528 Ναυῆ
1615 2459 1728 2522 τοῖς
1756 2459 1896 2524 υίοῖς

319 2548 572 2620 Ἰσραήλο
620 2567 640 2601 ι
690 2547 1011 2621 Κεκράξατε
1058 2550 1197 2621 πρὸς
1245 2550 1484 2622 Κύριονο
1540 2551 1896 2625 παραδέδωκε

304 2637 420 2711 γάρ
449 2640 585 2711 ἡμῖν
611 2639 819 2711 Κύριος
850 2640 950 2714 τὴν
984 2640 1170 2707 πόλιν,
1200 2641 1295 2696 καὶ
1323 2641 1477 2696 ἔσται
1502 2642 1538 2714 ἠ
1573 2643 1731 2707 πόλις
1761 2641 1896 2697 ἀνά-

306 2729 474 2803 θεμα,
503 2729 646 2802 αὕτη
670 2732 766 2787 καὶ
793 2732 975 2787 πάντα
1001 2732 1105 2788 ὅσα
1131 2733 1280 2789 εστὶν
1308 2734 1368 2787 ὲν
1399 2735 1535 2807 αὐτῇ
1552 2775 1567 2798 ,
1597 2734 1675 2807 τῷ
1705 2735 1898 2806 κυρίῳ

304 2821 419 2877 τῶν
442 2822 729 2896 δυνάμεων
747 2821 999 2880 Σαϐαὼθ·
1019 2823 1161 2897 πλὴν
1196 2823 1371 2879 Ῥαάσ
1388 2823 1488 2897 τὴν
1516 2824 1721 2898 πόρνην
1742 2841 1897 2896 περι·

304 2914 557 2971 ποιεῖσθε
600 2913 804 2987 αὐτὴν,
855 2914 950 2971 καὶ
979 2914 1161 2971 πάντα
1197 2915 1299 2972 ὅσα
1341 2916 1492 2971 εστὶν
1536 2918 1598 2972 εν
1632 2913 1711 2989 τῷ
1760 2915 1898 2988 οἴκῳ

305 3009 505 3082 αὐτῆς.
554 3008 697 3064 Ἀλλ’
729 3009 887 3082 ὑμεῖς
918 3009 1230 3082 φυλάξασθε
1257 3010 1369 3067 ἀπὸ
1393 3010 1491 3067 τοῦ
1528 3010 1894 3084 ἀναθέματος,

307 3102 387 3175 μή
415 3116 551 3155 ποτε
596 3100 994 3174 ἐνθυμηθέντες
1028 3103 1188 3175 ὑμεῖς
1223 3102 1382 3159 αὐτοὶ
1404 3102 1608 3176 λάὸητε
1646 3102 1755 3157 ἀπὸ
1795 3103 1892 3158 τοῦ

301 3189 688 3262 ἁναθίματος,
754 3194 851 3247 καὶ
900 3194 1171 3267 ποιήσητε
1217 3193 1319 3266 τὴν
1379 3193 1733 3267 παρεμϐολὴν
1786 3194 1897 3247 τῶν

308 3279 449 3334 υἱῶν
499 3280 721 3353 Ἰσραὴλ
761 3281 1045 3355 ἀνάθεμα,
1094 3284 1191 3338 καὶ⁵
1242 3282 1537 3356 ἐκτρίψητε
1578 3284 1757 3354 ἡμᾶς,
1801 3281 1898 3337 καὶ

302 3373 421 3427 πᾶν
476 3372 743 3447 ἀργύριον
772 3377 868 3430 καὶ
907 3375 1157 3448 χρυσίον,
1188 3377 1284 3432 καὶ
1316 3377 1516 3448 χαλκὸς
1554 3377 1649 3432 καὶ
1679 3377 1899 3449 σίδηρος

305 3464 473 3535 ἅγιον
504 3464 662 3520 ἔσται
700 3465 780 3539 τῷ
828 3467 1049 3540 Κυρίῳ,
1094 3468 1175 3533 είς
1212 3467 1488 3541 θησαυρὸν
1531 3468 1740 3540 Κυρίου
1787 3469 1901 3522 είσ·

304 3555 694 3628 ενεχθήσεται.
735 3576 757 3610 ι
808 3557 988 3629 Ἠφίει
1022 3559 1123 3631 μὶν
1151 3557 1261 3631 γὰρ
1291 3562 1415 3624 ταῖς
1475 3558 1665 3624 ἄλλαις
1692 3559 1900 3632 λαφυρ-

305 3647 592 3718 αγωγίαις
621 3636 896 3720 ὲντρυφᾷν
937 3651 1069 3715 τοὺς
1104 3649 1557 3724 ἀνδριζομένους,
1587 3651 1900 3724 εἰσκομίζει

308 3739 449 3795 σθαι
466 3739 529 3794 δὲ
553 3739 665 3793 δεῖν
687 3741 769 3805 εἰς
793 3740 1064 3814 θησαυρὸν
1088 3742 1322 3815 Κυρίου,
1339 3743 1496 3816 φησι,
1514 3745 1624 3799 πᾶν
1637 3742 1902 3817 ἀργύριον

303 3830 406 3886 καὶ
424 3830 684 3902 χρυσίον,
708 3831 909 3901 χαλκόν
929 3848 985 3886 τε
1012 3832 1108 3887 καὶ
1138 3832 1357 3906 σίδηρον
1376 3848 1390 3862 ·
1418 3833 1576 3888 τοῦτο
1612 3834 1722 3905 γὰρ
1749 3829 1819 3906 ἦν
1841 3833 1904 3888 τὸ

302 3921 551 3994 ιπίκλην
586 3922 866 3995 ἀνάθεμα,
895 3923 1144 3979 τουτέστι
1164 3924 1259 3992 ,τὸ
1283 3924 1628 3998 ἀπονεμηθὲν
1662 3926 1728 3980 ὲκ
1764 3926 1902 3986 πάν-

300 4031 419 4069 των
441 4015 524 4086 (ι)
553 4017 651 4069 καὶ
677 4015 971 4088 ἀφορισθὲν
992 4014 1072 4088 τῷ
1100 4016 1239 4089 Θεῷ.
1280 4016 1644 4080 ’Λλλόύδενδς
1666 4015 1906 4085 ἀξιώσας

303 4106 475 4176 λόγου
510 4105 614 4177 τὴν
647 4106 888 4178 ἐντολὴν,
938 4125 958 4160 ι
1005 4108 1227 4174 Ἔλαϐε,
1258 4109 1454 4180 φησὶν,
1504 4109 1683 4181 Ἀχαρ
1728 4111 1756 4164 ὀ
1789 4109 1907 4175 υίὸς

306 4196 659 4269 Χαμμὶ,υίοῦ
670 4198 1044 4272 Ζαμὸρῆ,υίοῦ
1056 4201 1208 4273 Ζαρᾶ
1222 4201 1395 4273 ἑκτῆς
1409 4202 1581 4272 φυλῆς
1594 4200 1786 4270 Ἰούδα,
1796 4201 1907 4257 ἀπὸ

306 4290 404 4344 τοῦ
433 4288 802 4361 ἁναθέματος.
833 4291 944 4346 Καὶ
970 4290 1225 4364 ἐθυμώθη
1248 4291 1386 4365 ὀργῇ
1412 4291 1617 4365 Κύριος
1636 4294 1750 4356 τοῖς
1767 4291 1903 4357 υἱοῖς

1982 435 2203 490 structi.
2229 434 2510 506 Scriptum
2534 441 2621 489 est
2669 433 2856 488 enim:
2898 432 3228 503 «Ingressus
3268 438 3354 487 cst
3397 429 3558 486 Iesus

1981 525 2131 581 Nave
2157 524 2226 580 ad
2252 524 2588 590 sacerdotes,
2616 531 2672 579 et
2710 524 2929 579 loculus
2952 531 3037 579 est
3061 522 3129 577 ad
3170 538 3286 589 eos,
3332 521 3556 578 dicens:

1984 616 2273 688 Praecipite
2298 616 2504 687 popqu
2547 622 2607 670 ut
2628 615 2951 683 circumeat,
2998 623 3055 672 ct
3095 614 3399 671 circumdet
3421 613 3561 669 civi-

1985 716 2178 773 tatem,
2201 715 2261 763 et
2283 708 2389 762 viri
2413 716 2749 779 pugnatores
2769 716 3155 780 pertranseant
3187 706 3384 763 armati
3434 715 3561 761 anto

1987 799 2279 854 Dominum
2296 788 2373 853 ἐθ.
2396 817 2414 850 ι
2448 798 2670 855 Christo
2709 814 2947 870 namque
2975 815 3075 871 per
3107 799 3420 871 principum
3460 812 3563 853 vo-

1987 904 2107 945 cem
2128 888 2380 961 jubente,
2409 887 2675 945 adversus
2688 889 2877 944 hostes
2908 889 3314 955 contendimus,
3333 888 3566 944 bellum-

1988 994 2097 1050 que
2124 994 2235 1035 non
2258 980 2529 1036 adversus
2553 995 2775 1035 carnem
2797 987 2854 1036 et
2867 979 3189 1050 sanguinem
3209 980 3563 1051 suscipimus,

1990 1070 2091 1128 sed
2117 1070 2384 1129 adversus
2406 1071 2687 1143 principes
2737 1080 2795 1128 et
2829 1078 3154 1143 potestates,
3196 1079 3253 1128 et
3300 1056 3572 1128 adversus

1990 1180 2112 1222 eam
2123 1165 2321 1237 legem,
2337 1181 2456 1237 quae
2471 1166 2525 1221 in
2539 1166 2802 1222 membris
2816 1165 3000 1222 carnis
3014 1164 3346 1221 dominatur.
3363 1167 3431 1199 ⁸¹¹⁶
3442 1167 3567 1223 Eri-

1991 1270 2117 1312 mus
2151 1257 2320 1312 etiam
2342 1264 2475 1312 tunc
2496 1257 2553 1312 in
2578 1266 2877 1328 conspectu
2896 1256 3136 1321 Domini,
3155 1264 3272 1311 tum
3290 1267 3570 1313 armatura

1991 1348 2230 1419 quadam
2274 1349 2536 1405 instructi
2579 1349 2771 1405 divina
2823 1357 2991 1420 atque
3052 1348 3371 1421 spirituali:
3420 1365 3569 1405 arma

1992 1458 2232 1513 namque
2271 1451 2461 1498 nostra
2507 1458 2619 1498 non
2653 1443 2895 1499 carnalia
2937 1450 3085 1508 sunt,
3134 1448 3198 1497 ut
3232 1442 3436 1497 Paulus
3461 1442 3567 1506 ait;

1997 1536 2045 1569 ”
2098 1543 2215 1590 tum
2251 1550 2386 1590 vero
2410 1533 2639 1606 iustitia:
2667 1533 2838 1607 gloria
2863 1533 3124 1605 insignes.
3151 1533 3363 1604 Aspicit
3384 1533 3572 1604 itaque

1994 1625 2146 1682 viros
2168 1626 2236 1682 ad
2260 1624 2612 1697 pugnandum
2634 1624 3013 1696 paratissimos
3036 1625 3183 1680 Deus
3214 1624 3310 1680 ille
3344 1625 3572 1681 univer—

1992 1733 2177 1775 sarum
2206 1733 2393 1775 rerum
2437 1717 2723 1785 Dominus,
2754 1716 3173 1788 splendentibus
3205 1717 3437 1788 justitiae
3478 1732 3573 1772 ar—

1992 1810 2098 1867 mis
2120 1809 2364 1875 indutos,
2416 1809 2582 1881 idque
2624 1818 2709 1866 est
2764 1810 2822 1865 in
2874 1818 3172 1880 conspectu
3213 1808 3421 1866 Christi
3441 1825 3573 1881 per-

1991 1902 2227 1960 transire
2258 1911 2592 1975 pugnatores
2617 1909 2877 1975 armatos.
2898 1901 3201 1958 Honestum
3223 1916 3356 1957 vero
3376 1901 3436 1956 in
3452 1901 3572 1972 pri-

1992 1995 2097 2051 mis
2122 2004 2178 2050 et
2220 1994 2523 2066 optandum
2564 2010 2715 2061 sane,
2775 1967 3173 2065 in‘conSpectu
3198 1993 3294 2049 Dei
3336 2009 3493 2060 esse;
3526 1993 3573 2049 si

1991 2087 2216 2159 quidem
2244 2102 2358 2142 non
2384 2086 2625 2142 absurde
2666 2086 3017 2158 intelligitur,
3063 2086 3237 2142 Deum
3260 2085 3330 2141 iis
3375 2085 3470 2156 qui
3514 2101 3574 2140 se

1992 2179 2348 2245 oﬂ‘enderint,
2381 2179 2526 2235 hanc
2542 2178 2715 2235 veluti
2737 2193 2956 2249 pmnam
2988 2179 3296 2249 imponere,
3324 2187 3388 2235 ut
3420 2195 3480 2235 se
3505 2179 3575 2234 ab

1993 2270 2103 2327 illis
2122 2278 2356 2338 avertat,
2381 2285 2506 2326 cum
2530 2269 2695 2327 dicat:
2733 2288 2751 2323 ι
2777 2269 2881 2327 Ubi
2899 2286 3095 2326 manus
3118 2271 3478 2327 extenderitis
3504 2271 3574 2327 ad

1994 2379 2104 2431 me,
2129 2370 2377 2420 avertam
2401 2363 2593 2420 oculos
2618 2378 2771 2419 meos
2793 2378 2825 2419 a
2871 2362 3031 2419 vobis
3055 2362 3121 2417 “.
3155 2382 3174 2416 ι
3203 2362 3340 2419 Cum
3386 2370 3574 2418 autem

1993 2454 2213 2513 obsidio
2235 2470 2410 2526 usque
2434 2455 2503 2510 ad
2519 2454 2665 2511 diem
2689 2454 2983 2527 septimum
3007 2453 3271 2525 perducta
3295 2462 3462 2519 esset,
3486 2452 3574 2508 di-

1992 2546 2074 2601 xit
2095 2546 2297 2602 iterum
2346 2545 2506 2602 Iesus
2530 2545 2679 2601 Nave
2717 2544 2846 2600 ﬂliis
2889 2544 3095 2601 Israel:
3143 2564 3161 2597 ι
3186 2544 3582 2601 Vociferamin-

1995 2635 2064 2692 ad
2091 2637 2386 2692 Dominum
2421 2654 2435 2690 :
2467 2636 2695 2694 tradidit
2719 2636 2866 2693 enim
2900 2636 3060 2692 nobis
3094 2636 3359 2693 Dominus
3383 2637 3577 2693 civita-

1998 2738 2137 2795 tem;
2162 2736 2219 2783 et
2240 2729 2349 2784 erit
2371 2728 2564 2785 civitas
2586 2727 2901 2794 anathema,
2937 2729 3075 2800 ipsa,
3116 2737 3175 2785 et
3213 2729 3399 2785 omnia
3454 2745 3578 2801 qum

1995 2830 2124 2878 sunt
2151 2821 2208 2877 in
2238 2821 2400 2895 ιω
2423 2837 2509 2888 ea,
2540 2822 2770 2878 Domino
2790 2821 2905 2877 Deo
2927 2822 3269 2879 exercituum
3310 2821 3574 2879 Sabaoth.

1996 2914 2389 2971 Verumtamen
2429 2914 2583 2972 Raab
2624 2915 2975 2973 meretricem
3019 2926 3233 2973 servate
3276 2915 3472 2988 ipsam,
3521 2924 3581 2974 et

1998 3008 2183 3065 omnia
2216 3024 2338 3080 quae
2362 3017 2491 3064 sunt
2512 3007 2570 3064 in
2602 3008 2771 3065 domo
2805 3009 2945 3082 ejus.
2976 3008 3085 3067 Sed
3128 3024 3229 3067 vos
3262 3018 3457 3066 cavete
3506 3008 3578 3066 ab

2000 3103 2365 3168 anathemate,
2393 3116 2464 3158 ne
2489 3102 2632 3159 forte
2660 3118 2777 3161 .vos
2821 3103 2923 3174 ipsi
2963 3103 3266 3175 cogitantes
3296 3103 3581 3176 accipiatis

2000 3194 2070 3250 ab
2105 3194 2478 3260 anathemate,
2530 3201 2587 3250 et
2639 3193 2854 3250 faciatis
2899 3202 3085 3251 castra
3128 3194 3366 3251 ﬁliorum
3411 3195 3577 3252 Israel

1999 3285 2312 3351 anathema,
2352 3293 2409 3340 et
2452 3286 2751 3342 conteratis
2782 3285 2915 3353 nos;
2950 3294 3009 3341 et
3030 3301 3194 3343 omne
3213 3292 3498 3358 argentum
3523 3295 3582 3343 et

2000 3392 2220 3443 aurum,
2267 3386 2325 3433 et
2367 3391 2442 3433 ms
2483 3383 2540 3433 et
2567 3375 2775 3433 ferrum
2802 3384 3052 3434 sanctum
3078 3377 3187 3434 erit
3224 3376 3493 3432 Domino:
3524 3377 3581 3432 in

2002 3471 2292 3527 thesauros
2312 3469 2410 3526 Dei
2441 3467 2710 3526 inferetur
2731 3470 2799 3527 “.
2828 3489 2847 3523 ι
2885 3467 3141 3526 Permisit
3175 3467 3326 3526 enim
3346 3468 3583 3527 fortibus

2000 3563 2138 3619 viris
2181 3571 2243 3618 ut
2264 3561 2477 3635 reliqua
2496 3561 2678 3635 praeda
2707 3561 3059 3630 fruerentur;
3093 3563 3189 3620 sed
3210 3561 3406 3619 inferri
3421 3578 3584 3635 opor-

2004 3661 2120 3710 tere
2143 3652 2283 3709 dixit
2306 3654 2364 3710 in
2395 3653 2687 3710 thesauros
2713 3652 2931 3711 Domini
2960 3661 3250 3726 argentum
3297 3668 3483 3719 omne,
3527 3664 3585 3710 et

2002 3761 2221 3811 aurum,
2246 3761 2321 3802 res
2343 3761 2562 3817 quoque
2588 3761 2654 3801 ac
2694 3745 2935 3803 ferrum:
2961 3745 3070 3802 hoc
3102 3744 3250 3801 enim
3293 3753 3414 3803 erat
3446 3745 3584 3801 illud

2002 3838 2151 3910 quod
2174 3838 2481 3910 appellatur
2501 3832 2815 3904 anathema,
2842 3839 2898 3894 id
2922 3846 3029 3904 est,
3058 3838 3207 3910 quod
3235 3852 3301 3892 ex
3325 3837 3584 3893 omnibus

2004 3930 2374 3996 tribuebatur,
2400 3940 2458 3986 et
2482 3932 2596 3987 Deo
2641 3932 3051 4004 segregabatur.
3103 3926 3376 3985 αξιοι-σω
3392 3969 3406 3994 ,
3432 3929 3585 3985 nulla

2005 4020 2264 4095 prazcepti
2294 4023 2504 4077 ratione
2525 4020 2742 4077 habita:
2774 4041 2792 4073 ‹
2818 4019 3115 4091 Accepit,»
3138 4017 3337 4091 inquit,
3377 4018 3586 4076 «Achar

2007 4113 2154 4171 illius
2167 4114 2413 4179 Charmi,
2441 4112 2536 4169 lilii
2560 4111 2805 4178 Zambri,
2835 4113 2930 4168 lilii
2956 4109 3117 4179 Zara,
3145 4129 3216 4171 ex
3238 4111 3388 4170 tribu
3412 4112 3582 4178 Juda,

2007 4224 2075 4264 ex
2103 4206 2483 4263 anathemate:
2511 4212 2568 4264 et
2584 4206 2759 4261 iratus
2783 4213 2867 4261 est
2890 4204 3078 4262 furore
3092 4204 3360 4263 Dominus
3382 4205 3585 4262 adver-

2010 4311 2106 4351 sus
2126 4294 2268 4351 ﬁlios
2288 4294 2454 4351 Israel
2470 4295 2537 4349 ⁸³.
2569 4315 2587 4347 ι
2609 4291 2837 4365 Oportet
2865 4294 3034 4361 enim,
3065 4306 3124 4351 ut
3148 4305 3303 4366 puto,
3327 4297 3422 4368 qui
3448 4312 3585 4354 con-

319 4379 583 4454 Ἰσραήλ.
627 4400 647 4434 ι
687 4380 904 4455 Χρῆναι
950 4382 1060 4454 γὰρ
1105 4378 1261 4455 οἶμαι
1291 4386 1420 4449 τοὺς
1449 4385 1570 4449 ταῖς
1611 4384 1896 4456 κοσμικαῖς

2012 4398 2093 4445 tra
2154 4388 2339 4444 saeculi
2383 4388 2697 4461 voluptates
2728 4395 2787 4444 et
2838 4385 3006 4461 hujus
3030 4385 3157 4445 vitae
3200 4386 3586 4463 distractiones

306 4473 533 4546 ἡδοναῖς
564 4471 797 4538 καὶτοῖς
842 4474 900 4527 ὲν
942 4475 1078 4547 τῷδε
1125 4475 1207 4544 τῷ
1254 4475 1355 4548 βίῳ
1394 4493 1462 4531 πε
1468 4480 1799 4551 ρισπασμοῖς
1841 4476 1904 4531 τὸ

307 4562 576 4628 εὐσθενὲς
626 4565 686 4617 ὲν
711 4565 950 4640 ,Χριστῷ
1007 4566 1418 4639 παρεξάγοντας
1468 4566 1759 4642 φρόνημα,
1809 4568 1904 4624 καὶ

308 4654 399 4709 διὰ
430 4653 552 4709 τῶν
581 4653 683 4727 τῆς
722 4655 1072 4730 δικαιοσύνης
1114 4659 1298 4714 ὃπλων
1344 4659 1651 4734 εὐδοκιμεῖν
1692 4662 1905 4735 ᾑρημέ-

310 4765 469 4814 νους,
493 4747 554 4801 ἒν
588 4748 878 4820 ἐπισκέψει
901 4767 959 4805 τε
983 4751 1087 4822 ἤδη
1115 4752 1411 4821 γεγονότας
1442 4752 1705 4827 Χριστοῦ,
1738 4753 1903 4826 μηδε-

310 4839 409 4903 ab;
457 4836 716 4908 ἀφίεσθαι
762 4838 873 4893 τῶν
923 4841 982 4895 εν
1032 4842 1224 4915 κόσμῳ
1266 4841 1772 4916 τεθαυμασμένων,
1827 4844 1902 4915 μὴ

317 4930 687 5003 alumnati:
709 4931 899 5003 δόξης.
933 4934 1010 5006 μὴ
1042 4933 1398 5002 δυναστείας.
1424 4934 1460 5007 ἢ
1495 4934 1799 5007 ὑπεροχῆς,
1828 4936 1904 5007 μὴ

317 5023 432 5078 τῶν
463 5025 534 5078 ὲκ
565 5021 671 5094 τῆς
711 5022 903 5093 σοφίας
944 5025 1263 5097 Ἑλληνικῆς
1315 5025 1548 5080 ἀνοσίων
1594 5023 1902 5098 δογμάτων.

320 5109 450 5171 Εἶεν
489 5112 691 5178 δ⁹.ἃν,
742 5115 825 5179 είς
873 5113 1044 5170 τύπον
1091 5115 1476 5189 λαμπρότητος
1548 5116 1648 5189 μὲν
1697 5115 1797 5187 τῆς
1852 5117 1912 5168 ὲν

315 5206 607 5279 ἀξιώμασι
633 5208 728 5262 καὶ¹
774 5208 1104 5281 ὑπεροχαῖς,
1130 5209 1194 5264 τδ
1219 5206 1480 5282 ἀργύριον
1499 5226 1515 5240 ·
1545 5208 1775 5282 λαμπρὰ
1803 5208 1912 5282 γὰρ

318 5301 361 5369 ἡ
412 5297 535 5371 ὓλη’
574 5298 807 5354 πλούτου
851 5300 940 5363 δὲ,
972 5303 1002 5354 ὀ
1042 5301 1263 5372 χρυσός.
1310 5300 1386 5356 Τὸ
1416 5300 1474 5355 δὲ
1519 5301 1620 5372 τῆς
1661 5299 1911 5371 γλώττης

315 5389 527 5462 εεηχες
581 5391 694 5443 τῶν
736 5392 797 5444 ὲν
854 5391 1049 5463 κόσμῳ
1115 5392 1326 5462 σοφῶν,
1380 5393 1817 5465 κατασημήνειεν
1881 5394 1911 5446 ό

2012 4481 2230 4537 ﬁrmum
2268 4479 2324 4536 in
2351 4479 2576 4537 Christo
2595 4479 2839 4539 animum
2870 4480 3250 4561 opposuerim,
3276 4498 3343 4539 ac
3364 4481 3586 4540 Iaudem

2011 4590 2112 4645 per
2148 4588 2299 4630 arma
2318 4572 2546 4646 iustitiae
2566 4573 2798 4651 adipisci
2828 4574 3200 4637 decreverint,
3250 4572 3457 4646 quique
3472 4573 3587 4645 jam

2014 4661 2068 4716 in
2093 4670 2448 4732 conspectum
2472 4661 2678 4720 Christi
2700 4659 2972 4730 venerint,
3008 4679 3104 4720 eos
3123 4661 3258 4723 nihil
3289 4677 3358 4720 ex
3396 4661 3587 4738 iisex-

2014 4761 2199 4823 petere
2224 4767 2348 4824 quae
2370 4751 2427 4808 in
2448 4752 2557 4809 hoc
2580 4753 2789 4811 mundo
2810 4750 3153 4811 admirabilia
3175 4742 3454 4818 videntur,
3475 4768 3589 4811 non

2010 4854 2164 4914 opes,
2189 4857 2301 4899 non
2330 4842 2581 4915 gloriam,
2604 4860 2717 4902 non
2738 4845 3063 4918 potentiam,
3111 4853 3208 4901 aut
3238 4852 3588 4919 prastantem

2010 4932 2263 5005 gradum.
2288 4949 2402 4991 non
2435 4934 2604 5010 impia
2626 4949 2694 4994 ex
2709 4936 2900 5011 gentili
2917 4937 3194 5012 sapientia
3219 4937 3493 5009 dogmata.
3520 4936 3591 4993 Et

2014 5024 2164 5085 illius
2189 5027 2412 5101 quidem
2458 5027 2781 5102 splendoris
2805 5029 2901 5101 qui
2942 5029 3002 5087 in
3039 5026 3366 5102 dignitatum
3405 5027 3591 5100 gradi-

2009 5119 2184 5176 buset
2206 5120 2569 5193 amplitudine
2594 5120 2900 5194 spectatur,
2920 5121 3095 5203 ﬁgura
3118 5138 3230 5179 non
3259 5121 3444 5191 inepta
3469 5119 3590 5174 fue-
3636 5142 3653 5154 ο

2012 5212 2086 5269 rit
2110 5222 2433 5285 argentum;
2467 5214 2816 5287 splendidum
2838 5221 2923 5272 est
2945 5210 3095 5271 enim
3136 5215 3243 5271 hoc
3263 5209 3471 5290 metalli
3495 5222 3591 5278 ἔθ’

2012 5317 2148 5370 nus;
2191 5320 2357 5377 opum
2414 5322 2568 5372 vero,
2602 5322 2821 5364 aurum.
2867 5307 3024 5364 Illum
3057 5322 3225 5379 porro
3251 5286 3455 5371 linguas
3499 5315 3590 5351 so-

2010 5409 2164 5462 num,
2189 5411 2301 5469 quo
2325 5396 2516 5456 mundi
2550 5398 2828 5471 sapientes
2873 5408 3139 5479 utuntur,
3158 5386 3471 5471 signiﬁcare
3495 5404 3593 5461 po-

316 5574 379 5609 ⁸³
404 5575 517 5632 los.
550 5593 627 5641 vr,
649 5579 713 5643 7;
739 5578 940 5648 Ephcs.
981 5595 1057 5641 vt,
1086 5578 1166 5633 1‘2.
1205 5575 1272 5610 "‘
1303 5580 1464 5635 Rom.
1499 5597 1591 5645 vn,
1615 5579 1704 5635 ‘23.
1743 5581 1786 5613 ’θ
1811 5577 1856 5637 Il
1884 5578 2012 5635 Cor.
2043 5594 2095 5643 κ,
2126 5576 2175 5633 εί.
2216 5578 2260 5610 ⁸⁸
2290 5579 2389 5634 Isa.
2410 5594 2449 5645 ι,
2484 5578 2570 5633 IS.
2607 5580 2646 5611 "
2678 5578 2793 5636 Jos.
2825 5579 2972 5642 v1.16
3019 5595 3176 5651 seqq.
3212 5576 3389 5643 “los.
3423 5575 3591 5645 ruﬁ.

406 5669 480 5741 (I)
512 5668 607 5725 Sic
634 5669 758 5724 cod.
798 5670 973 5725 Vatis.
1001 5670 1186 5732 Codex
1217 5669 1393 5733 Sileti,
1425 5672 1665 5743 ἑκάστῳ.

615 5760 889 5825 I‘A'rnoc.
939 5764 1055 5825 Gn.
1104 5765 1340 5827 LXVIII

3084 5760 3152 5823 12
