3954 6200
416 255 521 309 565

1393 246 1454 299 S.
1497 243 1774 299 CYRlLLl
1813 241 2284 298 ALEXANDRINI
2323 243 2645 302 ARCHIEP.

3560 251 3662 308 561

419 369 549 425 terit
585 382 694 432 ms;
719 368 865 422 vires
885 364 1141 434 denique,
1183 372 1349 434 atque
1374 364 1706 433 potentiam,
1751 362 1982 428 ferrum,

2093 363 2317 434 χαλκός’
2359 369 2512 437 ίσχὺν
2544 365 2602 419 δὲ
2650 367 2745 422 καὶ
2783 367 3132 434 δυναστείαν,
3161 369 3394 442 σκληρὸς
3419 369 3495 423 ὣν
3525 371 3666 440 ἄγαν

418 460 566 533 quod
587 469 643 514 et
662 459 862 514 durum
887 457 1178 512 admodum
1208 457 1301 522 sit,
1336 463 1538 512 etcum
1565 457 1812 511 omnium
1857 471 1983 511 cor-

421 571 616 627 porum
639 552 865 608 materia
886 565 1170 622 pugnans:
1199 563 1321 618 qua:
1363 548 1408 604 si
1456 549 1581 620 quis
1605 549 1835 619 adipisci
1885 563 1983 602 vo-

385 649 601 713 .luerit,
628 645 876 716 quamvis
915 645 1005 698 ille
1031 643 1309 714 pramipuo
1343 642 1414 696 sit
1439 641 1587 712 apud
1627 643 1798 697 Deum
1843 643 1982 707 loco,

417 750 470 794 et
502 740 647 793 inter
664 737 956 791 bellatores
978 741 1319 797 numeretur,
1335 731 1607 802 spirituali
1632 748 1850 802 quoque
1871 736 1987 786 ani-

419 829 489 881 mi
516 826 890 899 magnitudine
916 825 988 879 sil.
1016 823 1267 894 insignis,
1295 824 1341 878 is
1391 823 1584 894 procul
1625 823 1794 878 dubio
1813 825 1985 880 Deum

415 920 678 985 offendit;
713 933 947 988 cumque
979 931 1106 970 eum
1149 915 1352 970 furtiva
1387 915 1762 971 subtractione
1803 917 1981 972 offen-

415 1013 546 1067 dere
574 1013 631 1066 in
663 1011 907 1066 animum
961 1007 1258 1072 induxerit,
1281 1007 1383 1076 qui
1414 1015 1470 1061 et
1499 1005 1554 1060 in
1589 1007 1758 1062 armis
1801 1023 1988 1063 comes

412 1123 478 1161 ac
499 1106 680 1161 socius
712 1111 853 1168 erat,
879 1111 935 1157 et
973 1102 1288 1166 auxiliator,
1326 1098 1684 1169 consequenti
1729 1099 1986 1154 vindicta:

411 1195 738 1266 subjaoebit.

481 1287 678 1341 PALL.
729 1286 896 1340 Recte
919 1284 1017 1339 ais.
1072 1282 1355 1339 Assentior
1377 1284 1526 1339 enim
1568 1283 1686 1338 tibi.
1714 1283 1986 1340 Caeterum

412 1385 546 1440 illud
573 1384 708 1439 mihi
735 1384 976 1453 explices
1014 1383 1200 1446 velim,
1254 1397 1552 1452 parumper
1595 1397 1625 1436 a
1663 1397 1720 1436 re
1745 1388 1896 1452 gesta
1931 1387 1990 1435 et

412 1477 642 1532 historia
664 1475 960 1531 deﬂectens
986 1475 1314 1539 orationem,
1343 1489 1442 1528 cur
1465 1475 1576 1529 Deo
1599 1480 1908 1544 argentum,
1934 1479 1990 1526 et

411 1583 631 1631 aurum,
653 1583 731 1622 aes
754 1567 884 1621 item
908 1581 972 1621 ac
1007 1565 1216 1620 ferrum
1241 1565 1311 1620 sit
1336 1571 1735 1630 consecratum,
1785 1579 1849 1619 ac
1879 1578 1989 1617 non

412 1658 598 1730 potius
641 1673 706 1712 ea
748 1657 836 1712 vel
861 1661 1122 1726 tanq’uam
1178 1654 1392 1710 inutilia
1440 1653 1691 1718 fortasse,
1739 1653 1824 1708 vel
1868 1660 1988 1705 tan-

413 1712 576 1816 quam
602 1745 870 1815 ejusmodi
918 1712 1039 1814 quae
1061 1745 1312 1814 polluere
1345 1751 1588 1814 possent,
1615 1758 1645 1797 e
1669 1742 1863 1797 castris
1885 1742 1985 1797 ab-
2017 1712 2062 1769 Β

408 1840 553 1909 jecta
582 1837 725 1892 sint:
755 1852 881 1890 nam
900 1835 1203 1906 spiritualis
1227 1833 1708 1904 contemplationis
1753 1832 1988 1889 facultas

412 1928 779 1985 abominanda
809 1927 976 1984 fuisse
1003 1927 1418 1982 demonstravit.

488 2021 644 2092 145
675 2019 831 2074 (ῙΥΠ-
871 2017 1009 2084 QUia
1050 2018 1309 2088 splndor
1355 2019 1554 2085 omnis,
1602 2019 1846 2084 Palladi,
1897 2035 1985 2076 sa-

414 2111 750 2182 pientiaque,
779 2118 834 2162 et
867 2123 1018 2178 opes,
1042 2116 1205 2178 atque
1221 2109 1387 2162 etiam
1411 2109 1556 2163 vires
1600 2109 1989 2164 convenienter

413 2203 642 2272 acjuste
679 2200 789 2255 Deo
816 2200 1169 2266 tribuuntur;
1197 2200 1345 2256 illius
1367 2201 1514 2254 enim
1564 2207 1648 2256 est
1691 2201 1882 2271 gloria,
1933 2211 1990 2258 et

418 2294 677 2366 splendor
715 2294 913 2359 omnis,
939 2302 995 2348 et
1020 2309 1172 2364 opes,
1200 2303 1255 2348 et
1276 2293 1563 2364 sapientia,
1614 2301 1671 2348 et
1719 2295 1984 2365 potentia.

410 2388 686 2443 Caeterum
719 2386 968 2456 quisquis
994 2387 1061 2441 ab
1089 2387 1182 2442 illo
1207 2388 1500 2456 acceperit,
1527 2397 1581 2442 et
1599 2403 1666 2442 ex
1691 2388 1838 2443 illius
1870 2391 1992 2445 the-

414 2496 577 2536 sauro
598 2480 804 2533 ditatus
825 2478 1054 2542 divitiis,
1080 2479 1339 2533 videlicet
1364 2479 1830 2536 intellectualibus
1868 2481 1988 2536 fue-

414 2573 505 2635 rit,
530 2572 870 2642 gloriamque
916 2569 1314 2638 etsapientiam
1340 2587 1404 2625 ac
1440 2572 1743 2641 potentiam
1778 2573 1987 2628 habue-

413 2665 487 2718 rit
537 2662 898 2732 spiritualem,
938 2662 1029 2716 ille
1070 2677 1202 2716 vero
1232 2665 1563 2733 conspicuus
1587 2665 1695 2719 erit
1731 2681 1794 2720 ac
1825 2666 1984 2734 felix;

415 2756 500 2810 sin
525 2757 641 2808 lucc
666 2753 856 2808 eadem
869 2770 900 2807 a
924 2753 1128 2808 mundo
1147 2754 1396 2824 accipere
1410 2757 1986 2823 maluerit,exsecran-

411 2847 517 2901 dus
540 2846 666 2909 erit,
695 2853 750 2898 et
774 2845 982 2899 invisus
1027 2846 1140 2900 Deo
1163 2845 1383 2901 virtutis
1405 2848 1658 2911 amatori,
1685 2865 1748 2904 ac
1777 2850 1988 2920 judicio

412 2949 696 3008 pmnaeque
720 2933 1011 2989 obnoxius.
1059 2933 1296 2990 Omnino
1327 2936 1475 2990 enim
1520 2935 1743 2992 divitias
1795 2953 1988 2993 conse-

413 3027 604 3096 quitur
624 3024 906 3094 voluptas;
933 3024 1211 3095 splendori
1238 3034 1421 3080 autcm
1453 3036 1616 3096 atque
1633 3028 1986 3098 amplitudini
2014 3051 2059 3112 ο

412 3118 589 3171 vicina
621 3127 703 3173 est
726 3118 990 3173 continuo
1008 3118 1300 3187 superbia:
1330 3121 1589 3188 potentiae
1617 3137 1749 3177 vero
1783 3122 1984 3193 adjun-

412 3217 500 3264 cta
535 3209 835 3280 iniquitas;
868 3209 1153 3280 sapientia:
1177 3210 1465 3266 mundana:
1489 3212 1724 3283 denique
1764 3230 1988 3284 perver-

413 3299 549 3355 sitas
597 3300 954 3371 dogmatum,
1007 3301 1258 3371 quamvis
1309 3317 1499 3358 eorum
1545 3305 1640 3374 qui
1697 3305 1789 3360 illa
1846 3308 1983 3362 scri-

410 3400 642 3463 pserunt
686 3391 871 3462 lingua
895 3391 1138 3469 suaviter
1167 3402 1344 3448 sonet.
1364 3394 1689 3466 llujusmodi
1725 3398 1986 3468 quiddam

412 3487 614 3542 Paulus
645 3486 754 3542 ait:
799 3507 817 3538 (
844 3487 901 3542 Si
941 3488 1065 3558 quis
1095 3498 1180 3543 est
1223 3490 1280 3544 in
1301 3491 1458 3546 vobis
1492 3492 1732 3562 sapiens,
1785 3494 1987 3550 stultus

413 3578 530 3643 fiat,
555 3589 618 3633 ut
659 3578 731 3632 sit
771 3578 1019 3647 sapiens:
1082 3579 1349 3648 sapientia
1395 3583 1542 3636 enim
1582 3582 1746 3652 hujus
1794 3584 1985 3639 mundi

415 3668 650 3724 stultitia
689 3676 773 3721 est
801 3667 947 3736 apud
1032 3668 1204 3728 Deum
1235 3670 1297 3722 ⁸³.
1323 3690 1340 3720 ι
1373 3671 1553 3725 Achar
1623 3673 1809 3744 igitur,
1861 3689 1986 3728 cum

415 3760 531 3814 haec
555 3773 664 3812 non
693 3773 723 3811 e
751 3756 954 3811 Christi
979 3759 1367 3826 tbesauro,sed
1419 3763 1571 3817 velut
1599 3779 1629 3818 e
1664 3765 1890 3832 mundo,
1919 3781 1988 3822 ex

416 3851 532 3920 ipsa
568 3849 944 3903 urbeJericbo
996 3849 1317 3920 accepisset,
1363 3852 1594 3914 offendit
1637 3855 1829 3910 Deum.
1881 3857 1987 3914 Sed

416 3957 539 4011 qua:
567 3941 693 3995 inde
719 3956 785 3994 ex
814 3941 892 3995 ira
918 3941 1013 3996 Dei
1041 3953 1334 3998 consecuta
1385 3954 1530 4011 sunt,
1584 3963 1694 4002 non
1742 3949 1812 4003 ad
1859 3965 1986 4005 eum

415 4035 590 4087 solum
644 4033 1056 4102 pertinuerunt,
1115 4034 1209 4104 qui
1293 4052 1359 4090 eo
1413 4037 1647 4093 crimine
1695 4039 1986 4098 damnatus

411 4134 560 4189 erat,
589 4125 684 4179 sed
709 4134 878 4179 totam
925 4141 1250 4197 synagogam
1283 4127 1593 4185 amiserunt
1631 4149 1643 4183 :
1699 4131 1790 4187 ille
1839 4134 1986 4188 enim
2036 4113 2054 4132 ’

413 4214 689 4283 quondam
717 4213 958 4270 invictus
1000 4217 1236 4287 populus
1273 4219 1465 4284 Israel,
1494 4236 1690 4291 expers
1743 4224 1986 4293 prmsidii

413 4305 638 4374 superni
666 4305 864 4370 factus,
900 4306 1150 4363 infirmus
1174 4317 1229 4364 ct
1259 4310 1494 4366 imbellis
1542 4313 1662 4368 fuit.

2085 455 2114 507 ό
2144 456 2391 528 σίδηρος,
2421 459 2517 512 καὶ
2558 461 2625 531 τῇ
2671 458 2773 532 ὕλῃ
2815 461 2964 532 πάσῃ
3008 461 3336 533 μαχόμενος.
3371 455 3473 517 Ὧν
3505 462 3665 535 εῖπερ

2084 565 2170 613 τις
2217 548 2393 604 ἕλοιτο
2445 551 2802 623 μεταλαχεῖν,
2835 552 3025 607 καίτοι
3088 553 3188 624 τὴν
3233 553 3464 624 ἀρίστην
3508 553 3666 621 τάξιν

2087 637 2224 708 ἔχων
2249 640 2402 712 παρὰ
2421 640 2560 711 Θεῷ,
2582 642 2676 696 καὶ
2703 642 3181 714 ἀναμετρούμενος
3202 645 3258 696 ὲν
3279 642 3658 713 πολεμισταῖς,

2085 733 2182 784 καὶ
2235 732 2338 803 μὴν
2380 733 2476 787 καὶ
2523 736 2923 804 πνευματικαῖς
2967 734 3248 804 εὑψυχίαις
3291 735 3532 804 γεγονὼς
3572 737 3664 788 ὲκο

2086 823 2326 894 πρεπὴς,
2358 825 2726 896 προσκρούσει
2769 826 2920 897 Θεῷ,
2953 827 3047 882 καὶ
3078 827 3354 898 κιϐδήλοις
3381 845 3662 899 παρατρο-

2088 917 2217 976 παῖς
2273 915 2607 970 καταλυπεῖν
2664 917 2940 989 ᾑρημένος
2987 919 3078 972 τὸν
3141 919 3400 974 σύνοπλόν
3445 937 3507 973 τε
3574 922 3665 973 καὶ

2088 1007 2323 1079 ἀρωγὸν,
2350 1010 2468 1074 ταῖς
2499 1009 2750 1065 ἐντεῦθεν
2781 1010 2973 1082 ὀργαῖς
2996 1011 3367 1065 ὑποκείσεται.

2158 1289 2371 1345 ΠΔΛΛ.
2419 1282 2495 1342 Εῦ
2545 1285 2709 1358 ἔφης.
2762 1285 3148 1356 Συναινέσαιμι
3192 1283 3302 1356 γὰρ
3353 1284 3437 1340 ἄν.
3497 1285 3662 1355 Πλὴν,

2089 1378 2265 1432 ἐκεῖνό
2307 1395 2397 1450 μοι
2445 1378 2689 1448 φράσον,
2725 1377 2898 1448 βραχὺ
2942 1376 3036 1430 τοῦ
3085 1376 3408 1446 πράγματος
3441 1377 3535 1430 καὶ⁵
3567 1377 3687 1446 τῆς·

2092 1469 2334 1542 ἱστορίας
2395 1469 2740 1540 ἀποκομίσας
2789 1468 2881 1522 τὸν
2942 1468 3134 1537 λόγον’
3181 1467 3321 1521 διατί
3367 1467 3559 1538 Κυρίῳ
3605 1467 3668 1521 τὸ

2089 1559 2353 1631 ἀργύριον
2385 1559 2481 1612 καὶ
2511 1559 2570 1613 τὸ
2607 1559 2862 1630 χρυσίον,
2893 1559 2988 1613 καὶ
3014 1559 3042 1610 ό
3076 1557 3273 1627 χαλκὸς
3300 1558 3395 1611 καὶ
3426 1559 3664 1630 σίδηρος,

2092 1650 2188 1704 καὶ
2212 1652 2334 1721 οὑχὶ
2385 1651 2449 1722 δὴ
2507 1651 2741 1723 μᾶλλον,
2794 1651 2827 1722 ἢ
2869 1651 2944 1714 ὡς
2995 1649 3246 1721 ἄχρηστα
3288 1649 3546 1721 τυχὸν,ῆ
3590 1650 3668 1714 ὡς

2092 1741 2488 1814 καταμολὺνειν
2522 1742 2729 1808 είδότα,
2765 1742 2868 1813 τῆς
2916 1741 3269 1813 παρεμϐολῆς
3308 1741 3662 1810 ἐξεπέμπετο·

2094 1834 2316 1906 μυσαρὰ
2342 1835 2450 1905 γὰρ
2482 1834 2711 1906 δέδειχεν
2745 1834 2882 1888 αὑτὰ
2913 1833 3012 1904 τῆς
3036 1834 3412 1905 πνευματικῆς
3433 1834 3665 1905 θεωρίας

2090 1927 2125 1996 ὴ
2154 1925 2401 1998 δύναμις.

2163 2019 2328 2073 ΚΥΡ.
2363 2019 2509 2085 Ὅτι,
2549 2012 2594 2073 ὦ
2634 2017 2922 2085 Παλλάδιε,
2959 2017 3280 2088 λαμπρότης
3330 2017 3428 2088 μὶν
3459 2018 3664 2078 ἅπασα.

2093 2111 2256 2180 σοφία
2275 2125 2334 2162 τε
2370 2109 2464 2164 καὶ
2494 2108 2741 2173 πλοῦτος,
2766 2109 2861 2161 καὶ
2894 2107 2999 2178 μὴν
3029 2108 3123 2160 καὶ
3153 2108 3327 2177 ἰσχὺς,
3347 2109 3666 2178 πρεπόντως

2090 2219 2152 2254 τε
2203 2201 2298 2255 καὶ
2344 2201 2506 2264 ὁσίως
2549 2201 2896 2254 ἀνακείσεται
2944 2199 3022 2270 τῷ
3072 2199 3212 2270 Θεῷ.
3259 2199 3435 2252 Αὑτοῦ
3482 2199 3593 2270 γὰρ
3632 2201 3665 2266 ή

2091 2293 2218 2358 δόξα
2251 2293 2346 2346 καὶ
2381 2295 2414 2364 ἠ
2447 2295 2595 2346 πᾶσα
2625 2292 2976 2365 λαμπρότης,
3021 2291 3252 2355 πλοῦτός
3285 2308 3343 2344 τε
3372 2293 3466 2345 καὶ
3488 2293 3666 2360 σοφία.

2092 2385 2186 2438 καὶ
2219 2383 2469 2455 δύναμις.
2517 2385 2656 2436 Ἀλλ’
2685 2387 2733 2437 εί
2765 2386 2862 2454 μέν
2889 2402 2973 2448 τις
2999 2385 3171 2438 ἕλοιτο
3209 2387 3338 2457 παρ’
3369 2384 3554 2449 αὑτοῦ,
3578 2387 3669 2438 καὶ

2091 2476 2199 2530 ἀπὸ
2233 2477 2508 2547 Θησαυροῦ
2551 2477 2755 2548 Κυρίου
2792 2476 3150 2540 πλουτίξοιτο,
3177 2477 3402 2530 πλοῦτον
3429 2477 3669 2550 δηλονότι

2090 2567 2182 2619 τὸν
2231 2567 2442 2636 νοητὸν,
2487 2566 2647 2631 δόξαν
2691 2583 2749 2618 τε
2794 2568 2889 2619 καὶ⁹
2933 2567 3169 2632 σύνεσιν,
3223 2567 3318 2621 καὶ
3356 2569 3508 2638 ἰσχὺν
3557 2568 3668 2638 ἔχει

2092 2658 2489 2728 πνευματικὴν,
2515 2658 2811 2730 περίοπτος
2840 2658 2994 2712 ἔσται
3027 2659 3123 2712 καλ⁵
3146 2659 3406 2727 ζηλωτός.
3440 2659 3504 2713 Εἰ
3523 2659 3580 2711 δὲ
3607 2660 3669 2730 δὴ

2093 2750 2334 2820 βούλοιτο
2375 2753 2534 2804 ταυτὶ
2566 2752 2716 2821 παρὰ
2747 2750 2842 2804 τοῦ
2890 2751 3096 2821 κόσμου
3143 2750 3363 2824 λαϐεῖν,
3419 2749 3670 2822 βδελυρὸς

2091 2841 2242 2898 ἔσται
2276 2843 2370 2896 καὶ
2401 2843 2790 2914 ἀπηχθημένος
2833 2845 2984 2914 παρά
3014 2861 3077 2913 γε
3108 2844 3186 2914 τῷ
3224 2844 3497 2916 φιλαρέτῳ
3529 2845 3671 2914 Θεῷ,

2091 2936 2185 2989 καὶ
2212 2937 2317 2988 ὑπὸ
2345 2937 2704 3007 κρίσινέσται
2732 2938 2824 2990 καὶ
2845 2937 3026 3009 δίκην.
3061 2938 3285 3007 "Edam:
3314 2939 3422 3008 γὰρ
3452 2939 3674 3000 πάντως

2090 3029 2167 3100 τῷ
2222 3029 2328 3100 μὲν
2378 3029 2592 3101 πλούτῳ
2634 3031 2695 3083 τὸ
2745 3030 3046 3102 φιλήδονον,
3095 3031 3438 3103 λαμπρότητι
3479 3031 3535 3084 δὲ
3579 3032 3672 3084 και

2094 3123 2388 3193 ὑπεροχαῖς
2419 3123 2612 3192 γείτων
2649 3123 2812 3186 εὐθὺς
2840 3125 2873 3194 ή
2905 3123 3176 3196 ὑπεροψία
3195 3139 3210 3154 ο
3241 3123 3582 3186 δυναστείαις
3609 3140 3673 3190 γε

2083 3213 2204 3285 μὴν
2237 3215 2643 3286 παραπέπηγεν
2670 3216 2703 3285 ἡ
2747 3215 3062 3282 πλεονεξία·
3090 3215 3252 3287 σοφίᾳ
3293 3215 3350 3269 δὲ
3387 3217 3454 3286 τῇ
3490 3216 3550 3268 ἐν
3583 3215 3674 3268 κό-

2096 3323 2240 3376 σμῳ,
2279 3306 2338 3360 τὸ
2372 3310 2429 3361 ὲν
2459 3307 2724 3380 δόγμασιν
2747 3308 3001 3372 ἀκαλλὲς,
3027 3307 3132 3363 κάν
3153 3311 3201 3361 εί
3241 3307 3302 3361 τὸ
3331 3306 3528 3378 εῦηχες
3559 3307 3675 3378 ἔχοι

2093 3397 2202 3450 τῶν
2235 3399 2416 3452 ἐκεῖνα
2441 3393 2859 3472 γεγραφότων’ή
2893 3399 3128 3468 γλῶττα.
3165 3400 3414 3454 Τοιοῦτόν
3451 3419 3504 3453 τι
3530 3401 3625 3453 καὶ
3645 3402 3675 3453 ό

2095 3489 2307 3555 Παῦλός
2335 3508 2502 3562 φησιν
2528 3509 2541 3522 ο
2585 3511 2603 3544 ι
2642 3493 2712 3545 Εῐ
2739 3491 2822 3555 τίς
2851 3495 2997 3549 ἐστιν
3025 3495 3081 3546 ὲν
3115 3494 3242 3564 ὑμῖν
3273 3493 3456 3562 σοφὸς,
3490 3492 3673 3564 μωρὸς

2093 3584 2356 3652 γενέσθω,
2386 3585 2471 3638 ἵνα
2489 3585 2713 3656 γένηται
2739 3587 2903 3656 σοφός
2923 3588 2989 3657 σή
3017 3587 3123 3658 γὰρ
3158 3587 3320 3655 σοφία
3345 3585 3440 3640 τοῦ
3463 3587 3671 3656 κόσμου

2092 3675 2306 3741 τούτου,
2338 3677 2520 3748 μωρία
2560 3678 2712 3750 παρὰ
2741 3678 2858 3750 Θεῷ
2881 3681 3048 3733 ἑστιν.
3088 3699 3106 3729 ι
3138 3680 3316 3749 ’Δχαρ
3342 3679 3406 3751 δὴ
3428 3675 3544 3742 οῦν,
3574 3680 3673 3734 οὑκ

2093 3768 2159 3821 ὲκ
2181 3767 2457 3840 θησαυροῦ
2488 3769 2725 3844 Χριστοῦ
2755 3771 2958 3835 λαϐὼν,
2985 3771 3100 3825 ἀλλ’
3129 3771 3280 3824 ὥσπε
3290 3789 3320 3842 ρ
3335 3770 3443 3824 ἀπὸ
3462 3771 3671 3842 κόσμου

2092 3863 2191 3932 τῆς
2220 3862 2499 3936 Ἱεριχοῦς,
2523 3866 2855 3938 προσκρούει
2877 3865 3016 3937 Θεῷ.
3037 3866 3117 3919 Τὰ
3138 3867 3194 3919 δὲ
3223 3865 3469 3919 ἐντεῦθεν
3495 3866 3668 3936 βλάϐη

2095 3953 2191 4006 καὶ
2220 3953 2291 4005 τὰ
2321 3955 2386 4006 ὲκ
2417 3953 2568 4018 θείας
2599 3955 2773 4025 ὀργῆς
2807 3954 3200 4026 συμϐαίνοντα,
3237 3957 3338 4008 οὑκ
3387 3956 3481 4008 ἐπὶ
3510 3957 3672 4026 μόνον

2094 4045 2290 4117 ἐχώρει
2335 4046 2428 4100 τὸν
2475 4046 2570 4100 ἐπὶ
2605 4047 2780 4102 τοῖσδε
2826 4047 3310 4118 κατεγνωσμένον,
3375 4047 3493 4100 ἀλλ’
3543 4047 3672 4116 ὃλην

2093 4137 2295 4191 ὲκὰκου
2327 4138 2424 4208 τὴν
2460 4138 2783 4209 συναγωγήν
2805 4155 2820 4170 ο
2851 4137 3118 4208 ἀμέτοχος
3141 4137 3250 4208 γὰρ
3277 4137 3519 4206 γεγονὼς
3546 4139 3669 4192 ἑπι-

2093 4231 2316 4304 κουρίας
2359 4232 2458 4302 τῆς
2497 4231 2724 4297 ἄνωθεν,
2762 4231 2998 4304 ἀδρανής
3034 4250 3094 4285 τε
3138 4233 3234 4286 καὶ
3270 4233 3496 4297 ἄναλκις
3526 4229 3595 4304 ἦν
3640 4234 3672 4285 ὁ

2094 4324 2261 4379 πάλαι
2296 4324 2734 4391 δυσαλωτότατος
2780 4326 3014 4398 Ἰσραήλ.

481 4397 679 4453 PALL.
743 4397 1028 4464 Quomodo
1082 4410 1176 4455 aut
1225 4402 1498 4456 undenam
1535 4405 1754 4459 edoceri
1787 4422 1983 4475 possu-

2160 4416 2368 4470 HAAA.
2403 4418 2511 4470 Καὶ
2543 4417 2660 4482 πῶς
2697 4418 2730 4488 ἢ
2785 4397 2950 4472 πόθεν
2979 4419 3373 4494 ἀναμόιθοιμεν,
3409 4424 3488 4489 ὡς
3524 4424 3671 4479 ἔστιν

412 4507 534 4544 mus
589 4503 781 4543 verum
810 4507 931 4546 esse
989 4493 1134 4563 quod
1168 4503 1250 4546 est
1279 4509 1307 4546 a
1341 4502 1391 4547 te
1424 4495 1525 4548 hac
1550 4496 1616 4549 de
1653 4512 1712 4551 re
1743 4498 1988 4554 dictum?

475 4579 634 4634 (ΝΒ.
693 4580 773 4633 Ex
831 4581 899 4635 iis
944 4598 1067 4650 quae
1126 4593 1527 4652 consequenter
1581 4587 1784 4656 scripta
1832 4601 1979 4644 sunt.

408 4673 536 4727 Post
569 4672 662 4726 illa
685 4673 833 4726 enim
865 4690 985 4744 qua:
1023 4675 1167 4729 circa
1196 4675 1387 4730 urbem
1418 4677 1660 4743 Jericbo,
1696 4691 1750 4736 et
1785 4683 1983 4738 adver-

406 4777 502 4816 sus
531 4778 672 4827 eam,
709 4770 840 4817 sunt
873 4764 1134 4834 praeclare
1172 4779 1235 4820 ac
1267 4765 1486 4823 fortiter
1535 4781 1705 4839 gesta,
1736 4788 1801 4827 ex
1854 4775 1978 4828 uni-

407 4869 569 4908 verso
592 4855 810 4910 lsraelis
834 4857 1037 4926 populo
1088 4858 1260 4913 lectos
1322 4861 1470 4916 viros
1514 4863 1664 4918 misit
1700 4866 1859 4928 Jcsus
1909 4869 1978 4923 ab

405 4943 625 4998 Jericlio
679 4946 734 4999 in
799 4947 1060 5016 oppidum
1108 4947 1227 5012 Gai,
1280 4949 1510 5007 dicens:
1563 4955 1979 5014 «Ascendentes

404 5033 748 5089 considerate
777 5036 895 5090 Gai.
925 5037 992 5091 Et
1019 5039 1385 5096 ascenderunt
1414 5044 1517 5098 viri
1574 5045 1673 5113 illi,
1706 5056 1762 5101 et
1791 5051 1975 5103 consi-

403 5124 735 5181 deraverunt
760 5127 879 5193 Gai,
912 5139 968 5183 et
997 5132 1201 5186 reversi
1232 5143 1359 5188 sunt
1378 5135 1446 5189 ad
1479 5137 1688 5204 Jesum,
1733 5149 1788 5195 et
1821 5142 1973 5198 dixe-

403 5225 535 5270 runt
565 5216 747 5305 eisze
778 5221 1039 5276 ascendat
1099 5225 1165 5279 ad
1214 5243 1334 5282 eam
1373 5231 1550 5285 omnis
1576 5234 1832 5303 populus,
1875 5237 1972 5291 sed

399 5307 621 5363 circiter
645 5308 756 5365 duo
801 5321 896 5366 aut
925 5315 1026 5369 tria
1062 5316 1234 5372 millia
1285 5319 1531 5376 virorum
1564 5325 1880 5393 ascendant,
1917 5339 1973 5383 ct

400 5397 688 5454 obsideant
710 5401 940 5458 urbem:
983 5421 1052 5460 ne
1089 5406 1259 5463 ducas
1310 5425 1376 5464 co
1430 5412 1750 5468 universum
1795 5433 1970 5488 p0pu-
2005 5486 2008 5488 _

401 5484 544 5552 lum;
573 5489 728 5557 pauci
747 5503 980 5562 namque
999 5503 1144 5551 sunt.
1165 5497 1232 5553 Et
1250 5500 1616 5560 ascenderunt
1638 5519 1705 5560 eo
1730 5484 1834 5565 viri
1861 5484 1972 5567 cir-

477 5660 525 5692 ⁸³
558 5659 577 5715 ί
613 5661 738 5716 Cor.
771 5683 846 5734 In,
881 5670 966 5727 19.

2087 4505 2292 4576 ἀληθὴς
2320 4507 2348 4560 ό
2372 4507 2464 4560 ἐπὶ
2484 4507 2620 4584 τῷδε
2645 4509 2836 4577 λόγος;

2159 4599 2324 4654 ΚΥΡ.
2376 4600 2508 4656 Ἀπό
2549 4619 2614 4670 γε
2642 4601 2752 4656 τῶν
2795 4603 2996 4674 ἐφεξῆς
3041 4608 3464 4677 γεγραμμένων,
3515 4609 3671 4663 Μετά

2086 4689 2192 4762 γὰρ
2225 4691 2294 4744 τὰ
2329 4691 2467 4747 κατὰ
2495 4694 2596 4764 τὴν
2659 4695 2868 4767 ’ῐεριχὼ
2901 4697 2995 4751 καὶ
3032 4698 3100 4751 τὰ
3127 4699 3216 4751 ἐπ’
3241 4701 3377 4770 αὑτῇ
3399 4699 3671 4772 λαμπρῶς

2085 4782 2180 4834 καὶ
2241 4783 2506 4849 νεανικῶς
2568 4787 2910 4858 εἰργασμένα
2960 4788 3114 4860 παρά
3161 4790 3362 4853 παντὸς
3424 4791 3664 4861 Ἰσραὴλ,

2083 4876 2402 4933 ἀπέστειλεν
2465 4881 2671 4950 Ἰησοῦς
2713 4883 2911 4955 ἄνδρας
2944 4884 3054 4938 ἀπὸ
3097 4884 3304 4955 Ἱεριχὼ
3329 4885 3409 4948 είς
3435 4884 3559 4949 Fat,
3583 4883 3667 4937 λέ-

2084 4985 2195 5037 γων
2211 4987 2223 4999 ·
2237 4989 2255 5021 ι
2269 4971 2553 5025 Ἀναὸἀντε
2562 4990 2590 5036 ς
2604 4960 3018 5044 κατασκέψασθε
3035 4975 3134 5048 τὴν
3147 4975 3666 5047 Γαῖ.Καὶ;ἀνέ6ησαν

2087 5061 2136 5114 oi
2187 5062 2382 5134 ἄνδρες
2439 5065 2532 5118 καὶ
2593 5066 3000 5136 κατεσκέψαντο
3051 5067 3151 5139 τὴν
3205 5067 3340 5136 Γαῖ,
3397 5069 3493 5122 καὶ
3579 5069 3664 5121 ἁν-

2086 5148 2356 5220 ἐστρεψαν
2400 5152 2536 5223 πρὸς
2568 5153 2797 5224 Ἰησοῦν,
2839 5157 2934 5210 καὶ
2967 5152 3126 5210 εἶπαν
3170 5159 3308 5230 πρὸς
3348 5156 3531 5210 αὐτόν’
3574 5157 3664 5227 Μὴ

2081 5241 2418 5298 ἀναδαινίτω
2449 5248 2554 5310 πᾶς
2581 5247 2608 5298 ὁ
2639 5245 2788 5312 λαὸς,
2821 5248 2935 5301 ἀλλ’
2959 5249 3091 5304 ὡσεὶ
3109 5250 3358 5320 δισχίλιοι
3385 5249 3419 5321 ἢ
3448 5250 3662 5321 τρισχί-

2077 5334 2182 5389 λιοι
2222 5336 2416 5408 ἄνδρες
2443 5337 2909 5410 ἀναϐαινέτωσαν,
2941 5343 3036 5396 καὶ
3068 5343 3654 5413 ὲκπολιορκησάτωσαν

2078 5422 2176 5494 τὴν
2230 5425 2405 5486 πόλιν.
2451 5428 2542 5501 Μὴ
2581 5431 2866 5504 ἀναγάγῃς
2925 5435 3042 5487 ἐκεῖ
3100 5434 3190 5488 τὸν
3234 5433 3362 5488 λαὸν
3415 5434 3650 5488 ἅπαντα·

2077 5515 2246 5585 ὀλίγοι
2279 5519 2386 5592 γάρ
2431 5521 2555 5576 είσι.
2589 5523 2700 5577 Καὶ
2733 5523 3011 5595 ἀνέδησαν
3045 5527 3161 5579 ἐκεῖ
3191 5525 3325 5579 ὡσεὶ
3370 5524 3655 5598 τρισχίλιοι-
