3954 6200
325 186 424 244 565

1063 184 1151 241 DE
1187 183 1630 241 ADORA'PIONE
1669 184 1734 239 IN
1775 181 2044 241 SPIRITU
2084 182 2172 238 ET
2211 182 2579 238 VERITA’I‘E.
2625 183 2747 242 LIB.
2793 182 2852 239 V.

3472 188 3576 244 366

327 303 537 372 ἄνδρες,
567 301 660 354 καὶ
693 299 892 369 ἔφυγον
919 299 1028 353 ἀπὸ
1069 299 1363 371 προσώπου
1408 299 1617 371 ἀνδρῶν
1650 299 1772 366 Fat,
1804 299 1900 353 καὶ

2024 298 2141 354 :iter
2163 299 2267 354 tria
2295 299 2488 366 millia,
2519 307 2577 354 et
2593 297 2852 369 fugerunt
2875 314 2906 353 a
2945 296 3083 354 facie
3105 298 3352 355 virorum
3373 300 3492 364 Gai,
3525 314 3578 356 εἰ

325 393 654 448 ἀπέκτειναν
683 391 780 444 ἀπ’
823 390 1004 445 αὐτῶν
1046 391 1238 462 ἄνδρες
1285 389 1386 443 Γαῒ
1428 391 1508 454 εἰς
1547 391 1903 461 τριακονταὲξ

324 485 540 555 ἄνδρας,
583 484 680 538 καὶ
721 482 1053 547 κατεδίωξαν
1085 483 1282 545 αὐτοὺς
1311 481 1419 535 ἀπὸ
1454 483 1554 553 τῆς
1576 482 1772 555 πύλης,
1809 482 1905 536 καὶ

327 575 652 647 συνέτριψαν
673 575 872 637 αὐτοὺς
897 574 1003 628 ἀπὸ
1020 573 1115 627 τοῦ
1141 573 1485 644 καταφεροῦς
1503 590 1518 604 θ
1546 574 1638 628 καὶ
1662 574 1902 645 ἐπτοήθη

325 668 357 737 ἡ
389 665 586 737 καρδία
623 664 720 718 τοῦ
767 664 922 728 λαοῦ,
961 664 1054 718 καὶ
1099 664 1319 733 ἐγένετο
1350 663 1540 737 ὥσπερ
1573 663 1738 736 ὕδωρ.
1779 682 1798 716 ι
1839 665 1903 718 Oi

326 757 508 820 πόλεις
546 756 779 820 ἑλόντες,
805 756 901 808 καὶ
945 754 1130 828 χώρας
1176 755 1644 828 καταδῃώσαντες,
1697 757 1790 809 καὶ
1836 754 1905 808 τά

326 849 584 922 ὡμότατα
621 848 730 902 τών
757 848 927 901 ἐθνῶν
954 849 1197 919 ἀμογητὶ
1227 849 1569 920 νικήσαντες,
1619 848 1906 918 ἀκαταμα-

327 945 513 1016 χήτοις
544 942 1002 1012 περιτυγχάνουσι
1039 941 1153 1004 τοῖς
1195 941 1305 995 ἀπὸ
1343 941 1444 1011 τῆς
1480 939 1600 1005 Γαῒ,
1631 940 1726 994 κα)⁵
1755 939 1908 1010 μόλις

327 1035 616 1100 ἐσώζοντο,
651 1034 746 1086 καὶ
780 1032 1104 1104 ἀπεχώρουν
1132 1033 1235 1086 οὑκ
1263 1031 1511 1102 ἀζήμιοι,
1542 1031 1677 1102 μηδέ
1703 1031 1830 1100 ὃλην
1851 1032 1908 1084 ἐν

327 1131 523 1200 ἀρχαῖς
545 1127 644 1199 τὴν
671 1125 780 1180 τῶν
821 1127 1078 1196 μαχίμων
1119 1124 1328 1196 πληθὺν
1354 1127 1410 1178 ἐν
1437 1123 1623 1186 ὅπλοις
1647 1117 1786 1176 εἶναι
1822 1122 1911 1176 θεο

327 1221 594 1294 λήσαντες
615 1260 631 1283 ,
684 1218 1156 1288 εὐκαταγώνιστον
1201 1221 1259 1274 δέ
1316 1218 1513 1289 κομιδῇ
1564 1217 1658 1271 καὶ
1709 1215 1910 1285 ὀλίγοις

329 1315 550 1369 ἔσεσθαι
604 1315 705 1385 τὴν
753 1313 908 1366 πόλιν
950 1313 1246 1385 διαρρήδην
1304 1311 1761 1383 ὁμολογήσαντες.
1811 1309 1907 1379 Μὴ

328 1404 672 1462 ἁναδαινέτω
708 1404 840 1476 γὰρ,
889 1403 1148 1472 ἔφασκον,
1194 1404 1304 1465 πᾶς
1355 1403 1384 1456 ὁ
1427 1400 1577 1465 λαις,
1611 1398 1728 1452 ἀλλ’
1779 1397 1913 1450 ὡσεὶ

332 1495 589 1564 δισχίλιοι
615 1492 826 1565 ἄνδρες.
853 1491 998 1563 Πρὸς
1023 1491 1080 1546 δὲ
1105 1491 1166 1545 τὸ
1187 1491 1448 1562 ἀδόκητον
1475 1487 1668 1552 πάθος,
1689 1488 1786 1544 καὶ
1809 1487 1910 1556 τὴν

328 1587 428 1656 τῆς
443 1584 662 1648 ἐλπίδος
681 1584 936 1638 ἐπέκεινα
959 1600 1024 1637 συ
1030 1581 1268 1655 μφοράν,
1291 1581 1496 1655 βαρυθυ
1505 1581 1578 1652 μή
1587 1596 1776 1643 σαντος
1794 1577 1914 1632 λίαν

2003 391 2402 448 interfecerunt
2427 409 2493 449 ex
2519 392 2654 463 ipsis
2681 392 2788 447 viri
2810 391 2906 448 Gai
2929 392 3081 448 viros
3102 393 3324 454 circiter
3353 395 3576 466 triginta

2003 501 2128 552 sex;
2156 487 2507 558 etpersecuti
2548 494 2676 541 sunt
2706 501 2801 541 eos
2825 502 2857 542 a
2886 495 3067 556 porta,
3107 493 3165 542 et
3194 488 3585 543 contriverunt'

2005 577 2128 633 illos
2153 593 2185 632 a
2210 578 2408 633 declivi
2432 577 2585 632 loco:
2619 585 2675 632 et
2718 576 3063 648 pavefactum
3098 584 3184 632 est
3232 592 3329 631 cor
3368 578 3580 652 populi,
3621 617 3631 642 ,

2004 678 2062 724 et
2080 668 2285 722 faetum
2316 675 2400 722 est
2419 666 2728 735 velutaqua
2748 665 2812 719 “.
2845 685 2862 717 ι
2894 665 2999 732 Qui
3023 665 3190 721 urbes
3221 676 3584 736 ceperant,ac’

2007 760 2261 830 regiones
2280 758 2523 828 populati
2552 756 2713 828 146
2734 755 3034 822 fuerant,et
3047 758 3374 814 smvissimas
3394 771 3585 829 gentes

2005 851 2161 906 nullo
2179 851 2402 921 negotio
2425 849 2691 914 vicerant,
2723 848 2779 903 in
2811 849 3063 908 homines
3087 849 3186 904 Gai
3214 861 3474 919 tanquam
3503 850 3586 903 in—

2006 943 2183 998 victos
2210 943 2483 1008 incidunt,
2536 943 3005 1012 vixqueqsalutem
3048 949 3294 1007 tuentur,
3331 957 3435 996 nec
3469 941 3587 996 sine

2003 1034 2218 1106 jactura
2251 1034 2563 1099 discedunt,
2588 1034 2684 1104 qui
2722 1033 2880 1106 prius
2907 1049 2978 1089 ne
3011 1033 3332 1090 universum
3361 1033 3587 1104 quidem

2008 1135 2373 1196 pugnatorum
2399 1141 2689 1182 numerum
2704 1125 2762 1179 in
2793 1125 2962 1181 armis
2982 1139 3104 1180 esse
3128 1125 3436 1190 voluerant,
3461 1123 3590 1193 qui-

2008 1233 2116 1289 que
2142 1217 2400 1273 facillime
2420 1218 2507 1273 vel
2541 1233 2572 1272 a
2612 1218 2804 1292 paucis
2835 1216 3139 1291 expugnari
3181 1232 3339 1288 posse
3391 1215 3589 1271 urbem

2009 1317 2200 1380 aperte
2249 1309 2482 1382 professi
2539 1309 2778 1366 fuerant.
2819 1310 2899 1366 Ne
2944 1310 3106 1368 simul
3162 1308 3453 1372 ascendat,
3501 1307 3588 1360 in-

2011 1401 2232 1472 quiunt,
2265 1402 2560 1457 universus
2589 1403 2859 1474 populus,
2888 1402 2985 1458 sed
3030 1403 3253 1458 circiter
3277 1400 3387 1461 duo
3417 1399 3590 1456 millia

2010 1493 2278 1548 virorum.
2305 1493 2464 1549 Hunc
2517 1494 2858 1565 inopinatum
2906 1509 3094 1552 casum
3144 1494 3591 1564 insperatumque

2013 1583 2399 1650 calamitatem,
2436 1600 2561 1641 cum
2593 1586 2913 1657 gravissime
2951 1585 3122 1640 ferret
3148 1584 3337 1650 Jesus,
3389 1591 3447 1639 et
3494 1599 3593 1639 ve-

327 1677 425 1732 τοῦ
473 1675 674 1748 Ἰησοῦ,
701 1677 796 1730 καὶ
822 1673 1287 1748 περιρρηγνύντος
1323 1674 1422 1744 μὲν
1450 1674 1550 1744 τὴν
1585 1671 1812 1742 ἐσθῆτα,
1837 1668 1917 1741 τῷ

2024 1686 2158 1731 stem
2183 1675 2543 1744 discinderet,
2568 1686 2624 1733 et
2654 1685 2782 1733 ante
2816 1677 2989 1736 Deum
3013 1675 3349 1748 procideret,
3375 1690 3440 1730 ac
3458 1673 3594 1745 quid

327 1771 387 1824 δὲ
414 1769 533 1839 Θεῷ
576 1769 1036 1840 προσπίπτοντος,
1070 1768 1169 1821 καὶ
1206 1767 1260 1819 τί
1300 1764 1431 1820 ποτέ
1472 1765 1589 1817 ἐστι
1619 1763 1681 1816 τὸ
1725 1756 1915 1833 χρῆμα

331 1858 794 1927 κατατεθηπότος,
845 1858 952 1928 ἔφη
995 1858 1159 1921 Θεός·
1198 1874 1219 1908 ‹
1272 1855 1566 1926 Ἀνάστηθι
1590 1873 1604 1886 ο
1643 1855 1727 1908 ἵνα
1759 1852 1812 1905 τί
1848 1852 1914 1907 σὺ

329 1953 478 2006 οὕτω
513 1949 927 2021 συμπέπτωκας
946 1949 1040 2002 ἐπὶ
1075 1947 1368 2020 πρόσωπόν
1395 1965 1526 2013 σονς
1563 1947 1915 2017 Ἠμάρτηκεν

327 2048 360 2098 ὁ
377 2043 508 2106 λαὸς
525 2044 622 2096 καὶ
640 2060 714 2094 πα
725 2041 854 2112 ρέϐη
876 2041 975 2112 τὴν
995 2039 1260 2111 διαθήκην
1280 2057 1403 2111 μου,
1421 2039 1486 2110 ἣν
1503 2039 1760 2111 διεθέμην
1781 2039 1918 2110 πρὸς

328 2136 550 2199 αὐτοὺς,
581 2133 675 2187 καὶ
705 2132 1000 2201 κλέψαντες
1029 2131 1137 2184 ἀπὺ
1164 2131 1256 2184 τοῦ
1296 2130 1636 2202 ἀναθέματος
1667 2131 1918 2186 ἐνέϐαλον

329 2230 415 2291 εἰς
440 2225 511 2278 τά
539 2223 709 2294 σκεύη
744 2223 942 2277 αὐτῶν.
971 2224 1046 2278 Ού
1081 2224 1157 2294 μὴ
1184 2223 1446 2278 δύνωνται
1475 2224 1523 2277 οἱ
1552 2223 1659 2276 υἱοὶ
1702 2223 1918 2294 Ἰσραὴλ

329 2317 636 2386 ὑποστῆναι
683 2315 824 2369 κατὰ
861 2316 1147 2386 πρόσωπον
1181 2315 1291 2388 τῶν
1329 2316 1541 2388 ἐχθρῶν
1566 2315 1780 2370 αὐτῶν·
1817 2317 1916 2371 αύ-

329 2410 465 2479 χένα
510 2407 933 2478 ἐπιστρέφουσιν
970 2405 1151 2462 ἔναντι
1182 2407 1290 2460 τῶν
1333 2401 1544 2478 ἐχθρῶν
1589 2407 1786 2472 αὐτῶν,
1837 2407 1918 2462 ὅτι

329 2491 677 2562 ἐγενήθησαν
711 2490 979 2561 ἀνάθεμα,
1027 2491 1086 2544 ού
1127 2491 1424 2562 προσθήσω
1465 2490 1548 2547 ἔτι
1599 2487 1738 2544 εἶναι
1799 2490 1920 2560 μεθ’

331 2582 515 2653 ὑμῶν,
540 2582 637 2635 ἐὰν
666 2581 740 2652 μὴ
770 2580 1001 2653 ἐξάρητε
1031 2580 1095 2635 τὸ
1120 2581 1370 2652 ἀνάθεμα
1397 2580 1458 2647 ἐξ
1483 2581 1640 2651 ὑμῶν
1663 2581 1861 2637 αὐτῶν.
1894 2601 1913 2634 ι

331 2673 784 2744 Παραδειχθέντα
805 2673 869 2744 δὴ
895 2675 986 2726 τὸν
1021 2674 1198 2744 Ἀχαρ
1227 2674 1391 2744 ῆρετο
1422 2673 1522 2744 μὲν
1564 2672 1791 2745 Ἰησοῦς,
1828 2674 1918 2730 λέ-

329 2782 449 2834 γων
469 2783 482 2796 ·
516 2783 536 2816 ι
581 2766 683 2828 Δὸς
711 2765 870 2831 δόξαν
899 2767 1140 2836 σήμερον
1181 2765 1375 2836 Κυρίῳ
1407 2765 1484 2836 τῷ
1509 2765 1627 2837 Θεῷ
1678 2766 1917 2837 Ἰσραὴλ,

329 2857 431 2911 καὶ
481 2857 571 2921 δὸς
616 2857 717 2928 τὴν
754 2855 1144 2927 ἐξομολόγησιν
1193 2857 1290 2910 καὶ
1340 2857 1668 2927 ἀνάγγειλόν
1728 2876 1817 2929 μοι
1867 2859 1921 2911 τί

329 2951 621 3020 ἐποίησας,
672 2950 768 3004 καὶ
794 2949 870 3021 μὴ
908 2950 1127 3023 κρύψῃς
1168 2951 1264 3003 ἀπ’
1311 2950 1468 3021 ἐμοῦ.
1522 2950 1821 3023 ’Ᾱπεκρίθη
1863 2951 1921 3004 δὲ

2017 1767 2238 1824 tandem
2292 1785 2357 1824 ea
2407 1785 2496 1824 res
2547 1777 2694 1825 esset
2756 1768 3159 1834 admiraretur,
3212 1767 3352 1828 dixit
3404 1767 3592 1821 Deus;

2025 1877 2043 1910 ι
2069 1859 2243 1931 Surge
2268 1877 2283 1927 ;
2311 1876 2410 1915 cur
2432 1869 2490 1915 tu
2522 1861 2605 1916 sic
2631 1859 2922 1915 concidisti
2952 1860 3008 1914 in
3031 1860 3225 1916 faciem
3253 1858 3442 1918 tuam?
3463 1858 3599 1913 Pec-

2018 1952 2160 2008 cavit
2185 1953 2441 2023 populus,
2493 1963 2549 2008 et
2583 1961 2956 2023 transgressus
3006 1960 3338 2023 estpactum
3387 1964 3596 2015 meum,

2015 2043 2165 2122 quod
2195 2060 2320 2099 cum
2349 2045 2460 2100 illis
2487 2047 2689 2116 pepigi,
2730 2054 2787 2100 et
2813 2045 2980 2100 furati
3021 2061 3090 2100 ex
3119 2044 3467 2100 anathemate
3489 2041 3598 2096 mi-

2017 2143 2213 2190 serunt
2235 2135 2291 2189 in
2323 2151 2452 2190 vasa
2488 2152 2614 2192 sua.
2643 2135 2761 2190 Non
2782 2143 3044 2207 poterunt
3062 2135 3158 2192 filii
3188 2135 3355 2191 Israel
3409 2133 3597 2188 subsi-

2019 2235 2166 2282 stere
2195 2235 2323 2282 ante
2358 2226 2558 2282 faciem
2609 2226 2852 2281 hostium
2896 2243 3158 2293 suorum;
3211 2226 3484 2282 cervicem
3534 2239 3602 2280 ac

2021 2327 2238 2388 tergum
2262 2325 2479 2372 vertent
2498 2317 2554 2371 in
2589 2326 2888 2388 conspectu
2915 2318 3158 2374 hostium
3186 2331 3436 2381 suorum,
3469 2316 3601 2386 quia

2018 2409 2152 2466 facti
2178 2419 2309 2465 sunt
2333 2409 2622 2468 anathema
2645 2428 2658 2463 :
2681 2425 2791 2464 non
2810 2409 3064 2481 adjiciam
3096 2410 3260 2473 ultra,
3287 2416 3349 2462 ut
3372 2408 3474 2463 sim
3497 2422 3598 2462 vo-

2021 2504 2258 2570 biscum,
2281 2503 2388 2559 nisi
2420 2503 2762 2559 abstuleritis
2789 2504 3083 2558 anathema
3111 2517 3141 2556 a
3159 2501 3318 2557 vobis
3343 2501 3478 2571 ipsis
3493 2501 3592 2555 ⁸⁸.»

2021 2597 2214 2667 Igitur,
2278 2613 2404 2651 cum
2457 2597 2733 2652 indicatus
2785 2605 2933 2651 esset
2983 2593 3186 2659 Achar,
3243 2592 3602 2663 interrogavit

2023 2705 2150 2744 eum
2182 2689 2364 2752 Jesus,
2397 2688 2616 2746 dicens:
2656 2709 2672 2740 ι
2696 2689 2772 2743 Da
2796 2688 3026 2760 gloriam
3049 2686 3218 2742 hodie
3237 2685 3468 2742 Domino
3484 2685 3598 2738 Deo

2023 2781 2211 2846 Israel,
2253 2788 2308 2834 et
2354 2780 2422 2834 da
2461 2778 2888 2845 confessionem}
2940 2789 2998 2834 et
3045 2777 3240 2834 nuntia
3275 2776 3413 2832 mihi
3464 2775 3598 2846 quid

2025 2872 2224 2937 fecisti,
2273 2881 2431 2928 etne
2481 2872 2787 2928 abscondas
2827 2887 2859 2926 a
2892 2887 3000 2926 me.
3063 2869 3370 2941 Respondit
3415 2877 3600 2924 autem

2024 2964 2206 3020 Achar
2232 2964 2460 3030 Jesu,et
2485 2964 2658 3020 dixit:
2691 2965 2832 3019 Vere
2875 2963 3100 3034 peccavi
3134 2977 3321 3017 coram
3366 2961 3602 3016 Domino

335 3046 526 3114 Ἀχαρ
554 3042 632 3112 τῷ
665 3041 862 3112 Ἰησοῦ,
891 3043 985 3096 καὶ
1015 3038 1194 3098 εἶπεν
1239 3041 1478 3112 ’Λληθῶς
1498 3043 1745 3114 ἥμαρτον
1765 3045 1908 3096 ἐναν⁹

2026 3054 2192 3110 Israel
2217 3071 2232 3119 ;
2263 3055 2340 3110 sic
2363 3055 2510 3111 etsic
2533 3054 2791 3110 feci.Vidi
2815 3053 2960 3109 inter
2973 3053 3150 3123 spolia
3175 3053 3351 3124 psilen
3374 3052 3604 3116 variam,

330 3137 451 3189 τίον
479 3136 686 3207 Κυρίου
711 3135 848 3188 Θεοῦ
895 3135 1135 3208 Ἰσραὴλ,
1158 3135 1332 3199 οὕτως
1356 3137 1449 3188 καὶ
1470 3135 1642 3198 οὕτως
1663 3135 1920 3206 ἐποίησα.

337 3223 496 3279 Εἶδον
533 3228 590 3280 ἐν
612 3228 678 3296 τῇ
712 3228 961 3296 προνομῇ
982 3224 1146 3297 ψιλὴν
1181 3225 1435 3296 ποικίλην
1458 3225 1552 3278 καὶ⁸
1581 3223 1829 3280 διακόσια
1848 3222 1925 3278 δί-

336 3317 565 3388 δραχμα
598 3317 889 3390 ἀργυρίου,
923 3318 1018 3370 καὶ
1056 3315 1309 3384 γλῶσσαν
1339 3317 1468 3388 μίαν
1494 3317 1702 3388 χρυσῆν
1733 3316 1927 3387 πεντήυ

339 3428 510 3464 κοντα
540 3409 876 3482 διδράχμων,
901 3409 995 3464 καὶ
1016 3407 1348 3480 ἐνθυμηθεὶς
1371 3407 1551 3463 αὐτῶν
1585 3407 1800 3474 ἔλαϐον,
1831 3407 1926 3461 καὶ

341 3501 456 3555 ἰδοὺ
487 3501 803 3571 κέκρυπται
847 3499 1022 3555 ταῦτα
1063 3501 1122 3554 ἐν
1261 3502 1357 3571 γῇ,
1398 3502 1458 3554 ἐν
1485 3502 1552 3573 τῇ
1588 3503 1760 3570 σκηνῇ
1800 3516 1924 3570 μου,

343 3595 444 3646 καὶ
457 3593 520 3646 τὸ
539 3591 805 3663 ἀργύριον
831 3592 1141 3664 κέκρυπται
1161 3592 1421 3646 ὑποκάτω
1446 3591 1647 3647 αὐτῶν.
1684 3611 1703 3645 ι
1734 3592 1928 3661 Συνξης

341 3687 425 3739 ὅτι
473 3685 569 3738 καὶ
602 3685 822 3748 αύτδςὸ
863 3683 1146 3753 κεκλοφὼς
1204 3685 1509 3758 ἑωρακέναι
1554 3683 1724 3756 φησὶν
1768 3685 1827 3737 ἐν
1859 3687 1927 3754 τῇ

348 3783 599 3850 προνομῇ
659 3776 821 3849 ψιλὴν
871 3776 1149 3847 ποικίλην,
1204 3777 1301 3832 καὶ
1354 3775 1604 3830 διακόσια
1659 3774 1932 3847 δίδραχμα

346 3872 640 3944 ἀργυρίου,
691 3872 790 3924 καὶ
837 3869 1090 3940 γλῶσσαν
1128 3870 1338 3942 χρυσῆν
1377 3870 1716 3939 πεντήκοντα
1752 3866 1932 3938 δεδρά-

346 3981 528 4034 χμων,
559 3960 932 4034 ἐνθυμηθῆναί
959 3979 1017 4015 τε
1045 3961 1245 4027 αὐτῶν,
1263 3961 1562 4024 τουτέστιν,
1587 3961 1668 4022 εἰς
1690 3958 1934 4030 ἄθεσμον

347 4058 531 4113 αὐτῶν
552 4056 851 4126 ἐπιθυμίαν
868 4055 1064 4112 ἐλθεῖν.
1082 4055 1194 4127 Τὴν
1213 4055 1311 4126 μὲν
1340 4050 1432 4109 οὖν
1453 4053 1636 4124 ψιλὴν,
1669 4066 1935 4124 στρατιω-

345 4151 508 4222 τικὴν
537 4151 739 4205 οἴονται
763 4150 976 4222 στολὴν,
995 4149 1244 4219 χλαμύδα
1266 4165 1325 4200 τε
1351 4143 1488 4200 εἷναί
1522 4163 1654 4215 φασι
1676 4143 1935 4207 ποικίλως

347 4241 754 4310 ἐξυφασμένην·
779 4237 1170 4310 στρατιωτικὸν
1194 4236 1250 4291 δὲ
1275 4237 1336 4289 τὸ
1367 4236 1496 4306 ἔσϐη
1509 4253 1602 4307 μα,
1627 4237 1722 4289 καὶ
1745 4233 1935 4288 πλεον-

350 4337 501 4402 εξὶας
560 4334 848 4407 σύμϐολον.
872 4333 1249 4405 Παραπέφυκε
1278 4333 1387 4405 γὰρ
1417 4331 1503 4385 ἀεί
1522 4347 1638 4395 πως
1660 4329 1738 4401 τῷ
1769 4345 1935 4400 στρα-

2026 3153 2083 3200 et
2113 3145 2379 3201 ducentos
2399 3147 2563 3201 siclos
2578 3145 2812 3217 argenti,
2833 3153 2889 3200 et
2912 3145 3157 3216 linguam
3187 3161 3351 3200 unam
3381 3161 3607 3201 auream

2029 3239 2431 3309 quinquaginta
2454 3239 2742 3304 siclorum,
2762 3246 2818 3294 et
2842 3239 3090 3309 cogitans
3115 3238 3183 3293 de
3216 3237 3352 3308 ipsis
3375 3237 3562 3307 accepi
3591 3253 3605 3302 ;

2025 3339 2086 3385 et
2108 3346 2238 3385 ecce
2275 3331 2543 3385 absconsa
2565 3339 2695 3385 sunt
2720 3329 2837 3384 haec
2880 3331 2937 3384 in
2967 3339 3115 3384 terra
3147 3329 3204 3383 in
3255 3327 3610 3383 tabernaculo

2029 3437 2173 3487 meo,
2219 3432 2276 3478 et
2296 3431 2585 3494 argentum
2633 3422 2961 3478 absconsum
2990 3428 3076 3476 cst
3104 3419 3206 3475 sub
3246 3420 3355 3474 illis
3375 3420 3441 3475 “.
3473 3420 3610 3473 »1η-

2029 3506 2230 3585 telligis
2259 3531 2408 3580 eum,
2450 3513 2548 3586 'qui
2571 3515 2780 3569 furtum
2825 3513 3054 3579 fecerat,
3096 3513 3282 3568 dicere
3321 3511 3524 3568 vidisse
3555 3525 3613 3566 se

2030 3606 2177 3661 inter
2200 3606 2373 3676 spolia
2412 3607 2590 3677 psilen
2639 3606 2869 3671 variam,
2913 3613 2970 3660 et
3009 3605 3277 3662 ducentos
3318 3603 3481 3660 siclos
3523 3619 3615 3658 ar-

2031 3699 2199 3770 genti,
2226 3708 2282 3754 et
2303 3699 2543 3770 linguam
2579 3714 2803 3753 auream
2824 3697 3221 3769 quinquaginta
3260 3695 3617 3756 didrachmo-

2032 3805 2176 3855 rum,
2202 3797 2258 3844 et
2291 3791 2560 3861 cogitasse
2615 3790 2683 3845 de
2721 3791 2878 3861 ipsis,
2907 3789 2962 3844 id
3007 3797 3111 3854 est,
3148 3789 3217 3843 ad
3242 3805 3434 3843 eorum
3459 3786 3618 3842 nefa-

2035 3881 2174 3934 riam
2199 3880 2558 3951 cupiditatem
2590 3879 2828 3936 venisse.
2860 3879 3041 3934 Psilen
3071 3879 3238 3949 igitur
3262 3877 3485 3948 quidam
3509 3877 3618 3930 mi-

2034 3970 2252 4026 litarem
2290 3987 2412 4026 esse
2445 3971 2639 4024 stolam
2668 3977 2884 4039 putant,
2918 3978 2974 4023 ct
3016 3966 3358 4038 chlamydem
3386 3982 3507 4022 esse
3531 3967 3618 4021 di-

2034 4061 2334 4115 cuntvarie
2367 4067 2713 4115 contextam:
2738 4067 3019 4125 estautem
3047 4075 3111 4114 ea
3139 4060 3312 4114 vestis
3342 4057 3618 4120 militaris,

2035 4163 2093 4208 et
2119 4152 2432 4222 iniquitatis
2464 4151 2795 4224 symbolum.
2834 4151 3066 4208 lnsitum
3088 4159 3174 4206 est
3211 4167 3451 4222 namque
3477 4151 3623 4207 mili-

2039 4243 2144 4298 tari
2186 4243 2471 4297 hominum
2491 4243 2679 4314 generi
2720 4244 3165 4300 utlibentissime
3189 4244 3296 4302 sibi
3331 4247 3620 4317 plusquam

2039 4333 2276 4404 aequitas
2296 4335 2526 4403 patitur,
2553 4333 2817 4389 vindicet.
2871 4334 3047 4390 Porro
3105 4334 3415 4404 splendoris
3458 4349 3623 4388 mun-

348 4428 602 4499 τευσίμῳ
628 4428 779 4496 γένει
815 4426 877 4479 τὸ
917 4426 993 4489 ώς
1036 4425 1231 4494 ῆδιστα
1267 4423 1634 4483 πλεονεκτεῖν.
1666 4421 1847 4483 Τύπος
1878 4419 1921 4472 δὲ

2041 4425 2169 4482 dani
2197 4425 2371 4496 ﬁgura
2399 4432 2485 4480 est
2514 4433 2805 4496 argentum
2828 4442 2842 4492 ;
2863 4425 3050 4496 lingua
3073 4439 3206 4479 vero
3231 4425 3624 4494 suaviloquen-

349 4518 419 4576 αὖ
445 4520 828 4593 λαμπρότητος
857 4518 1150 4589 κοσμικῆς,
1182 4517 1244 4570 τὸ
1277 4515 1539 4587 ἀργύριον
1569 4533 1583 4546 ο
1624 4513 1718 4568 καὶ
1743 4512 1936 4582 σοφίας

349 4615 455 4684 τῆς
489 4611 814 4684 Ἑλληνικῆς
856 4609 956 4679 τῆς
1000 4606 1290 4679 ήδυεποῦς,
1340 4608 1374 4677 ἡ
1419 4605 1660 4675 γλῶσσα.
1701 4596 1950 4674 Τοιαύτη

349 4708 437 4770 τίς
467 4707 588 4760 ἐστι
620 4705 776 4774 καὶὴ
813 4703 923 4758 τῶν
959 4701 1092 4769 παρ’
1131 4699 1361 4769 Ἕλλησι
1397 4695 1578 4767 σοφῶν
1616 4695 1838 4766 γλῶσσά
1877 4711 1938 4748 τε

350 4803 448 4854 καὶ
471 4799 772 4864 παίδευσις,
794 4796 959 4850 οἱονεὶ
981 4793 1158 4866 χρυσῆ
1175 4807 1235 4846 τε
1259 4792 1353 4846 καὶ
1369 4791 1736 4863 ἐντιμωτάτη,
1764 4789 1852 4846 διά
1873 4807 1937 4860 γε

347 4893 413 4947 τὸ
474 4893 534 4944 ἐν
574 4890 719 4956 λέξει
766 4887 1083 4959 περιερανὲς.
1155 4883 1674 4952 Ἐκκεκαλυμμένης
1719 4881 1776 4937 δὲ
1831 4880 1934 4950 ἤδη

348 4987 453 5057 τῆς
481 4983 780 5056 ἁμαρτίας,
807 4984 1018 5043 ποιναῖς
1047 4977 1294 5035 ὑπετίθει
1316 4977 1409 5033 τὸν
1442 4977 1621 5046 ’Δχαρ
1644 4976 1672 5027 ὁ
1704 4973 1934 5045 Ἰησοῦς,

349 5081 450 5151 οὐχ
480 5073 1001 5148 ἐαυτὸν-ὴδικηκότα
1035 5073 1216 5142 μόνον,
1245 5070 1360 5128 ἀλλ’
1386 5071 1466 5134 εἰς
1494 5069 1623 5140 ὃλην
1665 5068 1764 5140 τὴν
1809 5084 1937 5122 συν-

350 5170 577 5242 αγωγὴν
602 5168 703 5242 τὴν
733 5167 797 5220 ἐκ
828 5165 926 5236 τῆς
964 5165 1100 5227 ἰδίας
1123 5156 1399 5235 ἀκρατοῦς
1426 5161 1724 5232 ἐπιθυμίας
1752 5159 1931 5213 ἐκτεί-

352 5283 516 5318 ναντα
548 5261 774 5332 βλάϐην.
801 5260 911 5312 Καὶ
935 5257 1078 5328 τάχα
1101 5274 1203 5309 που
1231 5254 1391 5310 τοῦτό
1415 5256 1531 5308 ἐστι
1566 5253 1626 5307 τὸ
1649 5253 1850 5325 ἄριστά
1875 5269 1935 5305 τε

353 5358 447 5410 καὶ
494 5353 682 5423 σαφῶς
718 5350 805 5405 διὰ
832 5350 932 5420 τῆς
962 5348 1056 5403 τοῦ
1097 5349 1313 5402 Παύλου
1369 5345 1552 5416 φωνῆς
1599 5346 1733 5416 πρῦς
1789 5347 1935 5416 ἡμᾶς

347 5448 645 5520 εἰρημένον
671 5461 684 5474 ν
720 5463 737 5495 ι
785 5441 1048 5513 Ἐξάρατε
1069 5440 1160 5493 τὸν
1190 5438 1427 5510 πονηρὸν
1454 5438 1512 5503 ἐξ
1543 5438 1695 5509 ὑμῶν
1719 5438 1896 5490 αὐτῶν
1919 5449 1935 5464 ⁸

2041 4518 2113 4573 tis
2136 4516 2424 4588 gentilium
2448 4517 2732 4588 sapientia:
2782 4516 3019 4588 signum.
3057 4517 3342 4588 Ejusmodi
3369 4523 3453 4572 est
3479 4515 3624 4588 apud

2040 4611 2328 4681 gentilium
2353 4609 2628 4680 sapientes
2649 4610 2834 4682 lingua
2855 4619 2911 4665 et
2943 4609 3202 4674 eruditio,
3241 4619 3497 4680 tanquam
3532 4625 3628 4664 au-

2041 4718 2157 4766 rea,
2184 4711 2241 4757 ct
2270 4701 2326 4756 in
2343 4701 2539 4776 primis
2570 4701 2834 4772 pretiosa,
2861 4700 3008 4772 quod
3037 4701 3108 4756 ad
3151 4700 3415 4756 dictionis
3459 4688 3627 4755 clari-

2043 4802 2212 4848 tatem
2268 4794 2530 4864 pertinet.
2563 4791 2725 4866 147
2757 4792 2990 4848 Peccato
3018 4801 3204 4849 autem
3229 4793 3342 4864 jam
3385 4791 3628 4856 detecto,

2047 4901 2223 4956 paena:
2245 4885 2457 4943 addixit
2480 4886 2660 4958 ipsum
2681 4885 2863 4943 Achar
2884 4885 3064 4951 Iesus,
3091 4885 3240 4957 quod
3283 4901 3395 4940 non
3470 4885 3528 4940 in
3570 4901 3630 4940 se

2046 4977 2228 5048 ipsum
2263 4981 2447 5043 modo,
2467 4979 2560 5049 qui
2585 4978 2812 5035 sceleris
2867 4986 3062 5035 auctor
3093 4988 3234 5045 erat,
3283 4978 3379 5035 sed
3408 4977 3632 5034 in’uni—

2047 5085 2265 5126 versam
2295 5070 2634 5144 Synagogam
2664 5072 2991 5142 perniciem,
3024 5087 3054 5127 e
3086 5087 3182 5126 su
3212 5070 3501 5142 impotenti
3531 5085 3630 5125 cu-
3660 5070 3679 5111 '-

2046 5165 2276 5234 piditate
2305 5164 2627 5236 profectam,
2669 5165 2960 5220 attulisset.
3009 5165 3079 5218 Et
3106 5165 3212 5219 hoc
3232 5164 3368 5220 illud
3404 5170 3488 5218 est
3514 5161 3635 5215 for.

2048 5265 2191 5311 tasse
2247 5257 2394 5326 quod
2421 5257 2627 5329 optime
2652 5273 2716 5313 ac
2751 5256 3158 5328 sapientissime
3185 5265 3270 5311 est
3301 5254 3460 5308 nobis
3476 5251 3631 5311 Pauli

2046 5364 2178 5403 voce
2205 5348 2444 5404 dictum:
2495 5369 2512 5400 ι
2535 5350 2762 5406 Auferte
2827 5350 3031 5404 malum
3061 5364 3092 5403 a
3138 5347 3293 5402 vobis
3316 5344 3483 5414 ipsis:
3511 5358 3633 5398 meo

2045 5440 2230 5494 dieum
2285 5441 2616 5498 fermentum
2659 5450 2831 5498 totam
2878 5455 3115 5498 massam
3159 5437 3464 5511 corrumpit
3509 5435 3620 5494 ⁸⁷.»

424 5632 610 5692 "los.
639 5646 727 5686 vn.
756 5630 874 5689 2-5.
954 5630 998 5661 "
1022 5627 1157 5684 ibid.
1199 5626 1262 5682 10
1290 5641 1442 5700 seqq.
1522 5627 1564 5658 σε
1596 5611 1730 5683 ibid.
1766 5625 1827 5681 l9
1851 5639 2002 5699 seqq.
2084 5625 2125 5657 ⁸⁷
2159 5624 2180 5681 I
2209 5623 2334 5679 Cor.
2362 5641 2412 5691 γ,
2440 5625 2490 5680 6.

3663 4961 3677 4987 ε·

3662 5218 3667 5234 l

3665 5311 3675 5335 λ
