3954 6200
352 211 453 269 επ

1339 208 1704 266 8.(1ἵίίΙΙᾸᾸ
1743 208 2220 266 ALEXANDRINI
2260 210 2580 270 ARCHIEP.

3500 218 3602 273 368

355 334 545 390 Nonne
596 331 752 401 igitu.
789 337 872 386 est
919 329 1018 385 tibi
1065 339 1255 399 aperte
1310 329 1746 385 demonstratum
1797 328 1921 414 pri-

2035 332 2209 403 μικρά
2236 331 2383 405 ζύμη
2421 333 2542 388 ὅλον
2573 330 2634 386 τὸ
2672 331 2898 403 φύραμα
2945 327 3124 402 ζυμοῖ.
3163 346 3181 380 ι
3215 325 3361 402 ἷΔρά
3400 346 3484 384 σοι
3518 331 3602 385 δέ·

354 435 503 475 mum
527 418 751 490 quidem
786 419 840 474 in
870 418 1171 484 Abraham,
1204 418 1411 473 sanctis
1455 418 1590 474 viris
1639 409 1927 474 nihil'ob-

269 559 282 568 .
351 524 473 566 esse
502 510 648 565 illam
696 526 763 565 ex
805 507 1130 563 fortitudine
1176 506 1429 579 gloriam,
1452 523 1518 564 ac
1566 507 1727 565 facile
1756 525 1825 565 ex
1863 523 1929 565 ea

352 599 531 670 sequi,
559 607 616 653 ut
643 612 957 668 expugnare
982 597 1172 653 hostes
1192 597 1426 669 possint,
1458 598 1503 654 si
1542 599 1680 654 nihil
1701 599 1930 655 munda-

350 704 482 744 num
510 703 759 758 quaerere
783 687 1096 755 voluerint;
1147 687 1347 745 deinde
1388 689 1446 744 in
1485 690 1668 744 Achar
1713 706 1831 747 rem
1870 690 1928 746 in

348 778 688 833 contrarium
726 778 1080 849 processisse,
1133 793 1262 833 cum
1294 777 1341 834 is
1386 793 1418 833 e
1452 787 1601 833 recta
1631 779 1718 834 via
1752 779 1926 836 decli-

348 877 553 933 nasset,
587 876 643 924 et
671 868 740 924 ad
784 883 849 923 ea
901 882 1022 939 qua
1062 867 1121 922 in
1169 866 1376 923 mundo
1448 876 1580 923 sunt
1622 883 1929 939 propensus

349 959 589 1030 fuisset?
1160 1024 1197 1051 ⁸.

422 1053 615 1108 PALL.
643 1054 875 1111 Maxime
911 1070 1043 1112 vero
1075 1074 1090 1123 ;
1120 1053 1348 1113 evidens
1382 1070 1621 1128 namque
1641 1055 1747 1113 fuit
1794 1072 1923 1114 ora-

348 1146 446 1202 tio.

417 1234 574 1292 CYlt.
594 1235 862 1308 Oportere
885 1247 1069 1295 autem
1098 1250 1318 1297 sanctos
1331 1240 1480 1298 viros
1500 1239 1705 1313 ubique
1716 1239 1926 1312 simpli-

345 1339 438 1382 ces
485 1326 734 1382 moribus
776 1326 973 1393 viueri,
1020 1344 1131 1385 non
1168 1330 1225 1386 in
1271 1330 1545 1387 sententia
1576 1346 1771 1402 parum
1818 1330 1924 1387 sibi

345 1424 620 1485 constare;
651 1416 707 1472 id
732 1431 861 1472 vero
890 1419 1112 1489 planum
1140 1418 1253 1486 flet;
1283 1436 1351 1477 ex
1375 1436 1443 1478 eo
1465 1421 1614 1493 quod
1630 1422 1719 1477 lex
1735 1431 1924 1493 aperte

345 1507 482 1564 dicit
512 1527 524 1563 ε
557 1528 575 1561 ι
604 1510 724 1565 Non
757 1518 922 1566 erunt
952 1526 1081 1566 vasa
1112 1511 1217 1567 viri
1258 1528 1426 1583 super
1454 1512 1707 1580 muliere,
1745 1529 1924 1585 neque

344 1615 540 1655 rursus
561 1599 647 1655 vir
674 1599 936 1656 induetur
961 1602 1097 1658 stola
1138 1602 1397 1659 muliebri
1430 1645 1445 1669 ,
1493 1604 1755 1675 quoniam
1792 1605 1925 1663 abo-

2028 421 2469 493 δεικταισαφῶς,
2495 422 2553 477 ἐν
2595 421 2694 493 μὲν
2733 420 2807 491 τῷ
2845 418 3047 491 πρώτῳ
3099 417 3176 490 τῷ
3215 418 3485 492 ’Δδραὰμ,
3525 420 3603 483 ὡς

2028 512 2331 586 ἀπήμαντα
2366 513 2465 585 μέν
2493 516 2608 578 τοῖς
2636 512 2813 582 ἁγίοις
2837 510 3082 583 διαμένει
3106 509 3178 565 τά
3199 511 3281 575 εἰς
3299 508 3473 583 ἀλκὴν
3502 512 3602 564 αύ-

2028 605 2096 678 χή
2105 621 2281 678 ματα·
2321 605 2518 677 ἐψηται
2562 605 2620 659 δὲ
2641 604 2838 677 ῥᾳδίως
2872 603 2931 657 τὸ
2957 600 3277 672 δεδυνῆσθαι
3315 601 3601 665 καταθλεῖν

2025 696 2134 750 τῶν
2150 696 2382 770 ἐχθρῶν,
2400 699 2450 752 εί
2472 696 2641 769 μηδὲν
2666 696 2872 750 ἐλοιντο
2889 694 2997 749 τῶν
3018 695 3127 749 ἀπὸ
3154 694 3360 766 κόσμου
3384 691 3564 766 ζητεῖν
3582 709 3600 723 °

2027 787 2085 841 ἐν
2102 787 2160 841 δέ
2184 805 2250 857 γε
2269 787 2348 859 τῷ
2389 789 2590 860 Ἄχαρ,
2615 787 2696 852 είς
2713 786 2775 840 τὸ
2792 785 3003 850 τούτοις
3024 785 3262 843 ἐναντίον
3285 785 3597 857 ἐκκεχωρη-

2024 878 2161 933 κότα
2201 877 2272 933 τά
2304 880 2630 952 πράγματα,
2672 876 3030 934 ἁποκλίναντι
3066 878 3169 949 τῆς
3216 875 3453 945 εὐθείας,
3508 877 3600 928 καὶ

2026 972 2302 1027 νενευκότι
2332 973 2468 1045 πρὸς
2487 971 2554 1028 τὰ
2574 974 2633 1026 ἐν
2662 972 2884 1044 κόσμῳι

2097 1067 2307 1121 ΠΔΛΔ.
2332 1065 2483 1121 Πάνυ
2515 1066 2615 1137 μὲν
2651 1060 2744 1120 οὖν
2763 1080 2781 1099 ο
2810 1063 2988 1136 σαφής
3023 1062 3134 1136 7&9
3156 1063 3185 1117 ὁ
3204 1061 3388 1132 λόγος.

2102 1244 2269 1302 ΚΥΡ.
2315 1246 2440 1300 Ὅτι
2462 1246 2520 1300 δὲ
2553 1245 2660 1320 χρὴ
2684 1246 2811 1311 τοὺς
2849 1245 3036 1315 ἁγίους
3063 1245 3308 1316 πανταχῆ
3341 1244 3597 1316 μονοτρό-

2025 1350 2162 1400 πους
2187 1334 2442 1408 ὁρᾶσθαι,
2469 1335 2566 1390 καὶ
2590 1335 2689 1408 οὐχ
2722 1332 3189 1407 ἐτερογνὼμονας,
3223 1333 3391 1402 σαφὲς
3412 1331 3478 1387 ἂν
3501 1335 3595 1401 γέ-

2023 1442 2186 1493 νοιτο,
2206 1425 2301 1481 τοῦ
2319 1427 2485 1500 νόμου
2504 1427 2754 1498 λέγοντος
2772 1425 3016 1498 ἐναργῶς
3036 1439 3053 1457 ·
3082 1444 3102 1478 ι
3121 1425 3234 1478 οὐκ
3250 1423 3403 1479 ἔσται
3427 1424 3594 1496 σκεύη

2023 1516 2216 1591 ἀνδρὸς
2243 1517 2335 1571 ἐπὶ
2359 1516 2600 1587 γυναικὶ⁹
2630 1517 2754 1572 οὐδὲ
2786 1517 2861 1588 μή
2912 1514 3199 1586 ἐνδύσηται
3238 1513 3377 1587 ἀνὴρ
3407 1513 3597 1585 στολὴν

2026 1605 2364 1675 γυναικείαν,
2384 1607 2467 1662 ὅτι
2490 1606 2768 1679 βδέλυγμά
2796 1608 2945 1660 ἐστιν
2971 1605 3203 1662 ἐνώπιον
3254 1606 3462 1678 Κυρίου
3487 1608 3598 1670 πᾶς

344 1690 573 1777 minatio
603 1700 690 1748 est
711 1691 768 1748 in
810 1702 1109 1764 conspectu
1154 1694 1373 1750 Domini
1428 1695 1677 1767 quisquis
1710 1696 1817 1753 hoc
1836 1696 1921 1754 fe-

2033 1695 2051 1749 5
2083 1695 2253 1751 ποιῶν
2276 1694 2470 1750 ταῦτα.
2503 1715 2521 1747 ι
2548 1695 2836 1767 Βδέλυγμα
2859 1694 2970 1768 γὰρ
2986 1698 3043 1749 ἐν
3064 1694 3164 1766 ίσῳ
3187 1693 3337 1767 παρὰ
3355 1693 3476 1766 Θεῷ
3501 1696 3598 1749 καὶ

343 1782 481 1838 cerit
510 1784 553 1814 “'
585 1802 599 1838 :
642 1803 662 1836 ι
696 1800 823 1840 nam
850 1800 1005 1857 aeque
1043 1786 1396 1842 abominatur
1413 1788 1558 1844 Deus
1578 1802 1644 1844 ac
1673 1788 1924 1860 turpissi-

342 1889 495 1929 mum
527 1876 899 1946 spectaculum
920 1886 1075 1949 putat
1106 1885 1220 1934 tum
1245 1877 1588 1935 fortitudinis
1606 1880 1922 1951 opinionem

343 1968 397 2023 in
437 1967 589 2023 molli
631 1969 763 2033 vita,
805 1968 911 2023 hoc
945 1968 1095 2025 enim
1145 1978 1249 2035 est,
1290 1985 1410 2025 esse
1447 1986 1576 2026 vasa
1618 1970 1723 2026 viri
1756 1987 1922 2043 super

344 2059 607 2123 muliere;
644 2066 759 2113 tum
786 2059 842 2113 in
872 2059 999 2115 forti
1016 2061 1137 2116 viro
1160 2061 1340 2117 mollis
1364 2063 1535 2118 animi
1562 2063 1918 2135 languorem;

342 2147 395 2203 id
421 2149 569 2203 enim
599 2150 827 2221 perinde
870 2158 956 2207 est
980 2167 1043 2207 ac
1071 2151 1117 2207 si
1156 2152 1410 2209 muliebri
1448 2154 1591 2211 stola
1606 2153 1692 2209 vir
1723 2153 1920 2210 indua-

344 2249 455 2294 tur.

413 2332 609 2388 PALL.
648 2334 819 2401 Quale
844 2334 990 2391 istud
1024 2347 1109 2392 est
1168 2336 1317 2409 quod
1353 2336 1480 2393 ais?

364 2492 369 2497 ἢ
410 2427 567 2484 CYR.
605 2426 798 2482 Nonne
838 2437 895 2483 et
928 2428 1073 2500 apud
1117 2431 1291 2487 Deum
1342 2437 1400 2484 et
1459 2427 1603 2500 apud
1670 2427 1921 2484 homines

341 2537 506 2591 prava
550 2529 714 2592 atque
754 2521 1002 2593 improba
1034 2539 1125 2579 res
1161 2533 1246 2580 est
1272 2523 1619 2595 hypocrisis?

411 2611 609 2667 PALL.
634 2611 838 2666 Verum
880 2620 983 2666 est.
1258 2664 1261 2667 λ

408 2701 568 2756 ογιι.
596 2700 739 2755 Num
784 2702 974 2773 igitur,
1010 2703 1056 2757 si
1086 2703 1210 2773 quis
1239 2703 1584 2775 voluptarius
1631 2702 1797 2759 fuerit
1863 2710 1921 2758 et

342 2794 737 2863 intemperans,
768 2801 824 2859 et
854 2808 922 2847 ex
952 2792 1086 2863 ipsis
1121 2793 1237 2849 suis
1250 2792 1415 2858 factis
1451 2794 1575 2849 talis
1595 2808 1715 2849 esse
1760 2808 1917 2848 coar-

339 2892 578 2955 guatur;
608 2883 808 2939 deinde
832 2884 1120 2940 confictam
1154 2884 1445 2956 probitatis
1478 2871 1793 2956 opinionem
1812 2883 1919 2938 sibi

338 2990 657 3044 comparare
700 2974 947 3040 studeat,
983 2974 1130 3031 hunc
1170 2975 1468 3041 hominem,
1517 2972 1745 3040 Palladi,
1787 2988 1919 3044 pro-

340 3064 480 3121 bes?

410 3155 609 3211 PALL.
641 3155 862 3211 Minime
893 3154 1169 3226 equidem.

407 3245 565 3304 ΟΥΕ.
596 3246 716 3303 Jam
738 3262 866 3302 vero
899 3256 1262 3318 temperatum
1306 3263 1496 3304 revera
1540 3248 1820 3304 hominem
1861 3256 1918 3305 et

341 3342 654 3406 honestum,
680 3354 863 3395 nonne
898 3339 956 3394 in
990 3339 1183 3396 eadem
1231 3340 1504 3397 sententia
1540 3340 1776 3407 ﬁrmum,
1815 3355 1919 3396 nec

340 3432 617 3488 diversum
672 3432 741 3487 ab
786 3434 854 3487 eo
909 3431 1055 3502 quod
1082 3440 1186 3499 est,
1217 3432 1451 3503 spectari
1505 3442 1761 3503 oportere
1785 3447 1917 3487 cen-

340 3537 427 3575 ses
444 3524 468 3577 ?

411 3611 610 3668 PALL.
636 3612 853 3667 Fateor.
1324 3670 1333 3681 ι

407 3703 565 3760 CYR.
594 3703 673 3758 Ne
700 3703 866 3775 igitur
896 3717 1138 3773 unquam
1177 3702 1392 3759 solutus
1415 3702 1774 3772 quorumdam
1815 3703 1915 3757 ho-

340 3796 549 3852 minum
582 3802 638 3851 et
660 3795 839 3851 mollis
881 3794 1051 3853 animi
1093 3810 1288 3850 sensus
1332 3794 1671 3851 fortitudinis
1706 3794 1919 3866 opinio-

339 3902 464 3943 nem
510 3886 741 3954 subeat;
778 3887 883 3944 hoc
922 3888 1073 3943 enim
1098 3895 1183 3943 est
1212 3905 1226 3942 :
1260 3886 1340 3942 Ne
1381 3887 1455 3942 sit
1481 3902 1576 3943 vas
1614 3886 1717 3942 viri
1751 3902 1917 3958 super

333 3978 660 4034 mulierem:
684 3995 864 4051 neque
892 3995 1086 4036 rursus
1114 3980 1205 4035 ille
1226 3995 1416 4035 revera
1445 3978 1603 4035 fortis
1632 3979 1918 4036 mollitiem

337 4080 582 4146 quierat;
608 4072 713 4127 hoc
735 4087 970 4144 namque
994 4080 1079 4128 est
1105 4070 1347 4127 vicissim
1377 4087 1390 4124 :
1430 4070 1507 4126 Ne
1544 4070 1628 4125 vir
1658 4071 1919 4127 induatur

337 4160 476 4217 stola
515 4160 809 4215 muliebri:
844 4169 929 4215 est
950 4160 1100 4216 enim
1128 4175 1228 4231 par
1262 4158 1318 4213 in
1345 4168 1575 4230 utraque
1602 4175 1660 4215 re
1698 4159 1916 4225 vitium,

337 4266 512 4321 caque
540 4250 774 4307 crimina
789 4250 1025 4307 similem
1055 4251 1310 4322 injuriam
1344 4249 1535 4305 virtuti
1570 4249 1798 4304 faciunt.

2025 1785 2425 1842 ἀκαλλέστατον
2457 1787 2661 1858 θέαμα,
2680 1787 3059 1858 γενναιότητος
3088 1785 3354 1858 ὑπόληψις
3379 1785 3470 1840 ἐπὶ
3493 1802 3597 1858 μα-

2023 1877 2307 1951 λακισμοῖς
2326 1897 2341 1914 ο
2364 1879 2527 1934 τοῦτο
2562 1880 2672 1952 γάρ
2692 1881 2810 1935 ἐστι
2828 1880 2889 1934 τὺ
2915 1874 3054 1934 εῖναι
3091 1878 3260 1951 σκεύη
3288 1877 3477 1951 ἀνδρὸς
3500 1879 3596 1933 ἐπὶ

2023 1972 2242 2043 γυναικί
2270 1985 2285 2002 ⁸
2312 1973 2409 2026 καὶ
2440 1971 2503 2027 τὸ
2526 1974 2701 2026 νοσεῖν
2728 1972 2787 2026 ἐν
2809 1970 3082 2042 ἀνδρείαις
3109 1971 3201 2025 τὸν
3225 1969 3589 2041 μαλακισμόνο

2023 2064 2183 2120 τοῦτο
2209 2064 2318 2137 γὰρ
2357 2064 2558 2137 ὁμοίως
2594 2064 2655 2120 τὸ
2695 2063 3019 2121 ἐνδύσασθαι
3055 2063 3149 2119 τὸν
3184 2063 3355 2133 ἀνδρα
3400 2061 3591 2131 στολὴν

2023 2155 2364 2225 γυναικείαν.

2092 2336 2300 2391 ΠΔΛΛ.
2344 2330 2468 2391 Οἴον
2490 2334 2555 2407 δὴ
2584 2336 2638 2390 τί
2663 2337 2805 2408 φήςὶ

2093 2426 2257 2505 ΚζΡ.
2289 2426 2363 2481 Οὐ
2381 2427 2570 2500 χρῆμα
2595 2428 2830 2499 πονηρὸν
2854 2426 2947 2482 καὶ
2973 2426 3281 2498 ἀδόκιμονή
3307 2424 3592 2496 ὑπόκρισις

2022 2519 2173 2592 παρά
2202 2537 2261 2573 τε
2294 2520 2414 2589 Θεῷ
2433 2521 2528 2575 καὶ
2551 2519 2892 2592 ἀνθρώποιςς

2091 2610 2302 2667 nam.
2353 2611 2598 2684 Ἀληθές.

2091 2702 2254 2758 ΚΥΡ.
2291 2703 2413 2774 ’Ἆρ’
2440 2699 2534 2758 οὖν
2558 2704 2612 2758 εί
2646 2721 2732 2769 τις
2767 2704 2853 2776 εἴη
2888 2704 3165 2773 φιλήδονος
3206 2704 3301 2759 καὶ
3325 2704 3590 2777 ἀκρατὴς,

2021 2792 2115 2845 καὶ
2138 2790 2395 2858 ἐξαύτῶν
2416 2793 2697 2866 ἐλέγχοιτο
2719 2793 2829 2848 τῶν
2852 2794 3169 2867 δρωμένων,
3196 2794 3271 2858 ὡς
3288 2794 3405 2848 ἔστι
3423 2794 3591 2847 τοιοῦ-

2018 2901 2134 2950 τος,
2180 2878 2302 2939 εἷτα
2349 2886 2449 2958 τῆς
2497 2886 2802 2951 ἐπιεικείας
2845 2886 3224 2941 κατάπλαστον
3284 2887 3369 2956 ἐφ’
3414 2885 3593 2955 ἐαυτῷ

2024 2976 2227 3030 ποιοῖτο
2254 2975 2354 3047 τὴν
2383 2974 2564 3042 δόξαν,
2593 2976 2909 3042 ἐπαινέσαις
2935 2976 3002 3032 ἂν
3023 2976 3114 3031 τόν
3133 2993 3194 3044 γε
3226 2974 3465 3030 τοιοῦτον
3490 2974 3587 3028 αύ-

2019 3063 2129 3131 τδς,
2157 3057 2203 3120 ὦ
2225 3065 2522 3135 Παλλάδιες

2087 3156 2299 3210 ΠΔΛΔ.
2336 3157 2412 3210 Οὐ
2438 3156 2539 3227 μὲν
2569 3152 2684 3213 οὖν.

2089 3248 2255 3304 ΚΥΡ.
2279 3246 2345 3301 Τί
2374 3248 2431 3301 δὲ
2451 3248 2516 3321 δή
2543 3249 2635 3303 τὸν
2654 3248 2871 3322 ἀληθῶς
2895 3249 3121 3322 κόσμιον
3139 3252 3234 3306 καὶ
3254 3252 3588 3324 εὐσχήμονα,

2017 3339 2116 3393 οὐκ
2145 3339 2308 3413 οἰήσῃ
2349 3337 2458 3392 δεῖν
2498 3341 2556 3393 ἐν
2597 3340 2889 3412 ταυτότητι
2924 3340 3149 3414 γνώμης
3178 3343 3587 3415 ἐρηρεισμένον.

2018 3431 2116 3502 οὐχ
2138 3429 2323 3503 ἕτερόν
2347 3447 2400 3484 τι
2440 3432 2568 3503 παρ’
2597 3433 2732 3505 ὅπερ
2762 3433 2883 3487 ἐστὶ
2910 3432 3303 3503 γινώσκεσθαι;

2088 3609 2297 3665 ΠΑΛΔ.
2324 3609 2489 3680 Φημί.

2089 3700 2255 3755 ΚΥΡ.
2283 3699 2492 3755 οὐκοῦν
2523 3700 2731 3771 μήποτε
2764 3699 2825 3756 τὸ
2851 3700 3154 3776 εΰθρυπτόν
3181 3722 3242 3760 τε
3265 3707 3362 3761 καὶ
3385 3706 3589 3778 μαλθαο

2019 3788 2114 3843 κον
2156 3789 2412 3862 φρόνημά
2442 3806 2625 3854 τινων,
2665 3791 2766 3863 τὴν
2798 3791 2900 3862 τῆς
2945 3791 3201 3866 ἀνδρείας
3246 3794 3590 3868 ύποτρεχέτω

2018 3878 2398 3947 δόξανντοῦτο
2443 3880 2551 3952 7&9
2595 3879 2675 3946 τὸ,
2703 3881 2819 3936 οὐκ
2848 3880 3002 3937 ἔσται
3056 3885 3224 3956 σκεύη
3263 3885 3457 3957 ἀνδρὸς
3494 3885 3591 3939 ἐπὶ

2020 3969 2238 4039 γυναικί
2268 3986 2281 4000 ·
2318 3970 2456 4042 μήτε
2492 3968 2598 4042 μὴν
2627 3969 2690 4023 τὸ
2721 3969 2937 4041 ἀληθῶς
2977 3972 3228 4038 εὐσθενὲς
3258 3972 3491 4046 ζητείτω
3527 3975 3591 4028 τὸ

2025 4060 2298 4132 μαλθακόν
2322 4075 2337 4091 ο
2371 4060 2529 4115 τοῦτο
2570 4061 2678 4133 γάρ
2723 4060 2884 4116 πάλιν
2928 4062 2990 4116 τὸ
3012 4104 3028 4128 ,
3064 4064 3139 4117 Οὐ
3178 4064 3253 4137 μὴ
3280 4063 3591 4135 ἐνδύσηται

2020 4146 2171 4225 ἀνὴρ
2189 4151 2378 4224 στολήν
2410 4153 2747 4222 γυναικείαν.
2783 4155 2903 4225 Ἵση
2935 4153 3043 4226 γὰρ
3075 4153 3261 4226 ὥσπερ
3301 4155 3360 4210 ἐν
3389 4156 3591 4226 ἀμφοῖν

2019 4245 2053 4314 ή
2095 4243 2384 4315 φαυλότης,
2413 4243 2507 4298 καὶ
2546 4244 2702 4316 ὕϐρις
2736 4246 2815 4308 είς
2849 4245 3050 4316 ἀρετὴν
3081 4244 3151 4301 τὰ
3177 4246 3515 4319 ἐγκλήματα.

623 4340 821 4398 PALL.
880 4342 1196 4399 Periculosa
1253 4357 1344 4397 res
1401 4352 1508 4406 est,
1557 4349 1619 4395 ut
1654 4341 1914 4407 videtur,

2091 4336 2299 4391 IIAAA.
2319 4336 2611 4408 Σιραλερὺν,
2633 4335 2710 4400 ὼς
2726 4335 2923 4407 ἔοικεν,
2939 4339 2969 4393 ό
2996 4337 3391 4410 μαλθακισμὺς,
3416 4339 3593 4393 καὶτὸ

339 4418 600 4488 mollities
639 4433 831 4500 animi,
878 4451 1056 4507 neque
1108 4449 1238 4489 vero
1283 4448 1460 4503 paenae
1492 4447 1704 4502 expers.

406 4524 564 4582 ΟΥΕ.
591 4523 739 4580 Nihil
789 4526 1016 4582 omnino
1046 4525 1287 4580 dubites.
1324 4522 1704 4578 Aversandum
1740 4522 1797 4578 id
1833 4531 1921 4577 est

337 4616 487 4674 enim
526 4632 679 4683 sane,
706 4625 764 4673 et
809 4632 1035 4672 exosum
1060 4617 1173 4671 Deo
1214 4615 1429 4669 vitium.
1463 4614 1652 4683 Itaque
1678 4628 1710 4668 e
1749 4613 1920 4668 sacris

337 4711 501 4765 etiam
543 4708 849 4781 legionibus
900 4707 1166 4779 rejicitur,
1206 4705 1301 4777 qui
1341 4703 1721 4777 hujuscemodi
1779 4702 1918 4759 forte

248 4826 253 4827 ί
337 4800 664 4855 criminibus
694 4805 950 4861 tenetur;
976 4811 1115 4869 opus
1149 4795 1295 4851 enim
1331 4809 1452 4851 esse
1483 4808 1704 4858 censeo,
1734 4803 1792 4849 ut
1828 4792 1917 4848 ille

339 4904 530 4944 revera
561 4889 720 4946 fortis
760 4905 824 4945 ac
869 4898 1128 4944 strenuus
1159 4901 1431 4957 nusquam
1474 4883 1717 4940 animum
1756 4899 1916 4939 suum

340 4996 437 5050 per
469 4978 738 5035 incuriam
769 4977 1238 5050 frangi‘patiatur,
1280 4975 1376 5032 sed
1395 4991 1523 5031 eum
1556 4991 1586 5030 a
1625 4974 1918 5029 formidine

340 5080 506 5143 atque
547 5071 897 5126 cunctatione
948 5069 1099 5124 omni
1157 5068 1396 5124 liberum
1455 5076 1667 5134 servet;
1715 5080 1778 5121 ac
1815 5065 1921 5122 fide

341 5161 581 5233 perfecte
602 5162 785 5226 nixus,
814 5161 995 5216 dicat:
1028 5180 1045 5212 ι
1080 5159 1274 5215 Omnia
1289 5173 1511 5230 possum
1541 5158 1594 5212 in
1624 5172 1692 5212 eo
1719 5156 1813 5227 qui
1834 5172 1921 5212 me

342 5253 616 5311 confortat
636 5252 855 5309 Christo
878 5253 924 5285 ⁶⁹
948 5269 961 5307 :
985 5271 1003 5303 ι
1037 5259 1335 5319 careatque
1382 5265 1451 5304 ne
1477 5257 1692 5304 terrena
1732 5264 1921 5322 sapere

342 5343 506 5408 velit,
538 5352 727 5414 utpote
752 5357 878 5398 eum
905 5355 969 5396 ea
998 5354 1087 5395 res
1108 5337 1408 5411 perniciem
1433 5336 1595 5391 nobis
1621 5336 1836 5400 afferat,
1865 5343 1923 5391 et

344 5437 485 5507 apud
510 5438 684 5493 Deum
712 5435 992 5507 improbos
1021 5448 1141 5489 esse
1165 5431 1524 5487 demonstret.
1568 5429 1757 5500 Itaque
1793 5445 1919 5485 rur—

403 5618 449 5652 "
480 5619 639 5675 Deut.
681 5633 808 5686 nu,
852 5618 904 5672 5.
982 5616 1025 5648 “
1057 5614 1294 5685 Philipp.
1337 5628 1410 5679 tv,
1455 5611 1535 5669 15.

2022 4427 2215 4499 χρῆμά
2242 4428 2390 4481 ἐστιν
2421 4427 2523 4481 οὐκ
2560 4427 2813 4499 ἀζήμιον,

2092 4517 2257 4572 ΚΥΡ.
2287 4517 2380 4589 Μὴ
2434 4516 2544 4589 γὰρ
2589 4519 2867 4593 ἐνδοιάσῃς
2919 4519 3077 4585 ὅλως.
3127 4519 3456 4592 Ἀπόσλητον
3484 4521 3599 4593 γὰρ

2020 4606 2239 4679 κομιδῇ,
2270 4607 2362 4661 καὶ
2401 4606 2655 4678 θεομισὲς
2693 4608 2755 4662 τὺ
2778 4606 2949 4672 πάθος
2972 4624 2987 4638 ο
3034 4608 3310 4680 τοιγάρτοι
3353 4609 3448 4661 καὶ
3483 4608 3598 4661 τῶν

2020 4694 2182 4767 ίερῶν
2213 4694 2558 4766 ἐκπέμπεται
2588 4696 2903 4765 καταλόγων
2947 4697 2978 4750 ό
3022 4699 3137 4761 τοῖς
3171 4697 3394 4751 τοιοῖσδε
3431 4697 3599 4767 τυχὸν

2023 4787 2361 4859 ἐγκλήμασιν
2395 4787 2733 4858 ἐνεχόμενος.
2773 4787 2984 4860 Χρῆναι
3006 4791 3116 4861 γὰρ
3137 4787 3310 4858 ἔγωγέ
3336 4804 3479 4859 φημι
3502 4789 3599 4841 τόν

2025 4894 2092 4947 γε
2120 4876 2338 4950 ἀληθῶς
2353 4877 2584 4950 εύσθενῆ
2612 4897 2671 4934 τε
2706 4880 2801 4935 καὶ
2828 4880 3227 4950 γενναιότατον,
3242 4878 3475 4951 ’μηδαμῆ
3504 4880 3602 4933 τὸν

2024 4970 2227 5024 οἰκεῖον
2259 4969 2690 5042 περιθραύεσθαι
2725 4970 2849 5026 νοῦν
2881 4972 3231 5045 ἀμελετήτως
3267 4972 3383 5043 ἐᾷν,
3408 4970 3603 5041 δείμα-

2023 5077 2116 5125 τος
2142 5060 2201 5116 δὲ
2221 5061 2317 5115 καὶ
2340 5060 2504 5116 ὄκνου
2538 5063 2740 5128 παντὸς
2768 5063 3028 5135 ἀνωτέρω
3049 5063 3262 5133 τηρεῖν,
3302 5060 3393 5116 καὶ
3418 5060 3602 5114 πίστει

2027 5153 2127 5223 μὲν
2147 5154 2214 5225 τῇ
2244 5154 2325 5218 είς
2358 5152 2492 5208 Θεὸν
2526 5155 2841 5227 ἀμωμήτως
2865 5154 3291 5227 ἐρηρεισμένον,
3341 5172 3360 5205 ί
3412 5151 3601 5207 Πάντα

2027 5245 2249 5317 iuxtim,»
2273 5246 2470 5316 λέγειν,
2503 5250 2591 5302 «ἐν
2607 5247 2686 5319 τῷ
2698 5247 3083 5318 ἐνδυναμοῦντί
3107 5263 3175 5319 με
3195 5245 3472 5319 Χριστῷσι
3499 5260 3608 5297 πα-

2026 5338 2327 5410 ραιτεῖσθαι
2364 5338 2420 5393 δέ
2465 5340 2541 5405 ὡς
2591 5340 2816 5412 ὀλέθρου
2855 5339 3130 5413 πρόξενον,
3175 5339 3272 5393 καὶ
3307 5336 3608 5407 ἀδοκίμους

2025 5429 2173 5500 ἡμᾶς
2215 5428 2515 5501 ἀποφαῖνον
2548 5429 2701 5502 παρὰ
2746 5428 2887 5501 Θεῷ,
2922 5429 2983 5484 τὸ
3023 5430 3242 5500 φρονεῖν
3280 5420 3497 5481 ἑλέσθαι
3534 5425 3608 5479 τὰ
