3954 6200
264 354 372 411 569

1009 356 1097 413 DE
1134 357 1573 415 ADORATIONE
1612 359 1681 414 1N
1716 358 1863 415 SPlIl

1970 360 1986 417 ς
2025 361 2114 418 ET
2153 342 2520 421 victurus.
2562 362 2693 420 us.
2737 365 2800 421 v.

3434 362 3539 420 570

264 477 643 550 γεωδέστερα.
660 479 773 533 Kal
796 476 927 549 γοῦν
949 479 1009 533 ἐν
1034 477 1113 549 τῷ
1129 479 1535 552 Δευτερονομίῳ
1551 479 1860 552 γέγραπται

1970 498 2060 539 sus
2084 483 2142 539 in
2171 483 2598 540 Deuteronomio
2627 484 2893 555 scriptum
2928 495 3012 540 est
3054 503 3067 540 :
3113 504 3131 538 ι
3170 484 3227 542 Si
3254 485 3538 542 exierisa:

263 570 461 626 πάλιν
484 589 505 623 ι
550 570 678 627 Ἐὰν
716 570 941 645 ἐξέλθῃς
970 573 1050 636 εἰς
1077 571 1315 643 πόλεμον
1346 572 1440 626 ἐπὶ
1468 573 1595 637 τοὺς
1624 572 1854 646 ἐχθρούς

266 681 387 729 σου,
422 663 518 718 καὶ
543 662 661 735 ῐδης
692 662 858 717 ῖππον
899 663 993 717 καὶ
1020 663 1322 736 ἀναϐάτην,
1356 664 1452 719 καὶ
1473 664 1602 718 λαδν
1633 664 1857 721 πλείονά

266 776 387 826 σου,
418 757 482 812 οὐ
513 756 802 830 φοϐηθήση
826 758 923 813 ἀπ’
956 757 1157 825 αὐτῶν,
1184 758 1268 812 δτι
1296 757 1501 831 Κύριος
1528 759 1558 812 6
1589 758 1723 824 Θεός
1759 776 1855 813 σου

267 848 412 922 μετά
458 847 579 914 σοῦ,
608 847 639 901 6
675 847 1017 912 ἀναϐιϐάσας
1064 865 1124 902 σε
1172 850 1237 902 ἐκ
1276 849 1380 919 γῆς
1426 847 1727 918 Δίγύπτου,
1763 850 1859 904 καὶ

265 941 426 996 ἔσται
453 940 583 995 ὅταν
626 939 859 1012 ἐγγίσῃς
899 938 978 1011 τῷ
1017 939 1261 1012 πολέμῳ,
1293 939 1387 993 καὶ
1432 941 1802 1012 προσεγγίσας
1828 943 1858 996 6

269 1033 453 1107 ἱερεὺς
477 1031 700 1104 λαλήσει
723 1030 801 1102 τῷ
821 1030 955 1102 λαῷ,
980 1032 1077 1085 καὶ
1100 1033 1217 1104 ἐρεῖ
1235 1033 1372 1105 πρὸς
1392 1033 1612 1098 αὐτούς·
1636 1035 1856 1100 Ἄκουε,

279 1125 520 1198 Ἰσραὴλ,
551 1125 710 1196 ὑμεῖς
748 1124 1162 1198 προπορεύεσθε
1194 1126 1437 1199 σήμερον
1463 1128 1543 1191 είς
1570 1125 1661 1181 τὸν
1700 1126 1859 1180 πόλε-

269 1234 373 1288 μον
396 1215 493 1271 ἐπὶ
523 1217 653 1280 τοὺς
689 1214 920 1287 ἐχθροὺς
953 1215 1128 1287 ὑμῶν,
1168 1217 1244 1288 μὴ
1267 1216 1542 1271 ἐκλυέσθω
1587 1217 1621 1288 ή
1662 1215 1860 1288 καρδία

266 1309 450 1381 ὑμῶν,
486 1308 562 1382 μὴ
590 1307 868 1378 φοϐεῖσθε,
904 1308 1038 1380 μηδὲ
1068 1306 1335 1382 θραύεσθε
1374 1308 1473 1383 (ι),
1505 1308 1642 1380 μηδέ
1673 1308 1861 1363 ἐκκλί-

264 1418 398 1475 νητε
420 1401 530 1456 ἀπὺ
547 1398 840 1472 προσώπου
862 1399 1041 1455 αὐτῶν
1061 1417 1075 1431 °
1098 1401 1182 1454 ὅτι
1203 1398 1406 1473 Κύριος
1428 1401 1456 1454 6
1477 1398 1610 1466 Θεὸς
1632 1398 1808 1472 ὑμῶν,
1831 1402 1860 1454 6

266 1495 750 1568 προπορευόμενος
782 1493 903 1564 μεθ’
925 1492 1100 1565 ὑμῶν,
1132 1492 1549 1564 συμπολεμήσει
1578 1493 1710 1563 ὑμῖν
1732 1493 1858 1556 τοὺς

264 1588 502 1661 ἐχθροὺς
552 1585 708 1659 ὑμῶν
750 1582 1016 1641 διασῶσαι
1064 1586 1230 1657 ὑμᾶς.
1277 1584 1389 1640 Καὶ
1433 1584 1759 1654 λαλήσουσιν
1809 1572 1861 1638 ὀί

265 1682 623 1753 γραμματεῖς
653 1679 788 1752 πρὸς
805 1678 895 1733 τὸν
918 1678 1070 1742 λαὸν,
1087 1677 1372 1748 λέγοντες·
1397 1677 1494 1742 Τίς
1516 1678 1545 1731 6
1571 1675 1859 1749 ἄνθρωπος

263 1775 297 1826 6
315 1772 678 1844 οἰκοδομήσας
700 1771 879 1826 οίκίαν
910 1770 1127 1843 καινήν.
1160 1770 1257 1825 καὶ
1284 1769 1385 1824 οὐκ
1409 1770 1741 1824 ἐνεκαίνισεν
1761 1769 1860 1824 αὕ-

267 1864 408 1935 τήν;
443 1860 766 1934 Πορευέσθω
806 1862 904 1915 καὶ
927 1856 1360 1933 ’ἀποστραφήτω
1398 1861 1479 1925 είς
1522 1859 1623 1931 τὴν
1677 1859 1857 1915 οἰκίαν

267 1949 461 2013 αὐτοῦ,
512 1951 589 2022 μὴ
632 1950 882 2025 ἀποθάνῃ
922 1952 981 2004 ἐν
1030 1949 1109 2022 τῷ
1153 1950 1397 2023 πολέμῳ,
1437 1951 1533 2004 καὶ
1569 1948 1855 2023 ἄνθρωπος

266 2047 461 2115 ἕτερος
489 2046 754 2114 ἐγκαινιεῖ
783 2044 974 2116 αὑτήν.
1026 2042 1139 2098 Kal
1186 2042 1270 2108 τίς
1306 2045 1335 2097 6
1381 2041 1666 2116 ἄνθρωπος
1707 2043 1857 2108 ὅστις

267 2136 570 2206 ἐφύτευσεν
593 2136 916 2209 ἀμπελῶνα,
954 2137 1048 2191 καὶ
1083 2136 1184 2190 οὐκ
1215 2135 1493 2208 εὐφράνθη
1526 2135 1620 2190 ἀπ’
1651 2135 1854 2202 αὐτοῦς

269 2226 601 2300 Πορευέσθω
640 2227 736 2282 καὶ
765 2228 1172 2301 ἀποστραφήτω
1206 2229 1288 2292 είς
1316 2227 1418 2300 τὴν
1450 2227 1629 2283 οἰκίαν
1663 2228 1852 2294 αὐτοῦ,

271 2319 349 2390 μὴ
392 2317 641 2390 ἀποθάνῃ
674 2319 733 2372 ἐν
775 2317 852 2390 τῷ
893 2318 1138 2391 πολέμῳ,
1188 2306 1285 2374 κὰι
1337 2318 1624 2391 ἄνθρωπος
1671 2320 1859 2393 ἐτερος

269 2406 709 2481 εὐφρανθήσεται
737 2406 799 2474 ἐξ
825 2407 1011 2462 αὐτοῦ.
1055 2409 1167 2463 Kal
1193 2408 1279 2473 τίς
1315 2410 1344 2463 6
1389 2407 1675 2481 ἄνθρωπος
1711 2409 1859 2474 ὅστις

273 2500 690 2572 μεμνήστευται
718 2502 977 2568 γυναῖκα,
1012 2500 1107 2554 καὶ
1146 2500 1247 2554 οὐκ
1278 2498 1472 2555 ἐλαϐεν
1509 2501 1713 2573 αὑτήν;
1751 2502 1860 2555 Πο-

274 2589 524 2659 ρευέσθω
552 2591 645 2645 καὶ
673 2591 1087 2663 ἀποστραφήτω
1117 2592 1197 2655 είς
1220 2590 1319 2664 τήν
1356 2591 1532 2646 οίκίαν
1560 2590 1749 2655 αὑτοῦ,
1786 2591 1862 2665 μὴ

268 2681 526 2754 ἀποθάνῃ
548 2684 611 2736 ἐν
631 2681 708 2753 τῷ
733 2682 976 2754 πολέμῳ,
1001 2684 1095 2738 καὶ
1111 2682 1208 2738 ἀνθ
1218 2700 1399 2755 ρωπος
1423 2683 1613 2756 ἔτερος
1630 2683 1862 2756 λήψεται

271 2776 471 2848 αὐτήν.
488 2776 599 2830 Kal
619 2774 1020 2848 προσθήσουσιν
1040 2777 1089 2830 oi
1114 2777 1465 2848 γραμματεῖς
1476 2774 1707 2847 λαλῆσαι
1728 2777 1863 2849 πρὸς

1960 573 2168 629 bellum
2200 574 2465 631 adversus
2498 575 2687 630 hostes
2712 584 2856 641 tuos,
2901 584 2959 632 et
2992 577 3204 634 videris
3228 594 3453 649 equum,
3480 587 3564 652 ct!
3644 602 3647 609 ·

1959 683 2329 734 ascensorem,
2357 677 2415 723 et
2436 668 2697 739 populum
2733 670 2994 740 majorem
3023 680 3097 737 te,
3126 687 3196 727 ne
3239 671 3434 727 timeas
3468 671 3538 725 ah

1961 756 2116 829 ipsis,
2140 758 2271 828 quia
2312 759 2578 814 Dominus
2604 760 2750 814 Deus
2797 769 2924 815 tuus
2971 768 3151 817 tecum
3191 772 3296 826 est,
3328 762 3421 833 qui
3453 776 3542 817 as—

1960 845 2194 903 cendere
2236 854 2289 901 te
2329 846 2460 902 fecit
2487 846 2556 902 de
2600 857 2745 903 terra
2795 848 3011 922 Egypti
3062 868 3075 904 :
3124 861 3181 907 et
3229 853 3355 918 erit,
3410 867 3536 907 cum

1961 939 2485 1010 appropinquaveris
2506 939 2574 995 ad
2602 940 2809 996 bellum
2836 982 2851 1007 ,
2885 950 2945 997 et
2989 944 3245 1001 sacerdos
3272 944 3540 1001 accedens

1960 1031 2222 1101 loquetur
2268 1029 2338 1086 ad
2384 1030 2672 1102 populum,
2718 1040 2779 1086 et
2832 1031 2982 1088 dicet
3030 1033 3099 1088 ad
3139 1049 3237 1090 eos
3283 1054 3296 1089 :
3355 1035 3537 1102 Audi,
3635 1045 3639 1056 '

1961 1124 2151 1190 Israel,
2200 1139 2300 1179 vos
2328 1122 2629 1194 proceditis
2676 1123 2844 1181 hodie
2902 1125 2971 1181 ad
3020 1116 3227 1182 bellum
3273 1128 3542 1185 adversus
3602 1109 3630 1165 "1“-

1962 1217 2150 1273 bostes
2172 1225 2406 1283 vestros,
2441 1231 2512 1272 ne
2539 1216 2874 1273 dissolvatur
2899 1234 2996 1275 cor
3018 1228 3282 1285 vestrum,
3323 1237 3391 1276 ne
3421 1220 3540 1276 for-
3613 1211 3617 1216 ’

1961 1307 2200 1373 midetis,
2249 1322 2429 1378 neque
2490 1308 2874 1376 conteramini,
2941 1325 3123 1381 neque
3178 1311 3467 1367 declinetis
3510 1328 3540 1366 a

1961 1398 2100 1455 facie
2127 1402 2496 1471 eorum,quia
2518 1401 2784 1456 Dominus
2819 1402 2966 1458 Deus
3010 1410 3218 1469 vester,
3264 1403 3359 1474 qui
3409 1419 3541 1475 pro-

1962 1490 2109 1547 cedit
2138 1492 2443 1560 vobiscum,
2467 1493 2769 1551 debellabit
2786 1495 3072 1552 vobiscum
3096 1497 3285 1553 hostes
3305 1505 3542 1561 vestros,

1960 1593 2019 1640 et
2046 1584 2277 1641 salvabit
2313 1601 2430 1641 vos.
2471 1587 2542 1642 Et
2576 1587 2880 1659 loquentur
2929 1589 3124 1645 scribae
3156 1589 3224 1644 ad
3256 1589 3543 1660 populum,

1962 1675 2211 1732 dicentes
2250 1695 2263 1731 :
2329 1676 2465 1745 Quis
2507 1687 2594 1734 est
2633 1679 2800 1735 homo
2841 1680 2936 1752 qui
2992 1680 3283 1736 aedificavit
3320 1679 3547 1737 domum

1963 1782 2180 1832 novam,
2218 1777 2276 1823 et
2315 1784 2424 1824 non
2447 1768 2724 1828 dedicavit
2752 1771 2908 1827 eam?
2937 1769 3111 1828 Vadat
3147 1779 3204 1825 ct
3239 1778 3549 1826 revertatur

1962 1858 2018 1912 in
2049 1858 2274 1914 domum
2317 1875 2494 1928 suam,
2516 1878 2585 1917 ne
2624 1861 2766 1918 forte
2779 1863 3049 1918 moriatur
3071 1862 3126 1918 in
3144 1862 3308 1928 bello,
3329 1871 3386 1919 et
3404 1862 3547 1918 alius

1961 1951 2128 2009 homo
2146 1952 2365 2010 dedicet
2380 1970 2521 2017 eam.
2540 1955 2608 2010 Et
2621 1956 2747 2026 quis
2764 1965 2848 2012 est
2867 1956 3053 2021 homo,
3074 1956 3166 2028 qui
3187 1956 3549 2026 plantavitvi~

1962 2059 2144 2111 neam,
2165 2053 2223 2100 et
2234 2061 2345 2102 non
2358 2055 2442 2103 est
2464 2047 2767 2104 laetificatus
2787 2048 2857 2104 ab
2878 2064 2941 2104 ea
2954 2048 3227 2117 ?Vadat_et
3241 2057 3552 2106 revertatur

1962 2135 2020 2190 in
2044 2134 2270 2192 domum
2298 2152 2475 2203 suam,
2499 2152 2569 2193 ne
2587 2137 2853 2193 moriatur
2872 2139 2929 2194 in
2942 2138 3108 2205 bello,
3134 2148 3193 2194 et
3221 2139 3364 2195 alius
3382 2138 3549 2195 homo

1964 2224 2275 2282 ltetiticetur
2300 2226 2373 2282 ab
2406 2243 2489 2283 ea.
2527 2227 2597 2283 Et
2632 2228 2758 2299 quis
2793 2237 2877 2285 est
2913 2229 3101 2295 homo,
3133 2230 3229 2300 qui
3256 2229 3551 2300 despondit

1966 2333 2213 2385 uxorem,
2245 2329 2304 2377 et
2321 2336 2431 2376 non
2452 2321 2664 2391 accepit
2682 2337 2801 2376 eam
2821 2322 2845 2376 ?
2863 2321 3038 2378 Vadat
3068 2329 3125 2377 et
3152 2329 3461 2377 revertatur
3489 2320 3549 2377 in

1965 2408 2189 2467 domum
2226 2427 2404 2478 suam,
2438 2429 2508 2469 ne
2541 2412 2810 2468 moriatur
2845 2415 2903 2468 in
2932 2412 3100 2477 bello,
3131 2421 3188 2469 ct
3219 2411 3360 2468 alius
3384 2412 3553 2467 homo

1964 2502 2200 2573 accipiat
2217 2519 2358 2560 eam.
2391 2505 2461 2561 Et
2480 2505 2738 2577 adjicient
2769 2505 2967 2560 scriba:
2985 2504 3135 2575 loqui
3155 2505 3222 2560 ad
3259 2504 3545 2575 populum.

1965 2602 2022 2649 et
2042 2593 2229 2651 dicent
2262 2613 2275 2649 :
2303 2594 2439 2663 Quis
2457 2605 2543 2652 est
2578 2596 2745 2652 homo
2772 2595 3000 2651 timidus
3041 2602 3100 2651 et
3155 2594 3549 2650 formidolosus

1961 2686 2129 2743 corde
2168 2688 2399 2745 ?Vadat
2448 2699 2507 2746 et
2544 2698 2852 2746 revertatur
2885 2690 2942 2744 in
2999 2687 3224 2744 domum
3262 2703 3438 2755 suam,
3477 2704 3549 2743 ne

1968 2779 2163 2835 timere
2192 2778 2358 2836 faciat
2395 2795 2492 2837 cor
2530 2779 2718 2837 fratris
2753 2780 2861 2847 sui,
2903 2788 2967 2835 ut
2990 2795 3151 2836 suum
3200 2780 3372 2851 ipsius
3411 2777 3478 2833 ⁷⁸.
3524 2799 3541 2831 ι

270 2868 369 2923 τὶν
390 2867 546 2935 λαὸν,
609 2870 705 2924 καὶ
761 2866 969 2941 ἐροῦσι·
1003 2867 1100 2933 Τίς
1135 2869 1165 2922 6
1204 2866 1495 2940 ἄνθρωπος
1535 2868 1564 2922 6
1597 2866 1933 2939 φοϐούμενος
1970 2869 2067 2924 καὶ
2104 2868 2278 2935 δειλὸς
2299 2873 2367 2943 τῇ
2415 2870 2647 2944 καρδίᾳ;
2678 2869 3001 2943 Πορευέσθω
3026 2870 3118 2924 καὶ
3143 2868 3550 2942 ἀποστραφήτω

271 2970 354 3029 είς
378 2963 479 3036 τὴν
502 2963 678 3019 οίκίαν
704 2962 893 3029 αὐτοῦ,
924 2963 1014 3019 ῖνα
1038 2962 1116 3036 μὴ
1138 2961 1382 3037 δειλιάνῃ
1407 2962 1505 3035 τήν
1522 2962 1751 3035 καρδίαν
1768 2961 1861 3016 τοῦ
1900 2962 2132 3035 ἀδελφοῦ
2162 2964 2355 3031 αὐτοῦ,
2387 2965 2579 3038 ὥσπερ
2601 2967 2635 3036 ή
2657 2964 2848 3021 αὐτοῦ.
2885 2985 2904 3019 ι

343 3056 556 3112 ΠΔΛΛ.
601 3055 741 3110 Ἀλλ’
772 3056 853 3111 ὅτι
882 3057 987 3129 χρὴ
1038 3056 1137 3127 μὲν
1175 3054 1584 3129 τεθαρρηκότας
1615 3054 1708 3110 ἐπὶ
1747 3052 1866 3125 Θεῷ

266 3148 604 3221 διαπρὲπειν
627 3148 857 3220 ἀρεταῖς
883 3148 978 3203 καὶ
1007 3148 1145 3219 πρὸς
1176 3149 1284 3202 πᾶν
1307 3145 1488 3202 ὁτιοῦν
1519 3146 1864 3217 ἀνδρίζεσθαι

268 3238 386 3295 τῶν
405 3238 655 3311 ἀγαθῶν,
684 3233 784 3295 καὶ
801 3240 963 3306 αὐτὸς
980 3239 1092 3310 ἐγὼ
1117 3240 1284 3312 φαίην
1305 3239 1393 3297 ἄν.
1421 3239 1866 3315 ’ἀποπέμπονται

2042 3055 2240 3111 PALL.
2276 3056 2442 3127 Atqui
2462 3066 2717 3128 oportere
2738 3055 2837 3111 Dei
2862 3055 3068 3110 auxilio
3092 3053 3263 3110 fretos
3282 3052 3551 3110 excellere

1971 3148 2289 3215 virtutibus,
2328 3158 2386 3205 et
2432 3149 2501 3204 ad
2539 3149 2724 3205 omnia
2780 3163 2903 3219 qua:
2947 3155 3095 3203 recta
3156 3154 3285 3203 sunt
3325 3154 3552 3202 strenue

1972 3240 2096 3306 niti,
2129 3240 2297 3296 etiam
2324 3240 2441 3311 ipse
2478 3239 2671 3296 fateor.
2710 3240 2997 3307 Quomodo
3041 3248 3224 3294 autem
3247 3236 3496 3293 nonnulli
3520 3253 3553 3291 ε

267 3334 334 3386 δὲ
349 3331 448 3388 τοῦ
469 3332 709 3405 πολέμου
725 3333 890 3401 τινές,
910 3332 987 3399 ὡς
1005 3333 1395 3406 ἀνεπιτήδειοι,
1416 3331 1534 3397 πῶς
1554 3331 1721 3402 ἢτίνα
1743 3331 1863 3404 τρό-

1973 3330 2120 3388 bello
2139 3337 2397 3401 tanquam
2422 3329 2592 3399 inepti
2615 3329 2962 3401 rejiciantur,
2989 3343 3101 3383 non
3138 3326 3402 3396 intelligo.

270 3439 380 3478 πον
405 3425 510 3479 οὒκ
548 3425 657 3495 ἔχω
685 3425 897 3496 μαθεῖν.

349 3518 607 3573 ΚΥΡ.Ἦ
644 3518 746 3572 οὐκ
772 3513 928 3573 οἶσθα
976 3518 1059 3572 ὅτι
1087 3518 1188 3573 οὐκ
1223 3517 1291 3573 ἂν
1343 3515 1630 3588 εὐδόκιμος
1663 3516 1872 3583 γένοιτο

269 3609 435 3680 παρὰ
468 3606 614 3679 Θεῷ,
650 3608 764 3663 ἀλλ’
794 3608 904 3663 οὐδ’
932 3610 1000 3664 ἂν
1024 3608 1201 3669 ἐλοιτό
1225 3627 1311 3675 τις
1339 3609 1468 3674 τοὺς
1496 3608 1636 3680 ὑπὲρ
1664 3608 1766 3679 τῆς
1790 3610 1872 3672 είς

265 3700 449 3754 αὑτὸν
480 3699 771 3764 εὐσεϐείας
802 3699 1102 3772 ἀνατλῆναι
1131 3700 1351 3777 πόνους,
1387 3700 1436 3753 εί
1469 3698 1546 3771 μὴ
1578 3697 1870 3771 παροικίαν

267 3793 474 3864 ⁴ἡγεῖτο
522 3789 623 3862 τὴν
655 3792 714 3845 ἐν
745 3790 884 3861 τῷδε
930 3789 1010 3861 τῷ
1055 3789 1246 3863 κόσμῳ
1276 3788 1459 3861 ζωήν;
1506 3790 1686 3861 Ὅπερ
1741 3789 1873 3860 ἡμῖν

266 3882 488 3951 ἄριστά
516 3899 581 3937 τε
624 3882 718 3937 καὶ
758 3881 1024 3954 ἐναργῶς,
1055 3881 1129 3946 ὡς
1157 3882 1215 3935 ἐν
1242 3880 1411 3936 εἰκόνι
1442 3880 1537 3934 xal
1567 3879 1779 3946 τύποις,
1814 3879 1875 3932 ἐν

266 3979 408 4041 ταῖς
440 3974 555 4030 τῶν
583 3975 758 4045 ἁγίων
797 3973 1072 4046 ἐγράφετο
1121 3972 1439 4037 πολιτείαις.
1480 3970 1735 4045 Παρῴκει
1776 3972 1874 4043 μὲν

267 4069 388 4142 γὰρ
435 4070 499 4124 ἐν
542 4069 772 4140 σκηναῖς
801 4068 831 4122 6
874 4066 1164 4131 θεσπέσιος
1208 4065 1483 4138 ’Δϐραὰμ,
1528 4064 1623 4118 καὶ
1668 4062 1768 4125 τὴν
1811 4064 1877 4117 ἐκ

266 4162 470 4215 τόπων
512 4161 596 4224 είς
644 4159 847 4224 τόπους
885 4161 1120 4217 ἐποιεῖτο
1166 4157 1529 4230 παραδρομὴν
1552 4173 1566 4186 ·
1600 4157 1698 4212 καὶ
1730 4155 1877 4220 ἄπας

2013 3517 2175 3591 149
2184 3517 2342 3575 CYR.
2362 3518 2447 3574 An
2473 3517 2691 3591 ignoras
2703 3518 2981 3574 neminem
2996 3516 3143 3588 apud
3160 3516 3334 3571 Deum
3359 3513 3555 3586 proba-

1977 3617 2094 3664 tum
2110 3607 2248 3674 fore,
2277 3624 2457 3680 neque
2481 3624 2783 3680 veroposse
2797 3616 3128 3680 quemquam
3141 3613 3405 3671 statuere,
3438 3602 3552 3659 ‘sibi

1974 3716 2075 3770 pro
2088 3701 2292 3772 pietate
2316 3701 2530 3760 labores
2547 3718 2669 3759 esse
2692 3700 3027 3767 tolerandos,
3050 3698 3157 3756 nisi
3181 3698 3349 3771 hujus
3365 3694 3555 3752 mundi

1975 3793 2144 3848 vitam
2180 3792 2480 3850 incolatum
2500 3794 2810 3866 putaverit?
2824 3792 2983 3862 Quod
3020 3792 3200 3863 ipsum
3233 3789 3437 3860 optime
3462 3803 3560 3843 no-

1978 3887 2064 3942 bis
2104 3895 2269 3957 atque
2316 3887 2732 3944 evidentissime
2772 3886 2828 3941 in
2898 3892 3218 3941 sanctorum
3270 3881 3557 3936 hominum

1977 3977 2416 4042 conversatione,
2455 3985 2712 4047 tanquam
2729 3974 2786 4030 in
2820 3972 3057 4044 imagine
3090 3969 3389 4041 figurisque
3451 3968 3558 4023 de-

1978 4068 2244 4139 scriptum
2265 4076 2369 4123 est.
2412 4067 2547 4122 Nam
2576 4074 2633 4121 et
2670 4066 2755 4119 vir
2796 4060 3155 4119 admirandus
3184 4058 3459 4114 Abraham
3502 4058 3559 4113 in

1980 4156 2352 4214 tabernaculis
2381 4155 2798 4219 diversabatur,
2833 4162 2889 4208 et
2913 4168 2982 4209 ex
3017 4151 3154 4207 locis
3201 4150 3324 4206 aliis
3360 4149 3416 4204 in
3453 4150 3585 4204 alia.

1979 4251 2100 4306 loca
2139 4247 2522 4320 demigrabat:
2557 4254 2614 4303 et
2641 4244 2933 4300 universus
2957 4242 3125 4298 Israel
3152 4258 3254 4313 per
3280 4243 3561 4297 desertum

1983 4343 2301 4414 frequenter
2315 4339 2629 4398 mansiones
2647 4336 2916 4402 mutabat,
2941 4336 3177 4407 atquein
3197 4333 3573 4390 tabernaculis

266 4254 331 4308 δὲ
363 4252 519 4307 κατά
557 4249 658 4323 τήν
691 4250 900 4323 ἔρημον
929 4252 959 4305 6
1003 4248 1222 4322 Ἰσραὴλ
1264 4251 1464 4321 συχνὰς
1512 4250 1747 4303 ἐποιεῖτο
1779 4247 1878 4312 τὰς

267 4344 590 4416 ἀπάρσεις,
622 4342 717 4396 καὶ
745 4342 1072 4413 κατῴκηκεν
1104 4343 1163 4395 ἐν
1193 4343 1441 4412 σκηναῖς.
1488 4338 1880 4412 Ἐπισεμνύνε-

268 4454 369 4495 ται
407 4435 473 4490 δὲ
498 4434 677 4506 τούτῳ
704 4433 827 4489 λίαν
848 4434 942 4489 καὶ
960 4435 989 4487 6
1018 4434 1304 4506 προφήτης
1327 4433 1516 4500 Δαϐὶδ,
1534 4433 1677 4489 οὕτω
1704 4433 1863 4503 λέγωπ

1986 4435 2177 4492 itidem
2223 4433 2545 4490 habitabat:
2584 4432 2783 4487 beatus
2824 4438 2975 4485 vero‘
2993 4427 3167 4483 David
3204 4442 3268 4481 ea
3305 4441 3364 4480 re
3396 4424 3564 4480 etiam

266 4528 423 4601 πρὸς
461 4526 557 4580 τὸν
585 4525 715 4580 Θεόν
736 4543 750 4557 ·
786 4546 804 4578 ι
843 4527 1005 4591 Ἀνες
1039 4542 1153 4598 μοι,
1186 4525 1270 4579 ὅτι
1296 4526 1559 4599 πάροικός
1584 4529 1701 4599 είμι
1733 4528 1792 4581 ἐν
1811 4530 1863 4598 τῇ

1984 4525 2344 4598 gloriabatur,
2359 4524 2440 4579 sic
2454 4523 2642 4579 dicens
2662 4521 2731 4577 ad
2741 4520 3034 4577 Dominum
3060 4536 3073 4572 :
3103 4539 3121 4570 ε
3146 4517 3383 4573 Remitte
3404 4516 3575 4581 mihi,‘

261 4626 348 4696 τῇ
403 4621 506 4676 καὶ
550 4620 970 4692 παρεπίδημος,
1036 4617 1222 4682 καθὼς
1279 4617 1481 4684 πάντες
1533 4620 1583 4673 οί
1612 4644 1616 4649 ν
1644 4621 1863 4693 πατέρες

1986 4618 2115 4690 quia
2158 4616 2370 4672 advena
2404 4630 2506 4687 ego
2534 4628 2656 4669 sum
2681 4612 2739 4668 in
2757 4619 2927 4696 terra,
2976 4618 3032 4665 ct
3057 4608 3385 4680 peregrinus
3423 4607 3595 4662 sicut

265 4688 411 4787 έιῦυ.
478 4733 501 4767 ι
583 4688 901 4784 Ἀπεδέχετο
971 4711 1030 4765 δὲ
1091 4712 1297 4783 σφόδρα
1357 4712 1458 4777 τὰς
1515 4712 1628 4768 ἀνω
1673 4688 1841 4785 μονάς

1986 4688 2180 4766 omnes
2203 4717 2390 4781 patres
2419 4707 2529 4763 mei
2561 4706 2604 4739 ⁷¹
2642 4723 2656 4760 :
2688 4727 2707 4758 ι
2746 4688 3052 4776 Ειρέιειιεῑ
3081 4702 3245 4759 etiam
3271 4698 3569 4756 vehemen-

259 4810 429 4864 οὕτω
461 4807 672 4877 λέγων·
739 4826 758 4859 ι
799 4806 889 4870 Ὠς
942 4804 1204 4875 ἀγαπητὰ
1247 4804 1318 4859 τὰ
1371 4804 1711 4877 σκηνώματά
1762 4824 1855 4862 σου

1989 4812 2077 4861 ter
2131 4815 2403 4873 supernas
2449 4799 2571 4855 illas
2606 4797 2923 4854 mansiones
2960 4838 2974 4861 ,
3025 4811 3151 4851 cum
3195 4794 3274 4850 sic
3315 4793 3526 4877 diceret
3552 4810 3591 4844 :1

263 4906 467 4980 Κύριε
528 4903 641 4958 τῶν
689 4899 1003 4973 δυνάμεωνὶ
1053 4897 1340 4953 Ἐπιποθεῖ
1396 4898 1493 4953 καὶ
1551 4898 1794 4953 ἐκλείπει
1846 4900 1863 4952 1‘

1997 4916 2015 4947 ‹
2051 4895 2228 4963 Quam
2247 4894 2450 4949 dilecta
2481 4890 2833 4948 tabernacula
2870 4897 2985 4954 tua,
3014 4888 3245 4944 Domine
3270 4886 3595 4941 virtutum!”

471 5014 580 5068 μου
618 4996 699 5061 είς
735 4994 834 5058 τὰς
867 4991 1037 5055 αὐλὰς
1069 4990 1165 5046 τοῦ
1207 4988 1436 5062 Κυρίου.
1483 5009 1501 5042 ι
1530 4991 1791 5060 Φρονοῦσι
1817 4991 1863 5048 δί

1989 4986 2335 5059 concupiscit
2361 4993 2419 5041 et
2435 4983 2623 5041 deficit
2644 4981 2827 5038 anima
2841 4995 2962 5037 mea
2985 4980 3042 5035 in
3058 4978 3196 5035 atria
3211 4977 3428 5032 Domini
3444 4977 3519 5030 η.
3546 4995 3565 5028 ι
3621 4977 3638 4988 ³
3652 4984 3670 5017 ’-

256 5068 468 5153 ᾇῧνὸξ
495 5094 731 5149 τοιοῦτοι
755 5094 823 5147 τὰ
852 5092 987 5157 ἀνω,
1023 5091 1119 5145 καὶ
1162 5090 1263 5155 τὰς
1294 5090 1353 5143 ἐν
1379 5089 1492 5153 τοῖς
1522 5087 1769 5160 οὐρανοῖς
1800 5084 1863 5139 δι

1991 5077 2277 5150 Ejusmodi
2316 5075 2590 5140 homines,
2645 5089 2768 5144 qua:
2807 5087 3028 5129 sursum
3073 5078 3202 5126 sunt
3241 5068 3483 5139 sapiunt,
3510 5085 3590 5124 ac

253 5189 441 5263 ψῶσι
474 5186 669 5261 μονὰς,
715 5185 781 5250 ἃς
828 5185 921 5239 καὶ
949 5183 1110 5247 αὐτὸς
1144 5184 1175 5236 6
1207 5180 1396 5253 Σωτὴρ
1434 5181 1549 5244 τοῖς
1593 5175 1863 5248 ἀγαπῶσιε

1994 5178 2191 5234 sitiunt
2204 5193 2320 5242 eas,
2343 5192 2468 5247 qua:
2483 5175 2539 5230 in
2552 5174 2693 5231 ctelo
2719 5180 2866 5235 sunt,
2885 5169 3220 5232 mansiones,
3245 5184 3383 5240 quas
3405 5165 3570 5220 etiam

255 5282 463 5340 αὐτὸν
511 5281 858 5351 ὑπισχνεῖται
881 5318 897 5343 ,
932 5276 1139 5344 λέγων’
1176 5291 1195 5326 ι
1235 5272 1570 5345 Πορεύομαι,
1618 5269 1710 5324 καὶ
1743 5270 1854 5321 ἐτοι

1996 5271 2115 5341 ipse
2156 5269 2408 5325 Salvator
2451 5264 2809 5338 diligentibus
2864 5277 2922 5318 se
2989 5258 3522 5351 pollicetur,dicens
3556 5272 3570 5307 :

259 5377 462 5450 μάσω
492 5350 661 5428 τόπον
678 5350 842 5444 νὺμῖν,
873 5370 969 5424 καὶ
997 5367 1163 5422 πάλιν
1191 5364 1327 5438 ἦξω,
1370 5366 1464 5419 καὶ
1493 5362 1863 5435 παραλήψομα

2008 5384 2023 5412 ι
2059 5359 2228 5424 Vado,
2251 5367 2308 5414 et
2343 5356 2661 5429 prteparabo
2693 5354 2851 5409 vobis
2892 5352 3104 5407 locum:
3133 5360 3190 5406 et
3238 5350 3436 5404 iterum
3476 5361 3575 5399 vc-

255 5438 445 5540 ξδξιὶς
492 5466 610 5537 μετ’
643 5463 906 5535 ἐμαυτοῦ,
949 5461 1041 5515 ἶνα
1084 5459 1218 5513 ὅπου
1261 5457 1379 5528 εἰμὶ
1425 5456 1558 5525 ἐγὼ,
1596 5456 1691 5509 καὶ
1733 5453 1862 5524 ὀμεῖ

2000 5450 2169 5514 niam,
2201 5456 2255 5504 et
2271 5461 2547 5503 assumam
2578 5458 2675 5499 vos
2698 5456 2941 5506 mecum,
2988 5449 3056 5494 ut‘
3088 5438 3179 5494 ubi
3221 5452 3321 5508 ego
3348 5442 3577 5504 sum,et

360 5608 419 5639 ⁷⁸⁵
456 5607 622 5663 Deut.
669 5623 758 5671 xx,
806 5608 829 5661 l
867 5622 1019 5678 seqq.
1133 5605 1174 5636 ⁷³
1203 5603 1346 5660 Psal.
1376 5619 1597 5668 xxxvi",
1630 5601 1715 5657 Η.
1831 5599 1876 5631 ⁷²
1905 5598 2047 5655 Psal.
2077 5595 2368 5661 LXXXIII,2.

369 5745 457 5805 (Ι)
492 5746 589 5799 Sic
635 5747 909 5804 habebant
957 5748 1049 5806 alii
1086 5744 1246 5803 codd.
1285 5754 1337 5803 et
1384 5745 1652 5816 impressa
1713 5739 1863 5803 Bibii:

369 5818 720 5871 rrturbcmiui.

1970 5747 2017 5796 et
2057 5735 2246 5810 Cyrilli
2307 5732 2479 5793 codex
2509 5729 2826 5796 Vaticanus,
2864 5726 2998 5802 μηδὲ
3026 5723 3379 5798 ταράττεσθε,
3415 5731 3579 5793 mque

261 5818 720 5876 runturbcmini.
