3954 6200
391 383 489 443 571

1379 384 1438 442 8.
1478 378 1753 443 CYRILLI
1792 375 2259 442 ALEXANDRINI
2296 376 2611 442 ARCHIEP.

3530 374 3633 437 372

389 526 490 567 vos
514 509 819 565 ihimecum
844 507 965 564 sitis
987 506 1053 564 ⁷³.
1078 525 1097 561 ι
1129 505 1261 580 Ejus
1290 506 1459 577 igitur
1511 507 1607 578 qui
1631 495 1956 579 praesentem

2062 507 2176 561 ἐκεῖ
2203 506 2324 580 μετ’
2354 508 2491 578 ἐμοῦ
2518 502 2640 579 ἦτε.
2683 523 2703 558 ι
2734 497 2916 569 Τύπος
2935 492 3030 558 οὖν
3058 476 3188 574 ἄρα,
3211 498 3305 555 τοῦ
3339 498 3633 571 παροικίαν

388 603 557 656 vitam
584 600 879 656 incolatum
906 607 1102 672 putare
1131 614 1243 655 non
1275 596 1509 656 sustinet
1567 599 1794 671 ﬁguram
1821 598 1962 670 gerit

390 692 484 749 ille
532 691 627 762 qui
659 692 882 747 domum
908 688 1160 758 aediﬁcat,
1200 696 1256 747 et
1278 686 1335 747 in
1367 692 1473 748 hoc
1512 704 1651 762 Opus
1681 691 1961 747 studiosus

387 780 662 837 incumbit
693 799 707 835 :
740 781 926 852 cupidi
960 789 1141 837 autem
1170 780 1410 837 hominis
1465 789 1522 838 et
1554 782 1728 848 avari,
1757 778 1807 837 is
1860 781 1958 853 qui

391 870 606 926 vineam
638 872 848 942 plantat
885 890 898 925 :
930 872 1025 942 qui
1061 888 1194 928 vero
1224 872 1549 927 feminarum
1584 873 1755 928 amori
1800 874 1958 930 dedi-

388 970 482 1018 tus
504 962 691 1029 fuerit,
731 971 787 1020 et
814 964 1187 1035 voluptatibus
1208 973 1524 1031 enervatus,
1549 965 1754 1036 quique
1778 967 1960 1022 carnis

389 1056 852 1125 concupiscentiis
884 1056 1127 1110 animum
1156 1056 1465 1122 tradiderit,
1490 1070 1617 1112 eum
1649 1056 1960 1127 significare

388 1154 569 1217 potest
598 1147 690 1203 ille
720 1148 830 1218 .qui
861 1147 929 1203 ad
953 1147 1406 1219 despondendum
1440 1163 1668 1204 uxorem
1708 1148 1955 1204 accessit.

388 1236 577 1307 Itaque
609 1232 864 1293 militaris
889 1239 1162 1308 praeconis
1188 1252 1322 1294 voce
1352 1254 1419 1295 ex
1463 1239 1554 1294 illa
1616 1253 1770 1295 sacra
1803 1244 1861 1294 et
1891 1238 1959 1293 ad

363 1331 627 1397 'pugnam
665 1329 943 1398 aptissima
998 1330 1225 1385 cohorte
1261 1330 1546 1385 recedunt.
1597 1329 1728 1396 Quae
1775 1339 1959 1386 autem

386 1419 684 1475 verisimile
729 1429 848 1476 erat
893 1437 995 1477 eos
1049 1422 1144 1492 qui
1183 1421 1453 1494 ejusmodi
1499 1400 1652 1477 vitiis
1697 1421 1959 1491 implicati

387 1519 595 1575 essent,
619 1518 676 1567 et
696 1513 939 1583 cogitare
969 1522 1025 1568 et
1065 1514 1271 1579 dicere,
1314 1528 1380 1568 ea
1424 1528 1605 1584 praeco
1647 1513 1803 1583 prius
1845 1513 1959 1569 cla-

387 1602 590 1657 mabat.
623 1605 707 1659 An
733 1620 865 1660 vero
886 1605 1075 1676 negari
1092 1613 1293 1676 potest,
1324 1606 1460 1678 quin
1486 1606 1524 1660 ii
1583 1607 1678 1676 qui
1718 1607 1959 1677 ejusmo-

386 1691 443 1747 di
470 1693 622 1750 vitiis
651 1694 926 1762 laborant,
952 1696 1193 1753 libenter
1223 1697 1281 1751 in
1308 1696 1786 1767 persecutionibus
1801 1711 1961 1751 vaca-

2063 597 2315 670 ήγεῖσθαι
2347 599 2422 670 μὴ
2446 596 2776 671 ἀνεχομένου
2798 597 2899 669 τὴν
2919 593 3199 668 παροῦσαν
3220 593 3383 665 ζωήν,
3399 592 3429 644 6
3456 589 3631 649 οἰκίαν

2061 687 2379 759 οἰκοδομῶν,
2417 688 2513 742 καὶ
2555 690 2677 752 ταῖς
2722 688 2853 759 περὶ
2883 685 3087 756 ταύτην
3113 682 3360 757 φιλεργία
3372 698 3421 746 ις
3469 696 3631 736 σπου·-

2062 779 2230 843 δαίως
2257 779 2572 851 ἐγκείμενος
2591 793 2606 808 ·
2628 778 2725 833 τοῦ
2744 770 2802 833 δέ
2835 777 3228 848 φιλοκτήμονος
3254 774 3350 829 καὶ
3382 773 3629 845 φιλοκερ-

2058 871 2205 936 δοῦς,
2235 872 2265 925 6
2293 871 2593 941 ἀμπελῶνα
2619 869 2865 939 φυτεύων
2884 885 2900 900 ·
2921 866 3012 923 τδν
3037 862 3095 922 δέ
3125 882 3190 937 γε
3225 865 3624 937 γυναικομανῆ.

2060 962 2155 1015 καὶ
2191 959 2650 1033 ὲκτεθρυμμένον,
2680 960 2776 1013 καὶ
2792 959 2913 1023 ταῖς
2939 961 3040 1029 τῆς
3070 955 3271 1027 σαρκὸς
3313 954 3628 1026 ἐπιθυμίαις

2060 1053 2310 1108 ἐπιδόντα
2346 1054 2442 1109 τὸν
2488 1052 2635 1115 νοῦν,
2686 1051 3123 1123 κατασημήνειεν
3180 1047 3247 1103 ἀν
3298 1050 3327 1102 6
3372 1048 3627 1117 γυναικὸς

2063 1146 2333 1219 μνηστείᾳ
2364 1143 2627 1218 προσιών.
2652 1142 2943 1214 Τοιγάρτοι
2967 1143 3035 1213 τῇ
3062 1138 3157 1193 τοῦ
3189 1138 3630 1209 στρατοκήρυκος

2060 1243 2235 1313 φωνῇ,
2274 1240 2373 1312 τῆς
2410 1241 2562 1312 ἱερᾶς
2586 1240 2681 1294 καὶ
2710 1235 3103 1309 μαχιμωτάτης
3121 1229 3469 1303 ἀποχωροῦσι
3493 1229 3632 1299 πλη-

2061 1333 2207 1395 θύος.
2243 1333 2316 1386 ’Δ
2337 1332 2394 1386 δὲ
2429 1327 2498 1403 ἦν
2529 1329 2677 1394 εἰκὸς
2717 1329 2844 1391 τοὺς
2891 1325 3120 1380 τοιοῖσδε
3169 1321 3629 1391 συνειλημμένους

2059 1425 2289 1481 πάθεσιν
2339 1426 2541 1480 ἐννοεῖν
2568 1440 2631 1477 τε
2662 1421 2759 1476 καὶ
2791 1419 2992 1489 λέγειν,
3027 1415 3203 1470 ταῦτα
3244 1413 3309 1485 δὴ
3359 1412 3572 1482 φθάσας
3600 1414 3631 1466 6

2059 1519 2129 1589 κή
2140 1516 2238 1592 ρυξ
2266 1516 2553 1589 ἀνεφὼνει.
2587 1517 2660 1569 Ἦ
2696 1515 2798 1569 οὐκ
2819 1509 3036 1582 ἀληθὲς,
3067 1508 3144 1571 ὡς
3173 1507 3285 1569 τοῖς
3311 1506 3378 1559 τὰ
3404 1502 3630 1558 τοιαῦτα

2059 1610 2239 1662 νοσεῖν
2266 1606 2509 1671 εἰωθόσι,
2533 1605 2688 1672 φίλον
2715 1619 2831 1666 πως
2849 1604 2907 1655 ὲν
2935 1599 3197 1669 διωγμοῖς
3216 1595 3278 1649 τὸ
3291 1593 3629 1666 ἀφερέπονον

2059 1701 2311 1772 ἀγαπᾷν,
2352 1700 2448 1755 καὶ
2491 1698 2613 1761 ταῖς
2656 1697 2797 1769 ὑπὲρ
2842 1694 2941 1765 τῆς
2974 1692 3059 1755 είς
3098 1686 3234 1743 Θεὸν
3280 1687 3498 1756 ἀγάπης
3551 1685 3627 1757 μὴ

383 1785 592 1841 tionem
637 1801 668 1841 a
698 1786 984 1843 laboribus
1030 1789 1462 1858 amplectantur,
1496 1802 1600 1843 nec
1646 1788 1825 1844 studia
1868 1802 1958 1843 se~

2062 1791 2481 1848 κατακολουθεῖν
2508 1789 2797 1853 σπουδαῖς,
2834 1784 3148 1847 ἐννοοῦντας
3174 1782 3255 1836 ὅτι
3274 1780 3330 1834 εῐ
3348 1798 3401 1848 τι
3420 1780 3632 1849 γένοιτο

384 1885 646 1946 quantur,
674 1889 797 1948 quae
837 1893 938 1948 pro
975 1878 1073 1933 Dei
1114 1840 1381 1934 charitate
1416 1840 1763 1949 suscipienda
1804 1883 1953 1944 sunt,

2062 1883 2254 1938 παθεῖν
2295 1840 2763 1953 ἀγωνιζομένους,
2799 1878 2965 1933 οῖκων
2995 1893 3056 1930 τε
3106 1874 3203 1930 καὶ
3234 1873 3498 1944 κτήσεων,
3533 1872 3631 1926 καὶ

384 1969 516 2027 dum
539 1969 801 2039 cogitant,
838 1984 898 2024 se
927 1969 984 2023 in
1007 1983 1075 2026 eo
1098 1969 1420 2034 certamine,
1448 1969 1495 2024 si
1519 1969 1653 2040 quid
1684 1969 1798 2039 pati
1820 1984 1957 2025 con-

2056 1977 2167 2032 τῶν
2218 1976 2369 2048 παρά
2412 1973 2565 2046 σφίσι
2600 1970 2986 2045 τετιμημένων
3031 1968 3387 2023 ἐκπίπτουσιν
3436 1964 3627 2020 ἐπιθυ-

382 2061 586 2131 tigerit,
614 2055 828 2125 domos,
861 2060 1234 2131 possessiones
1272 2068 1330 2117 et
1372 2060 1820 2116 charissimarum
1871 2075 1959 2115 re-

2062 2069 2236 2141 μιῶν;
2285 2067 2534 2121 ἐντεῦθεν
2581 2064 2690 2137 γὰρ
2729 2064 2914 2126 αὐτοῖς
2955 2059 3242 2132 συμϐαίνει
3285 2057 3346 2111 τὸ
3377 2056 3630 2126 ἀτολμω-

381 2165 506 2205 rum
534 2150 749 2207 fructus
771 2166 891 2207 esse
917 2153 1247 2209 amissuros?
1266 2150 1346 2208 Ex
1373 2168 1483 2223 quo
1515 2151 1576 2206 fit
1643 2159 1706 2206 ut
1764 2151 1959 2209 formi-

2062 2162 2255 2227 τάτους
2275 2158 2505 2233 ὁρᾶσθαι
2531 2158 2624 2212 καὶ
2644 2157 2908 2227 ἀγεννεῖς.
2930 2154 3109 2225 "Amp
3134 2147 3227 2206 οὖν
3250 2149 3395 2214 είκδς
3412 2150 3629 2221 φρονεῖν

381 2240 558 2295 dolosi
611 2248 669 2296 et
693 2241 873 2313 ignavi
894 2233 1397 2313 deprehendantur.
1443 2241 1575 2308 Qua:
1620 2242 1787 2315 igitur
1823 2258 1959 2297 con-

2062 2271 2119 2310 τε
2157 2254 2254 2309 καὶ
2279 2253 2460 2323 λέγειν
2490 2249 2756 2312 ἐκείνους,
2789 2246 2962 2301 ταῦτα
2992 2244 3359 2314 διακέκραγεν
3398 2239 3427 2292 6
3448 2255 3629 2309 γραμ-

381 2335 704 2385 sentancum
749 2340 872 2386 erat
910 2339 972 2387 ut
1010 2332 1089 2387 illi
1137 2341 1194 2387 et
1242 2333 1532 2396 sentirent,
1592 2339 1649 2387 et
1689 2332 1957 2396 dicerent,

2062 2348 2286 2420 ματεὺς,
2314 2343 2563 2413 πλαγίοις
2580 2338 2768 2411 ὥσπερ
2801 2336 3042 2408 ἐλέγχοις
3070 2335 3165 2389 καὶ
3191 2333 3425 2396 ἀστείοις
3445 2329 3631 2383 ὀνειδιο

386 2419 547 2491 150
599 2422 791 2479 eadem
858 2424 1040 2478 scriba
1094 2423 1463 2494 praedicabat,
1499 2422 1742 2492 obliquis
1786 2422 1959 2478 veluti

2062 2419 2222 2508 σμοῖς
2252 2433 2649 2505 καταπλήττων
2670 2429 2760 2484 τὸν
2786 2428 3008 2498 ἀγεννῆ,
3040 2426 3135 2481 καὶ
3159 2421 3628 2496 προφασιζόμενον

380 2514 928 2585 reprehensionibus,
995 2522 1053 2570 et
1094 2513 1289 2569 facetis
1329 2513 1844 2584 exprobrationihus
1882 2508 1959 2568 fe-

2062 2529 2332 2602 πρόφασιν
2360 2528 2418 2580 ἐν
2451 2523 2779 2586 ἀσθενείαις,
2810 2521 2905 2576 καὶ
2944 2519 3151 2593 τροφὴν
3184 2517 3371 2588 ὥσπερ
3400 2512 3525 2568 τινὰ
3560 2516 3624 2585 τῇ

382 2603 532 2660 riens
562 2605 820 2675 ignavum
848 2605 1151 2670 hominem,
1181 2613 1537 2661 excusantem
1577 2605 1959 2661 excusationes

2062 2618 2250 2688 δειλίᾳ,
2282 2613 2554 2686 κοσμικὰς
2597 2613 2786 2685 ἡδονὰς
2818 2609 3162 2678 συλλέγοντα.
3196 2608 3295 2662 Διά
3324 2605 3483 2660 τοῦτο
3527 2603 3627 2675 τὴν

382 2697 440 2752 in
465 2698 725 2768 peccatis,
764 2705 820 2752 et
848 2705 1109 2768 tanquam
1155 2710 1336 2752 escam
1368 2696 1661 2766 quamdam
1698 2712 1812 2752 sua:
1844 2695 1957 2751 for-

2062 2706 2372 2762 τελευταίαν
2406 2703 2610 2775 φωνὴν,
2656 2701 2874 2773 γυμνήν
2925 2718 2985 2754 τε
3033 2700 3126 2754 καὶ
3168 2694 3624 2768 ἀπημφιεσμένην

384 2787 579 2847 ωίάίηί
622 2788 931 2843 ωυηάέιηθθ
978 2788 1286 2857 “lupum”
1335 2786 1704 2858 οοηῑεθιιιθιηο
1748 2786 1956 2854 011³111·
2060 2798 2330 2854 ποιεῖσθαι
2357 2796 2691 2868 προστέταχε
2719 2794 2810 2848 τδν
2841 2794 3257 2865 στρατοκήρυκα
3279 2788 3432 2853 θεός.
3462 2807 3482 2839 ι
3517 2786 3629 2840 Καὶ

383 2880 575 2935 obrem
596 2880 762 2951 jussit
784 2881 930 2936 Deus
953 2889 1014 2935 ut
1035 2887 1335 2937 extremam
1361 2894 1550 2937 vocem
1585 2879 1676 2935 ille
1709 2878 1959 2934 militaris

2062 2890 2429 2963 προσθήσουσι
2471 2887 2605 2958 γὰρ.
2663 2887 2849 2955 φησὶν,
2895 2886 2944 2937 οἱ
2994 2882 3348 2955 Γραμματεῖς
3399 2877 3629 2946 λαλῆσαι

383 2987 562 3041 praeco
607 2981 851 3044 apertam
897 2984 954 3029 et
980 2972 1245 3031 detectam
1290 2974 1571 3030 emitteret
1600 2992 1615 3029 :
1643 2993 1663 3026 ι
1705 2975 1777 3030 Et
1824 2974 1962 3045 adji-

383 3062 548 3127 cient,
581 3061 779 3134 inquit,
815 3062 1020 3120 Scriba
1053 3064 1205 3134 loqui
1241 3063 1308 3119 ad
1349 3065 1632 3136 populum,
1663 3073 1718 3121 et
1737 3066 1953 3121 dicent:

2060 2985 2198 3059 πρὸς
2225 2984 2318 3038 τὸν
2339 2981 2487 3047 λαὸν,
2519 2980 2613 3034 καλ⁸
2637 2978 2873 3051 ἐροῦσιν·
2902 2977 2970 3032 Et
3002 2993 3084 3039 τις
3115 2974 3403 3044 ἄνθρωπος
3431 2969 3629 3059 φοξού-

2065 3057 2225 3151 μενος
2252 3076 2348 3129 καὶ
2377 3072 2551 3135 δειλὸς
2571 3072 2637 3141 τῇ
2671 3068 2889 3141 καρδίᾳ,
2926 3065 3242 3140 πορευέσθω
3269 3065 3347 3127 εἰς
3372 3062 3464 3116 τὸν
3483 3057 3629 3151 οἷκον

383 3154 442 3208 Si
473 3155 603 3224 quis
635 3161 721 3210 est
762 3156 929 3211 homo
960 3155 1189 3212 timidus
1227 3164 1286 3215 et
1325 3156 1716 3213 formidolosus
1763 3158 1950 3223 corde,

2062 3149 2241 3233 αὑτοῦ,
2283 3166 2373 3219 ἵνα
2426 3163 2500 3235 μὴ
2557 3161 2794 3232 δειλιάνῃ
2840 3159 2941 3231 τὴν
2989 3155 3217 3228 καρδίαν
3256 3153 3351 3208 τοῦ
3399 3149 3628 3221 ἀδελφοῦ

385 3244 546 3300 vadat
568 3245 624 3301 in
639 3246 866 3303 domum
886 3262 1063 3314 suam,
1112 3263 1184 3304 ne
1207 3247 1402 3305 timere
1440 3249 1607 3321 faciat
1640 3266 1735 3306 eor
1771 3251 1960 3307 fratris

384 3337 494 3400 sui,
537 3337 680 3393 sicut
718 3354 881 3394 suum
925 3339 1098 3415 ipsius
1138 3339 1205 3394 ⁷⁵.
1277 3359 1297 3393 ι
1358 3338 1760 3413 Propemodum
1809 3344 1958 3399 enim

385 3425 522 3482 illud
550 3428 733 3484 dicere
751 3429 967 3485 videtur
986 3447 998 3484 :
1017 3429 1120 3497 Qui
1147 3430 1204 3486 in
1233 3432 1471 3488 terrenis
1492 3434 1659 3489 rebus
1685 3434 1876 3498 haeret,
1903 3441 1960 3490 et

384 3518 579 3584 domos
607 3519 861 3585 aedificat,
885 3528 939 3577 et
976 3522 1185 3592 plantat
1233 3523 1443 3586 vineas,
1491 3531 1549 3579 et
1579 3526 1761 3584 carnis
1796 3527 1957 3581 volu-

382 3609 626 3677 ptatibus
669 3610 944 3676 vincitur,
986 3614 1211 3668 omnino
1259 3612 1648 3672 formidolosus
1698 3617 1804 3672 erit
1839 3656 1855 3681 ,
1901 3628 1960 3674 et

386 3696 623 3755 imbellis
652 3718 666 3754 :
693 3702 961 3773 ejusmodi
1008 3710 1192 3758 autem
1222 3704 1388 3760 homo
1419 3721 1646 3776 prorsus
1681 3707 1958 3779 improha-

387 3801 498 3858 tur,
527 3797 586 3848 et
604 3793 820 3849 caeteris
845 3792 1107 3850 damnum
1128 3795 1284 3853 dabit
1317 3814 1333 3863 ;
1392 3808 1759 3870 corrumpunt
1811 3800 1959 3856 enim

384 3896 570 3938 mores
597 3882 774 3938 bonos
800 3882 1072 3953 colloquia
1100 3884 1344 3952 mala";
1391 3894 1450 3942 et
1499 3887 1592 3957 qui
1628 3896 1781 3944 metu
1799 3888 1958 3946 facile

383 3972 646 4037 vincitur,
671 3973 720 4028 is
741 3972 908 4029 etiam
932 3972 1132 4030 fortem
1163 3975 1442 4032 interdum
1475 3993 1540 4034 ac
1568 3980 1750 4051 magni
1790 3980 1960 4036 animi

384 4061 565 4116 virum
594 4061 664 4116 ad
699 4062 972 4133 ignaviam
1013 4064 1303 4134 pertrahit.
1341 4066 1531 4137 Itaque
1561 4068 1730 4125 etiam
1766 4069 1962 4127 beatus

385 4151 595 4207 Paulus
626 4151 877 4224 obiurgat
908 4155 1211 4211 «Itonnullos
1232 4196 1250 4220 ,
1296 4157 1393 4227 qui
1435 4157 1615 4228 ipsum
1663 4161 1960 4230 prohibere

384 4242 642 4299 volebant
690 4259 760 4299 ne
817 4244 1138 4302 ascenderet
1159 4246 1571 4319 Hierosolyma;
1612 4251 1689 4306 ait
1734 4252 1882 4307 enim
1942 4269 1955 4305 :

392 4352 413 4384 ι
441 4332 582 4401 Quid
604 4333 784 4391 facitis
807 4334 1019 4402 flentes,
1048 4344 1105 4392 et
1141 4336 1442 4417 aﬂligentes
1466 4354 1563 4395 cor
1593 4342 1813 4395 meum?
1844 4339 1960 4413 Ego

384 4425 533 4480 enim
580 4441 688 4481 non
738 4426 915 4482 solum
953 4425 1131 4498 ligari,
1184 4428 1282 4483 sed
1312 4436 1371 4483 et
1418 4429 1555 4483 mori
1580 4439 1803 4499 paratus
1833 4447 1958 4487 sum

2061 3258 2247 3322 αὐτοῦ,
2298 3255 2489 3325 ὥσπερ
2516 3252 2617 3326 τὴν
2658 3251 2846 3306 αὐτοῦ.
2894 3267 2913 3301 ι
2956 3246 3255 3317 Μονονουχὶ
3289 3244 3401 3321 γὰρ
3444 3243 3631 3313 σαφῶς

2059 3351 2234 3406 ἐκεῖνό
2254 3364 2448 3421 φησιν·
2491 3345 2549 3401 '0
2574 3347 2688 3409 τοῖς
2714 3343 2921 3414 γηῖνοις
2951 3340 3285 3410 ἐγκείμενος.
3316 3338 3410 3390 καὶ
3454 3334 3633 3399 οἰκίας

2058 3441 2379 3512 οἰκοδομῶν,
2405 3440 2502 3492 καὶ
2531 3435 2781 3505 φυτεύων
2811 3432 3127 3505 ἀμπελῶνα,
3159 3430 3255 3483 καὶ
3278 3430 3399 3491 ταῖς
3425 3428 3506 3489 είς
3537 3443 3632 3494 φι-

2058 3530 2356 3604 λοσαρκίαν
2390 3530 2606 3601 ἡδοναῖς
2658 3525 2990 3597 ἡττώμενος,
3030 3523 3197 3576 ’ἔσται
3248 3538 3350 3573 που
3412 3518 3632 3580 πάντως

2057 3626 2230 3690 δειλός
2266 3642 2326 3677 τε
2358 3623 2453 3677 καὶ
2479 3620 2725 3683 ἄναλκις·
2739 3618 2998 3688 ἀδόκιμος
3025 3616 3082 3668 δὲ
3107 3612 3385 3675 παντελῶς
3410 3613 3440 3664 6
3457 3608 3637 3664 τοιοῦ-

2057 3735 2168 3782 τος,
2193 3717 2287 3771 καὶ
2314 3714 2450 3786 πρὸς
2478 3711 2678 3783 ζημίας
2716 3709 2865 3763 ἔσται
2906 3711 3019 3772 τοῖς
3080 3706 3290 3769 ἄλλοις*
3347 3701 3634 3772 Φθείρουσι

2058 3807 2168 3878 γὰρ
2198 3805 2303 3877 ἢθη
2331 3802 2564 3876 χρηστὰ,
2585 3800 2793 3872 ὁμιλίαι
2814 3798 3000 3852 κακαί.
3030 3816 3048 3848 ι
3075 3796 3186 3850 Kal
3216 3792 3470 3847 καθέλκει
3492 3790 3636 3863 πρὸς

2059 3896 2345 3968 ἀνανδρίαν
2369 3894 2482 3948 ἔσθ’
2511 3894 2600 3947 ὅτε
2632 3892 2724 3947 τδν
2746 3889 2971 3960 εὐσθενῆ
3000 3905 3063 3941 τε
3086 3885 3321 3956 εὔψυχον
3348 3885 3377 3936 6
3405 3880 3632 3945 δειλίαις

2059 3988 2481 4051 εύαλωτότατος.
2526 3985 2819 4054 Τοιγάρτοι
2868 3981 2962 4035 καὶ
3007 3981 3036 4034 ὁ
3088 3977 3372 4039 θεσπέσιος
3419 3972 3637 4037 Παῦλος

2059 4080 2297 4150 ἐπετίμα
2319 4076 2481 4142 τισὶν,
2509 4075 2558 4131 οἳ
2573 4074 2893 4131 διακωλύειν
2925 4072 3086 4127 αὐτὸν
3105 4073 3291 4144 ἤθελον
3321 4069 3639 4127 ἀναϐαίνειν

2059 4176 2140 4239 είς
2171 4171 2516 4244 Ἱεροσόλυμα
2540 4188 2556 4202 ο
2605 4169 2741 4241 φησι
2768 4166 2906 4239 ,γάρ’
2947 4185 2966 4219 ι
3012 4166 3079 4220 Τί
3113 4168 3316 4221 ποιεῖτε
3354 4164 3639 4225 κλαίοντες

2059 4265 2157 4321 καὶ
2188 4261 2618 4335 συνθρύπτοντές
2663 4277 2762 4331 μου
2792 4260 2889 4332 τὴν
2933 4259 3195 4330 καρδίαν;
3233 4255 3376 4326 Ἐγὼ
3415 4255 3523 4326 γάρ
3564 4254 3636 4307 οὗ

2062 4358 2223 4430 μόνον
2257 4355 2495 4425 δεθῆναι,
2523 4353 2661 4407 ἀλλά
2684 4353 2781 4407 καὶ
2796 4353 3087 4407 ἀποθανεῖν
3113 4350 3346 4419 ἑτοίμως
3364 4349 3471 4417 ἔχω
3491 4345 3637 4418 ὑπὲρ

2059 4447 2151 4501 τοῦ
2201 4446 2463 4517 ὀνόματος
2508 4443 2603 4498 τοῦ
2641 4444 2849 4516 Κυρίου
2881 4443 3039 4515 ἡμῶν
3081 4439 3257 4513 Ἰησοῦ
3311 4436 3569 4510 Χριστοῦ.
3607 4456 3633 4492 s

384 4532 487 4587 pro
533 4518 755 4597 nomine
788 4519 1005 4573 Domini
1048 4519 1227 4573 nostri
1266 4518 1399 4575 Iesu
1440 4518 1646 4575 Christi
1683 4522 1751 4575 ⁷⁸.
1792 4542 1811 4574 ι
1843 4523 1957 4579 Νο-

2065 4537 2406 4610 Σημειωτέον
2428 4537 2486 4591 δὲ
2517 4537 2600 4591 ὅτι
2634 4536 2729 4591 καὶ
2767 4535 2879 4590 τῶν
2904 4533 3257 4606 κεκλημένων
3283 4533 3361 4596 είς
3386 4534 3512 4595 τοὺς
3532 4530 3641 4599 γά-

385 4609 613 4664 tandum
637 4611 825 4676 etiam,
849 4624 1043 4664 eorum
1104 4609 1200 4680 qui
1216 4610 1284 4665 ad
1301 4611 1521 4681 nuptias
1542 4612 1757 4670 invitati
1777 4625 1954 4682 erant,

386 4700 531 4757 hanc
559 4701 968 4758 excusationem
999 4700 1170 4757 fuisse
1211 4716 1226 4755 :
1259 4720 1278 4752 ι
1311 4701 1510 4758 Villam
1535 4704 1685 4771 emi,
1725 4722 1955 4765 uxorem

387 4790 541 4855 duxi,
567 4800 758 4847 etnon
782 4806 1005 4863 possum
1039 4789 1226 4847 venire
1248 4791 1316 4846 ".
1358 4811 1376 4845 ι
1421 4792 1512 4849 Sic
1542 4796 1691 4851 enim
1716 4797 1772 4853 in
1792 4814 1959 4855 evan-

389 4882 577 4949 gnicis
607 4884 884 4956 parabolis
905 4892 991 4938 est
1015 4884 1305 4955 scriptum.
1329 4885 1549 4943 Minime
1580 4904 1714 4945 vero
1738 4890 1957 4951 dillicile

387 4982 491 5036 est,
517 4990 548 5029 c
570 4975 850 5031 veteribus
874 4975 1159 5046 exemplis,
1182 4976 1229 5031 si
1258 4977 1339 5032 ita
1353 4977 1592 5047 videtur,
1618 4980 1784 5041 fidem
1828 4982 1961 5039 huic

392 5065 467 5119 rei
511 5065 709 5121 facere.

460 5156 657 5213 PALL.
692 5159 789 5215 Dic
818 5160 985 5234 igitur
1002 5142 1120 5219 sine
1157 5164 1269 5220 ulla
1296 5162 1645 5222 cunctatione
1685 5183 1699 5220 :
1735 5166 1965 5225 utilissi-

390 5266 534 5309 mam
564 5252 711 5307 enim
736 5267 852 5308 rem
881 5253 1101 5312 feceris.

342 5364 354 5423 γ
459 5345 619 5402 CYR.
660 5344 831 5418 Igitur
866 5346 935 5403 ad
984 5348 1135 5404 hunc
1181 5347 1404 5404 modum
1440 5349 1496 5405 in
1543 5349 1799 5406 Numeris
1828 5351 1963 5423 legi-

265 5510 275 5524 .
390 5445 555 5489 mus:
590 5454 608 5484 ι
646 5434 715 5493 Et
757 5436 1000 5506 posthaec
1030 5436 1311 5507 profectus
1325 5446 1412 5495 est
1447 5439 1683 5511 populus
1725 5455 1795 5497 ex
1820 5440 1957 5498 Ase-

390 5526 536 5587 roth,
575 5537 632 5584 et
675 5531 1039 5587 castrametati
1082 5537 1207 5588 sunt
1247 5530 1306 5587 in
1350 5531 1569 5588 deserto
1616 5533 1853 5590 Pharae.
1897 5532 1968 5590 Et

391 5611 608 5674 loeutus
636 5631 720 5675 est
742 5623 1005 5679 Dominus
1031 5623 1097 5679 ad
1139 5624 1357 5697 Moysen
1406 5623 1596 5682 dicens
1625 5643 1639 5680 :
1681 5626 1834 5682 Mitte
1864 5626 1969 5682 tibi

2068 4633 2263 4704 μουςή
2300 4628 2631 4702 παραίτησις
2665 4624 2733 4700 ἦν
2777 4627 2858 4691 τδ,
2910 4645 2931 4680 ι
2987 4627 3182 4698 Ἀγρὸν
3216 4626 3493 4696 ἠγόρασα,
3536 4625 3645 4679 καὶ

2063 4726 2294 4795 γυναῖκα
2312 4724 2513 4794 ἔγημα,
2533 4723 2628 4777 καὶ
2648 4723 2708 4776 οὐ
2735 4720 2967 4793 δύναμαι
2984 4720 3175 4773 ἐλθεῖν.
3191 4738 3209 4771 ι
3239 4720 3552 4790 Γέγραπται
3575 4718 3640 4772 δὲ

2063 4815 2235 4880 οὕτως
2266 4816 2323 4870 ὲν
2344 4813 2422 4885 τῷ
2451 4812 2772 4883 Εύαγγελίῳ
2794 4812 2889 4866 καὶ
2917 4813 2975 4865 ὲν
2995 4810 3350 4881 παραϐολαῖς.
3382 4808 3643 4862 Χαλεπὸν

2063 4907 2121 4961 δὲ
2145 4906 2262 4959 οὔτι
2288 4922 2389 4958 που
2411 4905 2507 4958 καὶ
2531 4903 2603 4975 ὲξέ
2623 4903 2865 4975 ἀρχαίων
2903 4900 3389 4973 παραδειγμάτων,
3410 4898 3524 4969 εἴγε
3552 4916 3641 4954 σοι

2064 4997 2232 5064 δοκεῖ,
2253 4997 2354 5069 τὴν
2381 4995 2475 5050 ἐπὶ
2503 4994 2637 5066 τῷδε
2659 4993 2908 5065 δέχεσθαι
2930 4993 3133 5047 πίστιν.

2129 5173 2338 5229 ΠΑΛΛ.
2361 5169 2537 5243 Φράζε
2566 5169 2632 5242 δὴ
2649 5163 2762 5237 οὖν,
2790 5169 3059 5241 μελλήσας
3080 5167 3257 5224 οὐδέν·
3286 5166 3501 5239 ὀνήσεις
3526 5164 3642 5236 γὰρ

2062 5258 2203 5316 λίαν.

2054 5366 2077 5385 ο
2131 5349 2534 5423 ΚΥΡ.ζούκοῦν
2586 5351 2663 5415 ὡς
2705 5352 2763 5406 ἐν
2807 5353 2920 5415 τοῖς
2973 5350 3248 5422 Ἀριθμοῖς
3283 5348 3637 5418 ἀνέγνωμεν

2071 5461 2093 5496 ι
2134 5444 2248 5499 Kal
2288 5443 2430 5515 μετά
2465 5442 2638 5499 ταῦτα
2668 5443 2861 5514 ἐξῆρεν
2898 5445 2928 5497 6
2976 5443 3104 5508 λαὸς
3136 5440 3195 5508 ἐξ
3234 5440 3507 5514 ’Δσηρὼιλ
3541 5439 3640 5494 καὶ

2062 5534 2430 5609 παρενέϐαλον
2472 5537 2532 5592 ἂν
2560 5537 2628 5607 τῇ
2678 5535 2872 5607 ἐρήμῳ
2911 5534 2978 5606 τῇ
3010 5533 3214 5604 Φαράν.
3264 5532 3376 5587 Kal
3405 5530 3638 5601 ὲλάλησε

2061 5628 2267 5703 Κύριος
2311 5628 2450 5700 πρὸς
2500 5626 2708 5699 Μωσῆν
2767 5626 2971 5696 λέγων·
3036 5623 3379 5693 ’Δπόστειλον
3422 5620 3642 5693 σεαυτῷ

362 5868 367 5876 ι
460 5791 507 5828 "
533 5790 688 5851 Joan.
716 5812 823 5864 xiv,
852 5799 905 5865 2,
942 5801 992 5854 5.
1068 5802 1115 5835 ’θ
1144 5804 1318 5859 Judic.
1352 5822 1446 5872 vn,
1477 5807 1528 5859 5.
1606 5809 1649 5839 ⁷⁸
1679 5807 1702 5862 Ι
1754 5808 1877 5863 Cor.
1915 5823 2003 5875 xv,
2042 5809 2130 5865 55.
2207 5809 2252 5841 ⁷⁸⁸
2286 5808 2406 5866 Act.
2440 5826 2549 5874 xxi,
2587 5808 2670 5864 l3.
2748 5810 2792 5841 ’τ
2821 5808 2955 5866 Luc.
2989 5807 3216 5873 Πηρὼ
