3954 6200
338 299 406 355 75

1038 299 1128 356 DE
1163 297 1607 356 ADORATI’ONE
1642 300 1711 356 IN
1751 297 2023 357 SPIRITU
2063 301 2152 357 ET
2192 300 2558 359 VERITATE.
2598 303 2728 360 LIB.
2770 305 2833 363 V.

3458 311 3557 366 ὅτι

306 413 523 484 ἀνδρας,
558 409 653 464 καὶ
699 409 1243 480 κατασηψάσθωσαν
1272 410 1371 481 τὴν
1398 411 1505 482 γῆν
1532 411 1642 465 τῶν
1694 411 1879 465 Χανα-

1999 412 2153 479 viros,
2199 423 2256 470 et
2294 414 2585 486 explorent
2627 423 2830 471 terram
2878 415 3309 475 Chananazorum
3332 450 3350 485 ν,
3399 436 3560 491 quam

303 504 491 567 ναίων,
522 501 592 573 ἢν
621 499 732 571 ἐγὼ
754 502 948 573 δίδωμι
971 505 1085 567 τοῖς
1109 504 1245 568 υἱοῖς
1281 503 1499 575 Ἰσραὴλ
1528 503 1880 574 κατάσχεσιν,

304 596 472 668 ἀνδρα
506 594 602 648 ἕνα
624 595 767 648 κατά
798 593 991 665 ⁴ρυλὴν,
1022 594 1165 648 κατά
1199 596 1403 667 δήμους
1435 593 1680 666 πατριῶν
1706 594 1884 648 αὐτῶν

302 686 624 750 ἀποστελεῖς
667 685 889 751 αὐτοὺς,
924 687 1111 742 πάντα
1153 687 1396 760 ἀρχηγὸν
1442 685 1503 752 ὲξ
1534 686 1736 741 αὐτῶν.
1772 687 1885 741 Καὶ

303 778 687 847 ἐξαπέστειλεν
716 779 915 843 αὐτοὺς
962 779 1169 851 Μωσῆς
1204 782 1269 835 ὲκ
1318 778 1420 850 τῆς
1454 781 1663 853 ἐρήμου
1703 779 1885 851 Φαράν

303 872 388 926 διά
436 871 618 942 φωνῆς
669 870 878 941 Κυρίου
902 912 916 933 ,
978 872 1179 936 πάντες
1231 871 1421 944 ἀνδρες
1468 872 1704 944 ἀρχηγοὶ
1752 873 1886 926 υἱῶν

316 961 552 1032 Ἰσραήλ.
603 980 623 1013 ι
679 959 1180 1033 ’Ᾱπηριθμημένων
1215 961 1271 1017 δὲ
1300 963 1443 1017 κατά
1477 954 1650 1033 φυλάς
1692 980 1752 1017 τε
1791 966 1889 1019 καὶ

304 1054 436 1124 γένη
468 1052 579 1107 τῶν
626 1053 1141 1124 ἒξαπεσταλμένων,
1192 1053 1445 1127 ἐπιφέρει
1484 1055 1678 1109 πάλιν·
1721 1075 1739 1109 ι
1777 1057 1888 1111 Καὶ
1928 1052 1935 1067 ⁸

306 1143 610 1207 ἀναϐάντες
651 1144 1063 1214 κατεσκέψαντο
1107 1145 1205 1216 τὴν
1234 1145 1341 1217 γῆν
1381 1147 1490 1201 ἀπὸ
1533 1148 1635 1220 τῆς
1680 1150 1886 1221 ἐρήμου

306 1239 419 1304 Σὶν,
449 1238 557 1302 ἓως
592 1236 785 1303 Ῥοὼϐ,
829 1238 1303 1311 εἰσπορευομένων
1337 1240 1534 1311 Ἐμάθ.
1566 1262 1585 1293 ι
1622 1243 1734 1296 Καὶ
1772 1242 1888 1315 μεθ’

305 1333 469 1403 ἕτερα
488 1349 503 1363 ·
539 1334 680 1387 «Καὶ
705 1329 869 1404 ἦλθον
891 1334 998 1399 ἕως
1026 1334 1311 1407 φάραγγος
1339 1336 1593 1409 Βότρυος,
1629 1339 1724 1393 καὶ
1754 1356 1889 1394 κατ-

212 1471 217 1475 .
313 1423 616 1494 εσκέψαντο
666 1426 859 1496 αὐτὴν,
896 1426 991 1480 καὶ
1024 1425 1227 1497 ἔκοψαν
1287 1427 1498 1483 ἐκεῖθεν
1545 1429 1750 1501 κλῆμα,
1797 1432 1890 1486 καὶ

308 1512 506 1585 βότρυν
543 1514 817 1586 σταφυλῆς
850 1515 946 1570 ἕνα
993 1517 1078 1570 ἐπ’
1122 1517 1311 1583 αὑτοῦ,
1348 1520 1438 1573 καὶ
1464 1515 1608 1592 ἦραν
1633 1522 1764 1576 αὐτὸ
1802 1523 1890 1576 ἐπ’

307 1604 662 1677 ἁναφορεῦσι,
693 1607 787 1659 καὶ
809 1607 919 1662 ἀπὸ
934 1607 1045 1661 τῶν
1077 1609 1258 1682 ῥοιῶν,
1293 1611 1387 1664 καὶ
1409 1613 1518 1666 ἀπὸ
1536 1613 1643 1666 τῶν
1675 1614 1887 1669 σύκων·

308 1695 403 1749 καὶ
432 1695 526 1749 τὸν
558 1697 721 1751 τόπον
749 1700 957 1752 ἐκεῖνον
986 1696 1374 1771 ἐπωνόμασαν,
1404 1702 1619 1773 φάραγξ
1638 1704 1887 1777 Βότρυος,

306 1790 396 1844 aia
441 1790 534 1844 τὸν
570 1792 785 1864 βότρυν,
819 1794 878 1848 ὃν
913 1793 1113 1866 ἔκοψαν
1160 1763 1369 1851 ἐκεῖθεν
1411 1763 1459 1851 ἐι
1486 1763 1618 1852 ὐιᾷι
1651 1763 1887 1868 Ἰσραὴλ,
1923 1763 1966 1819 Β

307 1881 405 1936 καὶ
436 1883 787 1957 ἀπέστρεψαν
835 1887 1045 1942 ἐκεῖθεν
1095 1888 1573 1961 κατασκεψάμενοι
1619 1888 1718 1948 τὴν
1762 1889 1886 1959 γῆν,

311 1974 454 2045 μετά
496 1978 901 2049 τεσσαράκοντα
927 1982 1143 2054 ἡμέρας
1166 1999 1179 2014 ·
1205 1982 1301 2035 καί
1346 1980 1703 2054 πορευθέντες
1727 1976 1890 2053 ἦλθον

309 2067 448 2139 πρὸς
476 2068 679 2141 Μωσῆν
715 2072 810 2124 καὶ
857 2072 954 2127 ’Λα
966 2072 1094 2144 ρὼν,
1146 2074 1241 2128 καὶ
1267 2074 1399 2144 πρὸς
1426 2075 1611 2138 ,πᾶσαν
1643 2090 1888 2142 συναγω-

308 2157 415 2230 γὴν
441 2159 552 2212 τῶν
570 2162 718 2217 ,υἱῶν
758 2164 978 2236 Ἰσραὴλ
1012 2166 1092 2228 είς
1118 2166 1219 2237 τὴν
1249 2164 1455 2236 ἔρημον
1482 2164 1666 2236 Φαράν
1686 2164 1903 2234 Κάδης.-

308 2248 418 2301 Καὶ
444 2250 826 2322 ἀπεκρίθησαν
856 2254 1040 2318 αὐτοῖς
1070 2255 1245 2325 ῥῆμα,
1284 2256 1376 2309 καὶ
1393 2256 1542 2328 πάσῃ
1577 2259 1891 2327 συναγωγῆς

306 2341 406 2394 καὶ.
455 2341 664 2409 ἔδειξαν
695 2344 788 2397 τὸν
831 2346 1044 2417 καρπὸν
1096 2346 1196 2418 τῆς
1247 2348 1370 2417 γῆς,
1421 2347 1515 2401 καὶ
1566 2348 1893 2419 διηγήσαντο

306 2431 480 2503 αὐτῷ,
515 2434 609 2487 καὶ
635 2431 811 2490 εἷπον·
860 2437 1131 2508 Ἤλθομεν
1155 2439 1235 2501 είς
1270 2439 1370 2510 τὴν
1399 2439 1502 2509 γῆν
1533 2441 1612 2504 εἰς
1652 2441 1721 2511 ἢν
1783 2442 1892 2495 ἀπ-

306 2523 568 2589 έστειλας
598 2528 767 2597 ἡμᾶς,
786 2529 889 2599 γῆν
918 2529 1150 2601 ῥέουσαν
1164 2531 1306 2599 γάλα
1337 2532 1430 2585 καὶ
1459 2531 1600 2603 μέλι,
1624 2532 1718 2586 καὶ⁸
1739 2527 1894 2596 οὗτος

304 2617 335 2667 ὁ
367 2618 583 2688 καρπὸς
615 2620 803 2690 αὐτῆς.
845 2619 985 2675 Ἀλλ’
1016 2619 1058 2692 ἢ·
1082 2622 1164 2675 ὅτι
1186 2621 1361 2693 θρασὺ
1397 2622 1458 2676 τὸ
1492 2623 1643 2688 ἔθνος
1670 2624 1730 2677 τὸ
1758 2640 1892 2677 κατ-

305 2706 491 2760 οικοῦν
528 2708 619 2761 ἐπ’
650 2710 842 2782 αὐτῆς,
888 2714 984 2766 καὶ
1040 2713 1227 2777 πόλεις
1255 2712 1453 2785 ὀχυραὶ
1496 2713 1895 2784 τετειχισμέναι

306 2798 402 2852 καὶ
431 2800 668 2870 μεγάλαι
703 2802 928 2873 σφόδρα,
967 2803 1063 2858 καὶ
1089 2804 1187 2876 τὴν
1214 2803 1407 2874 γενεὰν
1451 2804 1613 2859 Ἐνάκ
1642 2804 1894 2877 ἑωράκα-

311 2907 412 2960 μεν
450 2892 587 2944 ἐκεῖ.
622 2910 641 2943 ι
671 2894 869 2964 Συνίης
894 2896 1047 2957 ὅπως
1075 2895 1124 2949 οἱ
1147 2893 1437 2965 εὐπτόητοι
1459 2912 1518 2948 τε
1548 2897 1643 2966 καὶ
1670 2895 1899 2964 ἀτολμό-

306 2999 463 3035 τατοι
508 2983 617 3035 τῶν
650 2984 1111 3057 κατεσκεμμένων
1157 2986 1256 3057 τὴν
1293 2986 1395 3057 γῆν
1433 2985 1534 3057 τῆς
1566 2985 1898 3056 ἐπαγγελίας

1985 518 2088 574 ego
2134 503 2206 560 do
2240 504 2370 562 ﬁliis
2401 503 2567 563 lsr'ael
2605 507 2662 562 in
2701 508 3128 579 possessionem,
3178 511 3438 582 singulos
3467 528 3560 583 per

1986 594 2228 666 singulas
2294 597 2504 659 tribus:
2570 601 2871 657 secundum
2938 602 3171 673 populos
3233 602 3561 660 familiarum

1986 686 2233 756 ipsorum
2255 690 2443 746 mittes
2472 690 2616 757 illos,
2639 707 2859 749 omnem
2888 692 3191 764 principem
3213 710 3282 749 ex
3309 695 3461 765 ipsis.
3495 697 3565 753 Et

1985 777 2138 834 misit
2162 794 2260 835 eos
2291 780 2503 854 Moyses
2525 798 2592 838 ex
2629 783 2848 852 deserto
2874 784 3090 840 Pbaran
3124 800 3224 856 per
3244 802 3436 843 vocem
3459 788 3565 842 Do-

1988 873 2159 939 mini;
2205 889 2403 930 omnes
2438 875 2547 931 viri
2602 877 2882 947 principes
2927 875 3165 933 ﬁliorum
3206 878 3372 936 Israel
3418 880 3485 934 ’⁸.
3538 900 3555 933 ι

1987 965 2216 1033 Deinde,
2251 968 2556 1023 numeratis
2586 968 2655 1023 iis
2688 970 2781 1039 qui
2822 970 2974 1025 missi
2996 978 3144 1036 sunt,
3183 987 3282 1041 per
3314 972 3489 1028 tribus
3509 981 3567 1029 et

1987 1073 2221 1129 genera,
2257 1059 2512 1131 adiungit
2552 1059 2752 1116 iterum
2798 1079 2811 1115 :
2854 1079 2874 1113 ι
2903 1061 2973 1117 Εῑ
3003 1078 3128 1118 cum
3164 1064 3563 1130 ascendissent,

1987 1148 2411 1217 exploraverunt
2460 1156 2657 1204 terram
2706 1148 2861 1221 151’
2895 1165 2925 1205 a
2965 1149 3184 1206 deserto
3220 1152 3348 1217 Sin,
3389 1169 3565 1224 usque

1989 1240 2168 1307 Roob,
2194 1241 2531 1310 intrantibus
2550 1244 2747 1299 Emath
2770 1244 2867 1298 τ’.»
2892 1244 2961 1299 Ει
2981 1252 3106 1316 post
3126 1246 3422 1301 nonnulla:
3454 1267 3471 1298 ι
3499 1247 3567 1301 Ει

1989 1344 2262 1389 venerunt
2281 1350 2452 1406 usque
2473 1335 2541 1390 ad
2574 1334 2771 1394 vallem
2794 1335 2964 1402 Botri,
2993 1343 3050 1392 et
3075 1336 3567 1392 consideraverunt

1989 1438 2131 1489 eam,
2167 1433 2225 1480 et
2275 1425 2633 1483 absciderunt
2670 1427 2801 1484 inde
2839 1428 3146 1498 palmitem,
3219 1438 3275 1484 et
3342 1429 3587 1483 botrum.

1991 1526 2111 1568 uvae
2136 1528 2306 1567 unum
2327 1527 2493 1585 super
2522 1531 2671 1581 eum,
2713 1524 2768 1571 et
2791 1517 3137 1571 sustulerunt
3175 1517 3332 1571 illum
3383 1516 3439 1571 in
3470 1533 3566 1572 ve-

1991 1602 2196 1669 ctibus,
2244 1613 2300 1659 et
2351 1605 2420 1661 de
2463 1606 2870 1678 malogranatis,
2919 1613 2977 1662 et
3010 1607 3077 1663 de
3113 1607 3328 1674 ﬁcis;et
3384 1607 3602 1662 locum.

1994 1692 2145 1749 illum
2169 1696 2585 1765 appellaverunt
2603 1697 2802 1752 vallem
2831 1697 2984 1752 Botri
3010 1738 3023 1761 ,
3051 1705 3278 1768 propter
3322 1697 3564 1761 botrum,

1992 1800 2158 1857 quem
2186 1787 2544 1844 absciderunt
2575 1788 2702 1844 inde
2728 1788 2824 1843 ﬁlii
2866 1789 3052 1845 ISrael.
3081 1788 3151 1844 Et
3180 1788 3388 1844 reversi
3438 1798 3569 1843 sunt

1991 1877 2141 1943 inde,
2175 1889 2461 1950 postquam
2490 1881 2912 1954 exploraverunt
2938 1888 3162 1945 terram,
3192 1887 3317 1952 post
3331 1879 3568 1952 quadra-

1991 1970 2141 2041 ginta
2165 1970 2303 2036 dies,
2321 1979 2379 2026 et
2395 1979 2592 2027 euntes
2612 1979 2884 2028 venerunt
2909 1971 2977 2028 ad
2996 1972 3216 2044 Moysen
3230 1979 3285 2027 et
3296 1970 3496 2035 Aaron,
3514 1979 3569 2026 et

1992 2061 2061 2117 ad
2088 2064 2815 2135 omnem'congregationem
2839 2063 3072 2119 ﬁliorum
3096 2062 3261 2118 Israel
3303 2063 3360 2117 in
3387 2061 3573 2117 deser-

1991 2158 2108 2205 tum
2124 2151 2359 2217 Pbaran,
2380 2150 2436 2205 in
2457 2151 2649 2206 Gades.
2673 2152 2742 2205 Et
2766 2151 3164 2221 responderunt
3188 2149 3296 2204 illis
3317 2148 3568 2210 verbum,

1990 2250 2049 2298 et
2088 2242 2356 2297 universae
2409 2220 2963 2313 congregationifet
3019 2241 3382 2296 ostenderunt
3439 2239 3575 2309 ipsis

1990 2331 2232 2387 fructum
2269 2341 2450 2397 terrae,
2497 2342 2555 2387 et
2589 2338 2956 2386 narraverunt
2975 2331 3059 2385 eis
3096 2328 3344 2386 dicentes
3374 2329 3574 2384 :Vcni-

1992 2439 2116 2478 mus
2149 2424 2206 2479 in
2241 2433 2441 2479 terram
2481 2439 2592 2493 quo
2649 2422 2847 2477 misisti
2895 2438 3018 2487 nos,
3060 2430 3262 2477 terram
3311 2420 3571 2476 ﬂuentem

1993 2515 2133 2571 lacte
2161 2524 2219 2570 et
2259 2515 2455 2580 melle;
2493 2524 2551 2577 et
2579 2513 2672 2569 hic
2711 2523 2798 2576 est
2838 2513 3052 2569 fructus
3085 2514 3206 2585 ejus
3242 2529 3257 2565 :
3287 2511 3397 2567 nisi
3424 2511 3589 2581 quod

1993 2606 2172 2661 audax
2213 2615 2299 2662 est
2327 2621 2461 2677 gens
2511 2620 2634 2676 qua:
2665 2605 2878 2661 habitat
2904 2605 2960 2659 in
2988 2604 3124 2675 ipsa,
3161 2612 3218 2659 et
3242 2603 3410 2659 urbes
3448 2619 3573 2657 mu-

1994 2697 2144 2761 nitie,
2167 2704 2224 2752 et
2252 2713 2462 2768 magnae
2484 2698 2872 2762 vehementer,
2907 2704 2963 2752 et
3003 2697 3232 2767 stirpem
3275 2695 3423 2750 Enac
3489 2695 3573 2747 vi-

1996 2787 2179 2842 dimus
2212 2787 2289 2843 ibi
2316 2788 2382 2842 3°.
2424 2807 2443 2839 ι
2482 2788 2747 2859 lntelligis
2773 2788 2900 2843 illos
2926 2787 3146 2843 timidos
3202 2802 3266 2842 ac
3285 2786 3575 2842 meticulo-

1998 2892 2087 2933 sos
2130 2886 2291 2933 terrae
2335 2878 2726 2949 promissionis
2753 2878 3132 2948 erploratores
3167 2875 3454 2932 manifeste
3493 2890 3586 2941 re-.

1997 2968 2212 3040 gionem
2240 2970 2387 3025 illam
2418 2970 2626 3026 vitibus
2669 2970 2914 3026 ferendis
2966 2978 3147 3039 aptam
3187 2984 3308 3024 esse
3332 2983 3396 3023 ac
3447 2967 3575 3039 pin-

308 3075 737 3148 ὡμολογήκασιν
766 3079 1036 3150 ἐναργῶς,
1059 3080 1135 3143 ὡς
1160 3079 1300 3151 εὐάμ
1311 3080 1470 3144 πελός
1496 3097 1555 3133 τε
1575 3080 1670 3133 καὶ
1695 3080 1835 3133 πίων
1862 3082 1896 3150 ἡ

1999 3077 2182 3131 gnem,
2222 3070 2280 3117 et
2303 3062 2537 3118 maturis
2565 3062 2841 3118 fruetibus
2885 3061 3257 3117 abundantem
3297 3059 3581 3115 confessos

309 3171 408 3239 γῆ,
444 3169 541 3222 καὶ
567 3173 800 3241 καρποῖς
821 3171 1043 3242 ὡραίοις
1075 3171 1377 3244 διαϐριθὴς,
1403 3172 1815 3243 παραπλέκουσι
1839 3174 1898 3227 δὲ

308 3261 528 3326 τούτοις
558 3262 627 3316 τὰ
656 3264 736 3332 εἰς
765 3263 990 3327 δειλίαν,
1023 3264 1197 3335 θρασὺ
1231 3264 1330 3334 μὲν
1357 3264 1420 3318 τδ
1443 3264 1593 3328 ἔθνος
1627 3263 1685 3317 τὸ
1712 3280 1909 3318 καίτοι--Δ

311 3353 442 3408 κοῦν
473 3355 856 3426 ὀνομάζοντες,
900 3357 1085 3423 πόλεις
1124 3375 1185 3411 τε
1213 3356 1418 3429 ὀχυρὰς
1443 3358 1537 3411 καὶ
1560 3357 1899 3428 τετειχισμέδ

311 3466 408 3511 νας
440 3450 555 3503 ἀνω
587 3449 680 3502 καὶ
714 3450 863 3505 κάτω
885 3450 1157 3519 λέγοντες,
1177 3451 1273 3505 καὶ
1293 3451 1392 3521 τῆς
1414 3452 1507 3505 ἐπὶ
1528 3450 1589 3504 τὸ
1607 3450 1902 3523 κρατήσειν

312 3535 533 3602 ἒλπῖδος
561 3538 885 3605 ὲξιστῶντες
913 3540 1005 3595 τὸν
1062 3540 1303 3614 Ἰσραὴλ,
1338 3540 1433 3597 καὶ⁸
1464 3536 1900 3612 καταφοϐοὖντες
1972 3589 1978 3594 .

316 3632 396 3694 εἰς
421 3630 717 3703 ἀνανδρίαν
738 3651 754 3700 ;

387 3724 599 3780 ΠΔΛΛ.
637 3717 765 3779 Ὧδε
793 3723 927 3797 ἔχει.

385 3817 557 3871 ΚΥΡ.
605 3816 746 3871 Ἀλλ’
771 3818 889 3888 οἶγε
914 3817 1071 3888 σοφοὶ
1108 3819 1213 3873 καὶ»
1236 3820 1490 3885 νεανικοὶ,
1522 3820 1703 3874 Χαλέϐ
1724 3836 1783 3874 τε
1809 3819 1915 3875 καὶ*

328 3903 562 3978 Ἰησοῦς,
584 3909 704 3971 ταῖς
737 3908 961 3962 ἐκείνων
986 3907 1295 3981 τερθρείαις
1323 3908 1401 3981 (1)
1435 3909 1900 3977 ἀνθειστήκεισαν,

315 3992 568 4065 λέγοντες
592 3996 730 4066 πρός
765 4014 826 4051 τε
856 3997 947 4051 τὸν
978 3998 1105 4067 λαὸν
1139 3998 1347 4053 καὶτὸν
1369 3999 1575 4053 Μωσέα
1606 4000 1696 4053 τὸν
1726 4000 1897 4071 ἱερόνσ

320 4107 339 4140 ι
387 4088 528 4159 Οὐχί
546 4101 562 4117 ’
598 4087 733 4143 ἀλλά
766 4090 1070 4155 ἀναϐάντες
1098 4090 1486 4163 ἀναϐησόμεθα
1501 4092 1604 4150 καὶ
1633 4094 1906 4166 κατακλη-

314 4180 700 4250 ρονομήσομεν
729 4180 918 4252 αὐτὴν,
948 4183 1031 4236 ὅτι
1064 4181 1410 4254 δυνησόμεθα
1453 4181 1590 4254 πρὸς
1623 4181 1840 4247 αὐτούς.
1876 4202 1898 4236 ι

314 4264 644 4341 Κατέληγον
673 4269 732 4325 δὲ
786 4270 1040 4343 οὐδαμῶς
1088 4274 1136 4325 οἱ
1187 4272 1685 4344 συναπεσταλμένοι
1708 4313 1724 4339 ,
1776 4273 1905 4328 δυσ-

311 4361 530 4415 ἀλωτον
564 4361 783 4417 ἔσεσθαι
830 4363 1303 4435 διαϐεϐαιούμενοι
1334 4366 1448 4429 τοῖς
1472 4363 1533 4430 ἐξ
1569 4365 1785 4438 Ἰσραὴλ
1806 4366 1907 4438 τῆς

2003 3168 2160 3207 esse:
2188 3160 2567 3208 verumtamen
2593 3153 2682 3209 bis
2704 3168 2767 3208 ea
2796 3160 3134 3209 connectunt
3181 3165 3303 3221 qua:
3324 3149 3599 3227 timorem

2003 3244 2347 3299 incuterent:
2390 3243 2652 3298 audacem
2698 3243 2954 3298 videlicet
2998 3249 3238 3313 gentem,
3291 3256 3413 3310 quae
3469 3237 3580 3293 illic

2001 3333 2298 3398 habitaret,
2320 3332 2680 3403 appellantes,
2734 3332 2903 3387 urbes
2939 3347 3161 3402 quoque
3206 3331 3446 3385 munitas
3491 3338 3577 3383 at—

2003 3441 2109 3496 que
2142 3432 2387 3479 muratas
2410 3422 2710 3479 identidem
2745 3422 3082 3487 dictitantes,
3108 3429 3165 3476 et
3208 3436 3240 3476 a
3272 3435 3367 3490 spe
3401 3421 3579 3474 victo-

2006 3516 2105 3572 riae
2131 3516 2395 3587 populum
2421 3514 2639 3570 Israelis
2667 3512 3004 3569 deducentes
3028 3554 3042 3579 ,
3068 3522 3126 3569 et
3148 3519 3299 3567 metu
3328 3509 3396 3565 ad
3430 3510 3582 3581 igua.

2002 3607 2145 3662 viam
2186 3604 2550 3677 impellentes.

2075 3719 2271 3775 PALL.
2305 3719 2396 3776 Sic
2418 3735 2476 3776 se
2503 3720 2690 3775 habet.

2081 3813 2238 3869 (ΠΒ.
2274 3812 2381 3869 Sed
2411 3813 2506 3884 qui
2539 3813 2683 3867 inter
2705 3812 2828 3867 illos
2856 3818 3013 3867 erant
3045 3810 3321 3881 sapientes
3350 3814 3587 3861 acstrc—

2006 3905 2124 3970 nui,
2163 3903 2328 3958 Caleb
2353 3910 2411 3958 et
2441 3903 2621 3967 Iesus,
2649 3901 2867 3957 illorum
2906 3900 3064 3955 vanis
3097 3896 3448 3954 sermonibus
3488 3893 3587 3948 ob.

2007 3993 2290 4056 stiterunt,
2319 3990 2570 4049 dicentes
2605 3990 2673 4044 ad
2696 3988 2961 4059 populum
3001 3994 3058 4041 et
3073 3985 3141 4040 ad
3162 3985 3382 4057 Moysen
3408 4000 3423 4036 :
3454 3981 3589 4035 «Mi-

2006 4085 2190 4149 nime;
2223 4081 2319 4136 scd
2359 4080 2718 4137 ascendentes
2750 4077 3133 4141 ascendemus,
3181 4082 3238 4131 et
3278 4073 3587 4146 possidebi-

2008 4190 2134 4231 mus
2160 4173 2349 4240 illam;
2393 4170 2522 4242 quia
2567 4176 2822 4241 potentes
2864 4168 3169 4239 poterimus
3214 4164 3481 4223 adversus
3519 4163 3584 4218 il-

2007 4272 2093 4327 los
2132 4269 2199 4322 εί.
2252 4287 2270 4320 i
2316 4264 2511 4324 Ceteri
2553 4270 2737 4318 autem
2777 4262 2871 4333 qui
2918 4260 3071 4316 missi
3114 4259 3368 4326 fuerant,
3425 4258 3588 4314 ﬁnem

2011 4363 2227 4420 nullum
2252 4357 2536 4417 asserendi
2558 4355 2850 4421 faciebant,
2883 4354 3355 4432 inexpugnabilem
3375 4352 3493 4407 fore
3523 4350 3589 4405 ﬁ-

311 4453 656 4523 ὲπαγγελίας
676 4456 777 4528 τὴν
804 4456 927 4528 γῆν.
962 4451 1094 4510 Εἶτά
1119 4474 1282 4530 φησιν
1304 4474 1319 4488 ·
1355 4476 1375 4509 ι
1411 4458 1522 4512 Καὶ
1560 4458 1898 4513 ἀναλαϐοῦσα

2005 4454 2097 4510 liis
2113 4452 2278 4509 Israel
2296 4447 2921 4523 promissionisterram.
2940 4445 3150 4501 Deinde
3169 4444 3347 4515 inquit
3376 4461 3391 4496 :
3423 4462 3442 4495 ι
3461 4442 3591 4499 Ele-

312 4548 472 4599 πᾶσα
503 4547 538 4617 ἡ
569 4548 879 4620 συναγωγὴ,
902 4548 1101 4604 δέδωκε
1136 4551 1340 4622 φωνὴν,
1367 4550 1460 4605 καὶ
1488 4549 1703 4606 ἔκλαιεν
1734 4554 1762 4607 ὁ
1781 4552 1898 4619 λαὸς

2012 4560 2149 4602 vans
2173 4544 2435 4600 universa
2453 4540 2803 4613 congregatio
2820 4538 2973 4595 dedit
2996 4551 3209 4602 vocem,
3231 4542 3288 4592 et
3311 4533 3461 4590 ﬂevit
3491 4548 3591 4604 po-

312 4637 451 4708 ὂλην
475 4637 581 4707 τὴν
609 4639 779 4692 νύκτα
800 4641 1037 4712 ὲκείνην,
1070 4641 1164 4695 καὶ
1200 4641 1551 4711 διεγόγγυζον
1584 4643 1678 4697 ἐπὶ
1702 4644 1898 4716 Μωσῆς

2011 4639 2177 4710 pulus
2196 4644 2310 4692 tota
2339 4635 2432 4691 illa
2458 4641 2660 4701 nocte;
2705 4641 2761 4687 et
2795 4637 3280 4686 murmuraverunt
3328 4624 3594 4682 adversus

312 4726 417 4778 καὶ
454 4725 670 4798 ’Δαρὼν
707 4727 906 4792 πάντες
950 4729 1001 4782 οἱ
1045 4728 1153 4783 υἱοὶ
1205 4730 1456 4802 Ἰσραήλ·
1494 4732 1588 4786 καὶ
1616 4728 1738 4786 εἶπε
1772 4734 1910 4805 πρὸς

313 4816 525 4881 αὐτοὺς
554 4819 707 4871 πᾶσα
733 4819 766 4889 ή
790 4821 1101 4892 συναγωγή*
1135 4821 1367 4891 Ὄφελον
1393 4822 1739 4894 ἀπεθάνομεν
1757 4827 1816 4879 ὲν
1838 4827 1908 4897 γῇ

314 4907 628 4976 Αἰγύπτου,
666 4907 700 4979 ἢ
739 4909 795 4962 έν
842 4909 910 4979 τῇ
954 4909 1147 4982 ἐρήμῳ
1176 4908 1373 4983 ταύτῃ,
1429 4911 1480 4963 εί
1531 4910 1875 4984 ἀπεθάνομεν
1894 4929 1919 4943 ὀ

317 5001 421 5053 καὶ
456 5000 553 5054 ἵνα
575 5000 630 5054 τί
654 5000 863 5073 Κύριος
892 5002 1101 5072 εἰσάγει
1144 5002 1295 5074 ἡμᾶς
1324 5003 1405 5075 εἰς
1437 5001 1536 5075 τὴν
1574 5003 1679 5075 γῆν
1710 5003 1917 5075 ταύτην

326 5095 528 5147 πεσεῖν
581 5095 641 5146 ὲν
666 5092 747 5164 τῷ
780 5091 1038 5166 πολέμῳ;
1080 5094 1147 5147 Αἱ
1186 5097 1444 5164 γυναῖκες
1488 5094 1650 5166 ἡμῶν
1695 5095 1793 5150 καὶ
1847 5096 1917 5151 τὰ

322 5185 521 5239 παιδία
553 5182 768 5239 έσονται
795 5185 876 5249 εἰς
897 5185 1235 5258 διαρπαγήν.
1269 5185 1385 5242 Νῦν
1413 5181 1508 5242 οὗν
1544 5184 1751 5257 βέλτιον
1783 5189 1916 5260 ἡμῖν

324 5277 483 5331 ἐστιν
514 5276 939 5349 ἀποστραφῆναι
968 5277 1048 5342 εἰς
1082 5276 1380 5347 Ἀίγυπτον.
1416 5279 1527 5333 Καὶ
1558 5273 1770 5337 εἷπον,ὁ
1796 5279 1916 5334 Ete-

327 5384 425 5439 ρος
455 5367 540 5439 τῷ
588 5368 785 5442 ἑτέρῳ·
817 5368 1009 5440 Δῶμεν
1054 5368 1322 5442 ἀρχηγὸν,
1358 5369 1454 5424 καὶ
1481 5370 1916 5444 ἁποπρέψωμεν

388 5509 442 5541 ⁷⁸
465 5508 633 5563 Num.
656 5524 755 5574 im,
775 5510 812 5564 5
832 5524 984 5582 seqq.

1060 5508 1273 5565 "ibid.
1307 5507 1398 5563 22.
1472 5508 1517 5541 κο
1547 5507 1680 5564 ibid.
1712 5507 1776 5563 ei
1807 5522 1961 5580 seqq.

2013 4730 2234 4803 Moysen
2277 4727 2343 4784 et
2357 4728 2538 4783 Aaron
2566 4738 2763 4781 omnes
2802 4718 2899 4778 ﬁlii
2927 4723 3115 4787 Israel,
3144 4727 3201 4777 et
3225 4718 3364 4775 dixit
3399 4716 3466 4773 ad
3499 4731 3596 4774 eos

2012 4822 2271 4877 universa
2292 4819 2647 4892 congregatio
2666 4817 2904 4872 ﬁliorum
2923 4815 3089 4871 Israel
3112 4833 3125 4867 :
3149 4812 3367 4869 Utinam
3389 4809 3609 4867 mortui.

2018 4928 2266 4970 essemus
2287 4913 2345 4967 in
2368 4920 2510 4967 terra
2542 4910 2779 4983 Egypti,
2817 4915 2913 4964 aut
2962 4908 3018 4963 in
3058 4907 3163 4962 hac
3207 4904 3503 4961 solitudine
3549 4903 3615 4960 si-

2017 5009 2223 5065 mortui
2243 5008 2522 5065 essemus!
2547 5007 2617 5061 Et
2634 5021 2734 5061 cur
2759 5004 3026 5060 Dominus
3046 5001 3257 5057 inducit
3284 5015 3387 5056 nos
3405 4999 3459 5055 in
3482 5007 3595 5054 ter-

2017 5114 2133 5156 ram
2171 5100 2334 5165 hanc,
2363 5105 2427 5153 ut
2446 5097 2708 5154 cadamus
2731 5096 2788 5151 in
2816 5094 3004 5151 bello?
3038 5094 3249 5152 Uxores
3293 5103 3496 5148 nostrae
3543 5097 3617 5145 et:

2015 5192 2176 5249 liberi
2210 5186 2374 5247 erunt
2395 5192 2451 5245 in
2470 5189 2858 5261 direptiOnem.
2883 5186 3041 5244 Nunc
3073 5184 3229 5257 152
3269 5186 3437 5257 igitur
3479 5197 3597 5237 me-

2014 5283 2125 5340 lius
2144 5291 2230 5341 est
2245 5283 2409 5340 nobis
2440 5282 2645 5338 reverti
2674 5281 2732 5335 in
2752 5277 3064 5351 Egyptum.
3088 5278 3159 5334 Et
3183 5278 3443 5333 dixerunt
3457 5272 3601 5327 alter

2016 5373 2084 5429 ad
2101 5374 2334 5430 alterum
2357 5391 2370 5428 :
2390 5372 2803 5429 Constituamus
2832 5369 3160 5440 principem,
3179 5373 3236 5422 et
3257 5368 3609 5419 revertamur

2038 5508 2082 5542 ⁸¹
2123 5507 2258 5564 ibid.
2286 5509 2377 5565 '5l.

405 5644 489 5721 (1)
522 5646 616 5721 Sic
682 5648 857 5704 codex
920 5648 1144 5719 Sirleti;
1218 5647 1432 5706 at‘cod.
1484 5649 1629 5719 νειμ,
1671 5648 1892 5706 ἐκείνων

1999 5647 2175 5714 ίιλίαις
2219 5647 2311 5704 καὶ
2354 5645 2788 5721 ματαιολογίαις,
2822 5641 2969 5717 quod
3014 5638 3414 5713 expositionem
3468 5645 3604 5708 puto

325 5733 388 5770 τε
398 5717 465 5786 ρῦ
473 5735 531 5789 pa
540 5718 658 5772 ιῶν.
