3954 6200
320 5323 335 5354 1

315 5369 335 5400 ξ

321 265 428 321 375
1317 267 1374 320 S.
1415 266 1690 322 CYRIILI
1725 267 2199 328 ALEXANDRINI
2239 275 2555 332 ARCHIEP.
3487 278 3587 335 376

324 389 379 443 in
402 386 694 461 Egyptum
717 387 783 441 ".
824 406 843 438 ι
893 386 974 441 Ad
1003 400 1122 443 eam
1146 386 1521 444 infelicitatem
1542 399 1600 445 et
1641 389 1910 461 ignaviam

2051 394 2096 457 ίς
2125 395 2423 466 Αἴγυπτον.
2447 418 2465 451 ι
2493 400 2585 464 Ei;
2611 397 2766 453 τοῦτο
2795 399 2896 471 μὲν
2919 399 3230 472 ἀθλιότητός
3245 419 3303 454 τε
3322 403 3414 457 καὶ
3427 405 3589 460 ἀναν-

321 483 546 554 delapsa
571 491 656 538 est
689 481 944 571 universa
976 479 1344 550 congregatio.
1367 479 1507 536 Cum
1536 497 1668 536 vero
1696 481 1820 537 illos
1837 482 1908 537 ad

2051 488 2167 558 ρίας
2195 493 2228 562 ή
2267 494 2418 546 πᾶσα
2450 491 2759 548 κατώλισθε
2793 496 3106 570 συναγωγῇ.
3136 495 3504 564 Μεθιστάντος
3533 499 3589 554 δὲ

325 574 496 630 animi
520 570 836 627 ﬁrmitatem
863 570 1162 628 transferre
1188 572 1913 642 quodammodoconarctur

323 667 485 723 Jcsus
503 665 652 720 Nave
677 663 842 726 filius,
878 672 934 718 et
962 673 1173 720 vestem
1212 664 1569 730 discinderet,
1602 665 1912 736 multasque

327 757 517 812 laudes
540 755 608 811 de
633 754 894 811 tcrrailla
937 755 1284 826 praedicaret,
1326 756 1653 812 conﬁrmare
1703 757 1915 812 animos

327 847 589 904 nolebant
615 865 626 902 :
662 846 759 903 sed
789 847 960 902 stulte
983 847 1106 902 illos
1135 847 1468 918 abjiciendo,
1499 864 1658 904 suum
1703 865 1914 919 propu-

327 947 614 1010 gnatorem
660 941 833 996 Deum
873 939 1116 1010 graviter
1162 939 1534 1005 oﬂ‘enderunt,
1585 953 1755 1009 seque
1797 939 1915 1010 spei

327 1049 439 1087 sua:
458 1042 739 1104 compotes
774 1032 892 1088 ﬁeri
934 1046 1095 1103 posse
1139 1031 1256 1087 suis
1319 1031 1534 1086 viribus
1580 1032 1912 1087 tribuerunt.

329 1127 521 1197 Itaque
568 1126 659 1181 ille
706 1125 872 1180 etiam
904 1125 1128 1198 iuravit,
1156 1123 1390 1181 dicens:
1428 1143 1445 1176 ι
1474 1124 1530 1180 Si
1568 1124 1778 1180 videbit
1815 1125 1914 1178 ali-

328 1219 455 1288 quis
481 1219 680 1278 horum
703 1218 990 1274 hominum
1031 1226 1232 1273 terram
1264 1233 1428 1287 quam
1451 1218 1630 1289 juravi
1665 1217 1918 1287 patribus

329 1325 542 1376 eorum,
573 1308 960 1381 praeterCaleb
994 1307 1165 1363 ﬁlium
1201 1307 1469 1378 lepbone,
1504 1317 1560 1362 et
1587 1307 1771 1362 Jesum
1809 1307 1915 1361 Na-

330 1417 397 1457 ve
417 1401 483 1456 3’.
519 1421 537 1452 ι
581 1401 724 1457 Num
755 1401 923 1474 igitur
952 1408 1039 1455 est
1058 1399 1376 1470 ambiguum
1411 1399 1546 1468 quin
1573 1399 1740 1453 homo
1771 1397 1918 1451 timi-

331 1493 456 1558 dus,
486 1499 543 1547 et
579 1491 790 1547 laboris
823 1490 1135 1560 impatiens,
1177 1498 1235 1544 et
1277 1487 1508 1544 modicae
1554 1485 1704 1551 iidei,
1733 1500 1920 1541 secum

332 1583 499 1638 etiam
529 1592 758 1639 ceteros
782 1581 997 1654 perdat,
1038 1595 1180 1652 quos
1215 1579 1521 1650 corrumpit
1553 1578 1713 1634 malis
1750 1578 1922 1633 collo-

331 1674 498 1746 quiis,
525 1689 588 1729 ac
610 1673 776 1729 sortis
811 1673 980 1739 illius,
1005 1673 1232 1743 speique
1266 1671 1324 1728 in
1354 1672 1530 1728 Deum
1567 1670 1640 1726 sit
1681 1684 1918 1739 expers;

334 1774 635 1835 contraque
675 1765 765 1819 ille
789 1763 950 1820 fortis
973 1779 1040 1819 ac
1061 1771 1342 1829 strenuus,
1371 1771 1427 1818 et
1449 1762 1568 1832 spei
1599 1775 1844 1831 compos,
1867 1768 1923 1815 et
1954 1739 1996 1794 Β

334 1857 547 1913 amicus
567 1857 663 1913 Dei
691 1857 764 1912 sit
788 1856 1009 1911 futurus
1028 1855 1052 1908 ί

407 1949 607 2004 PALL.
651 1948 875 2004 Minime
924 1947 1146 2018 quidem
1187 1949 1543 2020 ambiguum:
1598 1947 1731 2001 satis
1777 1945 1926 2000 enim

337 2042 630 2111 probatum
653 2051 760 2096 est.

407 2133 568 2188 CYlt.
609 2133 798 2204 Igitur,
836 2134 1238 2204 utaprincipio
1275 2133 1614 2197 dicebamus,
1648 2132 1742 2202 qui
1784 2130 1928 2185 deti-

341 2233 504 2280 netnr
545 2223 839 2278 mundanis
886 2223 1299 2294 voluptatibus,
1345 2224 1392 2280 is
1443 2224 1664 2293 ineptus
1703 2231 1788 2276 cst
1834 2221 1927 2292 qui

342 2315 396 2367 in
425 2312 544 2368 acie
579 2312 855 2383 spirituali
885 2322 1228 2369 numeretur.

410 2402 611 2460 PALL.
635 2403 702 2459 Et
727 2403 952 2460 merito.

411 2495 572 2552 CYR.
634 2495 777 2550 Illud
830 2511 1051 2568 quoque
1107 2494 1414 2550 addiderim
1465 2494 1543 2565 (id
1584 2493 1732 2549 enim
1783 2491 1930 2562 quod

343 2582 604 2652 prodesse
627 2590 826 2653 potest,
849 2598 1179 2654 magnopere
1205 2582 1612 2639 observandum
1627 2581 1888 2652 arbitror)
1917 2600 1928 2636 :

345 2675 444 2746 qui
494 2675 754 2730 virtutem
795 2674 1033 2746 aliquam
1069 2676 1252 2732 colere
1293 2691 1472 2746 nuper
1513 2675 1762 2746 cmperit,’
1805 2690 1934 2730 eum

345 2765 570 2820 minime
612 2764 794 2821 adhuc
831 2763 900 2818 ad
940 2781 1178 2838 pugnam
1217 2775 1404 2836 aptum
1447 2781 1589 2831 esse,
1635 2765 1731 2821 sed
1773 2781 1936 2836 posse

343 2857 415 2912 ad
443 2857 639 2912 vitium
661 2857 821 2913 facile
845 2857 1190 2929 detorqueri.

422 2937 621 3007 i’ALL.
663 2949 766 3018 Qui
789 2951 1010 3007 tandem
1038 2951 1188 3006 istud
1217 2953 1461 3007 asseris?

417 3044 578 3100 (ΝΒ.
614 3042 675 3098 In
716 3043 1148 3100 Deuteronomio
1193 3043 1461 3114 scriptum
1515 3054 1599 3100 est
1628 3063 1639 3098 :
1673 3065 1690 3093 ο
1721 3045 1781 3099 Si
1813 3045 1938 3116 quis

350 3151 527 3206 nuper
559 3150 787 3193 uxorem
815 3135 1055 3202 duxerit,
1090 3152 1203 3191 non
1248 3136 1569 3206 egredietur
1604 3137 1672 3192 ad
1711 3137 1936 3201 bellum,

349 3240 530 3296 neque
568 3226 882 3304 imponetur
915 3227 964 3282 ei
990 3228 1162 3282 ullum
1188 3228 1493 3298 negotium.
1538 3228 1804 3284 immunis
1833 3229 1941 3284 erit

355 3316 412 3371 in
449 3315 615 3371 domo
654 3333 753 3373 sua
792 3332 937 3373 anno
976 3331 1108 3383 uno,
1148 3316 1450 3382 lgetilicabit
1493 3333 1719 3373 uxorem
1763 3333 1939 3383 suam,

353 3423 517 3480 quam
543 3409 756 3480 accepit
786 3409 854 3464 ⁸⁵.
884 3429 902 3460 ι
938 3408 1078 3464 Num
1107 3408 1292 3480 igitur,
1321 3407 1558 3472 Palladi,
1589 3409 1691 3463 soli
1732 3423 1796 3463 ac
1836 3424 1942 3462 nu-

356 3502 440 3558 da:
459 3503 658 3560 litterae
695 3500 1077 3559 inhaerendum
1099 3509 1204 3566 est,
1227 3510 1284 3556 et
1304 3507 1500 3555 auctor
1521 3499 1613 3554 ille
1634 3500 1789 3570 legis,
1812 3515 1938 3556 cum

357 3593 431 3649 sit
450 3593 672 3648 virtutis
691 3600 923 3657 amator,
949 3591 1098 3647 domi
1120 3607 1234 3647 sua:
1256 3590 1469 3646 scilicet
1487 3589 1719 3645 collocat
1738 3607 1948 3662 pugna-

359 3694 558 3749 torem,
581 3699 766 3753 neque
804 3682 1078 3752 permittit
1099 3681 1322 3737 laudem
1340 3682 1408 3737 de
1429 3683 1637 3738 virtute
1677 3698 1944 3753 quaerere,

357 3775 471 3831 leui
519 3790 584 3831 ac
627 3773 829 3846 frigido
868 3771 1118 3842 mulieris
1161 3771 1416 3827 convictu
1477 3780 1797 3843 superatum
1822 3814 1836 3838 ,
1893 3783 1952 3829 et

359 3869 542 3924 carnis
593 3867 955 3941 cupiditatem
1009 3864 1358 3923 necessitatis
1399 3865 1567 3922 rebus
1613 3875 1950 3937 praeverten-

362 3961 512 4018 tem?

430 4051 629 4108 PALL.
661 4052 884 4110 Minime
912 4067 1044 4108 vero
1081 4053 1186 4109 hoc
1224 4052 1358 4108 illud
1399 4066 1522 4108 esse
1559 4051 1951 4114 concesserim,

359 4146 511 4216 quod
533 4146 666 4219 legis
692 4147 902 4202 auctori
927 4146 1234 4218 placuerit:
1269 4145 1365 4201 sed
1424 4161 1525 4217 par
1565 4153 1650 4202 est
1689 4142 1952 4214 probabi-

359 4239 470 4297 lem
491 4239 730 4310 aliquam
753 4239 809 4294 in
837 4255 903 4295 ea
934 4254 995 4294 re
1017 4239 1190 4294 latere
1219 4239 1521 4295 rationem.

431 4330 589 4388 CYR.
614 4331 786 4403 Igitur
814 4330 948 4386 illud
973 4330 1175 4402 ipsum,
1203 4331 1353 4402 quod
1390 4331 1526 4393 dixi,
1552 4337 1816 4400 repetam.
1850 4328 1954 4396 Qui

2013 580 2200 656 ὥσπερ
2233 587 2313 649 είς
2351 586 2643 657 εὐτολμίαν
2687 587 2886 651 αὐτοὺς
2923 587 3099 658 Ἰησοῦ
3141 589 3238 643 τοῦ
3279 588 3454 662 Ναυῆ,
3499 593 3593 646 καὶ

2016 677 2484 749 περιρρηγνύντος
2518 679 2617 750 μὲν
2663 681 2762 751 τὴν
2793 680 3016 752 ἐσθῆτα,
3053 683 3225 754 μυρία
3271 683 3329 736 δὲ
3358 684 3458 737 ὅσα
3493 683 3591 752 τῆς

2015 768 2118 838 γῆς
2162 769 2414 841 ἐγκώμια
2448 772 2832 844 καταχέοντος,
2874 773 3203 847 ἀναθαρσεῖν
3234 776 3338 829 οὐκ
3370 775 3590 847 ἠθελον·

2017 859 2459 927 καταλυποῦντες
2514 863 2571 917 δὲ
2615 867 2735 930 ταῖς
2785 865 3035 936 ἀνοήτοις
3077 865 3468 938 μικροιῖιυχίαις
3504 867 3595 920 τὸν

2019 949 2368 1022 ὲπαμύνοντα
2398 953 2554 1022 Θεὸν,
2575 955 2669 1009 καὶ
2697 957 2818 1021 ταῖς
2848 955 3060 1012 ἑαυτῶν
3081 955 3384 1028 ’δυνάμεσιν
3406 957 3598 1010 ἀπονέ-

2022 1060 2216 1113 μοντες
2245 1044 2347 1116 τὴν
2373 1045 2471 1117 τῆς
2497 1046 2711 1111 ἐλπίδος
2730 1047 3093 1119 κατόρθωσιν.
3109 1047 3400 1119 Τοιγάρτοι
3413 1046 3598 1101 λοιπον

2020 1135 2116 1188 καὶ
2145 1135 2403 1208 ἀπώμνυ,
2453 1137 2628 1208 λέγων
2654 1155 2670 1172 ο
2708 1160 2726 1191 ι
2767 1137 2831 1193 Εί
2882 1137 3074 1209 ὄψεταί
3109 1156 3193 1204 τις
3240 1139 3348 1193 τῶν
3391 1139 3599 1210 ἀνδρῶν

2019 1225 2226 1280 τούτων
2264 1227 2363 1299 τὴν
2395 1227 2521 1299 γῆν,
2577 1229 2646 1301 ἢν
2691 1227 2885 1301 ὤμοσα
2939 1231 3053 1294 τοῖς
3095 1230 3368 1302 πατράσιν
3395 1229 3595 1292 αὐτῶν,

2023 1317 2164 1391 πλὴν
2193 1319 2375 1373 Χαλὲϐ
2407 1320 2522 1385 υίὸς
2561 1321 2794 1392 ἶίεφονῆ,
2829 1322 2924 1375 καὶ
2966 1322 3174 1393 Ἰησοῦς
3200 1323 3230 1376 6
3250 1323 3344 1376 τοῦ
3373 1323 3544 1390 Ναυῆ.
3576 1341 3594 1374 ι

2021 1403 2172 1481 τΔρά
2196 1409 2343 1464 ἐστιν
2365 1409 2668 1465 ἐνδοιαστὸν
2697 1410 2772 1474 ὼς
2795 1413 2824 1465 6
2853 1410 3023 1475 δειλός
3043 1427 3102 1464 τε
3123 1411 3218 1465 καὶ
3243 1410 3601 1482 ἀφερὲπονος,

2023 1501 2120 1555 καὶ
2148 1500 2358 1574 βραχὺς
2384 1501 2464 1566 είς
2488 1501 2691 1567 πίστιν,
2716 1501 3158 1575 προσαπόλλυσιν
3191 1499 3344 1571 αὐτῷ
3373 1502 3465 1554 καὶ
3485 1501 3604 1554 ἑτέ-

2029 1610 2174 1665 ρους,
2203 1596 2405 1656 κακαῖς
2431 1593 2830 1665 παραφθείρων
2856 1593 3116 1666 ὁμιλίαις,
3151 1592 3352 1664 κλήρου
3384 1609 3442 1646 τε
3469 1591 3605 1646 ἀπο-

2025 1687 2275 1740 πεσεῖται
2305 1687 2399 1740 καὶ
2435 1685 2650 1751 ἐλπίδος
2677 1687 2777 1760 τῆς
2809 1687 2890 1750 είς
2916 1685 3049 1741 Θεόν
3070 1703 3083 1717 ο
3119 1687 3148 1739 6
3173 1685 3232 1740 δὲ
3259 1684 3518 1756 εὐσθενής
3543 1698 3605 1737 τι

2029 1771 2126 1824 καὶ
2166 1771 2546 1844 ἀλκιμώτατος
2588 1773 2719 1828 είσω
2747 1791 2808 1828 τε
2848 1773 3089 1830 κείσεται
3131 1773 3230 1846 τῆς
3253 1773 3484 1839 ἐλπίδος,
3514 1772 3608 1828 καὶ

2028 1865 2304 1938 γνώριμος
2341 1865 2492 1922 ἔσται
2520 1866 2668 1939 Θεῷ;

2103 1961 2314 2016 ΠᾹΛΛ.
2358 1960 2471 2014 Οὐκ
2501 1959 2797 2032 ἀμφίϐολον
2828 1976 2842 1991 ο
2883 1961 3097 2033 ἀπόχρη
3125 1959 3231 2031 γὰρ
3270 1959 3302 2030 ἡ
3330 1957 3514 2023 δεῖξις.

2104 2141 2268 2196 ΚΥΡ.
2291 2139 2500 2194 Οὐκοῦν
2523 2139 2773 2211 καθάπερ
2795 2138 3005 2209 ἔφαμεν
3030 2137 3088 2190 ὲν
3116 2136 3330 2207 ἀρχαῖς,
3356 2134 3610 2208 ἀνεπιτήο

2032 2235 2174 2298 δειος
2208 2235 2289 2299 είς
2322 2232 2632 2306 παράταξιν
2660 2232 2759 2304 τὴν
2789 2233 3168 2304 πνευματικὴν
3205 2232 3234 2284 6
3265 2232 3387 2294 ταῖς
3425 2245 3613 2301 κοσμιο

2034 2331 2158 2392 καίς
2184 2327 2576 2399 ὲνειλημμένος
2599 2327 2836 2397 ἡδοναῖς.

2103 2420 2315 2476 ΠΑΛΔ.
2347 2420 2462 2474 Καὶ
2493 2419 2658 2491 μάλα.

2104 2515 2270 2570 ΚΥΡ.
2305 2512 2689 2588 Προσθεί[ν]ην
2733 2515 2779 2569 δ’
2804 2513 2870 2569 ἂν
2892 2515 2973 2568 ὅτι
3004 2513 3226 2584 (χρῆναι
3249 2511 3359 2584 γὰρ
3384 2503 3612 2582 οἷμαιτδ

2035 2604 2280 2677 ὠφελοῦν
2308 2600 2366 2659 εὖ
2393 2605 2536 2676 μάλα
2558 2605 2893 2679 φιλοθηρεῖν)
2920 2605 3015 2662 καὶ
3046 2607 3076 2660 6
3100 2603 3294 2659 νεωστὶ
3320 2599 3615 2674 κατορθοῦν

2037 2697 2237 2771 ἀρετὴν
2261 2697 2551 2770 ἡντιναοῦν
2580 2697 2909 2770 ἀρξάμενος,
2952 2694 3106 2751 οῦπω
3127 2694 3265 2763 πρὸς
3297 2693 3477 2766 μάχην
3496 2693 3615 2746 ίκα-

2037 2792 2147 2861 νὸς,
2189 2792 2655 2865 εὐκατακόμιστος
2686 2792 2744 2846 δὲ
2772 2791 2974 2864 κομιδῇ
3016 2790 3151 2863 πρὸς
3173 2787 3234 2843 τὸ
3269 2785 3512 2844 ἀδικοῦν.

2111 2972 2326 3028 ΠΑΛΛ.
2357 2973 2484 3038 Πῶς
2515 2973 2695 3044 λέγεις
2716 2993 2730 3042 ;

2111 3063 2280 3118 ΚΥΡ.
2323 3064 2410 3118 Ἐν
2434 3063 2514 3136 τῷ
2546 3066 2952 3138 Δευτερονομίῳ
2976 3064 3316 3137 γέγραπται·
3351 3081 3369 3115 ι
3420 3059 3544 3115 Ἐὰν
3564 3057 3621 3114 δέ

2041 3171 2128 3218 τις
2157 3153 2300 3228 λάϐῃ
2326 3157 2564 3225 γυναῖκα
2612 3158 2961 3227 προσφάτως,
3003 3157 3104 3212 οὐκ
3154 3154 3496 3221 ἐξελεύσεται
3545 3153 3624 3216 είς

2045 3245 2305 3317 πόλεμον,
2336 3247 2432 3301 καὶ
2450 3247 2550 3301 οὐκ
2573 3247 3000 3320 ὲπιόληθήσεται
3020 3245 3168 3320 αὐτῷ
3189 3246 3340 3301 οὐδὲν
3366 3245 3623 3316 πρᾶγμα.

2057 3334 2257 3400 Ἀθῶος
2285 3335 2439 3390 ἔσται
2460 3337 2516 3389 ὲν
2545 3339 2610 3407 τῇ
2639 3335 2786 3408 οίκία
2805 3335 2993 3404 αὐτοῦ,
3027 3335 3270 3390 ἐνιαυτὸν
3290 3335 3388 3388 ἕνα
3418 3333 3626 3405 εὐφρα-

2045 3427 2126 3479 νεῖ
2153 3425 2254 3498 τὴν
2279 3427 2517 3494 γυναῖκα
2539 3425 2704 3480 αὑτοῦ
2726 3425 2794 3497 ἢν
2816 3425 3028 3479 ἔλαϐεν.
3070 3445 3089 3478 ι
3117 3420 3243 3495 'Ap‘
3267 3419 3380 3490 οῦν,
3412 3417 3458 3476 ὦ
3482 3420 3627 3476 Παλ-

2045 3517 2215 3582 λάδιε,
2246 3516 2581 3587 προσεκτέον
2615 3515 2761 3589 μόνῳ
2798 3533 2858 3570 τε
2888 3516 2982 3570 καὶ
3009 3514 3150 3586 ψιλῷ
3178 3514 3258 3586 τῷ
3297 3513 3630 3586 γράμματι,

2047 3610 2143 3666 καὶ
2163 3611 2193 3665 6
2227 3609 2518 3681 φιλάρετος
2547 3608 2847 3680 νομοθέτης
2870 3608 3009 3663 οἴκοι
3035 3605 3250 3671 καθίζει
3279 3605 3340 3660 τὸ
3365 3603 3631 3676 μάχιμον,

2049 3704 2144 3757 καὶ
2187 3702 2289 3756 οὐκ
2344 3702 2409 3772 ἐᾷ
2457 3700 2930 3772 εὐδοκιμεῖνταῖς
2977 3701 3058 3764 εἰς
3101 3700 3334 3769 γυναῖκα
3395 3695 3632 3766 ψυχραῖς

2048 3791 2287 3864 ὁμιλίαις
2317 3789 2650 3862 ἡττώμενον,
2682 3788 2777 3844 καὶ
2823 3787 3288 3862 προύργιαιτέραν
3322 3787 3430 3842 τῶν
3462 3786 3631 3855 ἀναγ-

2051 3883 2223 3940 καίων
2249 3882 2572 3955 ποιούμενον
2596 3882 2696 3955 τὴν
2725 3879 3083 3952 φιλοσαρκίαν
3115 3897 3129 3946 ;

2124 4067 2335 4122 ΠΛΛΛ.
2374 4064 2618 4120 ’Ἥκιστά
2646 4080 2709 4134 γε
2758 4062 2909 4117 τουτὶ
2957 4061 3105 4132 δοίην
3152 4060 3218 4116 ἂν
3243 4059 3418 4128 ἔγωγε
3455 4057 3516 4112 τὸ
3554 4056 3636 4129 τῷ

2055 4158 2320 4232 νομοθέτῃ
2344 4157 2556 4211 δοκοῦν·
2575 4155 2800 4220 πιθανὸς
2822 4153 2881 4209 δέ
2895 4171 2999 4220 τις,
3016 4153 3092 4218 ὡς
3113 4151 3308 4218 ἔοικεν,
3327 4155 3357 4206 ὀ
3380 4151 3468 4206 ἐπ’
3485 4148 3638 4220 αὐτῷ

2057 4252 2234 4306 κεῖται
2263 4249 2440 4318 λόγος.

2129 4339 2294 4394 ΚΥΡ.
2332 4336 2545 4392 Οὐκοῦν
2576 4339 2712 4411 ὅπερ
2743 4335 2880 4408 ἔφην
2904 4335 3289 4407 ἀνακυκλήσας
3313 4332 3442 4406 ἐρῶ.
3474 4333 3639 4405 Ἀνὴρ

361 4425 626 4482 νίτιιιιοω
659 4425 905 4497 attigerit
922 4467 937 4491 ,
961 4427 1201 4482 necdum
1219 4425 1366 4479 illam
1399 4422 1641 4494 perfecte
1661 4423 1936 4479 admodun

2063 4431 2266 4504 ἀρετῆς
2302 4429 2602 4502 ἁψάμενος,
2625 4431 2720 4484 καὶ
2748 4427 2901 4484 οὔπω
2924 4427 3130 4501 ταύτην
3154 4425 3213 4482 εὖ
3245 4427 3391 4499 μάλα
3427 4441 3640 4496 κατωρο

363 4517 596 4588 adeptus
652 4519 748 4584 sit,
798 4517 957 4573 facile
1000 4518 1056 4572 in
1102 4515 1438 4572 contrarium
1485 4514 1802 4584 detorqueri
1850 4529 1953 4586 po-

369 4619 493 4666 lCSL

436 4703 634 4759 PALL.
659 4703 757 4760 Dic
784 4715 1025 4773 quonam
1057 4699 1240 4757 modo.
1284 4697 1540 4755 Nondum
1575 4697 1722 4754 enim
1761 4697 1956 4754 admo-

367 4799 499 4852 dum
525 4811 746 4868 sequor.

439 4889 598 4960 153
621 4889 778 4945 CYR.
817 4888 907 4943 Ait
933 4897 1082 4943 certe
1117 4887 1372 4944 Salomon
1406 4906 1420 4940 :
1457 4908 1474 4939 ι
1510 4887 1606 4943 Dic
1627 4888 1952 4959 sapientiam

369 4989 520 5035 tuam
541 4996 788 5036 sororem
811 4996 954 5045 esse,
979 4988 1036 5034 et
1061 4978 1410 5050 prudentiam
1457 4979 1557 5034 tibi
1594 4979 1830 5034 amicam
1870 4979 1953 5034 fa-

369 5073 568 5129 cito".
601 5093 619 5124 ι
652 5073 971 5128 Familiares
1007 5086 1246 5142 namque
1285 5071 1447 5126 nobis
1482 5070 1718 5126 virtutes
1768 5070 1959 5125 reddi-

370 5183 514 5231 mus,
544 5167 590 5222 si
615 5182 682 5221 ex
703 5164 816 5220 illis
832 5164 1073 5220 fructum
1091 5163 1235 5219 ferre
1257 5162 1528 5232 imprimis
1547 5162 1958 5218 studuerimus:

371 5261 463 5317 hic
484 5259 652 5324 enim,
683 5258 838 5314 verbi
873 5259 1070 5330 gratia,
1101 5255 1386 5328 sapientiae
1413 5271 1538 5326 quae
1569 5256 1622 5311 in
1649 5271 1832 5311 rerum
1859 5273 1955 5311 co-

371 5353 618 5424 gnitione
645 5359 918 5415 versatur,
939 5350 1034 5406 ille
1053 5347 1462 5406 mansuetudini
1515 5357 1570 5402 ct
1606 5347 1817 5402 lenitati
1866 5348 1961 5402 dat

316 5493 322 5501 ,
373 5463 617 5518 operam,
649 5455 748 5504 aut
766 5445 1038 5519 ejusmodi
1058 5452 1210 5500 certe
1228 5440 1384 5497 alteri
1409 5439 1621 5505 virtuti,
1643 5457 1806 5511 quam
1833 5456 1952 5496 con~

376 5541 530 5611 δοιοὶ
566 5541 938 5611 proposuerit.
973 5538 1116 5595 Num
1151 5537 1316 5609 igitur
1333 5534 1515 5591 statim
1541 5543 1703 5607 atquc
1756 5537 1809 5592 in
1856 5536 1961 5592 liu-

449 5724 495 5754 "
525 5723 686 5780 Num.
731 5740 838 5793 xw,
884 5725 902 5780 i
955 5741 1108 5798 seqq.
1189 5727 1233 5760 ⁸³
1265 5725 1406 5784 ibid.
1441 5726 1529 5783 50.

1610 5725 1653 5756 δ’*
1685 5725 1842 5781 Deut.
1893 5737 2038 5788 xxiv,
2071 5719 2123 5776 5.

2063 4524 2275 4590 ϐωκὼς,
2310 4524 2779 4596 εὐκατακόμιστος
2807 4525 2886 4589 εἰς
2919 4523 2980 4577 τὸ
2998 4520 3255 4577 ἐναντίον.

2133 4706 2342 4761 ΠᾹᾹΛ.
2374 4704 2586 4776 Φράσον
2615 4703 2784 4765 ὅπως.
2823 4701 3068 4770 Ἔπομαι
3103 4695 3212 4769 γὰρ
3239 4695 3299 4748 οὐ
3335 4692 3559 4764 σφόδρα.

2134 4893 2302 4948 ΚΥΡ.
2342 4890 2398 4946 '0
2438 4887 2689 4960 Σολομὼν
2719 4885 2820 4941 πού
2868 4903 3032 4956 φησιν
3070 4906 3081 4918 ·
3140 4904 3157 4937 ι
3217 4878 3386 4936 Εἶπον
3417 4879 3516 4949 τὴν
3556 4895 3644 4931 σο-

2059 4985 2186 5056 φίαν
2237 4983 2337 5056 σὴν
2357 4981 2590 5054 ἀδελφὴν
2619 4977 2756 5035 εἶναι
2779 4997 2793 5012 ·
2831 4980 2932 5049 τὴν
2967 4978 3024 5033 δὲ
3057 4977 3318 5050 φρόνησιν
3373 4969 3649 5044 γνώριμον

2061 5078 2419 5151 περιποίησαι
2459 5073 2689 5146 σεαυτῷ.
2739 5093 2757 5125 ι
2797 5069 3158 5142 Οίκειούμεθα
3186 5067 3296 5138 ’κὰρ
3323 5066 3511 5136 ὥσπερ
3549 5062 3648 5126 τὰς

2067 5170 2292 5244 ἀρετὰς,
2322 5168 2383 5223 τὸ
2410 5169 2472 5222 ὲν
2522 5168 2716 5231 αὐταῖς
2755 5165 3130 5237 καρποφορεῖν
3170 5161 3250 5215 ὄτι
3298 5158 3534 5231 μάλιστα
3575 5154 3647 5207 διο

2067 5261 2461 5324 εσπουδακότες
2482 5275 2497 5291 ·
2534 5262 2563 5313 6
2587 5259 2684 5330 μὲν
2711 5257 2819 5330 γάρ
2847 5273 2932 5320 τις
2967 5254 3126 5326 τυχὸν
3157 5252 3218 5306 τὺ
3247 5251 3305 5304 ὲν
3337 5247 3537 5319 γνώσει
3564 5263 3650 5301 σο-

2071 5353 2192 5424 φὸν,
2217 5354 2246 5405 ὁ
2268 5351 2326 5406 δὲ
2348 5353 2448 5423 τὴν
2479 5351 2766 5423 πραότητα
2793 5350 2889 5403 καὶ
2921 5345 3224 5420 ἀοργησίαν
3249 5343 3349 5398 οὐκ
3389 5339 3656 5408 ἀνεπιτή-

2069 5445 2256 5500 δευτον
2293 5442 2429 5514 ἔχει,
2472 5443 2640 5512 ἤγουν
2676 5441 2864 5513 ἔτερόν
2901 5457 2954 5492 τι
2991 5437 3102 5494 τῶν
3123 5436 3384 5491 τοιούτων
3422 5435 3560 5502 ὅπερ
3587 5429 3655 5484 ἂν

2072 5532 2247 5586 ἕλοιτο
2274 5529 2594 5603 κατορθοῦν.
2629 5526 2753 5602 Ἆρ’
2775 5526 3060 5607 οῦντεύθὺς
3093 5529 3121 5583 6
3144 5527 3240 5599 τῆς
3272 5525 3327 5582 ἒν
3354 5541 3419 5596 γε
3447 5522 3654 5584 τούτοις

2202 5719 2244 5747 ⁸⁵
2273 5719 2432 5777 Prov.
2466 5732 2557 5784 vn,
2587 5729 2640 5771 λι.
