3954 6200
244 355 353 415 377

952 361 1040 417 os
1079 328 1520 422 Amanicas
1556 366 1626 422 IN
1669 367 1945 428 svrmro
1986 346 2076 430 Er
2118 376 2486 434 manus.
2529 377 2657 432 Lm.
2700 378 2761 433 γ.

3395 387 3502 444 578

236 469 548 537 ἐπιεικείας
577 473 885 568 ἀρξόμενος
920 476 1065 542 νοῦς,
1104 477 1289 543 ίκανδς
1323 481 1404 544 εἰς
1434 480 1497 534 τδ
1530 480 1814 554 δοκιμάζει

1921 487 2156 556 jusmodi
2210 492 2376 547 rebus
2414 493 2769 550 mediocriter
2803 496 3010 550 versari
3063 498 3228 568 coepit
3262 499 3500 566 animus,

239 566 368 623 σθαι
395 566 494 621 καὶ
513 564 907 639 πειράζεσθαις
935 569 1031 623 καί⁸
1053 573 1165 635 τοῖς
1187 569 1256 625 τὰ
1280 570 1418 643 όρθᾶ
1436 571 1819 645 διαστρέφουσι

236 656 553 729 περιτυχὼν
601 659 630 712 ό
671 659 834 730 σοφίᾳ
870 661 1201 733 συνοικήσας
1245 662 1325 732 (1)
1376 662 1728 734 προσφάτως,
1757 666 1819 719 οὐ

233 747 709 821 διαστραφήσεται
737 750 958 822 μᾶλλον,
975 753 1145 825 ηγουν
1162 754 1445 825 περιέσται
1458 754 1554 811 καὶ
1567 753 1821 828 διακρού-

235 855 394 893 σεται
414 838 485 894 τὰ
513 840 740 916 ἐκείνων
775 841 970 915 βλάϐη,
1012 842 1289 927 βεϐηκὼς⁸
1306 846 1401 901 καὶ
1429 847 1821 920 ἐρηρεισμένος

230 930 481 1003 διαρκῶς
501 929 657 986 οὔπω
687 932 824 1006 πρὸς
850 934 1067 991 σύνεσιν
1082 940 1116 996 ³,

302 1109 518 1164 ΠΔΔΔ.
552 1110 787 1169 Ἔοικεν.
895 1160 907 1172 .

302 1199 475 1255 ΚΥΡ.
506 1201 955 1276 Παροτρῦνοντος
975 1206 1031 1261 δέ
1052 1225 1217 1274 τινος,
1237 1210 1266 1263 ὁ
1291 1209 1388 1283 τὴν
1416 1212 1703 1284 πραότητα
1727 1230 1820 1285 με·

227 1288 427 1359 λετῶν,
460 1293 511 1346 εί
545 1294 716 1364 μήπω
743 1312 829 1360 τις
865 1296 951 1368 εῐη
981 1297 1121 1371 πρὸς
1155 1299 1314 1355 τοῦτο
1339 1303 1814 1375 γεγυμνασμένος,

225 1383 289 1436 οὗ
318 1385 710 1456 κατοιχησεται
745 1388 882 1460 πρὸς
908 1389 1079 1462 όργὴν
1106 1392 1376 1460 εὐκόλωςς

300 1473 516 1531 ΠΛΛΛ.
549 1471 722 1548 οἶμαί
747 1495 835 1548 γε.

299 1566 475 1623 ΚΥΡ.
521 1569 804 1643 Ἐντρισὴς
826 1570 885 1625 δὲ
916 1571 1080 1642 σοφὸς
1109 1572 1460 1648 διαμαχεῖται
1488 1580 1693 1649 σοφοῖς,
1721 1578 1818 1634 καὶ

224 1657 518 1728 ἀντεξάγει
542 1661 810 1727 νεανικῶς
843 1665 964 1729 ταῖς
1009 1664 1238 1723 ικείνων
1271 1668 1628 1741 πανουργίαις
1655 1672 1726 1728 τὰ
1757 1671 1817 1740 ἐξ

219 1748 522 1821 ὀρθότητος
546 1750 826 1824 λογισμῶν
846 1771 861 1821 ;

296 1841 512 1897 nam.
560 1843 803 1917 Ἀληθές.

296 1932 465 1989 ΚΥΡ.
494 1934 560 1990 Τί
579 1934 661 2001 δέ,
689 1937 719 1990 ὁ
754 1936 1021 2011 πραότητι
1048 1940 1431 2015 κατωρθωκὼς
1452 1943 1516 1999 οὐ
1546 1944 1816 2017 δυσχερὴς

221 2028 305 2091 είς
328 2026 525 2099 ὀργὰς,
552 2027 655 2083 κᾶν
683 2030 733 2083 sl
758 2029 895 2103 πρὸς
924 2030 1085 2087 τοῦτο
1105 2033 1268 2090 αὑτὸν
1299 2035 1672 2108 παραθήγοιεν
1700 2033 1814 2090 ἔσθ’

221 2120 315 2173 ὅτε
344 2120 495 2185 τινές
510 2139 527 2188 ;

298 2214 517 2267 man.
546 2212 714 2286 Φημί.

294 2305 470 2361 ΚΥΡ.
517 2306 725 2379 Ὀρθῶς
760 2302 854 2362 οὖν
890 2308 921 2361 ὁ
947 2307 1112 2380 νόμος
1140 2306 1416 2380 ’καθάπερ
1447 2308 1507 2365 ὲν
1552 2308 1684 2364 είδει
1736 2310 1814 2383 τῷ

226 2397 490 2466 γυναικὸς
511 2397 902 2471 διαμορφώσας
932 2398 1167 2465 ἀστείως
1198 2401 1299 2472 τὴν
1325 2402 1439 2465 τοῖς
1482 2400 1660 2472 ἁγίοις
1690 2400 1815 2456 σύν-

223 2505 379 2544 οικον
408 2489 636 2562 ἀρετὴν,
670 2509 689 2543 ε
719 2487 850 2546 Ἐάν
879 2507 965 2555 τις
1009 2489 1152 2563 λάϐῃ
1178 2494 1415 2561 γυναῖκα
1460 2475 1810 2565 προσφάτως.

223 2580 416 2651 φησὶν,
441 2580 544 2635 οὐκ
565 2579 907 2649 ἐξελεύσεται
934 2583 1015 2645 είς
1044 2582 1304 2654 πόλεμον,
1336 2584 1432 2638 καὶ
1459 2584 1560 2639 οὐκ
1588 2584 1815 2658 ἐπιϐλη-

222 2671 456 2743 θήσεται
485 2671 635 2744 αὐτῷ
654 2673 806 2726 οὐδὲν
833 2674 1069 2746 πρᾶγμα
1090 2688 1106 2704 θ
1136 2672 1315 2739 ἀθῶος
1330 2672 1487 2730 ἔσται
1508 2677 1567 2730 ὲν
1581 2678 1649 2749 τῇ
1665 2677 1814 2749 οἰκίᾳ

220 2760 415 2818 αὐτοῦ.
492 2761 768 2819 Ἐνιαυτὸν
820 2762 920 2819 ἕνα
972 2764 1238 2838 εὐφρανεῖ
1292 2764 1392 2838 τὴν
1456 2768 1691 2837 γυναῖκα
1746 2767 1814 2839 ἢν

221 2855 410 2911 ἔλασε.
444 2874 466 2908 ι
504 2856 1020 2929 Καταφορτίζεσθαι
1047 2855 1157 2930 γὰρ
1185 2856 1287 2912 οὐκ
1318 2859 1388 2931 ἑᾷ
1417 2858 1600 2922 πόνοις
1623 2875 1684 2913 τε
1717 2859 1814 2913 καὶ

218 2949 487 3020 διωγμοῖς
531 2948 625 3003 τὸν
669 2950 952 3014 οίονείπως
980 2949 1285 3022 ἀρτιπαγῆ,
1330 2951 1426 3006 καὶ
1468 2954 1814 3024 νεαρωτέραν

216 3042 421 3114 ἔχοντα
445 3041 550 3113 τὴν
574 3042 654 3107 είς
678 3042 741 3096 τὺ
758 3039 961 3112 ἀγαθὸν
980 3040 1241 3113 σπουδὴν,
1264 3041 1512 3114 σχολαῖον
1536 3041 1595 3096 δὲ
1622 3041 1814 3115 ὥσπερ

217 3135 317 3190 καὶ
364 3135 455 3205 ἐφ’
511 3133 690 3206 ἑαυτῷ
734 3135 987 3205 μένοντα,
1040 3134 1138 3190 καὶ
1180 3133 1519 3207 θαλπόμενον
1560 3138 1681 3200 ταῖς
1732 3136 1812 3200 εἰς
1837 3174 1882 3234 c

212 3226 430 3299 ἀρετὴν
478 3227 938 3298 καταδεσμεῖσθαι
988 3224 1417 3298 φιλοστοργίαις.
1463 3225 1721 3281 Τοιοῦτόν
1757 3242 1812 3280 τι

213 3320 583 3390 πεπραχότας
625 3318 933 3391 εὑρήσομεν
970 3319 1099 3383 τοὺς
1138 3318 1330 3387 ἁγίους
1359 3319 1717 3385 ἀποστόλους,
1763 3320 1813 3374 οἶ

212 3413 333 3475 τοῖς
369 3410 433 3477 ἐξ
464 3408 637 3464 ιθνῶν
670 3410 1080 3482 ἐπιστρέφουσι,
1115 3410 1209 3464 καὶ
1235 3410 1434 3466 νεωστὶ
1454 3409 1815 3482 κεκλημένοις

211 3506 297 3569 είς
324 3502 634 3572 ὶπίγνωσιν
663 3502 821 3570 Θεοῦ,
859 3504 1049 3573 σαφῶς
1076 3503 1517 3560 ἐπιστέλλουσιν
1553 3524 1573 3558 ι
1625 3503 1813 3572 Ἔδοξε

211 3598 331 3669 γὰρ
364 3596 450 3669 τῷ
479 3596 623 3668 ἁγίῳ
658 3595 938 3669 Πνεῦματι
970 3597 1067 3653 καὶ
1101 3598 1254 3669 ἡμῖν,
1289 3596 1459 3669 μηδὲν
1499 3595 1661 3651 πλέον
1692 3597 1814 3650 ἑπι-

211 3687 472 3744 τίθεαθαι
502 3687 632 3759 ὑμῖν
656 3686 822 3758 βάρος
844 3729 861 3755 ,
898 3687 1040 3761 πλὴν
1057 3687 1362 3759 ἀπέχεσθαι
1381 3688 1527 3760 ὑμᾶς
1557 3687 1814 3759 πορνείας

212 3782 318 3836 καὶ
353 3778 611 3846 πνικτοῦ,
646 3780 743 3835 καὶ
769 3781 1021 3853 αἵματος.
1048 3798 1067 3832 ι
1104 3780 1382 3853 Παρέντες
1412 3778 1520 3851 γὰρ
1540 3779 1815 3851 οἰκονομι-

215 3871 338 3937 κῶς
364 3871 480 3926 τῶν
509 3871 862 3948 ὲνταλμάτων
901 3872 972 3927 τὰ
1017 3870 1418 3944 φορτικώτερα,
1444 3870 1603 3940 ὀλίγα
1628 3887 1689 3925 τε
1716 3872 1814 3926 καὶ

214 3964 508 4034 ἀναγκαῖα
520 3966 709 4035 τηρεῖν
737 3963 1016 4031 ἱκέλευον,
1041 3962 1150 4018 τῶν
1168 3960 1371 4038 ἀρτίως
1400 3962 1817 4035 είσκεκομισμέο

215 4070 331 4109 νων
353 4051 453 4106 ἐπὶ
473 4050 536 4106 τδ
559 4052 757 4125 χρῆναι
778 4051 1050 4107 θεοπσεῖν
1076 4052 1139 4107 τὸ
1157 4050 1471 4124 ἀτληπαθὲς
1494 4052 1596 4106 οὐκ
1617 4053 1815 4123 ἠγνοη-

217 4145 406 4208 κότες.
437 4144 551 4198 Καὶ
592 4142 748 4213 γοῦν,
782 4143 968 4216 ἀνίησι
1012 4144 1111 4216 μὲν
1157 4143 1285 4209 τοὺς
1321 4142 1597 4209 τοιούτους
1646 4144 1675 4197 ὁ
1705 4141 1813 4197 τῶν

214 4238 363 4293 ὅλων
391 4236 529 4300 Θεὸς
556 4237 652 4290 καὶ⁵
680 4236 852 4308 ὀργῆς
881 4234 976 4290 καί¹
1023 4234 1383 4307 αίτιαμάτων,
1429 4233 1533 4289 κᾶν
1570 4234 1618 4288 εί
1656 4250 1815 4305 περι-

216 4331 456 4384 πέσοιεν
494 4326 889 4399 όλιγοψυχίαις,
923 4327 1025 4400 τὴν
1062 4326 1306 4399 ἀσυνήθη
1339 4325 1449 4382 τῶν
1490 4326 1669 4382 πόνων
1698 4325 1813 4380 δια-

218 4420 543 4491 στείχοντες
574 4419 716 4475 ὁδόν.
745 4419 1144 4491 Είσπράττεται
1170 4417 1228 4472 δὲ
1269 4418 1410 4491 μετὰ
1436 4417 1596 4473 τοῦτο
1630 4417 1810 4482 δίκας,

1921 578 2152 636 idoneus
2192 582 2301 640 erit
2332 584 2425 653 qui
2469 584 2736 654 probetur
2769 604 2833 643 ac
2865 589 3146 644 tentetur?
3182 598 3237 643 et
3278 591 3371 661 qui
3411 606 3503 648 sa-

1919 672 2138 744 pientia
2160 673 2525 730 contubernio
2555 676 2637 730 uti
2662 687 2913 733 recenter
2944 679 3230 749 inceperit,
3259 681 3306 736 si
3326 682 3381 736 in
3402 698 3502 740 eos

1918 763 2197 828 inciderit,
2227 765 2513 834 quit-ecta
2545 776 2889 836 pervertunt,
2932 785 3114 825 nonne
3150 781 3499 841 pervertetur

1918 855 2103 924 potius
2145 870 2309 926 quam
2340 856 2546 922 vincat,
2568 865 2625 912 et
2650 858 2869 914 illorum
2895 860 3194 929 perniciem
3235 861 3493 933 depellat,

1918 940 2121 1017 quippe
2152 961 2276 1001 cum
2301 961 2412 1002 non
2436 948 2569 1003 satis
2588 946 2772 1003 adhuc
2795 949 3008 1005 stabilis
3029 965 3092 1005 ac
3129 950 3269 1006 ﬁxus
3309 952 3364 1006 in
3405 967 3497 1007 sa-

1921 1037 2129 1107 pientia
2156 1036 2269 1094 sit?

1989 1126 2186 1183 PALL.
2210 1128 2655 1186 Consentaneum
2681 1129 2923 1185 videtur.

1989 1218 2148 1274 CYR.
2176 1220 2465 1288 Praeterea,
2490 1222 2585 1293 qui
2612 1220 3023 1279 mansuetudini
3052 1223 3256 1290 studet,
3296 1241 3497 1296 provo—

1917 1319 2075 1367 cante
2098 1311 2305 1383 aliquo,
2322 1313 2368 1368 si
2391 1313 2639 1369 nondum
2660 1315 2718 1369 in
2736 1328 2800 1370 ea
2824 1313 3028 1370 virtute
3050 1315 3123 1370 sit
3139 1318 3495 1385 exercitatus,

1917 1418 2101 1459 nonne
2120 1403 2280 1460 facile
2302 1406 2691 1462 succensebit?

1987 1493 2187 1548 PALL.
2209 1493 2290 1550 Ita
2313 1494 2530 1565 opinor.

1986 1582 2145 1640 CYR.
2171 1585 2517 1643 Exercitatus
2549 1595 2735 1644 autem
2755 1590 2974 1661 sapiens
3001 1605 3127 1646 cum
3162 1591 3501 1661 sapientibus

1917 1673 2204 1745 pugnabit,
2226 1682 2282 1730 et
2303 1674 2526 1731 illorum
2547 1677 2762 1759 astutia:
2799 1685 3005 1733 rectam
3041 1677 3308 1733 rationem
3338 1676 3499 1733 forti-

1918 1774 2005 1822 ter
2027 1775 2289 1838 opponet.

1848 1832 1894 1890 Β
1987 1832 2187 1913 PKDL.
2218 1858 2422 1914 Verum
2443 1859 2564 1915 est.‘

1985 1947 2143 2004 CYR.
2167 1947 2310 2015 Quid
2330 1963 2465 2005 vero
2483 1949 2598 2014 ille,
2626 1950 2722 2020 qui
2745 1950 3225 2007 mansuetudinem
3252 1959 3337 2006 est
3371 1966 3496 2021 per-

1915 2038 2056 2094 fecte
2078 2047 2428 2104 consecutus,
2448 2053 2632 2095 nonne
2659 2039 2879 2110 diiﬁcile
2906 2041 3274 2108 succensebit,
3309 2057 3500 2112 quam-

1915 2129 2000 2185 vis
2019 2144 2414 2200 nonnunquam
2436 2132 2506 2188 ab
2539 2130 2820 2202 aliquibus
2856 2141 3194 2203 provocetur
3211 2133 3237 2187 ?

1985 2222 2184 2279 PALL.
2202 2223 2421 2279 Fateor.

1985 2313 2144 2370 CYB.
2172 2313 2343 2370 Recte
2390 2314 2575 2385 itaque
2619 2303 2757 2378 lex,’
2776 2328 2903 2369 cum
2941 2314 3222 2385 eleganter
3262 2313 3410 2368 velut
3443 2313 3499 2367 in

1874 2420 1880 2427 ·
1915 2403 2167 2461 mulieris
2200 2403 2382 2475 specie
2421 2403 2683 2460 virtutem
2728 2409 3046 2459 sanctorum
3077 2403 3366 2473 coniugem
3400 2401 3498 2456 de-

1914 2497 2222 2569 pinxisset:
2261 2515 2279 2548 ι
2309 2494 2367 2552 Si
2389 2497 2534 2567 quis,
2563 2496 2762 2566 inquit,
2786 2511 2964 2566 nuper
3002 2510 3227 2550 uxorem
3267 2507 3498 2563 accepe-

1915 2588 2008 2654 rit,
2032 2603 2146 2644 non
2164 2586 2481 2658 egredietur
2504 2586 2574 2642 ad
2613 2586 2842 2652 bellum,
2865 2601 3047 2657 neque
3090 2585 3259 2641 ullum
3298 2599 3505 2640 munus

1913 2680 1966 2736 ei
1989 2679 2332 2751 imponetur:
2366 2679 2626 2735 immunis
2647 2678 2755 2734 erit
2775 2678 2832 2733 in
2850 2677 3014 2734 domo
3042 2694 3159 2733 sua.
3188 2677 3346 2732 Anno
3367 2691 3498 2742 uno,

1913 2768 2214 2826 laetiﬁcabit
2232 2784 2464 2824 uxorem
2503 2784 2681 2836 suam,
2707 2783 2873 2839 quam
2909 2769 3179 2838 accepit“
3206 2786 3218 2821 :
3254 2786 3271 2819 ι
3298 2782 3501 2822 onera-

1914 2860 1962 2915 ri
1981 2875 2220 2932 namque
2238 2860 2525 2917 laboribus
2569 2875 2635 2915 ac
2681 2859 3163 2932 persecutionibus
3211 2874 3323 2913 non
3370 2873 3502 2928 per-

1913 2950 2083 3004 mittit
2104 2965 2254 3017 eum,
2286 2949 2382 3021 qui
2400 2965 2576 3022 nuper
2596 2949 2767 3005 veluti
2825 2957 3144 3020 compactus
3182 2956 3264 3004 est
3301 2956 3359 3003 et
3409 2962 3499 3003 re-

1913 3039 2148 3095 centiori
2176 3048 2260 3095 est
2277 3055 2406 3111 erga
2426 3039 2688 3095 virtutem
2708 3037 2928 3104 studio;
2962 3037 3060 3094 sed
3097 3046 3357 3109 tanquam
3400 3052 3499 3092 cu-

1915 3130 1993 3186 ris
2013 3146 2245 3187 vacuum
2262 3138 2429 3202 atque
2448 3130 2595 3203 apud
2619 3145 2678 3187 se
2719 3138 3031 3187 manentem
3074 3147 3138 3187 ac
3171 3130 3346 3186 fotum
3383 3132 3499 3186 vir-

1914 3220 2048 3275 tutis
2066 3219 2350 3276 amoribus
2377 3218 2694 3275 conﬁrmari
2716 3219 2868 3275 sinit.
2908 3219 3190 3291 Ejusmodi
3219 3219 3499 3290 quidpiam

1912 3319 2132 3367 sanctos
2148 3310 2426 3382 apostolos
2442 3310 2637 3366 fecisse
2664 3310 3027 3382 reperiemus,
3058 3311 3151 3381 qui
3176 3311 3242 3366 ad
3272 3313 3501 3382 gentiles

1910 3416 2090 3473 nuper
2113 3415 2420 3457 conversos
2465 3408 2519 3455 et
2548 3399 2615 3455 ad
2636 3399 2737 3454 Dei
2778 3399 3117 3471 agnitionem
3144 3408 3370 3452 vocatos
3411 3413 3501 3453 sa-

1911 3492 2127 3564 pienter
2158 3490 2413 3547 scribunt
2444 3508 2458 3543 :
2491 3509 2510 3541 ι
2542 3489 2734 3546 Visum
2757 3496 2842 3545 est
2867 3487 3016 3544 enim
3052 3486 3280 3558 Spiritui
3311 3495 3501 3542 sancto

1911 3589 1967 3638 et
1986 3580 2167 3647 nobis,
2188 3580 2328 3636 nihil
2352 3580 2494 3637 ultra
2527 3582 2811 3654 imponere
2849 3579 3008 3637 vobis
3047 3578 3251 3645 oneris,
3290 3577 3399 3633 nisi
3442 3588 3502 3634 ut

1912 3673 2239 3730 abstineatis
2275 3689 2425 3742 vosa
2461 3672 2848 3740 fornicatione,
2884 3681 2940 3729 et
2972 3672 3238 3728 suﬁ‘ocato
3281 3680 3337 3727 et
3372 3685 3500 3726 san-

1911 3764 2076 3836 guine
2094 3763 2162 3819 ".
2206 3783 2224 3815 ε
2256 3763 2652 3847 Pratermissis
2671 3765 2821 3820 enim
2852 3762 3085 3834 sapienti
3105 3761 3504 3835 gubernatione

1912 3855 2186 3912 mandatis
2202 3854 2568 3927 gravioribus,
2606 3870 2780 3926 pauca
2805 3853 3055 3925 quaedam
3080 3869 3145 3910 ac
3189 3849 3503 3909 necessaria

1912 3961 2131 4003 servare
2158 3939 2485 4018 jusserunt,
2536 3961 2663 4002 cum
2696 3947 2916 4001 illorum
2954 3947 3048 4017 qui
3083 3944 3247 4015 paulo
3280 3950 3405 3998 ante
3433 3941 3503 3995 ad

1911 4037 2086 4093 Deum
2112 4037 2405 4092 colendum
2424 4035 2649 4092 adducti
2677 4045 2882 4101 essent,
2920 4035 3165 4090 inﬁrmas
3205 4036 3258 4088 in
3294 4034 3506 4103 asperis

1912 4127 2082 4183 rebus
2110 4127 2411 4184 tolerandis
2434 4127 2581 4182 vires
2599 4142 2711 4182 non
2732 4126 3071 4199 ignorarent.
3125 4124 3285 4197 154
3311 4124 3503 4194 Itaque

1913 4218 2226 4291 huiusmodi
2280 4218 2618 4286 hominibus,
2668 4219 2759 4275 ille
2815 4218 3197 4274 universorum
3236 4217 3399 4280 Deus,
3445 4224 3503 4272 et

1914 4310 2026 4366 iras
2043 4317 2099 4365 et
2121 4310 2311 4382 culpas
2350 4309 2612 4377 remittit,
2635 4310 2854 4366 tametsi
2887 4310 2943 4365 in
2978 4309 3161 4380 pusilli
3211 4309 3379 4365 animi
3414 4306 3501 4362 vi-

1914 4402 2053 4458 tium
2092 4401 2411 4468 inciderint,
2453 4401 2586 4457 dum
2618 4401 2893 4458 insuetam
2930 4401 3181 4456 laborum
3222 4402 3365 4455 viam
3413 4400 3502 4454 in-

217 4514 320 4568 καὶ
350 4512 624 4584 ὑποφέρει
650 4510 838 4565 λοιπὸν
870 4512 987 4575 τοῖς
1014 4509 1075 4578 ἐξ
1101 4509 1274 4583 ὀργῆς
1298 4511 1617 4582 κινήμασιν,
1647 4509 1810 4564 ἀσθε-

1921 4495 2261 4568 grediuntur.
2289 4493 2397 4550 Sed
2426 4503 2615 4565 postea
2650 4493 2852 4565 repetit
2890 4507 3102 4564 paruas,
3148 4499 3207 4546 et
3249 4493 3345 4545 ira:
3390 4506 3503 4546 sua:

217 4606 460 4670 νοῦντας
492 4605 592 4676 μὲν
623 4604 807 4659 οὐκέτι
837 4602 927 4658 διὰ
956 4603 1019 4657 τὸ
1041 4601 1209 4674 ἄηθες
1229 4602 1287 4656 ὲν
1307 4604 1423 4666 τοῖς
1447 4601 1654 4667 πόνοις,
1684 4600 1815 4656 ἀνα·

222 4698 534 4760 πίπτοντας
567 4696 627 4750 δὲ
656 4695 859 4766 μᾶλλον
884 4696 965 4760 εἰς
995 4694 1059 4750 τὸ
1091 4694 1190 4767 ἡδύ
1236 4711 1298 4748 τε
1323 4695 1421 4749 καὶ
1448 4693 1679 4766 ἇτραχυ,
1720 4694 1816 4747 καὶ

221 4789 556 4860 ἑτοιμότατα
593 4786 1045 4860 παραχεομένους
1071 4789 1151 4852 είς
1177 4785 1240 4840 τὸ
1266 4786 1472 4859 ἀπᾷδον
1501 4784 1707 4840 αὐτῶν.
1741 4785 1812 4838 Ἢ

1915 4584 2378 4643 commotionibus
2422 4585 2647 4657 subjicit
2676 4600 2774 4641 eos
2803 4585 2921 4658 qui,
2948 4598 3070 4640 cum
3115 4599 3225 4638 non
3267 4582 3503 4652 amplius

1914 4676 2336 4733 desuetudinem
2359 4674 2612 4731 laborum
2645 4674 3009 4731 imbecillitati
3048 4689 3160 4729 suae
3202 4679 3501 4743 praetexere

1915 4769 2153 4840 possint,
2183 4768 2253 4822 ad
2295 4766 2587 4823 illecebras
2624 4767 2810 4838 potius
2841 4774 3004 4837 atque
3050 4764 3333 4820 mollitiem
3370 4777 3501 4835 pro-

220 4855 474 4953 7&9'0'5:
500 4855 869 4950 ἀνάντηςμὲν
888 4876 1109 4952 ἡάρετὴ
1128 4918 1144 4943 ,
1168 4878 1264 4933 καὶ
1282 4855 1449 4941 τὸνείς
1478 4875 1648 4948 αὐτὴν
1677 4875 1813 4929 ίέναι

1921 4861 2063 4932 iecti,
2084 4861 2449 4918 libentissime
2475 4876 2535 4917 se
2574 4860 2633 4915 in
2659 4858 2977 4915 vecordiam
3005 4873 3158 4912 suam
3185 4855 3497 4911 eﬁ‘undunt.

222 4976 427 5049 τραχὺ,
457 4973 553 5029 καὶ
587 4972 768 5045 ίδροῦν
796 4973 1012 5044 ἀνάγκη
1046 4972 1139 5028 τὸν
1175 4970 1470 5044 κατορθοῦν
1495 4971 1811 5044 ᾑρημένον;

297 5153 509 5208 ΠΛΔΛ.
543 5152 713 5225 Φημί.

301 5246 467 5299 ΚΥΡ.
522 5244 663 5299 Ἀλλ’
690 5240 760 5318 ἦν
792 5261 898 5299 που
928 5245 1029 5299 οὐκ
1049 5244 1299 5310 ἀπεικὸς,
1341 5245 1541 5316 μᾶλλον
1573 5247 1655 5314 δὲ,
1712 5247 1809 5318 οὐχ

222 5338 375 5393 ὅσιόν
411 5354 474 5390 τε
501 5336 598 5392 καὶ
626 5336 858 5410 πρέπον,
884 5337 1010 5401 τοὺς
1030 5336 1130 5408 μὲν
1152 5336 1277 5409 ἄρτι
1297 5338 1434 5410 πρὸς
1455 5337 1616 5393 τοῦτο
1636 5340 1811 5411 ἠγμέ-

223 5447 372 5495 νους,
404 5428 877 5498 παιδαγωγεῖσθαι
902 5430 1275 5503 συγγνώμαις,
1305 5431 1635 5503 προθυμίαις
1658 5432 1812 5487 οὔπω

220 5525 351 5587 ταῖς
390 5521 534 5590 ἄγαν
578 5522 1022 5593 ἐρηρεισμένους,
1054 5523 1283 5588 ἁπαλοῖς
1317 5524 1375 5578 δὲ
1401 5524 1591 5598 ὥσπερ
1636 5526 1809 5591 ἰόντας

292 5678 343 5710 ⁸⁸
370 5678 535 5734 Deut.
570 5693 712 5741 xxxv,
740 5677 792 5732 ὅ.
868 5677 912 5708 ⁸⁷
939 5676 1059 5732 Act.
1089 5694 1177 5743 xv,
1204 5677 1296 5741 28,
1336 5679 1425 5735 ‘29.

292 5796 381 5867 (Ι)
417 5794 511 5853 Sic
536 5795 658 5852 cod.
689 5795 848 5864 Vat;
883 5797 1089 5866 caeteri,
1123 5797 1370 5871 νικήσας.

1915 4954 2001 5007 An
2038 4968 2172 5007 vero
2214 4967 2326 5008 non
2372 4951 2545 5008 ardua
2583 4957 2669 5006 est
2711 4949 2908 5015 virtus,
2947 4956 3004 5003 et
3039 4962 3200 5019 asper
3245 4946 3311 5001 ad
3351 4946 3499 5002 illam

1921 5032 2206 5112 necessus,
2231 5061 2296 5101 ac
2332 5045 2532 5101 sudare
2578 5058 2805 5099 necesse
2838 5050 2922 5097 est
2953 5042 3048 5112 qui
3096 5041 3244 5097 illius
3277 5056 3501 5118 compos

1921 5136 2041 5193 ﬁeri
2082 5138 2359 5195 voluerit?

1991 5232 2189 5288 PALL.
2213 5233 2431 5288 Fateor.

1988 5322 2145 5378 CYR.
2168 5323 2289 5378 Non
2317 5332 2402 5379 est
2433 5334 2617 5379 autem
2643 5322 2965 5386 absurdum,
2996 5322 3106 5376 imo
3133 5336 3264 5377 vero
3284 5331 3498 5387 aequum

1913 5422 2081 5485 atque
2101 5415 2458 5480 conveniens,
2487 5415 2582 5486 qui
2605 5431 2782 5485 nuper
2812 5422 2942 5469 sunt
2978 5413 3046 5469 ad
3083 5413 3189 5467 hoc
3223 5407 3494 5480 perducti.

1915 5521 2010 5563 eos
2047 5522 2172 5561 cum
2209 5506 2377 5561 animi
2422 5505 2699 5561 alacritate
2737 5502 2980 5558 nondum
3021 5500 3153 5557 satis
3191 5490 3494 5552 conﬁrmati
