3954 6200
492 375 598 436 579
1484 379 1540 434 S.
1583 379 1667 436 CY
1677 377 1861 435 RILLl
1899 375 2071 434 ALEX

2180 375 2368 433 DRlNl
2408 351 2724 435 Αιιὸιὶίει).

3643 374 3750 428 380

494 499 627 561 sint,
663 495 756 552 sed
792 492 961 551 veluti
993 490 1198 549 teneris
1229 493 1410 550 adhuc
1429 495 1662 565 pedibus
1691 495 1992 560 ambulent,
2017 503 2071 550 et

2177 494 2321 558 ποσὶ,
2357 493 2451 547 καὶ¹
2476 492 2768 556 νοσοῦντας
2793 490 2872 544 ἔτι
2900 489 2962 543 τὸ
2987 487 3202 552 άναλκι,
3243 487 3426 550 πόνοις
3457 503 3516 540 τε
3538 488 3629 543 καὶ
3652 490 3752 560 φό-

495 583 869 640 imbeeillitate
895 582 1168 648 laborent,
1195 583 1499 655 indulgenti
1521 586 1896 641 moderatione
1919 585 2064 657 regi;

494 683 794 744 contraque
830 674 980 728 illum
1018 675 1380 730 exercitatum
1417 679 1596 747 poenis
1635 678 1709 750 (l)
1755 695 1817 734 ac
1857 687 2068 735 terrore

492 767 685 821 durius
702 765 1020 836 gubernari,
1035 782 1098 821 ac
1114 768 1281 822 veluti
1306 771 1631 825 necessitate
1651 771 1882 842 quadam
1903 771 1969 826 ad
1985 772 2068 827 la-

493 857 690 911 borum
711 858 1031 928 patientiam
1058 869 1113 913 et
1129 859 1472 929 obsequendi
1497 861 1812 918 facilitatem
1846 862 2066 917 adduci.

565 948 760 1002 PALL.
788 948 1004 1018 Optime
1037 950 1402 1004 ratiocinaris.

562 1037 719 1093 CYR.
760 1038 948 1108 Neque
979 1054 1111 1093 vero
1138 1054 1201 1092 ea
1233 1055 1322 1094 res
1353 1040 1584 1096 obseura
1614 1050 1718 1108 est,
1755 1044 1801 1098 si
1855 1059 1976 1114 quae
2012 1044 2068 1097 in

494 1127 668 1200 ﬁgura
688 1130 881 1200 priscis
904 1131 1010 1184 illis
1038 1131 1169 1185 viris
1211 1132 1528 1188 acciderunt
1558 1135 1847 1205 diligenter
1874 1137 2068 1205 exqui-

495 1236 620 1276 rere
655 1221 908 1275 velimus.
948 1220 1039 1276 Sic
1069 1221 1216 1276 enim
1252 1224 1515 1293 scriptum
1546 1234 1666 1280 est:
1706 1245 1722 1276 ι
1748 1227 1949 1281 Eduxit
1975 1244 2071 1282 au-

495 1321 606 1367 tem
632 1313 842 1383 Moyses
863 1312 1004 1368 ﬁlios
1022 1314 1186 1368 Israel
1211 1314 1279 1369 de
1303 1317 1442 1369 mari
1479 1317 1689 1379 Rubro,
1709 1325 1765 1372 et
1794 1318 1950 1372 duxit
1973 1335 2069 1374 eos

495 1403 553 1456 in
577 1401 853 1456 desertum
885 1401 992 1456 Sur
1015 1421 1027 1455 :
1053 1411 1107 1456 et
1133 1403 1552 1458 ambulaverunt
1576 1414 1688 1458 tres
1724 1404 1842 1459 dies
1879 1404 1934 1458 in
1972 1405 2069 1461 de-

494 1503 665 1558 serto,
695 1511 798 1549 nec
829 1495 1186 1550 inveniebant
1225 1510 1422 1564 aquam
1447 1495 1515 1548 ad
1544 1494 1866 1550 bibendum.
1890 1497 2068 1553 Vene-

495 1593 626 1640 runt
658 1595 840 1639 autem
887 1585 942 1638 in
980 1573 1356 1647 Meri-ammec
1396 1586 1857 1656 poterantbibere
1874 1603 2070 1657 aquam

491 1692 560 1729 ex
592 1676 1019 1741 Merra;amara
1061 1676 1208 1730 enim
1254 1683 1391 1730 erat.
1441 1675 1570 1730 Ideo
1614 1677 1829 1731 vocavit
1871 1693 2070 1734 nomen

491 1767 597 1822 loci
641 1768 788 1824 illius
821 1769 1280 1823 Amaritudinem.
1322 1769 1393 1823 Et
1435 1771 1802 1823 murmuravit
1836 1772 2070 1840 populus

2171 585 2286 648 ϐοις
2355 582 2867 657 σκληραγωγεῑσθαι
2921 582 3014 636 τὸν
3065 580 3310 652 ἐντριϐἧ,
3368 580 3621 653 καθάπερ
3687 583 3752 649 ἐξ

2169 678 2415 748 ἀνάγκης
2437 672 2538 750 ήδη
2561 695 2665 731 που
2692 675 3063 749 ἀποφέρεσθαι
3089 673 3274 728 λοιπὸν
3292 675 3372 739 είς
3399 673 3460 727 τὸ
3479 674 3751 746 τληπαθές

2170 771 2266 823 καὶ
2295 771 2509 841 εὐήνιον
2531 786 2548 824 °.

2242 951 2450 1005 ΠΑΛΛ.
2486 951 2719 1021 ’Λριστα
2747 933 2952 1018 διανοῇ.

2242 1043 2409 1097 ΚΥΡ.
2455 1041 2566 1096 Καὶ
2594 1041 2656 1094 τὸ
2682 1040 2873 1114 χρῆμά
2910 1041 3056 1092 ἐστιν
3086 1037 3186 1091 οὐκ
3225 1038 3566 1108 άσυμφανές,
3607 1039 3656 1091 εἰ
3683 1039 3754 1094 τὰ

2170 1134 2414 1198 τυπικῶς
2441 1135 2554 1197 τοῖς
2589 1133 2840 1205 ἀρχαίοις
2863 1131 3246 1202 συμϐεϐηκότα
3277 1130 3754 1203 πολυπραγμονεῖν

2172 1227 2472 1298 ἐθέλοιμεν.
2509 1226 2823 1297 Γέγραπται
2847 1224 2956 1295 γάρ
3003 1222 3134 1277 ὠδίο
3178 1243 3197 1276 ι
3239 1223 3430 1294 Ἐξῆρε
3461 1224 3517 1277 δὲ
3548 1226 3752 1295 Μωσῆς

2171 1320 2297 1382 τοὺς
2321 1318 2474 1382 υἱοὺς
2503 1316 2720 1388 Ἰσραὴλ
2741 1315 2850 1370 ἀπὸ
2871 1315 3148 1385 θαλάσσης
3183 1313 3474 1385 Ἐρυθρᾶς.
3503 1315 3599 1368 καὶ
3616 1317 3753 1386 ἠγα-

2173 1415 2267 1482 γεν
2313 1411 2510 1474 αὐτοὺς
2551 1412 2632 1474 είς
2659 1410 2758 1479 τὴν
2807 1409 3016 1480 ἔρημον
3070 1407 3238 1478 Σούρ·
3285 1409 3380 1461 καὶ
3429 1408 3755 1480 ἐπορεύοντο

2171 1509 2323 1575 τρεῖς
2353 1502 2569 1574 ἡμέρας
2607 1503 2666 1554 ἐν
2695 1503 2762 1571 τῇ
2797 1502 3008 1571 ἐρήμῳ,
3043 1499 3138 1553 καὶ
3169 1497 3267 1570 οὐχ
3290 1498 3556 1569 ηὕρισκον
3584 1501 3749 1572 ὕδωρ,

2174 1595 2313 1650 ὥστε
2336 1597 2499 1649 πιεῖν.
2525 1589 2731 1647 *Ηλθον
2755 1592 2810 1645 δὲ
2841 1594 2921 1653 εἰς
2955 1591 3204 1660 Μεῤῥᾶν,
3232 1590 3326 1644 καὶ
3360 1590 3459 1643 οὐκ
3491 1589 3754 1660 ἠδύναντο

2176 1691 2318 1742 πιεῖν
2350 1686 2494 1758 ὕδωρ
2524 1685 2587 1738 ἐκ
2628 1684 2891 1755 Μερρᾶςο
2927 1681 3124 1753 πικρὸν
3169 1681 3278 1752 γὰρ
3312 1677 3398 1754 ἦν.
3457 1681 3554 1735 Διὰ
3595 1683 3754 1737 τοῦτο

2175 1779 2501 1848 ἐπωνόμασε
2533 1775 2597 1829 τὺ
2614 1775 2784 1845 ὄνομα
2812 1773 2908 1827 τοῦ
2937 1773 3104 1826 τόπου
3129 1772 3361 1832 ἐκείνου,
3391 1774 3595 1844 Πικρία
3616 1791 3628 1803 ·
3663 1777 3753 1827 καὶ

492 1861 757 1916 adversus
787 1862 1028 1932 Moysen,
1056 1861 1302 1914 dicentes
1328 1878 1340 1914 :
1367 1860 1509 1926 Quid
1533 1861 1828 1916 bibemus?
1855 1860 2071 1918 Clama—

2177 1869 2524 1939 διεγόγγυζεν
2553 1869 2580 1920 ό
2604 1867 2732 1931 λαὸς
2761 1867 2900 1939 πρὸς
2946 1867 3175 1936 Ιιίωσῆν,
3205 1867 3454 1934 λέγοντες
3474 1883 3487 1894 ⁸
3517 1867 3583 1918 Τί
3635 1869 3752 1919 πιό-

496 1953 570 2006 vit
588 1953 772 2022 itaque
800 1953 1007 2022 Moyses
1026 1953 1092 2006 ad
1114 1952 1429 2017 Dominum,
1452 1959 1507 2006 et
1523 1951 1761 2006 ostendit
1786 1952 1863 2006 illi
1883 1953 2070 2007 Domi-

491 2061 597 2100 nus
631 2046 861 2115 lignum,
889 2053 944 2100 et
968 2045 1317 2115 injecitillud
1351 2045 1406 2100 in
1442 2060 1660 2115 aquam,
1695 2053 1750 2100 et
1773 2045 1951 2100 dulcis
1986 2045 2069 2100 fa-

487 2149 578 2194 cta
609 2147 694 2194 est
722 2155 862 2208 aqua
896 2139 961 2191 ⁸⁸.
985 2158 1001 2189 ι
1033 2139 1219 2210 Nuper
1243 2139 1389 2194 enim
1416 2154 1483 2193 ex
1515 2136 1895 2210 {Egyptiorum
1923 2144 2071 2193 terra

492 2232 722 2303 profecti
747 2231 840 2285 ﬁlii
865 2232 1052 2296 Israel,
1081 2247 1207 2286 cum
1230 2231 1511 2286 servitutis
1540 2230 1709 2295 illius,
1735 2246 1841 2300 qua
1875 2230 1978 2285 sub
2004 2231 2072 2284 il-

490 2325 670 2378 lorum
715 2323 924 2378 ditione
964 2322 1376 2394 premebantur,
1416 2337 1580 2393 grave
1620 2323 1811 2393 jugum
1858 2329 1915 2376 et
1962 2337 2073 2376 non

490 2414 778 2469 ferendum
813 2415 1159 2486 abjeeissent,
1196 2415 1262 2470 ad
1292 2416 1618 2486 promissam
1653 2416 1782 2470 olim
1822 2415 2074 2485 patribus

490 2516 712 2571 terram,
740 2507 851 2562 Deo
891 2515 1141 2571 vocante,
1184 2507 1571 2576 properabant.
1604 2505 1681 2560 Ac
1717 2505 1928 2576 primus
1967 2507 2074 2562 illis

487 2600 732 2653 occurrit
761 2599 916 2653 labor
941 2615 1007 2652 ex
1032 2614 1297 2668 aquarum
1329 2598 1532 2668 inopia,
1559 2614 1695 2668 quas
1732 2599 1822 2652 vix
1853 2597 2072 2652 tandem

490 2698 844 2758 posteaquam
890 2689 982 2742 diu
1025 2688 1430 2753 laboraverant,
1479 2695 1844 2757 repererunt;
1892 2703 2074 2758 neque

493 2790 670 2835 tamen
717 2797 907 2835 earum
958 2797 1093 2836 usus
1130 2781 1361 2834 vacabat
1405 2779 1672 2845 molestia,
1713 2789 1871 2835 erant
1925 2779 2072 2835 enim

489 2888 706 2936 amarm,
761 2874 902 2927 sicut
952 2874 1216 2943 scriptum
1261 2880 1381 2939 est;
1429 2873 1524 2928 sed
1570 2873 1702 2943 ligni
1747 2873 2074 2928 admistione

489 2962 680 3018 dulces
715 2979 777 3018 ac
804 2979 999 3019 suaves
1033 2963 1187 3019 facta:
1227 2972 1374 3028 sunt,
1401 2980 1524 3019 cum
1549 2965 1712 3019 beato
1734 2964 1900 3036 Moysi
1928 2965 2072 3020 viam

489 3069 597 3123 qua
625 3054 678 3109 id
717 3055 900 3120 ﬁeret,
941 3057 1087 3111 Deus
1121 3056 1472 3110 ostendisset.
1520 3055 1656 3110 Cum
1701 3056 1848 3110 enim
1889 3055 2074 3111 divina

489 3148 577 3203 lex
607 3164 708 3203 nos
734 3148 929 3209 doceat
952 3165 981 3202 a
1004 3148 1268 3204 servitute
1291 3149 1558 3202 vitiorum
1590 3155 1867 3203 extractos
1896 3149 2070 3202 Deum

490 3239 735 3309 sequi,et
763 3255 829 3294 ex
853 3240 1162 3295 daemonum
1186 3239 1342 3310 155
1367 3240 1647 3293 dominatu
1669 3240 1947 3305 recedere,
1969 3240 2072 3294 sub

492 3332 854 3386 tentationum
878 3333 1063 3386 labore
1089 3332 1288 3386 sudare
1327 3347 1552 3386 necesse
1579 3341 1698 3398 est;
1733 3340 1788 3388 et
1827 3333 2069 3387 severio-

490 3424 567 3479 ris
587 3425 999 3479 excrcitatio’nis
1021 3424 1304 3479 laboribus
1323 3425 1506 3479 carnis
1521 3424 1650 3480 vitia
1672 3424 2069 3490 consumendo,

488 3525 652 3587 atque
690 3517 930 3572 immites
955 3518 1076 3572 illos
1112 3524 1296 3571 motus
1331 3517 1425 3586 qui
1471 3532 1688 3587 semper
1735 3518 2072 3587 voluptatem

477 3617 757 3680 spectant,
785 3625 894 3664 non
919 3625 1078 3664 secus
1104 3625 1167 3664 ac
1195 3617 1389 3664 tetram
1414 3618 1470 3664 et
1503 3610 1797 3664 immanem
1833 3609 2072 3663 belluam

490 3700 582 3753 siti
611 3707 666 3753 et
691 3699 869 3753 inedia
893 3699 1396 3766 mansuefaciendo,
1425 3701 1570 3755 illam
1605 3700 1784 3755 laudis
1813 3715 2072 3756 coronam

490 3790 740 3861 adipisci.
771 3791 1097 3846 Volentibus
1122 3792 1268 3845 enim
1291 3793 1643 3847 continentia:
1682 3791 1942 3846 virtutem
1989 3801 2073 3848 te-

490 3900 642 3950 nere,
676 3885 851 3954 prima
885 3883 1045 3938 nobis
1075 3899 1258 3955 pugna
1299 3885 1565 3940 adversus
1599 3899 1821 3939 carnem
1855 3891 1911 3939 et
1954 3885 2074 3955 ejus

488 3974 623 4028 vitia
647 3974 926 4041 occurrit;
959 3990 1139 4045 neque
1165 3990 1408 4044 unquam
1431 3976 1537 4029 alia
1566 3975 1782 4030 ratione
1811 3974 2071 4030 virtutem

489 4065 760 4136 quispiam
805 4066 1054 4120 excolere
1095 4067 1316 4137 poterit.
1369 4066 1540 4136 Igitur
1593 4065 1715 4121 sitis
1768 4066 1900 4131 illa,
1951 4082 2073 4136 quae

491 4158 688 4228 priscis
706 4157 813 4212 illis
839 4158 1157 4214 hominibus
1178 4158 1234 4212 in
1261 4157 1481 4214 deserto
1503 4157 1753 4229 contigit,
1777 4156 2073 4212 severioris

490 4249 898 4303 exercitationis
923 4250 1172 4306 laborum
1199 4248 1371 4321 ﬁgura
1395 4249 1534 4315 fuit;
1577 4256 1634 4304 et
1678 4265 1800 4318 quae
1841 4248 1907 4302 ad
1945 4263 2072 4302 cor-

491 4354 596 4409 pus
623 4339 919 4409 pertinent,
961 4341 1115 4395 initia
1147 4347 1276 4396 sunt
1319 4339 1892 4396 exercitamentorum.
1932 4336 2071 4393 Illud

489 4430 635 4483 enim
660 4432 1064 4488 animadvertas
1097 4433 1278 4494 velim,
1306 4432 1430 4486 illos
1453 4447 1565 4484 non
1591 4432 1660 4486 ab
1690 4430 1849 4485 initio
1888 4429 2070 4485 statim

2175 1960 2352 2030 μεθα;
2389 1959 2617 2030 Ἑϐόησε
2653 1958 2709 2011 δὲ
2750 1957 2956 2028 Μωσῆς
2996 1958 3130 2030 πρὸς
3159 1959 3363 2029 Κύριον
3387 1976 3399 1988 ·
3433 1959 3526 2010 καὶ
3553 1958 3754 2023 ἔδειξεν

2173 2051 2322 2121 αὐτῷ
2362 2049 2567 2120 Κύριος
2604 2049 2778 2115 ξύλον,
2813 2049 2908 2103 καὶ
2945 2049 3198 2104 ἐνέϐαλεν
3223 2048 3356 2102 αὐτὸ
3392 2050 3472 2112 εἰς
3496 2049 3558 2102 τὸ
3586 2049 3750 2119 ὕδωρ,

2174 2147 2267 2199 καὶ
2298 2143 2604 2215 ἐγλυκάνθη
2637 2144 2698 2196 'tb
2734 2142 2897 2214 ὕδωρ.
2933 2161 2951 2192 ι
2989 2143 3150 2213 Ἀρτι
3188 2141 3417 2213 μὲνγὰρ
3455 2141 3556 2211 τῆς
3583 2141 3752 2209 Δίγυο

2176 2238 2345 2292 πτίων
2389 2237 2719 2308 ἀπαίροντες
2749 2235 2854 2306 γῆς
2894 2235 2945 2288 οἱ
2985 2233 3044 2300 ἐξ
3094 2233 3337 2304 Ἰσραὴλ,
3397 2235 3488 2286 καὶ
3528 2234 3628 2303 τῆς
3663 2234 3752 2286 ὑπ’

2173 2329 2358 2392 αὐτοῖς
2387 2328 2610 2398 θητείας
2639 2327 2730 2380 τὸν
2759 2325 3002 2396 δυσαχθῆ
3041 2341 3099 2377 τε
3125 2326 3219 2377 καὶ
3254 2324 3483 2395 ἄτλητον
3519 2326 3748 2396 ἁπορῤι-

2175 2421 2437 2484 πτοῦντες
2464 2419 2646 2488 ζυγὸν,
2694 2409 2776 2482 εἷς
2804 2419 2901 2489 τὴν
2931 2416 3098 2471 πάλαι
3135 2418 3249 2480 τοῖς
3277 2416 3549 2487 πατράσιν
3582 2417 3755 2487 ἐπηγο

2174 2510 2447 2582 γελμένην
2469 2505 2899 2580 μεθορμίζεσθαι
2925 2507 3048 2578 γῆν,
3067 2506 3201 2559 Θεοῦ
3224 2506 3538 2570 καλοῦντος,
3556 2506 3753 2560 ἐσπού-

2173 2601 2354 2666 δαζον.
2386 2601 2610 2673 Πρῶτος
2631 2599 2687 2652 δὲ
2709 2599 2896 2662 αὐτοῖς
2926 2597 3249 2662 ὑπαντιάζει
3286 2597 3468 2664 πόνος,
3493 2598 3604 2652 τῶν
3637 2599 3755 2653 ὑδά-

2173 2713 2281 2748 των
2317 2696 2350 2764 ή
2387 2695 2605 2757 σπάνις,
2655 2692 2691 2747 ἃ
2738 2691 2890 2764 μόλις
2941 2691 3042 2762 μέν
3083 2689 3172 2743 διὰ
3216 2689 3428 2762 μακροῦ
3484 2691 3750 2760 καμοῦσιν

2175 2787 2398 2860 εὑρέθη,
2438 2787 2578 2848 πλὴν
2599 2786 2699 2840 οὐκ
2731 2783 3117 2854 ἀταλαίπωρον
3152 2783 3345 2851 ἔχοντα
3383 2783 3481 2853 τὴν
3515 2785 3753 2838 ἀπόλαυ-

2178 2896 2282 2934 σιν·
2316 2879 2487 2951 πικρὰ
2519 2879 2627 2947 γὰρ
2655 2871 2742 2949 ἦν,
2782 2875 2924 2930 καθὰ
2955 2875 3261 2946 γέγραπται
3284 2915 3296 2927 .
3316 2874 3484 2928 Ξύλου
3525 2875 3582 2928 δὲ
3611 2875 3753 2946 μίξει

2179 2971 2611 3042 μετεσκευάξετο
2634 2969 2770 3041 πρὸς
2807 2969 2869 3022 τὸ
2901 2967 2998 3037 ἡδύ
3019 2984 3089 3020 τε
3120 2967 3215 3020 καὶ
3251 2967 3446 3035 γλυκὺ,
3476 2965 3612 3020 Θεοῦ
3652 2984 3753 3019 πα-

2179 3061 2544 3133 ραδεδειχότος
2572 3059 2666 3114 τοῦ
2714 3060 3042 3131 πράγματος
3069 3057 3165 3130 τὴν
3198 3057 3316 3110 ὁδὸν
3358 3055 3436 3127 τῷ
3483 3055 3752 3125 θεσπεσίῳ

2173 3152 2371 3222 Μωσῇ.
2414 3151 2583 3222 Νόμῳ
2622 3151 2734 3221 γάρ
2781 3149 2908 3218 θείῳ
2956 3147 3466 3217 παιδαγωγούμενοι
3520 3147 3660 3218 πρὸς
3693 3147 3754 3200 rb

2173 3243 2284 3296 δεῖν
2315 3243 2534 3295 ἑλέσθαι
2585 3241 3006 3295 κατακολουθεῖν
3038 3238 3116 3310 τῷ
3162 3239 3304 3308 Θεῷ,
3343 3239 3442 3309 τῆς
3473 3241 3536 3293 ἐκ
3570 3238 3754 3294 παθῶν

2173 3334 2417 3397 δουλείας
2441 3332 2740 3399 ὲξέλκοντι,
2765 3332 2861 3386 καὶ
2892 3333 2956 3385 ἐκ
2984 3331 3084 3402 τῆς
3122 3331 3230 3386 τῶν
3261 3332 3555 3403 δαιμονίων
3585 3332 3755 3384 ἀπαλ-

2174 3424 2463 3478 λάττεσθαι
2483 3423 2816 3494 τυραννίδος,
2846 3420 3028 3493 ίδροῦν
3060 3422 3272 3493 ἀνάγκη
3302 3422 3751 3492 πειραζομένους.

2174 3518 2266 3571 καὶ
2300 3517 2393 3570 τὸν
2429 3516 2529 3585 τῆς
2559 3514 2962 3585 εὐδοκιμήσεως
2982 3513 3294 3568 ἀναδεῖσθαι
3329 3513 3611 3582 στέφανον,
3648 3516 3758 3575 τοῖς

2173 3607 2234 3672 ἐξ
2260 3609 2544 3678 ἀσκήσεως
2602 3606 2788 3668 πόνοις
2827 3606 3238 3675 κατατήκοντας
3283 3603 3356 3657 τὰ
3397 3603 3622 3674 σαρκὸς,
3665 3604 3754 3657 καὶ

2174 3699 2362 3770 ὥσπερ
2402 3698 2544 3751 τινὰ·
2566 3697 2710 3768 θῆρα
2749 3697 2922 3750 δεινὸν
2957 3695 3481 3766 καταγοητεύοντας,
3512 3695 3660 3764 δίψει
3697 3711 3753 3747 τε

2174 3792 2268 3844 καὶ
2317 3791 2578 3854 ἀσιτίαις,
2618 3789 2680 3842 τὸ
2725 3789 2863 3855 πρὸς
2893 3789 3087 3860 ἡδονὴν
3119 3789 3206 3842 ἀεὶ
3237 3789 3435 3858 βλέπον
3463 3787 3755 3840 ἀτίθασσον

2175 3883 2399 3953 κίνημα.
2433 3881 2634 3954 Πρώτη
2661 3882 2771 3950 γὰρ
2789 3883 2922 3952 ἡμῖν
2946 3883 2978 3950 ἡ
3006 3881 3175 3951 μάχη,
3198 3880 3494 3950 κατορθοῦν
3511 3879 3753 3932 ἐθέλουσι

2179 3976 2279 4046 τὴν
2307 3974 2654 4045 ἐγκράτειαν,
2702 3973 2841 4044 πρὸς
2871 3972 3051 4043 σάρκα
3085 3989 3145 4024 τε
3193 3973 3289 4024 καὶ
3317 3971 3386 4024 τὰ
3432 3972 3637 4041 αὐτῆς·
3665 3971 3755 4024 καὶ

2173 4065 2272 4119 οὐκ
2300 4064 2366 4119 ἂν
2387 4062 2539 4136 οἶμαί
2576 4081 2659 4127 τις
2689 4063 2890 4134 ἑτέρως
2931 4061 3242 4133 ἐκμελετῲη
3269 4061 3368 4132 τὴν
3389 4062 3608 4132 ἀρετήν.
3653 4059 3756 4114 Τύ-

2174 4176 2275 4222 πος
2294 4152 2388 4211 οὗν
2411 4157 2519 4230 ἄρα
2546 4155 2656 4209 τῶν
2679 4157 2738 4209 ἐν
2759 4155 2990 4225 ἀσκήσει
3016 4154 3217 4220 πόνων,
3249 4155 3282 4224 ἠ
3310 4152 3437 4222 δίψα
3455 4154 3567 4214 τοῖς
3587 4151 3752 4206 πάλαι

2176 4249 2430 4321 συμϐᾶσα
2450 4248 2589 4302 κατὰ
2603 4247 2702 4318 τὴν
2723 4245 2927 4318 ἔρημον
2941 4247 3065 4300 ’καὶ
3083 4245 3302 4316 ἀπαρχὴ
3322 4245 3752 4316 γυμνασμάτων,

2172 4347 2242 4401 τὰ
2281 4345 2587 4417 σωματικά.
2648 4342 2933 4412 Ἐπιτήρει
2967 4341 3076 4411 γὰρ
3109 4322 3258 4404 ὅπως
3301 4340 3400 4392 οὐκ
3450 4341 3508 4393 ἐν
3558 4341 3754 4412 ἀρχαῖς

2175 4439 2334 4502 εὐθὺς
2383 4436 2604 4506 πολέμῳ
2642 4434 3068 4506 προσϐάλλουσιν
3110 4434 3197 4503 (οῦ
3245 4432 3353 4504 γὰρ
3394 4435 3509 4495 τοῖς
3551 4432 3754 4503 ἀρτίως

491 4522 548 4576 in
575 4522 778 4578 bellum
807 4525 1099 4580 incidisse:
1127 4539 1304 4592 neque
1323 4524 1492 4586 enim,
1535 4523 1628 4592 qui
1670 4527 1846 4592 nuper
1878 4522 2071 4578 adver-

2179 4527 2628 4601 κατανδρίζεσθαι
2665 4527 2773 4581 τῶν
2824 4526 3012 4580 παθῶν
3067 4526 3160 4580 καὶ
3209 4524 3508 4596 κατορθοῦν
3555 4524 3758 4594 ἀρετὴν

491 4629 585 4668 sus
613 4615 745 4670 vitia
768 4616 985 4670 fortiter
1015 4631 1072 4670 se
1117 4629 1306 4685 gerere
1332 4629 1395 4668 ac
1440 4604 1662 4668 virtutis
1701 4628 1928 4668 munera
1970 4630 2069 4670 ex-

491 4707 645 4777 sequi
674 4716 977 4778 cmperunt,
1005 4707 1074 4761 ab
1100 4707 1168 4761 iis
1192 4706 1378 4761 statim
1409 4720 1590 4776 pugna
1629 4704 1928 4775 suscipitur
1970 4703 2070 4759 ad—

491 4813 684 4853 versus
734 4797 1074 4868 principatus
1111 4804 1167 4851 et
1210 4804 1539 4868 potestates,
1583 4804 1874 4867 propterea
1924 4795 2071 4868 quod

490 4886 584 4955 qui
610 4895 956 4952 exercentur,
989 4886 1169 4941 adhuc
1214 4901 1409 4956 parum
1452 4887 1682 4952 strenui,
1715 4903 1894 4958 neque
1941 4887 2072 4942 satis

492 4976 786 5031 admodum
832 4977 974 5032 ﬁrmi
1031 4986 1189 5045 sunt;
1241 4978 1335 5033 sed
1389 4979 1444 5033 in
1489 4978 1769 5033 laboribus
1811 4979 2074 5033 adversus

493 5082 714 5121 carnem
759 5069 1029 5139 susceptis
1079 5079 1442 5137 exercentur;
1491 5073 1635 5142 quod
1681 5072 1825 5126 Deus
1869 5071 2074 5126 laboris

494 5159 822 5226 molestiam,
868 5178 1060 5218 eorum
1103 5165 1197 5235 qui
1236 5173 1536 5230 tentantur,
1562 5165 1753 5219 habitu
1777 5180 1858 5218 ac
1899 5163 2072 5219 facul-

497 5257 605 5304 tate
629 5252 905 5307 metiatur.
936 5254 1158 5324 Hocque
1188 5256 1323 5310 illud
1362 5264 1468 5320 est,
1495 5257 1691 5325 opinor
1721 5273 1734 5307 :
1779 5276 1797 5306 ‹
1819 5255 2072 5310 Tentatio

495 5357 593 5396 vos
617 5358 726 5398 non
751 5346 1123 5414 apprehendat
1143 5348 1250 5402 nisi
1279 5347 1520 5401 humana
1545 5365 1556 5399 :
1586 5346 1760 5400 ﬁdelis
1783 5354 1866 5400 est
1889 5356 2070 5402 autem

497 5434 661 5499 Deus,
691 5436 786 5507 qui
809 5452 918 5492 non
951 5438 1235 5508 permittet
1259 5455 1360 5493 vos
1384 5437 1584 5492 tentari
1608 5452 1772 5505 supra
1797 5452 1960 5505 quam
1984 5453 2082 5506 po-

500 5527 672 5593 testis,
701 5528 795 5584 sed
823 5529 985 5586 faciet
1015 5523 1140 5585 cum
1191 5530 1496 5585 tentatione
1542 5529 1707 5584 etiam
1753 5529 1981 5594 exitum,
2021 5537 2082 5583 ut

569 5679 617 5711 ⁸⁸
645 5681 817 5736 Exod.
848 5699 937 5748 xv,
962 5684 1153 5739 22-2-5.

2174 4620 2488 4693 ήργμένοις,
2535 4616 2698 4680 εὐθὺς
2749 4619 2783 4688 ἠ
2824 4617 2970 4688 πάλη
3013 4616 3149 4688 πρὸς
3194 4615 3292 4678 τὰς
3340 4613 3514 4684 ἀρχάς
3559 4629 3620 4665 τε
3666 4612 3756 4665 καὶ

2177 4711 2446 4777 ἐξουσίας,
2477 4708 2565 4763 διὰ
2594 4709 2656 4762 τὸ
2680 4709 2788 4762 τῶν
2820 4706 3265 4779 δοκιμαζομένων
3298 4705 3521 4774 ἀγεννὲς
3552 4703 3632 4755 ἔτι
3664 4700 3763 4754 καὶ

2175 4801 2330 4856 οῦπω
2357 4801 2478 4854 λίαν
2500 4797 2784 4871 ἀσφαλὲς),
2807 4798 2940 4851 ἀλλὰ
2963 4800 3074 4860 τοῖς
3089 4797 3188 4866 τῆς
3215 4794 3415 4867 σαρκὸς
3434 4792 3750 4864 δοκιμάζον·

2185 4905 2274 4941 ται
2305 4887 2508 4950 πόνοις,
2527 4885 2952 4957 ἐπιμετροῦντος
2971 4883 3104 4937 Θεοῦ
3123 4887 3241 4948 ταῖς
3267 4882 3378 4937 τῶν
3400 4881 3760 4954 πειρωμένων

2177 4977 2329 5044 ἕξεσι
2359 4975 2455 5031 τοῦ
2491 4976 2656 5029 πόνου
2685 4974 2748 5028 τὸ
2787 4971 3072 5045 δυσαχθές.
3096 4973 3207 5026 Καὶ
3231 4971 3387 5026 τοῦτό
3430 4973 3578 5024 ἐστιν
3604 4965 3762 5040 οἶμαι

2180 5088 2283 5124 που
2317 5069 2379 5122 τὸ
2403 5110 2418 5134 ,
2459 5085 2478 5120 ι
2516 5066 2826 5139 Πειρασμὸς
2867 5065 3012 5136 ὑμᾶς
3055 5065 3154 5118 οὐκ
3187 5063 3430 5134 εἴληφεν,
3462 5063 3510 5114 εί
3545 5061 3619 5132 μὴ
3662 5057 3757 5112 άν-

2182 5159 2489 5231 θρώπινος·
2526 5157 2715 5220 πιστὸς
2755 5157 2834 5219 δὲ,
2865 5157 3052 5225 φησιν,
3107 5156 3137 5207 ό
3168 5152 3321 5215 Θεὸς,
3365 5151 3424 5214 ὃς
3458 5151 3558 5204 οὑκ
3604 5148 3757 5202 ἐάσει

2182 5254 2328 5324 ὑμᾶς
2377 5250 2740 5322 πειρασθῆναι
2787 5249 2928 5320 ὑπὲρ
2978 5247 3008 5298 ὃ
3054 5245 3324 5310 δύνασθε,
3363 5243 3497 5297 ἀλλὰ
3542 5242 3759 5312 ποιήσει

2185 5345 2282 5396 σὺν
2324 5342 2402 5413 τῷ
2441 5339 2733 5412 πειρασμῷ
2799 5338 2896 5391 καὶ
2941 5336 3040 5407 τὴν
3085 5336 3311 5389 ἔκϐασιν
3359 5332 3454 5386 τοῦ
3500 5329 3762 5386 δύνασθαι

2194 5435 2538 5502 ὑπενεγκεῖν.
2582 5451 2601 5484 ι
2633 5431 2871 5502 Πικροὺς
2900 5428 2957 5482 δὲ
2984 5428 3142 5491 ὂντας
3167 5427 3288 5480 λίαν
3310 5426 3434 5488 τοὺς
3461 5423 3603 5493 ὑπὲρ
3632 5421 3760 5490 ἀρε-

2190 5527 2290 5597 τῆς
2323 5525 2576 5596 ἱδρῶτας,
2607 5524 2686 5586 εἰς
2712 5521 2773 5575 rb
2801 5519 2900 5592 ἡδύ
2948 5536 3008 5572 τε
3049 5519 3144 5572 καὶ
3175 5517 3348 5587 γλυκὺ
3397 5512 3760 5587 μεταπλάττει

574 5799 650 5866 (Ι)
687 5800 858 5857 Pccnis
883 5803 1116 5868 reddidi,
1149 5805 1274 5869 quia
1306 5805 1383 5862 sic
1415 5815 1530 5862 erat
1563 5807 1615 5861 in
1639 5800 2148 5876 Vatican0(mtva?;
2171 5801 2238 5872 ?),
2273 5802 2521 5873 quamvis
2554 5801 2608 5858 in
2638 5799 2826 5857 codice
2864 5798 3042 5855 Sirleti
3072 5795 3442 5857 οεεοι-πόνοις.
