3954 6200
226 392 328 450 581

940 382 1033 443 DE
1069 378 1511 443 ADORATIONE
1548 380 1619 439 IN
1658 376 1929 439 SPIRITU
1966 378 2055 439 ET
2094 378 2464 438 VERITATE.
2505 380 2644 435 LIB.
2684 376 2749 435 ν.

3386 376 3493 437 382

222 508 486 584 Χριστὸς,
524 502 585 574 6;
614 507 832 581 εἴρηταί
874 518 934 560 τε
980 506 1083 560 καῖ’
1110 505 1227 559 ἔστι
1269 504 1424 570 ξύλον
1463 504 1628 574 ζωῆς.
1666 503 1811 571 Ἐφη

1941 502 2139 560 mssitis
2160 501 2434 557 sustinere
2450 499 2516 553 ι’.
2550 518 2569 550 ι
2603 497 2741 554 Cum
2762 510 2895 553 vero
2925 509 3027 567 pro
3065 496 3270 552 virtute
3300 509 3492 552 susce-

224 606 283 661 δέ
335 620 441 658 που
486 601 583 655 καὶ
633 595 799 665 aia-:6;
837 596 895 653 ὲν
933 593 1309 668 εὐαγγελικοϊς
1343 595 1806 667 συγγράμμασιν⁹

224 716 253 748 1
290 695 354 750 El
386 699 445 750 ιν
484 693 563 765 τῷ
588 691 744 764 ὑγρῷ
784 689 926 760 ξύλῳ
957 688 1130 746 ταῦτα
1167 689 1422 759 ἔδρασαν,
1461 689 1519 740 ὲν
1557 684 1636 756 τῷ
1661 681 1810 755 ξηρῷ

120 824 127 827 ι
224 790 282 844 τί
313 790 644 862 δράσουσινς
684 805 704 838 ι
736 785 904 859 ὑγρόν
937 801 995 838 τε
1049 783 1143 838 καὶ
1194 780 1418 844 εὐανθὲς
1462 779 1655 834 ἑαυτὸν
1696 780 1813 832 ὀνο-

234 878 427 951 μάζων
461 876 639 944 ξύλον.
671 874 955 929 Δείκνυται
977 873 1035 928 δὲ
1059 872 1138 944 τῷ
1161 871 1433 942 θεσπεσίῳ
1452 871 1625 941 Μωσῇ
1659 866 1809 940 παρὰ

227 970 372 1026 θεοῦ
427 969 582 1035 ξύλον
605 1010 619 1024 .
689 966 1091 1023 Ἀποκαλύπτει
1147 964 1256 1037 γὰρ
1292 965 1448 1036 μόνος
1487 962 1579 1016 τὸν
1620 962 1749 1015 Υἱὸν
1781 962 1811 1014 6

228 1061 450 1132 Πατὴρ,
497 1059 623 1113 ἐπεὶ
667 1058 762 1113 καὶ
798 1057 960 1129 μόνος
1004 1052 1145 1111 οἶδεν
1186 1055 1371 1111 αὐτόν.
1413 1074 1433 1107 ι
1485 1052 1674 1116 Οὐδεὶς
1702 1052 1812 1123 γὰρ

229 1150 345 1207 οἶδε
394 1152 481 1216 τίς
532 1154 684 1205 ἐστιν
725 1151 754 1203 6
804 1151 956 1216 Υἱὸς,
1006 1151 1056 1203 εί
1097 1147 1170 1220 μὴ
1213 1147 1424 1218 Πατήρ.
1459 1163 1478 1197 ι
1513 1142 1726 1200 Οὐκοῦν
1756 1143 1813 1197 ὲν

230 1242 461 1316 Χριστῷ
505 1242 586 1314 τῷ
614 1243 715 1313 τῆς
746 1242 892 1313 ζωῆς
922 1240 1086 1312 ξύλῳ,
1126 1238 1336 1308 γλυκέα
1382 1234 1481 1308 μὲν
1518 1234 1587 1289 τὰ
1620 1232 1813 1307 πικρὰ,

232 1336 455 1408 φορητὰ
492 1335 552 1389 δὲ
581 1333 649 1389 τὰ
681 1334 959 1397 δύσοιστα,
1000 1331 1096 1386 καὶ
1153 1332 1233 1394 είς
1278 1328 1423 1400 ζωὴν
1453 1327 1721 1396 ἀναγκαῖα
1749 1324 1819 1378 τά

231 1429 312 1493 ὡς
339 1430 401 1481 ἐν
430 1428 540 1501 ἰδίᾳ
568 1426 726 1501 φύσει
754 1424 1146 1494 καταφθείρειν
1182 1422 1431 1477 εἰωθότα.

1916 596 1998 668 pti
2022 596 2241 651 labores
2281 592 2453 648 amari
2483 590 2777 646 admodum
2816 591 2946 653 sint,
2981 604 3013 644 a
3044 587 3265 644 Christo
3300 602 3496 645 suaves

1916 703 1981 743 ac
2010 686 2199 742 dulces
2231 684 2558 746 redduntur,
2585 683 2681 752 qui
2720 692 2776 739 et
2824 682 3030 737 dicitur
3062 688 3119 735 et
3166 689 3251 736 est
3286 680 3494 752 lignum

1914 778 2061 834 vitae.
2094 776 2186 831 Ait
2223 781 2406 830 autem
2436 774 2601 828 etiam
2636 773 2753 843 ipse
2801 773 3046 843 profecto
3098 772 3152 826 in
3193 771 3496 841 Scripturis

1915 868 2245 941 evangelicis
2279 885 2293 921 ι
2333 887 2351 920 ι
2382 867 2440 923 Si
2470 865 2526 921 in
2560 866 2726 920 viridi
2767 865 2915 937 ligno
2961 867 3077 920 hmo
3127 865 3397 929 fecerunt,
3440 864 3491 920 in

1916 961 2071 1017 arido
2119 959 2255 1031 quid
2298 959 2503 1015 facient
2519 958 2609 1012 ’θῖ
2650 976 2668 1009 ο
2702 973 2762 1013 se
2784 958 3041 1012 videlicet
3074 957 3249 1012 viride
3287 957 3495 1028 lignum

1915 1068 1981 1107 ac
2027 1051 2232 1107 florens
2276 1050 2591 1122 appellavit.
2648 1047 2968 1105 Ostenditur
3018 1057 3282 1119 praeterea
3334 1049 3497 1103 beato

1916 1143 2085 1216 Moysi
2111 1144 2320 1215 lignum
2355 1158 2385 1197 a
2419 1143 2553 1198 Deo.
2580 1141 2742 1199 Solus
2781 1141 2928 1195 enim
2969 1139 3133 1195 Pater
3170 1140 3368 1195 Filium
3406 1154 3497 1195 re-

1916 1235 2083 1299 velat,
2105 1234 2233 1304 quia
2262 1250 2388 1290 eum
2408 1235 2573 1289 etiam
2600 1233 2748 1288 solus
2767 1232 2939 1287 novit.
2993 1251 3012 1284 ‹
3053 1232 3225 1286 Nemo
3261 1247 3497 1301 namque

1919 1329 2075 1383 novit
2101 1327 2226 1398 quis
2247 1335 2332 1383 est
2360 1327 2551 1391 Filius,
2578 1326 2684 1381 nisi
2707 1326 2869 1381 Pater
2886 1325 2952 1389 ",
2985 1344 3003 1375 ι
3034 1325 3204 1395 Igitur
3226 1340 3324 1394 per
3341 1323 3497 1379 Chri-

1924 1428 2090 1485 stum,
2130 1421 2257 1475 vitaa
2287 1420 2517 1490 lignum,
2566 1418 2749 1474 dulcia
2790 1417 2928 1472 fiunt
2966 1432 3087 1487 qua:
3123 1430 3309 1471 amara
3346 1424 3494 1477 sunt,

234 1534 289 1581 et
336 1522 646 1581 tolerabilia
678 1536 799 1595 qua:
835 1518 1063 1577 minime
1090 1517 1223 1576 ferri
1248 1525 1523 1591 poterant,
1547 1522 1606 1573 et
1640 1514 1710 1571 ad
1734 1514 1902 1570 vitam
1954 1516 2112 1572 utilia
2163 1530 2286 1586 quae
2338 1531 2408 1571 ex
2469 1528 2567 1570 sua
2597 1521 2794 1569 natura
2820 1513 3104 1568 interitum
3133 1511 3330 1566 ail‘erre
3369 1525 3499 1565 con-

234 1621 559 1669 SUCVBI’DDL

308 1704 521 1758 IIAAA.
553 1703 686 1758 Τίνα
720 1703 830 1776 φῂς
853 1701 1085 1778 τρόπονς

305 1795 481 1850 ΚΥΡ.
506 1795 680 1866 Εἴπερ
698 1797 846 1848 ἐστὶν
872 1793 1092 1865 ἀληθὲς,
1121 1791 1202 1846 ὅτι
1227 1789 1288 1845 τὸ
1318 1789 1416 1862 μὲν
1439 1789 1599 1859 σῶμα
1631 1784 1821 1857 πικροὶ

231 1889 361 1943 λίαν
415 1889 568 1952 ὅντες
613 1886 1076 1958 καταφθείρουσιν
1119 1884 1170 1937 οἱ
1207 1883 1380 1944 πόνοι,
1435 1881 1579 1950 ζωῆς
1632 1878 1689 1933 δὲ
1722 1878 1822 1946 τῆς

236 1981 465 2035 αἰωνίου
498 1980 722 2053 μέτοχον
747 1975 1068 2032 ἀποτελοῦσι
1112 1973 1288 2045 ψυχὴν
1319 1971 1446 2045 (ἔφη
1485 1972 1548 2042 δή
1594 1987 1697 2024 που
1726 1967 1826 2023 καὶ

234 2073 266 2125 6
301 2069 555 2134 Παῦλος⁶
592 2089 612 2122 ι
647 2069 820 2122 Ὅταν
841 2064 1073 2129 ἀσθενῶ,
1104 2065 1226 2118 τότε
1247 2063 1473 2125 δυνατός
1497 2063 1632 2131 εἰμι.
1665 2079 1683 2111 ι
1705 2060 1816 2113 Καὶ

188 2167 193 2171 ’
238 2163 441 2216 πάλινο
467 2162 560 2216 «Εἰ
582 2160 692 2233 γὰρ
715 2159 865 2226 ὀὲξω
891 2157 1049 2230 ἡμῶν
1065 2155 1349 2228 ἄνθρωπός
1368 2152 1670 2224 φθείρεται,
1702 2148 1819 2204 ἀλλ’

236 2255 269 2307 ό
299 2253 413 2306 ἔσω
442 2248 830 2306 ἀνακαινοῦται
855 2248 1039 2320 ἡμέρα
1059 2247 1156 2300 καὶ
1181 2244 1365 2317 ἡμέρᾳ
1406 2262 1425 2295 ι
1539 2241 1623 2304 τίς
1663 2240 1709 2293 δ’
1759 2239 1827 2294 ἂν

238 2342 421 2397 ἓλοιτό
454 2358 585 2395 ποτε
607 2341 737 2404 τοὺς
766 2333 868 2393 ὧδε
899 2339 1114 2409 δριμεῖς
1144 2335 1442 2404 ἀνατλῆναι
1483 2332 1701 2395 πόνους,
1750 2330 1825 2401 μὴ

238 2437 366 2507 οὐχὶ
394 2436 653 2507 γλυκεῖαν
677 2433 817 2504 ἔχων
845 2431 1038 2485 ἐλπίδα
1075 2430 1176 2501 τὴν
1203 2431 1260 2483 ὲν
1286 2425 1543 2498 Χριστῷς

315 2616 532 2671 ΠᾹΛΛ.
561 2612 751 2676 Οὐδεὶς
782 2611 869 2674 ἂν,
901 2602 1077 2680 οἶμαι,
1109 2602 1409 2667 παντελῶς.

312 2706 486 2759 ΚΥΡ.
519 2705 663 2776 Ὅρα
705 2703 771 2773 δὴ
797 2698 896 2755 οὖν
920 2700 1082 2771 (ἰέναι
1115 2696 1226 2768 γὰρ
1258 2695 1323 2764 δὴ
1356 2694 1494 2766 πρὸς
1526 2691 1831 2763 ἀνάμνησιν

1855 1694 1900 1755 Β
2005 1694 2204 1751 PALL.
2245 1694 2493 1762 Quonam
2541 1682 2749 1749 modo?

1994 1787 2151 1844 ΟΥΕ.
2194 1787 2477 1858 Siquidem
2519 1800 2711 1840 verum
2747 1790 2851 1849 est,
2889 1782 3125 1847 labores,
3167 1796 3291 1836 cum
3330 1780 3498 1835 amari

1922 1878 2214 1934 admodum
2258 1878 2388 1943 sint,
2426 1891 2629 1947 corpus
2676 1876 3027 1937 interimere,
3081 1873 3315 1928 animam
3369 1887 3500 1928 vero
3544 1936 3559 1945 δ

1922 1977 2139 2024 anteme
2172 1968 2300 2022 vita:
2335 1965 2659 2037 participem
2685 1963 2917 2019 elliccre.
2955 1961 3142 2032 Itaque
3174 1960 3311 2015 dixit
3335 1960 3499 2015 etiam

1923 2058 2118 2114 beatus
2168 2057 2424 2113 Paulus:
2488 2073 2508 2108 ‹
2558 2053 2697 2110 Cum
2751 2054 3037 2119 infirmor,
3108 2059 3241 2106 tunc
3305 2059 3504 2121 potens

1925 2165 2047 2205 sum
2084 2150 2151 2202 ”.
2196 2168 2215 2200 ι
2258 2149 2328 2203 Et
2362 2147 2561 2203 iterum
2603 2163 2616 2200 :
2665 2165 2685 2197 ‹
2728 2146 2844 2201 Etsi
2880 2145 3028 2200 enim
3065 2140 3505 2201 exterior'homo

1924 2248 2114 2297 noster
2149 2239 2540 2309 corrumpitur,
2582 2238 2679 2292 sed
2716 2237 2948 2292 interior
2982 2244 3280 2292 renovatur
3311 2235 3380 2291 de
3415 2235 3505 2292 die

1927 2332 1984 2387 in
2022 2331 2166 2387 diem
2187 2332 2254 2386 ⁸³.
2302 2351 2320 2382 ι
2367 2328 2526 2399 156
2564 2327 2670 2383 Sed
2704 2326 2829 2397 quis
2863 2327 3084 2381 tandem
3122 2327 3257 2381 velit
3288 2327 3508 2381 labores

1928 2433 2040 2480 tam
2091 2421 2320 2478 acerbos
2370 2419 2636 2493 perferre,
2678 2418 2787 2473 nisi
2839 2417 3055 2472 dulcem
3103 2418 3304 2473 habeat
3355 2433 3506 2488 spem

1929 2517 1988 2573 in
2025 2516 2285 2573 Christo?

1999 2608 2195 2664 PALL.
2234 2608 2407 2664 Nemo
2445 2622 2690 2677 prorsus,
2731 2604 2945 2676 opinor.

2001 2699 2158 2755 CYR.
2199 2699 2335 2755 Vide
2375 2688 2718 2769 igiturﬁam
2772 2696 2942 2761 enim,
2980 2694 3209 2761 Palladi,
3247 2709 3312 2748 ea
3351 2708 3510 2763 repe-

241 2799 358 2851 τῶν
393 2799 454 2851 ὲν
486 2798 683 2868 ἀρχαῖς
716 2795 1016 2863 ἀναγκαῖον
1036 2793 1190 2862 ἡμῖν,
1218 2782 1265 2841 ὧ
1288 2780 1587 2851 Παλλάδιε)
1622 2782 1835 2852 δεδιψη-

1941 2800 2049 2847 tcre
2086 2805 2312 2846 necesse
2347 2798 2432 2845 cst
2469 2805 2591 2859 qua:
2634 2804 2665 2843 a
2703 2787 2975 2859 principio
3012 2783 3284 2855 diximus)
3339 2784 3515 2839 Israe—

243 2892 385 2945 κότα
424 2889 529 2960 μὲν
567 2890 627 2942 ὲν
661 2887 854 2959 ἐρήμῳ
883 2883 976 2938 τὸν
1022 2879 1263 2953 Ἰσραὴλ,
1297 2879 1394 2931 καὶ
1423 2875 1519 2930 τοῦ
1558 2874 1832 2940 πανσόφου

244 2982 501 3046 Μωσέως
528 2976 1037 3047 καταγογγύζοντα,
1074 2971 1289 3044 νηποινί
1313 2987 1378 3038 γε
1411 2969 1515 3041 μὴν
1559 2968 1640 3031 εἰς
1676 2964 1835 3018 τοῦτο

244 3077 494 3130 πεσόντα
527 3071 922 3145 μικροψυχίαςο
953 3068 1015 3122 ού
1056 3065 1167 3138 γὰρ
1208 3063 1456 3117 ἐκτέτικε
1495 3061 1670 3122 δίκας,
1709 3055 1833 3110 οὐδὲ

245 3168 465 3237 ὑπέστη
492 3165 562 3219 τά
599 3164 659 3231 ἐξ
679 3164 847 3236 ὀργῆς
873 3202 889 3226 ,
921 3159 1097 3214 καίτοι
1127 3156 1377 3221 κολάζειν
1405 3152 1656 3215 εἰωθότος
1697 3146 1832 3201 Θεοῦ

246 3260 382 3323 τοῦς
433 3257 527 3312 ἐπὶ
578 3256 715 3327 τῷδε
759 3249 1266 3322 κατεγνωσμένους.
1310 3245 1574 3301 Ἑλεεῖται
1613 3241 1724 3312 γὰρ
1777 3240 1837 3292 ὲν

247 3352 454 3423 ἀρχαῖς
476 3353 507 3405 6
534 3352 595 3404 ὲν
627 3348 1017 3420 γυμνάσμασιν
1055 3342 1138 3396 ἔτι
1174 3343 1287 3404 τοῖς
1324 3338 1468 3410 ὑπὲρ
1501 3334 1701 3409 ἀρετῆς
1726 3332 1836 3423 ἔσθ’

247 3443 343 3498 ὅτε
387 3444 481 3497 καὶ
533 3440 775 3495 πταίων·
832 3428 1220 3505 ἀσύγγνωστον
1251 3431 1308 3486 δὲ
1357 3428 1495 3501 μετά
1538 3426 1697 3481 τοῦτο
1742 3422 1839 3496 τὴν

251 3538 401 3605 ἄγαν
432 3534 550 3608 ἔχει
574 3530 964 3605 μικροψυχίαν,
988 3528 1086 3582 καὶ
1100 3525 1203 3598 τὴν
1222 3522 1477 3595 ἀχάλινον
1501 3518 1838 3591 ἀποδρομὴν,

250 3629 324 3698 ἣν
374 3626 443 3680 ἂν
484 3627 690 3680 ποιοῖτο
718 3622 879 3693 τυχὸν
928 3622 1010 3684 εἰς
1059 3617 1326 3679 ἐκτόπους
1367 3614 1687 3684 ἐπιθυμίας.
1730 3610 1842 3664 Καὶ

254 3718 395 3790 γοῦν
420 3722 479 3773 ἐν
525 3718 639 3781 τοῖς
677 3715 958 3788 Ἀριθμοῖς
991 3711 1121 3784 περὶ
1147 3709 1256 3764 τῶν
1301 3707 1433 3764 υίῶν
1474 3704 1691 3778 Ἰσραὴλ
1739 3703 1840 3774 ἔφη

256 3830 365 3867 που
417 3811 582 3866 πάλιν
623 3808 686 3863 τὸ
733 3807 976 3878 Γρὰμμα
1011 3804 1072 3858 τὸ
1104 3802 1278 3876 ίερόψ
1315 3820 1335 3852 ‹
1374 3799 1488 3853 Καὶ
1541 3798 1742 3869 ἐξῆραν
1781 3796 1844 3847 ὲκ

263 4267 473 4339 Μωσῆς
489 4283 516 4327 ·.
536 4265 722 4334 Ἐξεγέ
732 4264 910 4336 ρθητι,
929 4259 1126 4332 Κύριε,
1156 4256 1254 4312 καὶ
1268 4249 1849 4325 διασκορπισθήτωσαν

1934 2881 2042 2936 lem
2080 2880 2137 2935 in
2185 2880 2404 2935 deserto
2437 2878 2735 2943 sitientem,
2770 2886 2826 2933 et
2869 2876 3133 2931 adversus
3175 2874 3513 2945 sapientissi-

1939 2986 2089 3026 mum
2133 2972 2312 3026 virum
2360 2970 2583 3042 Moysen
2630 2976 3089 3032 murmurantem,
3131 2974 3189 3021 et
3234 2975 3413 3019 tamen
3460 2964 3514 3018 in

1940 3071 2148 3118 tantam
2189 3062 2356 3116 animi
2397 3059 2759 3132 abjectionem
2800 3059 3022 3129 impune
3064 3058 3305 3126 lapsum;
3336 3070 3519 3125 neque

1937 3154 2084 3208 enim
2123 3168 2314 3224 ptenas
2348 3152 2478 3217 luit,
2517 3166 2696 3221 neque
2723 3150 2922 3206 divina:
2958 3150 3053 3203 ira:
3090 3148 3354 3203 ultionem
3392 3163 3516 3201 sus-

1940 3245 2140 3309 tinuit,
2180 3243 2430 3314 quamvis
2476 3242 2623 3297 Deus
2671 3243 2790 3312 ejus
2837 3239 3086 3295 criminis
3145 3254 3269 3294 reos
3322 3238 3517 3309 punire

1940 3336 2013 3392 sit
2052 3334 2266 3390 solitus.
2307 3332 2406 3386 Est
2435 3345 2672 3399 namque
2703 3330 3055 3385 miseratione
3090 3329 3287 3399 dignus
3313 3328 3381 3382 ab
3409 3326 3517 3382 ini-

1942 3429 2041 3492 tio,
2075 3425 2171 3497 qui
2201 3425 2257 3479 in
2285 3421 2680 3478 exercitatione
2707 3420 2887 3476 adhuc
2914 3435 3013 3491 pro
3033 3419 3237 3473 virtute
3266 3427 3519 3487 suscepta

1941 3517 2146 3572 labitur
2183 3527 2578 3582 nonnunquam
2616 3528 2628 3564 :
2661 3518 2717 3565 at
2764 3519 2953 3580 postea
2996 3507 3166 3562 nimia
3202 3507 3294 3561 illa
3343 3505 3523 3577 parvi—

1945 3618 2028 3662 tas
2055 3605 2245 3671 animi,
2281 3614 2338 3661 et
2374 3603 2674 3659 ell‘renatus
2719 3601 2787 3656 ad
2826 3600 3092 3671 absurdas
3125 3597 3521 3668 concupiscen-
3594 3600 3600 3605 ’

1947 3700 2050 3756 tias
2094 3713 2291 3755 cursus
2339 3712 2536 3766 expers
2577 3701 2662 3750 est
2706 3692 2900 3749 veniae.
2938 3693 3126 3762 Itaque
3174 3691 3231 3745 in
3270 3689 3526 3744 Numeris

1945 3788 2013 3844 de
2054 3788 2180 3843 ﬁliis
2210 3787 2375 3842 Israel
2403 3792 2630 3840 narrant
2663 3798 2830 3839 sacrae
2852 3782 3110 3837 Litterae:
3142 3799 3160 3830 ι
3194 3780 3263 3834 Ει
3296 3777 3525 3850 profecti

1946 3890 2075 3935 sunt
2109 3895 2177 3935 ex
2216 3886 2399 3934 monte
2444 3876 2541 3931 Dei
2584 3875 2782 3930 itinere
2819 3875 3035 3929 dierum
3067 3872 3265 3936 trium;
3305 3879 3359 3925 et
3402 3884 3524 3923 arca

1947 3969 2259 4024 testamenti
2298 3967 2514 4023 Domini
2551 3966 2782 4036 praeibat
2826 3965 2948 4018 illos
2988 3964 3076 4017 via
3116 3963 3278 4014 trium
3310 3961 3525 4013 dierum

1830 4104 1843 4117 .
1948 4060 2015 4115 ad
2044 4059 2431 4129 explorandam
2466 4057 2602 4127 ipsis
2629 4056 2894 4125 requiem.
2924 4055 2993 4108 Et
3026 4052 3231 4107 factum
3259 4059 3363 4116 est,
3395 4050 3530 4105 dum

1948 4150 2255 4204 elevaretur
2297 4161 2443 4210 arca,
2484 4143 2623 4199 dixit
2658 4144 2871 4215 Moyses
2914 4159 2927 4195 :
2975 4142 3238 4212 Exsurge,
3275 4139 3526 4203 Domine,

1949 4245 2008 4293 et
2043 4236 2380 4305 dissipentur
2420 4233 2630 4288 inimici
2664 4232 2773 4298 tui;
2808 4230 3021 4301 fugiant
3046 4245 3238 4285 omnes
3272 4229 3366 4299 qui
3394 4228 3529 4284 ode-

264 4319 696 4432 ζῖεξὸᾏᾷισᾎυξ
732 4319 1067 4426 ⁵φυίίὲτωσαν
1099 4319 1300 4412 πάντες
1345 4347 1396 4401 οί
1429 4319 1713 4416 μισοῦντές
1764 4355 1836 4393 σε.

1953 4336 2083 4383 runt
2108 4335 2183 4382 te.
2214 4326 2287 4381 Et
2313 4324 2443 4380 dum
2479 4323 2871 4394 deponeretur,
2903 4320 3041 4375 dixit
3065 4339 3078 4374 :
3099 4319 3391 4385 Converte,
3420 4320 3529 4374 Βο·

264 4454 381 4508 Καὶ
412 4454 472 4505 ἐν
502 4453 570 4523 τῇ
600 4445 945 4504 καταπαύσει
972 4440 1144 4497 εἶπενο
1172 4437 1523 4507 Ἐπίστρεφε,
1542 4433 1737 4505 Κύριε,
1764 4447 1850 4523 χι-

269 4545 460 4608 λιάδας
499 4520 765 4615 μυριάδας
792 4540 849 4591 ὲν
876 4534 955 4607 τῷ
992 4530 1248 4606 Ἰσραήλο
1285 4529 1382 4583 καὶ
1417 4528 1451 4599 ἡ
1493 4524 1693 4596 νεῳέλη
1725 4520 1852 4591 ὲγέ-

267 4654 396 4691 νετο
435 4632 739 4698 σκιάζουσα
786 4630 875 4682 ἐπ’
908 4626 1093 4689 αὐτοῖς
1126 4622 1360 4695 ἡμέρας,
1408 4621 1466 4673 ὲν
1497 4617 1577 4689 τῷ
1615 4616 1854 4686 ἐξαίρειν

268 4726 475 4790 αὐτοὺς
499 4726 564 4778 ἐκ
596 4723 694 4795 τῆς
725 4717 1081 4793 παρεμϐολῆς
1100 4733 1115 4748 ’
1144 4714 1241 4769 καὶ
1266 4709 1335 4785 ἦν
1363 4714 1393 4766 ὁ
1418 4711 1546 4774 λαὸς
1569 4708 1854 4780 γογγύζων

517 4816 698 4870 ἔναντι
736 4813 944 4884 Κυρίου
963 4828 977 4843 ⁸
1003 4811 1097 4864 καὶ
1127 4808 1329 4880 ἤκουσε
1361 4803 1590 4875 Κύριος,
1621 4803 1715 4871 καὶ
1734 4800 1856 4854 ἐθυ-

273 4908 436 4981 μώθη
463 4908 627 4979 ὀργῇ,
661 4905 759 4960 καὶ
798 4901 1069 4973 ἐξεκαύθη
1102 4904 1160 4954 ὲν
1203 4899 1388 4961 αὐτοῖς
1417 4894 1530 4966 πῦρ
1562 4892 1714 4964 παρά
1741 4893 1854 4944 Κυ-

254 5004 422 5076 .ρίου,
448 5003 545 5057 καὶ
588 4999 868 5068 κατέφαγε
916 4995 1083 5067 μέρος
1107 5010 1161 5046 τι
1195 4992 1297 5063 τῆς
1340 4985 1712 5076 παρεμϐολῆς.
1762 4982 1857 5076 καὶ

271 5073 581 5165 ἑκέκραξεν
613 5091 642 5145 6
675 5088 804 5152 λαὸς
830 5087 967 5160 πρὸς
1010 5083 1239 5153 Μωσῆν.
1280 5080 1392 5134 Καὶ
1417 5076 1621 5148 ηὔξατο
1649 5073 1858 5165 Μωσῆς

272 5186 417 5258 πρὸς
449 5184 542 5238 τὸν
569 5182 798 5254 Κύρων,
830 5179 925 5234 καὶ
960 5175 1199 5231 ἐκόπασε
1240 5172 1303 5227 τδ
1344 5170 1476 5242 πῦρ.
1509 5169 1623 5223 Καὶ
1651 5164 1855 5258 ἐκλήθη

271 5256 339 5332 τδ
366 5278 541 5347 ὄνομα
569 5273 664 5328 τοῦ
689 5273 858 5326 τόπου
904 5268 1138 5335 ἐκείνου,
1178 5260 1594 5336 Ἐμπυρισμόςο
1638 5258 1721 5312 ὅτι
1766 5256 1856 5321 ἐξ-

272 5346 491 5439 εκαύθή
506 5367 565 5420 ἐν
592 5366 780 5427 αὐτοῖς
796 5361 907 5433 πῦρ
932 5359 1085 5432 παρά
1110 5356 1343 5430 Κυρίου.
1369 5373 1389 5406 ι
1410 5353 1522 5407 Καὶ
1545 5349 1683 5423 μετά
1701 5346 1859 5405 τοῦτο

270 5461 472 5518 πάλινο
508 5478 528 5511 ι
564 5457 678 5511 Καὶ
716 5454 1012 5526 ἐξάραντες
1049 5452 1109 5517 ἐξ
1153 5451 1257 5520 Ὃρ
1277 5445 1370 5500 τοῦ
1400 5444 1561 5518 ὅρους
1606 5442 1724 5495 ὁδὸν
1768 5439 1860 5493 ἐπὶ

271 5555 561 5610 θάλασσαν
597 5546 890 5621 Ἐρυθρὰν,
910 5542 1360 5618 περιεκύκλωσαν
1392 5538 1491 5610 τὴν
1514 5537 1618 5608 γῆν
1650 5532 1858 5614 Ἐδιῖυμ⁹

274 5646 380 5703 καὶ
415 5641 837 5714 ὡλιγοιῖιύχησεν
859 5641 890 5694 ὁ
912 5638 1039 5703 λαὸς
1072 5638 1132 5692 ὲν
1158 5637 1225 5707 τῇ
1247 5631 1373 5704 ὁδῷ.
1397 5630 1507 5686 Καὶ
1529 5626 1813 5682 κατελάλει
1831 5625 1861 5679 ὀ

1953 4423 2121 4487 mine,
2149 4420 2300 4475 mille
2338 4416 2615 4491 myriadas
2651 4415 2709 4470 in
2745 4413 2930 4470 Israel.
2959 4412 3029 4467 Et
3066 4411 3240 4467 nubes
3280 4412 3531 4467 umbram

1954 4515 2189 4572 faciebat
2220 4529 2386 4585 super
2418 4512 2541 4567 illos
2567 4526 2667 4580 per
2696 4509 2864 4574 diem,
2892 4521 3018 4563 cum
3056 4503 3533 4577 proficiscerentur

1953 4626 1986 4665 e
2033 4608 2226 4665 castris
2280 4623 2292 4660 :
2342 4614 2400 4661 et
2444 4613 2563 4660 erat
2610 4602 2850 4674 populus
2898 4615 3251 4659 murmurans
3298 4598 3533 4669 pessime

1955 4706 2147 4754 contra
2167 4698 2481 4754 Dominum.
2514 4695 2585 4750 Et
2615 4693 3138 4761 audivitDomiuus,
3163 4700 3221 4746 et
3250 4690 3418 4745 iratus
3450 4695 3536 4743 est

1957 4791 2057 4854 ira,
2099 4797 2155 4844 et
2201 4802 2504 4844 succensus
2541 4794 2627 4841 est
2670 4784 2813 4856 ignis
2862 4784 2920 4838 in
2967 4799 3064 4838 eos
3106 4798 3137 4837 a
3176 4782 3436 4847 Domino;
3479 4787 3537 4834 et

1957 4878 2241 4936 devoravit
2272 4886 2484 4949 partem
2530 4876 2823 4946 quamdam
2862 4882 3190 4929 castrorum.
3225 4872 3293 4927 Et
3333 4871 3537 4926 clama-

1956 4973 2039 5028 vit
2070 4971 2308 5043 populus
2335 4969 2403 5025 ad
2431 4969 2671 5042 Moysen.
2701 4967 2770 5023 Et
2809 4967 2985 5022 oravit
3016 4965 3225 5037 Moyses
3253 4964 3318 5019 ad
3351 4961 3538 5018 Domi-

1956 5083 2113 5133 num,
2137 5074 2193 5123 et
2221 5064 2461 5122 cessavit
2499 5061 2670 5136 ignis;
2709 5070 2767 5118 et
2802 5067 3060 5115 vocatum
3090 5064 3177 5112 est
3204 5070 3403 5111 nomen
3431 5052 3539 5109 loci

1959 5160 2127 5226 illius,
2156 5157 2481 5222 Succensio,
2513 5154 2642 5226 quia
2671 5166 2969 5209 succensus
2999 5156 3085 5205 est
3122 5148 3177 5203 in
3216 5162 3313 5203 eos
3343 5146 3482 5219 ignis
3511 5161 3541 5198 a

1959 5253 2190 5309 Domino
2212 5251 2279 5306 ”.
2316 5270 2335 5302 ι
2373 5250 2441 5305 Ει
2481 5256 2607 5319 post
2636 5245 2753 5302 htec
2789 5258 3017 5299 rursus:
3052 5261 3071 5292 ς
3108 5241 3176 5296 Et
3204 5236 3433 5310 profecti
3474 5249 3540 5288 ex

1960 5356 2145 5401 monte
2184 5343 2299 5398 Hor
2348 5358 2448 5412 per
2499 5339 2644 5394 viam
2694 5337 2863 5391 maris
2917 5332 3113 5397 Rubri,
3150 5328 3543 5385 circumierunt

1963 5445 2166 5492 terram
2214 5435 2417 5498 Edom;
2469 5439 2526 5487 et
2575 5429 2832 5499 fatigatus
2863 5434 2949 5480 est
2984 5423 3219 5494 populus
3256 5421 3307 5472 in
3338 5415 3446 5477 via,
3485 5420 3543 5468 et

1962 5527 2289 5586 detrahebat
2320 5517 2555 5595 populus
2598 5519 2861 5575 adversus
2894 5517 3067 5571 Deum
3091 5521 3147 5568 et
3172 5518 3358 5565 contra
3398 5505 3548 5578 Moy-

1963 5636 2082 5686 sen,
2121 5619 2369 5674 dicentes
2399 5632 2415 5670 :
2446 5614 2559 5671 Cur
2600 5608 2834 5667 eduxisti
2881 5622 2983 5662 nos
3022 5605 3089 5661 de
3124 5614 3267 5660 terra
3303 5596 3542 5675 Egypti,

238 5792 247 5801 ἡ
353 5826 454 5882 ’ἰ
500 5824 628 5880 Cor.
657 5840 711 5889 χ,
748 5822 828 5877 l5.
904 5822 948 5854 ’⁸
975 5820 1109 5876 Luc.
1140 5831 1289 5883 nm,
1321 5812 1411 5889 Si.
1448 5812 1490 5845 "
1522 5807 1711 5866 Matth.
1749 5822 1822 5873 ιι,

1941 5849 1944 5858 .
2020 5804 2064 5837 ”
2091 5800 2136 5858 ιι
2163 5797 2290 5857 Cor.
2326 5795 2501 5881 “1,99.
2581 5792 2672 5848 "I
2709 5790 2835 5847 Cor.
2862 5804 2936 5857 tv,
2996 5786 3077 5842 I6.
3139 5784 3185 5817 "
3225 5783 3388 5839 Num.
3431 5791 3545 5834 ιιι.
