3954 6200
326 348 345 373 '
459 371 571 432 σεε

1471 376 1526 432 5.
1570 373 1845 433 CYRILLI
1885 372 2352 436 ALEXANDRINI
2386 378 2705 437 ARCHIEP.

3608 384 3714 440 386

464 499 530 546 ut
557 487 897 547 interﬁceres
928 502 1029 543 nos
1060 487 1117 542 in
1145 486 1398 545 deserto?
1434 504 1614 560 neque
1650 490 1799 546 enim
1828 501 1913 548 est
1946 506 2038 563 pa—

2146 491 2274 557 λαδς
2301 492 2435 564 πρὸς
2471 493 2564 557 τὸν
2594 492 2728 547 Θεὸν
2757 492 2851 547 καὶ
2884 492 3027 548 κατὰ
3059 491 3253 563 Μωσῆ,
3283 491 3533 560 λέγοντες
3552 510 3567 525 ·
3597 494 3717 549 ἰνα

464 579 574 646 nis,
605 593 783 649 neque
819 593 989 648 aqua;
1019 588 1076 634 et
1123 579 1309 634 anima
1358 590 1543 636 nostra
1580 596 1775 651 perosa
1820 593 1905 638 est
1943 595 2041 652 pa-

466 682 594 723 nem
636 667 786 722 hunc
830 667 1068 722 inanem.
1106 668 1174 724 Et
1218 668 1445 726 immisit
1477 669 1742 726 Dominus
1775 671 1831 726 in
1864 686 2041 742 popu—

452 755 582 809 lum
610 766 897 826 serpentes
927 758 1260 824 mortiferos,
1288 769 1345 814 et
1376 758 1704 817 mordebant
1738 761 1999 831 populum
2023 779 2037 827 ;

466 856 525 902 et
566 847 904 904 moriebatur
949 850 1184 920 populus
1229 852 1437 908 multus
1471 868 1502 908 e
1543 851 1671 909 ﬁliis
1717 854 1877 909 Israel
1907 855 1972 907 ".
2015 874 2033 906 ι

465 937 635 993 Vides
686 938 872 1011 igitur,
913 941 1375 1011 quemadmodum
1424 943 1534 1015 igni
1581 960 1646 1001 ac
1692 946 2042 1017 serpentibus

466 1031 558 1086 ille
608 1043 923 1089 susurrator
975 1045 1031 1091 et
1076 1046 1449 1093 murmurator
1496 1038 1731 1108 populus
1777 1055 2036 1096 consum-

463 1132 592 1192 ptus
624 1122 712 1179 sit.
753 1123 909 1195 157
948 1125 1379 1184 Proﬁciscuntur
1409 1129 1555 1184 enim
1595 1128 1674 1184 illi
1710 1131 1933 1200 quidem
1971 1148 2038 1187 ex

461 1224 649 1271 monte
681 1215 801 1280 Dei,
837 1230 961 1270 cum
1008 1216 1130 1272 illos
1169 1233 1295 1273 arca
1326 1219 1680 1288 praecederet,
1714 1230 1771 1277 et
1804 1220 1913 1276 illis
1948 1237 2037 1277 re-

460 1304 646 1375 quiem
679 1315 969 1375 qutereret,
1005 1306 1216 1378 Moyses
1244 1322 1463 1379 quoque
1496 1321 1698 1375 oraret,
1728 1327 1794 1366 ac
1835 1312 2034 1382 depre-

458 1406 702 1462 caretur,
742 1397 918 1454 nubes
966 1399 1129 1454 etiam
1178 1399 1299 1455 illos
1345 1411 1660 1473 contegeret
1692 1421 1705 1456 :
1740 1414 1796 1460 at
1828 1405 1908 1459 illi
1944 1420 2037 1474 pa-

460 1503 587 1544 nem
620 1488 688 1545 de
716 1489 856 1546 Caelo
884 1489 1070 1546 datum
1100 1491 1314 1569 inanem
1343 1494 1698 1564 appellantes,
1735 1496 2034 1566 plurimum

459 1579 529 1636 de
565 1581 677 1636 Deo
722 1596 785 1636 ac
823 1581 1002 1653 Moyse
1049 1583 1550 1652 conquerebantur.
1585 1586 1757 1655 Quam
1797 1589 1868 1644 ob
1900 1604 2033 1644 cau-

457 1687 573 1726 sam
608 1673 915 1729 necessario
944 1674 1022 1729 illi
1054 1676 1276 1746 quidem
1308 1677 1449 1748 ignis
1480 1695 1619 1749 opus
1645 1680 1828 1738 effecti
1871 1693 2028 1746 sunt,

456 1761 514 1815 hi
553 1764 886 1833 serpentium
922 1765 1195 1822 morsibus
1223 1768 1489 1824 continuo
1517 1769 1822 1840 perierunt.

523 2024 718 2079 PALL.
765 2026 872 2081 Sed
918 2027 1178 2098 quidnam
1219 2028 1277 2083 in
1318 2039 1553 2100 utroque
1583 2029 1878 2101 Scriptura:
1909 2031 2030 2088 loco

452 2114 855 2171 observandum
882 2128 986 2181 est,
1017 2118 1219 2188 quidve
1249 2129 1335 2177 est
1361 2136 1520 2176 mons
1548 2121 1682 2176 Dei?

520 2204 678 2261 CYR.
718 2206 956 2264 Montem
997 2209 1116 2274 Dei,
1151 2210 1368 2281 opinor,
1398 2210 1535 2268 dicit
1573 2211 1723 2277 Sina,
1765 2213 1822 2267 in
1863 2229 2027 2284 quem

449 2295 543 2350 ille
574 2295 956 2353 universorum
987 2297 1180 2368 Opifex
1234 2299 1375 2372 ignis
1413 2302 1597 2372 specie
1630 2301 1932 2371 descendit,
1964 2321 2030 2361 ac

449 2386 601 2443 visus
630 2398 715 2443 est
746 2390 895 2444 omni
929 2390 1152 2461 populo,
1189 2392 1333 2448 sicut
1386 2394 1651 2464 scriptum
1704 2405 1808 2461 est,
1846 2397 2027 2470 leges-

446 2493 554 2547 que
606 2481 784 2537 sanxit
829 2497 1013 2538 rerum
1064 2482 1399 2553 agendarum
1434 2502 1448 2539 :
1492 2505 1509 2536 ι
1544 2485 1841 2553 Constituit
1878 2490 2026 2545 enim

448 2569 525 2623 ibi
557 2569 682 2624 llliis
720 2570 883 2625 Israel
912 2570 1332 2640 iustiﬁcationes
1365 2586 1429 2627 ac
1457 2572 1660 2643 judicia
1691 2574 1756 2628 “.
1797 2594 1815 2627 ι
1851 2575 2027 2633 Caete-

447 2672 569 2712 rum
592 2658 687 2727 qui
715 2658 847 2713 olim
878 2659 970 2714 illa
1001 2661 1203 2726 sanxit,
1228 2660 1482 2717 Christus
1511 2662 1634 2720 fuit.
1666 2665 1855 2736 Itaque
1879 2667 2028 2739 leges

448 2746 571 2802 illas
606 2763 704 2818 per
731 2748 948 2820 Moysen
978 2749 1152 2816 datas,
1183 2767 1281 2808 sua
1304 2752 1467 2807 verba
1498 2765 1675 2812 vocat.
1705 2756 1800 2813 Ait
1829 2759 1978 2813 enim
2007 2777 2022 2814 :

453 2855 473 2886 ι
503 2837 850 2915 Amen,_dico
874 2840 1055 2906 vobis,
1083 2840 1261 2898 donec
1282 2853 1526 2902 transeat
1549 2847 1749 2902 omium
1773 2857 1829 2904 et
1854 2859 2022 2917 tem,

446 2925 557 2983 iota
597 2943 787 2994 unum,
821 2941 917 2987 aut
961 2946 1107 2986 unus
1153 2948 1292 3003 apex
1336 2949 1447 2989 non
1492 2936 1795 3005 praeteribit
1822 2954 1853 2992 a
1882 2938 2021 3009 lege,

443 3015 621 3071 donec
669 3018 853 3073 omnia
905 3017 1055 3075 ﬂant.
1121 3019 1356 3089 Caelum,
1398 3033 1454 3080 et
1503 3035 1651 3081 terra
1689 3028 2018 3094 transibunt,

441 3105 610 3162 verba
642 3118 827 3164 autem
859 3125 981 3165 mea
1022 3126 1135 3166 non
1178 3113 1493 3171 transibunt
1521 3116 1585 3170 ".
1627 3136 1646 3169 ι
1679 3117 1793 3190 Age
1831 3118 2017 3192 igitur,

2143 578 2196 632 τί
2223 577 2496 650 ἐξήγαγες
2525 581 2675 651 ἡμᾶς
2703 582 2770 635 ὲκ
2814 580 2920 650 γῆς
2967 581 3267 650 Αἰγύπτου,
3312 579 3628 636 ἀποκτεῖναι
3656 584 3720 638 ὲν

2142 670 2208 740 τῇ
2257 671 2479 741 ἐρήμῳς
2507 671 2588 724 ὅτι
2623 672 2727 725 οὐκ
2774 670 2920 725 ἔστιν
2959 671 3145 743 ἄρτος,
3194 669 3314 725 οὐδὲ
3360 670 3535 742 ὕδωρο
3585 675 3618 744 ἡ
3657 673 3719 728 δὲ

2140 759 2288 831 ψυχὴ
2323 761 2484 832 ἡμῶν
2517 761 2890 834 προσώχθισεν
2931 763 2991 816 ὲν
3036 762 3114 834 τῷ
3164 762 3314 833 ἄρτῳ
3364 761 3442 833 τῷ
3484 762 3721 836 διακένῳ

2140 850 2332 923 τούτῳ.
2367 851 2480 906 Καὶ
2508 850 2790 907 ἀπέστειλε
2817 852 3021 926 Κύριος
3039 853 3121 915 εἰς
3143 852 3237 906 τδν
3267 852 3395 906 λαὸν
3417 854 3544 919 τοὺς
3564 853 3720 924 ὃσεις

2140 943 2266 1007 τοὺς
2297 942 2688 1009 θανατοῦντας,
2715 946 2808 1000 καὶ
2830 946 3054 1000 ἔδακνον
3073 946 3165 999 τὸν
3182 944 3334 1010 λαὸν,
3358 947 3454 1000 καὶ
3478 947 3720 1003 ἀπέθανε

2140 1033 2271 1098 λαὸς
2302 1033 2471 1099 πολὺς
2494 1035 2604 1089 τῶν
2635 1035 2768 1091 υίῶν
2806 1036 3042 1107 Ἰσραήλ.
3084 1055 3102 1088 ι
3149 1037 3312 1109 Ὀρᾷς
3352 1033 3446 1091 οὖν
3461 1037 3555 1099 ,ὅτι
3580 1039 3720 1109 πυρὶ

2140 1124 2236 1178 καὶ
2261 1124 2454 1195 δφεσιν
2481 1128 2511 1180 6
2534 1125 2766 1198 ψίθυρός
2800 1144 2861 1180 τε
2886 1127 2982 1180 καὶ
3013 1128 3324 1196 γογγυστὴς
3352 1128 3717 1198 δεδαπάνηται

2138 1217 2288 1283 λαός.
2329 1219 2393 1271 0i
2422 1217 2522 1289 μὲν
2543 1218 2652 1289 γὰρ
2687 1218 2996 1291 ἐξαίρουσιν
3040 1220 3105 1272 ὲκ
3142 1218 3237 1273 τοῦ
3277 1220 3441 1292 ὅρους
3485 1221 3715 1293 Κυρίου,

2137 1306 2579 1379 προϐιόαζούσης
2609 1308 2789 1364 αὐτῶν
2838 1313 2939 1383 τῆς
2973 1309 3233 1376 κιϐωτοῦ,
3265 1311 3359 1365 καὶ
3399 1312 3717 1384 προαναζη-

2135 1398 2335 1467 τούσης
2356 1399 2662 1454 ἀνάπαυσιν
2683 1415 2698 1430 ο
2721 1401 3090 1471 ἐπευχομένου
3118 1400 3175 1455 δὲ
3198 1403 3294 1455 καὶ
3320 1401 3720 1473 πρεσϐεύοντος

2134 1486 2230 1543 τοῦ
2262 1490 2546 1557 .Μωσέως,
2590 1491 2687 1546 καὶ
2728 1491 2836 1564 μὴν
2875 1492 2972 1546 καὶ
3015 1492 3248 1564 νεφέλης
3289 1493 3717 1565 ἑπισκιαζούσης

2135 1580 2337 1646 αὐτοῖς,
2370 1583 2421 1635 οἱ
2444 1582 2526 1647 δὲ,
2560 1583 2809 1637 διάκενον
2840 1581 3204 1655 ὀνομάζοντες
3234 1584 3325 1639 τὸν
3352 1584 3517 1653 ἄρτον
3542 1586 3633 1640 τὸν
3654 1588 3715 1654 ἐξ

2134 1671 2386 1744 οὐρανοῦ,
2428 1672 2686 1745 πλείστην
2722 1674 2855 1746 ὅσην
2888 1675 3027 1730 κατά
3069 1692 3129 1730 τε
3158 1676 3255 1730 τοῦ
3291 1675 3428 1732 Θεοῦ
3454 1676 3550 1731 καὶ
3581 1679 3709 1732 Mm.

2136 1764 2273 1828 σὲως
2297 1763 2578 1820 ἐποιοῦντο
2623 1765 2724 1839 τὴν
2751 1766 3047 1838 καταϐοήν.
3091 1767 3195 1822 Διά
3217 1785 3298 1823 τοι
3330 1768 3511 1836 τοῦτο,
3544 1770 3717 1843 πυρὸς

2065 1830 2106 1885 Β
2139 1856 2235 1927 μὲν
2262 1856 2422 1930 ἔργον
2437 1860 2634 1913 ἐκεῖνοι
2656 1830 2948 1928 γεγόνασιν
2972 1830 3316 1929 ἀναγκαίως,
3346 1863 3396 1916 oi
3421 1862 3477 1917 δὲ

2132 1946 2307 2016 ὄφεων
2333 1947 2603 2020 δήγμασιν
2632 1948 2771 2021 άμελ
2791 1948 2866 2022 [λ]
2892 1949 2983 2021 ητὶ
3008 1949 3312 2006 διολώλασι.

2203 2038 2410 2094 ΠΔΛΛ.
2452 2040 2562 2093 Καὶ
2591 2039 2677 2104 τίς
2709 2041 2921 2110 γένοιτο
2978 2042 3142 2098 πάλιν
3170 2044 3230 2097 έν
3270 2045 3473 2116 ἀμφοῖν
3524 2046 3719 2118 ἐπιτή-

2132 2146 2323 2201 ρησις;
2352 2132 2447 2186 καὶ.
2472 2131 2526 2185 τί
2551 2132 2612 2186 τὸ
2641 2132 2768 2204 ὅρος
2805 2134 3050 2205 Κυρίους

2200 2221 2364 2277 ΚΥΡ.
2441 2223 2606 2294 Ὄρος
2659 2218 2813 2295 οἶμαί
2874 2242 2976 2280 που
3022 2227 3229 2299 Κυρίου
3278 2229 3411 2300 φησὶ
3450 2229 3513 2284 τὸ
3558 2230 3713 2296 Σινά,

2128 2313 2214 2383 ἐφ’
2242 2313 2271 2367 6
2295 2313 2668 2386 κατασέσηκεν
2700 2318 2759 2371 ὲν
2787 2317 2919 2373 εῖδει
2950 2320 3118 2391 πυρὸς
3134 2322 3179 2374 ό·
3195 2320 3412 2375 πάντων
3441 2323 3716 2394 Δημιουρ-

2128 2403 2243 2474 γδς,
2272 2403 2427 2475 ὤφθη
2457 2421 2519 2459 τε
2551 2409 2717 2462 παντὶ
2747 2409 2827 2480 τῷ
2852 2410 2988 2482 λαῷ,
3020 2410 3163 2465 κατά
3199 2411 3262 2466 τὸ
3298 2414 3710 2485 γεγραμμένον,

2129 2494 2223 2547 καὶ
2266 2494 2394 2557 τοὺς
2423 2494 2516 2548 ἐπὶ
2544 2498 2660 2562 τοῖς
2709 2499 3005 2570 πρακτέοις
3056 2501 3559 2573 κατεχρησμῲδησε
3619 2503 3709 2556 νό-

2131 2602 2297 2656 μους·
2343 2608 2362 2639 ‹
2402 2587 2595 2644 Ἐθετο
2635 2590 2746 2663 γάρ
2785 2593 2904 2646 ἐκεῖ
2935 2596 3050 2658 τοῖς
3077 2595 3214 2657 υἱοῖς
3246 2592 3464 2665 Ἰσραὴλ
3485 2592 3710 2649 δικαιὼ-

2130 2692 2274 2747 ματα
2299 2679 2394 2733 καὶ
2428 2680 2662 2751 κρίσεις.
2701 2701 2721 2735 ι
2771 2683 2910 2738 Ἀλλ’
2940 2679 3008 2756 ἦν
3041 2685 3137 2738 καὶ
3165 2684 3332 2739 πάλαι
3367 2684 3712 2756 θεσμοθετῶν

2139 2767 2323 2823 ἐκεῖνα
2361 2770 2616 2841 Χριστός.
2663 2773 2952 2846 Τοιγάρτοι
2994 2776 3090 2829 καὶ
3130 2774 3324 2843 λόγους
3385 2775 3549 2841 ίδίους
3584 2777 3713 2842 τοὺς

2122 2860 2212 2915 διὰ
2248 2863 2492 2928 Μωσέως
2536 2864 2691 2921 καλεῖ
2715 2854 2932 2938 νόμδυς.
2963 2868 3105 2940 Ἔφη
3131 2868 3272 2941 γάρ’
3306 2887 3326 2921 ι
3369 2867 3539 2940 ’Δμὴν
3566 2869 3711 2938 λέγω

2125 2952 2273 3022 ὑμῖν,
2305 2953 2412 3018 ἓως
2442 2954 2510 3020 ἂν
2549 2956 2794 3030 παρέλθῃ
2823 2960 2853 3011 ό
2881 2959 3107 3031 οὐρανὸς
3137 2961 3234 3015 καὶ
3256 2963 3290 3033 ἠ
3328 2962 3424 3033 γῆ,
3466 2962 3599 3017 ίῶτα
3625 2964 3704 3027 ἓν,

2124 3037 2156 3107 ἢ
2192 3037 2290 3108 μία
2321 3042 2519 3110 κεραία
2550 3043 2611 3096 ού
2642 3043 2718 3115 μὴ
2748 3045 2993 3119 παρέλθῃ
3020 3048 3128 3102 ἀπὸ
3161 3048 3256 3103 τοῦ
3288 3051 3476 3122 νόμου,
3505 3053 3610 3116 ἕως
3639 3052 3709 3106 ἀν

2048 3165 2093 3227 c
2124 3128 2304 3184 πάντα
2335 3131 2576 3205 γένηται.
2626 3135 2687 3189 '0
2719 3136 2949 3209 οὐρανὸς
2983 3139 3136 3212 καὶὴ
3173 3141 3247 3212 γῆ
3288 3143 3704 3215 παρελεύσεται.

442 3196 686 3254 historiae
718 3201 1083 3259 crassitudine
1113 3204 1323 3272 relicta,
1358 3207 1724 3277 spiritualium
1758 3227 2019 3269 sensuum

2128 3221 2175 3272 οί
2204 3220 2261 3274 δὲ
2299 3196 2463 3293 λόγοι.
2478 3241 2581 3295 μου
2618 3226 2680 3279 οὐ
2718 3196 2798 3300 μη
2828 3196 3158 3300 παρέλθωσι.
3185 3196 3586 3306 οδέρειδὴ

440 3288 806 3347 subtilitatem
869 3295 1330 3366 contemplemur.
1382 3298 1573 3369 Igitur,
1626 3303 1721 3371 qui
1770 3303 1883 3374 jam
1927 3305 2024 3361 Dei

2129 3288 2385 3386 ἱστορίας*
2394 3315 2455 3368 τὸ
2478 3288 2648 3388 πάχος
2668 3288 2925 3389 ἀτρέντες,
2943 3320 3056 3375 τῶν
3081 3288 3709 3396 πνευματικῶν

438 3385 667 3447 aspectu
719 3388 883 3450 atque
939 3384 1251 3455 cognitione
1309 3386 1517 3458 dignati
1576 3401 1723 3455 sunt,
1764 3393 2021 3463 splendo-

2128 3399 2222 3472 τὴν
2251 3384 3056 3481 ἠίσχνότηταηκατάθρήσωμεν.
3106 3414 3168 3465 Οἱ
3199 3384 3307 3486 γάρ
3338 3430 3422 3468 τοι
3450 3414 3707 3480 θεοπτίας

440 3481 672 3537 remque
726 3469 927 3527 divinae
980 3485 1190 3531 naturae
1247 3480 1449 3535 mentis
1497 3482 1710 3546 oculis,
1761 3484 1913 3541 velut
1966 3486 2023 3541 in

2128 3469 2226 3575 μέν
2254 3469 2359 3565 Iasii
2394 3469 2489 3549 xci.
2531 3469 2861 3566 θεογνωσίας
2895 3469 3223 3572 ἠξιωμένοι,
3273 3469 3368 3559 καὶ
3410 3505 3512 3575 τῆς
3556 3469 3710 3570 θείας

376 3620 387 3629 ,
438 3566 659 3622 monte,
719 3558 775 3613 id
818 3572 902 3617 est
948 3563 1001 3617 in
1042 3580 1295 3636 suprema
1343 3569 1675 3642 sublimique
1726 3576 2021 3635 admodum

439 3647 757 3671 AnAAIl-..-!-
822 3666 1009 3671 -___,,
1070 3670 1075 3671 ,
1204 3666 1214 3671 Α
1272 3656 1285 3671 ι
1465 3661 1516 3671 ..-
1601 3664 1634 3671 _
1682 3665 1694 3671 -
1779 3667 1791 3671 _
1865 3668 1874 3671 -

2128 3558 2466 3657 φύσεως-τὴν
2494 3558 2855 3662 λαμπρότητα
2902 3558 3014 3657 τοῖς
3036 3558 3156 3664 ⁸τῆς
3173 3558 3435 3671 ,διανοίας

437 3647 785 3714 excellentia,
815 3666 1222 3722 conspexerunt
1267 3656 1414 3729 (nam
1463 3661 1554 3716 illa
1601 3664 1698 3720 Dei
1743 3667 1912 3738 gloria
1958 3686 2023 3726 ac

438 3746 637 3792 natura
691 3739 834 3795 ultra
884 3744 1069 3800 omnia
1111 3746 1265 3818 est),
1324 3749 1418 3819 qui
1467 3752 1704 3822 quodam
1751 3758 1916 3814 modo
1961 3777 2020 3817 se

438 3828 588 3919 ipsos
619 3827 838 3886 Christo
867 3848 967 3904 per
996 3834 1158 3892 ﬁdem
1193 3839 1583 3911 exhibuerunt,
1616 3855 1672 3902 et
1704 3848 1827 3919 ejus
1852 3851 2018 3906 verba

437 3918 753 3988 audierunt,
794 3933 958 3996 atque
999 3927 1371 3988 obedientiam
1420 3936 1652 4005 polliciti
1701 3950 1830 3997 sunt
1868 3940 2016 4013 (nam

437 4010 494 4065 id
532 4026 907 4100 quoquetum
941 4018 1071 4077 fecit
1116 4023 1304 4091 Israel,
1340 4041 1467 4083 cum
1505 4028 1645 4087 dixit
1679 4048 1693 4085 :
1736 4050 1753 4083 ι
1797 4010 2012 4101 omnia,

435 4091 778 4172 quaecunque
830 4104 968 4162 dixit
1012 4107 1278 4168 Dominus
1324 4113 1470 4169 Deus
1532 4125 1679 4182 tuus,
1726 4116 2010 4186 faciemus,

435 4202 490 4242 et
538 4192 826 4250 audiemus
859 4197 905 4229 ’⁸
954 4197 1031 4269 ›);
1066 4200 1104 4254 ii
1133 4201 1317 4259 divina
1365 4204 1456 4260 illa
1491 4207 1858 4277 providentia,
1893 4226 2013 4280 quae

421 4280 544 4352 jam
582 4280 897 4342 domesticis
939 4293 1226 4359 convenit,
1277 4295 1658 4365 perfruentur;
1705 4315 1884 4370 neque
1929 4301 2012 4356 di-

436 4377 574 4429 vina:
611 4390 740 4448 erga
773 4394 831 4435 se
863 4395 1030 4448 curae,
1081 4395 1353 4455 quatenus
1402 4388 1511 4442 illis
1552 4388 1620 4443 ad
1671 4390 1902 4446 salutem
1939 4392 2011 4449 sit

2123 3673 2375 3748 καθάπερ
2406 3678 2464 3731 ὲν
2492 3677 2630 3750 ὄρει,
2656 3679 2999 3754 τεθεαμένοι,
3022 3686 3317 3752 τουτέστιν,
3337 3691 3396 3744 έν
3425 3689 3707 3760 ὑπερτάτη

2120 3761 2215 3814 καὶ
2249 3762 2597 3838 ἁνῳκισμένῃ
2627 3766 2747 3823 λίαν
2782 3775 3026 3845 ὑπεροχῇ
3063 3774 3289 3843 (παντὸς
3309 3775 3419 3849 γάρ
3445 3776 3709 3831 ἐπέκεινα

2118 3849 2247 3918 δόξα
2276 3870 2333 3906 τε
2376 3855 2471 3908 καὶ
2501 3855 2661 3926 φύσις
2689 3858 2872 3932 Θεοῦ),
2915 3865 2964 3917 οἱ
3002 3868 3453 3939 παραστήσαντες
3477 3867 3709 3933 ἑαυτοὺς

2119 3945 2281 4000 οἱονεὶ
2313 3946 2400 4002 διὰ
2445 3948 2545 4019 τῆς
2584 3951 2819 4018 πίστεως
2865 3954 2943 4026 τῷ
2989 3959 3247 4030 Χριστῷ,
3294 3962 3391 4016 καὶ
3426 3964 3535 4019 τῶν
3572 3970 3708 4037 παρ’

2118 4037 2284 4095 αὐτοῦ
2321 4041 2604 4109 γεγονότες
2632 4045 2733 4100 ούκ
2765 4046 2988 4120 ἀνήκοοι
3020 4053 3303 4124 ῥημάτων,
3341 4055 3713 4127 ὑποσχόμενοί

2120 4146 2181 4183 τε
2205 4131 2305 4200 τὴν
2353 4130 2598 4204 ὑπακοὴν
2633 4134 2814 4206 (τοῦτο
2843 4138 2954 4211 γὰρ
2979 4140 3109 4213 ἔδρα
3159 4144 3252 4198 καὶ
3294 4144 3412 4199 τότε
3460 4146 3637 4216 λέγων
3674 4150 3706 4201 6

2128 4220 2343 4291 Ἰσραήλ
2363 4237 2376 4251 ·
2409 4240 2428 4273 ι
2454 4223 2661 4287 Πάντα.
2680 4226 2779 4280 ὅσα
2797 4222 2925 4301 εἷπε.
2940 4230 3143 4303 Κύριος
3155 4235 3184 4287 6
3196 4234 3327 4300 Θεός
3342 4252 3456 4301 σου,
3475 4238 3707 4308 ποιήσο-

2113 4328 2214 4381 μεν
2246 4315 2341 4366 καὶ
2359 4314 2702 4387 ἀκουσόμεθα
2734 4338 2752 4372 ι
2784 4320 2805 4392 )
2852 4322 2952 4394 τῆς
2991 4324 3092 4396 ἤδη
3122 4325 3363 4398 γνησίως
3383 4329 3706 4402 πρεπούσης

2111 4404 2321 4472 φειδοῦς
2373 4407 2772 4477 ἀπολαύσουσι,
2824 4414 2920 4468 καὶ
2963 4417 3248 4488 μεθέξουσι
3293 4422 3571 4493 φροντίδος
3598 4422 3707 4494 τῆς

432 4462 586 4530 satis,
612 4479 863 4538 expertes
885 4483 1078 4539 erunt;
1108 4474 1286 4545 ipsum
1307 4474 1454 4531 enim
1479 4477 1759 4534 habebunt
1788 4480 2005 4549 ducem,

2128 4462 2445 4571 ἀποχρώσης
2490 4501 2571 4564 είς
2598 4462 2879 4576 σωτηρίαν
2911 4462 3126 4572 αιὲῖςἶ
3148 4462 3455 4583 αύτὺιῖιγὰρ
3484 4462 3705 4578 εεξυσξξ

430 4565 489 4612 et
539 4572 1018 4632 propugnatorem,
1059 4580 1124 4620 ac
1159 4582 1577 4636 prtecursorem,
1619 4570 1713 4639 qui
1762 4571 1871 4629 illis
1916 4590 2005 4630 re-

430 4646 616 4719 quiem
648 4652 913 4722 exploret.
964 4654 1180 4711 Primus
1225 4673 1463 4729 namque
1496 4660 1751 4720 Christus
1783 4676 2007 4736 propter

428 4753 532 4794 nos
562 4755 628 4795 ac
654 4757 755 4812 pro
790 4745 952 4800 nobis
986 4744 1199 4803 Satanae
1234 4748 1368 4804 olim
1406 4751 1601 4808 victori
1636 4770 1695 4810 se
1729 4758 2003 4826 opposuit,

428 4846 553 4886 cum
592 4833 861 4905 jejunavit
916 4854 981 4893 ac
1019 4848 1259 4895 tentatus
1300 4852 1383 4900 est
1431 4844 1487 4900 in
1531 4845 1770 4913 deserto,
1807 4859 1868 4904 ut
1906 4866 2006 4905 nos

428 4919 580 4976 illum
614 4925 840 4993 victum,
876 4939 933 4984 et
968 4930 1244 5002 abjectum
1284 4944 1342 4991 et
1387 4937 1489 4994 sub
1530 4941 1735 4997 nostris
1767 4938 2005 5013 pedibus

427 5023 762 5080 prostratum
802 5017 1072 5085 videntes,
1115 5026 1360 5094 requiem
1412 5026 1760 5086 haberemus.
1814 5032 2000 5102 Itaque

426 5100 591 5155 ctiam
625 5104 884 5163 dicebat:
924 5130 943 5160 ί
978 5111 1294 5169 Pressuram
1330 5117 1604 5174 habebitis
1650 5121 1706 5175 in
1747 5100 1954 5178 mundo
1987 5144 2000 5178 :

431 5193 594 5266 158
638 5197 733 5252 sed
788 5201 1078 5269 conﬁdite,
1131 5222 1233 5277 ego
1286 5208 1394 5264 vici
1426 5211 1719 5267 ~mundum
1753 5212 1818 5266 ”.
1860 5235 1878 5266 ι
1936 5216 2004 5270 Ει

426 5283 624 5341 iterum
668 5305 681 5341 :
729 5308 748 5340 ι
799 5291 941 5348 Ecce
995 5293 1120 5350 dedi
1171 5298 1329 5353 vobis
1376 5311 1702 5369 potestatem
1756 5305 2003 5363 calcandi

370 5384 377 5395 ’
425 5394 590 5451 super
639 5395 923 5454 serpentes
978 5398 1035 5443 et
1087 5392 1425 5461 scorpiones,
1460 5404 1516 5449 et
1569 5410 1733 5466 super
1781 5413 1999 5456 omnem

427 5482 752 5535 petestatem
785 5475 992 5533 inimici
1024 5480 1062 5534 ‘.
1102 5498 1121 5533 ι
1161 5482 1379 5538 Primus
1421 5495 1644 5555 propter
1683 5504 1784 5543 nos
1812 5500 1868 5546 et
1897 5508 2014 5563 pro.

432 5750 458 5789 Χ
495 5666 727 5792 “hrum.
762 5689 867 5738 χχι,
912 5677 940 5730 -ί
971 5693 1122 5748 seqq.

1237 5682 1284 5711 ³⁵
1310 5681 1480 5737 Exod.
1516 5700 1601 5749 xv,
1627 5684 1714 5741 23.
1764 5689 1840 5756 ,οῖ
1867 5686 2056 5745 Matth.
2086 5707 2136 5757 γ,
2169 5693 2247 5749 18.
2326 5698 2370 5730 9"
2397 5697 2568 5753 Exod.
2603 5715 2745 5766 xxiv,
2788 5698 2838 5751 5.

2114 4593 2376 4663 ἡγεμόνα,
2410 4597 2786 4668 προασπιστήν
2813 4614 2873 4652 τε
2907 4599 3000 4652 καὶ
3030 4600 3430 4671 προϐιϐάζοντα
3458 4603 3592 4674 πρὸς
3638 4604 3706 4656 τὸ

2113 4683 2565 4754 κατασκέψασθαι
2606 4686 2789 4753 αὐτοῖς
2824 4689 3294 4769 τὴνιάνάπαυσιν.
3330 4693 3550 4765 Πρῶτος
3586 4694 3705 4765 γὰρ

2111 4775 2140 4827 6
2171 4775 2405 4846 Χριστὸς
2432 4775 2499 4829 δι’
2546 4778 2693 4848 ἡμᾶς
2726 4779 2822 4833 καὶ
2854 4781 2996 4853 ὑπὲρ
3025 4782 3184 4854 ἡμῶν
3214 4783 3404 4836 ἑαυτὸν
3433 4782 3702 4848 ἀντέταξε

2111 4863 2189 4935 τῷ
2213 4863 2379 4919 πάλαι
2406 4867 2689 4938 νικήσαντι
2719 4868 2950 4940 Σατανᾷ,
2979 4868 3349 4941 νενηστευκὼς
3381 4886 3441 4922 τε
3466 4871 3560 4922 καὶ
3584 4886 3703 4923 πει.

2114 4954 2414 5027 ραζόμενος
2449 4959 2508 5010 ὲν
2534 4959 2601 5029 τῇ
2633 4958 2848 5031 ἐρήμῳ,
2884 4959 2951 5012 ἵν’
2974 4962 3134 5032 ἡμεῖς
3176 4960 3389 5031 ἔχωμεν
3427 4960 3527 5033 τὴν
3558 4960 3699 5014 ἀνά-

2113 5062 2334 5111 παυσιν,
2366 5042 2756 5117 νενικημένον,
2794 5051 2888 5105 καὶ
2922 5051 3269 5115 πεπτωκότα,
3301 5053 3394 5105 καὶ
3428 5055 3538 5117 τοῖς
3568 5053 3699 5105 ἑαυο

2109 5134 2217 5187 τῶν
2260 5136 2417 5190 ποσὶν
2438 5137 2863 5211 ὑπεστρωμένον
2896 5141 3135 5214 ὁρῶντες
3186 5142 3369 5198 αὐτόν.
3406 5142 3700 5214 Τοιγάρτοι

2108 5227 2201 5280 καὶ
2231 5225 2404 5295 ἔλεγε·
2463 5248 2481 5279 ι
2528 5229 2719 5300 Θλίψιν
2760 5232 2913 5303 ἔχετε
2945 5235 3003 5287 ὲν
3034 5233 3113 5303 τῷ
3142 5233 3352 5303 κόσμῳ,
3396 5233 3531 5299 ἀλλά
3562 5233 3697 5304 θαρ-

2111 5317 2288 5369 σείτε·
2347 5318 2457 5385 ἐγὼ
2509 5319 2767 5392 νενίκηκα
2820 5322 2912 5378 τὸν
2972 5323 3199 5394 κόσμον.
3239 5341 3257 5374 ι
3318 5326 3430 5377 Καὶ
3487 5325 3690 5378 πάλιν·

2115 5424 2132 5455 ι
2189 5405 2318 5479 Ἰδοὺ
2360 5406 2569 5463 δέδωκα
2616 5411 2744 5482 ὑμῖν
2784 5412 3033 5479 ἐξουσίαν
3065 5416 3255 5468 πατεῖν
3289 5415 3475 5469 ἐπάνω
3513 5415 3690 5484 ὄφεων

2103 5495 2195 5549 καὶ
2213 5497 2509 5568 σκορπίων,
2523 5502 2615 5555 καὶ
2629 5503 2719 5556 ἐπὶ
2738 5506 2914 5560 πᾶσαν
2931 5506 3029 5576 τὴν
3041 5506 3270 5577 δύναμιν
3280 5505 3373 5560 τοῦ
3403 5504 3651 5579 Ἐχθροῦ.
3665 5526 3682 5556 ο

2944 5702 2989 5735 ”
3022 5701 3294 5764 Joan.xvt,
3332 5698 3420 5754 55.
3503 5704 3515 5734 ¹
3550 5702 3678 5758 Luc.
