3954 6200
201 213 312 268 ass
918 211 1003 266 DE
1043 209 1485 267 ADORATIONE
1528 207 1593 264 IN
1649 204 1920 262 SPIRITU
1960 207 2047 261 ET
2089 211 2454 271 VERITATE.
2497 213 2622 269 un.
2667 217 2731 271 v:
3367 227 3470 286 586

205 332 434 398 Πρῶτος
485 331 591 403 γὰρ
647 330 714 384 δι’
761 331 910 401 ἡμᾶς
952 331 1046 384 καὶ
1103 330 1240 402 ὑπὲρ
1273 327 1429 401 ἡμῶν
1466 326 1544 398 τῷ
1575 325 1788 394 θανάτῳ

1891 325 2050 382 nobis
2084 343 2208 382 cum
2242 341 2416 386 morte
2450 348 2795 404 congressus,
2833 335 2980 393 illius
3021 339 3243 408 quidem
3289 344 3463 415 impe-

203 421 551 496 ττροσϐαλὼν,
592 422 854 475 κατέλυσε
899 421 996 494 μὲν
1021 422 1082 475 τὸ
1131 423 1340 477 ἐκείνου
1394 421 1613 490 κράτος,
1652 435 1788 472 κατι

1892 416 2034 472 rium
2083 419 2351 487 dissolvit,
2384 424 2547 480 nobis
2587 441 2720 481 vero
2757 429 3004 497 requiem
3043 432 3302 500 providit,
3338 452 3466 491 cum

196 512 477 583 εσκέψατο
522 511 578 564 δὲ
618 512 751 581 ἡμῖν
783 510 882 582 τὴν
929 511 1258 576 ἀνάπαυσιν,
1308 508 1662 571 ἀνακαινίσας
1707 508 1788 570 εἰς

199 600 534 672 ἀφθαρσίαν.
593 598 816 670 Πρῶτος
877 598 1122 671 εἰσῆλθεν
1166 601 1246 663 είς
1293 599 1386 653 τὸν
1434 597 1783 667 παράδεισον,

200 693 600 764 ἐκδυσωπησας
628 690 727 761 μὲν
748 689 936 761 ὥσπερ
959 689 1058 760 τὴν
1086 689 1463 761 στρεφομένην
1487 687 1781 758 ῥομφαίαν,

197 784 520 854 ἀποστήσας
543 782 602 836 δὲ
636 780 793 850 ἡμῶν
821 779 918 852 τὴν
945 780 1296 851 ὲξείργουσαν
1325 780 1616 851 ἁμαρτίαν.
1663 779 1786 830 Ἐκ-

193 877 380 930 τέτικε
415 874 525 944 γὰρ
555 873 714 938 αὐτὸς
742 873 882 945 ὑπὲρ
912 873 1070 943 ἡμῶν
1098 873 1166 926 τὰ
1187 873 1547 944 ὀφειλήματα,
1577 871 1672 924 καὶ
1703 869 1780 941 τῷ

199 967 434 1038 μώλωπι
460 965 628 1020 αὐτοῦ
650 967 810 1036 ἡμεῖς
840 965 1094 1035 ίάθημεν,
1125 965 1266 1019 κατά
1289 965 1349 1018 τὸ
1373 963 1779 1036 γεγραμμένον.

200 1059 426 1131 Πρῶτος
445 1058 554 1128 γὰρ
585 1057 752 1126 ἀνέϐη
779 1056 916 1129 πρὸς
941 1056 1033 1110 τὸν
1059 1057 1277 1128 Πατέρα
1305 1057 1399 1110 καὶ
1423 1055 1576 1118 Θεὸν,
1603 1056 1782 1123 ἐγκαι-

194 1153 363 1217 νίζων
389 1153 526 1223 ἡμῖν
556 1151 656 1220 τὴν
681 1151 794 1204 ἀνω
826 1149 1072 1221 πορείαν,
1115 1150 1209 1202 καὶ
1239 1146 1650 1220 προετοιμάζων
1680 1147 1779 1212 τὰς

191 1245 302 1298 ἀνω
367 1243 555 1313 μονάς.
605 1241 893 1312 Τοιγάρτοι
945 1240 1040 1293 καὶ
1084 1239 1324 1308 ἔφασκε·
1372 1259 1390 1291 ι
1436 1239 1776 1310 Πορεύσομαι

191 1334 282 1388 καὶ
328 1333 610 1404 ἑτοιμάσω
655 1331 819 1385 τόπον
846 1331 995 1402 ὑμῖν.
1031 1349 1048 1382 ι
1097 1329 1539 1403 Προανετυποῦτο
1587 1329 1650 1400 δὴ
1684 1325 1776 1382 οὖν

187 1425 260 1490 ὡς
293 1425 354 1478 ἐν
388 1441 451 1494 γε
491 1427 558 1496 τῇ
586 1423 804 1494 κιϐωτῷ
831 1422 1067 1494 Χριστός
1089 1439 1103 1453 ’
1133 1420 1535 1476 κατεσκεύαστο
1572 1420 1680 1492 γάρ
1710 1422 1775 1474 ἐκ

186 1517 365 1584 ξύλων
398 1518 660 1588 ἀσήπτων
689 1515 895 1586 ἐκείνη,
935 1515 1030 1569 καὶ
1059 1514 1150 1568 τδν
1185 1515 1327 1568 θεῖον
1360 1515 1417 1566 ὲν
1443 1514 1608 1584 ἑαυτῇ
1641 1530 1772 1567 κατ-

185 1609 433 1676 επύκαςε
459 1609 642 1680 νόμον,
663 1610 722 1673 ὃς
746 1610 860 1662 ἐστι
885 1608 1056 1677 Λόγος
1077 1606 1234 1661 Θεοῦ.
1261 1607 1416 1671 ’Ἱδοις
1439 1605 1482 1658 δ’
1511 1603 1576 1658 ἀν
1601 1603 1774 1671 τούτῳ

185 1663 535 1775 προσεύικὸς,
563 1663 641 1755 τδι
661 1663 753 1754 ιὲτι
781 1663 1372 1772 Χριστοῦ-μυστήριον.
1397 1663 1539 1760 ⁷Θεὸς
1564 1695 1673 1766 γὰρ
1804 1663 1846 1715 Β

181 1800 208 1851 ό
236 1797 418 1865 ⁴λόγος
471 1797 528 1848 ὲν
560 1794 822 1867 ἀφθάρτῳ
852 1792 965 1863 ναῷ
989 1792 1087 1864 (l).
1123 1791 1331 1845 Οὐκοῦν
1359 1785 1712 1860 προεϐάδιζεν
1736 1789 1769 1856 ή

181 1889 424 1953 κιϐωτὸς
447 1886 901 1958 κατασκεψομένη
929 1888 1042 1949 τοῖς
1069 1883 1127 1950 ἐξ
1173 1881 1388 1954 Ἰσραὴλ
1407 1880 1504 1952 τὴν
1534 1878 1775 1934 ἀνάπαυ-

181 1998 289 2034 σιν.
341 1977 668 2050 Προϐαδίζει
707 1978 766 2032 δὲ
800 1977 896 2031 καὶ
923 1975 1082 2047 ήμῶν
1119 1976 1148 2028 ὁ
1180 1972 1413 2047 Χριστὸς
1464 1971 1604 2026 κατὰ
1646 1972 1770 2035 τοὺς

179 2070 392 2144 ἀρτίως
437 2073 571 2141 ἡμῖν
621 2069 943 2140 εἰρημένους
979 2066 1252 2138 τρόπους⁶
1294 2064 1388 2118 καὶ
1436 2063 1572 2132 πρός
1613 2079 1678 2131 γε
1706 2061 1770 2136 δὴ

177 2163 360 2232 τούτῳ
393 2161 493 2233 τὴν
547 2161 768 2231 μεσίτου
802 2158 992 2231 χρεῖαν
1024 2156 1379 2229 ἀποπληρῶν,
1421 2153 1770 2226 παράκλητος

181 2255 396 2324 γίνεται
440 2253 578 2324 πρὸς
623 2253 714 2306 τὸν
759 2251 996 2322 Πατέρα,
1039 2253 1131 2306 καὶ
1163 2249 1388 2320 ίλασμδς
1411 2248 1549 2319 ὑπὲρ
1585 2245 1766 2318 ἡμῶν,

181 2347 328 2402 καθά
381 2347 476 2402 καὶ
523 2347 688 2400 πάλαι
715 2346 921 2416 Μωσῆς
948 2361 961 2375 ο
992 2345 1050 2408 ὃς
1085 2345 1142 2398 ὲν
1173 2344 1269 2414 μὲν
1296 2341 1374 2412 τῷ
1406 2341 1642 2413 ἐξαίρειν
1671 2337 1769 2410 τὴν

183 2439 420 2493 κιϐωτὸν
465 2438 736 2507 ἔφασκενο
792 2455 810 2488 ι
860 2433 1224 2506 Ἐξεγέρθητι,
1272 2431 1476 2502 Κύριε,
1510 2431 1770 2501 διασκορ-

183 2531 540 2602 πισθήτωσαν
595 2531 644 2583 οί
684 2528 868 2599 ἐχθροί
925 2545 1041 2592 σου,
1097 2525 1417 2596 φυγέτωσαν
1469 2522 1670 2585 πάντες
1717 2522 1768 2574 οἱ

183 2623 478 2693 μισοῦντές
532 2639 591 2674 σε
623 2637 637 2650 ·
683 2641 701 2671 ι
770 2623 826 2674 ὲν
867 2619 923 2673 δὲ
967 2618 1048 2688 τῷ
1092 2613 1431 2671 καταπαύειν
1468 2629 1483 2645 ο
1533 2633 1550 2665 ι
1617 2613 1767 2666 Ἐπί-

182 2728 407 2783 στρεφε,
439 2710 636 2782 Κύριε,
669 2699 913 2780 χιλιάδας
945 2707 1209 2779 μυριάδας
1254 2707 1312 2758 ὲν
1352 2704 1428 2775 τῷ
1472 2703 1706 2775 Ἰσραήλ.
1744 2722 1762 2756 ι

182 2806 312 2858 ὀτε
348 2804 460 2877 γὰρ
488 2804 781 2874 ἐγήγερται
814 2801 951 2872 πρὸς
979 2799 1300 2870 ἐπικουρίαν
1345 2797 1502 2868 ἡμῶν
1538 2798 1567 2849 ὁ
1596 2797 1769 2850 Μονο-

179 2896 346 2967 γενὴς
393 2895 490 2947 καὶ
547 2897 575 2947 ὁ
617 2894 785 2946 πάλαι
835 2891 1010 2960 λέγων
1055 2890 1144 2944 διὰ
1176 2893 1275 2960 τῆς
1320 2889 1412 2942 τοῦ
1461 2887 1768 2951 Ψάλλοντος

1888 509 1954 564 ad
1994 512 2457 572 immortalitatem
2508 534 2609 573 nos
2657 532 2996 576 renovasset.
3032 522 3247 579 Primus
3280 524 3334 579 in
3365 542 3463 596 pa-

1888 599 2130 656 radisum
2162 604 2426 669 introivit,
2459 623 2584 660 cum
2619 609 2788 664 veluti
2816 610 3066 666 cohibuit
3098 612 3242 666 illam
3275 630 3461 669 versa-

1887 691 2038 746 tilem
2087 695 2438 763 romphaeam,
2496 708 2891 770 peccatumque
2959 717 2989 755 a
3035 703 3194 757 nobis
3238 706 3460 770 avertit,

1885 782 2033 851 quod
2072 798 2172 838 nos
2209 784 2278 838 ab
2321 785 2570 856 ingressu
2621 790 2951 859 prohibebat
2983 810 2995 845 :
3034 795 3266 850 exsolvit
3311 797 3458 850 enim

1885 872 2001 942 ipse
2032 887 2130 942 pro
2188 875 2370 930 nobiy
2396 877 2579 932 debita
2612 919 2626 943 ,
2659 891 2715 936 et
2769 881 2940 936 livore
2982 884 3101 952 ejus
3149 886 3322 940 sanati
3362 901 3457 939 su-

1882 976 2006 1016 mus
2030 963 2073 1026 ²,
2105 961 2248 1016 sicut
2284 963 2548 1034 scriptum
2578 978 2680 1022 est.
2722 969 2940 1025 Primus
2976 974 3221 1029 ascendit
3252 976 3320 1029 ad
3353 976 3458 1030 Pa-

1883 1061 2022 1106 trem
2059 1061 2116 1106 et
2149 1053 2343 1118 Deum,
2371 1069 2496 1109 cum
2528 1071 2789 1128 superum
2829 1059 2980 1112 illum
3016 1060 3321 1132 ingressum
3353 1079 3457 1119 no-

1880 1141 1967 1196 bis
1995 1141 2252 1208 initiavit,
2285 1155 2341 1200 et
2373 1160 2639 1216 supernas
2679 1148 2800 1203 illas
2836 1151 3149 1206 mansiones
3184 1170 3455 1225 praepara-

1878 1235 1977 1292 vit.
2005 1237 2193 1308 Itaque
2229 1240 2397 1294 etiam
2435 1240 2653 1297 dicebat
2685 1259 2697 1294 :
2741 1261 2759 1292 ι
2797 1243 3018 1307 Vadam,
3052 1253 3108 1299 et
3139 1249 3457 1315 prteparabo

1877 1329 2057 1383 locum
2082 1329 2240 1384 vobis
2261 1331 2298 1384 ⁸.
2336 1351 2353 1382 ι
2387 1331 2846 1402 Przefigurabatur
2871 1334 3037 1404 igitur
3064 1334 3118 1388 in
3147 1351 3274 1390 arca
3299 1336 3458 1391 Chri-

1877 1432 1995 1476 stus
2027 1439 2039 1473 :
2071 1432 2344 1477 exstructa
2375 1424 2522 1477 enim
2553 1434 2673 1480 erat
2708 1425 2799 1479 illa
2839 1440 2908 1480 ex
2945 1426 3106 1496 lignis
3141 1428 3454 1498 imputribi-

1875 1513 2038 1577 libus,
2075 1514 2424 1584 divinamque
2471 1517 2644 1588 legem
2703 1517 2758 1572 in
2815 1534 2872 1573 se
2922 1520 3157 1589 tegebat,
3199 1538 3320 1592 quae
3372 1534 3458 1579 est

1875 1604 2113 1658 Verbum
2158 1606 2275 1661 Dei.
2306 1606 2504 1663 Videre
2552 1619 2735 1664 autem
2785 1609 2914 1666 licet
2964 1611 3098 1665 illud
3141 1613 3199 1667 in
3234 1613 3458 1670 Christo

1874 1698 2216 1768 mysterium,
2251 1713 2376 1752 cum
2428 1699 2534 1754 hac
2573 1715 2792 1770 quoque
2835 1716 2894 1756 re
2935 1717 3259 1772 congruere.
3308 1704 3457 1760 Deus

1873 1788 2020 1843 enim
2040 1789 2278 1845 Verbum
2304 1801 2423 1872 erat
2447 1791 2509 1850 in
2539 1792 2941 1864 incorruptibili
2969 1795 3192 1865 templo.
3222 1795 3456 1854 Prteibat

1874 1879 2040 1951 igitur
2073 1897 2197 1936 area
2239 1884 2528 1952 provisura
2584 1885 2713 1941 ﬁliis
2759 1886 2927 1942 Israel
2977 1887 3261 1958 requiem;
3300 1889 3453 1958 pmit

1871 1971 2039 2026 etiam
2066 1988 2168 2028 nos
2193 1972 2466 2040 Christus,
2503 1975 2571 2030 iis
2601 1976 2778 2032 modis
2806 1992 2946 2047 quos
2978 1979 3142 2034 modo
3169 1979 3408 2035 diximus
3436 1998 3449 2034 :

1871 2077 1936 2116 ac
1963 2073 2251 2134 propterea
2282 2067 2598 2123 mediatoris
2634 2084 2834 2124 munus
2872 2069 3124 2140 implens,
3155 2071 3455 2128 advocatus

1873 2153 1931 2210 iit
1959 2156 2102 2225 apud
2132 2156 2369 2222 Patrem,
2404 2173 2468 2212 ac
2504 2160 2820 2229 propitiatio
2844 2177 2944 2230 pro
2966 2162 3128 2216 nobis
3154 2162 3208 2230 *ς
3238 2172 3299 2217 ιιι
3321 2163 3453 2217 olim

1871 2262 2088 2318 quoque
2125 2247 2354 2319 Moyses,
2381 2251 2498 2320 qui,
2524 2250 2654 2304 dum
2693 2251 3139 2321 proﬁcisceretur
3174 2273 3324 2321 arca,
3363 2253 3452 2308 di-

1870 2337 2030 2392 cebat
2061 2357 2074 2391 :
2111 2357 2128 2389 ι
2174 2339 2437 2411 Exsurge,
2467 2342 2718 2407 Domine,
2747 2342 3086 2414 dissipentur
3112 2348 3319 2406 inimici
3347 2355 3448 2416 tui,

1870 2439 1927 2486 et
1969 2431 2178 2502 fugiant
2224 2449 2435 2497 omnes,
2481 2433 2575 2504 qui
2630 2435 2869 2490 oderunt
2913 2444 2965 2490 te
2991 2437 3030 2490 ⁸.
3065 2457 3083 2489 ι
3133 2438 3271 2493 Cum
3317 2458 3450 2497 vero

1870 2523 2281 2594 deponeretur:
2320 2545 2350 2610 ι.
2366 2524 2658 2592 Converte,
2703 2526 2950 2592 Domine,
2990 2529 3136 2584 mille
3177 2531 3448 2602 myriadas

1871 2615 1926 2670 in
1954 2615 2118 2670 Israel
2143 2616 2182 2668 ⁸.
2220 2635 2238 2666 ι
2267 2614 2405 2671 Cum
2444 2616 2591 2670 enim
2632 2617 2942 2671 exsurrexit
2967 2617 3033 2671 ad
3061 2634 3162 2674 nos
3187 2619 3450 2690 adjuvan-

1869 2707 1968 2762 dos
2001 2707 2091 2762 ille
2123 2707 2448 2779 Unigenitus
2497 2707 2592 2777 qui
2636 2708 2767 2762 olim
2808 2709 3098 2763 Psallcntis
3131 2725 3266 2766 voce
3295 2711 3449 2767 dice-

1869 2799 2002 2856 bat:
2038 2819 2055 2850 ι
2087 2799 2315 2870 Pr0ptcr
2339 2799 2616 2854 miseriam
2642 2799 2888 2869 inopum,
2913 2809 2970 2855 et
3005 2801 3268 2871 gemitum
3310 2817 3447 2872 pau-

1868 2908 2085 2964 perum,
2129 2908 2277 2946 nunc
2319 2906 2630 2962 exsurgam,
2681 2890 2816 2946 dicit
2856 2892 3121 2948 Dominus
3150 2893 3206 2961 ';
3249 2913 3267 2946 ι
3318 2903 3450 2950 tunc

178 2989 393 3058 φωνῆς’
431 3007 450 3038 ι
503 2986 635 3039 Ἀπὸ
682 2985 782 3054 τῆς
817 2981 1192 3054 ταλαιπωρίας
1243 2980 1353 3036 τῶν
1399 2979 1630 3051 πτωχῶν
1675 2980 1768 3033 καὶ

1870 2986 2186 3041 ceciderunt
2231 2985 2436 3048 hostes,
2465 2999 2530 3038 ac
2572 2982 2849 3054 fugerunt,
2879 2985 2971 3055 qui
3015 2985 3449 3044 adversabantur

173 3078 268 3133 τοῦ
299 3076 611 3148 στεναγμοῦ
641 3077 747 3130 τῶν
773 3077 1022 3146 πενήτων
1054 3074 1148 3127 νῦν
1192 3075 1588 3143 ἀναπτήσομαι,
1616 3070 1762 3140 λέγει

170 3171 388 3245 Κύριος
407 3187 420 3199 ο
450 3191 468 3220 ι
501 3170 621 3224 τότε
639 3167 987 3223 πεπτώκασιν
1010 3169 1059 3221 οἱ
1085 3167 1288 3239 ἐχθροὶ,
1318 3169 1409 3220 καὶ
1429 3164 1764 3235 πεφεύγασιν

166 3264 220 3316 οἱ
265 3260 674 3330 ἀνθεστηκότες
715 3259 810 3315 καὶ
860 3261 926 3330 τῇ
969 3257 1090 3330 θεία
1125 3257 1250 3329 δόξῃ
1297 3257 1614 3329 μαχόμενοι.
1659 3257 1763 3310 Τε-

166 3355 524 3428 θριάμϐευκε
557 3353 666 3426 γὰρ
716 3354 775 3406 ἐν
818 3353 897 3425 τῷ
931 3351 1151 3423 σταυρῷ
1195 3351 1366 3422 ἀρχάς
1396 3366 1456 3402 τε
1488 3350 1582 3403 καὶ
1614 3349 1763 3416 ἐξου-

165 3448 326 3510 σίιις⁹
381 3448 483 3500 καὶ
520 3447 872 3518 κατήργηκεν
914 3444 1203 3499 ἀποθανὼν
1254 3443 1345 3496 τὸν
1379 3443 1614 3514 ἄρχοντα
1664 3441 1759 3495 τοῦ

161 3538 371 3602 αἰῶνος
411 3536 632 3602 τούτου,
669 3537 811 3591 κατά
838 3536 901 3590 τὸ
935 3535 1354 3608 γεγραμμένον·
1403 3533 1762 3598 καταπαύσας

160 3631 218 3685 δὲ
244 3631 474 3702 ῶσπερ,
507 3630 603 3683 καὶ
617 3631 697 3694 είς
716 3629 869 3693 τέλος
889 3626 1151 3698 ἐνεγκὼν,
1178 3626 1277 3699 τὴν
1307 3626 1434 3698 ὅλην
1453 3627 1762 3698 οἰκονομίαν

160 3723 249 3777 διὰ
283 3722 395 3793 τῆς
435 3721 788 3785 ἀναστάσεως
818 3723 918 3792 τῆς
957 3722 1020 3773 ἐκ
1053 3719 1262 3790 νεκρῶν
1286 3719 1380 3772 καὶ
1407 3717 1630 3790 πορείας
1661 3717 1762 3786 τῆς

160 3815 243 3880 είς
275 3814 345 3867 τδ
383 3813 502 3868 ἀνω
547 3813 682 3883 πρὸς
710 3812 798 3865 τὸν
830 3810 1082 3883 Πατέρα,
1116 3812 1296 3865 πᾶσαν
1327 3809 1628 3881 ἐπέστρεψε
1662 3809 1762 3881 τὴν

159 3907 291 3978 γῆν,
327 3906 433 3958 καὶ
471 3903 646 3974 χιλίας
671 3903 938 3975 μυριάδας
972 3902 1100 3967 τοὺς
1133 3901 1296 3966 ἰδίους
1324 3903 1557 3956 ἐποιεῖτο
1594 3917 1761 3972 προσ-

160 3996 448 4068 κυνητάς·
466 4013 488 4047 ι
518 3995 685 4048 Ὅταν
716 3993 846 4065 γὰρ,
883 3993 1138 4065 ἔφασκεν,
1189 3992 1391 4063 ὑψωθῶ
1417 3993 1488 4060 ὲκ
1509 3993 1607 4062 τῆς
1634 3992 1760 4062 γῆς,

163 4090 387 4150 πάντας
415 4084 634 4140 ἑλκύσω
665 4087 800 4156 πρὸς
837 4085 1093 4158 ἐμαυτόν,
1147 4105 1166 4137 ι
1203 4084 1413 4138 Ούκοῦν
1447 4085 1480 4157 ή
1517 4084 1763 4149 Μωσέως

162 4180 299 4250 εὐχὴ
347 4177 529 4240 τύπος
559 4177 624 4231 ἂν
655 4179 739 4247 εἴη
771 4179 866 4247 τῆς
905 4177 1180 4249 μεσιτείας
1219 4175 1477 4248 Χριστοῦ,
1511 4176 1652 4230 κατά
1697 4193 1763 4246 γε

161 4272 220 4324 τὸ
257 4272 466 4342 σχῆμα
510 4271 570 4323 τὸ
619 4270 979 4342 ἀνθρώπινον,
1031 4269 1327 4340 εὐχομένου
1381 4286 1442 4322 τε
1488 4270 1578 4322 καὶ
1610 4269 1760 4334 tiat-

163 4365 392 4426 τοῦντος
415 4364 556 4433 ἡμῖν
597 4362 667 4415 τὰ
688 4361 945 4416 κάλλιστα
969 4361 1120 4432 παρὰ
1139 4359 1233 4414 τοῦ
1254 4359 1389 4414 Θεοῦ
1412 4361 1505 4414 καὶ
1525 4360 1755 4431 Πατρός.

1870 4364 2183 4438 propitiatio
2237 4377 2336 4433 pro
2389 4359 2628 4431 peccatis
2665 4359 2898 4424 nostris;
2935 4373 3047 4412 non
3093 4373 3193 4428 pro
3243 4359 3448 4422 nostris
3555 4428 3572 4438 κ

172 4456 260 4519 Ὠς
289 4454 469 4524 γὰρὸ
512 4453 796 4518 θεσπέσιος
839 4453 1090 4523 Ἰωάννης
1139 4452 1309 4523 φησί·
1351 4471 1369 4504 ι
1407 4452 1762 4524 Παράκλητον

161 4547 376 4619 ἔχομεν
429 4545 570 4617 πρὸς
615 4545 705 4599 τὸν
756 4545 974 4616 Πατέρα
1018 4544 1226 4616 Ἰησοῦν
1253 4545 1488 4616 Χριστὸν
1530 4544 1759 4612 δίκαιον,

165 4642 255 4694 καὶ
287 4639 468 4703 αὐτὸς
498 4639 724 4709 ἱλασμός
748 4639 864 4692 ἐστι
884 4638 1010 4710 περὶ
1034 4639 1143 4692 τῶν
1168 4639 1450 4711 ἁμαρτιῶν
1483 4641 1516 4710 ἡ
1527 4640 1664 4709 μῶν,
1698 4641 1760 4694 ού

162 4735 292 4806 περὶ
351 4733 470 4785 τῶν
505 4732 791 4803 ἡμετέρων
827 4732 883 4785 δὲ
919 4731 1098 4802 μόνον,
1135 4731 1270 4784 άλλά
1313 4731 1408 4785 καὶ
1457 4733 1597 4804 ὑπὲρ
1637 4733 1759 4788 ὅλου

159 4827 252 4880 τοῦ
288 4827 538 4896 κόσμου.
580 4843 598 4874 ι
633 4824 744 4878 Καὶ
774 4825 996 4895 προσέτι
1026 4823 1188 4879 πάλιν
1226 4824 1387 4878 αὑτὸν
1413 4823 1606 4894 ἔχομεν
1636 4841 1760 4877 σκε-

161 4921 411 4990 παστὴν,
442 4917 522 4980 ὡς
547 4919 605 4970 ὲν
644 4919 709 4988 τῇ
737 4916 935 4987 νεφέλῃ
963 4917 1030 4987 τῇ
1066 4913 1509 4987 κατασκιαζούσῃ
1537 4913 1759 4985 νοούμεο

161 5028 268 5064 ναν.
324 5006 609 5084 ’Δκουέτῳ
656 5007 765 5079 γὰρ
810 5009 840 5060 ὁ
880 5007 1061 5060 πίστει
1102 5007 1167 5077 τῇ
1201 5006 1281 5068 εἰς
1309 5005 1469 5059 αὑτὸν
1516 5003 1760 5058 δικαιού-

162 5115 372 5173 μενος·
430 5119 451 5151 ι
510 5098 752 5170 Ἡμέρας
803 5099 956 5168 ἥλιος
997 5098 1058 5152 οὐ
1107 5097 1406 5169 συγκαύσει
1456 5114 1538 5160 σε,
1570 5096 1758 5166 οὐδὲή

159 5194 377 5265 σελήνη
416 5191 519 5262 τὴν
553 5190 746 5246 νύκτα.
788 5209 807 5242 ›
853 5191 1127 5245 Φάσκουσι
1161 5190 1216 5243 δὲ
1269 5188 1361 5243 καί
1411 5205 1556 5252 τινες
1603 5189 1661 5240 ὲν
1689 5189 1757 5258 τῇ

158 5292 273 5345 τῶν
303 5289 524 5362 μισθῶν
551 5289 801 5358 διανομῇ,
825 5287 967 5341 κατὰ
989 5285 1087 5357 τὴν
1121 5285 1483 5356 εύαγγελικὴν
1511 5283 1755 5356 παραϐο-

232 5449 256 5478 ²
288 5447 396 5501 Isa.
432 5462 542 5507 Lm,
577 5446 628 5499 ὅ.

165 5533 237 5576 ιι,
274 5519 362 5570 ts.
422 5517 443 5546 ⁸
473 5516 630 5570 Joan.
667 5529 760 5575 xtt,
785 5513 871 5566 52.

736 5443 756 5474 ³
787 5443 943 5498 Joan.
994 5458 1100 5502 xw,
1135 5442 1188 5495 2.
1265 5442 1285 5471 ’⁸
1326 5442 1342 5496 l
1376 5441 1532 5496 Joan.
1570 5458 1628 5504 ll,
1667 5440 1717 5496 l.
1796 5441 1818 5472 ⁸
1862 5439 2022 5493 Num.
2058 5453 2111 5496 x.
2156 5436 2244 5490 55.

950 5517 989 5544 ⁸⁸
1021 5514 1036 5566 l
1067 5513 1223 5568 Joan.
1253 5527 1309 5574 ll,
1346 5512 1388 5564 ι.
1465 5515 1485 5544 ⁹
1526 5513 1666 5571 Psal.
1707 5527 1828 5574 cxx,
1857 5511 1908 5564 6.
1992 5508 2032 5538 ¹⁰
2063 5506 2252 5560 Matth.
2287 5521 2372 5564 xx.
2409 5505 2487 5556 ιε.

1863 3087 1920 3133 et
1955 3078 2220 3133 adversus
2262 3077 2359 3133 Dei
2405 3077 2634 3148 gloriam
2682 3077 3019 3149 pugnabant.
3064 3077 3449 3150 Triumphavit

1863 3171 2011 3225 enim
2040 3171 2095 3225 in
2126 3186 2288 3226 cruce
2328 3171 2668 3241 principatus
2693 3179 2751 3224 et
2784 3177 3080 3239 potestates
3104 3170 3166 3234 τ’,
3195 3185 3259 3224 ac
3296 3186 3446 3224 mor-

1865 3267 1993 3314 tuus
2034 3259 2304 3314 destruxit
2334 3258 2639 3328 principem
2683 3259 2869 3313 satculi
2904 3258 3088 3328 hujus,
3123 3257 3266 3312 sicut
3304 3259 3443 3314 scri-

1863 3361 2018 3423 ptum
2043 3359 2128 3407 est
2156 3369 2169 3404 :
2198 3366 2280 3415 ac,
2309 3351 2486 3421 posita
2511 3349 2916 3420 quodammodo
2950 3359 3007 3404 et
3037 3349 3104 3403 ad
3130 3348 3293 3404 linem
3321 3365 3445 3420 per-

1864 3445 2026 3500 ducta
2089 3453 2201 3500 tota
2253 3443 2665 3513 dispensatione
2711 3457 2812 3512 per
2858 3441 3319 3495 resurrectionem
3377 3457 3445 3494 ex

1864 3534 2116 3599 mortuis,
2145 3541 2200 3588 et
2236 3549 2524 3588 ascensum
2551 3532 2605 3586 in
2633 3534 2832 3588 coelum
2859 3531 2925 3586 ad
2955 3532 3190 3595 Patrem,
3218 3532 3445 3586 univer-
3477 3602 3485 3608 .

1863 3641 1979 3680 sam
2006 3635 2207 3680 terram
2233 3623 2528 3688 convertit,
2552 3630 2610 3678 et
2635 3623 2783 3677 mille
2809 3621 3085 3694 myriadas
3111 3636 3240 3675 suos
3262 3620 3448 3676 effecit

1863 3717 2218 3773 adoratores:
2253 3716 2414 3773 «Cum
2429 3715 2628 3780 enim,»
2663 3714 2932 3779 dicebam
2961 3713 3230 3768 exaltatus
3247 3712 3448 3769 fueroa

1865 3817 2031 3874 terra,
2057 3824 2250 3864 omnes
2277 3808 2486 3863 traham
2514 3807 2583 3862 ad
2621 3822 2708 3862 me
2735 3806 2915 3876 ipsum
2939 3806 2980 3860 ⁸.
3017 3825 3036 3855 ι
3086 3804 3246 3875 159
3277 3804 3449 3876 Igitur

1867 3901 1956 3955 illa
1985 3900 2152 3972 Moysi
2179 3899 2358 3954 oratio
2400 3913 2511 3952 non
2545 3896 2784 3953 absurde
2821 3896 2992 3968 ﬁgura
3026 3895 3449 3950 interventionis

1862 3993 2068 4049 Christi
2109 3993 2297 4057 fuerit,
2339 4007 2464 4048 cum
2509 4007 2578 4047 ex
2620 3991 2864 4045 humano
2911 3988 3100 4042 habitu
3147 3987 3309 4040 nobis
3357 4002 3448 4040 res

1862 4085 2306 4158 praeclarissimas
2341 4101 2373 4138 α
2413 4084 2526 4138 Deo
2565 4091 2622 4137 et
2657 4082 2816 4136 Patre
2841 4087 2959 4134 orat
2986 4093 3051 4133 ac
3077 4077 3336 4148 postulat.
3376 4079 3446 4134 L't

1863 4185 2012 4243 enim
2046 4183 2241 4238 beatus
2276 4181 2517 4236 Joannes
2555 4177 2634 4232 ait
2667 4196 2679 4230 :
2731 4195 2749 4228 ι
2789 4175 3129 4230 Advocatum
3178 4174 3446 4230 habemus

1865 4275 2010 4348 apud
2035 4275 2274 4338 Patrem,
2300 4271 2486 4327 Jesum
2513 4267 2796 4324 Christum
2837 4268 3046 4338 justum
3072 4284 3087 4333 ;
3127 4275 3184 4322 et
3222 4267 3335 4338 ipse
3360 4278 3448 4321 est

1864 4467 2048 4514 autem
2099 4464 2334 4520 tantum,
2381 4453 2478 4509 sed
2529 4453 2696 4508 etiam
2743 4465 2844 4521 pro
2885 4451 3053 4504 totius
3099 4449 3378 4506 mundi".
3420 4468 3440 4500 ι

1863 4553 2132 4607 Praeterea
2179 4549 2359 4618 ipsum
2417 4546 2682 4602 habemus
2729 4552 3119 4615 protectorem,
3150 4549 3212 4596 ut
3256 4541 3348 4611 qui
3388 4541 3446 4608 in

1862 4644 2010 4700 nube
2052 4641 2413 4696 adumbrante
2453 4638 2830 4708 intelligatur:
2863 4635 3052 4690 audiat
3080 4634 3227 4689 enim
3275 4633 3320 4689 is
3349 4633 3446 4702 qui

1865 4732 2174 4801 tide.quam
2217 4729 2271 4783 in
2310 4727 2461 4782 illam
2501 4725 2667 4780 habet
2693 4723 3069 4795 justiﬁeatur:
3119 4742 3136 4774 ι
3165 4723 3269 4778 Per
3299 4721 3447 4776 diem

1864 4825 1944 4879 sol
1983 4838 2091 4878 non
2140 4829 2266 4876 uret
2302 4829 2376 4883 te,
2420 4833 2599 4888 neque
2639 4817 2768 4872 luna
2814 4831 2914 4886 per
2951 4825 3167 4871 noctem
3195 4814 3236 4867 ’.
3277 4833 3295 4865 ι
3351 4813 3446 4868 υἱ·

1865 4924 1999 4972 cunt
2043 4915 2209 4968 etiam
2243 4912 2466 4982 quidam
2513 4909 2568 4963 in
2608 4908 2699 4962 illa
2732 4907 3035 4963 secundum
3078 4905 3447 4976 evangelicam

1867 5006 2183 5078 parobolam
2219 5003 2614 5061 distributione
2659 4999 2951 5064 mercedis,
2999 5017 3018 5049 ι
3051 4997 3162 5053 Nos
3202 4996 3446 5068 portavi-

1869 5114 1992 5154 mus
2025 5096 2242 5168 pondus
2279 5095 2390 5151 diei
2415 5102 2474 5150 et
2499 5103 2695 5149 aestum
2728 5091 2770 5123 “
2797 5109 2810 5144 :
2845 5110 2864 5142 ι
2899 5088 3308 5152 vehementem,
3338 5085 3445 5141 nisi

1865 5188 2047 5254 fallor,
2071 5198 2128 5244 et
2154 5202 2333 5243 acrem
2361 5185 2714 5243 efferatarum
2738 5182 3102 5253 voluptatum,
3127 5189 3224 5235 aut
3254 5177 3446 5234 fortas-

1867 5281 1946 5337 sis
1975 5281 2140 5336 etiam
2179 5279 2546 5336 tcntalionum
2583 5278 2692 5332 vim
2730 5274 2798 5330 ad
2829 5273 3122 5338 urendum,
3150 5281 3342 5328 aestum
3385 5283 3447 5321 ac

2324 5435 2346 5464 “
2378 5434 2510 5488 ibid.
2546 5434 2632 5489 36.
2713 5435 2731 5465 ⁷
2763 5431 2904 5488 Psal.
2942 5446 3016 5490 xt,
3049 5429 3101 5482 6.
3183 5424 3438 5479 "Coloss.

231 5658 318 5728 (1)
349 5654 486 5712 Cod.
519 5654 665 5716 γει..
699 5652 840 5717 θεῖος
873 5653 980 5725 γὰρ
1009 5649 1076 5724 ἦν
1115 5654 1141 5706 ό
1171 5651 1340 5721 Λόγος
1381 5652 1436 5705 ἐν
1470 5650 1746 5721 ἀορυαρτία
1789 5649 1882 5704 καὶ
1916 5645 2030 5717 ἰδίῳ
2059 5643 2194 5716 ναῷ.
