3954 6200
445 223 551 282 387

451 338 564 394 diei
590 334 805 406 pondus
832 329 1170 400 appellantes
1195 341 1208 377 :
1236 322 1453 393 adjutor
1475 317 1642 388 igitur
1670 322 1724 369 ct
1750 316 2027 382 protector
2057 309 2103 364 Δ

451 430 510 484 in
553 404 786 482 salutem
828 423 1006 477 factus
1044 427 1130 473 est
1178 414 1342 469 nobis
1391 409 1662 466 Christus.
1706 404 2028 470 Quicunque

452 522 620 592 igitur
653 525 1006 588 posteaquam
1044 509 1142 563 Dei
1185 512 1410 576 aspectu
1445 499 1648 572 dignati
1681 504 1830 560 sunt,
1855 509 1919 548 ac
1949 493 2032 547 di-

451 587 608 666 vinas
632 587 1046 680 praedicationes
1073 599 1388 660 audierunt,
1415 603 1471 649 et
1503 609 1604 664 per
1634 587 2031 661 professionem

453 675 712 757 credendi
742 697 962 758 factam,
997 690 1166 747 veluti
1189 690 1298 760 jam
1327 687 1475 741 dicto
1511 699 1569 738 se
1601 679 1889 736 audientes
1915 675 2032 730 fore

454 783 705 864 polliciti,
738 787 936 843 deinde
972 785 1028 838 in
1069 782 1226 855 pejus
1263 774 1581 833 commutati
1618 767 2036 842 reprobaverint

455 856 610 939 illum
636 887 977 952 praeeuntem
1003 892 1065 930 ac
1095 875 1312 934 ducem,
1337 865 1638 929 Christum,
1667 863 1911 932 inquam,
1939 856 2036 926 qui

453 976 564 1031 illis
598 973 843 1042 requiem
887 968 1159 1039 providet,
1207 963 1302 1034 qui
1347 969 1409 1016 ut
1453 960 1509 1014 in
1556 953 1876 1012 mediatoris
1912 965 2038 1021 per-

455 1083 588 1122 sona
622 1081 723 1135 pro
768 1062 877 1117 illis
916 1057 1233 1120 intervenit,
1261 1054 1356 1124 qui
1397 1061 1458 1106 ut
1483 1051 1538 1105 in
1562 1049 1736 1120 ﬁgura
1758 1043 1919 1100 nobis
1949 1043 2036 1095 in-

458 1134 721 1228 telligitur
746 1160 1050 1225 protector;
1089 1150 1127 1204 ii
1154 1145 1448 1218 aliquando
1477 1142 1694 1198 tandem
1715 1134 2034 1210 justissime,

458 1225 846 1316 suae'ipsorum
884 1241 1129 1297 stultitiae
1167 1240 1378 1293 ratione
1414 1235 1666 1305 repetita,
1695 1225 2041 1297 smvas'igni—

458 1341 563 1393 bus
598 1352 790 1409 pmnas
832 1335 1028 1390 luent:
1065 1333 1280 1401 hocque
1325 1329 1460 1384 illud
1504 1335 1609 1390 est,
1651 1324 1867 1394 opinor,
1894 1317 2039 1388 quod

460 1430 575 1500 ipse
607 1442 826 1500 quoque
869 1423 1084 1494 sapiens
1107 1423 1192 1475 vir
1223 1420 1427 1476 Paulus
1455 1417 1593 1472 dixit
1621 1433 1634 1468 :
1670 1433 1687 1465 ι
1716 1409 2040 1468 Voluntaria

459 1524 606 1578 enim
656 1520 1013 1592 peccantibus
1063 1515 1224 1570 nobis
1275 1519 1398 1581 post
1452 1515 1735 1578 acceptam
1787 1502 2040 1558 notitiam

461 1613 729 1674 veritatis,
774 1626 886 1665 non
949 1607 1183 1677 amplius
1223 1618 1324 1674 pro
1387 1600 1629 1672 peccatis
1696 1594 2040 1664 relinquitur

1474 208 1530 263 S.
1571 198 1848 261 CYRlLLl
1884 191 2354 251 ALEXANDIUNI
2395 187 2711 244 ARCHIEP.

2128 306 2248 377 λήνο
2292 323 2311 354 ‹
2362 303 2555 372 Ἡμεῖς
2603 294 2980 366 ἐϐαστάςαμεν
3020 293 3082 347 τὸ
3110 293 3273 365 βάρος
3314 291 3418 362 τῆς
3469 292 3702 362 ἡμέρας,

2129 394 2224 446 καὶ
2285 391 2376 444 τὸν
2431 388 2719 452 καύσωνα,
2781 405 2800 437 ι
2852 385 2912 440 τὸ
2974 383 3200 456 σφοδρὸν
3249 377 3403 452 οἶμαι
3460 397 3560 434 που
3611 379 3708 433 καὶ

2128 485 2363 552 ἀκμαῖον
2396 485 2477 546 είς
2525 481 2792 553 πύρωσιν,
2831 477 2940 532 τῶν
2985 477 3047 542 ἐξ
3076 476 3385 532 ἀτιθάσσων
3424 471 3644 544 ἡδονῶν,
3669 471 3706 544 ἢ

2128 577 2270 646 τάχα
2315 591 2418 627 που
2463 573 2557 627 καὶ
2601 569 2925 641 πειρασμῶν
2960 567 3218 622 καύσωνά
3260 584 3318 621 τε
3369 566 3465 619 καὶ
3499 564 3712 636 ἡμέρας

2131 666 2487 738 ὀνομάζοντες
2527 664 2693 735 βάρος
2717 677 2731 691 ⁶
2776 660 2967 732 βοηθὸς
2997 654 3090 713 οῦν
3134 660 3240 729 ἀρα
3268 657 3362 711 καὶ
3401 654 3713 724 σκεπαστὴς

2132 760 2209 822 είς
2239 755 2509 826 σωτηρίαν
2531 754 2752 822 γέγονεν
2777 754 2908 823 ἡμῖν
2927 754 2955 805 ὁ
2979 749 3231 822 Χριστός.
3259 749 3426 802 Ὅταν
3451 742 3541 799 οὖν
3567 761 3712 807 τινες

2132 849 2240 903 τῶν
2266 845 2519 910 θεοπτίας
2544 843 2886 915 ἠξιωμένων,
2917 842 3011 897 καὶ
3041 842 3198 912 οἵπερ
3229 840 3295 894 ἂν
3333 839 3575 907 γένοιντο
3603 835 3714 888 τῶν

2135 939 2294 992 θείων
2323 937 2582 1008 αὐτήκοοι
2628 934 3018 1005 κηρυγμάτων,
3061 931 3151 988 διά
3177 948 3235 983 τε
3263 929 3365 1001 τῆς
3389 930 3484 984 ἐπὶ
3510 927 3586 998 τῷ
3619 945 3718 981 πιο

2137 1029 2347 1085 στεύειν
2367 1027 2654 1100 ὁμολογίας
2685 1027 2846 1081 οἱονεί
2873 1043 2988 1089 πως
3020 1024 3119 1096 ἤδη
3158 1021 3626 1092 καθυποσχόμενοι
3654 1019 3716 1072 rb

2143 1121 2386 1192 εύήκοον.
2417 1117 2654 1174 ἀθετῶσι
2692 1119 2812 1180 ταῖς
2837 1117 2916 1179 είς
2947 1116 3009 1168 τὸ
3051 1117 3232 1185 χεῖρον
3270 1110 3590 1181 μεταϐολαῖς
3626 1109 3718 1161 τὸν

2138 1207 2532 1283 προϐαδίζοντα
2576 1207 2671 1262 καὶ
2696 1205 3022 1278 ἡγούμενον,
3065 1204 3207 1275 φημὶ
3243 1202 3308 1274 δὴ
3340 1200 3596 1273 Χριστὸν,
3628 1200 3721 1254 τὸν

2139 1300 2650 1371 κατασκεπτόμενον
2682 1299 2867 1362 αὐτοῖς
2917 1296 3014 1370 τὴν
3049 1297 3376 1357 ἀνάπαυσιν,
3417 1293 3506 1346 τὸν
3539 1292 3616 1355 ὡς
3661 1291 3720 1344 ὲν

2144 1397 2360 1468 μεσίτου
2393 1393 2545 1460 τάξει
2573 1391 2964 1466 πρεσϐεύοντα,
2997 1390 3088 1444 τὸν
3123 1389 3199 1454 ὡς
3221 1391 3280 1442 ὲν
3310 1387 3467 1459 τύπῳ
3487 1384 3722 1456 νεφέλης

2140 1493 2429 1563 νοούμενον
2460 1486 2799 1556 σκεπαστὴν,
2822 1485 2944 1539 τότε
2969 1483 3034 1553 δὴ
3059 1483 3176 1536 τότε
3202 1481 3298 1536 καὶ
3323 1479 3466 1552 μάλα
3496 1479 3723 1541 εἰκότως

2140 1585 2239 1656 τῆς
2285 1583 2434 1653 σφῶν
2475 1580 2652 1635 αὐτῶν
2693 1577 2946 1648 εὐηθείας
2991 1573 3447 1644 εἰσπραττόμενοι
3506 1569 3721 1639 λόγους,

464 1704 661 1768 hostia,
687 1701 781 1756 sed
807 1657 1072 1754 terribilis
1093 1695 1341 1766 quaedam
1368 1689 1704 1761 exspectatio
1743 1684 1957 1758 jndicii,
1991 1690 2047 1738 et

2164 1678 2244 1748 γὴν
2269 1675 2359 1728 διὰ
2389 1673 2558 1744 σωρὸς
2598 1670 2800 1742 ἀγρίαν
2823 1667 3152 1738 ὑπομένουσι
3188 1663 3372 1733 δίκηνο
3419 1659 3514 1714 καὶ
3541 1657 3723 1722 τοῦτο,

463 1795 604 1865 ignis
662 1792 958 1856 aemulatio,
1006 1803 1128 1859 quae
1184 1787 1724 1853 consumptura_est
1780 1776 2039 1832 adversa-

467 1886 578 1940 l'iOS
603 1885 668 1937 ¹¹.
705 1903 722 1934 ι

2147 1765 2321 1838 οἶμαι,
2379 1765 2529 1818 ἐστὶν
2584 1763 2612 1816 ὃ
2677 1761 2772 1814 καὶ
2815 1757 2976 1820 αὐτὸς
3019 1757 3048 1809 ό
3101 1754 3262 1824 σοφὸς
3310 1753 3416 1822 ἔφη
3477 1749 3720 1812 Παῦλος·

2157 1878 2175 1911 ι
2221 1854 2514 1917 Ἑκουσίως
2534 1852 2644 1924 γὰρ
2664 1848 3084 1922 ἁμαρτανόντων
3111 1845 3268 1917 ἡμῶν
3295 1844 3434 1914 μετά
3454 1842 3517 1895 τὸ
3540 1841 3726 1897 λαϐεῖν

463 1977 563 2045 τὴν
590 1976 883 2043 ἐπίγνωσιν
915 1973 1012 2042 τῆς
1040 1967 1318 2038 ἀληθείας,
1350 1967 1450 2020 οὐκ
1513 1965 1593 2018 ἔτι
1631 1963 1758 2034 περὶ
1795 1959 2081 2033 ἁμαρτιῶν
2119 1954 2477 2011 ἀπολείπεται
2549 1948 2731 2012 θυσία,
2767 1943 2974 2015 φοϐερά
3011 1943 3069 1997 δέ
3118 1958 3201 2004 τις
3237 1939 3728 2011 ἐκδοχὴ-κρίσεως,

465 2069 559 2124 καὶ
606 2067 777 2137 πυρὸς
821 2065 979 2135 ζῆλος
1034 2061 1232 2115 ἐσθίειν
1283 2061 1568 2131 μέλλοντος
1625 2057 1750 2118 τοὺς
1803 2051 2173 2112 ὑπεναντίους.
2215 2066 2232 2099 ι

535 2161 734 2216 PALL.
756 2159 945 2230 Igitur,
968 2157 1063 2226 qui
1083 2162 1250 2211 totam
1273 2152 1736 2223 dispensationem
1773 2165 1894 2204 eam
1927 2162 2050 2218 quae

468 2255 524 2308 in
547 2252 763 2308 Christo
796 2249 1140 2318 intelligitur,
1172 2245 1383 2317 peccati
1415 2244 1572 2313 culpa
1613 2239 2048 2312 reprobaverint,

400 2357 410 2361 '
466 2361 590 2400 esca
615 2344 754 2414 ignis
779 2350 960 2396 erunt.
995 2339 1087 2394 llla
1119 2353 1283 2408 porro
1309 2335 1691 2397 murmuratio,
1725 2340 1786 2385 ut
1809 2329 2048 2393 videtur,

468 2434 745 2506 apostasin
808 2430 1098 2502 signiﬁcat,
1131 2438 1186 2483 et
1214 2427 1359 2482 nolle
1385 2441 1480 2481 eos
1524 2425 1592 2480 ab
1631 2424 1724 2479 illo
1753 2421 2051 2493 profectam

469 2528 700 2580 salutem
729 2525 967 2578 libenter
992 2519 1268 2589 amplecti,
1301 2517 1552 2587 quamvis
1581 2513 1921 2586 gustaverint
1955 2510 2054 2566 Dei

470 2619 719 2688 gratiam,
745 2625 801 2668 et
825 2628 1009 2667 rerum
1034 2613 1147 2680 jam
1167 2610 1571 2680 prmteritarum
1594 2607 2051 2678 experimentum,

471 2723 572 2778 pro
602 2706 757 2759 firmo
783 2704 1094 2757 futurarum
1126 2703 1356 2772 pignore
1393 2707 1630 2755 teneant.

543 2796 700 2851 CYR.
743 2794 820 2848 Ita
859 2793 1102 2862 inquam.
1146 2792 1316 2846 Alteri
1351 2807 1592 2861 quoque,
1636 2789 1837 2862 pusillo
1874 2787 2058 2842 animo

474 2904 600 2942 cum
625 2893 828 2951 essent,
853 2885 920 2939 ad
943 2884 1199 2939 eumdem
1231 2883 1453 2937 modum
1485 2881 1981 2951 conquerebantur,
2003 2884 2060 2932 et

475 2979 745 3052 ignaviter
787 2977 1052 3032 adversus
1105 2977 1278 3031 Deum
1317 2983 1374 3030 et
1411 2975 1633 3046 Moysen
1675 2972 2057 3036 susurrabant,

2223 2139 2430 2195 ΠΑΛΛ.
2483 2138 2546 2191 Οἱ
2581 2136 2764 2190 πᾶσαν
2790 2128 2882 2188 οῦν
2906 2141 3006 2203 την
3033 2129 3340 2198 οἰκονομίαν
3372 2128 3468 2198 τὴν
3499 2127 3558 2180 ἐν
3596 2127 3732 2197 Χρι-

2153 2232 2263 2302 στῷ
2288 2217 2661 2301 νοουμένηνίὲξ
2690 2224 2961 2296 ἁμαρτίας
2993 2223 3344 2293 ὴθετηκότες,
3379 2220 3551 2290 πυρὸς
3579 2219 3732 2273 ἔσον-

2153 2345 2242 2380 ται
2286 2324 2482 2396 τροφή.
2514 2321 2673 2391 Δηλοῖ
2713 2319 2770 2373 δὲ
2816 2317 2845 2369 ὁ
2897 2315 3226 2386 γογγυσμὸς,
3287 2313 3364 2376 ὡς
3415 2311 3581 2374 ἔοικε,
3633 2310 3733 2379 τὴν

2153 2417 2454 2470 ἀπόστασιν
2479 2413 2573 2466 καὶ
2595 2411 2654 2465 τὺ
2677 2411 2750 2482 μὴ
2772 2409 2946 2463 θέλειν
2977 2405 3250 2460 ποιεῖσθαι
3270 2403 3464 2476 δεκτὴν
3477 2401 3576 2474 τὴν
3600 2401 3731 2468 παρ’

2156 2506 2322 2562 αὐτοῦ
2367 2505 2661 2576 σωτηρίαν,
2718 2501 2894 2556 καίτοι
2955 2497 3317 2569 γευσαμένοις
3352 2497 3450 2565 τῆς
3491 2493 3732 2565 χάριτος,

2157 2599 2250 2652 καὶ
2279 2597 2519 2666 ἀσφαλὲς
2547 2594 2656 2648 τῶν
2706 2592 3011 2663 μελλόντων
3051 2590 3329 2660 ἐνέχυρον,
3366 2586 3464 2658 τὴν
3503 2586 3596 2639 ἐπὶ
3621 2586 3737 2650 τοῖς

2157 2690 2256 2761 ἠδη
2292 2687 2679 2759 παρῳχηκόσιν
2711 2684 2928 2754 ἔχοντες
2962 2684 3177 2753 πεῖραν.

2229 2780 2396 2834 ΚΥΡ,
2418 2776 2575 2832 Οὕτω
2598 2775 2740 2846 φημί
2767 2791 2780 2804 ο
2810 2773 3314 2845 μικροψυχήσαντες
3339 2769 3398 2824 δὲ
3423 2769 3517 2823 καὶ⁸
3536 2769 3736 2840 ἕτεροι,

2159 2872 2256 2944 τὴν
2308 2869 2479 2939 αὐτὴν
2524 2865 2804 2920 ἐποιοῦντο
2848 2864 3144 2934 καταϐοὴν,
3193 2863 3287 2916 καὶ
3325 2858 3740 2931 κατεψιθύριζον

2161 2962 2406 3037 ἀδρανῶς
2463 2959 2557 3014 τοῦ
2616 2957 2752 3014 Θεοῦ
2807 2957 2902 3012 καὶ
2960 2956 3220 3021 Μωσέως,
3279 2955 3443 3026 ἄρτον
3495 2954 3742 3008 διάκενον

481 3043 640 3142 ίθο
660 3085 857 3141 panem
873 3084 1108 3124 vacuum
1131 3068 1472 3140 appellantes
1489 3043 1688 3121 manna
1708 3065 1839 3120 illud
1866 3081 1896 3120 e
1921 3065 2059 3120 caelo

2164 3054 2520 3128 ὀνομάζοντες
2549 3051 2610 3105 τὸ
2647 3052 2823 3123 μάννα
2849 3049 2910 3104 τὸ
2946 3048 3007 3114 ἐξ
3037 3043 3288 3120 ούρανοῦ.
3327 3046 3468 3101 Ἀλλ’
3501 3047 3607 3100 ὑπὸ
3631 3046 3745 3100 τῶν

476 3164 685 3219 datum.
731 3161 838 3217 Sed
865 3177 896 3215 a
923 3161 1272 3232 serpentibus
1300 3160 1586 3230 perierunt
1612 3176 1624 3212 :
1657 3157 1753 3228 qui
1793 3157 1942 3212 enim
1973 3156 2059 3210 in-

477 3255 813 3328 gratitudine
841 3270 939 3309 sua
961 3253 1116 3308 illum
1140 3252 1386 3308 omnium
1410 3251 1695 3307 hominum
1726 3249 2061 3305 Salvatorern

479 3359 545 3398 ac
585 3343 1011 3413 Redemptorem
1045 3350 1428 3406 contemnunt,
1461 3357 1640 3412 neque
1675 3340 1788 3394 ullo
1830 3355 2066 3395 numero

482 3434 753 3491 libertatis
775 3435 1006 3505 gratiam
1033 3434 1260 3499 habent,
1293 3450 1357 3489 ac
1378 3442 1642 3505 praeterea
1666 3431 1944 3487 viviﬁcum
1981 3431 2065 3502 ip-

481 3528 596 3583 sius
636 3526 890 3591 verbum,
938 3535 994 3580 et
1043 3525 1279 3596 Spiritus
1322 3525 1493 3579 sancti
1527 3524 1732 3578 donum
1773 3533 1835 3596 ut
1871 3521 2067 3576 inutile

481 3626 733 3686 carpunt,
760 3619 817 3670 in
857 3632 1075 3671 morsus
1116 3616 1331 3672 cruenti
1379 3615 1649 3686 serpentis
1673 3594 1935 3668 incident.
1963 3611 2068 3678 Qui

483 3721 616 3761 vero
646 3706 702 3759 in
729 3715 836 3759 tam
876 3719 1069 3774 graves
1093 3704 1281 3773 culpas
1318 3702 1457 3772 lapsi
1481 3717 1590 3756 non
1624 3709 1771 3765 sunt,
1797 3716 1905 3754 una
1943 3709 2086 3754 cunt

485 3791 734 3860 nequitia
759 3790 1056 3844 imminens
1077 3805 1297 3860 quoque
1323 3790 1401 3844 illi
1429 3789 1760 3861 supplicium
1789 3803 1853 3842 ac
1883 3802 2071 3858 pcenas

485 3883 769 3954 effugient,
797 3889 854 3936 et
882 3881 1068 3936 hostes
1104 3880 1443 3952 superabunt
1488 3897 1500 3932 :
1535 3899 1554 3930 ‹
1602 3879 1779 3951 Super
1825 3878 2070 3949 aspidem

486 3977 690 4049 quippe
719 3991 783 4030 ac
810 3974 1128 4030 basiliscum
1163 3974 1541 4038 ambulabunt,
1577 3981 1634 4028 et
1673 3972 2075 4028 conculcabunt

486 4070 704 4127 leonem
741 4076 798 4124 et
831 4068 1126 4123 draconem
1165 4068 1228 4122 η.
1261 4085 1279 4118 ι
1316 4067 1650 4123 Conclusum
1684 4073 1769 4122 est
1810 4066 1995 4138 igitur,
2019 4071 2076 4120 et

490 4161 733 4232 ipsarum
762 4176 949 4216 rerum
974 4169 1250 4231 gestarum
1283 4159 1600 4214 testimonio
1637 4159 1798 4215 nobis
1820 4173 2074 4230 compro-

493 4253 704 4318 batum,
729 4253 1099 4324 periculosum
1120 4268 1263 4319 esse,
1288 4252 1384 4324 qui
1402 4253 1512 4324 jam
1531 4253 1816 4308 exercitati
1843 4260 1991 4316 sunt,
2013 4265 2077 4306 ac

493 4343 812 4398 nonnullam
836 4359 1025 4399 curam
1066 4353 1229 4414 atque
1261 4359 1486 4414 operam
1528 4343 1935 4414 impenderunt,
1964 4349 2025 4396 ut
2046 4357 2077 4398 e

494 4435 777 4491 laboribus
809 4436 1025 4492 laudem
1060 4443 1561 4505 consequerentur,
1603 4434 1699 4489 sed
1726 4435 1931 4489 versati
1962 4436 2076 4506 jam

493 4536 553 4584 et
576 4527 777 4583 assueti
804 4528 872 4582 ad
911 4527 1142 4582 sudores
1177 4541 1276 4596 pro
1304 4524 1511 4580 virtute
1541 4524 1943 4594 suscipiendos,
1980 4540 2078 4580 eos

496 4619 707 4675 desidia
739 4628 978 4690 torpere,
1002 4627 1058 4674 et
1087 4617 1144 4672 in
1171 4616 1441 4689 ignaviam
1467 4632 1526 4672 se
1551 4615 1809 4688 dejicere.

566 4712 764 4768 PALL.
784 4711 1136 4776 Conclusum,
1155 4723 1214 4767 et
1233 4710 1455 4781 quidem
1474 4727 1620 4767 vere.

565 4803 724 4859 CYR.
770 4803 1134 4858 Asseverabat
1158 4817 1292 4857 vero
1332 4813 1519 4858 nostra
1551 4803 1746 4868 oratio,
1782 4819 1888 4858 non
1920 4804 2083 4860 modo

500 4896 614 4952 Deo
636 4896 885 4951 odiosum
909 4910 1049 4958 esse,
1074 4903 1130 4949 et
1156 4910 1332 4965 poenae
1354 4895 1651 4950 obnoxium
1679 4897 1909 4960 crimen,
1933 4911 2086 4950 mur-

501 5001 720 5040 murare
763 4994 956 5040 contra
1000 4985 1172 5039 Deum
1203 4993 1259 5040 et
1289 4986 1524 5056 dejicere
1558 4986 1832 5052 animum;
1866 4995 1928 5040 ut
1969 4987 2084 5057 ipsa

503 5077 925 5147 pusillanimitas
953 5077 1199 5146 quaedam
1225 5077 1296 5132 sit
1315 5077 1383 5132 de
1409 5059 1810 5132 conservatoris
1829 5077 2082 5149 benigni-

504 5176 615 5222 tate
645 5169 965 5237 conquestio
1001 5177 1165 5240 atque
1207 5169 1502 5233 accusatio,
1533 5168 1782 5238 quamvis
1809 5168 1992 5239 exigui
2028 5169 2085 5223 in

503 5255 686 5312 medio
708 5257 924 5314 labores
950 5259 1210 5314 exsistant
1235 5276 1248 5312 :
1277 5258 1375 5313 sed
1401 5259 1567 5314 etiam
1596 5272 1751 5328 aeque
1791 5273 2085 5313 exsecran-

504 5348 635 5403 dum
675 5365 816 5415 esse,
856 5351 1225 5406 remissiorem
1264 5344 1709 5432 ac.solutiorem"
1733 5349 1899 5404 vitam
1936 5364 2086 5420 quae-

507 5463 664 5515 rere;
692 5462 927 5517 cumque
973 5448 1044 5502 sit
1087 5447 1143 5502 in
1189 5455 1482 5517 promptu,
1523 5444 1724 5501 divinis
1763 5444 2089 5502 muneribus

582 5628 625 5658 “
659 5625 825 5681 llcbr.
859 5642 911 5691 3.,
940 5623 1028 5691 '26,
1060 5625 1148 5679 27.
1232 5627 1273 5656 ”
1302 5624 1446 5681 Psal.
1485 5640 1571 5691 xc,
1613 5623 1697 5678 15.

2163 3149 2340 3219 δςρεων
2367 3144 2700 3200 ἀπώλλυντο.
2737 3143 2802 3194 Ol
2829 3141 2938 3214 γάρ
2975 3143 3098 3204 ταῖς
3127 3140 3475 3211 ἀχαριστίαις
3512 3137 3602 3193 τὸν
3633 3137 3744 3193 τῶν

2164 3241 2302 3294 ὅλων
2342 3239 2572 3308 Σωτῆρα
2598 3236 2690 3290 καὶ
2720 3233 3016 3306 Λυτρωτὴν
3041 3232 3419 3305 ἀτιμάζοντες,
3458 3232 3553 3285 καὶ
3576 3231 3636 3285 ἐν
3656 3230 3748 3282 οὺ-

2164 3333 2276 3387 δενὶ
2321 3331 2560 3394 τιθέντες
2610 3329 2754 3398 λόγῳ
2795 3327 2896 3395 τῆς
2935 3324 3252 3396 ἐλευθερίας
3280 3323 3377 3394 τὴν
3423 3325 3603 3396 χάριν,
3656 3324 3750 3379 καὶ

2167 3426 2304 3497 πρὸς
2336 3422 2547 3485 τούτοις
2571 3420 2651 3475 ἔτι
2686 3421 2776 3474 τὸν
2809 3419 3075 3484 ζωοποιὸν
3103 3416 3267 3472 αὑτοῦ
3291 3417 3485 3486 Λόγον,
3519 3416 3616 3470 καὶ
3650 3415 3750 3486 τὴν

2167 3517 2256 3573 διὰ
2274 3515 2367 3570 τοῦ
2391 3515 2531 3570 ιΙνεύ
2540 3532 2708 3585 ματος
2745 3512 2954 3584 δωρεάν
2990 3511 3066 3576 ὡς
3088 3512 3360 3582 ἄχρηστον
3381 3509 3750 3580 διασύροντες,

2167 3611 2282 3672 τοῖς
2304 3606 2396 3661 τοῦ
2435 3605 2719 3676 μιαιφόνου
2752 3605 3044 3678 δράκοντος
3077 3599 3505 3672 περιπεσοῦνται
3534 3600 3752 3672 δήγμα-

2173 3717 2277 3754 σιν.
2317 3697 2455 3751 Ἀλλ’
2491 3699 2545 3752 οἴ
2586 3714 2651 3767 γε
2694 3698 2809 3760 τοῖς
2842 3695 3016 3758 οὕτως
3053 3694 3304 3756 ὲκτόποις
3346 3693 3447 3749 οὐκ
3473 3692 3755 3754 ἑναλόντες

2173 3791 2502 3862 πταίσμασι,
2561 3788 3035 3858 συνδιαφεύξονται
3071 3789 3139 3858 τῇ
3185 3785 3482 3858 φαυλότητι
3528 3785 3624 3840 καὶ
3655 3784 3756 3854 τὴν

2174 3883 2566 3956 ὲπηρτημένην
2601 3883 2738 3955 αὐτῇ
2773 3880 2992 3936 κόλασιν
3021 3897 3080 3934 τε
3108 3881 3203 3934 καὶ
3233 3881 3413 3952 δίκην,
3460 3879 3557 3932 καὶ
3591 3879 3756 3948 ἀμεξο

2176 3994 2298 4040 νους
2339 3976 2554 4031 ἔσονται
2588 3976 2698 4031 τῶν
2737 3974 2948 4046 ἐχθρῶν
2975 3992 2988 4006 ο
3025 3992 3044 4026 ι
3090 3974 3213 4029 Ἐπὶ
3261 3972 3466 4030 ἀσπίδα
3505 3971 3616 4044 γάρ
3661 3973 3760 4026 καὶ

2179 4068 2486 4141 βασιλίσκον
2531 4067 2906 4138 ὲπιϐήσονται,
2943 4067 3037 4121 καὶ
3081 4068 3531 4137 καταπατήσουσι
3567 4065 3761 4123 λέοντα

2177 4161 2272 4217 καὶ
2309 4160 2598 4232 δράκοντα.
2643 4177 2662 4210 ι
2713 4161 2922 4232 ’Λραρε
2952 4160 3018 4230 δὴ
3047 4154 3163 4223 οὖν,
3206 4159 3301 4212 καὶ
3337 4157 3396 4224 ἐξ
3425 4158 3601 4212 αὐτῶν
3629 4159 3766 4230 ἡμῖν

2183 4253 2602 4325 μεμαρτύρηται
2626 4252 2733 4307 τῶν
2758 4253 3120 4324 πραγμάτων,
3153 4251 3422 4322 σφαλερὸν
3461 4252 3543 4304 ὅτι
3571 4251 3635 4302 τὸ
3666 4253 3767 4322 p.3-

2181 4344 2394 4415 θυμεῖν,
2421 4347 2514 4396 καὶ
2537 4342 2865 4397 ἀναπίπτειν
2897 4345 2975 4406 είς
3017 4341 3302 4414 ἀτολμίας,
3324 4343 3450 4406 τοὺς
3469 4343 3569 4415 ἤδη
3598 4359 3772 4412 γεγυς

2187 4434 2547 4506 μνασμένους,
2573 4435 2668 4488 καὶ
2683 4435 2784 4489 οὐκ
2796 4436 3129 4506 ἀμελέτητον
3149 4435 3372 4506 ἔχοντας
3383 4434 3445 4487 τὸ
3469 4434 3558 4487 διὰ
3583 4434 3773 4488 πόνων

2182 4525 2510 4596 εὐδοκιμεῖν,
2543 4525 2790 4596 ὲντριϐὲς
2811 4525 2869 4580 δέ
2890 4544 3008 4591 πως
3034 4521 3254 4598 ἡδηκαὶ
3280 4523 3774 4597 κατημαξευμένον

2183 4616 2243 4669 τὸ
2274 4614 2452 4688 ίδροῦν
2476 4616 2614 4689 ὑπὲρ
2647 4617 2871 4689 ἀρετῆς.

2255 4708 2466 4762 ΠΑΛΛ.
2511 4709 2721 4781 Ἀραρέ
2748 4725 2813 4777 γε
2844 4709 2939 4764 καὶ
2968 4709 3115 4763 ἔστιν
3145 4710 3365 4782 ἀληθές.

2255 4801 2422 4857 ΚΥΡ.
2461 4800 2838 4855 Διεϐεϐαιοῦτο
2874 4802 2931 4856 δὲ
2963 4804 3096 4873 ἡμῖν
3125 4803 3154 4855 ό
3184 4803 3362 4872 λόγος,
3395 4803 3472 4866 ὡς
3509 4803 3571 4856 οῦ
3605 4803 3778 4874 μόνον

2185 4891 2303 4946 ἔστὶ
2340 4890 2593 4962 θεομισές
2642 4910 2702 4946 τε
2743 4893 2838 4949 καὶ
2881 4894 2986 4950 ὑπὸ
3024 4894 3181 4966 δίκην
3212 4896 3274 4950 rb
3301 4894 3594 4965 γογγύζειν
3627 4897 3779 4952 κατὰ

2189 4981 2326 5037 Θεοῦ
2352 5023 2368 5048 ,
2411 4984 2505 5038 καὶ
2548 4983 2740 5054 ὥσπερ
2770 4985 2895 5038 τινὰ
2929 4985 3270 5058 κατάῤῥησιν
3309 4986 3344 5056 ἢ
3368 4985 3647 5056 καταϐοὴν
3671 4987 3777 5057 τῆς

2185 5074 2279 5128 τοῦ
2312 5073 2575 5146 σώζοντος
2605 5076 2941 5148 ἡμερότητος
2965 5077 3240 5131 ποιεῖσθαι
3264 5078 3361 5150 τὴν
3392 5077 3777 5149 ὀλιγοψυχίαν,

2187 5167 2293 5220 κᾶν
2327 5169 2374 5220 εἰ
2398 5167 2620 5239 βραχεῖς
2647 5167 2737 5221 διὰ
2769 5169 2936 5240 μέσου
2970 5168 3245 5238 φαίνοιντο
3279 5169 3452 5243 πόνοι,
3493 5168 3781 5240 ἐπάρατον

2192 5259 2249 5312 δὲ
2282 5259 2434 5314 οὐδὲν
2479 5257 2642 5334 ἧττόν
2675 5261 2792 5315 ἐστι
2839 5261 2902 5314 τὸ
2939 5261 3185 5316 ἀνεῖσθαι
3223 5261 3420 5332 φιλεῖν,
3472 5263 3571 5316 καὶ
3597 5264 3783 5334 παρὸν

2190 5352 2373 5414 αὐτοῖς
2418 5356 2530 5416 τοῖς
2561 5353 2726 5416 θείοις
2755 5353 3088 5426 χαρίσμασιν
3115 5353 3450 5426 ἁδιαϐλήτως
3480 5354 3781 5425 ὲντρυφᾷν,

2197 5444 2290 5498 καὶ
2321 5447 2433 5509 τοῖς
2481 5444 2685 5500 ἄνωθέν
2730 5462 2787 5499 τε
2828 5447 2922 5502 καὶ
2942 5445 3029 5500 διὰ
3059 5433 3153 5500 τοῦ
3197 5445 3515 5518 Πνεύματος
3541 5445 3786 5522 ἀποτρέ-
