3954 6200
209 229 321 291 389

912 240 1000 294 DE
1039 236 1482 294 ADORATIONE
1515 235 1594 289 IN
1637 231 1908 289 SPIRITU
1950 232 2038 287 ET
2079 232 2452 288 VERITATE.
2495 235 2626 290 LIB.
2671 236 2733 290 V.

3375 239 3480 294 390

211 346 417 415 φεσθαι
443 346 646 416 λόγοις,
693 351 788 404 ἐπὶ
831 351 1078 422 φθαρτάς
1097 350 1294 420 ἡδονὰς
1331 349 1426 403 καὶ
1460 347 1801 418 ἀκαθάρτους

1911 344 2023 401 sine
2049 346 2209 416 culpa
2230 345 2362 412 frui,
2391 357 2448 402 et
2472 348 2744 417 supernis,
2771 355 2826 402 et
2852 347 3059 419 Spiritu
3083 357 3272 403 sancto
3306 347 3476 420 inspi-

211 434 582 506 φιλοσαρκίας
630 438 882 509 ἀχάλινον
947 439 1217 492 ποιεῖσθαι
1268 439 1366 509 τὴν
1417 437 1796 506 ἀποφοίτησιν.

216 525 422 598 ’Υόρις
455 529 564 599 γὰρ
595 531 840 601 ἐναργῶς
885 532 964 596 εἰς
991 531 1060 586 τὰ
1089 533 1296 602 ἀμείνω
1324 533 1420 586 καὶ
1449 531 1709 597 σώζοντα,
1740 531 1802 584 τὸ

211 618 538 674 ἀνθελέσθαι
576 621 646 675 τά
686 623 921 694 πονηρὰ,
968 625 1065 680 καὶ
1096 624 1186 678 νοῦ
1250 625 1428 694 ψῆφος
1465 623 1800 690 ἀνοσιωτάτη

209 711 276 762 τὺ
323 711 439 764 τῶν
493 713 760 785 οὐρανίων
794 716 1061 786 προτάξαι
1094 715 1164 770 τὰ
1211 715 1589 788 γεωδέστερα,
1624 714 1801 767 καίτοι

213 799 484 872 πλείστην
524 803 608 872 ἐφ’
648 804 863 869 ἑαυτοῖς
902 805 1160 860 νοσοῦντα
1189 805 1287 877 τὴν
1324 805 1642 878 βδελυρίαν
1707 805 1802 858 καὶ

213 891 396 962 ὀρθῶς
444 894 540 947 ἐπὶ
574 894 783 959 τούτοις
823 899 1105 968 μονονουχὶ
1153 900 1246 952 καὶ
1290 897 1513 970 δακρύει
1563 897 1738 966 λέγων
1773 899 1802 951 ὁ

213 985 510 1054 προφήτης
551 986 808 1052 Ἠσαῖαςο
836 1007 854 1040 ‹
886 989 1040 1055 Οὐαὶ,
1075 992 1124 1044 oi
1168 989 1418 1058 λέγοντες
1459 990 1520 1043 τὸ
1569 990 1802 1060 πονηρὸν

213 1076 403 1142 καλὸν,
443 1077 537 1130 καὶ
561 1094 624 1132 το
654 1078 817 1133 καλὸν
856 1081 1125 1152 πονηρόν*
1167 1083 1216 1135 οί
1241 1081 1490 1150 λέγοντες
1519 1081 1581 1134 τὸ
1627 1082 1799 1151 γλυκὺ

213 1167 439 1238 πικρὸν,
471 1169 568 1222 καὶ
595 1169 656 1223 τὸ
684 1171 878 1243 πικρὸν
907 1171 1108 1242 γλυκύ·
1160 1176 1210 1228 οἱ
1258 1173 1500 1238 τιθέντες
1531 1174 1592 1227 τὸ
1615 1175 1802 1236 σκότος

215 1259 356 1328 φῶς,
390 1261 484 1314 καὶ
510 1261 574 1315 τὸ
601 1262 717 1331 φῶς
757 1266 966 1328 σκότος.
1009 1285 1029 1318 ι
1066 1266 1338 1331 Τοιούτοις
1369 1269 1558 1331 κακοῖς
1585 1265 1800 1319 ἐναλόν-

212 1365 313 1412 τας
366 1351 676 1422 πταίσμασι
722 1355 850 1416 τοὺς
902 1355 963 1422 ἐξ
1021 1358 1234 1430 Ἰσραὴλ
1274 1360 1600 1431 εὑρήσομεν.
1647 1358 1801 1413 Μετά

211 1443 324 1510 γάρ
346 1460 434 1495 τοι
461 1443 560 1515 τὴν
585 1445 680 1498 ἐπὶ
705 1446 784 1517 τῷ
806 1448 1075 1517 γογγύσαι
1096 1451 1275 1521 δίκην,
1298 1451 1514 1520 γείτονα
1543 1453 1638 1504 καὶ
1662 1469 1804 1523 παρ-

211 1534 554 1606 εζευγμένην
613 1537 778 1602 εὐθὺς
833 1539 931 1610 τὴν
977 1543 1062 1609 ἐφ’
1113 1543 1284 1596 ἆπασι
1343 1545 1455 1606 τοῖς
1506 1543 1802 1613 αἰσχίστοις

211 1627 436 1680 ἐνόσουν
463 1628 774 1700 ἐπιθυμίαν.
801 1632 1199 1704 Περιπτύοντες
1225 1634 1332 1704 γὰρ
1355 1634 1543 1706 ὥσπερ
1565 1637 1634 1690 τὰ
1652 1634 1802 1705 παρά

1907 438 2040 492 ratis
2077 439 2424 493 sermonibus
2458 439 2692 494 enutriri
2713 480 2726 505 ,
2752 439 2820 494 ad
2858 439 3092 495 caducas
3115 440 3299 510 potius
3323 443 3480 496 volu-

1905 536 2104 598 ptates,
2129 538 2186 583 et
2209 530 2452 600 impuras
2475 531 2656 584 carnis
2677 530 3005 600 cupiditates
3028 531 3288 587 effrenate
3311 534 3442 588 ferri
3466 552 3480 587 :

1905 635 2032 672 nam
2059 635 2148 674 res
2173 622 2396 676 vitiosas
2432 621 2708 690 praeferre,
2734 621 3019 676 manifesta
3046 633 3128 676 est
3153 623 3484 691 optimarum

1906 727 1970 766 ac
1991 712 2316 766 salutarium
2360 712 2592 782 injuria;
2619 723 2811 782 estque
2844 713 2934 768 ille
2966 713 3133 767 animi
3156 714 3398 770 calculus
3426 716 3485 771 in

1906 804 2100 874 primis
2137 804 2398 870 nefarius,
2432 820 2540 874 quo
2571 812 2808 870 terrena,
2835 806 3086 875 quamvis
3108 807 3394 862 maximam
3425 808 3482 864 in

1907 909 1964 948 se
1992 894 2389 964 turpitudinem
2427 895 2761 960 contineant,
2798 896 3111 950 ccelestibus
3135 906 3481 967 anteponun-

1918 994 2033 1050 tur;
2061 1001 2124 1040 ac
2147 993 2298 1040 recte
2317 986 2420 1040 hos
2438 986 2835 1056 prepemodum
2858 986 3112 1057 lacrymis
3131 990 3485 1058 prosequitur

1907 1078 2172 1148 propheta
2212 1079 2379 1134 Isaias
2419 1094 2544 1133 cum
2569 1079 2702 1133 dicit
2732 1097 2744 1131 :
2778 1078 2918 1144 «Vae,
2949 1080 3044 1148 qui
3069 1080 3254 1135 dicitis
3279 1082 3485 1137 malum

1908 1167 2133 1235 bonum,
2152 1178 2208 1224 et
2229 1169 2436 1233 bonum
2455 1170 2694 1236 malum;
2717 1169 2811 1239 qui
2835 1169 3019 1224 dicitis
3037 1169 3194 1224 dulce
3215 1187 3485 1238 amarum,

1909 1269 1964 1315 et
1983 1276 2230 1316 amarum
2257 1262 2451 1330 dulce;
2478 1263 2571 1332 qui
2595 1261 2800 1332 ponitis
2821 1260 3078 1316 tenebras
3101 1260 3300 1326 lucem,
3325 1270 3382 1317 et
3403 1264 3486 1317 lu-

1908 1367 2026 1406 cem
2066 1353 2323 1408 tenebras
2351 1353 2415 1406 “.
2449 1371 2466 1404 ι
2495 1351 2818 1424 Hujusmodi
2847 1351 3107 1422 gravibus
3144 1352 3318 1421 culpis
3345 1353 3484 1406 irre-

1908 1444 2038 1499 titos
2060 1444 2406 1499 inveniemus
2431 1443 2574 1499 ﬁlios
2605 1443 2795 1498 Israel.
2823 1444 3117 1513 Postquam
3139 1443 3286 1498 enim
3315 1443 3483 1498 dede-

1909 1545 2040 1590 runt
2078 1551 2191 1592 sua:
2227 1536 2687 1592 murmurationis
2723 1550 2932 1605 poenas,
2967 1535 3149 1590 vicino
3187 1535 3390 1600 statim,
3430 1543 3488 1589 et

1908 1629 2165 1699 adjuncto
2193 1629 2387 1684 morbo
2413 1628 2854 1698 turpissimarum
2884 1644 3068 1683 rerum
3087 1627 3484 1697 concupiscen-

210 1719 307 1772 τοῦ
341 1720 504 1788 Θεοῦ,
539 1723 634 1776 καὶ
666 1726 781 1786 τοῖς
830 1725 1118 1796 οὐρανόθεν
1150 1727 1374 1794 ἀγαθοῖς
1408 1728 1637 1790 ἀνοσίως
1679 1728 1802 1780 ἐπι-

1911 1717 1980 1771 tia
2019 1717 2428 1772 laboraverunt.
2474 1719 2644 1783 Nam,
2685 1733 2809 1772 cum
2849 1718 2944 1772 Dei
2986 1733 3212 1772 munera
3247 1717 3483 1787 quodam

213 1813 627 1881 στυγνάζοντες,
677 1814 1031 1887 παρώτρυνον
1087 1818 1403 1886 ἀναγκαίως
1445 1820 1532 1888 ἐφ’
1592 1820 1802 1882 ἑαυτοῖς

211 1904 304 1957 τὸν
337 1906 554 1975 κριτήν.
586 1905 900 1978 Γέγραπται
933 1908 1061 1979 γὰρ,
1097 1912 1180 1964 ὅτι
1219 1929 1236 1961 ι
1273 1911 1384 1964 Καὶ
1406 1913 1433 1964 ὁ
1461 1911 1750 1980 ἐπίμικτος
1775 1912 1804 1963 ὀ

214 1999 270 2050 ἐν
312 1998 524 2061 αὐτοῖς,
557 1998 906 2071 ἐπεθύμησεν
962 2001 1278 2072 ἐπιθυμίαν,
1331 2003 1424 2056 καὶ
1476 2002 1802 2066 καθίσαντες

213 2087 430 2142 ἔκλαιον
457 2090 506 2141 οί
539 2089 644 2142 υἱοὶ
685 2091 924 2161 Ἰσραὴλ,
960 2092 1056 2144 καλ⁵
1091 2088 1266 2145 εἷπον·
1298 2094 1394 2157 Τίς
1422 2095 1568 2164 ἡμᾶς
1597 2092 1805 2164 ψωμιεῖ

214 2180 390 2250 κρέας
447 2181 829 2252 Ἐμνήσθημεν
879 2186 1006 2248 τοὺς
1057 2183 1264 2255 ἰχθύας,
1311 2184 1403 2250 οὒς
1433 2187 1696 2257 ὴσθίομεν
1743 2186 1802 2239 ἐν

217 2275 482 2346 Αἰγύπτῳ
498 2275 726 2347 δωρεὰν,
752 2278 991 2341 καὶτοὺς
1014 2280 1256 2343 σικύους,
1284 2280 1517 2343 καὶτοὺς
1534 2279 1799 2346 πέπονας,

216 2364 389 2418 καὶτά
411 2366 621 2435 πράσα,
659 2366 755 2419 καὶ
784 2367 856 2420 τὰ
877 2367 1162 2438 κρόμμυα,
1190 2367 1284 2421 καὶ
1302 2367 1371 2420 τὰ
1401 2367 1803 2438 σκόροδα.Νυν“ι

214 2455 268 2508 δὲ
297 2457 333 2525 ἡ
362 2457 511 2528 ψυχὴ
539 2457 694 2528 ἡμῶν
716 2458 1039 2531 κατάξηρος.
1067 2459 1231 2513 Οὐδὲν
1253 2459 1392 2529 πλὴν
1416 2460 1496 2522 εἰς
1532 2458 1594 2510 τὸ
1625 2459 1801 2528 μάννα

214 2547 260 2599 οῖ
287 2547 564 2617 ὀφθαλμοὶ
585 2549 764 2619 ἡμῶν.
795 2551 907 2604 Καὶ
940 2551 1160 2622 ιἤκουσε,
1185 2551 1337 2622 φησι,
1364 2549 1572 2619 Μωσῆς
1593 2549 1804 2602 κλαιόν-

213 2657 323 2694 των
341 2641 523 2693 αὐτῶν
544 2640 685 2694 κατά
703 2643 766 2711 δή
776 2659 906 2709 μους
926 2642 1125 2708 αὐτῶν,
1147 2643 1378 2696 ἕκαστον
1401 2642 1494 2694 ἐπὶ
1510 2641 1606 2712 τῆς
1632 2639 1802 2710 θύρας

213 2732 418 2787 αὐτοῦ·
484 2735 578 2788 καὶ
652 2734 908 2806 ἐθυμώθη
969 2735 1108 2807 ὀργῇ
1166 2735 1369 2806 Κύριος
1427 2733 1654 2803 σφόδρα,
1707 2730 1801 2784 καὶ

215 2825 395 2878 ἔναντι
427 2827 602 2896 Μωσῆ
645 2822 715 2895 ἢν
760 2827 1011 2898 πονηρόν.
1053 2847 1072 2878 ι
1111 2829 1181 2880 Ἦ
1215 2828 1314 2881 οὐκ
1348 2827 1498 2893 ἄξιον
1529 2820 1665 2878 εἶναι
1696 2823 1800 2894 φὴς

213 2917 386 2985 ὀργῆς
441 2935 501 2970 τε
549 2918 650 2987 τῆς
683 2918 852 2984 θείας,
887 2920 978 2972 καὶ
1030 2919 1431 2992 καταγνώσεως
1472 2918 1572 2988 τῆς
1622 2917 1697 2980 ὡς
1742 2914 1802 2979 ἐξ

214 3009 428 3080 ἀνδρῶν
457 3010 648 3078 ἁγίων,
675 3011 737 3064 τὸ
764 3012 898 3083 πρὸς
921 3012 1079 3065 τοῦτο
1104 3011 1424 3066 καθικέσθαι
1453 3006 1799 3081 μαλακισμοῦ

215 3103 307 3154 καὶ
337 3101 623 3171 λογισμῶν
667 3105 958 3174 ἀνανδρίας
994 3105 1120 3167 τοὺς
1151 3103 1251 3175 ἤδη
1291 3101 1799 3172 γεγυμνασμένους,

214 3192 290 3255 ὡς
317 3192 552 3261 νοσῆσαι
587 3193 686 3261 μὲν
721 3192 977 3264 ἀκρατῶς
1022 3193 1084 3244 τὸ
1115 3192 1430 3245 ὑπονοστεῖν
1475 3191 1678 3245 ἐθέλειν
1725 3193 1804 3253 είς

214 3284 488 3346 ἐκτύπους
511 3282 688 3347 οὕτως
722 3284 1084 3356 ἀκαθαρσίας,
1117 3285 1212 3336 καὶ
1240 3282 1645 3353 παραλελύσθαι
1677 3299 1805 3336 τοσο

215 3373 374 3426 οὖτον
415 3375 499 3437 εἰς
534 3374 826 3446 ἀκρασίαν,
865 3374 939 3438 ὡς
997 3373 1375 3446 μειρακιωδῶς
1418 3373 1800 3445 ὀλοφύρεσθαι,

214 3467 315 3537 τὴν
366 3467 623 3537 δριμεῖαν
682 3467 870 3539 ὥσπερ
920 3467 981 3522 οὐ
1032 3467 1298 3538 φέροντας
1353 3467 1453 3537 τῆς
1511 3466 1806 3538 ἐπιθυμίας

217 3560 532 3632 προσὸολὴν
549 3578 564 3626 ;

291 3737 504 3789 IIAAA.
546 3731 620 3789 Εὖ
660 3735 856 3805 λέγεις.

295 3828 463 3882 ΚΥΡ.
519 3828 800 3892 Ἀλύοντος
839 3829 894 3881 δὲ
943 3829 1038 3882 τοῦ
1077 3829 1352 3897 πανσόφου
1399 3827 1663 3892 Μωσέως,
1710 3825 1806 3878 καὶ

215 3919 527 3990 δυσθυμίαν
561 3920 774 3990 ἔχοντος
802 3920 901 3989 τὴν
931 3921 1022 3972 ἐπὶ
1052 3919 1187 3989 τῷδε
1210 3919 1410 3988 δεινὴν,
1439 3919 1532 3971 καὶ
1561 3917 1806 3984 ἀναφαν-

218 4011 308 4064 δὸν
359 4012 717 4082 κεκραγότος,
766 4011 841 4074 ὡς
873 4013 972 4064 οὐκ
1001 4010 1066 4064 ἄν
1100 4027 1226 4064 ποτε
1274 4011 1433 4080 μόνος
1481 4007 1677 4078 ἰσχύσῃ
1725 4007 1806 4060 δι-

221 4109 467 4174 ενεγκεῖν
493 4106 587 4157 τὸν
616 4104 787 4167 οὕτως
811 4103 1048 4165 εὐκόλως
1077 4105 1156 4166 είς
1183 4097 1508 4174 παραφορὰν
1539 4099 1633 4152 καὶ
1673 4099 1808 4152 ἀπό-

224 4217 413 4253 στασιν
449 4199 599 4250 ίόντα
639 4197 787 4259 λαὸν,
822 4195 1198 4265 συλλήπτορας
1232 4193 1330 4264 μὲν
1355 4193 1450 4246 καὶ
1484 4191 1809 4262 ἐπαρωγοὺς

221 4292 321 4360 τῆς
367 4292 461 4344 ἐπὶ
509 4288 646 4358 τῷδε
681 4288 962 4359 φροντίδος
1000 4285 1199 4356 ἄνδρας
1239 4282 1476 4348 ἀνέδειξε
1521 4282 1673 4346 Θεὸς,
1718 4281 1808 4349 τὸν

1905 1809 2070 1864 modo
2107 1817 2451 1879 respuerent,
2478 1817 2643 1880 atque
2671 1811 2914 1866 coelestia
2936 1811 3079 1866 dona
3102 1825 3211 1864 non
3236 1809 3354 1864 sine
3378 1809 3485 1863 im-

1904 1900 2106 1970 pietate
2130 1900 2358 1954 moleste
2386 1899 2618 1963 ferrent,
2650 1900 2962 1954 necessario
2985 1899 3277 1953 adversum
3312 1912 3368 1951 se
3391 1898 3483 1968 ju-

1904 1991 2081 2047 dicem
2127 2000 2564 2047 commoverunt.
2618 1993 2770 2062 161
2835 1991 3110 2061 Scriptum
3154 1999 3238 2046 est
3278 1991 3426 2044 enim
3464 2011 3484 2048 :

1912 2101 1929 2133 ι
1963 2083 2338 2147 Promiseuus,
2368 2082 2462 2151 qui
2503 2089 2624 2136 erat
2656 2082 2712 2135 in
2748 2082 2900 2151 ipsis,
2936 2081 3248 2150 concupivit
3280 2095 3485 2136 concu-

1903 2174 2249 2244 piscentiam,
2275 2181 2332 2228 et
2365 2173 2620 2228 sedentes
2649 2173 2855 2227 ﬂebant
2894 2172 2991 2227 filii
3030 2173 3218 2239 Israel,
3245 2180 3301 2228 et
3333 2173 3485 2228 dice-

1904 2267 2073 2321 bant:
2105 2264 2239 2332 Quis
2267 2279 2370 2319 nos
2409 2263 2615 2318 cibabit
2647 2264 2945 2318 carnibus?
2979 2263 3268 2318 Recordati
3297 2280 3488 2320 sumus

1902 2358 2157 2429 piscium,
2198 2372 2337 2427 quos
2379 2355 2803 2410 comedebamus
2833 2355 2888 2408 in
2931 2353 3159 2425 (Egypto
3201 2355 3386 2425 gratis,
3431 2365 3488 2409 et

1904 2465 2282 2514 cucumerum,
2307 2456 2362 2503 Θῑ
2392 2463 2686 2518 peponum,
2709 2455 2766 2501 ΘΙ,
2789 2463 3102 2516 ροηοτιιω,
3123 2456 3180 2502 et
3205 2463 3483 2517 ceparum,

1903 2551 1960 2599 et
1986 2542 2274 2607 alliorum;
2310 2554 2458 2594 nunc
2485 2554 2618 2594 vero
2648 2538 2831 2592 anima
2857 2547 3046 2593 nostra
3073 2538 3226 2592 arida
3251 2547 3368 2606 est;
3399 2541 3484 2593 ni-

1904 2634 1982 2688 hil
2016 2634 2124 2688 nisi
2153 2634 2210 2686 in
2245 2647 2443 2686 manna
2471 2639 2600 2685 sunt
2624 2629 2770 2685 oculi
2804 2630 3000 2684 nostri.
3038 2630 3106 2684 Et
3141 2630 3369 2694 audivit,
3401 2635 3486 2684 in-

1905 2725 2044 2795 quit,
2075 2725 2286 2798 Movses
2319 2723 2442 2777 illos
2481 2721 2674 2776 flentes
2703 2737 2804 2791 per
2838 2722 3069 2791 populos
3101 2737 3248 2787 suos,
3285 2738 3486 2776 unum-

1905 2831 2178 2887 quemque
2213 2815 2269 2868 in
2295 2815 2463 2885 janua
2511 2829 2644 2879 sua;
2678 2822 2734 2868 et
2780 2814 2953 2868 iratus
2991 2823 3074 2868 est
3113 2815 3195 2868 ira
3227 2814 3493 2868 Dominus

1905 2908 2088 2981 valde,
2118 2915 2174 2962 et
2203 2922 2384 2961 coram
2416 2905 2597 2978 Moyse
2628 2906 2805 2960 visum
2839 2911 2924 2959 est
2969 2906 3171 2959 malum
3220 2905 3282 2958 ".
3335 2925 3354 2956 ι
3405 2906 3506 2960 An.

1907 2999 2189 3070 indignum
2225 2999 2308 3052 ira
2341 2997 2526 3052 divina
2549 2998 2781 3062 crimen,
2818 3006 2875 3051 et
2902 3006 3213 3053 sanctorum
3242 2997 3488 3052 virorum

1903 3090 2114 3164 judicio
2169 3090 2395 3146 minime
2436 3090 2808 3145 damnandum
2857 3099 3047 3160 putas,
3085 3089 3337 3143 homines
3377 3090 3489 3160 jam

1907 3183 2234 3238 exercitatos
2255 3181 2326 3236 ad
2360 3196 2478 3236 eam
2505 3182 2789 3236 mollitiem
2817 3189 2874 3236 et
2903 3181 3174 3252 ignaviam
3202 3181 3489 3252 cogitatio-

1906 3289 2040 3329 num
2085 3273 2427 3344 pervenisse,
2470 3281 2532 3327 ut
2568 3273 2854 3342 impotenti
2894 3273 3194 3343 cupiditate
3223 3275 3489 3328 redeundi

1907 3366 1976 3422 ad
2025 3375 2134 3422 tam
2183 3366 2449 3422 absurdas
2483 3366 2826 3435 impuritates
2876 3365 3218 3432 laborarent;
3255 3376 3491 3422 ettanta

1909 3462 2332 3532 intemperantia
2369 3459 2620 3515 dissoluti
2657 3467 2861 3523 essent,
2905 3468 2966 3512 ut
2999 3459 3286 3529 pueriliter
3321 3459 3491 3513 defle-

1909 3562 2032 3611 rent
2075 3554 2248 3610 veluti
2299 3568 2482 3609 acrem
2527 3551 2679 3606 illum
2723 3551 3182 3622 concupiscentiae
3227 3551 3492 3620 impetum

1907 3664 2016 3703 non
2047 3646 2323 3702 ferentes?

1978 3738 2176 3794 PALL.
2212 3739 2378 3793 Recte
2405 3738 2501 3794 ais.

1976 3830 2132 3886 CYR.
2161 3830 2299 3886 Cum
2331 3846 2463 3886 vero
2487 3831 2698 3902 Moyses
2737 3837 3016 3896 aastuaret,
3038 3840 3094 3886 et
3117 3830 3222 3886 hac
3244 3829 3311 3886 de
3332 3845 3496 3889 causa

1908 3925 2149 3996 graviter
2197 3925 2394 3981 anxius
2439 3932 2614 3988 esset,
2661 3932 2826 3994 atque
2868 3933 3057 3994 aperte
3110 3923 3400 3986 clamaret,
3435 3937 3496 3976 se

1909 4033 2191 4086 nunquam
2219 4017 2483 4086 populum
2513 4017 2609 4086 qui
2640 4015 2776 4070 adeo
2813 4015 2972 4068 facile
3007 4013 3075 4067 ad
3099 4013 3412 4067 vecordiam
3441 4022 3498 4066 et

1909 4108 2204 4180 apostasim
2241 4115 2536 4177 spectaret,
2581 4107 2760 4161 solum
2804 4119 2965 4174 posse
3019 4104 3314 4167 sustinere,
3348 4104 3496 4158 viros

1908 4217 2138 4256 numero
2171 4199 2536 4270 septuaginta,
2571 4199 2690 4268 ejus
2721 4213 2865 4252 curae
2897 4196 3077 4251 socios
3117 4204 3172 4250 et
3218 4196 3499 4267 adjutores

1908 4292 2073 4363 elegit
2100 4293 2266 4355 Deus,
2299 4306 2438 4361 quos
2480 4290 2642 4345 etiam
2673 4288 2848 4343 sancti
2899 4287 3137 4357 Spiritus
3172 4287 3316 4342 dono
3360 4286 3495 4341 insi-

224 4383 456 4456 ἀριθμὸν
506 4380 894 4451 ἐὸδομήκοντα,
931 4377 1026 4441 οὓς
1068 4377 1162 4430 καὶ
1212 4378 1280 4447 τῇ
1337 4373 1432 4431 τοῦ
1491 4373 1807 4443 Πνεύματος

1912 4383 2132 4455 gniores
2173 4380 2357 4437 effecit
2398 4379 2817 4450 (prophetarunt
2854 4376 3001 4430 enim
3038 4377 3092 4430 in
3127 4375 3365 4444 castris).
3396 4375 3498 4430 At-

224 4475 365 4528 δόσει
386 4473 848 4543 διαφανεστέρους
874 4471 1060 4524 ἐτίθει·
1080 4474 1494 4542 προεφήτευσαν
1515 4467 1624 4537 γὰρ
1654 4469 1712 4520 ἐν
1742 4469 1808 4537 τῇ

227 4567 572 4638 παρεμϐολῇ.
605 4566 746 4636 Πρὸς
776 4565 833 4617 δέ
861 4581 924 4633 γε
948 4563 1153 4618 Μωσέα
1182 4561 1350 4633 φησί·
1387 4580 1405 4612 ι
1436 4559 1546 4614 Καὶ
1575 4558 1656 4628 τῷ
1696 4558 1811 4630 λαῷ

223 4661 393 4731 ἐρεῖςο
439 4656 761 4726 Ἀγνίσασθε
788 4658 866 4720 είς
896 4654 1105 4727 αὔριον,
1136 4653 1231 4709 καὶ
1263 4653 1500 4722 φάγεσθε
1536 4653 1694 4724 κρέα,
1731 4653 1814 4706 ὅτι

225 4751 532 4806 ἐκλαύσατε
587 4749 826 4810 ἐναντίον
879 4749 1110 4820 Κυρίου,
1171 4747 1451 4816 λέγοντες·
1514 4745 1613 4809 Τίς
1665 4747 1814 4817 ἡμᾶς

224 4845 432 4916 ψωμιεῖ
483 4843 658 4915 κρέα;
713 4843 796 4896 ὅτι
845 4841 1008 4896 καλὸν
1051 4842 1182 4912 ἡμῖν
1231 4841 1380 4893 ἐστιν
1428 4841 1485 4892 ἐν
1518 4837 1812 4910 Αίγύπτῳο

225 4935 320 4987 καὶ
355 4932 525 4986 δώσει
573 4933 778 5002 Κύριος
831 4932 958 5002 ὑμῖν
1008 4932 1204 5000 φαγεῖν
1257 4929 1418 5000 κρέα,
1453 4929 1549 4981 καὶ
1578 4927 1818 4998 φάγεσθε

226 5027 386 5097 κρέα.
442 5025 557 5094 ωὐχ
603 5024 821 5095 ἡμέραν
873 5023 1003 5093 μίαν
1058 5021 1299 5092 φάγεσθε
1334 5019 1494 5090 κρέα,
1539 5019 1659 5072 οὐδέ
1699 5019 1814 5084 δύο,

228 5119 350 5172 οὐδὲ
404 5118 571 5170 πέντε
619 5117 853 5187 ἡμέρας,
883 5115 1002 5168 οὐδὲ
1045 5115 1181 5169 δέκα
1207 5114 1442 5185 ἡμέρας,
1488 5113 1608 5166 οὐδὲ
1645 5114 1816 5166 εἴκοσι

229 5210 468 5280 ἡμέρας,
495 5209 601 5272 ἓως
637 5209 806 5278 pr,qu
851 5207 1074 5278 ἡμερῶν
1106 5207 1370 5276 φάγεσθε,
1399 5206 1505 5269 ἕως
1531 5205 1598 5259 ἂν
1626 5205 1816 5277 ἐξέλθῃ

231 5306 296 5356 ἐκ
321 5304 433 5355 τῶν
463 5303 758 5373 μυκτήρων
786 5300 964 5372 ὑμῶν,
1000 5300 1094 5354 καὶ
1119 5299 1268 5353 ἔσται
1302 5301 1430 5368 ὑμῖν
1458 5301 1539 5362 είς
1567 5299 1817 5370 χολέραν,

233 5396 315 5448 ὅτι
343 5393 684 5463 ἠπειθήσατε
715 5393 922 5464 Κυρίῳ,
949 5393 1009 5455 ὃς
1045 5396 1190 5445 ἐστιν
1218 5393 1276 5444 ἐν
1307 5393 1454 5458 ὑμῖν,
1491 5391 1585 5444 καὶ
1621 5391 1820 5444 ἐκλαύ-

237 5500 364 5537 σατε
390 5481 637 5536 ἐναντίον
665 5481 853 5549 αὐτοῦ,
883 5482 1134 5550 λέγοντες
1156 5497 1172 5512 ο
1212 5480 1372 5533 ἰνα-εί
1412 5482 1542 5552 ἡμῖν
1584 5479 1818 5546 ἐξελθεῖν

312 5667 355 5698 ⁸³
385 5667 486 5721 lsa.
525 5682 578 5728 v,
619 5663 706 5718 9.0.
787 5665 830 5697 “
857 5663 1018 5720 Num.
1055 5677 1129 5724 χι,
1159 5659 1192 5715 4
1227 5672 1378 5726 seqq.
1460 5657 1504 5690 "
1537 5654 1672 5714 ibid.
1715 5655 1903 5711 l8—20.

1917 4491 2024 4546 que
2047 4475 2353 4546 adMoysen
2375 4472 2485 4527 ait:
2519 4490 2536 4521 ι
2563 4471 2630 4525 Et
2659 4469 2861 4540 pepulo
2880 4468 3049 4523 dices:
3069 4466 3498 4522 Sanctiﬁcamini

1918 4567 1975 4621 in
2000 4566 2324 4629 crastinum,
2350 4570 2405 4619 et
2429 4561 2727 4618 comedetis
2745 4574 2958 4626 carnes,
2985 4557 3245 4629 quoniam
3273 4555 3500 4611 flevistis

1919 4667 2044 4713 ante
2088 4657 2400 4717 Dominum,
2439 4653 2687 4708 dicentes
2716 4651 2884 4717 :Quis
2913 4666 3023 4705 non
3064 4648 3268 4703 cibabit
3316 4648 3500 4702 carni-

1920 4750 2057 4804 bus?
2100 4749 2227 4819 quia
2265 4748 2472 4802 bonum
2517 4744 2678 4801 nobis
2717 4753 2802 4798 est
2831 4743 2885 4797 in
2928 4741 3159 4813 [Egypto
3199 4758 3212 4794 :
3263 4749 3319 4795 ct
3346 4739 3502 4796 dabit

1921 4841 2186 4896 Dominus
2205 4839 2365 4894 vobis
2392 4853 2587 4893 carnes
2621 4835 2688 4890 ad
2718 4831 3137 4895 comedendum,
3167 4839 3223 4885 et
3247 4830 3503 4886 comede-

1923 4935 1996 4989 tis
2026 4947 2251 4997 carnes;
2297 4946 2409 4986 non
2450 4944 2560 4984 uno
2588 4927 2678 4981 die
2708 4924 3008 4981 comedetis
3055 4937 3284 4986 carnes,
3323 4937 3504 4990 neque

1924 5023 2159 5088 duobus,
2192 5037 2372 5092 neque
2403 5021 2648 5092 quinque
2691 5017 2904 5083 diebus,
2944 5031 3123 5085 neque
3154 5013 3344 5068 decem
3382 5012 3506 5066 die-

1923 5117 2047 5182 bus,
2089 5131 2267 5185 neque
2296 5114 2487 5185 viginti
2519 5113 2715 5168 diebus
2751 5130 2764 5166 :
2795 5125 2967 5182 usque
2997 5108 3066 5164 ad
3093 5121 3339 5162 mensem
3383 5105 3504 5160 die-

1926 5225 2051 5264 rum
2097 5207 2417 5272 comedetis,
2450 5205 2625 5261 donec
2651 5212 2808 5261 exeat
2834 5221 2898 5260 ex
2938 5202 3167 5259 naribus
3198 5199 3419 5260 vestris,
3449 5207 3504 5252 et

1927 5302 1999 5356 sit
2024 5300 2180 5354 vobis
2200 5298 2256 5353 in
2277 5299 2552 5356 choleram
2584 5339 2599 5364 ,
2631 5297 2890 5368 quoniam
2921 5296 3152 5351 rebelles
3182 5291 3363 5348 fuistis
3394 5289 3506 5341 Deo

1927 5391 2022 5460 qui
2067 5401 2151 5446 est
2197 5391 2254 5445 in
2298 5391 2478 5456 vobis,
2511 5399 2567 5445 et
2607 5388 2834 5445 flevistis
2865 5403 3048 5442 coram
3089 5403 3175 5451 eo,
3220 5383 3504 5440 dicentes:

1927 5479 2068 5546 Quid
2098 5495 2234 5550 opus
2275 5492 2395 5538 erat
2426 5479 2588 5535 nobis
2617 5479 2765 5534 exire
2793 5493 2861 5533 ex
2888 5475 3120 5546 Egypto
3153 5474 3234 5524 ⁸⁸⁸2
3261 5492 3277 5523 ι
3308 5466 3503 5526 Gravi-
