3954 6200
425 239 524 296 391

1452 230 1508 286 S.
1548 227 1822 286 CYRILLI
1863 224 2336 282 ALEXANDRINI
2378 224 2694 281 ARClllEP.

3591 214 3699 270 592

431 367 514 413 ter
558 355 704 411 enim
755 353 964 410 ferebat
1018 351 1108 406 ille
1147 349 1486 418 Redemptor
1529 347 1785 402 lsraelem
1837 347 2008 416 ipsam

2127 345 2171 410 εξ
2200 346 2500 414 Αἰγύπτου;
2527 364 2545 394 ι
2571 341 2788 396 Ἐλύπει
2815 339 2922 410 γὰρ
2948 338 3105 392 τοῦτο
3125 336 3244 390 λίαν
3268 335 3356 390 τὸν
3377 337 3694 406 Λυτρωτην,

428 464 648 520 quoque
679 448 1000 503 servitutem
1032 460 1144 499 non
1185 456 1402 506 curare,
1429 447 1485 495 et
1517 438 1734 511 Egypti
1773 440 2008 502 labores,

429 541 674 594 carnium
713 547 767 591 et
793 537 1003 591 olerum
1035 533 1272 605 pessime
1295 531 1562 586 olentium
1594 529 1890 593 desiderio,
1915 544 2014 599 pro

429 629 605 683 nihilo
643 627 868 680 ducere.
898 625 1069 680 Nobis
1097 624 1231 694 ipsis
1259 639 1477 694 quoque
1521 636 1895 692 saepenumero
1924 635 2013 674 ar-

430 720 640 780 dentes,
685 729 851 786 atque
895 731 1050 770 acres
1094 716 1404 785 voluptates
1437 713 1790 784 persuadent,
1838 711 2016 765 levem

430 812 625 875 putare
654 803 800 857 illam
833 804 936 858 sub
979 803 1182 858 diaboli
1211 803 1496 858 dominatu
1538 802 1885 865 servitutem,
1915 814 2016 854 ne-

429 911 536 967 que
575 893 978 965 refugiendum,
1027 911 1128 967 pro
1172 895 1631 966 corruptibilibus
1677 893 2017 962 terrenisque

430 988 831 1061 cupiditatibus
856 987 1065 1057 peccati
1088 987 1302 1056 jugum.
1336 987 1494 1056 162
1524 984 1630 1039 Sed
1657 994 1772 1039 tum
1799 998 2017 1053 quoque

430 1080 703 1136 concessit
731 1078 991 1134 carnibus
1035 1076 1185 1130 vesci
1228 1091 1340 1130 non
1381 1091 1522 1140 uno,
1569 1091 1749 1144 neque
1790 1073 2015 1138 decem,

429 1169 527 1224 sed
556 1169 776 1239 triginta
811 1167 1038 1231 diebus;
1069 1181 1178 1236 quo
1217 1164 1558 1236 signiﬁcatur
1583 1165 1781 1221 divina:
1811 1164 1866 1218 in
1899 1163 2020 1217 illos

432 1261 530 1316 ira:
569 1260 923 1315 diuturnitas.
982 1258 1260 1314 Permittit
1296 1257 1461 1312 etiam
1493 1271 1642 1311 nunc
1685 1256 1753 1310 iis
1790 1255 1885 1326 qui
1931 1254 2017 1308 in-

431 1359 802 1421 temperanter
819 1350 888 1404 ad
910 1349 1216 1405 mundanas
1235 1350 1544 1420 voluptates
1561 1348 1918 1410 deflexerunt,
1938 1353 2017 1410 ut,

432 1441 478 1496 si
521 1442 679 1506 libet,
713 1441 1030 1496 carnalibus
1055 1440 1472 1511 cupiditatibus,
1500 1448 1557 1494 et
1582 1439 1804 1510 quidem
1845 1439 2021 1492 inter-

432 1532 564 1587 dum
612 1533 846 1602 longiori
892 1539 1140 1602 tempore
1187 1531 1470 1585 fruantur.
1499 1531 1592 1585 Sic
1632 1529 1779 1584 enim
1818 1529 2022 1584 dicitur

433 1621 725 1676 tradidisse
765 1622 1030 1690 quosdam
1071 1621 1131 1676 in
1165 1621 1465 1692 reprobum
1498 1636 1741 1687 sensum,
1777 1628 1837 1674 ut
1873 1620 2021 1675 face-

2115 437 2176 490 τὺ
2231 437 2326 490 καὶ
2377 423 2549 505 αὐτῆς
2581 433 2824 497 δουλείας
2870 431 3133 503 ἀλογῆσαι
3179 427 3272 482 τὸν
3324 425 3561 498 Ἰσραὴλ,
3603 427 3700 480 καὶ

2116 528 2367 598 ἡγεῖσθαι
2394 527 2522 597 παρ’
2552 525 2702 579 οὐδὲν
2729 525 2857 587 τοὺς
2891 524 2949 577 ἐν
2981 520 3241 591 Αἰγύπτῳ
3271 520 3486 582 πόνους,
3518 517 3699 588 κρεῶν

2118 617 2211 672 καὶ
2247 617 2497 688 λαχάνων
2525 615 2689 668 ἕνεκα
2716 614 2825 667 τῶν
2853 611 3294 666 δυσωδεστάτων.
3326 611 3438 663 Καὶ
3460 610 3608 680 ἡμᾶς
3640 607 3699 662 δὲ

2117 707 2312 769 αὐτοὺς
2345 705 2548 777 θερμαὶ
2581 703 2676 756 καὶ
2723 702 2964 774 δριμεῖαι
3008 699 3268 763 πολλάκις
3314 696 3702 751 ἀναπείθουσιν

2119 798 2322 869 ἡδοναὶ,
2345 797 2445 869 τὴν
2469 795 2574 850 ὑπὸ
2597 794 2675 866 τῷ
2707 793 2938 864 διαϐόλῳ
2969 792 3210 846 δουλείαν
3241 789 3492 862 ἡγεῖσθαι
3527 806 3707 860 φορη-

2117 890 2237 961 τὴν,
2279 890 2375 943 καὶ
2423 886 2678 958 φθαρτῶν
2721 885 2883 940 ἕνεκα
2939 885 3034 940 καὶ
3079 881 3461 953 γεωδεστέρων
3507 881 3703 934 ἐπιθυ-

2123 980 2281 1052 μιῶν,
2313 981 2426 1042 τοῖς
2454 978 2554 1046 τῆς
2586 978 2860 1049 ἁμαρτίας
2890 972 3463 1045 ἐγκαταδεσμεύεσθαι
3489 972 3697 1042 ζυγοῖς.

2133 1069 2272 1123 Ἀλλ’
2313 1067 2484 1122 ἐδίδου
2516 1068 2610 1122 καὶ
2637 1067 2761 1121 τότε
2789 1067 2850 1120 τὺ
2886 1067 3275 1138 σαρκοφαγεῖν,
3304 1065 3404 1118 οὐκ
3437 1065 3518 1127 είς
3547 1064 3697 1134 μίαν,

2121 1162 2244 1216 οὐδὲ
2278 1163 2356 1225 είς
2384 1159 2518 1214 δέκα
2555 1159 2738 1231 τυχὸν,
2772 1159 2890 1214 ἀλλ’
2930 1160 3012 1223 είς
3036 1157 3251 1230 ἡμέρας
3279 1157 3592 1230 τριάκοντα,
3631 1155 3700 1208 δι’

2121 1250 2180 1309 οὗ
2226 1252 2548 1326 σημαίνεται
2595 1253 2696 1322 τῆς
2745 1253 2832 1305 ἐπ’
2865 1251 3065 1315 αὐτοὺς
3095 1250 3325 1322 ὀργῆςή
3371 1249 3700 1320 παράτασις.

2136 1345 2349 1417 Ἐφίησι
2391 1344 2448 1398 δὲ
2482 1345 2577 1398 καὶ¹
2604 1344 2699 1398 νῦν
2731 1344 2844 1407 τοῖς
2879 1343 3124 1412 ἀσχέτως
3170 1341 3590 1395 ἀπονενευκόσιν
3621 1344 3703 1404 είς

2123 1431 2390 1503 κοσμικὰς
2430 1431 2643 1503 ἡδονὰς.
2683 1431 2743 1486 τὺ
2791 1432 2886 1486 καὶ
2920 1431 3228 1503 μετασχεῖν,
3265 1431 3313 1484 εί
3336 1429 3559 1492 ἕλοιντο,
3593 1430 3704 1483 τῶν

2126 1523 2423 1595 σαρκικῶν,
2454 1523 2546 1577 καὶ
2589 1525 2672 1587 εἰς
2697 1523 2924 1595 χρόνους
2973 1523 3086 1576 ἐσθ’
3115 1523 3206 1576 ὅτε
3236 1522 3498 1594 μακρούς.
3545 1520 3705 1576 Οὕτω

2123 1615 2233 1686 γὰρ
2279 1615 2497 1693 λέγεται
2539 1615 2873 1688 παραδοῦναί
2911 1631 3066 1679 τινας
3116 1616 3200 1678 είς
3242 1613 3501 1686 ἀδόκιμον
3552 1614 3702 1675 νοῦν,

436 1720 590 1776 rent,
639 1728 762 1782 qua:
808 1727 919 1766 non
953 1690 1290 1769 conveniunt
1333 1714 1394 1767 “.
1445 1713 1553 1768 Sed
1597 1713 1705 1766 illis
1732 1711 1891 1766 cibus
1932 1712 2022 1770 ille

2127 1691 2300 1760 ποιεῖν
2340 1707 2408 1761 τά
2440 1708 2516 1780 μὴ
2550 1707 2877 1780 καθήκοντα.
2924 1705 3063 1760 Ἀλλ’
3111 1706 3341 1770 ἐκείνοις
3372 1705 3592 1775 γέγονεν
3624 1709 3707 1768 εἰς

434 1817 632 1858 versus
656 1802 822 1858 estin
848 1804 1126 1859 choleram
1157 1824 1170 1857 :
1195 1813 1252 1859 et
1275 1805 1344 1859 iis
1384 1805 1514 1859 item
1545 1804 1640 1874 qui
1674 1805 1912 1860 carnalia
1935 1805 2021 1859 di-

434 1892 631 1964 ligunt,
665 1900 720 1947 et
754 1909 953 1948 manna
987 1894 1066 1948 illi
1108 1894 1403 1965 spirituali,
1451 1895 1556 1950 hoc
1588 1903 1693 1961 est,
1728 1896 1897 1951 verbo
1925 1897 2022 1951 Dei

437 1997 526 2036 res
546 1983 940 2052 corruptibiles
964 1992 1128 2054 atque
1160 1993 1408 2040 terrenas
1432 1986 1751 2056 praeferunt,
1779 1987 1836 2042 in
1871 2003 2022 2042 mor-

440 2071 510 2126 tis
551 2074 760 2126 exitum
805 2072 1023 2128 desinet
1064 2075 1156 2130 ille
1201 2085 1452 2141 conatus,
1487 2075 1699 2147 hocque
1742 2077 1877 2131 illud
1918 2087 2021 2141 cst,

438 2161 636 2232 opinor
657 2179 704 2214 ε(
729 2161 832 2228 Qui
853 2163 1086 2217 seminat
1109 2163 1164 2218 in
1184 2179 1428 2229 carnem,
1449 2164 1515 2219 de
1538 2179 1702 2220 carne
1720 2173 1890 2220 metet
1908 2180 2025 2220 eor-

440 2253 853 2322 ruptionem.".
887 2272 906 2304 ι
935 2254 1208 2310 Fortassis
1238 2264 1418 2310 autem
1450 2255 1518 2310 ab
1541 2257 1808 2327 ejusmodi
1832 2257 2025 2311 morbo

441 2341 533 2396 illa
579 2341 778 2397 levatio
819 2351 947 2397 est:
987 2363 1004 2395 ι
1058 2343 1267 2414 Spiritu
1309 2345 1618 2410 ambulate,
1650 2354 1706 2400 et
1750 2346 2026 2402 desideria

441 2434 626 2490 carnis
654 2449 765 2490 non
798 2435 1096 2506 perficietis
1129 2455 1142 2490 :
1169 2452 1298 2492 caro
1326 2453 1562 2508 namque
1598 2439 1798 2494 militat
1826 2439 2024 2496 adver-

442 2541 537 2582 sus
556 2527 830 2598 spiritum,
855 2537 911 2582 et
933 2529 1160 2597 spiritus
1181 2528 1447 2585 adversus
1461 2546 1682 2586 carnem
1705 2549 1718 2585 :
1742 2532 1859 2588 haec
1878 2535 2024 2589 enim

443 2615 550 2671 sibi
585 2615 818 2672 invicem
854 2617 1298 2672 adversantur“.
1335 2638 1351 2667 ι
1379 2618 1516 2672 Nam
1555 2620 1601 2674 si
1620 2620 1923 2676 voluissent
1948 2623 2027 2677 ls-

444 2708 651 2762 raelitzc
681 2716 876 2778 putare
918 2707 988 2761 ad
1049 2709 1386 2779 voluptatem
1415 2711 1519 2765 sibi
1549 2711 1682 2766 satis
1718 2727 1839 2768 esse
1870 2715 2028 2784 'quod

445 2811 642 2852 manna
667 2798 1023 2863 tribueretur,
1051 2800 1198 2869 quod
1223 2809 1308 2856 est
1331 2803 1490 2872 panis
1516 2803 1833 2874 angelorum
1864 2805 2028 2861 intel-

445 2887 690 2960 ligibilis,
719 2898 776 2944 et
807 2889 979 2960 ﬁgura
1003 2891 1313 2947 dulcedinis
1339 2893 1478 2964 ejus,
1501 2909 1622 2964 qua:
1641 2911 1740 2965 per
1763 2895 2028 2966 Spiritum

447 2981 627 3046 datur,
662 2997 940 3052 nunquam
986 2982 1344 3054 perfecissent
1372 2985 1873 3054 concupiscentiam
1904 3001 2028 3040 car-

446 3072 553 3138 nis,
576 3087 755 3142 aeque
777 3074 1188 3142 corruptionem
1211 3088 1279 3128 ex
1305 3073 1397 3128 illa
1434 3074 1792 3128 messuissent
1827 3075 1888 3128 ³³.
1916 3075 2028 3129 Νο-

450 3162 659 3218 tissima
697 3177 829 3217 vero
861 3162 1085 3217 fuerunt
1128 3163 1276 3219 illius
1314 3165 1500 3235 populi
1525 3172 1877 3220 monumenta
1910 3184 1923 3219 :
1954 3165 2030 3222 ibi

448 3269 706 3326 namque,
737 3254 935 3324 inquit,
972 3255 1309 3324 sepelierunt
1349 3257 1826 3327 concupiscentem
1853 3273 2030 3328 popu-

447 3343 584 3408 lum,
597 3344 752 3413 juxta
774 3342 906 3397 illud
935 3361 979 3396 τι
1008 3343 1183 3398 Erunt
1205 3343 1262 3397 in
1280 3343 1548 3399 visionem
1565 3344 1714 3398 omni
1728 3345 1879 3400 carni
1901 3345 1944 3375 ¹⁰
1965 3362 1977 3398 :
2003 3363 2022 3395 ι

449 3441 506 3487 et
545 3432 640 3502 qui
673 3432 768 3488 illo
797 3433 940 3487 malo
982 3432 1212 3486 allectus
1241 3439 1346 3496 est,
1379 3431 1613 3502 populus
1640 3431 2032 3500 concupiscens

446 3529 533 3578 cst
563 3523 885 3593 appellatus,
910 3523 1064 3593 juxta
1087 3522 1245 3588 illud,
1271 3522 1488 3592 Opinor,
1517 3522 1664 3592 quod
1700 3527 1785 3577 est
1808 3521 1877 3576 de
1903 3521 2031 3591 quia

451 3614 682 3670 busdam
716 3615 924 3670 dictum
957 3633 969 3666 :
1005 3633 1023 3664 ‹
1054 3613 1300 3679 Quorum
1322 3612 1495 3684 gloria
1518 3613 1574 3666 in
1597 3611 1917 3668 confusione
1945 3613 2031 3683 ip-

450 3719 638 3761 sorum
665 3706 708 3738 ²¹
735 3722 748 3757 :
793 3724 812 3755 ι
842 3720 873 3758 a
898 3711 1125 3774 peccato
1164 3703 1311 3757 enim
1348 3703 1583 3758 deducta
1607 3711 1903 3759 esteorum
1933 3719 2032 3776 ap-

450 3793 695 3864 pellatio,
715 3800 772 3847 et
793 3793 996 3846 misero
1018 3791 1257 3862 quodam
1278 3791 1441 3846 modo
1461 3807 1626 3864 super
1645 3795 1876 3850 mortuis
1893 3811 2036 3851 sem-

2125 1795 2353 1868 χολέραν
2387 1797 2420 1867 ἡ
2451 1796 2676 1868 βρῶσις,
2711 1796 2805 1850 καὶ
2832 1796 2946 1858 τοῖς
2971 1793 3226 1862 ἀγαπῶσι
3253 1793 3321 1846 τά
3349 1792 3585 1865 σαρκικὰ
3611 1792 3707 1844 καὶ

2124 1883 2434 1956 προτιμῶσι
2464 1882 2561 1937 τοῦ
2576 1884 2761 1956 ’μάννα
2788 1881 2882 1937 τοῦ
2915 1881 3130 1953 νοητοῦ,
3163 1883 3192 1936 ὃ
3218 1881 3517 1952 ἐστιξρἦα
3542 1879 3703 1946 Θεοῦ,

2129 1975 2197 2028 τὰ
2229 1975 2445 2046 φθαρτὰ
2475 1975 2571 2029 καί⁸
2597 1975 2835 2044 ἐπίγεια,
2877 1973 3173 2043 καταλήξει
3222 1973 3357 2044 πρὸς
3384 1972 3610 2026 θάνατον
3644 1972 3709 2024 τδ

2126 2064 2432 2137 ἐγχείρημα
2453 2080 2466 2094 ⁸
2502 2064 2597 2128 καὶ
2623 2063 2791 2130 ἔστιν,
2814 2057 2990 2134 οἶμαι,
3021 2062 3168 2116 τουτὶ
3196 2061 3276 2129 τὺ,
3316 2079 3335 2113 ι
3383 2060 3442 2114 '0
3468 2061 3709 2132 σπείρων

2127 2159 2207 2221 εἰς
2248 2157 2348 2227 τὴν
2397 2157 2596 2229 σάρκα,
2649 2157 2714 2210 ἐκ
2753 2155 2855 2226 τῆς
2899 2155 3100 2228 σαρκὸς
3152 2153 3357 2225 θερίσει
3405 2153 3631 2224 φθοράν.
3680 2169 3702 2203 ι

2141 2248 2481 2321 ’Δρρωστίας
2509 2248 2565 2302 δὲ
2595 2247 2698 2314 τῆς
2723 2247 2938 2301 τοιᾶσδε
2987 2245 3150 2316 τυχὸν
3183 2248 3217 2318 ὴ
3252 2245 3406 2307 λύσις
3428 2262 3442 2275 ·
3478 2263 3498 2297 ι
3535 2242 3707 2298 Ilvati-

2131 2357 2260 2414 ματι
2289 2342 2666 2412 περιπατεῖτε,
2692 2339 2786 2394 καὶ
2813 2337 3112 2410 ἐπιθυμίαν
3140 2337 3342 2410 σαρκὸς
3363 2336 3425 2390 οὐ
3456 2335 3532 2407 μὴ
3557 2335 3710 2389 τελέ-

2130 2450 2282 2504 σητε.
2315 2431 2681 2504 Στρατεύεται
2711 2431 2821 2502 γάρ
2855 2432 2889 2502 ἡ
2917 2429 3055 2502 σάρξ
3087 2429 3230 2483 κατά
3257 2427 3348 2482 τοῦ
3376 2427 3707 2499 πνεύματος,

2128 2525 2189 2580 τδ
2245 2525 2301 2580 δὲ
2343 2525 2562 2597 πνεῦμα
2608 2524 2750 2579 κατά
2793 2523 2893 2594 τῆς
2941 2523 3176 2594 σαρκός·
3205 2522 3375 2577 ταῦτα
3407 2521 3518 2593 γάρ
3559 2521 3712 2575 ἀνείς⁵

2132 2635 2311 2672 κειται
2328 2617 2600 2688 ἀλλήλοις.
2617 2636 2635 2668 ι
2656 2617 2745 2680 Ὠς
2771 2616 2929 2687 εἴπερ
2945 2615 3322 2686 ἠϐουλήθησαν
3339 2615 3389 2668 ol
3407 2614 3465 2679 ἐξ
3495 2612 3713 2687 Ἰσραὴλ

2129 2706 2461 2779 ἀποχρῶσαν
2495 2707 2746 2778 ἡγεῖσθαι
2782 2706 2997 2778 τρυφὴν
3037 2707 3137 2778 τὴν
3180 2705 3277 2760 τοῦ
3333 2706 3506 2776 μάννα
3543 2721 3710 2776 χορη-

2129 2797 2276 2867 γίαν,
2311 2801 2338 2853 ὅ
2365 2800 2512 2852 ἐστιν
2545 2799 2707 2870 ἄρτος
2740 2799 2988 2868 ἀγγέλων
3016 2797 3227 2870 νοητὸς,
3253 2798 3348 2852 καὶ
3384 2796 3556 2862 τύπος
3583 2797 3714 2867 γλυ-

2131 2887 2363 2959 κύτητος
2408 2889 2507 2959 τῆς
2548 2889 2636 2944 διὰ
2685 2888 2780 2942 τοῦ
2822 2889 3158 2960 Πνεύματος,
3207 2889 3309 2944 οὐκ
3357 2888 3424 2942 ἂν
3457 2888 3714 2944 ἐτέλεσαν

2132 2975 2426 3047 ἐπιθυμίαν
2479 2977 2700 3045 σαρκὸς,
2743 2978 2854 3031 οὐδ’
2890 2977 2960 3032 ἂν
3009 2980 3068 3046 ἐξ
3105 2980 3275 3051 αὐτῆς
3311 2978 3564 3051 ἐθέρισαν
3607 2979 3709 3050 τὴν

2134 3067 2359 3139 φθοράν.
2405 3087 2420 3119 ι
2479 3069 2888 3146 Ἐπισημότατα
2917 3068 2975 3123 δέ
3019 3070 3113 3124 τοῦ
3145 3069 3276 3124 λαοῦ
3316 3071 3383 3125 τά
3415 3072 3710 3143 μνήματαο

2132 3159 2250 3212 ἐκεῖ
2276 3157 2408 3231 γὰρ,
2452 3160 2637 3231 φησιν,
2687 3159 2891 3231 ἔθαψαν
2922 3160 3013 3214 τὸν
3056 3160 3186 3214 λαὸν
3225 3161 3316 3215 τὸν
3345 3161 3710 3234 ἐπιθυμητὴν,

2133 3248 2278 3303 κατά
2306 3249 2366 3304 τὺ
2389 3292 2406 3318 ,
2455 3270 2473 3303 ‹
2514 3249 2770 3306 Ἔσονται
2805 3253 2885 3316 είς
2930 3252 3123 3325 ὅρασιν
3171 3252 3320 3324 πάσῃ
3363 3253 3542 3324 σαρκί·
3570 3275 3590 3304 ι
3619 3255 3714 3308 καὶ

2131 3337 2259 3403 λαὸς
2289 3339 2634 3412 ἐπιθυμητὴς
2679 3343 2708 3395 ὁ
2760 3344 2944 3395 ἐκεῖνα
2989 3340 3180 3397 παθὼν
3207 3343 3546 3414 ὠνόμασται,
3593 3341 3713 3395 κατ’

2131 3433 2310 3487 ἐκεῖνο
2353 3427 2505 3505 οἶμαί
2559 3451 2661 3489 που
2706 3433 2766 3488 τὸ
2794 3435 2921 3507 περί
2963 3453 3122 3491 τινων
3149 3438 3454 3508 εἰρημένον·
3494 3456 3513 3490 ι
3538 3429 3638 3490 Ὧν
3678 3439 3715 3508 ἡ

2129 3525 2256 3591 δόξα
2285 3527 2343 3579 ἐν
2371 3528 2436 3596 τῇ
2467 3526 2698 3600 αἰσχύνῃ
2726 3527 2928 3580 αὐτῶν·
2961 3547 2980 3578 ι
3019 3527 3126 3582 ἀπὸ
3153 3527 3261 3600 γὰρ
3290 3529 3386 3597 τῆς
3419 3527 3713 3598 ἁμαρτίας.

2131 3618 2164 3687 ἡ
2189 3616 2410 3685 κλῆσις·
2435 3617 2531 3672 καὶ
2557 3617 2911 3690 άτελεύτητος
2930 3619 3272 3690 ἐπεγράφετο
3292 3620 3404 3680 τοῖς
3424 3618 3717 3674 τεθνεῶσιν

2134 3705 2375 3777 οἰκτρῶς
2404 3706 2434 3758 ὁ
2482 3706 2575 3760 ἐπὶ
2619 3709 2736 3770 ταῖς
2788 3706 3098 3780 ἀνανδρίαις
3143 3707 3479 3780 ὀνειδισμὸς,
3523 3709 3622 3761 καὶ
3654 3707 3718 3774 ἐξ

2137 3789 2212 3851 ὧν
2248 3797 2712 3868 κατεγινώσκοντο
2737 3799 2798 3854 τὸ
2816 3801 3104 3872 ἐπίσημον.

453 3887 668 3958 piterna
699 3886 927 3958 ignavia:
958 3886 1332 3958 exprobratio,
1363 3894 1420 3942 et
1452 3903 1640 3943 earum
1672 3904 1856 3944 rerum
1911 3899 2065 3957 nota,
2097 3906 2164 3948 ex
2205 3893 2406 3963 quibus
2450 3894 2938 3963 condemnabatur,
2978 3912 3080 3968 pro
3121 3896 3281 3952 titulo
3345 3897 3582 3969 quodam
3627 3897 3716 3952 in-

451 3981 676 4052 scripta.

521 4068 718 4124 PALL.
745 4067 826 4123 Ita
856 4078 937 4124 est
950 4111 965 4127 .

2207 4077 2419 4132 nam.
2473 4079 2717 4150 Ἀληθές.

519 4160 676 4217 CYR.
720 4162 791 4215 lis
834 4163 1019 4232 igitur,
1064 4164 1154 4233 qui
1193 4179 1380 4222 revera
1405 4167 1661 4239 discipuli
1694 4184 1815 4226 esse
1839 4170 2023 4236 velint,

2210 4169 2376 4224 ΚΥΡ.
2417 4170 2624 4225 οὐκοῦν
2663 4173 2746 4226 ὅτι
2792 4171 3026 4244 μάλιστα
3081 4174 3450 4248 παραιτητέον
3496 4176 3609 4239 τοῖς
3649 4192 3718 4242 γε

450 4265 799 4321 summopere
823 4251 1042 4306 vitanda
1062 4262 1148 4307 est
1170 4255 1261 4310 illa
1282 4255 1337 4310 in
1359 4257 1646 4312 laboribus
1670 4259 2023 4328 impatientia,

2135 4260 2351 4346 ἀληθῶς
2400 4262 2718 4334 φιλομαθεῖν
2757 4266 3073 4336 ᾑρημένοις,
3108 4267 3171 4322 τό
3211 4285 3275 4338 γε
3302 4267 3613 4338 ἀτληπαθές
3655 4270 3719 4320 ἐν

449 4351 508 4397 et
525 4341 677 4403 iners
697 4344 1080 4410 murmuratio,
1105 4353 1160 4400 et
1186 4346 1397 4418 ingrata
1419 4349 1547 4403 vani
1572 4351 1846 4405 sermonis
1861 4353 2023 4423 jacta-

2136 4341 2341 4418 rrdvmg,
2373 4355 2465 4408 καὶ
2492 4354 2804 4426 γογγυσμδν
2832 4357 3060 4429 ἀδρανῆ,
3080 4360 3174 4413 καὶ
3200 4360 3490 4432 ἀχάριστον
3516 4362 3723 4415 elacata-

452 4432 550 4498 tio,
575 4439 650 4498 et,
692 4432 839 4502 quod
877 4435 1048 4506 magis
1081 4451 1246 4505 quam
1288 4444 1484 4492 caetera
1511 4439 1781 4495 nefarium
1808 4451 1913 4508 est,
1938 4459 2023 4500 ca-

452 4523 684 4550 ..Α-υιηηιι
737 4539 805 4550 ..Α
867 4525 1274 4550 ξ--..ιηιιηυι-ι-
1327 4535 1640 4550 -__-a--...---
1686 4544 1738 4550 --
1793 4547 1899 4550 ,μμ
1979 4534 2019 4550 1,

2143 4445 2360 4516 μυθίαν,
2396 4445 2490 4500 καὶ
2522 4446 2584 4498 τό
2607 4463 2669 4514 γε
2698 4446 2805 4500 τῶν
2842 4447 3016 4502 ἀλλων
3045 4449 3403 4522 ἀνοσιώτερόν
3434 4469 3569 4514 πως,
3605 4451 3721 4504 τῶν

450 4523 688 4579 vendum
737 4539 807 4579 ne
866 4525 1278 4594 inquinamenta
1323 4535 1642 4596 expetamus
1680 4544 1746 4584 ea
1785 4547 1907 4601 quae
1961 4534 2023 4589 de

2138 4542 2202 4593 ἐκ
2231 4535 2562 4608 φαυλότητος
2590 4538 2684 4592 καὶ
2728 4538 3084 4612 φιλοσαρκίας
3112 4541 3360 4610 ἐφίεσθαι
3402 4542 3718 4613 μολυσμῶν.

451 4615 715 4686 nequitia,
749 4623 806 4669 et
833 4615 1016 4669 carnis
1037 4616 1432 4686 cupiditatibus
1457 4616 1896 4688 proficiscuntur.
1924 4623 2023 4690 Qui

2149 4629 2605 4701 Ἐπαμφοτερίζει
2638 4629 2745 4703 γὰρ
2773 4633 2802 4687 ὁ
2829 4633 3086 4701 τοιοῦτος,
3115 4635 3208 4688 καὶ
3227 4629 3324 4706 τὴν
3355 4635 3455 4707 τῆς
3477 4635 3721 4698 διανοίας

447 4706 596 4762 enim
631 4706 712 4760 sic
736 4705 967 4760 affectus
997 4714 1102 4771 est,
1138 4707 1356 4762 vacillat
1386 4709 1441 4764 in
1471 4719 1760 4784 utramque
1792 4725 2023 4786 partem,

2140 4721 2290 4790 ίγνὺν
2307 4720 2648 4792 χωλεύουσαν
2665 4722 2778 4794 ἔχει
2802 4723 2901 4796 (1).
2934 4705 3390 4799 Γέγραηαιγάρ,
3411 4705 3505 4782 ήότι
3534 4745 3554 4779 ι
3576 4727 3722 4782 οὐαὶ

447 4806 505 4850 et
543 4796 772 4852 rationis
804 4795 967 4852 tibias
1005 4797 1380 4856 claudicantes
1419 4801 1606 4858 habet.
1640 4804 1916 4877 Scriptum
1944 4815 2023 4865 cst

2136 4811 2386 4884 καρδίαις
2406 4812 2627 4880 δειλαῖς,
2668 4815 2764 4868 καὶ
2791 4795 2948 4888 χερσὶ
2991 4795 3370 4892 παρειμέναις,
3393 4821 3488 4874 καὶ
3509 4860 3512 4864 .
3531 4821 3721 4891 ἀμαρ-

447 4887 597 4942 enim
625 4906 637 4942 :
671 4909 688 4940 ι
723 4888 814 4945 Vat
837 4888 1098 4982 cordibus
1125 4889 1350 4957 timidis,
1377 4902 1433 4949 et
1452 4897 1706 4952 manibus
1727 4897 2023 4966 dissolutis,

2133 4903 2294 4974 τωλῷ
2325 4904 2660 4960 ἐπιδαίνοντι
2679 4906 2772 4961 ἐπὶ
2799 4907 2894 4962 δύο
2915 4887 3174 4980 τρίϐους.-
3193 4930 3212 4964 ι
3241 4913 3284 4965 Χ
3294 4911 3450 4982 ρῆναι
3478 4911 3535 4965 δὲ

449 4984 506 5032 et
527 4978 802 5047 peccatori
828 4978 1157 5051 ingredienti
1181 4996 1280 5052 per
1299 4983 1436 5040 duas
1455 4987 1680 5043 semitas
1704 4989 1781 5043 ’ἰ
1815 5009 1834 5040 ι
1861 4989 2023 5060 Opor-

2132 4993 2196 5046 τὸ
2223 4993 2496 5066 τληπαθὲς
2533 4997 2627 5051 καὶ
2671 4997 2734 5050 τὸ
2774 4978 3041 5071 καρτερὸν
3077 5002 3160 5063 είς
3192 4978 3470 5074 ὑπο-μονὴν

452 5074 532 5122 tet
552 5076 735 5164 autem
756 5085 876 5125 mea
895 5071 1118 5142 quidem
1144 5077 1440 5143 sententia,
1461 5079 1792 5151 patientiam
1819 5090 1878 5138 et
1905 5098 2023 5138 sus-

2135 5083 2423 5150 ἀξιοῦντας
2473 5086 2636 5157 λόγου
2682 5089 3086 5161 διαμεμνῆσθαι
3133 5071 3383 5162 λέγοντος
3428 5071 3528 5146 τοῦ
3579 5095 3723 5164 X9:-

452 5155 661 5257 tinendi
698 5163 1044 5221 tolerantiam
1084 5166 1143 5223 in
1177 5169 1432 5227 maximis
1465 5172 1633 5228 rebus
1656 5181 2023 5242 numerantes,

2137 5177 2286 5234 στοῦο
2325 5199 2342 5231 ι
2378 5179 2448 5236 Et
2472 5155 2557 5245 τις
2579 5180 2720 5235 θέλει
2744 5155 2918 5236 ὀπίσω
2945 5155 3046 5257 μου
3078 5155 3274 5249 ἐλθείν,
3306 5155 3723 5257 ἀπαρνησάσθω

451 5250 768 5308 meminisse
791 5252 994 5310 Christi
1033 5255 1270 5314 dicentis
1297 5277 1311 5313 :
1345 5278 1364 5312 α
1401 5259 1458 5316 Si
1493 5262 1618 5332 quis
1649 5263 1766 5317 vult
1791 5271 1914 5333 post
1943 5281 2023 5321 me

2135 5269 2350 5336 ἑαυτὸν,
2370 5272 2462 5324 καὶ
2480 5272 2668 5343 ἀράτω
2682 5272 2775 5326 τὸν
2787 5274 3019 5346 σταυρὸν
3034 5274 3222 5342 αὐτοῦ,
3241 5275 3336 5330 καὶ
3351 5274 3720 5330 ἀκολουθείτω

523 5385 565 5416 η
594 5384 754 5441 Rom.
790 5403 828 5451 ι,
862 5387 950 5443 23.
999 5368 1072 5422 ἰτ
1104 5390 1278 5450 Galat.
1315 5411 1387 5458 Vl,
1429 5393 1480 5449 8.
1559 5395 1603 5427 ιε
1641 5395 1815 5450 Galat.
1853 5415 1904 5464 ι’,
1939 5399 2022 5454 l6.

450 5455 538 5511 19.
615 5457 1046 5511 "Eccli.n.15.

2127 5401 2145 5428 ‘
2181 5403 2341 5458 Num.
2380 5421 2441 5470 ll,
2483 5407 2535 5469 4,
2563 5407 2615 5461 9.
2722 5407 2768 5439 ’°
2794 5407 2897 5463 lsa.
2954 5424 3095 5474 LXVI,
3120 5409 3210 5466 24.
3291 5413 3334 5444 "
3358 5412 3599 5484 Philipp.
3631 5431 3714 5480 ιιι,

523 5496 538 5509 .
615 5458 1046 5526 "Eecli.u,15.
1891 5458 1902 5464 ’
2571 5458 2596 5522 ί

515 5576 888 5672 φλέξειοοᾱῖ
896 5581 1040 5672 1γει).
1071 5581 1188 5636 Non
1213 5581 1446 5635 auritum
1478 5580 1744 5666 dissimile
1761 5594 1853 5672 'est
1873 5586 2023 5672 quod

2129 5590 2428 5672 χψλανεξτε
2470 5594 2558 5672 ἐπέ
2588 5597 2926 5672 ἀμφοτέραις
2973 5603 3199 5672 ἰγνύαις.
3233 5605 3339 5661 Sed
3370 5607 3542 5664 codex
3590 5609 3713 5668 Sir-

447 5646 648 5716 legitur
687 5647 828 5704 libro
872 5649 940 5703 lll
963 5650 1192 5722 Regum,
1229 5667 1348 5722 cap.
1383 5668 1529 5707 xvm.
1573 5654 1678 5718 ἓως
1710 5655 1837 5708 πότε
1866 5646 2022 5727 ὑμεῖς

2129 5646 2225 5714 ἱὲιιί
2269 5646 2517 5721 habebat
2535 5646 3302 5746 loi‘i'JfCEWé'za'ithééif
3289 5646 3512 5736 asta;
