3954 6200
383 271 491 328 395

1117 269 1206 326 DE
1239 267 1686 326 ADORATIONE
1722 267 1790 323 IN
1831 265 2100 326 SPIRITU
2139 267 2228 327 ΕΤ
2265 268 2637 329 VERI'I'ATE.
2676 272 2805 328 LIB.
2849 271 2911 327 ν.

3532 270 3636 326 5θὸ

389 402 501 454 μοι.
535 400 556 434 ι
587 382 886 444 τουτέστιν,
908 379 977 435 ‘El
1001 379 1065 452 δὴ
1096 379 1335 450 βούλοιτό
1355 397 1441 446 τις
1467 381 1595 452 ἐμὸς
1617 375 1756 433 εἶναι
1786 381 1953 451 μαθη-

2059 383 2269 448 venire,
2299 385 2455 456 163
2481 384 2715 454 abneget
2741 381 3118 451 semetipsum,
3152 389 3209 436 et
3237 379 3392 436 tollat
3413 393 3636 435 crucem

383 476 504 543 της.
531 473 618 526 διὰ
632 473 742 527 τῶν
767 472 898 528 ίσων
921 474 1043 544 ἐμοὶ
1063 473 1405 544 παθημάτων
1425 473 1609 543 ἡκέτω
1635 470 1956 544 προθύμως,

382 566 481 618 καὶ
511 565 675 618 οίονεὶ
722 564 822 636 τὴν
859 563 1030 636 αὐτὴν
1071 565 1169 618 ίτω
1204 577 1265 618 τε
1305 565 1400 619 καὶ
1431 564 1700 633 ἀγαπάτω
1740 564 1958 636 τρίϐον·

384 652 858 708 συναναπαύσεται
884 655 993 726 γὰρ
1016 650 1171 718 οὗτος
1198 655 1291 709 καὶ
1316 655 1762 727 συνδιαιτήσεται.
1791 655 1961 708 Τοῦτο

381 744 442 796 δὲ
479 746 612 815 ἡμῖν
654 744 821 808 αὐτὸς
868 745 1048 815 ἐζήτει
1090 745 1243 816 παρά
1274 745 1370 799 τοῦ
1412 745 1548 800 Θεοῦ
1587 746 1680 800 καὶ
1723 746 1956 817 Πατρὸς,

381 835 590 903 λέγων’
644 853 667 888 ι
700 835 850 889 Θέλω
899 835 988 888 ἵνα
1032 837 1166 892 ὅπου
1196 837 1314 907 είμὶ
1353 835 1484 904 ἐγὼ,
1524 838 1642 892 ἐκεῖ
1680 839 1774 892 καὶ
1806 839 1961 892 αὐτοὶ

383 927 506 997 μετ’
541 925 674 998 ἐμοῦ
703 921 828 981 ὦσι.
867 943 887 979 t
938 927 1047 981 Καὶ
1078 928 1279 999 ἑτέρως
1326 928 1384 982 δὲ
1417 928 1682 999 σύνεσμεν
1711 929 1791 999 τῷ
1821 930 1958 999 Χριι

383 1016 516 1088 στῷ,
574 1017 1002 1089 περιπατοῦντες
1035 1018 1139 1088 μὲν
1180 1018 1276 1071 ἐπὶ
1311 1019 1437 1089 γῆς,
1465 1020 1650 1076 οὐκέτι
1681 1019 1740 1073 δὲ
1765 1037 1960 1090 σαρκι-

379 1111 518 1174 κῶς,
569 1109 706 1163 ἀλλλά
752 1110 1136 1180 πνευματικῶς
1180 1109 1607 1179 πολιτευόμενοι,
1652 1111 1746 1164 καὶ⁸
1792 1113 1961 1164 κατά-

380 1199 533 1269 λυμα
561 1199 654 1252 καὶ
681 1199 984 1252 ἀνάπαυσιν
1028 1199 1300 1252 ποιεῖσθαι
1336 1199 1756 1263 σπουδάζοντες,
1783 1199 1845 1252 τὸ
1871 1200 1959 1252 δο-

379 1291 513 1345 κοῦν
541 1289 708 1362 αὐτῷ.
761 1291 945 1360 Ἔχεις
999 1290 1382 1363 γεγραμμένον
1414 1291 1474 1345 ὲν
1514 1293 1629 1355 τοῖς
1683 1289 1961 1361 Ἀριθμοῖς

378 1383 477 1436 τὸν
503 1381 752 1454 animus;
770 1381 969 1435 τύπον·
995 1401 1013 1434 ι
1040 1383 1150 1435 Καὶ
1171 1385 1238 1453 τῇ
1274 1383 1477 1454 ἡμέρᾳ,
1512 1400 1532 1434 ι
1559 1383 1745 1452 φησιν,
1782 1402 1803 1433 ι
1841 1384 1898 1435 έν

378 1473 588 1547 ἐστάθη
635 1475 669 1544 ἡ
705 1473 900 1545 σκηνὴ,
938 1473 1206 1544 ἐκάλυψεν
1255 1476 1290 1546 ἡ
1331 1474 1528 1544 νεφέλη
1577 1472 1677 1544 τὴν
1733 1473 1958 1543 σκηνὴν,

376 1565 472 1619 τὸν
493 1562 644 1619 οῐκον
672 1563 767 1618 τοῦ
803 1565 1128 1637 μαρτυρίου.
1161 1564 1273 1620 Καὶ
1299 1564 1364 1618 τὸ
1394 1564 1633 1636 ἑσπέρας
1651 1559 1719 1636 ἦν
1745 1565 1838 1618 ἐπὶ
1860 1564 1960 1634 τῆς

383 1657 594 1728 σκηνῆς
621 1656 698 1721 ὡς
720 1653 859 1720 εἶδος
881 1657 1052 1728 πυρὸς
1079 1656 1185 1719 ἓως
1208 1657 1353 1727 πρωϊ
1372 1673 1386 1687 ·
1416 1655 1590 1720 οὕτως
1611 1655 1816 1725 ἐγίνετο
1843 1657 1957 1709 διαο

379 1749 621 1812 παντός’
669 1751 705 1820 ὴ
752 1748 949 1819 νεφέλη
999 1749 1302 1803 ἐκάλυπτεν
1349 1747 1520 1818 αὐτὴν
1573 1747 1806 1819 ἡμέρας,
1863 1749 1959 1802 καὶ
1989 1732 2032 1788 Β

377 1837 524 1904 εἶδος
557 1841 726 1911 πυρὸς
756 1840 855 1911 τὴν
898 1840 1089 1895 νύκτα.
1137 1840 1248 1895 Καὶ
1273 1840 1436 1912 ἡνίκα
1472 1839 1638 1910 ἀνέϐη
1670 1841 1704 1912 ἡ
1757 1840 1954 1910 νεφέλη

379 1931 492 1984 πὸ
514 1931 614 2002 τῆς
640 1931 864 2002 σκηνῆς,
890 1931 1029 2002 μετά
1053 1930 1226 1986 ταῦτα
1249 1931 1469 2001 ἀπῆραν
1493 1931 1542 1983 οἱ
1563 1931 1669 1984 uio).
1705 1930 1920 2000 Ἰσραὴλ
1940 1948 1952 1960 ο

380 2023 478 2076 καὶ
506 2023 566 2075 έν
588 2021 664 2092 τῷ
708 2022 860 2093 τόπῳ
882 2017 942 2076 οῦ
986 2021 1053 2075 ἂν
1081 2021 1210 2092 ἔστη
1254 2023 1289 2092 ἠ
1334 2021 1531 2092 νεφέλη
1551 2061 1567 2086 ,
1603 2022 1722 2075 ἐκεῖ
1755 2039 1956 2092 παρεν-

379 2115 577 2169 έϐαλον
619 2116 669 2168 οἱ
698 2115 805 2168 υἱοὶ
873 2114 1123 2185 Ἰσραήλο
1175 2113 1262 2167 διὰ
1294 2113 1716 2185 προστάγματος
1751 2114 1955 2184 Κυρίου

377 2205 823 2278 ταιρεμϐαλοῦσιν
838 2206 888 2260 οί
907 2207 1020 2259 υἱοὶ
1052 2206 1289 2278 Ἰσραὴλ,
1312 2207 1406 2260 καὶ
1425 2207 1513 2260 διὰ
1539 2205 1955 2278 προστάγματος

379 2299 591 2369 Κυρίου
629 2299 926 2370 ἀπαροῦσι,
963 2299 1152 2362 Βάσας
1183 2298 1281 2362 τὰς
1309 2299 1524 2369 ἡμέρας
1547 2301 1604 2352 ὲν
1622 2294 1709 2362 αἷς
1745 2297 1957 2360 σκιάζει

377 2391 410 2460 ἡ
463 2390 664 2461 νεφέλη
704 2391 797 2444 ἐπὶ
841 2390 940 2460 τῆς
979 2391 1205 2460 σκηνῆς,
1252 2389 1701 2461 παρεμϐαλοῦσιν
1752 2391 1802 2442 οἱ
1849 2390 1956 2442 υἱοὶ

390 2481 640 2553 Ἰσραήλο
663 2481 759 2536 καὶ
783 2482 910 2536 ὃταν
932 2481 1228 2552 ἐφέλκηται
1247 2483 1280 2554 ἡ
1301 2481 1495 2554 νεφέλη
1524 2483 1615 2535 ἐπὶ
1632 2484 1730 2553 τῆς
1753 2481 1956 2552 σκηνῆς

377 2573 597 2644 ἡμέρας
623 2572 863 2637 πλείους,
893 2574 988 2627 καὶ
1011 2572 1340 2643 φυλάξονται
1381 2576 1431 2628 ot
1469 2575 1575 2629 υίοὶ
1614 2573 1832 2646 Ἰσραὴλ
1855 2574 1954 2645 τὴν

375 2664 628 2735 φυλακὴν
646 2663 738 2718 τοῦ
759 2663 916 2734 Θεοῦ,
933 2663 1028 2719 καὶ
1058 2666 1118 2720 ού
1145 2665 1222 2739 μὴ
1241 2666 1500 2739 ὲξάρωσιο
1528 2665 1624 2721 καὶ
1648 2666 1798 2720 ἔσται
1825 2667 1956 2720 ὅταν

378 2755 630 2828 σκεπάζῃ
649 2758 683 2828 ἡ
698 2756 897 2830 νεφέλη
917 2759 1131 2831 ἡμέρας
1149 2759 1372 2831 ἀριθμῷ
1391 2761 1485 2813 ἐπὶ
1505 2759 1602 2831 τῆς
1621 2759 1845 2830 σκηνῆς,
1867 2758 1956 2813 διὰ

374 2847 564 2918 φωνῆς
591 2847 797 2919 Κυρίου
826 2843 1262 2919 παρεμϐαλοῦσι,
1287 2849 1382 2902 καὶ⁵
1403 2847 1501 2903 Ἴδιά
1535 2848 1955 2919 προστάγματος

375 2939 588 3010 Κυρίου
621 2938 928 3011 ἀπαροῦσν
961 2940 1056 2994 καὶ
1091 2939 1246 2995 ἔσται
1267 2941 1396 2995 ὅταν
1420 2938 1642 3010 γένηται
1679 2942 1714 3011 ἠ
1747 2938 1952 3011 νεφέλη

373 3029 470 3097 ἀφ’
504 3028 745 3101 ἑσπέρας
769 3030 879 3095 ἕως
898 3030 1064 3102 πρωῒ,
1091 3031 1186 3084 καὶ
1214 3031 1390 3102 ἀναϐῇ
1422 3033 1455 3103 ὴ
1480 3031 1676 3102 νεφέλη
1699 3028 1948 3103 τδπρωῒ,
1976 3071 2021 3131 c

375 3121 474 3174 καὶ
500 3121 805 3193 ἀπαροῦσιν
820 3123 854 3193 ἡ
861 3121 930 3193 μέ
938 3139 1038 3194 ρας
1058 3121 1092 3192 ἢ
1114 3122 1331 3191 νυκτὸς,
1357 3123 1454 3177 καὶ
1474 3121 1644 3195 ἀναϐῇ
1671 3123 1705 3194 ή
1729 3121 1950 3192 νεφέλη,

375 3211 685 3282 ἀπαροῦσιν
721 3212 968 3284 ἡμέρας,
1014 3214 1048 3283 ἢ
1095 3212 1265 3284 μηνὸς
1311 3213 1521 3286 ἡμέρας
1555 3213 1954 3283 πλεοναζούσης

372 3303 479 3372 τῆς
521 3303 754 3372 νεφέλης
794 3303 1126 3376 σκιαζούσης
1159 3305 1249 3358 ἐπ’
1292 3305 1484 3376 αὐτῆς,
1507 3304 1954 3377 παρεμϐαλοῦσιν

371 3394 427 3446 οἱ
451 3393 560 3446 utet
581 3393 817 3466 Ἰσραὴλ,
836 3394 1008 3448 καὶοὺ
1035 3394 1112 3466 μὴ
1133 3395 1454 3467 ἀπαροῦσιν,
1467 3398 1550 3451 ὅτι
1570 3398 1659 3451 διὰ
1681 3398 1954 3469 προστάγ-

377 3500 552 3553 ματος
598 3485 802 3555 Κυρίου
843 3485 1140 3556 ἀπαροῦσι.
1169 3489 1282 3559 Τὴν
1310 3488 1553 3560 φυλακὴν
1581 3490 1786 3561 Κυρίου
1821 3491 1952 3560 ὲφυ·

373 3573 611 3640 λᾶξαντο
635 3576 721 3629 διὰ
753 3576 1174 3648 προστάγματος
1197 3579 1403 3651 Κυρίου
1436 3580 1494 3633 ὲν
1521 3579 1665 3650 χειρὶ
1695 3582 1890 3654 Μωσῆ.
1926 3599 1948 3635 ι

391 3667 802 3738 Ἐγηγερμένης
829 3668 970 3723 κατὰ
999 3672 1100 3741 τὴν
1139 3670 1344 3743 ἔρημον
1392 3673 1492 3742 τῆς
1527 3673 1689 3742 ἁγίας
1721 3673 1952 3744 σκηνῆς,

376 3757 802 3827 πεπληρωκέναι
845 3761 980 3828 φησι
1043 3760 1142 3835 τὴν
1179 3763 1407 3832 νεφέλην
1433 3764 1632 3835 αὐτὴν·
1675 3759 1793 3818 εἶτα
1827 3781 1954 3818 συν-

375 3846 635 3917 απαίρειν
665 3848 759 3901 καὶ
795 3851 1188 3918 συγκαταλύειν
1215 3854 1351 3924 αὐτῇ
1377 3854 1710 3924 προστέταχε
1738 3857 1863 3918 τοὺς
1895 3854 1957 3921 ἐξ

390 3936 630 4008 Ἰσραὴλ,
660 3937 774 3992 ἀνω
815 3955 876 3992 τε
911 3940 1006 3993 καὶ
1057 3942 1208 3995 κάτω
1255 3943 1391 4013 μετά
1425 3942 1625 4015 πολλῆς
1670 3943 1955 4016 ἀκριϐείας

371 4027 479 4100 τὴν
509 4027 620 4081 τῶν
643 4029 936 4100 ἀπάρσεων
963 4031 1285 4104 ὲπιτήρησιν
1307 4033 1576 4088 ποιεῖσθαι
1605 4036 1953 4106 παρεγγυῶν,

373 4122 477 4174 καὶ
511 4122 786 4193 ἐπισφαλῆ
813 4124 913 4193 τὴν
943 4125 1255 4196 παράϐασιν
1286 4129 1399 4191 τοῖς
1426 4125 1668 4180 ἐθέλουσι
1693 4127 1955 4199 ῥᾳθυμεῖν

375 4209 487 4262 ἀς.τό
515 4227 577 4278 γε
601 4210 792 4264 τούτου
825 4212 1067 4277 δεικνύς.
1113 4213 1274 4269 Ἀλλά
1299 4216 1459 4268 ταυτὶ
1493 4216 1592 4287 μὲν
1641 4216 1952 4288 ίστορικῶς.

376 4299 689 4371 ἀφορῶμεν
709 4301 767 4354 δὲ
786 4301 888 4373 ήδη
905 4304 1472 4376 πνευματικῶς.“Αμα
1498 4323 1559 4360 τε
1580 4306 1691 4379 γάρ
1717 4308 1952 4379 ἐγήγερ-

2060 487 2238 539 suam,
2266 482 2322 529 et
2344 483 2606 544 sequatur
2627 491 2716 530 me
2742 475 2816 541 ‘3‘;
2851 494 2870 526 ι
2905 473 3011 528 hoc
3039 479 3144 536 est,
3171 471 3228 527 Si
3254 472 3380 542 quis
3399 472 3639 526 voluerit

2061 579 2218 618 meus
2253 578 2374 618 esse
2398 564 2720 634 discipulus,
2758 562 3012 618 eumdem
3041 576 3264 616 cursum
3297 560 3637 635 passionum,

2061 670 2226 725 quem
2266 670 2368 726 ego
2393 654 2566 719 tenui,
2594 654 2851 710 alacriter
2872 660 3156 724 sequatur,
3176 667 3249 707 ac
3276 651 3447 707 veluti
3484 667 3638 706 eam-

2061 745 2186 800 dem
2230 745 2374 800 viam
2409 743 2752 816 ingrediatur
2784 753 2842 800 et
2868 743 3099 815 diligat:
3152 741 3200 798 is
3234 741 3381 798 enim
3421 757 3637 797 meeum

2062 852 2170 891 una
2191 836 2500 906 requiescet
2521 841 2577 889 et
2599 835 2763 890 simul
2785 835 3095 891 versabitur
3117 852 3132 888 :
3157 834 3266 889 hoc
3285 848 3520 903 namque
3539 849 3641 886 uo-

2061 925 2149 981 bis
2173 926 2284 995 ipse
2303 925 2579 996 petebata
2603 925 2716 980 Deo
2743 933 2809 980 et
2845 925 3027 990 Patre,
3051 939 3178 980 cum
3199 925 3407 980 diceret
3426 939 3479 976 κ
3503 924 3638 978 Volo

2062 1027 2142 1082 ut,
2171 1019 2264 1073 ubi
2294 1034 2412 1072 sum
2437 1033 2558 1090 ego,
2585 1019 2661 1074 ibi
2683 1017 2845 1074 etiam
2875 1016 2980 1087 ipsi
3004 1032 3219 1072 mecum
3241 1015 3354 1072 sint
3377 1015 3445 1070 “.
3477 1034 3496 1068 δ
3526 1011 3640 1070 Ali-

2063 1117 2147 1163 ter
2167 1125 2385 1180 quoque
2408 1111 2570 1167 simul
2595 1126 2725 1167 eum
2753 1109 2975 1167 Christo
2991 1124 3209 1175 sumus,
3242 1123 3366 1164 cum
3393 1110 3641 1165 ambula-

2061 1217 2185 1256 mus
2218 1202 2440 1271 quidem
2481 1218 2649 1273 super
2686 1209 2912 1264 terram,
2945 1215 3054 1254 non
3099 1208 3282 1255 tamen
3321 1202 3636 1265 carnaliter,

2059 1295 2158 1349 sed
2191 1294 2552 1364 spiritualiter
2565 1309 3006 1351 eonversamur:
3032 1299 3110 1358 et,
3129 1293 3284 1363 quod
3320 1293 3371 1349 ei
3413 1293 3638 1363 placue-

2060 1385 2153 1451 rit,
2178 1385 2232 1441 id
2275 1401 2376 1456 pro
2407 1385 2712 1441 diversorio
2742 1401 2815 1442 ac
2853 1385 3045 1455 requie
3088 1386 3295 1442 habere
3330 1385 3635 1442 studemus.

2062 1475 2242 1532 Habes
2259 1477 2321 1532 in
2344 1477 2600 1534 Numeris
2622 1479 2882 1548 scriptam
2912 1478 3077 1550 hujus
3099 1478 3178 1534 rei
3213 1477 3443 1550 ﬁguram
3471 1494 3486 1530 :
3519 1495 3538 1528 ι
3570 1476 3640 1531 Et

2062 1564 2174 1630 die,
2203 1584 2222 1617 δ
2246 1566 2446 1637 inquit,
2466 1586 2485 1619 ι
2513 1582 2620 1637 qua
2640 1575 2904 1623 statutum
2929 1576 3016 1623 est
3039 1568 3478 1632 tabernaculum,
3505 1565 3640 1620 texit
3681 1625 3702 1648 ο

2064 1659 2240 1714 nubes
2265 1659 2701 1725 tabernaculum,
2726 1659 2950 1714 domum
2978 1660 3306 1728 testimonii;
3335 1669 3393 1715 et
3423 1661 3636 1731 vesperi

2057 1758 2181 1806 erat
2211 1766 2377 1822 super
2399 1751 2819 1807 tabernaculum
2856 1751 3007 1806 velut
3039 1751 3253 1822 species
3292 1750 3435 1822 ignis
3464 1766 3640 1821 usque

2058 1855 2218 1895 mane
2245 1858 2258 1893 :
2286 1839 2361 1895 ita
2386 1839 2552 1894 ﬁebat
2572 1855 2811 1911 semper,
2840 1840 3015 1897 nubes
3041 1840 3258 1912 tegebat
3281 1839 3416 1895 illud
3439 1839 3550 1906 die,
3580 1851 3638 1896 et

2057 1929 2274 2004 species
2295 1932 2438 2004 ignis
2458 1939 2650 1998 nocte;
2683 1939 2889 1988 etcum
2928 1933 3266 1990 ascendisset
3289 1931 3466 1987 nubes
3485 1947 3518 1986 a
3547 1941 3634 1987 ta-

2057 2028 2373 2092 bernaculo,
2390 2033 2578 2096 postea
2617 2025 3009 2096 promovebant
3024 2023 3120 2078 lilii
3143 2022 3339 2089 Israel;
3357 2029 3413 2077 et
3435 2022 3489 2077 in
3514 2021 3638 2077 loco

2057 2120 2152 2175 ubi
2173 2125 2401 2174 steterat
2422 2117 2618 2182 nubes,
2641 2117 2718 2172 ibi
2745 2125 2924 2173 castra
2946 2116 3291 2172 collocabant
3314 2114 3412 2170 ﬁlii
3429 2114 3594 2170 Israel
3616 2130 3635 2169 :

2057 2225 2156 2281 per
2174 2217 2506 2280 praceptum
2523 2207 2742 2264 Domini
2763 2215 2938 2263 castra
2957 2205 3305 2262 collocabant
3321 2204 3419 2260 ﬁlii
3439 2205 3635 2270 Israel,

2054 2307 2110 2352 et
2129 2313 2229 2367 per
2246 2305 2581 2367 praeceptum
2601 2295 2816 2351 Domini
2833 2295 3255 2365 promovebunt.
3275 2295 3480 2351 Omnes
3494 2296 3633 2360 dies,

2057 2387 2340 2458 inquibus
2375 2387 2670 2443 obumbrat
2711 2387 2888 2442 nubes
2926 2401 3091 2457 supra
3126 2387 3541 2444 tabernaculum
3575 2390 3632 2445 in

2055 2480 2252 2535 castris
2274 2487 2440 2535 erunt
2462 2479 2558 2534 ﬁlii
2590 2479 2786 2545 Israel;
2825 2487 2901 2544 et,
2935 2494 3061 2534 cum
3098 2479 3421 2549 produxerit
3455 2481 3634 2538 nubes

2054 2585 2220 2642 supra
2245 2571 2655 2628 tabernaculum
2683 2569 2802 2625 dies
2823 2570 3032 2640 plures,
3067 2569 3380 2626 custodient
3413 2571 3512 2627 ﬁlii
3550 2573 3633 2628 Is-

2053 2661 2168 2716 rael
2205 2661 2513 2718 custodiam
2552 2661 2672 2725 Dei,
2703 2668 2768 2715 et
2799 2675 2908 2716 non
2948 2660 3352 2731 promovebunt
3375 2679 3393 2716 :.
3423 2670 3482 2718 et
3499 2663 3630 2729 erit,

2053 2766 2179 2808 cum
2205 2753 2401 2808 texerit
2421 2753 2597 2809 nubes
2616 2753 2733 2809 dies
2753 2766 2987 2808 numero
3005 2767 3170 2822 super
3183 2751 3630 2818 tabernaculum,

2053 2861 2154 2918 per
2191 2860 2384 2902 vocem
2423 2843 2640 2900 Domini
2667 2844 2724 2899 in
2750 2843 2944 2899 castris
2969 2851 3154 2908 erunt,
3189 2851 3251 2898 et
3285 2858 3386 2914 per
3421 2858 3631 2914 praece-

2052 2945 2209 3008 ptum
2230 2936 2446 2993 Domini
2467 2935 2913 3008 promovebunt:
2942 2942 3001 2990 et
3024 2935 3156 3000 erit,
3180 2949 3309 2990 cum
3332 2934 3504 3001 fuerit
3523 2951 3632 2990 uu-

2053 3025 2153 3082 bes
2173 3042 2206 3082 a
2219 3041 2448 3096 vespere
2464 3041 2637 3096 usque
2652 3041 2833 3090 mane,
2853 3024 3236 3080 etascenderit
3253 3025 3428 3081 nubes
3443 3039 3629 3090 mane,

2053 3124 2113 3172 et
2144 3115 2548 3187 promovebunt
2568 3116 2679 3181 die,
2703 3116 2791 3170 vel
2812 3122 2994 3180 nocte,
3019 3122 3077 3170 et
3101 3114 3412 3171 ascenderit
3432 3115 3629 3180 nubes,

2053 3210 2458 3280 promovebant
2487 3209 2598 3275 die,
2632 3210 2719 3265 vel
2743 3224 2930 3265 mense
2959 3208 3080 3264 dies
3110 3209 3425 3266 abundante
3462 3209 3629 3274 nube,

2052 3312 2111 3361 et
2126 3303 2491 3360 adumbrante
2521 3317 2688 3373 super
2714 3301 2868 3368 illud,
2900 3301 2958 3356 in
2991 3301 3189 3356 castris
3221 3308 3387 3356 erunt
3414 3299 3512 3356 lilii
3548 3300 3628 3355 Is-

2053 3396 2186 3460 rael,
2213 3402 2271 3450 et
2289 3409 2399 3449 non
2425 3394 2858 3465 promovebunt;
2883 3393 3141 3464 quoniam
3170 3407 3272 3462 per
3292 3401 3629 3462 praeceptum

2053 3487 2271 3542 Domini
2300 3485 2730 3557 promovebunt;
2763 3483 3069 3540 custodiam
3101 3483 3318 3539 Domini
3352 3485 3630 3542 custodie-

2053 3586 2186 3632 runt
2229 3591 2328 3648 ρετ
2363 3580 2695 3647 pmceptum
2729 3575 2946 3631 Domini
2990 3574 3046 3629 in
3086 3590 3252 3629 manu
3291 3575 3460 3647 Moysi
3503 3575 3570 3630 “.
3604 3594 3624 3628 ι

2052 3666 2252 3723 Erecto
2290 3675 2478 3724 saneto
2527 3667 2881 3723 tabernaculo
2929 3666 2986 3721 in
3019 3664 3260 3728 deserto,
3307 3665 3514 3721 nubem
3555 3666 3634 3721 ait

2053 3757 2190 3813 illud
2237 3758 2582 3830 implevisse;
2645 3758 2846 3814 deinde
2899 3757 3062 3814 simul
3126 3771 3253 3812 cum
3309 3757 3404 3812 illo
3463 3756 3632 3827 proii-

2053 3848 2206 3912 cisci,
2237 3847 2512 3919 simulque
2553 3849 2749 3905 sistere
2793 3849 2934 3904 ﬁlios
2963 3847 3127 3902 Israel
3165 3846 3394 3917 iussisse
3434 3847 3631 3910 Deum.

2055 3937 2358 3994 identidem
2389 3940 2796 3996 accuratissime
2820 3937 3222 4009 profectionem
3255 3938 3626 4007 temporaob-

2050 4047 2275 4089 servare
2318 4031 2725 4102 praecipientem
2777 4048 2789 4083 :
2831 4044 2942 4100 quo
2991 4029 3131 4098 ipso,
3170 4027 3239 4084 iis
3270 4029 3368 4100 qui
3413 4030 3633 4087 desides

2051 4136 2175 4178 esse
2190 4122 2411 4185 vellent,
2429 4121 2694 4176 indicavit
2706 4119 3074 4191 periculosam
3091 4136 3212 4177 esse
3227 4121 3347 4193 ejus
3362 4122 3442 4178 rei
3455 4131 3636 4179 trans-

2053 4215 2410 4288 gressionem.
2447 4212 2606 4285 164
2631 4213 2805 4282 Atque
2843 4212 2958 4268 haec
2980 4213 3246 4283 quidem,
3275 4215 3423 4286 quod
3453 4215 3521 4271 ad
3543 4204 3631 4272 hi-

2053 4307 2280 4364 storiam
2318 4306 2579 4377 pertinet,
2613 4305 2758 4360 dicta
2790 4303 2920 4358 sint.
2949 4304 3067 4360 1am
3114 4321 3248 4361 vero
3279 4307 3426 4362 idem
3465 4308 3630 4378 spiri-

373 4407 465 4444 ται
495 4392 592 4444 καὶ
625 4392 894 4446 ἀνέτειλεν
929 4394 1020 4446 ἐπὶ
1054 4394 1154 4465 τῆς
1181 4396 1283 4466 γῆς
1311 4397 1345 4468 ὴ
1379 4397 1718 4472 ἀληθεστάτη
1754 4399 1947 4472 σκηνὴ,

2055 4399 2278 4454 tualiter
2303 4397 2760 4467 contemplemur.
2795 4395 2968 4451 Simul
3004 4395 3151 4452 enim
3189 4405 3355 4467 atque
3382 4407 3630 4453 erectum

371 4482 655 4536 τουτέστιν
687 4484 720 4555 ἡ
761 4484 1075 4556 Ἐκκλησία,
1119 4487 1472 4560 πεπλήρωται
1504 4489 1606 4560 τῆς
1650 4491 1815 4562 δόξης
1855 4491 1948 4545 τοῦ

371 4573 652 4644 Χριστοῦ’
686 4574 748 4628 τὺ
795 4575 904 4647 γάρ
946 4576 1319 4632 καλύπτεσθαι
1356 4582 1422 4652 τῇ
1473 4581 1670 4652 νεφέλῃ
1709 4582 1806 4652 τὴν
1853 4584 1951 4654 ἀρα

371 4664 541 4734 χαίαν
590 4665 827 4736 σκηνὴν,
859 4666 958 4736 οὐχ
1001 4667 1208 4738 ἕτερον,
1258 4664 1409 4739 οἶμαι
1442 4687 1565 4736 που,
1611 4670 1761 4741 παρά
1794 4671 1950 4724 τοῦτο

371 4756 546 4826 δηλοῖ.
578 4757 916 4830 Πεπλήρωκε
945 4758 1122 4814 τοίνυν
1150 4762 1248 4832 τῆς
1280 4762 1473 4816 ἑαυτοῦ
1501 4763 1658 4834 δόξης
1688 4765 1783 4833 τὴν
1829 4765 1949 4817 Ἐκ-

376 4847 608 4918 κλησίαν
651 4849 683 4900 ὁ
734 4850 988 4919 Χριστὸς,
1047 4851 1143 4906 καὶ
1196 4854 1310 4917 τοῖς
1362 4854 1462 4925 μὶν
1491 4855 1550 4907 ἐν
1603 4853 1814 4925 ἀμαθία
1854 4856 1950 4908 καὶ¹

377 4939 577 5010 πλάνῃ.
635 4939 888 5012 καθάπερ
921 4943 980 4995 ὲν
1031 4941 1190 4996 νυκτὶ
1233 4943 1329 4998 καὶ
1382 4943 1558 5015 σκότῳ
1591 4943 1947 5015 διατρίϐουσι,

379 5031 547 5102 πυρὸς
575 5033 889 5106 ἀναλάμπει
929 5035 1112 5106 δίκην,
1151 5035 1245 5090 τὸν
1271 5037 1460 5108 νοητὸν
1503 5037 1743 5108 δηλονότι
1778 5055 1949 5108 φωτι⁴

375 5121 515 5191 σμδν
564 5122 751 5188 ἐνιεὶς,
785 5127 902 5188 τοῖς
949 5141 1013 5195 γε
1049 5126 1158 5197 μὴν
1205 5126 1306 5198 ήδη
1357 5127 1812 5198 πεφωτισμένοις,
1853 5129 1949 5183 καὶ

372 5212 592 5284 ἡμέραν
634 5213 851 5284 ἔχουσιν
897 5215 956 5268 ιν
1001 5217 1200 5288 καρδίᾳ
1251 5219 1352 5290 τὴν
1409 5218 1626 5291 νοητὴν,
1661 5219 1762 5290 τὴν
1817 5221 1948 5290 παρ’

373 5303 566 5357 ἑαυτοῦ
619 5305 777 5359 σκιάν
816 5323 876 5359 τε
925 5308 1019 5362 καὶ
1047 5308 1259 5379 σκέπην
1289 5309 1661 5382 δωρούμενος,
1696 5311 1791 5365 καὶ
1827 5310 1950 5382 δρό-

376 5411 489 5458 σοις
537 5398 734 5461 αύτοὺς
774 5402 1150 5455 καταπιαίνων
1209 5409 1622 5475 πνευματικαῖς,
1673 5405 1943 5472 τουτέστι,

369 5488 495 5552 ταῖς
522 5487 729 5543 ἄνωθέν
753 5506 813 5542 τε
843 5491 939 5545 καὶ
968 5491 1056 5546 διὰ
1081 5493 1176 5547 τοῦ
1198 5496 1337 5549 Πνεύ
1346 5514 1514 5568 ματος
1541 5499 1941 5569 παρακλήσεσι.

2054 4501 2160 4557 est,
2200 4499 2258 4548 et
2286 4499 2539 4548 exortum
2566 4505 2732 4561 super
2759 4497 2964 4545 terram
3003 4489 3140 4544 illud
3169 4489 3518 4544 verissimum
3545 4501 3632 4544 tat-

2049 4583 2411 4640 bernaeulum
2433 4624 2447 4648 ,
2481 4582 2536 4638 id
2565 4591 2681 4646 est,
2712 4581 2990 4646 Ecclesia,
3020 4581 3288 4652 repletum
3331 4589 3416 4636 est
3459 4581 3629 4652 gloria

2047 4673 2292 4728 Christi:
2323 4688 2470 4736 nam,
2495 4673 2639 4743 quod
2671 4679 2827 4726 vetus
2849 4670 2980 4725 illud
3022 4669 3433 4724 tabernaculum
3470 4684 3633 4739 oper-

2053 4773 2171 4819 tum
2203 4773 2288 4818 est
2319 4766 2488 4828 nube,
2531 4764 2668 4819 nihil
2691 4763 2863 4828 aliud,
2902 4779 3023 4818 mea
3056 4761 3347 4826 sententia,
3384 4761 3490 4816 nisi
3522 4762 3630 4818 hoc

2054 4854 2342 4925 signiﬁcat.
2377 4855 2487 4910 Sua
2510 4855 2676 4925 igitur
2696 4855 2866 4926 gloria
2891 4853 3142 4910 Christus
3171 4853 3414 4923 implevit
3441 4853 3634 4910 Eccle-

2051 4946 2220 5013 siam;
2249 4955 2306 5002 et
2333 4947 2398 5001 iis
2419 4946 2641 5016 quidem
2689 4945 2783 5016 qui
2818 4946 2874 5000 in
2905 4945 3120 5000 inscitia
3158 4933 3215 5000 et
3253 4959 3468 5012 errore,
3503 4954 3626 5003 tan-

2054 5053 2217 5108 quam
2262 5038 2319 5092 in
2358 5045 2518 5093 nocte
2546 5052 2615 5091 ac
2657 5036 2901 5092 tenebris
2933 5045 3242 5102 versantur,
3288 5037 3428 5112 ignis
3457 5040 3628 5095 instar

2053 5129 2296 5200 eﬁ‘ulget,
2319 5129 2658 5200 spiritualem
2682 5129 2945 5186 nimirum
2976 5130 3397 5188 illustrationem
3426 5133 3629 5188 immit-

2051 5228 2205 5286 teus;
2231 5221 2502 5277 iis‘autem
2530 5221 2623 5292 qui
2644 5223 2757 5294 jam
2807 5223 3100 5279 illuminati
3125 5233 3272 5287 sunt,
3302 5237 3359 5280 et
3391 5238 3624 5294 quorum

2049 5311 2106 5366 in
2131 5312 2299 5367 corde
2324 5312 2626 5383 spiritualis
2656 5313 2835 5370 illuxit
2873 5314 3013 5380 dies,
3046 5331 3078 5369 a
3111 5328 3171 5371 se
3212 5315 3460 5373 umbram
3495 5329 3625 5384 pro-

2047 5404 2448 5476 tectionemque
2472 5407 2721 5477 largitur,
2746 5423 2809 5462 ae
2837 5407 3110 5476 spirituali
3137 5421 3282 5471 rore,
3314 5405 3366 5460 id
3395 5415 3499 5470 est,
3527 5422 3624 5462 su-

2046 5494 2234 5566 pernis
2277 5504 2334 5551 et
2392 5512 2492 5568 per
2535 5497 2800 5568 Spiritum
2844 5496 3110 5552 adhibitis
3153 5496 3625 5555 consolationibus

443 5665 490 5698 "
512 5665 704 5725 Matth.
722 5688 831 5737 xvi,
850 5673 940 5727 26.
1003 5673 1218 5729 “Ioan.
1245 5689 1371 5737 xvn,
1398 5674 1487 5731 24.
1553 5678 1596 5709 ³⁸
1618 5676 1779 5731 Num.
1809 5691 1883 5741 ιι,
1913 5674 2098 5732 15-25.

693 5763 963 5826 ΡΑτιιοι..
1008 5765 1122 5828 Gn.
1170 5766 1423 5829 LXVIII.

3155 5767 3224 5833 13
