3990 6196
448 240 553 296 397

1193 235 1278 290 DE
1325 231 1764 290 ADORATIONE
1807 229 1872 284 ΙΝ
1918 229 2185 285 SPlRlTU
2228 229 2316 283 ET
2348 229 2717 284 VERITATE.
2763 231 2887 285 LIB.
2933 232 2993 286 ν.

3602 238 3708 290 398

445 355 674 428 Κυρίου,
699 356 884 427 φησὶν,
920 355 1212 426 ἀπαροῦσι·
1246 355 1340 408 καὶ
1372 353 1549 414 τοῦτο,
1583 348 1758 421 οἶμαι,
1782 351 1931 422 δηλοί
1976 350 2034 404 τὸ

2147 359 2470 421 praaceptum
2507 351 2724 406 Domini
2766 351 3172 421 promovebant
3209 352 3252 382 “
3281 370 3293 405 :
3323 354 3529 418 ethoc,
3589 371 3710 410 mea

452 449 546 502 καὶ
573 447 735 515 λόγου
763 447 971 501 δεῖσθαι
1008 447 1102 500 τοῦ
1140 445 1572 518 παροτρύνοντος
1600 446 1680 506 είς
1709 443 1901 510 ἀλκὴν,
1937 443 2031 496 καὶ

448 540 532 602 είς
550 537 648 608 τὴν
671 540 782 600 τοῖς
803 538 983 606 ἁγίοις
1004 538 1317 608 πρέπουσαν
1343 536 1642 606 εὐκοσμίαν
1661 535 1785 598 τοὺς
1806 534 2032 588 ἕπεσθαι

448 631 558 685 δεῖν
579 630 862 699 οἰομένους
893 631 950 684 ὲν
974 629 1216 700 Χριστῷο
1245 628 1465 682 «Πάντα
1477 629 1609 698 γὰρ,
1633 627 1815 698 φησὶν,
1834 626 2033 695 εὐσχη-

455 722 630 792 μόνως
659 719 754 772 καὶ
779 719 921 773 κατά
955 719 1111 785 τάξιν
1139 719 1392 787 γινέσθω.
1434 738 1451 770 ι
1491 717 1671 782 Τύπος
1704 716 1760 770 δὲ
1799 717 1907 789 ἄρα
1942 717 2035 769 καὶ

452 812 608 865 τοῦδε
637 811 703 881 δὴ
731 811 912 872 πάλιν,
949 811 1010 864 τὸ
1036 808 1232 881 ἑφεξῆς
1276 810 1681 881 γεγραμμένον.
1733 810 1876 879 Ἔφη
1926 808 2036 878 γὰρ

451 896 553 956 ὧδε
591 902 724 964 Θεὸς
758 902 893 971 πρὸς
938 901 1028 954 τὸν
1076 901 1403 972 ἱεροφάντην
1443 900 1680 954 Μωσέα·
1735 917 1753 949 ι
1805 899 2036 969 Ποίησον

447 985 666 1063 ’σεαυτῷ
694 991 789 1047 δύο
817 991 1123 1061 σάλπιγγας
1149 992 1366 1054 ὲλατᾶις.
1393 993 1641 1064 ἀργυρᾶς
1669 992 1914 1062 ποιήσεις
1941 989 2037 1043 αύ-

448 1085 584 1149 τάς,
613 1083 712 1136 καὶ
745 1083 957 1136 ἔσονταί
991 1100 1073 1135 σοι
1109 1083 1399 1136 ἀνακαλεῖν
1429 1084 1529 1153 τὴν
1569 1082 1909 1152 συναγωγὴν,
1947 1082 2038 1135 καὶ

444 1178 693 1249 ἐξαίρειν
729 1176 835 1240 ’τὰς
876 1176 1248 1245 παρεμϐολάς.
1282 1177 1391 1229 Καὶ
1441 1177 1688 1238 σαλπιείς
1719 1178 1777 1230 ἐν
1808 1177 2034 1241 αὑταῖς,

452 1270 549 1323 καὶ
579 1267 979 1338 συναχθήσεται
1024 1269 1174 1320 πᾶσα
1206 1268 1239 1336 ἡ
1285 1267 1577 1336 συναγωγὴ
1613 1267 1706 1319 ἐπὶ
1737 1265 1833 1336 τὴν
1869 1265 2038 1337 θύραν

449 1359 553 1428 τῆς
576 1359 783 1428 σκηνῆς
805 1357 900 1410 τοῦ
925 1356 1248 1428 μαρτυρίου.
1285 1355 1412 1408 Ἑάν
1432 1355 1488 1408 δὲ
1507 1357 1563 1406 ἐν
1587 1356 1686 1426 μιᾷ
1714 1354 2035 1417 σαλπίσωσι,

451 1448 762 1502 ἐλεύσονται
819 1446 953 1518 πρὸς
1015 1447 1073 1499 σὲ
1133 1448 1334 1508 πάντες
1388 1446 1438 1498 οἱ
1499 1447 1777 1516 ἄρχοντες
1806 1444 2041 1516 ἀρχηγοὶ

463 1540 703 1613 Ἰσραήλ.
735 1539 838 1594 Καὶ
872 1539 1148 1593 σαλπιεῖτε
1185 1538 1460 1610 σημασίαν
1482 1578 1496 1600 ,
1529 1536 1624 1590 καὶ
1667 1535 1950 1609 ἐξαιροῦσιν
1986 1536 2040 1588 αί

455 1631 802 1704 παρεμϐολαὶ
833 1633 890 1687 αί
921 1631 1403 1703 παρεμϐάλλουσαι
1439 1627 1702 1692 ἀνατολάς
1722 1645 1735 1658 ο
1777 1629 1870 1681 καὶ
1911 1629 2039 1682 σαλ-

456 1702 630 1779 πιεῖτε
665 1725 942 1796 σημασίαν
979 1702 1271 1794 δευτέραν,
1303 1721 1396 1775 καὶ
1423 1719 1708 1790 ὲξαρούσιν
1735 1704 1792 1774 αί
1825 1737 2039 1792 παρεμ-
2072 1702 2112 1762 Β

450 1819 612 1872 ϐολαὶ
646 1820 702 1872 αί
731 1816 1216 1888 παρεμϐάλλουσαι
1245 1814 1388 1867 λίϐα.
1423 1813 1532 1866 Καὶ
1557 1811 1834 1865 σαλπιεῖτε
1862 1830 1925 1882 ση
1938 1831 2038 1883 μα-

457 1909 580 1962 σίαν
609 1908 824 1980 τρίτην,
857 1907 949 1960 καὶ
977 1905 1264 1977 ἐξαιροῦσιν
1289 1905 1342 1957 αί
1374 1901 1718 1974 παρεμϐολαὶ
1745 1904 1800 1956 αἱ
1829 1920 1966 1973 παρε
1977 1921 2042 1973 μ-

457 2000 750 2056 ϐάλλουσαι
783 1999 937 2071 παρά
978 1997 1272 2051 θάλασσαν.
1309 1995 1419 2048 Καὶ
1456 1995 1732 2048 σαλπιεῖτε
1766 1994 2040 2065 σημασίαν

455 2090 744 2160 τετάρτην,
781 2089 877 2143 καὶ
917 2087 1203 2160 ὲξαροῦσιν
1250 2088 1307 2139 αἱ
1353 2085 1698 2155 παρεμϐολαὶ
1729 2086 1784 2137 αἱ
1828 2103 2042 2156 παρεμ-

447 2183 749 2237 -ϐάλλουσαι
778 2181 913 2252 πρὸς
961 2181 1191 2252 βορρᾶν”
1224 2178 1470 2250 σημασίᾳ
1505 2177 1819 2232 σαλπιοῦσιν
1867 2179 1923 2230 ὲν
1973 2181 2062 2250 τῇ

457 2275 676 2346 ἑξάρσει
699 2273 899 2338 αὐτῶν,
927 2273 1021 2325 καὶ
1041 2273 1170 2326 ὅταν
1193 2269 1544 2340 συναγάγητε
1569 2271 1668 2341 τὴν
1696 2271 2039 2340 συναγωγὴν,

461 2368 772 2430 σαλπιεῖτε,
809 2366 904 2419 καὶ
945 2365 1005 2417 ού
1044 2364 1308 2434 σημασίᾳ.
1352 2362 1461 2415 Καὶ
1496 2363 1545 2416 oi
1586 2363 1692 2415 υίοὶ
1736 2361 1946 2430 Ἀαρὼν
1992 2363 2048 2432 οἱ,

459 2461 624 2529 ἱερεῖς
671 2456 957 2510 σαλπιοῦσι
990 2457 1109 2520 ταῖς
1151 2455 1444 2525 σάλπιγξι’
1483 2455 1577 2509 καὶ
1611 2453 1764 2508 ἔσται
1804 2453 1930 2524 ὑμῖν
1961 2451 2044 2507 νό-

461 2571 522 2622 μι
532 2570 632 2622 μον
657 2549 872 2604 αἰώνιον
907 2551 986 2612 είς
1017 2549 1114 2613 τὰς
1139 2547 1332 2615 γενεάς
1365 2547 1536 2620 ὑμῶν.
1562 2567 1579 2599 ι

534 2641 746 2694 ΠᾹΛΛ.
780 2639 846 2692 Τί
885 2639 949 2711 δὴ
972 2633 1064 2693 οὖν
1096 2637 1205 2709 ἄρα
1235 2637 1413 2708 φαμὲν
1449 2638 1548 2706 τὴν
1582 2637 1691 2691 τῶν
1727 2637 2043 2706 σαλπίγγων

457 2727 601 2785 εἶναι
631 2731 817 2796 δυάδα,
843 2731 936 2784 καὶ
958 2730 1056 2794 τὰς
1077 2729 1186 2782 τῶν
1217 2730 1502 2802 σημασιῶν
1531 2730 1811 2800 διαφορὰς,
1849 2729 2044 2796 ὲλατάς

459 2823 515 2876 δὲ
542 2822 660 2875 ἀνθ’
692 2822 836 2886 ὅτου,
868 2821 962 2874 καὶ
993 2819 1052 2884 ἐξ
1080 2819 1323 2891 ἀργύρου
1356 2819 1465 2872 δεῖν
1501 2818 1773 2873 ποιεῖσθαι
1816 2819 2043 2890 προστέ-

461 2932 629 2985 ταχε;

535 3007 701 3060 ΚΥΡ.
733 3005 837 3058 Δύο
865 3005 963 3077 μὲν
1005 3000 1098 3057 οὖν
1140 3005 1195 3058 at
1234 3004 1563 3072 σάλπιγγεςο
1595 3003 1813 3057 διπλοῦν
1854 3004 1962 3074 γὰρ
1988 3007 2044 3057 ἐν
2072 3055 2113 3077 η

464 3097 786 3167 ἐκκλησίαις
822 3097 882 3150 τὸ
921 3099 1018 3167 τῆς
1062 3095 1460 3167 παρακλήσεως
1497 3094 1788 3166 κήρυγμα·
1837 3093 1894 3146 ἓν
1945 3094 2044 3165 μὲν

465 3192 577 3261 γὰρ
602 3191 683 3254 είς
705 3190 971 3260 ὀρθότητα
1000 3189 1097 3259 τὴν
1123 3187 1461 3258 δογματικὴν
1496 3186 1764 3258 ἀποφέρει
1789 3188 1915 3248 τοὺς
1946 3203 2044 3239 πε-

465 3282 846 3346 πιστευκότας,
878 3281 972 3335 καὶ
995 3279 1086 3332 τὸν
1108 3278 1214 3332 τῶν
1242 3278 1690 3350 διεστραμμένων
1715 3278 2045 3348 κατακιϐδη-

463 3375 609 3429 λεύει
637 3374 795 3442 λόγον
814 3390 827 3403 ·
858 3373 1042 3434 ὁποῖός
1072 3389 1154 3435 τις
1177 3367 1245 3442 ἦν
1269 3373 1296 3424 ό
1329 3372 1435 3424 τῶν
1467 3370 1780 3424 κωλυόντων
1827 3373 2044 3441 γαμεῖν,

465 3469 556 3521 καὶ
590 3464 924 3536 ἀσυμφύλως
955 3461 1303 3532 δεδιδαχότων
1340 3461 1635 3530 ἀπέχεσθαι
1659 3459 1984 3532 βρωμάτων,
2012 3460 2048 3515 ἀ

464 3560 492 3612 ὸ
520 3558 653 3618 Θεὸς
685 3557 900 3610 ἔκτισεν
939 3554 1018 3616 εἰς
1055 3552 1355 3623 μετάληψιν
1396 3555 1505 3615 τοῖς
1543 3554 1769 3615 πιστοῖς.
1805 3551 2048 3604 Καταλο-

466 3648 730 3718 γισαίμην
766 3645 811 3698 δ’
851 3644 917 3699 ἂν
965 3646 1022 3698 ὲν
1054 3643 1263 3705 τούτοις
1305 3641 1401 3694 καὶ
1446 3642 1572 3705 τοὺς
1611 3641 1719 3694 τῶν
1779 3641 2049 3696 Ἰουδαίων

466 3737 807 3810 καθηγητὰς,
844 3736 894 3789 οἳ
935 3733 997 3788 τὸ
1046 3733 1124 3804 τῷ
1168 3732 1299 3804 θείῳ
1351 3733 1499 3804 νόμῳ
1542 3732 1906 3804 τετιμημένον
1954 3733 2048 3786 καὶ

465 3829 657 3885 δοκοῦν
699 3828 956 3900 μεθέντες
1010 3825 1085 3889 ὼς
1130 3824 1329 3887 ἕωλον,
1386 3823 1481 3876 καὶ
1529 3823 1712 3891 ὀλίγου
1767 3822 2048 3887 παντελῶς

466 3921 742 3987 ἀξιοῦντες
770 3919 963 3986 λόγου,
1002 3918 1122 3977 ταῖς
1153 3915 1304 3986 παρὰ
1352 3914 1500 3982 σφῶν
1540 3912 1910 3978 διδασκαλίαις
1953 3915 2048 3968 καὶ

469 4009 827 4084 ἀνθρωπίνοις
861 4006 1157 4076 ὲντάλμασι
1202 4001 1733 4073 προσανακεκλίσθαι
1774 4003 1884 4056 δεῖν
1923 4003 2048 4066 τοὺς

469 4097 894 4169 παιδευομένους
941 4095 1210 4148 ἐκέλευον.
1255 4093 1364 4145 Καὶ
1397 4092 1575 4162 ἕτεροι
1619 4091 1678 4144 δέ
1712 4108 1855 4154 τινες
1890 4109 2046 4162 περι-

466 4187 758 4261 τέμνεσθαι
781 4185 906 4248 τοὺς
931 4184 988 4235 ὲν
1011 4179 1650 4250 πίστειδεδικαιωμένους
1665 4177 2048 4239 ἀσυνετοῦντες

467 4281 775 4342 ἐδίδασκον,
809 4276 898 4328 ἵνα
943 4276 1001 4326 ὲν
1038 4276 1098 4344 τῇ
1151 4271 1408 4342 ἀλλοτρία
1462 4269 1627 4340 σαρκὶ
1681 4270 2047 4339 καυχήσονται

467 4373 608 4427 κατὰ
653 4372 715 4424 τὸ
769 4365 1176 4440 γεγραμμένον.
1219 4363 1358 4440 έΑλλ’
1399 4362 1616 4431 ἐλέγετο
1652 4361 1782 4434 περὶ
1828 4360 2041 4414 αὐτῶν·

472 4484 492 4518 ι
522 4463 670 4528 Ἐξω
689 4463 814 4524 τοὺς
835 4459 1025 4521 κύνας,
1051 4457 1154 4522 ἔξω
1177 4457 1302 4518 τοὺς
1331 4454 1532 4516 κακοὺς
1557 4452 1813 4523 ἐργάτας.
1848 4471 1866 4504 ι
1895 4451 2046 4504 Ἕτε-

470 4574 558 4627 ρον
586 4555 642 4608 δὲ
668 4553 804 4623 πρὸς
832 4550 1027 4620 ἠθικὴν
1057 4546 1430 4617 ἐπανόρθωσιν
1464 4543 1678 4611 ξεναγεῖ
1697 4583 1711 4608 ,
1741 4543 1835 4596 καὶ
1860 4543 1958 4613 τῆς
1989 4543 2046 4596 ὲν

468 4644 689 4718 Χριστῷ
722 4643 993 4704 πολιτείας
1024 4638 1441 4694 καταλευκαίνει
1475 4635 1574 4707 τὴν
1600 4635 1740 4688 ὁδόν.
1785 4635 2050 4707 ’Λργυραῖ

465 4742 519 4794 δὲ
555 4740 612 4794 αἱ
646 4738 965 4805 σάλπιγγες·
1004 4734 1102 4804 τὴν
1153 4733 1241 4785 ἐπ’
1275 4733 1478 4802 ἀμφοῖν
1523 4731 1636 4782 τοῖν
1683 4728 1864 4795 λόγοιν
1910 4726 2047 4797 λαμ-

466 4832 732 4902 πρότητα,
783 4828 877 4880 καὶ
907 4827 968 4879 τδ
1000 4827 1138 4893 ἄγαν
1179 4821 1470 4892 εἰλικρινὲς
1491 4835 1504 4849 ⁸
1532 4819 1609 4883 ὡς
1641 4820 1698 4872 ἐν
1745 4816 1850 4887 ἰδίᾳ
1889 4815 2047 4885 φύσει

466 4925 558 4992 τῆς
590 4921 723 4992 ὒλης
757 4921 885 4991 ὑμῖν
914 4915 1318 4988 ὑποφαινούσης
1351 4913 1600 4976 ἀστείως.
1643 4912 1729 4963 Ἐν
1755 4910 1813 4963 δέ
1839 4923 1902 4977 γε
1925 4909 2046 4973 ταῖς

469 5012 788 5081 σάλπιγξιν,
829 5007 1238 5070 ἀνακαλείσθω,
1272 5006 1438 5076 φησὶν
1461 5044 1476 5069 ,
1526 5003 1620 5056 ὲπὶ
1646 5001 1746 5071 τὴν
1780 5001 1985 5072 σκηνὴν
2016 5000 2045 5052 ό

465 5105 610 5168 λαός.
656 5103 995 5177 Κηρύγμασι
1033 5101 1142 5172 γὰρ
1174 5100 1301 5162 τοὺς
1329 5101 1385 5151 ἐν
1417 5096 1639 5166 σκηναῖς
1663 5093 1851 5165 ὥσπερ
1888 5092 2044 5154 ἰδίαις

469 5197 859 5268 συναγείρομεν
906 5196 986 5258 εἰς
1033 5191 1356 5262 ἐκκλησίας·
1404 5187 1912 5260 συνδεδραμηκότας
1963 5186 2040 5249 δὲ,

466 5291 561 5342 καὶ
591 5288 848 5359 ἀπαίρειν
883 5284 1247 5355 ἀναπείθομεν
1283 5286 1348 5338 ἐκ
1379 5281 1488 5336 τῶν
1535 5281 1823 5350 αίσχιόνων
1855 5278 1947 5330 ἐπὶ
1974 5278 2044 5330 τὰ

465 5381 746 5453 πρέποντα
767 5382 881 5443 τοῖς
908 5379 1283 5450 ἡγιασμένοις,
1305 5375 1398 5428 καὶ
1423 5375 1585 5428 οἱονεὶ
1616 5370 2043 5443 μεθορμίζεσθαι

465 5473 602 5543 πρὸς
637 5473 698 5525 τδ
738 5472 941 5540 ἀγαθὸν
987 5473 1053 5522 ὲκ
1099 5468 1431 5538 φαυλότητος
1468 5461 1526 5519 εὖ
1577 5465 1722 5535 μάλα
1775 5480 2044 5534 μεταπαι-

536 5669 579 5702 ⁸⁰
599 5635 763 5727 Num.
791 5682 864 5732 ιιι,
891 5663 941 5716 8.
1023 5663 1064 5693 ³⁸
1092 5659 1259 5716 lCor.
1293 5675 1399 5724 xxv,
1427 5657 1512 5712 ιο.
1592 5657 1634 5690 ³⁸
1659 5656 1822 5712 Num.
1849 5674 1902 5726 ι,
1930 5655 1954 5709 ιι
1983 5669 2041 5710 se

2217 5652 2262 5683 ³³
2295 5651 2317 5706 l
2348 5650 2491 5714 Tim:
2519 5665 2592 5718 IV,
2617 5651 2670 5706 5.

2135 443 2428 507 sententia,
2456 442 2744 514 signiﬁcat,
2777 444 2869 514 qui
2904 442 3183 498 Christum
3209 445 3365 514 sequi
3397 447 3710 512 statuerint,

2133 548 2230 588 eos
2259 534 2422 589 etiam
2457 551 2731 601 sermone,
2762 536 2854 606 qui
2897 535 2964 590 ad
2999 534 3380 592 fortitudinem
3406 544 3579 607 atque
3608 537 3709 591 ho-

2135 634 2423 692 nestatem,
2456 642 2578 697 qua:
2601 636 2818 683 sanctos
2841 628 3020 693 decet,
3049 630 3393 695 exhortetur,
3419 629 3667 700 indigere
3693 647 3708 683 :

2135 719 2212 772 ait
2243 719 2428 772 enim:
2473 738 2491 768 ι
2534 717 2727 774 Omnia
2768 721 2995 776 honeste
3027 731 3082 776 et
3121 721 3424 777 secundum
3458 721 3711 775 ordinem

2138 811 2270 864 ﬁant
2297 811 2361 864 ".
2396 829 2414 861 ι
2458 809 2590 880 Ejus
2626 811 2757 865 item
2801 811 2882 865 rei
2913 811 3084 882 ﬁgura
3122 822 3206 868 est
3239 813 3293 867 id
3340 813 3486 882 quod
3515 828 3712 868 conse-

2137 911 2373 972 quenter
2416 902 2681 972 scriptum
2728 901 2992 974 legimus;
3032 904 3112 959 sic
3154 905 3302 961 enim
3354 906 3534 975 inquit
3570 905 3718 960 Deus

2131 991 2205 1044 ad
2237 990 2458 1062 Moysen
2486 1005 2768 1045 sacrorum
2800 992 3200 1061 interpretem:
3238 1012 3257 1044 (
3295 993 3403 1052 Fac
3439 993 3540 1048 tibi
3578 993 3718 1049 duas

2141 1082 2299 1136 tubas
2332 1081 2595 1146 ductiles;
2633 1091 2919 1152 argenteas
2965 1081 3132 1136 facies
3177 1098 3292 1146 eas,
3326 1091 3380 1136 et
3414 1092 3580 1138 erunt
3615 1081 3716 1136 tibi

2147 1174 2214 1229 ad
2242 1174 2648 1228 eonvocandam
2678 1187 3027 1244 synagogam,
3051 1183 3104 1227 et
3133 1173 3199 1227 ad
3225 1182 3403 1228 castra
3425 1171 3714 1228 movenda.

2139 1268 2207 1321 Et
2247 1283 2412 1322 canes
2447 1268 2502 1320 in
2545 1267 2674 1331 illis,
2705 1275 2760 1322 et
2788 1266 3214 1336 congregabitur
3241 1267 3422 1321 omnis
3449 1282 3716 1338 synagoga

2137 1357 2208 1411 ad
2251 1365 2464 1425 portam
2501 1356 2844 1410 tabernaculi
2890 1355 3211 1410 testimonii.
3247 1355 3401 1422 Quod
3438 1355 3480 1410 si
3517 1354 3572 1408 in
3611 1370 3719 1408 una

2128 1446 2466 1511 cecinerim,
2509 1448 2734 1500 venient
2781 1446 2848 1501 ad
2898 1455 2953 1500 te
2995 1461 3190 1502 omnes
3238 1447 3516 1518 principes
3551 1446 3723 1502 duccs

2133 1537 2305 1593 Israel
2338 1555 2351 1589 :
2381 1545 2436 1592 et
2465 1537 2674 1592 canetis
2695 1536 2908 1607 signum
2932 1538 3257 1602 secundum,
3288 1547 3344 1593 et
3365 1537 3721 1608 proﬁciscen-

2141 1637 2234 1682 tur
2273 1637 2453 1683 castra
2497 1645 2618 1698 qua:
2666 1629 3021 1684 tetenderunt
3059 1629 3127 1684 ad
3170 1631 3480 1694 orientem;
3512 1640 3567 1685 et
3625 1646 3720 1685 ca-

2141 1721 2287 1774 netis
2323 1719 2538 1790 signum
2575 1721 2830 1784 alterum,
2859 1731 2914 1776 et
2939 1722 3342 1792 promovehunt
3376 1732 3553 1778 castra
3598 1733 3720 1792 quae

2141 1810 2495 1866 tetenderunt
2523 1811 2590 1865 ad
2617 1821 2896 1866 austrum:
2921 1821 2977 1868 et
3000 1813 3210 1868 canetis
3232 1814 3446 1884 signum
3471 1813 3718 1880 tertium,

2141 1912 2197 1957 et
2228 1903 2630 1972 promovebunt
2672 1915 2851 1960 castra
2891 1921 3012 1975 qua:
3043 1905 3394 1961 tetenderunt
3436 1906 3502 1962 ad
3537 1923 3718 1975 mare;

2147 1994 2306 2064 166
2329 2003 2384 2048 et
2422 1994 2630 2049 canetis
2664 1995 2878 2065 signum
2922 2006 3200 2065 quartum,
3229 2003 3285 2050 et
3319 1996 3724 2067 promovebant

2144 2094 2323 2140 castra
2373 2101 2494 2156 quae
2542 2087 2893 2142 tetenderunt
2939 2087 3007 2142 ad
3045 2089 3357 2159 aquilonem
3396 2106 3409 2142 :
3446 2089 3598 2160 signa
3628 2103 3723 2143 ca-

2143 2189 2275 2232 nent
2308 2178 2364 2232 in
2408 2180 2752 2248 promotione
2795 2195 2987 2234 eorum
3019 2197 3031 2232 :
3059 2189 3134 2245 et,
3165 2180 3385 2250 quando
3423 2195 3722 2252 congrega-

2144 2267 2276 2322 hitis
2301 2284 2648 2340 synagogam,
2694 2269 2823 2324 tuba
2851 2278 3060 2324 canens
3098 2271 3341 2342 quidem,
3367 2272 3462 2328 sed
3495 2289 3608 2327 non
3642 2273 3720 2327 si-

2143 2374 2330 2430 gnum.
2359 2358 2432 2414 Et
2481 2359 2576 2414 ﬁlii
2624 2359 2806 2415 Aaron
2854 2360 3168 2416 sacerdotes
3211 2373 3408 2418 canent
3441 2365 3629 2421 tubis:
3666 2374 3724 2422 et

2143 2453 2249 2506 erit
2277 2452 2435 2506 vobis
2474 2453 2778 2524 legitimum
2822 2452 3217 2524 sempiternum
3247 2455 3303 2509 in
3342 2458 3724 2530 generationes

2144 2551 2356 2599 vestras
2384 2545 2448 2597 “.
2482 2563 2499 2596 ι

2215 2633 2412 2690 PALL.
2455 2635 2596 2702 Quid
2641 2636 2807 2708 igitur
2835 2636 2970 2693 illud
3006 2637 3263 2693 tubarum
3291 2655 3391 2711 par
3421 2657 3542 2698 esse
3582 2643 3724 2699 dici-

2145 2727 2309 2782 mus?
2338 2727 2538 2797 quidve
2576 2729 2860 2800 signorum
2902 2729 3276 2786 diﬁ‘erentias?
3308 2732 3540 2790 ductiles
3580 2751 3727 2807 pra:-

2142 2828 2318 2884 terea,
2343 2829 2398 2874 ct
2419 2836 2484 2874 ex
2507 2830 2734 2892 argento
2757 2837 2866 2892 qua
2894 2822 2962 2878 de
2986 2838 3152 2878 causa
3179 2823 3295 2880 ﬁeri
3316 2825 3515 2895 jussit?

2215 3001 2371 3058 CYR.
2419 3003 2548 3059 Duae
2585 3004 2806 3074 quidem
2832 3007 2978 3062 tubae
3005 3025 3018 3060 :
3056 3007 3256 3078 duplex
3283 3019 3368 3065 est
3393 3010 3449 3066 in
3479 3013 3729 3070 ccclesiis

2147 3108 2322 3162 genus
2353 3092 2420 3147 ad
2458 3093 2788 3152 hortandum
2829 3098 3255 3153 accommodata:
3298 3101 3725 3170 praedicationis,

2149 3198 2386 3252 quorum
2419 3184 2654 3238 alterum
2687 3185 2765 3240 ad
2811 3199 2959 3242 recta
2990 3188 3245 3259 dogmata
3279 3191 3570 3248 credentes
3598 3210 3727 3264 per-

2149 3271 2320 3336 ducit,
2351 3288 2415 3327 ac
2457 3289 2843 3342 perversorum
2893 3277 3181 3332 hominum
3226 3295 3537 3340 sermonem
3578 3285 3731 3341 velut

2148 3363 2521 3418 adulteratam
2568 3373 2752 3432 notat;
2801 3368 2980 3437 qualis
3021 3384 3203 3425 sermo
3240 3386 3430 3425 eorum
3462 3383 3582 3429 erat
3632 3377 3730 3446 qui

2150 3455 2520 3526 prohibebant
2542 3457 2771 3522 nubere,
2800 3468 2856 3513 et
2888 3459 3283 3522 absurdissime
3310 3461 3583 3519 docebant
3603 3466 3732 3521 abs-

2149 3547 2326 3602 tinere
2370 3564 2401 3602 a
2434 3547 2595 3612 cibis,
2624 3564 2764 3619 quos
2782 3551 2926 3606 Deus
2949 3553 3181 3618 creavit,
3210 3553 3277 3608 ad
3311 3556 3730 3628 percipiendum

2151 3639 2405 3697 ﬁdelibus
2435 3641 2480 3674 ³⁸
2509 3659 2521 3696 :
2555 3642 2609 3697 in
2653 3642 2741 3698 his
2785 3646 3159 3702 recensuerim
3203 3648 3370 3704 etiam
3410 3650 3731 3708 Iudaeorum

2150 3733 2436 3799 doctores;
2485 3733 2578 3804 qui
2617 3733 2672 3790 id
2716 3735 2865 3805 quod
2899 3746 3020 3792 erat
3058 3738 3244 3796 divina
3277 3741 3396 3811 lege
3437 3743 3732 3812 probatum

2149 3830 2312 3892 atque
2344 3823 2636 3887 sancitum,
2666 3832 2927 3894 tanquam
2967 3827 3178 3882 scilicet
3213 3829 3522 3886 obsoletum
3559 3844 3729 3898 esset,

2149 3913 2493 3983 abjicientes,
2539 3930 2721 3984 neque
2766 3916 2878 3971 ullo
2926 3933 3158 3973 numero
3195 3919 3483 3987 habentes,
3521 3923 3577 3978 in
3615 3907 3733 3983 suis

2150 4002 2436 4066 doctrinis,
2467 4003 2828 4073 humanisque
2867 4005 3139 4062 mandatis
3161 4007 3461 4078 discipulos
3504 4015 3727 4084 acquie-

2149 4089 2612 4160 scerejubebant;
2645 4093 2750 4148 Alii
2797 4110 3019 4164 quoque
3064 4100 3313 4160 nonnulli
3354 4117 3451 4158 eos
3485 4105 3728 4161 circum-

2148 4183 2281 4247 cidi,
2309 4185 2404 4254 qui
2445 4183 2550 4240 ﬁde
2592 4185 2874 4256 iustiﬁcati
2915 4201 3121 4257 essent,
3150 4194 3316 4249 stulte
3349 4194 3640 4266 docebant,
3670 4209 3732 4257 ut

2152 4273 2208 4328 in
2251 4274 2430 4330 aliena
2469 4291 2634 4331 carne
2677 4277 3066 4347 gloriarentur,
3089 4289 3153 4335 ut
3178 4285 3442 4354 scriptum
3481 4296 3586 4342 est.
3624 4290 3731 4346 Sed

2151 4365 2219 4421 de
2263 4366 2369 4422 illis
2407 4368 2616 4423 dictum
2646 4378 2774 4424 est:
2821 4390 2838 4421 ι
2869 4371 3024 4426 Foris
3052 4388 3235 4440 canes,
3261 4375 3396 4432 foris
3432 4380 3560 4433 mali
3596 4397 3732 4451 ope-

2149 4461 2281 4516 rarii
2308 4461 2370 4516 “.
2407 4482 2425 4513 ι
2455 4464 2704 4517 Alterura
2730 4478 2865 4519 vero
2889 4479 3061 4533 genus
3086 4465 3155 4520 ad
3185 4480 3400 4522 morum
3429 4472 3733 4527 correctio-

2150 4568 2278 4607 nem
2310 4552 2484 4618 ducit,
2511 4561 2567 4609 et
2599 4554 2746 4609 illius
2782 4555 2838 4610 in
2865 4554 3086 4611 Christo
3125 4560 3556 4617 conversationis
3586 4563 3732 4620 viam

2150 4640 2410 4695 declarat.
2441 4641 2728 4713 Argenteae
2759 4652 2889 4698 sunt
2920 4658 3086 4713 porro
3123 4645 3269 4699 tubae
3303 4663 3318 4698 :
3356 4646 3413 4700 in
3450 4663 3561 4717 quo
3599 4639 3771 4718 ιιι-θεέ

2148 4734 2267 4800 pria
2302 4733 2508 4788 metalli
2544 4742 2740 4790 natura
2769 4734 3183 4803 praedicationis
3216 4736 3503 4808 utriusque
3545 4740 3731 4809 splen-

2148 4824 2339 4878 dorem
2363 4839 2743 4895 summamque
2764 4826 3140 4882 sinceritatem
3161 4828 3444 4899 eleganter
3467 4833 3728 4889 ostendit.

2152 4913 2325 4968 Tubis
2363 4930 2494 4969 vero
2532 4925 2814 4982 evocetur,
2845 4917 3042 4988 inquit,
3069 4918 3137 4973 ad
3174 4919 3592 4978 tabernaculum
3628 4939 3730 4994 po-

2151 5005 2332 5074 pulus.
2370 5006 2763 5064 Praedicatione
2803 5009 2949 5064 enim
2982 5025 3080 5066 eos
3105 5011 3199 5082 qui
3227 5013 3376 5068 velut
3423 5015 3477 5070 in
3502 5014 3732 5085 privatis

2151 5097 2522 5154 tabernaculis
2571 5099 2809 5172 degunt,
2857 5101 2924 5156 ad
2969 5104 3233 5159 ecclesias
3281 5119 3728 5176 congregamus:

2149 5206 2309 5260 quos,
2335 5191 2428 5246 ubi
2458 5194 2839 5259 convenerint,
2870 5195 3035 5250 etiam
3075 5195 3383 5260 hortamur,
3409 5207 3468 5251 ut
3492 5211 3523 5248 a
3548 5195 3733 5251 minus
3761 5210 3767 5217 '

2151 5282 2380 5340 honeste
2414 5284 2572 5340 factis
2600 5286 2665 5340 ad
2698 5302 2762 5342 ea
2811 5302 2934 5358 quae
2959 5287 3329 5342 sanctiﬁcatos
3360 5285 3609 5341 homines
3631 5286 3731 5341 de-

2145 5384 2292 5442 cent,
2328 5376 2764 5446 proﬁciscantur,
2799 5387 2964 5448 atque
3008 5386 3068 5432 ut
3101 5394 3132 5432 a
3167 5375 3411 5446 nequitia
3447 5375 3515 5430 ad
3557 5377 3734 5434 bonos

2145 5482 2333 5522 mores
2361 5468 2766 5538 quodammodo
2797 5469 3124 5538 demigrent,
3153 5467 3413 5538 praeclare
3446 5467 3728 5526 docemus.

2775 5651 2819 5682 “
2843 5629 3017 5723 Apoc.
3045 5668 3177 5721 χχιι,
3211 5652 3305 5721 15;
3338 5655 3536 5726 Philip.
3564 5670 3641 5722 ιιι,
3669 5654 3723 5712 2.
