3990 6196
256 245 361 301 399

1275 236 1330 292 S.
1375 234 1645 294 CYRILLI
1687 234 2157 293 ALEXANDRINI
2194 235 2531 321 ARCIliEP._

3401 236 3502 292 400

255 363 340 419 An
392 377 526 419 vero
587 359 772 432 negari
831 363 1013 430 potest
1074 356 1207 426 quin
1252 353 1569 426 praedicatio
1616 353 1831 408 facilem

1951 355 2179 426 ῑεύομεν.
2211 357 2284 409 ’Ἦ
2317 357 2438 426 οὐχὶ
2483 356 2639 426 λόγος
2679 357 2760 421 είς
2807 355 3074 429 ὀρθότητα
3103 355 3204 428 τὴν
3245 354 3502 427 δογματι-

254 449 756 526 obsequentcmque
782 453 1078 515 hominem,
1104 458 1160 505 et
1191 448 1340 504 illius
1374 448 1430 502 in
1455 448 1676 504 Christo
1706 450 1832 506 vita:

254 559 447 602 verum
473 556 790 608 amatorem,
816 543 883 598 ad
908 551 1112 597 rectam
1138 540 1456 611 dogmatum
1502 541 1831 597 sententiam

256 655 321 695 ac
346 655 558 695 morum
583 635 978 693 correctionem
1009 633 1309 704 perducat?

326 729 525 785 PALL.
566 729 645 783 lta
675 727 870 782 fateor.

327 818 486 874 CYR.
527 816 698 887 Igitur
748 815 869 869 dua:
909 819 1040 869 sunt
1088 813 1252 877 tubae,
1292 828 1414 884 quae
1458 815 1722 884 populum
1763 813 1832 870 ad

257 904 672 962 tabernaculum
711 912 933 976 cogunt.
964 903 1070 959 Sed
1108 905 1154 958 si
1198 919 1306 958 una
1341 903 1472 958 tuba
1509 903 1830 972 cecinerint,

264 995 462 1064 inquit,
489 995 718 1049 venient
744 993 901 1065 167
937 993 1006 1048 ad
1050 1002 1104 1048 te
1145 1008 1335 1048 omnes
1361 993 1638 1064 principes
1667 994 1834 1051 duces

258 1087 495 1141 filiorum
523 1085 710 1141 Israel.
738 1085 912 1156 Egent
937 1085 1105 1148 enim,
1133 1093 1194 1138 ut
1219 1084 1434 1154 opinor,
1461 1084 1834 1140 admonitione

261 1185 429 1247 atque
495 1177 879 1233 exhortatione
938 1175 1018 1230 illi
1075 1190 1295 1245 quoque
1357 1175 1452 1245 qui
1508 1175 1834 1246 perfectiore

259 1277 386 1323 sunt
412 1267 602 1323 habitu
631 1285 643 1320 :
672 1267 768 1323 sed
806 1283 917 1322 non
955 1274 1124 1331 tanta,
1170 1274 1430 1336 quantam
1462 1267 1694 1336 requirit
1728 1283 1833 1323 cm-

262 1369 380 1413 tera
402 1357 733 1413 multitudo:
761 1357 831 1412 ob
853 1372 1083 1428 eamque
1106 1372 1221 1411 rem
1245 1357 1380 1412 alios
1402 1357 1624 1427 quidem
1646 1372 1836 1413 omnes

265 1449 388 1504 dua:
409 1447 501 1502 vix
521 1456 825 1503 convocant
851 1448 1016 1511 tubae,
1043 1448 1139 1502 sed
1181 1447 1411 1502 eximios
1439 1462 1576 1513 una;
1605 1446 1836 1517 sapienti

262 1554 497 1610 namque
521 1554 693 1610 pauca
719 1546 850 1593 sunt
874 1538 1007 1593 satis
1033 1554 1046 1590 :
1073 1545 1128 1592 et
1153 1537 1493 1591 occasionem
1527 1535 1570 1591 si
1609 1551 1838 1607 accepe-

264 1631 355 1695 rit,
381 1629 604 1701 adjiciet
625 1628 916 1698 reliquum,
939 1629 1092 1699 juxta
1118 1627 1289 1682 illud:
1327 1646 1346 1680 ι
1380 1629 1454 1682 Da
1478 1629 1708 1699 sapienti
1741 1645 1836 1686 oc-

1936 447 2036 518 κὴν
2061 447 2154 500 καὶ
2175 447 2255 511 είς
2283 447 2430 517 ἠθῶν
2456 446 2831 520 ἐπανόρθωσιν
2855 447 3120 520 ἀποφέρει
3152 445 3245 501 τδν
3291 447 3504 516 ἐπιεικῆ

1935 537 2028 592 καὶ
2055 534 2199 608 ζωῆς
2228 538 2327 610 τῆς
2361 539 2417 592 ἐν
2454 537 2675 609 Χριστῷ
2707 537 2928 609 γνήσιον
2956 538 3226 610 ὲραστήνς

2005 714 2213 768 ΠΑΛΛ.
2245 713 2402 768 Οῦτω
2429 714 2590 785 φημί.

2005 805 2167 859 ΚΥΡ.
2200 804 2408 858 Οὐκοῦν
2435 804 2528 858 δύο
2564 804 2661 874 μὲν
2689 804 2746 856 αἱ
2787 802 3104 871 σάλπιγγες,
3140 803 3196 856 αί
3223 800 3510 869 συλλέγου-

1936 913 2027 951 σαι
2064 894 2154 950 τδν
2190 894 2318 952 λαὸν
2359 897 2451 948 ἐπὶ
2479 897 2578 968 τὴν
2624 898 2848 968 σκηνήν.
2899 895 3025 949 Ἐἀν
3072 895 3126 948 δὲ
3175 896 3272 966 μιᾷ
3319 893 3510 947 σαλπί-

1937 1004 2105 1052 σωσι,
2155 987 2325 1059 φησὶ,
2379 987 2835 1059 προσελεύσονται
2895 986 3034 1057 πρὸς
3087 986 3147 1040 σὲ
3207 988 3410 1049 πάντες
3457 985 3508 1038 oi

1935 1075 2195 1145 ἄρχοντες
2227 1075 2461 1146 ἀρχηγοὶ
2507 1075 2639 1128 υἱῶν
2681 1075 2922 1147 Ἰσραήλ.
2953 1077 3073 1128 Δεῖν
3106 1075 3203 1145 μὲν
3233 1073 3341 1145 γὰρ
3379 1075 3508 1128 ὑπο-

1935 1166 2197 1235 λαμϐάνω
2235 1167 2631 1239 παρακλήσεώς
2669 1185 2726 1221 τε
2754 1165 2868 1221 ’καὶ
2902 1168 3248 1240 προτροπῆς,
3282 1168 3509 1230 καὶτοῖς

1935 1261 2034 1331 τὴν
2059 1260 2172 1327 ’ἑξιν
2191 1261 2545 1332 τελειοτέροις
2568 1300 2581 1324 ,
2627 1259 2765 1330 πλὴν
2790 1259 2850 1312 ού
2871 1259 3139 1329 τοσαύτης
3168 1260 3411 1330 ὅσησπερ
3443 1258 3509 1311 ἂν

1935 1353 2106 1407 δέοιτο
2127 1354 2221 1407 καὶ
2254 1354 2286 1424 ή
2315 1353 2424 1406 τῶν
2461 1352 2661 1422 ἐτέρων
2691 1349 2926 1422 πληθύςο
2949 1350 3037 1404 διά
3070 1351 3222 1404 τοῦτο
3255 1352 3379 1414 τοὺς
3412 1350 3510 1420 μὲν

1937 1445 2129 1509 ἄλλους
2177 1445 2424 1507 ἅπαντας
2467 1443 2559 1496 δύο
2609 1442 2763 1512 μόλις
2805 1441 3137 1496 ἀνακαλοῦσι
3188 1441 3508 1510 σάλπιγγες,

1943 1537 2039 1610 μία
2081 1537 2136 1590 δὲ
2182 1536 2310 1600 τοὺς
2352 1535 2789 1606 ἐξειλεγμένους·
2832 1535 2992 1606 ἀρκεῖ
3045 1534 3154 1605 γάρ
3212 1535 3392 1603 ὀλίγον
3432 1535 3512 1606 τῷ

1942 1627 2110 1699 σοφῷ,
2146 1628 2238 1682 καὶ
2276 1627 2526 1700 ἀφορμὴν
2554 1629 2603 1681 εί
2642 1627 2818 1694 λάϐοι,
2859 1627 3157 1698 προσθήσει
3203 1627 3265 1680 τὸ
3303 1625 3509 1691 λεῖπον,

262 1721 562 1785 casionem,
594 1727 650 1774 et
693 1718 992 1788 sapientior
1035 1718 1173 1784 erit;
1219 1729 1413 1772 notum
1461 1718 1548 1773 fac
1586 1719 1752 1790 justo,
1778 1727 1837 1774 et

1951 1721 2084 1776 κατά
2120 1721 2181 1775 τὸ
2207 1739 2222 1752 ·
2276 1739 2297 1773 ι
2336 1721 2490 1774 Δίδου
2538 1720 2687 1792 σοφῷ
2730 1719 3017 1793 ἀφορμὴν,
3070 1720 3164 1773 καὶ
3206 1706 3541 1792 σοφώτερος.

263 1813 483 1885 adjiciet
521 1811 770 1883 accipere
795 1811 859 1865 ⁸⁵.
893 1831 911 1864 ι
944 1810 1150 1866 Deinde
1176 1811 1338 1881 jussit
1391 1818 1452 1865 ut
1486 1817 1722 1884 quatuor
1746 1811 1840 1866 da-

263 1913 458 1960 rentur
503 1904 784 1975 signorum
829 1902 1174 1966 differentiae,
1201 1902 1402 1972 quibus
1442 1909 1620 1956 castra
1650 1918 1838 1958 move-

266 2004 478 2062 rentur,
502 2011 566 2051 ac
589 1994 1072 2068 proﬁciscerentur
1115 1993 1209 2064 qui
1253 1992 1322 2048 ad
1367 1992 1638 2048 orientem
1666 2003 1723 2050 et
1751 2009 1843 2050 oc-

267 2092 572 2154 cidentem,
618 2087 928 2158 aquilonem
971 2094 1027 2141 et
1071 2093 1320 2140 austrum
1366 2094 1582 2139 essent-
1613 2101 1712 2156 per
1737 2086 1842 2142 hoc

269 2181 436 2252 igitur
467 2179 705 2235 arbitror
741 2185 979 2249 quatuor
1011 2176 1430 2246 Evangeliorum
1469 2175 1642 2230 libros
1672 2176 1842 2248 signi-

258 2272 443 2336 .licari,
469 2286 567 2342 per
589 2284 728 2341 quos
749 2269 1065 2340 dogmatum
1101 2266 1266 2322 simul
1310 2281 1374 2321 ac
1419 2282 1634 2322 morum
1668 2269 1845 2323 scicn—

272 2364 346 2418 tia
383 2363 678 2418 universus
712 2358 866 2415 orbis
889 2357 1174 2414 imbuitur.
1199 2356 1280 2414 Ac
1303 2358 1350 2413 si
1380 2357 1532 2413 aliud
1561 2357 1843 2429 quidpiam

267 2452 688 2525 excogitandum
714 2450 1117 2522 dicendumque
1143 2450 1234 2516 sit,
1264 2449 1403 2506 nihil
1432 2451 1841 2517 cunctabimus;

268 2554 326 2602 et
352 2544 565 2601 inertia:
594 2559 660 2599 ac
697 2542 875 2598 labori
901 2542 1157 2597 utilitatis
1181 2541 1678 2597 considerationem
1703 2557 1844 2612 prte-

271 2633 532 2688 feremus.
555 2631 768 2687 Nostra:
791 2629 957 2702 igitur
977 2629 1386 2702 praedicationis
1403 2639 1638 2701 quatuor
1655 2631 1848 2688 discri-

270 2723 422 2783 mina
463 2720 826 2791 reperiemus,
869 2735 973 2790 per
1012 2735 1135 2791 qua:
1178 2720 1470 2777 universus
1510 2722 1662 2778 orbis
1706 2723 1850 2796 opti-

268 2827 440 2878 mam,
468 2826 534 2868 ac
554 2826 747 2866 revera
776 2810 1218 2882 probatissimam
1249 2811 1375 2868 vita:
1407 2812 1672 2869 rationem
1698 2822 1850 2870 tene-

275 2903 384 2968 bit;
407 2917 577 2956 unum
597 2916 666 2956 ac
687 2899 945 2971 primum,
975 2916 1085 2972 quo
1111 2902 1179 2956 ad
1203 2902 1452 2958 veritatis
1479 2904 1848 2974 cognitionem

1940 1814 2111 1871 ἔσται’
2135 1813 2367 1884 γνὼριζε
2388 1812 2600 1884 δικαίῳ,
2632 1813 2726 1868 καὶ
2745 1812 3044 1883 προσθήσει
3068 1811 3162 1866 τοῦ
3183 1811 3449 1881 δέχεσθαι.
3485 1829 3504 1862 ι

1941 1901 2072 1960 Εἶτα
2109 1904 2444 1979 προστέταχε
2474 1904 2744 1974 τέσσαρας
2780 1903 3049 1957 ποιεῖσθαι
3079 1901 3363 1974 σημασιῶν
3397 1902 3510 1955 διαο

1941 1997 2112 2070 φορὰς
2134 2036 2149 2060 ,
2179 1995 2318 2049 ὥστε
2350 1996 2416 2048 δι’
2447 1993 2625 2048 αὐτῶν
2647 1990 3040 2061 ἀναζευγνύναι
3061 2009 3120 2045 τε
3140 1992 3235 2046 καὶ
3259 1989 3511 2061 ἀπαίρειν

1941 2088 2065 2151 τούς
2097 2105 2154 2140 τε
2200 2086 2336 2158 πρὸς
2365 2085 2446 2156 ἠῶ
2478 2085 2572 2139 καὶ
2621 2084 2762 2148 λίϐα,
2809 2083 2981 2156 βορρᾶ
3013 2084 3106 2137 καὶ
3147 2083 3297 2137 νότον
3317 2098 3330 2112 ⁸
3361 2078 3510 2151 οἶμαι

1941 2174 2033 2232 οὖν
2067 2177 2165 2242 τὰς
2192 2177 2466 2248 τέσσαρας
2499 2177 2635 2247 ἡμῖν
2675 2174 2781 2228 τῶν
2815 2173 3162 2243 Εὑαγγελίων
3195 2173 3512 2243 συγγραφὰς

1941 2267 2029 2322 διὰ
2059 2267 2248 2322 τούτου
2282 2265 2663 2337 σημαίνεσθαι,
2696 2265 2760 2318 δι’
2792 2259 2864 2318 ῶν
2896 2265 2925 2318 6
2974 2265 3194 2336 σύμπας
3238 2265 3513 2332 παιδαγω-

1943 2363 2119 2429 γεῖται
2148 2359 2352 2430 κόσμος
2385 2357 2518 2429 πρὸς
2555 2355 2892 2428 δογματικήν
2931 2372 2991 2408 τε
3019 2356 3134 2426 ἅμα
3181 2355 3275 2408 καὶ
3321 2355 3514 2425 ἠθικὴν

1945 2451 2277 2519 ἐπιστήμην.
2326 2448 2387 2501 Ei
2416 2447 2473 2501 δὲ
2513 2447 2574 2518 δή
2602 2464 2654 2500 τι
2688 2447 2792 2518 χρὴ
2827 2447 2919 2502 καὶ
2947 2446 3133 2518 ἕτερον
3169 2444 3514 2508 ἐπινοοῦντας

1943 2541 2143 2609 λέγειν,
2189 2540 2596 2611 κατοκνήσομεν
2627 2539 2876 2610 οὐδαμῶς
2895 2577 2910 2601 ,
2958 2535 3125 2592 ὕπνου
3165 2538 3258 2593 καὶ
3301 2537 3516 2610 ἱδρῶτος

1946 2633 2228 2704 κρείττονα
2255 2631 2355 2702 τὴν
2399 2629 2492 2683 τοῦ
2537 2629 2806 2702 χρησίμου
2842 2629 3157 2702 ποιούμενοι
3193 2629 3386 2702 θήραν.
3414 2629 3516 2683 Λό-

1945 2739 2044 2793 γου
2084 2720 2372 2792 τοιγαροῦν
2401 2717 2496 2773 τοῦ
2544 2721 2674 2790 παρ’
2725 2722 2861 2790 ἡμῖν
2910 2719 3179 2791 τέσσαρας
3216 2720 3517 2791 εὑρήσομεν

1947 2813 2046 2878 τὰς
2077 2811 2371 2882 διαφορὰς,
2400 2811 2466 2863 δι’
2493 2804 2567 2864 ὧν
2600 2811 2634 2882 ἡ
2668 2809 2935 2881 σύμπασα
2967 2811 3038 2881 γῆ
3086 2810 3178 2864 τὸν
3212 2810 3431 2882 ἄριστόν
3461 2824 3518 2863 τε

1948 2905 2041 2959 καὶ
2068 2903 2348 2972 εὐδόκιμον
2383 2900 2598 2967 ἀληθῶς
2626 2899 2962 2971 κατορθώσει
2991 2900 3133 2971 βίοψ
3172 2900 3270 2971 μία
3303 2900 3400 2971 μὲν
3428 2896 3522 2954 οὖν

273 3008 339 3048 ac
377 2991 603 3048 luminis
658 2991 828 3047 divini
877 2993 1284 3062 susceptionem
1323 3009 1519 3049 vocare
1555 2997 1847 3053 consuevi-

1954 2997 2068 3048 ἐστι
2093 2995 2190 3048 καὶ⁵
2215 2993 2428 3066 πρώτη,
2458 2993 2526 3046 δι’
2549 2986 2618 3065 ἦς
2654 2992 2789 3064 πρὸς
2813 2993 3108 3061 ἐπίγνωσιν
3137 2992 3390 3063 ἀληθείας
3425 2994 3523 3045 καὶ

268 3102 400 3142 mus
461 3097 559 3140 eos
611 3085 706 3156 qui
739 3091 1005 3140 creatura:
1049 3084 1231 3155 potius
1257 3101 1421 3155 quam
1453 3086 1699 3142 Creatori
1735 3104 1854 3144 scr-

279 3178 468 3243 viunt,
506 3192 572 3232 ac
613 3177 780 3232 stulte
821 3177 968 3248 ligno
1009 3176 1202 3231 dicunt
1237 3193 1250 3231 :
1287 3177 1447 3232 Pater
1474 3193 1631 3234 meus
1667 3195 1726 3235 es
1758 3187 1814 3236 tu
1837 3222 1851 3248 ,

277 3277 332 3324 et
376 3267 546 3341 lapidi
585 3285 599 3322 :
635 3267 719 3323 Tu
736 3283 823 3323 me
869 3266 1105 3339 genuisti
1142 3268 1210 3334 “,
1257 3276 1318 3322 ut
1355 3269 1635 3340 propheta:
1670 3272 1858 3328 verbis

281 3371 423 3416 utar.
461 3360 535 3416 lis
576 3368 760 3416 autem
799 3360 894 3432 qui
931 3361 1046 3432 jam
1090 3360 1463 3428 crediderunt,
1500 3364 1606 3418 tria
1644 3365 1856 3436 reliqua

275 3451 686 3524 praedicationis
741 3467 940 3524 genera
991 3462 1115 3524 apte
1165 3453 1525 3520 convenient;
1582 3454 1854 3525 siquidem

279 3545 444 3599 etiam
484 3544 588 3600 tria
624 3559 744 3601 esse
783 3545 910 3600 vita:
940 3561 1005 3600 ac
1045 3545 1483 3602 conversationis
1509 3563 1704 3618 genera
1733 3548 1854 3604 Sal-

275 3641 439 3689 vator
481 3633 699 3698 docuit;
742 3633 882 3688 dixit
926 3634 1096 3699 enim,
1135 3635 1284 3706 jacta
1321 3635 1414 3690 illa
1447 3636 1503 3691 in
1527 3643 1731 3692 terram
1757 3638 1856 3693 bo-

275 3741 409 3779 nam
447 3723 655 3780 semina
685 3723 881 3779 fecisse
923 3723 1184 3790 fructum,
1215 3740 1387 3780 unum
1422 3726 1643 3797 quidem
1671 3735 1855 3782 cente-

277 3815 505 3878 simum,
544 3809 780 3868 alterum
815 3828 948 3869 vero
988 3815 1406 3886 sexagesimum,
1441 3817 1661 3872 tertium
1702 3818 1855 3875 deni-

279 3921 390 3975 que
431 3904 768 3959 tricesimum
799 3905 864 3959 ³⁷.
908 3905 1114 3960 Horum
1149 3905 1316 3978 igitur
1353 3908 1649 3980 unicuique
1681 3927 1855 3983 genus

273 3996 416 4051 item
455 4004 540 4050 est
583 3995 856 4065 quoddam
899 3997 1168 4052 sermonis
1211 3999 1444 4054 maxime
1480 4002 1849 4060 conveniens:

281 4103 464 4159 neque
507 4088 655 4144 enim
707 4095 855 4144 recte
901 4087 1213 4154 fecerimus,
1256 4088 1302 4145 si
1347 4090 1606 4162 legitimis
1643 4095 1851 4164 nuptiis

280 4178 630 4249 conjunctos,
656 4177 726 4232 ob
750 4193 982 4249 eamque
1021 4195 1138 4234 rem
1162 4179 1276 4236 Deo
1306 4196 1371 4236 ac
1395 4182 1602 4238 mundo
1623 4183 1849 4252 divisos,

277 4278 341 4323 et
401 4283 496 4323 eos
541 4267 671 4322 item
728 4269 822 4339 qui
867 4271 1371 4340 praestantissimam
1423 4287 1488 4327 ac
1541 4272 1851 4345 religiosam

280 4361 478 4425 vitam,
505 4369 600 4415 aut
639 4369 821 4432 aptam
868 4363 1192 4418 sacerdotali
1228 4363 1440 4418 muneri
1473 4375 1854 4435 susceperunt,
1889 4349 1931 4404 Ῐ)

287 4449 481 4505 iisdem
497 4452 856 4507 sermonibus
887 4452 1040 4506 nullo
1071 4451 1387 4507 discrimine
1404 4452 1675 4522 juvandos
1697 4463 1858 4524 puta-

288 4542 552 4606 verimus,
583 4541 680 4597 sed
717 4542 826 4597 illis
860 4542 1084 4611 quidem
1123 4541 1410 4595 dicemus:
1444 4558 1463 4590 ι
1491 4539 1759 4612 Alligatus
1799 4558 1860 4600 es

289 4633 487 4686 uxori?
528 4631 641 4687 noli
681 4647 929 4702 quaerere
984 4631 1342 4696 solutionem;
1406 4631 1618 4687 solutus
1672 4649 1734 4689 es
1789 4634 1860 4690 ab

289 4725 494 4778 uxore?
515 4724 626 4777 noli
646 4738 897 4794 querere
921 4737 1147 4777 uxorem
1173 4722 1250 4789 an;
1275 4741 1293 4774 ι
1315 4729 1371 4777 et
1395 4737 1736 4796 quaecunque
1754 4726 1860 4781 alia

288 4813 641 4869 matrimonio
678 4813 886 4886 junctis
930 4820 986 4868 et
1027 4815 1232 4869 sentire
1269 4817 1525 4872 convenit
1558 4825 1614 4872 et
1654 4817 1855 4874 facere.

293 4903 582 4974 Religiosis
607 4912 813 4970 autem,
844 4913 901 4960 et
924 4905 1017 4976 qui
1049 4907 1340 4961 severioris
1362 4907 1485 4963 vitae
1509 4909 1858 4979 asperitatem

293 4994 529 5050 tolerare
570 4995 936 5059 decreverint,
967 5015 986 5047 ε
1017 4995 1335 5053 Mortificate
1377 4999 1621 5054 membra
1656 5009 1857 5067 vestra,

291 5099 415 5154 quae
455 5091 583 5138 sunt
622 5098 786 5154 super
824 5093 1026 5140 terram
1054 5126 1069 5150 ,
1130 5085 1577 5153 fornicationem,
1624 5088 1862 5144 immun-

293 5176 506 5241 ditiam,
559 5173 868 5240 libidinem,
930 5176 1430 5246 concupiscentiam
1489 5181 1688 5235 malam
1711 5182 1775 5234 ".
1830 5199 1850 5233 ι

297 5267 459 5338 168
477 5266 545 5321 Et
565 5264 754 5330 illud,¢
777 5265 894 5321 Non
921 5277 1052 5323 sunt
1072 5268 1354 5340 condigna:
1379 5271 1663 5341 passiones
1694 5271 1859 5344 hujus

295 5359 558 5428 temporis
587 5347 656 5414 ad
704 5359 946 5425 futuram
985 5359 1232 5430 gloriam,
1259 5377 1382 5433 qua:
1425 5363 1761 5419 revelabitur
1801 5363 1857 5420 in

295 5449 457 5503 nobis
483 5451 548 5505 ‘°.
586 5469 605 5504 ι
639 5451 712 5508 lis
757 5450 995 5522 denique
1030 5453 1124 5524 qui
1165 5453 1233 5508 ad
1265 5454 1632 5511 sacerdotium
1680 5458 1857 5512 vocati

385 5575 711 5654 ’ἠρτᾯῖιην
734 5580 788 5638 9-
864 5581 910 5619 ³⁸
931 5582 1089 5654 Βρηι.
1115 5601 1155 5653 ι,
1179 5587 1241 5653 7;
1265 5586 1375 5644 Jer.
1403 5603 1462 5654 ιι,
1487 5585 1576 5642 27.

302 5657 394 5711 vn,
421 5643 472 5699 8.
535 5646 580 5677 ⁸ο
604 5643 760 5701 Rom.
793 5666 908 5717 vm,
935 5651 1024 5706 18.

1689 5588 1734 5621 ³⁷
1758 5587 1948 5645 Matth.
1972 5604 2090 5656 xm,
2113 5587 2202 5642 ‘23.
2282 5588 2326 5622 ⁸⁸
2350 5587 2372 5643 ι
2395 5585 2523 5644 Cor.
2549 5602 2645 5653 vn,
2669 5586 2758 5640 27.

1957 3090 2037 3152 είς
2069 3086 2342 3166 ἀνάληψιν.
2373 3085 2516 3140 θείου
2558 3085 2734 3155 φωτὸς
2763 3085 2948 3140 καλεῖν
2985 3084 3266 3156 εἰθίσμεθα
3302 3085 3427 3147 τοὺς
3456 3086 3522 3155 τῇ

1957 3181 2132 3237 κτίσει
2165 3178 2314 3251 παρὰ
2335 3177 2428 3232 τὸν
2461 3177 2699 3249 Κτίστην
2727 3177 3176 3248 λελατρευκότας,
3217 3176 3312 3230 καὶ
3339 3175 3528 3244 λέγονο

1955 3291 2053 3337 τας
2097 3270 2323 3343 ἀμαθῶς
2380 3268 2457 3341 τῷ
2515 3267 2688 3340 ξύλῳ--
2716 3269 2917 3340 Πατήρ,
2946 3284 3050 3338 μου
3102 3265 3153 3321 εί
3185 3267 3272 3332 σὺ,
3325 3265 3528 3336 καὶτῷ

1955 3364 2086 3434 λίθῳ
2111 3380 2127 3396 ’
2168 3363 2245 3416 Σὺ
2278 3360 2574 3432 ἐγέωησάς
2634 3377 2736 3431 με,
2787 3359 2926 3413 κατά
2957 3360 3056 3429 τὴν
3105 3357 3199 3413 τοῦ
3247 3360 3527 3431 προφήτου

1957 3455 2162 3526 φωνήν.
2207 3453 2332 3515 Τοῖς
2378 3469 2442 3521 γε
2486 3454 2592 3523 μήν
2629 3452 2733 3523 ήδη
2782 3449 3233 3512 πεπιστευκόσιν,
3279 3451 3337 3503 αί
3379 3453 3530 3521 τρεῖς

1954 3546 2140 3618 ἕτεραι
2188 3544 2284 3598 τοῦ
2334 3541 2493 3612 λόγου
2544 3543 2798 3613 διαφοραὶ⁵
2851 3541 3108 3612 πρέποιεν
3147 3541 3215 3595 ἂν
3265 3541 3522 3603 είκότωςο

1955 3637 2076 3690 ἐπεί
2100 3654 2181 3690 τοι
2209 3637 2303 3689 καὶ
2334 3636 2483 3705 τρεῖς
2513 3629 2654 3687 εἶναι
2687 3633 2800 3703 βίον
2833 3633 2928 3686 καὶ
2960 3632 3234 3695 πολιτείας
3263 3631 3529 3702 διαφορὰς

1955 3727 2230 3781 ἐδίδασκεν
2269 3729 2297 3780 6
2324 3727 2550 3797 Σωτήρ’
2585 3725 2689 3796 ἔφη
2733 3726 2840 3795 γὰρ
2877 3724 2981 3789 ὅτι,
3005 3724 3073 3776 τὰ
3117 3723 3528 3794 καταόληθέντα

1953 3821 2063 3875 τῶν
2093 3819 2420 3892 σπερμάτων
2450 3818 2542 3870 ἐπὶ⁸
2566 3816 2663 3888 τὴν
2695 3815 2865 3888 καλὴν
2891 3819 2994 3887 γῆν
3043 3816 3266 3886 ἐποίησε
3289 3813 3525 3886 καρπὸν,

1953 3912 1982 3965 6
2007 3911 2104 3982 μὲν
2137 3909 2351 3975 ἑκατὸν,
2379 3906 2408 3962 6
2427 3907 2482 3961 δὲ
2515 3907 2796 3978 ἐξήκοντα,
2825 3907 2853 3960 6
2885 3905 2944 3959 δὲ.
2971 3904 3286 3977 τριάκοντα.
3317 3903 3528 3958 Οὐκοῦν

1953 4002 2069 4057 ἐστί
2094 4020 2176 4066 τις
2201 4002 2415 4073 ἑκάστῳ
2442 4000 2552 4053 τῶν
2578 3998 2836 4052 τοιούτων
2855 4038 2870 4062 ,
2899 3999 2928 4051 6
2953 3997 3102 4068 αὐτῷ
3127 3997 3362 4068 μάλιστα
3395 3996 3529 4069 πρέσ

1955 4112 2074 4150 πων
2102 4093 2259 4162 λόγος
2283 4106 2298 4121 ·
2323 4093 2385 4146 οὐ
2409 4092 2518 4163 γάρ
2549 4109 2633 4144 πω
2659 4089 2891 4161 δρῶντες
2919 4089 3115 4160 ὀρθῶς,
3143 4092 3269 4152 τοὺς
3299 4087 3417 4158 Θεῷ
3437 4089 3531 4141 καὶ

1953 4187 2145 4259 κόσμῳ
2168 4184 2603 4257 μεμερισμένους
2618 4220 2632 4246 ,
2661 4179 2751 4234 διά
2770 4180 2832 4234 τὸ
2852 4183 2992 4234 κατά
3013 4180 3174 4251 νόμον
3199 4178 3529 4249 ὑπεζεῦχθαι

1957 4279 2189 4350 γάμοις,
2221 4277 2316 4330 καὶ
2351 4276 2477 4338 τοὺς
2505 4274 2595 4327 τὸν
2631 4272 2962 4343 πανάριστόν
2993 4289 3054 4326 τε
3094 4273 3188 4326 καὶ
3231 4271 3529 4341 ἀσκητικὸν

1959 4367 2386 4437 ἐπανελομένους
2418 4363 2560 4433 βίον,
2591 4363 2758 4432 ἤγουν
2785 4363 2876 4415 τὸν
2912 4361 3180 4434 ἱερωσύνῃ
3216 4362 3490 4433 πρέποντα
3509 4400 3526 4424 ,

1957 4462 2070 4522 τοῖς
2087 4458 2220 4518 ίσοις
2239 4456 2566 4525 ἀφυλάκτοις
2579 4452 2933 4524 ὼφελήσομεν
2951 4452 3148 4521 λόγοις.
3172 4451 3288 4506 ἀλλ’
3305 4451 3530 4513 ἐκείνοις

1964 4551 2061 4620 μὲν
2098 4546 2362 4620 ἐροῦμεν·
2411 4564 2430 4598 ι
2481 4544 2703 4598 Δέδεσαι
2743 4543 3002 4613 γυναικί;
3041 4543 3116 4613 μὴ
3155 4543 3306 4614 ζήτει
3343 4541 3526 4594 λύσιν⁸

1959 4641 2181 4694 λέλυσαι
2212 4638 2321 4693 ἀπὸ
2349 4636 2640 4707 γυναικόςς
2675 4635 2750 4706 μὴ
2777 4636 2927 4706 ζήτει
2953 4637 3185 4704 γυναῖκα
3203 4650 3218 4665 ο
3256 4654 3274 4686 ι
3317 4633 3410 4687 καὶ
3429 4633 3531 4685 ὅσα

1959 4734 2071 4796 τοῖς
2103 4729 2474 4800 γεγαμηκόσιν
2507 4725 2732 4798 ἁρμόζει
2766 4728 2982 4796 φρονεῖν
3013 4742 3071 4779 τε
3103 4726 3197 4778 καὶ
3227 4724 3379 4795 δρᾷν.
3405 4724 3531 4786 Τοῖς

1960 4839 2026 4892 γε
2071 4822 2178 4893 μὴν
2205 4821 2526 4890 ἀσκητικοίς
2561 4818 2656 4872 καὶ
2689 4819 2972 4889 καρτερεῖν
3017 4816 3307 4885 ἐγνωκόσι·
3362 4833 3380 4866 ι
3429 4815 3530 4867 Νε.

1962 4911 2212 4985 κρώσατε
2245 4909 2317 4965 τά
2343 4909 2483 4980 μέλη
2513 4908 2668 4980 ὑμῶν
2709 4907 2778 4962 τὰ
2817 4907 2911 4961 ἐπὶ
2938 4905 3040 4977 τῆς
3070 4906 3220 4974 πγῆς,
3255 4905 3528 4978 πορνείαν,

1963 5003 2323 5075 ἀκαθαρσίαν,
2345 5002 2537 5067 πάθος,
2557 4998 2848 5071 ἐπιθυμίαν
2868 5000 3064 5068 κακήν.
3087 5017 3106 5050 ι
3135 4999 3242 5050 Καὶ
3263 4996 3344 5062 τὸ,
3373 5015 3390 5046 ι
3421 4997 3534 5047 υᾷκ

1962 5095 2088 5160 ἀξια
2110 5094 2178 5148 τά
2211 5093 2510 5164 παθήματα
2536 5092 2630 5145 τοῦ
2657 5091 2752 5145 νῦν
2786 5089 2979 5159 καιροῦ
3010 5088 3144 5160 πρὸς
3181 5088 3282 5159 τὴν
3313 5087 3534 5158 μέλλου-

1964 5202 2063 5241 σαν
2100 5184 2258 5249 δόξαν
2302 5181 2752 5252 ἀποκαλυφθῆναι
2791 5182 2871 5243 είς
2914 5181 3080 5250 ήμᾶς.
3119 5199 3137 5230 ι
3177 5179 3301 5242 Τοῖς
3346 5177 3403 5231 δὲ
3441 5193 3532 5229 κε-

1963 5276 2254 5346 κλημένοις
2283 5275 2362 5338 είς
2392 5274 2711 5346 ἱερωσύνηνο
2755 5291 2772 5323 ι
2811 5273 2983 5343 Χείλη
3023 5271 3210 5343 ἱερέως
3244 5269 3533 5338 φυλάξεται

1962 5367 2198 5437 γνῶσιν,
2243 5366 2338 5420 καὶ
2381 5365 2543 5435 νόμον
2587 5365 2978 5435 ἐκζητήσουσιν
3027 5365 3091 5416 ἐκ
3133 5361 3396 5431 στόματος
3439 5360 3535 5413 αύ-

1961 5457 2078 5521 τοῦ,
2115 5475 2131 5508 ι
2166 5455 2261 5509 καὶ
2298 5456 2396 5509 ὃσα
2439 5455 2688 5526 Τιμοθέῳ
2718 5453 3003 5524 παρεγγυᾷ
3032 5452 3261 5523 γράφων
3297 5452 3326 5503 6
3360 5448 3536 5518 σοφώ-

2856 5586 2899 5619 ⁸⁹
2922 5583 3131 5641 Coloss.
3177 5599 3256 5649 tu,
3281 5584 3342 5652 5;
3375 5583 3531 5639 Rom.
