3990 6196
475 338 581 397 τοι

1218 355 1303 410 DE
1339 357 1776 418 ADORATIOPIE
1818 365 1882 418 IN
1925 363 2190 420 SPIRITU
2233 365 2318 420 ET
2364 353 2729 420 VERITATE.
2775 361 2902 416 LIB.
2943 359 3008 414 V.

3621 357 3733 414 402'

474 471 632 519 τιτος
675 455 905 523 Παῦλος.
943 455 1088 534 Ἀρά
1118 482 1208 535 μοι
1253 469 1346 521 τοῦ
1379 471 1678 543 πρέποντος
1711 475 1932 546 ἐξέρπει
1974 477 2043 530 τὰ

2155 474 2386 541 fuerint,
2435 494 2453 526 ι
2501 474 2670 530 Labia
2713 470 3017 529 sacerdotis
3061 467 3372 525 custodicnt
3417 467 3722 531 scientiam,

470 547 808 639 minimam,
845 554 939 607 καὶ
987 556 1323 629 ἀποφέρεται
1361 580 1450 618 ποι
1498 565 1635 636 πρὸς
1675 567 1737 619 τὸ
1782 567 1882 621 οὐκ
1928 569 2050 639 ἔχον

469 634 649 706 ὀρθῶς
673 656 688 704 ;

2154 575 2212 624 et
2233 569 2406 638 legem
2437 568 2730 637 exquirent
2768 566 2836 621 dc
2873 579 2971 620 ore
3013 565 3132 635 ejus
3153 565 3227 629 ";
3257 582 3275 614 ι
3303 570 3360 616 et
3387 576 3718 632 quaecunque

2153 660 2222 715 ad
2273 660 2624 714 Timotheum
2679 658 2927 713 scribens
2969 656 3126 728 jubet
3166 655 3253 709 vir
3293 653 3729 724 sapientissimus

472 729 692 824 f‘aulus.
731 735 872 789 Num
924 737 1088 810 igitur
1135 744 1237 810 lim,
1285 764 1422 817 quas
1496 765 1527 805 e
1575 752 1876 822 Scripturis
1922 753 2081 810 attuli
2147 757 2516 822 narrationes,
2557 756 2626 810 ab
2691 769 2761 809 eo
2811 752 2958 824 quod
3009 751 3204 807 deceat
3235 751 3511 814 aberrant,
3555 756 3612 804 et
3659 764 3728 802 eo

470 823 873 892 detorquentur
906 831 1053 898 quod
1086 834 1308 893 minime
1339 847 1550 895 rectum
1582 841 1686 896 sit?

540 921 749 976 ΠΑΛΛ.
781 923 1021 981 Ἦκιστά
1050 947 1133 999 γε.
1157 976 1163 982 .

542 1010 702 1064 ΚΥΡ.
772 1013 1052 1088 Ἐπιτήρει
1111 1021 1193 1094 δὲ,
1233 1023 1316 1077 ὅτι
1381 1025 1564 1095 μόνοις
1604 1007 1886 1098 ’ἀπονέμει
1935 1030 2050 1091 τοῖς

468 1099 717 1168 ἱερᾶσθαι
776 1102 1032 1174 λαχοῦσι,
1086 1109 1148 1164 τὸ
1202 1114 1503 1184 κεχρῆσθαι
1552 1118 1676 1180 ταῖς
1725 1116 2045 1187 σάλπιγξιν·

467 1189 770 1256 ἀνατιθεὶς,
793 1190 948 1265 οἶμαί
983 1214 1109 1261 που,
1142 1204 1255 1264 τοῖς
1280 1201 1388 1257 τῶν
1429 1203 1573 1259 λαῶν
1604 1206 1921 1272 παιδευταῖς
1953 1208 2048 1262 καὶ

465 1282 816 1353 ἡγιασμένοις
843 1289 921 1351 είς
959 1290 1278 1363 ἱερωσύνην,
1304 1295 1398 1348 τὸν
1430 1299 1918 1368 μυσταγωγοῦντα,
1950 1303 2046 1356 καὶ

469 1373 577 1443 μὴν
618 1377 712 1429 καὶ
754 1380 841 1441 είς
864 1379 1051 1448 ἔφεσιν
1089 1385 1291 1455 ἀρετῆς
1321 1389 1686 1459 ὲπαλείιροντα
1721 1392 1898 1461 λόγον.
1947 1394 2045 1448 Διά

426 1507 443 1567 ἱ
469 1463 623 1518 τοῦτο
644 1466 780 1567 γὰρ,
809 1465 984 1567 οἴμαι,
1017 1474 1151 1546 πρὸς
1185 1480 1284 1547 μὲν
1314 1480 1516 1534 Μωσέα
1545 1482 1708 1552 φησί·
1751 1503 1769 1534 ι
1814 1484 2046 1555 Ποίησον

423 1555 679 1669 ἑλσεῗυτῷ
697 1558 802 1669 ἱδύο
820 1560 1154 1663 σάλπιγγας.
1192 1585 1211 1618 ι
1240 1568 1408 1641 Νόμῳ
1431 1571 1488 1624 δὲ
1514 1571 1701 1645 ῶσπερ
1730 1592 2046 1647 κατασφρα-

465 1645 636 1738 γίζῶν
660 1648 723 1702 τὸ
748 1651 963 1722 χρῆμα·
997 1674 1016 1707 ι
1053 1657 1163 1710 Καὶ
1186 1658 1235 1710 οί
1264 1661 1368 1713 υίοὶ
1413 1663 1640 1735 Ἀαρὼν,
1676 1684 1695 1717 ι
1733 1645 1962 1738 φησί’),νι
1995 1671 2044 1722 οἱ

2228 936 2423 993 PALL.
2466 933 2686 989 Minime
2715 946 2864 986 vero.

2225 1028 2380 1084 CYR.
2421 1026 2560 1081 Illud
2586 1032 2768 1079 autem
2809 1020 3210 1076 animadvertas
3240 1018 3425 1081 velim,
3456 1017 3626 1070 Deum
3659 1015 3727 1069 lis

2153 1121 2419 1178 duntaxat
2475 1117 2569 1189 qui
2637 1116 2950 1172 sacerdotes
2996 1113 3158 1169 electi
3204 1119 3420 1176 essent,
3467 1110 3723 1164 tubarum

2153 1228 2313 1269 usum
2351 1211 2621 1276 tribuere;
2665 1207 2811 1279 quod
2853 1205 3040 1276 populi
3077 1203 3286 1259 scilicet
3320 1201 3638 1258 doctoribus
3669 1207 3726 1253 et

2153 1302 2534 1360 sacerdotibus
2573 1297 2907 1355 consecratis
2937 1295 3197 1366 assignet,
3234 1302 3296 1349 ut
3336 1293 3550 1363 opinor,
3583 1307 3724 1360 prae-

2148 1393 2501 1455 dicationem,
2529 1406 2651 1460 qua:
2690 1389 2757 1443 de
2805 1385 3078 1458 mysteriis
3110 1384 3325 1447 doceat,
3354 1391 3410 1438 et
3443 1381 3510 1436 ad
3545 1380 3723 1434 virtu-

2147 1493 2257 1538 tem
2295 1480 2652 1552 expctendam
2699 1478 2968 1533 instituat.
3011 1476 3198 1545 Itaque
3231 1475 3300 1529 ob
3329 1488 3450 1530 eam
3479 1487 3722 1536 causam,

2145 1584 2208 1630 ut
2231 1591 2332 1646 ego
2362 1573 2637 1637 existimo,
2687 1571 2822 1626 dicit
2862 1569 3030 1641 Moysi
3066 1587 3078 1621 :
3118 1588 3135 1618 ι
3170 1567 3275 1621 Fac
3313 1565 3412 1620 tibi
3451 1565 3721 1619 duas'tu-

2145 1662 2244 1717 bas
2275 1663 2339 1716 δ’.
2376 1681 2394 1713 ι
2442 1662 2686 1731 Eamque
2729 1675 2844 1714 rem
2869 1656 3040 1712 veluti
3070 1657 3187 1726 lege
3210 1653 3565 1718 confirmans,
3600 1671 3618 1704 ι
3654 1651 3724 1706 Et

469 1733 667 1804 ἱερεῖς,
705 1739 990 1796 σαλπιοῦσι
1019 1746 1136 1808 ταῖς
1165 1746 1457 1818 σάλπιγξι·
1490 1733 1584 1807 διαὶ
1618 1733 1772 1810 ἔσται
1794 1733 1926 1827 ῦμῖν
1956 1757 2042 1811 νόο

2155 1749 2297 1814 lllii,»
2331 1749 2530 1820 inquit,
2565 1747 2780 1804 «Aaron
2803 1745 3116 1802 sacerdotes
3132 1750 3330 1798 canent
3349 1742 3524 1809 tubis;
3544 1750 3602 1797 et
3614 1741 3722 1796 erit

468 1842 637 1896 μιμον
667 1829 887 1887 αἰώνιον
914 1835 993 1897 είς
1021 1835 1119 1899 τὰς
1145 1841 1338 1904 γενεὰς
1363 1842 1536 1911 ὑμῶν.
1577 1864 1596 1896 ο

538 2012 745 2068 ΠΑΔΛ.
790 2013 1000 2068 Οὐκοῦν
1035 2016 1147 2070 τῶν
1178 2019 1466 2090 σημασιῶν
1498 2023 1626 2088 τοὺς
1654 2025 1919 2096 τρόπους,
1964 2029 2044 2090 είς

463 2105 556 2158 τὸν
585 2105 801 2176 ἑκάστῳ
833 2106 941 2158 τῶν
972 2107 1240 2162 εἰωθότων
1281 2112 1589 2183 εὐδοκιμεῖν
1619 2117 1832 2170 ἐοικότα
1864 2118 2044 2186 λόγον,

465 2196 906 2266 παραδεξόμεθα.
955 2198 1383 2272 Συναπαροῦμεν
1430 2205 1486 2256 δὲ
1527 2205 1669 2258 οὕτω
1700 2207 1794 2261 καὶ
1837 2226 2044 2278 συγκα-

464 2287 771 2358 ταλύσομεν
830 2289 898 2360 τῇ
960 2290 1192 2362 νεφέλῃ,
1254 2295 1534 2360 τουτέστι,
1601 2298 2044 2372 συμϐαδιούμεοα

465 2378 691 2447 νοητῶς,
729 2379 822 2432 καὶ
854 2383 1381 2454 συναναπαυσάμεϐα
1411 2383 1490 2455 τῷ
1517 2385 1761 2459 Χριστῷ.

537 2638 700 2694 ΚΥΡ.
735 2635 808 2695 Εὖ
846 2641 1045 2710 λέγεις.
1086 2645 1250 2700 Τουτὶ⁵
1286 2646 1396 2720 γὰρ
1425 2649 1575 2719 ἡμᾶς
1603 2650 1885 2706 ἀναπείσει
1911 2670 2045 2725 φρο-

465 2730 598 2791 νεῖν,
625 2731 719 2784 καὶ
735 2733 1014 2803 προφήτου
1031 2733 1186 2802 λόγος
1207 2735 1344 2807 ἔχων
1370 2738 1486 2792 ὠδί-
1509 2759 1527 2790 ι
1544 2739 1653 2794 Καὶ
1670 2739 1787 2806 νῦν,
1805 2743 2046 2814 Ἰσραὴλ,

465 2821 518 2873 τί
554 2822 754 2892 Κύριος
777 2827 806 2878 ό
829 2825 959 2887 Θεὸς
986 2828 1234 2898 ἐπιζητεῖ
1261 2829 1413 2900 παρά
1439 2831 1555 2891 σοῦ,
1576 2831 1692 2884 ἀλλ’
1721 2833 1755 2903 ἢ
1784 2832 1846 2885 τὸ
1869 2838 2044 2890 ποιεῖν

469 2915 660 2982 κρῖμα,
691 2915 785 2968 καὶ
818 2916 1040 2986 ἀγαπᾷν
1069 2917 1220 2982 ἔλεος
1239 2958 1252 2980 ,
1285 2921 1378 2973 καὶ
1406 2920 1622 2992 ἕτοιμον
1653 2917 1791 2976 εἶναι
1818 2923 1912 2978 τοῦ
1945 2942 2044 2981 πο-

468 3004 719 3074 ρεύεσθαι
749 3007 886 3075 μετά
917 3008 1121 3078 Κυρίου
1148 3009 1284 3063 Θεοῦ
1317 3026 1448 3077 σου;
1491 3031 1510 3062 ι

536 3193 747 3247 ΠΑΛΔ.
801 3193 933 3246 Ἀλλ’
962 3195 1042 3248 ὅτι
1073 3195 1171 3263 μὲν
1197 3195 1387 3267 χρῆμα
1430 3196 1615 3262 καλὸν,
1649 3202 1743 3253 καὶ
1783 3201 1876 3256 τοῦ
1908 3219 2044 3256 παν-

466 3282 557 3345 τὸς
599 3283 768 3347 ἀξιον,
801 3285 896 3338 καὶ
924 3286 1022 3356 τὴν
1052 3287 1139 3338 ἐπ’
1169 3287 1388 3359 ἀνδρείᾳ
1427 3287 1586 3353 δόξαν
1615 3293 2039 3358 καταπλουτοῦν,

463 3373 526 3426 τὸ
555 3375 880 3445 πορεύεσθαι
917 3378 1054 3448 μετά
1099 3378 1304 3450 Κυρίου
1349 3380 1486 3434 Θεοῦ
1528 3399 1645 3444 σου,
1689 3382 1805 3448 πῶς
1847 3385 1946 3438 οὐκ
1978 3385 2045 3440 ἂν

464 3463 676 3531 γένοιτο
705 3466 907 3536 σαφές;
935 3468 998 3521 Τί
1029 3469 1073 3523 δ’
1100 3469 1168 3524 ἂν
1207 3471 1292 3542 εἴη
1324 3471 1484 3528 πάλιν
1517 3473 1604 3539 τὸ,
1629 3473 1844 3546 ἕτοιμον
1880 3471 2042 3542 εἶναι,

467 3554 702 3625 φράσαις
727 3557 794 3610 ἂν
823 3557 1060 3612 ὲοέλοντί
1085 3577 1196 3630 μοι.

536 3647 698 3703 ΚΥΡ.
743 3649 868 3712 Πῶς
907 3651 1016 3723 γὰρ
1048 3651 1146 3717 οῦς
1174 3652 1268 3706 τοῦ
1296 3652 1405 3724 γὰρ
1437 3657 1654 3724 φρονεῖν
1684 3673 1744 3710 τε
1778 3656 1874 3710 καὶ
1911 3657 2046 3729 δρᾷν

465 3739 776 3806 ἐπείγεσθαι
805 3743 875 3796 τὰ
900 3743 1056 3808 Θεοῦ,
1088 3745 1236 3817 παρά
1263 3748 1426 3812 πόδας
1465 3751 1596 3820 ἡμῖν
1623 3750 1914 3822 κειμένου,
1950 3755 2046 3806 καὶ

465 3831 820 3900 ἀπείργοντος
842 3835 1075 3900 οὐδενὸς,
1101 3835 1224 3890 οὔτε
1255 3838 1363 3909 μὴν
1383 3839 1732 3906 ἀνθέλκοντος
1759 3845 1838 3906 είς
1866 3844 2046 3897 ἀδόκι-

470 3932 567 3984 μον
602 3916 744 3982 νοῦν,
778 3920 954 3984 τοῦτο,
981 3919 1156 3993 οἶμαι,
1185 3925 1300 3980 ἐστι
1333 3927 1391 3982 τὸ
1423 3928 1637 4000 ἕτοιμον
1659 3926 1798 3985 εἶναι
1827 3931 1922 3986 τοῦ
1950 3949 2044 3986 πο-

469 4005 722 4074 ρεύεσθαι
763 4009 902 4078 μετά
937 4011 1092 4066 Θεοῦ.

537 4184 746 4239 ΠΑΛΛ.
801 4187 964 4251 Τίνας
992 4188 1047 4242 δὲ
1079 4189 1216 4254 ὅλως
1255 4187 1392 4246 εἷναί
1429 4211 1610 4264 φαμεν
1648 4195 1775 4258 τοὺς
1820 4197 2046 4251 ἀκολου-

467 4272 578 4325 θεῖν
601 4273 680 4344 τῷ
705 4274 823 4346 Θεῷ
847 4276 1148 4347 ἐθέλοντας,
1183 4281 1257 4352 μὴ
1291 4283 1396 4354 μὴν
1421 4283 1501 4337 ἔτι
1526 4286 1706 4353 καὶ,ὲξ
1730 4287 1856 4358 ὅλης
1885 4289 2045 4344 τοῦτο

465 4365 597 4436 δρᾷν
626 4366 911 4437 ἑλομένους
935 4369 1133 4442 ψυχῆς,
1163 4372 1489 4438 ὀκλάζοντας
1512 4376 1569 4430 δὲ
1600 4378 1736 4448 πρὸς
1761 4379 1822 4432 τὸ
1846 4379 2041 4436 ἄναλκι

467 4457 560 4508 καὶ
590 4458 1056 4528 παραιτουμένους
1089 4461 1164 4530 (l)
1187 4462 1248 4515 τὸ
1281 4466 1579 4537 καρτερόν;

536 4546 703 4600 ΚΥΡ.
734 4547 894 4613 Τοὺς,
923 4550 978 4601 οῖ
997 4566 1060 4618 γε
1089 4550 1302 4621 βραδεῖς
1323 4557 1382 4608 τέ
1401 4559 1528 4622 εισι,
1559 4559 1654 4614 καὶ
1683 4560 1834 4631 μόλις
1868 4563 2042 4630 ἱέντας

468 4637 566 4705 μὲν
590 4637 683 4690 ἐπὶ
707 4637 766 4691 τὸ
796 4644 1012 4709 φρονεῖν
1040 4642 1245 4696 ἐθέλειν
1269 4646 1336 4699 τὰ
1365 4648 1450 4717 ἐφ’
1474 4643 1553 4713 οἷς
1580 4651 1647 4706 ἂν
1675 4653 1856 4724 ἥδοιτο
1887 4655 2038 4722 Θεὸς,

464 4727 524 4780 οὐ
557 4726 664 4800 μὴν
703 4727 783 4782 ἔτι
811 4731 904 4783 καὶ
926 4731 1314 4802 ἀντεχομένους
1344 4737 1621 4813 ὁλοκλήρῳ
1651 4743 1861 4818 διανοίᾳ
1889 4746 2042 4800 πολι-

465 4822 615 4885 τείας
644 4823 1012 4896 ἁγιοπρεποῦς
1032 4867 1045 4890 ,
1070 4826 1120 4879 οἳ
1153 4830 1344 4899 μοῖραν
1373 4831 1473 4900 μὲν
1498 4832 1688 4906 ὥσπερ
1727 4836 1914 4908 ὀλίγην
1942 4839 2041 4909 τῆς

467 4912 690 4983 ἐνούσης
721 4915 902 4978 αὐτοῖς
923 4917 1157 4988 σπουδῆς
1177 4935 1235 4970 τε
1262 4921 1356 4973 καὶ
1370 4922 1679 4993 προθυμίας
1706 4927 2038 4997 ἀπονέμουσι

463 5007 531 5074 τῇ
566 5004 648 5068 εἰς
675 5005 808 5078 Θεὸν
847 5007 1056 5080 ἀγάπῃ,
1088 5008 1149 5061 τὸ
1175 5008 1231 5063 δέ
1261 5027 1324 5078 γε
1346 5010 1528 5066 λοιπὸν
1551 5014 1696 5069 ἅπαν
1721 5017 2040 5073 ἀσωτότατά

463 5113 520 5149 τε
553 5097 649 5149 καὶ
688 5099 941 5168 προαλῶς
988 5101 1230 5174 δαπανᾷν
1258 5103 1528 5172 ἐγνώκασι
1554 5109 1663 5170 τοῖς
1690 5109 1747 5161 ἐν
1776 5109 1909 5180 τῷδε
1938 5111 2038 5184 βίῳ

463 5191 906 5258 περισπασμοῖς,
961 5191 1054 5243 καὶ
1107 5193 1387 5264 ἀνονήτοις
1441 5195 1626 5266 ἱδρῶσι
1681 5197 1774 5250 καὶ
1822 5203 2039 5271 πικροῖς

463 5276 890 5347 φροντίσμασιν,
919 5273 994 5332 ὧν
1025 5283 1104 5344 είς
1140 5281 1309 5336 τύπον
1336 5283 1401 5336 ἂν
1430 5280 1538 5339 εἷεν
1580 5289 1628 5339 οί
1665 5288 1729 5340 ὲκ
1782 5287 2038 5359 Ῥουϐείμ

463 5380 518 5415 τε
545 5365 641 5416 καὶ
667 5366 774 5420 Γάδ
791 5383 805 5396 θ
838 5367 1148 5439 γέγραπται
1174 5370 1282 5440 γὰρ
1310 5370 1471 5425 πάλιν
1505 5373 1562 5424 ὲν
1586 5374 1697 5435 τοῖς
1734 5373 2031 5444 ’Δριθμοῖς·

469 5469 487 5503 t
527 5455 637 5508 Καὶ
669 5455 883 5527 κτηνῶν
925 5457 1131 5528 πλῆθος
1172 5454 1240 5528 ἦν
1283 5463 1399 5524 τοῖς
1462 5463 1597 5526 υίοῖς
1638 5463 1892 5534 Ῥουὸεὶμ
1940 5465 2036 5519 καὶ

537 5609 580 5639 ⁵⁸
611 5610 838 5664 Malach.
868 5629 925 5676 ιι,
956 5613 1008 5665 7.

542 5723 620 5792 (ί)
659 5723 794 5778 Cori.
838 5725 982 5789 νειμ,
1023 5727 1490 5798 παρωθουμένους,
1521 5728 1848 5799 repellentes.

1089 5615 1132 5645 ’³
1160 5613 1324 5669 Num.
1352 5631 1403 5679 κ,
1429 5615 1482 5668 2.

2141 1840 2302 1896 vobis
2337 1839 2643 1912 legitimum
2688 1837 3086 1910 sempiternum
3114 1833 3169 1889 in
3208 1831 3590 1906 generationes
3622 1845 3718 1887 vc-

2143 1939 2286 1987 stras
2313 1931 2378 1986 “.
2411 1950 2430 1983 ι
3123 1915 3144 1925 ’

2213 2023 2410 2079 PALL.
2450 2022 2622 2093 lgitur
2669 2021 2952 2093 signorum
2998 2017 3212 2085 modos,
3241 2031 3550 2073 sermonem
3595 2015 3720 2072 uni-

2142 2114 2341 2182 cuique
2385 2113 2551 2168 statui
2589 2113 2729 2168 bene
2769 2128 2834 2167 ac
2864 2110 3214 2166 laudabiliter
3243 2108 3566 2172 viventium,
3593 2115 3720 2178 apte

2141 2215 2198 2260 et
2236 2204 2643 2260 accommodate
2685 2203 2994 2258 exhibitum
3043 2201 3396 2271 accipiemus.
3437 2199 3515 2254 Ita
3557 2197 3720 2253 simul

2141 2312 2361 2366 quoque
2413 2311 2538 2350 cum
2594 2294 2742 2349 nube
2795 2292 3275 2364 promovebimus,
3327 2290 3601 2358 simulque
3650 2287 3720 2342 ab

2144 2385 2338 2441 itinere
2395 2384 2772 2447 cessabimus,
2815 2383 2921 2438 hoc
2973 2390 3079 2445 est,
3120 2380 3284 2436 simul
3337 2395 3462 2434 cum
3499 2378 3721 2434 Christo

2141 2473 2499 2548 spiritualiter
2531 2473 2952 2539 ambulabimus,
2987 2472 3258 2543 simulque
3288 2469 3718 2540 requiescemus.

2210 2657 2368 2713 CYR.
2411 2657 2578 2712 Recte
2615 2656 2715 2711 ais.
2763 2655 2854 2711 Sic
2897 2667 3133 2723 namque
3181 2651 3388 2707 sentire
3428 2651 3722 2720 persuadet

2141 2747 2426 2820 propheta:
2445 2762 2664 2818 quoque
2682 2746 2912 2809 dictum,
2935 2742 3082 2814 quod
3105 2741 3186 2797 sic
3207 2741 3375 2796 habet
3395 2759 3440 2794 ει
3463 2741 3530 2796 Et
3549 2757 3718 2805 nunc,

2143 2839 2330 2904 Israel,
2368 2839 2500 2910 quid
2544 2837 2810 2893 Dominus
2855 2836 3002 2891 Deus
3037 2833 3280 2904 exquirit
3311 2847 3342 2887 a
3377 2839 3449 2892 te.
3482 2832 3588 2886 nisi
3636 2831 3717 2885 fa-

2140 2943 2268 2984 cere
2293 2927 2582 2999 judicium,
2611 2932 2668 2981 et
2699 2925 2926 2995 diligere
2961 2919 3418 2983 misericordiam,
3443 2928 3498 2974 et
3532 2934 3718 2990 prom-

2143 3028 2300 3090 ptum
2363 3035 2484 3076 esse
2547 3018 2615 3073 ad
2675 3014 3068 3071 ambulandum
3133 3028 3259 3068 cum
3320 3011 3550 3066 Domino
3607 3011 3720 3064 Ι)οο

2067 3098 2110 3156 C
2145 3119 2238 3163 tuo
2271 3109 2409 3162 “1’;

2214 3199 2410 3255 PALL.
2457 3199 2619 3269 Atqui
2667 3215 2782 3253 rem
2821 3196 3042 3267 quidem
3089 3211 3208 3250 esse
3255 3193 3540 3249 manifeste
3584 3207 3721 3262 pra:-

2144 3289 2344 3344 claram
2396 3305 2460 3344 ac
2502 3288 2724 3359 plurimi
2772 3287 3098 3350 faciendam,
3125 3295 3182 3340 et
3219 3301 3342 3355 quas
3383 3281 3723 3338 fortitudinis

2144 3381 2458 3451 opinionem
2503 3379 2777 3443 conciliet,
2821 3377 3103 3432 ambulare
3149 3391 3272 3430 cum
3315 3374 3544 3428 Domino
3585 3375 3719 3437 Deo,

2145 3472 2270 3541 quis
2297 3472 2487 3541 neget?
2530 3469 2637 3525 Sed
2686 3478 2863 3524 tamen
2907 3467 3041 3522 illud
3081 3481 3273 3522 rursus
3308 3464 3443 3520 mihi
3481 3465 3721 3536 explices

2143 3563 2327 3627 velim,
2359 3561 2620 3632 quidnam
2645 3560 2716 3615 sit
2744 3567 3060 3630 promptum
3087 3572 3228 3613 esse.

2213 3654 2370 3709 CYR.
2409 3654 2625 3709 Faciam
2665 3669 2838 3708 vero:
2868 3668 2966 3707 cur
3004 3651 3152 3706 enim
3199 3648 3435 3720 negem?
3475 3646 3530 3702 Si
3573 3647 3720 3702 enim

2145 3745 2200 3800 in
2230 3755 2489 3816 promptu
2533 3745 2604 3798 sit
2644 3743 2803 3798 nobis
2837 3743 3099 3814 positum,
3133 3750 3193 3796 ut
3220 3757 3341 3811 qua:
3372 3739 3468 3794 Dei
3503 3747 3631 3794 sunt
3666 3747 3724 3794 et

2145 3838 2466 3902 sentiamus,
2499 3845 2554 3892 et
2584 3837 2840 3892 celeriter
2864 3835 3145 3897 faciamus,
3174 3833 3422 3902 nihilque
3449 3832 3520 3886 sit
3573 3831 3722 3900 quod

2144 3931 2438 4000 prohibeat
2465 3937 2560 3983 aut
2590 3928 2870 3998 pertrahat
2906 3927 2961 3981 in
3003 3925 3298 3995 reprobum
3339 3939 3584 3984 sensum,
3617 3922 3722 3976 hoc

2145 4020 2279 4074 illud
2324 4028 2428 4083 est,
2474 4035 2595 4072 mea
2643 4017 2863 4087 quidem
2903 4014 3192 4078 sententia,
3241 4019 3555 4083 promptum
3599 4027 3720 4068 esse

2143 4111 2212 4166 ad
2239 4109 2625 4165 ambulandum
2656 4124 2779 4162 cum
2808 4107 2938 4161 Deo.

2214 4198 2411 4255 PALL.
2444 4199 2590 4264 Quos
2612 4212 2742 4250 vero
2768 4195 2993 4249 omnino
3025 4192 3260 4248 dicimus
3285 4208 3380 4248 eos
3429 4192 3524 4263 qui
3547 4191 3721 4247 Deum

2143 4289 2302 4359 sequi
2344 4287 2568 4356 cupiant
2592 4284 2834 4356 quidem,
2867 4298 2976 4337 non
3005 4291 3183 4336 tamen
3212 4281 3267 4336 id
3295 4297 3362 4336 ex
3395 4289 3508 4335 toto
3538 4281 3722 4335 animo

2145 4381 2316 4435 velint
2337 4379 2573 4443 efﬁcere,
2597 4378 2693 4434 sed
2716 4393 2827 4448 prae
2847 4375 3057 4448 ignavia
3082 4375 3462 4440 succumbant,
3485 4381 3542 4428 et
3568 4390 3719 4444 aspe~

2144 4487 2328 4528 rarum
2353 4485 2536 4526 rerum
2567 4469 2912 4524 tolerantiam
2939 4466 3334 4536 deprecentur?

2211 4562 2368 4618 CYR.
2405 4561 2531 4628 Qui,
2562 4576 2687 4616 cum
2734 4559 3003 4614 tardiores
3044 4557 3173 4621 sint,
3202 4565 3259 4611 et
3302 4556 3392 4610 vix
3435 4570 3502 4611 eo
3546 4569 3720 4624 usque

2142 4653 2564 4724 progrediantur
2584 4657 2642 4705 ut
2667 4666 2732 4704 ea
2762 4665 2951 4720 sapere
2973 4647 3143 4702 velint
3181 4663 3302 4717 qua:
3345 4648 3454 4701 Deo
3478 4647 3716 4716 placent,

2149 4741 2309 4812 169
2356 4755 2468 4794 non
2524 4748 2704 4794 tamen
2756 4739 2967 4810 integro
3015 4747 3236 4808 totoque
3288 4737 3470 4791 animo
3518 4744 3718 4790 saneta

2143 4829 2548 4885 conversationi
2607 4829 3006 4892 adhaarcscunt,
3040 4828 3132 4897 qui
3186 4827 3272 4882 sui
3333 4826 3500 4882 studii
3555 4835 3720 4897 atque

2146 4920 2443 4976 alacritatis
2461 4920 2708 4990 exiguam
2733 4928 2940 4990 partem
2963 4920 3160 4974 divinae
3175 4918 3426 4974 chari‘tati
3446 4919 3716 4982 tribuunt,

2145 5011 2417 5081 reliquum
2460 5025 2591 5066 vero
2629 5027 2790 5065 omne
2838 5011 3049 5082 perdite
3091 5020 3148 5064 et
3195 5010 3622 5080 intemperanter
3662 4994 3716 5062 in

2144 5101 2311 5174 hujus
2347 5101 2474 5156 vita:
2509 5101 2959 5161 distractionibus
3000 5100 3393 5172 laboribusque
3431 5098 3718 5155 inutilibus

2144 5193 2468 5265 acerbisque
2513 5193 2662 5250 curis
2701 5209 3026 5252 consumere
3069 5185 3386 5248 statuerunt
3427 5209 3439 5244 :
3481 5204 3715 5258 quorum

2143 5283 2374 5355 ﬁguram
2414 5300 2525 5340 non
2571 5283 2807 5339 absurde
2868 5291 3057 5338 tenent
3093 5282 3190 5336 lilii
3231 5283 3423 5336 Ruben
3461 5286 3515 5330 et
3550 5276 3662 5331 Cad
3696 5293 3712 5333 :

2143 5374 2406 5445 scriptum
2435 5382 2520 5430 est
2555 5375 2701 5429 enim
2729 5374 2857 5428 item
2887 5373 2940 5426 in
2975 5372 3228 5427 Numeris
3256 5389 3268 5422 :
3303 5389 3319 5418 ι
3352 5369 3419 5423 Ει
3455 5384 3714 5438 pecorum

2142 5467 2435 5522 multitudo
2470 5473 2589 5522 erat
2624 5465 2751 5520 ﬁliis
2781 5463 2978 5519 Ruben
3002 5472 3059 5520 et
3083 5463 3208 5516 [iliis
3231 5459 3368 5528 Gad,
3421 5460 3698 5523 multitucli

1582 5616 1626 5645 ‘3
1651 5615 1815 5682 lbid.,
1857 5618 1908 5672 8.
1984 5617 2030 5650 ⁵³
2057 5617 2222 5675 Mich.
2251 5634 2324 5685 vl,
2351 5617 2404 5674 8.
