3990 6196
223 317 328 374 605

1248 327 1307 383 S.
1351 327 1626 384 CYRILLI
1667 324 2153 382 ALEXANDRINI‘
2181 322 2499 379 ARCHIEP.

3391 326 3498 380 Mli

221 438 442 509 copiosa
469 441 644 496 valde.
674 443 740 496 Et
761 443 1017 498 viderunt
1045 444 1321 515 regionem
1345 445 1526 511 Jazer,
1548 454 1604 501 et
1631 444 1811 516 regio-

1915 445 2025 506 τοῖς
2055 443 2188 506 υἱοῖς
2227 442 2334 495 Γὰδ
2355 483 2369 508 ,
2405 441 2610 511 πλῆθος
2647 441 2782 495 πολὺ
2816 439 3043 513 σφόδρα.
3088 443 3199 494 Kal
3239 436 3376 494 εἶδον
3404 443 3502 514 τὴν

222 543 346 584 nem
369 531 568 587 Galaad
595 550 608 599 ;
633 543 688 586 et
711 543 828 588 erat
851 533 1025 599 locus,
1043 534 1197 590 locus
1217 536 1544 606 pecoribus;
1566 546 1622 592 et
1648 551 1805 592 acce-

222 621 417 677 dentes
447 623 541 677 ﬁlii
570 625 766 678 Ruben
803 636 861 680 et
887 626 981 681 ﬁlii
1005 627 1141 694 Gad,
1170 628 1430 684 dixerunt
1472 629 1540 684 ad
1562 631 1804 702 Moysen,

220 721 277 766 et
317 707 542 769 Eleazar
564 717 928 784 sacerdotem,
959 731 1015 776 et
1061 722 1129 776 ad
1175 723 1456 793 principes
1488 723 1803 796 Synagogae,

219 805 469 864 dicentes
499 826 512 861 :
554 809 808 876 Ataroth,
843 822 900 868 et
923 815 1134 878 Debon,
1171 823 1226 871 et
1254 816 1431 880 Jazer,
1461 826 1519 871 et
1545 816 1802 882 Nambra,

219 907 275 952 et
316 897 520 966 Sebon,
557 910 612 956 et
669 903 868 969 Eleale,
923 915 980 960 et
1018 906 1272 974 Sabama,
1297 918 1353 964 et
1378 911 1549 978 Nava,
1581 920 1638 967 et
1659 913 1804 968 Bean

223 997 391 1053 terra,
421 1007 586 1061 quam
608 993 760 1049 dedit
792 996 1057 1053 Dominus
1094 1014 1282 1054 coram
1304 1000 1432 1056 ﬁliis
1461 1002 1650 1068 Israel,
1679 1013 1805 1075 apta

220 1088 304 1135 est
326 1085 622 1152 pecoribus
649 1089 969 1157 pascendis;
996 1098 1053 1145 et
1081 1092 1255 1148 servis
1285 1095 1393 1149 tuis
1419 1106 1554 1151 sunt
1583 1112 1802 1166 pecora.

219 1174 288 1228 Et
315 1174 576 1233 dixerunt
603 1198 616 1233 :
646 1179 702 1235 Si
729 1181 1042 1238 invenimus
1062 1185 1294 1255 gratiam
1325 1201 1510 1242 coram
1543 1197 1616 1254 te,
1644 1190 1807 1245 detur

221 1265 336 1322 btec
352 1275 499 1323 terra
521 1270 696 1325 servis
716 1273 826 1326 tuis
843 1273 899 1326 in
919 1275 1405 1343 possessionem,et
1425 1293 1494 1331 ne
1513 1279 1816 1334 transferas

219 1370 322 1411 nos
353 1365 506 1414 trans
538 1359 856 1416 Iordanem.
911 1362 981 1417 Et
1009 1363 1148 1418 dixit
1183 1364 1395 1436 Moyses
1437 1365 1565 1421 ﬁliis
1604 1369 1718 1423 Gad
1753 1380 1810 1423 et

219 1444 347 1500 ﬁliis
397 1447 595 1502 Ruben
630 1466 644 1501 :
679 1449 898 1504 Fratres
936 1453 1107 1506 vestri
1153 1452 1310 1506 ibunt
1361 1454 1428 1507 ad
1478 1453 1706 1520 bellum,
1753 1467 1810 1512 et

221 1550 320 1590 vos
349 1537 616 1593 sedebitis
660 1539 786 1594 hic?
825 1541 893 1594 Et
925 1557 1026 1596 cur
1061 1545 1382 1612 pervertitis
1418 1555 1633 1603 mentes
1672 1548 1810 1603 ﬁlio-

221 1638 342 1682 rum
379 1629 567 1694 Israel,
601 1639 662 1684 ut
688 1647 800 1686 non
844 1640 1128 1689 transeant
1159 1635 1214 1689 in
1240 1644 1451 1692 terram
1493 1654 1657 1709 quam
1699 1642 1806 1697 Do-

1913 533 2097 605 χὼραν
2131 534 2334 606 Ἰαζὴρ,
2355 535 2447 588 καὶ
2466 536 2565 605 τὴν
2590 533 2770 606 χώραν
2795 533 3027 600 Γαλαὰδ,
3052 536 3147 588 καὶ
3171 530 3239 605 ἦν
3263 537 3292 588 ό
3315 536 3497 600 τόπος,

1911 625 2076 688 τόπος
2097 627 2340 696 κτήνεσι.
2365 627 2474 680 Kal
2506 624 2890 697 προσελθόντες
2913 626 2963 678 οἱ
2986 627 3091 678 υἱοὶ
3117 625 3370 697 Ῥουϐεὶμ
3407 629 3500 680 καὶ

1911 717 1962 770 oi
1986 719 2092 772 υἱοὶ
2119 719 2246 785 Γὰδ,
2269 714 2423 773 εἶπον
2454 719 2592 790 πρὸς
2618 719 2824 788 Μωσῆν
2852 719 2943 771 καὶ
2969 719 3105 789 πρὸς
3135 718 3396 790 Ἐλεάζαρ
3415 719 3506 772 τὸν

1914 809 2098 881 ἱερέα,
2131 811 2227 864 καὶ
2259 811 2395 882 πρὸς
2437 811 2564 874 τοὺς
2609 811 2877 882 ἄρχοντας
2922 811 3022 880 τῆς
3047 813 3388 882 Συναγωγῆς
3419 814 3509 868 λέ-

1912 918 2121 970 γοντες·
2197 901 2479 973 Ἀταρὼθ,
2539 903 2636 956 καὶ
2684 901 2893 955 Δαιόὼν
2964 904 3059 956 καὶ⁵
3130 903 3348 975 Ἰαζὴρ,
3413 903 3507 958 καὶ

1911 993 2149 1065 Ναμρά,
2183 994 2276 1047 καὶ
2329 993 2605 1061 Ἑσεϐὼν,
2647 995 2741 1048 καὶ
2800 994 3066 1065 Ἑλεαλὴ,
3117 997 3221 1050 ικαὶ
3261 997 3503 1065 Σεὸαμά,

1910 1086 2006 1138 καὶ
2031 1084 2249 1147 Ναὸαὺ,
2279 1084 2372 1138 καὶ
2400 1084 2569 1137 Βαιάν
2603 1083 2700 1155 τὴν
2722 1085 2845 1154 γῆν,
2887 1085 2953 1154 ἦν
2985 1084 3270 1156 παρέδωκε
3300 1085 3506 1155 Κύριος

1911 1175 2145 1230 ἐνώπιον
2172 1175 2282 1229 τῶν
2314 1177 2445 1230 υἱῶν
2480 1175 2695 1247 Ἰσραὴλ
2714 1219 2729 1243 ,
2759 1176 2828 1246 γῆ
2860 1177 3226 1247 κτηνοτρόφος
3251 1177 3387 1242 ἐστὶ,
3413 1179 3504 1231 καὶ

1909 1269 2021 1329 τοῖς
2047 1265 2203 1319 παισί
2236 1283 2329 1319 σου
2360 1267 2533 1337 κτήνη
2566 1265 2823 1338 ὑπάρχει.
2853 1267 2965 1320 Kal
3003 1266 3188 1336 ἔλεγον
3213 1284 3226 1298 ·
3259 1267 3322 1320 El
3353 1267 3507 1337 εὖρο-

1918 1371 2016 1424 μεν
2061 1355 2222 1425 χάριν
2270 1353 2500 1408 ἐνώπιόν
2545 1371 2662 1420 σου,
2693 1355 2966 1426 δοθήτωὴ
3009 1356 3082 1427 γῆ
3125 1355 3264 1425 αὕτη
3294 1359 3405 1420 τοῖς
3436 1359 3507 1410 οί-

1914 1447 2098 1508 κέταις
2127 1464 2223 1500 σου
2263 1447 2322 1499 ὲν
2360 1445 2726 1516 κατασχέσει,
2769 1448 2864 1500 καὶ
2891 1447 2967 1519 μὴ
2997 1446 3319 1520 διαϐιϐάσῃς
3359 1450 3507 1519 ἡμᾶς

1913 1537 2006 1592 τὸν
2053 1538 2344 1610 Ἰορδάνην.
2387 1538 2498 1591 Kal
2542 1533 2664 1591 εἷπε
2697 1539 2906 1609 Μωσῆς
2935 1540 3049 1602 τοῖς
3087 1538 3222 1602 υἱοῖς
3267 1540 3306 1591 Γ
3307 1537 3373 1593 ἀδ
3412 1541 3506 1594 καὶ

1911 1633 2027 1694 τοῖς
2068 1632 2205 1694 υἱοῖς
2254 1629 2545 1702 Ῥουϐείμ·
2587 1632 2650 1683 Οἱ
2684 1629 2903 1698 ἀδελφοὶ
2946 1629 3102 1702 ὑμῶν
3143 1629 3505 1700 πορεύσονται

219 1721 404 1776 minus
433 1722 576 1778 Deus
606 1723 699 1778 dat
736 1724 871 1794 ipsis
899 1725 989 1779 "1'
1021 1746 1039 1778 ι
1084 1728 1313 1795 Deinde,
1350 1732 1677 1801 exprobrata
1702 1734 1811 1790 illis

1915 1725 1994 1788 εἰς
2043 1722 2132 1776 τὸν
2169 1722 2441 1793 πόλεμον,
2471 1722 2564 1774 καὶ
2599 1722 2757 1792 ὑμεῖς
2801 1720 3099 1776 καθίσεσθε
3148 1722 3354 1790 αὐτοῦς
3389 1725 3504 1778 Kal

219 1822 512 1882 parentum
553 1818 934 1882 contumacia,
969 1825 1028 1874 et
1075 1819 1144 1874 iis
1186 1825 1632 1880 commemoratis
1687 1841 1810 1896 qua:

1915 1787 2004 1870 ἵνα
2045 1815 2101 1868 τί
2145 1787 2500 1884 διαστρέφετε
2529 1787 2897 1877 τὰς-διανοίας
2930 1813 3041 1866 τῶν
3086 1812 3218 1866 υἱῶν
3266 1787 3515 1884 Ἰσραὴλν

218 1919 285 1958 ea
303 1904 372 1960 de
394 1920 558 1962 causa
576 1907 709 1976 ipsis
734 1919 1067 1966 evenerant:
1095 1931 1112 1964 ι
1138 1912 1340 1968 Mortui
1363 1931 1601 1986 namque
1623 1926 1802 1982 sunt,»

220 1995 421 2066 inquit,
449 2016 470 2048 ‹
500 1998 558 2052 in
583 1998 831 2066 deserto,
871 2019 889 2052 ι
919 2017 1044 2057 cum
1072 2005 1458 2074 promissionis
1487 2017 1710 2074 ter-ram,
1749 2018 1812 2064 ut

217 2087 294 2140 ita
335 2086 536 2154 dicam,
581 2104 654 2144 ne
694 2091 1040 2161 aspexissent
1087 2095 1331 2164 quidem.
1370 2096 1539 2175 Infert
1567 2099 1807 2154 iterum:

228 2198 244 2228 ι
274 2177 343 2233 Ει
383 2194 514 2234 ecce
561 2182 882 2238 surrexistis
927 2201 1029 2254 pro
1068 2187 1323 2256 patribus
1347 2191 1568 2252 vestris,
1596 2191 1816 2262 conspi-

220 2270 363 2326 ratio
426 2271 713 2328 hominum
767 2284 1166 2346 peecatorum,
1221 2287 1284 2333 ut
1307 2279 1575 2352 adjiciatis
1629 2283 1811 2341 adhuc

218 2361 286 2415 ad
320 2362 458 2418 iram
488 2365 885 2438 indignationis
907 2366 1123 2425 Domini
1156 2371 1425 2428 adversus
1463 2373 1652 2439 Israel,
1682 2376 1820 2445 quia-

218 2457 547 2512 avertemini
580 2458 650 2513 ab
684 2460 825 2530 ipso,
867 2470 930 2515 ut
973 2462 1246 2534 adjiciatis
1294 2465 1496 2530 adhuc,
1542 2453 1619 2520 ut
1647 2467 1808 2524 dere-

219 2543 486 2616 linquatis
529 2548 710 2618 ipsum
742 2550 797 2603 in
829 2549 1073 2614 deserto,
1107 2559 1164 2605 et
1197 2555 1439 2622 peccetis
1487 2555 1540 2610 in
1586 2557 1809 2613 univer-

219 2649 338 2690 sam
385 2639 867 2710 congregationem
914 2641 1080 2698 hanc.
1120 2644 1191 2699 Et
1228 2658 1582 2703 accesserunt
1623 2650 1693 2705 ad
1729 2652 1811 2722 ip-

219 2745 340 2783 sum
374 2740 430 2785 et
462 2730 721 2787 dixerunt
751 2750 778 2787 :.
799 2732 1001 2791 Caulas
1045 2737 1230 2791 ovium
1273 2738 1670 2798 aediﬁcabimus
1705 2760 1808 2798 no-

219 2821 306 2876 bis
349 2823 439 2878 bic
475 2823 773 2894 pecoribus
818 2827 1046 2892 nostris,
1086 2837 1142 2883 et
1185 2830 1354 2887 urbes
1403 2832 1810 2904 impedimentis

219 2916 444 2980 nostris,
485 2924 541 2971 et
583 2932 684 2972 nos
720 2919 917 2974 armati
962 2919 1017 2975 in
1058 2922 1240 2992 primo
1278 2924 1470 2981 ordine
1503 2935 1630 2981 ante
1668 2926 1810 2982 ﬁlios

219 3005 406 3071 lsrael,
433 3023 724 3079 quousque
769 3010 1137 3081 perducamus
1173 3013 1322 3085 ipsos
1352 3015 1409 3070 in
1441 3016 1622 3072 locum
1657 3018 1806 3088 ipso—

1918 1904 1993 1977 μὴ
2035 1903 2286 1976 διαϐῆναι
2329 1906 2409 1967 είς
2441 1902 2540 1974 τὴν
2583 1906 2688 1974 γῆν
2728 1903 2796 1972 ἣν
2840 1903 3046 1974 Κύριος
3076 1905 3104 1956 ὁ
3133 1903 3266 1967 Θεὸς
3293 1903 3505 1956 δίδωσιν

1914 1999 2128 2064 αὐτοῖς
2162 2015 2182 2049 ι
2216 1991 2349 2050 Εἶτα
2378 1995 2516 2067 πρὸς
2543 1994 2756 2059 τούτοις
2783 1995 3150 2059 κατονειδίσας
3181 1995 3367 2059 αὐτοῖς
3393 1995 3506 2048 τῶν

1915 2091 2171 2162 πατέρων
2215 2089 2314 2161 τὴν
2364 2087 2686 2154 ἀπείθειαν,
2735 2089 2829 2142 καὶ
2874 2086 2945 2141 τά
2981 2087 3213 2152 ἐκείνοις
3258 2087 3505 2143 ἐντεῦθεν

1915 2181 2302 2255 συμϐεϐηκότα
2324 2197 2336 2210 °
2379 2200 2398 2234 ι
2436 2181 2869 2251 Τετελευτήκασι
2898 2180 3008 2250 γὰρ
3033 2182 3092 2234 ὲν
3126 2183 3193 2252 τῇ
3228 2181 3441 2253 ἐρήμῳ,
3479 2199 3513 2234 >-

1913 2277 2098 2348 φησὶν,
2127 2277 2257 2340 οὐδ’,
2275 2277 2398 2330 ὅσον
2425 2275 2625 2341 εἰπεῖν,
2651 2272 2975 2344 τεθεαμένοι
3009 2273 3172 2344 μόνον
3202 2275 3301 2345 τῆς
3331 2275 3505 2344 ἐπαγ-

1912 2368 2097 2437 γελίας
2123 2368 2221 2440 τὴν
2248 2368 2370 2438 γῆν.
2409 2367 2691 2438 Ἐπτφέρει
2712 2365 2894 2420 πάλιν
2925 2385 2944 2419 ι
2978 2367 3088 2420 Kal
3115 2367 3226 2422 ἰδοὺ
3245 2365 3510 2438 ἀνέστητε

1910 2463 2032 2516 ἀντὶ
2089 2463 2198 2515 τῶν
2246 2461 2502 2532 πατέρων
2553 2459 2744 2530 ὑμῶν,
2805 2458 3137 2528 σύστρεμμα
3197 2457 3512 2530 ἀνθρώπων

1912 2553 2278 2624 ἁμαρτωλῶν,
2311 2549 2630 2622 προσθεῖναι
2655 2549 2734 2602 ἔτι
2758 2548 2850 2601 ἐπὶ
2885 2548 2978 2601 τὸν
3010 2547 3178 2619 θυμὸν
3207 2549 3308 2618 τῆς
3337 2549 3506 2619 ὀργῆς

1909 2646 2118 2719 Κυρίου
2151 2646 2245 2698 ἐπὶ
2291 2642 2532 2717 Ἰσραὴλ,
2571 2643 2654 2696 δτι
2697 2641 3191 2713 άποστραφήσεσθε
3217 2641 3314 2694 ἀπ’
3341 2640 3512 2695 αὑτοῦ

1911 2739 2227 2812 προσθεῖναι
2265 2737 2346 2790 ἑτι
2381 2735 2706 2790 καταλιπεῖν
2737 2735 2903 2788 αὑτὸν
2944 2736 3002 2788 ὲν
3035 2737 3100 2805 τῇ
3142 2733 3368 2805 ἐρήμῳ,
3413 2734 3514 2786 καὶ·

1909 2832 2214 2903 ἀνομήσετε
2237 2831 2317 2893 είς
2342 2828 2472 2900 ὃλην
2491 2829 2590 2898 τὴν
2614 2826 2936 2898 συναγωγὴν
2956 2826 3179 2896 ταύτην.
3203 2825 3312 2878 Kal
3341 2841 3507 2896 προσ-

1909 2920 2075 2992 ῆλθον
2123 2919 2273 2990 αὐτῷ
2323 2919 2420 2973 καὶ
2451 2917 2678 2986 ηέλεγονο
2725 2917 3016 2982 Ἐπαὺλεις
3051 2915 3339 2988 προϐάτων
3364 2916 3508 2968 οἰκο-

1907 3009 2219 3082 δομήσομεν
2253 3002 2356 3063 ὧδε
2397 3011 2513 3072 τοῖς
2547 3009 2805 3078 κτήνεσιν
2837 3007 3018 3078 ἡμῶν,
3047 3008 3143 3062 καὶ
3178 3007 3363 3071 πόλεις
3385 3008 3507 3069 ταῖς

220 3113 343 3150 rum
380 3115 393 3150 :
427 3107 485 3153 et
543 3108 711 3154 erunt
768 3101 1162 3172 impedimenta
1222 3116 1409 3161 nostra
1463 3108 1518 3161 in
1577 3109 1809 3165 urbibus

1915 3103 2248 3165 ἀποσκευαῖς
2278 3100 2435 3173 ήμῶν
2457 3117 2469 3128 ·
2503 3099 2600 3154 καὶ
2639 3101 2801 3171 ἡμεῖς
2831 3099 3251 3169 ὲνοπλισάμενοι
3293 3116 3507 3169 προφυ-

221 3188 454 3244 muratis
499 3200 724 3261 propter
765 3191 1110 3249 habitatores
1149 3203 1343 3262 terrae;
1383 3199 1572 3268 ’neque
1621 3213 1809 3254 rever-

222 3287 404 3334 temur
439 3281 505 3336 ad
531 3281 726 3338 domos
769 3291 1006 3350 nostras,
1047 3302 1334 3358 quousque
1366 3288 1685 3345 dividantur
1713 3291 1819 3346 ﬁlii.

221 3370 390 3426 Israel
431 3376 813 3447 unusquisque
847 3376 904 3432 in
943 3379 1349 3448 possessionem
1401 3396 1579 3446 suam,
1615 3393 1670 3437 et
1702 3401 1810 3439 non

219 3464 458 3533 amplius
495 3467 904 3536 possidebimus
951 3469 1098 3524 inter
1134 3485 1231 3524 eos
1264 3486 1295 3523 a
1332 3477 1485 3525 trans
1514 3470 1810 3527 Jordanem

219 3563 276 3607 et
316 3555 494 3620 ultra;
547 3555 677 3626 quia
727 3556 1041 3628 recepimus
1081 3559 1460 3628 possessiones
1499 3573 1718 3616 nostras
1758 3562 1830 3630 in

221 3646 343 3700 loco
375 3654 527 3701 trans
570 3648 866 3703 Iordanem
905 3649 962 3704 in
1008 3651 1226 3706 oriente
1259 3652 1326 3704 "'.
1360 3671 1378 3702 ι
1411 3652 1676 3725 lntelligis
1713 3670 1813 3724 pe-

225 3752 417 3792 corum
471 3740 632 3811 170
675 3741 1003 3796 alendorum
1061 3750 1118 3797 et
1169 3743 1582 3814 possessionum
1637 3760 1811 3808 cura,

223 3845 518 3902 amoreque
563 3847 721 3904 erga.
745 3848 947 3889 uxores
990 3850 1057 3890 ac
1107 3835 1313 3891 liberos
1363 3840 1619 3893 detentos
1665 3840 1814 3910 ejus-

224 3922 371 3976 modi
398 3923 654 3981 homines
678 3925 831 3980 nullo
858 3925 1022 3981 modo
1041 3941 1270 3997 prorsus
1296 3929 1625 3986 transituros
1647 3930 1815 3987 fuisse

222 4015 541 4084 Iordanem,
579 4028 742 4090 atque
792 4019 932 4074 adeo
984 4021 1062 4075 ne
1105 4021 1376 4093 attingere
1423 4022 1646 4092 quidem
1699 4039 1816 4079 om-

223 4105 358 4161 nino
393 4108 560 4162 ullam
601 4109 733 4164 belli
775 4126 840 4166 ae
877 4127 1071 4182 pugna
1100 4120 1314 4182 partem
1347 4129 1601 4182 ausuros,
1637 4131 1816 4186 neque

224 4213 352 4254 cum
391 4199 515 4254 aliis
556 4200 612 4254 in
654 4204 1097 4260 communionem
1135 4206 1323 4277 gloriae
1361 4222 1427 4262 ac
1467 4216 1814 4278 speratorum

224 4290 500 4346 bonorum
547 4292 740 4348 venire
785 4303 1103 4362 curaturos;
1154 4312 1278 4352 cum
1323 4298 1662 4368 praecipuum
1707 4299 1818 4353 illis

223 4393 281 4440 et
306 4385 607 4456 optandum
638 4387 695 4442 in
730 4389 927 4459 primis
949 4391 1268 4456 videretur,
1301 4391 1377 4446 ibi
1412 4406 1720 4457 remanere,
1746 4409 1816 4448 ne

1914 3194 2087 3263 λακὴν
2120 3194 2376 3266 πρότεροι
2407 3192 2517 3246 τῶν
2553 3193 2685 3246 υἱῶν
2731 3193 2948 3265 Ἰσραὴλ
2975 3193 3082 3257 ἓως
3107 3191 3173 3246 ἀν
3211 3193 3507 3262 ἀγάγωμεν

1914 3289 2110 3352 αὐτοὺς
2142 3289 2222 3351 εις
2248 3287 2340 3341 τὸν
2371 3285 2586 3342 ἑαυτῶν
2611 3286 2776 3340 τόπον
2795 3303 2808 3317 σ
2840 3287 2936 3339 καὶ
2965 3286 3284 3356 κατοικήσει
3314 3287 3348 3356 ή
3375 3285 3507 3337 ἀπο-

1917 3381 2083 3454 σκευὴ
2113 3381 2271 3452 ἡμῶν
2305 3383 2364 3434 ὲν
2404 3382 2526 3444 ταῖς
2555 3379 2742 3433 πόλεσι
2777 3379 3217 3448 τετειχισμέναις
3252 3377 3342 3430 διὰ
3379 3377 3504 3440 τοὺς

1915 3471 2308 3535 κατοικοῦντας
2336 3472 2436 3542 τὴν
2466 3473 2596 3541 γῆν
2627 3470 2689 3528 οὐ
2721 3469 2796 3541 μὴ
2827 3468 3272 3538 άωστραφῶμεν
3301 3467 3381 3530 εἰς
3409 3465 3516 3529 τὰς-

1914 3563 2092 3628 οἰκίας
2123 3563 2306 3635 ήμῶν,
2332 3563 2438 3624 ἕως
2460 3561 2527 3616 ἂν
2557 3560 3038 3632 καταμρισθῶσιν
3069 3562 3116 3613 οί
3147 3561 3253 3638 ulol
3293 3557 3506 3629 Ἰσραὴλ

1912 3657 2143 3722 ἕκαστος
2174 3657 2255 3720 εἰς
2278 3654 2377 3727 τὴν
2406 3653 2772 3726 κληρονομίαν
2802 3652 2988 3710 αὐτοῦ.
3022 3653 3132 3708 Kal
3167 3653 3351 3706 οὐκέτι
3375 3651 3508 3722 κληι-

1919 3747 2293 3820 ρονομήσομεν
2332 3748 2390 3800 ὲν
2431 3746 2616 3810 αὐτοῖς
2643 3745 2750 3799 ἀπὸ
2777 3744 2873 3798 τοῦ
2900 3744 3075 3817 πέραν
3095 3743 3189 3797 τοῦ
3239 3742 3504 3814 Ἰορδάνου

1911 3841 2010 3894 καὶ
2051 3840 2334 3902 ἐπέκεινα,
2373 3840 2458 3892 ὅτι
2497 3838 2777 3909 ἀπέχομεν
2806 3838 2932 3901 τοὺς
2976 3836 3215 3908 κλήρους
3257 3828 3509 3905 ήμῶνὲν

1916 3931 1994 4004 τῷ
2039 3932 2218 4005 πέραν
2246 3931 2343 3985 τοῦ
2384 3930 2653 4003 Ἰορδάνου
2696 3931 2754 3984 ὲν
2787 3929 3090 3992 ἀνατολαῖς.
3134 3945 3155 3980 ι
3192 3927 3389 3998 Συνίης
3425 3927 3509 3980 ὅτι

1918 4027 2312 4099 κτηνοτροφίας
2344 4026 2509 4079 ἕνεκα
2546 4025 2643 4078 καὶ
2672 4024 2923 4096 κτήσεων
2947 4064 2962 4088 ,
3002 4024 3099 4076 καὶ
3161 4022 3261 4094 τῆς
3300 4023 3382 4085 είς
3413 4039 3511 4089 γυ-

1917 4119 2112 4182 ναῖκάς
2140 4136 2199 4172 τε
2228 4119 2323 4173 καὶ⁵
2345 4117 2539 4184 παῖδας
2563 4115 2806 4186 ἀγάπης,
2838 4115 2948 4168 οὐδ’
2976 4113 3043 4168 ἀν
3068 4115 3205 4178 ὅλως
3230 4112 3508 4186 παρῆλθον

1917 4215 1967 4266 ol
2016 4212 2207 4266 τοιοίδε
2255 4212 2347 4264 τὸν
2416 4210 2714 4282 Ἰορδάνην,
2764 4207 2878 4262 ἀλλ’
2924 4207 3032 4261 οὐδ’
3083 4207 3150 4261 ἂν
3193 4208 3316 4261 ὅσον
3373 4208 3510 4270 ὅλως

1918 4285 2220 4376 ἀποθήγειν
2276 4305 2567 4376 ἠνέσχοντο
2619 4302 2860 4375 πολέμου
2905 4303 2998 4356 καὶ
3035 4301 3248 4374 μάχης,
3286 4301 3398 4355 οὐδ’
3443 4300 3508 4354 ἂν

1919 4398 2168 4462 εὐκλείας
2220 4399 2334 4461 τοῖς
2379 4396 2561 4460 ἄλλοις
2610 4395 3022 4466 συμμετασχεῖν
3063 4392 3374 4464 ἠθέλησαν,
3419 4391 3510 4444 καὶ

226 4477 430 4548 injecto
474 4479 720 4550 quidem,
768 4488 831 4534 ut
875 4481 950 4536 ita
990 4481 1191 4547 dicam,
1227 4483 1282 4536 in
1327 4482 1584 4538 Jordanis
1609 4482 1811 4540 ﬂuenta

1920 4491 2027 4544 τῶν
2057 4492 2142 4544 ἐπ’
2176 4489 2389 4542 ἐλπίσιν
2423 4487 2678 4558 ἀγαθῶν
2712 4487 2934 4554 ἀριστον
2963 4485 3020 4538 δὲ
3050 4485 3146 4538 καὶ
3178 4482 3508 4536 πολύευκτον

225 4572 365 4642 pede
403 4590 416 4627 :
448 4574 545 4628 sed
569 4573 941 4646 exprobrante
967 4575 1169 4646 Moyse,
1203 4575 1558 4646 divinamque
1591 4577 1729 4632 iram
1757 4586 1816 4634 ut

225 4665 684 4736 pertimescerent
707 4683 772 4723 ac
793 4666 1176 4735 formidarent,
1197 4669 1551 4736 admonente,
1572 4671 1661 4726 vix
1690 4679 1814 4726 tan—

224 4757 350 4811 dem
397 4759 731 4827 pollicentur
774 4775 834 4814 se
879 4775 988 4814 una
1031 4775 1158 4815 cum
1209 4761 1424 4818 caeteris
1484 4749 1842 4819 transituros.

224 4863 347 4904 esse
393 4850 713 4927 Iordanem,
749 4859 916 4922 atque
966 4867 1093 4906 cum
1145 4852 1254 4908 illis
1302 4853 1530 4910 labores.
1565 4856 1620 4910 in
1670 4856 1815 4911 bello

227 4951 392 5012 atque
436 4959 617 5015 pugna
669 4945 1204 5012 communica-turos;
1247 4963 1357 5001 non
1398 4956 1579 5004 tamen
1618 4966 1683 5004 ea
1719 4967 1816 5020 spe

229 5041 491 5106 tanquam
533 5036 832 5106 participes
862 5037 1272 5108 possessionum
1317 5055 1424 5093 una
1469 5040 1641 5096 futuri
1683 5041 1813 5105 sint,

228 5127 375 5198 quod
437 5126 845 5198 possessionem
899 5134 1051 5184 trans
1101 5127 1397 5184 Jordanem
1455 5131 1811 5200 recepissent.

227 5219 438 5275 Horum
470 5218 782 5290 persimiles
809 5227 940 5275 sunt
968 5219 1241 5286 nonnulli,
1271 5219 1386 5290 qui,
1417 5235 1540 5276 cum
1569 5239 1813 5292 praesen-

229 5311 301 5365 tis
332 5312 456 5368 vitae
488 5310 638 5367 curis
675 5309 912 5366 districti
941 5310 1072 5376 sint,
1107 5318 1392 5382 totumque
1423 5327 1520 5367 cor
1552 5313 1619 5368 iis
1650 5316 1816 5370 rebus

231 5403 511 5473 sapiendis
571 5419 695 5476 quae
741 5412 871 5460 sunt
945 5420 1112 5476 super
1158 5412 1362 5460 terram
1411 5407 1816 5476 quodammodo

229 5495 561 5561 dedicarint,
586 5497 643 5552 in
670 5497 836 5555 rebus
870 5496 1198 5555 necessariis
1227 5498 1318 5552 vix
1342 5498 1594 5570 exiguam
1626 5516 1813 5556 curam

307 5654 350 5685 ⁸⁵
374 5652 536 5707 Num.
564 5669 729 5716 xxx",
759 5654 780 5707 l
810 5669 961 5725 seqq.
1028 5656 1075 5686 ⁸⁸
1099 5655 1261 5721 lbid.,
1306 5654 1498 5710 14-19.

311 5793 387 5864 (l)
411 5790 548 5848 Cod.
585 5791 730 5846 Vat"
763 5793 856 5845 καί
878 5792 1145 5865 ὀῤῥωδίαν
1179 5791 1530 5855 ἐπιτιθέντος.

1921 4583 2097 4636 ἐδόκει
2129 4581 2189 4635 τὺ
2224 4581 2403 4651 μένειν
2422 4580 2642 4643 αὐτοὺς,
2676 4577 2822 4649 μηδ’,
2852 4579 2976 4632 ὅσον
3006 4577 3203 4640 είπεῖν,
3234 4577 3348 4638 τοῖς
3377 4575 3511 4644 Ἰορο

1921 4675 2081 4730 δάνου
2110 4675 2348 4744 νάμασιν
2381 4672 2635 4735 ἐνθέντας
2656 4672 2748 4725 τὸν
2773 4670 2907 4724 πόδα
2927 4687 2942 4702 ο
2974 4669 3430 4732 κατονειδίζοντος
3455 4666 3509 4718 δὲ

1921 4766 2016 4820 τοῦ
2053 4765 2296 4828 Μωσέως
2329 4765 2422 4819 καὶ
2448 4763 2707 4836 ὀρρωδεῖν
2736 4761 3120 4824 ἀναπείθοντος
3151 4761 3251 4829 (ll,
3286 4758 3511 4811 ὑποσλέσ

1924 4859 2124 4913 πεσθαί
2153 4876 2211 4912 τε
2231 4857 2330 4930 τὴν
2359 4857 2510 4911 θείαν
2541 4855 2731 4928 ὀργὴν,
2766 4853 3158 4924 ὑπισχνοῦνται
3192 4851 3344 4922 μόλις
3373 4866 3508 4919 συμ-

1923 4949 2358 5024 παρελεΰσεσθαι
2407 4950 2504 5020 μὲν
2542 4950 2658 5013 τοῖς
2703 4947 2883 5011 ἄλλοις
2926 4945 3020 4999 τὸν
3069 4946 3371 5016 Ἰορδάνην,
3416 4943 3508 4996 καὶ

1924 5045 2334 5115 συμμετασχεῖν
2369 5041 2625 5114 ῖδρώτων
2667 5041 2849 5104 αὐτοῖς
2891 5039 3000 5092 τῶν
3044 5040 3101 5091 έν
3123 5038 3374 5108 απολέμῳ
3413 5037 3509 5088 καὶ

1925 5136 2151 5207 μάχαις·
2178 5136 2240 5189 οὐ
2274 5133 2381 5206 μὴν
2410 5135 2495 5188 ὅτι
2534 5134 2631 5189 καὶ
2659 5130 3092 5205 συμμεριοῦνταί
3124 5147 3290 5199 φασι,
3331 5127 3421 5183 διὰ
3449 5127 3508 5180 τὸ

1921 5228 2148 5298 ἀπέχειν
2191 5226 2223 5298 ἢ
2277 5227 2536 5295 ἀποσχεῖν
2582 5225 2674 5277 τὸν
2717 5225 2939 5294 κλῆρον,
2979 5224 3038 5276 ὲν
3083 5221 3160 5292 τῷ
3205 5221 3381 5292 πέραν
3415 5214 3508 5270 τοῦ

1937 5319 2222 5390 Ἰορδάνου.
2265 5317 2509 5371 Τοιοῦτοί
2547 5334 2692 5380 τινες
2723 5315 2813 5368 τὸν
2843 5316 3050 5387 τρόπον
3091 5313 3249 5376 είσὶν,
3293 5311 3341 5364 οί
3388 5311 3509 5372 ταῖς

1921 5409 2017 5462 τοῦ
2074 5409 2343 5482 παρόντος
2395 5408 2511 5479 βίου
2555 5408 2849 5480 μερίμναις
2903 5404 3349 5476 κατεσφιγμένοι.
3397 5399 3510 5455 Καὶ

1921 5501 2052 5574 ὅλην
2081 5501 2179 5573 μὲν
2200 5500 2391 5575 ὥσπερ
2418 5501 2786 5573 ἀπονέμοντες
2813 5499 2912 5572 τὴν
2941 5497 3170 5570 καρδίαν
3190 5495 3268 5566 τῷ
3292 5495 3516 5567 φρονεῖν
