3990 6196
194 363 220 382 '
254 350 345 410 εοθ
957 357 1046 416 DE
1083 359 1528 419 ADORATIONE
1569 362 1636 419 ΙΝ
1680 360 1819 418 SPlll

1927 361 1949 418 Ξ
1994 362 2078 418 ΕΤ
2121 363 2487 421 ΥΕΙΗΤΑΤΕ.
2531 367 2658 421 LIB.
2701 364 2804 420 VL

3393 363 3503 422 no

253 475 346 529 τῶν
368 475 486 530 καθ’
521 475 670 549 ἡμᾶς
705 475 876 543 ίέντες
915 482 1283 554 πραγμάτων,
1317 484 1719 555 ἀνασκοπῶμεν
1749 477 1808 536 εὖ

1927 485 2426 540 considerationem
2478 486 2740 557 injectis,
2802 484 3095 554 diligenter
3144 482 3499 553 aspiCiamus,
3600 471 3617 486 ’

255 569 396 640 μάλα,
424 568 516 623 διὰ
550 569 709 634 ποίας
743 571 914 636 ίόντες
947 574 1162 646 τρίϐου,
1185 578 1432 650 λαμπροί
1455 597 1516 632 τε
1547 575 1808 646 ἐσόμεθα,

251 663 332 715 καὶ
352 663 440 731 τὴν
477 664 562 731 ἐφ’
608 663 782 717 ἅπασι
824 668 939 729 τοῖς
968 669 1380 742 ἐπαινουμένοις
1411 666 1500 725 οἷά
1532 687 1656 724 τινα
1685 668 1811 722 στέο

248 770 394 823 φανον
426 754 806 826 ἀναδησόμεθα
837 756 1036 829 ψῆφον.
1075 762 1146 814 Ἦ
1192 764 1254 816 οὐ
1297 763 1441 818 δοκῶ
1476 781 1560 818 σοι
1591 764 1812 836 φρονεῖν

245 845 364 920 ὀρθὰ
381 886 396 910 ,
416 845 480 899 τὸ
507 845 564 899 ἔν
597 863 659 916 γε
683 847 891 913 τούτοις
921 851 1252 925 φιλοκρινεῖν
1283 854 1559 928 ᾑρημένος
1582 871 1600 924 ;

306 1028 506 1082 ΠᾹΛΛ.
561 1030 886 1084 Παντάπασι
936 1031 1036 1103 μὲν
1070 1028 1185 1090 οὖν.
1249 1034 1421 1106 Φαίην
1451 1035 1562 1107 γὰρ
1611 1034 1679 1090 ἂν
1718 1034 1813 1090 καὶ

241 1120 390 1184 αὐτὸς
439 1120 551 1188 ἐγὼ
593 1122 892 1194 προκλήσει
925 1126 992 1195 τῇ
1027 1125 1168 1197 πρὸς
1212 1127 1434 1199 ἀνδρίαν
1465 1127 1814 1200 προκαταθή-

239 1213 416 1281 γεσθαι
451 1213 582 1277 δεῖν,
609 1213 825 1268 ἑλέσθαι
861 1233 920 1269 τε
948 1218 1017 1272 τὰ
1043 1218 1111 1271 δι’
1149 1213 1224 1272 ὧν
1256 1219 1322 1273 ἄν
1353 1237 1438 1284 τις
1471 1219 1648 1272 ἔσοιτο
1676 1218 1816 1289 λαμ-

237 1308 383 1376 πρὸς,
417 1307 510 1359 καὶ
527 1306 626 1378 τῆς
655 1309 958 1381 ἀμωμήτου
983 1308 1129 1382 ζωῆς
1159 1311 1373 1383 ἔρχοιτο
1399 1312 1519 1366 κατ’
1550 1313 1702 1368 εὐθύ.

304 1485 461 1536 ΚΥΡ.
485 1484 696 1539 Οὐκοῦν
717 1485 818 1557 ἤδη
852 1485 1123 1557 λέγωμεν,
1151 1487 1227 1552 ὡς
1257 1488 1476 1561 ἁπάσης
1509 1491 1608 1562 μὲν
1635 1491 1815 1558 οίκίας

233 1574 476 1645 ἔρεισμα,
509 1577 745 1648 κρηπίς·
775 1577 910 1642 νεὼς
938 1579 996 1632 δὲ
1021 1580 1234 1651 τρόπις,
1269 1579 1433 1654 ἀρχήο
1466 1581 1561 1636 τοῦ
1592 1582 1648 1637 δὲ
1679 1601 1814 1638 κατ-

231 1667 422 1739 ορθοῦν
459 1670 759 1741 ᾑρημένου,
790 1671 1042 1742 Θεμέλιος
1062 1673 1130 1726 ἂν
1150 1672 1360 1740 γένοιτο
1383 1674 1477 1728 καὶ
1497 1674 1705 1730 ὐποϐἁθ
1716 1694 1814 1748 ρας

230 1761 392 1831 ἁρχὴ,
427 1762 524 1832 τῆς
553 1761 811 1832 ἀληθείας
832 1764 864 1835 ἡ
885 1763 1109 1832 γνῶσις,
1140 1766 1234 1819 καὶ
1252 1766 1280 1817 ό
1299 1767 1427 1836 περὶ
1456 1765 1691 1831 πίστεως
1714 1770 1813 1839 τῆς

1915 594 2081 647 quam
2109 578 2491 648 ingredientes
2525 578 2690 643 viam,
2723 577 2856 631 clari
2891 592 3032 642 esse,
3064 582 3121 630 et
3174 575 3266 630 illa
3287 589 3389 645 pro
3413 590 3504 630 re-

1915 677 2003 722 cte
2047 667 2389 737 honesteque
2439 667 2600 722 factis
2649 666 3048 737 approbatione
3096 665 3250 720 velut
3293 678 3498 719 corona

1915 759 2151 830 quadam
2180 760 2364 814 ornari
2387 760 2685 830 possimus.
2719 759 2802 813 An
2859 759 2957 812 tibi
3005 773 3200 828 parum
3234 764 3382 811 recte
3409 771 3503 811 sa-

1915 866 2045 921 pere
2088 850 2296 918 videor,
2332 851 2488 922 173
2515 851 2608 920 qui
2654 851 2709 905 in
2747 850 2834 906 bis
2869 851 3036 904 rebus
3080 849 3212 920 quid
3260 848 3499 919 proban-

1915 943 2047 997 dum
2069 942 2140 997 sit
2161 938 2461 1019 decernere
2489 942 2692 996 velim?

1987 1034 2184 1090 PALL.
2216 1035 2452 1091 Prorsus
2481 1033 2820 1090 rectissime:
2853 1048 2980 1088 nam
3020 1033 3188 1088 etiam
3231 1032 3346 1103 ipse
3385 1047 3496 1086 non

1917 1129 2231 1199 negaverim
2253 1129 2411 1200 prius
2430 1127 2498 1182 ad
2543 1126 2933 1182 fortitudinem
2975 1126 3193 1180 incitari
3223 1136 3496 1196 oportere,

1916 1231 2081 1292 atque
2104 1222 2181 1277 ita
2211 1237 2276 1278 ea
2299 1235 2420 1277 esse
2437 1219 2842 1290 amplectenda,
2867 1235 2966 1289 per
3003 1234 3125 1289 qua:
3147 1219 3330 1273 clarus
3355 1233 3496 1283 esse,

1915 1325 2175 1385 rectaque
2197 1313 2266 1369 ad
2298 1314 2469 1368 vitam
2516 1313 2676 1382 culpa
2705 1320 2986 1368 carentem
3011 1309 3304 1382 pervenire
3345 1310 3499 1379 quis-

1915 1423 2023 1479 que
2040 1407 2231 1478 possit.

1985 1499 2144 1556 CYR.
2168 1498 2289 1555 Jam
2329 1497 2497 1570 igitur
2517 1497 2820 1552 ordiamur.
2841 1495 3034 1550 Totius
3058 1493 3278 1564 quidem
3304 1491 3502 1546 domus

1918 1592 2149 1647 ﬁrmitas
2171 1599 2257 1645 est
2283 1589 2736 1653 fundamentum;
2779 1585 2935 1642 navis
2965 1601 3099 1640 vero
3145 1584 3367 1641 initium
3412 1598 3503 1636 ca-

1917 1684 2075 1750 rina;
2106 1683 2228 1754 ejus
2265 1689 2451 1736 autem
2498 1680 2594 1750 qui
2653 1678 2876 1734 virtutis
2919 1693 3121 1732 munus
3154 1675 3379 1744 exsequi
3403 1689 3501 1729 ve-

1915 1777 1998 1842 lit,
2029 1776 2470 1842 fundamentum,
2500 1789 2564 1829 ac
2611 1772 2759 1828 basis
2795 1780 2852 1826 et
2882 1771 3122 1834 initium,
3151 1782 3236 1824 est
3257 1767 3503 1838 cognitio

227 1857 308 1917 είς
335 1853 466 1908 Θεὸν
488 1855 582 1908 τὸν
607 1854 704 1909 ἐνα
733 1857 826 1910 καὶ
856 1855 1017 1926 φύσει
1037 1859 1133 1912 καὶ
1155 1857 1406 1929 ἀληθινὸν
1429 1859 1814 1932 ἀκιδδήλευτος

1927 1868 2269 1934 veritatis,ac
2291 1867 2359 1923 de
2379 1866 2486 1921 ﬁde
2510 1866 2568 1920 in
2583 1882 2709 1920 eum
2729 1864 2824 1936 qui
2841 1880 2984 1919 unus
3000 1880 3064 1918 ac
3085 1871 3281 1916 natura
3299 1868 3500 1916 etvere

225 1943 414 2014 λόγος·
455 1965 475 1999 ‹
527 1945 652 2000 Ἐάν
679 1947 790 2018 γάρ
821 1947 896 2020 μὴ
936 1950 1263 2023 πιστεύσητε
1285 1991 1301 2016 ,
1341 1951 1451 2007 οὐδ’
1475 1952 1536 2006 ού
1567 1952 1640 2024 μὴ
1687 1968 1816 2007 συν-

225 2039 342 2109 ῆτε,
380 2057 399 2090 ι
429 2040 564 2110 φησὶ
593 2040 652 2094 τὸ
673 2041 916 2113 Γράμμα
960 2044 1022 2097 τὸ
1052 2043 1218 2114 ἱερόν.
1260 2045 1552 2110 Συνιέντας
1583 2045 1639 2098 δὲ
1662 2043 1816 2100 οὔπω

225 2130 336 2183 τῶν
381 2131 698 2200 ἀναγκαίων
730 2135 886 2189 οὐδὲν
918 2135 1224 2206 ἀπρακτεῖν
1252 2136 1488 2208 ἀνάγκη,
1531 2137 1594 2191 τὸ
1621 2154 1815 2210 κατορ-

228 2221 354 2275 θοῦν
389 2223 489 2276 οὐκ
546 2224 773 2289 εἰδότας.
823 2228 896 2280 Ἦ
943 2228 1046 2280 οὐκ
1089 2227 1157 2282 ἂν
1197 2229 1496 2297 ἀναγκαῖον
1541 2225 1683 2282 εἶναι
1709 2230 1818 2301 φής

230 2315 369 2386 πρὸς
409 2317 765 2390 εὐδοκίμησιν
793 2323 945 2394 ἡμῖν,
977 2322 1076 2393 τὴν
1112 2325 1203 2376 ἐπὶ
1234 2325 1400 2378 παντὶ
1428 2323 1505 2396 τῷ
1554 2324 1817 2396 πρακτέῳ

226 2405 528 2479 διάσκεψιν,
564 2412 613 2464 εἰ
651 2413 710 2466 ἐν
749 2412 894 2485 λόγῳ
921 2415 1269 2488 πεποιήμεθα
1293 2415 1351 2468 τὸ
1375 2415 1508 2488 δρᾷν
1535 2415 1734 2487 ὀρθῶς,
1767 2417 1805 2472 ἃ.

226 2501 357 2574 ἐρᾴν
382 2503 678 2572 ἀναγκαῖον
698 2521 712 2571 ;

292 2681 505 2736 ΠΑΛΛ.
545 2682 623 2753 Φη
632 2681 716 2753 μί.

289 2770 459 2824 ΚΥΡ.
500 2771 713 2843 Τροφὺς
738 2767 832 2827 οῦν
871 2772 981 2845 ἄρα
1023 2775 1316 2844 συνέσεως,
1352 2777 1557 2842 πίστις.
1591 2774 1817 2840 Σύνεσις

219 2861 310 2930 δὲ,
340 2863 454 2917 τῶν
503 2860 796 2935 πρακτέων
842 2867 977 2938 ἡμῖν
1013 2871 1248 2923 ποιεῖται
1277 2870 1376 2941 τὴν
1409 2869 1666 2942 βάσανον.
1702 2870 1818 2924 Καὶ

217 2955 350 3025 γοῦν
382 2957 472 3009 ὅτε
489 2958 606 3020 τοῖς
622 2955 684 3022 ἐξ
718 2958 937 3031 Ἰσραὴλ
962 2961 990 3014 ὁ
1014 2960 1126 3015 τῶν
1147 2961 1285 3016 ὅλων
1306 2961 1438 3027 Θεὸς
1465 2961 1818 3032 παιδαγωγὸν

214 3046 412 3118 ὥσπερ
447 3048 573 3101 τινὰ
597 3090 611 3112 ,
653 3049 751 3105 καὶ
799 3049 1061 3123 ίθυντῆρα
1094 3052 1277 3122 σοφὸν,
1317 3053 1409 3108 τὸν
1439 3052 1529 3108 διά
1570 3053 1817 3116 Μωσέως

210 3140 492 3211 ἐπέστησε
519 3141 704 3212 νόμον,
750 3142 1069 3216 ὕποδάθραν
1096 3145 1286 3220 ὥσπερ
1317 3146 1439 3201 τινὰ
1476 3147 1572 3201 καὶ
1609 3145 1820 3201 ἀκατά-

213 3251 438 3288 σειστον
467 3234 667 3306 ἀρχὴν,
712 3235 813 3306 τὴν
858 3237 1012 3308 παρά
1039 3239 1138 3309 τῆς
1176 3241 1306 3310 μιᾶς
1343 3256 1403 3292 τε
1441 3238 1539 3293 καὶ
1585 3237 1817 3308 ἀληθοῦς

207 3325 488 3395 Θεότητος
516 3325 952 3396 προκατεδάλετο
981 3326 1211 3396 γνῶσιψ
1248 3327 1323 3400 μὴ
1354 3328 1463 3399 γὰρ
1486 3327 1552 3382 ἂν
1579 3327 1818 3398 ἰσχύσειν

204 3420 419 3482 αὐτοὺς
453 3418 808 3490 ὑπελάμϐανε
845 3418 948 3489 τῆς
988 3419 1313 3492 ἀδιαδλήτου
1345 3421 1440 3473 καὶ
1476 3418 1818 3491 ἀκραιφνοῦς

204 3510 518 3581 ἐφικέσθαι
548 3510 714 3581 ζωῆς,
745 3511 914 3582 ἦγουν
945 3510 1025 3582 τῷ
1054 3511 1164 3565 τῶν
1210 3511 1516 3566 καλλίστων
1543 3513 1814 3582 είσηγητῇ

206 3601 736 3674 καταρυθμίζεσθαι
764 3605 937 3676 νόμῳ,
964 3606 1060 3659 καὶ
1099 3605 1348 3660 ὑπείκειν
1378 3605 1640 3670 ἐντολαῖς,
1671 3607 1718 3659 εἰ
1745 3605 1820 3677 μὴ

208 3695 481 3768 καθάπερ
513 3695 984 3768 προανατείχισμα
1003 3695 1104 3767 τὴν
1134 3697 1228 3749 ἐπὶ
1245 3696 1365 3769 Θεῷ
1394 3697 1581 3751 πίστιν
1607 3697 1820 3761 ἑλόντες

207 3791 294 3854 είς
317 3789 477 3856 νοῦν,
497 3785 871 3860 ἀντιφέροιντο
899 3788 1166 3858 γενναίως
1182 3791 1304 3853 ταῖς
1330 3790 1409 3853 εἰς
1427 3788 1696 3861 ρᾳθυμίαν
1724 3789 1822 3842 αὖ-

207 3881 343 3944 τοὺς
376 3879 705 3942 ἀκονούσαις
730 3879 964 3951 ἡδοναῖς.
997 3879 1145 3933 Ἔδει
1173 3879 1239 3952 δὴ
1270 3875 1383 3944 οὖν,
1407 3879 1536 3944 ἔδει,
1569 3880 1822 3952 καθάπερ

206 3971 340 4024 τινὰ
372 3970 622 4041 ψυχικὴν
658 3971 1003 4044 ἀρρωστίαν,
1042 3971 1451 4044 προαποθέσθαι
1492 3973 1619 4036 τοὺς
1649 3972 1817 4026 πάλαι

210 4065 312 4135 τὴν
349 4063 629 4118 πολύθεον
680 4063 972 4136 πλάνησιν,
1017 4065 1204 4118 πίστει
1244 4081 1308 4118 τε
1353 4067 1421 4136 τῇ
1458 4065 1538 4128 είς
1569 4063 1703 4119 Θεὸν
1731 4064 1823 4118 τὸν

213 4156 310 4210 ἕνα
342 4155 520 4226 φύσει
554 4155 649 4209 καὶ
675 4155 892 4228 άληθῶς
931 4156 1252 4228 ἐρηρεῖσθαι
1284 4139 1469 4222 καλῶς
1495 4172 1511 4188 θ
1539 4155 1822 4228 τοιγάρτοι

214 4248 306 4301 καὶ
339 4247 568 4317 πρῶτος
588 4247 771 4312 αὐτοῖς
795 4248 1183 4320 προανέλαμψε
1225 4248 1419 4320 νόμος·
1460 4269 1480 4302 ι
1523 4248 1667 4318 Ἐγώ
1706 4251 1822 4320 είμι

211 4337 436 4410 Κύριος
464 4338 490 4390 ὁ
523 4337 656 4402 Θεός
687 4356 804 4404 σου,
854 4340 1005 4404 ὅστις
1036 4339 1307 4412 ἑξήγαγὸν
1340 4357 1400 4393 σε
1430 4341 1496 4393 ἐκ
1527 4341 1629 4411 γῆς
1657 4339 1824 4408 Αίγύ-

195 4450 350 4485 πτου
392 4430 457 4496 ἐξ
488 4429 643 4483 οἴκου
687 4429 953 4494 δουλείας.
985 4431 1099 4485 Οὐκ
1136 4431 1352 4485 ἔσονταί
1381 4449 1465 4485 σοι
1502 4431 1616 4485 θεοὶ
1644 4431 1822 4502 ἕτεροι

1919 1961 2065 2017 Deus
2088 1970 2194 2028 est,
2231 1959 2449 2016 sincera
2477 1958 2832 2030 pmdicatio:
2877 1977 2895 2009 ‹
2917 1957 3034 2012 Nisi
3067 1956 3216 2011 enim
3247 1953 3502 2011 credide-

1920 2052 2065 2117 ritis,
2094 2067 2205 2106 non
2235 2051 2559 2122 intelligetis
2583 2051 2652 2117 δ’,
2689 2070 2707 2102 ι
2769 2049 2950 2119 inquit
2995 2063 3151 2103 sacra
3193 2046 3500 2118 Scriptura.

1918 2143 2075 2212 Quod
2108 2145 2154 2200 si
2183 2144 2321 2198 nihil
2356 2159 2425 2198 ex
2473 2142 2542 2197 iis
2586 2157 2710 2212 quae
2765 2122 3077 2196 necessaria
3123 2147 3252 2195 sunt
3283 2138 3504 2193 intelle-

1919 2236 2182 2302 xerimus,
2212 2249 2429 2290 cessare
2471 2233 2541 2288 ab
2576 2246 2746 2302 opere
2801 2245 3028 2285 necesse
3060 2237 3166 2296 est,
3193 2245 3318 2284 cum
3352 2236 3502 2283 recte

1919 2327 2101 2383 facere
2150 2325 2482 2381 nesciamus.
2529 2323 2614 2378 An
2646 2336 2802 2386 vero,
2826 2321 2872 2375 si
2919 2319 3060 2390 quid
3098 2336 3220 2375 esse
3246 2327 3506 2388 putamus

1917 2436 1984 2476 ea
2016 2427 2164 2475 recte
2187 2417 2391 2484 facere,
2421 2432 2542 2486 qua:
2575 2414 2757 2470 facere
2783 2427 3011 2469 necesse
3039 2420 3150 2477 est,
3169 2427 3279 2466 non
3306 2426 3502 2466 neces-

1918 2511 2125 2566 sarium
2157 2525 2278 2564 esse
2295 2507 2506 2573 fateris,
2535 2506 2602 2561 ad
2634 2505 2856 2560 laudem
2906 2503 3328 2574 assequendam,
3355 2503 3506 2558 illam

1917 2605 1987 2660 de
2017 2602 2279 2658 omnibus
2301 2601 2470 2656 rebus
2491 2601 2720 2673 agendis
2771 2595 3225 2670 inquisitionem?

1987 2695 2186 2752 PALL.
2225 2693 2443 2749 Fateor.

1988 2787 2148 2845 CYR.
2177 2787 2276 2843 Est
2301 2786 2470 2858 igitur
2493 2782 2636 2839 ﬁdes
2659 2781 3036 2854 intelligentia:
3079 2780 3289 2837 nutrix.
3336 2777 3508 2836 Intel-

1919 2881 2146 2953 ligentia
2171 2893 2306 2935 vero
2329 2893 2418 2934 res
2439 2893 2472 2934 a
2497 2876 2660 2932 nobis
2701 2875 2940 2946 agendas
2963 2873 3261 2930 examinat.
3291 2871 3504 2942 Itaque,

1921 2989 2047 3030 cum
2099 2970 2365 3028 lsraelitis
2413 2970 2504 3025 ille
2562 2967 2947 3023 universorum
2999 2965 3146 3020 Deus
3191 2964 3369 3034 legem
3405 2977 3508 3032 per

1921 3067 2144 3138 Moysen
2166 3065 2370 3129 datam,
2397 3062 2569 3117 veluti
2596 3061 2950 3132 pazdagogum
2971 3057 3265 3128 quemdam
3289 3055 3509 3126 sapien-

1849 3178 1893 3238 ο
1927 3169 2149 3229 temque
2174 3166 2448 3211 rectorem
2478 3153 2757 3223 apposuit,
2802 3161 3064 3221 tanquam
3099 3149 3286 3203 basem
3309 3162 3508 3217 quam-

1920 3251 2046 3307 dam
2078 3257 2134 3305 et
2156 3248 2375 3303 ﬁrmum
2429 3246 2672 3308 initium,
2709 3243 2876 3298 unius
2915 3256 3167 3310 veraeque
3194 3238 3508 3294 Divinitatis

1920 3341 2292 3414 cognitionem
2329 3337 2679 3410 praestruxit;
2708 3347 2887 3402 neque
2912 3331 3059 3386 enim
3084 3328 3312 3400 putabat
3346 3328 3510 3396 posse

1922 3435 2046 3489 illos
2095 3432 2164 3488 ad
2229 3431 2396 3485 vitam
2437 3420 2786 3482 innocentem
2827 3436 3132 3492 puramque
3175 3419 3510 3489 pertingere,

1921 3533 2016 3580 aut
2044 3540 2074 3578 a
2107 3524 2245 3594 lege,
2273 3536 2394 3590 quae
2420 3518 2486 3573 ad
2522 3533 2611 3572 res
2637 3514 2927 3586 praeclaras
2947 3509 3294 3572 hortabatur,
3315 3520 3510 3561 eorum

1923 3627 2107 3666 mores
2127 3607 2406 3680 componi,
2456 3615 2513 3661 et
2559 3604 2722 3659 facile
2777 3601 3056 3656 mandatis
3097 3596 3349 3666 obsequi,
3401 3595 3511 3651 nisi

1924 3705 2073 3760 illam
2100 3704 2157 3758 in
2180 3704 2351 3758 Deum
2394 3700 2558 3756 fidem
2607 3697 2793 3752 animo
2822 3693 3213 3763 suscepissent,
3236 3705 3346 3760 quo
3383 3704 3514 3759 per-

1924 3796 2052 3851 inde
2101 3811 2165 3850 ac
2207 3809 2367 3848 muro
2411 3788 2765 3862 praemuniti,
2816 3785 3226 3856 voluptatibus,
3273 3797 3396 3852 qua:
3442 3779 3512 3835 ad

1925 3884 2197 3956 ignaviam
2221 3885 2344 3938 illos
2367 3881 2707 3942 alliciebant,
2735 3886 2958 3933 strenue
2985 3875 3340 3930 obsisterent.
3361 3869 3515 3938 Opus

1925 3978 2095 4048 igitur
2121 3983 2260 4038 erat,
2288 3988 2428 4042 opus
2465 3979 2604 4034 erat,
2641 3971 2885 4040 inquam,
2919 3976 2980 4021 ut
3006 3967 3085 4020 illi
3111 3972 3329 4019 veteres
3359 3963 3515 4032 prius

1923 4068 2096 4124 veluti
2124 4065 2378 4121 morbum
2421 4063 2714 4132 quemdam
2759 4060 2927 4115 animi
2977 4059 3317 4129 deponerent
3355 4071 3511 4112 erro.

1925 4172 2196 4228 rem,quo
2247 4154 2546 4210 multitudo
2599 4153 2830 4207 deorum
2873 4151 3176 4218 colebatur,
3213 4157 3271 4204 et
3309 4147 3414 4204 fide
3455 4147 3543 4247 1η(

1923 4263 2052 4304 eum
2102 4245 2198 4318 qui
2228 4259 2373 4299 unus
2397 4251 2456 4298 et
2489 4249 2689 4297 natura
2727 4251 2784 4296 et
2808 4256 2937 4296 vere
2972 4241 3121 4296 Deus
3171 4247 3280 4306 est,
3303 4240 3514 4310 Optimo

1925 4339 2425 4402 confirmarentur;
2474 4334 2710 4405 ideoque
2749 4333 2884 4404 ipsis
2924 4333 3017 4387 illa
3046 4332 3224 4403 prima
3253 4332 3341 4385 lex
3367 4346 3514 4400 pne-

1931 4432 2086 4488 fulsit
2112 4449 2124 4485 :
2159 4431 2309 4502 «Ego
2338 4444 2461 4484 sum
2494 4427 2762 4483 Dominus
2791 4427 2935 4480 Deus
2959 4433 3107 4491 tuus,
3140 4423 3236 4495 qui
3266 4423 3430 4478 eduxi
3459 4431 3514 4479 te

195 4523 360 4592 πλὴν
399 4519 565 4589 ἐμοῦ.
593 4520 665 4574 Ού
694 4523 942 4592 ποιήσεις
963 4521 1180 4593 σεαυτῷ
1207 4522 1450 4590 εἴδωλον,
1479 4522 1599 4576 ούδέ
1622 4524 1819 4589 παντὸς

1928 4523 1997 4578 de
2032 4531 2177 4578 terra
2203 4520 2444 4594 Egypti,
2470 4519 2540 4575 de
2563 4519 2729 4574 domo
2753 4517 3057 4573 servitutis.
3091 4515 3210 4571 Non
3223 4521 3387 4570 erunt
3413 4511 3514 4568 tibi

194 4612 486 4683 ὁμοίωμα
514 4610 618 4664 ὅσα
650 4611 707 4664 ἐν
737 4611 814 4682 τῷ
839 4611 1054 4683 οὐρανῷ
1078 4613 1212 4678 ἄνω,
1247 4613 1343 4667 καὶ
1367 4615 1423 4666 ἐν
1447 4615 1512 4685 τῇ
1551 4617 1620 4685 γῇ
1651 4615 1826 4679 κάτω,

190 4705 302 4758 καὶ
347 4705 466 4757 ὅσα
493 4703 553 4756 ἐν
592 4705 706 4766 τοῖς
741 4703 928 4758 ὕδασιν
960 4705 1218 4758 ὑποκάτω
1246 4703 1346 4772 τῆς
1381 4705 1485 4775 γῆς
1508 4745 1523 4772 ,
1555 4709 1615 4759 οὐ
1652 4723 1828 4778 προσ-

187 4798 490 4866 κυνήσεις
519 4795 727 4860 αὐτοῖς,
762 4795 871 4849 οὐδ’
902 4796 962 4848 οὐ
998 4797 1072 4867 μὴ
1103 4795 1410 4867 λατρεύσῃς
1441 4797 1641 4860 αὐτοῖς.
1686 4798 1828 4868 Ἐγὼ

187 4889 321 4958 γάρ
354 4888 485 4956 εἰμι
515 4885 721 4956 Κύριος
751 4887 779 4939 ὁ
823 4886 956 4950 Θεός
983 4903 1076 4940 σου
1103 4925 1118 4951 ,
1150 4887 1178 4939 ὁ
1209 4886 1341 4950 Θεὸς
1382 4887 1652 4959 ζηλωτὴς,
1688 4890 1828 4943 ἀπο-

190 4980 402 5041 διδοὺς
445 4975 726 5048 ἁμαρτίας
754 4976 1010 5046 πατέρων
1047 4977 1140 5030 ἐπὶ
1177 4977 1346 5031 τέκνα
1373 4977 1479 5038 ἕως
1511 4978 1702 5050 τρίτης
1729 4981 1826 5034 καὶ

190 5071 501 5140 τετάρτης
548 5069 744 5136 γενεᾶς
770 5070 886 5131 τοῖς
923 5067 1145 5138 μισοῦσί
1191 5085 1296 5140 με’
1327 5071 1422 5124 καὶ
1459 5069 1628 5124 ποιῶν
1673 5071 1824 5137 ἔλεος

197 5167 283 5226 εἱς
321 5160 592 5232 χιλιάδας
632 5162 747 5224 τοῖς
787 5158 1046 5229 ἀγαπῶσι
1098 5176 1201 5230 με,
1241 5159 1336 5213 καὶ
1371 5159 1706 5229 φυλάσσουσι
1756 5163 1825 5216 τὰ

207 5251 637 5322 προστάγματά
667 5268 792 5321 μου.
834 5268 852 5300 ι
896 5251 1043 5304 Ἔδει
1070 5250 1203 5323 γάρ,
1239 5250 1346 5305 ἔδει
1382 5252 1640 5324 σκληροῖς
1663 5270 1828 5307 κατα-

209 5342 517 5396 πτοεῖσθαι
543 5342 798 5414 δείμασι,
831 5343 956 5406 τοὺς
987 5343 1299 5414 άνεξίτητον
1338 5345 1630 5415 μέλλοντας
1659 5348 1827 5400 ποιεῖ-

211 5433 342 5486 σθαι
380 5433 492 5502 τὴν
520 5433 764 5503 ἐντολήνο
793 5431 1081 5503 τοιγάρτοι
1104 5433 1198 5486 καὶ
1224 5432 1472 5507 ζηλωτὴν
1501 5437 1694 5492 ἐαυτὸν
1718 5439 1827 5492 ὀνο-

213 5527 392 5593 μάζει
437 5524 575 5578 Θεὸν
599 5565 614 5589 ,
644 5524 739 5578 καὶ
782 5524 1060 5596 ἁμαρτίας
1089 5526 1342 5597 πατέρων
1371 5527 1684 5582 ἐπιτιθέντα
1714 5531 1828 5594 τοῖς

211 5616 274 5682 ἐξ
299 5616 525 5680 αὐτῶν,
553 5617 605 5669 ετ
621 5633 684 5686 γε
719 5615 845 5671 κατ’
883 5618 1126 5680 ἐκείνους
1153 5616 1359 5672 ἕλοιντο
1384 5617 1554 5689 βιοῦν,
1577 5620 1670 5675 καὶ
1694 5638 1827 5693 προσ

290 5801 342 5836 ¹¹
366 5802 484 5858 lsa.
510 5817 604 5869 vn,
628 5801 682 5858 9.
782 5802 827 5834 ⁸³
851 5802 1020 5858 Exod.
1047 5820 1135 5871 xx,
1159 5801 1193 5858 2
1215 5817 1370 5872 seqq.

1927 4617 2004 4672 dii
2036 4617 2127 4671 alii
2164 4625 2364 4686 praeter
2393 4630 2480 4669 me
2509 4631 2524 4666 :
2559 4628 2671 4667 non
2709 4610 2878 4666 facies
2903 4610 3002 4665 tibi
3027 4610 3131 4681 ipsi
3156 4608 3385 4674 idolum,
3410 4622 3514 4662 ne-

1931 4726 2039 4780 que
2067 4709 2239 4762 ullius
2271 4707 2352 4762 rei
2380 4706 2759 4771 simulacrum,
2784 4716 3123 4774 quaecunque
3136 4701 3193 4756 in
3217 4701 3357 4756 ccelo
3385 4706 3516 4756 sunt

1931 4815 2172 4863 sursum,
2203 4808 2260 4854 et
2297 4812 2641 4868 quaecunque
2677 4795 2734 4850 in
2784 4803 2929 4851 terra
2973 4794 3256 4859 deorsum,
3284 4801 3340 4848 et
3367 4808 3516 4862 quae-

1934 4890 2225 4961 cunquein
2247 4888 2406 4959 aquis
2435 4888 2538 4942 sub
2561 4895 2737 4942 terra:
2789 4901 2899 4941 non
2927 4883 3185 4941 adorabis
3220 4899 3305 4950 ea,
3331 4896 3515 4953 neque

1934 4985 2148 5041 servies
2171 4983 2299 5038 illis.
2335 4982 2448 5052 Ego
2483 4981 2633 5037 enim
2677 4995 2799 5035 sum
2853 4979 3119 5035 Dominus
3169 4979 3316 5034 Deus
3363 4986 3514 5042 tuus,

1934 5078 2080 5132 Deus
2105 5075 2326 5140 zelotes,
2357 5071 2596 5128 reddens
2636 5078 2859 5142 peccata
2889 5079 3109 5141 patrum
3151 5069 3206 5124 in
3239 5069 3401 5136 ﬁlios,
3426 5085 3515 5124 us-

1934 5185 2041 5239 que
2069 5165 2138 5221 ad
2169 5167 2386 5221 tertiam
2441 5171 2499 5220 et
2539 5172 2792 5235 quartam
2834 5164 3270 5235 generationem,
3322 5162 3390 5216 iis
3419 5159 3514 5230 qui

1933 5261 2173 5316 oderunt
2197 5274 2306 5324 me,
2338 5255 2498 5328 174
2513 5264 2569 5312 ει
2591 5254 3250 5311 faciensmisericordiam
3267 5253 3323 5307 in
3342 5251 3512 5304 millia

1936 5351 2006 5406 iis
2056 5350 2151 5421 qui
2187 5349 2428 5420 diligunt
2450 5362 2558 5414 me,
2584 5354 2641 5401 et
2665 5353 2888 5401 servant
2931 5352 3205 5415 praecepta
3237 5356 3358 5397 mea
3388 5340 3453 5390 ⁵³.
3485 5356 3506 5389 ι

1933 5440 2233 5512 Oportebat
2281 5439 2431 5493 enim
2479 5445 2540 5493 ut
2564 5437 2721 5492 duris
2771 5435 3076 5490 terroribus
3103 5445 3516 5489 commoveren-

1937 5539 2044 5597 tur,
2063 5527 2158 5600 qui
2186 5527 2444 5582 mandato
2469 5525 2679 5581 aditum
2715 5521 3040 5594 prteclusuri
3061 5529 3251 5586 erant;
3279 5516 3514 5588 ideoque

1933 5633 1989 5681 et
2027 5621 2262 5680 zelotem
2287 5635 2347 5677 se
2369 5619 2545 5676 Deum
2587 5613 2840 5688 appellat,
2870 5621 2928 5670 et
2950 5619 3176 5686 peccata
3218 5619 3515 5688 parentum
