  <div class='ocr_page' id='page_1' title='image "/cluster/home/n/w/nwhite01/storage/ocr_20150623/68/hvd.32044073501975/211.png"; bbox 0 0 3990 6196; ppageno 0'>
   <div class='ocr_carea' id='block_1_1' title="bbox 493 315 3789 379">
    <p class='ocr_par' dir='ltr' id='par_1_1' title="bbox 493 315 3789 379">
     <span class='ocr_line' id='line_1_1' title="bbox 493 315 3789 379; baseline -0.002 -3"><span class='ocrx_word' id='word_1_1' title='bbox 493 321 592 377; x_wconf 63' lang='grc'><strong>411</strong></span> <span class='ocrx_word' id='word_1_2' title='bbox 1561 359 1574 372; x_wconf 95' lang='grc'><strong>.</strong></span> <span class='ocrx_word' id='word_1_3' title='bbox 1615 317 1891 375; x_wconf 76' lang='lat' dir='ltr'><strong>CYRILLI</strong></span> <span class='ocrx_word' id='word_1_4' title='bbox 1927 318 2407 376; x_wconf 68' lang='lat' dir='ltr'><strong>ALEXANDRINF</strong></span> <span class='ocrx_word' id='word_1_5' title='bbox 2434 318 2769 375; x_wconf 76' lang='lat' dir='ltr'><strong>ARClllEP.-</strong></span> <span class='ocrx_word' id='word_1_6' title='bbox 3652 315 3749 379; x_wconf 66' lang='grc' dir='ltr'>ηε</span> <span class='ocrx_word' id='word_1_7' title='bbox 3778 342 3789 351; x_wconf 81' lang='lat'><strong>-</strong></span> 
     </span>
    </p>
   </div>
   <div class='ocr_carea' id='block_1_2' title="bbox 497 430 2089 513">
    <p class='ocr_par' dir='ltr' id='par_1_2' title="bbox 497 439 2076 513">
     <span class='ocr_line' id='line_1_2' title="bbox 497 439 2076 513; baseline 0 -16"><span class='ocrx_word' id='word_1_8' title='bbox 497 441 690 497; x_wconf 88' lang='lat' dir='ltr'><strong>liberis</strong></span> <span class='ocrx_word' id='word_1_9' title='bbox 712 441 995 513; x_wconf 83' lang='lat' dir='ltr'><strong>imponere</strong></span> <span class='ocrx_word' id='word_1_10' title='bbox 1028 453 1089 495; x_wconf 90' lang='lat' dir='ltr'><strong>se</strong></span> <span class='ocrx_word' id='word_1_11' title='bbox 1119 439 1284 507; x_wconf 90' lang='lat' dir='ltr'><strong>dicit;</strong></span> <span class='ocrx_word' id='word_1_12' title='bbox 1321 439 1366 494; x_wconf 90' lang='lat' dir='ltr'><strong>si</strong></span> <span class='ocrx_word' id='word_1_13' title='bbox 1395 446 1575 496; x_wconf 88' lang='lat' dir='ltr'><strong>tamen</strong></span> <span class='ocrx_word' id='word_1_14' title='bbox 1610 443 1865 498; x_wconf 71' lang='lat' dir='ltr'><strong>similiter</strong></span> <span class='ocrx_word' id='word_1_15' title='bbox 1911 451 2076 513; x_wconf 88' lang='lat' dir='ltr'><strong>atque</strong></span> 
     </span>
    </p>
   </div>
   <div class='ocr_carea' id='block_1_3' title="bbox 2191 430 3755 513">
    <p class='ocr_par' dir='ltr' id='par_1_3' title="bbox 2191 430 3755 510">
     <span class='ocr_line' id='line_1_3' title="bbox 2191 430 3755 510; baseline -0.006 -17"><span class='ocrx_word' id='word_1_16' title='bbox 2191 443 2411 510; x_wconf 65' lang='lat' dir='ltr'><strong>{ovtxoi‘g</strong></span> <span class='ocrx_word' id='word_1_17' title='bbox 2444 438 2776 510; x_wconf 78' lang='grc' dir='ltr'><strong>ἁμιλλᾶσθαι</strong></span> <span class='ocrx_word' id='word_1_18' title='bbox 2801 438 3159 509; x_wconf 77' lang='grc' dir='ltr'><strong>πταίσμασιν.</strong></span> <span class='ocrx_word' id='word_1_19' title='bbox 3190 431 3272 488; x_wconf 67' lang='grc' dir='ltr'><strong>Οὔ</strong></span> <span class='ocrx_word' id='word_1_20' title='bbox 3292 431 3405 506; x_wconf 82' lang='grc' dir='ltr'><strong>γάρ</strong></span> <span class='ocrx_word' id='word_1_21' title='bbox 3429 430 3531 495; x_wconf 77' lang='grc' dir='ltr'><strong>πού</strong></span> <span class='ocrx_word' id='word_1_22' title='bbox 3550 449 3755 503; x_wconf 72' lang='grc' dir='ltr'>φαμεν,</span> 
     </span>
    </p>
   </div>
   <div class='ocr_carea' id='block_1_4' title="bbox 498 525 2089 608">
    <p class='ocr_par' dir='ltr' id='par_1_4' title="bbox 498 530 2070 603">
     <span class='ocr_line' id='line_1_4' title="bbox 498 530 2070 603; baseline 0.002 -16"><span class='ocrx_word' id='word_1_23' title='bbox 498 534 575 589; x_wconf 91' lang='lat' dir='ltr'><strong>illi</strong></span> <span class='ocrx_word' id='word_1_24' title='bbox 616 534 822 599; x_wconf 88' lang='lat' dir='ltr'><strong>vivere,</strong></span> <span class='ocrx_word' id='word_1_25' title='bbox 843 540 899 585; x_wconf 90' lang='lat' dir='ltr'><strong>et</strong></span> <span class='ocrx_word' id='word_1_26' title='bbox 932 546 1059 585; x_wconf 92' lang='lat' dir='ltr'><strong>cum</strong></span> <span class='ocrx_word' id='word_1_27' title='bbox 1086 530 1280 602; x_wconf 80' lang='lat' dir='ltr'><strong>patriis</strong></span> <span class='ocrx_word' id='word_1_28' title='bbox 1303 541 1513 587; x_wconf 88' lang='lat' dir='ltr'><strong>certare</strong></span> <span class='ocrx_word' id='word_1_29' title='bbox 1535 533 1712 603; x_wconf 87' lang='lat' dir='ltr'><strong>culpis</strong></span> <span class='ocrx_word' id='word_1_30' title='bbox 1750 534 1939 590; x_wconf 88' lang='lat' dir='ltr'><strong>velint.</strong></span> <span class='ocrx_word' id='word_1_31' title='bbox 1963 534 2070 590; x_wconf 82' lang='lat' dir='ltr'><strong>Ne-</strong></span> 
     </span>
    </p>
   </div>
   <div class='ocr_carea' id='block_1_5' title="bbox 2191 525 3755 608">
    <p class='ocr_par' dir='ltr' id='par_1_5' title="bbox 2191 525 3755 608">
     <span class='ocr_line' id='line_1_5' title="bbox 2191 525 3755 608; baseline -0.004 -20"><span class='ocrx_word' id='word_1_32' title='bbox 2191 535 2253 599; x_wconf 73' lang='grc' dir='ltr'><strong>ἵυς</strong></span> <span class='ocrx_word' id='word_1_33' title='bbox 2279 537 2392 598; x_wconf 86' lang='grc' dir='ltr'>τοῖς</span> <span class='ocrx_word' id='word_1_34' title='bbox 2415 550 2478 602; x_wconf 88' lang='grc' dir='ltr'><strong>γε</strong></span> <span class='ocrx_word' id='word_1_35' title='bbox 2506 534 2642 599; x_wconf 77' lang='grc' dir='ltr'>ὅλως</span> <span class='ocrx_word' id='word_1_36' title='bbox 2672 532 2829 591; x_wconf 77' lang='grc' dir='ltr'>οὐδὲν</span> <span class='ocrx_word' id='word_1_37' title='bbox 2857 528 3389 608; x_wconf 73' lang='grc' dir='ltr'>πεπλημμεληκόσιν</span> <span class='ocrx_word' id='word_1_38' title='bbox 3413 527 3472 582; x_wconf 86' lang='grc' dir='ltr'>αἱ</span> <span class='ocrx_word' id='word_1_39' title='bbox 3502 525 3609 580; x_wconf 84' lang='grc' dir='ltr'><strong>τῶν</strong></span> <span class='ocrx_word' id='word_1_40' title='bbox 3644 543 3755 581; x_wconf 83' lang='grc' dir='ltr'>πα-</span> 
     </span>
    </p>
   </div>
   <div class='ocr_carea' id='block_1_6' title="bbox 496 618 2089 697">
    <p class='ocr_par' dir='ltr' id='par_1_6' title="bbox 496 622 2068 696">
     <span class='ocr_line' id='line_1_6' title="bbox 496 622 2068 696; baseline 0.003 -20"><span class='ocrx_word' id='word_1_41' title='bbox 496 638 604 693; x_wconf 83' lang='lat' dir='ltr'><strong>que</strong></span> <span class='ocrx_word' id='word_1_42' title='bbox 655 623 804 683; x_wconf 90' lang='lat' dir='ltr'><strong>enim</strong></span> <span class='ocrx_word' id='word_1_43' title='bbox 848 622 1086 678; x_wconf 90' lang='lat' dir='ltr'><strong>dicimus</strong></span> <span class='ocrx_word' id='word_1_44' title='bbox 1115 622 1173 678; x_wconf 91' lang='lat' dir='ltr'><strong>in</strong></span> <span class='ocrx_word' id='word_1_45' title='bbox 1220 638 1329 678; x_wconf 90' lang='lat' dir='ltr'><strong>eos</strong></span> <span class='ocrx_word' id='word_1_46' title='bbox 1388 622 1484 695; x_wconf 90' lang='lat' dir='ltr'><strong>qui</strong></span> <span class='ocrx_word' id='word_1_47' title='bbox 1510 624 1648 678; x_wconf 90' lang='lat' dir='ltr'><strong>nihil</strong></span> <span class='ocrx_word' id='word_1_48' title='bbox 1716 625 2068 696; x_wconf 85' lang='lat' dir='ltr'><strong>deliquerint,</strong></span> 
     </span>
    </p>
   </div>
   <div class='ocr_carea' id='block_1_7' title="bbox 2191 618 3760 697">
    <p class='ocr_par' dir='ltr' id='par_1_7' title="bbox 2191 618 3760 697">
     <span class='ocr_line' id='line_1_7' title="bbox 2191 618 3760 697; baseline -0.003 -16"><span class='ocrx_word' id='word_1_49' title='bbox 2191 627 2347 697; x_wconf 76' lang='lat' dir='ltr'><strong>:épwv</strong></span> <span class='ocrx_word' id='word_1_50' title='bbox 2371 626 2919 696; x_wconf 73' lang='grc' dir='ltr'>ὲγκατασκήπτουσιν</span> <span class='ocrx_word' id='word_1_51' title='bbox 2968 621 3260 694; x_wconf 79' lang='grc' dir='ltr'><strong>ἁμαρτίαι,</strong></span> <span class='ocrx_word' id='word_1_52' title='bbox 3293 618 3385 675; x_wconf 87' lang='grc' dir='ltr'><strong>καί</strong></span> <span class='ocrx_word' id='word_1_53' title='bbox 3418 636 3499 687; x_wconf 86' lang='grc' dir='ltr'><strong>τοι</strong></span> <span class='ocrx_word' id='word_1_54' title='bbox 3524 618 3760 691; x_wconf 64' lang='grc' dir='ltr'>διαρῤήυ</span> 
     </span>
    </p>
   </div>
   <div class='ocr_carea' id='block_1_8' title="bbox 496 711 2089 796">
    <p class='ocr_par' dir='ltr' id='par_1_8' title="bbox 496 714 2075 785">
     <span class='ocr_line' id='line_1_8' title="bbox 496 714 2075 785; baseline 0.004 -19"><span class='ocrx_word' id='word_1_55' title='bbox 496 724 722 785; x_wconf 79' lang='lat' dir='ltr'><strong>peccata</strong></span> <span class='ocrx_word' id='word_1_56' title='bbox 744 722 1035 784; x_wconf 89' lang='lat' dir='ltr'><strong>parentum</strong></span> <span class='ocrx_word' id='word_1_57' title='bbox 1059 714 1400 781; x_wconf 85' lang='lat' dir='ltr'><strong>redundare;</strong></span> <span class='ocrx_word' id='word_1_58' title='bbox 1456 730 1582 770; x_wconf 90' lang='lat' dir='ltr'><strong>cum</strong></span> <span class='ocrx_word' id='word_1_59' title='bbox 1634 715 1856 772; x_wconf 87' lang='lat' dir='ltr'><strong>disertis</strong></span> <span class='ocrx_word' id='word_1_60' title='bbox 1891 717 2075 773; x_wconf 83' lang='lat' dir='ltr'><strong>verbis</strong></span> 
     </span>
    </p>
   </div>
   <div class='ocr_carea' id='block_1_9' title="bbox 2191 711 3761 796">
    <p class='ocr_par' dir='ltr' id='par_1_9' title="bbox 2191 711 3761 796">
     <span class='ocr_line' id='line_1_9' title="bbox 2191 711 3761 796; baseline -0.006 -24"><span class='ocrx_word' id='word_1_61' title='bbox 2191 720 2270 790; x_wconf 76' lang='grc' dir='ltr'><strong>ῑην</strong></span> <span class='ocrx_word' id='word_1_62' title='bbox 2307 717 2747 796; x_wconf 79' lang='grc' dir='ltr'>ἀνακεκραγότος</span> <span class='ocrx_word' id='word_1_63' title='bbox 2777 714 2915 771; x_wconf 84' lang='grc' dir='ltr'>Θεοῦ</span> <span class='ocrx_word' id='word_1_64' title='bbox 2937 732 2953 749; x_wconf 91' lang='grc'><strong>·</strong></span> <span class='ocrx_word' id='word_1_65' title='bbox 2997 733 3017 767; x_wconf 78' lang='grc' dir='ltr'><strong>ι</strong></span> <span class='ocrx_word' id='word_1_66' title='bbox 3073 713 3188 767; x_wconf 78' lang='grc' dir='ltr'>Οὐκ</span> <span class='ocrx_word' id='word_1_67' title='bbox 3219 711 3613 775; x_wconf 68' lang='grc' dir='ltr'><strong>ἀποθανοῦνται</strong></span> <span class='ocrx_word' id='word_1_68' title='bbox 3650 726 3761 775; x_wconf 76' lang='grc' dir='ltr'><strong>πᾳ-</strong></span> 
     </span>
    </p>
   </div>
   <div class='ocr_carea' id='block_1_10' title="bbox 496 803 2089 881">
    <p class='ocr_par' dir='ltr' id='par_1_10' title="bbox 496 804 2072 877">
     <span class='ocr_line' id='line_1_10' title="bbox 496 804 2072 877; baseline 0.004 -20"><span class='ocrx_word' id='word_1_69' title='bbox 496 810 730 858; x_wconf 88' lang='lat' dir='ltr'><strong>testetur</strong></span> <span class='ocrx_word' id='word_1_70' title='bbox 754 804 958 859; x_wconf 69' lang='lat' dir='ltr'><strong>Deusn</strong></span> <span class='ocrx_word' id='word_1_71' title='bbox 990 805 1111 860; x_wconf 88' lang='lat' dir='ltr'><strong>Non</strong></span> <span class='ocrx_word' id='word_1_72' title='bbox 1129 805 1438 861; x_wconf 81' lang='lat' dir='ltr'><strong>morientur</strong></span> <span class='ocrx_word' id='word_1_73' title='bbox 1455 813 1642 875; x_wconf 83' lang='lat' dir='ltr'><strong>patres</strong></span> <span class='ocrx_word' id='word_1_74' title='bbox 1666 822 1767 877; x_wconf 88' lang='lat' dir='ltr'><strong>pro</strong></span> <span class='ocrx_word' id='word_1_75' title='bbox 1795 805 1942 875; x_wconf 83' lang='lat' dir='ltr'><strong>ﬁliis,</strong></span> <span class='ocrx_word' id='word_1_76' title='bbox 1971 824 2072 864; x_wconf 90' lang='lat' dir='ltr'><strong>ne-</strong></span> 
     </span>
    </p>
   </div>
   <div class='ocr_carea' id='block_1_11' title="bbox 2191 803 3764 881">
    <p class='ocr_par' dir='ltr' id='par_1_11' title="bbox 2191 803 3764 881">
     <span class='ocr_line' id='line_1_11' title="bbox 2191 803 3764 881; baseline -0.005 -19"><span class='ocrx_word' id='word_1_77' title='bbox 2191 810 2330 881; x_wconf 75' lang='grc' dir='ltr'>ιέρες</span> <span class='ocrx_word' id='word_1_78' title='bbox 2358 809 2500 880; x_wconf 66' lang='grc' dir='ltr'>ὑπὲρ</span> <span class='ocrx_word' id='word_1_79' title='bbox 2527 809 2758 875; x_wconf 76' lang='grc' dir='ltr'>τέκνων.</span> <span class='ocrx_word' id='word_1_80' title='bbox 2794 807 2916 873; x_wconf 64' lang='lat' dir='ltr'><strong>cast</strong></span> <span class='ocrx_word' id='word_1_81' title='bbox 2954 806 3123 860; x_wconf 86' lang='grc' dir='ltr'>τέκνα</span> <span class='ocrx_word' id='word_1_82' title='bbox 3152 804 3291 874; x_wconf 81' lang='grc' dir='ltr'>ὑπὲρ</span> <span class='ocrx_word' id='word_1_83' title='bbox 3318 803 3591 873; x_wconf 79' lang='grc' dir='ltr'>πατέρων,</span> <span class='ocrx_word' id='word_1_84' title='bbox 3629 803 3764 856; x_wconf 70' lang='grc' dir='ltr'>ἕκα-</span> 
     </span>
    </p>
   </div>
   <div class='ocr_carea' id='block_1_12' title="bbox 498 894 2089 973">
    <p class='ocr_par' dir='ltr' id='par_1_12' title="bbox 498 894 2075 969">
     <span class='ocr_line' id='line_1_12' title="bbox 498 894 2075 969; baseline 0.004 -20"><span class='ocrx_word' id='word_1_85' title='bbox 498 911 604 964; x_wconf 91' lang='lat' dir='ltr'><strong>que</strong></span> <span class='ocrx_word' id='word_1_86' title='bbox 638 894 730 949; x_wconf 84' lang='lat' dir='ltr'><strong>lilii</strong></span> <span class='ocrx_word' id='word_1_87' title='bbox 752 912 851 966; x_wconf 91' lang='lat' dir='ltr'><strong>pro</strong></span> <span class='ocrx_word' id='word_1_88' title='bbox 875 897 1164 966; x_wconf 88' lang='lat' dir='ltr'><strong>patribus:</strong></span> <span class='ocrx_word' id='word_1_89' title='bbox 1201 897 1580 969; x_wconf 77' lang='lat' dir='ltr'><strong>unusquisque</strong></span> <span class='ocrx_word' id='word_1_90' title='bbox 1612 897 1668 952; x_wconf 89' lang='lat' dir='ltr'><strong>in</strong></span> <span class='ocrx_word' id='word_1_91' title='bbox 1719 913 1819 953; x_wconf 91' lang='lat' dir='ltr'><strong>suo</strong></span> <span class='ocrx_word' id='word_1_92' title='bbox 1850 908 2075 969; x_wconf 86' lang='lat' dir='ltr'><strong>peccato</strong></span> 
     </span>
    </p>
   </div>
   <div class='ocr_carea' id='block_1_13' title="bbox 2191 894 3763 973">
    <p class='ocr_par' dir='ltr' id='par_1_13' title="bbox 2191 894 3763 973">
     <span class='ocr_line' id='line_1_13' title="bbox 2191 894 3763 973; baseline -0.006 -18"><span class='ocrx_word' id='word_1_93' title='bbox 2191 918 2301 965; x_wconf 70' lang='grc' dir='ltr'>πτος</span> <span class='ocrx_word' id='word_1_94' title='bbox 2333 904 2402 973; x_wconf 79' lang='grc' dir='ltr'><strong>τῇ</strong></span> <span class='ocrx_word' id='word_1_95' title='bbox 2429 901 2624 955; x_wconf 79' lang='grc' dir='ltr'>ἑαυτοῦ</span> <span class='ocrx_word' id='word_1_96' title='bbox 2657 898 2904 973; x_wconf 76' lang='grc' dir='ltr'><strong>ἁμαρτίᾳ</strong></span> <span class='ocrx_word' id='word_1_97' title='bbox 2933 898 3303 953; x_wconf 84' lang='grc' dir='ltr'>ἀποθανεῖται.</span> <span class='ocrx_word' id='word_1_98' title='bbox 3343 914 3363 947; x_wconf 82' lang='grc'>›</span> <span class='ocrx_word' id='word_1_99' title='bbox 3406 894 3543 949; x_wconf 83' lang='grc' dir='ltr'>Ἀλλ’</span> <span class='ocrx_word' id='word_1_100' title='bbox 3567 896 3615 949; x_wconf 88' lang='grc' dir='ltr'><strong>εί</strong></span> <span class='ocrx_word' id='word_1_101' title='bbox 3637 896 3763 958; x_wconf 87' lang='grc' dir='ltr'>ταῖς</span> 
     </span>
    </p>
   </div>
   <div class='ocr_carea' id='block_1_14' title="bbox 496 986 2089 1064">
    <p class='ocr_par' dir='ltr' id='par_1_14' title="bbox 496 990 2075 1064">
     <span class='ocr_line' id='line_1_14' title="bbox 496 990 2075 1064; baseline 0.005 -22"><span class='ocrx_word' id='word_1_102' title='bbox 496 990 768 1046; x_wconf 86' lang='lat' dir='ltr'><strong>morietur</strong></span> <span class='ocrx_word' id='word_1_103' title='bbox 799 991 867 1045; x_wconf 77' lang='lat'><strong>“.</strong></span> <span class='ocrx_word' id='word_1_104' title='bbox 891 1011 908 1043; x_wconf 78' lang='grc' dir='ltr'><strong>ι</strong></span> <span class='ocrx_word' id='word_1_105' title='bbox 942 990 1071 1059; x_wconf 89' lang='lat' dir='ltr'><strong>Sed,</strong></span> <span class='ocrx_word' id='word_1_106' title='bbox 1115 991 1162 1048; x_wconf 91' lang='lat' dir='ltr'><strong>si</strong></span> <span class='ocrx_word' id='word_1_107' title='bbox 1192 1004 1485 1064; x_wconf 85' lang='lat' dir='ltr'><strong>parentum</strong></span> <span class='ocrx_word' id='word_1_108' title='bbox 1541 995 1872 1053; x_wconf 86' lang='lat' dir='ltr'><strong>sententiam</strong></span> <span class='ocrx_word' id='word_1_109' title='bbox 1914 996 2075 1052; x_wconf 85' lang='lat' dir='ltr'><strong>liberi</strong></span> 
     </span>
    </p>
   </div>
   <div class='ocr_carea' id='block_1_15' title="bbox 2191 986 3767 1064">
    <p class='ocr_par' dir='ltr' id='par_1_15' title="bbox 2191 986 3767 1063">
     <span class='ocr_line' id='line_1_15' title="bbox 2191 986 3767 1063; baseline -0.004 -17"><span class='ocrx_word' id='word_1_110' title='bbox 2191 990 2285 1046; x_wconf 68' lang='grc' dir='ltr'>τῶν</span> <span class='ocrx_word' id='word_1_111' title='bbox 2317 991 2571 1062; x_wconf 75' lang='grc' dir='ltr'>πατέρων</span> <span class='ocrx_word' id='word_1_112' title='bbox 2591 991 2809 1051; x_wconf 68' lang='grc' dir='ltr'>ἕποιντο</span> <span class='ocrx_word' id='word_1_113' title='bbox 2834 989 3081 1063; x_wconf 82' lang='grc' dir='ltr'><strong>γνώμαις</strong></span> <span class='ocrx_word' id='word_1_114' title='bbox 3116 990 3165 1042; x_wconf 86' lang='grc' dir='ltr'><strong>οῖ</strong></span> <span class='ocrx_word' id='word_1_115' title='bbox 3192 987 3253 1054; x_wconf 69' lang='grc' dir='ltr'>ἐξ</span> <span class='ocrx_word' id='word_1_116' title='bbox 3279 986 3483 1054; x_wconf 78' lang='grc' dir='ltr'>αὐτῶν,</span> <span class='ocrx_word' id='word_1_117' title='bbox 3510 986 3609 1041; x_wconf 54' lang='grc' dir='ltr'><strong>καὶ⁵</strong></span> <span class='ocrx_word' id='word_1_118' title='bbox 3632 1002 3767 1055; x_wconf 82' lang='grc' dir='ltr'>προ-</span> 
     </span>
    </p>
   </div>
   <div class='ocr_carea' id='block_1_16' title="bbox 497 1076 2089 1157">
    <p class='ocr_par' dir='ltr' id='par_1_16' title="bbox 497 1076 2073 1156">
     <span class='ocr_line' id='line_1_16' title="bbox 497 1076 2073 1156; baseline 0.006 -21"><span class='ocrx_word' id='word_1_119' title='bbox 497 1091 821 1151; x_wconf 86' lang='lat' dir='ltr'><strong>sequantur,</strong></span> <span class='ocrx_word' id='word_1_120' title='bbox 854 1098 917 1139; x_wconf 87' lang='lat' dir='ltr'><strong>ac</strong></span> <span class='ocrx_word' id='word_1_121' title='bbox 940 1084 1133 1155; x_wconf 77' lang='lat' dir='ltr'><strong>patria:</strong></span> <span class='ocrx_word' id='word_1_122' title='bbox 1175 1084 1473 1156; x_wconf 77' lang='lat' dir='ltr'><strong>impietatis</strong></span> <span class='ocrx_word' id='word_1_123' title='bbox 1512 1085 1721 1147; x_wconf 86' lang='lat' dir='ltr'><strong>fuerint</strong></span> <span class='ocrx_word' id='word_1_124' title='bbox 1749 1076 2073 1153; x_wconf 86' lang='lat' dir='ltr'><strong>imitatores,</strong></span> 
     </span>
    </p>
   </div>
   <div class='ocr_carea' id='block_1_17' title="bbox 2191 1076 3763 1157">
    <p class='ocr_par' dir='ltr' id='par_1_17' title="bbox 2191 1078 3763 1157">
     <span class='ocr_line' id='line_1_17' title="bbox 2191 1078 3763 1157; baseline -0.005 -20"><span class='ocrx_word' id='word_1_125' title='bbox 2191 1082 2401 1157; x_wconf 68' lang='grc' dir='ltr'>γονικῆς</span> <span class='ocrx_word' id='word_1_126' title='bbox 2436 1083 2755 1149; x_wconf 76' lang='grc' dir='ltr'>δυσσεϐείας</span> <span class='ocrx_word' id='word_1_127' title='bbox 2774 1082 2982 1141; x_wconf 70' lang='grc' dir='ltr'>ἔσοιντο</span> <span class='ocrx_word' id='word_1_128' title='bbox 3009 1081 3268 1154; x_wconf 67' lang='grc' dir='ltr'>ζηλωταὶ,</span> <span class='ocrx_word' id='word_1_129' title='bbox 3306 1078 3625 1150; x_wconf 75' lang='grc' dir='ltr'><strong>παρατείνει</strong></span> <span class='ocrx_word' id='word_1_130' title='bbox 3655 1094 3763 1139; x_wconf 80' lang='grc' dir='ltr'><strong>που</strong></span> 
     </span>
    </p>
   </div>
   <div class='ocr_carea' id='block_1_18' title="bbox 495 1166 2089 1251">
    <p class='ocr_par' dir='ltr' id='par_1_18' title="bbox 495 1174 2076 1251">
     <span class='ocr_line' id='line_1_18' title="bbox 495 1174 2076 1251; baseline 0.004 -22"><span class='ocrx_word' id='word_1_131' title='bbox 495 1174 750 1244; x_wconf 86' lang='lat' dir='ltr'><strong>pervenit</strong></span> <span class='ocrx_word' id='word_1_132' title='bbox 768 1175 991 1231; x_wconf 86' lang='lat' dir='ltr'><strong>interim</strong></span> <span class='ocrx_word' id='word_1_133' title='bbox 1009 1177 1078 1231; x_wconf 89' lang='lat' dir='ltr'><strong>ad</strong></span> <span class='ocrx_word' id='word_1_134' title='bbox 1104 1178 1251 1249; x_wconf 90' lang='lat' dir='ltr'><strong>ipsos</strong></span> <span class='ocrx_word' id='word_1_135' title='bbox 1278 1194 1498 1248; x_wconf 85' lang='lat' dir='ltr'><strong>quoque</strong></span> <span class='ocrx_word' id='word_1_136' title='bbox 1520 1178 1616 1233; x_wconf 90' lang='lat' dir='ltr'><strong>Dei</strong></span> <span class='ocrx_word' id='word_1_137' title='bbox 1636 1179 1953 1251; x_wconf 82' lang='lat' dir='ltr'><strong>indignatio.</strong></span> <span class='ocrx_word' id='word_1_138' title='bbox 1976 1181 2076 1244; x_wconf 81' lang='lat' dir='ltr'><strong>Ac,</strong></span> 
     </span>
    </p>
   </div>
   <div class='ocr_carea' id='block_1_19' title="bbox 2191 1166 3766 1251">
    <p class='ocr_par' dir='ltr' id='par_1_19' title="bbox 2191 1166 3766 1244">
     <span class='ocr_line' id='line_1_19' title="bbox 2191 1166 3766 1244; baseline 0.004 -17"><span class='ocrx_word' id='word_1_139' title='bbox 2191 1173 2320 1244; x_wconf 74' lang='grc' dir='ltr'>τάχα</span> <span class='ocrx_word' id='word_1_140' title='bbox 2350 1174 2446 1232; x_wconf 76' lang='grc' dir='ltr'>καὶ</span> <span class='ocrx_word' id='word_1_141' title='bbox 2472 1175 2553 1239; x_wconf 83' lang='grc' dir='ltr'><strong>είς</strong></span> <span class='ocrx_word' id='word_1_142' title='bbox 2580 1174 2777 1239; x_wconf 75' lang='grc' dir='ltr'>αὐτοὺς</span> <span class='ocrx_word' id='word_1_143' title='bbox 2802 1176 2830 1228; x_wconf 89' lang='grc' dir='ltr'><strong>ό</strong></span> <span class='ocrx_word' id='word_1_144' title='bbox 2856 1172 3046 1244; x_wconf 86' lang='grc' dir='ltr'>θυμός.</span> <span class='ocrx_word' id='word_1_145' title='bbox 3073 1171 3192 1227; x_wconf 76' lang='grc' dir='ltr'>Κᾶν</span> <span class='ocrx_word' id='word_1_146' title='bbox 3222 1173 3271 1225; x_wconf 84' lang='grc' dir='ltr'><strong>εί</strong></span> <span class='ocrx_word' id='word_1_147' title='bbox 3304 1168 3513 1240; x_wconf 78' lang='grc' dir='ltr'>γένοιτό</span> <span class='ocrx_word' id='word_1_148' title='bbox 3551 1185 3668 1232; x_wconf 83' lang='grc' dir='ltr'>πως</span> <span class='ocrx_word' id='word_1_149' title='bbox 3703 1166 3766 1232; x_wconf 61' lang='grc' dir='ltr'><strong>ἐξ</strong></span> 
     </span>
    </p>
   </div>
   <div class='ocr_carea' id='block_1_20' title="bbox 499 1259 2089 1341">
    <p class='ocr_par' dir='ltr' id='par_1_20' title="bbox 499 1266 2078 1341">
     <span class='ocr_line' id='line_1_20' title="bbox 499 1266 2078 1341; baseline 0.002 -21"><span class='ocrx_word' id='word_1_150' title='bbox 499 1266 545 1320; x_wconf 89' lang='lat' dir='ltr'><strong>si</strong></span> <span class='ocrx_word' id='word_1_151' title='bbox 572 1266 788 1321; x_wconf 82' lang='lat' dir='ltr'><strong>eveniat</strong></span> <span class='ocrx_word' id='word_1_152' title='bbox 811 1283 880 1322; x_wconf 82' lang='lat' dir='ltr'><strong>ex</strong></span> <span class='ocrx_word' id='word_1_153' title='bbox 909 1267 1080 1338; x_wconf 86' lang='lat' dir='ltr'><strong>ipsius</strong></span> <span class='ocrx_word' id='word_1_154' title='bbox 1101 1269 1266 1324; x_wconf 90' lang='lat' dir='ltr'><strong>insita</strong></span> <span class='ocrx_word' id='word_1_155' title='bbox 1290 1268 1650 1341; x_wconf 81' lang='lat' dir='ltr'><strong>benignitate,</strong></span> <span class='ocrx_word' id='word_1_156' title='bbox 1697 1277 1765 1329; x_wconf 79' lang='lat' dir='ltr'><strong>ut</strong></span> <span class='ocrx_word' id='word_1_157' title='bbox 1788 1269 1953 1334; x_wconf 77' lang='lat' dir='ltr'><strong>Deus,</strong></span> <span class='ocrx_word' id='word_1_158' title='bbox 1982 1269 2078 1341; x_wconf 85' lang='lat' dir='ltr'><strong>qui</strong></span> 
     </span>
    </p>
   </div>
   <div class='ocr_carea' id='block_1_21' title="bbox 2191 1259 3765 1341">
    <p class='ocr_par' dir='ltr' id='par_1_21' title="bbox 2191 1259 3765 1340">
     <span class='ocr_line' id='line_1_21' title="bbox 2191 1259 3765 1340; baseline -0.005 -19"><span class='ocrx_word' id='word_1_159' title='bbox 2191 1268 2421 1340; x_wconf 66' lang='grc' dir='ltr'>ἐμφύτου</span> <span class='ocrx_word' id='word_1_160' title='bbox 2482 1266 2894 1339; x_wconf 72' lang='grc' dir='ltr'>φιλανθρωπίας</span> <span class='ocrx_word' id='word_1_161' title='bbox 2946 1266 3154 1325; x_wconf 84' lang='grc' dir='ltr'>ἀνεῖναι</span> <span class='ocrx_word' id='word_1_162' title='bbox 3202 1266 3316 1328; x_wconf 89' lang='grc' dir='ltr'>τοῖς</span> <span class='ocrx_word' id='word_1_163' title='bbox 3373 1261 3611 1336; x_wconf 81' lang='grc' dir='ltr'>πρώτοις</span> <span class='ocrx_word' id='word_1_164' title='bbox 3667 1259 3765 1314; x_wconf 70' lang='grc' dir='ltr'>τὸν</span> 
     </span>
    </p>
   </div>
   <div class='ocr_carea' id='block_1_22' title="bbox 497 1347 2089 1431">
    <p class='ocr_par' dir='ltr' id='par_1_22' title="bbox 497 1361 2080 1431">
     <span class='ocr_line' id='line_1_22' title="bbox 497 1361 2080 1431; baseline 0.001 -18"><span class='ocrx_word' id='word_1_165' title='bbox 497 1367 583 1413; x_wconf 90' lang='lat' dir='ltr'><strong>est</strong></span> <span class='ocrx_word' id='word_1_166' title='bbox 618 1374 785 1429; x_wconf 84' lang='lat' dir='ltr'><strong>super</strong></span> <span class='ocrx_word' id='word_1_167' title='bbox 825 1361 1031 1426; x_wconf 87' lang='lat' dir='ltr'><strong>omnia,</strong></span> <span class='ocrx_word' id='word_1_168' title='bbox 1078 1361 1274 1431; x_wconf 86' lang='lat' dir='ltr'><strong>primis</strong></span> <span class='ocrx_word' id='word_1_169' title='bbox 1313 1361 1423 1415; x_wconf 87' lang='lat' dir='ltr'><strong>illis</strong></span> <span class='ocrx_word' id='word_1_170' title='bbox 1462 1361 1708 1416; x_wconf 84' lang='lat' dir='ltr'><strong>remittat</strong></span> <span class='ocrx_word' id='word_1_171' title='bbox 1730 1376 1922 1431; x_wconf 60' lang='lat' dir='ltr'><strong>pinnas</strong></span> <span class='ocrx_word' id='word_1_172' title='bbox 1965 1379 1979 1413; x_wconf 88' lang='lat'><strong>:</strong></span> <span class='ocrx_word' id='word_1_173' title='bbox 2022 1369 2080 1417; x_wconf 86' lang='lat' dir='ltr'><strong>at</strong></span> 
     </span>
    </p>
   </div>
   <div class='ocr_carea' id='block_1_23' title="bbox 2191 1347 3767 1431">
    <p class='ocr_par' dir='ltr' id='par_1_23' title="bbox 2191 1347 3767 1429">
     <span class='ocr_line' id='line_1_23' title="bbox 2191 1347 3767 1429; baseline -0.004 -16"><span class='ocrx_word' id='word_1_174' title='bbox 2191 1358 2326 1429; x_wconf 69' lang='grc' dir='ltr'>ὑπὲρ</span> <span class='ocrx_word' id='word_1_175' title='bbox 2369 1357 2548 1412; x_wconf 87' lang='grc' dir='ltr'>πάντα</span> <span class='ocrx_word' id='word_1_176' title='bbox 2573 1355 2727 1422; x_wconf 81' lang='grc' dir='ltr'>Θεὸν,</span> <span class='ocrx_word' id='word_1_177' title='bbox 2774 1356 2836 1411; x_wconf 81' lang='grc' dir='ltr'>τὸ</span> <span class='ocrx_word' id='word_1_178' title='bbox 2866 1354 3194 1420; x_wconf 77' lang='grc' dir='ltr'>κολάζεσθαι</span> <span class='ocrx_word' id='word_1_179' title='bbox 3226 1353 3359 1420; x_wconf 83' lang='grc' dir='ltr'>δεῖν,</span> <span class='ocrx_word' id='word_1_180' title='bbox 3396 1352 3513 1406; x_wconf 83' lang='grc' dir='ltr'>ἀλλ’</span> <span class='ocrx_word' id='word_1_181' title='bbox 3546 1347 3639 1406; x_wconf 81' lang='grc' dir='ltr'>οὖν</span> <span class='ocrx_word' id='word_1_182' title='bbox 3660 1351 3767 1422; x_wconf 70' lang='grc' dir='ltr'><strong>ὀψὲ</strong></span> 
     </span>
    </p>
   </div>
   <div class='ocr_carea' id='block_1_24' title="bbox 497 1444 2089 1527">
    <p class='ocr_par' dir='ltr' id='par_1_24' title="bbox 497 1444 2080 1521">
     <span class='ocr_line' id='line_1_24' title="bbox 497 1444 2080 1521; baseline 0.003 -18"><span class='ocrx_word' id='word_1_183' title='bbox 497 1457 648 1505; x_wconf 76' lang='lat' dir='ltr'><strong>certe</strong></span> <span class='ocrx_word' id='word_1_184' title='bbox 687 1450 944 1505; x_wconf 88' lang='lat' dir='ltr'><strong>secundis</strong></span> <span class='ocrx_word' id='word_1_185' title='bbox 997 1452 1240 1519; x_wconf 83' lang='lat' dir='ltr'><strong>tandem,</strong></span> <span class='ocrx_word' id='word_1_186' title='bbox 1280 1459 1374 1506; x_wconf 86' lang='lat' dir='ltr'><strong>aut</strong></span> <span class='ocrx_word' id='word_1_187' title='bbox 1397 1452 1575 1511; x_wconf 87' lang='lat' dir='ltr'><strong>tertiis</strong></span> <span class='ocrx_word' id='word_1_188' title='bbox 1609 1444 1985 1521; x_wconf 71' lang='lat' dir='ltr'><strong>commeritam</strong></span> <span class='ocrx_word' id='word_1_189' title='bbox 2010 1453 2080 1508; x_wconf 90' lang='lat' dir='ltr'><strong>ab</strong></span> 
     </span>
    </p>
   </div>
   <div class='ocr_carea' id='block_1_25' title="bbox 2191 1444 3768 1527">
    <p class='ocr_par' dir='ltr' id='par_1_25' title="bbox 2191 1444 3768 1527">
     <span class='ocr_line' id='line_1_25' title="bbox 2191 1444 3768 1527; baseline -0.006 -22"><span class='ocrx_word' id='word_1_190' title='bbox 2191 1452 2293 1515; x_wconf 77' lang='grc' dir='ltr'>τοῖς</span> <span class='ocrx_word' id='word_1_191' title='bbox 2329 1449 2603 1527; x_wconf 79' lang='grc' dir='ltr'>δευτέροις</span> <span class='ocrx_word' id='word_1_192' title='bbox 2624 1449 2792 1522; x_wconf 75' lang='grc' dir='ltr'>ἦγουν</span> <span class='ocrx_word' id='word_1_193' title='bbox 2815 1450 2928 1513; x_wconf 87' lang='grc' dir='ltr'>τοῖς</span> <span class='ocrx_word' id='word_1_194' title='bbox 2958 1447 3165 1519; x_wconf 83' lang='grc' dir='ltr'>τρίτοις</span> <span class='ocrx_word' id='word_1_195' title='bbox 3194 1444 3392 1515; x_wconf 76' lang='grc' dir='ltr'>ἐπάγει</span> <span class='ocrx_word' id='word_1_196' title='bbox 3418 1444 3521 1516; x_wconf 79' lang='grc' dir='ltr'>τὴν</span> <span class='ocrx_word' id='word_1_197' title='bbox 3559 1444 3620 1497; x_wconf 76' lang='grc' dir='ltr'>ὲν</span> <span class='ocrx_word' id='word_1_198' title='bbox 3654 1444 3768 1515; x_wconf 82' lang='grc' dir='ltr'>ἀρ-</span> 
     </span>
    </p>
   </div>
   <div class='ocr_carea' id='block_1_26' title="bbox 498 1536 2089 1617">
    <p class='ocr_par' dir='ltr' id='par_1_26' title="bbox 498 1540 2083 1617">
     <span class='ocr_line' id='line_1_26' title="bbox 498 1540 2083 1617; baseline 0.005 -23"><span class='ocrx_word' id='word_1_199' title='bbox 498 1540 657 1595; x_wconf 90' lang='lat' dir='ltr'><strong>initio</strong></span> <span class='ocrx_word' id='word_1_200' title='bbox 693 1540 934 1597; x_wconf 85' lang='lat' dir='ltr'><strong>debitam</strong></span> <span class='ocrx_word' id='word_1_201' title='bbox 962 1543 1129 1613; x_wconf 90' lang='lat' dir='ltr'><strong>impio</strong></span> <span class='ocrx_word' id='word_1_202' title='bbox 1172 1544 1360 1614; x_wconf 84' lang='lat' dir='ltr'><strong>generi</strong></span> <span class='ocrx_word' id='word_1_203' title='bbox 1404 1543 1570 1599; x_wconf 82' lang='lat' dir='ltr'><strong>infert</strong></span> <span class='ocrx_word' id='word_1_204' title='bbox 1598 1545 1757 1605; x_wconf 75' lang='lat' dir='ltr'><strong>iram.</strong></span> <span class='ocrx_word' id='word_1_205' title='bbox 1805 1545 2083 1617; x_wconf 80' lang='lat' dir='ltr'><strong>Compulit</strong></span> 
     </span>
    </p>
   </div>
   <div class='ocr_carea' id='block_1_27' title="bbox 2191 1536 3775 1617">
    <p class='ocr_par' dir='ltr' id='par_1_27' title="bbox 2191 1536 3775 1614">
     <span class='ocr_line' id='line_1_27' title="bbox 2191 1536 3775 1614; baseline -0.007 -15"><span class='ocrx_word' id='word_1_206' title='bbox 2191 1545 2305 1614; x_wconf 59' lang='grc' dir='ltr'>[αῖς</span> <span class='ocrx_word' id='word_1_207' title='bbox 2333 1541 2411 1614; x_wconf 81' lang='grc' dir='ltr'>τῷ</span> <span class='ocrx_word' id='word_1_208' title='bbox 2450 1541 2661 1614; x_wconf 75' lang='grc' dir='ltr'>βεϐήλῳ</span> <span class='ocrx_word' id='word_1_209' title='bbox 2683 1541 2832 1613; x_wconf 80' lang='grc' dir='ltr'>γένει</span> <span class='ocrx_word' id='word_1_210' title='bbox 2859 1537 3177 1611; x_wconf 80' lang='grc' dir='ltr'>πρέπουσάν</span> <span class='ocrx_word' id='word_1_211' title='bbox 3197 1554 3259 1592; x_wconf 85' lang='grc' dir='ltr'><strong>τε</strong></span> <span class='ocrx_word' id='word_1_212' title='bbox 3289 1536 3385 1592; x_wconf 76' lang='grc' dir='ltr'><strong>καὶ</strong></span> <span class='ocrx_word' id='word_1_213' title='bbox 3408 1536 3775 1607; x_wconf 74' lang='grc' dir='ltr'>ὀφειλομένην</span> 
     </span>
    </p>
   </div>
   <div class='ocr_carea' id='block_1_28' title="bbox 500 1628 2081 1708">
    <p class='ocr_par' dir='ltr' id='par_1_28' title="bbox 500 1628 2081 1708">
     <span class='ocr_line' id='line_1_28' title="bbox 500 1628 2081 1708; baseline 0.007 -27"><span class='ocrx_word' id='word_1_214' title='bbox 500 1628 670 1699; x_wconf 80' lang='lat' dir='ltr'><strong>igitur</strong></span> <span class='ocrx_word' id='word_1_215' title='bbox 699 1645 795 1685; x_wconf 91' lang='lat' dir='ltr'><strong>eos</strong></span> <span class='ocrx_word' id='word_1_216' title='bbox 824 1631 891 1686; x_wconf 93' lang='lat' dir='ltr'><strong>ad</strong></span> <span class='ocrx_word' id='word_1_217' title='bbox 917 1630 1199 1700; x_wconf 82' lang='lat' dir='ltr'><strong>timorem,</strong></span> <span class='ocrx_word' id='word_1_218' title='bbox 1228 1649 1356 1688; x_wconf 90' lang='lat' dir='ltr'><strong>cum</strong></span> <span class='ocrx_word' id='word_1_219' title='bbox 1400 1648 1459 1689; x_wconf 88' lang='lat' dir='ltr'><strong>se</strong></span> <span class='ocrx_word' id='word_1_220' title='bbox 1505 1635 1738 1695; x_wconf 86' lang='lat' dir='ltr'><strong>zelotem</strong></span> <span class='ocrx_word' id='word_1_221' title='bbox 1782 1635 1957 1703; x_wconf 82' lang='lat' dir='ltr'><strong>Deum</strong></span> <span class='ocrx_word' id='word_1_222' title='bbox 1983 1652 2081 1708; x_wconf 80' lang='lat' dir='ltr'><strong>ap-</strong></span> 
     </span>
    </p>
   </div>
   <div class='ocr_carea' id='block_1_29' title="bbox 498 1720 2082 1794">
    <p class='ocr_par' dir='ltr' id='par_1_29' title="bbox 498 1720 2082 1794">
     <span class='ocr_line' id='line_1_29' title="bbox 498 1720 2082 1794; baseline 0.004 -17"><span class='ocrx_word' id='word_1_223' title='bbox 498 1720 762 1791; x_wconf 87' lang='lat' dir='ltr'><strong>pellavit:</strong></span> <span class='ocrx_word' id='word_1_224' title='bbox 796 1722 904 1777; x_wconf 88' lang='lat' dir='ltr'><strong>alia</strong></span> <span class='ocrx_word' id='word_1_225' title='bbox 935 1738 1154 1794; x_wconf 88' lang='lat' dir='ltr'><strong>quoque</strong></span> <span class='ocrx_word' id='word_1_226' title='bbox 1189 1723 1404 1780; x_wconf 85' lang='lat' dir='ltr'><strong>ratione</strong></span> <span class='ocrx_word' id='word_1_227' title='bbox 1450 1724 1675 1779; x_wconf 85' lang='lat' dir='ltr'><strong>eosdem</strong></span> <span class='ocrx_word' id='word_1_228' title='bbox 1716 1725 1772 1779; x_wconf 90' lang='lat' dir='ltr'><strong>in</strong></span> <span class='ocrx_word' id='word_1_229' title='bbox 1800 1724 1906 1791; x_wconf 78' lang='lat' dir='ltr'><strong>ﬁde</strong></span> <span class='ocrx_word' id='word_1_230' title='bbox 1946 1742 2082 1791; x_wconf 84' lang='lat' dir='ltr'><strong>con-</strong></span> 
     </span>
    </p>
   </div>
   <div class='ocr_carea' id='block_1_30' title="bbox 2182 1626 3775 1711">
    <p class='ocr_par' dir='ltr' id='par_1_30' title="bbox 2182 1626 3775 1711">
     <span class='ocr_line' id='line_1_30' title="bbox 2182 1626 3775 1711; baseline -0.004 -23"><span class='ocrx_word' id='word_1_231' title='bbox 2182 1636 2373 1711; x_wconf 82' lang='grc' dir='ltr'>ὀργήν.</span> <span class='ocrx_word' id='word_1_232' title='bbox 2401 1633 2696 1693; x_wconf 80' lang='grc' dir='ltr'>Κατεσόόει</span> <span class='ocrx_word' id='word_1_233' title='bbox 2721 1632 2897 1687; x_wconf 85' lang='grc' dir='ltr'>τοίνυν</span> <span class='ocrx_word' id='word_1_234' title='bbox 2922 1631 3002 1702; x_wconf 86' lang='grc' dir='ltr'><strong>είς</strong></span> <span class='ocrx_word' id='word_1_235' title='bbox 3021 1630 3082 1685; x_wconf 81' lang='grc' dir='ltr'>τὸ</span> <span class='ocrx_word' id='word_1_236' title='bbox 3108 1628 3391 1701; x_wconf 75' lang='grc' dir='ltr'>φοϐεῖσθαι</span> <span class='ocrx_word' id='word_1_237' title='bbox 3414 1626 3639 1697; x_wconf 80' lang='grc' dir='ltr'>(1)δεῖν,</span> <span class='ocrx_word' id='word_1_238' title='bbox 3669 1627 3775 1697; x_wconf 84' lang='grc' dir='ltr'><strong>ζη-</strong></span> 
     </span>
    </p>
   </div>
   <div class='ocr_carea' id='block_1_31' title="bbox 2184 1717 3778 1797">
    <p class='ocr_par' dir='ltr' id='par_1_31' title="bbox 2184 1717 3778 1797">
     <span class='ocr_line' id='line_1_31' title="bbox 2184 1717 3778 1797; baseline -0.008 -15"><span class='ocrx_word' id='word_1_239' title='bbox 2184 1727 2363 1797; x_wconf 86' lang='grc' dir='ltr'>λωτὴν</span> <span class='ocrx_word' id='word_1_240' title='bbox 2408 1726 2602 1781; x_wconf 73' lang='grc' dir='ltr'>ἑαυτὸν</span> <span class='ocrx_word' id='word_1_241' title='bbox 2629 1723 2914 1797; x_wconf 73' lang='grc' dir='ltr'>ὀνομάζων</span> <span class='ocrx_word' id='word_1_242' title='bbox 2952 1722 3116 1776; x_wconf 74' lang='grc' dir='ltr'>Θεόνσ</span> <span class='ocrx_word' id='word_1_243' title='bbox 3147 1718 3395 1789; x_wconf 68' lang='grc' dir='ltr'>ἐβεϐαίου</span> <span class='ocrx_word' id='word_1_244' title='bbox 3417 1735 3483 1787; x_wconf 86' lang='grc' dir='ltr'><strong>γε</strong></span> <span class='ocrx_word' id='word_1_245' title='bbox 3521 1717 3626 1789; x_wconf 78' lang='grc' dir='ltr'>μὴν</span> <span class='ocrx_word' id='word_1_246' title='bbox 3674 1718 3778 1781; x_wconf 69' lang='grc' dir='ltr'>καὶ</span> 
     </span>
    </p>
   </div>
   <div class='ocr_carea' id='block_1_32' title="bbox 503 1805 2089 1891">
    <p class='ocr_par' dir='ltr' id='par_1_32' title="bbox 503 1812 2084 1885">
     <span class='ocr_line' id='line_1_32' title="bbox 503 1812 2084 1885; baseline 0.006 -20"><span class='ocrx_word' id='word_1_247' title='bbox 503 1812 757 1881; x_wconf 80' lang='lat' dir='ltr'><strong>l‘mmavit,</strong></span> <span class='ocrx_word' id='word_1_248' title='bbox 791 1814 1102 1885; x_wconf 87' lang='lat' dir='ltr'><strong>pollicendo</strong></span> <span class='ocrx_word' id='word_1_249' title='bbox 1146 1815 1423 1872; x_wconf 88' lang='lat' dir='ltr'><strong>facturum</strong></span> <span class='ocrx_word' id='word_1_250' title='bbox 1474 1831 1534 1871; x_wconf 90' lang='lat' dir='ltr'><strong>se</strong></span> <span class='ocrx_word' id='word_1_251' title='bbox 1560 1816 1996 1879; x_wconf 84' lang='lat' dir='ltr'><strong>misericordiam</strong></span> <span class='ocrx_word' id='word_1_252' title='bbox 2027 1819 2084 1883; x_wconf 90' lang='lat' dir='ltr'><strong>in</strong></span> 
     </span>
    </p>
   </div>
   <div class='ocr_carea' id='block_1_33' title="bbox 2191 1805 3773 1891">
    <p class='ocr_par' dir='ltr' id='par_1_33' title="bbox 2191 1809 3773 1891">
     <span class='ocr_line' id='line_1_33' title="bbox 2191 1809 3773 1891; baseline -0.007 -18"><span class='ocrx_word' id='word_1_253' title='bbox 2191 1818 2388 1891; x_wconf 77' lang='grc' dir='ltr'>ἑτέρως</span> <span class='ocrx_word' id='word_1_254' title='bbox 2417 1818 2498 1882; x_wconf 80' lang='grc' dir='ltr'><strong>είς</strong></span> <span class='ocrx_word' id='word_1_255' title='bbox 2528 1816 2710 1873; x_wconf 76' lang='grc' dir='ltr'>πίστιν</span> <span class='ocrx_word' id='word_1_256' title='bbox 2740 1815 2939 1878; x_wconf 74' lang='grc' dir='ltr'>αὐτοὺς</span> <span class='ocrx_word' id='word_1_257' title='bbox 2964 1858 2980 1882; x_wconf 88' lang='grc'><strong>,</strong></span> <span class='ocrx_word' id='word_1_258' title='bbox 3012 1816 3188 1868; x_wconf 84' lang='grc' dir='ltr'>ποιεῖν</span> <span class='ocrx_word' id='word_1_259' title='bbox 3223 1812 3374 1875; x_wconf 73' lang='grc' dir='ltr'>ἔλεος</span> <span class='ocrx_word' id='word_1_260' title='bbox 3402 1812 3483 1878; x_wconf 79' lang='grc' dir='ltr'><strong>είς</strong></span> <span class='ocrx_word' id='word_1_261' title='bbox 3515 1809 3773 1882; x_wconf 77' lang='grc' dir='ltr'>χιλιάδας</span> 
     </span>
    </p>
   </div>
   <div class='ocr_carea' id='block_1_34' title="bbox 500 1902 2087 1979">
    <p class='ocr_par' dir='ltr' id='par_1_34' title="bbox 500 1902 2087 1979">
     <span class='ocr_line' id='line_1_34' title="bbox 500 1902 2087 1979; baseline 0.005 -26"><span class='ocrx_word' id='word_1_262' title='bbox 500 1902 672 1958; x_wconf 88' lang='lat' dir='ltr'><strong>millia</strong></span> <span class='ocrx_word' id='word_1_263' title='bbox 708 1902 775 1956; x_wconf 90' lang='lat' dir='ltr'><strong>iis</strong></span> <span class='ocrx_word' id='word_1_264' title='bbox 801 1903 895 1972; x_wconf 88' lang='lat' dir='ltr'><strong>qui</strong></span> <span class='ocrx_word' id='word_1_265' title='bbox 928 1919 987 1959; x_wconf 90' lang='lat' dir='ltr'><strong>se</strong></span> <span class='ocrx_word' id='word_1_266' title='bbox 1013 1903 1325 1974; x_wconf 84' lang='lat' dir='ltr'><strong>diligerent.</strong></span> <span class='ocrx_word' id='word_1_267' title='bbox 1357 1904 1457 1960; x_wconf 75' lang='lat' dir='ltr'><strong>liis</strong></span> <span class='ocrx_word' id='word_1_268' title='bbox 1503 1904 1743 1961; x_wconf 88' lang='lat' dir='ltr'><strong>vicinum</strong></span> <span class='ocrx_word' id='word_1_269' title='bbox 1769 1916 2087 1979; x_wconf 78' lang='lat' dir='ltr'><strong>cognatum-</strong></span> 
     </span>
    </p>
   </div>
   <div class='ocr_carea' id='block_1_35' title="bbox 500 1993 2086 2070">
    <p class='ocr_par' dir='ltr' id='par_1_35' title="bbox 500 1993 2086 2070">
     <span class='ocr_line' id='line_1_35' title="bbox 500 1993 2086 2070; baseline 0.005 -24"><span class='ocrx_word' id='word_1_270' title='bbox 500 2008 607 2060; x_wconf 90' lang='lat' dir='ltr'><strong>que</strong></span> <span class='ocrx_word' id='word_1_271' title='bbox 650 1993 968 2048; x_wconf 88' lang='lat' dir='ltr'><strong>mandatum</strong></span> <span class='ocrx_word' id='word_1_272' title='bbox 1013 1994 1247 2066; x_wconf 87' lang='lat' dir='ltr'><strong>adjecit;</strong></span> <span class='ocrx_word' id='word_1_273' title='bbox 1299 1996 1377 2050; x_wconf 87' lang='lat' dir='ltr'><strong>ait</strong></span> <span class='ocrx_word' id='word_1_274' title='bbox 1418 1996 1600 2051; x_wconf 90' lang='lat' dir='ltr'><strong>enim:</strong></span> <span class='ocrx_word' id='word_1_275' title='bbox 1653 1996 1810 2051; x_wconf 74' lang='lat' dir='ltr'><strong>«Non</strong></span> <span class='ocrx_word' id='word_1_276' title='bbox 1850 1998 2086 2070; x_wconf 81' lang='lat' dir='ltr'><strong>accipies</strong></span> 
     </span>
    </p>
   </div>
   <div class='ocr_carea' id='block_1_36' title="bbox 498 2083 2086 2153">
    <p class='ocr_par' dir='ltr' id='par_1_36' title="bbox 498 2083 2086 2153">
     <span class='ocr_line' id='line_1_36' title="bbox 498 2083 2086 2153; baseline 0.007 -19"><span class='ocrx_word' id='word_1_277' title='bbox 498 2097 698 2137; x_wconf 87' lang='lat' dir='ltr'><strong>nomen</strong></span> <span class='ocrx_word' id='word_1_278' title='bbox 729 2083 946 2138; x_wconf 83' lang='lat' dir='ltr'><strong>Domini</strong></span> <span class='ocrx_word' id='word_1_279' title='bbox 970 2084 1067 2139; x_wconf 89' lang='lat' dir='ltr'><strong>Dei</strong></span> <span class='ocrx_word' id='word_1_280' title='bbox 1105 2086 1185 2139; x_wconf 91' lang='lat' dir='ltr'><strong>tui</strong></span> <span class='ocrx_word' id='word_1_281' title='bbox 1222 2086 1278 2140; x_wconf 93' lang='lat' dir='ltr'><strong>in</strong></span> <span class='ocrx_word' id='word_1_282' title='bbox 1304 2101 1508 2141; x_wconf 85' lang='lat' dir='ltr'><strong>vanum</strong></span> <span class='ocrx_word' id='word_1_283' title='bbox 1534 2104 1549 2153; x_wconf 92' lang='lat'><strong>;</strong></span> <span class='ocrx_word' id='word_1_284' title='bbox 1578 2102 1689 2145; x_wconf 90' lang='lat' dir='ltr'><strong>non</strong></span> <span class='ocrx_word' id='word_1_285' title='bbox 1715 2088 1861 2145; x_wconf 89' lang='lat' dir='ltr'><strong>enim</strong></span> <span class='ocrx_word' id='word_1_286' title='bbox 1895 2088 2086 2147; x_wconf 86' lang='lat' dir='ltr'><strong>inson-</strong></span> 
     </span>
    </p>
   </div>
   <div class='ocr_carea' id='block_1_37' title="bbox 499 2172 2088 2252">
    <p class='ocr_par' dir='ltr' id='par_1_37' title="bbox 499 2172 2088 2252">
     <span class='ocr_line' id='line_1_37' title="bbox 499 2172 2088 2252; baseline 0.007 -27"><span class='ocrx_word' id='word_1_287' title='bbox 499 2179 612 2226; x_wconf 83' lang='lat' dir='ltr'><strong>tem</strong></span> <span class='ocrx_word' id='word_1_288' title='bbox 635 2172 863 2228; x_wconf 88' lang='lat' dir='ltr'><strong>habebit</strong></span> <span class='ocrx_word' id='word_1_289' title='bbox 883 2174 1150 2230; x_wconf 88' lang='lat' dir='ltr'><strong>Dominus</strong></span> <span class='ocrx_word' id='word_1_290' title='bbox 1203 2191 1331 2232; x_wconf 91' lang='lat' dir='ltr'><strong>eum</strong></span> <span class='ocrx_word' id='word_1_291' title='bbox 1380 2178 1475 2247; x_wconf 89' lang='lat' dir='ltr'><strong>qui</strong></span> <span class='ocrx_word' id='word_1_292' title='bbox 1503 2177 1703 2249; x_wconf 89' lang='lat' dir='ltr'><strong>accipit</strong></span> <span class='ocrx_word' id='word_1_293' title='bbox 1740 2194 1941 2236; x_wconf 87' lang='lat' dir='ltr'><strong>nomen</strong></span> <span class='ocrx_word' id='word_1_294' title='bbox 1968 2180 2088 2252; x_wconf 87' lang='lat' dir='ltr'><strong>ejus</strong></span> 
     </span>
    </p>
   </div>
   <div class='ocr_carea' id='block_1_38' title="bbox 501 2261 2085 2343">
    <p class='ocr_par' dir='ltr' id='par_1_38' title="bbox 501 2261 2085 2343">
     <span class='ocr_line' id='line_1_38' title="bbox 501 2261 2085 2343; baseline 0.007 -26"><span class='ocrx_word' id='word_1_295' title='bbox 501 2261 781 2319; x_wconf 85' lang='lat' dir='ltr'><strong>invanum</strong></span> <span class='ocrx_word' id='word_1_296' title='bbox 809 2265 876 2319; x_wconf 82' lang='grc'><strong>⁸⁸.</strong></span> <span class='ocrx_word' id='word_1_297' title='bbox 902 2284 920 2316; x_wconf 74' lang='grc' dir='ltr'><strong>ι</strong></span> <span class='ocrx_word' id='word_1_298' title='bbox 958 2265 1075 2322; x_wconf 82' lang='lat' dir='ltr'><strong>Hoc</strong></span> <span class='ocrx_word' id='word_1_299' title='bbox 1106 2268 1358 2331; x_wconf 90' lang='lat' dir='ltr'><strong>nonnulli</strong></span> <span class='ocrx_word' id='word_1_300' title='bbox 1399 2268 1694 2336; x_wconf 88' lang='lat' dir='ltr'><strong>faciebant,</strong></span> <span class='ocrx_word' id='word_1_301' title='bbox 1720 2270 1886 2343; x_wconf 74' lang='lat' dir='ltr'><strong>lignis</strong></span> <span class='ocrx_word' id='word_1_302' title='bbox 1918 2287 1983 2326; x_wconf 89' lang='lat' dir='ltr'><strong>ac</strong></span> <span class='ocrx_word' id='word_1_303' title='bbox 2005 2272 2085 2328; x_wconf 87' lang='lat' dir='ltr'><strong>la-</strong></span> 
     </span>
    </p>
   </div>
   <div class='ocr_carea' id='block_1_39' title="bbox 500 2354 2090 2429">
    <p class='ocr_par' dir='ltr' id='par_1_39' title="bbox 500 2354 2090 2429">
     <span class='ocr_line' id='line_1_39' title="bbox 500 2354 2090 2429; baseline 0.005 -19"><span class='ocrx_word' id='word_1_304' title='bbox 500 2354 724 2427; x_wconf 79' lang='lat' dir='ltr'><strong>pidibus</strong></span> <span class='ocrx_word' id='word_1_305' title='bbox 760 2355 858 2412; x_wconf 90' lang='lat' dir='ltr'><strong>Dei</strong></span> <span class='ocrx_word' id='word_1_306' title='bbox 896 2359 1321 2429; x_wconf 88' lang='lat' dir='ltr'><strong>appellationem</strong></span> <span class='ocrx_word' id='word_1_307' title='bbox 1349 2358 1687 2429; x_wconf 87' lang='lat' dir='ltr'><strong>tri-buendo;</strong></span> <span class='ocrx_word' id='word_1_308' title='bbox 1719 2370 1775 2417; x_wconf 89' lang='lat' dir='ltr'><strong>et</strong></span> <span class='ocrx_word' id='word_1_309' title='bbox 1808 2361 1944 2418; x_wconf 92' lang='lat' dir='ltr'><strong>illud</strong></span> <span class='ocrx_word' id='word_1_310' title='bbox 1990 2378 2090 2417; x_wconf 86' lang='lat' dir='ltr'><strong>no-</strong></span> 
     </span>
    </p>
   </div>
   <div class='ocr_carea' id='block_1_40' title="bbox 500 2449 2092 2521">
    <p class='ocr_par' dir='ltr' id='par_1_40' title="bbox 500 2449 2092 2521">
     <span class='ocr_line' id='line_1_40' title="bbox 500 2449 2092 2521; baseline 0.005 -19"><span class='ocrx_word' id='word_1_311' title='bbox 500 2463 647 2515; x_wconf 89' lang='lat' dir='ltr'><strong>men,</strong></span> <span class='ocrx_word' id='word_1_312' title='bbox 681 2449 829 2519; x_wconf 90' lang='lat' dir='ltr'><strong>quod</strong></span> <span class='ocrx_word' id='word_1_313' title='bbox 855 2458 942 2505; x_wconf 89' lang='lat' dir='ltr'><strong>est</strong></span> <span class='ocrx_word' id='word_1_314' title='bbox 968 2466 1138 2521; x_wconf 88' lang='lat' dir='ltr'><strong>super</strong></span> <span class='ocrx_word' id='word_1_315' title='bbox 1174 2466 1342 2507; x_wconf 90' lang='lat' dir='ltr'><strong>omne</strong></span> <span class='ocrx_word' id='word_1_316' title='bbox 1396 2467 1625 2519; x_wconf 88' lang='lat' dir='ltr'><strong>nomen,</strong></span> <span class='ocrx_word' id='word_1_317' title='bbox 1662 2455 1830 2510; x_wconf 80' lang='lat' dir='ltr'><strong>stulte</strong></span> <span class='ocrx_word' id='word_1_318' title='bbox 1885 2455 1952 2510; x_wconf 87' lang='lat' dir='ltr'><strong>ad</strong></span> <span class='ocrx_word' id='word_1_319' title='bbox 1986 2455 2092 2510; x_wconf 91' lang='lat' dir='ltr'><strong>hu-</strong></span> 
     </span>
    </p>
   </div>
   <div class='ocr_carea' id='block_1_41' title="bbox 500 2540 2086 2617">
    <p class='ocr_par' dir='ltr' id='par_1_41' title="bbox 500 2540 2086 2617">
     <span class='ocr_line' id='line_1_41' title="bbox 500 2540 2086 2617; baseline 0.006 -22"><span class='ocrx_word' id='word_1_320' title='bbox 500 2556 676 2595; x_wconf 70' lang='lat' dir='ltr'><strong>manae</strong></span> <span class='ocrx_word' id='word_1_321' title='bbox 694 2555 889 2594; x_wconf 88' lang='lat' dir='ltr'><strong>manus</strong></span> <span class='ocrx_word' id='word_1_322' title='bbox 914 2540 1210 2596; x_wconf 84' lang='lat' dir='ltr'><strong>artificium</strong></span> <span class='ocrx_word' id='word_1_323' title='bbox 1266 2551 1433 2614; x_wconf 88' lang='lat' dir='ltr'><strong>atque</strong></span> <span class='ocrx_word' id='word_1_324' title='bbox 1461 2560 1684 2615; x_wconf 84' lang='lat' dir='ltr'><strong>Operam</strong></span> <span class='ocrx_word' id='word_1_325' title='bbox 1731 2545 2041 2617; x_wconf 86' lang='lat' dir='ltr'><strong>dejiciendo</strong></span> <span class='ocrx_word' id='word_1_326' title='bbox 2070 2565 2086 2613; x_wconf 90' lang='lat'><strong>;</strong></span> 
     </span>
    </p>
   </div>
   <div class='ocr_carea' id='block_1_42' title="bbox 500 2630 2091 2709">
    <p class='ocr_par' dir='ltr' id='par_1_42' title="bbox 500 2630 2091 2709">
     <span class='ocr_line' id='line_1_42' title="bbox 500 2630 2091 2709; baseline 0.005 -25"><span class='ocrx_word' id='word_1_327' title='bbox 500 2632 570 2685; x_wconf 80' lang='lat' dir='ltr'><strong>de</strong></span> <span class='ocrx_word' id='word_1_328' title='bbox 589 2631 791 2700; x_wconf 90' lang='lat' dir='ltr'><strong>quibus</strong></span> <span class='ocrx_word' id='word_1_329' title='bbox 826 2630 965 2685; x_wconf 77' lang='lat' dir='ltr'><strong>dixit</strong></span> <span class='ocrx_word' id='word_1_330' title='bbox 986 2631 1130 2688; x_wconf 90' lang='lat' dir='ltr'><strong>Deus</strong></span> <span class='ocrx_word' id='word_1_331' title='bbox 1159 2648 1259 2705; x_wconf 89' lang='lat' dir='ltr'><strong>per</strong></span> <span class='ocrx_word' id='word_1_332' title='bbox 1279 2633 1431 2691; x_wconf 67' lang='lat' dir='ltr'><strong>Isaiae</strong></span> <span class='ocrx_word' id='word_1_333' title='bbox 1462 2650 1657 2691; x_wconf 88' lang='lat' dir='ltr'><strong>vocem</strong></span> <span class='ocrx_word' id='word_1_334' title='bbox 1685 2654 1697 2689; x_wconf 94' lang='lat'>:</span> <span class='ocrx_word' id='word_1_335' title='bbox 1740 2656 1758 2689; x_wconf 81' lang='grc' dir='ltr'><strong>ι</strong></span> <span class='ocrx_word' id='word_1_336' title='bbox 1787 2637 2091 2709; x_wconf 73' lang='lat' dir='ltr'><strong>Postquam</strong></span> 
     </span>
    </p>
   </div>
   <div class='ocr_carea' id='block_1_43' title="bbox 501 2722 2090 2801">
    <p class='ocr_par' dir='ltr' id='par_1_43' title="bbox 501 2722 2090 2801">
     <span class='ocr_line' id='line_1_43' title="bbox 501 2722 2090 2801; baseline 0.006 -25"><span class='ocrx_word' id='word_1_337' title='bbox 501 2722 666 2792; x_wconf 79' lang='lat' dir='ltr'><strong>elegit</strong></span> <span class='ocrx_word' id='word_1_338' title='bbox 694 2722 850 2777; x_wconf 83' lang='lat' dir='ltr'><strong>faber</strong></span> <span class='ocrx_word' id='word_1_339' title='bbox 877 2723 1110 2794; x_wconf 82' lang='lat' dir='ltr'><strong>lignum,</strong></span> <span class='ocrx_word' id='word_1_340' title='bbox 1141 2726 1430 2789; x_wconf 80' lang='lat' dir='ltr'><strong>constituit</strong></span> <span class='ocrx_word' id='word_1_341' title='bbox 1460 2726 1593 2782; x_wconf 89' lang='lat' dir='ltr'><strong>illud</strong></span> <span class='ocrx_word' id='word_1_342' title='bbox 1625 2727 1682 2783; x_wconf 93' lang='lat' dir='ltr'><strong>in</strong></span> <span class='ocrx_word' id='word_1_343' title='bbox 1710 2743 1992 2801; x_wconf 83' lang='lat' dir='ltr'><strong>mensura,</strong></span> <span class='ocrx_word' id='word_1_344' title='bbox 2032 2738 2090 2785; x_wconf 89' lang='lat' dir='ltr'><strong>et</strong></span> 
     </span>
    </p>
   </div>
   <div class='ocr_carea' id='block_1_44' title="bbox 502 2811 2092 2890">
    <p class='ocr_par' dir='ltr' id='par_1_44' title="bbox 502 2811 2092 2890">
     <span class='ocr_line' id='line_1_44' title="bbox 502 2811 2092 2890; baseline 0.007 -26"><span class='ocrx_word' id='word_1_345' title='bbox 502 2811 710 2882; x_wconf 86' lang='lat' dir='ltr'><strong>glutine</strong></span> <span class='ocrx_word' id='word_1_346' title='bbox 733 2814 1043 2884; x_wconf 89' lang='lat' dir='ltr'><strong>composuit</strong></span> <span class='ocrx_word' id='word_1_347' title='bbox 1070 2814 1206 2871; x_wconf 91' lang='lat' dir='ltr'><strong>illud</strong></span> <span class='ocrx_word' id='word_1_348' title='bbox 1245 2824 1306 2871; x_wconf 92' lang='lat' dir='ltr'><strong>ut</strong></span> <span class='ocrx_word' id='word_1_349' title='bbox 1331 2816 1567 2872; x_wconf 89' lang='lat' dir='ltr'><strong>formam</strong></span> <span class='ocrx_word' id='word_1_350' title='bbox 1595 2818 1723 2885; x_wconf 84' lang='lat' dir='ltr'><strong>viri,</strong></span> <span class='ocrx_word' id='word_1_351' title='bbox 1758 2826 1814 2874; x_wconf 91' lang='lat' dir='ltr'><strong>et</strong></span> <span class='ocrx_word' id='word_1_352' title='bbox 1863 2827 1925 2881; x_wconf 84' lang='lat' dir='ltr'><strong>ut</strong></span> <span class='ocrx_word' id='word_1_353' title='bbox 1969 2819 2092 2890; x_wconf 83' lang='lat' dir='ltr'><strong>pul-</strong></span> 
     </span>
    </p>
   </div>
   <div class='ocr_carea' id='block_1_45' title="bbox 502 2896 2086 2979">
    <p class='ocr_par' dir='ltr' id='par_1_45' title="bbox 502 2896 2086 2979">
     <span class='ocr_line' id='line_1_45' title="bbox 502 2896 2086 2979; baseline 0.007 -23"><span class='ocrx_word' id='word_1_354' title='bbox 502 2896 875 2960; x_wconf 82' lang='lat' dir='ltr'><strong>chritudinem</strong></span> <span class='ocrx_word' id='word_1_355' title='bbox 909 2906 1170 2973; x_wconf 86' lang='lat' dir='ltr'><strong>hominis,</strong></span> <span class='ocrx_word' id='word_1_356' title='bbox 1225 2916 1288 2964; x_wconf 90' lang='lat' dir='ltr'><strong>ut</strong></span> <span class='ocrx_word' id='word_1_357' title='bbox 1315 2917 1584 2969; x_wconf 83' lang='lat' dir='ltr'><strong>statueret</strong></span> <span class='ocrx_word' id='word_1_358' title='bbox 1637 2910 1771 2966; x_wconf 90' lang='lat' dir='ltr'><strong>illud</strong></span> <span class='ocrx_word' id='word_1_359' title='bbox 1794 2911 1850 2966; x_wconf 92' lang='lat' dir='ltr'><strong>in</strong></span> <span class='ocrx_word' id='word_1_360' title='bbox 1889 2911 2086 2979; x_wconf 92' lang='lat' dir='ltr'><strong>domo;</strong></span> 
     </span>
    </p>
   </div>
   <div class='ocr_carea' id='block_1_46' title="bbox 502 2994 2092 3075">
    <p class='ocr_par' dir='ltr' id='par_1_46' title="bbox 502 2994 2092 3075">
     <span class='ocr_line' id='line_1_46' title="bbox 502 2994 2092 3075; baseline 0.006 -26"><span class='ocrx_word' id='word_1_361' title='bbox 502 2994 715 3052; x_wconf 76' lang='lat' dir='ltr'><strong>excidit</strong></span> <span class='ocrx_word' id='word_1_362' title='bbox 749 2995 962 3068; x_wconf 76' lang='lat' dir='ltr'><strong>lignum</strong></span> <span class='ocrx_word' id='word_1_363' title='bbox 986 3014 1019 3053; x_wconf 88' lang='lat' dir='ltr'><strong>a</strong></span> <span class='ocrx_word' id='word_1_364' title='bbox 1058 3000 1217 3065; x_wconf 89' lang='lat' dir='ltr'><strong>silva,</strong></span> <span class='ocrx_word' id='word_1_365' title='bbox 1250 3001 1398 3072; x_wconf 89' lang='lat' dir='ltr'><strong>quod</strong></span> <span class='ocrx_word' id='word_1_366' title='bbox 1433 3002 2004 3075; x_wconf 88' lang='lat' dir='ltr'><strong>plantavitDominus,</strong></span> <span class='ocrx_word' id='word_1_367' title='bbox 2033 3012 2092 3063; x_wconf 83' lang='lat' dir='ltr'><strong>et</strong></span> 
     </span>
    </p>
   </div>
   <div class='ocr_carea' id='block_1_47' title="bbox 503 3087 2161 3199">
    <p class='ocr_par' dir='ltr' id='par_1_47' title="bbox 503 3087 2161 3199">
     <span class='ocr_line' id='line_1_47' title="bbox 503 3087 2161 3199; baseline 0.009 -59"><span class='ocrx_word' id='word_1_368' title='bbox 503 3087 683 3143; x_wconf 88' lang='lat' dir='ltr'><strong>imber</strong></span> <span class='ocrx_word' id='word_1_369' title='bbox 708 3091 879 3158; x_wconf 79' lang='lat' dir='ltr'><strong>auxit,</strong></span> <span class='ocrx_word' id='word_1_370' title='bbox 910 3101 973 3148; x_wconf 90' lang='lat' dir='ltr'><strong>ut</strong></span> <span class='ocrx_word' id='word_1_371' title='bbox 995 3091 1068 3149; x_wconf 90' lang='lat' dir='ltr'><strong>sit</strong></span> <span class='ocrx_word' id='word_1_372' title='bbox 1099 3094 1418 3152; x_wconf 89' lang='lat' dir='ltr'><strong>hominibus</strong></span> <span class='ocrx_word' id='word_1_373' title='bbox 1443 3097 1501 3152; x_wconf 93' lang='lat' dir='ltr'><strong>in</strong></span> <span class='ocrx_word' id='word_1_374' title='bbox 1523 3097 1964 3154; x_wconf 89' lang='lat' dir='ltr'><strong>combustioncm</strong></span> <span class='ocrx_word' id='word_1_375' title='bbox 1988 3117 2003 3166; x_wconf 88' lang='lat'><strong>;</strong></span> <span class='ocrx_word' id='word_1_376' title='bbox 2034 3111 2094 3155; x_wconf 91' lang='lat' dir='ltr'><strong>et</strong></span> <span class='ocrx_word' id='word_1_377' title='bbox 2112 3134 2161 3199; x_wconf 56' lang='grc' dir='ltr'><strong><em>ε</em></strong></span> 
     </span>
    </p>
   </div>
   <div class='ocr_carea' id='block_1_48' title="bbox 505 3183 2090 3253">
    <p class='ocr_par' dir='ltr' id='par_1_48' title="bbox 505 3183 2090 3253">
     <span class='ocr_line' id='line_1_48' title="bbox 505 3183 2090 3253; baseline 0.007 -17"><span class='ocrx_word' id='word_1_378' title='bbox 505 3183 786 3253; x_wconf 88' lang='lat' dir='ltr'><strong>accipiens</strong></span> <span class='ocrx_word' id='word_1_379' title='bbox 819 3185 890 3240; x_wconf 86' lang='lat' dir='ltr'><strong>ab</strong></span> <span class='ocrx_word' id='word_1_380' title='bbox 931 3185 1026 3243; x_wconf 91' lang='lat' dir='ltr'><strong>illo</strong></span> <span class='ocrx_word' id='word_1_381' title='bbox 1054 3187 1353 3243; x_wconf 83' lang='lat' dir='ltr'><strong>calefactus</strong></span> <span class='ocrx_word' id='word_1_382' title='bbox 1381 3197 1466 3244; x_wconf 90' lang='lat' dir='ltr'><strong>est</strong></span> <span class='ocrx_word' id='word_1_383' title='bbox 1491 3207 1504 3243; x_wconf 90' lang='lat'>:</span> <span class='ocrx_word' id='word_1_384' title='bbox 1554 3197 1613 3245; x_wconf 91' lang='lat' dir='ltr'><strong>et</strong></span> <span class='ocrx_word' id='word_1_385' title='bbox 1642 3189 1970 3246; x_wconf 86' lang='lat' dir='ltr'><strong>accedentes</strong></span> <span class='ocrx_word' id='word_1_386' title='bbox 1991 3206 2090 3247; x_wconf 85' lang='lat' dir='ltr'><strong>co-</strong></span> 
     </span>
    </p>
   </div>
   <div class='ocr_carea' id='block_1_49' title="bbox 501 3280 2093 3354">
    <p class='ocr_par' dir='ltr' id='par_1_49' title="bbox 501 3280 2093 3354">
     <span class='ocr_line' id='line_1_49' title="bbox 501 3280 2093 3354; baseline 0.006 -25"><span class='ocrx_word' id='word_1_387' title='bbox 501 3284 703 3332; x_wconf 84' lang='lat' dir='ltr'><strong>xerunt</strong></span> <span class='ocrx_word' id='word_1_388' title='bbox 733 3293 902 3348; x_wconf 88' lang='lat' dir='ltr'><strong>panes</strong></span> <span class='ocrx_word' id='word_1_389' title='bbox 932 3294 1099 3352; x_wconf 88' lang='lat' dir='ltr'><strong>super</strong></span> <span class='ocrx_word' id='word_1_390' title='bbox 1123 3280 1258 3352; x_wconf 91' lang='lat' dir='ltr'><strong>ipsis</strong></span> <span class='ocrx_word' id='word_1_391' title='bbox 1283 3323 1295 3334; x_wconf 94' lang='lat'><strong>.</strong></span> <span class='ocrx_word' id='word_1_392' title='bbox 1333 3281 1400 3338; x_wconf 91' lang='lat' dir='ltr'><strong>de</strong></span> <span class='ocrx_word' id='word_1_393' title='bbox 1434 3282 1648 3354; x_wconf 89' lang='lat' dir='ltr'><strong>reliquo</strong></span> <span class='ocrx_word' id='word_1_394' title='bbox 1682 3300 1814 3340; x_wconf 87' lang='lat' dir='ltr'><strong>vero</strong></span> <span class='ocrx_word' id='word_1_395' title='bbox 1841 3283 2093 3343; x_wconf 83' lang='lat' dir='ltr'><strong>fecerunt</strong></span> 
     </span>
    </p>
   </div>
   <div class='ocr_carea' id='block_1_50' title="bbox 503 3365 2089 3451">
    <p class='ocr_par' dir='ltr' id='par_1_50' title="bbox 503 3365 2089 3451">
     <span class='ocr_line' id='line_1_50' title="bbox 503 3365 2089 3451; baseline 0.007 -29"><span class='ocrx_word' id='word_1_396' title='bbox 503 3365 657 3451; x_wconf 88' lang='lat' dir='ltr'><strong>deos,</strong></span> <span class='ocrx_word' id='word_1_397' title='bbox 674 3378 730 3425; x_wconf 91' lang='lat' dir='ltr'><strong>et</strong></span> <span class='ocrx_word' id='word_1_398' title='bbox 764 3369 995 3427; x_wconf 89' lang='lat' dir='ltr'><strong>adorant</strong></span> <span class='ocrx_word' id='word_1_399' title='bbox 1055 3373 1177 3429; x_wconf 88' lang='lat' dir='ltr'><strong>illos</strong></span> <span class='ocrx_word' id='word_1_400' title='bbox 1212 3374 1278 3428; x_wconf 80' lang='lat'><strong>&quot;.</strong></span> <span class='ocrx_word' id='word_1_401' title='bbox 1312 3394 1330 3425; x_wconf 77' lang='grc' dir='ltr'><strong>ι</strong></span> <span class='ocrx_word' id='word_1_402' title='bbox 1369 3374 1437 3429; x_wconf 89' lang='grc' dir='ltr'>Ει</span> <span class='ocrx_word' id='word_1_403' title='bbox 1463 3384 1587 3446; x_wconf 88' lang='lat' dir='ltr'><strong>post</strong></span> <span class='ocrx_word' id='word_1_404' title='bbox 1630 3375 1777 3431; x_wconf 83' lang='lat' dir='ltr'><strong>alia:</strong></span> <span class='ocrx_word' id='word_1_405' title='bbox 1827 3396 1846 3427; x_wconf 77' lang='grc' dir='ltr'><strong>ι</strong></span> <span class='ocrx_word' id='word_1_406' title='bbox 1870 3375 2089 3451; x_wconf 82' lang='lat' dir='ltr'><strong>Cogno-</strong></span> 
     </span>
    </p>
   </div>
   <div class='ocr_carea' id='block_1_51' title="bbox 503 3450 2088 3532">
    <p class='ocr_par' dir='ltr' id='par_1_51' title="bbox 503 3450 2088 3532">
     <span class='ocr_line' id='line_1_51' title="bbox 503 3450 2088 3532; baseline 0.006 -18"><span class='ocrx_word' id='word_1_407' title='bbox 503 3450 641 3515; x_wconf 71' lang='lat' dir='ltr'><strong>scite</strong></span> <span class='ocrx_word' id='word_1_408' title='bbox 697 3462 824 3530; x_wconf 88' lang='lat' dir='ltr'><strong>quia</strong></span> <span class='ocrx_word' id='word_1_409' title='bbox 867 3463 1008 3518; x_wconf 87' lang='lat' dir='ltr'><strong>cinis</strong></span> <span class='ocrx_word' id='word_1_410' title='bbox 1054 3472 1141 3520; x_wconf 91' lang='lat' dir='ltr'><strong>est</strong></span> <span class='ocrx_word' id='word_1_411' title='bbox 1182 3480 1278 3519; x_wconf 86' lang='lat' dir='ltr'><strong>cor</strong></span> <span class='ocrx_word' id='word_1_412' title='bbox 1310 3480 1526 3532; x_wconf 88' lang='lat' dir='ltr'><strong>eorum,</strong></span> <span class='ocrx_word' id='word_1_413' title='bbox 1564 3473 1621 3520; x_wconf 86' lang='lat' dir='ltr'><strong>et</strong></span> <span class='ocrx_word' id='word_1_414' title='bbox 1665 3474 1852 3522; x_wconf 84' lang='lat' dir='ltr'><strong>errant</strong></span> <span class='ocrx_word' id='word_1_415' title='bbox 1873 3450 1991 3522; x_wconf 52' lang='grc' dir='ltr'><strong>’τρι</strong></span> <span class='ocrx_word' id='word_1_416' title='bbox 2023 3467 2088 3523; x_wconf 80' lang='lat' dir='ltr'><strong>Hi</strong></span> 
     </span>
    </p>
   </div>
   <div class='ocr_carea' id='block_1_52' title="bbox 504 3550 2091 3629">
    <p class='ocr_par' dir='ltr' id='par_1_52' title="bbox 504 3550 2091 3629">
     <span class='ocr_line' id='line_1_52' title="bbox 504 3550 2091 3629; baseline 0.006 -27"><span class='ocrx_word' id='word_1_417' title='bbox 504 3550 783 3619; x_wconf 90' lang='lat' dir='ltr'><strong>accipiunt</strong></span> <span class='ocrx_word' id='word_1_418' title='bbox 815 3568 1015 3608; x_wconf 90' lang='lat' dir='ltr'><strong>nomen</strong></span> <span class='ocrx_word' id='word_1_419' title='bbox 1041 3555 1259 3619; x_wconf 88' lang='lat' dir='ltr'><strong>Domini</strong></span> <span class='ocrx_word' id='word_1_420' title='bbox 1302 3556 1357 3610; x_wconf 89' lang='lat' dir='ltr'><strong>in</strong></span> <span class='ocrx_word' id='word_1_421' title='bbox 1385 3571 1612 3610; x_wconf 87' lang='lat' dir='ltr'><strong>vanum.</strong></span> <span class='ocrx_word' id='word_1_422' title='bbox 1667 3556 1964 3625; x_wconf 55' lang='lat' dir='ltr'><strong>Caeterum,</strong></span> <span class='ocrx_word' id='word_1_423' title='bbox 1992 3558 2091 3629; x_wconf 88' lang='lat' dir='ltr'><strong>qui</strong></span> 
     </span>
    </p>
   </div>
   <div class='ocr_carea' id='block_1_53' title="bbox 500 3641 2092 3715">
    <p class='ocr_par' dir='ltr' id='par_1_53' title="bbox 500 3641 2092 3715">
     <span class='ocr_line' id='line_1_53' title="bbox 500 3641 2092 3715; baseline 0.008 -22"><span class='ocrx_word' id='word_1_424' title='bbox 500 3641 615 3711; x_wconf 87' lang='lat' dir='ltr'><strong>jam</strong></span> <span class='ocrx_word' id='word_1_425' title='bbox 652 3657 683 3695; x_wconf 92' lang='lat' dir='ltr'><strong>e</strong></span> <span class='ocrx_word' id='word_1_426' title='bbox 727 3642 931 3697; x_wconf 90' lang='lat' dir='ltr'><strong>diaboli</strong></span> <span class='ocrx_word' id='word_1_427' title='bbox 975 3644 1190 3715; x_wconf 88' lang='lat' dir='ltr'><strong>laqueis</strong></span> <span class='ocrx_word' id='word_1_428' title='bbox 1207 3645 1481 3712; x_wconf 66' lang='lat' dir='ltr'><strong>exierunt,</strong></span> <span class='ocrx_word' id='word_1_429' title='bbox 1504 3662 1568 3702; x_wconf 85' lang='lat' dir='ltr'><strong>ac</strong></span> <span class='ocrx_word' id='word_1_430' title='bbox 1589 3647 1763 3702; x_wconf 91' lang='lat' dir='ltr'><strong>Deum</strong></span> <span class='ocrx_word' id='word_1_431' title='bbox 1786 3664 1977 3704; x_wconf 84' lang='lat' dir='ltr'><strong>verum</strong></span> <span class='ocrx_word' id='word_1_432' title='bbox 1999 3665 2092 3705; x_wconf 92' lang='lat' dir='ltr'><strong>co-</strong></span> 
     </span>
    </p>
   </div>
   <div class='ocr_carea' id='block_1_54' title="bbox 507 3732 2091 3809">
    <p class='ocr_par' dir='ltr' id='par_1_54' title="bbox 507 3732 2091 3809">
     <span class='ocr_line' id='line_1_54' title="bbox 507 3732 2091 3809; baseline 0.006 -25"><span class='ocrx_word' id='word_1_433' title='bbox 507 3739 839 3801; x_wconf 81' lang='lat' dir='ltr'><strong>gnoverunt,</strong></span> <span class='ocrx_word' id='word_1_434' title='bbox 870 3732 1030 3809; x_wconf 79' lang='lat'><strong>175</strong></span> <span class='ocrx_word' id='word_1_435' title='bbox 1054 3748 1151 3789; x_wconf 89' lang='lat' dir='ltr'><strong>eos</strong></span> <span class='ocrx_word' id='word_1_436' title='bbox 1178 3750 1378 3794; x_wconf 86' lang='lat' dir='ltr'><strong>censeo</strong></span> <span class='ocrx_word' id='word_1_437' title='bbox 1402 3752 1512 3790; x_wconf 92' lang='lat' dir='ltr'><strong>non</strong></span> <span class='ocrx_word' id='word_1_438' title='bbox 1541 3736 1743 3793; x_wconf 87' lang='lat' dir='ltr'><strong>debere</strong></span> <span class='ocrx_word' id='word_1_439' title='bbox 1770 3738 1838 3793; x_wconf 86' lang='lat' dir='ltr'><strong>ad</strong></span> <span class='ocrx_word' id='word_1_440' title='bbox 1877 3739 2091 3809; x_wconf 87' lang='lat' dir='ltr'><strong>ineptas</strong></span> 
     </span>
    </p>
   </div>
   <div class='ocr_carea' id='block_1_55' title="bbox 512 3819 2090 3895">
    <p class='ocr_par' dir='ltr' id='par_1_55' title="bbox 512 3819 2090 3895">
     <span class='ocr_line' id='line_1_55' title="bbox 512 3819 2090 3895; baseline 0.004 -21"><span class='ocrx_word' id='word_1_441' title='bbox 512 3819 908 3891; x_wconf 81' lang='lat' dir='ltr'><strong>intelligentias</strong></span> <span class='ocrx_word' id='word_1_442' title='bbox 960 3822 1323 3879; x_wconf 89' lang='lat' dir='ltr'><strong>claudicando</strong></span> <span class='ocrx_word' id='word_1_443' title='bbox 1360 3824 1489 3890; x_wconf 90' lang='lat' dir='ltr'><strong>labi,</strong></span> <span class='ocrx_word' id='word_1_444' title='bbox 1547 3840 1724 3895; x_wconf 92' lang='lat' dir='ltr'><strong>neque</strong></span> <span class='ocrx_word' id='word_1_445' title='bbox 1779 3823 1837 3880; x_wconf 90' lang='lat' dir='ltr'><strong>in</strong></span> <span class='ocrx_word' id='word_1_446' title='bbox 1882 3825 1985 3887; x_wconf 86' lang='lat' dir='ltr'><strong>hac</strong></span> <span class='ocrx_word' id='word_1_447' title='bbox 2032 3842 2090 3881; x_wconf 91' lang='lat' dir='ltr'><strong>re</strong></span> 
     </span>
    </p>
   </div>
   <div class='ocr_carea' id='block_1_56' title="bbox 508 3909 2088 3989">
    <p class='ocr_par' dir='ltr' id='par_1_56' title="bbox 508 3909 2088 3989">
     <span class='ocr_line' id='line_1_56' title="bbox 508 3909 2088 3989; baseline 0.006 -25"><span class='ocrx_word' id='word_1_448' title='bbox 508 3909 835 3982; x_wconf 78' lang='lat' dir='ltr'><strong>degenerem</strong></span> <span class='ocrx_word' id='word_1_449' title='bbox 882 3928 1108 3969; x_wconf 89' lang='lat' dir='ltr'><strong>sensum</strong></span> <span class='ocrx_word' id='word_1_450' title='bbox 1143 3913 1311 3970; x_wconf 89' lang='lat' dir='ltr'><strong>stulte</strong></span> <span class='ocrx_word' id='word_1_451' title='bbox 1344 3916 1657 3988; x_wconf 77' lang='lat' dir='ltr'><strong>complecti,</strong></span> <span class='ocrx_word' id='word_1_452' title='bbox 1700 3916 1755 3971; x_wconf 93' lang='lat' dir='ltr'><strong>in</strong></span> <span class='ocrx_word' id='word_1_453' title='bbox 1809 3932 1932 3972; x_wconf 91' lang='lat' dir='ltr'><strong>eam</strong></span> <span class='ocrx_word' id='word_1_454' title='bbox 1966 3917 2088 3989; x_wconf 91' lang='lat' dir='ltr'><strong>opi-</strong></span> 
     </span>
    </p>
   </div>
   <div class='ocr_carea' id='block_1_57' title="bbox 410 4003 2091 4079">
    <p class='ocr_par' dir='ltr' id='par_1_57' title="bbox 410 4003 2091 4079">
     <span class='ocr_line' id='line_1_57' title="bbox 410 4003 2091 4079; baseline 0.005 -22"><span class='ocrx_word' id='word_1_455' title='bbox 410 4003 414 4006; x_wconf 79' lang='grc'><strong>’</strong></span> <span class='ocrx_word' id='word_1_456' title='bbox 505 4004 728 4059; x_wconf 87' lang='lat' dir='ltr'><strong>nionem</strong></span> <span class='ocrx_word' id='word_1_457' title='bbox 758 4004 1046 4072; x_wconf 88' lang='lat' dir='ltr'><strong>adductos,</strong></span> <span class='ocrx_word' id='word_1_458' title='bbox 1078 4015 1141 4062; x_wconf 91' lang='lat' dir='ltr'><strong>ut</strong></span> <span class='ocrx_word' id='word_1_459' title='bbox 1157 4007 1296 4063; x_wconf 87' lang='lat' dir='ltr'><strong>alios</strong></span> <span class='ocrx_word' id='word_1_460' title='bbox 1313 4016 1613 4079; x_wconf 80' lang='lat' dir='ltr'><strong>agnoscant</strong></span> <span class='ocrx_word' id='word_1_461' title='bbox 1635 4008 1788 4077; x_wconf 90' lang='lat' dir='ltr'><strong>deos,</strong></span> <span class='ocrx_word' id='word_1_462' title='bbox 1816 4017 1913 4069; x_wconf 83' lang='lat' dir='ltr'><strong>aut</strong></span> <span class='ocrx_word' id='word_1_463' title='bbox 1940 4016 2091 4066; x_wconf 88' lang='lat' dir='ltr'><strong>certe</strong></span> 
     </span>
    </p>
   </div>
   <div class='ocr_carea' id='block_1_58' title="bbox 508 4095 2090 4174">
    <p class='ocr_par' dir='ltr' id='par_1_58' title="bbox 508 4095 2090 4174">
     <span class='ocr_line' id='line_1_58' title="bbox 508 4095 2090 4174; baseline 0.006 -26"><span class='ocrx_word' id='word_1_464' title='bbox 508 4095 851 4151; x_wconf 86' lang='lat' dir='ltr'><strong>arbitrentur</strong></span> <span class='ocrx_word' id='word_1_465' title='bbox 904 4099 1132 4154; x_wconf 91' lang='lat' dir='ltr'><strong>omnino</strong></span> <span class='ocrx_word' id='word_1_466' title='bbox 1182 4099 1449 4172; x_wconf 89' lang='lat' dir='ltr'><strong>quosdam</strong></span> <span class='ocrx_word' id='word_1_467' title='bbox 1498 4116 1641 4167; x_wconf 89' lang='lat' dir='ltr'><strong>esse,</strong></span> <span class='ocrx_word' id='word_1_468' title='bbox 1688 4110 1889 4174; x_wconf 63' lang='lat' dir='ltr'><strong>praeter</strong></span> <span class='ocrx_word' id='word_1_469' title='bbox 1960 4117 2090 4157; x_wconf 91' lang='lat' dir='ltr'><strong>eum</strong></span> 
     </span>
    </p>
   </div>
   <div class='ocr_carea' id='block_1_59' title="bbox 508 4185 2088 4255">
    <p class='ocr_par' dir='ltr' id='par_1_59' title="bbox 508 4185 2088 4255">
     <span class='ocr_line' id='line_1_59' title="bbox 508 4185 2088 4255; baseline 0.006 -17"><span class='ocrx_word' id='word_1_470' title='bbox 508 4185 606 4255; x_wconf 93' lang='lat' dir='ltr'><strong>qui</strong></span> <span class='ocrx_word' id='word_1_471' title='bbox 676 4202 821 4242; x_wconf 90' lang='lat' dir='ltr'><strong>unus</strong></span> <span class='ocrx_word' id='word_1_472' title='bbox 857 4196 914 4244; x_wconf 87' lang='lat' dir='ltr'><strong>et</strong></span> <span class='ocrx_word' id='word_1_473' title='bbox 943 4205 1112 4246; x_wconf 89' lang='lat' dir='ltr'><strong>verus</strong></span> <span class='ocrx_word' id='word_1_474' title='bbox 1149 4191 1239 4247; x_wconf 90' lang='lat' dir='ltr'><strong>sit.</strong></span> <span class='ocrx_word' id='word_1_475' title='bbox 1296 4191 1455 4247; x_wconf 72' lang='lat' dir='ltr'><strong>«Etsi</strong></span> <span class='ocrx_word' id='word_1_476' title='bbox 1506 4192 1654 4247; x_wconf 89' lang='lat' dir='ltr'><strong>enim</strong></span> <span class='ocrx_word' id='word_1_477' title='bbox 1705 4191 1961 4251; x_wconf 87' lang='lat' dir='ltr'><strong>dicantur</strong></span> <span class='ocrx_word' id='word_1_478' title='bbox 2010 4191 2088 4248; x_wconf 88' lang='lat' dir='ltr'><strong>dii</strong></span> 
     </span>
    </p>
   </div>
   <div class='ocr_carea' id='block_1_60' title="bbox 508 4276 2091 4352">
    <p class='ocr_par' dir='ltr' id='par_1_60' title="bbox 508 4276 2091 4352">
     <span class='ocr_line' id='line_1_60' title="bbox 508 4276 2091 4352; baseline 0.006 -21"><span class='ocrx_word' id='word_1_479' title='bbox 508 4279 781 4347; x_wconf 86' lang='lat' dir='ltr'><strong>nonnulli,</strong></span> <span class='ocrx_word' id='word_1_480' title='bbox 830 4298 894 4337; x_wconf 89' lang='lat' dir='ltr'><strong>ac</strong></span> <span class='ocrx_word' id='word_1_481' title='bbox 927 4276 1155 4352; x_wconf 85' lang='lat' dir='ltr'><strong>domini,</strong></span> <span class='ocrx_word' id='word_1_482' title='bbox 1194 4294 1251 4343; x_wconf 90' lang='lat' dir='ltr'><strong>et</strong></span> <span class='ocrx_word' id='word_1_483' title='bbox 1280 4286 1337 4340; x_wconf 90' lang='lat' dir='ltr'><strong>in</strong></span> <span class='ocrx_word' id='word_1_484' title='bbox 1378 4286 1539 4352; x_wconf 64' lang='lat' dir='ltr'><strong>coelo,</strong></span> <span class='ocrx_word' id='word_1_485' title='bbox 1578 4294 1635 4341; x_wconf 90' lang='lat' dir='ltr'><strong>et</strong></span> <span class='ocrx_word' id='word_1_486' title='bbox 1677 4286 1734 4341; x_wconf 91' lang='lat' dir='ltr'><strong>in</strong></span> <span class='ocrx_word' id='word_1_487' title='bbox 1768 4295 1916 4342; x_wconf 88' lang='lat' dir='ltr'><strong>terra</strong></span> <span class='ocrx_word' id='word_1_488' title='bbox 1950 4304 1963 4340; x_wconf 90' lang='lat'><strong>:</strong></span> <span class='ocrx_word' id='word_1_489' title='bbox 1994 4286 2091 4343; x_wconf 91' lang='lat' dir='ltr'><strong>sed</strong></span> 
     </span>
    </p>
   </div>
   <div class='ocr_carea' id='block_1_61' title="bbox 508 4369 2093 4447">
    <p class='ocr_par' dir='ltr' id='par_1_61' title="bbox 508 4369 2093 4447">
     <span class='ocr_line' id='line_1_61' title="bbox 508 4369 2093 4447; baseline 0.006 -23"><span class='ocrx_word' id='word_1_490' title='bbox 508 4369 670 4426; x_wconf 89' lang='lat' dir='ltr'><strong>nobis</strong></span> <span class='ocrx_word' id='word_1_491' title='bbox 726 4386 869 4437; x_wconf 85' lang='lat' dir='ltr'><strong>unus</strong></span> <span class='ocrx_word' id='word_1_492' title='bbox 896 4375 1061 4443; x_wconf 87' lang='lat' dir='ltr'><strong>Deus,</strong></span> <span class='ocrx_word' id='word_1_493' title='bbox 1094 4376 1258 4431; x_wconf 86' lang='lat' dir='ltr'><strong>Pater</strong></span> <span class='ocrx_word' id='word_1_494' title='bbox 1281 4391 1500 4446; x_wconf 89' lang='lat' dir='ltr'><strong>nempe,</strong></span> <span class='ocrx_word' id='word_1_495' title='bbox 1530 4392 1597 4430; x_wconf 80' lang='lat' dir='ltr'><strong>ex</strong></span> <span class='ocrx_word' id='word_1_496' title='bbox 1619 4392 1731 4447; x_wconf 90' lang='lat' dir='ltr'><strong>quo</strong></span> <span class='ocrx_word' id='word_1_497' title='bbox 1777 4378 1981 4443; x_wconf 88' lang='lat' dir='ltr'><strong>omnia,</strong></span> <span class='ocrx_word' id='word_1_498' title='bbox 2036 4385 2093 4433; x_wconf 88' lang='lat' dir='ltr'><strong>et</strong></span> 
     </span>
    </p>
   </div>
   <div class='ocr_carea' id='block_1_62' title="bbox 2187 1898 3778 1985">
    <p class='ocr_par' dir='ltr' id='par_1_62' title="bbox 2187 1898 3778 1985">
     <span class='ocr_line' id='line_1_62' title="bbox 2187 1898 3778 1985; baseline -0.008 -21"><span class='ocrx_word' id='word_1_499' title='bbox 2187 1907 2615 1985; x_wconf 77' lang='grc' dir='ltr'>ὑπισχνούμενος</span> <span class='ocrx_word' id='word_1_500' title='bbox 2660 1909 2773 1970; x_wconf 87' lang='grc' dir='ltr'>τοῖς</span> <span class='ocrx_word' id='word_1_501' title='bbox 2805 1904 3096 1974; x_wconf 82' lang='grc' dir='ltr'>ἀγαπῶσιν</span> <span class='ocrx_word' id='word_1_502' title='bbox 3132 1902 3315 1967; x_wconf 66' lang='grc' dir='ltr'>αὐτόν.</span> <span class='ocrx_word' id='word_1_503' title='bbox 3362 1898 3680 1972; x_wconf 68' lang='grc' dir='ltr'>Βροςετίθει</span> <span class='ocrx_word' id='word_1_504' title='bbox 3715 1898 3778 1952; x_wconf 76' lang='grc' dir='ltr'>δὲ</span> 
     </span>
    </p>
   </div>
   <div class='ocr_carea' id='block_1_63' title="bbox 2184 1988 3778 2069">
    <p class='ocr_par' dir='ltr' id='par_1_63' title="bbox 2184 1988 3778 2069">
     <span class='ocr_line' id='line_1_63' title="bbox 2184 1988 3778 2069; baseline -0.01 -14"><span class='ocrx_word' id='word_1_505' title='bbox 2184 2000 2395 2067; x_wconf 81' lang='grc' dir='ltr'>τούτοις</span> <span class='ocrx_word' id='word_1_506' title='bbox 2427 1998 2645 2067; x_wconf 88' lang='grc' dir='ltr'>γείτονά</span> <span class='ocrx_word' id='word_1_507' title='bbox 2682 2015 2741 2051; x_wconf 87' lang='grc' dir='ltr'><strong>τε</strong></span> <span class='ocrx_word' id='word_1_508' title='bbox 2769 1998 2862 2057; x_wconf 77' lang='grc' dir='ltr'>καὶ</span> <span class='ocrx_word' id='word_1_509' title='bbox 2905 1996 3142 2069; x_wconf 81' lang='grc' dir='ltr'>ἀδελφὴν</span> <span class='ocrx_word' id='word_1_510' title='bbox 3181 1992 3436 2065; x_wconf 68' lang='grc' dir='ltr'><strong>ἐντολήν⁸</strong></span> <span class='ocrx_word' id='word_1_511' title='bbox 3480 2010 3499 2043; x_wconf 78' lang='grc' dir='ltr'><strong>ι</strong></span> <span class='ocrx_word' id='word_1_512' title='bbox 3545 1989 3620 2055; x_wconf 77' lang='grc' dir='ltr'><strong>Οὐ</strong></span> <span class='ocrx_word' id='word_1_513' title='bbox 3656 1988 3778 2058; x_wconf 74' lang='grc' dir='ltr'>γὰρ</span> 
     </span>
    </p>
   </div>
   <div class='ocr_carea' id='block_1_64' title="bbox 2134 2079 3781 2169">
    <p class='ocr_par' dir='ltr' id='par_1_64' title="bbox 2134 2079 3781 2169">
     <span class='ocr_line' id='line_1_64' title="bbox 2134 2079 3781 2169; baseline -0.009 -24"><span class='ocrx_word' id='word_1_514' title='bbox 2134 2134 2149 2157; x_wconf 32' lang='grc' dir='ltr'><strong>μ.</strong></span> <span class='ocrx_word' id='word_1_515' title='bbox 2185 2089 2330 2169; x_wconf 72' lang='grc' dir='ltr'>λήψῃ</span> <span class='ocrx_word' id='word_1_516' title='bbox 2350 2130 2364 2156; x_wconf 92' lang='grc'><strong>,</strong></span> <span class='ocrx_word' id='word_1_517' title='bbox 2400 2089 2556 2160; x_wconf 80' lang='grc' dir='ltr'>φησὶ,</span> <span class='ocrx_word' id='word_1_518' title='bbox 2588 2088 2650 2141; x_wconf 83' lang='grc' dir='ltr'>τὸ</span> <span class='ocrx_word' id='word_1_519' title='bbox 2676 2087 2849 2159; x_wconf 72' lang='grc' dir='ltr'>ὄνομα</span> <span class='ocrx_word' id='word_1_520' title='bbox 2885 2085 3092 2158; x_wconf 79' lang='grc' dir='ltr'>Κυρίου</span> <span class='ocrx_word' id='word_1_521' title='bbox 3126 2083 3220 2137; x_wconf 89' lang='grc' dir='ltr'><strong>τοῦ</strong></span> <span class='ocrx_word' id='word_1_522' title='bbox 3247 2080 3384 2147; x_wconf 83' lang='grc' dir='ltr'>Θεοῦ</span> <span class='ocrx_word' id='word_1_523' title='bbox 3413 2098 3507 2135; x_wconf 85' lang='grc' dir='ltr'>σου</span> <span class='ocrx_word' id='word_1_524' title='bbox 3538 2079 3630 2134; x_wconf 70' lang='grc' dir='ltr'><strong>ἐπὶ</strong></span> <span class='ocrx_word' id='word_1_525' title='bbox 3660 2096 3781 2149; x_wconf 85' lang='grc' dir='ltr'>μα-</span> 
     </span>
    </p>
   </div>
   <div class='ocr_carea' id='block_1_65' title="bbox 2186 2171 3781 2254">
    <p class='ocr_par' dir='ltr' id='par_1_65' title="bbox 2186 2171 3781 2254">
     <span class='ocr_line' id='line_1_65' title="bbox 2186 2171 3781 2254; baseline -0.008 -16"><span class='ocrx_word' id='word_1_526' title='bbox 2186 2184 2327 2254; x_wconf 78' lang='grc' dir='ltr'>ταίῳ</span> <span class='ocrx_word' id='word_1_527' title='bbox 2349 2197 2363 2212; x_wconf 85' lang='lat'><strong><em>°</em></strong></span> <span class='ocrx_word' id='word_1_528' title='bbox 2396 2171 2458 2239; x_wconf 84' lang='grc' dir='ltr'>οὐ</span> <span class='ocrx_word' id='word_1_529' title='bbox 2487 2181 2596 2252; x_wconf 83' lang='grc' dir='ltr'>γὰρ</span> <span class='ocrx_word' id='word_1_530' title='bbox 2628 2180 2704 2252; x_wconf 85' lang='grc' dir='ltr'>μὴ</span> <span class='ocrx_word' id='word_1_531' title='bbox 2739 2178 3019 2251; x_wconf 80' lang='grc' dir='ltr'>καθαρίσῃ</span> <span class='ocrx_word' id='word_1_532' title='bbox 3056 2177 3264 2250; x_wconf 75' lang='grc' dir='ltr'>Κύριος</span> <span class='ocrx_word' id='word_1_533' title='bbox 3292 2174 3384 2229; x_wconf 79' lang='grc' dir='ltr'>τὸν</span> <span class='ocrx_word' id='word_1_534' title='bbox 3424 2171 3781 2245; x_wconf 72' lang='grc' dir='ltr'>λαμϐάνοντα</span> 
     </span>
    </p>
   </div>
   <div class='ocr_carea' id='block_1_66' title="bbox 2187 2260 3781 2346">
    <p class='ocr_par' dir='ltr' id='par_1_66' title="bbox 2187 2260 3781 2346">
     <span class='ocr_line' id='line_1_66' title="bbox 2187 2260 3781 2346; baseline -0.01 -16"><span class='ocrx_word' id='word_1_535' title='bbox 2187 2277 2248 2330; x_wconf 78' lang='grc' dir='ltr'>τὸ</span> <span class='ocrx_word' id='word_1_536' title='bbox 2275 2276 2445 2346; x_wconf 76' lang='grc' dir='ltr'>ὄνομα</span> <span class='ocrx_word' id='word_1_537' title='bbox 2465 2271 2629 2333; x_wconf 82' lang='grc' dir='ltr'>αὑτοῦ</span> <span class='ocrx_word' id='word_1_538' title='bbox 2657 2272 2749 2327; x_wconf 73' lang='grc' dir='ltr'><strong>ἐπὶ</strong></span> <span class='ocrx_word' id='word_1_539' title='bbox 2778 2271 3044 2343; x_wconf 59' lang='grc' dir='ltr'>ματαίῃ.»</span> <span class='ocrx_word' id='word_1_540' title='bbox 3084 2267 3255 2323; x_wconf 84' lang='grc' dir='ltr'>Τοῦτό</span> <span class='ocrx_word' id='word_1_541' title='bbox 3286 2280 3430 2328; x_wconf 85' lang='grc' dir='ltr'>τινες</span> <span class='ocrx_word' id='word_1_542' title='bbox 3459 2263 3648 2334; x_wconf 70' lang='grc' dir='ltr'>ἔδρων,</span> <span class='ocrx_word' id='word_1_543' title='bbox 3679 2260 3781 2326; x_wconf 81' lang='grc' dir='ltr'><strong>ξύ-</strong></span> 
     </span>
    </p>
   </div>
   <div class='ocr_carea' id='block_1_67' title="bbox 2188 2354 3777 2435">
    <p class='ocr_par' dir='ltr' id='par_1_67' title="bbox 2188 2354 3777 2435">
     <span class='ocr_line' id='line_1_67' title="bbox 2188 2354 3777 2435; baseline -0.009 -14"><span class='ocrx_word' id='word_1_544' title='bbox 2188 2366 2303 2431; x_wconf 85' lang='grc' dir='ltr'>λοις</span> <span class='ocrx_word' id='word_1_545' title='bbox 2331 2384 2393 2419; x_wconf 87' lang='grc' dir='ltr'><strong>τε</strong></span> <span class='ocrx_word' id='word_1_546' title='bbox 2425 2366 2520 2420; x_wconf 82' lang='grc' dir='ltr'>καὶ</span> <span class='ocrx_word' id='word_1_547' title='bbox 2557 2363 2728 2428; x_wconf 82' lang='grc' dir='ltr'>λίθοις</span> <span class='ocrx_word' id='word_1_548' title='bbox 2754 2363 2852 2435; x_wconf 82' lang='grc' dir='ltr'>τὴν</span> <span class='ocrx_word' id='word_1_549' title='bbox 2888 2361 2984 2415; x_wconf 84' lang='grc' dir='ltr'><strong>τοῦ</strong></span> <span class='ocrx_word' id='word_1_550' title='bbox 3011 2358 3149 2414; x_wconf 88' lang='grc' dir='ltr'>Θεοῦ</span> <span class='ocrx_word' id='word_1_551' title='bbox 3178 2357 3369 2433; x_wconf 82' lang='grc' dir='ltr'>κλῆσιν</span> <span class='ocrx_word' id='word_1_552' title='bbox 3399 2354 3777 2417; x_wconf 80' lang='grc' dir='ltr'>άνάπτοντες,</span> 
     </span>
    </p>
   </div>
   <div class='ocr_carea' id='block_1_68' title="bbox 2188 2446 3782 2528">
    <p class='ocr_par' dir='ltr' id='par_1_68' title="bbox 2188 2446 3782 2528">
     <span class='ocr_line' id='line_1_68' title="bbox 2188 2446 3782 2528; baseline -0.009 -16"><span class='ocrx_word' id='word_1_553' title='bbox 2188 2457 2284 2511; x_wconf 77' lang='grc' dir='ltr'>καὶ</span> <span class='ocrx_word' id='word_1_554' title='bbox 2310 2456 2403 2511; x_wconf 81' lang='grc' dir='ltr'>τὸν</span> <span class='ocrx_word' id='word_1_555' title='bbox 2440 2455 2582 2528; x_wconf 83' lang='grc' dir='ltr'>ὑπὲρ</span> <span class='ocrx_word' id='word_1_556' title='bbox 2604 2455 2713 2509; x_wconf 83' lang='grc' dir='ltr'>πᾶν</span> <span class='ocrx_word' id='word_1_557' title='bbox 2736 2454 2907 2526; x_wconf 72' lang='grc' dir='ltr'>ὄνομα</span> <span class='ocrx_word' id='word_1_558' title='bbox 2937 2448 3398 2520; x_wconf 75' lang='grc' dir='ltr'>κατακομίζοντες</span> <span class='ocrx_word' id='word_1_559' title='bbox 3425 2446 3648 2517; x_wconf 78' lang='grc' dir='ltr'>ἀμαθῶς</span> <span class='ocrx_word' id='word_1_560' title='bbox 3689 2446 3782 2509; x_wconf 76' lang='grc' dir='ltr'>εἰς</span> 
     </span>
    </p>
   </div>
   <div class='ocr_carea' id='block_1_69' title="bbox 2189 2538 3782 2624">
    <p class='ocr_par' dir='ltr' id='par_1_69' title="bbox 2189 2538 3782 2624">
     <span class='ocr_line' id='line_1_69' title="bbox 2189 2538 3782 2624; baseline -0.009 -18"><span class='ocrx_word' id='word_1_561' title='bbox 2189 2550 2540 2624; x_wconf 84' lang='grc' dir='ltr'>ἀνθρωπίνης</span> <span class='ocrx_word' id='word_1_562' title='bbox 2582 2547 2766 2621; x_wconf 77' lang='grc' dir='ltr'>χειρὸς</span> <span class='ocrx_word' id='word_1_563' title='bbox 2795 2542 3170 2615; x_wconf 74' lang='grc' dir='ltr'>φιλοτέχνημα</span> <span class='ocrx_word' id='word_1_564' title='bbox 3196 2558 3258 2595; x_wconf 88' lang='grc' dir='ltr'><strong>τε</strong></span> <span class='ocrx_word' id='word_1_565' title='bbox 3289 2541 3383 2594; x_wconf 76' lang='grc' dir='ltr'>καὶ</span> <span class='ocrx_word' id='word_1_566' title='bbox 3411 2541 3585 2594; x_wconf 88' lang='grc' dir='ltr'>πόνον.</span> <span class='ocrx_word' id='word_1_567' title='bbox 3618 2538 3782 2609; x_wconf 65' lang='grc' dir='ltr'><strong>Ἔφη</strong></span> 
     </span>
    </p>
   </div>
   <div class='ocr_carea' id='block_1_70' title="bbox 2188 2630 3781 2714">
    <p class='ocr_par' dir='ltr' id='par_1_70' title="bbox 2188 2630 3781 2714">
     <span class='ocr_line' id='line_1_70' title="bbox 2188 2630 3781 2714; baseline -0.01 -17"><span class='ocrx_word' id='word_1_568' title='bbox 2188 2642 2247 2696; x_wconf 82' lang='grc' dir='ltr'><strong>δέ</strong></span> <span class='ocrx_word' id='word_1_569' title='bbox 2275 2659 2379 2697; x_wconf 85' lang='grc' dir='ltr'><strong>που</strong></span> <span class='ocrx_word' id='word_1_570' title='bbox 2404 2642 2532 2714; x_wconf 80' lang='grc' dir='ltr'>περὶ</span> <span class='ocrx_word' id='word_1_571' title='bbox 2552 2640 2734 2695; x_wconf 84' lang='grc' dir='ltr'>αὐτῶν</span> <span class='ocrx_word' id='word_1_572' title='bbox 2753 2637 2842 2692; x_wconf 74' lang='grc' dir='ltr'><strong>διὰ</strong></span> <span class='ocrx_word' id='word_1_573' title='bbox 2865 2636 3050 2707; x_wconf 79' lang='grc' dir='ltr'>φωνῆς</span> <span class='ocrx_word' id='word_1_574' title='bbox 3078 2634 3303 2688; x_wconf 75' lang='grc' dir='ltr'>Ἦσαῖου</span> <span class='ocrx_word' id='word_1_575' title='bbox 3330 2633 3492 2696; x_wconf 81' lang='grc' dir='ltr'>Θεός·</span> <span class='ocrx_word' id='word_1_576' title='bbox 3523 2650 3541 2683; x_wconf 83' lang='grc' dir='ltr'><strong>ι</strong></span> <span class='ocrx_word' id='word_1_577' title='bbox 3580 2630 3781 2687; x_wconf 79' lang='grc' dir='ltr'>Ἐκλε-</span> 
     </span>
    </p>
   </div>
   <div class='ocr_carea' id='block_1_71' title="bbox 2192 2722 3787 2806">
    <p class='ocr_par' dir='ltr' id='par_1_71' title="bbox 2192 2722 3787 2806">
     <span class='ocr_line' id='line_1_71' title="bbox 2192 2722 3787 2806; baseline -0.009 -18"><span class='ocrx_word' id='word_1_578' title='bbox 2192 2734 2425 2806; x_wconf 76' lang='grc' dir='ltr'>ξάμενος</span> <span class='ocrx_word' id='word_1_579' title='bbox 2460 2732 2671 2795; x_wconf 78' lang='grc' dir='ltr'>τέκτων</span> <span class='ocrx_word' id='word_1_580' title='bbox 2701 2729 2854 2805; x_wconf 76' lang='grc' dir='ltr'>ξύλον</span> <span class='ocrx_word' id='word_1_581' title='bbox 2874 2770 2890 2794; x_wconf 87' lang='grc'><strong>,</strong></span> <span class='ocrx_word' id='word_1_582' title='bbox 2916 2726 3144 2798; x_wconf 75' lang='grc' dir='ltr'>ἔστησεν</span> <span class='ocrx_word' id='word_1_583' title='bbox 3172 2724 3306 2803; x_wconf 67' lang='grc' dir='ltr'>αὐτὸ</span> <span class='ocrx_word' id='word_1_584' title='bbox 3338 2725 3395 2777; x_wconf 84' lang='grc' dir='ltr'>ὲν</span> <span class='ocrx_word' id='word_1_585' title='bbox 3426 2723 3605 2793; x_wconf 57' lang='grc' dir='ltr'>μέτρω</span> <span class='ocrx_word' id='word_1_586' title='bbox 3624 2762 3638 2791; x_wconf 91' lang='grc'><strong>,</strong></span> <span class='ocrx_word' id='word_1_587' title='bbox 3674 2722 3787 2776; x_wconf 67' lang='grc' dir='ltr'>καὶ</span> 
     </span>
    </p>
   </div>
   <div class='ocr_carea' id='block_1_72' title="bbox 2191 2808 3795 2901">
    <p class='ocr_par' dir='ltr' id='par_1_72' title="bbox 2191 2808 3795 2901">
     <span class='ocr_line' id='line_1_72' title="bbox 2191 2808 3795 2901; baseline -0.012 -19"><span class='ocrx_word' id='word_1_588' title='bbox 2191 2808 2265 2883; x_wconf 26' lang='grc' dir='ltr'>ἑνί</span> <span class='ocrx_word' id='word_1_589' title='bbox 2298 2808 2462 2901; x_wconf 67' lang='grc' dir='ltr'>κόλλῃ</span> <span class='ocrx_word' id='word_1_590' title='bbox 2506 2821 2842 2897; x_wconf 75' lang='grc' dir='ltr'>ὲρῤύθμισεν</span> <span class='ocrx_word' id='word_1_591' title='bbox 2889 2818 3041 2883; x_wconf 72' lang='grc' dir='ltr'>αὐτὸ,</span> <span class='ocrx_word' id='word_1_592' title='bbox 3094 2817 3189 2879; x_wconf 63' lang='grc' dir='ltr'>καὶ</span> <span class='ocrx_word' id='word_1_593' title='bbox 3232 2813 3486 2885; x_wconf 74' lang='grc' dir='ltr'>ἐποίησεν</span> <span class='ocrx_word' id='word_1_594' title='bbox 3522 2811 3658 2881; x_wconf 74' lang='grc' dir='ltr'>αὐτὸ</span> <span class='ocrx_word' id='word_1_595' title='bbox 3694 2812 3795 2875; x_wconf 74' lang='grc' dir='ltr'><strong>ὡς</strong></span> 
     </span>
    </p>
   </div>
   <div class='ocr_carea' id='block_1_73' title="bbox 2195 2902 3785 2993">
    <p class='ocr_par' dir='ltr' id='par_1_73' title="bbox 2195 2902 3785 2993">
     <span class='ocr_line' id='line_1_73' title="bbox 2195 2902 3785 2993; baseline -0.012 -19"><span class='ocrx_word' id='word_1_596' title='bbox 2195 2918 2409 2993; x_wconf 69' lang='grc' dir='ltr'>μορφὴν</span> <span class='ocrx_word' id='word_1_597' title='bbox 2438 2915 2658 2993; x_wconf 71' lang='grc' dir='ltr'>ἀνδρὸς,</span> <span class='ocrx_word' id='word_1_598' title='bbox 2693 2912 2788 2979; x_wconf 70' lang='grc' dir='ltr'>καὶ</span> <span class='ocrx_word' id='word_1_599' title='bbox 2815 2911 2893 2974; x_wconf 82' lang='grc' dir='ltr'>ὡς</span> <span class='ocrx_word' id='word_1_600' title='bbox 2918 2906 3231 2981; x_wconf 75' lang='grc' dir='ltr'>ὡραιότητα</span> <span class='ocrx_word' id='word_1_601' title='bbox 3248 2902 3536 2977; x_wconf 76' lang='grc' dir='ltr'>ἀνθρώπου</span> <span class='ocrx_word' id='word_1_602' title='bbox 3569 2902 3785 2973; x_wconf 68' lang='grc' dir='ltr'>στῆσαι</span> 
     </span>
    </p>
   </div>
   <div class='ocr_carea' id='block_1_74' title="bbox 2191 2992 3782 3081">
    <p class='ocr_par' dir='ltr' id='par_1_74' title="bbox 2191 2992 3782 3081">
     <span class='ocr_line' id='line_1_74' title="bbox 2191 2992 3782 3081; baseline -0.011 -16"><span class='ocrx_word' id='word_1_603' title='bbox 2191 3010 2325 3065; x_wconf 81' lang='grc' dir='ltr'>αὐτὸ</span> <span class='ocrx_word' id='word_1_604' title='bbox 2346 3011 2404 3067; x_wconf 78' lang='grc' dir='ltr'>ὲν</span> <span class='ocrx_word' id='word_1_605' title='bbox 2433 2992 2602 3081; x_wconf 67' lang='grc' dir='ltr'>οἷκῳο</span> <span class='ocrx_word' id='word_1_606' title='bbox 2628 3003 2790 3074; x_wconf 76' lang='grc' dir='ltr'>εκοψε</span> <span class='ocrx_word' id='word_1_607' title='bbox 2819 3001 2974 3073; x_wconf 76' lang='grc' dir='ltr'>ξύλον</span> <span class='ocrx_word' id='word_1_608' title='bbox 3001 3002 3068 3055; x_wconf 80' lang='grc' dir='ltr'><strong>ικ</strong></span> <span class='ocrx_word' id='word_1_609' title='bbox 3089 2997 3183 3057; x_wconf 88' lang='grc' dir='ltr'><strong>τοῦ</strong></span> <span class='ocrx_word' id='word_1_610' title='bbox 3209 2994 3418 3075; x_wconf 78' lang='grc' dir='ltr'>δρυμοῦ</span> <span class='ocrx_word' id='word_1_611' title='bbox 3442 2994 3475 3064; x_wconf 63' lang='grc' dir='ltr'><strong>ι</strong></span> <span class='ocrx_word' id='word_1_612' title='bbox 3503 2993 3782 3063; x_wconf 72' lang='grc' dir='ltr'>ιφύτευσε</span> 
     </span>
    </p>
   </div>
   <div class='ocr_carea' id='block_1_75' title="bbox 2193 3082 3787 3174">
    <p class='ocr_par' dir='ltr' id='par_1_75' title="bbox 2193 3082 3787 3174">
     <span class='ocr_line' id='line_1_75' title="bbox 2193 3082 3787 3174; baseline -0.011 -21"><span class='ocrx_word' id='word_1_613' title='bbox 2193 3102 2400 3174; x_wconf 82' lang='grc' dir='ltr'>Κύριος</span> <span class='ocrx_word' id='word_1_614' title='bbox 2424 3141 2440 3166; x_wconf 84' lang='grc'><strong>,</strong></span> <span class='ocrx_word' id='word_1_615' title='bbox 2488 3098 2584 3165; x_wconf 72' lang='grc' dir='ltr'>καὶ</span> <span class='ocrx_word' id='word_1_616' title='bbox 2610 3094 2766 3161; x_wconf 64' lang='grc' dir='ltr'>ὑετὸς</span> <span class='ocrx_word' id='word_1_617' title='bbox 2817 3094 3115 3171; x_wconf 72' lang='grc' dir='ltr'>ἐμήκυνεν,</span> <span class='ocrx_word' id='word_1_618' title='bbox 3146 3089 3233 3142; x_wconf 80' lang='grc' dir='ltr'><strong>ἵνα</strong></span> <span class='ocrx_word' id='word_1_619' title='bbox 3354 3083 3661 3174; x_wconf 79' lang='grc' dir='ltr'>ἀνθρώποις</span> <span class='ocrx_word' id='word_1_620' title='bbox 3692 3085 3787 3174; x_wconf 62' lang='lat' dir='ltr'><strong>ei;</strong></span> 
     </span>
    </p>
   </div>
   <div class='ocr_carea' id='block_1_76' title="bbox 2197 3171 3789 3254">
    <p class='ocr_par' dir='ltr' id='par_1_76' title="bbox 2197 3171 3789 3254">
     <span class='ocr_line' id='line_1_76' title="bbox 2197 3171 3789 3254; baseline -0.014 -7"><span class='ocrx_word' id='word_1_621' title='bbox 2197 3171 2414 3254; x_wconf 87' lang='grc' dir='ltr'>καῦσιν,</span> <span class='ocrx_word' id='word_1_622' title='bbox 2450 3189 2544 3249; x_wconf 62' lang='grc' dir='ltr'>καὶ.</span> <span class='ocrx_word' id='word_1_623' title='bbox 2573 3184 2751 3252; x_wconf 65' lang='grc' dir='ltr'>λαϐὼν</span> <span class='ocrx_word' id='word_1_624' title='bbox 2791 3183 2885 3247; x_wconf 74' lang='grc' dir='ltr'>ἀπ’</span> <span class='ocrx_word' id='word_1_625' title='bbox 2924 3178 3114 3245; x_wconf 79' lang='grc' dir='ltr'>αὐτοῦ,</span> <span class='ocrx_word' id='word_1_626' title='bbox 3148 3173 3487 3248; x_wconf 78' lang='grc' dir='ltr'>ἐθερμάνθη,</span> <span class='ocrx_word' id='word_1_627' title='bbox 3515 3173 3606 3227; x_wconf 80' lang='grc' dir='ltr'>καὶ</span> <span class='ocrx_word' id='word_1_628' title='bbox 3632 3171 3753 3229; x_wconf 79' lang='grc' dir='ltr'><strong>καύ</strong></span> <span class='ocrx_word' id='word_1_629' title='bbox 3772 3201 3789 3210; x_wconf 86' lang='lat'><strong>-</strong></span> 
     </span>
    </p>
   </div>
   <div class='ocr_carea' id='block_1_77' title="bbox 2197 3261 3789 3349">
    <p class='ocr_par' dir='ltr' id='par_1_77' title="bbox 2197 3261 3789 3349">
     <span class='ocr_line' id='line_1_77' title="bbox 2197 3261 3789 3349; baseline -0.016 -10"><span class='ocrx_word' id='word_1_630' title='bbox 2197 3299 2388 3346; x_wconf 80' lang='grc' dir='ltr'>σαντες</span> <span class='ocrx_word' id='word_1_631' title='bbox 2421 3277 2627 3349; x_wconf 74' lang='grc' dir='ltr'>ἔπεψαν</span> <span class='ocrx_word' id='word_1_632' title='bbox 2670 3274 2868 3347; x_wconf 74' lang='grc' dir='ltr'>ᾆρτους</span> <span class='ocrx_word' id='word_1_633' title='bbox 2894 3273 2980 3325; x_wconf 68' lang='grc' dir='ltr'><strong>ἐπ’</strong></span> <span class='ocrx_word' id='word_1_634' title='bbox 3024 3268 3205 3332; x_wconf 81' lang='grc' dir='ltr'>αὐτῶν</span> <span class='ocrx_word' id='word_1_635' title='bbox 3224 3284 3237 3297; x_wconf 72' lang='grc'><strong><em>⁸</em></strong></span> <span class='ocrx_word' id='word_1_636' title='bbox 3270 3266 3334 3321; x_wconf 87' lang='grc' dir='ltr'>τὸ</span> <span class='ocrx_word' id='word_1_637' title='bbox 3356 3264 3415 3318; x_wconf 72' lang='grc' dir='ltr'>δὲ</span> <span class='ocrx_word' id='word_1_638' title='bbox 3447 3261 3629 3327; x_wconf 75' lang='grc' dir='ltr'>λοιπὸν</span> <span class='ocrx_word' id='word_1_639' title='bbox 3658 3264 3789 3334; x_wconf 68' lang='lat' dir='ltr'><strong>alp—</strong></span> 
     </span>
    </p>
   </div>
   <div class='ocr_carea' id='block_1_78' title="bbox 2194 3357 3787 3444">
    <p class='ocr_par' dir='ltr' id='par_1_78' title="bbox 2194 3357 3787 3444">
     <span class='ocr_line' id='line_1_78' title="bbox 2194 3357 3787 3444; baseline -0.014 -14"><span class='ocrx_word' id='word_1_640' title='bbox 2194 3375 2438 3444; x_wconf 84' lang='grc' dir='ltr'>γάσαντο</span> <span class='ocrx_word' id='word_1_641' title='bbox 2466 3371 2547 3433; x_wconf 84' lang='grc' dir='ltr'><strong>είς</strong></span> <span class='ocrx_word' id='word_1_642' title='bbox 2569 3368 2753 3431; x_wconf 82' lang='grc' dir='ltr'>θεοὺς,</span> <span class='ocrx_word' id='word_1_643' title='bbox 2776 3365 2872 3427; x_wconf 77' lang='grc' dir='ltr'>καὶ</span> <span class='ocrx_word' id='word_1_644' title='bbox 2915 3359 3311 3434; x_wconf 70' lang='grc' dir='ltr'>προσκυνοῦσιν</span> <span class='ocrx_word' id='word_1_645' title='bbox 3354 3357 3556 3420; x_wconf 81' lang='grc' dir='ltr'>αὐτοῖς.</span> <span class='ocrx_word' id='word_1_646' title='bbox 3602 3373 3621 3417; x_wconf 66' lang='grc' dir='ltr'><strong>ρ</strong></span> <span class='ocrx_word' id='word_1_647' title='bbox 3665 3357 3787 3415; x_wconf 76' lang='grc' dir='ltr'><strong>Καὶ</strong></span> 
     </span>
    </p>
   </div>
   <div class='ocr_carea' id='block_1_79' title="bbox 2199 3446 3785 3537">
    <p class='ocr_par' dir='ltr' id='par_1_79' title="bbox 2199 3446 3785 3537">
     <span class='ocr_line' id='line_1_79' title="bbox 2199 3446 3785 3537; baseline -0.015 -16"><span class='ocrx_word' id='word_1_648' title='bbox 2199 3463 2320 3537; x_wconf 82' lang='grc' dir='ltr'>μεθ’</span> <span class='ocrx_word' id='word_1_649' title='bbox 2340 3464 2504 3534; x_wconf 70' lang='grc' dir='ltr'>ἔτερα</span> <span class='ocrx_word' id='word_1_650' title='bbox 2527 3477 2543 3493; x_wconf 78' lang='grc'><strong>’</strong></span> <span class='ocrx_word' id='word_1_651' title='bbox 2566 3479 2588 3525; x_wconf 62' lang='grc' dir='ltr'><strong>ι</strong></span> <span class='ocrx_word' id='word_1_652' title='bbox 2615 3457 2819 3525; x_wconf 71' lang='grc' dir='ltr'>Γνῶτε,</span> <span class='ocrx_word' id='word_1_653' title='bbox 2848 3456 2930 3521; x_wconf 77' lang='grc' dir='ltr'>ὅτι</span> <span class='ocrx_word' id='word_1_654' title='bbox 2959 3451 3151 3525; x_wconf 72' lang='grc' dir='ltr'>σποδὸς</span> <span class='ocrx_word' id='word_1_655' title='bbox 3175 3452 3209 3521; x_wconf 80' lang='grc' dir='ltr'>ἡ</span> <span class='ocrx_word' id='word_1_656' title='bbox 3240 3448 3432 3537; x_wconf 79' lang='grc' dir='ltr'>καρδία</span> <span class='ocrx_word' id='word_1_657' title='bbox 3452 3446 3654 3537; x_wconf 59' lang='grc' dir='ltr'>αὐτων,</span> <span class='ocrx_word' id='word_1_658' title='bbox 3682 3448 3785 3537; x_wconf 68' lang='grc' dir='ltr'>καὶ</span> 
     </span>
    </p>
   </div>
   <div class='ocr_carea' id='block_1_80' title="bbox 2196 3533 3787 3615">
    <p class='ocr_par' dir='ltr' id='par_1_80' title="bbox 2196 3533 3787 3615">
     <span class='ocr_line' id='line_1_80' title="bbox 2196 3533 3787 3615; baseline -0.015 -5"><span class='ocrx_word' id='word_1_659' title='bbox 2196 3533 2527 3610; x_wconf 80' lang='grc' dir='ltr'>πλανῶνται.</span> <span class='ocrx_word' id='word_1_660' title='bbox 2584 3569 2603 3603; x_wconf 76' lang='grc' dir='ltr'><strong>ι</strong></span> <span class='ocrx_word' id='word_1_661' title='bbox 2655 3541 2814 3615; x_wconf 74' lang='grc' dir='ltr'>Οὗτοι</span> <span class='ocrx_word' id='word_1_662' title='bbox 2848 3541 3185 3615; x_wconf 78' lang='grc' dir='ltr'>λαμϐάνουσι</span> <span class='ocrx_word' id='word_1_663' title='bbox 3236 3537 3299 3591; x_wconf 82' lang='grc' dir='ltr'>τὸ</span> <span class='ocrx_word' id='word_1_664' title='bbox 3359 3536 3531 3607; x_wconf 74' lang='grc' dir='ltr'>ὄνομα</span> <span class='ocrx_word' id='word_1_665' title='bbox 3566 3533 3787 3605; x_wconf 78' lang='grc' dir='ltr'>Κυρίου</span> 
     </span>
    </p>
   </div>
   <div class='ocr_carea' id='block_1_81' title="bbox 2195 3623 3787 3718">
    <p class='ocr_par' dir='ltr' id='par_1_81' title="bbox 2195 3623 3787 3718">
     <span class='ocr_line' id='line_1_81' title="bbox 2195 3623 3787 3718; baseline -0.016 -18"><span class='ocrx_word' id='word_1_666' title='bbox 2195 3648 2288 3701; x_wconf 73' lang='grc' dir='ltr'><strong>ἐπὶ</strong></span> <span class='ocrx_word' id='word_1_667' title='bbox 2320 3642 2556 3718; x_wconf 82' lang='grc' dir='ltr'>ματαίῳ.</span> <span class='ocrx_word' id='word_1_668' title='bbox 2613 3638 2753 3694; x_wconf 78' lang='grc' dir='ltr'>Ἀλλ’</span> <span class='ocrx_word' id='word_1_669' title='bbox 2788 3630 2944 3707; x_wconf 74' lang='grc' dir='ltr'>οἶμαι</span> <span class='ocrx_word' id='word_1_670' title='bbox 2978 3631 3089 3684; x_wconf 82' lang='grc' dir='ltr'>δεῖν</span> <span class='ocrx_word' id='word_1_671' title='bbox 3121 3630 3248 3691; x_wconf 77' lang='grc' dir='ltr'>τοὺς</span> <span class='ocrx_word' id='word_1_672' title='bbox 3279 3627 3338 3718; x_wconf 6' lang='grc' dir='ltr'><strong>οῖ,</strong></span> <span class='ocrx_word' id='word_1_673' title='bbox 3358 3643 3421 3697; x_wconf 85' lang='grc' dir='ltr'><strong>γε</strong></span> <span class='ocrx_word' id='word_1_674' title='bbox 3461 3624 3645 3718; x_wconf 77' lang='grc' dir='ltr'>λοιπὸν</span> <span class='ocrx_word' id='word_1_675' title='bbox 3674 3623 3787 3688; x_wconf 74' lang='grc' dir='ltr'>ἔξω</span> 
     </span>
    </p>
   </div>
   <div class='ocr_carea' id='block_1_82' title="bbox 2195 3714 3789 3806">
    <p class='ocr_par' dir='ltr' id='par_1_82' title="bbox 2195 3714 3789 3806">
     <span class='ocr_line' id='line_1_82' title="bbox 2195 3714 3789 3806; baseline -0.015 -15"><span class='ocrx_word' id='word_1_676' title='bbox 2195 3754 2255 3791; x_wconf 87' lang='grc' dir='ltr'><strong>τε</strong></span> <span class='ocrx_word' id='word_1_677' title='bbox 2287 3714 2473 3806; x_wconf 83' lang='grc' dir='ltr'>πάγης</span> <span class='ocrx_word' id='word_1_678' title='bbox 2509 3730 2764 3803; x_wconf 81' lang='grc' dir='ltr'>γεγόνασι</span> <span class='ocrx_word' id='word_1_679' title='bbox 2803 3723 3117 3795; x_wconf 78' lang='grc' dir='ltr'>διαϐολικῆς</span> <span class='ocrx_word' id='word_1_680' title='bbox 3141 3763 3157 3790; x_wconf 94' lang='grc'><strong>,</strong></span> <span class='ocrx_word' id='word_1_681' title='bbox 3184 3719 3279 3775; x_wconf 78' lang='grc' dir='ltr'>καὶ</span> <span class='ocrx_word' id='word_1_682' title='bbox 3316 3717 3450 3772; x_wconf 81' lang='grc' dir='ltr'>Θεὸν</span> <span class='ocrx_word' id='word_1_683' title='bbox 3498 3714 3789 3785; x_wconf 74' lang='grc' dir='ltr'>ἐγνώκασι</span> 
     </span>
    </p>
   </div>
   <div class='ocr_carea' id='block_1_83' title="bbox 2194 3806 3790 3896">
    <p class='ocr_par' dir='ltr' id='par_1_83' title="bbox 2194 3806 3790 3896">
     <span class='ocr_line' id='line_1_83' title="bbox 2194 3806 3790 3896; baseline -0.016 -14"><span class='ocrx_word' id='word_1_684' title='bbox 2194 3827 2286 3882; x_wconf 82' lang='grc' dir='ltr'>τὸν</span> <span class='ocrx_word' id='word_1_685' title='bbox 2314 3821 2589 3896; x_wconf 68' lang='grc' dir='ltr'>ἀληθινὸν,</span> <span class='ocrx_word' id='word_1_686' title='bbox 2621 3819 2696 3894; x_wconf 82' lang='grc' dir='ltr'>μὴ</span> <span class='ocrx_word' id='word_1_687' title='bbox 2724 3820 2803 3882; x_wconf 89' lang='grc' dir='ltr'><strong>εἰς</strong></span> <span class='ocrx_word' id='word_1_688' title='bbox 2851 3812 3068 3887; x_wconf 78' lang='grc' dir='ltr'>ψυχρὰς</span> <span class='ocrx_word' id='word_1_689' title='bbox 3096 3808 3348 3875; x_wconf 75' lang='grc' dir='ltr'>ὀκλάζειν</span> <span class='ocrx_word' id='word_1_690' title='bbox 3378 3806 3605 3870; x_wconf 75' lang='grc' dir='ltr'>ἑννοίας,</span> <span class='ocrx_word' id='word_1_691' title='bbox 3636 3809 3790 3878; x_wconf 75' lang='grc' dir='ltr'>μήτε</span> 
     </span>
    </p>
   </div>
   <div class='ocr_carea' id='block_1_84' title="bbox 2196 3899 3785 3991">
    <p class='ocr_par' dir='ltr' id='par_1_84' title="bbox 2196 3899 3785 3991">
     <span class='ocr_line' id='line_1_84' title="bbox 2196 3899 3785 3991; baseline -0.005 -20"><span class='ocrx_word' id='word_1_692' title='bbox 2196 3921 2306 3991; x_wconf 83' lang='grc' dir='ltr'><strong>μὴν</strong></span> <span class='ocrx_word' id='word_1_693' title='bbox 2346 3915 2408 3970; x_wconf 79' lang='grc' dir='ltr'>τὸ</span> <span class='ocrx_word' id='word_1_694' title='bbox 2448 3914 2671 3984; x_wconf 82' lang='grc' dir='ltr'>ἀγεννὲς</span> <span class='ocrx_word' id='word_1_695' title='bbox 2704 3910 2762 3964; x_wconf 72' lang='grc' dir='ltr'>ἐν</span> <span class='ocrx_word' id='word_1_696' title='bbox 2797 3925 2862 3978; x_wconf 88' lang='grc' dir='ltr'><strong>γε</strong></span> <span class='ocrx_word' id='word_1_697' title='bbox 2900 3907 2965 3977; x_wconf 83' lang='grc' dir='ltr'>δὴ</span> <span class='ocrx_word' id='word_1_698' title='bbox 3004 3903 3179 3976; x_wconf 85' lang='grc' dir='ltr'>τούτῳ</span> <span class='ocrx_word' id='word_1_699' title='bbox 3225 3901 3393 3973; x_wconf 79' lang='grc' dir='ltr'>τιμᾷν</span> <span class='ocrx_word' id='word_1_700' title='bbox 3442 3899 3746 3991; x_wconf 60' lang='grc' dir='ltr'>φληνάτως</span> <span class='ocrx_word' id='word_1_701' title='bbox 3767 3938 3785 3963; x_wconf 75' lang='grc' dir='ltr'><strong>ι</strong></span> 
     </span>
    </p>
   </div>
   <div class='ocr_carea' id='block_1_85' title="bbox 2194 3990 3786 4078">
    <p class='ocr_par' dir='ltr' id='par_1_85' title="bbox 2194 3990 3786 4078">
     <span class='ocr_line' id='line_1_85' title="bbox 2194 3990 3786 4078; baseline -0.014 -14"><span class='ocrx_word' id='word_1_702' title='bbox 2194 4005 2618 4078; x_wconf 83' lang='grc' dir='ltr'>ἀνθελκομένους</span> <span class='ocrx_word' id='word_1_703' title='bbox 2632 4003 2711 4073; x_wconf 83' lang='grc' dir='ltr'><strong>είς</strong></span> <span class='ocrx_word' id='word_1_704' title='bbox 2732 4000 2795 4054; x_wconf 82' lang='grc' dir='ltr'>τὸ</span> <span class='ocrx_word' id='word_1_705' title='bbox 2813 4000 2921 4055; x_wconf 83' lang='grc' dir='ltr'>δεῖν</span> <span class='ocrx_word' id='word_1_706' title='bbox 2943 3996 3165 4075; x_wconf 80' lang='grc' dir='ltr'>ἑτέρους</span> <span class='ocrx_word' id='word_1_707' title='bbox 3194 3993 3392 4049; x_wconf 74' lang='grc' dir='ltr'>ειδέναι</span> <span class='ocrx_word' id='word_1_708' title='bbox 3410 3991 3585 4055; x_wconf 79' lang='grc' dir='ltr'>θεοὺς,</span> <span class='ocrx_word' id='word_1_709' title='bbox 3606 3990 3786 4062; x_wconf 74' lang='grc' dir='ltr'>ἡγουν</span> 
     </span>
    </p>
   </div>
   <div class='ocr_carea' id='block_1_86' title="bbox 2195 4072 3787 4171">
    <p class='ocr_par' dir='ltr' id='par_1_86' title="bbox 2195 4072 3787 4171">
     <span class='ocr_line' id='line_1_86' title="bbox 2195 4072 3787 4171; baseline -0.014 -16"><span class='ocrx_word' id='word_1_710' title='bbox 2195 4072 2402 4155; x_wconf 73' lang='grc' dir='ltr'>οἴεσθαί</span> <span class='ocrx_word' id='word_1_711' title='bbox 2427 4072 2883 4171; x_wconf 74' lang='grc' dir='ltr'>τινας-ὑπάρχειν</span> <span class='ocrx_word' id='word_1_712' title='bbox 2908 4072 3046 4151; x_wconf 81' lang='grc' dir='ltr'>ὅλως</span> <span class='ocrx_word' id='word_1_713' title='bbox 3083 4084 3235 4157; x_wconf 85' lang='grc' dir='ltr'><strong>παρά</strong></span> <span class='ocrx_word' id='word_1_714' title='bbox 3268 4083 3360 4139; x_wconf 85' lang='grc' dir='ltr'>τὸν</span> <span class='ocrx_word' id='word_1_715' title='bbox 3389 4081 3485 4136; x_wconf 75' lang='grc' dir='ltr'>ἕνα</span> <span class='ocrx_word' id='word_1_716' title='bbox 3517 4081 3611 4136; x_wconf 75' lang='grc' dir='ltr'><strong>καὶ</strong></span> <span class='ocrx_word' id='word_1_717' title='bbox 3636 4080 3787 4152; x_wconf 75' lang='grc' dir='ltr'>ἀλη-</span> 
     </span>
    </p>
   </div>
   <div class='ocr_carea' id='block_1_87' title="bbox 2196 4172 3787 4259">
    <p class='ocr_par' dir='ltr' id='par_1_87' title="bbox 2196 4172 3787 4259">
     <span class='ocr_line' id='line_1_87' title="bbox 2196 4172 3787 4259; baseline -0.013 -14"><span class='ocrx_word' id='word_1_718' title='bbox 2196 4191 2339 4255; x_wconf 84' lang='grc' dir='ltr'>θῶς.</span> <span class='ocrx_word' id='word_1_719' title='bbox 2375 4209 2393 4242; x_wconf 79' lang='grc' dir='ltr'><strong>ι</strong></span> <span class='ocrx_word' id='word_1_720' title='bbox 2446 4189 2511 4245; x_wconf 68' lang='lat' dir='ltr'><strong>Et</strong></span> <span class='ocrx_word' id='word_1_721' title='bbox 2540 4186 2649 4259; x_wconf 70' lang='grc' dir='ltr'><strong>γάρ</strong></span> <span class='ocrx_word' id='word_1_722' title='bbox 2676 4183 2770 4237; x_wconf 70' lang='grc' dir='ltr'>καὶ</span> <span class='ocrx_word' id='word_1_723' title='bbox 2819 4179 3063 4250; x_wconf 80' lang='grc' dir='ltr'>λέγοιντό</span> <span class='ocrx_word' id='word_1_724' title='bbox 3095 4193 3240 4250; x_wconf 84' lang='grc' dir='ltr'>τινες</span> <span class='ocrx_word' id='word_1_725' title='bbox 3266 4175 3384 4232; x_wconf 80' lang='grc' dir='ltr'>θεοὶ</span> <span class='ocrx_word' id='word_1_726' title='bbox 3426 4175 3522 4229; x_wconf 77' lang='grc' dir='ltr'>καὶ</span> <span class='ocrx_word' id='word_1_727' title='bbox 3552 4172 3751 4243; x_wconf 79' lang='grc' dir='ltr'>κύριοι</span> <span class='ocrx_word' id='word_1_728' title='bbox 3770 4213 3787 4237; x_wconf 86' lang='lat'><strong>,</strong></span> 
     </span>
    </p>
   </div>
   <div class='ocr_carea' id='block_1_88' title="bbox 2193 4261 3795 4351">
    <p class='ocr_par' dir='ltr' id='par_1_88' title="bbox 2193 4261 3795 4351">
     <span class='ocr_line' id='line_1_88' title="bbox 2193 4261 3795 4351; baseline -0.014 -15"><span class='ocrx_word' id='word_1_729' title='bbox 2193 4282 2250 4336; x_wconf 77' lang='grc' dir='ltr'>εν</span> <span class='ocrx_word' id='word_1_730' title='bbox 2276 4298 2336 4335; x_wconf 87' lang='grc' dir='ltr'><strong>τε</strong></span> <span class='ocrx_word' id='word_1_731' title='bbox 2367 4277 2444 4351; x_wconf 84' lang='grc' dir='ltr'>τῷ</span> <span class='ocrx_word' id='word_1_732' title='bbox 2478 4272 2712 4348; x_wconf 82' lang='grc' dir='ltr'>οὐρανῷ,</span> <span class='ocrx_word' id='word_1_733' title='bbox 2755 4272 2850 4326; x_wconf 69' lang='grc' dir='ltr'>καὶ</span> <span class='ocrx_word' id='word_1_734' title='bbox 2883 4270 2975 4325; x_wconf 71' lang='grc' dir='ltr'><strong>ἐπὶ</strong></span> <span class='ocrx_word' id='word_1_735' title='bbox 3007 4268 3131 4342; x_wconf 83' lang='grc' dir='ltr'>γῆς,</span> <span class='ocrx_word' id='word_1_736' title='bbox 3155 4265 3270 4321; x_wconf 79' lang='grc' dir='ltr'>ἀλλ’</span> <span class='ocrx_word' id='word_1_737' title='bbox 3294 4266 3429 4337; x_wconf 78' lang='grc' dir='ltr'>ἡμῖν</span> <span class='ocrx_word' id='word_1_738' title='bbox 3459 4261 3539 4327; x_wconf 74' lang='grc' dir='ltr'>εἷς</span> <span class='ocrx_word' id='word_1_739' title='bbox 3560 4262 3795 4351; x_wconf 29' lang='grc' dir='ltr'>Θεὸςκό</span> 
     </span>
    </p>
   </div>
   <div class='ocr_carea' id='block_1_89' title="bbox 2195 4349 3796 4444">
    <p class='ocr_par' dir='ltr' id='par_1_89' title="bbox 2195 4349 3796 4444">
     <span class='ocr_line' id='line_1_89' title="bbox 2195 4349 3796 4444; baseline -0.014 -16"><span class='ocrx_word' id='word_1_740' title='bbox 2195 4349 2424 4444; x_wconf 60' lang='grc' dir='ltr'>Πατὴρ,</span> <span class='ocrx_word' id='word_1_741' title='bbox 2441 4369 2500 4443; x_wconf 71' lang='grc' dir='ltr'>ἐξ</span> <span class='ocrx_word' id='word_1_742' title='bbox 2527 4360 2588 4421; x_wconf 77' lang='grc' dir='ltr'><strong>οὗ</strong></span> <span class='ocrx_word' id='word_1_743' title='bbox 2624 4366 2692 4421; x_wconf 79' lang='grc' dir='ltr'><strong>τὰ</strong></span> <span class='ocrx_word' id='word_1_744' title='bbox 2719 4364 2895 4419; x_wconf 89' lang='grc' dir='ltr'>πάντα</span> <span class='ocrx_word' id='word_1_745' title='bbox 2932 4361 3030 4425; x_wconf 75' lang='grc' dir='ltr'>καὶ</span> <span class='ocrx_word' id='word_1_746' title='bbox 3051 4361 3212 4434; x_wconf 81' lang='grc' dir='ltr'>ἡμεῖς</span> <span class='ocrx_word' id='word_1_747' title='bbox 3244 4359 3326 4421; x_wconf 83' lang='grc' dir='ltr'><strong>είς</strong></span> <span class='ocrx_word' id='word_1_748' title='bbox 3348 4358 3512 4435; x_wconf 76' lang='grc' dir='ltr'>αὐτόν</span> <span class='ocrx_word' id='word_1_749' title='bbox 3535 4372 3548 4386; x_wconf 91' lang='grc'><strong>·</strong></span> <span class='ocrx_word' id='word_1_750' title='bbox 3575 4353 3680 4407; x_wconf 73' lang='grc' dir='ltr'>καὶ</span> <span class='ocrx_word' id='word_1_751' title='bbox 3702 4349 3796 4418; x_wconf 75' lang='grc' dir='ltr'>εἷς</span> 
     </span>
    </p>
   </div>
   <div class='ocr_carea' id='block_1_90' title="bbox 507 4445 2089 4541">
    <p class='ocr_par' dir='ltr' id='par_1_90' title="bbox 507 4464 2089 4541">
     <span class='ocr_line' id='line_1_90' title="bbox 507 4464 2089 4541; baseline 0.004 -23"><span class='ocrx_word' id='word_1_752' title='bbox 507 4464 685 4520; x_wconf 90' lang='lat' dir='ltr'><strong>nosin</strong></span> <span class='ocrx_word' id='word_1_753' title='bbox 708 4465 890 4533; x_wconf 92' lang='lat' dir='ltr'><strong>illum;</strong></span> <span class='ocrx_word' id='word_1_754' title='bbox 931 4475 987 4522; x_wconf 91' lang='lat' dir='ltr'><strong>et</strong></span> <span class='ocrx_word' id='word_1_755' title='bbox 1010 4482 1155 4521; x_wconf 90' lang='lat' dir='ltr'><strong>unus</strong></span> <span class='ocrx_word' id='word_1_756' title='bbox 1188 4466 1457 4522; x_wconf 88' lang='lat' dir='ltr'><strong>Dominus</strong></span> <span class='ocrx_word' id='word_1_757' title='bbox 1491 4466 1654 4524; x_wconf 84' lang='lat' dir='ltr'><strong>Jesus</strong></span> <span class='ocrx_word' id='word_1_758' title='bbox 1690 4466 1968 4536; x_wconf 85' lang='lat' dir='ltr'><strong>Christus,</strong></span> <span class='ocrx_word' id='word_1_759' title='bbox 1991 4484 2089 4541; x_wconf 89' lang='lat' dir='ltr'><strong>per</strong></span> 
     </span>
    </p>
   </div>
   <div class='ocr_carea' id='block_1_91' title="bbox 2191 4445 3795 4541">
    <p class='ocr_par' dir='ltr' id='par_1_91' title="bbox 2197 4445 3795 4541">
     <span class='ocr_line' id='line_1_91' title="bbox 2197 4445 3795 4541; baseline -0.004 -30"><span class='ocrx_word' id='word_1_760' title='bbox 2197 4464 2394 4537; x_wconf 79' lang='grc' dir='ltr'>Κύριος</span> <span class='ocrx_word' id='word_1_761' title='bbox 2431 4456 2637 4534; x_wconf 81' lang='grc' dir='ltr'>Ἰησοῦς</span> <span class='ocrx_word' id='word_1_762' title='bbox 2666 4456 2922 4530; x_wconf 77' lang='grc' dir='ltr'>Χριστὸς,</span> <span class='ocrx_word' id='word_1_763' title='bbox 2953 4452 3020 4506; x_wconf 89' lang='grc' dir='ltr'><strong>δι’</strong></span> <span class='ocrx_word' id='word_1_764' title='bbox 3047 4445 3109 4507; x_wconf 80' lang='grc' dir='ltr'><strong>οῦ</strong></span> <span class='ocrx_word' id='word_1_765' title='bbox 3147 4449 3216 4504; x_wconf 88' lang='grc' dir='ltr'>τὰ</span> <span class='ocrx_word' id='word_1_766' title='bbox 3244 4451 3422 4541; x_wconf 66' lang='grc' dir='ltr'>πάντα</span> <span class='ocrx_word' id='word_1_767' title='bbox 3448 4492 3464 4516; x_wconf 86' lang='grc'><strong>,</strong></span> <span class='ocrx_word' id='word_1_768' title='bbox 3494 4445 3588 4501; x_wconf 71' lang='grc' dir='ltr'>καὶ</span> <span class='ocrx_word' id='word_1_769' title='bbox 3608 4447 3795 4541; x_wconf 64' lang='grc' dir='ltr'>ἡμεῖς</span> 
     </span>
    </p>
   </div>
   <div class='ocr_carea' id='block_1_92' title="bbox 505 4556 2092 4629">
    <p class='ocr_par' dir='ltr' id='par_1_92' title="bbox 505 4556 2092 4629">
     <span class='ocr_line' id='line_1_92' title="bbox 505 4556 2092 4629; baseline 0.005 -22"><span class='ocrx_word' id='word_1_770' title='bbox 505 4568 671 4624; x_wconf 89' lang='lat' dir='ltr'><strong>quem</strong></span> <span class='ocrx_word' id='word_1_771' title='bbox 710 4556 913 4621; x_wconf 90' lang='lat' dir='ltr'><strong>omnia,</strong></span> <span class='ocrx_word' id='word_1_772' title='bbox 940 4566 996 4612; x_wconf 88' lang='lat' dir='ltr'><strong>et</strong></span> <span class='ocrx_word' id='word_1_773' title='bbox 1026 4572 1127 4611; x_wconf 89' lang='lat' dir='ltr'><strong>nos</strong></span> <span class='ocrx_word' id='word_1_774' title='bbox 1177 4571 1278 4626; x_wconf 91' lang='lat' dir='ltr'><strong>per</strong></span> <span class='ocrx_word' id='word_1_775' title='bbox 1318 4556 1527 4628; x_wconf 91' lang='lat' dir='ltr'><strong>ipsum;</strong></span> <span class='ocrx_word' id='word_1_776' title='bbox 1570 4564 1629 4611; x_wconf 93' lang='lat' dir='ltr'><strong>et</strong></span> <span class='ocrx_word' id='word_1_777' title='bbox 1675 4573 1820 4612; x_wconf 90' lang='lat' dir='ltr'><strong>unus</strong></span> <span class='ocrx_word' id='word_1_778' title='bbox 1851 4558 2092 4629; x_wconf 88' lang='lat' dir='ltr'><strong>Spiritus</strong></span> 
     </span>
    </p>
   </div>
   <div class='ocr_carea' id='block_1_93' title="bbox 506 4645 2090 4721">
    <p class='ocr_par' dir='ltr' id='par_1_93' title="bbox 506 4645 2090 4721">
     <span class='ocr_line' id='line_1_93' title="bbox 506 4645 2090 4721; baseline 0.004 -22"><span class='ocrx_word' id='word_1_779' title='bbox 506 4653 753 4712; x_wconf 90' lang='lat' dir='ltr'><strong>sanctus,</strong></span> <span class='ocrx_word' id='word_1_780' title='bbox 795 4646 852 4701; x_wconf 88' lang='lat' dir='ltr'><strong>in</strong></span> <span class='ocrx_word' id='word_1_781' title='bbox 890 4661 1001 4715; x_wconf 90' lang='lat' dir='ltr'><strong>quo</strong></span> <span class='ocrx_word' id='word_1_782' title='bbox 1030 4645 1237 4713; x_wconf 90' lang='lat' dir='ltr'><strong>omnia,</strong></span> <span class='ocrx_word' id='word_1_783' title='bbox 1278 4653 1336 4701; x_wconf 91' lang='lat' dir='ltr'><strong>et</strong></span> <span class='ocrx_word' id='word_1_784' title='bbox 1382 4661 1484 4707; x_wconf 88' lang='lat' dir='ltr'><strong>nos</strong></span> <span class='ocrx_word' id='word_1_785' title='bbox 1531 4646 1587 4707; x_wconf 85' lang='lat' dir='ltr'><strong>in</strong></span> <span class='ocrx_word' id='word_1_786' title='bbox 1616 4647 1735 4718; x_wconf 90' lang='lat' dir='ltr'><strong>ipso</strong></span> <span class='ocrx_word' id='word_1_787' title='bbox 1753 4648 1819 4702; x_wconf 85' lang='grc'><strong>⁸⁸.</strong></span> <span class='ocrx_word' id='word_1_788' title='bbox 1850 4668 1869 4701; x_wconf 73' lang='grc' dir='ltr'><strong>ι</strong></span> <span class='ocrx_word' id='word_1_789' title='bbox 1897 4649 2090 4721; x_wconf 85' lang='lat' dir='ltr'><strong>Neque</strong></span> 
     </span>
    </p>
   </div>
   <div class='ocr_carea' id='block_1_94' title="bbox 505 4724 2092 4815">
    <p class='ocr_par' dir='ltr' id='par_1_94' title="bbox 505 4724 2092 4815">
     <span class='ocr_line' id='line_1_94' title="bbox 505 4724 2092 4815; baseline 0.006 -26"><span class='ocrx_word' id='word_1_790' title='bbox 505 4736 656 4790; x_wconf 87' lang='lat' dir='ltr'><strong>enim</strong></span> <span class='ocrx_word' id='word_1_791' title='bbox 690 4724 997 4792; x_wconf 85' lang='lat' dir='ltr'><strong>divinitatis</strong></span> <span class='ocrx_word' id='word_1_792' title='bbox 1029 4745 1283 4793; x_wconf 87' lang='lat' dir='ltr'><strong>naturam</strong></span> <span class='ocrx_word' id='word_1_793' title='bbox 1318 4738 1372 4793; x_wconf 91' lang='lat' dir='ltr'><strong>in</strong></span> <span class='ocrx_word' id='word_1_794' title='bbox 1419 4740 1599 4795; x_wconf 91' lang='lat' dir='ltr'><strong>solum</strong></span> <span class='ocrx_word' id='word_1_795' title='bbox 1631 4756 1802 4815; x_wconf 89' lang='lat' dir='ltr'><strong>unum</strong></span> <span class='ocrx_word' id='word_1_796' title='bbox 1833 4742 2005 4797; x_wconf 91' lang='lat' dir='ltr'><strong>Deum</strong></span> <span class='ocrx_word' id='word_1_797' title='bbox 2033 4753 2092 4799; x_wconf 90' lang='lat' dir='ltr'><strong>et</strong></span> 
     </span>
    </p>
   </div>
   <div class='ocr_carea' id='block_1_95' title="bbox 507 4828 2094 4905">
    <p class='ocr_par' dir='ltr' id='par_1_95' title="bbox 507 4828 2094 4905">
     <span class='ocr_line' id='line_1_95' title="bbox 507 4828 2094 4905; baseline 0.004 -22"><span class='ocrx_word' id='word_1_798' title='bbox 507 4828 723 4883; x_wconf 83' lang='lat' dir='ltr'><strong>Patrem</strong></span> <span class='ocrx_word' id='word_1_799' title='bbox 745 4828 972 4885; x_wconf 87' lang='lat' dir='ltr'><strong>Judaice</strong></span> <span class='ocrx_word' id='word_1_800' title='bbox 997 4831 1423 4899; x_wconf 81' lang='lat' dir='ltr'><strong>contrahemus;</strong></span> <span class='ocrx_word' id='word_1_801' title='bbox 1497 4833 1595 4888; x_wconf 87' lang='lat' dir='ltr'><strong>sed</strong></span> <span class='ocrx_word' id='word_1_802' title='bbox 1636 4834 1786 4889; x_wconf 88' lang='lat' dir='ltr'><strong>illam</strong></span> <span class='ocrx_word' id='word_1_803' title='bbox 1822 4834 2094 4905; x_wconf 88' lang='lat' dir='ltr'><strong>quodam-</strong></span> 
     </span>
    </p>
   </div>
   <div class='ocr_carea' id='block_1_96' title="bbox 507 4919 2088 4997">
    <p class='ocr_par' dir='ltr' id='par_1_96' title="bbox 507 4919 2088 4997">
     <span class='ocr_line' id='line_1_96' title="bbox 507 4919 2088 4997; baseline 0.006 -26"><span class='ocrx_word' id='word_1_804' title='bbox 507 4919 673 4974; x_wconf 88' lang='lat' dir='ltr'><strong>modo</strong></span> <span class='ocrx_word' id='word_1_805' title='bbox 718 4920 997 4976; x_wconf 87' lang='lat' dir='ltr'><strong>dilatando</strong></span> <span class='ocrx_word' id='word_1_806' title='bbox 1043 4921 1098 4976; x_wconf 90' lang='lat' dir='ltr'><strong>in</strong></span> <span class='ocrx_word' id='word_1_807' title='bbox 1150 4932 1394 4980; x_wconf 88' lang='lat' dir='ltr'><strong>sanctam</strong></span> <span class='ocrx_word' id='word_1_808' title='bbox 1452 4926 2088 4997; x_wconf 77' lang='lat' dir='ltr'><strong>consubstantialemque</strong></span> 
     </span>
    </p>
   </div>
   <div class='ocr_carea' id='block_1_97' title="bbox 509 5007 2087 5087">
    <p class='ocr_par' dir='ltr' id='par_1_97' title="bbox 509 5007 2087 5087">
     <span class='ocr_line' id='line_1_97' title="bbox 509 5007 2087 5087; baseline 0.008 -26"><span class='ocrx_word' id='word_1_809' title='bbox 509 5007 854 5080; x_wconf 86' lang='lat' dir='ltr'><strong>Trinitatem,</strong></span> <span class='ocrx_word' id='word_1_810' title='bbox 902 5022 1067 5082; x_wconf 87' lang='lat' dir='ltr'><strong>atque</strong></span> <span class='ocrx_word' id='word_1_811' title='bbox 1099 5022 1213 5068; x_wconf 90' lang='lat' dir='ltr'><strong>tum</strong></span> <span class='ocrx_word' id='word_1_812' title='bbox 1239 5030 1601 5084; x_wconf 88' lang='lat' dir='ltr'><strong>personarum</strong></span> <span class='ocrx_word' id='word_1_813' title='bbox 1654 5017 1942 5087; x_wconf 88' lang='lat' dir='ltr'><strong>qualitate,</strong></span> <span class='ocrx_word' id='word_1_814' title='bbox 1971 5026 2087 5074; x_wconf 90' lang='lat' dir='ltr'><strong>tum</strong></span> 
     </span>
    </p>
   </div>
   <div class='ocr_carea' id='block_1_98' title="bbox 508 5098 2087 5179">
    <p class='ocr_par' dir='ltr' id='par_1_98' title="bbox 508 5098 2087 5179">
     <span class='ocr_line' id='line_1_98' title="bbox 508 5098 2087 5179; baseline 0.008 -27"><span class='ocrx_word' id='word_1_815' title='bbox 508 5098 815 5170; x_wconf 83' lang='lat' dir='ltr'><strong>bypostasis</strong></span> <span class='ocrx_word' id='word_1_816' title='bbox 838 5104 1177 5177; x_wconf 87' lang='lat' dir='ltr'><strong>proprietate</strong></span> <span class='ocrx_word' id='word_1_817' title='bbox 1199 5105 1612 5179; x_wconf 80' lang='lat' dir='ltr'><strong>distinguendo,</strong></span> <span class='ocrx_word' id='word_1_818' title='bbox 1646 5109 1703 5163; x_wconf 91' lang='lat' dir='ltr'><strong>in</strong></span> <span class='ocrx_word' id='word_1_819' title='bbox 1736 5125 1908 5164; x_wconf 90' lang='lat' dir='ltr'><strong>unum</strong></span> <span class='ocrx_word' id='word_1_820' title='bbox 1959 5127 2087 5165; x_wconf 87' lang='lat' dir='ltr'><strong>rur-</strong></span> 
     </span>
    </p>
   </div>
   <div class='ocr_carea' id='block_1_99' title="bbox 509 5191 2088 5275">
    <p class='ocr_par' dir='ltr' id='par_1_99' title="bbox 509 5191 2088 5275">
     <span class='ocr_line' id='line_1_99' title="bbox 509 5191 2088 5275; baseline 0.006 -31"><span class='ocrx_word' id='word_1_821' title='bbox 509 5204 603 5246; x_wconf 88' lang='lat' dir='ltr'><strong>sus</strong></span> <span class='ocrx_word' id='word_1_822' title='bbox 657 5191 833 5247; x_wconf 89' lang='lat' dir='ltr'><strong>Deum</strong></span> <span class='ocrx_word' id='word_1_823' title='bbox 886 5195 1297 5263; x_wconf 86' lang='lat' dir='ltr'><strong>contrahemus,</strong></span> <span class='ocrx_word' id='word_1_824' title='bbox 1346 5200 1571 5275; x_wconf 78' lang='lat' dir='ltr'><strong>prdpter</strong></span> <span class='ocrx_word' id='word_1_825' title='bbox 1615 5199 1863 5265; x_wconf 84' lang='lat' dir='ltr'><strong>eamdem</strong></span> <span class='ocrx_word' id='word_1_826' title='bbox 1918 5200 2088 5261; x_wconf 87' lang='lat' dir='ltr'><strong>trium</strong></span> 
     </span>
    </p>
   </div>
   <div class='ocr_carea' id='block_1_100' title="bbox 508 5283 2088 5369">
    <p class='ocr_par' dir='ltr' id='par_1_100' title="bbox 508 5283 2088 5369">
     <span class='ocr_line' id='line_1_100' title="bbox 508 5283 2088 5369; baseline 0.006 -31"><span class='ocrx_word' id='word_1_827' title='bbox 508 5283 903 5353; x_wconf 87' lang='lat' dir='ltr'><strong>substantiam;</strong></span> <span class='ocrx_word' id='word_1_828' title='bbox 937 5287 1113 5357; x_wconf 90' lang='lat' dir='ltr'><strong>etipsi</strong></span> <span class='ocrx_word' id='word_1_829' title='bbox 1143 5287 1469 5352; x_wconf 88' lang='lat' dir='ltr'><strong>serviemus.</strong></span> <span class='ocrx_word' id='word_1_830' title='bbox 1500 5291 1792 5369; x_wconf 90' lang='lat' dir='ltr'><strong>ipsumque</strong></span> <span class='ocrx_word' id='word_1_831' title='bbox 1825 5292 2088 5348; x_wconf 90' lang='lat' dir='ltr'><strong>adorabi-</strong></span> 
     </span>
    </p>
   </div>
   <div class='ocr_carea' id='block_1_101' title="bbox 504 5376 2091 5457">
    <p class='ocr_par' dir='ltr' id='par_1_101' title="bbox 504 5376 2091 5457">
     <span class='ocr_line' id='line_1_101' title="bbox 504 5376 2091 5457; baseline 0.009 -28"><span class='ocrx_word' id='word_1_832' title='bbox 504 5388 649 5444; x_wconf 90' lang='lat' dir='ltr'><strong>mus,</strong></span> <span class='ocrx_word' id='word_1_833' title='bbox 679 5376 985 5435; x_wconf 83' lang='lat' dir='ltr'><strong>invocando</strong></span> <span class='ocrx_word' id='word_1_834' title='bbox 1016 5379 1231 5435; x_wconf 88' lang='lat' dir='ltr'><strong>Patrem</strong></span> <span class='ocrx_word' id='word_1_835' title='bbox 1260 5387 1317 5436; x_wconf 90' lang='lat' dir='ltr'><strong>et</strong></span> <span class='ocrx_word' id='word_1_836' title='bbox 1348 5381 1548 5453; x_wconf 80' lang='lat' dir='ltr'><strong>Filium</strong></span> <span class='ocrx_word' id='word_1_837' title='bbox 1577 5398 1640 5457; x_wconf 85' lang='lat' dir='ltr'><strong>ac</strong></span> <span class='ocrx_word' id='word_1_838' title='bbox 1666 5383 1931 5457; x_wconf 84' lang='lat' dir='ltr'><strong>Spiritum</strong></span> <span class='ocrx_word' id='word_1_839' title='bbox 1961 5400 2091 5445; x_wconf 86' lang='lat' dir='ltr'><strong>san-</strong></span> 
     </span>
    </p>
   </div>
   <div class='ocr_carea' id='block_1_102' title="bbox 509 5462 2092 5555">
    <p class='ocr_par' dir='ltr' id='par_1_102' title="bbox 509 5462 2092 5555">
     <span class='ocr_line' id='line_1_102' title="bbox 509 5462 2092 5555; baseline 0.007 -35"><span class='ocrx_word' id='word_1_840' title='bbox 509 5474 679 5523; x_wconf 85' lang='lat' dir='ltr'><strong>ctum.</strong></span> <span class='ocrx_word' id='word_1_841' title='bbox 723 5487 742 5521; x_wconf 78' lang='grc' dir='ltr'><strong>ι</strong></span> <span class='ocrx_word' id='word_1_842' title='bbox 765 5468 885 5526; x_wconf 86' lang='lat' dir='ltr'><strong>Non</strong></span> <span class='ocrx_word' id='word_1_843' title='bbox 909 5471 1057 5535; x_wconf 88' lang='lat' dir='ltr'><strong>enim</strong></span> <span class='ocrx_word' id='word_1_844' title='bbox 1097 5484 1277 5547; x_wconf 84' lang='lat' dir='ltr'><strong>erunt,</strong></span> <span class='ocrx_word' id='word_1_845' title='bbox 1308 5493 1325 5524; x_wconf 76' lang='grc' dir='ltr'><strong>ι</strong></span> <span class='ocrx_word' id='word_1_846' title='bbox 1364 5473 1560 5555; x_wconf 80' lang='lat' dir='ltr'><strong>inquit,</strong></span> <span class='ocrx_word' id='word_1_847' title='bbox 1594 5495 1613 5527; x_wconf 77' lang='grc' dir='ltr'>σ</span> <span class='ocrx_word' id='word_1_848' title='bbox 1655 5462 1732 5549; x_wconf 86' lang='lat' dir='ltr'><strong>dii</strong></span> <span class='ocrx_word' id='word_1_849' title='bbox 1769 5476 1861 5533; x_wconf 90' lang='lat' dir='ltr'><strong>alii</strong></span> <span class='ocrx_word' id='word_1_850' title='bbox 1890 5486 2092 5551; x_wconf 62' lang='lat' dir='ltr'><strong>praeter</strong></span> 
     </span>
    </p>
   </div>
   <div class='ocr_carea' id='block_1_103' title="bbox 2193 4534 3794 4619">
    <p class='ocr_par' dir='ltr' id='par_1_103' title="bbox 2193 4534 3794 4619">
     <span class='ocr_line' id='line_1_103' title="bbox 2193 4534 3794 4619; baseline -0.012 -7"><span class='ocrx_word' id='word_1_851' title='bbox 2193 4557 2261 4612; x_wconf 79' lang='grc' dir='ltr'>δι’</span> <span class='ocrx_word' id='word_1_852' title='bbox 2285 4534 2453 4610; x_wconf 82' lang='grc' dir='ltr'>αὑτοῦ</span> <span class='ocrx_word' id='word_1_853' title='bbox 2479 4567 2492 4582; x_wconf 74' lang='grc' dir='ltr'><strong><em>ο</em></strong></span> <span class='ocrx_word' id='word_1_854' title='bbox 2532 4551 2627 4606; x_wconf 71' lang='grc' dir='ltr'>καὶ</span> <span class='ocrx_word' id='word_1_855' title='bbox 2644 4550 2702 4602; x_wconf 79' lang='grc' dir='ltr'>ἓν</span> <span class='ocrx_word' id='word_1_856' title='bbox 2738 4547 2966 4619; x_wconf 72' lang='grc' dir='ltr'>Πνεῦμα</span> <span class='ocrx_word' id='word_1_857' title='bbox 2982 4544 3167 4615; x_wconf 79' lang='grc' dir='ltr'>άγιον,</span> <span class='ocrx_word' id='word_1_858' title='bbox 3194 4543 3253 4597; x_wconf 79' lang='grc' dir='ltr'><strong>έν</strong></span> <span class='ocrx_word' id='word_1_859' title='bbox 3276 4534 3321 4611; x_wconf 81' lang='grc' dir='ltr'>ᾧ</span> <span class='ocrx_word' id='word_1_860' title='bbox 3342 4540 3413 4595; x_wconf 82' lang='grc' dir='ltr'><strong>τά</strong></span> <span class='ocrx_word' id='word_1_861' title='bbox 3447 4540 3652 4603; x_wconf 83' lang='grc' dir='ltr'>πάντα,</span> <span class='ocrx_word' id='word_1_862' title='bbox 3688 4539 3794 4594; x_wconf 81' lang='grc' dir='ltr'>καὶ</span> 
     </span>
    </p>
   </div>
   <div class='ocr_carea' id='block_1_104' title="bbox 2194 4630 3793 4722">
    <p class='ocr_par' dir='ltr' id='par_1_104' title="bbox 2194 4630 3793 4722">
     <span class='ocr_line' id='line_1_104' title="bbox 2194 4630 3793 4722; baseline -0.013 -19"><span class='ocrx_word' id='word_1_863' title='bbox 2194 4650 2357 4722; x_wconf 78' lang='grc' dir='ltr'>ἡμεῖς</span> <span class='ocrx_word' id='word_1_864' title='bbox 2386 4648 2444 4701; x_wconf 78' lang='grc' dir='ltr'>ἐν</span> <span class='ocrx_word' id='word_1_865' title='bbox 2474 4642 2643 4716; x_wconf 81' lang='grc' dir='ltr'>αὐτῷ.</span> <span class='ocrx_word' id='word_1_866' title='bbox 2681 4660 2699 4694; x_wconf 76' lang='grc' dir='ltr'><strong>ι</strong></span> <span class='ocrx_word' id='word_1_867' title='bbox 2738 4640 2978 4695; x_wconf 83' lang='grc' dir='ltr'>Ἦκιστα</span> <span class='ocrx_word' id='word_1_868' title='bbox 3006 4639 3104 4710; x_wconf 82' lang='grc' dir='ltr'>μὲν</span> <span class='ocrx_word' id='word_1_869' title='bbox 3133 4635 3244 4707; x_wconf 82' lang='grc' dir='ltr'><strong>γὰρ</strong></span> <span class='ocrx_word' id='word_1_870' title='bbox 3274 4633 3376 4706; x_wconf 81' lang='grc' dir='ltr'>τὴν</span> <span class='ocrx_word' id='word_1_871' title='bbox 3400 4632 3498 4700; x_wconf 83' lang='grc' dir='ltr'>τῆς</span> <span class='ocrx_word' id='word_1_872' title='bbox 3521 4630 3793 4722; x_wconf 71' lang='grc' dir='ltr'>θεότητος</span> 
     </span>
    </p>
   </div>
   <div class='ocr_carea' id='block_1_105' title="bbox 2192 4720 3795 4814">
    <p class='ocr_par' dir='ltr' id='par_1_105' title="bbox 2192 4720 3795 4814">
     <span class='ocr_line' id='line_1_105' title="bbox 2192 4720 3795 4814; baseline -0.013 -17"><span class='ocrx_word' id='word_1_873' title='bbox 2192 4720 2358 4814; x_wconf 77' lang='grc' dir='ltr'>φύσιν</span> <span class='ocrx_word' id='word_1_874' title='bbox 2378 4735 2749 4808; x_wconf 16' lang='grc' dir='ltr'>ίσυττελοῦμεν</span> <span class='ocrx_word' id='word_1_875' title='bbox 2782 4730 3104 4795; x_wconf 82' lang='grc' dir='ltr'>Ἰουδαϊκῶς.</span> <span class='ocrx_word' id='word_1_876' title='bbox 3133 4730 3211 4792; x_wconf 81' lang='grc' dir='ltr'>εἰς</span> <span class='ocrx_word' id='word_1_877' title='bbox 3232 4726 3390 4797; x_wconf 90' lang='grc' dir='ltr'>μόνον</span> <span class='ocrx_word' id='word_1_878' title='bbox 3411 4722 3507 4779; x_wconf 67' lang='grc' dir='ltr'>τὸν</span> <span class='ocrx_word' id='word_1_879' title='bbox 3530 4722 3629 4776; x_wconf 67' lang='grc' dir='ltr'>ἕνα</span> <span class='ocrx_word' id='word_1_880' title='bbox 3648 4720 3795 4777; x_wconf 78' lang='grc' dir='ltr'>Θεὸν</span> 
     </span>
    </p>
   </div>
   <div class='ocr_carea' id='block_1_106' title="bbox 2194 4814 3791 4899">
    <p class='ocr_par' dir='ltr' id='par_1_106' title="bbox 2194 4814 3791 4899">
     <span class='ocr_line' id='line_1_106' title="bbox 2194 4814 3791 4899; baseline -0.013 -11"><span class='ocrx_word' id='word_1_881' title='bbox 2194 4833 2291 4889; x_wconf 74' lang='grc' dir='ltr'>καὶ</span> <span class='ocrx_word' id='word_1_882' title='bbox 2335 4829 2578 4899; x_wconf 82' lang='grc' dir='ltr'>Πατέρα,</span> <span class='ocrx_word' id='word_1_883' title='bbox 2611 4823 3039 4896; x_wconf 81' lang='grc' dir='ltr'>κατευρύνοντες</span> <span class='ocrx_word' id='word_1_884' title='bbox 3075 4821 3132 4875; x_wconf 83' lang='grc' dir='ltr'>δὲ</span> <span class='ocrx_word' id='word_1_885' title='bbox 3182 4819 3374 4889; x_wconf 85' lang='grc' dir='ltr'>ὥσπερ</span> <span class='ocrx_word' id='word_1_886' title='bbox 3415 4816 3497 4879; x_wconf 84' lang='grc' dir='ltr'><strong>είς</strong></span> <span class='ocrx_word' id='word_1_887' title='bbox 3525 4814 3699 4887; x_wconf 80' lang='grc' dir='ltr'>ἁγίαν</span> <span class='ocrx_word' id='word_1_888' title='bbox 3731 4831 3791 4868; x_wconf 78' lang='grc' dir='ltr'><strong>τε</strong></span> 
     </span>
    </p>
   </div>
   <div class='ocr_carea' id='block_1_107' title="bbox 2198 4904 3801 4993">
    <p class='ocr_par' dir='ltr' id='par_1_107' title="bbox 2198 4904 3801 4993">
     <span class='ocr_line' id='line_1_107' title="bbox 2198 4904 3801 4993; baseline -0.012 -15"><span class='ocrx_word' id='word_1_889' title='bbox 2198 4922 2292 4979; x_wconf 71' lang='grc' dir='ltr'>καὶ</span> <span class='ocrx_word' id='word_1_890' title='bbox 2325 4918 2612 4993; x_wconf 86' lang='grc' dir='ltr'>ὁμοούσιον</span> <span class='ocrx_word' id='word_1_891' title='bbox 2636 4915 2845 4988; x_wconf 75' lang='grc' dir='ltr'>Τριάδα</span> <span class='ocrx_word' id='word_1_892' title='bbox 2868 4930 2882 4944; x_wconf 74' lang='grc'><strong><em>⁸</em></strong></span> <span class='ocrx_word' id='word_1_893' title='bbox 2918 4912 3012 4969; x_wconf 67' lang='grc' dir='ltr'><strong>καλ⁹</strong></span> <span class='ocrx_word' id='word_1_894' title='bbox 3036 4913 3142 4984; x_wconf 82' lang='grc' dir='ltr'>μὴν</span> <span class='ocrx_word' id='word_1_895' title='bbox 3167 4910 3262 4975; x_wconf 80' lang='grc' dir='ltr'>καὶ</span> <span class='ocrx_word' id='word_1_896' title='bbox 3286 4906 3595 4979; x_wconf 80' lang='grc' dir='ltr'>προσώπων</span> <span class='ocrx_word' id='word_1_897' title='bbox 3629 4904 3801 4960; x_wconf 80' lang='grc' dir='ltr'>ποιό-</span> 
     </span>
    </p>
   </div>
   <div class='ocr_carea' id='block_1_108' title="bbox 2196 4998 3801 5086">
    <p class='ocr_par' dir='ltr' id='par_1_108' title="bbox 2196 4998 3801 5086">
     <span class='ocr_line' id='line_1_108' title="bbox 2196 4998 3801 5086; baseline -0.019 -17"><span class='ocrx_word' id='word_1_898' title='bbox 2196 5031 2341 5086; x_wconf 84' lang='grc' dir='ltr'>τητι,</span> <span class='ocrx_word' id='word_1_899' title='bbox 2396 5011 2492 5066; x_wconf 77' lang='grc' dir='ltr'>καὶ</span> <span class='ocrx_word' id='word_1_900' title='bbox 2538 5007 2893 5079; x_wconf 74' lang='grc' dir='ltr'>ύποᾳτάσεως</span> <span class='ocrx_word' id='word_1_901' title='bbox 2946 5004 3171 5072; x_wconf 70' lang='grc' dir='ltr'>ἰδιότητι</span> <span class='ocrx_word' id='word_1_902' title='bbox 3223 4998 3655 5069; x_wconf 73' lang='grc' dir='ltr'>διαστέλλοντες,</span> <span class='ocrx_word' id='word_1_903' title='bbox 3711 4999 3801 5061; x_wconf 65' lang='grc' dir='ltr'>εις</span> 
     </span>
    </p>
   </div>
   <div class='ocr_carea' id='block_1_109' title="bbox 2192 5088 3801 5176">
    <p class='ocr_par' dir='ltr' id='par_1_109' title="bbox 2192 5088 3801 5176">
     <span class='ocr_line' id='line_1_109' title="bbox 2192 5088 3801 5176; baseline -0.012 -14"><span class='ocrx_word' id='word_1_904' title='bbox 2192 5108 2291 5162; x_wconf 72' lang='grc' dir='ltr'>ἕνα</span> <span class='ocrx_word' id='word_1_905' title='bbox 2326 5106 2392 5176; x_wconf 78' lang='grc' dir='ltr'>δὴ</span> <span class='ocrx_word' id='word_1_906' title='bbox 2432 5101 2595 5157; x_wconf 89' lang='grc' dir='ltr'>πάλιν</span> <span class='ocrx_word' id='word_1_907' title='bbox 2640 5096 3003 5170; x_wconf 83' lang='grc' dir='ltr'>συστελοῦμεν</span> <span class='ocrx_word' id='word_1_908' title='bbox 3036 5094 3190 5160; x_wconf 81' lang='grc' dir='ltr'>Θεὸν,</span> <span class='ocrx_word' id='word_1_909' title='bbox 3216 5093 3307 5161; x_wconf 81' lang='grc' dir='ltr'><strong>διᾲ</strong></span> <span class='ocrx_word' id='word_1_910' title='bbox 3349 5092 3412 5145; x_wconf 83' lang='grc' dir='ltr'>τὸ</span> <span class='ocrx_word' id='word_1_911' title='bbox 3455 5089 3559 5161; x_wconf 81' lang='grc' dir='ltr'>τῆς</span> <span class='ocrx_word' id='word_1_912' title='bbox 3590 5088 3801 5153; x_wconf 77' lang='grc' dir='ltr'>οὐσίας</span> 
     </span>
    </p>
   </div>
   <div class='ocr_carea' id='block_1_110' title="bbox 2191 5179 3801 5263">
    <p class='ocr_par' dir='ltr' id='par_1_110' title="bbox 2191 5179 3801 5263">
     <span class='ocr_line' id='line_1_110' title="bbox 2191 5179 3801 5263; baseline -0.012 -12"><span class='ocrx_word' id='word_1_913' title='bbox 2191 5196 2405 5263; x_wconf 65' lang='grc' dir='ltr'>ταυτὸν,</span> <span class='ocrx_word' id='word_1_914' title='bbox 2428 5194 2521 5248; x_wconf 71' lang='grc' dir='ltr'>καὶ</span> <span class='ocrx_word' id='word_1_915' title='bbox 2538 5188 2692 5263; x_wconf 81' lang='grc' dir='ltr'>αὐτῷ</span> <span class='ocrx_word' id='word_1_916' title='bbox 2710 5187 3105 5263; x_wconf 85' lang='grc' dir='ltr'>λατρεύσομεν.</span> <span class='ocrx_word' id='word_1_917' title='bbox 3130 5182 3278 5254; x_wconf 79' lang='grc' dir='ltr'>αὐτῷ</span> <span class='ocrx_word' id='word_1_918' title='bbox 3301 5179 3801 5254; x_wconf 70' lang='grc' dir='ltr'>προσκυνήσομεν,</span> 
     </span>
    </p>
   </div>
   <div class='ocr_carea' id='block_1_111' title="bbox 2192 5269 3795 5356">
    <p class='ocr_par' dir='ltr' id='par_1_111' title="bbox 2192 5269 3795 5356">
     <span class='ocr_line' id='line_1_111' title="bbox 2192 5269 3795 5356; baseline -0.012 -14"><span class='ocrx_word' id='word_1_919' title='bbox 2192 5284 2610 5356; x_wconf 81' lang='grc' dir='ltr'>ἐπικαλούμενοι</span> <span class='ocrx_word' id='word_1_920' title='bbox 2633 5281 2723 5335; x_wconf 79' lang='grc' dir='ltr'>τὸν</span> <span class='ocrx_word' id='word_1_921' title='bbox 2739 5279 2963 5353; x_wconf 79' lang='grc' dir='ltr'>Πατέρα</span> <span class='ocrx_word' id='word_1_922' title='bbox 2982 5276 3180 5331; x_wconf 77' lang='grc' dir='ltr'>καὶτὸν</span> <span class='ocrx_word' id='word_1_923' title='bbox 3202 5274 3331 5327; x_wconf 75' lang='grc' dir='ltr'>Υίδν</span> <span class='ocrx_word' id='word_1_924' title='bbox 3351 5273 3448 5327; x_wconf 73' lang='grc' dir='ltr'>καὶ</span> <span class='ocrx_word' id='word_1_925' title='bbox 3466 5271 3531 5325; x_wconf 79' lang='grc' dir='ltr'>τὸ</span> <span class='ocrx_word' id='word_1_926' title='bbox 3550 5269 3795 5340; x_wconf 78' lang='grc' dir='ltr'>Πνεῦμα</span> 
     </span>
    </p>
   </div>
   <div class='ocr_carea' id='block_1_112' title="bbox 2192 5364 3799 5448">
    <p class='ocr_par' dir='ltr' id='par_1_112' title="bbox 2192 5364 3799 5448">
     <span class='ocr_line' id='line_1_112' title="bbox 2192 5364 3799 5448; baseline -0.012 -14"><span class='ocrx_word' id='word_1_927' title='bbox 2192 5380 2254 5434; x_wconf 76' lang='grc' dir='ltr'><strong>τὸ</strong></span> <span class='ocrx_word' id='word_1_928' title='bbox 2273 5378 2448 5448; x_wconf 71' lang='grc' dir='ltr'>ἅγιον.</span> <span class='ocrx_word' id='word_1_929' title='bbox 2473 5397 2491 5431; x_wconf 80' lang='grc' dir='ltr'><strong>ι</strong></span> <span class='ocrx_word' id='word_1_930' title='bbox 2515 5376 2591 5430; x_wconf 68' lang='lat' dir='ltr'><strong>Ui)</strong></span> <span class='ocrx_word' id='word_1_931' title='bbox 2611 5374 2723 5445; x_wconf 74' lang='grc' dir='ltr'><strong>γὰρ</strong></span> <span class='ocrx_word' id='word_1_932' title='bbox 2751 5371 2985 5440; x_wconf 72' lang='grc' dir='ltr'>ἔσονται,</span> <span class='ocrx_word' id='word_1_933' title='bbox 3014 5387 3033 5420; x_wconf 74' lang='grc' dir='ltr'><strong>ι</strong></span> <span class='ocrx_word' id='word_1_934' title='bbox 3063 5368 3258 5439; x_wconf 43' lang='lat' dir='ltr'><strong>(metu</strong></span> <span class='ocrx_word' id='word_1_935' title='bbox 3293 5365 3406 5419; x_wconf 75' lang='grc' dir='ltr'>θεοὶ</span> <span class='ocrx_word' id='word_1_936' title='bbox 3428 5364 3610 5437; x_wconf 69' lang='grc' dir='ltr'>ἕτεροι</span> <span class='ocrx_word' id='word_1_937' title='bbox 3645 5364 3799 5435; x_wconf 64' lang='grc' dir='ltr'>πλὴν</span> 
     </span>
    </p>
   </div>
   <div class='ocr_carea' id='block_1_113' title="bbox 2203 5456 3807 5546">
    <p class='ocr_par' dir='ltr' id='par_1_113' title="bbox 2203 5456 3807 5546">
     <span class='ocr_line' id='line_1_113' title="bbox 2203 5456 3807 5546; baseline 0.007 -16"><span class='ocrx_word' id='word_1_938' title='bbox 2203 5470 2361 5546; x_wconf 76' lang='grc' dir='ltr'><strong>ὲμοῦο</strong></span> <span class='ocrx_word' id='word_1_939' title='bbox 2405 5489 2423 5521; x_wconf 74' lang='grc' dir='ltr'><strong>ι</strong></span> <span class='ocrx_word' id='word_1_940' title='bbox 2466 5468 2563 5540; x_wconf 76' lang='grc' dir='ltr'>καὶ</span> <span class='ocrx_word' id='word_1_941' title='bbox 2589 5466 2848 5539; x_wconf 53' lang='lat' dir='ltr'><strong>natus;</strong></span> <span class='ocrx_word' id='word_1_942' title='bbox 2886 5461 3098 5539; x_wconf 56' lang='lat'><strong>5991.02:</strong></span> <span class='ocrx_word' id='word_1_943' title='bbox 3126 5459 3218 5527; x_wconf 66' lang='grc' dir='ltr'>τὸν</span> <span class='ocrx_word' id='word_1_944' title='bbox 3246 5456 3379 5533; x_wconf 55' lang='grc' dir='ltr'>θεάν</span> <span class='ocrx_word' id='word_1_945' title='bbox 3409 5473 3507 5529; x_wconf 59' lang='lat' dir='ltr'><strong>me</strong></span> 
     </span>
    </p>
   </div>
   <div class='ocr_carea' id='block_1_114' title="bbox 578 5634 2089 5724">
    <p class='ocr_par' dir='ltr' id='par_1_114' title="bbox 578 5648 2089 5723">
     <span class='ocr_line' id='line_1_114' title="bbox 578 5648 2089 5723; baseline 0.003 -20"><span class='ocrx_word' id='word_1_946' title='bbox 578 5648 629 5682; x_wconf 73' lang='lat'><strong>&quot;&#39;</strong></span> <span class='ocrx_word' id='word_1_947' title='bbox 650 5651 809 5707; x_wconf 87' lang='lat' dir='ltr'><strong>Deut.</strong></span> <span class='ocrx_word' id='word_1_948' title='bbox 838 5667 981 5717; x_wconf 73' lang='lat' dir='ltr'><strong>xxw,</strong></span> <span class='ocrx_word' id='word_1_949' title='bbox 1020 5655 1105 5711; x_wconf 71' lang='grc'><strong>16.</strong></span> <span class='ocrx_word' id='word_1_950' title='bbox 1184 5654 1427 5711; x_wconf 70' lang='lat' dir='ltr'><strong>&quot;Exod.</strong></span> <span class='ocrx_word' id='word_1_951' title='bbox 1455 5673 1543 5723; x_wconf 78' lang='lat' dir='ltr'><strong>xx,</strong></span> <span class='ocrx_word' id='word_1_952' title='bbox 1567 5658 1619 5711; x_wconf 83' lang='lat'><strong>7.</strong></span> <span class='ocrx_word' id='word_1_953' title='bbox 1698 5658 1745 5691; x_wconf 74' lang='lat'><strong>&#39;“</strong></span> <span class='ocrx_word' id='word_1_954' title='bbox 1774 5656 1877 5712; x_wconf 87' lang='lat' dir='ltr'><strong>lsa.</strong></span> <span class='ocrx_word' id='word_1_955' title='bbox 1900 5666 2045 5721; x_wconf 69' lang='lat' dir='ltr'><strong>XLIV,</strong></span> <span class='ocrx_word' id='word_1_956' title='bbox 2073 5653 2089 5708; x_wconf 87' lang='lat' dir='ltr'><strong>l</strong></span> 
     </span>
    </p>
   </div>
   <div class='ocr_carea' id='block_1_115' title="bbox 2191 5634 3377 5724">
    <p class='ocr_par' dir='ltr' id='par_1_115' title="bbox 2192 5634 3377 5724">
     <span class='ocr_line' id='line_1_115' title="bbox 2192 5634 3377 5724; baseline -0.014 -17"><span class='ocrx_word' id='word_1_957' title='bbox 2192 5668 2317 5724; x_wconf 87' lang='lat' dir='ltr'><strong>eqq.</strong></span> <span class='ocrx_word' id='word_1_958' title='bbox 2388 5651 2431 5683; x_wconf 75' lang='grc'>⁸⁷</span> <span class='ocrx_word' id='word_1_959' title='bbox 2453 5648 2616 5713; x_wconf 84' lang='lat' dir='ltr'><strong>Ibid.,</strong></span> <span class='ocrx_word' id='word_1_960' title='bbox 2650 5646 2738 5701; x_wconf 71' lang='grc' dir='ltr'><strong>ΞΟ.</strong></span> <span class='ocrx_word' id='word_1_961' title='bbox 2817 5644 2863 5677; x_wconf 74' lang='grc'><strong><em>⁸⁸</em></strong></span> <span class='ocrx_word' id='word_1_962' title='bbox 2902 5640 3072 5699; x_wconf 89' lang='lat' dir='ltr'><strong>lCor.</strong></span> <span class='ocrx_word' id='word_1_963' title='bbox 3100 5652 3215 5703; x_wconf 86' lang='lat' dir='ltr'><strong>vm,</strong></span> <span class='ocrx_word' id='word_1_964' title='bbox 3240 5637 3296 5703; x_wconf 87' lang='lat'><strong>5,</strong></span> <span class='ocrx_word' id='word_1_965' title='bbox 3323 5634 3377 5691; x_wconf 77' lang='grc' dir='ltr'>θ.</span> 
     </span>
    </p>
   </div>
   <div class='ocr_carea' id='block_1_116' title="bbox 584 5757 2089 5839">
    <p class='ocr_par' dir='ltr' id='par_1_116' title="bbox 584 5759 2086 5839">
     <span class='ocr_line' id='line_1_116' title="bbox 584 5759 2086 5839; baseline 0.003 -20"><span class='ocrx_word' id='word_1_966' title='bbox 584 5759 666 5837; x_wconf 77' lang='grc'><strong>(1)</strong></span> <span class='ocrx_word' id='word_1_967' title='bbox 701 5763 791 5823; x_wconf 87' lang='lat' dir='ltr'><strong>Sic</strong></span> <span class='ocrx_word' id='word_1_968' title='bbox 815 5766 935 5823; x_wconf 89' lang='lat' dir='ltr'><strong>cod.</strong></span> <span class='ocrx_word' id='word_1_969' title='bbox 962 5767 1081 5823; x_wconf 81' lang='lat' dir='ltr'><strong>Vat.</strong></span> <span class='ocrx_word' id='word_1_970' title='bbox 1110 5784 1125 5836; x_wconf 85' lang='lat'><strong>;</strong></span> <span class='ocrx_word' id='word_1_971' title='bbox 1158 5767 1344 5825; x_wconf 82' lang='lat' dir='ltr'><strong>Sirleti</strong></span> <span class='ocrx_word' id='word_1_972' title='bbox 1373 5776 1576 5835; x_wconf 87' lang='lat' dir='ltr'><strong>autem,</strong></span> <span class='ocrx_word' id='word_1_973' title='bbox 1612 5769 1690 5833; x_wconf 82' lang='grc' dir='ltr'><strong>είς</strong></span> <span class='ocrx_word' id='word_1_974' title='bbox 1712 5768 1773 5822; x_wconf 68' lang='grc' dir='ltr'><strong>τὸ</strong></span> <span class='ocrx_word' id='word_1_975' title='bbox 1792 5764 2086 5839; x_wconf 73' lang='grc' dir='ltr'>ἐρηρεῖσθα</span> 
     </span>
    </p>
   </div>
   <div class='ocr_carea' id='block_1_117' title="bbox 2191 5757 2906 5839">
    <p class='ocr_par' dir='ltr' id='par_1_117' title="bbox 2198 5757 2906 5835">
     <span class='ocr_line' id='line_1_117' title="bbox 2198 5757 2906 5835; baseline -0.016 -14"><span class='ocrx_word' id='word_1_976' title='bbox 2198 5764 2576 5835; x_wconf 77' lang='lat' dir='ltr'><strong>dﬁrmitatem,</strong></span> <span class='ocrx_word' id='word_1_977' title='bbox 2606 5776 2715 5817; x_wconf 90' lang='lat' dir='ltr'><strong>non</strong></span> <span class='ocrx_word' id='word_1_978' title='bbox 2749 5757 2906 5814; x_wconf 86' lang='lat' dir='ltr'><strong>male.</strong></span> 
     </span>
    </p>
   </div>
  </div>
