3990 6196
180 330 280 387 ΗΞ
881 324 966 383 ΒΕ
1014 330 1450 390 ΑΠΟΠΑΤΙΟΝΕ
1491 334 1556 392 l‘N
1599 333 1749 390 SPIR

1911 334 1998 392 ET
2040 334 2407 390 VERITATE.
2437 334 2564 388 LIB.
2606 335 2691 390 Vl.
3334 336 3458 392 UL

179 449 382 519 νήσεις,
426 445 523 500 καὶ
543 444 692 516 αὐτῷ
722 444 868 516 μόνῳ
895 447 1230 518 λατρεύσεις.
1277 467 1294 501 ι
1338 449 1554 520 Ἐπειδὴ
1587 451 1644 502 δὲ
1670 444 1750 512 εἷς

1864 463 1940 503 me
1975 449 2055 514 ‘9;
2093 470 2110 500 ›
2144 449 2442 515 etiterum,
2474 469 2492 500 ι
2523 449 2815 504 Dominum
2866 449 3034 503 Deum
3059 456 3216 506 tuum
3241 449 3440 504 adora-

183 539 277 608 μὲν
312 537 428 589 ἐστι
459 536 593 599 Θεὸς
620 537 648 588 ὁ
682 535 899 606 Πατὴρ,
933 533 1012 600 εἷς
1042 539 1098 592 δὲ
1129 539 1331 608 Κύριος
1360 541 1387 592 ὁ
1425 540 1572 603 Υἱὸς,
1619 539 1675 594 ἓν
1699 539 1755 593 δὲ

1881 543 1966 609 iis,
1993 553 2050 597 et
2077 544 2178 612 ipsi
2206 543 2310 597 soli
2329 541 2536 596 servies
2562 541 2629 595 °°.
2665 560 2682 591 ι
2725 540 2994 606 Quoniam
3033 556 3164 596 vero
3199 556 3342 595 unus
3358 550 3457 595 est.

181 626 400 696 Πνεῦμα
426 626 580 693 ἅγιον
602 626 952 695 ἐκπορευτὺν,
974 625 1096 681 οὔτε
1121 628 1213 681 τὸν
1234 629 1328 683 ἕνα
1351 629 1481 683 Θεὸν
1503 629 1602 700 τῆς
1622 630 1724 700 ἁλη
1739 659 1757 670 -

1865 633 2024 697 Deus,
2043 633 2241 697 Pater;
2277 639 2335 685 et
2367 646 2508 684 unus
2529 630 2812 694 Dominus,
2843 630 3034 696 Filius,
3061 639 3117 686 et
3149 646 3291 686 unus
3316 630 3441 700 Spi-

179 716 302 777 θοῦς
354 711 676 785 ιιυριότητος
701 715 1029 785 ,ἐξοίσομενο
1085 715 1208 769 οὔτε
1258 717 1364 787 μὴν
1409 717 1498 770 τὸν
1543 716 1755 786 ἀληθῶς

1867 722 2001 776 ritus
2027 731 2272 786 sanctus,
2305 722 2630 791 procedens,
2666 737 2844 789 neque
2875 737 3044 776 unum
3077 723 3250 776 Deum
3285 723 3443 776 illum

188 806 278 859 καὶ
307 803 470 872 φύσει
491 805 715 874 Κύριον,
750 805 842 858 τοῦ
871 804 1012 858 εἶναι
1041 805 1172 858 Θεὸν
1205 805 1560 876 ὲκπέμψομεν
1587 825 1599 838 ·
1623 806 1749 874 ἔψε-

1859 830 1926 869 ex
1969 830 2097 868 vera
2139 813 2516 868 dominatione
2560 813 2860 881 pellemus;
2915 828 3096 880 neque
3146 827 3276 866 eum
3339 810 3435 882 qui

175 912 256 948 ται
287 895 398 966 γὰρ
429 894 642 964 θεότητι
687 895 786 964 μὲν
814 895 1038 958 πάντως.
1065 897 1128 965 τῇ
1164 895 1312 950 κατὰ
1352 895 1515 964 φύσιν
1536 935 1550 960 ,
1581 897 1614 965 ἡ
1656 914 1751 948 κυ-

1861 922 1985 962 vere
2023 922 2088 960 ac
2143 914 2340 960 natura
2371 905 2640 959 Dominus
2667 913 2771 969 est,
2806 903 3181 970 excludemus,
3218 904 3437 974 quomi-

176 984 395 1054 ριότης·
454 982 736 1052 κυριότητι
775 982 832 1036 δὲ
873 979 938 1040 αὖ
979 986 1046 1055 τῇ
1084 987 1204 1038 κατέ
1237 984 1527 1054 ἀλήθειαν,
1563 987 1596 1055 ἡ
1655 984 1752 1056 τῆς

1864 1013 1963 1052 nus
1984 997 2056 1052 sit
2095 998 2240 1051 Deus
2263 1015 2275 1050 :
2308 1012 2434 1051 nam
2462 996 2836 1062 divinitatem,
2860 1011 2982 1064 qua:
3018 997 3320 1051 secundum
3337 1013 3440 1055 na-

173 1072 429 1142 θεάτητος
459 1071 608 1137 δόξα.

1870 1100 2037 1144 turam
2068 1099 2172 1155 est,
2231 1088 2590 1158 consequitur
2628 1086 2855 1141 omnino
2899 1086 3239 1154 dominatio;
3267 1088 3446 1148 domi:-

1655 1239 1658 1248 ,
1854 1179 2137 1234 nationem
2165 1193 2357 1232 rursus
2378 1192 2585 1243 veram,
2615 1175 2922 1234 divinitatis
2947 1176 3142 1246 gloria.

238 1254 452 1308 ΠΑΛΛ.
505 1254 804 1325 Ὀρθότατά
859 1270 920 1322 γε
981 1256 1074 1309 καὶ
1141 1256 1224 1310 ὅτι
1286 1257 1520 1326 μάλιστα
1573 1258 1756 1327 σοφῶς

1929 1271 2126 1326 PALL.
2169 1270 2492 1326 Rectissime
2537 1285 2569 1323 a
2621 1277 2673 1323 te
2704 1277 2789 1324 est
2828 1283 2892 1322 ac
2924 1267 3328 1336 sapientissime
3355 1267 3444 1324 di-

167 1349 325 1418 εφης·

1857 1373 2033 1418 ctum.

227 1436 405 1495 ΚΥΡ.
442 1439 574 1492 Ἕνα
606 1437 669 1508 δὴ
699 1433 812 1503 οὖν,
846 1438 1134 1507 Παλλάδιε,
1168 1440 1302 1493 Θεὸν
1343 1441 1620 1510 εἰσόμεθα.
1660 1442 1755 1494 καὶ

1927 1455 2272 1512 CYR.Unum
2304 1452 2653 1524 igiturDeum
2678 1465 3061 1522 agnoscemus,
3080 1450 3312 1515 Palladi,
3344 1465 3448 1508 ne-

164 1532 246 1585 ἔπ’
309 1530 466 1600 αὐτῷ
515 1530 576 1582 τὸ
610 1529 834 1600 σύμπαν
873 1529 1069 1583 οὐδένα
1120 1531 1618 1602 καταλογιούμεθα,
1652 1533 1740 1606 τὴς.

1873 1548 2064 1602 ninem
2091 1547 2318 1600 omnino
2353 1561 2477 1599 cum
2507 1543 2603 1598 illo
2642 1542 3078 1607 recensebimus,
3105 1541 3449 1614 impiumque

162 1622 384 1676 ἀνόσιόν
414 1637 474 1672 τε
527 1619 622 1673 καὶ
675 1618 901 1690 βέῦηλον
935 1620 1218 1690 διψυχίαν,
1269 1620 1344 1683 ὼς
1379 1620 1614 1685 ἀλαζόνα
1660 1623 1738 1675 κα“

1876 1657 1920 1695 ιο
1973 1638 2244 1693 nefarium
2299 1636 2538 1706 duplicis
2562 1634 2733 1688 animi
2761 1633 2978 1698 vitium,
3020 1641 3081 1688 ut
3122 1632 3452 1702 arrogantia:

162 1714 494 1783 ὑδρίστριαν
523 1711 759 1782 ἀληθῶς.
792 1711 1066 1765 ἀπωτάτω
1088 1711 1400 1781 ποιούμενοι
1422 1713 1521 1782 τῆς
1545 1712 1736 1765 ἑαυτῶ-

1870 1749 1922 1787 ac
1942 1730 2218 1801 superbia;
2243 1730 2491 1799 plenum,
2509 1726 2826 1796 longissime
2857 1740 2888 1778 a
2907 1732 3096 1778 nostro
3125 1724 3309 1778 animo
3345 1723 3446 1778 ab-

156 1805 372 1876 ψυχῆς,
409 1803 497 1855 ἶνα
528 1801 603 1872 μὴ
627 1801 722 1854 καὶ
755 1802 884 1872 ἡμῖν
917 1801 1100 1865 αὐτοῖς
1126 1801 1271 1871 ἱερὸς
1294 1801 1540 1872 ἐπιφωνῇ
1576 1800 1731 1868 λόγος

1872 1823 2131 1892 ιίρίειῐιιιε,
2173 1837 2242 1875 ne
2271 1821 2534 1874 adversus
2597 1833 2698 1872 nos
2740 1817 2890 1887 ipsos
2938 1831 3122 1871 sermo
3163 1831 3319 1870 sacer
3365 1816 3448 1883 ity-

163 1918 178 1946 ι
223 1897 384 1961 Ἕως
415 1896 549 1949 πότε
574 1895 870 1965 χωλανεῖτε
901 1894 986 1948 ἐπ’
1011 1894 1351 1964 ἀμφοτέραις
1371 1896 1491 1957 ταῖς
1521 1892 1728 1962 ἰγνύαις

1870 1917 2099 1970 clamet:
2137 1933 2154 1965 ‹
2183 1913 2480 1982 Quousque
2527 1910 2914 1966 claudicabitis
2973 1917 3210 1978 utroque
3257 1907 3446 1978 popli-

157 1988 187 2056 ἢ
220 1986 386 2039 Βάαλ
419 1984 586 2050 Βάαλ,
618 1984 650 2054 ἢ
676 1982 796 2052 Θεῷ
829 1981 1000 2050 Salii.»
1049 1983 1431 2053 Μονοτρόπους
1456 1983 1565 2054 γὰρ
1591 1983 1733 2054 ἡμᾶς

1887 2008 1954 2063 e?
1993 2014 2091 2062 aut
2143 2006 2270 2060 Baal
2307 1981 2453 2070 Baal,
2517 2011 2613 2058 aut
2646 2003 2760 2057 Deo
2823 2002 2934 2056 Deo
2958 2001 3023 2053 σί.
3059 2019 3077 2051 ι
3119 1999 3463 2054 Constantes.

156 2079 253 2147 οὐχ
317 2075 687 2146 ἑτερὸφρονας
751 2072 845 2127 καὶ
914 2071 1385 2142 σεσαλευμένους,
1437 2074 1518 2136 είς
1584 2073 1621 2128 ἃ
1685 2092 1732 2144 μ·

1874 2101 2010 2156 anim
2039 2114 2140 2154 nos
2166 2113 2287 2153 esse
2314 2104 2552 2166 oportet,
2570 2110 2680 2150 non
2718 2095 2935 2149 diversa
2957 2092 3258 2147 sentientes
3287 2100 3450 2161 atque

162 2167 453 2238 προσῆκεν
505 2164 836 2238 ἑτοιμότατα
879 2165 1325 2235 μεταπίπτοντας
1367 2165 1599 2236 ὁρᾶσθαι
1637 2166 1730 2238 δεή

1873 2189 2208 2253 ﬂuctuantes,
2232 2195 2288 2241 et
2309 2186 2375 2240 ad
2399 2201 2464 2240 ea
2479 2201 2602 2255 quae
2620 2185 2847 2239 minime
2872 2183 3154 2246 convenit,
3183 2182 3449 2236 facillime

163 2277 243 2314 σει
261 2277 277 2294 ⁸
314 2261 396 2323 ὡς
427 2258 492 2312 τό
517 2275 600 2311 τοι
627 2256 887 2327 χωλεύειν
918 2257 1006 2310 ἐπ’
1035 2258 1203 2329 ἄμφω
1226 2259 1320 2312 καὶ⁵
1349 2259 1737 2313 καταδονείσθα

1871 2289 2210 2337 transeuntes
2243 2297 2256 2332 :
2287 2295 2412 2334 nam
2441 2277 2752 2334 claudicare
2787 2276 2842 2329 in
2889 2284 3181 2343 utramque
3237 2283 3447 2344 partem

165 2353 367 2421 φιλεῖν,
401 2351 572 2421 φαίην
602 2348 668 2404 ἂν
697 2349 871 2418 ἔγωγε
903 2349 1012 2402 τῶν
1047 2351 1126 2403 ὅτι
1157 2350 1394 2422 μάλιστα
1424 2351 1741 2405 δυσαοεωτά

1863 2388 1926 2428 ac
1950 2372 2239 2435 ﬂuctuare,
2267 2386 2389 2425 mea
2420 2369 2652 2439 quidem
2679 2365 2973 2430 sententia,
3003 2365 3234 2435 impium
3271 2374 3356 2420 est
3385 2365 3439 2418 in

165 2459 292 2496 των.
348 2441 464 2496 Καὶ
499 2439 628 2509 γοῦν
670 2439 766 2494 καὶ
807 2440 834 2490 ὁ
868 2439 1035 2494 πάλαι
1061 2441 1225 2510 νόμος
1269 2441 1486 2512 θανάτῳ
1530 2443 1741 2513 τιμᾶτα⁴

1872 2465 2072 2536 primis.
2106 2464 2294 2533 Itaque
2323 2472 2483 2517 vetus
2499 2476 2717 2531 quoque
2735 2459 2824 2515 lex
2844 2458 3238 2512 morte’multat
3255 2457 3448 2512 incon-

161 2533 249 2588 τὸν
286 2531 397 2585 οὐκ
441 2530 658 2600 ἀσφαλῆ
687 2571 700 2592 ,
732 2529 868 2600 φησὶ
907 2530 1018 2600 γάρ
1042 2547 1055 2559 υ
1118 2549 1136 2581 ι
1197 2531 1255 2582 '0
1298 2529 1570 2594 θυσιᾴζων
1618 2530 1737 2591 θεοῖς

1871 2566 2139 2620 stantem;
2177 2554 2254 2608 ait
2299 2554 2448 2616 enim
2481 2529 2545 2606 τι
2574 2529 2899 2610 sacrificans
2951 2551 3058 2606 diis
3102 2549 3447 2606 exterminat

164 2622 726 2695 ἑξολοθρευθήσεται,
763 2622 902 2692 πλὴν
945 2621 1150 2692 Κυρίῳ
1189 2622 1358 2694 μόνῳ.
1409 2641 1428 2677 ι
1468 2622 1736 2694 Τοιγάρτο

1909 2649 2029 2714 itur,
2077 2646 2185 2702 nisi
2235 2645 2470 2704 Domino
2522 2646 2624 2701 soli
2660 2646 2734 2698 “z
2763 2664 2781 2695 ι
2812 2659 2940 2699 nam
3001 2643 3268 2700 adversus
3306 2641 3450 2697 divi-
3483 2621 3485 2626 ‘

163 2720 261 2790 τῆς
310 2718 470 2781 θείας
518 2713 950 2784 κατεπαίρεσθαι
994 2713 1190 2784 δόξης,
1223 2715 1318 2767 καὶ
1362 2713 1430 2772 τὰ
1474 2715 1612 2784 αὐτῇ
1663 2715 1739 2768 ad

1873 2753 1990 2796 nam
2016 2737 2250 2810 gloriam
2287 2737 2448 2808 erigi,
2497 2743 2554 2791 et
2585 2751 2708 2806 quae
2749 2734 2829 2788 illi
2886 2749 2950 2791 ac
2996 2732 3097 2788 soli
3154 2730 3449 2787 tribuenda

167 2811 304 2884 μόνῃ
343 2809 627 2878 διανέμειν
673 2807 976 2878 πρέποντα,
1014 2808 1314 2877 ἐπιχειρεῖν
1359 2801 1441 2870 οἷς
1475 2805 1541 2860 ἂν
1583 2806 1743 2860 ἓλοιτι

1875 2801 2099 2895 ιιιιιιξειι
2129 2801 2428 2898 quemque,
2481 2801 2685 2896 quibus
2719 2826 2870 2892 velit,
2896 2833 2950 2881 et
2998 2825 3065 2881 iis
3109 2825 3203 2894 qui
3255 2831 3451 2881 natura

164 2922 262 2970 τις,
295 2905 400 2958 καὶ
429 2904 544 2964 τοῖς
574 2899 649 2972 μὴ
689 2899 848 2970 φύσει
887 2899 1207 2971 χαρίζεσθαι
1232 2899 1392 2962 θεοῖς.
1430 2898 1740 2970 νοσημάτωι

1877 2921 1937 2978 lii
1961 2935 2072 2976 non
2094 2929 2243 2986 sunt,
2281 2919 2441 2990 176
2463 2917 2670 2974 audere
2703 2916 2910 2988 largiri,
2948 2916 3125 2972 morbi
3166 2930 3340 2985 genus
3364 2922 3453 2972 est

160 2997 478 3067 αἴσχιστον,
541 2993 743 3065 μᾶλλον
792 2990 849 3043 δὲ
903 2991 1223 3056 δυσσεϐείας
1283 2990 1349 3045 ἂν
1398 2991 1610 3061 γένοιτο
1659 2991 1736 3062 τῆς

1876 3010 2108 3066 )mnium
2152 3008 2556 3077 turpissimum,
2604 3006 2716 3060 imo
2763 3021 2914 3085 vero.
2941 3013 3206 3060 extrema:
3252 3002 3452 3073 impie~

159 3088 408 3158 ἐσχάτης
442 3086 694 3156 ἔγκλημα
731 3083 822 3138 καὶ
866 3083 1076 3155 γραφή.
1133 3081 1505 3154 Ἀπηλλάχθαι
1557 3082 1620 3153 δὴ
1663 3079 1735 3135 οὗ·

163 3179 224 3199 μ’
304 3177 568 3199 ---μη--.η
598 3175 806 3199 L..L-.-...
865 3173 955 3199 ,λη
982 3189 1042 3199 ..Α
1066 3170 1140 3199 ,ἵιρ
1170 3171 1381 3199 ιΊηΔΪ.-
1408 3173 1632 3199 .,...ι-.-..
1665 3189 1733 3199 ιι..

1873 3099 1995 3155 tatis
2055 3099 2216 3169 culpa
2251 3106 2414 3168 atque
2447 3097 2676 3152 crimen.
2721 3096 2804 3150 Ab
2835 3079 3107 3166 ejusmodi
3152 3093 3337 3163 itaque
3364 3092 3449 3150 νιτ-

155 3179 268 3233 τῶν
299 3177 568 3230 τοιούτων
592 3175 832 3246 ἀνάγκη,
864 3173 955 3228 τόν
982 3189 1044 3242 γε
1064 3170 1140 3236 ὡς
1167 3171 1381 3240 ἀληθῶς
1408 3173 1632 3243 γνήσιον
1665 3189 1731 3224 κα

1876 3192 1957 3247 Liis
1985 3206 2112 3246 eum
2146 3190 2340 3244 abesse
2363 3202 2589 3243 necesse
2617 3194 2722 3252 est,
2758 3186 2850 3256 qui
2886 3202 3014 3242 vere
3067 3185 3323 3240 sincerus
3379 3184 3452 3241 sit

156 3268 417 3340 θεοφιλῆ.
451 3267 548 3321 καὶ
577 3266 697 3335 οὐχὶ
735 3265 800 3337 δὴ
833 3264 1001 3336 μόνον
1032 3261 1478 3336 ἀποκαθαίροντα
1501 3262 1599 3333 τὴν
1628 3279 1732 3332 καρ

1869 3295 1920 3340 et
1947 3283 2044 3341 Dei
2069 3290 2315 3340 amator:
2340 3293 2520 3349 neque
2553 3278 2732 3333 solum
2751 3285 3045 3347 purgatum
3080 3291 3176 3330 cor
3217 3275 3445 3342 habere,

152 3360 297 3422 δίαν,
330 3358 476 3411 ἀλλὰ
517 3356 641 3428 μηδ’
665 3357 787 3409 ὅσον
818 3356 990 3408 εἰπεῖν
1033 3354 1122 3406 διὰ
1149 3351 1404 3421 γλώσσης
1438 3351 1589 3404 ἱέντα
1632 3368 1728 3404 ποτ

1871 3376 1963 3433 sed
1991 3391 2060 3432 ne
2095 3373 2260 3430 fando
2292 3370 2536 3442 quidem,
2586 3385 2618 3425 e
2670 3368 2856 3438 lingua
2905 3367 3160 3422 emittere
3207 3381 3447 3434 unquam

151 3453 216 3504 τὺ
250 3451 482 3505 εἴδωλον
538 3449 692 3518 ὄνομ.
759 3447 1074 3518 Γέγραπται
1107 3445 1245 3515 γὰρ,
1285 3445 1365 3498 ὅτι
1401 3463 1418 3496 ι
1455 3444 1564 3497 Καὶ
1595 3442 1727 3512 δνομ

1875 3468 2000 3524 idoli
2027 3481 2250 3521 nomen.
2307 3462 2584 3532 Scriptum
2613 3469 2698 3516 est
2731 3459 2882 3516 enim
2921 3475 2932 3511 :
2977 3478 2994 3509 σ
3022 3457 3272 3514 Nominis
3315 3455 3451 3513 deo-

151 3542 302 3594 θεῶν
328 3541 422 3593 ἑτέ
433 3557 545 3612 ρων
571 3540 671 3592 οὐκ
688 3536 1194 3609 ἀναμνησθήσεσθε,
1218 3535 1327 3589 οὐδ’
1345 3535 1406 3589 οὐ
1427 3536 1502 3606 μὴ
1521 3533 1722 3588 ἀκουσο

1877 3576 1988 3613 rum
2017 3557 2250 3613 aliorum
2273 3570 2382 3609 non
2422 3567 2695 3608 memores
2747 3551 2925 3614 eritis,
2977 3565 3160 3620 neque
3198 3548 3453 3604 audietur

152 3635 220 3686 ἐκ
252 3633 364 3686 τοῦ
401 3632 671 3701 στόματος
707 3629 886 3701 ὑμῶν.
936 3649 957 3682 ι
1009 3631 1075 3681 "A
1115 3629 1224 3698 γὰρ
1269 3626 1491 3698 αἰσχρὸν
1529 3626 1728 3679 εἰδέναι

1879 3665 1934 3704 3x
1987 3663 2083 3702 ore
2108 3656 2293 3702 vestro
2319 3645 2383 3698 ⁸³.
2415 3663 2433 3695 ›
2475 3643 2609 3700 Nam
2649 3658 2771 3713 qua:
2810 3641 3016 3696 sentire
3066 3649 3227 3710 turpe
3255 3649 3358 3716 est,
3386 3653 3455 3696 ea

148 3726 348 3779 λαλεῖν
378 3726 484 3778 οὐκ
513 3724 766 3794 ἀζήμιον.
804 3721 1063 3792 Πανταχῆ
1094 3720 1149 3773 δὲ
1169 3719 1230 3772 τὸ
1257 3721 1315 3772 ἐν
1335 3719 1518 3773 πίστει
1545 3721 1724 3788 γνήσιε

1879 3739 2017 3809 loqui
2040 3747 2122 3793 est
2146 3739 2313 3795 etiam
2345 3737 2671 3792 damnosum
2702 3753 2714 3788 :
2751 3743 2808 3790 et
2838 3734 2934 3804 qui
2954 3733 3162 3803 ubique
3189 3731 3314 3786 ﬁdei
3343 3731 3455 3787 sin-

147 3821 332 3890 τιμᾷν
390 3817 740 3887 ᾑρημένους,
782 3812 1190 3884 διαμεμνῆσθαι
1223 3812 1490 3882 προσήκει
1529 3807 1624 3868 τοῦ
1660 3826 1723 3877 μα

1875 3830 2154 3888 ceritatem
2185 3831 2367 3884 colere
2390 3826 2761 3893 decreverint,
2813 3841 2910 3880 eos
2934 3825 3253 3878 meminisse
3282 3837 3451 3892 opor-

151 3911 366 3980 καρίου
416 3906 630 3959 Παύλου
683 3905 985 3976 γράφοντος
1038 3897 1178 3957 ὧὸε’
1241 3921 1260 3953 ι
1324 3900 1612 3954 ’Δδύνατον
1658 3898 1727 3968 γὰ

1876 3928 1948 3978 tet
1973 3921 2120 3976 beati
2174 3920 2349 3983 Pauli,
2397 3918 2466 3973 ad
2503 3919 2651 3972 hunc
2688 3915 2911 3970 modum
2941 3913 3264 3968 scribentis:
3296 3930 3316 3962 ι
3342 3911 3452 3965 1m—

149 4007 288 4066 τοὺς
321 4001 481 4067 ἅπαξ
530 3997 976 4069 πεφωτισμένους
1002 4037 1016 4062 ,
1059 3997 1154 4050 καὶ
1194 3994 1357 4049 καλὸν
1397 3992 1725 4064 γευσαμένοι

1871 4010 2128 4082 possibile
2151 4017 2234 4064 est
2256 4009 2404 4066 enim
2453 4023 2552 4062 eos
2593 4007 2688 4076 qui
2733 4005 2925 4061 semel'
2963 4001 3256 4057 illuminati
3301 4011 3447 4068 sunt,

153 4096 300 4147 Θεοῦ
321 4097 393 4163 ῥῆ
406 4110 502 4161 μα,
535 4092 795 4162 δυνάμεις
828 4107 885 4142 τε
919 4087 1208 4158 μέλλοντος
1231 4086 1446 4149 αίῶνος,
1470 4086 1566 4138 καὶ
1589 4101 1729 4154 παρα

1879 4107 1926 4154 et
1980 4104 2339 4176 gustaverunt
2387 4096 2594 4152 bonum
2638 4093 2735 4148 Dei
2794 4090 3063 4155 verbum,
3110 4088 3455 4157 virtutesque

163 4188 478 4250 πεσόντας,
509 4184 674 4237 πάλιν
691 4181 1065 4246 ἀνακαινίζειν
1083 4180 1162 4244 είς
1188 4179 1500 4250 μετάνοιαν.
1536 4195 1554 4229 ι
1577 4178 1637 4230 Ol
1661 4175 1732 4245 γὰ

1879 4187 2054 4246 saeculi
2084 4186 2278 4252 futuri,
2305 4195 2361 4240 et
2400 4183 2645 4256 prolapsi
2675 4190 2825 4248 sunt,
2861 4195 3056 4236 rursus
3088 4177 3350 4234 renovari
3385 4176 3455 4232 ad

159 4279 321 4341 ἅπαξ
358 4278 443 4340 εἰς
475 4274 780 4346 μετάληψιν
807 4272 906 4344 τῆς
947 4271 1198 4344 οὐρανίου
1231 4270 1326 4323 καὶ
1366 4269 1515 4332 θείας
1551 4270 1735 4338 ὲνηνεγ

1878 4279 2250 4350 paenitentiam
2282 4278 2377 4332 9'.»
2401 4276 2560 4339 Nam,
2589 4274 2683 4344 qui
2718 4289 2816 4344 per
2843 4280 3096 4327 sanctum
3121 4270 3454 4338 baptismum

160 4371 328 4438 μένοι
363 4370 618 4438 χάριτος,
655 4366 745 4421 διά
771 4383 834 4434 γε
879 4364 972 4418 τοῦ
1014 4365 1172 4432 ἁγίου
1207 4362 1578 4433 βαπτίσματος
1602 4402 1614 4425 ,
1650 4361 1736 4413 ὰνο

1880 4368 2044 4424 semel
2076 4367 2146 4422 ad
2191 4365 2434 4422 cmlestis
2481 4379 2545 4418 ac
2595 4363 2798 4416 divinae
2822 4358 3011 4431 gratiae
3045 4357 3456 4428 perceptionem

161 4461 427 4523 στάσεώς
454 4476 518 4511 τε
542 4458 691 4528 πέρι,
717 4457 812 4511 καὶ
836 4457 936 4526 τῆς
965 4455 1056 4509 τοῦ
1103 4453 1344 4528 Χριστοῦ
1385 4453 1660 4524 βασιλείας
1682 4451 1737 4505 τὸ

1879 4461 2134 4532 perducti
2171 4468 2319 4526 sunt,
2377 4466 2434 4512 et
2466 4457 2533 4512 de
2565 4453 2971 4510 resurrectione
3014 4465 3078 4504 ac
3128 4449 3196 4504 de
3253 4447 3455 4502 Christi

153 4555 354 4625 ἀληθῆ
395 4555 492 4606 καί
542 4549 808 4616 ζωοποιὸν
839 4547 1271 4620 παραδεξάμενοι
1300 4546 1477 4613 λόγον,
1510 4545 1558 4600 εί
1582 4543 1729 4603 παλιι

1880 4569 2048 4623 regno
2077 4566 2270 4605 verum
2292 4566 2354 4605 ac
2383 4548 2606 4603 vitalem
2660 4557 2972 4601 sermonem
3004 4547 3335 4609 acceperunt
3362 4553 3376 4590 :
3408 4535 3456 4592 si

154 4646 410 4715 δρομεῖν
446 4643 656 4696 ἕλοιντο
701 4641 836 4710 πρὸς
868 4641 929 4692 τὺ
962 4640 1019 4692 ἐν
1054 4639 1248 4709 ᾀρχαῑς
1272 4678 1286 4702 ,
1321 4638 1416 4690 καὶ
1449 4636 1603 4696 νόσον
1641 4636 1730 4688 ὑπ(

1881 4644 1946 4698 ad
1974 4653 2219 4698 veterem
2260 4651 2466 4697 statum
2521 4650 2836 4700 recurrere,
2890 4633 3256 4700 morbumque
3305 4626 3457 4698 prio-

151 4737 409 4806 δραμεῖν
449 4734 552 4804 τὴν
593 4729 842 4803 πρώτην,
881 4730 983 4783 οὐκ
1035 4725 1584 4797 ἀνακαινισθὴσονται
1636 4724 1727 4795 πρί

1883 4751 1995 4788 rem
2027 4734 2213 4787 subire
2249 4731 2545 4796 voluerint,
2582 4728 2701 4783 ﬁeri
2729 4742 2838 4782 non
2881 4731 3063 4796 potest
3112 4730 3174 4777 ut
3215 4717 3459 4775 secundo

153 4827 534 4900 καθαρισμὸν
560 4825 649 4893 διὰ
679 4823 934 4894 δευτέρου
980 4819 1382 4891 βαπτίσματος·
1420 4837 1438 4868 ι
1491 4817 1564 4871 Οὐ
1601 4815 1710 4886 γὰρ

1881 4825 2210 4896 baptismate
2267 4823 2336 4878 ad
2404 4820 2788 4891 purgationem
2845 4822 3225 4872 renoventur:
3274 4830 3292 4862 ι
3337 4809 3457 4864 Non

151 4921 364 4977 αὐτῶν
403 4919 636 4974 ἀπιστία
689 4918 787 4986 τὴν
817 4915 998 4968 πίστιν
1031 4912 1125 4966 τοῦ
1159 4910 1293 4964 Θεοῦ
1328 4910 1690 4982 καταργήσει,

1883 4918 2024 4982 enim
2059 4916 2281 4972 illorum
2317 4912 2614 4970 inﬁdelitas
2636 4911 2797 4965 fidem
2820 4908 2915 4964 Dei
2946 4903 3238 4961 evacuabit
3267 4901 3331 4968 ⁸⁸,
3357 4923 3372 4950 ν
3399 4914 3459 4966 ut

152 5015 330 5069 καθά
353 5030 525 5084 φησιν
554 5013 582 5065 ὁ
613 5009 901 5071 θεσπέσιος
928 5005 1158 5068 Παῦλος.
1190 5004 1324 5057 υύδὲ
1350 5003 1580 5072 ἐπείπερ
1608 5018 1728 5054 κατι

1883 5008 2059 5078 inquit
2087 5006 2284 5064 beatus
2316 5005 2538 5060 Paulus.
2573 5000 2764 5071 Neque
2801 5007 3095 5068 propterea
3147 4993 3294 5066 quod
3335 5010 3459 5056 eam

149 5103 574 5175 πεφρονήκασί
597 5119 741 5164 τινες
756 5100 948 5154 ἀνόπιν
981 5098 1148 5160 ἰόντες
1164 5097 1260 5166 τῆς
1285 5094 1432 5158 θείας
1448 5095 1690 5166 χάριτος,
1720 5114 1725 5128 α

1885 5098 2131 5160 nonnulli
2179 5101 2656 5165 contempserunt,
2701 5107 2766 5150 ac
2817 5099 2968 5145 retro
3026 5087 3299 5152 abierunt,
3335 5085 3461 5142 ideo

145 5199 447 5253 ἁόἐὸαιον
497 5196 928 5266 καταγράψομεν
952 5210 965 5223 ·
1017 5192 1232 5254 ποιναῖς
1259 5188 1316 5241 δὲ
1357 5187 1558 5258 μᾶλλον
1597 5188 1626 5239 ὁ
1672 5186 1721 5240 τί

1881 5189 2084 5252 divinae
2111 5187 2312 5259 .gratize
2345 5183 2729 5242 inconstantiae
2778 5189 2964 5237 notam
3007 5179 3324 5234 inuremus:
3362 5175 3456 5230 sed

135 5292 323 5346 ὅλων
374 5288 644 5357 ὑποθήσει
695 5283 890 5356 κριτὴς
944 5284 1068 5347 τοὺς
1119 5283 1199 5350 είς
1245 5280 1403 5338 τοῦτο
1440 5279 1711 5333 κατολισθε

1881 5283 2061 5357 poenis
2089 5282 2272 5351 potius
2301 5281 2390 5336 ille
2429 5278 2810 5344 universorum
2857 5272 3026 5345 judex
3058 5270 3314 5341 subjiciet
3355 5283 3453 5322 eos

135 5379 506 5443 δυσσεϐείας
539 5379 598 5431 οὐ
629 5374 1120 5446 παραιτουμένους,
1148 5373 1222 5438 ὡς
1247 5373 1336 5425 τὸν
1365 5373 1493 5440 Υίὸν
1516 5371 1610 5425 τοῦ
1641 5373 1710 5424 Θε

1883 5374 1977 5446 qui
2031 5389 2223 5444 parum
2279 5380 2545 5428 caverunt
2604 5367 2904 5439 quominus
2941 5364 2996 5418 in
3030 5376 3151 5417 eam
3203 5359 3446 5428 impieta-

137 5470 581 5537 καταπατῆσαι
620 5469 714 5522 καὶ
754 5467 815 5520 τὸ
841 5463 980 5536 αἷμα
1008 5465 1107 5535 τῆς
1133 5464 1395 5535 διαθήκης
1430 5463 1606 5518 κοινὸν
1635 5465 1713 5534 ἠγ

1886 5478 1996 5531 tem
2032 5465 2478 5535 prolaberentur,
2517 5470 2578 5520 ut
2613 5458 2812 5520 Filium
2843 5453 2940 5519 Dei
2965 5450 3371 5537 conculcarent,
3400 5455 3455 5537 et

140 5561 387 5618 ausﬁat
407 5603 424 5628 ,
455 5561 550 5614 ml.
579 5559 642 5613 τὸ
671 5557 896 5628 Πνεῦμα
923 5557 1022 5625 τῆς
1070 5557 1287 5626 χάριτος
1321 5555 1616 5626 ἐνυϐρίσαι,
1653 5556 1710 5608 ὲν

1884 5553 2203 5624 sanguinem
2233 5550 2541 5606 testamenti
2581 5557 2926 5603 communem
2959 5546 3231 5610 putarent,
3257 5545 3312 5591 et
3331 5534 3456 5605 Spi-

242 5661 309 5708 ίθ
333 5674 508 5729 Exod.
536 5691 626 5737 xx,
650 5673 702 5725 ὅ.
780 5672 826 5702 ⁸ο
851 5670 1007 5724 Deut.
1036 5668 1206 5739 x,207;
1234 5668 1422 5725 Matth.
1451 5686 1521 5731 IV,
1547 5668 1628 5724 10.
1667 5669 1708 5701 ⁶¹
1736 5666 1802 5723 Ill

1879 5681 1958 5739 eg.
1989 5681 2133 5728 ιιι-ιιι,
2157 5664 2246 5718 ‘21.
2324 5664 2366 5694 “
2393 5662 2561 5718 Exod.
2599 5675 2729 5725 χχιι,
2754 5656 2844 5712 20.
2924 5651 2969 5686 ⁸³
2993 5649 3162 5708 Exod.
3190 5665 3340 5714 χχιιι,
3370 5647 3455 5704 15.

149 5752 217 5780 ’δ
263 5745 443 5802 Hebr.
474 5761 582 5808 xvi,
610 5744 728 5797 4-6.
806 5741 851 5772 ⁵⁸
881 5740 1039 5794 Rom.
1070 5755 1146 5804 Ill,
1173 5738 1224 5792 5.
