3990 6196
536 349 642 407 H5

1579 346 1635 404 Ξ.
1677 345 1953 405 CYRILLI
1993 340 2468 402 ΑιΕΧΑΝιιιιιΝι
2503 338 2825 398 ARCHIEI’.

3716 336 3817 395 m3

537 466 673 523 ritui
705 462 893 534 gratis
927 463 1319 519 contumeliam
1358 462 1622 531 facerent,
1679 464 1736 518 in
1763 478 1874 534 quo
1912 459 2119 518 sancti-

2224 457 2567 529 ήγιάσθησαν
2587 497 2602 522 ,
2639 453 2734 510 καὶ
2761 452 3016 525 γεγόνασι
3061 451 3162 521 τῆς
3200 450 3348 515 θείας
3376 448 3591 520 quasi»;
3620 463 3819 508 κοινω-

538 557 708 621 [icati,
740 545 1052 625 divinaeque
1076 564 1291 611 naturae
1335 557 1638 627 participes
1677 556 1807 612 facti
1864 563 2024 612 erant
2046 554 2117 608 “.

539 637 767 705 Utenim
794 647 1050 716 militem,
1083 649 1177 719 qui
1206 649 1456 721 clypeum
1483 650 1767 720 abjecerit,
1797 664 1864 704 ac
1885 646 1953 703 de
1973 662 2119 718 pra:-

537 741 611 795 lio
651 740 874 811 fugerit,
920 741 1178 796 secundis
1235 741 1490 812 insigniri
1545 739 1962 796 characteribus
2005 753 2120 794 non

537 838 797 899 oportet;
835 828 932 885 sed
967 831 1078 901 jam
1106 831 1314 901 puniri,
1344 840 1404 887 et
1439 831 1670 903 ignaviae
1698 846 1891 902 [uenas
1929 831 2115 885 luere:

540 918 606 972 ad
632 921 890 976 eumdem
924 921 1169 988 modum,
1207 924 1303 993 qui
1339 923 1395 978 in
1435 922 1575 978 adeo
1622 931 1907 994 augustam
1952 929 2121 992 atque

538 1010 927 1068 admirabilem
947 1016 1180 1085 gratiam
1213 1013 1402 1086 injurii
1440 1013 1666 1080 fuerint,
1698 1027 1796 1069 eos
1822 1029 1935 1068 non
1973 1011 2121 1066 dono

539 1104 782 1159 secundo
824 1102 1063 1175 Spiritus
1099 1107 1306 1174 ornari,
1342 1121 1468 1162 cum
1507 1105 1662 1177 prius
1685 1105 1820 1161 illud
1846 1104 2124 1175 improba-

538 1193 741 1259 verint,
779 1195 874 1249 sed
914 1197 1096 1266 poenis
1143 1197 1343 1269 subjici
1391 1196 1568 1252 decet.
1624 1196 1759 1251 Nam
1791 1195 1959 1250 semel
1998 1194 2124 1248 illu-

540 1286 762 1342 minatis
809 1303 930 1342 eam
999 1290 1364 1354 sententiam,
1433 1304 1667 1358 eamque
1723 1286 2123 1359 cogitationum

539 1374 854 1431 firmitatem
879 1394 999 1434 esse
1050 1380 1458 1446 assumendam,
1493 1388 1554 1434 ut
1600 1388 1772 1433 unum
1803 1378 1999 1444 sciant,
2026 1378 2122 1449 qui

538 1477 738 1523 natura
765 1471 838 1525 sit
881 1471 1047 1538 Deus,
1096 1479 1154 1527 et
1209 1471 1333 1526 illos
1362 1480 1722 1527 exsecrentur
1771 1470 1872 1542 qui
1920 1479 2125 1541 praeter

540 1558 827 1620 hoc,aliud
861 1559 1144 1630 quidpiam
1179 1560 1452 1634 suadent;
1472 1561 1886 1632 optandumque
1925 1562 1983 1615 in
2004 1561 2123 1632 pri-

540 1650 649 1704 mis
673 1650 879 1707 ducant
907 1652 963 1705 in
980 1652 1127 1707 idola
1167 1652 1401 1721 insilire,
1436 1669 1503 1710 ac
1534 1655 1737 1725 templa
1777 1655 2119 1722 disturbare,

538 1751 596 1797 et
623 1742 910 1813 gentilium
941 1746 1174 1801 numina
1224 1745 1362 1800 nihil
1389 1761 1508 1802 esse
1536 1754 1771 1817 putent;
1808 1746 1865 1802 id
1900 1760 2122 1818 quoque

539 1834 746 1891 veteris
766 1836 905 1906 legis
931 1837 971 1905 ι
984 1838 1098 1907 77
1116 1838 1272 1893 locus
1287 1837 1512 1894 docebit
1533 1857 1553 1893 ε·
1574 1841 1844 1911 scriptum
1867 1847 1953 1896 est
1971 1838 2123 1895 enim

539 1923 599 1978 in
625 1925 885 1981 Numeris
915 1945 932 1981 :
963 1946 982 1978 ‹
1007 1927 1082 1982 Et
1108 1928 1329 1986 locutus
1361 1938 1445 1986 est
1484 1931 1755 1998 Dominus
1795 1931 1864 1986 ad
1900 1931 2124 2005 Moysen

540 2012 597 2068 in
623 2016 869 2071 occiduis
888 2017 1143 2087 partibus
1191 2019 1350 2076 Moab
1376 2036 1548 2092 prope
1577 2021 1875 2076 Iordanem
1928 2031 2126 2080 contra

537 2101 1033 2175 Jerieho,di_eens:
1065 2108 1317 2178 Loquere
1344 2110 1473 2166 ﬁliis
1522 2110 1711 2178 Israel,
1768 2119 1825 2165 et
1856 2111 2011 2168 dices
2054 2111 2124 2167 ad

537 2207 670 2249 eos:
698 2195 809 2251 Vos
856 2198 1170 2254 transibitis
1198 2199 1495 2257 Iordanem
1529 2202 1585 2257 in
1609 2211 1811 2258 terram
1837 2200 2123 2273 Chanaan,

535 2298 596 2342 et
623 2288 866 2359 perdetis
900 2306 1093 2347 omnes
1123 2292 1439 2353 habitantes
1473 2296 1530 2350 in
1577 2303 1723 2352 terra
1771 2305 1899 2352 ante
1927 2296 2124 2352 faciem

536 2387 801 2447 vestram,
850 2387 908 2436 et
960 2381 1225 2438 auferetis
1249 2385 1503 2455 Speculas
1547 2399 1764 2453 eorum,
1821 2394 1880 2441 et
1938 2387 2125 2443 omnia

538 2468 686 2526 idola
710 2487 905 2527 eorum
940 2471 1178 2529 conﬂata
1218 2474 1545 2542 destructis,
1599 2485 1657 2532 et
1705 2492 1900 2534 omnes
1932 2478 2126 2536 titulos

535 2576 729 2617 eorum
758 2562 1023 2621 auferetis
1046 2567 1112 2620 ⁸⁷.
1143 2584 1162 2618 ι
1194 2565 1460 2639 Intelligis
1484 2568 1671 2640 igitur,
1699 2569 1766 2625 iis
1798 2571 1895 2641 qui
1931 2570 2129 2628 Iorda-

536 2666 667 2707 nem
696 2653 1020 2711 transierint
1077 2671 1218 2727 Opus
1262 2673 1384 2715 esse
1404 2667 1465 2714 ut
1503 2675 1630 2723 aras
1649 2669 1709 2718 et
1758 2662 1913 2719 lucos
1939 2678 1971 2719 e
2002 2678 2126 2720 me-

536 2741 633 2798 dio
662 2744 874 2811 tollant,
911 2761 1119 2817 eosque
1152 2748 1273 2806 sine
1302 2752 1655 2809 cunctatione
1677 2770 1793 2809 una
1808 2770 1935 2810 cum
1958 2756 2126 2814 idolis

536 2848 604 2890 ac
627 2834 804 2891 titulis
828 2836 1184 2895 disturbent?
1205 2839 1342 2896 Nam
1369 2842 1685 2914 hujusmodi
1708 2846 1960 2916 pestibus
1999 2863 2128 2919 par-

535 2941 686 2996 cere,
720 2929 1073 2986 manifestum
1097 2939 1184 2988 est
1232 2933 1505 2990 indicium
1545 2951 1657 2991 non
1698 2938 1837 2994 satis
1875 2955 1978 2996 nos
2001 2956 2127 2999 esse

538 3020 909 3089 confirmatos,
933 3039 1115 3096 neque
1141 3041 1239 3082 cor
1261 3025 1514 3084 criminis
1557 3044 1759 3101 expers
1781 3032 1896 3087 Deo
1924 3048 2123 3091 conse-

536 3128 743 3181 crasse,
795 3124 987 3186 aperte
1021 3117 1091 3173 de
1118 3118 1304 3190 impiis
1343 3128 1508 3192 atque
1552 3123 1831 3193 perversis
1875 3124 2120 3182 dicenti:

544 3204 693 3260 «Non
724 3207 983 3264 adorabis
1015 3209 1150 3267 deos
1175 3212 1443 3282 ipsorum,
1474 3229 1655 3286 neque
1682 3216 1832 3272 coles
1856 3218 1987 3285 eos;
2008 3233 2117 3273 non

534 3293 705 3351 facies
730 3298 885 3369 juxta
905 3314 1072 3370 opera
1105 3316 1322 3369 eorum,
1356 3303 1451 3360 sed
1475 3302 1815 3363 destruendo
1844 3307 2116 3376 d'estrues,

534 3389 957 3445 ctconterendo
1004 3399 1263 3449 conteres
1305 3394 1498 3451 titulos
1554 3411 1769 3464 eorum,
1809 3406 1866 3453 et
1913 3398 2121 3455 servies

534 3480 769 3538 Domino
819 3484 932 3540 Deo
960 3492 1090 3550 tuo;
1143 3494 1201 3541 et
1250 3486 1573 3543 benedicam
1614 3504 1813 3559 panem
1860 3500 2122 3557 tuum,et

534 3569 729 3624 vinum
756 3578 934 3639 tuum,
961 3583 1019 3629 et
1040 3588 1239 3645 aquam
1281 3585 1456 3642 tuam,
1492 3586 1550 3632 et
1568 3586 1813 3633 avertam
1831 3579 2122 3637 infirmita-

536 3668 647 3715 tem
681 3678 713 3718 a
752 3663 944 3730 vobis;
992 3680 1105 3721 non
1138 3667 1246 3722 erit
1287 3667 1580 3726 infecunda
1609 3687 1788 3743 neque
1832 3676 2038 3731 sterilis
2063 3675 2117 3731 in

535 3756 682 3805 terra
709 3759 822 3820 tua,
858 3769 1156 3810 numerum
1201 3756 1423 3813 dierum
1466 3767 1688 3816 tuorum
1736 3763 1970 3833 explebo
1995 3766 2060 3821 ⁸⁸.
2093 3785 2111 3818 ι

533 3841 723 3917 Neque
766 3846 914 3900 enim
947 3855 1032 3903 est
1051 3847 1374 3918 obscurum,
1416 3851 1552 3922 quin
1604 3852 1927 3911 hominibus
1970 3855 2119 3917 bene

533 3937 897 4004 conﬁrmatis,
930 3948 987 3996 et
1019 3956 1088 3997 ex
1127 3942 1340 4015 integra
1362 3952 1548 4002 mente
1588 3945 1977 4003 universorum
2005 3949 2120 4005 Deo

533 4028 757 4096 deditis,
793 4039 961 4103 atque
1011 4033 1134 4105 ejus
1170 4034 1254 4091 rei
1295 4036 1671 4094 certissimum
1729 4049 2119 4113 argumentum

532 4123 781 4192 praebere
816 4125 1190 4194 studentibus,
1226 4128 1489 4200 idipsum,
1523 4131 1671 4202 quod
1712 4147 1837 4188 aras
1867 4140 1924 4188 et
1979 4132 2117 4188 titu-

532 4210 636 4279 los,
667 4220 723 4269 et
754 4214 967 4272 ludicra
992 4217 1281 4274 hominum
1315 4230 1498 4279 mente
1531 4231 1926 4295 corruptorum
1958 4238 2121 4282 ever-

532 4311 678 4374 tunt,
710 4306 897 4365 divina
932 4309 1005 4365 sit
1027 4310 1140 4367 illis
1161 4312 1305 4368 dona
1322 4314 1773 4377 conciliaturum.

598 4583 794 4640 PALL.
824 4584 1029 4640 Verum
1062 4593 1165 4640 est.

597 4673 754 4730 CYR.
776 4675 935 4740 Nam,
956 4678 1003 4730 si
1026 4691 1192 4733 manu
1215 4674 1478 4735 fabricata
1510 4678 1803 4737 simulacra
1819 4680 2078 4742 destruxe
2092 4716 2110 4729 -

528 4763 628 4832 ris,
662 4765 861 4835 inquit,
891 4781 956 4821 ac
977 4766 1092 4823 Deo
1112 4767 1370 4825 servieris
1392 4784 1575 4827 mores
1597 4769 1814 4827 illorum
1857 4790 2107 4845 perosus,

534 4874 555 4907 ι
577 4853 903 4912 Benedicam
925 4872 1121 4927 panem
1145 4865 1323 4926 tuum,
1345 4866 1401 4915 et
1419 4860 1609 4916 vinum
1632 4869 1811 4928 tuum,
1837 4872 1893 4919 et
1913 4880 2113 4936 aquam

526 4953 699 5001 tuam.
743 4965 761 4998 ι
792 4946 1052 5020 Mysticus
1084 4948 1177 5005 hic
1206 4965 1387 5007 sermo
1410 4960 1496 5008 est
1516 4961 1680 5024 atque
1704 4955 1960 5023 abditus;
1982 4972 2112 5013 nam

525 5034 760 5091 sinceris
774 5036 872 5092 Dei
895 5037 1202 5095 cultoribus
1224 5039 1314 5094 illa
1333 5039 1538 5096 Christi
1555 5043 1945 5114 mysteriorum
1962 5060 2115 5101 com-

523 5122 848 5191 municatio,
883 5134 940 5182 et
977 5128 1153 5183 sancti
1188 5127 1534 5199 baptismatis
1556 5132 1728 5202 gratia
1755 5132 1823 5187 ad
1847 5134 2110 5205 spiritua—

521 5215 630 5273 lem
654 5216 1100 5276 benedictionem
1123 5220 1298 5288 valet;
1318 5220 1387 5276 iis
1424 5230 1607 5278 autem
1631 5223 1727 5295 qui
1752 5220 1957 5296 dumici
1977 5235 2107 5284 sunt

494 5307 707 5419 )Idbuc
731 5309 936 5377 animo,
966 5318 1023 5367 et
1059 5311 1129 5367 ad
1170 5311 1536 5370 defectionem
1578 5322 1645 5419 et.
1668 5318 1943 5386 apostasin
1978 5334 2104 5391 spe-

486 5401 708 5497 ;ctant,
752 5401 836 5459 ira
888 5410 945 5458 et
982 5404 1390 5471 condemnatio,
1425 5412 1484 5462 et
1540 5406 1812 5462 malorum
1855 5411 2102 5466 omnium

520 5494 778 5550 cumulus
815 5501 901 5550 est
938 5494 1089 5552 illius
1121 5497 1423 5568 spiritualis
1454 5498 1860 5556 benedictionis
1907 5514 2101 5574 pcrcc-

2144 4537 2191 4593 D

2220 546 2322 601 νοί.
2360 546 2573 618 Ὥσπερ
2604 545 2715 616 γὰρ
2760 541 3102 615 στρατιώτην
3140 540 3232 594 τδν
3268 540 3573 611 ῥιψάσπιδά
3616 559 3676 596 τε
3717 545 3817 597 καὶ

2221 637 2625 709 φυγοπόλεμον,
2677 636 2739 689 οὐ
2800 634 3074 703 δευτέροις
3121 632 3387 704 τιμᾶσθαι
3440 634 3817 704 σημάντροις,

2221 730 2337 785 ἀλλ’
2370 730 2473 801 ήδη
2516 725 2842 793 κολάζεσθαι
2881 724 2988 796 χρὴ
3009 766 3023 790 ,
3062 725 3157 778 καὶ
3184 724 3284 795 τῆς
3318 724 3641 796 ἁνανδρείας
3674 726 3819 780 ἀπο-

2219 821 2460 876 τιννύναι
2490 820 2702 889 λόγους·
2738 819 2831 873 τὸν
2866 818 3051 883 αὐτὸν,
3083 812 3258 888 οἶμαι,
3288 818 3553 889 προσήκει
3583 819 3815 890 τρόπον,

2219 915 2348 978 τοὺς
2377 911 2521 966 οὕτω
2553 911 2760 983 σεπτῆν
2786 927 2848 965 τε
2869 909 2965 964 καὶ
2997 908 3329 978 άξιάγαστον
3359 910 3818 981 περιυϐρίζοντας

2221 1006 2403 1077 χάριν,
2439 1006 2502 1060 οὐ
2546 1003 2641 1059 τοῦ
2673 1003 2931 1077 δευτέρου
2964 999 3232 1073 τιμᾶσθαι
3272 999 3592 1073 Πνεύματος
3627 1002 3817 1067 δόσει,

2222 1100 2323 1171 τῆς
2350 1095 2576 1171 πρώτης
2594 1095 3018 1168 ’άθετουμένης,
3052 1093 3169 1149 ἀλλ’
3200 1093 3303 1166 ήδη
3346 1097 3560 1160 ποιναῖς
3588 1095 3819 1151 ὑποκεῖ-

2225 1190 2351 1245 σθαι
2375 1190 2596 1261 πρέπει.
2627 1189 2751 1243 Ὄτι
2775 1187 2886 1259 γὰρ
2925 1188 3052 1251 τοὺς
3078 1185 3226 1254 ἅπαξ
3249 1187 3703 1258 πεφωτισμένους
3735 1189 3821 1254 είς

2223 1282 2382 1336 τοῦτο
2422 1282 2557 1337 ἰέναι
2596 1281 2866 1354 προσήκει
2907 1279 3136 1351 γνώμης
3165 1318 3179 1344 ,
3211 1281 3307 1334 καὶ
3345 1278 3693 1352 ἑδραιότητος
3724 1280 3821 1336 λο-

2223 1371 2463 1443 γισμῶν,
2490 1372 2568 1437 ὡς
2594 1372 2797 1426 ειδέναι
2834 1370 2934 1442 μὲν
2958 1370 3054 1425 ἕνα
3079 1370 3173 1423 τὸν
3201 1368 3362 1439 φύσει
3389 1369 3546 1436 Θεὸν,
3574 1388 3819 1443 καταμυ-

2226 1463 2517 1519 σάττεσθαι
2537 1463 2595 1518 δὲ
2612 1464 2739 1528 τοῦς
2749 1461 2936 1534 ἕτερόν
2949 1479 3001 1516 τι
3017 1460 3172 1533 παρὰ
3184 1458 3344 1514 τοῦτο
3363 1462 3811 1535 εἰσηγουμένους,

2225 1558 2318 1611 καὶ
2352 1555 2792 1627 ὲπιθυμημάτων
2827 1552 3101 1608 ποιεῖσθαι
3134 1551 3443 1618 κάλλιπον,
3478 1555 3542 1610 τὸ
3571 1554 3816 1626 ἐπιθρώ-

2227 1665 2379 1703 σκειν
2405 1647 2666 1712 εἰδώλοις,
2699 1648 2795 1702 καὶ
2817 1646 3128 1701 κατασείειν
3149 1645 3333 1710 ναοὺς,
3364 1630 3458 1701 καὶ
3485 1648 3639 1701 οὐδὲν
3663 1651 3818 1719 ήγεῖ-

2227 1740 2354 1795 σθαι
2385 1741 2454 1795 τὰ
2494 1739 2764 1811 Ἐλλήνων
2798 1737 3121 1808 σεϐάσματα
3140 1777 3156 1802 ,
3186 1736 3282 1791 καὶ
3310 1737 3534 1808 ἀρχαῖος
3557 1740 3708 1808 ἡμᾶς
3738 1737 3818 1791 δι-

2154 1820 2198 1876 Β
2225 1830 2374 1898 δάξει
2397 1831 2577 1900 λόγος.
2604 1829 2927 1901 Γέγραπται
2951 1827 3058 1898 γὰρ
3079 1828 3136 1880 ἐν
3161 1828 3271 1890 τοῖς
3312 1827 3618 1899 Ἀριθμοῖς·
3653 1848 3671 1879 ι
3702 1827 3820 1882 Καὶ

2226 1923 2460 1995 ὲλάλησε
2511 1923 2722 1994 Κύριος
2771 1920 2906 1992 πρὸς
2963 1918 3170 1990 Μωσῆν
3223 1919 3314 1972 sn!
3363 1918 3584 1989 δυσμῶν
3638 1918 3819 1973 Μωάσ

2226 2015 2383 2088 παρὰ
2408 2015 2500 2069 τὸν
2546 2013 2823 2086 Ἰορδάνην
2858 2011 3002 2066 κατὰ
3047 2007 3283 2081 Ίεριχὼ,
3323 2009 3496 2079 λέγων
3521 2026 3537 2040 ο
3567 2011 3819 2082 Δᾶλησον

2223 2109 2339 2171 τοῖς
2367 2106 2504 2170 υίοῖς
2546 2103 2762 2177 Ἰσραὴλ
2783 2143 2798 2165 ,
2848 2103 2943 2156 καὶ
2975 2103 3121 2174 ἔρεῖς
3166 2100 3303 2174 πρὸς
3335 2100 3562 2166 αὐτούς’
3624 2102 3817 2173 Ὑμεῖς

2225 2198 2526 2255 διαϐαίνετε
2569 2198 2660 2251 τὸν
2701 2197 2975 2269 Ἰορδάνην
3020 2197 3103 2259 είς
3130 2195 3237 2267 γῆν
3267 2193 3512 2257 Χαναὰν,
3553 2195 3649 2249 καὶ
3703 2197 3813 2249 ἀπ-

2228 2291 2408 2345 ολεῖτε
2435 2288 2645 2353 πάντας
2669 2290 2798 2353 τοὺς
2822 2286 3205 2352 κατοικοῦντας
3238 2286 3298 2340 ὲν
3326 2289 3390 2358 τῇ
3419 2290 3492 2358 γῇ
3516 2288 3621 2359 πρδ
3640 2305 3814 2360 προσ·-

2222 2380 2375 2436 ὠπου
2408 2380 2587 2451 ὑμῶν.
2641 2381 2754 2434 Καὶ
2806 2379 3054 2451 ὲξαρεῖτε
3089 2378 3188 2443 τὰς
3223 2378 3456 2443 σκοπιάς
3482 2379 3678 2445 αὐτῶν,
3715 2381 3815 2435 καὶ

2227 2472 2410 2530 πάντα
2427 2472 2509 2527 ,τὰ
2553 2471 2748 2527 εἴδωλα
2779 2470 2849 2525 τὰ
2877 2469 3126 2542 χωνευτά
3156 2470 3336 2524 αὐτῶν
3365 2470 3614 2525 ἀπολεῖτε
3646 2471 3814 2538 αὑτά,

2227 2564 2323 2620 καὶ
2358 2564 2540 2628 πάσας
2569 2562 2670 2628 τὰς
2706 2561 2909 2635 στήλας
2936 2562 3118 2616 αὐτῶν
3145 2562 3415 2635 ὲξαρεῖτε.
3455 2581 3475 2615 ι
3509 2563 3703 2635 Συνίης
3727 2565 3829 2622 ὅτι

2226 2657 2354 2720 τοὺς
2379 2655 2751 2727 παρελθόντας
2764 2654 2858 2709 τὸν
2895 2653 3191 2726 Ἰορδάνην,
3237 2654 3302 2707 ὲκ
3335 2652 3504 2723 μέσου
3538 2653 3811 2708 ποιεῖσθαι

2226 2749 2335 2822 χρὴ
2386 2748 2603 2821 βωμοὺς
2652 2747 2745 2800 καὶ
2788 2745 2991 2817 τεμένη
3023 2786 3039 2812 ,
3075 2745 3173 2799 καὶ
3225 2746 3411 2810 αὐτοῖς
3443 2743 3681 2810 είδώλοις
3712 2748 3811 2801 καὶ

2229 2838 2459 2909 στήλαις
2492 2836 2888 2909 ἀναμοχλεύειν
2916 2836 3180 2908 άμελητί;
3222 2835 3299 2900 ὡς
3320 2837 3383 2891 τό
3414 2853 3475 2905 γε
3505 2835 3670 2907 φειδὼ
3697 2839 3812 2903 τοῖς

2225 2929 2490 2994 τοιούτοις
2507 2929 2671 3002 τυχὸν
2698 2928 2992 3000 ἀπονέμειν
3023 2929 3215 2993 κακοῖς
3247 2929 3479 3001 μήνυσις
3503 2927 3571 2983 ἂν
3597 2927 3810 2997 γένοιτο

2229 3021 2428 3094 σαφὴς,
2454 3021 2549 3076 τοῦ
2583 3020 2660 3093 μή
2685 3020 3004 3094 ὲρηρεῖσθαι
3036 3020 3240 3085 καλῶς,
3270 3021 3408 3093 μήτε
3433 3020 3542 3094 μὴν
3572 3022 3809 3075 ἀκαταιο

2225 3116 2408 3169 τίατον
2427 3114 2653 3185 τῷοϐεῷ
2680 3113 2778 3186 τὴν
2807 3113 3037 3186 καρδίαν
3061 3113 3347 3184 άφιεροῦν,
3394 3114 3572 3168 καίτοι
3596 3113 3821 3182 λέγοντι

2148 3186 2195 3249 C
2226 3205 2415 3276 σαφῶς
2444 3207 2573 3278 περὶ
2601 3206 2710 3259 τῶν
2745 3205 2922 3260 ἀθέων
2951 3204 3047 3259 καὶ
3083 3203 3340 3277 πονηρῶν
3363 3220 3377 3235 ’
3410 3223 3429 3257 ι
3464 3203 3539 3258 οὗ
3563 3220 3792 3276 «pom

2223 3300 2410 3370 νήσεις
2438 3301 2549 3363 τοῖς
2581 3298 2726 3363 Θεοῖς
2750 3296 2952 3365 αὐτῶν,
2988 3296 3095 3351 οὐδ’
3129 3298 3190 3351 οὐ
3221 3297 3297 3369 μὴ
3321 3296 3627 3370 λατρεύσεις
3663 3295 3807 3353 κατὰ
3884 3332 3887 3335 ν

2221 3391 2290 3446 τά
2316 3391 2451 3463 ἔργα
2480 3392 2684 3457 αὐτῶν,
2713 3391 2849 3446 ἀλλὰ
2880 3393 3202 3466 καθαιρέσει
3229 3395 3517 3462 καθελεῖς,
3555 3396 3651 3450 καὶ
3678 3413 3805 3451 συνο

2222 3482 2422 3554 τρίϐων
2450 3483 2763 3555 συντρίψεις
2785 3484 2885 3548 τὰς
2915 3485 3116 3558 στήλας
3140 3487 3342 3553 αὐτῶν,
3368 3489 3464 3543 καὶ
3491 3488 3804 3560 λατρεύσεις

2221 3575 2415 3648 Κυρίῳ
2445 3576 2524 3647 τῷ
2553 3577 2672 3650 Θεῷ
2717 3595 2812 3632 σου
2839 3619 2854 3643 ,
2902 3579 2997 3633 καὶ
3040 3579 3323 3652 εὐλογήσω
3363 3581 3454 3635 τὸν
3484 3581 3648 3654 ἄρτον
3687 3600 3803 3650 σου,

2221 3668 2319 3721 καὶ
2345 3668 2436 3722 τὸν
2470 3665 2611 3723 οἶνόν
2645 3686 2739 3723 σου
2766 3710 2781 3734 ,
2808 3671 2901 3724 καὶ
2928 3670 2988 3724 τὸ
3020 3669 3163 3743 ὕδωρ
3198 3689 3290 3725 σου
3314 3688 3330 3704 θ
3364 3674 3459 3727 καὶ
3479 3673 3815 3744 άποστρέψω

2224 3761 2500 3833 μαλακίαν
2532 3763 2626 3833 ἀφ’
2680 3762 2837 3835 ὑμῶν
2856 3781 2870 3795 ο
2903 3763 3005 3817 οὐκ
3039 3762 3194 3817 ἔσται
3232 3763 3445 3834 ἄγονος,
3470 3765 3589 3819 οὐδὲ
3618 3768 3804 3837 στεῖρα

2221 3855 2314 3908 ἐπὶ
2347 3856 2449 3927 τῆς
2493 3856 2595 3927 γῆς
2645 3874 2779 3922 σου,
2835 3854 2927 3910 τδν
2974 3855 3212 3928 ἀριθμὸν
3271 3855 3380 3910 τῶν
3429 3856 3654 3930 ἡμερῶν
3708 3875 3805 3913 σου

2221 3948 2627 4021 ἀναπληρώσω.
2675 3969 2695 4003 ι
2734 3951 2891 4003 Ἔστι
2919 3950 3029 4022 γὰρ
3063 3951 3164 4004 οὐκ
3196 3950 3540 4023 ἀσυμφανὲς,
3572 3952 3649 4015 ὡς
3689 3954 3803 4015 τοῖς

2220 4039 2361 4107 ἄγαν
2399 4039 2815 4112 ὲρηρεισμένοις
2860 4040 2954 4093 καὶ
2983 4040 3043 4105 ἐξ
3074 4040 3259 4111 ὑγιοῦς
3300 4041 3538 4107 διανοίας
3571 4041 3648 4113 τῷ
3694 4041 3804 4095 τῶν

2220 4130 2358 4184 ὅλων
2411 4130 2529 4202 Θεῷ
2577 4130 2996 4203 προσκειμένοις
3026 4169 3043 4196 ,
3088 4132 3362 4200 ἀπόδειξίν
3409 4150 3469 4188 τε
3514 4131 3609 4185 τοῦ
3658 4132 3802 4204 πρᾶο

2222 4238 2431 4292 γματος
2462 4222 2668 4293 ἐναργῆ
2718 4221 2991 4277 ποιεῖσθαι
3044 4222 3448 4296 μεμελετηκόσι
3475 4264 3490 4288 ,
3521 4223 3583 4277 τὸ
3626 4240 3805 4278 κατα-

2221 4313 2388 4368 σείειν
2417 4312 2637 4384 βωμούς
2682 4330 2740 4366 τε
2773 4314 2870 4367 καὶ.
2906 4313 3133 4386 στήλας,
3169 4315 3264 4369 καὶ
3287 4315 3592 4388 ἀνθρώπων
3631 4314 3799 4388 ἀθύρ-

2222 4420 2369 4475 ματα
2400 4402 2878 4475 παρεφθαρμένων
2909 4402 2999 4459 τὸν
3028 4403 3159 4463 νοῦν
3178 4444 3195 4472 ,
3245 4405 3405 4461 θείων
3455 4405 3609 4461 ἔσται
3645 4424 3803 4480 χαριι

2223 4494 2448 4564 σμάτων
2481 4493 2765 4567 πρόξενον.

2289 4584 2500 4640 IIAAA.
2548 4585 2794 4657 ⁹Δληθὲς.

2287 4677 2455 4733 ΚΥΡ.
2495 4678 2559 4731 Ei
2605 4678 2717 4751 γὰρ
2746 4678 2811 4752 δὴ
2853 4678 3089 4753 καθέλῃς
3118 4679 3186 4734 τὰ
3228 4680 3614 4753 χειροποιητᾶ,,
3643 4680 3818 4751 φιλοῖ*

2215 4768 2573 4844 λατρεύσειάς
2610 4788 2671 4824 τε
2706 4770 2849 4842 Θεῷ,
2883 4770 2954 4826 τά
2995 4775 3125 4846 παρ’
3165 4774 3395 4838 ἐκείνοις,
3416 4773 3511 4844 ἔθη
3561 4790 3774 4845 μεμιση

2216 4860 2350 4929 κὼς,
2384 4881 2405 4915 ι
2446 4862 2744 4934 Εὑλογήσω
2787 4863 2881 4919 τὸν
2911 4864 3075 4933 ἄρτον
3117 4883 3231 4933 σου,
3266 4865 3361 4921 καὶ
3388 4866 3479 4921 τὸν
3507 4861 3651 4919 οἶνόν
3682 4881 3803 4922 σου.

2214 4953 2309 5008 καὶ
2340 4953 2402 5008 τὸ
2423 4954 2578 5025 ’ὕδωρ
2617 4972 2733 5010 σου.
2777 4973 2797 5007 ι
2850 4956 3127 5021 Μυστικδς
3177 4959 3208 5011 δ
3247 4957 3408 5026 λόγος
3459 4958 3556 5011 καῖ
3604 4955 3815 5027 βαθύςι

2212 5044 2327 5107 τοῖς
2358 5043 2466 5115 γὰρ
2512 5043 2631 5115 Θεῷ
2660 5044 2925 5115 γνησίοις,
2976 5047 3112 5119 πρὸς
3148 5048 3401 5118 εὐλογίας
3444 5048 3597 5101 ἔσται
3635 5064 3809 5102 πνευ-

2215 5137 2474 5206 ματικῆς,
2504 5136 2613 5190 τῶν
2638 5136 2730 5189 τοῦ
2762 5138 2997 5209 Χριστοῦ
3030 5140 3402 5212 μυστηρίωνή
3431 5136 3671 5211 μέθεξις,
3706 5142 3809 5194 καὶ

2213 5227 2249 5296 ή
2276 5226 2363 5280 διὰ
2391 5226 2488 5281 τοῦ
2520 5226 2673 5297 ἁγίου
2707 5228 3084 5301 βαπτίσματος
3119 5232 3299 5303 χάρις.
3332 5233 3457 5294 Τοῖς
3490 5248 3554 5299 γε
3583 5232 3689 5303 μὴν
3723 5232 3805 5285 διο
3854 5244 3861 5249 ’

2210 5318 2474 5390 ψυχοῦσιν
2508 5320 2621 5386 ἔτι,
2663 5324 3046 5394 κεκινημένοις
3084 5326 3163 5388 είς
3187 5325 3511 5387 ἀπόστασιν,
3540 5323 3679 5396 ὀργὴ
3704 5325 3805 5378 καὶ

2208 5412 2552 5485 κατάκριμαο
2591 5415 2686 5470 καὶ
2723 5413 2777 5468 τί
2803 5415 2912 5487 γὰρ
2944 5415 3064 5487 οὐχὶ
3092 5415 3200 5471 τῶν
3232 5416 3442 5483 δεινῶν,
3472 5415 3535 5470 τὸ
3564 5414 3804 5487 μεταλα-

2210 5507 2326 5576 χεῖν
2339 5507 2456 5560 ἐστι
2472 5505 2551 5579 (1)
2581 5505 2681 5578 τῆς
2697 5506 2947 5577 εὐλογίας
2963 5507 3063 5579 τῆς
3083 5508 3458 5582 πνευματικῆς
3476 5526 3491 5577 ;
3507 5508 3601 5564 καὶ
3618 5505 3805 5583 τοῦτο,

588 5642 636 5675 ⁸⁸
660 5642 831 5703 Hebr.
854 5663 909 5713 ι,
930 5648 1023 5705 29.
1121 5657 1169 5692 ιν
1197 5650 1362 5708 Νιιιιι.
1388 5668 1539 5721 um,
1562 5653 1750 5712 50-52.
1827 5656 1873 5688 ⁸⁸
1896 5656 2070 5713 Exod.
2102 5674 2119 5714 ι

2238 5658 2429 5718 24-26.

597 5756 678 5831 (Ι)
710 5757 797 5816 ΔΙ.
825 5762 936 5818 Καὶ
964 5762 1073 5836 γὰρ
1096 5764 1197 5837 οὐχ
1223 5762 1387 5839 ἧττόν
1411 5785 1463 5823 τι
1485 5786 1534 5824 τ.
1564 5770 1613 5825 δ.
1644 5788 1693 5825 τ.
1725 5789 1783 5842 μ.
1822 5769 1996 5826 ἔσται.
