3990 6196
149 189 252 242 417

848 190 938 246 DE
974 190 1416 251 ADORATIONE
1449 194 1518 252 IN
1558 196 1827 254 SPIRITU
1865 198 1954 254 ET
1997 200 2362 258 VE‘RITATE.
2403 204 2534 261 [ΑΒ.
2574 208 2662 263 Vl.

3299 221 3405 276 418

146 298 315 375 οἶμαι,
356 306 524 371 ἐστιν,
567 305 597 360 δ
643 305 738 359 καὶ
769 307 797 360 ό
845 308 1006 378 σοφὸς
1037 307 1141 380 ἔφη
1184 310 1429 378 Παῦλος,
1476 312 1558 366 ὅτι
1599 333 1617 365 ι
1668 313 1705 367 ’1.

1823 315 1944 385 ptio
1973 335 1984 370 :
2011 317 2174 388 idque
2203 318 2336 374 illud
2363 329 2468 388 est,
2495 331 2556 377 ut
2578 332 2733 394 puto,
2754 325 2900 396 quod
2921 327 3140 398 sapiens
3161 330 3246 386 vir
3265 330 3406 387 Pau-

145 396 340 450 ἐσθίων
385 399 480 452 καὶ
533 397 702 451 πίνων
737 396 801 450 τὸ
847 399 1003 470 σῶμα
1039 401 1134 454 καὶ
1177 397 1317 473 αἷμα
1351 403 1446 456 τοῦ
1484 404 1721 476 Χριστοῦ

143 485 393 550 ἆναξίως,
422 487 741 559 κατάκριμα
771 488 947 560 ἐαυτῷ
971 490 1144 544 ἐσθίει
1187 493 1280 546 καὶ
1312 493 1450 559 πίει,
1493 493 1568 566 μὴ
1606 495 1722 548 δια-

139 577 341 648 πρίνων
363 577 424 630 τὸ
449 577 606 648 σῶμα
629 579 854 649 Κυρίου.
881 581 1231 652 Δοκιμαξέτω
1263 583 1373 646 es,»
1415 586 1600 656 φησὶν,
1647 607 1664 637 ι
1693 589 1721 640 ὁ

137 668 425 740 ἅνθρωπος
463 670 674 734 ἐαυτὸν,
698 670 794 722 κοιλ⁵
813 671 934 724 τότε
957 673 1019 725 ἐκ
1039 672 1133 726 τοῦ
1160 674 1325 744 ἄρτου
1354 675 1601 741 ἐσθιέτω,
1626 677 1722 730 καὶ

141 761 205 813 ἐκ
231 758 327 813 τοῦ
368 761 635 831 ποτηρῖου
672 762 899 815 πινέτω·
935 781 954 813 ι
998 763 1192 817 Ἔσται
1230 765 1410 818 τοίνυν
1444 766 1583 837 πρὸς
1625 767 1718 820 εὑ-

137 850 344 918 λογιας,
383 853 537 921 φησῖι,
568 852 676 905 τῶν
703 853 874 919 ἁγίων
925 855 1240 925 μυστηρίων
1274 857 1306 926 ἡ
1341 856 1575 926 μέθεξις,
1605 862 1720 923 τοῖς

137 961 197 1011 γε
244 943 324 1005 ὡς
367 929 586 1013 άληθῶς
617 944 1050 1013 φιλοθεωτάτοις.
1103 947 1212 1000 Καὶ
1242 947 1718 1020 ἀπαλλαγήσονται

134 1034 191 1086 δέ
258 1035 634 1105 μαλακισμοῢ,
692 1036 958 1099 τουτέστι,
1011 1037 1105 1090 τοῦ
1159 1043 1334 1093 νοσεῖν
1388 1041 1620 1112 ἑτοίμως
1657 1043 1718 1096 τὺ

134 1125 342 1178 ἀδικεῖν
377 1127 638 1194 πεφυκὸς,
662 1127 754 1180 καὶ
780 1128 1116 1198 ἀποκομίζον
1146 1132 1224 1194 εἰς
1244 1131 1535 1204 ἀνανδρίαν
1555 1150 1568 1164 ν
1601 1133 1714 1188 ἀλλ’

133 1215 251 1267 οὑδέ
287 1215 478 1284 ἄγονος
495 1216 668 1278 ἐσται,
702 1217 886 1288 φησὶν,
919 1219 977 1270 ἐν
1005 1219 1206 1284 αὑτοῖς,
1237 1221 1356 1274 οὑδὲ
1376 1225 1582 1294 στεῖρα.
1615 1224 1714 1277 Γο-

133 1307 416 1378 νιμωτάτη
438 1307 548 1380 γὰρ
571 1310 718 1361 πᾶσα
753 1309 1000 1382 θεοφιλὴς
1027 1313 1120 1364 καί
1139 1311 1259 1365 ὁσία
1273 1313 1441 1384 ψυχὴ,
1464 1316 1557 1369 καὶ
1583 1333 1717 1389 καρ-

134 1401 252 1462 ποῖς
299 1400 478 1467 ἁγίοις
519 1397 852 1474 κατάκομος,
887 1405 1030 1476 φημὶ
1069 1405 1126 1458 δὲ
1175 1406 1237 1476 δὴ
1277 1407 1460 1475 πάλιν,
1513 1412 1627 1474 τοῖς
1657 1411 1715 1478 ἐξ

129 1489 338 1559 ἀρετῆς
371 1490 511 1561 αύχή
522 1508 704 1560 μασιν.

195 1582 417 1635 ΠΑΔΛ.
457 1573 588 1635 Ὧδε
629 1583 762 1655 ἔχει.

1826 406 1911 461 lus
1942 408 2078 464 dixit
2104 428 2116 464 :
2159 429 2178 462 ι
2217 409 2321 477 Qui
2345 413 2638 470 manducet
2660 424 2717 471 et
2737 417 2878 474 bibit
2901 407 3105 476 Christi
3129 437 3330 493 corpus
3352 432 3408 476 et

1824 497 2143 566 sanguinem
2165 499 2412 582 indigne,
2429 502 2704 571 judicium
2727 505 2830 560 sibi
2853 508 3146 564 manducat
3165 521 3220 565 et
3238 510 3401 575 bibit,

1825 602 1934 638 non
1957 587 2493 659 dijudicanscorpus.
2514 590 2714 647 Probet
2726 602 2930 661 autem,
2944 615 2960 645 ι
2984 595 3182 666 inquit,
3196 617 3213 648 1
3235 597 3402 652 homo

1821 692 1879 731 se
1905 677 2112 747 ipsum;
2143 688 2197 734 et
2221 690 2354 736 tunc
2376 681 2444 738 de
2474 697 2614 752 pane
2642 684 2736 738 illo
2759 685 2904 751 edat,
2935 696 2990 742 et
3014 688 3082 742 de
3111 688 3282 744 calice
3311 689 3399 760 bi-

1821 767 1912 823 bat
1951 769 2013 823 ”.
2051 789 2068 821 ι
2100 770 2172 825 Iis
2202 771 2369 841 igitur
2405 773 2498 842 qui
2521 789 2650 828 vere
2685 775 2782 830 Dei
2819 787 2947 831 sunt
2975 787 3271 846 amatores,
3299 796 3399 851 pro

1821 858 2222 926 benedictione,
2256 862 2452 932 inquit,
2483 865 2644 934 178
2669 866 2776 920 erit
2805 867 2895 922 illa
2921 879 3233 924 sanctorum
3278 884 3396 943 my-

1820 952 2112 1006 steriorum
2145 954 2596 1022 communicatio;
2629 964 2685 1009 et
2723 959 2792 1012 ab
2837 959 3151 1015 infirmitate
3193 963 3395 1018 libera-

1820 1042 2047 1108 buntur,
2082 1043 2136 1098 id
2161 1052 2264 1109 est,
2300 1059 2370 1099 ne
2399 1045 2569 1100 libere
2593 1048 2644 1101 ei
2670 1049 2861 1103 morbo
2894 1053 3272 1117 succumbant,
3301 1055 3394 1123 qui

1819 1135 1988 1200 laedit,
2014 1143 2068 1190 et
2090 1137 2157 1190 ad
2183 1137 2453 1207 ignaviam
2479 1139 2732 1204 abducit;
2769 1157 2945 1212 neque
2971 1143 3283 1209 infecunda,
3313 1147 3398 1200 in-

1818 1225 1956 1294 quit,
1976 1226 2082 1278 erit
2107 1225 2160 1278 in
2187 1227 2313 1290 illis,
2333 1242 2510 1297 neque
2528 1229 2761 1284 sterilis:
2782 1231 3170 1289 fecundissima
3193 1237 3395 1306 quippe

1817 1324 1901 1368 est
1931 1316 2108 1370 omnis
2130 1316 2225 1370 Dei
2255 1332 2444 1372 amans
2472 1326 2526 1372 et
2567 1329 2754 1375 sancta
2795 1324 2994 1388 anima,
3036 1334 3092 1380 et
3125 1326 3396 1384 fructibus

1818 1406 2040 1472 sanctis,
2068 1407 2259 1477 gloria,
2294 1408 2536 1477 inquam,
2571 1411 2836 1465 virtutum
2863 1423 3074 1470 ornata.

1886 1583 2083 1638 PALL.
2112 1585 2202 1640 Sic
2228 1600 2284 1640 se
2307 1541 2396 1642 res
2419 1586 2604 1643 habet.

192 1673 371 1728 KTP.
415 1675 846 1729 Εὑκατάσειστον
894 1677 950 1750 δέ
995 1677 1093 1748 τὴν
1143 1679 1370 1749 καρδίαν
1425 1680 1568 1751 ἐχειν
1615 1685 1705 1738 οὑκ

1887 1673 2043 1728 CYR.
2073 1673 2210 1742 Quia
2242 1692 2374 1731 vero
2406 1679 2655 1734 mutabili
2694 1681 2858 1737 corde
2889 1697 2990 1738 nos
3017 1699 3139 1739 esse
3169 1685 3392 1743 minime

121 1765 252 1829 ἐῶν,
290 1767 620 1838 εὑμηχανῶς
666 1770 947 1842 ἐπιτρέπει
996 1772 1130 1840 πρὸς
1161 1772 1222 1826 τὸ
1250 1774 1360 1827 δεῖν
1393 1774 1608 1830 ἑλέσθαι
1649 1779 1711 1831 τὸ

121 1856 368 1927 βεϐηκὸς
396 1861 474 1922 εἰς
505 1859 704 1923 πῖστιν,
736 1862 829 1914 καὶ
861 1861 1252 1925 εἰςεὺσέϐειαν
1281 1865 1549 1934 ἀσφαλές·
1581 1869 1711 1921 ποτὲ

122 1949 223 2018 μὲν
272 1950 388 2020 γάρ
432 1949 713 2020 λογισμοῖς
753 1955 867 2017 τοῖς
915 1953 1242 2025 καθήκουσιν
1301 1958 1710 2026 μεταπαιδεύων

117 2043 210 2095 ἐπὶ
239 2043 308 2095 τὸ
350 2043 594 2113 ἄμεινον,
641 2044 1073 2110 άποσπουδάξειν
1125 2046 1356 2114 κελεύει,
1413 2047 1610 2118 μᾶλλον
1654 2050 1709 2103 δέ

123 2133 574 2204 ἀποστρέφεσθαι
626 2135 924 2201 παντελῶς,
950 2129 1024 2201 ὡς
1068 2136 1287 2208 ὀλέθρου
1338 2138 1617 2207 πρόξενον,
1650 2141 1709 2192 τὺ

121 2223 278 2277 θύειν
308 2224 546 2288 εἰδώλοις
575 2225 608 2295 ἦ
652 2230 1000 2297 προσκυνεῖν,
1038 2228 1290 2297 διαϐολῆς
1327 2230 1426 2301 τῆς
1454 2231 1705 2300 ἐσχάτης,

127 2319 333 2388 μᾶλλον
357 2319 416 2372 δὲ
436 2319 752 2384 δυσσεὸεἰας
777 2319 876 2390 τῆς
903 2322 1163 2375 ἀνωτάτω
1189 2323 1404 2386 δεικνὺς
1425 2325 1709 2380 ἀνάπλεων

124 2409 225 2479 τὴν
261 2411 473 2463 τοιάνδε
503 2411 678 2464 νόσονο
706 2411 835 2466 ποτέ
862 2412 918 2465 δὲ
949 2413 1043 2466 καὶ
1076 2413 1263 2483 φόϐον,
1301 2415 1392 2468 τὸν
1422 2416 1516 2469 τοῦ
1547 2417 1708 2470 κολά-

126 2501 320 2564 ζεσθαι
367 2502 531 2571 λέγω,
573 2505 916 2573 παιδαγωγὸν
950 2505 1139 2576 ὥσπερ
1181 2507 1305 2559 τινα
1337 2509 1432 2560 καὶ
1466 2513 1708 2576 γενναῖον

124 2596 256 2665 ἡμῖν
289 2597 594 2667 ἐπιστήσας
633 2596 870 2665 φύλακα,
903 2599 1222 2669 περιτρέπει
1256 2600 1592 2670 πανταχόθεν
1615 2603 1707 2655 ἐπὶ

125 2687 184 2739 τὸ
237 2687 477 2758 ἀρέσκον
527 2687 690 2760 αὑτῷ.
739 2690 849 2743 Καὶ
900 2690 1030 2760 γοῦν
1078 2693 1136 2744 ἐν
1174 2689 1252 2761 τῷ
1303 2693 1706 2766 Δευτερονομίῳ

129 2779 295 2846 φησιν
335 2780 364 2832 ό
405 2779 673 2850 μακάριος
711 2780 919 2851 Μωσῆς
944 2796 957 2811 ο
988 2800 1014 2832 4
1053 2782 1164 2836 Καὶ
1212 2782 1384 2836 ταῦτα
1436 2785 1504 2838 τὰ
1539 2803 1708 2858 προσ-

127 2872 382 2939 τάγματα
417 2872 510 2926 καὶ
554 2871 625 2924 τά
670 2872 934 2944 κρίματα,
966 2871 1320 2944 ἂφυλάξεσθε
1362 2877 1455 2930 τοῦ
1483 2878 1706 2947 ποιῆσαι

127 2964 218 3015 ἐπὶ
255 2963 356 3031 τῆς
405 2967 531 3034 γῆς,
582 2966 647 3036 ἦν
674 2965 875 3038 Κύριος
909 2970 937 3020 ὁ
963 2966 1094 3030 Θεὸς
1119 2965 1227 3020 τῶν
1269 2967 1520 3038 πατέρων
1551 2969 1704 3039 ὑμῶν

124 3053 339 3108 δῖδωσιν
373 3056 504 3125 ὑμῖν
532 3057 588 3108 ἐν
619 3055 804 3129 κλήρῳ
831 3057 1010 3122 πάσας
1034 3059 1132 3121 τὰς
1159 3059 1393 3129 ἡμέρας,
1439 3059 1505 3123 ἃς
1548 3060 1704 3131 ὑμεῖς

121 3145 250 3217 ζῆτε
291 3147 387 3200 ἐπὶ
426 3147 525 3217 τῆς
561 3149 682 3219 γῆς.
747 3149 1018 3222 Ἀπωλείᾳ
1045 3150 1296 3204 ἀπολεῖτε
1327 3152 1533 3215 πάντας
1577 3152 1706 3216 τοὺς

121 3237 343 3301 τόπους,
373 3239 434 3292 ἐν
472 3235 554 3302 οἷς
609 3240 945 3312 ἐλάτρευσαν
992 3243 1109 3295 ἐκεῖ
1155 3242 1222 3294 τὰ
1258 3241 1386 3313 ἔθνη
1425 3245 1536 3306 τοῖς
1563 3243 1704 3308 θεοῖς

116 3329 327 3391 αὑτῶν,
353 3328 450 3393 οὓς
475 3331 635 3401 ὑμεῖς
655 3331 1037 3403 κληρονομεῖτε
1061 3333 1257 3397 αὑτοὺς
1287 3334 1380 3386 ἐπὶ
1403 3334 1510 3387 τῶν
1533 3334 1704 3406 ὀρέων

113 3419 225 3474 τῶν
264 3419 512 3490 ὑψηλῶν,
552 3422 647 3475 καὶ⁸
677 3423 770 3475 ἐπὶ
802 3422 908 3476 τῶν
935 3422 1115 3488 θινῶν,
1153 3425 1247 3477 καὶ
1278 3425 1537 3480 ὑποκάτω
1589 3425 1705 3479 δέν-

109 3508 244 3578 δρου
274 3509 494 3573 δασέος.
545 3512 655 3566 Καὶ
687 3513 1069 3584 κατασκάψετε
1099 3514 1225 3578 τοὺς
1257 3514 1472 3586 βωμοὺς
1504 3515 1700 3582 αὑτῶν,

109 3601 209 3654 καὶ
245 3602 578 3675 συντρίψετε
611 3604 713 3668 τὰς
751 3605 951 3677 στήλας
985 3604 1186 3669 αὐτῶν,
1221 3605 1315 3658 καὶ
1341 3606 1408 3659 τὰ
1438 3605 1575 3679 ἄλση
1601 3607 1702 3661 αὑ-

106 3691 221 3745 τῶν
266 3695 560 3764 ἐκκόψετε,
607 3697 701 3750 καὶ
731 3697 798 3750 τὰ
827 3697 1039 3766 γλυπτὰ
1070 3697 1179 3752 τῶν
1215 3695 1353 3750 θεῶν
1381 3697 1562 3752 αὐτῶν
1597 3715 1701 3752 κα-

107 3783 432 3838 τακαύσετε
457 3788 610 3857 πυρὶ,
641 3788 734 3842 καὶ
758 3788 1010 3842 ἀπολεῖτέ
1033 3789 1093 3842 τὸ
1112 3789 1283 3860 ὄνομα
1304 3789 1483 3842 αὑτῶν
1517 3791 1582 3842 ἐκ
1605 3791 1700 3843 τοῦ

108 3876 284 3928 τόπου
323 3877 556 3932 ἐκείνου,
587 3899 606 3930 ι
637 3881 700 3932 Oi
722 3879 820 3950 μὲν
863 3879 1130 3951 Ἑλλήνων
1161 3875 1433 3949 σοφοὶ’καὶ
1456 3879 1698 3949 λογάδες,

107 3967 346 4036 ποιηταὶ
387 3967 448 4021 δὲ
487 3969 742 4039 μάλιστα,
769 3971 1020 4043 ὀρειάδας
1046 3970 1197 4036 τινὰς
1230 3972 1322 4026 καὶ
1350 3970 1702 4042 ἁμαδρυάδας

105 4059 449 4128 ὀνομάζουσι
487 4061 724 4133 νύμφας,
775 4064 894 4135 ἦτοι
942 4063 1220 4135 δαίμονας.
1275 4064 1396 4118 Εἰσὶ
1421 4064 1477 4117 δὲ
1524 4061 1700 4118 οἱκαὶ

105 4152 228 4214 τοῖς
283 4151 429 4204 κατὰ
477 4152 641 4206 τόπον
696 4153 955 4225 ὑψώμασι
988 4156 1117 4218 τοὺς
1148 4153 1299 4226 παρὰ
1349 4154 1501 4223 σφίσι
1533 4156 1698 4225 τιμᾷν

107 4239 390 4310 ᾑρημένοι
416 4241 594 4306 θεοὺς,
625 4242 840 4314 βωμοὺς
867 4245 1109 4308 ἱστάντες
1136 4245 1194 4297 ἐν
1214 4244 1385 4314 ὄρεσι,
1422 4243 1698 4314 βουθυτεῖν

1814 1762 2038 1830 patitur,
2074 1762 2368 1821 artiﬁciose
2398 1765 2465 1820 ad
2506 1768 2860 1824 stabilitatem
2900 1770 3025 1826 ﬁdei
3067 1773 3392 1844 pietatisque

1813 1851 2125 1908 ﬁrmitatem
2169 1857 2601 1926 amplectendam
2645 1860 2915 1916 convertit
2953 1880 2965 1914 :
2998 1877 3393 1934 nonnunquam

1811 1943 1960 1996 enim
1994 1945 2452 2002 convenientibus
2492 1949 2799 2005 rationibus
2823 1951 2889 2005 ad
2928 1951 2982 2005 id
3026 1954 3171 2022 quod
3199 1955 3395 2010 melius

1810 2042 1895 2088 est
1945 2036 2257 2102 traducens,
2285 2039 2556 2096 idolorum
2585 2041 2915 2097 sacriﬁcium
2947 2044 3392 2102 adorationcmve

1811 2130 2106 2201 negligere,
2132 2131 2241 2186 imo
2263 2149 2394 2187 vero
2421 2135 2662 2189 aversari
2687 2152 2934 2206 prorsus,
2963 2145 3024 2192 ut
3050 2139 3241 2193 mortis
3263 2156 3393 2195 eon-

1810 2223 2132 2278 ciliatricem
2152 2225 2340 2296 jubet;
2367 2227 2637 2296 ejusmodi
2663 2228 2913 2282 morbum
2944 2230 3251 2299 gravissimi
3277 2231 3389 2286 eri-

1810 2315 1994 2379 minis,
2016 2315 2130 2370 imo
2152 2333 2284 2372 vero
2310 2327 2566 2373 extrema:
2592 2318 2886 2389 impietatis
2909 2321 3129 2389 plenum
3153 2336 3272 2376 esse
3297 2322 3393 2376 de-

1810 2414 2119 2462 monstrans
2158 2425 2170 2461 :
2206 2424 2602 2480 nonnunquam
2639 2426 2771 2465 vero
2796 2420 3024 2476 metum,
3068 2427 3264 2481 pinnae,
3301 2413 3389 2468 ir.-

1809 2509 1994 2564 quam,
2019 2494 2390 2563 formidinem,
2427 2498 2596 2552 veluti
2632 2497 2980 2569 ptedagogum
3017 2500 3273 2570 aliquem,
3302 2511 3388 2556 at-

1807 2601 1914 2656 que
1961 2603 2212 2642 severum
2257 2590 2560 2655 custodem,
2606 2589 2770 2646 nobis
2807 2606 3108 2661 Opponeus,
3145 2592 3389 2662 undique

1808 2679 1875 2734 ad
1916 2681 1971 2751 id
2008 2683 2154 2752 quod
2183 2683 2287 2739 sibi
2333 2685 2511 2755 placet
2551 2683 2793 2739 adducit.
2820 2683 3008 2753 Itaque
3039 2684 3094 2738 in
3119 2685 3387 2739 Deutero—

1806 2774 1992 2829 nomio
2046 2775 2222 2847 inquit
2249 2776 2443 2832 beatus
2476 2776 2735 2848 Moyses:
2773 2797 2792 2829 ι
2825 2777 2892 2832 Et
2933 2777 3048 2832 haec
3076 2785 3204 2831 sunt
3244 2775 3408 2847 prac-'

1808 2875 1964 2935 cepta
1987 2874 2042 2921 et
2061 2867 2269 2938 judicia
2303 2884 2426 2938 qua:
2467 2867 2780 2933 servabitis,
2811 2875 2872 2922 ut
2895 2868 3107 2922 faciatis
3161 2868 3388 2923 interra

1732 2997 1774 3055 ο
1808 2944 1972 3028 quam
1998 2959 2262 3014 Dominus
2288 2960 2433 3014 Deus
2453 2967 2674 3029 patrum
2698 2967 3007 3014 vestrorum
3035 2959 3126 3014 dat
3150 2960 3305 3014 vobis
3332 2961 3387 3016 in

1807 3052 2227 3122 possessionem,
2273 3051 2530 3108 omnibus
2574 3051 2772 3107 diebus
2821 3051 3024 3122 quibus
3067 3067 3165 3106 vos
3205 3050 3389 3106 vivitis

1805 3158 1972 3214 super
2019 3153 2241 3198 terram.
2273 3143 2589 3198 Perditione
2631 3143 2875 3213 perdetis
2919 3145 3102 3199 omnia
3141 3144 3279 3209 loca,
3327 3144 3385 3199 in

1804 3234 2007 3304 quibus
2035 3233 2345 3288 servierunt
2375 3240 2564 3303 gentes
2604 3233 2710 3287 diis
2749 3249 2963 3298 eorum,
2993 3250 3114 3303 quae
3137 3249 3233 3288 vos
3255 3250 3386 3304 pos-

1803 3322 2072 3389 sidebitis,
2098 3325 2153 3378 in
2187 3324 2466 3380 montibus
2486 3325 2739 3390 excelsis,
2764 3334 2820 3380 et
2843 3325 2898 3378 in
2925 3325 3174 3387 collibus,
3203 3332 3258 3379 et
3278 3325 3384 3380 sub

1803 3415 2001 3471 arbore
2024 3429 2193 3486 opaca
2225 3432 2238 3468 :
2261 3423 2318 3471 et
2340 3416 2601 3472 evertetis
2626 3431 2750 3472 aras
2770 3430 2983 3478 eorum,
3008 3423 3064 3468 et
3085 3415 3385 3470 eonterctis

1805 3505 1994 3561 titulos
2034 3522 2248 3572 eorum,
2291 3515 2347 3562 et
2383 3508 2538 3562 lucos
2567 3522 2760 3562 eorum
2801 3505 3114 3570 suceidetis,
3153 3513 3209 3560 et
3234 3507 3380 3561 scut--

1801 3599 1958 3670 ptilia
1998 3598 2227 3654 deorum
2269 3613 2461 3654 eorum
2493 3598 2830 3654 comburetis
2869 3597 3004 3669 igni,
3043 3606 3099 3653 et
3140 3598 3385 3668 perdetis

1801 3703 2002 3742 nomen
2040 3701 2232 3743 eorum
2267 3703 2335 3743 ex
2365 3689 2486 3744 loco
2509 3688 2604 3744 illo
2641 3689 2708 3742 ⁷⁸.
2741 3707 2760 3740 ι
2805 3687 3117 3743 Graecorum
3159 3687 3384 3758 quidem

1801 3776 2077 3846 sapientes
2097 3785 2153 3831 et
2184 3778 2371 3832 eximii
2396 3777 2540 3833 inter
2575 3786 2822 3844 caeteros,
2854 3786 3027 3848 poetae
3047 3794 3177 3833 vero
3207 3779 3382 3833 maxi-

1801 3882 1920 3932 me,
1975 3867 2206 3922 oreadas
2240 3869 2521 3945 quasdam
2561 3879 2617 3924 et
2658 3869 3055 3940 hamadryadas
3092 3870 3381 3940 nymphas,

1800 3959 2076 4014 daemones
2097 3959 2373 4024 videlicet,
2401 3961 2694 4030 appellant.
2720 3961 2892 4014 Erant
2917 3959 3083 4014 etiam
3108 3960 3225 4029 qui,
3253 3974 3381 4014 cum

1799 4051 1936 4105 locis
1957 4049 2282 4104 editioribus
2312 4065 2442 4104 suos
2473 4050 2606 4104 deos
2627 4049 2879 4105 venerari
2900 4050 3122 4113 vellent,
3153 4049 3266 4104 aris
3287 4065 3384 4104 ex-

1798 4141 2025 4197 structis
2074 4141 2128 4194 in
2175 4140 2473 4203 montibus,
2517 4140 2686 4194 boves
2725 4139 3012 4194 immolare
3047 4140 3378 4208 studebant;

1797 4240 1854 4288 et
1893 4247 2018 4286 eum
2053 4231 2199 4286 circa
2232 4231 2588 4286 formosiores
2627 4230 2854 4285 arbores
2885 4238 3093 4286 statuas
3117 4240 3173 4286 et
3204 4233 3375 4287 simu-

109 4330 472 4394 ἐσπούδαζον,
495 4333 588 4386 καὶ
613 4336 725 4399 τοῖς
753 4335 860 4389 τῶν
885 4335 1114 4406 δένδρων
1136 4337 1516 4408 εύφυεστέροις
1544 4354 1696 4409 περι-

1805 4322 1946 4377 lacra
1993 4320 2302 4375 dmmonum
2364 4319 2808 4384 constituissent,
2862 4319 3058 4374 ovibus
3106 4318 3380 4374 caedendis

111 4419 442 4490 ιδρύσαντες
477 4423 571 4494 ἐλη
606 4425 698 4478 καὶ¹
727 4424 1017 4494 δαιμονίων
1055 4426 1370 4497 ἰνδάλματα,
1417 4427 1696 4499 μηλοσφα-

105 4511 268 4579 γὶαις
298 4513 615 4584 ἐκέχρηντο.
656 4516 792 4569 Ἀλλ’
811 4512 878 4587 ἦν
898 4518 1192 4586 ἀναγκαῖον
1220 4519 1694 4593 κατορῤωδοῦντας

104 4603 273 4656 οὐδὲν
315 4607 444 4668 τοὺς
488 4607 590 4660 ὑπὸ
617 4606 734 4676 Θεῷ
761 4607 1053 4676 γεγονότας
1093 4607 1170 4679 τῷ
1201 4609 1320 4662 κατ’
1351 4609 1607 4681 ἀλήθειάν
1633 4629 1693 4664 τε

106 4690 212 4740 καὶ
238 4689 422 4757 φύσει,
447 4692 511 4744 τὰ
533 4693 641 4745 τῶν
669 4694 1034 4765 πλανωμένων
1056 4696 1363 4749 κατασείειν
1380 4697 1690 4769 ἀθύρματα,

107 4779 213 4831 καὶ
261 4779 373 4831 τῶν
421 4783 548 4851 παρ’
584 4783 811 4847 ἐκείνοις
853 4785 992 4838 ἐθῶν
1032 4785 1107 4848 ὼς
1157 4786 1427 4840 ἀπωτάτω
1476 4792 1692 4861 χωρεῖν.

107 4870 413 4941 Τοιγάρτοι
448 4873 580 4943 φησὶ
634 4874 824 4927 πάλινο
877 4893 895 4926 ι
951 4873 1075 4928 Ἐάν
1107 4875 1163 4928 δὲ
1197 4877 1553 4952 ἐξολοθρεύσῃ
1584 4879 1698 4934 Κύ-

107 4978 237 5032 ριος
281 4964 312 5015 ό
363 4963 494 5028 Θεός
539 4981 632 5017 σου
668 4965 737 5017 τὰ
768 4965 915 5036 ἔθνη,
971 4967 1048 5028 εὶς
1087 4964 1179 5030 οὒς
1216 4967 1280 5020 σὺ
1315 4967 1554 5039 πορεύσῃ
1584 4969 1701 5022 ἐκεῖ

103 5053 208 5106 τοῦ
247 5055 658 5126 κληρονομῆσαι
709 5056 805 5128 τὴν
854 5057 958 5127 γῆν
999 5057 1200 5122 αὑτῶν,
1254 5058 1361 5111 ἀπὸ
1407 5059 1696 5129 προσώπου

98 5161 237 5209 σου,
266 5147 362 5196 καὶ
401 5146 962 5218 κατακληρονομήσῃς
989 5147 1206 5211 αὐτοὺς,
1247 5149 1341 5200 καὶ
1367 5150 1699 5222 κατοικήσῃς

96 5237 166 5288 ἐν
230 5237 300 5304 τῇ
362 5236 434 5304 γῇ
480 5223 958 5308 αὑτῶν,’πρόσεχε
1009 5234 1211 5304 σαυτῷ,
1262 5235 1337 5307 μὴ
1375 5237 1689 5312 ἐκζητήσῃς

95 5325 561 5395 ἐπακολουθῆσαι
602 5329 784 5390 αὐτοῖς
833 5327 972 5400 μετὰ
1017 5327 1077 5380 τὸ
1122 5327 1561 5400 ἐξολοθρευθῆναι
1596 5334 1698 5386 αύ-

88 5417 246 5478 τοὺς
297 5415 409 5468 ἀπὸ
456 5418 748 5486 προσώπου
798 5434 922 5477 σου,
973 5417 1032 5468 οὑ
1091 5415 1165 5486 μὴ
1217 5416 1523 5489 ἐκζητήσῃς
1571 5423 1697 5486 τοὺς

91 5507 278 5570 θεοὺς
298 5507 504 5572 αὐτῶν,
530 5508 725 5577 λέγων,
758 5508 882 5571 Πῶς
908 5507 1120 5562 ποιοῦσι
1138 5507 1204 5561 τὰ
1228 5507 1355 5580 ἔθνη
1385 5509 1555 5565 ταῦτα
1582 5515 1694 5577 τοῖς

183 5626 241 5659 ⁸⁵
264 5626 285 5682 1
308 5627 437 5716 flor.
467 5644 546 5696 ιι,
569 5628 659 5694 27,
691 5630 780 5686 28.
859 5632 904 5664 '°
945 5631 1104 5686 Deut.
1144 5647 1240 5699 xu,
1268 5631 1380 5686 1-5.

1802 4428 2025 4484 operam
2051 4412 2272 4466 dabant.
2309 4409 2414 4466 Sed
2450 4426 2672 4466 necesse
2709 4420 2828 4466 erat
2855 4418 2937 4476 ut,
2979 4409 3029 4464 ei
3061 4411 3154 4479 qui
3184 4421 3378 4465 natura

1799 4512 1858 4560 et
1894 4520 2023 4560 vere
2064 4503 2210 4559 Deus
2244 4510 2347 4568 est,
2377 4504 2606 4575 subjecti
2638 4503 2908 4568 homines,
2933 4501 3072 4556 nihil
3114 4502 3377 4572 pertime-

1796 4605 2032 4661 scentes,
2060 4597 2364 4652 errantium
2406 4596 2690 4651 hominum
2722 4597 2933 4652 ludicra
2958 4594 3374 4658 demolirentur,

1795 4690 1941 4745 etab
1977 4691 2192 4745 illoru-m
2224 4690 2468 4744 moribus
2493 4689 2809 4760 longissime
2842 4688 3181 4745 recederent.
3219 4688 3374 4742 Ideo—

1796 4798 1904 4852 que
1939 4797 2132 4836 rursus
2168 4780 2343 4835 dicit:
2380 4799 2396 4830 ι
2432 4779 2568 4835 Cum
2598 4777 2758 4850 179
2786 4777 3235 4834 exterminaverit
3267 4779 3376 4834 Do-

1797 4871 1980 4927 minus
2000 4872 2146 4926 Deus
2174 4881 2299 4926 tuus
2321 4879 2510 4942 gentes
2554 4885 2690 4940 quas
2718 4879 2774 4924 tu
2799 4868 3145 4940 ingrcdieris,
3173 4875 3230 4921 ut
3254 4882 3379 4936 pos-

1797 4963 1976 5018 sideas
2010 4971 2230 5027 terram,
2263 4979 2293 5017 a
2327 4963 2462 5017 facie
2488 4970 2601 5026 tua,
2626 4969 2681 5016 et
2712 4961 3023 5032 possederis
3045 4979 3161 5029 eos,
3189 4975 3244 5020 et
3276 4966 3377 5022 ha-

1798 5056 2059 5111 bitaveris
2081 5057 2134 5109 in
2160 5065 2304 5111 terra
2329 5055 2594 5125 ipsorum,
2618 5070 2748 5111 eave
2774 5055 2871 5109 tibi
2900 5055 3025 5127 ipsi,
3050 5073 3118 5111 ne
3155 5059 3380 5115 studeas

1802 5148 1961 5219 sequi
1982 5163 2096 5213 eos,
2122 5157 2407 5218 postquam
2432 5149 2773 5204 exterminati
2796 5147 3000 5204 fuerint
3019 5165 3048 5204 a
3078 5149 3215 5206 facie
3252 5161 3375 5218 tua;

1802 5254 1910 5293 non
1942 5237 2195 5306 quuirts
2227 5238 2359 5293 deos
2382 5238 2804 5304 eorum,dicens
2829 5256 2842 5292 :
2865 5237 3148 5306 Quomodo
3173 5241 3378 5295 faciunt

1799 5340 1988 5402 gentes
2033 5330 2115 5384 lue
2164 5329 2270 5384 diis
2310 5331 2444 5395 suis,
2495 5330 2573 5385 sic
2616 5340 2671 5386 et
2720 5346 2821 5402 ego
2869 5331 3098 5397 faciam;
3145 5347 3253 5386 non
3297 5332 3377 5386 sic

1797 5419 1966 5474 facies
1994 5418 2224 5472 Domino
2254 5420 2364 5473 Deo
2391 5429 2486 5473 tuo
2515 5438 2528 5472 :
2559 5420 2996 5475 abominationes
3035 5421 3183 5475 enim
3236 5435 3374 5488 quas

1797 5506 2062 5568 Dominus
2101 5510 2237 5578 odit,
2269 5511 2519 5568 fecerunt
2551 5512 2659 5568 diis
2697 5513 2840 5580 suis;
2870 5527 2997 5566 nam
3034 5511 3200 5566 etiam
3233 5509 3378 5576 ﬁlios
