3990 6196
557 207 662 264 419

1580 198 1649 254 ⁷5.
1692 194 1965 255 CYRILLI
2003 188 2472 253 ALEXANURINI
2510 197 2826 257 ARCiilEP.

559 343 690 384 suos
723 333 780 384 et
819 320 962 383 filias
1004 335 1133 380 suas
1171 320 1502 377 comburunt
1538 318 1651 391 igni
1695 319 1804 376 dlis
1839 320 1956 376 suis
1995 319 2063 373 τί.
2115 337 2133 370 ι

2241 318 2380 383 Θεοῖς
2404 321 2628 387 αὐτῶν,
2659 326 2871 395 ποιήσω
2902 327 2998 380 καὶ
3022 323 3149 393 ἐγὼδ
3180 322 3242 377 οὐ
3276 318 3508 394 ποιήσῂς
3534 320 3679 375 οὕτω
3712 321 3821 389 lio-3

558 420 707 476 Bene
741 416 996 489 prohibet
1033 413 1260 469 omnino
1312 410 1592 484 iegislator
1639 427 1710 467 ne
1734 412 2032 468 errantium
2060 411 2138 467 ri-

558 519 649 565 tus
672 508 986 579 imitentur,
1011 512 1067 561 et
1092 503 1161 559 ab
1187 503 1353 575 impia
1378 502 1470 559 illa
1498 500 1799 560 liberorm
1822 503 1968 560 caede
1990 519 2141 559 rece-

558 600 693 654 dere
711 599 869 671 jubet
888 638 904 663 ,
934 594 1167 666 illosque
1205 594 1488 667 sanguinis
1514 594 1764 665 cupidos,
1795 603 1852 650 et
1889 595 2009 650 falsi
2036 610 2139 650 no-

559 692 723 747 minis
788 690 922 747 deos
991 697 1342 758 Corruptores
1410 700 1476 742 ac
1537 686 1843 758 perditores
1912 686 2139 742 humani

556 783 776 855 generis
817 797 937 838 esse
980 781 1244 853 coarguit,
1269 779 1364 850 qui
1388 780 1694 843 teterrime,
1720 790 1832 848 pra:
1875 794 1970 838 sua
2012 779 2140 835 libi-

557 875 710 940 dine,
732 875 850 945 ipsa
872 886 1092 943 quoque
1115 872 1440 927 necessariae
1460 871 1991 942 benevolentiarjura
2012 886 2144 926 con-

558 974 806 1022 temnant
848 984 862 1020 :
906 984 925 1016 ι
974 964 1193 1020 Creavit
1224 964 1373 1020 enim
1407 963 1590 1018 omnia
1621 963 1796 1027 Deus,
1837 969 1897 1017 ut
1935 969 2139 1027 essent,

559 1064 616 1111 et
636 1057 901 1112 salutares
924 1062 1053 1109 sunt
1075 1053 1455 1125 generationes
1476 1051 1692 1116 mundi,
1716 1059 1772 1107 et
1804 1067 1913 1106 non
1942 1059 2027 1106 est
2053 1050 2142 1105 in-

558 1148 803 1203 ferorum
829 1160 1058 1216 regnum
1087 1145 1141 1198 in
1180 1153 1347 1198 terra.
1374 1142 1584 1198 invidia
1610 1157 1739 1197 vero
1763 1141 1968 1197 diaboli
1993 1158 2144 1198 mors

558 1237 807 1293 introivit
829 1238 885 1292 in
907 1234 1171 1291 mundum
1190 1236 1257 1289 ".
1290 1252 1308 1287 ι
1337 1235 1416 1290 Ac
1438 1234 1621 1289 divina
1642 1232 1865 1303 quidem
1890 1235 2144 1289 voluntas

556 1329 756 1386 evertit
786 1337 1039 1394 mortem,
1080 1327 1480 1396 interitumque
1522 1325 1777 1391 destruit,
1818 1334 1875 1381 et
1916 1341 1980 1381 ea
2022 1342 2143 1397 qua:

558 1432 706 1494 sunt,
731 1422 913 1492 perire
955 1436 1064 1475 non
1106 1420 1347 1490 patitur;
1386 1417 1594 1473 creavit
1633 1418 1804 1483 enim,
1834 1425 1895 1473 ut
1935 1426 2139 1485 essent,

559 1513 763 1577 omnia,
788 1511 933 1566 sicut
959 1510 1225 1580 scriptum
1258 1517 1387 1563 est:
1415 1506 1512 1578 qui
1550 1523 1681 1564 vero
1712 1508 2019 1564 daemonum
2042 1525 2141 1564 cu-

558 1602 784 1674 piditate
812 1611 1070 1672 tanquam
1092 1600 1304 1654 retibus
1327 1597 1393 1653 ad
1415 1612 1661 1654 errorem
1692 1600 1956 1670 pertracti
1990 1609 2137 1666 sunt,

554 1710 749 1750 eorum
790 1695 1093 1757 interitum,
1136 1693 1251 1762 qui,
1293 1699 1354 1745 ut
1380 1690 1649 1758 viverent,
1683 1702 1810 1746 sunt
1840 1691 2009 1759 editi;
2039 1708 2135 1749 eo-

556 1800 791 1854 rumque
830 1792 1088 1846 mortem,
1132 1783 1248 1852 qui,
1291 1791 1351 1836 ut
1382 1788 1587 1847 essent,
1614 1783 1785 1837 creati
1808 1788 1960 1848 sunt,
1985 1784 2138 1839 velut

556 1875 908 1930 condimenta
950 1875 1200 1945 quaedam
1252 1881 1309 1929 et
1358 1874 1740 1930 odoratissima
1788 1875 2141 1947 thymiamata

557 1966 772 2021 Satame
798 1966 1057 2021 oll‘erunt.
1087 1966 1466 2022 Pulcherrime
1504 1965 1671 2038 igitur
1704 1964 1922 2022 illorum
1959 1984 2143 2024 mores

556 2058 894 2129 gravissimis
927 2056 1256 2112 criminibus
1289 2073 1409 2113 esse
1450 2058 1648 2127 plenos
1676 2056 1938 2125 ostendit,
1974 2059 2145 2118 viola-

557 2151 716 2221 rique
751 2150 894 2221 apud
925 2164 1021 2205 eos
1061 2158 1337 2215 naturam,
1369 2150 1733 2220 optabilisque
1768 2166 1898 2222 erga
1936 2150 2141 2207 liberos

552 2240 759 2296 amoris
799 2243 924 2312 jura
955 2240 1301 2308 conculcari;
1336 2249 1398 2296 ut
1430 2239 1745 2297 auditorum
1774 2241 2018 2297 animum
2052 2242 2140 2297 in-

555 2348 819 2404 genuum,
847 2342 904 2389 et
934 2332 1196 2387 vitiorum
1219 2332 1525 2399 inimicum,
1552 2331 1617 2389 ad
1644 2349 1707 2389 ea
1735 2334 2136 2404 amplectenda,

554 2425 884 2495 fortiterque
917 2424 1252 2494 arripienda,
1292 2439 1414 2495 quae
1449 2424 1565 2494 ipse
1604 2423 1769 2478 vellet
1812 2438 1877 2478 ac
1900 2422 2139 2494 iuberet,

552 2514 835 2583 aptissime
859 2512 1176 2590 transferat.
1202 2514 1382 2585 Atque
1404 2515 1521 2569 haec
1551 2512 1619 2569 ad
1643 2513 1861 2570 illorum
1892 2514 2141 2586 impieta-

555 2616 665 2659 tem
685 2604 1036 2660 evertendam
1064 2605 1195 2660 olim
1224 2606 1404 2662 edicta
1437 2615 1584 2662 sunt.
1612 2605 1882 2676 Supremo
1910 2616 2138 2677 praeter-

548 2710 618 2748 ea
657 2695 926 2766 supplicio
975 2696 1173 2761 sanxit,
1197 2696 1242 2751 si
1275 2696 1400 2766 quis
1434 2695 1832 2761 conﬁrmatum
1857 2696 2136 2754 hominem

550 2792 610 2841 et
634 2787 728 2857 qui
759 2787 1010 2843 veritatis
1037 2782 1405 2859 cognitionem
1444 2789 1532 2860 pie
1566 2789 1916 2860 suscepisset,
1936 2804 1972 2844 ιι
2009 2804 2136 2845 sen-

551 2878 725 2932 tentia
766 2877 1041 2934 deducere
1094 2887 1375 2934 tentasset.
1426 2878 1518 2935 Sic
1563 2880 1711 2935 enim
1769 2895 1960 2936 rursus
1996 2880 2074 2935 ait
2118 2898 2134 2937 :

2243 409 2343 480 ρίῳ
2372 408 2450 481 τῷ
2482 409 2599 482 Θεῷ
2629 429 2720 467 σου
2741 429 2754 442 ·
2784 412 2855 466 τά
2878 413 2986 484 γὰρ
3017 412 3379 485 βδελύγματα,
3420 412 3675 482 ἃΚύριος
3699 412 3817 485 ἑμί-

2242 518 2428 571 σησεν,
2459 502 2720 573 ἐποίησαν
2748 508 2858 568 τοῖς
2886 503 3027 569 θεοῖς
3052 504 3252 571 αὐτῶν,
3285 505 3366 557 ὅτι
3394 505 3490 558 καὶ
3514 504 3640 568 τοὺς
3668 505 3818 570 υἱοὺς

2241 590 2421 646 αὐτῶν
2454 592 2679 658 καὶτὰς
2726 594 3031 667 θυγατέρας
3080 595 3257 651 αὐτῶν
3316 596 3705 651 κατακαίουσιν
3758 597 3818 651 έν

2244 684 2378 753 πυρὶ⁵
2428 687 2541 749 τοῖς
2577 684 2719 749 θεοῖς
2757 685 2960 740 αὐτῶν.
3006 706 3026 738 ι
3061 680 3135 741 Εὖ
3171 704 3234 756 γε
3287 689 3316 741 6
3365 687 3659 758 νομοθέτης
3687 689 3822 743 ἀπο-

2245 772 2443 842 φάσκει
2472 772 2747 839 παντελῶς
2787 775 2898 828 τῶν
2928 775 3294 847 πλανωμένων
3314 775 3415 848 τὴν
3446 777 3700 848 μίμησιν,
3728 779 3817 833 κα.ὶ

2242 862 2545 935 ἀποφοιτᾷν
2572 860 2631 917 εὖ
2663 865 2807 935 μάλα
2838 861 3050 920 κελεῦει
3069 867 3168 937 τῆς
3195 866 3456 937 ἀνηλεοῦς
3479 867 3589 922 τῶν
3612 868 3806 922 τέκνω·

2245 952 2479 1022 σφαγῆς.
2514 952 2751 1025 Φθόρους
2773 953 2827 1006 δὲ
2852 956 2944 1008 καὶ
2968 955 3252 1025 λυμεῶνας
3280 953 3379 1025 τῆς
3406 954 3822 1026 ἀνθρωττότητος

2242 1041 2370 1106 τοὺς
2398 1042 2757 1115 φιλαιμάτους
2780 1063 2840 1099 τε
2868 1046 2959 1099 καὶ
2986 1044 3376 1117 ψευδωνύμους
3405 1045 3617 1116 ἐλέγχει
3642 1046 3821 1111 θεοὺς,

2244 1131 2340 1186 καὶ
2371 1133 2566 1196 αὐτοὺς
2599 1134 2808 1206 ἀγρίως
2834 1136 2962 1199 τοὺς
2986 1136 3082 1207 τῆς
3110 1136 3413 1205 ἀναγκαίας
3441 1138 3821 1209 φιλοστοργίας

2244 1220 2608 1292 ἀτιμάζοντας
2627 1222 2847 1291 νόμους,
2866 1224 2954 1278 διά
2973 1241 3034 1292 γε
3057 1222 3116 1278 τὸ
3140 1224 3292 1295 σφίσι
3316 1225 3526 1280 δοκοῠψ
3554 1246 3573 1280 ι
3597 1226 3821 1282 Ἔκτισε

2248 1311 2346 1383 μὲν
2399 1312 2508 1383 γὰρ
2558 1313 2636 1376 ε-ίς
2682 1310 2744 1366 τὸ
2788 1309 2929 1368 εἶναι
2984 1316 3055 1369 τά
3095 1316 3273 1369 πάντα
3306 1315 3459 1384 Θεὸς,
3498 1317 3594 1370 καὶ
3643 1320 3823 1389 σωτή-

2235 1420 2352 1477 ριοι
2382 1402 2439 1457 ai
2468 1404 2715 1472 γενέσεις
2733 1405 2825 1459 τοῦ
2867 1408 3094 1478 κόσμου,
3138 1407 3232 1461 καὶ
3263 1410 3364 1461 οὐκ
3389 1408 3535 1463 ἔστιν
3567 1404 3697 1481 ᾅδου
3724 1409 3823 1481 βαο

2246 1495 2443 1550 σίλειον
2476 1498 2568 1552 ἐπὶ
2593 1498 2716 1570 γῆς.
2748 1498 2932 1570 Φθόνῳ
2953 1499 3024 1570 ξδὲ
3061 1500 3312 1554 διαϐόλου
3344 1500 3572 1565 θάνατος
3604 1503 3686 1566 είς
3729 1504 3822 1556 τὸν

2244 1589 2449 1661 κόσμον
2471 1591 2738 1663 εἰσῆλθεν.
2772 1611 2792 1643 ι
2820 1592 2929 1646 Καὶ
2952 1596 2986 1663 ἡ
3017 1594 3114 1664 μὲν
3142 1592 3262 1648 θεία
3287 1593 3503 1667 θέλησις
3521 1596 3822 1666 ἀνατρέπει

2245 1679 2495 1748 θάνατον,
2525 1682 2619 1738 καὶ
2659 1682 2919 1737 καταλύει
2950 1683 3155 1756 φθοράν
3175 1701 3189 1716 ο
3231 1684 3410 1740 καὶτὸ
3441 1687 3539 1740 οὐκ
3571 1680 3712 1740 εἶναι
3750 1686 3824 1742 τὰ

2244 1771 2372 1826 ὄντα
2410 1773 2509 1843 (i),
2549 1774 2727 1844 μισεῖ·
2778 1774 2963 1831 ἔκτισε
2995 1776 3105 1848 γὰρ
3134 1777 3215 1841 είς
3244 1775 3306 1831 τὺ
3348 1771 3487 1831 εἶναι
3519 1778 3586 1832 τά
3620 1779 3820 1841 πάντα,

2244 1864 2387 1919 καθά
2419 1864 2745 1937 γέγραπται.
2782 1867 2848 1920 οι
2890 1866 2947 1920 δὲ
2999 1868 3118 1932 ταῖς
3152 1866 3258 1922 τῶν
3285 1868 3579 1940 δαιμονίων
3626 1870 3824 1923 πλεον-

2244 1955 2415 2022 εξίαις
2445 1957 2902 2028 σεσαγηνευμένοι
2934 1958 3070 2030 πρὸς
3099 1957 3384 2030 πλάνησιν,
3416 1959 3667 2032 καθάπερ
3693 1960 3823 2032 1366-

2248 2063 2450 2120 σματα,
2471 2049 2566 2103 καὶ
2586 2048 2791 2117 τῶνζὸτι
2811 2047 3045 2121 μάλιστα
3060 2050 3311 2123 χρηστῶν
3329 2052 3420 2104 καὶ
3441 2052 3822 2123 εὖοσμοτάτων

2245 2139 2626 2211 θυμιαμάτων,
2683 2140 3110 2213 προσκομίζουσι
3166 2141 3244 2213 τῷ
3293 2140 3511 2214 Σατανᾷ
3567 2144 3679 2196 τῶν
3726 2144 3825 2197 ἐπὶ

2244 2232 2356 2304 ζωῇ
2390 2232 2689 2301 γεγονότων
2718 2224 2810 2286 τὸν
2846 2232 3086 2305 ὄλεθρον,
3117 2233 3212 2287 καὶ
3238 2232 3346 2287 τῶν
3374 2236 3711 2305 ὲκτισμένων
3736 2236 3823 2300 είς

2240 2323 2302 2378 τὺ
2329 2319 2488 2387 εἶναι,
2521 2324 2612 2377 τὸν
2645 2324 2889 2380 θάνατον.
2916 2323 3272 2393 Εὒφυέστατα
3298 2325 3498 2391 τοίνυν,
3526 2327 3626 2399 τῆς
3650 2328 3820 2398 ἐσχά-

2239 2432 2340 2487 της
2369 2416 2540 2481 δεῖξαι
2578 2415 2833 2486 διαϐολῆς
2878 2416 2944 2471 τὰ
2972 2416 3104 2490 παρ’
3133 2418 3361 2484 ἐκείνοις
3392 2417 3612 2490 έμπλεω
3651 2420 3828 2491 ἠϐου-

2240 2506 2376 2579 λήθη
2422 2507 2516 2559 καὶ
2553 2505 2714 2576 φύσιν
2755 2506 3138 2578 ἀδικουμένην,
3193 2508 3287 2561 καὶ
3331 2507 3429 2579 τῆς
3479 2506 3826 2562 πολυεύκτου

2241 2597 2583 2669 φιλοπαιδίας
2632 2598 3049 2670 πεπατημένους
3084 2597 3351 2671 θεσμοὺς,
3399 2597 3713 2670 μετασοδῶν
3752 2598 3826 2655 εὖ

2244 2693 2388 2764 μάλα
2423 2693 2514 2749 τὸν
2548 2694 2742 2764 εὐγενῆ
2779 2694 2873 2748 καὶ
2907 2693 3203 2765 μισόκακον
3240 2692 3364 2748 νοῦν
3394 2694 3502 2747 τῶν
3526 2694 3828 2765 ἀκροωμέ-

2240 2802 2347 2839 νων
2396 2784 2489 2842 έπὶ
2524 2786 2587 2840 τὺ
2631 2787 2829 2859 χρῆναι
2865 2787 3032 2858 τιμᾷν
3078 2785 3173 2840 καὶ
3228 2784 3547 2840 ἀνθελέσθαι
3597 2787 3827 2856 γοργῶς

2246 2868 2392 2950 ειπερ
2439 2877 2505 2931 ἂν
2548 2877 2712 2942 αὐτὸς
2761 2876 3001 2948 βούλοιτό
3044 2894 3104 2931 τε
3138 2876 3232 2931 καὶ
3284 2876 3453 2946 λέγοι.
3499 2877 3610 2930 Καὶ
3652 2879 3827 2931 ταυτὶ

556 2987 580 3020 ί
610 2967 764 3036 Quod
788 2969 832 3024 si
857 2971 1162 3026 surrexerit
1186 2971 1238 3025 in
1262 2970 1447 3026 medio
1472 2969 1552 3027 tui
1572 2971 1861 3043 propheta,
1885 2972 1973 3029 vel
1994 2988 2138 3029 som-

2244 2967 2364 3039 μὲν,
2413 2969 2493 3032 εἰς
2528 2968 2839 3047 ἀνατροπὴν
2877 2969 2977 3041 τῆς
3028 2971 3161 3041 παρ’
3207 2969 3433 3031 ἐκείνοις
3464 2968 3825 3038 ἀνοσιότητος

552 3059 714 3116 nians
728 3062 1086 3127 somnium,et
1106 3061 1321 3117 dederit
1337 3060 1437 3117 tibi
1455 3063 1669 3134 signum
1686 3070 1785 3118 aut
1803 3063 2134 3136 prodigium,

549 3158 610 3206 et
627 3151 841 3207 venerit
869 3153 1085 3223 signum
1119 3161 1215 3207 aut
1239 3154 1551 3225 prodigium
1597 3154 1744 3225 quod
1770 3155 1987 3211 locutus
2016 3157 2138 3213 fue-

551 3241 629 3298 rit
656 3243 724 3298 ad
750 3249 825 3309 te,
856 3243 1077 3299 dicens:
1103 3243 1327 3310 Eamus,
1357 3254 1414 3300 et
1445 3246 1751 3302 serviamus
1777 3245 1884 3303 diis
1914 3246 2135 3313 alienis,

556 3334 718 3406 180
748 3350 887 3406 quos
914 3351 1023 3391 non
1065 3337 1335 3393 novistis:
1375 3354 1485 3393 non
1525 3337 1763 3393 audietis
1801 3339 1969 3394 verba
2006 3356 2137 3411 pro-

552 3427 730 3496 phetae
752 3426 922 3493 illius,
949 3435 1044 3481 aut
1067 3429 1187 3499 ejus
1209 3430 1304 3498 qui
1351 3428 1649 3484 somniavit
1678 3428 1985 3495 somnium;
2008 3429 2138 3501 quia

550 3521 727 3569 tentat
750 3529 848 3569 vos
874 3514 1142 3571 Dominus
1165 3517 1310 3570 Deus
1343 3523 1546 3580 vester,
1578 3522 1638 3569 ut
1685 3515 1822 3570 sciat
1845 3533 1913 3571 an
1947 3516 2138 3590 diliga-

550 3602 624 3657 tis
662 3602 953 3658 Dominum
987 3604 1157 3661 Deum
1190 3613 1434 3660 vestrum
1479 3623 1545 3662 ex
1568 3616 1682 3661 toto
1715 3607 1881 3664 corde
1928 3617 2134 3677 vestro,

545 3698 607 3746 et
640 3706 707 3745 ex
743 3699 855 3746 tota
883 3692 1065 3748 anima
1087 3703 1276 3749 vestra
1305 3713 1317 3748 :
1352 3703 1477 3764 post
1504 3694 1800 3752 Dominum
1824 3697 1999 3754 Deum
2037 3718 2135 3757 ve-

550 3791 730 3838 strum
755 3783 1126 3851 ambulabitis,
1154 3793 1211 3841 et
1232 3785 1412 3855 ipsum
1452 3786 1740 3854 timebitis,
1783 3795 1841 3844 et
1880 3791 2136 3848 mandata

543 3875 671 3945 ejus
704 3877 1048 3943 custodietis,
1076 3887 1131 3935 et
1154 3892 1344 3935 vocem
1369 3880 1489 3952 ejus
1516 3881 1779 3948 audietis,
1819 3892 1876 3940 et
1897 3884 1976 3940 illi
2014 3901 2133 3941 ser-

548 3965 713 4021 vietis
733 4007 748 4031 ,
776 3962 931 4021 etilli
968 3966 1348 4038 adhaarebitis;
1376 3978 1432 4027 et
1464 3972 1732 4043 prepheta
1760 3973 1874 4042 ille,
1902 3977 1993 4032 vel
2039 3977 2133 4047 qui

548 4058 824 4115 somnium
848 4059 1161 4127 somniavit,
1188 4064 1457 4119 morietur
1481 4082 1496 4118 :
1521 4064 1741 4121 locutus
1770 4077 1856 4124 est
1898 4068 2046 4124 enim
2074 4080 2135 4126 ut

2239 3059 2613 3129 ὲνομοθετεῖτο
2639 3059 2825 3119 πάλαι,
2852 3058 3144 3131 Καθορίζει
3164 3060 3220 3114 δὲ
3249 3059 3476 3115 θάνατον
3512 3058 3605 3113 τοῦ
3650 3076 3823 3130 μετα-

2238 3151 2447 3207 πείθειν
2482 3152 2752 3219 ὲθέλοντος
2777 3153 2869 3207 τὸν
2890 3155 2989 3226 ἒρη
2999 3151 3297 3226 ρεισμένον,
3321 3152 3529 3223 καὶτῆς
3556 3151 3825 3222 ἀληθείας

2235 3243 2335 3315 τὴν
2374 3244 2574 3313 γνῶσιν
2613 3244 2875 3314 φιλοθέως
2901 3246 3323 3317 είσδεδεγμένον.
3363 3246 3507 3315 Ἔφη
3533 3244 3644 3316 γὰρ
3671 3242 3824 3298 οὔτω

2237 3333 2401 3389 πάλιν
2418 3349 2431 3364 ⁸
2469 3353 2487 3387 ι
2532 3335 2658 3389 Ἐὰν
2680 3336 2737 3390 δὲ
2764 3337 2970 3407 ἀναστῇ
2997 3336 3054 3390 ὲν
3086 3336 3167 3389 σοὶ
3195 3338 3479 3407 προφήτης
3502 3334 3535 3404 ἢ
3561 3333 3824 3387 ἐνυπνια-

2237 3426 2462 3497 ζόμενος
2495 3426 2558 3481 τὸ
2578 3426 2848 3493 ἐνύπνιον,
2879 3428 2972 3482 καὶ
2994 3428 3068 3500 δῷ
3091 3446 3173 3481 σοι
3198 3425 3474 3499 σημεῖονῆ
3499 3426 3690 3497 τέρας,
3722 3424 3824 3478 καὶ

2237 3515 2366 3590 ἔλθῃ
2391 3516 2452 3570 τὸ
2482 3520 2707 3590 σημεῖον
2753 3519 2787 3592 ἢ
2816 3519 2878 3574 τὸ
2910 3521 3093 3593 τέρας,
3128 3519 3156 3574 ὃ
3187 3519 3413 3590 ὲλάλησε
3446 3517 3582 3591 πρὸς
3611 3516 3700 3580 ei,
3722 3510 3820 3571 λέ-

2236 3625 2348 3677 γων
2364 3625 2378 3639 ·
2411 3610 2773 3682 Πορευθῶμεν
2799 3610 2895 3665 καῖ
2914 3610 3299 3682 λατρεὺσωμεν
3322 3608 3463 3675 θεοῖς
3485 3606 3700 3682 ἑτέροις
3718 3604 3821 3673 οὓς

2235 3701 2336 3754 οὑκ
2363 3702 2560 3768 οῐδατε,
2591 3702 2691 3756 οὐκ
2728 3701 3026 3756 ἀκούσεσθε
3063 3703 3169 3755 τῶν
3203 3702 3376 3769 λόγων
3403 3697 3495 3755 τοῦ
3526 3702 3821 3773 προφήτου

2235 3795 2444 3848 ἐκείνου
2484 3793 2518 3865 ἢ
2567 3793 2662 3849 τοῦ
2711 3792 3167 3864 ὲνυπνιαζομένου
3205 3792 3265 3846 τὸ
3311 3791 3560 3847 ἐνύπνιον
3603 3789 3853 3857 έκεῖνο,

2235 3884 2316 3938 ὅτι
2346 3882 2593 3953 πειράζει
2625 3882 2831 3955 Κύριος
2856 3887 2884 3936 6
2914 3881 3047 3947 Θεός
3078 3899 3171 3936 σου
3204 3883 3349 3953 ὑμᾶς
3377 3878 3473 3936 τοῦ
3505 3878 3728 3946 ειδέναι,
3767 3884 3827 3936 ει

2235 3977 2487 4045 ἀγαπᾶτε
2529 3976 2620 4028 τδν
2652 3975 2783 4030 Θεὸν
2826 3975 2979 4047 ὑμῶν
3005 3973 3064 4040 ἐξ
3095 3975 3222 4047 ὅλης
3249 3974 3349 4045 τῆς
3377 3974 3599 4046 καρδίας
3629 3975 3826 4045 ὑμῶν,

2235 4070 2328 4123 καὶ
2355 4069 2414 4136 ἐξ
2429 4069 2557 4138 ὅλης
2581 4071 2680 4136 τῆς
2699 4067 2877 4139 ψυχῆς
2903 4066 3055 4138 ὑμῶν
3073 4082 3089 4096 °
3118 4067 3299 4145 ὀπίσω
3322 4066 3531 4138 Κυρίου
3553 4062 3648 4119 τοῦ
3673 4064 3828 4121 Θεοῦ

3717 201 3814 258 ιρο
3910 184 3953 245 'l

549 4135 848 4207 abduceret
873 4160 925 4207 te
951 4169 983 4208 a
1012 4153 1247 4209 Domino
1265 4152 1381 4211 Deo
1412 4164 1505 4211 tuo
1530 4157 1596 4211 ".
1631 4177 1649 4210 ο
1678 4157 1850 4225 Quam
1879 4158 2025 4233 justa
2050 4172 2135 4217 est

2241 4135 2887 4229 ὑμῶνπορεὺσεσθεξκαὶ
2917 4135 3109 4210 τοῦτον
3142 4135 3514 4229 φοέηθήσενσθε
3533 4195 3549 4218 ,
3579 4155 3680 4207 καὶ⁸
3712 4157 3831 4221 τὰς

550 4242 667 4298 ιιωο
692 4244 799 4309 lex,
823 4260 886 4299 ac
916 4244 1028 4300 Deo
1049 4247 1412 4303 conveniensl
1438 4246 1573 4303 Nam
1595 4249 1639 4304 si
1664 4266 1957 4321 corporum
1988 4254 2133 4308 occi—

2241 4249 2452 4311 ὶντολάς
2474 4247 2641 4303 αὑτοῦ
2658 4248 2979 4317 φυλάξεσθε,
3010 4248 3106 4303 καὶ
3133 4248 3233 4319 τῆς
3255 4246 3439 4319 φωνῆς
3455 4245 3621 4302 αὑτοῦ
3645 4248 3836 4302 ἀκού-

548 4335 769 4407 soribus
801 4336 1027 4391 omnino
1066 4337 1204 4391 mori
1246 4353 1472 4393 necesse
1503 4348 1590 4395 est
1625 4342 1930 4398 secundum
1956 4343 2136 4416 leges,

2241 4342 2420 4403 σεσθε,
2463 4342 2559 4395 καὶ
2593 4340 2741 4412 αὐτῷ
2778 4339 3112 4407 δουλεύσετε,
3156 4341 3250 4394 καὶ
3291 4337 3440 4411 αὐτῷ
3490 4338 3823 4410 προστεθή-

544 4426 824 4496 quomodo
839 4442 948 4482 non
958 4427 1333 4497 aaquissimum
1353 4436 1437 4483 est
1462 4437 1522 4482 ut
1534 4428 1678 4484 idem
1701 4432 1997 4491 discrimen
2012 4435 2140 4491 sub-

2241 4429 2420 4486 σεσθε.
2481 4431 2592 4484 Καὶ
2645 4431 2675 4483 6
2732 4433 3017 4503 προφήτης
3072 4431 3278 4494 ἐκεῖνος
3328 4427 3422 4500 ἥδ
3467 4429 3529 4483 τὸ
3555 4427 3836 4483 ἐνύπνιον

542 4526 656 4583 eat,
673 4518 768 4587 qui
785 4518 968 4571 animo
985 4517 1358 4586 perniciosum
1374 4534 1618 4576 errorem
1637 4522 1925 4591 invexerit,
1944 4534 2000 4581 et
2014 4542 2139 4582 eum

2241 4521 2690 4593 ὲνυπνιαζόμενος
2742 4523 2978 4589 ἐκεῖνος,
3006 4521 3385 4577 ἀποθανεῖταιο
3421 4522 3651 4593 ὲλάλησε
3702 4527 3835 4594 γὰρ

546 4610 665 4679 qui,
692 4610 848 4680 juxta
871 4608 1175 4664 Salvatoris
1195 4609 1367 4680 ipsius
1384 4626 1598 4677 vocem,
1624 4627 1853 4685 corpore
1874 4625 2139 4686 praestan-

2241 4614 2616 4688 ἀποπλανῆσαί
2665 4633 2725 4669 σε
2763 4615 2871 4669 ἀπὸ
2916 4615 3121 4687 Κυρίου
3168 4617 3261 4670 τοῦ
3290 4615 3424 4670 Θεοῦ
3474 4633 3586 4670 σου.
3657 4634 3676 4666 ι
3722 4617 3839 4680 ὀς

545 4701 656 4756 ιίοι·
670 4708 773 4766 est,
793 4699 848 4755 in
866 4700 1193 4770 perditionis
1213 4701 1400 4757 foveas
1425 4704 1757 4775 coniecerit?
1771 4706 2140 4764 Justissimum

2241 4708 2382 4772 ὅσιός
2409 4724 2469 4762 τε
2514 4708 2607 4761 καὶ
2635 4705 2754 4778 Θεῷ
2794 4706 3020 4778 πρέπων
3061 4709 3089 4761 6
3118 4708 3315 4779 νόμοςί
3351 4709 3412 4762 Ei
3445 4708 3548 4779 γάρ
3581 4724 3664 4761 τοι
3695 4712 3835 4771 τοῖς

548 4793 718 4864 igitur
738 4792 952 4863 putavit
976 4792 1124 4848 Deus
1166 4802 1226 4848 ut
1248 4802 1496 4849 extremo
1527 4797 1794 4868 supplicio
1812 4798 1992 4855 lueret
2015 4816 2132 4872 pce-

2241 4802 2334 4858 τῶν
2386 4799 2652 4870 σωμάτων
2692 4801 2976 4867 φονευταῖς
3019 4799 3193 4870 πάντη
3246 4816 3305 4851 τε
3354 4798 3448 4852 καὶ
3493 4798 3712 4860 πάντως
3754 4800 3839 4853 τὸ

547 4899 648 4939 nas
669 4883 930 4953 deceptor
963 4889 1020 4937 et
1042 4882 1332 4953 impostor;
1357 4885 1716 4959 eamdemque
1740 4889 1993 4946 similiter
2012 4908 2133 4963 pm-

547 4989 673 5027 nam
699 4973 959 5028 adversus
978 4988 1073 5029 eos
1095 4975 1401 5041 constituit,
1427 4977 1521 5047 qui
1560 4979 1737 5034 levem
1764 4981 2135 5054 mobilemque

2245 4982 2645 5039 κινδυνεύσειεν
2698 4981 2921 5047 εἰκότως
2976 4983 3004 5035 6
3051 4981 3196 5054 ψυχῇ
3258 4980 3359 5052 τὴν
3396 4978 3640 5050 ὀλέθριον
3685 4979 3847 5035 ἔπι-

548 5063 792 5117 animum
810 5063 1077 5134 ejusmodi
1093 5064 1411 5120 hominibus
1427 5064 1824 5122 adhibuissent.
1837 5067 1939 5124 Cui
1956 5071 2124 5139 enim,

2241 5074 2417 5146 φέρων
2467 5072 2751 5143 πλάνησιν,
2801 5074 2894 5128 καὶ
2943 5073 3155 5146 βόθροις
3191 5073 3289 5145 τῆς
3335 5070 3610 5133 ἀπωλείας
3648 5070 3849 5134 ἐνιεὶς

549 5154 749 5224 inquit,
770 5153 1013 5227 eti'ugere
1037 5155 1260 5220 licebat,
1280 5155 1349 5212 ad
1372 5156 1661 5211 veritatem
1678 5157 1921 5247 vigilzyiti
1944 5160 2129 5215 animo

2241 5166 2334 5235 τὴν
2379 5164 2587 5237 ἀμείνω
2634 5163 2902 5236 σώματος,
2924 5165 3065 5219 κατά
3102 5163 3202 5236 τὴν
3234 5162 3399 5219 αὐτοῦ
3430 5161 3524 5215 τοῦ
3555 5161 3848 5232 Σωτῆρος

550 5245 887 5317 respicienti,
925 5247 973 5304 is
1017 5257 1179 5318 quam
1214 5247 1285 5303 ob
1323 5262 1542 5303 causam
1588 5258 1782 5319 sponte
1825 5245 1893 5304 ad
1941 5251 2130 5320 perni-

2241 5253 2454 5325 φωνήν;
2506 5252 2716 5325 Χρῆναι
2755 5253 2853 5325 μὲν
2894 5253 2958 5324 δὴ
2990 5253 3090 5325 τὴν
3117 5253 3202 5322 ἐφ’
3247 5251 3439 5324 αἵματι
3473 5249 3852 5322 πράττεσθαι

546 5337 689 5394 ciem
730 5336 963 5411 refugit?
992 5356 1010 5392 ι
1044 5338 1202 5407 Quod
1239 5339 1285 5396 si
1311 5340 1569 5395 inventus
1610 5339 1777 5396 fuerit
1815 5341 1869 5396 in
1901 5359 2006 5397 una
2035 5360 2130 5398 ur-

2241 5346 2414 5418 δίκην,
2434 5346 2539 5413 ,τὸν
2571 5345 2862 5401 ἀπατεῶνα
2888 5345 2982 5400 καὶ
3013 5344 3341 5420 βωμολόχον,
3375 5342 3615 5398 ἐδικαίου
3640 5340 3801 5409 Sed:
3826 5359 3855 5376 ο

621 5497 661 5528 ’ί
694 5498 853 5552 Deut.
879 5514 973 5561 xu,
997 5497 1087 5552 29.
1154 5499 1199 5530 "
1225 5498 1351 5568 Sap.
1387 5513 1426 5561 ι,
1454 5496 1550 5562 14;
1578 5511 1636 5563 ιι,
1662 5495 1766 5556 24.
1829 5496 1877 5527 ⁷³
1898 5496 2060 5551 Deut.
2079 5512 2194 5561 inn,
2218 5497 2334 5552 1-5.

623 5635 699 5701 (l)
751 5635 841 5689 Sic.
876 5637 1045 5691 codex
1106 5636 1436 5715 Vaticanus;
1487 5635 1656 5691 codex
1706 5634 1934 5701 Sirleti,
1969 5633 2227 5705 ὀνόματα.

2228 4892 2544 4949 ὲκτεθνάναι
2581 4890 2689 4945 δεῖν
2730 4890 2920 4961 ἕψεται
2971 4891 3114 4945 κατά
3151 4891 3380 4961 νόμους,
3421 4889 3538 4953 πῶς
3576 4889 3647 4941 ἂν
3688 4888 3841 4962 οὺχῖ
3952 4880 3953 4927 ἶ
