3990 6196
238 216 335 269 421

978 216 1068 272 DE
1103 215 1542 295 Aboriginum
1583 208 1650 274 1N
1688 212 1796 276 sm

1897 222 1954 279 ‘U
1994 225 2081 280 ET
2121 227 2485 282 VEBITATE.
2526 224 2654 280 Lm.
2688 193 2783 281 τι.

3376 231 3489 287 ’4ἓῖ

232 332 429 403 ποινὴν
465 331 523 384 δε
563 333 659 401 τὴν
688 331 809 401 ἴσην
856 333 1291 404 καταᾲηφίζεται
1323 339 1417 393 κα).
1443 336 1532 389 τὸν
1561 336 1796 407 εὐπαρά‹

1909 338 2058 395 bium
2091 349 2326 409 tuarum,
2354 358 2493 414 quas
2512 340 2777 398 Dominus
2801 341 2947 396 Deus
2986 350 3112 396 tuus
3138 342 3229 398 dat
3258 320 3378 410 tibi,
3402 346 3490 399 vir

233 420 408 493 φορόν
438 437 497 473 τε
543 412 636 474 καὶ
680 418 918 491 ἐλαφρὸν
964 422 1392 479 ὑποτεθεικότων
1428 428 1537 489 τοῖς,
1584 427 1809 479 τοιοῖσδε

231 511 383 568 νοῦν.
434 508 581 578 Ἑξὸν
627 510 736 582 γὰρ
768 510 1006 577 εὐκόλως
1049 513 1350 585 διαδράναι,
1381 516 1566 587 φησὶν,
1609 515 1808 587 ἀνανή-

232 620 406 674 φοντα
443 603 577 674 πρὸς
628 602 691 655 τὸ
732 600 954 675 ἀληθὲς,
1012 604 1315 659 ἐθελούσιον
1362 605 1478 659 ἀνθ’
1532 606 1654 659 ὅτου
1708 608 1808 676 τὴν

230 696 316 761 εἷς
338 713 403 764 γε
452 696 511 749 τὸ
556 692 775 749 ἀδικοῦν
811 695 1125 767 άποδρομὴν
1157 678 1542 769 ὲποιήσατοίι
1594 692 1719 751 Ἐὰν
1751 697 1808 751 δὲ

228 790 434 861 εὑρεθῇ
457 790 516 842 ἐν
554 784 637 842 σοι
668 790 725 840 ὲν
751 789 849 860 μιᾷ
880 788 990 842 τῶν
1028 788 1236 843 πόλεών
1279 806 1397 855 σου,
1427 772 1502 843 ὧν
1533 788 1735 861 Κύριος
1780 790 1810 842 ὀ

224 881 367 946 Θεός
395 898 491 933 σου
518 880 703 935 δίδωσί
753 897 861 941 σοι,
893 880 1032 951 ἀνὴρ
1057 880 1091 950 ἢ
1127 880 1282 951 γυνὴ,
1316 868 1461 944 ὅστις
1490 881 1703 952 ποιήσει
1747 880 1809 932 τὸ

170 1012 179 1047 ε
227 974 473 1046 πονηρὸν
499 972 744 1027 ἐναντίον
794 971 1005 1044 Κυρίου
1037 971 1130 1025 τοῦ
1178 971 1311 1025 Θεοῦ
1354 989 1469 1036 σου,
1520 970 1808 1043 παρελθεῖν

222 1066 331 1136 τὴν
378 1065 646 1135 διαθήκην
699 1063 884 1127 αὐτοῦ,
950 1064 1044 1117 καὶ
1089 1062 1422 1127 ἀπελθόντες
1470 1063 1807 1135 λατρεΰσωσι

223 1156 375 1219 θεοῖς
393 1155 623 1227 ἑτέροις,
662 1156 756 1210 καὶ
783 1155 1235 1226 προσκυνήσωσιν
1263 1155 1466 1220 αὐτοῖς,
1506 1153 1583 1223 τῷ
1604 1153 1741 1225 ήλίῳ
1772 1153 1806 1224 ἢ

221 1252 293 1318 τῇ
336 1247 555 1318 σελήνῃ,
579 1247 613 1317 ἢ
646 1248 804 1300 παντὶ
836 1246 944 1299 τῶν
977 1240 1039 1299 ὲκ
1064 1245 1160 1299 τοῦ
1195 1246 1400 1316 κόσμου
1424 1244 1517 1300 τοῦ
1555 1244 1804 1317 οὐρανοῦ,

220 1339 258 1393 ἃ
293 1340 361 1392 οὐ
396 1337 699 1410 προσέταξέ
734 1354 837 1399 σοι,
874 1337 967 1390 καὶ
1005 1337 1105 1390 οὐκ
1144 1336 1417 1408 ἀνηγγέλη
1450 1354 1563 1400 σοι,
1593 1337 1686 1389 καὶ
1711 1336 1806 1389 ὲκο

224 1429 464 1500 ζητήσει
501 1428 729 1498 σφόδρα,
770 1427 866 1480 καὶ
912 1427 1019 1481 ἰδοὺ
1064 1426 1261 1498 ἀληθὲς
1299 1425 1490 1494 γέγονε
1540 1426 1599 1479 τὸ
1634 1426 1805 1497 ῥῆμα,

225 1520 523 1589 γεγένηται
558 1518 619 1571 τὸ
649 1514 924 1590 βδέλυγμα
949 1517 1104 1571 τοῦτο
1131 1517 1189 1570 ὲν
1217 1517 1453 1588 Ἰσραήλ’
1476 1517 1575 1571 καὶ
1599 1515 1807 1583 ἐξάξεις

227 1610 322 1663 τὸν
378 1610 667 1681 ἄνθρωπον
708 1611 936 1675 ἐκεῖνον,
970 1604 1002 1681 ή
1042 1608 1143 1679 τὴν
1166 1599 1406 1677 γυναῖκα
1454 1607 1692 1679 ἐκείνην,
1730 1607 1807 1660 οἴ·-

223 1717 377 1765 τινες
407 1700 671 1771 ὲιωίησαν
693 1698 754 1754 τὸ
780 1703 1010 1770 πρᾶγμα
1036 1700 1095 1753 τὸ
1118 1699 1352 1771 πονηρὸν
1383 1698 1559 1765 τοῦτο,
1600 1699 1694 1752 καὶ
1726 1698 1804 1752 λι-
1835 1689 1876 1744 Β

222 1792 558 1864 θοὸολήσετε
604 1792 804 1855 αὐτοὺς
866 1794 922 1845 ἐν
973 1791 1163 1858 λίθοις,
1217 1790 1312 1843 καὶ
1362 1782 1802 1860 τελευτήσουσιν

218 1885 321 1937 ἐπὶ
351 1883 477 1936 δυσὶ
508 1881 775 1954 μάρτυσιν
802 1881 837 1952 ἢ
868 1880 958 1933 ἐπὶ
986 1880 1133 1952 τρισὶ
1162 1878 1430 1950 μάρτυσιν
1456 1876 1806 1932 ἀποθανεῖται

213 1973 253 2029 ὁ
282 1973 682 2042 ἀποθνήσκωνο
719 1972 822 2026 οὐκ
878 1969 1228 2024 ἀποθανεῖται
1270 1968 1355 2038 ἐφ’
1403 1969 1483 2022 ἑνὶ
1540 1968 1802 2041 μάρτυρι·

216 2066 321 2119 καὶ
358 2066 393 2132 ή
442 2063 565 2134 χεὶρ
593 2063 703 2117 τῶν
736 2061 1030 2143 μαρτρρων
1059 2059 1212 2115 ἔσται
1251 2058 1339 2115 ἐπ’
1384 2060 1532 2133 αὐτῷ
1562 2060 1624 2114 ὲν
1657 2059 1807 2131 πρώ-

212 2172 338 2219 τοις
382 2155 690 2209 θανατῶσαι
720 2155 904 2221 αὐτὸν,
939 2155 1034 2207 καὶ
1078 2154 1112 2223 ή
1142 2154 1263 2224 χεὶρ
1292 2152 1387 2206 τοῦ
1421 2152 1622 2216 παντὸς
1671 2148 1804 2205 λαοῦ

216 2249 314 2303 ἐπ’
351 2248 631 2318 ἐσχάτων·
667 2247 763 2302 καὶ
797 2246 1012 2318 ἑξαρεῖς
1032 2247 1123 2300 τὸν
1153 2246 1384 2317 πονηρὸν
1432 2240 1490 2311 ἐξ
1519 2243 1674 2315 ὒμῶν
1706 2243 1804 2297 αὐ-

214 2336 351 2389 τῶν⁹
397 2355 416 2386 ι
454 2332 588 2389 Θεοῦ
618 2336 728 2407 γάρ
762 2336 1088 2407 ἠδικημένου
1124 2336 1251 2405 περὶ
1280 2332 1339 2386 τὸ
1369 2330 1498 2386 ἰδιον
1532 2326 1801 2403 σέϐασμα,

217 2427 281 2479 τὸ
311 2426 677 2497 ὲποικτείρειν
708 2427 809 2479 οὐκ
845 2425 1107 2495 ἀσφαλές.
1161 2416 1484 2496 Ἑπιζήμιον
1516 2416 1572 2477 δὲ
1606 2423 1801 2495 κομιδῆ

152 2520 162 2527 ⁸
210 2515 279 2569 τὸ
308 2517 388 2587 μή
423 2518 484 2569 ὲν
526 2514 705 2588 καιρῷ
750 2508 1142 2588 μαλακίζεσθαι
1175 2516 1312 2589 πρὸς
1363 2514 1654 2588 ἀνάνδρους
1682 2514 1803 2584 φιλ-

211 2606 481 2685 αλληλίας
500 2621 516 2637 ’
561 2610 655 2661 καὶ
692 2608 868 2675 τοῦτο,
908 2603 1080 2679 οἶμαι,
1110 2606 1256 2661 ἔστιν
1280 2606 1417 2679 ὅπερ
1438 2600 1540 2678 ἔφη
1562 2605 1798 2676 Κύριοςο

216 2716 242 2749 ι
294 2698 357 2751 '0
386 2700 619 2768 ἀγαπῶν
646 2698 858 2771 πατέρα
887 2699 919 2771 ἢ
954 2696 1164 2771 μητέρα
1200 2696 1342 2769 ὑπὲρ
1367 2697 1487 2770 ἐμὲ,
1537 2698 1638 2751 οὐκ
1678 2697 1797 2750 ἔστι

213 2804 323 2858 μου
354 2786 528 2854 ἄξιος.
568 2809 588 2842 ι
637 2782 875 2861 Ἐρρέτω
896 2788 1004 2863 γὰρ
1034 2787 1129 2843 καλ⁸
1156 2789 1277 2843 τότε
1323 2788 1484 2859 νόμος
1517 2788 1797 2860 φιλοστορ-

208 2878 362 2946 τίεις,
411 2880 508 2933 καὶ
553 2882 789 2951 φυσικῆς
836 2881 1058 2951 ἀγάπης
1117 2876 1348 2950 οἰχέσθω
1404 2876 1655 2951 δύναμις,
1705 2879 1799 2933 καὶ

204 2972 321 3023 πᾶν
371 2969 549 3024 ὁτιοῦν
579 2971 690 3025 τῶν
739 2957 983 3041 ἡκόντων
1018 2972 1098 3035 εἰς
1127 2969 1559 3041 φιλανθρωπίαν,
1596 2970 1690 3023 καὶ
1728 2969 1797 3024 ἶν’

1909 439 2005 484 aut
2035 433 2232 487 mulier
2288 447 2409 502 quae
2434 432 2598 486 faciat
2623 431 2825 485 malum
2864 429 2917 483 in
2943 439 3237 500 conspectu
3268 432 3488 489 Domini

1911 521 2012 587 tui,
2036 518 2095 576 ut
2120 521 2590 592 transgrediantur
2611 533 2826 591 pactum
2846 521 2983 591 ejus,
3008 528 3062 574 et
3082 520 3346 577 abeuntes
3366 538 3486 578 ser-

1907 614 2113 668 vierint
2133 614 2239 669 diis
2257 613 2481 678 alienis,
2514 622 2569 668 et
2600 613 2946 668 adoraverint
2969 613 3112 679 illos,
3137 614 3307 669 solem
3328 614 3485 671 vide-

1908 706 2055 769 licet,
2079 714 2175 759 aut
2198 689 2406 769 lunam,
2442 709 2535 757 aut
2559 704 2809 773 quemvis
2840 704 3009 758 alium
3044 711 3299 758 ornatum
3337 705 3483 769 εαξη,

1908 811 2030 866 quae
2067 811 2176 850 non
2202 795 2438 865 praecepi
2468 794 2590 858 tibi,
2630 810 2809 863 neque
2845 796 3164 867 annuntiata
3191 804 3318 850 sunt
3344 796 3482 853 tibi:

1907 894 1962 941 et
1987 885 2342 957 investigabis
2367 885 2685 956 diligenter;
2712 892 2768 939 et
2801 900 2930 941 ecce
2955 901 3147 939 verum
3179 885 3380 941 factum
3401 893 3486 941 est

1906 979 2158 1043 verbum,
2182 988 2238 1033 et
2260 977 2403 1033 facta
2437 985 2522 1032 est
2543 975 2875 1030 abominatio
2898 976 3014 1031 haec
3038 976 3094 1031 in
3113 977 3280 1031 Israel
3306 996 3319 1030 :
3344 978 3483 1034 edu-

1902 1085 1998 1126 ces
2017 1071 2295 1126 hominem
2319 1071 2493 1134 illum,
2514 1069 2601 1124 vel
2626 1068 2911 1123 mulierem
2934 1068 3101 1133 illam,
3121 1070 3215 1139 qui
3234 1069 3485 1126 fecerunt

1908 1176 2026 1215 rem
2050 1161 2190 1217 hanc
2209 1161 2428 1224 malam,
2451 1167 2506 1214 et
2528 1156 2840 1228 lapidabitis
2858 1173 2954 1213 eos
2975 1157 3269 1227 lapidibus,
3293 1170 3349 1214 et
3368 1176 3484 1214 mo-

1908 1252 2121 1308 rientur
2161 1270 2175 1306 ι
2217 1251 2274 1307 ἰιι
2301 1250 2517 1306 duobus
2543 1249 2795 1314 testibus,
2822 1249 2908 1303 vel
2947 1248 3004 1303 in
3040 1249 3221 1306 tribus
3252 1251 3486 1306 testibus

1909 1341 2293 1412 morietur,qui
2319 1340 2556 1395 moritur
2573 1357 2587 1406 ;
2605 1355 2715 1394 non
2735 1339 3011 1395 morietur,
3026 1339 3083 1395 in
3096 1356 3208 1394 uno
3230 1347 3368 1398 teste
3396 1357 3408 1394 :
3430 1350 3487 1396 et

1907 1448 2154 1498 manus,»
2185 1430 2417 1501 inquit,«
2447 1428 2667 1483 testium
2692 1428 2799 1482 erit
2820 1442 2986 1498 super
3012 1428 3188 1498 ipsum
3213 1428 3268 1481 in
3293 1429 3486 1497 primis

1906 1523 1975 1579 ad
2014 1521 2452 1578 interﬁciendum
2495 1533 2643 1582 eum,
2683 1526 2739 1572 et
2779 1533 2972 1572 manus
3014 1518 3180 1571 totius
3214 1517 3400 1588 populi
3427 1518 3485 1572 in

1906 1615 2167 1670 extremis
2194 1632 2206 1667 :
2234 1622 2290 1667 et
2324 1609 2590 1666 auferetis
2614 1609 2814 1663 malum
2851 1624 2881 1663 a
2906 1608 3064 1663 vobis
3085 1608 3220 1678 ipsis
3242 1608 3308 1663 ⁷⁸.
3341 1627 3359 1660 ι
3385 1608 3484 1663 Dei

1904 1720 2140 1776 namque
2173 1705 2324 1760 cultu
2349 1702 2549 1757 violato
2580 1699 2958 1754 misericordia
2991 1698 3348 1763 commoveri,
3376 1697 3483 1753 mi-

1904 1798 2053 1853 nime
2084 1806 2260 1854 tutum
2294 1806 2405 1861 est;
2445 1791 2542 1848 sed
2569 1791 2625 1844 in
2651 1790 2843 1860 primis
2878 1791 3245 1862 periculosum
3272 1789 3482 1860 impor-

1905 1895 2041 1941 tuno
2057 1896 2299 1957 tempore
2317 1885 2385 1939 ad
2401 1896 2604 1942 mutua:
2616 1880 3012 1938 benevolentiae
3029 1881 3298 1959 ignaviam
3314 1878 3484 1935 emol-

1904 1974 1991 2033 liri
2022 1997 2035 2032 :
2063 1978 2227 2048 idQue
2247 1978 2380 2033 illud
2404 1986 2509 2044 est,
2529 1979 2748 2049 opinor,
2769 1973 2915 2046 quod
2935 1973 3013 2028 ait
3036 1970 3288 2028 Christus
3306 1990 3318 2026 :
3334 1991 3351 2022 ι
3378 1970 3483 2038 Qui

1904 2078 2048 2125 amat
2070 2078 2277 2140 patrem
2302 2078 2396 2124 aut
2419 2079 2647 2125 matrem
2674 2068 2796 2140 plus
2822 2082 2987 2138 quam
3018 2079 3127 2130 me,
3152 2080 3261 2119 non
3286 2073 3369 2120 est
3394 2080 3484 2120 me

1905 2162 2104 2233 dignus
2120 2161 2184 2216 ’⁸.
2207 2182 2225 2213 ι
2251 2159 2439 2217 Valeat
2457 2162 2605 2216 enim
2616 2176 2682 2216 eo
2706 2169 2952 2229 tempore
2970 2156 3189 2228 pietatis
3211 2156 3481 2227 ιειιεχ,

1902 2252 2125 2308 recedat
2168 2252 2433 2308 naturalis
2474 2255 2677 2308 amoris
2721 2253 2825 2319 vis,
2880 2261 2936 2307 et
2979 2266 3042 2306 ea
3087 2250 3271 2304 omnia
3323 2265 3479 2319 quae-

1902 2358 2117 2413 cunque
2141 2344 2207 2399 ad
2234 2344 2519 2400 hominum
2543 2338 2906 2400 dilectionem
2927 2348 3194 2413 spectant,
3220 2348 3296 2406 et,
3322 2348 3383 2394 ut
3406 2340 3480 2395 ita

1900 2432 2168 2497 dicamus,
2193 2433 2282 2503 pia
2305 2433 2509 2489 duritia
2525 2435 2737 2490 colatur
2750 2430 2914 2488 Deus.
2934 2432 3017 2488 An
3038 2446 3169 2486 vero
3192 2446 3303 2485 non
3325 2429 3478 2501 pium

1898 2533 2018 2573 esse
2047 2534 2260 2585 censes,
2286 2521 2379 2591 qui
2403 2521 2607 2577 nullam
2645 2536 2866 2578 causam
2901 2516 3087 2577 dicere
3124 2512 3336 2590 possint
3380 2534 3480 2574 cur

1899 2608 2219 2676 defecerint,
2245 2622 2300 2667 et
2339 2613 2393 2667 in
2434 2613 2710 2684 apostasin
2744 2613 2880 2684 lapsi
2918 2612 3048 2677 sint,
3090 2627 3187 2667 eos
3208 2611 3327 2665 sine
3366 2610 3480 2665 ulla

1898 2699 2250 2756 miseratione
2274 2702 2492 2785 puniri;
2519 2704 2721 2774 quippe
2761 2705 2853 2773 qui
2896 2704 3045 2758 illam
3089 2718 3254 2773 supra
3294 2702 3476 2756 omnia
3590 2736 3609 2749 ς

1897 2790 2123 2862 gloriam
2150 2790 2451 2861 offendant,
2496 2811 2735 2865 eumque
2778 2803 2985 2851 temere
3024 2795 3221 2866 injuria
3259 2793 3477 2849 allicere

1896 2898 2009 2937 non
2050 2892 2370 2950 vereantur,
2409 2885 2499 2940 cui
2524 2901 2741 2955 aequum
2782 2891 2903 2941 erat
2943 2882 3258 2940 stabilitatis
3293 2880 3476 2938 studio

1897 2970 2141 3028 laetitiam
2165 2972 2401 3030 aﬂ‘erre?

200 3059 389 3124 οὕτως
418 3063 684 3132 εἴπωμεν,
709 3052 777 3114 δι’
802 3052 1060 3122 εὐσεϐοῦς
1091 3054 1458 3132 σκληρότητος
1493 3054 1880 3132 θεραπευέσθω
1913 3058 2068 3125 Θεός.
2103 3058 2175 3115 Ἢ
2239 3064 2348 3135 γάρ
2401 3064 2501 3138 οὐχ
2564 3066 2716 3120 ὅσιον
2749 3059 2891 3119 εἶναι
2926 3062 3051 3136 φής,
3118 3062 3248 3128 τοὺς
3298 3063 3473 3135 ἀπρο-

202 3155 481 3225 φάσιστον
530 3153 751 3223 ἔχοντας
794 3152 892 3224 τήν
935 3154 1257 3216 ἀπόστασιν,
1306 3149 1632 3215 κολάζεσθαι
1679 3150 1789 3205 δεῖν
1826 3151 2372 3233 ἀφιλοικτειρμόνως,
2404 3154 2481 3220 ὡς
2516 3157 2616 3229 τήν
2673 3156 2932 3211 ἐπέκεινα
2972 3150 3188 3210 πάντων
3234 3155 3474 3209 καταλυ-

199 3248 453 3313 ποῦντας
496 3247 674 3315 δόξαν,
704 3248 799 3302 καὶ
835 3247 1077 3317 ὑϐρίζειν
1123 3247 1450 3318 ἀφυλάκτως
1493 3247 1554 3300 οὐ
1586 3246 2075 3316 παραιτουμένους,
2101 3248 2159 3300 ὃν
2180 3242 2249 3320 ἦν
2299 3246 2362 3321 δή
2394 3266 2498 3303 που
2550 3252 2797 3323 κρεῖττον
2826 3252 2946 3313 ταῖς
3006 3246 3085 3312 είς
3149 3247 3473 3319 ἑδραιότητα

197 3342 636 3412 κατευφραίνειν
670 3341 927 3404 σπουδαῖς
946 3357 960 3406 ;

277 3434 495 3488 ΠΔΛΛ.
539 3429 745 3497 ⁸οσιον,
780 3434 895 3498 πῶς
924 3434 1033 3505 γάρ
1061 3432 1157 3499 οὓς

278 3523 449 3578 ΚΥΡ.
491 3525 856 3596 Μεμνήσομαι
903 3525 960 3579 δὲ
992 3524 1291 3587 διειπὸντος
1337 3516 1502 3578 αὐτοῦ
1543 3528 1655 3589 τοῖς
1689 3525 1790 3595 ἀρ-

193 3615 553 3687 χαιοτέροις·
593 3635 611 3667 ι
649 3614 715 3669 Τί
760 3616 991 3687 εὓροσαν
1032 3616 1081 3667 οἱ
1112 3614 1345 3686 πατέρες
1389 3608 1542 3685 ὑμῶν
1576 3616 1635 3669 ὲν
1668 3616 1792 3686 ἐμοὶ

190 3705 614 3777 πλημμέλημα,
646 3705 731 3758 ὃτι
768 3704 1090 3776 ἀπέστησαν
1116 3705 1207 3758 ἀπ’
1242 3698 1375 3774 ἐμοῦ
1425 3702 1663 3775 μακρὰν,
1694 3702 1792 3757 καὶ

187 3796 585 3867 ἐσωρεύθησαν
619 3795 794 3850 ὀπίσω
828 3790 940 3849 τῶν
984 3795 1252 3867 ματαίων,
1303 3790 1398 3848 καλ⁵
1443 3792 1788 3866 ἐματαιώθης

188 3905 335 3955 trav;
375 3906 396 3940 ο
434 3887 845 3960 Κατατεθηπὼς
873 3888 930 3942 δὲ
970 3882 1161 3959 ὥσπερ
1208 3889 1292 3941 ἐπ’
1324 3888 1586 3958 ἀκράτοις
1641 3886 1788 3957 ἅμα·

192 3979 347 4043 θιαις
396 3979 526 4042 τοὺς
573 3969 634 4043 ἐξ
680 3976 918 4050 Ἰσραὴλ,
951 3973 1052 4032 ὧδέ
1089 3979 1164 4050 πή
1198 3994 1394 4049 φησιν·
1432 3996 1450 4030 ι
1497 3968 1717 4048 Ἐξέστη
1760 3976 1789 4031 ὁ

192 4070 433 4139 οὓρανδς
464 4069 560 4122 ἐπὶ
586 4070 785 4140 τούτῳ,
809 4070 904 4122 καλ⁸
928 4068 1147 4141 ἔφριξεν
1172 4069 1264 4121 ἐπὶ
1286 4066 1470 4121 πλεῖον
1501 4068 1535 4138 ἡ
1561 4065 1632 4137 γῆ
1658 4064 1787 4136 σφό-

194 4160 320 4231 δρα,
354 4152 512 4229 λέγει
558 4159 765 4232 Κύριος
787 4178 800 4192 ·
834 4161 917 4215 ὅτι
943 4161 1037 4215 δύο
1070 4159 1282 4232 πονηρὰ
1323 4156 1578 4230 ἐποίησεν
1608 4159 1636 4211 ό
1661 4154 1787 4221 λαός

200 4267 325 4320 μου.
374 4241 510 4322 Ἐμὲ
550 4252 878 4321 ἐγκατέλιπε
932 4252 1114 4324 πηγὴν
1167 4246 1357 4314 ὓδατος
1412 4248 1633 4316 ζῶντος,
1690 4248 1786 4321 κα)

196 4334 420 4409 ὤρυξαν
450 4334 665 4405 ἑαυτοῖς
703 4340 940 4405 λάκκους
990 4337 1503 4413 συντετριμμένους,
1536 4334 1669 4407 οἶ,οὐ
1691 4334 1783 4390 δυ-

195 4430 477 4501 νήσονται·
504 4426 651 4503 ὕδωρ
699 4432 962 4503 συνέχειν.
1000 4451 1020 4484 ι
1077 4419 1368 4496 Εὐϐουλίας
1408 4428 1516 4501 γὰρ
1566 4430 1789 4500 ἁπάσης

194 4519 549 4592 ἀφαμαρτεῖν
587 4522 834 4594 οίηθείην
882 4523 948 4579 ἂν
993 4521 1191 4593 ἔγωγε,
1228 4521 1322 4575 καὶ
1364 4520 1509 4592 μάλα
1558 4520 1784 4582 εἰκότως

196 4612 346 4676 τοὺς,
377 4614 435 4665 οἵ
457 4630 526 4682 γε
563 4615 663 4684 τῆς
691 4617 770 4679 είς
799 4615 930 4668 Θεὸν
980 4611 1383 4683 άποφοιτῶντες
1408 4610 1683 4683 λατρείας,
1718 4610 1780 4682 τῇ

196 4700 375 4754 κτίσει
420 4702 749 4775 λατρεύουσι
791 4703 945 4776 παρὰ
988 4703 1079 4757 τὸν
1111 4702 1352 4774 Κτίστην
1387 4704 1481 4756 καὶ
1521 4694 1777 4772 Ποιητὴν,

1813 3436 1859 3497 C
1958 3429 2155 3487 PALL.
2182 3430 2417 3484 Prorsus
2452 3427 2604 3498 pium
2632 3446 2644 3481 :
2675 3425 2910 3498 quidni?

1967 3522 2124 3579 (ΝΒ.
2169 3519 2622 3576 Commemorabo
2664 3525 2846 3573 autem
2886 3514 3007 3588 ejus
3044 3515 3235 3579 verba,
3274 3512 3472 3585 priscis

1892 3614 2002 3670 illis
2026 3611 2345 3669 hominibus
2383 3610 2661 3665 dicentis:
2697 3628 2714 3659 ι
2756 3606 2898 3674 Quid
2942 3606 3277 3661 invenerunt
3301 3606 3359 3657 In
3381 3616 3471 3660 me

1889 3715 2073 3776 patres
2093 3704 2263 3760 vestri
2289 3702 2498 3768 delicti,
2523 3700 2652 3773 quia
2675 3705 3021 3756 recesserunt
3041 3698 3200 3768 longe
3226 3712 3256 3751 a
3282 3704 3389 3759 me,
3413 3701 3471 3751 et

1889 3792 2146 3851 abierunt
2162 3803 2288 3866 post
2308 3795 2600 3857 vanitates,
2625 3797 2681 3846 et
2700 3789 2826 3847 vani
2853 3784 2981 3844 faeti
3007 3784 3236 3843 sum"?
3260 3804 3278 3837 ι
3307 3784 3471 3841 Cum-

1889 3901 1997 3956 que
2028 3882 2265 3939 filiorum
2298 3883 2464 3938 Israel
2492 3880 2661 3937 veluti
2684 3886 2891 3934 meram
2916 3877 3203 3931 stultitiam
3228 3874 3468 3929 demira-

1889 3986 2062 4042 retur,
2097 3969 2209 4031 ait:
2245 3995 2263 4026 ι
2294 3974 2589 4043 Obstupuit
2615 3971 2811 4027 cmlum
2839 3984 3004 4038 super
3030 3967 3154 4032 hoc,
3181 3974 3238 4019 et
3274 3964 3466 4019 inhor-
3552 4006 3563 4009 ι

1888 4064 2000 4120 ruit
2040 4073 2186 4119 terra
2210 4071 2362 4118 extra
2403 4060 2648 4124 modum,
2682 4058 2817 4112 dicit
2851 4054 3147 4120 Dominus;
3186 4053 3312 4124 quia
3356 4053 3493 4109 du0'

1886 4156 2026 4210 mala
2048 4154 2177 4210 fecit
2200 4153 2436 4224 populus
2457 4167 2630 4206 meus:
2656 4166 2742 4205 me
2765 4147 3058 4228 dereliquit
3082 4147 3287 4202 fontem
3312 4161 3467 4217 aqua:

1886 4248 2043 4312 viva,
2067 4257 2124 4302 et
2145 4244 2404 4301 foderunt
2426 4243 2530 4298 sibi
2566 4243 2719 4298 lacus
2754 4241 3045 4305 contritos,
3072 4238 3166 4310 qui
3200 4253 3308 4292 non
3334 4253 3466 4308 pos-

1887 4345 2017 4392 sunt
2041 4351 2237 4406 aquam
2264 4334 2548 4390 continere
2571 4332 2636 4386 "".
2669 4352 2687 4384 ι
2717 4328 2826 4387 Eos
2850 4328 2997 4385 enim
3032 4329 3101 4383 ab
3138 4327 3289 4382 omni
3316 4335 3465 4381 recto

1885 4428 2113 4484 consilio
2134 4429 2413 4494 aberrare,
2442 4424 2587 4481 haud
2614 4421 2849 4480 absurde
2875 4418 3204 4482 censuerim,
3229 4417 3324 4487 qui
3346 4416 3461 4471 dis-

1886 4519 2149 4574 cedentes
2194 4534 2225 4573 a
2266 4518 2365 4573 Dei
2417 4516 2600 4582 cultu,
2660 4520 2927 4572 creaturae
2977 4510 3228 4566 serviunt
3279 4508 3464 4578 potius

1883 4626 2048 4682 quam
2086 4610 2333 4667 Creatori
2375 4618 2539 4680 atque
2576 4604 2893 4671 Conditori;
2921 4609 3015 4656 aut
3056 4599 3125 4656 ad
3160 4598 3487 4671 turpiorem’

1882 4702 2063 4757 adhuc
2083 4717 2330 4757 errorem
2353 4700 2579 4770 delapsi,
2606 4699 2839 4754 adorant
2862 4713 3027 4766 Opera
3051 4704 3310 4751 manuum
3338 4686 3462 4748 sua-

193 4792 368 4855 ἧγουν
405 4790 487 4847 ἔτι
537 4791 674 4867 πρὸς
719 4794 915 4866 alexim
957 4794 1439 4867 καταθρώσκοντες
1488 4788 1773 4862 πλάνησιν,

1897 4809 1999 4848 'um
2027 4810 2040 4847 :
2067 4805 2191 4851 cum
2215 4800 2362 4846 esset
2382 4790 2662 4861 perfacile,
2682 4789 2726 4844 si
2748 4796 2897 4844 reete
2921 4798 3112 4857 sapere
3135 4785 3459 4847 voluissent,

196 4884 571 4953 προσκυνοῦσι
597 4881 708 4953 τοῖς
735 4876 915 4960 ἔργοις
949 4884 1055 4941 τῶν
1084 4886 1285 4959 χειρῶν
1331 4877 1537 4962 αὗτῶψ
1572 4884 1664 4937 καί
1695 4890 1776 4935 τοι

189 4970 263 5045 ἦν
307 4979 574 5042 εὐκόλως,
603 4980 763 5049 εῐπερ
807 4982 1009 5035 ’έλοιντο
1040 4983 1256 5051 φρονεῖν
1283 4977 1478 5049 ὀρθῶς,
1508 4976 1608 5045 τῆς
1638 4974 1776 5045 ὑπὲρ

192 5068 380 5122 πάντα
422 5070 521 5123 καὶ⁸
553 5071 796 5142 ἀρρήτου
839 5071 1052 5141 φύσεως
1077 5068 1514 5125 καταθεάσασθαι
1552 5066 1612 5121 τὸ
1644 5067 1777 5121 κήλ-

188 5158 280 5221 λος
309 5159 426 5212 ἀπὸ
461 5161 694 5225 κτίσεως
736 5162 964 5232 κόσμου,
998 5164 1092 5215 καὶ
1127 5165 1189 5214 ἐκ
1218 5161 1319 5231 τῆς
1346 5158 1454 5214 τῶν
1475 5157 1776 5226 γεγονότων

183 5246 501 5319 εὐρυθμίας
543 5251 638 5304 τὸν
668 5254 959 5323 ταξίαρχον
987 5254 1083 5307 καὶ
1112 5252 1355 5322 ἡγεμόνα
1393 5246 1486 5303 καὶ
1511 5246 1772 5318 δημιουρ-

178 5340 286 5406 γὸν
305 5339 470 5393 τοῦδε
485 5341 583 5395 τοῦ
605 5343 805 5408 παντὸς
830 5347 1050 5399 ἐννοεῖν.
1089 5343 1249 5396 Ἀλλά
1272 5342 1372 5413 τὴν
1394 5340 1538 5394 οὕτω
1565 5339 1772 5409 σεπτήν

183 5447 252 5483 τε
280 5434 377 5486 καὶ
408 5434 739 5509 ἀξιάγαστον
782 5437 1005 5509 γνώμην
1049 5436 1459 5498 διαπτύσαντες,
1492 5431 1635 5494 τινὲς
1661 5430 1771 5483 τῶν

264 5617 306 5647 ’⁸
330 5618 494 5672 Dent.
511 5632 641 5675 xvn,
657 5615 857 5685 Qseqq.

932 5615 977 5645 ⁷⁵
1001 5612 1251 5675 Matth.x,
1282 5610 1370 5663 37.
1448 5609 1493 5639 τ’
1519 5607 1631 5662 Jer.
1656 5622 1717 5669 ιι,
1744 5605 1798 5658 5.

1877 4899 2104 4940 summae
2140 4883 2291 4939 illius
2313 4892 2369 4938 et
2405 4874 2701 4938 ineffabilis
2740 4888 2952 4936 naturae
2990 4875 3460 4949 pulchritudinem

1876 4972 2255 5047 contemplari,
2284 4991 2462 5046 neque
2506 4974 2683 5029 solum
2721 4991 2787 5029 ex
2829 4981 3083 5028 creatura
3123 4969 3335 5034 mundi,
3361 4967 3459 5024 sed

1875 5067 2042 5121 etiam
2108 5082 2178 5121 ex
2216 5083 2404 5123 rerum
2470 5082 2591 5137 quae
2635 5066 2867 5121 conditae
2908 5071 3038 5119 sunt
3088 5061 3461 5118 concinnitate

1876 5159 2181 5230 principem
2206 5174 2272 5215 ac
2303 5158 2499 5215 ducem
2531 5167 2586 5214 et
2610 5157 2860 5228 opiﬁcem
2897 5156 3061 5227 hujus
3082 5154 3462 5209 universitatis

1874 5248 2201 5320 intelligere.
2250 5248 2355 5304 Sed
2392 5249 2641 5305 nonnulli
2686 5265 2717 5303 e
2760 5247 2956 5318 priscis
2996 5246 3104 5300 illis
3141 5245 3459 5299 hominibus

1874 5341 2162 5395 consilium
2183 5341 2320 5396 adeo
2338 5341 2748 5412 suspiciendum
2772 5348 2828 5394 et
2848 5337 3173 5394 admirabile
3194 5348 3456 5405 respuen-

1876 5439 1976 5492 tes,
2001 5446 2187 5494 aurea,
2211 5440 2271 5484 ut
2293 5440 2377 5485 est
2397 5430 2538 5500 apud
2555 5429 2772 5485 Graecos
2796 5435 3006 5498 poetas.
3030 5441 3128 5496 ιπο
3149 5425 3307 5478 mrcis
3328 5435 3458 5491 Pe"

1876 5606 1919 5636 ’τ
1965 5603 2242 5674 1bid.,is,
2276 5603 2369 5657 ιδ.
