3990 6196
484 167 593 225 ιειδ

1505 155 1563 213 S.
1603 153 1879 216 CYR'iLLl
1916 158 2397 222 ALEXANDRINI
2425 152 2757 221 ARCHIEP.

3642 163 3745 223 424

485 287 858 339 mutaverunt.
886 278 1090 346 Quare,
1113 276 1331 350 abiecta
1354 271 1485 341 Dei,
1512 275 1606 346 qui
1633 269 1936 331 secundum
1963 290 2063 329 na-

2172 275 2562 348 άρχαιοτέρων,
2592 273 2797 347 χρύτεα
2826 271 3432 346 χαλκείωνὴλλάεαντο,
3460 277 3606 334 κατὰ
3623 283 3749 349 τοὺς

486 380 663 424 turam
708 378 812 431 est,
852 366 1175 423 adoratione
1215 365 1503 437 pueriliter
1541 377 1793 419 eonverst
1832 372 1963 418 sunt
1989 363 2070 419 ‘ad

486 461 738 516 inutilem
761 470 817 516 et
841 476 1042 514 vanum
1068 459 1341 514 idolorum
1367 459 1596 513 cultum.
1623 456 1808 526 itaque
1833 454 2072 511 dedecus

487 551 605 606 risu
643 551 868 621 dignum
905 565 1007 605 suo
1033 549 1198 619 capiti
1239 554 1613 619 asperserunt,
1642 561 1850 616 suaque
1877 554 2071 616 sponte

485 641 710 712 superni
734 642 924 696 auxilii
952 640 1365 695 destitutionem
1388 637 1625 708 amplexi
1661 646 1808 693 sunt.
1831 638 2070 708 ideoque

485 736 624 791 dixit
646 737 791 791 Deus
820 754 866 789 ει
899 736 970 792 Ut
989 735 1229 790 dedecus
1247 733 1387 787 furis
1407 746 1532 787 cum
1555 731 1933 802 deprehensus
1955 730 2073 786 fue~

485 828 578 891 rit,
607 828 687 882 sic
722 827 1053 882 erubescent
1091 825 1187 879 lilii
1211 822 1404 887 Israel,
1433 820 1561 893 ipsi,
1589 831 1648 878 et
1672 836 1826 892 reges
1848 834 2066 886 eorum,

485 927 542 975 et
564 919 842 990 principes
881 919 1150 988 ipsorum,
1193 924 1249 972 et
1285 915 1599 971 sacerdotes
1622 928 1837 977 eorum,
1861 921 1917 967 et
1936 928 2069 982 pro-

486 1011 668 1081 pheta:
693 992 914 1065 eorum:
945 1010 1094 1080 ligno
1119 1009 1378 1063 dixerunt
1411 1024 1424 1061 :
1452 1007 1615 1063 Pater
1638 1018 1795 1061 meus
1816 1020 1876 1059 es
1902 1013 1990 1071 tu;
2016 1013 2072 1060 et

483 1101 681 1171 lapidi:
710 1102 789 1155 Tu
816 1101 1053 1173 genuisti
1078 1116 1185 1155 me.
1212 1099 1283 1154 Et
1302 1106 1593 1155 verterunt
1615 1097 1683 1152 ad
1706 1111 1795 1152 me
1821 1104 1990 1167 terga,
2015 1102 2071 1151 e't

483 1208 595 1246 non
619 1193 786 1247 facies
811 1208 970 1257 suas;
1021 1199 1079 1247 et
1106 1192 1162 1247 in
1182 1199 1431 1261 tempore
1454 1190 1725 1245 malorum
1755 1189 1913 1258 182
1939 1203 2071 1242 suo-

484 1298 609 1338 rum
637 1283 824 1338 dicent
846 1301 858 1337 :
880 1283 1075 1354 Surge,
1102 1290 1159 1337 et
1180 1282 1326 1337 salva
1350 1298 1470 1337 nos.
1493 1279 1568 1336 Et
1594 1281 1688 1336 ubi
1715 1289 1843 1336 sunt
1867 1281 1943 1335 dii
1960 1280 2068 1346 tui,

482 1389 623 1443 quos
662 1375 841 1430 fecisti
885 1375 986 1429 tibi
1024 1373 1168 1444 ipsi?
1188 1373 1251 1429 Si
1279 1382 1505 1444 surgent
1528 1380 1585 1427 et
1623 1372 1912 1427 salvabunt
1933 1379 1987 1425 te
2014 1371 2070 1425 in

484 1474 730 1538 tempore
770 1466 1082 1520 amictionis
1105 1465 1253 1520 tute?
1286 1467 1416 1535 quia
1448 1462 1603 1535 juxta
1640 1476 1933 1516 numerum
1975 1478 2069 1515 ur-

482 1556 637 1611 bium
666 1564 884 1609 tuarum
917 1561 1078 1609 erant
1102 1554 1179 1608 dii
1204 1554 1307 1619 tui,
1331 1553 1497 1619 Juda;
1523 1552 1751 1624 etjuxta
1774 1566 2067 1606 numerum

2171 368 2302 439 παρ’
2313 361 2550 439 ’Ἕλλησι
2580 364 2810 437 ποιητάς
2843 363 3022 437 (1).Τὺ
3046 365 3154 437 γάρ
3174 378 3258 420 τοι
3275 363 3472 437 χρῆναι
3498 369 3759 439 μεθέντες
3782 350 3796 394 ³

2169 459 2291 531 Θεῷ
2320 458 2399 531 τῷ
2425 459 2567 514 κατὰ
2595 458 2758 528 φύσιν
2790 459 3139 530 προσκυνεῖν,
3180 459 3562 531 μειρακιωδῶς
3588 463 3752 535 ἐτρά..

2171 560 2335 602 ποντο
2373 547 2511 620 πρὸς
2552 548 2809 619 ἀνόνητον
2855 546 3290 620 είκαιολατρείαν
3324 549 3433 619 (ΕΓ
3484 550 3755 622 αἰσχύνην

2170 640 2264 693 καὶ⁹
2314 638 2528 708 γέλωτα
2565 639 2667 709 τῆς
2706 636 2920 692 ἑαυτῶν
2951 639 3313 709 καταχέοντες
3343 639 3590 711 κεφαλῆς
3655 642 3755 697 καὶ

2169 731 2492 801 ἐπικουρίας
2534 726 2637 800 τῆς
2684 729 2890 785 ἀνωθεν
2956 729 3287 800 αὐτόκλητον
3334 730 3601 803 ᾑρημένοι
3655 728 3756 801 τὴν

2169 825 2509 879 ἀπόπτωσιν.
2567 823 2679 877 Καὶ
2729 824 2860 894 γοῦν
2912 821 3023 895 ἔφη
3077 822 3242 887 Θεός·
3294 842 3315 876 ι
3378 824 3467 888 Ὦς
3518 812 3753 895 αἰσχύνη

2170 916 2409 970 κλέπτου
2453 914 2583 970 ὃταν
2632 914 2766 986 me,
2817 914 2996 979 ὀὕτως
3038 913 3488 985 αἱσχυνθήσονται
3535 914 3586 967 oi
3642 913 3755 966 υἱοὶ

2184 1007 2398 1080 Ἰσραὴλ
2426 1006 2601 1073 αὐτοὶ,
2626 1008 2721 1062 καλ⁵
2740 1006 2789 1061 οἱ
2819 1006 3055 1077 βασιλεῖς
3081 1005 3282 1072 αὐτῶν,
3301 1005 3390 1059 καὶ
3409 1006 3459 1059 oi
3487 1006 3756 1076 ἄρχοντες

2170 1098 2371 1164 αὐτῶν,
2396 1100 2492 1153 καὶ
2519 1099 2761 1169 οῖ’ίερςαῖς
2791 1097 2990 1162 αὐτῶν,
3020 1097 3114 1151 καὶ
3142 1098 3190 1149 οἱ
3225 1097 3505 1168 προφῆται
3529 1094 3714 1148 αὐτῶν
3731 1111 3752 1127 ο

2167 1188 2246 1260 τῷ
2276 1188 2417 1258 ξύλῳ
2448 1181 2627 1254 εἶπαν,
2661 1188 2744 1240 ὅτι
2778 1186 2968 1258 Πατήρ
3002 1203 3105 1257 μου
3153 1179 3205 1238 εἴ
3228 1186 3317 1251 σὺ,
3351 1185 3444 1238 καὶ
3470 1184 3548 1255 τῷ
3582 1183 3750 1255 λίθῳ·

2172 1282 2244 1334 Σὺ
2292 1279 2590 1350 ὲγέννησάς
2620 1295 2708 1350 με.
2739 1278 2850 1332 Καὶ
2895 1276 3164 1349 ἔστρεψαν
3202 1276 3291 1329 ἐπ’
3319 1276 3419 1347 ἐμὲ
3457 1276 3624 1341 νῶτα,
3653 1278 3753 1330 καὶ

2170 1373 2232 1425 οὐ
2274 1373 2540 1444 πρόσωπα
2586 1369 2805 1425 αὐτῶν*
2849 1369 2941 1427 καὶ
2987 1371 3045 1423 ὲν
3079 1368 3155 1439 τῷ
3200 1368 3379 1440 καιρῷ
3414 1367 3525 1421 τῶν
3561 1368 3752 1422 κακῶν

2171 1464 2349 1516 αὐτῶν
2390 1462 2635 1534 ὲροῠσιψ
2692 1460 2924 1515 Ἀνάστα
2951 1460 3047 1514 καὶ
3087 1459 3260 1513 σῶσον
3305 1460 3475 1531 ἡμᾶς.
3507 1460 3616 1512 Και
3641 1457 3749 1512 ποῦ

2171 1554 2308 1608 εἰσὶν
2338 1554 2388 1607 oi
2428 1553 2538 1607 θεοί
2571 1567 2686 1619 σου,
2724 1550 2817 1617 οὓς
2854 1550 3118 1622 ἐποίησας
3164 1548 3379 1622 σαυτῷς
3414 1550 3478 1603 Et
3511 1550 3752 1619 ἀναστή-

481 1649 695 1703 viarum
719 1647 1045 1712 Jerusalem,
1073 1645 1456 1702 sacriﬁcabant
1479 1645 1625 1700 Baal.
1646 1643 1758 1700 Cur
1776 1644 2064 1714 loquimini

2172 1664 2353 1702 σονται
2392 1646 2487 1700 καὶ
2533 1644 2767 1700 σώσουσι
2817 1661 2877 1698 σε
2907 1644 2965 1699 ὲν
3004 1642 3080 1714 τῷ
3109 1641 3287 1715 καιρῷ
3316 1640 3416 1715 τῆς
3440 1641 3746 1705 κακώσεὼς

481 1742 549 1797 ad
572 1739 692 1795 me?
713 1738 915 1795 Omnes
932 1754 1031 1794 vos
1052 1737 1218 1807 impie
1239 1737 1449 1808 egistis,
1470 1744 1526 1791 et
1546 1750 1737 1791 omnes
1757 1749 1855 1790 vos
1878 1736 2064 1807 inique

481 1832 692 1887 fecistis
726 1831 782 1885 in
807 1846 915 1895 me,
942 1830 1083 1885 dicit
1103 1828 1372 1916 Dominus
1394 1828 1458 1881 τε.
1491 1847 1509 1880 ι

2174 1756 2306 1807 σου;
2356 1739 2438 1794 ὅτι
2468 1737 2613 1793 κατὰ
2650 1737 2881 1811 ἀριθμὸν
2911 1738 3020 1793 τῶν
3060 1736 3268 1791 πόλεών
3320 1751 3414 1790 σου
3452 1732 3589 1808 ἦσαν
3633 1735 3750 1789 θεοί

2173 1845 2293 1893 σου,
2341 1828 2534 1894 Ἰούδα,
2573 1829 2666 1882 καὶ
2710 1827 2853 1883 κατὰ
2897 1826 3128 1900 ἀριθμὸν
3169 1827 3358 1880 διόδων
3406 1828 3507 1898 τῆς
3547 1826 3750 1896 Ἰερου-

484 1927 698 1997 σαλὴμ,
754 1925 909 1979 ἔθυον
962 1924 1041 1996 τῷ
1087 1923 1257 1977 Βαάλ.
1307 1922 1470 1977 Ἰνατί
1527 1920 1748 1976 λαλεῖτε
1795 1924 1934 1995 πρός
1978 1936 2077 1991 ps;
2108 1922 2315 1988 Πάντες
2338 1924 2497 1996 ὑμεῖς
2524 1924 2837 1996 ὴνομήσατε
2864 1925 2943 1987 είς
2961 1923 3082 1994 ἐμὲ,
3107 1920 3255 1991 λέγει
3284 1920 3506 1993 Κύριος.
3541 1939 3558 1972 ι

554 2015 750 2070 PALL.
775 2014 950 2070 Grave
974 2031 1167 2070 revera
1193 2014 1426 2079 crimen,
1453 2013 1673 2085 Cyrille.

551 2106 709 2160 CYR.
747 2106 853 2161 Sed
892 2114 979 2160 est
1017 2106 1237 2177 aliquis,
1264 2113 1327 2159 ut
1368 2106 1585 2177 Opinor,
1611 2119 2005 2176 nonnunquam
2031 2120 2063 2159 e

482 2204 675 2253 nostro
698 2213 917 2267 quoque
942 2212 1177 2252 numero
1200 2196 1382 2252 adhuc
1407 2212 1517 2251 non
1541 2196 1836 2251 admodum
1860 2194 2064 2251 contir-

483 2299 691 2353 matus,
735 2290 830 2359 qui
874 2288 1116 2344 fucatam
1158 2303 1225 2344 ac
1264 2278 1583 2344 simulatam,
1616 2303 1746 2359 erga
1782 2287 2065 2343 Christum

482 2359 806 2430 cbaritatem
851 2364 1113 2442 sectetur:
1160 2385 1218 2431 et
1257 2376 1378 2431 ovis
1416 2376 1820 2446 quodammodo
1863 2378 2063 2448 pellem

482 2466 590 2522 sibi
613 2468 1098 2537 circumposuerit,
1125 2482 1325 2537 nempe
1363 2475 1427 2520 ut
1458 2466 1527 2522 ad
1562 2468 1798 2537 speciem
1822 2483 1942 2524 esse
1966 2470 2065 2525 Dei

481 2566 696 2613 amator
718 2558 995 2623 videatur,
1024 2574 1150 2613 cum
1190 2566 1337 2613 terra
1377 2559 1471 2623 sit,
1498 2566 1555 2613 et
1578 2559 1836 2615 immanis
1860 2559 2062 2625 bellua,

483 2649 754 2719 malignus
793 2651 924 2703 item
965 2664 1031 2705 ac
1054 2650 1274 2717 varius;
1301 2651 1438 2715 adeo
1480 2660 1540 2705 ut
1576 2649 1724 2706 domi
1752 2651 1974 2721 quidem
2001 2668 2066 2708 ac

482 2736 553 2791 de
590 2745 772 2802 nocte,
816 2738 1070 2804 latenter,
1116 2739 1362 2810 inquam,
1399 2739 1795 2796 daemoniorum
1836 2742 2066 2797 culturae

2243 2016 2454 2073 ΠΑΛΛ.
2497 2016 2675 2071 Δεινόν
2705 2033 2768 2084 γε
2787 2013 2863 2080 ὼς
2891 2015 3108 2088 άληθῶς
3131 2015 3190 2068 τὸ
3212 2015 3420 2086 χρῆμα,
3446 2007 3492 2067 ὧ
3516 2016 3635 2068 τᾶν.

2238 2105 2404 2160 ΚΥΡ.
2456 2104 2593 2158 Ἀλλ’
2640 2107 2669 2158 ὁ
2703 2104 2803 2176 μέν
2832 2121 2913 2168 τις
2951 2103 3062 2157 ἐσθ’
3099 2104 3188 2158 ὅτε
3217 2102 3326 2157 τῶν
3352 2102 3649 2156 τελούντων
3687 2104 3750 2154 ἐν

2167 2195 2320 2267 ἡμῖν,
2357 2194 2745 2265 ἐρηρεισμένος
2786 2193 2845 2248 δὲ
2887 2193 3041 2247 οὔπω
3075 2193 3219 2259 λίαν,
3273 2191 3656 2247 κατάπλαστον
3686 2192 3749 2244 δὲ

2167 2289 2263 2343 καὶ
2315 2281 2478 2359 νόθην
2513 2286 2612 2358 τὴν
2649 2289 2729 2351 είς
2765 2287 3001 2359 Χριστὸν
3045 2284 3404 2357 ἐπιτηδεύσας
3442 2285 3745 2355 ἀγάπησιν,

2168 2380 2266 2434 καὶ
2291 2373 2404 2443 οἷος
2444 2377 2633 2450 ὥσπερ
2679 2377 2874 2432 κώδιον
2918 2377 3097 2450 ἑαυτῷ
3134 2375 3433 2451 περιτιθεὶς
3474 2376 3537 2430 τὸ
3567 2375 3749 2429 δοκεῖν

2167 2467 2306 2524 εἶναι
2353 2469 2626 2543 θεοφιλὴς,
2668 2468 2863 2542 πικρὸν
2910 2469 3006 2523 καὶ
3060 2470 3272 2524 ἀνόσιον
3323 2467 3478 2523 ἔσται
3529 2467 3743 2539 θηρίον,

2168 2563 2393 2635 κέρκωψ
2437 2579 2498 2616 τε
2527 2563 2622 2617 καὶ
2658 2561 3108 2634 ἀλλοπρόσαλλος,
3146 2561 3223 2624 ὡς
3245 2561 3384 2615 οῖκοι
3424 2559 3519 2614 καὶ
3562 2558 3745 2622 νυκτὶ,

2167 2655 2311 2727 φημὶ
2338 2654 2403 2725 δὴ
2426 2655 2487 2709 τὺ
2513 2654 2832 2726 λεληθότως,
2860 2656 2981 2718 ταῖς
3013 2654 3123 2707 τῶν
3157 2653 3448 2725 δαιμονίων
3486 2653 3750 2722 προσκεῖ-

2168 2749 2292 2802 σθαι
2327 2747 2625 2819 λατρείαις,
2671 2745 2880 2800 οίεσθαι
2923 2744 2980 2800 δέ
3022 2764 3123 2800 που
3169 2744 3313 2800 κατὰ
3357 2744 3418 2798 τὺ
3446 2743 3609 2808 εἰκὸς,
3645 2742 3750 2795 καὶ

482 2826 556 2882 sit
578 2826 831 2895 deditus;
859 2827 1006 2883 idem
1033 2835 1239 2894 tamen,
1266 2838 1328 2884 ut
1352 2830 1649 2886 verisimile
1682 2838 1767 2886 est
1785 2872 1801 2897 ,
1827 2841 1984 2903 putet
2006 2849 2064 2888 se

2172 2839 2332 2893 αὐτὸν
2351 2836 2610 2892 δύνασθαι
2638 2835 2921 2907 διαδράναι
2948 2834 3104 2899 Θεὸν,
3133 2835 3231 2889 καὶ
3259 2833 3348 2889 τὸν
3380 2835 3479 2904 τῆς
3501 2829 3750 2905 ἀρρήτου

482 2934 644 2991 posse
668 2919 839 2974 Deum
866 2935 1087 2990 quoque
1110 2920 1293 2992 ipsum
1328 2920 1593 2992 effugere,
1619 2931 1678 2977 et
1698 2923 1848 2977 illam
1871 2925 2066 2980 ineﬂ‘a-

483 3011 613 3066 bilis
648 3011 798 3067 illius
836 3018 1046 3068 natura:
1086 3012 1505 3085 intelligentiam
1531 3014 1740 3071 fallere.
1761 3016 1946 3073 Facile
1967 3034 2067 3073 au-

484 3110 595 3157 tem
633 3103 851 3159 ostendi
885 3111 1089 3174 potest,
1115 3102 1210 3174 qui
1251 3104 1327 3159 ita
1369 3105 1590 3171 sentiat,
1614 3121 1742 3160 eum
1781 3107 2067 3179 gentilium

483 3209 704 3264 quoque
741 3194 973 3251 stultitia
1005 3194 1252 3265 turpiora
1292 3196 1552 3267 cogitare.
1578 3196 1714 3252 Nam
1753 3195 2068 3254 Graecorum

482 3286 830 3356 sapientibus
853 3287 957 3352 sol,
983 3287 1078 3358 qui
1104 3286 1362 3342 conditus
1378 3303 1443 3342 ac
1464 3288 1640 3345 factus
1653 3298 1757 3354 est,
1773 3290 2064 3356 luminare,

482 3375 728 3448 inquam,
754 3377 892 3432 illud
928 3394 1208 3450 magnum,
1233 3388 1290 3434 et
1312 3379 1381 3434 ad
1409 3380 1513 3435 hoc
1537 3381 1716 3451 ipsum
1744 3395 1775 3435 a
1798 3382 1911 3437 Deo
1932 3398 2066 3437 con-

482 3469 682 3535 ditum,
705 3471 831 3540 jure
871 3469 1082 3540 optimo
1116 3471 1303 3527 omnia
1328 3473 1581 3542 aspicere
1609 3480 1665 3527 et
1690 3472 1872 3527 omnia
1897 3488 2065 3528 exau-

482 3558 606 3614 dire
629 3559 960 3615 videbatur:
987 3562 1255 3631 putabant
1274 3562 1446 3627 enim,
1471 3561 1616 3632 quod
1640 3577 1742 3632 pro
1762 3562 1875 3617 Deo
1897 3563 2069 3618 susci-

483 3657 731 3717 peretur,
757 3648 813 3704 id
844 3650 1046 3706 divinae
1079 3659 1289 3708 natura:
1323 3653 1754 3723 proprietatibus
1775 3653 2066 3724 praeditum

483 3754 605 3794 esse
626 3748 885 3810 oportere
912 3759 925 3796 :
949 3750 1034 3797 est
1052 3751 1236 3798 autem
1256 3759 1484 3799 summa:
1505 3753 1714 3800 natura;
1733 3745 2063 3816 proprietas,

483 3830 668 3884 omnia
711 3830 854 3886 scire
890 3838 1056 3903 atque
1094 3833 1428 3904 perspicere.
1470 3834 1577 3891 Sed
1615 3835 1693 3890 illi
1728 3835 1950 3906 quidem
1992 3838 2067 3892 ita

483 3916 834 3972 sentiebant:
861 3916 929 3973 ad
951 3933 1054 3974 nos
1073 3934 1206 3975 vero
1228 3921 1373 3976 Deus
1392 3921 1523 3976 olim
1546 3921 1844 3977 clamabat:
1875 3942 1894 3975 ι
1923 3923 2068 3979 Dens

484 4007 864 4078 pr0pinquans
901 4023 1003 4080 ego
1044 4024 1188 4076 sum,
1215 4010 1350 4066 dicit
1370 4011 1655 4079 Dominus,
1682 4021 1739 4069 et
1776 4029 1886 4068 non
1923 4013 2067 4069 Deus

484 4099 554 4153 de
584 4101 796 4171 longe:
832 4110 889 4156 et
928 4117 960 4157 a
1000 4117 1087 4158 me
1108 4103 1480 4159 abscondctur
1519 4102 1727 4176 aliquid
1753 4105 1836 4159 7'?
1866 4124 1883 4157 ›
1915 4106 2065 4162 Nihil

2171 2928 2386 2999 φύσεως
2412 2924 2883 2998 παραλογίσασθαι
2905 2924 3051 2980 νοῦν.
3089 2922 3336 2996 Ἐκδεῖξῃ
3362 2921 3407 2976 6‘
3439 2922 3504 2976 άν
3534 2937 3618 2985 τις
3647 2922 3750 2974 καὶ

2168 3014 2289 3069 λίαν
2325 3014 2585 3085 ἀμογητὶ,
2618 3013 2710 3068 τὸν
2755 3007 2867 3083 ᾧγε
2895 3012 3056 3068 ταυτὶ
3099 3011 3333 3084 πάρεστι
3376 3012 3611 3082 φρονεῖν,
3643 3011 3748 3079 τῆς

2180 3105 2447 3177 Ἑλλήνων
2482 3103 2808 3176 ἀσελτηρίας
2839 3103 2909 3158 τὰ
2948 3096 3147 3174 αἰσχίω
3172 3101 3589 3174 βεσουλημὲνον.
3617 3101 3748 3166 Τοῖς

2171 3199 2271 3270 μὲν
2308 3196 2417 3269 γὰρ
2449 3198 2577 3268 παρ’
2625 3196 2852 3268 Ἕλλησι
2896 3197 3079 3266 σοφοῖς
3112 3196 3328 3251 κτιστὺν
3354 3197 3455 3251 καί⁸
3485 3197 3751 3266 γεννητὸν

2167 3290 2317 3357 ὄντα,
2347 3289 2503 3343 πάντ’
2537 3289 2738 3361 ὲφορᾷν
2763 3289 2856 3342 καὶ
2886 3288 3043 3342 πάντ’
3066 3287 3378 3353 ἐπακούειν,
3400 3286 3577 3360 ὀρθῶς
3600 3287 3748 3357 ἔχειν

2167 3381 2344 3436 ἐδόκει
2382 3382 2474 3435 τὸν
2521 3381 2674 3453 ἥλιον
2708 3381 2807 3452 (3),
2845 3381 2938 3435 τὸν
2978 3380 3242 3453 φωστῆρα
3284 3380 3375 3437 τὸν
3420 3379 3609 3451 μέγαν,
3649 3378 3751 3433 καὶ

2167 3474 2254 3526 ἐπ’
2295 3473 2444 3545 αὐτῷ
2480 3473 2545 3546 δὴ
2579 3472 2756 3545 τούτῳ
2799 3473 3167 3546 πεποιημένον
3198 3472 3350 3546 παρὰ
3372 3471 3507 3527 Θεοῦ
3527 3490 3540 3503 ·
3573 3470 3747 3544 ᾤοντο

2166 3564 2277 3636 γὰρ
2315 3564 2424 3618 δεῖν
2466 3565 2527 3620 τὸ
2554 3567 2611 3619 ἰν
2642 3565 2778 3620 Θεοῦ
2811 3566 2962 3634 τάξει
3009 3564 3476 3640 παρειλημμένον,
3507 3566 3622 3630 τοῖς
3641 3563 3750 3636 τῆς

2169 3655 2319 3721 θείας
2358 3656 2573 3726 φύσεως
2605 3657 3000 3712 καταπλουτεῖν
3043 3656 3365 3730 ἀξιώμασιν.
3410 3655 3652 3728 Ἀξίωμα
3681 3655 3746 3711 δὲ

2168 3747 2266 3819 τῆς
2290 3748 2550 3802 ἀνωτάτω
2574 3749 2809 3819 φύσεως,
2839 3749 2908 3803 τὰ
2931 3748 3109 3804 πάντα
3137 3749 3332 3803 εἰδέναι
3360 3750 3452 3804 καὶ
3474 3747 3745 3821 καθορᾷν.

2180 3837 2320 3892 Ἀλλ’
2349 3840 2545 3892 ἐκεῖνοι
2574 3838 2672 3910 μὲν
2710 3841 2769 3893 ὲν
2796 3838 3037 3903 τούτοις·
3067 3840 3200 3911 ἡμῖν
3229 3839 3287 3894 δὲ
3317 3838 3450 3905 Θεδς
3471 3840 3747 3911 ἐπεφώνει

2167 3930 2362 3986 πάλαι’
2399 3950 2416 3984 ι
2452 3931 2582 3995 Θεὸς
2621 3928 2852 4001 ὲγγίζων
2889 3931 2998 4001 ἐγώ
3035 3933 3175 4004 εἰμι,
3211 3931 3359 4002 λέγει
3390 3932 3615 4003 Κύριος,
3644 3934 3748 3987 καὶ

2166 4022 2287 4093 οὐχὶ
2315 4023 2447 4087 Θεὸς
2477 4022 2789 4095 πόρρωθεν·
2828 4023 2903 4095 μὴ
2932 4024 3028 4078 ἀπ’
3061 4023 3195 4095 ἐμοῦ
3227 4023 3563 4096 κρυσήσεταί
3584 4042 3671 4090 τις
3716 4043 3739 4083 ι

2168 4111 2335 4167 Δάθοι
2372 4113 2480 4185 γὰρ
2522 4113 2674 4166 οὐδὲν
2714 4112 2809 4166 τόν
2857 4129 2920 4181 γε
2954 4113 3168 4185 άληθῶς
3212 4112 3372 4184 φύσει
3418 4114 3570 4167 Θεόν.
3628 4113 3747 4167 Καὶ

482 4191 632 4243 enim
670 4190 841 4246 latere
868 4201 1051 4262 potest
1088 4208 1215 4249 eum
1278 4196 1372 4267 qui
1412 4203 1609 4251 natura
1649 4212 1883 4268 vereque
1920 4198 2066 4253 Deus

2173 4204 2600 4274 μυσταγωγείτω
2621 4206 2650 4258 ό
2677 4203 2944 4276 μακάριος
2967 4204 3134 4258 Δασιδ
3152 4204 3327 4276 λέγων
3344 4220 3359 4237 ’
3384 4225 3404 4258 ι
3435 4204 3627 4259 Σύνετε
3646 4198 3743 4271 δὴ.

482 4289 588 4336 est.
627 4281 797 4352 quue
838 4283 1058 4341 divinus
1081 4286 1253 4341 David
1280 4302 1381 4342 nos
1404 4287 1625 4342 docebit
1657 4288 1886 4344 dicens:
1920 4307 1939 4340 ι
1971 4290 2061 4343 ln-

486 4373 737 4444 telligite,
765 4374 1090 4446 insipientes
1117 4375 1173 4430 in
1213 4376 1437 4446 populo,
1463 4385 1520 4431 et
1561 4377 1735 4441 stulti,
1768 4378 2062 4447 aliquando

485 4466 659 4535 sapite
677 4484 691 4520 :
710 4467 802 4537 qui
819 4467 1086 4537 plantavit
1108 4481 1322 4533 aurem,
1344 4482 1456 4520 non
1473 4466 1690 4522 audiet?
1710 4476 1765 4522 et
1787 4469 1881 4538 qui
1906 4468 2065 4524 finxit

484 4557 730 4620 oculum,
758 4572 869 4611 non
892 4556 1201 4611 considerat
1220 4557 1301 4609 “1
1333 4576 1352 4609 ι
1378 4556 1644 4612 Dicebant
1670 4558 1818 4613 enim
1850 4560 2063 4616 scilicet

486 4647 739 4701 nonnulli
763 4662 877 4717 pne
908 4645 1139 4702 stultitia
1166 4664 1180 4699 :
1214 4664 1233 4698 ι
1261 4646 1383 4701 Non
1417 4646 1625 4703 videbit
1648 4648 1931 4714 Dominus,
1961 4665 2061 4705 ne-

486 4753 595 4808 que
637 4739 911 4811 intelliget
950 4738 1097 4794 Deus
1134 4738 1304 4797 Jacob
1329 4740 1395 4795 ει.
1431 4759 1449 4793 ι
1499 4740 1695 4805 Annon
1720 4742 2065 4813 desipientia

485 4844 714 4886 summae
738 4839 825 4887 est
844 4831 1051 4897 dicere,
1076 4833 1303 4888 minime
1328 4847 1455 4888 eum
1479 4834 1640 4899 scire,
1667 4833 1759 4904 qui
1793 4834 2062 4907 cognitio-

485 4920 574 4975 nis
617 4923 854 4978 tributor
876 4923 977 4990 sit;
1005 4940 1071 4979 ac
1107 4933 1304 4995 putare
1342 4941 1470 4981 eum
1493 4941 1603 4981 non
1644 4926 1924 4992 exaudire,
1967 4927 2062 4998 qui

485 5007 635 5065 hunc
657 5027 878 5068 sensum
903 5015 1068 5071 rebus
1093 5032 1126 5071 a
1148 5032 1207 5072 se
1239 5017 1474 5072 conditis
1502 5016 1748 5073 dederit?

2168 4295 2399 4365 ἄφρονες
2435 4295 2494 4347 ὲν
2527 4294 2604 4365 τῷ
2626 4294 2759 4367 λαῷ,
2804 4296 2899 4349 καὶ
2931 4295 3124 4368 μωροί,
3161 4296 3293 4350 ποτε
3327 4297 3668 4367 φρονήσατε·
3711 4295 3747 4347 ὁ

2167 4385 2441 4455 φυτεύσας
2464 4385 2523 4440 τὸ
2548 4383 2662 4452 οὖς,
2699 4386 2799 4441 οὐκ
2824 4385 3075 4455 άκούσει;
3118 4387 3210 4441 καὶ⁵
3233 4387 3263 4439 ό
3304 4387 3512 4451 πλάσας
3539 4386 3747 4456 ὀφθαλ-

2170 4476 2325 4546 μοὺς,
2342 4470 2465 4547 οὐχϊ
2480 4478 2762 4543 κατανοεῖς
2790 4494 2809 4528 ι
2829 4476 3125 4546 Ἔφασκον,
3140 4474 3315 4550 οἶμαι,
3333 4478 3474 4541 τινες
3496 4477 3558 4543 ἐξ
3575 4479 3748 4532 ἀσυν-

2166 4566 2318 4631 εσίας
2337 4583 2351 4599 ’
2388 4586 2408 4620 ι
2449 4564 2563 4621 Οὐκ
2594 4566 2783 4638 ὕψεται
2810 4567 3016 4640 Κύριος
3035 4610 3051 4636 ,
3083 4567 3190 4622 οὐδ’
3215 4570 3276 4622 οὐ
3299 4569 3519 4641 συνήσει
3543 4571 3572 4623 ό
3605 4568 3747 4633 Θεὸς

2176 4641 2390 4715 Ἰακώϐ.
2435 4679 2454 4714 ι
2494 4661 2566 4714 Ἦ
2610 4661 2712 4715 οὐκ
2757 4661 2964 4732 ἠλίθιον
3001 4659 3217 4735 κομιδῇ,
3256 4662 3319 4716 τὸ
3358 4662 3495 4733 μήτε
3540 4661 3743 4715 είδέναι

2163 4753 2342 4823 λέγειν
2368 4754 2459 4809 τὸν
2487 4753 2587 4825 τῆς
2625 4752 2877 4823 γνώσεως
2914 4754 3171 4826 χορηγὸν,
3220 4755 3357 4827 μήτε
3386 4754 3492 4826 μὴν
3521 4754 3744 4809 δπαίειν

2162 4841 2400 4909 οἴεσθαι,
2437 4842 2530 4897 τὸν
2560 4844 2674 4908 τοῖς
2716 4842 2846 4915 παρ’
2882 4842 3047 4898 αὑτοῦ
3072 4844 3321 4931 γεγονόσι
3348 4843 3411 4899 τὺ
3440 4841 3634 4917 χρῆμα
3663 4845 3746 4898 δι-

2161 4935 2321 4992 δόντα
2342 4955 2358 5005 ;

552 5188 602 5221 "'
622 5188 734 5245 Jer.
766 5206 823 5256 ιι,
854 5190 1043 5247 26—29.
1104 5193 1150 5225 "
1179 5191 1292 5248 Jer.
1328 5209 1481 5258 mn,
1507 5192 1596 5247 25.
1671 5194 1717 5227 '°
1748 5194 1890 5251 Psal.
1915 5213 2064 5264 1cm,
2085 5198 2143 5264 8,
2182 5200 2237 5256 9.
2312 5201 2356 5234 ⁸⁸
2394 5201 2559 5269 lbid.,
2589 5204 2642 5260 7.

553 5329 629 5400 (l)
660 5330 928 5389 Homerus
957 5333 1115 5390 Iliad.
1143 5334 1196 5401 ς’
1230 5353 1244 5389 :

557 5402 794 5465 Χρύσεα
820 5406 1136 5473 χαλκείων,
1166 5406 1501 5476 ἑκατόμϐοι’
1526 5408 1904 5465 ἐννεαϐοίων.

571 5491 625 5570 2)
646 5490 781 5570 Qud.
806 5494 951 5570 V_at.,
975 5496 1433 5569 είδωλολατρείαν.
1453 5497 1718 5570 Superius
1738 5499 1880 5556 idem
1900 5502 2047 5569 cod.,

621 5579 649 5613 ν
672 5561 949 5636 λατρείαν,
1265 5561 1278 5569 ’
1531 5561 1550 5570 ’
1998 5578 2005 5583 ’

2227 5343 2301 5415 (5)
2341 5344 2639 5422 Homerum
2688 5348 2961 5422 intelligit,
2985 5350 3080 5421 qui
3106 5308 3332 5407 iliados
3374 5350 3542 5407 tertio
3589 5350 3734 5422 Aga-

2154 5429 2501 5470 memnonem
2530 5416 2586 5471 in
2615 5415 2819 5475 foedere
2844 5415 3024 5476 Solem
3053 5422 3391 5479 invocantem
3411 5422 3543 5477 fecit
3574 5440 3590 5477 :

2169 5504 2399 5574 Ἠέλιός
2422 5507 2472 5564 θ’
2496 5508 2565 5577 ὃς
2596 5511 2767 5567 πάντ’
2792 5514 3014 5585 ἐφορᾷς
3046 5517 3142 5571 καί
3186 5517 3359 5573 πάντ’
3388 5519 3733 5587 ἐπακούεις.,
