3990 6196
294 216 421 275 ηὸ

380 333 594 388 ΠΔΛΛ.
647 330 932 386 Ἀπίθανον
966 330 1262 395 παντελῶς.

381 426 550 479 ΚΥΡ.
594 423 1003 495 Προσκυνητέον
1032 417 1123 476 οὖν
1154 423 1262 494 ἄρα
1300 422 1447 493 μόνῳ
1478 437 1536 475 τε
1564 422 1658 475 καὶ
1680 420 1892 492 όλοτρό-

303 532 429 578 πως
475 512 664 585 Κυρίῳ
708 510 788 583 τῷ
847 511 987 583 Θεῷ,
1040 512 1181 565 κατὰ
1209 512 1310 576 τὰς
1339 510 1588 584 Γραφάς,
1630 512 1799 580 ἑτέρῳ
1836 509 1893 562 δὲ

304 608 444 679 παρ’
478 605 641 660 αὐτὸν
661 603 857 658 οὐδενί.
894 603 1207 674 Γέγραπται
1235 603 1365 676 γὰρ,
1391 603 1473 656 ὃτι
1510 623 1529 654 ‹
1554 601 1768 665 Τέλειος
1795 600 1892 672 ἔσῃ

303 699 555 754 ἐναντίον
582 696 789 768 Κυρίου
819 696 916 750 τοῦ
941 695 1077 750 Θεοῦ
1114 712 1230 751 σου.
1275 716 1295 747 ι
1329 695 1617 766 Τελειότης
1648 693 1706 749 δὲ
1734 710 1895 746 πνευ-

309 790 541 863 ματικὴ,
582 789 644 844 τὸ
683 790 966 861 ἱδρυμένον
1007 790 1065 843 ὲν
1101 788 1313 854 πίστει,
1349 788 1443 842 καὶ
1468 786 1772 860 ἀμώμητον
1815 789 1893 851 εἰς

304 882 591 954 λατρείαν,
627 880 723 934 καὶ
767 865 869 949 τῆς
916 880 996 944 εἰς
1034 878 1166 933 Θεὸν
1210 880 1432 950 ἀγάπης
1479 879 1540 933 τὸ
1573 878 1894 950 ἀδιάὸλητον

304 972 531 1036 κάλλος.

383 1065 597 1121 ΠΑΛΛ.
633 1062 793 1117 Οῦτω
825 1061 995 1135 φημί..

382 1158 547 1212 ΚΥΡ.
594 1153 722 1229 'Ap'
771 1154 899 1222 οὖν,
934 1151 979 1211 ὦ
1023 1156 1328 1224 Παλλάδιε,
1374 1157 1503 1221 τοὺς
1550 1157 1751 1227 ἣκιστα
1794 1156 1893 1227 μὲν

307 1249 457 1315 θεοῖς
486 1250 727 1321 ἑτέροις,
774 1250 940 1321 ἤγουν
982 1250 1047 1321 τῇ
1099 1249 1275 1304 κτίσει
1313 1249 1467 1322 παρά
1498 1249 1588 1303 τὸν
1615 1248 1896 1303 Κτίσαντα

305 1342 643 1412 προσκυνεῖν
677 1340 988 1411 ἑλομένους·
1031 1341 1392 1413 πειθομένους
1440 1340 1516 1413 (1)
1562 1340 1620 1394 δὲ
1662 1340 1763 1394 οὐκ
1795 1335 1893 1394 οἶδ’

306 1435 463 1497 ὅπως
506 1436 628 1496 ταῖς
675 1432 783 1485 τῶν
831 1431 1362 1503 εἰδωλολατρούντων
1410 1431 1891 1502 ψευὼμαντείαις,

309 1522 511 1595 μώμου
539 1523 634 1577 καὶ
671 1522 849 1586 αἰτίας
877 1523 1296 1595 ἀπαλλάξομεν;
1337 1523 1371 1593 ἢ
1401 1520 1512 1576 τῶν
1547 1522 1626 1584 εἰς
1658 1522 1896 1576 ἀπόστα-

308 1632 400 1668 σιν
439 1615 803 1687 ἐγκλημάτων
849 1614 1165 1686 ἐλευθέρους
1211 1614 1530 1684 ἀποφαίνειν
1563 1616 1675 1676 τοῖς
1718 1630 1781 1681 γε
1818 1613 1895 1678 ὡς

306 1708 529 1780 ἀληθῶς
556 1710 800 1779 γνησίοις
827 1710 1099 1780 ἀσφαλές;

387 1889 598 1942 ΠΑΔΛ.
628 1887 918 1959 Οὐδαμῶς.

385 1978 552 2033 ΚΥΡ.
620 1979 1063 2049 Ἀστρογοητεῖαι
1117 1978 1174 2031 δὲ
1240 1979 1333 2033 καὶ
1394 1977 1744 2051 κληδονισμοὶ
1803 1975 1898 2030 καὶ

302 2070 769 2139 ψευδομαντεῖαι,
802 2071 896 2123 καὶ
935 2068 1310 2141 δαιμονιώδεις
1349 2068 1710 2140 φενακισμοὶ,
1758 2065 1896 2139 πρέ-

308 2179 473 2216 ποιεν
497 2161 584 2227 ἂν,
613 2157 767 2232 οἶμαί
798 2178 923 2227 που,
960 2162 1143 2232 μόνοις
1157 2177 1217 2215 τε
1243 2162 1337 2216 καὶ
1362 2162 1505 2233 τάχα
1519 2164 1629 2225 τοῖς
1654 2159 1899 2216 ὲκτοπὼ-

307 2270 453 2306 τατα
517 2250 1026 2325 προτεθυμημένοις
1080 2251 1180 2323 τὴν
1228 2252 1402 2306 ἀκλεᾶ
1467 2254 1563 2307 καὶ
1622 2253 1898 2324 ἐπάρατον

307 2344 759 2417 εἰδωλολατρείαν
793 2343 1179 2409 εἰσοικίζεσθαι
1210 2344 1352 2398 κατὰ
1372 2344 1517 2402 νοῦν.

384 2436 597 2489 ΠΔΛΔ.
653 2434 861 2506 Ὀρθῶς
908 2434 1064 2508 ἔφης.
1129 2436 1369 2490 Ἐπείτοι
1422 2436 1519 2491 καὶ
1568 2437 1710 2503 θεῖος
1765 2442 1897 2512 ἡμῖν

308 2528 605 2602 παρεγγυᾷ
650 2527 846 2598 λόγος,
900 2527 999 2599 τὴν
1047 2526 1129 2592 είς
1177 2545 1242 2597 γε
1287 2526 1517 2593 τούτους
1562 2531 1898 2602 αἰσχρότητα

309 2618 832 2695 ωταμυσάττεσθαι
878 2619 1010 2673 δεῖν.
1069 2620 1225 2691 Ἔχει
1268 2620 1325 2674 δὲ
1368 2620 1561 2687 οὕτως’
1618 2641 1637 2676 ι
1679 2621 1808 2678 Ἐὰν
1836 2624 1895 2677 δὲ

308 2714 563 2787 εἰσέλθῃς
590 2716 669 2779 εἰς
697 2713 796 2787 τήν
831 2713 966 2785 γῆν,
1002 2713 1070 2785 ἢν
1122 2711 1327 2784 Κύριος
1348 2714 1377 2767 ὁ
1409 2712 1542 2779 Θεός
1590 2731 1684 2768 σου
1712 2714 1897 2769 δίδωσί

310 2825 420 2872 σοι,
467 2809 527 2862 οὐ
579 2806 806 2881 μαθήσῃ
854 2808 1030 2860 ποιεῖν
1081 2807 1223 2861 κατὰ
1271 2806 1340 2861 τά
1388 2805 1733 2879 βδελύγματα
1789 2808 1897 2863 τῶν

308 2899 484 2955 ὶθνῶν
501 2899 745 2953 ὲκείνωψ
775 2899 875 2971 οὐχ
895 2898 1255 2971 εὑρεθήσεται
1286 2900 1344 2952 ἐν
1374 2899 1457 2952 σοὶ
1488 2899 1897 2973 περικαθαίρων

306 2992 403 3046 τὸν
445 2991 565 3045 υἱὸν
609 2990 777 3045 αὐτοῦ
826 2992 922 3044 καὶ
966 2990 1065 3061 τὴν
1099 2990 1379 3064 θυγατέρα
1417 2991 1583 3046 αὑτοῦ
1632 2994 1690 3047 ὲν
1740 2993 1894 3062 πυρὶ,

310 3085 721 3157 μαντευόμενος
779 3060 1067 3155 μαντείαν,
1123 3087 1221 3138 καὶ
1267 3060 1749 3157 κληδονιζόμενος,
1801 3060 1895 3138 καὶ
1923 3060 1964 3118 C

306 3177 722 3248 οἰωνιζόμενος,
772 3176 1099 3249 φαρμακὺς,
1136 3176 1352 3249 ἐπᾴδων
1398 3176 1687 3248 ἐπαοιδήν,
1726 3178 1896 3246 ἔγγα-

309 3267 656 3341 στρίμυθος,
707 3268 803 3322 καὶ
844 3267 1286 3339 τερατοσκόπος,
1338 3267 1433 3320 καὶ
1501 3265 1725 3336 ἐρωτῶν
1769 3266 1898 3332 τοὺς

307 3361 564 3434 νεκρούς·
590 3360 706 3414 ἔστι
741 3359 851 3432 γάρ
877 3359 1155 3431 βδέλυγμα
1182 3358 1376 3430 Κυρίῳ
1412 3356 1491 3430 τῷ
1519 3358 1639 3430 Θεῷ
1665 3376 1759 3414 σου
1789 3360 1897 3423 πᾶς

306 3456 488 3512 ⁴τιτοιῶν
526 3454 724 3509 ταῦτα.
768 3472 788 3506 ι
836 3452 946 3506 Καὶ
992 3451 1111 3523 μεθ’
1136 3452 1300 3525 ἕτερα
1330 3451 1495 3507 πάλιν
1538 3451 1690 3524 φησί·
1733 3471 1752 3504 ι
1792 3451 1896 3505 Τέ-

307 3548 455 3612 λειος
477 3545 577 3619 ἔσῃ
599 3545 779 3598 ἔναντι
800 3545 1008 3616 Κυρίου
1031 3541 1125 3596 τοῦ
1145 3542 1281 3597 Θεοῦ
1310 3559 1427 3596 σου·
1453 3543 1522 3597 τὰ
1545 3541 1672 3614 ἔθνη
1699 3542 1893 3609 ταῦτα,

309 3638 407 3704 οὓς
432 3641 496 3693 σὺ
520 3637 1091 3710 κατακληρονομήσεις
1117 3634 1336 3700 αὐτοὺς,
1357 3628 1505 3688 οὗτοι
1524 3633 1897 3706 κληδονισμῶν

308 3733 409 3787 καὶ
432 3730 702 3802 μαντειῶν
718 3729 1059 3785 ἀκούσονται·
1087 3726 1171 3781 σοὶ
1194 3727 1252 3781 δὲ
1270 3726 1371 3797 οὐχ
1395 3725 1567 3789 οὕτως
1583 3724 1752 3780 ἔδωκε
1784 3725 1897 3781 Κύ-

314 3841 431 3897 ριος
459 3825 488 3877 ὁ
527 3822 662 3886 Θεός
695 3839 809 3876 σου.
856 3821 1149 3892 Προφήτην
1183 3820 1247 3873 ὲκ
1280 3818 1391 3873 τῶν
1420 3817 1662 3887 ἀδελφῶν
1697 3833 1791 3871 σου
1822 3818 1898 3883 ὡς

309 3918 412 3989 spe
441 3915 738 3985 ἀναστήσει
766 3913 968 3983 Κύριος
999 3915 1028 3968 ό
1061 3911 1195 3976 Θεός
1221 3927 1338 3965 σουο
1379 3909 1571 3984 [αὐτοῦ
1599 3909 1898 3964 ἀκούσεσθε

311 4005 663 4078 κατάδπάντα
683 4006 784 4059 ὅσα
808 4003 993 4077 ῂτήσω
1019 4005 1170 4075 παρὰ
1213 4002 1418 4076 Κυρίου
1468 4001 1562 4056 τοῦ
1610 4001 1746 4057 Θεοῦ
1778 4001 1894 4074 σου]

312 4101 368 4153 ἒν
405 4096 613 4169 Χωρὴϐ
634 4099 701 4168 τῇ
724 4097 909 4168 ἡμέρα
935 4097 1034 4166 τῆς
1067 4095 1382 4166 ἐκκλησίας.
1418 4112 1438 4146 ι

382 4192 553 4245 ΚΥΡ.
586 4185 755 4257 Εὖγε,
789 4184 835 4244 ὧ
866 4189 1107 4259 φιλότης.
1147 4185 1420 4258 Ἑψόμεθα
1456 4187 1568 4259 γὰρ
1597 4187 1717 4258 οὐχὶ
1738 4201 1898 4258 τερα·

315 4287 607 4350 τοσκόποις
640 4301 700 4337 τε
741 4285 837 4338 καὶ
876 4284 1338 4356 νεκρομάντεσιν,
1375 4281 1490 4336 ἀλλ’
1516 4281 1636 4335 οὐδὲ
1671 4281 1898 4351 πτήσεις

1034 218 1123 274 DE
1160 215 1609 277 ADORATIONE
1643 217 1709 271 IN
1745 216 2018 273 smnnu
2057 215 2144 271 ET
2185 174 2552 272 VERlTATE.
2597 206 2726 269 Lm;
2766 212 2851 268 v1.

1917 336 1963 392 Α
2063 328 2260 385 PALL.
2295 327 2612 384 Absurdum
2637 328 2882 384 omnino.

3470 217 3574 273 49.6

2064 419 2221 474 CYR.
2265 418 2360 473 llle
2400 418 2568 489 igitur
2597 419 2746 473 solus
2784 429 2949 489 atque
2994 416 3171 471 modis
3201 416 3458 471 omnibus
3493 427 3578 472 est

1994 509 2307 567 adorandus
2343 510 2609 566 Dominus
2644 511 2829 576 Deus,
2875 518 2936 564 ut
2978 509 3276 581 Scriptura:
3320 508 3575 577 tradunt;

1994 602 2137 659 alius
2159 618 2290 658 vero
2312 610 2512 672 praeter
2538 601 2715 673 ipsum
2739 603 2945 658 nullus.
2975 602 3252 673 Scriptum
3279 610 3365 657 est
3388 601 3536 656 enim
3562 619 3574 653 :

2002 713 2020 744 ι
2042 692 2324 749 Perfectus
2338 693 2451 748 eris
2468 700 2595 747 ante
2614 693 2904 748 Dominum
2917 694 3088 748 Deum
3110 702 3263 748 tuum
3280 693 3345 746 ⁸³.
3371 711 3389 743 ι
3420 691 3578 762 ι83

1995 786 2165 840 Porro
2199 784 2503 856 spiritualis
2528 785 2793 856 perfectio
2818 793 2903 840 est
2930 783 3160 839 ﬁrmitas
3185 783 3333 850 ﬁdei,
3361 792 3417 839 et
3439 783 3581 839 inte-

1994 890 2091 946 ger
2114 873 2315 942 cultus,
2343 882 2401 930 et
2440 874 2946 946 irreprehensibilis
2989 874 3045 929 in
3082 875 3255 930 Deum
3292 873 3579 929 charitatis

1997 966 2372 1038 pulchritudo.

2067 1058 2267 1114 PALL.
2302 1058 2394 1115 Sic
2419 1059 2618 1114 sentio.

2064 1150 2222 1207 CYR‘.
2246 1151 2388 1207 Num
2415 1151 2601 1222 igitur,
2627 1149 2855 1214 Palladi,
2880 1150 2975 1221 qui
3002 1149 3229 1205 minime
3252 1146 3331 1203 illi
3356 1148 3578 1219 quidem

1997 1242 2133 1299 deos
2159 1244 2367 1299 alienos
2391 1251 2485 1298 aut
2508 1251 2658 1298 certe
2681 1251 2990 1298 creaturam
3014 1241 3200 1313 potius
3224 1256 3386 1311 quam
3411 1241 3580 1296 Crea-

1998 1342 2175 1388 torem
2214 1332 2446 1389 adorare
2488 1334 2545 1388 in
2584 1333 2824 1388 animum
2867 1330 3216 1397 induxerint;
3255 1329 3352 1386 sed
3391 1329 3579 1392 iidem,

1995 1425 2183 1480 nescio
2206 1441 2315 1495 qua
2340 1425 2552 1480 ratione
2580 1432 2785 1489 tamen,
2810 1423 2963 1478 falsis
2993 1422 3139 1479 idola
3161 1422 3460 1478 colentium
3482 1436 3579 1475 va-

1997 1516 2203 1573 ticiniis
2226 1516 2389 1573 ﬁdem
2412 1516 2637 1583 habent,
2662 1531 2758 1572 eos
2780 1516 3210 1587 reprehensione
3231 1523 3395 1585 atque
3419 1514 3581 1585 culpa

1997 1625 2191 1666 vacare
2231 1609 2517 1666 dicemus?
2566 1618 2663 1665 aut
2698 1609 2920 1665 eosdem
2961 1609 3307 1665 desertorum
3350 1608 3581 1664 crimine

1925 1693 1969 1754 Β
1998 1704 2203 1760 liberos
2240 1703 2616 1774 pronuntiare,
2642 1702 2712 1761 iis
2753 1710 2931 1758 tutum
2969 1717 3089 1757 esse
3114 1701 3451 1773 putabimus,
3486 1703 3581 1772 qui

2000 1812 2128 1854 vere
2161 1797 2484 1867 sincereque
2510 1796 2607 1853 Dei
2635 1803 2908 1851 amatores
2929 1795 3074 1851 sint?

2069 1889 2267 1945 PALL.
2294 1890 2538 1945 Minime.
3534 1940 3539 1947 .

2068 1983 2225 2040 CYli.
2250 1985 2538 2040 Astrorum
2558 1999 2779 2056 quoque
2801 1984 3151 2057 praestigiosae
3174 1982 3585 2038 observationes

1998 2081 2056 2130 et
2073 2074 2277 2139 omina,
2302 2084 2359 2128 et
2382 2074 2532 2129 falsa:
2557 2075 2946 2141 divinationes,
2971 2081 3028 2129 et
3056 2072 3404 2128 daemoniaca:
3425 2071 3586 2127 dece-

1997 2166 2237 2238 ptiones,
2282 2165 2393 2221 illis
2428 2166 2580 2231 solis,
2608 2175 2670 2220 ut
2695 2167 2916 2236 opinor,
2970 2167 3328 2231 conveniunt,
3381 2166 3586 2237 quibus

1997 2256 2394 2313 absurdissime
2431 2257 2612 2327 placet
2654 2258 2946 2329 ignobilem
2993 2266 3158 2328 atque
3188 2258 3583 2315 exsecrabilem

1999 2350 2271 2406 idolorum
2303 2349 2512 2404 cultum
2553 2349 2611 2404 in
2638 2348 2884 2404 animum
2917 2348 3229 2406 admittere.

2070 2440 2267 2497 PALL.
2301 2441 2470 2497 Recte
2497 2440 2655 2497 dicis.
2697 2440 2833 2496 Nam
2876 2440 3102 2496 divinus
3141 2455 3361 2511 quoque
3402 2456 3587 2496 sermo

1998 2533 2161 2589 nobis
2181 2533 2432 2604 prmeipit
2464 2532 2737 2604 ejusmodi
2766 2547 2950 2588 rerum
2976 2531 3219 2587 dedecus
3246 2546 3311 2587 ac
3343 2532 3584 2602 turpitu-

1997 2624 2184 2681 dinem
2219 2624 2545 2681 abominari.
2573 2624 2665 2681 Sic
2687 2633 2870 2680 autem
2900 2625 3066 2680 habet
3094 2643 3107 2680 :
3140 2644 3158 2676 ι
3189 2623 3326 2681 Cum
3351 2640 3484 2681 vero
3504 2625 3587 2679 in-

1997 2730 2220 2788 gressus
2246 2716 2418 2772 fueris
2445 2717 2503 2771 in
2532 2727 2734 2772 terram
2781 2732 2944 2787 quam
2988 2717 3254 2772 Dominus
3284 2718 3430 2773 Deus
3459 2724 3586 2773 tuus

1998 2810 2093 2868 dat
2121 2810 2240 2877 tibi,
2268 2825 2379 2866 non
2401 2810 2583 2870 disces
2602 2810 2785 2866 facere
2803 2812 2959 2882 juxta
2985 2810 3424 2867 abominationes
3451 2828 3587 2884 gen-

2001 2902 2137 2957 tium
2180 2902 2397 2957 illarum
2427 2920 2440 2956 :
2469 2917 2579 2957 non
2604 2903 2918 2959 invenietur
2951 2903 3008 2958 in
3035 2911 3088 2959 te
3127 2904 3369 2963 lustrans
3410 2904 3586 2961 ﬁlium

1999 3010 2182 3059 suum,
2217 3002 2311 3049 aut
2336 2995 2505 3051 ﬁliam
2540 3010 2694 3051 suam
2731 2996 2789 3051 in
2818 2996 2964 3067 igne,
3000 2995 3256 3053 divinans
3289 2998 3586 3056 divinatio-

1998 3102 2147 3153 nem,
2176 3095 2248 3163 ,ει
2283 3089 2558 3153 omiuans,
2601 3095 2659 3142 et
2692 3104 2989 3159 augurans,
3012 3096 3015 3099 '
3040 3090 3340 3158 veneﬁcus,
3393 3092 3558 3149 incan
3644 3120 3653 3125 -

1999 3188 2122 3237 tans
2176 3181 2605 3237 incantationem
2633 3223 2648 3247 ,
2703 3181 3008 3254 Pythonem
3067 3184 3300 3250 habens,
3350 3194 3408 3241 et
3452 3201 3556 3257 por

1998 3282 2278 3329 tentorum
2319 3274 2619 3344 inspector,
2668 3271 3112 3347 et'interrogans
3158 3285 3405 3332 mortuos
3503 3286 3589 3333 est

1997 3367 2147 3422 enim
2173 3366 2513 3422 ahominatio
2553 3366 2786 3422 Domino
2811 3366 2925 3421 Deo
2970 3374 3066 3420 tuo
3106 3367 3287 3423 omnis
3324 3368 3420 3438 qui
3457 3368 3589 3424 facit

2001 3458 2128 3513 talia
2151 3458 2219 3511 ⁸³.
2252 3478 2270 3510 ι
2305 3456 2375 3513 Et
2395 3467 2522 3529 post
2561 3457 2667 3513 alia
2708 3472 2903 3512 rursus
2944 3457 3023 3513 ait
3060 3475 3073 3511 :
3112 3476 3130 3509 ι
3160 3457 3443 3514 Perfectus
3475 3460 3588 3514 eris

1999 3568 2182 3608 coram
2203 3553 2439 3608 Domino
2456 3553 2570 3608 Deo
2597 3561 2692 3608 tuo
2719 3571 2732 3607 :
2769 3561 2959 3625 gentes
2987 3554 3074 3609 ha:
3102 3570 3240 3625 quas
3262 3563 3321 3609 tu
3342 3555 3591 3625 posside-

1999 3644 2105 3710 his,
2136 3644 2221 3700 hae
2239 3643 2424 3701 omina
2445 3653 2502 3700 et
2522 3644 2891 3702 divinationes
2910 3646 3137 3702 audient
3160 3665 3173 3701 :
3197 3647 3297 3703 tibi
3320 3664 3455 3704 vero
3477 3664 3589 3705 non

1999 3734 2080 3789 sic
2108 3734 2263 3790 dedit
2297 3734 2564 3791 Dominus
2584 3736 2732 3792 Deus
2764 3744 2920 3806 tuus;
2947 3738 3272 3811 prophetam
3305 3752 3373 3793 ex
3401 3738 3589 3794 fratri-

1999 3825 2106 3883 bus
2125 3827 2253 3894 tuis,
2277 3835 2340 3883 ut
2359 3843 2469 3893 me,
2490 3828 3033 3885 excitabitDominus
3053 3831 3200 3886 Deus
3217 3839 3372 3897 tuus;
3406 3830 3587 3900 ipsum

2000 3919 2255 3986 audietis,
2278 3920 2433 3990 juxta
2469 3921 2656 3976 omnia
2684 3937 3028 3991 quaecunque
3069 3923 3279 3992 petiisti
3302 3938 3333 3977 a
3356 3922 3589 3976 Domino

2002 4012 2115 4077 Deo
2137 4020 2232 4066 tuo
2258 4011 2315 4066 in
2338 4012 2545 4078 Horeb,
2572 4012 2631 4066 in
2656 4012 2745 4067 die
2771 4013 3209 4083 congregationis
3235 4013 3299 4065 “.
3350 4033 3368 4064 ι

2070 4192 2227 4249 CYR.
2260 4191 2527 4247 Praeclare
2573 4191 2676 4257 ais,
2722 4191 2929 4247 Palladi
2958 4211 2970 4245 :
2996 4207 3176 4263 neque
3206 4192 3354 4248 enim
3390 4209 3588 4265 seque-

2002 4284 2127 4339 niur
2150 4291 2532 4354 portentorum
2564 4282 2926 4354 conjectores,
2957 4291 3015 4338 et
3044 4285 3434 4341 necromantiae
3463 4300 3591 4356 ope-

305 4378 419 4434 τῶν
446 4377 688 4445 οἰωνῶν,
712 4375 787 4439 ὡς
814 4376 1013 4446 ἀληθές
1032 4392 1083 4428 τι
1114 4374 1306 4446 χρῆμα
1328 4372 1769 4445 παραδεξόμεθα,
1794 4371 1897 4426 κᾶν

2007 4392 2120 4431 ram
2162 4376 2358 4431 dantes
2401 4393 2413 4428 :
2438 4376 2552 4446 jam
2591 4390 2725 4430 vero
2759 4390 2941 4445 neque
2967 4376 3183 4431 volatus
3223 4376 3439 4442 avium,
3469 4386 3590 4431 tan-

318 4480 363 4529 εἰ
390 4470 644 4542 φέροιντο
674 4468 811 4540 πρὸς
853 4465 1027 4532 δεξιὸν
1046 4508 1060 4533 ,
1103 4465 1201 4519 εἶτ’
1229 4462 1325 4520 οὖν
1353 4468 1434 4530 εἰς
1467 4463 1747 4536 εὐώνυμον
1783 4462 1860 4535 (2)
1881 4478 1894 4492 ·

308 4562 414 4616 κᾶν
465 4562 517 4615 εἰ
564 4560 702 4633 πρὸς
744 4560 984 4630 ἑσπέραν
1024 4576 1083 4612 τε
1109 4560 1203 4614 καὶ
1237 4559 1371 4631 πρὸς
1395 4558 1498 4628 ἠῶ·
1539 4557 1750 4631 μωρίας
1790 4556 1901 4627 γὰρ

285 4714 294 4722 ,
321 4658 471 4711 ταυτί
497 4654 601 4725 τῆς
638 4654 896 4726 ἐσχάτης.
949 4652 1225 4723 Ἦγεμόνα
1257 4651 1313 4705 δὲ
1340 4654 1433 4705 τοῦ
1468 4651 1670 4715 παντὸς
1713 4648 1898 4703 ’ποιοῦ⁸

317 4765 468 4818 μενοι
500 4746 594 4801 τὸν
629 4746 864 4817 Χριστὸν
893 4745 984 4799 τὸν
1008 4744 1077 4798 δι’
1106 4745 1253 4816 ἡμᾶς
1276 4743 1400 4798 καθ’
1421 4744 1570 4815 ἡμᾶς
1590 4742 1896 4814 προφήτην,

321 4839 446 4908 παρ’
493 4835 661 4890 αὑτοῦ
709 4835 994 4907 ληψόμεθα
1040 4834 1146 4889 τῶν
1182 4835 1497 4905 ἀναγκαίων
1537 4833 1636 4906 τὴν
1676 4835 1896 4905 γνῶσιν,

301 4930 406 4983 καὶ
432 4926 584 4998 αὐτῷ
619 4916 1112 4999 προσεδρεύσομεν,
1139 4925 1397 4998 οἰμώζειν
1433 4924 1619 4997 μακρά
1640 4928 1761 4990 ταῖς
1792 4926 1900 4980 τῶν

296 5019 614 5091 δαιμονίων
647 5018 1032 5088 ψευδοεπείαις
1068 5019 1162 5073 καὶ
1206 5018 1267 5070 τὸ
1307 5017 1581 5089 ἐρρῶσθαι
1624 5017 1897 5085 λέγοντες.

316 5112 479 5182 Μόνῳ
504 5111 615 5183 γάρ
640 5110 832 5181 ῶσπερ
858 5109 920 5164 τὸ
950 5112 1145 5182 χρῆναι
1176 5109 1461 5175 ζωοποιεῖν
1486 5110 1581 5162 καὶ
1605 5109 1902 5179 κατάρχειν

303 5202 423 5257 τῶν
451 5204 591 5259 ὅλων
613 5246 628 5273 ,
659 5202 908 5275 φυσικῶς
939 5220 1000 5256 τε
1032 5204 1124 5256 καὶ
1160 5203 1343 5265 ἰδικῶς
1383 5201 1729 5256 ἀνακείσεται
1763 5201 1900 5272 Θεῷο

387 5342 435 5374 ⁸²
457 5342 619 5398 Deut.
645 5360 798 5410 xm],
825 5344 914 5398 15.
993 5343 1041 5375 ⁸³
1087 5340 1225 5397 ibid.
1251 5339 1424 5413 ,9-12.
1505 5338 1546 5371 ⁸⁸·
1588 5337 1724 5394 ibid.
1769 5336 1956 5391 15-15.

418 5461 467 5530 Ι)
500 5458 637 5516 Cod.
670 5461 818 5523 Vat.,
854 5457 1331 5530 npoaxs:pévop;,_
1406 5476 1417 5485 ί
1776 5503 1800 5530 _.

409 5526 465 5594 2)
498 5532 679 5587 Verba
704 5526 927 5584 Homeri
953 5526 1190 5584 latenter
1221 5526 1428 5580 indicat
1462 5539 1583 5594 quae
1617 5535 1745 5580 sunt
1768 5526 1903 5581 Ilia-

310 5595 405 5658 dos
431 5595 503 5666 Η,
533 5602 630 5656 ubi
657 5601 858 5655 [lector
887 5600 955 5654 ad
987 5596 1432 5668 Polydamantem
1464 5595 1639 5668 inquit
1665 5613 1676 5648 :

321 5674 480 5742 Γύγη
521 5672 573 5727 δ’
604 5669 869 5726 olm-07m
910 5666 1430 5737 τανυπτερύγεσσι
1465 5666 1732 5731 κελεύεις

639 5765 908 5848 mmor"
958 5767 1073 5828 Gn.
1106 5763 1380 5838 LXVIII.

2006 4482 2171 4537 quam
2190 4481 2383 4521 verum
2403 4465 2611 4537 aliquid
2628 4465 3008 4536 polliceantur,
3027 4465 3382 4537 accipiemus,
3402 4482 3594 4537 quam-

2006 4558 2091 4614 vis
2130 4558 2478 4613 dextrorsum
2533 4556 2783 4612 ferantur
2826 4563 2922 4611 aut
2968 4556 3367 4623 sinistrorsum,
3400 4565 3496 4613 aut
3523 4556 3593 4612 ad

2006 4666 2263 4706 occasum
2285 4649 2371 4705 vel
2410 4648 2476 4704 ad
2521 4658 2704 4704 ortum
2749 4648 2881 4704 solis
2905 4667 2919 4702 :
2945 4657 3075 4704 sunt
3097 4650 3245 4704 enim
3270 4649 3389 4705 haec
3409 4657 3594 4704 extre-

2007 4756 2109 4795 mre
2161 4739 2472 4794 dementiae.
2522 4740 2729 4795 Ducem
2776 4755 2909 4795 vero
2955 4740 3024 4795 ad
3070 4740 3255 4795 omnia
3298 4755 3597 4810 sequemur

2006 4832 2311 4897 Christum,
2344 4832 2496 4887 illum
2527 4841 2755 4903 propter
2794 4848 2895 4888 nos
2930 4833 3167 4889 similem
3203 4832 3366 4888 nobis
3388 4832 3596 4887 factum

2007 4933 2063 4981 et
2096 4924 2449 4995 prophetam;
2482 4925 2552 4979 ab
2579 4924 2698 4995 ipso
2727 4924 3063 4995 accipiemus
3110 4940 3298 4980 rerum
3337 4940 3595 4981 necessa-

2009 5016 2215 5071 riarum
2258 5016 2647 5089 cognitionem,
2686 5017 2900 5088 ipsique
2931 5018 3319 5085 assidebimus,
3360 5033 3424 5073 ac
3464 5017 3599 5073 falsa

2010 5108 2408 5164 daemoniorum
2446 5110 2670 5165 oracula
2711 5102 3035 5182 abjiciemus
3063 5118 3119 5165 et
3158 5120 3594 5169 contemnemus.

2015 5201 2177 5274 184
2202 5201 2274 5258 Ut
2317 5201 2465 5257 enim
2506 5202 2674 5259 rebus
2708 5203 2985 5260 universis
3007 5213 3064 5260 et
3086 5204 3255 5259 vitam
3279 5203 3521 5258 tribuere
3542 5207 3600 5260 et

2012 5457 2348 5519 Πείθεσθαι,
2375 5455 2494 5509 τῶν
2521 5457 2650 5510 οὔτι
2669 5454 3064 5523 μετατρέπομ’
3088 5454 3215 5508 οὐδ’
3251 5445 3498 5521 ἀλεγίζω

2004 5526 2130 5580 Εἶτ’
2152 5527 2251 5580 ἐπί
2290 5526 2435 5587 ὃέΕι’
2468 5527 2598 5580 ἴωσι
2633 5522 2782 5592 πρὸς
2808 5522 2899 5590 ἠῶ
2916 5526 2976 5592 ’,τ’
3006 5522 3214 5588 ἠέλιόν
3234 5538 3317 5582 τε,

2016 5597 2138 5652 Εἶτ’
2165 5598 2258 5651 ἐπ’
2275 5596 2555 5666 ἀριστερὰ
2575 5591 2734 5664 τοίγε
2754 5594 2885 5648 ποτί
2910 5591 3088 5662 ζόφον
3107 5592 3412 5660 ἠερόεντα.

3128 5750 3199 5815 14
