3990 6196
486 199 589 254 4‘37

1484 190 1538 245 s.
1572 154 1842 244 cvmm
1882 190 2348 246 ALEXANDRINI
2388 192 2705 252 Ancnier.

3620 202 3721 259 £28

479 331 659 376 ortum
685 318 836 382 dare,
870 315 1170 371 secundum
1202 321 1454 367 naturam
1479 327 1542 366 ac
1572 314 1790 382 preprie
1822 313 1923 367 soli
1944 314 2028 367 Del

2157 314 2246 367 τὸν
2277 315 2467 378 αὐτὸν,
2495 313 2680 386 οἶμαι,
2712 319 2910 389 τρόπον
2929 360 2944 384 ,
2981 321 3072 374 καὶ
3100 320 3161 374 τὸ
3185 315 3420 376 πάντων
3441 321 3588 394 ἔχειν
3620 327 3718 397 τὴν

481 409 832 468 tribuendum
855 414 970 462 est:
1002 406 1102 470 sic,
1128 412 1188 458 ut
1214 404 1430 474 opinor,
1455 404 1699 458 omnium
1722 420 1938 473 quoque
1968 420 2054 459 re-

2155 407 2372 474 γνῶσιν.
2410 410 2568 464 Ἰδιον
2602 412 2657 464 δὲ
2687 412 2901 482 φύσεως
2944 414 3044 484 τῆς
3077 415 3265 479 αὑτοῦ,
3293 416 3354 470 τὸ
3383 416 3582 471 είδέναι
3620 436 3720 474 σα-

479 518 599 557 rum
644 499 1010 570 cognitionem
1056 497 1260 551 habere
1304 505 1428 550 :est
1475 504 1658 550 autem
1695 497 1814 567 ejus
1846 505 2028 550 natura

2156 499 2271 569 φῶς
2321 501 2392 553 τά
2446 503 2718 574 ἐσόμενα,
2785 507 2878 560 καὶ
2939 507 3359 578 συνειλεγμένην
3425 509 3614 582 ὥσπερ
3663 513 3722 566 ἐν

478 595 762 666 pr0prium
791 607 880 646 res
903 589 1112 645 futuras
1136 588 1422 644 manifeste
1447 588 1612 653 scire,
1640 597 1695 643 et
1718 605 1900 644 rerum
1926 589 2050 642 uni-

476 700 761 742 versarum
808 683 1193 754 cognitionem,
1223 682 1278 735 in
1319 696 1377 736 se
1420 682 1539 750 ipso
1564 680 1733 735 veluti
1767 680 2050 736 collectam

474 789 681 836 tenere.
713 779 794 833 An
837 777 935 832 tibi
965 791 1155 846 parum
1197 773 1473 844 sapienter
1501 786 1565 827 ac
1597 787 1725 828 vere
1753 773 1939 828 dicere
1971 775 2049 829 vi-

474 870 703 926 demur?

545 955 738 1011 PALL.
771 955 885 1008 lmo
915 967 1047 1009 vero
1071 953 1326 1006 maxime.

538 1047 696 1104 CYR.
732 1047 790 1102 ln
818 1047 998 1117 ipsum
1027 1044 1192 1115 igitur
1215 1044 1587 1114 peccabimus,
1611 1054 1668 1098 et
1692 1044 1758 1098 ad
1785 1044 1931 1099 illius
1956 1061 2048 1100 su-

469 1154 670 1209 premae
698 1138 884 1208 gloriae
915 1136 1171 1208 injuriam
1200 1143 1451 1190 nostrum
1487 1135 1696 1192 crimen
1724 1135 2042 1206 pertinebit,

468 1230 512 1284 si
548 1227 775 1284 nefariis
821 1235 876 1282 et
924 1227 1157 1297 impuris
1205 1227 1492 1297 spiritibus
1527 1227 1707 1282 inesse
1756 1226 2046 1282 credemus

465 1336 529 1375 ea
582 1319 784 1390 quibus
813 1319 904 1374 ille
934 1318 1247 1384 decoratur,
1274 1327 1330 1374 et
1356 1319 1650 1374 admodum
1679 1317 1908 1389 insignis
1938 1328 2040 1375 est.

463 1411 581 1466 Jam
606 1411 755 1465 enim
781 1410 918 1465 adeo
952 1409 1116 1464 stulte
1157 1410 1525 1464 sentientibus
1553 1409 1745 1464 licebit
1785 1409 1920 1464 illud
1948 1425 2042 1465 su-

464 1501 664 1571 spicari
692 1518 704 1553 :
732 1499 898 1554 vitam
941 1514 1160 1569 quoque
1205 1499 1450 1554 tribuere
1481 1513 1662 1570 posse,
1705 1507 1870 1569 atque
1906 1499 2044 1555 adeo

462 1592 804 1648 conditorem
829 1606 948 1647 esse
970 1591 1247 1656 Satanam,
1279 1591 1324 1646 si
1351 1607 1472 1661 qua:
1506 1590 1751 1645 omnium
1774 1599 2040 1660 praestan-

463 1685 669 1740 tissima
694 1692 842 1750 sunt,
866 1693 923 1738 et
952 1683 1174 1755 proprie
1197 1683 1294 1738 Dei
1318 1690 1528 1738 natura:
1552 1683 1894 1746 tribuuntur,
1928 1697 2040 1737 non

459 1774 633 1828 solum
662 1771 766 1841 ipsi
803 1771 1186 1836 concedemus,
1217 1787 1406 1826 verum
1440 1772 1605 1826 etiam
1646 1778 1842 1826 natura
1877 1772 2041 1827 insita

457 1880 577 1920 esse
615 1865 863 1919 dicemus
892 1882 904 1916 :
933 1863 1221 1934 proprium
1262 1871 1347 1918 est
1388 1879 1553 1934 porro
1583 1871 1748 1934 atque
1777 1863 2038 1920 eximium

456 1971 682 2010 summae
709 1954 856 2009 illius
875 1961 1085 2008 naturae
1111 1954 1317 2008 bonum
1344 1954 1584 2025 cognitio
1612 1969 1796 2010 rerum
1825 1954 2038 2011 futura-

457 2059 596 2100 rum.
629 2043 712 2098 An
737 2059 927 2099 verum
951 2060 1063 2098 non
1087 2052 1172 2098 est
1194 2044 1341 2114 quod
1365 2044 1521 2099 dico?

523 2135 721 2190 PALL.
753 2134 822 2190 Et
855 2134 1076 2205 quidem
1107 2136 1342 2190 maxime
1369 2153 1382 2188 :
1408 2134 1485 2188 ait
1521 2137 1668 2190 enim
1708 2137 2036 2207 quibusdam

456 2242 552 2295 per
591 2224 742 2281 lsaiae
770 2240 984 2290 vocem,
1009 2225 1104 2295 qui
1131 2241 1194 2281 ea
1237 2240 1359 2296 quae
1388 2225 1484 2282 Dei
1512 2235 1662 2291 sunt,
1708 2228 1776 2282 ad
1816 2237 2035 2285 creatu-

443 2329 567 2368 ram
593 2313 900 2370 deferrent:
937 2331 955 2364 ι
987 2313 1316 2368 Mementote
1342 2313 1559 2381 horum,
1582 2322 1639 2368 et
1661 2315 2032 2385 ingemiscite;

453 2405 829 2475 paenitentiam
870 2403 1038 2474 agite,
1079 2404 1172 2473 qui
1200 2403 1428 2469 erratis;
1465 2411 1521 2458 et
1559 2403 1733 2459 redite
1766 2403 1952 2470 corde,
1979 2413 2036 2461 et

437 2504 783 2551 mementote
817 2496 1067 2564 priorum
1104 2509 1135 2548 a
1175 2493 1395 2558 saeculo,
1423 2493 1552 2563 quia
1576 2508 1677 2564 ego
1716 2508 1836 2548 sum
1865 2496 2030 2562 Deus,

451 2596 506 2641 et
532 2603 641 2642 non
676 2595 760 2642 est
785 2586 929 2640 alius
956 2594 1153 2656 praeter
1182 2599 1290 2650 me,
1315 2585 1650 2640 annuntians
1669 2586 1823 2656 prius
1847 2594 2031 2643 extre-

453 2694 558 2742 ma,
585 2686 878 2746 antequam
918 2676 1048 2730 ﬁant
1073 2684 1129 2730 et
1151 2675 1313 2730 simul
1337 2675 1606 2746 completa
1634 2675 1767 2741 sint,
1794 2683 1850 2732 et
1872 2675 1985 2731 dixi
2015 2695 2028 2729 :

449 2767 621 2824 Omne
667 2767 960 2822 consilium
997 2780 1179 2820 meum
1220 2765 1416 2831 stabit;
1459 2773 1517 2820 et
1569 2765 1752 2820 omnia
1779 2781 1900 2835 qua:
1931 2765 2028 2820 de-

447 2859 599 2914 crevi
633 2857 831 2913 faciam
864 2857 932 2912 “.
965 2875 983 2908 ι
1004 2855 1086 2913 "Ut
1123 2856 1271 2911 enim
1297 2855 1614 2910 ostenderet
1651 2872 1758 2910 non
1795 2871 1916 2912 esse
1947 2857 2027 2910 al-

448 2960 628 3006 terum
670 2956 871 3020 praeter
895 2963 954 3004 se
978 2955 1172 3002 natura
1208 2962 1272 3002 ac
1297 2961 1426 3002 vere
1454 2947 1653 3013 Deum,
1681 2946 2028 3002 auditoribus
2055 2984 2096 3043 ο

362 3062 370 3069 ·
446 3043 580 3098 illud
620 3051 881 3112 tanquam
917 3040 1185 3096 indicium
1227 3039 1431 3104 attulit,
1475 3053 1672 3109 nempe
1698 3039 2023 3094 annuntiare

439 3153 503 3193 se
525 3152 687 3208 posse
708 3145 973 3202 extrema,
1006 3136 1324 3206 priusquam
1352 3132 1564 3187 ﬁerent.

508 3229 668 3286 CYR.
697 3229 963 3285 Pmclare
1000 3227 1100 3291 ais,
1131 3224 1359 3281 Palladi.
1392 3223 1499 3282 Sed
1531 3224 1716 3288 velim,
1755 3234 1812 3279 ut
1843 3224 2021 3279 adhuc

441 3323 733 3395 diligenter
762 3321 1050 3377 veritatem
1072 3317 1446 3388 dispiciamus,
1485 3325 1648 3387 atque
1679 3315 1812 3371 illud
1835 3315 2019 3372 consi-

439 3417 718 3480 deremus,
737 3428 844 3484 qua
862 3413 1096 3477 ratione,
1114 3411 1159 3466 si
1177 3410 1402 3466 omnino
1435 3410 1578 3464 inter
1614 3423 1710 3464 eos
1734 3424 2020 3464 censemur

422 3507 532 3575 qui
565 3514 712 3560 recte
753 3503 1154 3574 et-evangelice
1188 3502 1374 3557 vivere
1403 3500 1613 3563 volunt,
1640 3498 1897 3552 falsarum
1929 3497 2016 3552 di-

426 3595 780 3650 vinationum
805 3592 1204 3649 assentationes
1236 3604 1558 3660 sequamur;
1595 3595 1650 3642 et
1679 3603 1803 3642 cum
1834 3587 1906 3642 ita
1939 3587 2014 3642 si-

426 3700 560 3740 mus
594 3682 824 3747 intenti,
877 3689 1136 3752 tanquam
1191 3681 1262 3736 ab
1327 3679 1436 3734 illis
1487 3675 1694 3748 aliquid
1744 3692 1874 3733 vere
1927 3677 2012 3733 di-

427 3785 624 3840 catur,
676 3772 953 3845 quomodo
1002 3785 1113 3828 non
1154 3770 1454 3827 Salvatoris
1499 3769 1672 3824 nostri
1713 3783 1903 3823 vocem
1943 3769 2013 3826 de

433 3867 721 3924 mendacio
755 3864 1203 3922 condemnemus.
1236 3862 1384 3918 Dixit
1409 3860 1556 3918 enim
1586 3860 1831 3932 profecto
1853 3876 2009 3916 arro-

429 3960 687 4030 gantibus
708 3956 1071 4028 superbisque
1099 3953 1306 4010 Judwis
1327 3970 1346 4006 ':
1377 3971 1395 4004 ι
1423 3949 1533 4006 Vos
1556 3966 1626 4006 ex
1652 3957 1804 4021 patre
1828 3957 2010 4007 vestro

428 4048 648 4103 diabolo
668 4047 821 4112 estis,
847 4053 903 4101 et
923 4043 1199 4100 desideria
1217 4043 1391 4114 patris
1404 4041 1576 4098 vestri
1602 4042 1771 4096 vultis
1795 4041 2004 4109 facere;

418 4140 520 4194 ille
545 4136 817 4193 homicida
843 4135 947 4190 fuit
965 4134 1039 4190 ab
1061 4134 1238 4200 initio,
1269 4141 1327 4188 et
1353 4133 1409 4187 in
1439 4131 1668 4188 veritate
1691 4148 1801 4187 non
1825 4134 2003 4200 stetit;

2154 592 2331 664 ἐαυτῷ
2357 594 2455 665 τὴν
2480 595 2588 650 τῶν
2614 597 2749 652 ὅλων
2777 599 2980 670 εἴδησιν
3011 601 3171 671 ἔχειν.
3212 603 3282 654 Ἦ
3310 602 3430 672 ούχὶ
3472 604 3632 671 σοφός
3656 622 3714 657 τε

2152 685 2245 739 καὶ
2265 685 2504 756 ἀτρεκὴς
2529 687 2556 741 ὁ
2576 687 2670 742 ἐπὶ
2691 689 2826 760 τῷδε
2849 689 3031 760 λόγος;

2219 949 2430 1001 ΠΑΛΛ.
2476 948 2625 1003 Πάνυ
2651 950 2747 1020 μὲν
2768 944 2880 1004 οῦν.

2218 1038 2381 1092 ΚΥΡ.
2417 1039 2511 1103 Εἰς
2541 1039 2704 1094 αὑτὸν
2736 1036 2828 1095 οὖν
2858 1041 2965 1111 ἄρα
2995 1041 3483 1116 πλημμελήσομεν,
3505 1045 3602 1101 καὶ
3637 1048 3715 1115 είς

2145 1128 2245 1199 τὴν
2286 1130 2547 1186 ἀνωτάτω
2577 1130 2734 1196 δόξαν
2781 1133 2814 1204 ἠ
2858 1133 3076 1205 γραφὴ,
3124 1136 3171 1188 εί
3224 1135 3473 1208 βεϐήλοις
3516 1156 3576 1192 τε
3622 1141 3714 1194 καὶ

2144 1220 2478 1291 ἀκαθάρτοις
2535 1222 2839 1294 πνεύμασιν
2887 1225 3086 1280 ἐνεῖναι
3128 1226 3494 1300 πιστεύσομεν
3537 1231 3605 1284 τὰ
3645 1231 3713 1286 δι’

2144 1303 2220 1366 ὧν
2255 1312 2417 1377 αὐτὸς
2461 1315 2916 1369 κατακαλλύνοιτό
2955 1333 3016 1369 τε
3066 1316 3159 1370 καὶ
3199 1317 3433 1390 ὑπάρχει
3465 1320 3583 1375 λίαν
3616 1324 3712 1376 ὲκ-

2144 1404 2379 1475 πρεπής.
2441 1405 2584 1475 Ὦρα
2649 1407 2750 1478 ήδη
2813 1409 3188 1480 διακειμένους
3253 1411 3350 1465 ὡδὶ
3417 1413 3713 1486 φληνάφως

2141 1492 2386 1546 ὑπονοεῖν
2432 1495 2527 1548 καὶ
2569 1495 2852 1558 ζωοποιεῖν
2898 1495 3191 1562 δύνασθαι,
3240 1499 3332 1553 καὶ
3373 1501 3436 1572 δὴ
3483 1503 3576 1557 καὶ
3619 1505 3714 1576 δη-

2147 1584 2404 1658 μιουργὸν
2432 1586 2696 1658 ὑπάρχειν
2725 1589 2818 1643 τὸν
2851 1591 3118 1657 Σατανᾶν,
3145 1592 3193 1644 εί
3216 1592 3285 1646 τὰ
3318 1595 3535 1648 πάντων
3568 1597 3712 1662 ἐξαί-

2147 1690 2277 1743 ρετα
2325 1675 2420 1729 καὶ
2470 1676 2652 1740 ίδικῶς
2713 1679 3048 1750 ἀνακείμενα
3091 1684 3154 1752 τῇ
3203 1683 3297 1737 τοῦ
3345 1683 3480 1739 Θεοῦ
3525 1686 3709 1756 φύσει,

2149 1765 2487 1837 χαριούμεθά
2525 1785 2585 1820 τε
2636 1768 2816 1840 αύτῷ,
2859 1772 2952 1824 καὶ
3004 1775 3451 1843 προσπεφυκέναι
3505 1781 3706 1850 φαμέν

2140 1856 2268 1911 ἴδιον
2305 1859 2361 1913 δὲ
2388 1859 2482 1914 καὶ
2514 1861 2790 1933 ἐξαίρετον
2823 1864 3024 1933 ἀγαθὸν
3044 1867 3142 1937 τῆς
3171 1868 3437 1924 ἀνωτάτω
3465 1872 3706 1940 φύσεως,

2134 1948 2245 2003 τῶν
2281 1951 2554 2020 ἐσομένων
2589 1953 2621 2022 ἡ
2654 1952 2873 2020 γνῶσις.
2911 1957 2981 2009 Ἢ
3004 1956 3105 2011 οὐκ
3143 1957 3340 2030 ἀληθὲς
3365 1961 3394 2014 ὅ
3427 1979 3600 2034 φημι;

2205 2122 2416 2179 ΠΔΛΛ.
2460 2124 2572 2178 Καὶ
2599 2125 2765 2196 μάλα.
2797 2128 2935 2196 Φησὶ
2979 2129 3087 2200 γὰρ
3113 2129 3202 2185 διά
3238 2134 3422 2204 φωνῆς
3459 2135 3704 2198 Ἡσαΐου,
3767 2181 3771 2184 .

2134 2215 2273 2286 πρός
2315 2231 2466 2279 τινας
2519 2216 2872 2281 ἀνατιθέντας
2926 2221 2991 2291 τῇ
3047 2221 3222 2276 κτίσει
3270 2223 3342 2278 τά
3391 2225 3484 2280 τοῦ
3543 2227 3704 2283 Θεοῦο

2140 2323 2158 2357 ι
2189 2305 2478 2376 Μνήσθητε
2505 2307 2700 2375 ταῦτα,
2749 2311 2843 2364 καὶ
2873 2312 3182 2379 στενάξατε·
3216 2321 3612 2390 μετανοήσατε,
3647 2325 3701 2375 of.

2133 2397 2565 2468 πεπλανημένοι,
2586 2399 2950 2470 ἐπιστρέψατε
2969 2404 3036 2474 τῇ
3061 2403 3278 2476 καρδίᾳ.
3305 2407 3398 2460 καὶ
3427 2410 3704 2481 μνήσθητε

2133 2488 2376 2559 πρότερα
2415 2489 2524 2543 ἀπὸ
2568 2489 2662 2544 τοῦ
2699 2490 2922 2557 αἰῶνος,
2965 2493 3048 2547 ὅτι
3082 2494 3193 2564 ἐγώ
3243 2497 3358 2566 εἰμι
3405 2497 3563 2565 Θεὸς,
3606 2501 3705 2554 καὶ

2131 2578 2231 2634 οὐκ
2274 2577 2420 2634 ἔστιν
2458 2579 2540 2633 ἔτι
2583 2580 2721 2653 πλὴν
2760 2581 2894 2653 ἐμοῦ
2937 2583 3285 2652 ἀναγγέλλων
3331 2587 3592 2660 πρότερον
3634 2589 3703 2643 τὰ

2130 2670 2355 2742 ἔσχατα,
2395 2671 2525 2744 πρὶν
2550 2673 2689 2727 αὐτὰ
2720 2675 3002 2744 γενέσθαι,
3035 2677 3130 2730 καὶ
3158 2677 3274 2748 ἅμα
3318 2679 3698 2752 συνετελέσθη,

2131 2764 2224 2818 καὶ
2264 2763 2414 2819 εἴπαθ
2456 2766 2614 2822 Πᾶσά
2662 2784 2762 2838 μου
2805 2768 2838 2839 ἡ
2885 2767 3052 2841 βουλὴ
3079 2770 3358 2842 στήσεται,
3393 2774 3487 2828 καὶ⁸
3520 2775 3699 2830 πάντα

2129 2854 2229 2910 ὅσα
2278 2856 2668 2929 βεϐούλευμαι,
2718 2861 2946 2932 ποιήσω.
2988 2881 3008 2914 ι
3057 2863 3305 2934 Μήνυσιν
3351 2863 3458 2937 γὰρ
3506 2865 3699 2939 ὥσπερ

2131 2946 2224 3001 τοῦ
2258 2948 2346 3020 μὴ,
2377 2948 2564 3021 ἕτερον
2612 2947 2751 3005 εἷναί
2797 2968 2921 3005 τινα
2952 2952 3082 3024 παρ’
3111 2953 3273 3007 αὐτὸν
3312 2953 3470 3023 φύσει
3498 2973 3559 3010 τε
3603 2959 3701 3012 καὶ

2129 3037 2347 3109 ἀληθῶς
2377 3039 2510 3094 Θεὸν
2535 3042 2647 3104 τοῖς
2674 3041 3045 3114 ἀκροωμένοις
3073 3043 3237 3097 ἐτίθει
3258 3043 3318 3097 τδ
3344 3045 3696 3116 ἀναγγέλλειν

2129 3129 2391 3185 δύνασθαι
2418 3130 2488 3184 τὰ
2517 3129 2718 3202 ἔσχατα
2753 3131 2884 3202 πρὶν
2917 3132 3056 3186 αύτά
3075 3133 3348 3202 γενέσθαι.

2197 3221 2364 3276 ΚΥΡ.
2404 3216 2478 3276 Εὖ
2517 3239 2617 3292 γε,
2655 3217 2700 3276 ὦ
2741 3223 3027 3279 Παλλάδιε.
3075 3226 3375 3297 Βουλοίμην
3412 3227 3458 3280 δ’
3507 3228 3572 3282 ἂν
3613 3228 3699 3285 ἔτι

2127 3312 2560 3384 περιαθροῦντας
2589 3308 2648 3368 εὖ
2691 3314 2837 3386 μάλα
2861 3315 2922 3370 τὸ
2953 3315 3168 3387 ἀληθὲς,
3203 3317 3297 3372 καὶ
3327 3319 3446 3373 τόδε
3477 3321 3695 3375 διασκο-

2126 3404 2267 3457 πεῖν·
2291 3403 2413 3458 τίνα
2460 3405 2657 3476 τρόπον
2686 3404 2766 3459 ἔτι
2786 3446 2800 3473 ,
2841 3407 2889 3460 εἰ
2937 3407 3181 3478 τελοῖμεν
3222 3408 3359 3473 ὅλως
3391 3409 3446 3464 ἐν
3481 3427 3544 3479 γε
3577 3415 3693 3477 τοῖς

2124 3496 2364 3551 ἐθέλουσι
2405 3496 2552 3566 βιοῦν
2587 3497 2761 3570 ὀρθῶς
2783 3515 2844 3552 τε
2868 3499 2961 3553 καὶ
2989 3499 3359 3569 εύαγγελικῶς
3379 3542 3393 3566 ,
3425 3504 3546 3567 ταῖς
3584 3503 3693 3557 τῶν

2122 3588 2557 3660 ψευδομαντειῶν
2585 3589 2845 3654 θωπείαις
2891 3590 3130 3662 ἑψόμεθα
3168 3591 3262 3644 καὶ
3299 3591 3362 3662 δὴ
3403 3593 3496 3647 καὶ
3522 3610 3693 3665 προσ-

2121 3681 2436 3752 εσχηκότες,
2468 3681 2544 3746 ὡς
2587 3681 2674 3752 εἴη
2715 3699 2800 3747 τις
2841 3683 2999 3752 λόγος
3024 3685 3052 3737 ό
3083 3685 3210 3754 παρ’
3241 3684 3418 3739 αὐτῶν
3459 3685 3688 3757 ἀληθὴς,

2117 3771 2239 3842 οὐχὶ
2270 3775 2369 3843 τῆς
2413 3773 2507 3827 τοῦ
2557 3774 2811 3845 Σωτῆρος
2856 3773 3218 3846 καθοριοῦμεν
3248 3776 3431 3847 φωνῆς
3465 3776 3528 3830 τὸ
3573 3777 3691 3831 δια-

2117 3863 2405 3934 ψεύδεσθαι
2434 3866 2564 3921 δεῖν.
2601 3865 2747 3937 Ἔφη
2784 3866 2892 3937 γάρ
2923 3883 3025 3920 που
3055 3865 3148 3920 καὶ
3183 3866 3318 3938 πρὸς
3341 3869 3465 3931 τοὺς
3500 3867 3693 3933 ἀλαζό-

2116 3972 2215 4020 νας
2240 3956 2335 4010 xal.
2360 3955 2624 4029 ὑϐριστὰς
2658 3956 2964 4022 Ἰουδαίουςο
2993 3977 3013 4011 ι
3055 3957 3243 4030 Ὑμεῖς
3269 3959 3334 4013 ἐκ
3365 3959 3459 4014 τοῦ
3481 3960 3688 4031 πατρὸς

2117 4046 2270 4118 ὑμῶν
2316 4048 2410 4102 τοῦ
2453 4047 2701 4102 διαϐόλου
2751 4049 2876 4102 ἐστὲ
2904 4090 2919 4116 ,
2971 4048 3066 4105 καὶ
3115 4050 3216 4114 τὰς
3256 4051 3548 4124 ἐπιθυμίας
3591 4052 3687 4106 τοῦ

2116 4136 2321 4208 πατρὸς
2348 4137 2501 4208 ὑμῶν
2544 4137 2728 4192 θέλετε
2772 4141 2964 4194 ποιεῖν’
2998 4141 3204 4206 ἐκεῖνος
3242 4140 3688 4213 ἀνθρωποκτόνος

423 4230 591 4302 ,185
633 4229 762 4300 quia
799 4243 910 4283 non
944 4234 1030 4284 est
1069 4226 1273 4282 veritas
1313 4226 1369 4280 in
1410 4225 1528 4295 ipso
1555 4243 1568 4279 :
1595 4240 1720 4280 cum
1759 4225 2006 4296 loquitur

2136 4222 2180 4297 iv
2209 4227 2307 4280 ἀπ’
2353 4227 2548 4300 ἀρχῆς,
2582 4229 2678 4283 καὶ
2708 4231 2766 4284 ἐν
2807 4233 2872 4302 τῇ
2920 4231 3148 4302 ἀληθείᾳ
3180 4231 3277 4302 ούχ
3318 4232 3568 4304 ἕστηκεν,
3602 4234 3688 4289 ὅτι

428 4319 793 4386 mendacium,
817 4335 885 4376 ex
925 4319 1164 4390 propriis
1204 4317 1477 4386 loquitur;
1514 4316 1640 4386 quia
1666 4316 1900 4371 mendax
1921 4325 2003 4372 est

2136 4316 2212 4369 ιὺκ
2254 4315 2402 4370 ἐστιν
2448 4317 2674 4389 ἀλήθεια
2721 4319 2780 4372 ἐν
2811 4319 2978 4391 αύτῷ*
3011 4321 3136 4376 ὅταν
3182 4321 3338 4376 λαλεῖ
3371 4323 3432 4377 τὸ
3467 4323 3685 4394 ψεῦδος,

426 4414 562 4484 ipse,
587 4420 644 4470 et
679 4420 834 4484 pater
865 4413 986 4483 ejus
1017 4410 1082 4463 ⁸⁸.
1118 4429 1135 4459 ι
1168 4407 1454 4474 Quomodo
1488 4407 1677 4478 igitur,
1713 4408 1808 4477 qui
1849 4424 2004 4464 men-

423 4506 528 4560 dax
547 4513 652 4569 est,
677 4519 843 4560 verax
865 4502 974 4556 erit
995 4498 1276 4568 unquam?
1298 4505 1392 4552 aut
1425 4497 1700 4567 quomodo
1720 4512 1832 4552 non
1853 4499 2006 4554 omni

420 4613 488 4650 er.
504 4604 659 4666 parte
675 4593 929 4655 mendax,
949 4591 1044 4660 qui
1065 4589 1118 4643 in
1132 4587 1361 4643 veritate
1377 4602 1486 4642 non
1504 4587 1688 4642 stetit?
1703 4587 1893 4644 Nonne
1907 4587 2006 4659 igi-

421 4697 512 4740 tur
543 4687 678 4757 jam,
720 4682 948 4748 Palladi,
977 4681 1153 4736 cuivis
1193 4679 1544 4736 manifestum
1565 4679 1692 4746 erit,
1725 4679 1768 4736 si
1797 4678 2002 4737 dazmo-

2112 4407 2178 4459 ἐκ
2209 4405 2317 4461 τῶν
2346 4405 2490 4460 ίδίων
2515 4407 2698 4474 λαλεῖ,
2729 4410 2808 4463 ὅτι
2850 4409 3092 4483 ψευστής
3127 4413 3274 4468 ἐστιν
3315 4412 3497 4479 αὐτὸς,
3536 4415 3629 4468 καὶ
3657 4415 3688 4466 ό

2111 4493 2293 4566 πατὴρ
2316 4493 2504 4553 αὐτοῦ.
2545 4515 2564 4549 ι
2591 4497 2726 4553 Τίνα
2757 4499 2822 4571 δὴ
2849 4495 2943 4554 οὖν
2973 4499 3125 4554 ἔσται
3149 4501 3352 4572 τρόπον
3381 4501 3683 4574 νημερτὴς.

2109 4586 2384 4658 ψευστής;
2414 4586 2531 4652 πῶς
2567 4587 2622 4642 δὲ
2654 4589 2776 4660 ούχὶ
2813 4591 2989 4662 πάντη
3041 4608 3098 4644 τε
3129 4592 3223 4646 καὶ
3249 4592 3465 4656 πάντως
3495 4592 3682 4663 ἀμαρο

2108 4678 2331 4750 τοεπὴς,
2379 4680 2408 4732 ὁ
2452 4679 2527 4751 μὴ
2576 4679 2824 4753 έστηκὼς
2870 4683 2928 4736 ἐν
2975 4685 3044 4754 τῇ
3093 4682 3356 4756 ἀληθείας
3410 4677 3536 4752 Ἆρ’
3589 4681 3685 4738 οὖν

419 4779 639 4833 niorum
679 4776 916 4833 vocibus
959 4773 1247 4830 veritatem
1302 4773 1630 4840 tribuemus,
1684 4773 1800 4832 [ore
1843 4784 1904 4830 ut
1932 4776 2000 4832 de

2137 4771 2364 4843 ναργές,
2411 4763 2456 4824 ὧ
2496 4770 2792 4838 Παλλάδιε,
2839 4773 3002 4829 παντί
3051 4791 3155 4827 που
3189 4773 3406 4839 λοιπὸν,
3447 4775 3529 4828 ὅτι
3561 4778 3684 4838 ταῖς

421 4867 707 4923 mendacio
728 4866 1010 4922 Christum
1030 4863 1483 4931 condemnemus,
1515 4870 1572 4918 et
1598 4865 1821 4921 mentiri
1848 4866 1996 4922 veri-

420 4966 586 5012 tatem
621 4957 908 5013 dicamus?

485 5128 681 5187 PALL.
717 5130 872 5186 Haud
897 5130 1057 5202 longe
1077 5129 1371 5185 aberimus.

484 5222 643 5279 ΟΥΕ.
666 5221 978 5289 Quinetiam
1011 5223 1158 5292 (nam
1194 5220 1327 5274 illud
1353 5234 1571 5289 quoque
1609 5221 1678 5275 iis
1701 5236 1822 5290 quae
1850 5222 1994 5278 dicta

2104 4859 2214 4915 τῶν
2274 4861 2568 4934 δαιμονίων
2627 4866 2835 4933 φωναῖς
2902 4865 2964 4917 τὺ
3019 4865 3220 4938 ἀληθὲς
3287 4865 3680 4937 ἀπονέμοντες,

2106 4952 2606 5024 καταψηφιούμεθα
2638 4953 2733 5008 τοῦ
2767 4955 3005 5026 Χριστοῦ
3033 4955 3133 5026 τὴν
3160 4955 3564 5029 ψευδομυθίαν,
3586 4957 3684 5010 καὶ

2103 5042 2421 5112 ψευδοεπεῖν
2451 5042 2684 5114 ἐροῦμεν
2711 5042 2809 5114 τὴν
2833 5043 3094 5115 ἀλήθειαν
3118 5061 3133 5111 ;

2174 5133 2381 5186 ΠΑΛΛ.
2413 5132 2828 5204 Κινδυνεύομεν.

2176 5223 2342 5277 ΚΥΡ.
2371 5223 2580 5287 ’Ἄλλως
2621 5241 2678 5277 τε
2703 5262 2718 5288 ,
2750 5221 3045 5296 προσθείην
3077 5225 3187 5296 γὰρ
3217 5225 3330 5288 τοῖς
3363 5223 3678 5295 εἰρημένοις

416 5323 546 5372 sunt
605 5312 916 5387 adjiciam),
954 5328 985 5368 a
1024 5312 1242 5368 Christo
1287 5311 1601 5376 didicimus,
1652 5312 1994 5383 impurorum

2141 5316 2196 5370 al.
2243 5315 2394 5370 τόδε·
2447 5315 2802 5387 δεδιδάγμεθα
2853 5315 3006 5386 παρά
3054 5315 3331 5387 Χριστοῦ,
3384 5316 3512 5380 τοὺς
3566 5316 3675 5368 τῶν

415 5407 710 5474 spirituum
734 5405 902 5461 verba
929 5419 1038 5459 non
1070 5403 1380 5468 admittere,
1404 5417 1472 5457 ne
1504 5402 1549 5458 si
1573 5404 1742 5460 velint
1773 5405 1995 5476 quidem

2139 5407 2427 5479 καθάρτων
2459 5409 2783 5479 πνευμάτων
2816 5406 2890 5479 μὴ
2943 5406 3265 5478 προσίεσθαι
3309 5405 3502 5477 λόγους
3522 5449 3538 5472 ,
3571 5405 3675 5462 κᾶν

497 5576 541 5606 ³⁵
586 5579 686 5631 lsa.
731 5595 871 5643 XLVI,
918 5575 1069 5630 8—10.
1153 5576 1198 5608 “
1228 5575 1384 5630 Joan.
1434 5591 1545 5640 vm,
1573 5575 1640 5629 Η
