3990 6196
307 248 416 306 ιὲθ

1023 253 1109 309 DE
1146 255 1584 313 ADORATIONE
1618 260 1683 314 ΙΝ
1721 261 1988 318 SPIRITU
2033 265 2118 319 ET
2163 266 2531 323 VERITATE.
2588 271 2714 325 LIB.
2761 273 2843 326 Vl.

3450 288 3552 344 450

298 377 358 430 ει
387 370 654 444 βούλοιντό
678 387 808 424 ποτε
834 370 930 442 τὴν
961 371 1144 436 αὐτοῖς
1172 373 1368 445 ἀστιϐῆ
1393 374 1487 427 καὶ
1512 375 1839 445 ἀσυνηθεστό

1981 381 2256 436 interdum
2283 385 2616 442 inaccessam
2644 389 2748 443 sibi
2777 403 2831 445 et
2877 393 3146 451 insuctam
3181 398 3379 456 alferre
3405 408 3556 460 veri-

296 483 405 536 την
437 464 514 533 (1)
545 460 935 533 προσκομίζειν
965 462 1239 533 ἀλήθειαν.

373 556 581 611 ΠΑΛΛ.
615 554 739 619 Πῶς
762 553 820 608 δὲ
847 554 953 624 φής
979 571 993 619 ;

371 651 534 704 ΚΥΡ.
576 644 654 702 Ἦ
698 648 798 702 οὐκ
844 648 1062 712 ἐπαϊεις
1108 647 1215 700 τῶν
1255 648 1428 718 ἁγίων
1475 649 1874 717 εὐαγγελιστῶν

291 739 790 811 ἀναγεγραφότων,
825 738 907 791 ὅτι
948 736 1020 791 τά
1052 738 1149 809 μὲν
1177 737 1428 808 δαιμόνια
1449 777 1464 802 ,
1495 737 1654 808 τορόν
1697 756 1752 792 τι
1780 741 1874 791 καί¹

292 838 447 910 μέγα
476 831 911 904 διακεκραγότα,
941 832 1254 901 προσῄεσαν
1279 829 1358 900 τῷ
1401 829 1643 903 Χριστῷ·
1682 847 1700 880 ι
1741 830 1866 893 Ἔα,

283 931 344 984 τί
373 930 506 1000 ἡμῖν
542 926 636 981 καὶ
662 924 766 990 σοὶ,
813 923 988 995 Ἰησοῦ
1024 921 1344 993 Ναζαρηνές
1392 917 1558 992 ἦλθες
1605 920 1870 975 ἀπολέσαι

280 1022 463 1094 ἡμᾶς’
493 1017 716 1088 οἴδαμέν
749 1032 810 1069 σε
855 1016 937 1078 τίς
961 1010 1039 1078 εἴ,
1067 1014 1096 1066 6
1134 1014 1320 1081 Ἀγιος
1367 1012 1462 1065 τοῦ
1506 1011 1663 1065 Θεοῦ.
1708 1011 1768 1065 '0
1808 1011 1864 1064 δέ

279 1113 564 1182 ἐπιτιμῶν
587 1150 602 1175 ,
634 1129 652 1161 ι
689 1108 877 1179 φησὶν,
911 1127 929 1159 ι
963 1105 1061 1159 οὐκ
1093 1105 1180 1160 εία
1212 1103 1352 1159 αὐτά
1380 1103 1586 1165 λαλεῖν,
1615 1104 1697 1156 ὅτι
1728 1103 1870 1174 είδη-

281 1225 389 1261 σαν
435 1206 528 1259 τὸν
553 1202 792 1275 Χριστὸν
840 1200 1004 1254 αὐτὸν
1037 1194 1194 1252 εἶναι.
1249 1216 1267 1249 ι
1308 1196 1503 1250 Καίτοι
1533 1195 1586 1248 τί
1619 1195 1682 1266 δή
1710 1210 1862 1256 ποτε,

276 1298 431 1353 κατὰ
461 1298 570 1367 γάρ
616 1313 700 1349 τοι
744 1293 804 1348 τὸ
847 1292 994 1356 εἰκὸς
1041 1289 1331 1345 ἐνδοιάσειέ
1371 1306 1457 1352 τις
1497 1285 1597 1350 ἂν,
1638 1288 1752 1345 τοῖς
1797 1285 1858 1338 τὸ

277 1388 489 1459 ἀληθὲς
562 1382 996 1455 ἀνακεκραγόσιν
1056 1378 1444 1450 ἐπιτετίμηκεν
1507 1377 1536 1429 6
1591 1373 1862 1448 Χριστός;

291 1480 441 1533 Ἀλλ’
475 1475 543 1550 ἦν
571 1478 635 1548 δή
668 1492 771 1531 που
817 1473 879 1528 τὸ
919 1472 1224 1544 δρώμενον,
1255 1469 1531 1538 ἐπωφελές
1566 1469 1646 1531 είς
1691 1467 1859 1538 ἡμᾶς.

271 1571 351 1623 Τὸ
380 1571 491 1642 γάρ
535 1586 618 1621 τοι
662 1566 738 1638 μὴ
763 1566 874 1619 δεῖν
909 1566 1024 1626 τοῖς
1053 1562 1185 1632 παρ’
1228 1560 1456 1622 ἐκείνοις
1507 1556 1860 1629 προσκεῖσθαι

270 1665 500 1733 λόγοις,
535 1660 637 1714 κᾶν
668 1661 716 1712 εί
753 1656 919 1727 αὐτὴν
963 1654 1201 1708 ἐθέλοιεν
1248 1651 1552 1720 ἀναφωνεῖν
1586 1649 1686 1720 τὴν
1726 1646 1860 1716 ἀλή-

1983 483 2144 529 tatem
2154 517 2166 528 .

2050 565 2240 619 PALL.
2267 566 2551 632 Quomodo
2577 574 2722 628 istud
2740 579 2941 633 asseris
2971 581 2993 632 ‘?

2045 655 2200 712 CYR.
2231 659 2312 713 An
2346 677 2476 716 vero
2521 665 2744 722 minime
2769 669 3011 728 advertis
3053 686 3272 733 sanctos
3322 695 3554 753 cvange-

1976 748 2161 813 listas,
2190 751 2284 819 qui
2341 754 2683 824 scripserunt
2731 759 2997 818 daemonia
3047 766 3116 820 ad
3151 767 3431 828 Christum
3459 748 3560 832 ac-

1973 840 2201 896 cessisse
2225 843 2369 898 clara
2418 853 2473 898 et
2505 847 2738 902 maxima
2771 866 2905 907 voce
2945 855 3269 916 clamantia:
3321 882 3338 915 ι
3386 865 3550 934 Sine,

1973 929 2102 999 quid
2155 931 2315 986 nobis
2362 940 2418 988 et
2470 935 2611 1001 tibi,
2667 938 2793 994 Jesu
2833 943 3148 1006 Nazarene?
3192 953 3390 1010 venisti
3426 929 3552 1014 ante

1973 1027 2190 1090 tempus
2206 1023 2437 1093 perdere
2450 1042 2580 1082 nos:
2601 1029 2805 1085 scimus
2819 1034 2966 1103 quod
2980 1037 3054 1092 sis
3071 1038 3303 1099 Sanctus
3317 1046 3433 1102 Dei.
3454 1050 3550 1105 Ille

1969 1118 2151 1164 autem
2183 1112 2494 1184 increpans,
2533 1137 2552 1169 ι
2596 1119 2794 1190 inquit,
2827 1141 2845 1174 ι
2879 1139 2988 1179 non
3015 1128 3229 1187 sinebat
3257 1150 3321 1189 ea
3352 1137 3501 1207 loqui
3529 1179 3544 1206 ,

1968 1201 2096 1271 quia
2125 1203 2372 1258 sciebant
2412 1207 2588 1277 ipsum
2619 1227 2740 1266 esse
2765 1212 3046 1271 Christum
3077 1220 3142 1275 ⁸⁷.
3176 1242 3194 1274 ι
3243 1201 3546 1300 Atqui-qua

1968 1296 2036 1347 de
2064 1310 2226 1349 causa
2254 1296 2472 1366 (merito
2495 1301 2642 1356 enim
2680 1303 2949 1362 dubitarit
2989 1310 3209 1386 aliquis)
3237 1317 3381 1382 illos,
3417 1296 3545 1377 cum

1967 1399 2159 1440 verum
2190 1389 2617 1460 proclamarent,
2651 1396 2954 1468 increpavit
2975 1401 3275 1464 Christus?
3317 1410 3425 1468 Sed
3457 1417 3546 1472 ni-

1965 1477 2167 1531 mirum
2191 1494 2281 1535 res
2305 1490 2456 1550 gesta
2486 1486 2648 1542 nobis
2677 1490 2828 1546 utilis
2872 1492 3058 1550 futura
3091 1509 3230 1554 erat.
3259 1501 3373 1559 Hac
3396 1506 3545 1562 enim

1965 1585 2023 1624 re
2046 1569 2328 1639 docemur,
2355 1575 2572 1632 illorum
2607 1582 2818 1648 verbis,
2883 1587 3097 1646 etiamsi
3141 1592 3312 1662 ipsam
3342 1601 3543 1668 praedi-

1963 1675 2088 1718 care
2116 1664 2286 1720 velint
2332 1667 2639 1737 veritatem,
2664 1681 2719 1728 et
2747 1690 2810 1730 ea
2863 1677 3045 1736 dicere
3087 1699 3209 1753 quae
3253 1664 3381 1743 sunt
3423 1695 3541 1749 evi—

268 1731 467 1820 OELVQV,
508 1755 604 1808 καὶ
654 1751 724 1806 τά
770 1749 1016 1820 ἐναργῶς
1063 1746 1241 1816 ἔτυμα
1285 1743 1493 1812 λέγειν,
1527 1740 1618 1794 διὰ
1667 1737 1839 1794 τούτοι

2627 1731 2635 1737 ,
2873 1731 3043 1736 η---
3091 1731 3209 1753 ,μιν
3253 1731 3381 1743 νυ...
3424 1731 3541 1749 υ..-

1965 1752 2158 1810 denter
2185 1772 2312 1813 vera
2332 1801 2346 1823 ,
2381 1776 2492 1815 non
2519 1763 2722 1822 debere
2769 1769 2900 1838 niti;
2933 1787 3060 1828 nam
3090 1776 3368 1836 interdum
3394 1787 3543 1842 veris

267 1845 669 1917 παιδευόμεθα’
724 1841 1122 1903 ἀναπλέκοντες
1167 1838 1278 1909 γὰρ
1323 1834 1434 1889 ἐσθ’
1479 1834 1568 1888 ὅτε
1614 1833 1684 1904 τῇ
1725 1830 1858 1901 ἀλη-

267 1943 402 2010 Θείᾳ
431 1940 495 1992 τὸ
514 1935 738 2007 ψεῦδος,
772 1931 1153 1988 κατασίνονται
1189 1929 1312 1992 τοὺς
1343 1923 1758 1999 ἀκροωμένους,
1792 1921 1853 1974 οὐ

267 2035 401 2090 καθ’
425 2034 632 2105 ἕτερον,
661 2027 835 2098 οἶμαι,
863 2024 1133 2100 τρόπον,ἢ
1162 2021 1282 2076 καθ’
1310 2021 1368 2075 ὃν
1410 2017 1581 2089 θεῷτό
1606 2032 1690 2079 τις
1728 2014 1854 2077 τοὺς

260 2131 332 2200 τῇ
358 2125 458 2180 τοῦ
493 2125 708 2196 μέλιτος
742 2121 887 2193 μίξει
918 2114 1393 2190 παραιρουμένους
1427 2111 1504 2182 (2)
1535 2109 1633 2181 τὴν
1660 2105 1852 2177 αἴσθη-

263 2239 351 2274 σιν
401 2218 514 2272 τῶν
573 2214 818 2287 πικρῶν,
864 2211 956 2266 καὶ
1003 2213 1068 2281 τῇ
1123 2208 1233 2262 τῶν
1279 2205 1528 2276 γλυκέων
1579 2201 1848 2271 ἐπιπλοκῇ

262 2310 586 2367 κατασυλᾷν
629 2307 913 2366 ἐθέλοντας
949 2302 1008 2356 τὸ
1045 2301 1154 2354 ἐσθ’
1180 2301 1270 2354 ὅτε
1302 2296 1529 2352 λυποῦν.

333 2365 553 2452 ΠΑΛΛ..
584 2393 861 2465 Σφαλερὸν
889 2365 983 2445 οὖν
1011 2387 1291 2458 παντελῶς
1328 2386 1389 2440 τὸ
1420 2387 1532 2448 τοῖς
1572 2381 1680 2436 τῶν
1710 2397 1844 2451 χρη-

264 2488 556 2560 σμολόγων
589 2484 877 2556 προσέχειν
903 2481 1280 2551 φενακισμοῖς.

329 2581 506 2634 ΚΥΡ.
545 2575 772 2647 Θανάτῳ
813 2575 874 2628 τὸ
927 2574 1119 2645 χρῆμα
1165 2571 1392 2642 τιμᾶται
1435 2567 1598 2632 Θεὸς,
1648 2565 1741 2619 καὶ
1785 2565 1843 2617 ἐν

253 2673 377 2735 τοῖς
429 2671 691 2741 ἐσχάτοις
739 2667 1086 2738 καταγράφει
1127 2667 1336 2729 κακοῖς.
1391 2663 1536 2732 Ἔφη
1577 2660 1633 2713 δέ
1669 2657 1843 2722 οὕτως

256 2762 319 2816 ἐν
365 2763 448 2834 τῷ
490 2759 782 2832 Λευιτικῷ·
824 2779 842 2812 ι
896 2759 1007 2813 Καὶ
1047 2757 1195 2828 ψυχὴ
1234 2757 1270 2826 ἢ
1322 2755 1388 2810 ἂν
1431 2749 1842 2838 ἐπακολουθὴσῃ

256 2852 727 2926 ἐγγαστριμύθοις
797 2851 832 2922 ἦ
904 2849 1208 2913 ἐπαοιδοῖς,
1261 2845 1402 2900 ὥστε
1477 2841 1841 2915 ἐκπορνεῢσαι

253 2946 438 3001 ὀπίσω
475 2943 688 3010 αὐτῶν,
723 2942 1001 3012 ἐπιστήσω
1043 2938 1105 2992 τὸ
1137 2937 1430 3010 πρόσωπόν
1471 2952 1572 3007 μου
1602 2935 1696 2987 ἐπὶ
1738 2933 1838 3006 τὴν

254 3039 442 3114 ψυχὴν
467 3037 706 3104 ἐκείνην,
739 3035 835 3089 καὶ
855 3031 1041 3088 ἀπολῶ
1073 3031 1242 3102 αὐτὴν
1273 3031 1338 3084 ἐκ
1365 3029 1458 3082 τοῦ
1493 3025 1623 3080 λαοῦ
1647 3024 1832 3096 αὐτῆςο

257 3133 354 3186 καὶ
389 3130 580 3185 ἔσεσθε
617 3129 795 3197 ἅγιοι,
834 3127 918 3181 ὅτι
953 3123 1064 3194 ἐγὼ
1084 3123 1239 3193 ἅγιός
1265 3123 1380 3193 εἰμι
1409 3119 1614 3192 Κύριος
1645 3120 1673 3172 6
1705 3118 1838 3182 Θεὸς

255 3225 437 3296 ὐμῶν.
484 3243 504 3277 ι
544 3223 656 3277 Καὶ
700 3220 818 3292 μεθ’
860 3220 1024 3288 ἕτερα
1052 3216 1233 3271 πάλιν·
1267 3233 1286 3267 ι
1325 3213 1435 3269 Καὶ
1471 3212 1609 3283 ἀνὴρ
1641 3210 1839 3283 ἢγυνὴ

245 3319 310 3378 ὃς
357 3313 461 3366 ἐὰν
504 3311 725 3382 γένηται
767 3308 950 3363 αὐτῶν
1000 3305 1439 3377 ἐγγαστρίμυθος
1487 3301 1520 3373 ἦ
1557 3301 1832 3366 ἐπαοιδός,

251 3404 479 3475 θανάτῳ
532 3400 912 3465 θανατούσθω,
964 3400 1060 3454 καὶ
1107 3400 1166 3452 ἐν
1216 3396 1384 3463 λίθοις
1444 3396 1833 3465 λιθοϐολῆσατε

256 3494 488 3560 αὐτούς·
522 3492 695 3563 ἔνοχοί
721 3494 880 3546 εἰσιν.
919 3509 937 3542 ι
977 3489 1310 3560 Ἀποφάσκει
1341 3487 1440 3559 μὲν
1466 3488 1574 3558 γὰρ
1600 3486 1832 3558 πρῶτον,

248 3589 311 3642 τὸ
355 3585 559 3659 χρῆναί
597 3603 749 3650 τινας
802 3587 925 3648 ταῖς
973 3583 1302 3655 βωμολόχοις
1355 3578 1832 3652 ἀστρομαντείαις,

249 3681 426 3752 ῆγουν
442 3675 890 3748 νεκυομαντείαις
911 3675 1139 3729 ἕπεσθαι
1165 3673 1359 3744 φιλεῖν,
1385 3670 1659 3733 πολιτείας
1683 3669 1833 3738 ἀγιοο

247 3768 507 3842 πρεποῦς
547 3768 622 3830 ὡς
660 3765 933 3822 ἀπωτάτω
965 3764 1028 3817 τὸ
1074 3763 1266 3835 χρῆμα
1310 3757 1452 3816 εἶναι
1496 3760 1691 3830 λέγων,
1735 3758 1832 3813 καὶ

245 3865 368 3927 τοῖς
412 3861 535 3932 Θεῷ
581 3857 1004 3931 προσκειμένοις
1059 3856 1402 3927 ἀνάρμοστον
1453 3851 1671 3924 κομιδῆ·
1735 3851 1830 3906 καὶ

244 3949 538 4022 καθορίζει
586 3948 681 4002 τοῦ
735 3947 988 4018 δευτέρου
1034 3945 1126 4000 τὸν
1183 3945 1441 4006 θάνατον,
1498 3942 1715 4011 ἐνόχους
1767 3939 1828 3993 τὲ

250 4061 428 4116 φησιν
473 4037 615 4096 εἶναι
642 4042 736 4096 καὶ
767 4038 983 4103 αὐτούς’
1018 4037 1118 4090 οὐκ
1148 4037 1320 4107 ἐφιεὶς
1340 4036 1432 4088 τὸν
1463 4033 1608 4087 ἔλεον
1637 4031 1828 4086 amvi-E-

249 4137 452 4210 μεσθαι
492 4135 631 4206 πρὸς
661 4133 818 4205 ἡμῶν
844 4134 955 4196 τοῖς
1005 4129 1140 4203 πρὸς
1169 4128 1327 4182 τοῦτο
1375 4127 1477 4198 ἤδη
1528 4123 1826 4196 μοχθηρίας

246 4229 598 4301 ἐληλακόσιν,
626 4225 702 4290 ὡς
729 4226 912 4295 πάγην
940 4222 1194 4294 γενέσθαι
1227 4219 1455 4276 θανάτου
1475 4258 1488 4282 ,
1519 4218 1613 4272 καὶ
1641 4215 1826 4287 ψυχῶν

244 4323 444 4376 ἀθὼων
474 4322 778 4392 θήρατρον,
815 4319 908 4371 καὶ
951 4316 1174 4389 ὀλέθρου
1205 4314 1404 4387 θύραν,
1432 4313 1524 4367 καὶ
1553 4311 1824 4383 πέταυρον

246 4416 399 4488 ᾅδου,
444 4414 539 4467 καὶ
570 4413 624 4466 τί
667 4411 776 4482 γάρ
819 4410 937 4481 οὐχὶ
983 4409 1092 4462 τῶν
1122 4408 1375 4461 τοιούτων
1422 4404 1642 4474 κακῶν;
1683 4402 1820 4455 Ἀλλ’

243 4503 402 4577 οἶμαί
439 4523 544 4557 που
575 4503 736 4573 σοφὸν
779 4502 874 4555 καὶ
923 4499 1210 4570 ἀκίϐδηλον
1247 4499 1476 4562 ἐννοεῖν,
1508 4496 1582 4559 ὡς
1613 4495 1712 4548 οὐκ
1757 4493 1822 4547 ἂν

244 4597 578 4668 ἐπεστήρισε
625 4594 760 4658 Θεὸς
805 4593 905 4664 τὴν
937 4591 1082 4646 οὕτω
1128 4589 1332 4662 πικρὰν
1368 4590 1461 4644 καὶ
1496 4587 1696 4650 παντὸς
1725 4587 1822 4639 ἐπ-

244 4689 434 4743 έκεινα
475 4686 648 4741 κακοῦ
681 4685 998 4758 διᾴττουσαν
1031 4684 1186 4754 δίκην
1236 4685 1348 4746 τοῖς
1393 4680 1593 4734 εἰδέναι
1628 4695 1687 4732 τε
1727 4677 1820 4732 καὶ

244 4781 427 4835 λαλεῖν
471 4781 683 4854 ἑτέροις
725 4778 793 4833 τὰ
836 4779 1071 4850 ἐσόμενα
1102 4774 1440 4846 δυναμένοις,
1477 4773 1570 4827 καί
1601 4789 1681 4826 τοι
1710 4770 1818 4824 τῶν

245 4874 523 4944 ἐσομένων
580 4870 810 4943 ἀληθῶς.
849 4871 1063 4941 ἔχουσιν
1114 4870 1307 4922 εἰπεῖν.
1357 4865 1659 4929 Κολάζεται
1710 4863 1830 4933 γὰρ,

245 4963 368 5034 οὐχὶ
410 4962 513 5032 τῆς
558 4961 814 5032 ἀληθείας
841 4964 870 5014 6
899 4961 1085 5031 μῦθος,
1127 4960 1399 5030 ἐπάρατον
1435 4957 1576 5010 δὲτὸ
1603 4955 1809 5026 ψευδει-

249 5054 392 5106 πεῖν·
415 5051 533 5105 ἀλλ’
563 5053 612 5105 εί
645 5051 708 5122 δή
742 5068 824 5114 τις
854 5051 1130 5105 ἁλίσκοιτο
1152 5047 1310 5102 τοῦτο
1336 5046 1478 5118 δρῶν
1495 5086 1511 5113 ,
1538 5045 1632 5099 καὶ
1655 5044 1814 5097 τοῦτο

245 5143 319 5206 ὡς
355 5145 420 5197 ὲκ
443 5142 601 5208 Θεοῦ,
637 5143 807 5214 αὑτήν
851 5160 953 5197 που
978 5141 1076 5213 τὴν
1103 5139 1341 5212 ἀρῤητον
1369 5135 1812 5205 σεσυκοφάντηκε

243 5236 427 5303 φύσιν,
458 5235 554 5289 καὶ
596 5237 663 5305 τῇ
711 5233 938 5308 ἀληθείᾳ
963 5234 1024 5287 τὸ
1048 5233 1240 5304 ψεῦδος
1264 5231 1340 5295 ὡς
1365 5230 1501 5302 αὐτῇ
1537 5228 1811 5300 προσῆκον

239 5329 546 5393 ἀνατιθεὶς,
597 5326 831 5396 ίσοπαλῆ
881 5328 991 5389 τοῖς
1039 5326 1376 5398 ἐγκλήμασιν
1426 5325 1662 5388 ἀνατλὰς
1709 5326 1807 5396 τὴν

239 5417 396 5483 δῗκην
471 5415 613 5485 Δπρὸς
651 5415 784 5470 αὐτὸ
822 5408 949 5473 λίαν
995 5417 1294 5489 οἰχήσεται.
1357 5419 1617 5488 Ἐπιτιμᾷ
1643 5417 1750 5489 γὰρ
1777 5417 1806 5470 6

308 5567 349 5598 ⁵⁷
389 5567 557 5623 Marc.
584 5585 624 5636 ι,
645 5569 828 5637 24,25.
903 5569 949 5602 ⁸⁸
973 5570 1147 5625 Levit.
1175 5588 1263 5636 xx,
1290 5573 1341 5638 6,
1383 5573 1436 5626 7.
1514 5573 1559 5606 ⁸⁹
1600 5571 1730 5628 ibid.
1755 5572 1845 5626 27.

305 5707 383 5776 (ι)
425 5705 516 5763 Sic
543 5709 642 5765 cod
695 5709 816 5765 Vat.
839 5751 852 5777 ,
888 5707 1009 5764 cod.
1037 5707 1242 5778 Sirleti,
1270 5710 1658 5782 ἀληθεστάτην.

1966 1845 2270 1904 inserentes
2304 1850 2437 1906 falsa
2463 1894 2478 1918 ,
2513 1867 2715 1914 nocent
2764 1861 3113 1922 audientibus
3157 1887 3169 1924 :
3219 1887 3330 1927 non
3379 1876 3542 1933 dissi-

1963 1938 2076 1992 mili
2141 1942 2373 2010 ratione,
2416 1954 2477 2000 ut
2519 1949 2908 2023 mihiquidem
2959 1957 3197 2028 videtur,
3245 1970 3538 2027 nonnullos

1961 2029 2142 2088 facere
2199 2035 2488 2104 videmus,
2541 2042 2634 2111 qui
2703 2047 2880 2103 mellis
2933 2050 3263 2111 admistione
3307 2073 3530 2117 sensum

1959 2121 2285 2178 amariorum
2341 2142 2526 2182 rerum
2553 2131 2831 2202 auferunt,
2879 2147 2935 2193 et
2964 2141 3207 2200 dulcium
3261 2148 3537 2210 inlusione

1957 2210 2148 2267 volunt
2177 2229 2367 2270 eorum
2394 2233 2516 2288 quae
2559 2221 2810 2283 insuavia
2855 2239 3017 2298 sunt,
3043 2234 3278 2294 latenter
3314 2252 3536 2313 gustum

1954 2318 2184 2374 eripere.

2022 2394 2216 2494 DALL.
2247 2398 2344 2454 Est
2368 2400 2533 2494 igitur
2557 2407 2780 2464 omnino
2817 2411 3184 2479 periculosum
3216 2422 3534 2494 imposturis

1954 2485 2322 2546 divinatorum
2345 2493 2625 2551 addictum
2648 2513 2788 2556 esse.

2020 2579 2175 2637 CYR.
2211 2583 2270 2639 Id
2292 2586 2514 2655 quidem
2553 2605 2584 2644 a
2611 2591 2723 2647 Deo
2745 2603 2922 2652 morte
2955 2601 3239 2672 multatur,
3285 2617 3343 2663 et
3385 2610 3531 2668 inter

1951 2675 2184 2744 pessima
2213 2677 2443 2736 crimina
2473 2694 2808 2742 recensetur.
2844 2689 2937 2747 Sic
2963 2695 3109 2749 enim
3155 2699 3231 2752 ait
3264 2701 3320 2756 in
3367 2704 3528 2762 Levi-

1951 2766 2059 2822 tico
2088 2786 2101 2821 :
2137 2789 2155 2820 ι
2195 2770 2263 2825 Ει
2299 2773 2479 2830 anima
2517 2792 2640 2847 quae
2672 2791 2860 2838 secuta
2908 2783 3078 2843 fuerit
3112 2790 3382 2862 Pythonis
3407 2799 3524 2868 Spi-

1948 2855 2115 2911 ritum
2141 2858 2422 2928 habentes,
2449 2873 2504 2919 et
2525 2866 2917 2939 incantatores,
2957 2883 3018 2930 ut
3054 2855 3357 2940 fornicetur
3400 2855 3526 2957 post

1947 2948 2443 3018 ipsos,’obﬁrmabo
2462 2957 2656 3014 faciem
2701 2977 2879 3018 meam
2905 2967 3166 3028 adversus
3187 2948 3424 3032 animam
3457 2956 3523 3034 il-

1944 3039 2072 3105 lam,
2096 3050 2152 3096 et
2186 3044 2410 3113 perdam
2433 3047 2580 3104 illam
2609 3067 2676 3106 ex
2704 3056 2908 3123 populo
2935 3073 3036 3114 suo
3067 3079 3078 3114 :
3111 3073 3166 3117 et
3205 3067 3377 3121 sancti
3412 3072 3522 3125 eri-

1943 3130 2032 3196 tis,
2061 3134 2190 3202 quia
2213 3151 2315 3206 ego
2337 3149 2559 3196 sanctus
2585 3158 2704 3197 sum
2734 3145 2999 3204 Dominus
3024 3152 3168 3210 Deus
3190 3165 3374 3213 vester
3399 3161 3463 3214 ⁸⁸.
3497 3183 3515 3214 ι

1940 3216 2007 3272 Ει
2035 3228 2157 3289 post
2179 3222 2285 3277 alia
2311 3241 2529 3282 rursum
2559 3247 2571 3282 :
2605 3250 2623 3280 ι
2651 3231 2719 3286 Ει
2738 3234 2822 3288 vir
2841 3245 2936 3291 aut
2961 3241 3179 3307 mulier,
3206 3247 3522 3320 quicunque

1938 3322 2005 3361 ex
2051 3309 2182 3380 ipsis
2233 3311 2401 3369 fuerit
2431 3316 2699 3388 Pythonis
2729 3323 2984 3392 spiritum
3020 3309 3263 3397 habens,
3295 3347 3390 3392 aut
3431 3309 3516 3394 in-

1938 3409 2208 3466 cantator,
2235 3413 2412 3460 morte
2461 3409 2749 3478 moriatur,
2783 3425 2840 3469 et
2884 3415 3162 3485 lapidibus
3203 3425 3521 3495 lapidabitis

1935 3504 2032 3546 cos
2064 3509 2076 3545 :
2107 3492 2187 3547 rei
2213 3502 2343 3549 sunt
2358 3497 2422 3550 “.
2457 3517 2474 3548 ι
2526 3500 2687 3572 186
2711 3501 3001 3561 lnterdixit
3041 3511 3188 3565 enim
3209 3553 3225 3579 ,
3260 3492 3518 3588 primum

1935 3597 2005 3638 ne
2031 3586 2125 3654 qui
2154 3586 2378 3645 fallaces
2416 3590 2782 3652 divinationes
2817 3612 2884 3652 ex
2923 3608 3200 3659 astrorum
3236 3617 3333 3663 aut
3365 3586 3516 3665 mor-

1936 3685 2153 3734 tuorum
2173 3680 2554 3740 observatione
2575 3698 2958 3757 sequerentur,
2982 3692 3371 3754 alienissimam
3395 3716 3517 3758 esse

1933 3783 2052 3823 eam
2083 3785 2198 3824 rem
2230 3787 2262 3826 a
2290 3782 2475 3831 sancta
2505 3781 2922 3838 conversatione
2967 3797 3240 3854 asserens,
3271 3797 3328 3845 et
3353 3791 3422 3846 ab
3447 3791 3516 3849 iis

1932 3860 2026 3929 qui
2072 3861 2184 3916 Deo
2214 3861 2384 3918 dediti
2425 3875 2611 3921 essent
2650 3870 2885 3927 maxime
2928 3873 3266 3945 abhorrere;
3313 3879 3513 3939 deinde

1930 3949 2192 4006 adversus
2240 3953 2441 4010 alteros
2466 3965 2771 4012 extremum
2824 3963 3150 4031 supplicium
3180 3969 3507 4035 constituit,

1929 4054 1993 4094 ac
2030 4055 2153 4096 reos
2189 4057 2310 4097 esse
2355 4043 2574 4114 inquit,
2613 4062 2725 4102 non
2767 4051 3125 4118 permittens,
3150 4055 3243 4123 qui
3281 4057 3350 4112 ad
3397 4059 3504 4115 hoc

1929 4129 2107 4186 scelus
2135 4133 2410 4203 progressi
2446 4144 2650 4201 essent,
2697 4145 2758 4191 ut
2792 4139 3022 4208 laqueus
3047 4145 3241 4199 mortis
3286 4145 3499 4216 fierent,

1927 4228 1983 4275 et
2023 4230 2137 4276 rete
2172 4223 2478 4278 animarum
2523 4225 2919 4294 innocentium,
2954 4239 3010 4286 et
3048 4235 3378 4303 perditionis
3412 4257 3501 4296 os-

1929 4309 2086 4376 tium,
2119 4319 2175 4366 et
2204 4311 2505 4368 inferorum
2530 4315 2864 4384 profundum
2884 4321 2952 4386 9°,
2979 4332 3035 4377 et
3059 4341 3180 4394 quas
3202 4344 3313 4384 non
3331 4330 3502 4402 hujus

1927 4403 2144 4473 generis
2167 4405 2369 4474 pestis;
2397 4414 2458 4460 ut
2508 4407 2578 4463 iis
2607 4425 2638 4463 a
2678 4409 2839 4465 nobis
2887 4413 3266 4474 misericordia
3293 4423 3503 4478 tribua-

1929 4504 2035 4549 tur.
2094 4497 2230 4552 lllud
2263 4506 2445 4554 autem
2477 4501 2754 4570 sapienter
2802 4518 2866 4557 ac
2915 4521 3047 4561 vere
3091 4508 3320 4582 intelligi
3367 4522 3502 4582 puto

1926 4581 2066 4638 hanc
2107 4584 2244 4639 adeo
2286 4586 2567 4652 acerbam,
2618 4597 2694 4654 et,
2720 4606 2842 4660 quae
2863 4595 3046 4650 omnia
3073 4597 3211 4653 mala
3254 4581 3498 4672 siuperet,

1923 4690 2138 4743 poenam
2171 4693 2279 4732 non
2319 4693 2439 4733 esse
2480 4679 2535 4733 in
2573 4696 2668 4735 eos
2698 4697 2729 4736 a
2760 4683 2874 4739 Deo
2902 4674 3278 4758 constitutam,
3326 4695 3502 4764 quiet

1921 4766 2062 4820 scire
2084 4775 2140 4821 et
2171 4767 2324 4822 ell‘ari
2350 4770 2564 4826 caneris
2586 4771 2771 4827 futura
2796 4784 3045 4844 possunt,
3093 4789 3149 4834 et
3186 4781 3252 4837 de
3297 4782 3500 4842 futuris

1922 4859 2086 4913 rebus
2109 4862 2356 4916 nonnihil
2383 4879 2511 4919 vere
2539 4865 2857 4934 praedicere.
2874 4869 3063 4940 Neque
3077 4873 3224 4928 enim
3247 4877 3497 4934 veritatis

1921 4966 2101 5006 sermo
2122 4953 2369 5022 punitur;
2415 4955 2510 5008 sed
2555 4959 2776 5014 mentiri
2801 4969 2886 5016 est
2924 4964 3259 5021 exsecrabile
3295 4984 3308 5020 :
3346 4969 3493 5039 quod

1921 5041 1964 5094 si
1998 5042 2121 5110 quis
2159 5041 2362 5109 facere,
2392 5044 2556 5115 idque
2596 5056 2854 5119 tanquam
2877 5052 2990 5108 Deo
3016 5064 3244 5112 auctore
3293 5057 3493 5130 depre-

1920 5131 2212 5203 hendatur,
2253 5136 2299 5192 is
2319 5137 2375 5191 in
2402 5138 2572 5208 ipsam
2599 5143 2790 5210 procul
2823 5144 2992 5200 dubio
3021 5156 3275 5205 naturam
3303 5151 3487 5208 ineffa-

1919 5223 2083 5280 bilem
2109 5227 2342 5298 conjecit
2383 5228 2744 5298 calumniam;
2776 5233 2960 5305 itaque
2983 5252 3107 5292 cum
3133 5237 3234 5308 ipsi
3270 5240 3491 5295 veritati

1917 5320 2282 5388 mendacium,
2313 5329 2570 5394 tanquam
2601 5340 2720 5382 rem
2762 5341 2883 5396 quae
2903 5327 2970 5382 ad
2992 5328 3140 5384 illam
3165 5331 3487 5400 pertineret,

1918 5417 2195 5482 tribuerit,
2226 5432 2386 5486 pares
2408 5417 2733 5474 criminibus
2758 5433 2948 5490 pmnas
2974 5420 3144 5487 dabit,
3193 5431 3248 5477 et
3288 5423 3342 5476 in
3363 5437 3486 5496 per.

1917 5572 1962 5605 ’°
1989 5573 2150 5626 Prov.
2182 5586 2256 5635 ut,
2282 5570 2364 5624 l8.

1985 5709 2058 5781 (9.)
2091 5709 2272 5766 Codex
2302 5710 2505 5777 Sirleti,
2537 5714 3018 5784 παραιτουμένους.
