3990 6196
446 222 560 295 ’451

1475 229 1531 285 S.
1576 228 1854 285 CYRILLI
1895 227 2363 288 ALEXANDRINI
2402 232 2719 290 ARCHIEP.

3618 232 3723 290 £32

460 354 722 410 ditionem
769 347 961 405 abibit.
999 346 1188 416 Neque
1224 343 1373 399 enim
1401 342 1685 415 Scriptura
1731 343 1800 399 iis
1833 343 1928 413 qui
1979 359 2037 398 ex

2153 346 2304 416 λόγος
2333 348 2394 402 οὐ
2419 350 2533 412 τοῖς
2562 348 2628 402 ἐκ
2659 346 2815 414 Θεοῦ,
2846 347 2922 420 μὴ
2953 346 3185 417 γένοιτο,
3217 348 3618 419 πραττομένοις
3656 351 3725 405 τὰ

457 448 569 502 Deo
588 444 769 499 futura
804 442 1139 514 praedicunt,
1168 453 1359 511 ptenas
1380 436 1689 515 constituit,
1731 436 1876 491 absit
1903 452 1916 489 :
1944 450 2042 491 ex-

458 537 693 609 cipiatur
720 533 867 590 enim
895 548 926 588 a
951 546 1112 603 paena
1152 530 1244 585 ille
1281 535 1599 584 sanctorum
1643 526 2040 597 prophetarum

458 630 595 687 ordo
622 647 634 682 :
664 629 761 684 sed
783 627 852 683 iis
874 627 968 697 qui
993 624 1107 690 illa,
1129 630 1392 693 tanquam
1414 634 1481 674 ex
1496 619 1609 674 Deo
1629 618 1762 684 sint,
1791 617 2037 688 ﬁngunt;

456 721 604 796 quod
644 716 978 791 praedicendi
1030 728 1232 769 munus
1287 726 1357 766 ne
1400 709 1689 765 mendacio
1715 708 1941 779 quidem
1973 707 2041 791 li-

2150 438 2227 502 ὼς
2246 437 2411 492 Θεοῦ·
2441 441 2526 493 ὃτι
2571 440 2706 510 μηδὲ
2738 439 2967 510 ψεύδους
3004 438 3296 511 ἐλευθέραν
3319 439 3600 495 ἐποιοῦντο
3625 443 3724 511 τὴν

2150 534 2572 601 προαγόρευσιν.
2615 531 2925 603 Ἐπειδὴδέ
2968 532 3070 585 οὐκ
3108 529 3168 597 ἐξ
3208 528 3466 601 ἀληθείας
3490 530 3722 597 ἑλόντες,

2148 619 2399 676 λαλοῦσιν
2442 621 2480 676 ἃ
2513 624 2582 677 ἂν
2618 621 2923 693 βούλοιντο,
2953 623 3047 676 καὶ
3071 621 3135 676 τὸ
3160 621 3304 677 κατὰ
3336 622 3477 692 σφᾶς
3504 622 3723 689 αὐτοὺς,

2153 709 2413 784 ταύτῃτοι
2444 710 2902 784 διημαρτήκασιν.

456 816 651 871 berum
689 811 908 868 faciant.
962 808 1171 877 Itaque,
1217 802 1366 874 quia,
1414 817 1542 857 cum
1577 816 1610 856 a
1637 800 1871 856 veritate
1919 811 2032 853 non
2070 802 2407 871 acceperint,
2440 802 2745 873 loquuntur
2795 817 2918 874 quas
2972 801 3164 858 volunt
3201 818 3269 859 ex
3308 820 3369 861 se
3408 804 3562 878 ipsis,
3602 805 3727 863 ideo

455 914 735 1061 p833...
775 998 917 1054 Num
953 995 1120 1066 igitur
1167 994 1225 1047 in
1269 992 1377 1047 hoc
1429 990 1819 1063 dignoscemus
1855 993 2043 1041 utrum

456 1094 603 1150 Deus
635 1093 728 1158 sit,
756 1090 850 1161 qui
887 1101 1149 1159 responsa
1183 1084 1422 1150 dederit,
1470 1099 1544 1140 an
1592 1082 1671 1138 illi
1709 1096 1779 1137 ex
1822 1092 1881 1133 se
1909 1076 2045 1148 ipsis

457 1188 752 1257 loquantur
772 1183 794 1235 ?

527 1276 685 1332 (ΠΒ.
714 1275 782 1328 Ει
806 1273 1028 1344 quidem
1048 1270 1301 1326 maxime
1333 1288 1345 1323 :
1380 1282 1509 1323 nam
1535 1265 1591 1322 id
1629 1279 1850 1336 quoque
1878 1263 2043 1319 nobis

456 1367 642 1421 divina
668 1365 754 1420 lex
777 1364 886 1436 jam
924 1361 1302 1434 persuadebit.
1338 1358 1431 1415 Sic
1453 1358 1601 1413 enim
1636 1356 1776 1411 dixit
1809 1357 1954 1411 Deus
1982 1355 2041 1409 in

454 1455 880 1515 Deuteronomio
904 1471 919 1511 :
948 1474 966 1507 ι
992 1453 1149 1521 Quod
1172 1455 1215 1508 si
1233 1452 1436 1509 dixerit
1455 1450 1729 1522 quispiam
1751 1449 1807 1503 in
1829 1448 1995 1504 corde
2023 1464 2037 1501 :

454 1549 743 1618 Quomodo
763 1560 1159 1619 cognoscemus
1199 1545 1430 1599 verbum
1460 1542 1608 1613 quod
1643 1542 1911 1596 Dominus
1931 1556 2041 1595 non

455 1649 540 1698 est
574 1640 825 1697 locutus?
848 1653 1190 1709 quaecunque
1213 1636 1433 1692 locutus
1461 1634 1629 1690 fuerit
1656 1633 1745 1688 ille
1771 1631 2041 1703 propheta

2217 982 2430 1036 IIAAA.
2466 975 2592 1053 Ἆρ’
2625 977 2740 1047 οῦν,
2773 981 2831 1037 ἐν
2878 980 3014 1053 τῷδε
3057 982 3465 1050 διαγνωσόμεθα
3520 984 3727 1055 σώτερα

2144 1072 2278 1138 Θεὸς
2305 1077 2333 1128 ό
2356 1074 2743 1147 χρησμοδοτῶν
2785 1075 2957 1141 ἐστιν,
2986 1075 3154 1146 ἤγουν
3177 1076 3372 1129 ἐκεῖνοι
3400 1076 3623 1131 λαλοῦσι
3657 1078 3726 1132 τὰ

2146 1166 2297 1238 σφῶν
2328 1167 2540 1233 abii»);

2215 1261 2382 1315 ΚΥΡ.
2419 1262 2531 1315 Καὶ
2559 1263 2706 1333 μάλα
2729 1281 2742 1295 ο
2777 1263 2919 1333 θεῖος
2953 1266 3063 1337 γὰρ
3088 1265 3184 1319 καὶ
3210 1266 3356 1336 ἡμᾶς
3393 1264 3531 1335 πρδς
3569 1264 3728 1320 τοῦτο

2149 1353 2311 1418 εὐθὺς
2354 1355 2640 1410 ἀναπείσει
2701 1357 2885 1428 νόμος.
2943 1358 3113 1430 Ἕφη’
3142 1359 3249 1430 γὰρ
3291 1356 3435 1411 οὕτω
3483 1358 3619 1422 Θεὸς
3670 1360 3727 1411 ἐν

2152 1447 2586 1518 Δευθιτερονομίῳ⁸
2635 1468 2655 1501 ι
2701 1449 2827 1504 Ἐὰν
2869 1450 2928 1504 δὲ
2967 1450 3100 1523 λέγῃ
3123 1468 3207 1515 τις
3249 1453 3307 1506 ἐν
3347 1449 3563 1521 καρδίᾳ·
3599 1450 3727 1515 Πῶς

2148 1536 2475 1608 γνωσόμεθα
2521 1539 2581 1592 τὸ
2630 1541 2814 1613 ῥῆμα,
2860 1543 2890 1597 ὃ
2938 1544 3038 1598 οῦκ
3068 1542 3300 1614 ἐλάλησε
3349 1543 3585 1615 Κύριοςς
3624 1544 3726 1596 ὅσα

2151 1628 2246 1682 ἐὰν
2288 1628 2498 1702 λαλήσῃ
2541 1633 2571 1686 ό
2624 1635 2914 1707 προφήτης
2959 1637 3166 1699 ἐκεῖνος
3227 1635 3325 1689 ἐπὶ
3373 1636 3452 1707 τῷ
3500 1635 3727 1705 ὀνόματι

456 1737 511 1789 in
546 1734 770 1790 nomine
786 1730 1024 1797 Domini,
1050 1731 1105 1785 id
1131 1738 1314 1785 autem
1340 1742 1445 1783 nec
1474 1725 1679 1781 factum
1716 1723 1906 1788 fuerit,
1940 1739 2037 1778 ne-

2153 1719 2381 1792 Κυρίου,
2432 1723 2528 1776 καὶ
2578 1726 2653 1799 μὴ
2693 1705 2919 1798 γένηται
2961 1727 3022 1781 τὸ
3079 1727 3233 1800 ῥῆμα
3274 1727 3304 1781 ὃ
3349 1705 3449 1782 οὐκ
3494 1728 3727 1799 ἐλάλησε

399 1895 409 1904 ⁸
454 1837 561 1894 que
589 1821 883 1892 contigerit
920 1821 1025 1875 hoc
1057 1819 1312 1883 verbum,
1349 1816 1496 1887 quod
1540 1831 1652 1870 non
1699 1822 1785 1870 est
1824 1814 2043 1870 locutus

454 1915 754 1979 Dominus,
807 1913 862 1966 in
902 1913 1183 1983 impietate
1222 1911 1442 1965 locutus
1473 1915 1560 1963 est
1597 1907 1687 1963 ille
1728 1906 2038 1977 propheta:

452 2022 563 2062 non
624 2004 976 2060 abstinebitis
1031 2004 1100 2058 ab
1145 2003 1330 2057 illo".
1363 2022 1380 2053 ι
1425 1999 1691 2070 lntelligis
1736 2014 1807 2054 ex
1855 2013 2042 2052 rerum

451 2096 840 2167 prmdictarum
875 2094 1232 2151 frustratione
1261 2091 1631 2148 certissimum
1658 2096 2045 2161 argumentum

451 2188 596 2244 sumi
622 2229 637 2254 ,
673 2188 823 2259 quod
860 2202 973 2243 non
1003 2203 1070 2243 ex
1104 2186 1218 2241 Deo
1250 2182 1537 2256 quidpiam
1566 2180 1893 2253 praedictum
1924 2179 1996 2235 sit
2025 2198 2038 2233 :

449 2280 700 2336 veritatis
746 2280 895 2335 enim
920 2280 1096 2335 amica
1136 2286 1221 2333 est
1245 2276 1472 2332 veritas.
1517 2272 1843 2347 Hujusmodi
1876 2271 2042 2343 quid-

450 2374 576 2429 dam
608 2374 777 2429 etiam
803 2388 904 2445 per
929 2370 1183 2429 Ieremia;
1207 2383 1401 2425 vocem
1429 2368 1508 2424 ait
1533 2386 1546 2421 :
1580 2386 1598 2418 ι
1640 2367 1786 2422 Deus
1811 2365 2041 2437 propin-

450 2481 628 2537 quans
652 2482 753 2538 ego
772 2480 917 2531 sum,
941 2463 1078 2519 dicit
1092 2462 1377 2526 Dominus,
1403 2468 1459 2515 et
1476 2474 1588 2514 non
1601 2459 1749 2514 Deus
1763 2457 1831 2513 de
1846 2459 2037 2527 longe;

450 2558 496 2612 si
520 2544 894 2613 abscondetur
917 2556 1084 2611 homo
1120 2555 1178 2609 in
1209 2553 1466 2617 occultis,
1494 2559 1550 2606 et
1588 2565 1692 2621 ego
1711 2565 1823 2605 non
1840 2548 2041 2604 videbo

448 2651 614 2706 eum?
642 2649 802 2720 187
818 2648 1011 2705 Nerine
1026 2648 1227 2703 caelum
1248 2653 1303 2701 et
1314 2653 1520 2699 terram
1536 2658 1637 2716 ego
1656 2640 1892 2713 impleo?
1906 2639 2043 2695 dicit

450 2741 733 2798 Dominus.
788 2737 991 2794 Audivi
1040 2752 1164 2808 qua:
1196 2735 1501 2806 loquuntur
1545 2732 1829 2804 prophetae
1856 2771 1871 2796 ,
1919 2745 2042 2800 qua:

444 2833 786 2904 prophetam
833 2830 891 2885 in
937 2829 1163 2886 nomine
1188 2843 1311 2884 meo
1348 2827 1485 2883 falsa
1514 2828 1582 2879 θ’.
1620 2844 1639 2877 ›
1680 2823 1910 2890 Deinde,
1946 2837 2040 2877 ac-

450 2923 735 2980 cusatione
786 2920 940 2994 gravi
978 2919 1195 2975 divinas
1230 2917 1382 2991 leges
1437 2912 1911 2972 contemnentium
1947 2910 2038 2965 in-

452 3018 701 3089 teriecta,
741 3030 864 3086 qua:
901 3012 1287 3085 praedictiones
1317 3026 1384 3067 ex
1409 3010 1524 3066 Deo
1544 3007 1677 3073 sint,
1708 3020 1900 3077 quaeve
1926 3019 2039 3060 non
2068 3044 2113 3106 Ο

382 3160 393 3167 ,
450 3109 582 3173 sint,
612 3116 871 3178 tanquam
897 3105 1124 3162 evidens
1145 3103 1411 3160 indicium
1435 3100 1616 3167 aﬂ‘ert,
1638 3098 1812 3169 ipsam
1841 3111 2040 3167 nempe

454 3201 757 3257 veritatem.
791 3198 882 3255 Ait
922 3198 1073 3254 enim
1104 3198 1307 3253 iterum
1350 3214 1361 3247 :
1404 3214 1421 3246 ι
1462 3192 1773 3262 Propheta,
1827 3189 1887 3245 in
1930 3203 2040 3260 quo

449 3304 535 3351 est
566 3295 864 3360 somnium,
914 3299 971 3347 et
1026 3291 1082 3345 in
1112 3304 1221 3360 quo
1260 3296 1346 3344 est
1389 3301 1574 3342 sermo
1625 3298 1818 3349 meus,
1850 3287 2041 3337 narret

450 3388 681 3444 verbum
710 3401 893 3441 meum
916 3383 973 3439 in
990 3383 1231 3439 veritate
1258 3380 1323 3434 ³³.
1362 3399 1381 3432 ›
1420 3378 1579 3443 Nam,
1613 3377 1660 3432 si
1691 3372 1825 3447 quid
1860 3372 2039 3428 visum

451 3480 619 3537 luerit
656 3496 687 3535 a
715 3478 949 3536 veritate
987 3476 1341 3545 discrepare,
1378 3469 1512 3525 illud
1543 3469 1723 3539 ipsum
1771 3463 2037 3521 continuo

451 3587 611 3628 suum
657 3579 941 3642 parentem
970 3577 1141 3638 atque
1194 3573 1474 3620 auctorem
1537 3574 1661 3615 esse
1712 3557 2036 3613 mendacem

454 3662 648 3732 prodet
672 3702 687 3725 ,
723 3669 781 3715 et
804 3677 837 3715 a
862 3675 963 3715 suo
984 3658 1160 3714 corde
1206 3657 1544 3726 loquentem,
1573 3666 1683 3706 non
1708 3666 1777 3718 ex
1801 3664 1897 3705 ore
1930 3649 2039 3705 Do-

453 3753 610 3828 mini,
635 3752 778 3807 sicut
798 3750 1066 3821 scriptum
1088 3758 1194 3804 est.

519 3843 716 3901 PALL.
775 3843 1031 3900 Placetne
1091 3839 1320 3910 aliquid,
1376 3838 1523 3910 quod
1585 3834 1898 3891 necessario
1964 3833 2035 3889 sit

455 3937 830 4009 quterendum,
858 3947 1267 4006 proponamus;
1303 3947 1372 3987 an
1394 3931 1449 3986 id
1488 3930 1718 3985 missum
1734 3926 2030 3989 faciamus,

453 4046 516 4085 ac
537 4030 719 4101 potius
738 4042 1029 4101 pergamus
1045 4041 1156 4097 quo
1176 4040 1275 4082 nos
1296 4034 1388 4080 tua
1406 4024 1628 4079 duxerit
1644 4021 1861 4079 oratio?

519 4121 677 4177 CYR.
709 4122 896 4191 Atqui,
918 4119 1149 4185 Palladi,
1172 4134 1294 4191 quas
1312 4118 1380 4174 ad
1403 4118 1700 4174 utilitatem
1722 4116 2032 4173 necessaria

452 4225 600 4279 sunt,
622 4229 730 4268 non
759 4213 814 4266 in
838 4213 1082 4270 minimis
1094 4211 1350 4267 ducimus
1372 4230 1384 4264 :
1410 4211 1596 4281 itaque
1619 4208 1990 4265 minusliberc
2014 4248 2029 4272 ,

452 4309 495 4361 si
517 4307 648 4378 quid
669 4306 918 4361 videatur
943 4304 1214 4377 proferre,
1237 4303 1494 4375 equidem
1515 4299 2032 4373 reprehendendum

2145 1816 2369 1889 Κύριος,
2390 1819 2447 1871 ἐν
2471 1817 2698 1889 ἀσεϐείᾳ
2724 1817 2986 1889 ἐλάλησεν
3010 1819 3039 1872 ό
3077 1818 3386 1890 προφήτης,
3408 1818 3510 1873 οῦκ
3535 1818 3729 1889 ἀφέξε-

2147 1909 2239 1964 σθε
2270 1910 2367 1963 ἀπ’
2390 1908 2575 1965 αὑτοῦ.
2610 1928 2629 1961 ι
2652 1908 2897 1972 ’Λκούεις
2925 1909 3006 1963 ὅτι
3030 1908 3130 1973 τὰς
3156 1911 3214 1963 ἐν
3245 1911 3358 1973 τοῖς
3384 1926 3730 1982 προηγορευ-

2148 2002 2328 2073 μένοις
2362 2002 2686 2070 ἀποτεύξεις
2735 2001 3014 2066 ἀπόδειξιν
3050 2001 3274 2057 ἔσεσθαί
3318 2020 3483 2073 φησιν
3519 2003 3728 2075 ἐναργῆ

2142 2093 2238 2146 τοῦ
2275 2092 2350 2165 μὴ
2396 2095 2459 2147 ἐκ
2503 2093 2641 2147 Θεοῦ
2702 2093 3247 2165 κεχρησμοδοτῆσθαί
3297 2111 3384 2160 τις
3433 2094 3579 2163 φιλεῖ
3619 2095 3730 2164 γὰρ

2144 2186 2406 2258 ἀλήθειαν
2465 2187 2498 2254 ἠ
2553 2184 2800 2256 ἀλήθεια.
2856 2183 3110 2239 Τοιοῦτόν
3171 2184 3227 2238 τί
3285 2202 3422 2257 φησι
3488 2184 3579 2239 διὰ
3629 2186 3730 2256 τῆς

2160 2278 2423 2351 Ἰερεμίου
2457 2277 2663 2348 φωνῆς’
2704 2295 2723 2329 ι
2775 2275 2909 2340 Θεὸς
2949 2275 3183 2346 ἐγγίζων
3226 2276 3338 2346 ἐγώ
3384 2277 3535 2349 είμι,
3578 2277 3729 2346 λέγει

2143 2369 2376 2443 Κύριος,
2406 2370 2501 2423 καὶ
2538 2369 2661 2441 οὐχὶ
2685 2368 2819 2433 Θεὸς
2847 2367 3153 2440 πόρρωθεν·
3184 2371 3235 2424 εἰ
3265 2370 3601 2441 κρυϐήσεται
3631 2370 3729 2424 ἄν·

2144 2462 2361 2535 θρωπος
2403 2465 2460 2517 ἐν
2508 2461 2827 2534 κρυφαίοις,
2861 2463 2956 2516 καὶ
2986 2461 3098 2531 ἐγὼ
3140 2463 3242 2517 οὐκ
3281 2462 3483 2533 ὄψομαι
3521 2464 3726 2529 αὑτόνς

2143 2551 2235 2623 Μὴ
2259 2552 2381 2623 οὐχὶ
2400 2551 2492 2605 τὸν
2519 2551 2579 2604 οῦ
2591 2551 2751 2622 ρανδν
2782 2552 2877 2605 καὶ
2919 2550 3019 2622 τὴν
3050 2551 3153 2623 γῆν
3184 2550 3296 2620 ἐγὼ
3321 2551 3550 2623 πληρῶ;
3578 2552 3729 2620 λέγει

2143 2645 2369 2717 Κύριος.
2410 2645 2671 2698 Ἤκουσα
2718 2642 2757 2698 ἃ
2800 2642 3053 2698 λαλοῦσιν
3087 2644 3136 2698 oi
3178 2643 3490 2716 προφῆται,
3525 2643 3562 2698 ὃ.
3593 2661 3732 2713 προσ

2142 2736 2470 2810 φητεῦουσιν
2499 2737 2548 2791 οἱ
2581 2736 2858 2809 προφῆται
2889 2738 2949 2793 ἐν
2979 2736 3058 2810 τῷ
3083 2737 3311 2808 ὀνόματί
3342 2754 3446 2807 μου
3475 2735 3669 2809 ψευδῆ.
3701 2756 3722 2788 ι

2144 2822 2280 2882 Εἶτα
2318 2826 2408 2883 διὰ
2458 2829 2627 2899 μέσου
2662 2829 2789 2892 τοὺς
2819 2826 2929 2882 τῶν
2961 2827 3120 2882 θείων
3154 2827 3335 2899 νόμων
3378 2831 3727 2901 καταφρονήο

2145 2938 2347 2987 σαντας
2400 2922 2866 2995 ἐπαιτιασάμενος
2935 2924 2995 2978 οὐ
3055 2922 3299 2995 μικρῶς,
3361 2923 3568 2995 ἐναργῆ
3626 2923 3729 2994 τὴν

2143 3013 2422 3081 ἀπόδειξιν
2454 3015 2563 3069 τῶν
2584 3032 2643 3069 τε
2676 3015 2743 3069 ἐκ
2771 3011 2910 3069 Θεοῦ
2938 3015 3033 3069 καὶ
3075 3014 3152 3087 μὴ
3176 3056 3194 3084 ,
3229 3014 3413 3071 δίδωσι
3458 3015 3559 3087 τὴν
3591 3015 3727 3084 ἀλή-

2149 3109 2320 3166 θειαν.
2358 3109 2504 3180 Ἔφη
2549 3109 2657 3181 γὰρ
2699 3107 2895 3163 πάλιν*
2937 3125 2957 3158 ι
3011 3106 3070 3160 '0
3102 3108 3427 3181 προφήτης,
3482 3109 3544 3162 ἐν
3586 3100 3631 3175 ᾧ
3665 3108 3728 3160 τδ

2147 3201 2396 3254 ἐνύπνιον
2429 3198 2597 3254 αὑτοῦ
2618 3240 2633 3265 ,
2662 3202 2756 3253 καὶ
2787 3202 2845 3278 ἐν
2887 3192 2933 3268 ᾧ
2973 3200 3002 3252 ό
3040 3199 3199 3269 λόγος
3232 3216 3333 3271 μου
3361 3198 3499 3273 πρὸς
3537 3198 3723 3263 αὑτὸν,

2145 3293 2498 3367 διηγησάσθω
2526 3293 2619 3350 τὸν
2640 3293 2797 3363 λόγον
2823 3310 2926 3365 μου
2949 3294 3035 3347 ἐπ’
3061 3292 3345 3363 ἀληθείας.
3390 3312 3408 3345 ι
3451 3292 3540 3357 Ὦς
3565 3294 3728 3365 εἴπερ

2144 3403 2196 3441 τι
2232 3387 2477 3457 φαίνοιτο
2510 3386 2612 3457 τῆς
2647 3384 2910 3455 ἀληθείας
2946 3384 3301 3457 ἡμαρτηκδς,
3334 3384 3624 3450 ἐκδείξειεν
3658 3385 3731 3440 ἂν

2145 3479 2278 3533 αὐτὸ
2327 3479 2489 3544 εὐθὺς
2518 3477 2789 3550 ψευδοεπῆ
2834 3477 2927 3532 τόν
2952 3478 3288 3549 γεννήτορα,
3342 3478 3438 3532 καὶ
3468 3477 3579 3532 ἀπὸ
3625 3478 3729 3547 τῆς

2145 3570 2339 3627 ἐαυτοῦ
2392 3570 2659 3627 λαλοῦντα
2710 3570 2972 3645 καρδίας,
3012 3570 3114 3625 οῦκ
3154 3570 3261 3625 ἀπὸ
3298 3570 3566 3642 στόματος
3609 3572 3727 3626 Κυ-

2147 3662 2263 3734 ρίου
2282 3705 2297 3729 ,
2329 3663 2474 3718 καθὰ
2505 3663 2835 3737 γέγραπται.

2214 3842 2424 3897 ΠΑΛΛ.
2471 3842 2660 3896 Βούλει
2705 3860 2757 3896 τι
2799 3841 2984 3914 θῶμεν
3018 3841 3128 3897 τῶν
3152 3842 3478 3912 ,ἀναγκαίων
3510 3841 3593 3906 είς
3624 3840 3726 3912 βά-

2145 3956 2332 4005 σανον,
2367 3938 2400 4010 ἦ
2429 3937 2697 4011 παρέντες
2733 3938 2903 4010 ίωμεν
2923 3977 2939 4003 ,
2963 3932 3110 4012 ᾗπερ
3137 3937 3203 3992 ἂν
3227 3937 3259 3990 ό
3288 3936 3379 4001 σὸς
3412 3936 3559 4008 ἡμᾶς
3581 3935 3721 3991 ἀπο-

2143 4032 2347 4105 κομίσῃ
2379 4030 2538 4100 λόγος
2554 4047 2569 4096 ;

2212 4125 2377 4180 ΚΥΡ.
2424 4124 2535 4180 Καὶ
2572 4124 2713 4196 μὴν,
2744 4117 2789 4178 ὦ
2824 4122 3114 4188 Παλλάδιε,
3148 4122 3257 4177 τῶν
3287 4120 3603 4191 ἀναγκαίων
3636 4122 3723 4184 είς

2141 4218 2325 4289 ὄνησιν
2356 4217 2416 4271 οὐ
2447 4214 2654 4288 βραχὺς
2687 4218 2824 4289 ἡμῖν
2847 4217 2877 4270 ό
2906 4215 3084 4285 λόγος·
3116 4214 3192 4279 ὡς
3223 4215 3287 4269 τό
3315 4230 3399 4268 τοι
3431 4213 3507 4286 μὴ
3552 4215 3724 4284 φάναι

2139 4307 2200 4361 τὸ
2240 4309 2430 4363 δοκοῦν
2475 4308 2778 4391 ἐλευθέρως
2824 4308 3258 4379 ἐπαιτιασαίμην
3308 4307 3409 4374 ἂν,
3446 4308 3539 4362 καὶ
3574 4305 3726 4377 μάλα

454 4412 671 4471 putem;
697 4398 861 4469 idque
876 4398 1000 4467 jure
1013 4397 1240 4468 optimo.
1265 4394 1634 4461 Quamobrem
1659 4392 1798 4446 nihil
1817 4390 2034 4445 veritus

2153 4398 2384 4464 εἰκότως⁸
2421 4398 2596 4471 φράζε
2625 4399 2689 4470 δὴ
2711 4390 2804 4454 οῦν
2827 4400 3065 4472 ὀκνήσας
3087 4398 3258 4455 οὐδέν.

451 4494 562 4557 ilic,
587 4493 632 4547 si
653 4492 786 4562 quid
823 4492 980 4545 velis.

508 4585 718 4640 'PALL.
742 4583 798 4638 Si
821 4597 929 4636 non
951 4581 1019 4635 ab
1040 4595 1135 4634 ore
1159 4578 1391 4633 Domini
1416 4578 1720 4647 loquuntur
1756 4577 2029 4641 nonnulli,

450 4675 542 4731 sed
580 4682 853 4735 eructant,
892 4680 954 4726 ut
982 4670 1081 4732 ais,
1105 4668 1173 4723 de
1203 4668 1370 4723 corde
1390 4683 1532 4733 suo;
1568 4682 1811 4738 quonam
1859 4666 2028 4739 igitur

452 4767 614 4819 modo
644 4774 895 4820 sanctum
936 4760 1270 4825 Samuelem,
1311 4761 1697 4832 quamvisjam
1727 4770 2027 4824 mortuum,

451 4854 771 4925 l’ythonissa
820 4853 909 4907 illa
944 4850 1145 4906 mulier
1208 4850 1276 4906 ad
1315 4850 1445 4907 Saul
1483 4850 1775 4923 produxit,
1816 4851 1911 4923 qui
1952 4851 2030 4905 illi

452 4961 634 5002 rerum
677 4946 987 5001 futurarum
1022 4944 1230 5000 exitum
1268 4945 1599 5015 exponeret?
1637 4943 1764 5000 Haec
1782 4944 1929 4999 enim
1955 4944 2035 4999 sic

452 5051 571 5090 esse
592 5048 762 5107 gesta,
784 5052 962 5107 neque
980 5036 1139 5093 aliter
1160 5037 1450 5101 accidisse,
1475 5036 1699 5107 quidam
1723 5046 1935 5107 putant.

514 5211 832 5269 CYR.Num
854 5223 912 5270 tu
933 5229 1151 5285 quoque
1169 5230 1281 5270 non
1302 5215 1378 5271 ita
1397 5230 1454 5270 se
1475 5231 1588 5271 rem
1613 5215 1817 5272 habere
1838 5227 1998 5287 putas
2014 5258 2027 5282 ,

453 5306 507 5358 in
531 5317 706 5374 eoque
728 5305 933 5361 rectius
946 5305 1227 5362 existimas
1246 5323 1260 5360 :
1279 5322 1346 5361 an
1365 5305 1595 5363 ridicule
1616 5308 1750 5380 justi
1774 5309 1879 5364 viri
1907 5310 2028 5367 ani-

455 5408 599 5450 mam
652 5408 846 5450 revera
894 5406 1139 5453 coactam
1200 5413 1323 5455 esse
1376 5397 1553 5464 dicis,
1591 5411 1648 5456 et
1705 5402 2027 5460 muliercula

452 5497 681 5543 vocante
704 5488 952 5545 venisse?

2212 4578 2421 4633 ΠΑΛΛ.
2447 4577 2511 4631 El
2543 4577 2618 4651 μὴ
2645 4577 2755 4633 ἀπὸ
2785 4578 3051 4647 στόματος
3072 4577 3277 4649 Κυρίου
3302 4575 3524 4629 λαλοῦσί
3548 4592 3722 4642 τινες,

2142 4670 2457 4742 ἐρεύγονται
2487 4669 2576 4735 δὲ,
2612 4669 2690 4734 ὡς
2740 4668 2880 4741 φὴς,
2912 4671 2983 4726 τὰ
3026 4669 3138 4724 ἀπὸ
3183 4668 3448 4740 καρδίας,
3494 4668 3618 4721 τίνα
3650 4667 3723 4740 δὴ

2141 4762 2342 4835 τρόπον
2372 4761 2464 4815 καί
2513 4777 2595 4815 τοι
2637 4761 2910 4817 τεθνεῶτα
2950 4762 3041 4816 τὸν
3075 4760 3230 4831 ἅγιον
3263 4758 3515 4831 Σαμουὴλ
3553 4760 3587 4829 ἠ
3625 4760 3721 4827 ἐγ-

2142 4853 2515 4926 γαστρίμυθος
2569 4853 2754 4925 ἐκείνη
2805 4853 2944 4926 γυνὴ
2994 4853 3337 4926 παρεκόμισε
3384 4851 3465 4923 τῷ
3516 4851 3716 4914 Σαοὺλ,

2139 4946 2200 4999 τὸ
2246 4947 2356 4999 τῶν
2396 4944 2672 5017 ἐσομένων
2718 4946 2865 5017 αὐτῷ
2912 4944 3278 5017 σαφηνιοῦντα
3321 4943 3529 5016 πέρας;
3561 4944 3723 4997 ταυτὶ

2138 5034 2247 5106 γὰρ
2281 5027 2383 5088 ὧδε
2432 5033 2784 5107 πεπρᾶχθαι,
2817 5036 2911 5089 καὶ
2943 5036 3043 5106 οὐχ
3089 5033 3293 5104 ἑτέρως
3324 5032 3472 5104 ἔχειν
3513 5031 3722 5087 οἴονταί

2136 5144 2299 5191 τινες.

2206 5220 2371 5274 ΚΥΡ.
2416 5222 2530 5274 Οίει
2578 5219 2635 5274 δέ
2684 5220 2850 5285 αὐτὸς
2892 5221 2990 5292 οὐχ
3033 5214 3138 5274 ὧδε
3185 5220 3367 5292 ἔχειν,
3411 5224 3506 5278 καὶ
3547 5224 3724 5292 λογιεί

2135 5311 2295 5366 τοῦτο
2344 5313 2603 5384 ἄμεινον,
2648 5314 2817 5385 ἤγουν
2862 5313 3161 5385 φληνάφως
3214 5316 3316 5388 τὴν
3366 5315 3460 5369 τοῦ
3504 5314 3721 5370 δικαίου

2134 5404 2314 5475 ψυχὴν
2345 5404 2697 5460 ἐκϐεὸιάσθαι
2725 5406 2832 5480 φὴς
2864 5407 3005 5463 κατὰ
3029 5407 3092 5461 τὸ
3117 5406 3338 5479 ἀληθὲς,
3371 5407 3466 5464 καὶ
3489 5407 3717 5477 γυναίου

2136 5495 2430 5562 καλοῦντος
2455 5498 2670 5567 ἐλθεῖν;
3034 5500 3047 5503 ⁴
3322 5499 3331 5503 ’
3624 5520 3631 5526 -

539 5668 591 5701 ’⁸
622 5668 783 5723 Deut.
824 5672 1099 5731 xvm.‘2l,
1135 5674 1223 5728 22.
1305 5674 1485 5729 "Jer.
1508 5688 1667 5740 xxm,
1694 5675 1885 5736 25-25.
1964 5679 2010 5712 ’³
2039 5677 2175 5735 ibid.
2202 5678 2291 5733 28.
