3990 6196
285 317 393 377 433
786 308 825 335 ’

1008 325 1099 383 DE
1135 323 1580 391 ADORATIONE,
1617 328 1684 383 ΙΝ
1724 328 1994 385 SPIRITU
2035 329 2122 383 ET
2164 329 2529 384 VERITATE.
2576 329 2702 383 LIB.
2744 327 2834 386 Vl.

3436 331 3540 389 451

356 432 563 488 ΠΑΛΔ.
756 414 822 489 ἀν
867 435 1047 510 ἔχοιμι
1098 440 1285 510 σαφῶς
1332 442 1528 495 εἰπεῖν.
1580 439 1863 504 Ἐνδείξειε

2042 440 2236 495 PALL.
2272 437 2558 510 Equidem
2602 447 2948 511 compertum
2997 456 3104 493 non
3165 440 3343 496 habeo
3413 440 3548 511 quid

288 524 330 578 δ’
348 523 439 592 ἄν,
471 520 627 596 οἶμαί
655 544 779 593 που,
810 529 870 583 τὸ
898 529 1117 601 ἀληθὲς,
1145 533 1180 604 ἠ
1204 532 1460 603 βάσανος.

356 703 523 758 ΚΥΡ.
567 698 641 759 Εὖ
688 703 844 777 ἔφης.
892 705 1102 761 Οὐκοῦν
1149 709 1328 762 ἐκεῖνο
1376 706 1469 762 καὶ
1517 706 1622 779 πρό
1664 724 1728 777 γε
1758 706 1867 760 τῶν

285 795 468 850 ἄλλων
517 796 1085 869 πολυπραγμονείσθω
1126 800 1298 866 τέως,
1333 801 1565 871 πότερον
1611 799 1702 854 διὰ
1733 798 1868 854 Θεοῦ

282 887 868 961 πολυπραγμονοῦνται
896 893 987 947 καὶ
1014 895 1396 966 τερατεύονται
1427 893 1524 947 καὶ
1561 892 1869 964 ἀποπεραί⁶

280 996 441 1035 νουσι
478 984 658 1050 ταυτὶ,
688 985 857 1056 ἤγουν
884 984 974 1039 διὰ
1013 986 1269 1058 πονηρῶν
1302 987 1633 1059 πνευμάτων
1661 980 1742 1051 οἷς
1777 1002 1872 1058 με·

279 1067 417 1142 λέτη
447 1070 511 1124 τὺ
547 1073 909 1146 ἐπιτήδευμα.

357 1165 572 1221 ΠΑΛΛ.
622 1167 732 1225 Καὶ
776 1167 860 1232 τίς
891 1168 957 1224 ἀν
984 1171 1064 1235 είς
1111 1170 1271 1225 τοῦτο
1320 1171 1599 1246 λογισμῶν
1643 1174 1874 1240 ἀτοπίας

281 1251 543 1321 ἀφίκοιτο
568 1253 658 1319 ἂν,
684 1254 761 1319 ὡς
788 1256 997 1311 οῖεσθαι
1023 1257 1113 1313 διὰ
1141 1259 1278 1313 θεοῦ
1301 1260 1701 1331 τερατεύεσθαι
1717 1264 1875 1317 ταυτὶ

282 1344 670 1415 νεκρομάντας
701 1364 760 1401 τε
792 1349 886 1401 καὶ
922 1350 1400 1424 ἐγγαστριμύθους
1428 1353 1526 1407 καὶ
1553 1354 1872 1423 ἐπαοιδούς;

282 1436 750 1509 Διαμεμνήσομαι
801 1438 910 1513 γὰρ
962 1442 1057 1495 τοῦ
1109 1442 1276 1514 νόμου
1300 1483 1316 1509 ,
1367 1445 1568 1509 παντὸς
1619 1446 1874 1518 ἑλομένου

281 1526 450 1582 τοῦτο
487 1530 624 1602 δρᾷν
669 1533 861 1605 ποινὴν
900 1532 1284 1606 καθορίζοντος
1313 1536 1414 1608 τὴν
1448 1538 1704 1608 ἐσχάτην.
1742 1535 1878 1593 Εἶτα

282 1620 412 1686 πῶς
438 1624 543 1676 οὐκ
566 1624 921 1696 ἀπόπληκτον
958 1626 1162 1680 ἐννοεῖν
1183 1669 1200 1694 ,
1226 1627 1320 1681 τὸν
1346 1627 1565 1701 θανάτῳ
1592 1630 1877 1685 καταδεδι-

282 1714 589 1784 κασμένον,
625 1715 727 1769 οὐκ
773 1715 1002 1788 ἀπᾴδειν
1035 1716 1203 1789 Sed);
1228 1718 1305 1772 Οὐ
1327 1720 1438 1792 γάρ
1481 1737 1568 1774 πω
1600 1722 1711 1786 τοῖς
1748 1724 1879 1777 ἐαυ-

280 1805 385 1860 τοῦ
414 1806 769 1879 διαμαχεῖται
800 1809 1005 1881 νόμοις.

358 1898 531 1954 ΚΥΡ.
559 1899 794 1972 Ἀριστα
821 1901 1028 1975 διανοῇ..
1061 1903 1173 1969 Τὰς
1223 1904 1281 1959 δὲ
1324 1905 1432 1961 τῶν
1474 1906 1648 1976 ἀγίων
1696 1907 1877 1980 ψυχὰς

283 1987 567 2058 σωμάτων
623 1989 1051 2063 ἀπηλλαγμένας
1115 1996 1490 2067 παρερῤίφθαι
1541 1997 1876 2069 νομιοῦμεν,

283 2077 387 2131 καὶ
414 2077 576 2147 λόγου
615 2079 715 2151 μὲν
745 2079 1029 2157 ἀξιοῦσθαι
1061 2083 1312 2156 μηδενὸς,
1342 2087 1501 2156 ἥκειν
1533 2086 1589 2140 δὲ
1615 2086 1714 2159 ήδη
1744 2088 1883 2160 πρὸς

285 2169 457 2224 τοῦτο
488 2171 890 2244 ταλαιπωρίας,
917 2173 993 2238 ὡς
1016 2176 1111 2230 καὶ
1138 2179 1398 2249 πονηροῖς
1426 2178 1523 2233 καὶ
1548 2176 1881 2251 ἀκαθάρτοις

287 2263 625 2319 ὑποκεῖσθαι
682 2266 995 2337 πνεύμασι,
1046 2268 1143 2323 καὶ
1194 2268 1533 2341 ἀνεθελήτως
1565 2271 1880 2326 ἀκολουθεῖν

291 2356 727 2428 περιτρέπουσιν
769 2357 1008 2423 εὐκόλως
1030 2354 1194 2432 οἷπερ
1216 2357 1282 2414 ἂν
1311 2358 1518 2414 ἕλοιντο
1547 2361 1728 2433 τυχόν.
1754 2361 1884 2416 Καί-

289 2462 376 2501 τοι
410 2447 474 2501 τὸ
513 2448 617 2519 τῆς
653 2448 1081 2521 ’Δποκαλύψεως
1123 2450 1329 2521 βιϐλίον
1368 2453 1502 2524 ἡμῖν
1546 2453 1818 2518 συντιθεὶς
1854 2453 1884 2506 ό

293 2540 462 2608 σοφὸς
507 2541 791 2614 Ἰωάννης,
827 2543 856 2596 ὂ
883 2543 979 2597 καὶ
999 2545 1127 2608 ταῖς
1154 2544 1263 2600 τῶν
1290 2546 1558 2620 Πατέρων
1592 2546 1883 2620 τετίμηται

291 2631 523 2702 ψήφοις.
562 2634 663 2697 τὰς
709 2634 819 2688 τῶν
866 2635 1040 2705 ἁγίων
1085 2636 1265 2708 ψυχὰς
1313 2639 1407 2693 ὑπ’
1453 2638 1584 2693 αὐτὸ
1634 2639 1695 2692 τὸ
1741 2639 1885 2693 θεῖον

293 2722 594 2779 τεθεᾶσθαι
625 2725 1015 2798 θυσιαστήριον
1035 2768 1051 2795 ,
1073 2727 1447 2783 διεϐεϐαιοῦτο
1477 2729 1661 2799 σαφῶς
1681 2770 1694 2784 .
1724 2730 1785 2784 Εί
1829 2730 1887 2783 δὲ

300 2813 396 2870 δαὶ
430 2815 491 2882 ἐξ
541 2816 723 2870 αὐτῶν
758 2817 981 2872 ἕλκουσι
1023 2817 1134 2873 τῶν
1176 2819 1291 2874 ἀνω
1337 2819 1546 2890 μονῶν,
1581 2821 1676 2874 καὶ
1702 2821 1888 2876 τόπων

296 2904 475 2970 αὐτὰς
544 2904 654 2960 τῶν
721 2907 1033 2978 ίερωτάτων
1086 2909 1549 2981 κατακομίζουσιν
1623 2910 1886 2981 ἀφειδῶς,

1972 530 2184 597 dicam;
2232 531 2347 596 sed,
2377 532 2480 585 nisi
2521 532 2698 596 fallor,
2739 532 2872 602 quid
2901 549 3091 587 verum
3124 534 3215 597 sit,
3247 532 3550 589 declarabit

1972 623 2277 693 inquisitio.
2581 612 2633 699 ἐ

2039 714 2195 769 CYR.
2234 715 2404 770 Recte
2428 714 2585 770 dicis.
2606 715 2776 786 igitur
2799 716 2932 770 illud
2961 728 3086 771 ante
3126 717 3229 771 alia
3262 715 3553 786 diligenter

1975 804 2199 861 interim
2230 806 2645 877 investigemus,
2678 817 2865 862 utrum
2882 807 2981 863 Dei
3010 824 3241 863 munere
3271 809 3390 863 haec
3422 821 3553 878 por-

1974 909 2123 956 tenta
2165 898 2333 954 edant
2383 909 2547 969 atque
2589 897 2844 964 eﬂiciant,
2895 901 2991 970 qui
3039 901 3352 972 huiusmodi
3391 901 3558 955 rebus

1975 991 2218 1058 student,
2261 1005 2329 1045 an
2367 989 2640 1045 malorum
2680 990 2975 1061 spirituum
3006 1006 3189 1061 opera.

2046 1166 2242 1221 PALL.
2278 1164 2413 1233 Quis
2432 1179 2563 1219 vero
2585 1164 2652 1219 ad
2686 1174 2794 1220 tam
2818 1165 3032 1235 ineptas
3054 1164 3413 1236 cogitationes
3433 1180 3560 1235 per-

1975 1254 2180 1320 veniat,
2219 1264 2279 1310 ut
2314 1254 2614 1310 arbitretur
2638 1255 2747 1310 Dei.
2771 1270 2939 1325 opera
2970 1264 3233 1326 portenta
3246 1256 3365 1311 haec
3398 1256 3563 1310 edere

1978 1357 2384 1413 necromantas,
2437 1359 2495 1404 et
2532 1350 2823 1421 pythones,
2864 1360 2920 1406 et
2956 1348 3377 1405 incantatores?
3426 1348 3563 1404 Nam

1978 1450 2168 1496 contra
2184 1441 2628 1496 commemorabo
2655 1442 2833 1512 legem
2862 1458 2987 1512 qua:
3012 1441 3343 1512 supplicium
3380 1449 3565 1496 extre-

1980 1549 2133 1588 mum
2173 1532 2441 1598 decernit,
2485 1533 2741 1604 quisquis
2778 1534 2896 1589 haec
2952 1533 3133 1589 facere
3173 1548 3340 1587 ausus
3377 1533 3563 1589 fuerit.

1979 1627 2145 1697 Atqui
2170 1626 2445 1697 quomodo
2466 1640 2577 1681 non
2601 1626 2878 1682 dementia
2909 1626 2979 1682 sit
3011 1626 3252 1698 cogitare
3300 1640 3426 1680 cum
3471 1626 3564 1695 qui

1980 1717 2177 1788 capitis
2225 1715 2647 1782 condemnetur,
2692 1717 2805 1771 Deo
2849 1731 2959 1771 non
3009 1715 3337 1786 displicere?
3377 1715 3567 1784 Neque

1910 1801 1951 1858 Β
1980 1809 2129 1864 enim
2158 1808 2249 1864 ille
2286 1823 2411 1863 eum
2434 1808 2560 1885 suis.
2597 1808 2811 1880 legibus
2834 1823 3077 1880 pugnare
3109 1805 3416 1863 censendus
3462 1815 3565 1861 est.

2044 1900 2207 1971 188
2218 1899 2377 1956 CVR.
2390 1898 2608 1973 Optime
2629 1900 2992 1957 ratiocinaris.
3006 1900 3124 1955 Jam
3140 1898 3388 1955 veroisto
3407 1897 3569 1951 modo

1986 2002 2304 2048 sanctorum
2321 1992 2567 2047 virorum
2590 1992 2820 2058 animas,
2843 2006 2965 2062 quae
2989 2006 3020 2047 e
3040 1989 3366 2061 corporibus
3376 2002 3567 2043 exces-

1981 2090 2194 2146 serunt,
2227 2090 2571 2151 contemptas
2603 2096 2725 2137 esse
2757 2082 3097 2152 putabimus,
3122 2095 3302 2151 neque
3334 2078 3444 2134 ullo
3469 2093 3572 2132 nu-

1983 2188 2136 2228 mero
2152 2172 2366 2238 haberi,
2398 2182 2564 2244 atque
2614 2172 2753 2228 adeo
2773 2173 2831 2226 in
2854 2187 2951 2226 eas
2974 2172 3226 2227 miserias
3255 2170 3567 2242 pervenire,

1984 2277 2045 2323 ut
2070 2267 2237 2322 etiam
2262 2281 2501 2337 nequam
2544 2264 2833 2337 spiritibus
2854 2264 3117 2336 subjecta:
3154 2265 3284 2330 sint,
3306 2274 3362 2320 et
3388 2263 3572 2319 invitae

1985 2369 2288 2430 sequantur
2316 2374 2434 2425 eos,
2466 2373 2798 2431 quocunque
2843 2357 2924 2412 illi
2958 2357 3255 2421 voluerint,
3283 2356 3437 2411 nullo
3470 2370 3571 2410 ne-

1984 2450 2134 2522 gotio
2182 2449 2659 2506 circumferentes.
2705 2448 2873 2520 Atqui
2920 2449 3163 2505 Joannes
3200 2447 3290 2503 ille
3329 2447 3569 2518 sapiens,

1985 2542 2081 2613 qui
2124 2540 2483 2613 Apocalypsis
2528 2540 2776 2596 libellum
2821 2538 3173 2610 conscripsit,
3206 2537 3303 2609 qui
3344 2537 3570 2593 Patrum
3680 2550 3683 2553 ·

1982 2632 2196 2705 judicio
2238 2632 2635 2703 comprobatus
2680 2640 2785 2698 est,
2837 2638 3158 2688 sanctorum
3208 2628 3419 2685 animas
3467 2627 3571 2683 sub

1988 2727 2109 2798 ipso
2131 2727 2226 2782 Dei
2252 2726 2495 2783 altarise
2535 2727 2909 2799 conspexisse,
2957 2732 3147 2796 aperte
3189 2722 3479 2780 confirmat
3498 2722 3568 2775 ’⁸.

1988 2817 2145 2885 Quod
2190 2818 2236 2873 si
2260 2834 2355 2874 eas
2378 2833 2447 2874 ex
2490 2818 2600 2875 illis
2629 2832 2850 2889 quoque
2894 2814 3153 2888 supernis
3194 2813 3576 2871 mansionibus

1990 2913 2237 2978 trahunt,
2265 2919 2322 2968 et
2341 2911 2411 2967 de
2436 2911 2823 2980 sacratissimis
2868 2908 3009 2966 locis
3048 2908 3308 2965 deferunt
3353 2922 3572 2973 secure,

301 2996 667 3068 ἀπείργοντος
693 2998 907 3063 οὐδενὸς
929 3038 943 3064 ,
971 2998 1203 3071 βάσιμος
1242 3001 1341 3073 μὲν
1365 2999 1537 3055 ἀπασι
1558 3004 1670 3066 τοῖς
1701 3002 1885 3074 δαιμο-

1992 3005 2214 3060 nemine
2255 3003 2608 3076 prohibente,
2637 3005 2880 3073 primum
2932 3001 3193 3058 omnibus
3220 2999 3445 3070 quidem
3469 2998 3577 3054 dte-

295 3089 438 3151 νίοις
460 3090 488 3142 ὁ
512 3089 774 3159 οὐρανὸς,
810 3090 1126 3161 ἀνοίγνυται
1159 3091 1217 3145 δέ
1243 3090 1384 3147 κατὰ
1423 3092 1487 3145 τὸ
1514 3091 1661 3156 είκδς
1704 3093 1889 3157 αὐτοῖς

297 3182 397 3235 καὶ
444 3182 479 3253 ἡ
524 3177 623 3234 τοῦ
655 3182 987 3255 παραδείσου
1020 3183 1187 3254 πύληο
1222 3186 1546 3255 παραχωρεῖ
1570 3183 1648 3249 δὲ,
1680 3184 1756 3247 ὡς
1781 3185 1888 3238 ἐοι-

297 3292 436 3340 κεν,
466 3274 566 3329 καὶ
609 3276 643 3346 ἡ
673 3274 897 3347 φλογίνη
934 3276 1213 3347 ῥομφαία,
1245 3276 1341 3331 καὶ
1378 3276 1499 3346 οὐχὶ
1538 3276 1639 3347 τῆς
1677 3277 1886 3331 εἰσόδου

298 3365 397 3419 καὶ
427 3366 613 3432 ἐξόδου
640 3367 798 3436 μόνον
826 3367 1030 3431 αὐτοῖς·
1062 3367 1178 3422 ἀλλ’
1213 3369 1263 3421 εί
1293 3366 1567 3437 βούλοιντό
1598 3385 1754 3431 τινας
1793 3370 1889 3422 καὶ

293 3458 407 3511 τῶν
441 3457 578 3512 εἴσω
610 3459 914 3529 γεγονότων
942 3460 1258 3532 ἐκκομίζειν
1287 3461 1353 3515 ἐκ
1391 3460 1726 3534 παρρησίας·
1771 3456 1890 3516 εἶτα

295 3549 422 3619 οὐχὶ
466 3549 532 3622 δὴ
579 3549 740 3605 τοῦτό
791 3550 939 3617 ἐστι,
972 3551 1072 3623 τὴν
1120 3554 1177 3605 ἐν
1222 3552 1446 3624 Χριστῷ
1479 3552 1760 3625 διασύρειν
1789 3552 1881 3605 ἐλ-

296 3643 459 3721 πίδα,
493 3642 594 3696 καὶ
611 3642 923 3715 τρισάθλιον
945 3643 1267 3714 ὑποφαίνειν
1291 3644 1400 3699 τῶν
1420 3644 1890 3717 τεθαυμασμένων

297 3734 395 3787 τὸν
433 3734 550 3805 βίον
569 3752 583 3802 ;

372 3826 590 3881 ΠΛΛΛ.
628 3828 869 3884 Ἔοικεν.

370 3917 546 3973 ΚΥΡ.
580 3920 691 3973 Καὶ
735 3920 843 3993 μὴν
875 3922 976 3976 οὐκ
1006 3922 1352 3995 ἀσυμφανές.
1384 3922 1509 3987 Πῶς
1543 3922 1601 3976 δὲ
1627 3917 1695 3994 ἦν
1733 3922 1893 3995 ἀμει-

302 4024 394 4062 νον
437 4007 520 4078 τῷ
572 4007 863 4083 θαυμασίῳ
914 4011 1141 4084 Παύλῳ,
1190 4011 1254 4065 τὸ
1302 4010 1603 4078 ἀναλῦσαι,
1649 4011 1744 4065 καὶ
1794 4013 1892 4067 σὺν

304 4099 533 4172 Χριστῷ
563 4094 735 4168 sim;
777 4103 842 4156 Εί
873 4103 986 4177 γὰρ
1027 4104 1093 4177 δὴ
1134 4104 1427 4177 μέλλοιμεν
1475 4103 1586 4158 τῶν
1633 4103 1892 4173 ἐπιγείων

302 4194 812 4264 ἀποφοιτήσαντες,
868 4195 964 4249 καὶ
1012 4196 1111 4250 σὺν
1142 4197 1367 4270 Χριστῷ
1412 4198 1731 4267 γεγονότες,
1770 4199 1887 4260 τοῖς

303 4282 710 4354 ἀντικειμένοις
755 4285 1081 4341 ὑποκεῖσθαι
1121 4286 1435 4358 πνεύμασι,
1457 4286 1761 4341 κεκένωται
1795 4286 1893 4359 μὲν

302 4375 339 4445 ﬁ
368 4374 557 4439 πίστις
579 4413 595 4439 ,
627 4375 773 4430 κατά
810 4375 873 4431 τὸ
915 4378 1305 4451 γεγραμμένον
1324 4418 1339 4443 ,
1379 4378 1442 4431 τὸ
1468 4379 1524 4434 δὲ
1553 4380 1808 4451 ἐνδημεῖν
1836 4381 1894 4432 ἐν

1995 3095 2195 3151 moniis
2220 3105 2309 3151 est
2332 3095 2392 3150 in
2414 3096 2615 3151 malum
2641 3110 2915 3160 accessus,
2942 3093 3142 3149 deinde
3166 3092 3364 3148 iisdem
3399 3098 3573 3162 patet,

1994 3195 2056 3241 ut
2090 3201 2435 3257 consequens
2459 3194 2564 3251 est,
2607 3185 2847 3256 paradisi
2886 3187 3085 3257 ianua:
3111 3184 3260 3241 cedit
3308 3193 3576 3255 praaterea

1991 3275 2240 3333 ﬂammea
2264 3277 2356 3332 illa
2395 3277 2742 3351 rhomphaea:
2769 3275 2850 3331 sic
2869 3275 3019 3330 enim
3036 3277 3302 3344 consequi
3328 3273 3571 3335 videtur,

1992 3385 2174 3440 neque
2220 3370 2531 3442 ingressum
2556 3377 2721 3438 atque
2761 3367 2975 3423 exitum
2997 3365 3107 3420 illis
3146 3363 3311 3419 modo
3336 3363 3577 3418 liberum

1992 3461 2235 3531 prabet;
2284 3460 2382 3516 sed
2416 3460 2548 3516 licet
2587 3459 2669 3514 eis
2712 3458 2902 3523 etiam,
2937 3457 2985 3512 si
3006 3455 3196 3521 libeat,
3246 3454 3463 3525 aliquos
3510 3469 3580 3510 eo

1993 3553 2271 3625 ingressos
2294 3552 2533 3608 educere
2564 3570 2577 3606 :
2604 3566 2787 3606 nonne
2816 3564 2950 3622 ergo
2972 3548 3079 3604 hoc
3097 3556 3205 3615 est,
3233 3562 3387 3618 spem
3412 3561 3577 3618 quam

1995 3646 2051 3701 in
2076 3647 2299 3702 Christo
2319 3646 2610 3712 habemus,
2650 3642 2928 3699 irridere?
2961 3651 3018 3699 et
3058 3641 3430 3697 miserrimam
3455 3654 3577 3697 esse

1995 3738 2289 3795 ostendere
2305 3738 2717 3794 admirabilium
2742 3737 2989 3793 virorum
3013 3735 3227 3791 vitam?

2066 3829 2265 3884 PALL.
2292 3830 2370 3884 Ita
2394 3820 2634 3885 videtur.

2066 3920 2226 3978 ΟΥΕ.
2256 3921 2364 3977 Sed
2392 3923 2538 3977 idem
2568 3922 2796 3978 minime
2839 3923 3139 3978 obscurum
3163 3927 3265 3976 est.
3293 3917 3581 3986 Quomodo

1995 4021 2177 4070 autem
2205 4013 2400 4069 melius
2422 4024 2541 4070 erat
2559 4016 2722 4071 beato
2765 4016 2938 4070 Paulo
2966 4014 3190 4079 resolvi,
3223 4022 3281 4069 et
3302 4028 3425 4068 esse
3452 4027 3579 4067 cum

1998 4103 2522 4168 Christo"‘?Nam,
2567 4104 2612 4159 si
2659 4112 2848 4175 postea
2892 4120 3056 4175 quam
3081 4118 3111 4157 e
3149 4102 3385 4159 terrenis
3413 4103 3583 4158 rebus

1995 4192 2423 4258 excesserimus,
2447 4202 2502 4249 et
2526 4209 2653 4249 cum
2678 4192 2902 4249 Christo
2930 4193 3219 4258 fuerimus,
3245 4191 3582 4248 adversariis

1997 4286 2285 4358 spiritibus
2309 4284 2637 4356 subjiciendi
2677 4298 2890 4348 sumus,
2919 4282 3196 4338 exinanita
3227 4292 3311 4338 est
3340 4282 3495 4347 fides,
3521 4289 3584 4336 ut

2000 4377 2264 4448 scriptum
2311 4385 2397 4432 est
2416 4377 2503 4443 ";
2553 4390 2617 4432 ac
2657 4375 2868 4431 versari
2898 4375 2955 4430 in
2987 4388 3241 4444 corpore,
3267 4387 3435 4443 quam
3455 4386 3581 4426 esse

306 4466 546 4539 σώματι,
576 4466 669 4522 τοῦ
687 4470 925 4522 συνεῖναι
946 4466 1190 4541 Χριστῷ,
1214 4470 1322 4532 πᾶς
1339 4486 1426 4534 τις
1454 4463 1569 4536 οῦν,
1594 4465 1770 4543 οἶμαι,
1799 4471 1885 4526 καὶ

1997 4484 2122 4525 cum
2147 4467 2389 4535 Christo,
2412 4467 2614 4539 quivis,
2642 4467 2861 4538 Opinor,
2884 4467 3043 4538 longe
3068 4463 3425 4536 praestantius
3458 4476 3583 4519 esse

304 4558 660 4629 ἀσυγκρίτως
689 4560 991 4629 διενεγκεῖν
1032 4560 1414 4633 ἐπιψηφιεῖται
1443 4560 1629 4617 λοιπὸν
1650 4604 1665 4626 ,
1710 4563 1893 4617 καὶτὸ

305 4650 398 4703 ἐπὶ
432 4649 629 4704 τούτου
663 4650 1140 4724 δυσανεκτότερονο
1169 4651 1250 4707 ἔτι
1287 4652 1385 4724 μὲν
1412 4652 1523 4725 γὰρ
1549 4655 1608 4709 ἐν
1637 4653 1776 4725 τῷδε
1813 4652 1894 4725 τῷ

307 4738 408 4811 βίῳ
458 4740 777 4813 ποιούμενοι
806 4742 907 4806 τὰς
925 4742 1241 4815 διατριϐὰς,
1270 4743 1396 4816 οὐχὶ
1434 4746 1549 4809 τοῖς
1579 4744 1675 4798 τοῦ
1703 4745 1890 4800 διαϐό-

306 4829 400 4884 λου
458 4831 766 4903 θελήμασιν
807 4831 1226 4905 ὑπεζεύγμεθα,
1269 4835 1551 4907 πατοῦμεν
1600 4835 1660 4890 δὲ
1704 4836 1895 4892 ἐπάνω

307 4919 487 4986 όφεων
529 4921 628 4974 καὶ
680 4922 962 4997 σκορπίων
1003 4924 1250 4996 μᾶλλον,
1288 4925 1509 4981 καὶέπὶ
1551 4927 1734 4980 πᾶσαν
1788 4926 1890 4999 τὴν

304 5010 541 5082 δύναμιν
567 5011 662 5067 τοῦ
692 5012 891 5086 ἐχθροῦ
916 5055 931 5080 ,
961 5014 1106 5069 κατά
1135 5015 1360 5088 τὴν-τοῦ
1392 5016 1646 5087 Σωτῆρος
1676 5019 1883 5089 φωνήν.

306 5098 445 5157 Εἶτα
484 5105 582 5159 σὺν
612 5104 838 5176 Χριστῷ
876 5107 1186 5179 γεγονότες,
1219 5107 1339 5172 πῶς
1377 5109 1435 5162 ἐν
1486 5108 1727 5181 χείροσιν
1773 5110 1895 5165 ἐσό⁶

309 5193 491 5266 μεθα;
522 5195 641 5260 πῶς
662 5197 722 5251 δὲ
751 5197 917 5262 αὐτὸς
944 5196 1201 5269 ἀληθεύει
1232 5198 1424 5267 λέγων·
1465 5216 1485 5251 ι
1530 5199 1614 5254 Ta
1645 5199 1895 5273 πρόϐατα

304 5290 377 5344 τὰ
422 5289 536 5359 ἐμά
576 5289 677 5360 τῆς
721 5293 907 5363 φωνῆς
960 5309 1062 5362 μου
1107 5291 1402 5359 ἀκούουσι,
1437 5290 1597 5362 κάγὼ
1642 5292 1894 5363 γινώσκω

308 5378 474 5441 αὐτὰ,
497 5379 592 5433 καὶ
611 5380 1105 5453 ἀκολουθοῦσίγμοι.
1139 5382 1294 5452 κάγὼ
1322 5382 1517 5453 δίδωμι
1540 5383 1734 5447 αὐτοῖς
1750 5382 1894 5453 ζωὴν

308 5472 551 5535 αἰώνιον,
600 5472 697 5527 καὶ
739 5474 801 5526 ού
853 5475 927 5545 μὴ
974 5475 1282 5530 ἀπόλωνται
1327 5476 1408 5540 είς
1440 5475 1533 5529 τὸν
1575 5475 1770 5544 αίῶνα,
1804 5477 1896 5530 καὶ

308 5562 405 5632 οὐχ
436 5562 679 5633 ἁρπάσει
718 5580 801 5626 τις
833 5562 973 5617 αύτά
1001 5565 1065 5619 ἐκ
1092 5565 1200 5619 τῶν
1238 5564 1440 5637 χειρῶν
1483 5581 1609 5639 μου⁶
1637 5569 1666 5620 ό
1701 5568 1899 5640 Πατήρ

380 5743 425 5773 ⁸³
451 5743 621 5816 Apoc.
662 5760 735 5809 vt,
762 5744 815 5799 9.
892 5746 936 5776 ”
962 5743 1157 5815 Philip.
1188 5761 1224 5811 ι,
1268 5746 1361 5802 25.

1996 4560 2227 4632 posthac
2270 4560 2579 4634 iudicabit;
2621 4570 2696 4623 et,
2742 4558 2891 4629 quod
2948 4558 3053 4613 hoc
3080 4558 3199 4629 ipso
3247 4570 3466 4627 quoque
3510 4552 3585 4609 sit

1997 4653 2180 4709 minus
2213 4651 2526 4718 ferendum,
2570 4650 2638 4716 si,
2668 4665 2794 4705 cum
2821 4649 3003 4705 adhuc
3031 4649 3084 4703 in
3107 4649 3213 4703 hae
3233 4646 3351 4703 vita
3390 4660 3574 4701 versa-

1998 4758 2142 4808 mur,
2180 4743 2415 4814 subiecti
2440 4743 2667 4798 minime
2697 4758 2889 4797 sumus
2912 4741 3115 4796 diaboli
3157 4740 3581 4811 cupiditatibus,

1996 4833 2093 4889 sed
2119 4833 2396 4889 calcamus
2416 4833 2603 4905 potius
2652 4848 2820 4904 super
2838 4842 3126 4904 serpentes
3157 4841 3212 4887 et
3236 4834 3579 4904 scorpiones,

1994 4933 2052 4981 et
2073 4939 2241 4997 super
2262 4912 2824 4997 omnem'potestatem
2853 4926 3082 4990 inimici,
3101 4927 3256 4999 juxta
3282 4925 3585 4982 Salvatoris

1991 5018 2165 5075 nostri
2194 5033 2386 5075 vocem
2420 5019 2486 5071 η.
2517 5019 2682 5090 Ergo,
2726 5019 2820 5074 ubi
2841 5035 2966 5075 cum
3012 5019 3237 5076 Christo
3285 5018 3582 5086 fuerimus,

1991 5108 2468 5182 quomodopejore
2492 5108 2810 5165 conditione
2837 5094 3009 5165 futuri
3036 5126 3229 5166 sumus
3251 5110 3274 5164 ?
3296 5108 3573 5180 quomodo

1992 5200 2161 5256 etiam
2185 5217 2353 5257 verax
2373 5199 2481 5257 erit
2508 5200 2645 5271 ipse,
2670 5216 2795 5256 eum
2821 5200 2957 5256 dicit
2982 5214 2997 5254 :
3027 5218 3045 5252 ι
3068 5198 3209 5256 Oves
3233 5215 3368 5255 meae
3392 5213 3581 5253 vocem
3610 5195 3635 5265 ‘_

1995 5309 2171 5348 meam
2203 5294 2465 5360 audiunt;
2502 5303 2559 5349 et
2582 5308 2682 5365 ego
2721 5308 2992 5373 cognosco
3036 5309 3159 5359 eas,
3183 5303 3239 5348 et
3276 5298 3584 5362 sequuntur

1998 5399 2121 5449 me;
2150 5391 2208 5439 et
2249 5383 2415 5438 vitam
2457 5393 2722 5441 aeternam
2758 5384 2829 5439 do
2858 5384 2973 5449 eis;
3005 5391 3062 5438 et
3092 5400 3203 5437 non
3238 5382 3496 5452 peribunt
3525 5379 3581 5435 in

2000 5483 2287 5537 aeternum,
2307 5481 2363 5527 et
2385 5489 2493 5528 non
2517 5474 2693 5555 rapiet
2713 5489 2806 5529 eas
2829 5472 3119 5543 quisquam
3143 5473 3210 5527 de
3235 5487 3397 5526 manu
3421 5486 3578 5526 mea:

2003 5566 2164 5621 Pater
2191 5581 2369 5634 meus,
2405 5567 2498 5636 qui
2528 5567 2680 5624 dedit
2704 5567 2861 5633 mihi,
2899 5566 3155 5624 omnibus
3189 5565 3362 5639 major
3387 5574 3500 5633 est;
3525 5573 3583 5622 ct

1438 5746 1482 5778 ’⁸
1508 5747 1661 5802 Rom.
1701 5762 1772 5813 l\',
1806 5745 1890 5801 li.
1966 5748 2007 5778 ’7
2034 5746 2166 5801 Luc.
2199 5763 2251 5811 χ,
2301 5746 2381 5800 l9.
