3990 6196
459 372 564 426 435

1487 372 1540 428 S.
1578 371 1854 428 CYRILLI
1893 365 2363 426 ALEXANDRINI
2402 361 2716 418 ARCHIEP.

3619 354 3719 410 4'56

461 502 624 543 nemo
649 493 829 557 potest
858 503 1052 558 rapere
1081 503 1149 543 ex
1172 503 1338 542 manu
1366 487 1544 543 Patris
1576 489 1683 544 mei
1708 488 1790 542 93?
1811 508 1828 540 ›
1866 488 2038 542 Dece-

2148 493 2247 553 μου
2273 479 2333 544 ὃς
2365 478 2532 533 ἔδωκέ
2572 495 2692 548 μοι,
2730 473 2950 528 πάντων
2995 470 3200 544 μείζων
3241 471 3395 537 ἐστὶ,
3427 469 3522 525 καὶ
3550 469 3719 533 οὐδεὶς

462 581 544 650 pit
562 581 728 636 etiam
754 579 964 635 scilicet
993 580 1153 651 189
1182 581 1407 654 pietatis
1430 581 1486 634 in
1511 579 1794 635 Christum
1811 579 2043 634 athletas

461 669 814 724 beatissimus
840 669 1057 735 Petrus,
1093 685 1218 724 cum
1241 669 1309 724 ad
1343 666 1491 738 hunc
1527 669 1751 724 modum
1776 669 1998 738 scripsit
2025 686 2036 720 :

466 782 483 813 ι
517 761 707 831 Itaque
753 769 809 816 et
844 762 879 814 ii
905 761 998 831 qui
1041 760 1326 831 patiuntur
1361 760 1662 816 secundum
1704 760 2039 814 voluntatem

462 853 573 919 Dei,
608 851 756 909 ﬁdeli
787 852 1031 908 Creatori
1074 852 1457 907 commendent
1485 851 1695 908 animas
1724 867 1868 908 suas.
1894 851 1939 884 ⁹⁹
1967 870 1978 904 :
2015 871 2031 902 ι

457 944 614 1010 Quod
651 945 696 1000 si
731 945 842 999 Deo
873 945 1306 999 commendatam
1337 945 1574 998 animam
1603 945 1746 1015 cogit
1789 945 2035 1011 Satanas,

426 1095 429 1097 ς
463 1037 687 1106 agitque
723 1052 788 1090 ac
826 1036 932 1090 fert
975 1051 1305 1106 quocunque
1348 1053 1449 1108 pro
1491 1047 1736 1106 tempore
1782 1038 2035 1104 voluerit,

458 1124 738 1194 quomodo
767 1125 856 1179 ille
882 1137 1196 1180 sanctorum
1220 1136 1522 1195 protector,
1559 1128 1651 1198 qui
1686 1127 2037 1198 uniuscujus-

460 1231 567 1285 que
622 1217 873 1285 spiritum
898 1217 1064 1270 veluti
1090 1217 1398 1287 depositum
1421 1218 1860 1273 commendatum
1884 1233 2040 1272 acce-

459 1304 560 1374 pit,
598 1304 774 1358 fidelis
814 1304 1041 1374 intelligi
1065 1306 1300 1375 poterit?
1323 1306 1688 1360 Deliramenta
1724 1305 1886 1375 igitur
1912 1315 2040 1359 sunt

461 1393 597 1460 hare,
635 1393 747 1448 imo
791 1409 923 1449 vero
966 1403 1156 1464 stupor
1203 1395 1479 1460 immanis,
1520 1404 1714 1465 putare
1758 1395 2040 1464 propheta:

461 1485 700 1540 animam
751 1502 942 1541 revera
992 1486 1208 1556 frigidis
1263 1486 1662 1541 scelestissimae
1702 1486 2039 1540 muliercula:

461 1579 803 1636 carminibus
847 1595 914 1634 ex
958 1578 1242 1634 attributis
1283 1579 1386 1633 sibi
1435 1577 1658 1633 sedibus
1696 1593 1817 1633 esse
1855 1577 2036 1632 detra-

461 1679 625 1724 ctam.

531 1760 728 1815 PALL.‘
753 1761 1011 1828 Quaenam
1053 1761 1222 1831 igitur
1256 1760 1422 1814 fuerit
1457 1776 1672 1825 rerum,
1725 1775 1862 1830 quas
1909 1775 2038 1814 con—

2143 574 2364 628 δύναται
2409 571 2675 644 ἁρπάζειν
2707 569 2772 622 ἐκ
2796 569 2894 638 τῆς
2929 565 3112 637 χειρὸς
3134 563 3228 618 τοῦ
3269 564 3481 636 Πατρός
3526 580 3662 636 μου;
3695 580 3714 616 ι

2144 665 2486 736 Πεφενάκικε
2514 663 2572 716 δὲ
2609 662 2752 732 τάχα
2792 677 2894 713 που
2926 658 3026 730 τῆς
3057 659 3137 722 είς
3175 656 3409 728 Χριστὸν
3440 655 3719 720 εὐσεϐείας

2145 756 2274 821 τοὺς
2312 753 2573 824 ἀθλητὰς,
2609 748 2903 822 γεγραφὼς
2933 748 3028 802 ὡδὶ
3068 748 3162 802 καὶ
3190 749 3218 801 ὁ
3263 745 3570 815 σοφώτατος
3616 747 3721 799 Πέ-

2142 862 2293 918 τρος·
2340 862 2360 896 ι
2406 843 2571 894 Ὥστε
2619 841 2714 896 καὶ
2761 839 2866 892 ὑπὸ
2913 837 3090 892 ἄλλων
3134 837 3437 906 πάσχοντες
3479 835 3623 889 κατὰ
3661 836 3724 888 τὸ

2145 934 2358 1006 θέλημα
2397 929 2595 996 αὐτοῦ,
2629 927 2805 1000 πιστῷ
2840 926 3050 999 Κτίστῃ
3098 924 3586 996 παρατιθέσθωσαν
3624 923 3725 987 τὰς

2144 1025 2326 1095 ψυχὰς
2355 1023 2555 1078 αὐτῶν.
2598 1040 2616 1073 ι
2651 1021 2713 1074 Εἰ
2743 1019 2799 1073 δὲ
2844 1018 2922 1091 τῷ
2949 1017 3069 1089 Θεῷ
3112 1016 3517 1088 παρατεθεῖσαν
3544 1015 3724 1087 ψυχὴν

2144 1113 2386 1187 βιάζεται
2412 1115 2440 1168 ὁ
2480 1114 2753 1177 Σατανᾶς,
2788 1112 2937 1180 ἄγων
2984 1123 3044 1163 τε
3082 1108 3177 1162 καὶ
3229 1107 3409 1179 φέρων
3451 1102 3613 1179 οἷπερ
3661 1108 3725 1161 ἂν

2143 1207 2314 1262 ἕλοιτο
2361 1207 2506 1261 κατά
2547 1205 2790 1276 καιροὺς,
2843 1203 2960 1265 πῶς
3003 1202 3069 1256 ἂν
3108 1203 3283 1255 νοοῖτο
3332 1199 3523 1264 πιστὸς
3552 1202 3580 1253 ὁ
3614 1199 3723 1252 τῶν

2143 1298 2314 1366 ἁγίων
2359 1295 2749 1369 προεστηκὼς,
2797 1293 2891 1347 καὶ
2931 1293 3094 1347 οἱονεὶ
3141 1291 3616 1363 παρακαταθήκην
3661 1290 3722 1342 τὸ

2141 1389 2371 1443 ἑκάστου
2405 1387 2622 1458 πνεῦμα
2647 1384 2859 1450 λαϐὡνς
2894 1384 3074 1455 Λῆρος
3115 1378 3211 1437 οὖν
3256 1381 3366 1454 ἄρα
3414 1381 3601 1447 ταυτὶ,
3626 1381 3720 1435 καὶ

2140 1477 2454 1550 ἀποπληξία
2506 1478 2688 1549 δεινὴ,
2737 1475 2798 1529 τὸ
2839 1475 2980 1529 κατά
3050 1472 3310 1546 ἀλήθειαν
3362 1471 3570 1526 οἴεσθαι
3619 1473 3721 1542 τὴν

2140 1574 2420 1644 προφήτου
2438 1560 2619 1642 φωνὴν
2644 1569 2876 1641 ψυχραῖς
2889 1566 3125 1638 ἐπῳδαῖς
3150 1565 3370 1636 γυναίου
3403 1564 3722 1636 μυσαρωτά-

2140 1681 2231 1717 του
2254 1664 2360 1719 τῶν
2398 1661 2810 1734 ὲκνεμηθέντων
2833 1660 2970 1732 αὐτῇ
3008 1659 3344 1714 καθελκῦσαι
3380 1647 3584 1712 τόπων.

2210 1756 2419 1810 ΠΑΛΛ.
2460 1756 2556 1819 Τίς
2607 1748 2702 1809 οὖν
2747 1751 2814 1808 ἂν
2875 1753 3090 1822 γένοιτο
3135 1751 3246 1805 τῶν
3286 1749 3658 1821 θεωρημάτων
3694 1749 3723 1801 ὁ

462 1851 781 1907 siderandas
804 1852 1210 1922 proposuimus,
1249 1853 1571 1922 explicatio?
1611 1867 1735 1905 nam
1765 1855 1878 1909 haec
1902 1850 2040 1906 adeo

2148 1849 2335 1917 λόγος;
2366 1847 2566 1919 χρῆναι
2595 1845 2705 1916 γὰρ
2736 1839 2889 1916 οἶμαι
2922 1843 2988 1898 τὰ
3012 1841 3189 1906 οὕτως
3217 1840 3418 1912 αἰσχρὰ
3447 1840 3571 1913 μηδ’
3600 1839 3723 1893 ὅσον

467 1942 646 2012 turpia
671 1957 741 1997 ne
771 1934 1114 2013 simplicibus
1135 1943 1378 2012 quidem,
1413 1952 1473 1997 ut
1503 1944 1574 2000 ita
1604 1943 1803 2007 dicam,
1839 1943 2042 2014 cogita-

461 2031 706 2088 tionibus
729 2034 1066 2090 admittenda
1100 2050 1317 2090 censeo.

531 2123 692 2180 CYR.
735 2126 1038 2198 Propositis
1083 2127 1240 2198 prius
1283 2143 1450 2184 sacra:
1485 2129 1782 2200 Scripturae
1821 2128 2038 2193 verbis,

463 2225 582 2272 tum
618 2233 741 2288 qua:
774 2219 958 2274 animo
998 2229 1298 2276 occurrunt
1339 2236 1708 2291 exponemus,
1745 2229 1798 2275 et
1840 2221 2041 2291 ubique

462 2309 724 2366 decorum
750 2311 1039 2383 diligenter
1063 2313 1439 2368 retinebimus.
1471 2313 1547 2367 Ea
1564 2313 1643 2367 sic
1665 2313 1902 2367 habent:
1931 2333 1948 2364 ‹
1976 2313 2043 2368 Et

464 2398 685 2455 Samuel
712 2410 964 2456 mortuus
993 2410 1078 2457 est
1114 2409 1205 2456 :et
1226 2401 1556 2472 planxerunt
1581 2415 1706 2454 eum
1749 2402 2043 2456 universus

464 2486 630 2544 Israel
663 2498 752 2544 :et
778 2491 1111 2560 sepelierunt
1131 2505 1255 2544 eum
1280 2489 1334 2543 in
1357 2488 1715 2552 Armathaim,
1746 2489 1802 2542 in
1824 2488 2042 2545 civitate

463 2584 585 2653 ejus
602 2600 615 2637 :
630 2590 685 2637 et
703 2581 830 2637 Saul
847 2582 1072 2638 abstulit
1087 2582 1490 2653 pythonicos,et
1505 2581 1813 2651 cognitores
1827 2597 1855 2635 a
1876 2591 2039 2637 terra.

465 2673 534 2728 Et
552 2682 950 2744 congregantur
964 2673 1242 2744 allophyli,
1255 2681 1310 2728 et
1326 2673 1571 2738 veniunt,
1591 2683 1646 2728 et
1659 2681 2047 2728 castrametan-

469 2775 560 2818 tur
593 2763 648 2817 in
675 2761 876 2818 Sonam
915 2779 929 2816 :
970 2771 1026 2818 et
1057 2769 1349 2832 congregat
1369 2761 1493 2817 Saul
1524 2778 1741 2817 omnem
1767 2762 2044 2818 hominem

470 2852 657 2915 Israel,
685 2860 742 2906 et
775 2857 1228 2906 castrametantur
1243 2849 1295 2905 in
1313 2851 1535 2907 Gelboe.
1570 2853 1638 2908 Et
1657 2852 2044 2908 viditSaulca-

469 2952 581 2999 stra
605 2942 1023 3014 allophylorum,
1049 2951 1104 2999 et
1117 2941 1333 3008 timuit,
1349 2953 1405 3000 et
1420 2952 1827 2999 consternatum
1853 2955 1936 3001 est
1951 2960 2046 3000 cor

464 3034 586 3106 ejus
613 3033 770 3089 valde
801 3052 814 3087 :
853 3031 1205 3090 etconsuluit
1239 3032 1369 3091 Saul
1394 3050 1492 3105 per
1521 3035 1908 3099 Dominum,et
1932 3051 2042 3090 non

2141 1941 2336 2004 εἰπεῖν,
2367 1938 2473 1993 κᾶν
2500 1938 2632 2007 γοῦν
2663 1937 2720 1990 ἐν
2744 1934 2928 2005 ψιλαῖς
2954 1933 3183 1997 ἐννοίαις
3211 1932 3380 1987 ἑλεῖν.

2213 2121 2380 2176 ΚΥΡ.
2424 2118 2566 2172 Αὐτὸ
2600 2115 2940 2189 παραθέντες
2983 2115 3045 2170 τὸ
3081 2117 3321 2187 Γράμμα
3357 2113 3418 2167 τὺ
3449 2112 3628 2183 ἱερὸν,
3653 2111 3726 2166 τά

2147 2214 2228 2275 είς
2279 2209 2400 2264 νοῦν
2448 2211 2593 2264 ἰόντα
2645 2209 2766 2262 τότε
2819 2208 2966 2278 σαφῆ
3001 2208 3435 2278 καταστήσομεν,
3471 2203 3722 2273 πανταχῆ

2141 2301 2236 2356 τοῦ
2266 2301 2573 2372 πρέποντος
2609 2299 2780 2372 ἀπρὶξ
2806 2299 3064 2370 ἡμμένοι.
3093 2299 3247 2368 Ἔχει
3275 2297 3331 2350 δέ
3360 2295 3522 2350 οὕτω·
3560 2313 3580 2347 ι
3611 2295 3723 2348 Kal

2143 2394 2400 2466 Σαμουὴλ
2431 2393 2694 2456 ἀπέθανε,
2722 2392 2818 2446 καὶ
2849 2391 3113 2461 ἐκόψαντο
3141 2389 3304 2443 αὑτὸν
3333 2390 3442 2452 πᾶς
3477 2387 3720 2458 Ἰσραὴλ,

2145 2487 2239 2542 xal
2278 2487 2576 2541 θάπτουσιν
2609 2484 2855 2540 αὒτὸνέν
2897 2481 3233 2555 Ἀρμαθαῖμ,
3265 2481 3321 2534 ἐν
3352 2479 3506 2533 πόλει
3529 2477 3720 2533 αὐτοῦ’

2143 2581 2239 2634 καὶ
2277 2579 2450 2634 Σαοὺλ
2497 2576 2736 2649 περιεῖλε
2767 2576 2896 2639 τοὺς
2942 2573 3444 2646 ἐγγαστριμύθους,
3475 2571 3724 2634 καὶτοὺς

2146 2670 2388 2741 γνώστας
2427 2669 2534 2724 ἀπὸ
2566 2669 2666 2739 τῆς
2694 2669 2820 2738 γῆς.
2866 2669 2977 2721 Kal
3007 2665 3448 2737 συναθροίζονται
3480 2665 3530 2717 οί
3557 2661 3721 2716 ἀλλό-

2146 2764 2329 2833 φυλοι,
2359 2762 2454 2816 καὶ
2481 2760 2731 2832 ἔρχονται
2757 2761 2851 2813 καὶ
2885 2759 3358 2831 παρεμϐάλλουσιν
3385 2759 3468 2820 είς
3496 2757 3718 2827 Σωνάμ.

2147 2855 2257 2909 Kal
2306 2851 2650 2921 συναθροίζει
2699 2851 2873 2905 Σαοὺλ
2911 2851 3089 2905 πάντα
3136 2851 3306 2922 ἀνδρα
3349 2848 3581 2920 Ἰσραὴλ,
3624 2847 3723 2900 καὶ

2146 2944 2626 3015 παρεμϐάλλουσιν
2677 2944 2757 3006 είς
2803 2943 3056 2997 Γελϐουὲ.
3097 2943 3207 2996 Kal
3256 2937 3360 2995 εἷδε
3402 2940 3575 2994 Σαοὺλ
3618 2940 3720 3010 τὴν

2150 3037 2506 3110 παρεμϐολὴν
2557 3037 2668 3090 τῶν
2740 3036 3085 3107 ἀλλοφύλων,
3141 3036 3235 3089 καὶ
3293 3033 3564 3104 ἐφοϐήθη,
3624 3031 3722 3085 καὶ

465 3124 750 3195 respondit
788 3125 839 3181 ei
877 3126 1141 3181 Dominus
1193 3142 1292 3196 per
1346 3127 1576 3190 somnia,
1619 3141 1797 3196 neque
1843 3127 1898 3181 in
1927 3143 2040 3182 ma-

2149 3129 2342 3201 ὲξέστη
2393 3131 2427 3200 ὴ
2481 3129 2680 3201 καρδία
2743 3127 2905 3182 αὑτοῦ
2957 3127 3181 3198 σφόδρα.
3230 3125 3340 3180 Kal
3394 3124 3719 3196 ἐπηρώτησε

464 3215 702 3284 nifestis,
740 3231 920 3288 neque
979 3217 1035 3274 in
1074 3218 1376 3288 prophetis.
1419 3218 1488 3272 Et
1529 3217 1668 3272 dixit
1698 3217 1824 3272 Saul
1870 3219 2042 3274 servis

460 3295 875 3376 ~suiszﬂuaerite
898 3310 1034 3365 mihi
1070 3309 1361 3365 mulierem
1408 3309 1779 3381 pythonissam
1802 3350 1816 3375 ,
1855 3318 1911 3364 et
1954 3310 2044 3364 ibo

463 3399 535 3454 ad
583 3400 753 3467 illam,
789 3409 846 3457 et
890 3416 1130 3471 quaeram
1158 3417 1257 3472 per
1291 3401 1459 3456 illam.
1504 3402 1573 3456 Et
1603 3401 1860 3456 dixerunt
1897 3403 2040 3457 servi

463 3490 586 3561 ejus
611 3491 680 3545 ad
712 3507 840 3547 eum
874 3510 888 3546 :
933 3492 1074 3548 Ecce
1097 3492 1298 3547 mulier
1319 3492 1635 3562 pythonissa
1668 3500 1752 3547 est
1787 3491 1842 3546 in
1893 3491 2042 3547 Aen-

464 3580 587 3636 dor.
617 3581 687 3635 Et
707 3591 1000 3651 coopertus
1014 3591 1098 3638 est
1115 3583 1264 3648 Saul,
1289 3581 1536 3636 etinduit
1558 3597 1614 3636 se
1631 3581 1878 3636 vestibus
1893 3582 2039 3647 aliis,

463 3680 523 3727 et
546 3672 697 3726 vadit
730 3671 846 3742 ipse
889 3681 946 3727 et
997 3673 1107 3727 duo
1163 3673 1268 3726 viri
1305 3688 1430 3728 cum
1480 3672 1598 3742 ipso
1645 3672 1712 3727 ad
1757 3673 2042 3728 mulierem

465 3770 648 3828 nocte,
690 3768 747 3817 et
773 3762 1006 3818 dixitilli
1033 3781 1046 3816 :
1069 3762 1258 3817 Divina
1276 3762 1411 3818 mihi
1430 3763 1486 3818 in
1503 3764 1768 3836 Pythone,
1787 3773 1844 3819 et
1875 3779 2042 3819 evoca

467 3851 537 3905 ad
572 3865 658 3906 me
685 3866 1069 3920 quemcunque
1103 3851 1290 3906 dixero
1320 3851 1440 3907 tibi.
1488 3853 1556 3909 Et
1585 3852 1724 3908 dixit
1751 3853 1950 3908 mulier
1974 3853 2042 3909 ad

467 3941 624 3997 illum
652 3959 665 3995 :
699 3941 838 3998 Ecce
869 3943 979 4013 jam
1006 3950 1062 3996 tu
1094 3942 1236 3997 nosti
1261 3957 1601 4013 quaecunque
1624 3943 1754 4002 fecit
1786 3944 1914 3999 Saul
1936 3985 1950 4009 ,
1984 3955 2044 4000 ut

466 4032 855 4089 exterminavit
889 4033 1216 4105 pythonicos
1245 4044 1301 4089 et
1343 4035 1655 4106 cognitores
1684 4035 1752 4090 de
1782 4043 1956 4100 terra;
1986 4043 2043 4090 et

469 4140 569 4178 cur
607 4134 665 4180 tu
705 4124 986 4180 insidiaris
1025 4125 1220 4180 animae
1250 4141 1405 4190 meae,
1439 4135 1500 4182 ut
1529 4125 1745 4181 occidas
1772 4130 1930 4181 eam?
1976 4126 2044 4181 Et

466 4213 671 4283 iuravit
697 4213 774 4267 illi
805 4212 954 4278 Saul,
976 4215 1164 4270 dicens
1194 4233 1207 4269 :
1238 4215 1384 4270 Vivit
1406 4217 1668 4272 Dominus
1687 4258 1700 4282 ,
1740 4217 1785 4272 si
1829 4217 2045 4272 eveniet

469 4303 570 4359 tibi
607 4305 736 4359 mali
777 4305 1058 4377 quidpiam
1101 4306 1157 4361 in
1204 4308 1373 4363 verbo
1410 4307 1534 4363 hoc.
1572 4309 1640 4363 Et
1677 4309 1816 4364 dixit
1846 4308 2044 4364 mulier

469 4395 620 4450 Sauli
641 4412 654 4450 :
678 4396 850 4464 Quem
871 4399 1121 4455 excitabo
1137 4399 1234 4454 tibi
1249 4401 1272 4453 ?
1287 4401 1355 4454 Et
1375 4399 1509 4452 dixit
1531 4417 1542 4451 :
1567 4399 1724 4468 19o
1735 4398 2041 4455 Samuelem

2145 3221 2318 3276 Σαοὺλ
2357 3220 2443 3275 διὰ
2481 3220 2713 3290 Κυρίου,
2748 3220 2846 3274 καὶ
2893 3219 2995 3272 ούκ
3024 3217 3293 3289 ἀπεκρίθη
3324 3216 3472 3288 αὐτῷ
3514 3215 3720 3288 Κύριος

2144 3314 2203 3368 ἐν
2248 3315 2358 3376 τοῖς
2391 3311 2694 3374 ἐνυπνίοις,
2737 3311 2830 3364 xal
2875 3311 2932 3363 ἐν
2972 3312 3085 3373 τοῖς
3129 3309 3337 3380 δήλοις,
3367 3309 3462 3362 καὶ
3509 3309 3568 3361 ἐν
3607 3307 3722 3367 τοῖς

2145 3407 2469 3477 προφήταις.
2505 3404 2615 3457 Kal
2646 3399 2769 3455 εἷπε
2807 3402 2980 3455 Σαοὺλ
3020 3403 3134 3464 τοῖς
3170 3399 3360 3454 παισὶν
3391 3397 3576 3452 αὑτοῦ·
3613 3399 3722 3468 Ζη-

2143 3495 2344 3568 τήσατέ
2375 3511 2463 3565 μοι
2495 3495 2728 3562 γυναῖκα
2753 3490 3225 3562 ἐγγαστρίμυθον,
3255 3488 3349 3542 καὶ
3381 3487 3718 3558 πορεύσομαι

2147 3588 2281 3659 πρὸς
2331 3586 2528 3656 αὐτὴν,
2575 3583 2671 3639 καὶ
2719 3583 2939 3654 ζητήσω
2988 3583 3046 3636 ἐν
3095 3582 3263 3652 αὐτῇ.
3304 3580 3414 3634 Kal
3463 3577 3619 3632 εἶπον
3667 3579 3718 3631 οἱ

2145 3680 2336 3741 παῖδες
2368 3676 2533 3732 αὑτοῦ
2565 3676 2701 3748 πρὸς
2727 3675 2909 3728 αὐτόν·
2963 3673 3095 3727 Ἰδοὺ
3122 3671 3261 3741 γυνὴ
3283 3669 3720 3741 ἐγγαστρίμυθος

2143 3773 2201 3826 ἐν
2234 3770 2482 3841 Ἀενδώρ.
2513 3770 2623 3823 Kal
2661 3767 3068 3836 συνεκαλύψατο
3087 3765 3280 3819 Σαούλο
3321 3764 3415 3817 καὶ
3459 3761 3721 3832 περιεϐά-

2145 3865 2268 3918 λετο
2294 3861 2485 3932 ἱμάτια
2513 3861 2709 3932 ἕτερα.
2738 3859 2830 3912 καὶ
2877 3857 3168 3930 πορεύεται
3198 3855 3359 3919 αὐτὸς
3387 3854 3482 3906 καὶ
3504 3852 3599 3906 δύο
3627 3853 3719 3906 ἀν-

2142 3953 2267 4023 δρες
2315 3953 2432 4021 μετ’
2479 3947 2680 4016 αὐτοῦ,
2732 3949 2826 4002 καὶ
2870 3944 3295 4018 ἔρχονται,πρδς
3343 3945 3443 4015 τὴν
3485 3945 3721 4012 γυναῖκα

2144 4043 2371 4108 νυκτὸς,
2425 4043 2520 4096 καὶ
2564 4038 2719 4094 εἶπεν
2757 4039 2917 4109 αὐτῇ·
2962 4037 3278 4092 Μάντευσαι
3325 4036 3388 4106 δή
3427 4053 3516 4106 μοι
3551 4037 3610 4088 ἐν
3640 4031 3721 4102 τῷ

2145 4131 2587 4204 ἐγγαστριμύθῳ,
2609 4130 2702 4184 καὶ
2720 4129 2959 4198 ἀνάγαγε
2991 4146 3081 4200 μοι
3111 4128 3170 4181 ὃν
3195 4128 3291 4180 ἐὰν
3315 4126 3453 4179 εἴπω
3479 4142 3579 4178 σοι.
3608 4122 3722 4178 Kal

2145 4221 2296 4276 εἶπεν
2351 4221 2500 4292 αὐτῷ
2523 4223 2557 4289 ή
2594 4221 2755 4290 γυνή’
2793 4219 2925 4271 Ἰδοὺ
2973 4216 3038 4287 δὴ
3068 4216 3132 4269 σὺ
3161 4211 3310 4278 οἶδας
3349 4216 3451 4268 ὅσα
3494 4213 3719 4282 ἐποίησε

2145 4314 2316 4369 Σαοὺλ
2359 4299 2445 4376 ’ὡς
2486 4309 2850 4381 ἐξωλὸθρευσε
2897 4309 3022 4372 τοὺς
3072 4304 3582 4378 ἐγγαστριμύθους,
3623 4301 3722 4356 καὶ

2145 4408 2269 4469 τοὺς
2298 4405 2546 4474 γνὼστας
2575 4402 2684 4455 ἀπὸ
2712 4402 2810 4472 τῆς
2838 4402 2964 4472 γῆς,
2995 4403 3089 4455 καὶ
3129 4400 3269 4454 ίνατί
3309 4398 3372 4450 σὺ
3404 4392 3722 4464 παγιδεύεις

465 4487 647 4544 excita
670 4490 825 4544 mihi.
860 4491 930 4546 Et
949 4491 1085 4546 vidit
1119 4490 1317 4543 mulier
1347 4489 1677 4554 Samuelem,
1701 4501 1756 4545 et
1777 4491 2040 4545 exclama-

2148 4496 2245 4568 τὴν
2302 4495 2480 4565 ψυχήν
2543 4511 2665 4566 μου,
2723 4492 3031 4546 θανατῶσαι
3081 4491 3285 4561 αύτήν;
3339 4488 3450 4542 Kal
3503 4484 3722 4555 ὤμοσεν

467 4585 547 4632 vlt
571 4593 706 4635 voce
736 4595 949 4650 magna.
987 4580 1055 4636 Et
1082 4580 1217 4634 dixit
1254 4579 1452 4633 mulier
1489 4579 1556 4634 ad
1594 4579 1722 4635 Saul
1765 4579 1916 4637 :Cur
1949 4582 2044 4637 de—

468 4669 661 4739 cepisti
686 4685 774 4724 me
791 4669 884 4726 iet
901 4676 956 4724 tu
980 4685 1042 4727 es
1058 4670 1207 4726 Saul.
1235 4669 1447 4726 Etdixit
1468 4670 1546 4724 illi
1571 4687 1664 4725 rex
1688 4689 1700 4724 :
1718 4672 1794 4726 Ne
1814 4671 2006 4728 timeas
2025 4691 2041 4734 ;

470 4759 560 4815 dic
589 4776 752 4831 quem
789 4760 1014 4816 videris.
1061 4761 1130 4816 Et
1153 4761 1292 4816 dixit
1331 4760 1409 4814 illi
1450 4762 1648 4817 mulier
1692 4781 1704 4816 :
1747 4763 1888 4819 Deos
1931 4765 2044 4819 vidi

426 4825 448 4880 τὶ
469 4825 874 4911 ascendentese
898 4859 1064 4908 terra.
1089 4853 1159 4908 Et
1188 4853 1327 4908 dixit
1353 4853 1418 4908 ad
1443 4852 1590 4908 illam
1628 4872 1640 4907 :
1684 4853 1825 4921 Quid
1845 4870 2044 4926 cogno-

471 4939 632 4996 visti?
655 4943 725 4998 Et
749 4942 888 4996 dixit
916 4941 992 4995 illi
1027 4959 1039 4995 :
1076 4941 1268 4997 Virum
1293 4949 1506 4996 rectum
1543 4944 1926 4999 ascendentem
1972 4944 2039 4999 de

470 5035 636 5091 terra,
671 5037 727 5083 et
765 5029 856 5084 hic
905 5029 1138 5085 amictus
1173 5030 1434 5100 diploidc.
1465 5032 1534 5086 Et
1588 5033 1840 5103 cognovit
1875 5033 2001 5088 Saul
2023 5075 2037 5099 ,

469 5117 615 5186 quod
647 5118 863 5175 Samuel
899 5129 1045 5175 esset
1081 5119 1192 5186 hic,
1249 5127 1306 5176 et
1351 5121 1630 5176 inclinavit
1671 5138 1730 5177 se
1766 5123 1820 5178 in
1846 5123 2040 5180 faciem

470 5223 625 5263 suam
649 5210 706 5264 in
731 5218 951 5276 terram,
978 5221 1036 5268 et
1055 5212 1305 5268 adoravit
1335 5228 1483 5268 eum.
1517 5215 1584 5271 Et
1607 5215 1748 5270 dixit
1773 5215 1992 5272 Samuel
2026 5235 2038 5269 :

469 5300 580 5356 Cur
606 5302 1048 5373 inquietastime,
1089 5312 1151 5360 ut
1171 5305 1564 5360 ascenderem?
1594 5307 1660 5361 Et
1700 5306 1837 5362 dixit
1869 5307 1996 5363 Saul
2024 5327 2037 5363 :

470 5389 728 5448 Coarctor
753 5393 943 5460 valde;
983 5403 1042 5449 ct
1072 5395 1329 5467 allophyli
1361 5395 1565 5450 bellum
1603 5407 1800 5468 gerunt
1845 5397 2040 5452 adver-

471 5500 591 5540 sum
618 5504 734 5555 me;
765 5497 821 5545 et
856 5490 1003 5546 Deus
1047 5492 1274 5548 recessit
1313 5508 1344 5547 a
1376 5507 1486 5556 me,
1516 5500 1572 5548 et
1613 5508 1724 5548 non
1764 5493 2044 5549 exaudivit

474 5589 559 5626 me
583 5578 781 5644 adhuc,
820 5595 995 5652 neque
1021 5580 1078 5635 in
1107 5597 1271 5636 manu
1302 5581 1712 5652 prophetarum,
1744 5599 1923 5654 neque
1945 5599 2044 5654 per

547 5755 747 5811 92:103..
797 5774 850 5820 κ,
877 5758 1065 5812 ‘27-’29.
1145 5763 1186 5792 οῖ’
1214 5760 1231 5813 l
1259 5759 1403 5814 l‘etr.
1434 5776 1504 5824 Iv,
1537 5760 1617 5814 l9.

2145 4587 2283 4656 αὐτῇ
2318 4585 2510 4649 Σαοὺλ,
2552 4584 2747 4651 λέγων’
2784 4583 2858 4653 Ζῇ
2896 4580 3120 4652 Κύριος,
3150 4583 3198 4633 εί
3231 4576 3603 4648 ἀπαντήσεταί
3633 4592 3718 4628 σοι

2145 4675 2326 4729 ἀδικία
2357 4677 2412 4726 ὲν
2439 4673 2511 4744 τῷ
2534 4673 2676 4743 λόγῳ
2696 4670 2890 4740 τούτῳ.
2911 4670 3020 4722 Kal
3043 4665 3193 4720 εἶπεν
3214 4669 3246 4737 ή
3264 4665 3399 4735 γυνὴ
3421 4662 3496 4733 τῷ
3523 4659 3714 4714 Σαούλ·

2147 4767 2280 4819 Τίνα
2311 4767 2574 4833 ἀναγάγω
2601 4781 2683 4817 σοι
2709 4780 2724 4829 ;
2752 4762 2864 4814 Kal
2893 4757 3036 4813 εἴπεο
3069 4759 3173 4812 Τὸν
3201 4755 3453 4827 Σαμουὴλ
3474 4750 3718 4821 ἀνάγαγέ

2149 4876 2260 4930 μοι.
2311 4857 2425 4910 Kal
2468 4852 2608 4909 εἶδεν
2641 4852 2838 4925 ήγυνὴ
2873 4852 2964 4905 τὸν
2989 4849 3275 4921 Σαμουὴλ,
3314 4847 3406 4901 καὶ
3453 4843 3720 4913 ἀνεϐόησε

2149 4951 2301 5020 φωνῇ
2335 4947 2566 5020 μεγάλῃ.
2605 4947 2716 4999 Kal
2743 4940 2895 4998 εἶπεν
2929 4944 2962 5013 ἡ
2993 4942 3131 5011 γυνὴ
3159 4939 3296 5010 πρὸς
3321 4937 3511 4992 Σαούλ·
3553 4933 3722 4988 Ίνατί

2149 5041 2492 5113 παρελογίσω
2526 5056 2622 5110 με;
2655 5039 2748 5092 καὶ
2779 5037 2843 5090 σὺ
2883 5031 2933 5088 εἴ
2970 5033 3160 5087 Σαούλ.
3201 5031 3313 5085 Kal
3341 5026 3494 5083 εἶπεν
3525 5027 3666 5097 αὐτῇ
3694 5025 3724 5077 ὁ

2151 5130 2422 5203 βασιλεύς·
2449 5129 2540 5200 Μὴ
2575 5128 2763 5198 φοϐοῦ,
2795 5125 2948 5180 εἷπον
2979 5125 3102 5179 τίνα
3124 5122 3394 5194 ἑώρακας.
3431 5119 3542 5174 Kal
3567 5113 3721 5170 εἶπεν

2151 5221 2360 5294 αὐτῷἡ
2412 5223 2571 5292 γυνή’
2607 5220 2772 5282 Θεοὺς
2821 5218 3041 5289 ἑώρακα
3089 5213 3480 5274 ἀναϐαίνοντας
3524 5212 3589 5262 ἐκ
3621 5206 3722 5276 τῆς

2148 5310 2274 5379 γῆς.
2313 5311 2421 5362 Kal
2456 5304 2608 5361 εἶπεν
2635 5307 2793 5379 αύτῇ’
2844 5306 2908 5359 Τί
2955 5305 3160 5373 ἐγνωςς
3193 5303 3304 5356 Kal
3348 5296 3499 5353 εἶπεν
3542 5295 3718 5364 αὐτῷ·

2152 5401 2353 5472 Ἄνδρα
2399 5400 2579 5472 ὄρθιον
2625 5398 2984 5454 ἀναϐαίνοντα
3033 5397 3097 5449 ἐκ
3136 5394 3239 5465 τῆς
3266 5392 3392 5461 γῆς,
3427 5390 3520 5443 καὶ
3567 5382 3723 5472 οὗτος

2153 5470 2402 5548 διπλοῖδα
2429 5470 2890 5564 άναϐεϐλημὲνος.
2919 5490 3032 5544 Kal
3065 5488 3206 5557 ἔγνω
3230 5483 3420 5548 Σαοὺλ,
3453 5482 3535 5535 ὅτι
3566 5470 3720 5539 οὗτος

2157 5584 2438 5656 Σαμουὴλ,
2471 5585 2567 5638 καὶ
2609 5584 2809 5653 ἔκυψεν
2847 5582 2942 5637 ἐπὶ
2971 5581 3263 5653 πρόσωπον
3306 5572 3471 5631 αὐτοῦ
3503 5571 3596 5626 ἐπὶ
3621 5567 3719 5639 τὴν
