3990 6196
313 343 415 396 157

1039 347 1126 402 DE
1165 347 1604 403 ADORATIONE
1645 349 1710 402 IN
1747 350 2014 408 SPIRITU
2056 353 2144 408 ET
2188 356 2552 414 VERITATE.
2597 363 2724 417 LIB.
2771 367 2859 422 VI.

3465 374 3569 430 458

309 459 449 527 γῆν,
484 460 576 512 καὶ
621 462 1028 532 προσεκύνησεν
1075 464 1242 534 αὐτῷ.
1281 465 1391 518 Καὶ
1436 463 1558 520 εἷπε
1605 468 1858 539 Σαμουὴλ

1987 474 2229 541 somnia;
2256 485 2311 530 et
2341 492 2489 532 nunc
2533 482 2717 535 vocavi
2776 491 2848 546 te,
2891 494 2951 538 ut
3007 484 3215 544 iudices
3255 487 3388 542 mihi
3427 491 3559 560 quid

263 605 268 609 ,
320 552 485 604 Ἵνατί
565 553 1004 624 παρηνώχλησάς
1079 574 1170 627 μοι
1236 557 1503 629 ἀναϐῆναί
1584 577 1702 630 με;

305 639 432 695 εἷπε
486 643 676 697 Σαούλ·
727 644 991 717 Θλίόομαι
1055 650 1296 722 σφόδρα,
1348 653 1442 705 καὶ
1497 653 1547 705 οί
1598 653 1886 724 ἀλλόφυλοι

265 727 645 806 Ϊπολεμοῦσιν
695 739 960 807 ὲνέμοὶ,
1007 742 1102 794 καὶ
1154 745 1182 796 ὸ
1229 743 1362 808 Θεὸς
1420 743 1730 816 ἀφέστηκεν
1789 745 1884 799 ἀπ’

303 827 482 896 ἐμοῦ,
525 830 620 883 καὶ
672 831 773 884 οὐκ
813 832 1093 904 ἐπακήκοέ
1153 851 1253 905 μου
1309 835 1428 901 ἔτι,
1483 836 1579 889 καὶ
1628 837 1686 890 ἐν
1737 835 1884 906 χειρὶ

290 919 417 1006 ⁸τῶν
473 923 807 993 προφητῶν,
859 925 952 977 καὶ
994 925 1052 978 ἐν
1099 927 1211 989 τοῖς
1275 927 1578 991 ἐνυπνίοις*
1631 927 1727 982 καὶ
1785 926 1882 982 νῦν

290 1010 556 1097 Ικέκληκά
624 1029 728 1079 σε,
793 1015 1061 1086 γνωρίσαι
1135 1032 1274 1087 μοι,
1338 1017 1393 1071 τί
1477 1019 1708 1089 ποιήσω.
1771 1019 1881 1072 Καὶ⁵

301 1098 428 1156 εἷπε
470 1105 755 1178 Σαμουήλο
811 1108 972 1162 Ἰνατί
1035 1110 1320 1181 ἐπερωτᾷς
1377 1127 1481 1181 με,
1534 1111 1629 1164 καὶ
1675 1110 1880 1180 Κύριος

299 1196 618 1267 ἀφέστηκεν
664 1198 771 1252 ἀπὸ
829 1201 960 1265 σοῦ,
1009 1199 1102 1254 καὶ
1151 1200 1340 1269 γέγονε
1393 1199 1532 1271 μετά
1589 1199 1683 1254 τοῦ
1739 1201 1877 1273 πλη-

300 1287 419 1340 σίον
461 1304 586 1354 σου;
637 1290 732 1343 καὶ
783 1290 1052 1361 πεποίηκε
1104 1291 1308 1362 Κύριός
1352 1309 1471 1354 σοι,
1521 1291 1705 1356 καθὼς
1753 1293 1877 1348 ἐλά-

295 1382 430 1450 λησε
472 1380 677 1452 Κύριος
730 1382 789 1434 ἐν
843 1381 986 1451 χειρί
1027 1399 1151 1452 μου·
1204 1383 1300 1436 καὶ
1346 1383 1628 1455 διαρῤήξει
1670 1385 1874 1456 Κύριος

293 1476 396 1545 τὴν
432 1474 711 1544 βασιλείαν
755 1491 848 1526 σου
890 1475 954 1526 ἐκ
992 1475 1174 1544 χειρός
1201 1491 1325 1540 σου,
1363 1476 1458 1528 καὶ
1499 1474 1660 1528 δώσει
1700 1477 1873 1547 αὐτὴν

291 1565 372 1636 τῷ
397 1565 626 1637 πλησίον
651 1582 744 1619 σου
779 1565 858 1635 τῷ
895 1565 1083 1618 Δαϐίδ·
1119 1565 1253 1618 διότι
1292 1565 1393 1619 οὐκ
1417 1566 1659 1636 ἧκουσας
1687 1568 1871 1638 φωνῆς

290 1657 538 1729 Κυρίου,
572 1659 667 1710 καὶ
709 1657 811 1710 οὐκ
849 1655 1174 1728 ἐπλήρωσας
1215 1655 1385 1728 θυμὸν
1404 1657 1575 1728 ὀργῆς
1616 1657 1781 1711 αὑτοῦ
1812 1659 1869 1712 ὲν

304 1751 578 1823 ’Δμαλὴκ,
606 1751 693 1805 διὰ
716 1749 876 1804 τοῦτο
913 1749 976 1804 τὸ
1005 1749 1159 1821 ῥῆμα
1199 1750 1423 1823 ἐποίησε
1453 1751 1659 1822 Κύριός
1688 1768 1770 1804 σοι
1808 1751 1866 1804 ἐν

287 1846 355 1914 τῇ
384 1843 571 1916 ἡμέρᾳ
598 1843 788 1915 ταύτῃ·
815 1843 910 1896 καὶ
939 1841 1256 1912 παραδώσει
1287 1841 1492 1914 Κύριος
1518 1842 1611 1896 τὸν
1650 1842 1864 1915 Ἰσραὴλ

289 1937 432 2007 μετά
461 1935 558 1990 σοῦ
598 1937 678 1999 είς
707 1938 894 2008 χεῖρας
933 1933 1276 2002 ἀλλοφύλων,
1312 1933 1406 1987 καὶ
1438 1931 1628 2004 αὔριον
1654 1934 1742 1996 σὺ,
1769 1934 1862 1986 καὶ

283 2032 333 2083 οἱ
362 2030 471 2083 υἱοί
501 2047 594 2082 σου
625 2027 762 2099 μετά
787 2028 882 2089 σοῦ
913 2026 1226 2090 πεσοῦνται,
1259 2025 1355 2079 καὶ
1381 2026 1482 2097 τὴν
1510 2026 1863 2097 παρεμϐολὴν

296 2121 516 2192 Ἰσραὴλ
542 2119 700 2173 δώσει
733 2120 936 2192 Κύριος
960 2119 1040 2182 εἰς
1074 2119 1262 2188 χεῖρας
1299 2115 1632 2185 ἀλλοφύλων.
1665 2137 1684 2170 ι
1714 2114 1862 2189 τΛρά

282 2231 367 2267 σοι
411 2213 598 2266 λοιπὸν
629 2211 896 2265 ἐνδοιάσαι
941 2209 1120 2281 θέμις,
1155 2210 1236 2263 ὅτι
1275 2210 1397 2273 ταῖς
1427 2207 1621 2263 ἐαυτοῦ
1658 2208 1861 2280 ψήφοις

282 2303 733 2374 κατεγνωσμένος
771 2303 1066 2373 ἐκτέτηκεν
1095 2302 1170 2374 (1)
1196 2303 1226 2355 ὁ
1261 2301 1468 2366 Σαούλ;
1504 2299 1722 2372 Ἐπειδὴ
1751 2301 1862 2372 γὰρ

279 2396 469 2449 ἐδεδίει
503 2395 614 2448 τῶν
655 2394 1032 2466 ἠθροισμένων
1066 2395 1154 2462 ἐφ’
1194 2387 1479 2463 ἑαυτῷτὺ
1514 2391 1740 2456 ἀσθενὲς
1780 2393 1861 2456 είς

281 2488 498 2557 μάχην,
553 2486 844 2558 μανθάνειν
891 2485 1045 2556 ἠξίου
1097 2485 1164 2538 τὰ
1215 2485 1452 2554 ἐσόμενα
1503 2482 1657 2553 παρά
1699 2482 1855 2537 Θεοῦ.

277 2578 695 2650 Σεσιωπηκότος
727 2579 806 2643 δὲ,
835 2577 928 2632 καλ⁸
953 2575 1429 2639 ἀποκαλύποντος
1460 2575 1635 2638 οὐδὲν,
1662 2575 1862 2646 τρέπε-

273 2689 368 2726 ται
398 2671 535 2742 πρὸς
571 2671 632 2724 τὸ
652 2671 840 2724 λυπεῖν
880 2671 970 2723 τὸν
1008 2670 1221 2740 σιωπᾷν
1250 2666 1546 2739 ᾑρημένον.
1587 2667 1858 2734 Ἀφικνεῖ-

273 2781 367 2815 ται
405 2763 463 2815 δὲ
509 2762 646 2833 πρὸς
699 2762 1161 2832 νεκυομαντείαν,
1205 2759 1385 2814 καίτοι
1437 2759 1563 2821 τοὺς
1602 2756 1852 2826 γνώστας

274 2853 332 2906 δέ
365 2870 512 2923 φημι
543 2854 671 2916 τοὺς
717 2854 999 2924 οἰομένους
1049 2854 1250 2908 εἰδέναι
1293 2851 1365 2906 τὰ
1416 2851 1671 2922 ἐσόμενα.
1724 2846 1860 2904 Εἶτά

275 2959 466 3013 φησιν’
505 2963 524 2995 ι
573 2945 838 3012 Ἀνάγαγέ
865 2962 955 3015 μοι
1000 2945 1092 2998 τὸν
1133 2943 1416 3016 Σαμουὴλ,
1461 2961 1480 2994 ›
1513 2941 1613 3012 οὐχ
1653 2941 1728 3006 ὡς
1759 2942 1857 3012 τῆς

271 3036 492 3106 ἐπῳδῆς
517 3037 633 3107 ἦτοι
663 3039 762 3106 τῆς
792 3037 982 3108 μάγων
1007 3037 1220 3107 τέχνης,
1251 3036 1352 3105 τὴν
1375 3035 1470 3090 τοῦ
1497 3035 1652 3104 ἁγίου
1677 3033 1854 3105 ψυχὴν

270 3129 637 3198 παρενεγκεῖν
657 3127 982 3197 δυναμένης,
1020 3127 1132 3181 ἀλλ’
1156 3127 1231 3190 ὡς
1253 3126 1343 3179 ἀεὶ
1375 3126 1482 3179 τῶν
1519 3123 1853 3214 μαντευομέ-
1879 3156 1919 3214 C

269 3237 382 3273 νων
427 3222 493 3290 τῇ
536 3219 712 3289 τοιᾷδε
747 3217 1104 3288 κεχρημένων
1145 3219 1320 3288 φωνῇ·
1359 3215 1641 3286 ἐπυθόμην
1672 3213 1730 3266 δέ
1767 3213 1848 3266 ὅτι

266 3311 454 3380 λόγοις
495 3312 636 3365 τισὶν
665 3312 994 3382 ἀπορρήτοις
1037 3307 1532 3379 καταγοητεύοντες
1563 3306 1632 3360 τά
1663 3303 1847 3374 δαιμόυ

268 3419 381 3466 νια,
415 3403 508 3458 καὶ
536 3401 691 3457 ὕδατι
731 3401 1146 3472 κατεπᾴδοντες,
1183 3400 1378 3454 εἴδωλα
1410 3399 1505 3453 καὶ
1544 3396 1723 3461 σκιὰς,
1755 3395 1848 3449 καὶ

266 3495 343 3560 ὡς
387 3496 445 3549 ὲν
495 3495 746 3566 ἐσόπτρῳ
793 3494 1009 3568 μορφὰς
1052 3491 1426 3548 καταθεῶνταί
1475 3505 1664 3554 τινων,
1703 3485 1845 3556 τάχα

267 3604 374 3638 που
418 3585 528 3638 τῶν
570 3585 858 3658 δαιμονίων
915 3583 1450 3653 καταπλαττομένων
1502 3577 1732 3641 ἀστείως
1779 3575 1849 3629 τά

265 3675 379 3729 τῶν
425 3677 735 3748 λεγομένων
783 3676 1201 3747 ἀνακομιεῖσθαι
1248 3677 1522 3746 σχήματα.
1558 3672 1670 3727 Καὶ
1714 3670 1846 3738 γοῦν

265 3765 369 3838 ἔφη
400 3767 503 3836 μὲν
524 3769 584 3821 ἐν
611 3768 806 3838 ἀρχαῖς
826 3767 886 3821 τὸ
911 3767 1154 3836 γύναιον·
1187 3765 1329 3837 Ὀρῶ
1353 3766 1508 3829 θεοὺς
1529 3761 1847 3819 ἀναϐαίνον-

266 3873 366 3920 τας
392 3858 458 3909 ἐκ
484 3857 581 3926 τῆς
604 3856 729 3926 γῆς.
761 3853 896 3912 Εἶτα
922 3857 1022 3928 μὲν
1049 3857 1226 3910 τοῦτο·
1266 3875 1284 3909 ι
1317 3857 1428 3909 Καὶ
1451 3851 1576 3918 εἶδε,
1611 3873 1628 3907 ι
1657 3853 1845 3926 φησὶν,

271 3971 289 4002 ι
318 3953 351 4023 ἡ
379 3954 518 4024 γυνὴ
547 3953 638 4007 τὸν
672 3953 944 4025 Σαμουὴλ.
976 3971 990 4004 ι
1019 3953 1339 4007 Χαλεπδνδέ
1372 3952 1546 4015 οὐδὲν,
1571 3953 1628 4004 ἐν
1655 3949 1756 4020 ῐσῳ
1783 3967 1844 4004 τε

267 4043 357 4094 καὶ
411 4043 586 4114 ὁμοίῳ
640 4046 878 4115 σχήματι
927 4043 1020 4097 τοῦ
1071 4043 1342 4115 μακαρίου
1383 4041 1634 4114 Σαμουὴλ
1684 4041 1842 4095 σκιὰν

1779 561 1888 614 Καὶ
1988 564 2202 620 faciam.
2246 568 2314 623 Et
2355 569 2495 622 dixit
2539 570 2756 628 Samuel
2795 592 2808 626 :
2852 574 2964 630 Cur
3004 577 3306 649 interrogas
3353 581 3481 637 me?
3511 593 3569 640 et

1987 656 2249 712 Dominus
2271 661 2496 714 recessit
2527 678 2557 715 a
2598 672 2745 727 te,et
2776 665 2911 722 abiit
2937 667 3004 721 ad
3035 669 3344 738 proximum
3372 682 3562 727 tuum:

1983 755 2041 799 et
2082 747 2212 804 fecit
2248 750 2346 804 tibi
2388 752 2652 810 Dominus
2715 756 2856 812 sicut
2906 760 3124 817 locutus
3173 774 3256 819 est
3303 763 3356 818 in
3399 781 3562 820 manu

1984 852 2137 904 mea;
2166 849 2222 894 et
2246 840 2520 898 discindet
2541 845 2806 903 Dominus
2829 865 3056 919 regnum
3093 853 3161 908 de
3189 871 3351 910 manu
3378 865 3490 920 tua,
3509 866 3562 910 et

1983 928 2135 984 dabit
2198 931 2330 986 illud
2367 935 2618 1003 proximo
2664 946 2756 992 tuo
2794 940 2999 1008 David;
3053 944 3317 1012 quianon
3360 947 3558 1002 audisti

1981 1035 2170 1076 vocem
2209 1023 2444 1090 Domini,
2484 1032 2541 1080 et
2564 1042 2676 1081 non
2721 1028 2960 1099 implesti
2998 1031 3135 1086 iram
3170 1034 3560 1106 indignationis

1979 1111 2098 1181 ejus
2136 1112 2193 1167 in
2231 1113 2453 1171 Amalec
2499 1135 2512 1170 :
2565 1129 2792 1188 propter
2848 1121 2953 1177 hoe
3006 1123 3236 1178 verbum
3284 1125 3412 1181 fecit
3461 1127 3555 1181 tibi

1978 1203 2242 1268 Dominus
2266 1206 2319 1260 in
2346 1207 2436 1262 die
2452 1207 2574 1273 hac,
2603 1219 2661 1264 et
2685 1211 2868 1266 tradet
2894 1212 3156 1267 Dominus
3185 1214 3347 1269 Israel
3377 1224 3553 1271 tecum

1977 1293 2033 1346 in
2057 1309 2251 1351 manus
2273 1297 2671 1370 aIIOphonrum
2711 1320 2722 1354 :
2759 1309 2816 1357 et
2839 1318 2960 1358 cras
2989 1312 3044 1357 tu
3080 1314 3137 1359 et
3174 1305 3272 1358 lilii
3321 1309 3406 1360 tui
3472 1318 3553 1362 tc—

1975 1400 2098 1440 cum
2126 1388 2342 1453 cadent,
2379 1399 2436 1444 et
2465 1401 2644 1447 castra
2683 1393 2850 1449 Israel
2877 1395 3031 1450 dabit
3054 1396 3320 1450 Dominus
3358 1397 3414 1451 in
3438 1414 3545 1452 ma-

1972 1491 2078 1531 nus
2107 1477 2501 1550 allophylorum
2530 1483 2566 1534 '.
2593 1503 2610 1533 ι
2639 1484 2792 1538 Num‘
2836 1485 3003 1556 igitur
3032 1488 3263 1556 posthac
3297 1487 3552 1543 dubitare

1971 1575 2178 1642 poteris
2222 1576 2355 1645 quin
2387 1577 2517 1632 Saul
2539 1595 2635 1634 sua
2659 1582 2928 1637 sententia
2966 1583 3363 1639 condemnatus
3401 1594 3550 1638 exta:

1971 1663 2358 1732 buerit?Nam,
2391 1683 2518 1724 cum
2541 1687 2730 1726 eorum
2763 1672 2912 1727 vires
2956 1672 3022 1727 ad
3060 1673 3432 1744 pugnandum,
3458 1675 3549 1742 qui
3619 1684 3633 1700 '

1968 1755 2257 1812 adversum
2315 1774 2374 1814 se
2435 1763 2747 1832 congregati
2798 1763 3050 1828 fuerant,
3104 1765 3546 1834 pertimesceret,

1967 1849 2218 1918 quaesivit
2241 1867 2271 1905 a
2297 1852 2410 1907 Deo
2448 1853 2662 1909 discere
2687 1854 2818 1925 quid
2843 1866 3172 1912 eventurum
3212 1864 3359 1912 esset
3401 1875 3414 1909 ε
3456 1856 3550 1911 illo

1963 1949 2145 1996 autem
2177 1950 2408 2010 tacente,
2435 1943 2502 1998 ad
2535 1946 2654 2017 ejus
2674 1946 2959 2014 oﬂ‘ensam,
2989 1948 3082 2018 qui
3117 1958 3295 2004 tacere
3345 1957 3540 2004 statue-

1963 2042 2068 2098 rat,
2091 2036 2453 2090 convertitur.
2501 2037 2689 2108 Itaque
2717 2039 2786 2094 ad
2827 2039 3113 2095 mulierem
3159 2039 3548 2094 necromantia

1961 2139 2182 2195 operam
2209 2125 2428 2180 dantem
2451 2129 2667 2200 pergit;
2703 2131 3014 2202 cognitores
3039 2139 3222 2186 autem
3263 2130 3409 2194 dico,
3450 2130 3544 2200 qui

1961 2232 2020 2272 se
2073 2217 2392 2273 existimant
2430 2219 2615 2276 futura
2669 2237 3024 2293 cognoscere.
3062 2223 3271 2278 Deinde
3311 2223 3490 2293 inquit
3529 2241 3540 2274 :

1969 2328 1987 2360 ι
2019 2309 2204 2363 Excita
2234 2309 2369 2364 mihi
2394 2309 2704 2367 Samuelem
2725 2353 2743 2375 ,
2767 2331 2784 2364 ι
2812 2327 2922 2367 non
2961 2312 3108 2382 quod
3146 2328 3211 2366 ea
3235 2312 3320 2366 vis
3342 2311 3541 2366 carmi—

1961 2414 2093 2453 num
2115 2399 2199 2454 veI
2237 2400 2460 2471 magica:
2491 2402 2627 2456 artis
2665 2408 2810 2457 esset
2842 2413 2904 2456 ut
2960 2402 3136 2457 sancti
3160 2402 3267 2455 viri
3304 2401 3542 2456 animam

1958 2508 2190 2550 evocare
2214 2501 2418 2563 posset.
2446 2491 2543 2546 sed
2579 2491 2725 2562 quod
2751 2506 2968 2561 semper
2994 2490 3308 2544 divinantes
3344 2489 3538 2558 hujus—
3620 2501 3634 2521 ι

1959 2585 2114 2640 modi
2167 2601 2300 2642 voce
2329 2591 2574 2639 utantur.
2601 2581 2801 2637 Audivi
2825 2588 3006 2637 autem
3033 2595 3127 2635 eos
3164 2579 3396 2635 occultis
3413 2577 3540 2648 qui-

1971 2676 2204 2732 busdam
2238 2677 2426 2733 verbis
2476 2675 2684 2730 illieere
2721 2673 3026 2738 daamonia;
3065 2681 3140 2736 et,
3167 2688 3307 2742 aqua
3347 2672 3538 2726 incan—

1963 2769 2148 2833 tanda,
2177 2769 2469 2824 simulacra
2493 2777 2548 2822 et
2572 2768 2813 2830 umbras,
2839 2773 2896 2821 et
2937 2774 3192 2834 tanquam
3219 2763 3275 2816 in
3315 2762 3540 2832 speculo

1962 2857 2166 2914 formas
2197 2859 2460 2930 quasdam
2481 2857 2812 2928 conspicari,
2846 2855 3134 2910 daemoniis
3155 2853 3416 2908 videlicet
3436 2869 3529 2908 eo-

1956 2970 2080 3009 rum
2113 2954 2315 3026 Iiguras
2347 2962 2472 3024 apte
2508 2952 2862 3024 fingentibus,
2893 2950 2986 3021 qui
3011 2948 3228 3004 evocari
3253 2946 3530 3002 dicuntur.

1954 3046 2140 3116 Itaque
2161 3045 2313 3116 191
2330 3045 2468 3100 dixit
2483 3045 2722 3115 primum
2741 3043 2832 3097 illa
2857 3042 3054 3096 mulier
3076 3058 3088 3092 :
3111 3038 3282 3094 Video
3299 3037 3433 3092 deos
3449 3053 3533 3092 as-

1953 3139 2296 3194 cendentcse
2317 3147 2464 3194 terra
2483 3137 2774 3203 ’;-deinde:
2804 3156 2821 3186 σ
2844 3133 3081 3198 Etvidit,
3109 3152 3126 3183 ι
3146 3132 3346 3202 inquit,
3375 3151 3391 3180 ‹
3414 3146 3534 3186 mu-

1954 3226 2057 3280 lier
2075 3227 2386 3282 Samuelem
2401 3225 2441 3279 ⁸.
2468 3246 2485 3276 ι
2511 3225 2655 3279 Nihil
2675 3240 2806 3279 vero
2819 3221 3529 3294 prohibetumbramvisam

1953 3315 2124 3370 fuisse
2167 3324 2330 3386 atque
2369 3317 2726 3371 simulacrum
2764 3313 3029 3384 persimili
3077 3311 3239 3368 beato
3288 3312 3527 3368 Samueli

1953 3407 2125 3478 ﬁgura
2143 3407 2544 3486 daemoniorum
2569 3424 2734 3478 opera
2758 3407 3130 3462 ell‘ormatuin.
3155 3405 3312 3472 Quod
3337 3405 3382 3458 si
3407 3404 3531 3473 quis

1951 3506 2109 3568 putet
2133 3507 2414 3554 evocatam
2451 3515 2644 3554 revera
2675 3499 2844 3554 fuisse
2883 3498 3164 3569 propheta:
3188 3497 3450 3562 animam,
3474 3506 3531 3551 et

1954 3589 2204 3645 mulieris
2225 3590 2410 3645 verbis
2449 3589 2707 3650 tribuerit
2731 3589 3056 3654 veritatem;
3082 3603 3238 3659 ergo,
3268 3587 3396 3658 quia
3439 3602 3529 3641 ea-

1951 3679 2077 3736 dem
2101 3679 2240 3736 dixit
2261 3681 2394 3736 deos
2422 3697 2452 3736 e
2487 3687 2634 3736 terra
2667 3679 3026 3736 ascendentes
3068 3695 3124 3734 se
3151 3679 3376 3743 vidisse,
3418 3692 3525 3731 non

1953 3770 2236 3826 divinandi
2286 3771 2676 3828 consuetudini
2737 3771 3010 3828 condonet
3047 3771 3371 3834 falsitatem;
3431 3768 3524 3824 sed

1948 3877 2141 3919 revera
2179 3865 2314 3921 deos
2348 3882 2469 3922 esse
2513 3873 2666 3936 putet
2703 3865 2969 3935 quosdam
2993 3862 3263 3936 ejusmodi
3291 3861 3523 3926 ordinis,

1949 3955 2043 4023 qui
2060 3955 2328 4010 exsistant
2347 3971 2378 4010 e
2398 3966 2540 4012 terra
2560 3972 2711 4022 ;cum
2726 3957 2818 4011 ille
2833 3957 2926 4026 qui
2944 3955 3245 4010 secundum
3269 3960 3399 4008 natu
3411 3969 3525 4009 ram

1949 4043 2093 4098 Deus
2113 4053 2218 4108 est,
2246 4061 2391 4100 unus
2417 4045 2489 4100 sit
2510 4062 2573 4100 ac
2597 4047 2768 4100 solus.

264 4135 496 4206 ὀφθῆναι
556 4137 653 4192 καὶ
697 4139 944 4204 εἴδωλον,
1003 4140 1068 4193 ἐκ
1115 4137 1500 4209 δαιμονιώδους
1548 4136 1832 4208 ἐνεργείας
1873 4138 2331 4208 μεμορφωμένον.
2406 4139 2579 4209 Εἴπερ
2622 4135 2717 4191 οὖν
2758 4136 2926 4190 οἴοιτό
2963 4153 3048 4199 τις
3110 4135 3519 4207 ἀνακεκλῆσθαι

263 4230 399 4284 ma
433 4231 495 4284 τὸ
528 4231 727 4301 ἀληθὲς
765 4231 864 4302 τὴν
897 4230 988 4284 τοῦ
1057 4231 1337 4300 προφήτου
1376 4229 1573 4300 ψυχὴν,
1622 4227 1716 4282 καὶ
1754 4230 1868 4289 τοῖς
1903 4227 1999 4280 τοῦ
2041 4230 2266 4296 γυναίου
2313 4229 2494 4297 λόγοις
2537 4229 2915 4299 ἐπιψηφιεῖται
2955 4227 3016 4280 τὸ
3080 4227 3300 4298 ἀληθὲς,
3332 4228 3519 4296 ἐπειδὴ

262 4322 356 4375 καὶ
399 4322 560 4386 θεοὺς
591 4323 979 4386 ἀναϐαίνοντας
1041 4321 1150 4376 ἀπὸ
1206 4323 1307 4393 τῆς
1366 4321 1472 4391 γῆς
1508 4320 1796 4374 τεθεᾶσθαι
1825 4337 2010 4392 φησιν,
2052 4321 2146 4375 καὶ
2177 4322 2290 4383 τοῖς
2322 4320 2420 4390 τῆς
2451 4318 2710 4388 μαντείας
2737 4318 2881 4371 ἔθεσι
2917 4317 3222 4388 χαριζέσθω
3259 4320 3322 4371 τὸ
3383 4316 3520 4387 ψεῦ-

261 4414 366 4477 δος,
393 4413 512 4467 ἀλλ’
541 4413 736 4468 οἰέσθω
759 4415 902 4468 κατὰ
927 4413 1186 4485 ἀλήθειαν
1217 4415 1310 4468 καὶ
1333 4414 1488 4477 θεοὺς
1513 4407 1652 4467 εἷναί
1675 4429 1826 4476 τινας
1859 4413 1961 4483 τῆς
1998 4409 2253 4482 τοιαύτης
2290 4411 2499 4476 τάξεως
2533 4411 2660 4473 τοὺς
2689 4410 3026 4482 ἀνασχόντας
3055 4409 3165 4463 ἀπὸ
3222 4410 3323 4479 τῆς
3391 4411 3517 4490 γῆς⁸

262 4506 439 4560 καίτοι
469 4505 604 4558 Θεοῦ
655 4507 796 4560 κατὰ
845 4506 1008 4575 φύσιν
1043 4507 1196 4568 ὄντος
1252 4505 1370 4569 ἑνός
1399 4523 1457 4559 τε
1505 4505 1601 4559 καὶ
1649 4504 1834 4576 μόνου.

329 4603 545 4656 ΠΑΛΛ.
576 4601 752 4670 Ἐφης
784 4601 882 4670 μὲν
908 4599 1106 4671 ὀρθῶς.
1124 4601 1270 4672 Ἐρεῖ
1292 4600 1350 4652 δὲ
1377 4597 1490 4664 οὖν,
1524 4596 1700 4672 οἶμαι,
1727 4600 1831 4663 τὶς,

2011 4595 2210 4650 PALL.
2250 4595 2346 4649 Est
2369 4593 2590 4665 quidem
2645 4611 2676 4649 a
2703 4603 2755 4650 te
2785 4603 2932 4650 recte
2969 4594 3197 4650 dictum.
3244 4594 3515 4652 Caeterum

261 4695 454 4747 Καίτοι
555 4692 849 4762 λελάληκεν
929 4691 1106 4762 ἀληθῆ
1191 4691 1674 4760 φιλοπευστοῦντος
1739 4689 1836 4744 τοῦ

261 4784 432 4836 Σαοὺλ
485 4783 738 4853 ἐσόμενα.
808 4782 882 4835 οὐ
951 4781 1142 4852 μικρὸς
1189 4781 1247 4834 δὲ
1293 4781 1424 4850 ἡμῖν
1472 4781 1837 4850 δεδαπάνηται

261 4872 414 4941 λόγος
448 4874 772 4944 ἀπελέγχων
809 4875 892 4927 ὅτι
935 4874 1036 4926 οὐκ
1074 4875 1132 4926 ἐν
1165 4872 1496 4944 ἀκαθάρτοις
1528 4872 1836 4943 πνεύμασιν

259 4964 292 5031 ἡ
315 4965 568 5035 ἀλήθεια.

309 5139 498 5191 ΚΥΡ.
536 5140 611 5192 Οὐ
654 5141 763 5213 γὰρ
806 5136 922 5196 οὖν.
989 5142 1354 5212 Ἀνάρμοστον
1391 5141 1498 5212 γὰρ
1552 5142 1741 5212 χρῆμά
1785 5159 1836 5194 τι

264 5229 357 5282 καὶ
379 5232 690 5302 ἀωμφυές,
726 5233 842 5302 φῶς
871 5235 965 5287 καὶ
993 5234 1205 5297 σκότος,
1237 5233 1470 5304 Χριστὸς
1497 5234 1592 5286 καὶ
1625 5233 1833 5287 Βελιάλ⁸

261 5324 372 5385 τοῖς
403 5341 466 5391 γε
496 5324 604 5395 μὴν
643 5327 1038 5398 παροτρύνουσι
1070 5328 1163 5380 καὶ
1206 5326 1538 5380 καταλυπεῖν
1564 5327 1834 5389 εἰωθόσιν,

260 5412 639 5468 ἀποκαλύπτει
680 5417 846 5480 Θεὸς,
889 5419 983 5470 καὶ
1006 5418 1071 5471 δι’
1099 5412 1172 5471 ὧν
1199 5419 1401 5487 ἥκιστα
1443 5417 1550 5488 χρὴ
1582 5418 1695 5470 ἔσθ’
1725 5417 1834 5480 ὅτε,

260 5502 328 5552 τὰ
354 5502 625 5572 ἐσόμενα,
665 5505 1002 5575 ἐνηχούντων
1029 5505 1174 5560 κατά
1205 5507 1266 5560 τὸ
1298 5506 1443 5569 εἰκὸς
1471 5506 1642 5574 ἁγίων
1674 5507 1837 5575 ἀγγέο

330 5635 344 5664 ¹
374 5637 391 5689 I
418 5638 555 5696 Reg.
594 5655 776 5703 xxvm,
813 5640 959 5695 549.
1036 5644 1055 5672 ¹
1078 5640 1096 5694 1
1122 5641 1254 5710 Reg.
1285 5657 1468 5703 xxvm,
1500 5641 1580 5693 l3.

1943 4686 2090 4742 dicet
2133 4686 2363 4741 fortasse
2411 4687 2682 4756 quispiam
2719 4705 2732 4740 :
2765 4686 2926 4757 Atqui
2975 4703 3103 4742 vera
3155 4687 3315 4753 dixit,
3355 4688 3518 4745 Saulc

1941 4794 2065 4848 qua:
2091 4777 2277 4832 futura
2302 4787 2483 4832 essent
2523 4778 2854 4834 sciscitante.
2881 4778 3000 4832 Non
3023 4786 3106 4834 est
3127 4787 3312 4834 autem
3351 4797 3381 4834 a
3421 4798 3515 4836 no-

1943 4869 2030 4924 bis
2051 4869 2246 4940 exigua
2271 4870 2537 4925 orationis
2560 4885 2687 4939 pars
2710 4870 2765 4923 in
2797 4884 2864 4924 eo
2889 4878 3212 4940 consumpta
3237 4879 3297 4926 ut
3319 4873 3527 4942 proba-

1944 4977 2130 5017 remus
2201 4976 2311 5017 non
2371 4961 2550 5016 inesse
2595 4962 2649 5016 in
2697 4961 2929 5031 impuris
2976 4963 3265 5032 spiritibus
3315 4966 3518 5019 verita—

1946 5060 2076 5107 tem.

2011 5145 2168 5200 CYR.
2216 5145 2357 5210 Non,
2403 5147 2644 5216 inquam.
2671 5146 2861 5217 Neque
2883 5149 3032 5204 enim
3070 5151 3325 5220 componi
3351 5162 3513 5220 atque

1939 5237 2312 5306 coagmentari
2339 5236 2499 5291 simul
2525 5248 2756 5307 possunt
2781 5240 2874 5294 lux
2890 5250 2947 5295 et
2975 5243 3232 5306 tenebrae,
3260 5242 3512 5297 Christus

1938 5338 1996 5382 et
2025 5329 2188 5383 Belial
2218 5346 2231 5382 :
2258 5346 2447 5384 verum
2476 5331 2820 5387 irritantibus
2843 5349 2907 5387 ac
2938 5350 3078 5404 saepe
3104 5333 3511 5388 offendentibus

1942 5421 2150 5475 revelat
2175 5421 2358 5476 futura
2384 5422 2548 5486 Deus,
2577 5423 2848 5478 interdum
2875 5424 3039 5477 etiam
3064 5441 3159 5494 per
3182 5439 3320 5492 quos
3345 5421 3506 5474 mini-

1944 5525 2030 5564 mc
2055 5512 2333 5578 convenit,
2377 5511 2758 5568 insonantibus
2787 5513 3028 5567 humano
3064 5513 3248 5567 animo
3306 5511 3511 5566 sanctis

1659 5640 1680 5670 ³
1704 5641 1835 5694 ibid.
1879 5642 1958 5695 l2.

326 5750 406 5821 (I)
461 5751 595 5804 Cod.
661 5754 799 5819 νειμ,
835 5755 1205 5825 ὲκτετίμηκεν.
1255 5758 1423 5812 Paulo
1477 5757 1613 5810 infra
1667 5759 1836 5813 utitur

1965 5759 2044 5813 'bo
2075 5759 2352 5818 τήκεσθαι,
