3990 6196
452 353 552 414 ιω

449 465 662 539 angelis
697 478 760 518 ea
784 475 925 531 quae,
968 457 1012 512 si
1039 456 1076 510 ii
1117 453 1415 510 didicerint
1453 454 1548 523 qui
1594 455 1813 509 curiose
1839 453 2031 509 scisci-

452 569 657 622 tantur,
710 551 1006 610 admodum
1044 548 1426 612 intabescent;
1479 560 1653 615 eaque
1692 544 2030 615 praenotione

453 645 620 705 veluti
640 644 969 718 quibusdam
987 643 1082 696 ira:
1103 656 1167 695 ae
1181 653 1471 710 poenarum
1498 638 1603 693 sibi
1622 638 2029 693 imminentium

453 739 712 812 primitiis
744 735 1166 806 torquebuntur.
1216 732 1276 787 ln
1319 731 1524 786 sanctis
1558 730 1707 785 enim
1748 729 2032 800 prophetis

454 832 716 897 insident,
765 830 957 899 eisque
1017 824 1499 881 communicantur
1552 820 1877 891 plerumque
1922 836 2031 875 non

454 924 632 979 tristia
678 922 878 985 solum,
922 926 978 973 et
1013 917 1216 988 quibus
1254 928 1490 970 mmrere
1512 920 1568 968 et
1593 913 1647 967 in
1673 913 1825 968 luctu
1850 914 2032 984 jacere

453 1013 726 1084 quispiam
765 1008 971 1082 possit;
1016 1006 1110 1061 sed
1143 1005 1311 1059 etiam
1359 1016 1700 1074 quaecunque
1755 1001 2035 1056 nonnullis

456 1105 657 1161 lmtitiaz
679 1097 1079 1173 etjucunditati
1107 1096 1291 1151 futura
1318 1102 1448 1150 sunt
1478 1112 1490 1148 :
1521 1091 1706 1164 impiis
1742 1103 1927 1148 autem
1971 1108 2034 1148 ac

457 1195 681 1252 nefariis
705 1192 1104 1249 divinationum
1123 1188 1385 1243 studiosis
1414 1186 1560 1241 Deus
1591 1186 1733 1240 mala
1753 1201 1876 1256 qua:
1901 1185 2035 1255 ipsis

456 1294 718 1341 eventura
741 1292 870 1338 sunt
895 1281 1088 1352 aperit.

442 1385 445 1388 '
529 1374 724 1429 PALL.
770 1370 1057 1440 Quomodo
1097 1378 1300 1434 autem,
1351 1373 1447 1421 aut
1470 1365 1616 1420 unde
1655 1365 1769 1419 haec
1814 1362 2033 1435 probari

459 1466 756 1536 poterunt?

524 1557 681 1614 CYR.
737 1555 819 1611 Ab
842 1554 977 1624 ipsis
998 1552 1226 1607 Litteris
1274 1552 1631 1617 sacris;nam
1681 1565 1802 1621 quae
1842 1548 2037 1619 priscis

351 1673 363 1688 ·
458 1648 567 1704 illis
606 1646 924 1703 hominibus
953 1643 1305 1709 acciderunt,
1344 1643 1548 1713 scripta
1602 1650 1728 1696 sunt
1764 1649 1824 1696 ut
1867 1639 2038 1711 figura

1479 344 1533 399 S.
1575 343 1848 398 CYRILLI
1890 343 2360 400 ALEXANDRlNl
2400 339 2713 396 ARCHIEP.

3600 323 3706 398 tito

2103 454 2242 523 ,λων
2291 455 2370 516 είς
2413 450 2752 523 ἀνθρώπινον
2804 450 2965 514 νοῦν,
3014 448 3158 521 ἅπερ
3198 449 3264 505 ἂν
3303 451 3350 504 εἰ
3394 450 3616 521 μάθοιεν
3656 458 3705 510 οἱ

2134 545 2509 614 φιλοπευστεῖν
2551 542 2851 614 ᾑρημένοι,
2903 543 3375 612 κατατακήσονται
3427 543 3580 609 λίαν,
3611 545 3708 600 καὶ

2132 635 2385 709 ἀπαρχὴν
2414 636 2604 706 ὥσπερ
2623 633 2745 688 τινά
2771 632 2873 703 τῆς
2905 632 3087 701 σφίσιν
3121 632 3514 704 ὲπηρτημὲνης
3540 635 3711 706 ὀργῆς

2132 745 2189 783 τε
2214 729 2307 781 καὶ
2331 727 2488 796 δίκης
2516 724 2850 796 ὑπομένουσι
2877 724 2976 794 τὴν
3005 722 3338 795 πρόγνωσιν.
3378 722 3580 791 ’Δγίοις
3611 726 3711 794 μὲν

2134 819 2243 891 γὰρ
2294 818 2604 888 προφήταις
2669 814 3112 879 ὲπαναπαύεται,
3164 816 3263 868 καὶ
3324 813 3715 869 ἀνακοινοῦται

2134 910 2422 977 πολλάκις,
2444 907 2564 978 οὐχὶ
2596 906 2662 979 δὴ
2693 906 2830 978 μόνα
2855 907 2924 960 τά
2954 904 3275 976 σκυθρωπὰ,
3303 906 3398 958 καὶ
3417 900 3615 977 οἷσπερ
3649 907 3714 960 ἄν

2134 1018 2220 1065 τις
2267 999 2671 1068 ὲπιστυγνάσας
2709 997 2928 1053 καθίσει
2973 995 3259 1067 δακρύων,
3287 995 3424 1050 ἀλλά
3471 997 3565 1050 καὶ
3612 998 3714 1050 ὅσα

2136 1091 2272 1163 πρὸς
2309 1090 2572 1162 εὐθυμίας
2613 1089 2707 1144 καὶ
2752 1087 3054 1160 εὐημερίας
3089 1087 3241 1141 ἔσται
3282 1086 3446 1140 τισίν·
3477 1087 3717 1152 ἀνοσίοις

2134 1182 2314 1236 δὲκαὶ
2357 1180 2733 1250 ἑναγεστὰτοις
2765 1178 3153 1250 φιλομάντεσι,
3189 1176 3260 1230 τὰ
3304 1177 3486 1247 σφίσιν
3526 1180 3713 1243 αὐτοῖς

2134 1274 2369 1345 ἐσόμενα
2395 1271 2781 1326 διεκκαλύπτει
2813 1271 2980 1326 κακά.

2207 1365 2415 1419 ΠΑΛΛ.
2445 1364 2556 1418 Καὶ
2578 1363 2661 1426 τίς
2691 1363 2724 1434 ἢ
2759 1362 2924 1415 πόθεν
2957 1361 3023 1416 ἂν
3046 1360 3257 1431 γένοιτο
3282 1360 3487 1415 τούτων
3510 1362 3646 1433 ἡμῖν
3679 1364 3713 1433 ή

2137 1458 2319 1522 πίστις
2342 1476 2358 1524 ;

2207 1550 2373 1604 ΚΥΡ.
2424 1548 2559 1603 ’Δπὸ
2590 1565 2654 1618 γε
2687 1548 2797 1602 τῶν
2824 1546 2984 1618 ιερῶν
3009 1547 3377 1619 Γραμμάτωψ
3401 1548 3570 1612 τύπος
3607 1546 3718 1618 γάρ

2136 1643 2271 1713 ἡμῖν
2317 1640 2414 1695 καὶ
2456 1640 2849 1712 μυσταγωγίας
2887 1640 3174 1711 ἀνεγράφη
3223 1640 3453 1711 τρόπος,
3493 1640 3561 1693 τά
3605 1641 3719 1703 τοῖς

458 1742 620 1797 nobis
633 1748 839 1805 essent,
864 1746 921 1794 et
943 1737 1140 1793 modus
1150 1752 1259 1807 quo
1280 1735 1507 1806 mystice
1532 1733 1928 1793 imbueremur.
1952 1730 2037 1786 An

2153 1733 2516 1806 ὶρχαιοτέροις
2555 1730 2961 1803 συμϐεσηκότα.
3005 1730 3074 1784 Ἢ
3108 1730 3217 1802 γὰρ
3262 1731 3364 1784 οὐκ
3407 1725 3593 1797 οῐσθα,
3635 1731 3720 1786 ὅτι

461 1841 678 1905 ignoras
699 1831 861 1886 Balac
891 1828 1067 1884 filium
1108 1827 1342 1896 Sephor,
1384 1826 1538 1880 illum
1579 1824 1940 1880 Moabitarum
1981 1829 2039 1877 et

2153 1826 2325 1881 Βαλὰκ
2361 1827 2390 1879 6
2417 1823 2510 1878 τοῦ
2541 1823 2801 1895 Σεπφὼρ,
2848 1825 2877 1878 6
2915 1820 3226 1888 Μωαϐιτῶν
3254 1822 3345 1876 καὶ
3365 1822 3722 1894 Μαδιηναίων

461 1924 881 1980 Madianitarum
930 1929 1245 1992 tyrannum,
1283 1932 1410 1974 cum
1456 1917 1655 1973 fortem
1694 1924 1751 1973 et
1785 1916 2045 1973 invictam

2153 1918 2429 1991 τύραννος,
2454 1916 2552 1989 τὴν
2581 1914 3025 1984 ἀκαταγώνιστόν
3057 1931 3116 1968 τε
3150 1914 3246 1968 καὶ
3279 1912 3583 1985 ἄθραυστον
3626 1913 3721 1966 τοῦ

462 2015 682 2072 lsraelis
733 2011 1153 2068 multitudinem
1206 2009 1642 2081 pertimesceret,
1688 2023 1752 2064 ac
1785 2005 1941 2063 brevi
1987 2022 2046 2062 se

461 2121 587 2161 cum
640 2103 856 2161 caeteris
908 2102 1167 2174 gentibus
1214 2100 1376 2156 simul
1413 2099 1719 2171 periturum
1765 2098 2045 2154 existima-

462 2204 564 2261 ret,
607 2195 861 2252 mercede
886 2202 1045 2265 pacta
1066 2192 1393 2249 conduxisse
1412 2192 1663 2247 Balaam?
1694 2210 1713 2243 ι
1740 2190 1898 2255 Veni,
1920 2208 1937 2240 ι
1960 2188 2047 2243 in-

460 2287 600 2358 quit,
646 2307 663 2339 ι
691 2294 748 2341 et
769 2286 1001 2341 maledic
1027 2285 1233 2340 lsraeli.
1258 2282 1506 2354 Cumque
1527 2283 1805 2339 venissent
1826 2279 2006 2336 nuntii
2032 2298 2044 2333 :

462 2378 847 2443 Diversamini,
872 2398 889 2430 ι
918 2378 1117 2448 inquit,
1143 2397 1159 2429 ι
1183 2377 1272 2432 hic
1287 2384 1448 2432 nocte
1467 2376 1600 2442 hac;
1628 2383 1685 2430 et
1708 2372 2052 2443 respondebo

464 2471 620 2527 vobis
645 2472 910 2543 quidquid
933 2470 1411 2526 dixeritDominus
1433 2468 1499 2524 ad
1518 2483 1605 2524 me
1621 2468 1693 2522 ⁸.)
1720 2467 1877 2537 192
1890 2466 2054 2522 Cum-

463 2577 570 2631 que
605 2561 800 2633 frigida
831 2571 889 2617 et
925 2578 957 2616 a
987 2560 1271 2617 daemoniis
1305 2559 1549 2615 immissa
1597 2558 1810 2614 somnia
1845 2571 2054 2627 quaere-

464 2664 568 2720 ret,
593 2663 648 2710 et
670 2672 790 2725 quae
805 2671 869 2710 ex
897 2652 1233 2709 carminibus
1251 2662 1307 2708 et
1322 2652 1544 2723 magicis
1575 2652 1785 2707 artibus
1801 2652 1906 2707 sibi
1925 2665 2056 2706 con-

464 2747 672 2812 tingere
696 2745 964 2809 solebant,
1026 2751 1321 2813 separaret,
1367 2743 1659 2798 Dominum
1697 2742 1834 2798 dixit
1867 2756 2054 2797 secum

463 2824 777 2890 locuturum
806 2854 818 2889 :
844 2837 1016 2890 Deum
1040 2834 1186 2889 enim
1209 2850 1269 2890 se
1308 2834 1499 2890 audire
1523 2834 1830 2890 simulabat.
1857 2834 2058 2902 Quam-

464 2927 548 2981 vis
571 2935 753 2982 autem
783 2941 952 2982 sacrae
977 2925 1200 2981 Litterae
1224 2926 1504 2982 consuetis
1521 2925 1927 2981 incantatorum
1956 2942 2056 2981 vo-

465 3019 623 3074 cibus
650 3027 896 3083 utantur,
930 3034 1040 3075 non
1073 3026 1253 3075 tamen
1299 3019 1580 3089 sapienter
1609 3019 2054 3075 existimabimus

464 3126 591 3165 eum
621 3110 717 3182 qui
748 3121 945 3167 natura
993 3120 1051 3166 et
1095 3126 1228 3167 vere
1258 3112 1405 3167 Deus
1438 3121 1542 3177 est,
1575 3112 1727 3166 velut
1759 3126 1828 3166 ex
1869 3109 2054 3165 chari—

2159 2010 2375 2083 Ἰσραὴλ
2399 2008 2825 2081 κατορρωδήσας
2853 2006 3094 2078 πληθὺν,
3119 2006 3214 2060 καὶ
3251 2005 3452 2059 αὐτίκα
3475 2003 3541 2075 δὴ
3575 2004 3726 2076 μάλα

2147 2105 2261 2167 τοῖς
2290 2102 2497 2173 ἑτέροις
2522 2099 2700 2154 ἔθνεσι
2726 2097 3132 2153 συνδιόλλυσθαι
3160 2094 3561 2160 πεπιστευκὼς,
3591 2114 3725 2150 κατ-

2149 2193 2438 2265 εμισθοῦτο
2461 2193 2553 2247 τὸν
2576 2191 2807 2263 Βαλαάμ
2830 2208 2845 2257 ;
2872 2209 2890 2242 ι
2913 2190 3081 2260 Δεῦρο
3107 2189 3192 2260 δὴ,
3212 2209 3232 2242 ι
3251 2189 3446 2258 λέγων,
3467 2207 3487 2240 ι
3507 2190 3726 2258 ἐπάρα-

2152 2286 2242 2339 σαί
2266 2302 2356 2357 μοι
2386 2285 2479 2339 τὸν
2512 2283 2746 2356 Ἰσραήλ.
2764 2281 2981 2353 Ἐπειδὴ
3001 2281 3058 2334 δὲ
3079 2275 3213 2352 ἧκον
3236 2282 3283 2334 οί
3312 2278 3592 2350 πρέσϐειςο
3614 2280 3726 2333 Κα-

2149 2380 2418 2434 ταλύσατε
2447 2378 2634 2445 αὑτοῦ,
2662 2396 2682 2431 ›
2710 2377 2865 2448 φησὶ,
2907 2395 2926 2428 ι
2945 2376 3044 2446 τὴν
3064 2375 3235 2429 νύκτα
3255 2416 3271 2440 ,
3299 2374 3395 2428 καὶ
3417 2373 3726 2446 ἀποκριθή-

2155 2490 2319 2545 σομαι
2347 2473 2475 2544 ὑμῖν
2501 2473 2734 2543 πρᾶγμα
2771 2469 2799 2523 ὂ
2820 2469 2916 2524 ὲάν
2945 2468 3158 2541 λαλήσῃ
3183 2466 3388 2538 Κύριος
3418 2468 3557 2539 πρός
3583 2484 3673 2538 με.
3702 2486 3722 2519 ι

2166 2564 2470 2637 Ὀνειράτια
2502 2563 2558 2617 δὲ
2586 2561 2771 2634 ψυχρά
2801 2561 2898 2616 καὶ
2927 2559 3255 2633 δαιμονιώδη
3289 2558 3503 2631 ζητῶν,
3536 2560 3634 2613 καὶ
3665 2558 3727 2627 ἐξ

2155 2657 2369 2729 ἐπῳδῆς
2388 2655 2529 2728 τάχα
2554 2672 2657 2709 που
2687 2655 2780 2709 καὶ
2807 2652 3145 2725 μαγγανείας
3176 2651 3323 2723 αὐτῷ
3357 2651 3729 2724 ωμόαίνοντα

2156 2746 2495 2820 προσδοκῶν,
2539 2746 2745 2818 Κύριον
2790 2745 2895 2814 ἔφη
2927 2744 3182 2815 λαλήσειν
3215 2742 3384 2814 αὐτῷ’
3421 2741 3729 2797 θεοκλυτεῖν

2156 2842 2264 2910 γάρ
2324 2839 2648 2909 ἐσκήπτετο.
2698 2837 2839 2891 Ἀλλ’
2886 2837 2941 2891 εἰ
2998 2836 3093 2890 καὶ
3136 2837 3258 2898 ταῖς
3311 2833 3568 2906 συνήθεσι
3622 2832 3730 2887 τῶν

2156 2932 2368 3002 γοήτων
2394 2933 2599 3001 φωναῖς
2637 2929 2698 2983 τὸ
2727 2928 2969 3000 Γράμμα
2996 2928 3195 2999 χρῆται
3226 2926 3288 2980 τὸ
3322 2926 3464 2999 ἱερὸν
3483 2971 3498 2995 ,
3525 2926 3629 2980 οὐκ
3654 2925 3721 2979 ἂν

2156 3020 2473 3091 οίηθείημεν
2520 3018 2696 3091 ὀρθῶς
2739 3018 3094 3091 φρονοῦντες,
3138 3018 3272 3072 Θεὸν
3306 3018 3399 3072 τὸν
3432 3017 3593 3087 φύσει
3636 3018 3731 3071 καὶ

2159 3110 2378 3180 ἀληθῶς
2403 3111 2523 3174 ταῖς
2549 3108 2790 3181 βεϐήλων
2821 3108 3020 3163 ἐνιέναι
3035 3107 3232 3179 ψυχαῖς
3261 3107 3336 3171 ὡς
3358 3107 3415 3174 ἐξ
3430 3107 3655 3177 ἀγάπης
3666 3106 3731 3159 τὸ

468 3209 576 3255 tate
602 3199 953 3272 profanorum
978 3201 1265 3256 hominum
1296 3201 1497 3256 animis
1526 3201 1824 3256 immittere
1845 3200 2046 3256 verita-

2153 3202 2477 3274 ἀληθὲς,καὶ
2501 3200 2656 3272 ἀνδρὶ
2687 3198 2920 3272 μυσαρῷ
2946 3200 3041 3254 καὶ
3067 3200 3226 3270 γόητι
3255 3198 3731 3270 καὶείδωλολὰτρῃ

466 3299 599 3357 tem,
641 3298 698 3346 et
742 3306 867 3347 cum
894 3291 1117 3347 homine
1172 3291 1624 3358 sceleratissimo,
1668 3300 1948 3362 eLmago,
1992 3299 2047 3346 et

466 3382 630 3438 idolis
645 3382 832 3439 dedito
855 3384 1527 3456 colloqui.Verumtamen,
1553 3404 1571 3435 ι
1594 3384 1777 3451 Venit,
1805 3404 1823 3436 ι
1848 3384 2045 3455 inquit,

477 3495 494 3524 ε
533 3474 679 3530 Deus
701 3476 768 3530 ad
793 3475 1033 3542 Balaam,
1073 3485 1130 3532 et
1159 3476 1298 3531 dixit
1338 3477 1416 3531 illi
1449 3518 1461 3529 .
1495 3475 1637 3542 Quid
1665 3475 1917 3531 homines
1955 3475 2047 3530 isti

467 3581 637 3635 penes
661 3575 713 3623 te
736 3568 796 3621 ’ἲ
822 3587 841 3619 ›
872 3568 1059 3639 quue
1080 3584 1299 3624 causam
1345 3569 1614 3624 adventus
1657 3583 1850 3623 eorum
1876 3583 2046 3637 expo-

468 3669 634 3713 nente
662 3676 677 3711 :
710 3678 728 3709 ‹
762 3659 926 3723 Dixit,
951 3678 970 3709 ι
995 3659 1193 3729 inquit,
1213 3678 1232 3710 ι
1261 3660 1526 3714 Dominus
1550 3659 1767 3714 Balaam
1799 3678 1810 3714 :
1837 3660 1916 3714 Ne
1955 3674 2049 3714 eas

470 3760 597 3799 cum
618 3745 748 3810 illis,
777 3761 956 3815 neque
980 3746 1278 3803 maledicas
1300 3749 1503 3819 populo
1530 3768 1542 3803 :
1571 3756 1656 3805 est
1692 3750 1840 3805 enim
1879 3749 2048 3804 bene-

471 3835 653 3891 dictus
667 3837 708 3890 ⁶.
742 3855 760 3888 ι
791 3836 929 3892 Ecce
950 3838 1062 3908 jam
1086 3846 1272 3908 aperte
1322 3839 1516 3895 beatus
1552 3841 1779 3911 angelus
1818 3857 1887 3898 ex
1917 3857 2046 3911 per-

472 3942 602 3982 sona
634 3928 730 3983 Dei
759 3926 1108 3998 deceptorem
1151 3928 1305 3984 illum
1348 3938 1511 4001 atque
1565 3942 1887 4003 nugatorem
1928 3948 2046 3988 ma-

472 4035 600 4085 gum
625 4020 845 4084 avertit,
898 4035 968 4076 ne
991 4019 1320 4078 maledicere
1343 4022 1542 4079 audeat
1561 4024 1639 4078 illi
1673 4024 1765 4095 qui
1793 4025 1918 4079 sita
1936 4024 2049 4078 Deo

476 4109 815 4176 benedictus,
841 4125 1020 4180 neque
1037 4110 1238 4167 divinis
1260 4112 1501 4169 decretis
1539 4123 1776 4185 opponat
1821 4113 2048 4169 humani

477 4199 815 4270 infelicisque
840 4201 1056 4256 consilii
1080 4212 1391 4258 commenta
1420 4221 1431 4257 :
1472 4220 1581 4260 non
1609 4204 1757 4274 quod
1803 4204 1894 4259 illa
1934 4219 2048 4259 nta-

474 4291 698 4365 ledictio
728 4289 945 4350 ofﬁcere
978 4294 1184 4364 aliquid
1217 4305 1434 4365 posset;
1488 4297 1586 4352 sed
1632 4307 1693 4352 ut
1743 4303 1930 4367 aperte
1984 4310 2047 4351 ac

478 4382 785 4449 manifeste,
815 4384 991 4454 quiin
1025 4385 1339 4457 bujusmodi
1387 4402 1540 4456 spem
1574 4387 1738 4441 stulte
1778 4386 2049 4442 adductus

474 4480 640 4538 esset,
686 4488 785 4543 per
817 4473 972 4529 illum
1011 4489 1231 4544 quoque
1285 4475 1485 4528 certior
1547 4473 1723 4541 fieret,
1766 4491 2048 4546 nunquam

2155 3293 2497 3366 προσλαλεῖν.
2528 3292 2696 3366 Πλὴν,
2731 3312 2752 3345 ι
2786 3288 2980 3357 Ἦλθε,
3020 3312 3038 3343 ι
3066 3292 3254 3362 φησὶν,
3289 3311 3309 3345 ι
3339 3294 3369 3346 6
3398 3291 3533 3356 Θεὸς
3585 3290 3725 3362 πρὸς

2155 3382 2405 3458 Βαλαὰμ,
2431 3386 2526 3441 καὶ
2548 3382 2701 3441 εἶπεν
2730 3386 2899 3457 αὐτῷ·
2928 3386 2994 3440 Τί
3021 3387 3071 3440 οί
3098 3385 3375 3459 ἄνθρωποι
3404 3369 3549 3440 οὗτοι
3582 3385 3733 3457 παρά

2157 3479 2267 3542 σοίς
2296 3498 2314 3530 ι
2341 3477 2449 3531 Τοῦ
2483 3477 2540 3532 δὲ
2570 3478 2669 3547 τῆς
2699 3476 2936 3546 ἀφίξεως
2958 3476 3054 3549 τὴν
3083 3477 3265 3531 αἰτίαν
3294 3474 3726 3546 ἀπηγγελκότος,

2165 3589 2183 3621 ι
2221 3564 2377 3634 Εῐπε,
2416 3588 2435 3621 ι
2478 3568 2663 3640 φησιν,
2694 3587 2713 3619 ‹
2751 3570 2779 3621 6
2803 3567 2935 3633 Θεὸς
2958 3568 3094 3640 πρὸς
3111 3568 3360 3638 Βαλαάμ·
3390 3568 3466 3622 06
3490 3566 3732 3639 πορεύσῃ

2158 3663 2273 3733 μετ’
2310 3660 2511 3724 αὐτῶν,
2551 3660 2659 3714 οὐδ’
2687 3660 2747 3714 οὐ
2782 3659 2857 3731 μὴ
2879 3661 3161 3732 καταράσῃ
3187 3660 3279 3721 τὸν
3297 3660 3447 3712 λαόν*
3480 3658 3729 3728 ἔστιγὰρ

2156 3754 2352 3826 εὐλογη
2363 3754 2542 3825 μένος.
2562 3771 2579 3805 ι
2600 3752 2731 3807 Ἰδοὺ
2749 3752 2814 3824 δὴ
2833 3754 3018 3823 σαφῶς
3039 3755 3102 3806 ὲκ
3126 3751 3418 3824 προσώπου
3452 3751 3548 3804 τοῦ
3566 3750 3728 3816 Θεοῦ,

2153 3848 2182 3900 6
2212 3847 2482 3918 μακάριος
2526 3845 2759 3914 ἄγγελος
2796 3845 2888 3899 τὸν
2930 3844 3223 3898 ἀπατεῶνα
3259 3843 3352 3897 καὶ
3377 3843 3727 3914 είκαιὸμυθον

2154 3936 2456 4008 ἀποτρέπει
2513 3935 2689 4005 γόητα
2729 3933 2823 3987 τὸν
2870 3932 3234 4004 εὐλογημένον
3281 3933 3434 4003 παρὰ
3477 3931 3599 4001 Θεῷ
3652 3931 3727 4002 μὴ

2154 4026 2464 4100 ἐπαρᾶσθαι
2517 4026 2737 4097 ζητεῖν,
2792 4026 2928 4099 μηδὲ
2976 4028 3099 4089 ταῖς
3145 4023 3353 4078 ἀνωθεν
3411 4021 3731 4091 ἀντεξάγειν

2154 4120 2357 4190 ψήφοις
2409 4118 2478 4173 τά
2521 4118 2582 4185 ὲξ
2629 4118 2981 4191 ἀνθρωπίνης
3045 4115 3367 4178 δυσϐουλίας
3424 4114 3727 4186 εὑρέματα,

2154 4208 2251 4278 οὐχ
2277 4207 2355 4272 ὡς
2384 4207 2485 4277 τῆς
2525 4208 2665 4278 ἀρᾶς
2696 4205 2987 4277 ίσχυούσης
3020 4206 3245 4269 ἀδικεῖν,
3282 4204 3397 4257 ἀλλ’
3424 4204 3513 4258 ἵνα
3543 4202 3732 4272 σαφῶς

2153 4317 2212 4353 τε
2239 4300 2336 4353 καὶ
2379 4299 2625 4369 ἐναργῶς
2671 4299 2700 4352 6
2739 4298 2840 4370 τὴν
2885 4298 3140 4369 τοιαύτην
3174 4297 3365 4352 ἐλπίδα
3403 4295 3731 4368 παραλόγως

2155 4390 2587 4462 είσδεδεγμένος,
2619 4389 3031 4463 πληροφοροῖτο,
3059 4390 3150 4445 καὶ
3187 4389 3252 4444 δι’
3285 4388 3470 4453 αὐτοῦ,
3493 4386 3571 4451 ὡς
3615 4385 3721 4440 οὐκ

2155 4483 2222 4539 ἂν
2262 4482 2472 4553 γένοιτό
2497 4499 2626 4537 ποτε
2658 4482 2978 4545 Μωαϐίταις
3003 4482 3037 4553 ἢ
3062 4481 3417 4552 Μαδιηναίοις
3445 4476 3730 4547 ἁλώσιμος

473 4566 590 4620 fore
624 4572 688 4619 ut
708 4580 751 4627 _a
770 4565 1025 4620 Moabitis
1058 4565 1144 4619 vel
1166 4564 1475 4619 Madianitis
1499 4564 1664 4620 Israel
1706 4580 2046 4637 expugnare-

2156 4575 2186 4629 6
2246 4573 2497 4646 Ἰσραὴλ,
2549 4572 2981 4646 προασπίζοντος
3041 4590 3101 4627 τε
3154 4574 3249 4627 καὶ
3298 4568 3736 4643 ὑπεραθλοῦντος

474 4666 585 4723 tur,
619 4657 705 4712 cui
748 4664 1026 4726 protector
1051 4669 1197 4713 esset
1251 4672 1314 4711 ac
1358 4666 1729 4728 propugnator
1765 4659 1930 4725 Deus,
1955 4659 2049 4729 qui

475 4749 745 4820 populum
767 4747 1119 4803 benedictum
1142 4750 1358 4824 sibique
1395 4742 1641 4804 deditum
1679 4765 1780 4806 sua
1800 4751 2051 4823 benigni-

450 4846 586 4919 ‘tute
609 4837 868 4893 muniret.
894 4836 1071 4906 Atque
1106 4838 1222 4894 haec
1244 4838 1468 4910 quidem
1509 4838 1703 4896 beatus
1743 4842 1971 4913 angelus
1995 4850 2051 4897 et

474 4930 635 4995 dixit,
660 4941 717 4986 et
732 4930 913 4987 facere
937 4932 1215 5001 praeepit.
1238 4931 1365 5000 Sed,
1389 4942 1743 5007 posteaquam
1761 4936 2048 5004 promissis

479 5022 805 5076 muneribus
828 5020 897 5075 ad
919 5021 1174 5077 eumdem
1197 5022 1285 5079 ille
1310 5031 1464 5081 vates
1500 5026 1714 5082 illectus
1762 5033 1865 5091 est,
1904 5027 2052 5096 quod

478 5112 709 5167 fortasse
737 5113 792 5166 id
818 5129 950 5168 vere
997 5128 1057 5168 se
1089 5116 1469 5185 prmstiturum
1509 5119 1864 5189 opinaretur,
1903 5120 2055 5175 abire

478 5202 700 5272 quidem
726 5203 978 5273 permisit
1012 5207 1239 5277 angelus
1262 5226 1278 5276 ;
1302 5209 1396 5265 sed
1444 5209 1499 5264 in
1522 5211 1706 5266 media
1731 5222 2056 5281 conspectus

386 5320 393 5325 -
480 5300 566 5347 est
618 5292 707 5347 via
729 5292 957 5365 fulgenti
1002 5297 1183 5369 gladio
1230 5317 1241 5351 :
1292 5298 1348 5353 in
1372 5314 1484 5370 quo
1530 5301 1819 5357 manifeste
1866 5302 2055 5358 docuit

478 5400 628 5452 cum,
667 5386 711 5440 si
740 5386 1066 5445 maledicere
1110 5389 1274 5446 vellet
1310 5391 1378 5446 iis
1414 5391 1508 5461 qui
1546 5392 1824 5449 benedicti
1870 5403 2048 5460 erant,

481 5475 684 5532 bellum
709 5486 765 5536 et
783 5478 1049 5536 adversus
1068 5480 1263 5547 Deum,
1296 5488 1352 5536 et
1370 5482 1652 5539 adversus
1674 5483 1896 5555 angelos
1929 5499 2052 5539 sus-

481 5574 791 5635 cepturum.
810 5570 1167 5642 Posteaquam
1188 5588 1319 5629 vero
1337 5572 1405 5629 ad
1421 5574 1766 5631 Madianitam
1780 5575 2050 5647 pervenit,

563 5742 585 5775 ⁸
607 5739 770 5800 Num.
816 5760 947 5814 xxii,
973 5748 1091 5802 6—8.
1170 5753 1189 5783 ⁸
1215 5751 1350 5806 ibid.
1379 5752 1429 5807 9.
1508 5752 1527 5781 ‘
1552 5751 1687 5808 ibid.
1720 5752 1801 5807 12.

2157 4666 2315 4735 Θεοῦ,
2348 4667 2443 4720 καὶ
2478 4668 2598 4732 ταῖς
2628 4666 2938 4738 εὐμενείαις
2975 4666 3409 4737 ἀνατειχίζοντος
3447 4664 3540 4716 τὸν
3580 4660 3734 4732 αὐτῷ

2158 4756 2552 4828 προσκείμενον
2600 4757 2699 4811 καὶ
2738 4753 3100 4826 εὐλογηθέντα
3161 4754 3309 4807 λαόν.
3357 4750 3520 4806 Ἀλλά
3569 4751 3735 4802 ταυτὶ

2161 4846 2260 4917 μὲν
2293 4847 2321 4900 6
2361 4845 2651 4911 θεσπέσιος
2687 4846 2919 4916 ἄγγελος
2955 4846 3061 4917 ἔφη
3105 4862 3167 4899 τε
3201 4845 3296 4898 καὶ
3339 4843 3472 4915 δρᾷν
3519 4841 3733 4895 ὲνετέλο

2157 4936 2299 4988 λετο’
2333 4933 2520 5006 ἐπειδὴ
2557 4935 2617 4989 δὲ
2640 4937 2762 5000 ταῖς
2779 4934 2890 4990 τῶν
2916 4933 3107 5007 δώρων
3135 4932 3493 5004 ὑποσχέσεσιν
3515 4929 3613 4982 ἐπὶ
3652 4926 3735 4997 τῷ

2157 5026 2627 5098 χρῆναι,βαδίζειν
2671 5026 2699 5079 6
2730 5027 2922 5097 μάντις
2946 5026 3276 5093 ὲδελεάζετο,
3324 5023 3465 5094 τάχα
3499 5039 3603 5075 που
3632 5021 3730 5074 καὶ

2157 5118 2373 5188 ἀληθῶς
2424 5117 2665 5190 ἰσχύσειν
2712 5119 3065 5190 ὑπειληφὼς,
3103 5119 3240 5173 ἰέναι
3289 5118 3387 5188 μὲν
3434 5114 3655 5184 ἐφίησιν
3701 5114 3731 5164 6

2160 5209 2423 5280 μακάριος
2456 5209 2720 5278 ἄγγελος,
2759 5210 2901 5264 κατά
2941 5210 3115 5281 μέσην
3154 5209 3211 5262 δὲ
3269 5207 3426 5278 ὤφθη
3453 5205 3555 5276 τὴν
3589 5202 3726 5266 ὁδὸν,

2161 5301 2656 5376 συναστραπτούσῃ
2702 5301 2948 5373 ῥομφαίᾳ
2973 5340 2989 5365 ,
3021 5300 3291 5354 διδάσκων
3325 5292 3675 5367 ἐναργῶςςιῖκ
3701 5293 3729 5345 6

2158 5394 2392 5464 πόλεμος
2413 5392 2562 5464 αὑτῷ
2587 5392 2724 5465 πρός
2773 5409 2835 5444 τε
2859 5392 2990 5445 Θεὸν
3020 5391 3116 5444 καὶ
3136 5388 3421 5458 ἀγγέλους,
3445 5386 3494 5438 εί
3524 5383 3732 5454 ἐπαρᾶ-

2161 5485 2284 5539 σθαι
2317 5485 2558 5557 βούλοιτο
2582 5487 2709 5550 τοὺς
2735 5486 2930 5556 εὐλογη
2940 5484 3152 5556 μένους.
3199 5480 3421 5552 Ἐπειδὴ
3443 5480 3503 5534 δὲ
3533 5479 3729 5547 ἀφῖκτο

2160 5577 2296 5649 πρὸς
2356 5578 2447 5633 τὸν
2504 5578 2870 5651 Μαδιηναῖον,
2923 5576 3139 5649 βωμοὺς
3197 5575 3294 5646 μὲν
3347 5572 3578 5642 ἀνίστη,
3631 5567 3725 5622 καὶ
