3990 6196
233 339 339 397 441
941 339 1028 394 DE
1067 337 1510 396 ADORATIUNE
1546 337 1614 393 IN
1654 335 1923 393 SPIRITU
1964 336 2052 392 ET
2097 337 2464 395 VERITATE.
2497 334 2631 394 LIB.
2675 338 2760 394 VI.
3391 323 3496 397 ΜΞ

234 456 520 528 βουθυτεῖν
558 452 800 508 ἐκέλευε*
853 456 1137 526 προφήτης
1180 456 1238 510 δὲ
1281 452 1351 526 ἦν
1403 453 1603 517 εὐθὺς,
1646 455 1745 524 οὐχ
1788 454 1810 507 ὁ

1922 469 2040 510 aras
2061 456 2352 523 exstruxit,
2384 465 2441 512 et
2463 456 2633 511 boves
2657 455 2943 511 immolare
2978 456 3167 527 jussit,
3205 456 3498 527 prOpheta-

236 546 511 619 συνήθης,
547 545 641 599 καὶ
677 543 1048 617 ψευδηγόρος,
1079 545 1216 599 ἀλλὰ
1259 545 1378 617 θείᾳ
1406 561 1465 597 τε
1500 545 1596 598 καὶ
1637 546 1812 615 ἀπορ-

1920 560 2026 615 que
2046 547 2158 616 jam
2180 545 2356 602 factus
2384 552 2488 611 est,
2513 561 2626 600 non
2647 545 2825 615 qualis
2847 554 2973 601 ante
3021 546 3254 611 solebat,
3300 548 3495 613 lalsus,

235 642 391 714 ῥήτῳ
433 638 662 710 δυνάμει
718 638 1093 713 παρετρέπετο
1142 639 1275 711 παρ’
1322 637 1515 691 ἐλπίδα
1574 635 1713 708 πρὸς
1757 635 1811 689 τὸ

1921 639 2017 695 sed
2040 640 2094 693 vi
2117 639 2301 695 divina
2316 648 2372 696 et
2395 639 2656 695 ineffabili
2683 648 2882 709 praeter
2906 654 3058 710 spem
3084 639 3138 693 in
3157 640 3496 695 contrarium

233 733 502 787 ἐναντίον.
559 731 839 803 Ἐπηρᾶτο
887 732 986 803 μὲν
1023 732 1131 802 γὰρ
1165 730 1452 802 οὐδαμῶς,
1497 728 1721 802 ηὐλόγει
1759 727 1809 780 δὲ

1925 738 2004 786 est
2026 747 2344 787 conversus.
2390 732 2511 786 Non
2563 731 2711 786 enim
2745 731 3051 796 maledixit,
3098 731 3193 786 sed
3218 731 3501 787 benedixit

234 827 442 898 μᾶλλον
481 826 575 880 τὸν
613 825 866 898 Ἰσραὴλς
898 825 994 879 καὶ
1019 827 1244 897 πικραῖς
1277 824 1454 895 ἐνίησι
1501 822 1701 886 λύπαις
1727 819 1810 875 τὸν

1962 823 2106 880 otius
2127 823 2334 889 Israeli,
2361 832 2416 877 et
2442 824 2499 878 in
2526 823 2754 878 acerbos
2795 823 3015 891 dolores
3037 824 3273 894 conjecit
3320 824 3498 880 Balac.
3532 867 3538 897 μ

228 919 444 973 Βαλὰκ.
472 918 787 989 Γέγραπται
816 919 873 973 δὲ
902 917 1097 983 οὔτως*
1129 919 1212 972 ὅτι
1247 937 1266 970 ι
1316 916 1605 988 Ἐθυμώθη
1634 914 1804 970 Βαλὼ

1958 915 2016 970 »ἱο
2058 930 2294 985 namque
2331 915 2597 985 scriptum
2620 924 2741 970 est:
2785 934 2803 965 ‹
2850 915 3170 984 Indignatus
3210 927 3294 971 est
3344 905 3534 984 Balae'

230 1010 331 1063 καὶ
369 1010 735 1080 συνεκρότησε
764 1012 883 1073 ταῖς
925 1011 1115 1081 χερσὶν
1145 1008 1332 1075 αὑτοῦ,
1358 1008 1454 1063 καὶ
1483 1004 1604 1062 εἷπε
1635 1005 1806 1060 Belin

1926 1005 2188 1060 adversus
2210 1005 2448 1069 Balaam,
2468 1014 2523 1060 ct
2545 1004 2835 1075 complosit
2860 1020 3054 1059 manus
3082 1021 3230 1069 suas,
3257 1014 3314 1060 et
3364 1005 3502 1061 dixit

232 1097 377 1168 πρὸς
458 1097 711 1168 Βαλαάμ·
786 1097 1218 1170 Καταράσασθαι
1278 1097 1369 1152 τὸν
1440 1096 1634 1169 ἐχθρόν
1716 1111 1808 1165 μοι

1928 1097 2082 1153 Balac
2104 1098 2171 1152 ad
2194 1098 2412 1151 Balaam
2440 1115 2451 1150 :
2481 1097 2551 1153 Ut
2576 1097 2937 1152 malediceres
2988 1097 3211 1152 inimico
3251 1114 3374 1153 meo
3412 1115 3504 1153 vo-

232 1189 488 1262 κέκληκά
533 1207 625 1254 σε,
675 1191 770 1243 καὶ
825 1190 933 1244 ἰδοὺ
988 1189 1233 1258 εὐλογῶν
1293 1189 1604 1260 ηὐλόγησας
1648 1186 1808 1257 τούτι,

1924 1189 2042 1244 cavi
2066 1197 2235 1255 te;ct
2255 1205 2382 1245 ecce
2399 1188 2731 1243 benedicens
2774 1188 3107 1242 benedixisti
3145 1204 3272 1242 eum
3316 1191 3499 1243 tertio.

233 1284 432 1353 τρίτῳ.
467 1283 578 1337 Καὶ
604 1279 725 1335 εἷπε
756 1281 985 1352 Βαλαὰμ
1017 1281 1155 1353 πρὸς
1182 1281 1386 1336 Βαλάκο
1424 1280 1559 1350 Οὐχὶ
1586 1281 1680 1333 καὶ
1708 1281 1809 1342 τοῖς

1925 1281 2144 1337 Etdixit
2168 1282 2385 1336 Balaam
2411 1281 2479 1335 ad
2504 1281 2663 1335 Baiae
2688 1298 2701 1334 :
2725 1281 2918 1335 Nonne
2941 1281 3108 1334 etiam
3135 1280 3353 1350 nuntiis.
3373 1282 3501 1343 tuis,

231 1374 500 1442 ἀγγέλοις
549 1390 644 1426 σου
683 1366 765 1435 οἷς
809 1370 1131 1436 ἀπέστειλας
1166 1372 1302 1442 πρός
1342 1388 1412 1443 με
1449 1370 1710 1442 ἐλάλησα,
1735 1369 1807 1423 λέ-

1930 1391 2065 1445 quos
2120 1375 2316 1429 misisti
2355 1373 2424 1427 ad
2470 1388 2578 1438 me,
2605 1374 2824 1428 locutus
2848 1388 2969 1427 sum
2998 1372 3189 1427 dicens
3226 1388 3238 1424 :
3275 1372 3331 1426 Si
3370 1371 3506 1425 mihi

232 1481 374 1538 γων’
453 1467 581 1520 Ἐάν
631 1483 721 1537 μοι
768 1464 846 1536 δῷ
878 1464 1062 1519 Βαλὰκ
1118 1464 1299 1536 πλήρη
1341 1463 1432 1517 τὸν
1468 1457 1622 1516 οἷκον
1654 1461 1808 1515 αύτοῐ

1932 1466 2087 1537 193
2106 1466 2323 1521 dederit
2346 1465 2507 1519 Balac
2530 1465 2749 1535 plenam
2774 1464 3000 1519 domum
3024 1480 3180 1519 suam
3205 1472 3435 1535 argento
3452 1472 3508 1519 et

231 1561 508 1633 ἀργυρίου
543 1559 638 1613 καὶ
665 1558 892 1630 χρυσίου
914 1598 929 1620 ,
976 1559 1038 1611 ού
1076 1557 1380 1629 δυνήσομαι
1408 1553 1725 1625 παραϐῆναι
1763 1551 1807 1605 τί

1933 1575 2084 1622 auro,
2124 1573 2233 1612 non
2249 1563 2440 1626 potero
2466 1554 2746 1626 praeterire
2795 1556 3024 1609 verbum
3070 1555 3308 1620 Domini,
3350 1563 3410 1609 ιιι
3434 1554 3509 1609 fa—

234 1654 401 1724 ῥῆμα.
450 1651 657 1721 Κυρίου
703 1650 926 1719 ποιῆσαι
977 1649 1111 1702 αὐτὸ
1155 1648 1318 1702 καλὸν
1360 1647 1394 1717 ἦ
1426 1644 1665 1717 πονηρὸν
1693 1646 1810 1714 παρ

1931 1648 2065 1704 ciam
2089 1645 2190 1717 ipsi
2218 1646 2423 1700 bonum
2448 1653 2544 1699 aut
2580 1644 2783 1699 malum
2818 1660 2847 1698 a
2873 1660 2959 1699 me
2985 1645 3145 1715 ipso?
3168 1661 3507 1716 quaecunque

231 1739 473 1805 έαυτοῦς
507 1742 607 1795 ὅσα
647 1739 715 1793 ἂν
758 1737 886 1809 εἴπῃ
930 1754 1020 1808 μοι
1069 1736 1225 1801 Θεὸς,
1254 1736 1426 1790 ταῦτα
1456 1735 1586 1807 ἐρῶ.
1629 1752 1647 1785 ι
1683 1733 1807 1785 Σύν-

1934 1738 2132 1794 dixerit
2182 1736 2317 1791 mihi
2362 1736 2528 1802 Deus,
2570 1735 2687 1790 haec
2740 1736 2983 1791 dicam".
3028 1754 3045 1787 ι
3092 1735 3510 1791 Consueverunt

222 1810 375 1905 res;
412 1833 514 1904 μὲν
558 1826 651 1887 οὖν
704 1832 818 1893 τοῖς
860 1794 1305 1901 ⁸ξιιέυδομάντεσι,
1358 1829 1453 1881 καὶ
1482 1794 1603 1889 ταῖς
1655 1825 1797 1879 οὕτω

1932 1832 2081 1889 enim
2119 1829 2241 1886 falsi
2275 1828 2614 1884 divinatores
2641 1829 2708 1882 iis
2731 1845 2952 1899 quoque
2976 1827 3265 1883 fallacibus
3293 1828 3372 1882 uti
3410 1842 3508 1882 vo-

232 1923 554 1993 ἀπατηλαῑς
620 1919 927 1992 κεχρῆσθαι
997 1920 1241 1988 φωναῖς,
1299 1914 1693 1985 σκεπτομένοις
1745 1914 1804 1966 ὅτ

1934 1925 2105 1991 cibus,
2144 1939 2209 1980 ac
2235 1922 2494 1977 simulare
2525 1936 2585 1975 se
2611 1919 3024 1975 sciscitantibus
3050 1936 3242 1975 verum
3285 1919 3510 1982 omnino

236 2018 429 2087 πάντη
462 2033 523 2070 τε
558 2015 653 2069 καὶ
698 2014 917 2077 πάντως
956 2014 1069 2075 τοῖς
1098 2010 1481 2081 φιλοπευστείν
1529 2006 1804 2062 ἐθέλουσιν

1934 2034 2313 2090 responsuros.
2372 2016 2464 2072 Sic
2513 2016 2679 2087 igitur
2730 2015 2951 2080 habeto,
2977 2029 3167 2070 verum
3194 2013 3365 2083 loqui,
3390 2027 3510 2067 esse

238 2107 432 2181 ἐροῦσι
463 2106 524 2160 τὸ
560 2104 780 2177 ἀληθές.
813 2104 978 2166 Σύνες
1007 2102 1065 2156 δὲ
1096 2102 1178 2156 ὅτι
1210 2101 1271 2156 τὸ
1318 2099 1483 2170 φάναι
1511 2098 1572 2151 τὸ
1600 2097 1814 2168 ἀτρεκὲς

1974 2114 2424 2169 bincantatorum
2467 2121 2524 2167 et
2540 2124 2824 2182 magorum
2842 2118 2958 2164 arte
2976 2122 3205 2179 prorsus
3227 2106 3501 2161 alienum:
3542 2124 3550 2129 ·

240 2200 530 2271 ἀλλότριον
562 2197 661 2267 τῆς
689 2193 941 2250 ἐπαοιόοῦ
980 2211 1040 2248 τε
1085 2194 1181 2248 καὶ
1206 2192 1386 2264 μάγου
1415 2191 1628 2260 τέχνης·
1660 2203 1816 2258 προσ-

1934 2206 2051 2261 ﬁeri
2077 2214 2262 2261 autem
2306 2203 2583 2259 interdum
2608 2212 2722 2256 uta
2755 2202 2867 2255 Deo
2899 2200 3105 2255 veritas
3161 2198 3510 2269 adiungatur,

240 2293 464 2361 γένοιτο
509 2289 555 2344 δ’
606 2291 672 2344 ἂν
702 2287 818 2342 ἔσθ’
863 2288 955 2341 ὅτε
998 2284 1149 2353 παρά
1179 2283 1316 2338 Θεοῦ
1365 2282 1460 2335 ἐπὶ
1482 2280 1563 2351 τῷ
1599 2280 1698 2345 τάς
1722 2279 1816 2333 τῶι

1937 2305 1994 2353 ut
2014 2296 2353 2354 nefariorum
2394 2293 2679 2350 hominum
2721 2292 2891 2347 animi
2924 2290 3280 2361 praedictione
3329 2303 3513 2344 rerum

244 2383 500 2455 βεϐήλων
530 2380 726 2452 ψυχὰς,
756 2382 822 2452 τῇ
854 2378 961 2433 τῶν
989 2377 1265 2449 ἐσομένων
1296 2370 1692 2447 προαγορεύσει
1725 2371 1820 2425 δει-

1330 2370 1692 2447 προαγορεύσει
1725 2371 1832 2425 δει·
1933 2391 2241 2446 futurarum
2266 2390 2624 2445 vehementer
2649 2394 2906 2456 aestuent.

242 2478 356 2541 νῶς
391 2470 876 2545 κατακομίζοντος.
1240 2512 1250 2522 .

315 2564 532 2619 ΠΑΛΛ.
571 2562 858 2632 Πείθομαι.

2006 2569 2202 2625 PALL.
2224 2569 2527 2624 Assentior.

318 2657 494 2712 ΚΥΡ.
531 2656 651 2709 Ὅτι
686 2653 796 2725 γὰρ
834 2652 1108 2724 μεμίσηκε
1148 2650 1246 2704 καὶ
1279 2644 1548 2715 παραλύει
1576 2642 1709 2708 Θεὸς
1737 2642 1837 2705 τὰς

2005 2661 2163 2717 CYR.
2188 2661 2324 2715 Nam
2362 2659 2543 2715 odisse
2580 2660 2752 2713 Deum
2789 2654 3103 2725 hujusmodi
3139 2653 3255 2709 sive
3278 2651 3517 2722 magicas

246 2747 508 2811 τοιαύτας
545 2748 708 2817 ἧτουν
736 2745 993 2816 γοητείας
1021 2743 1113 2797 καὶ
1139 2737 1537 2811 εἰκαιομυθίας,
1567 2735 1738 2805 σαφὲς
1771 2734 1822 2787 au

1942 2753 2281 2823 disciplinas,
2308 2750 2422 2806 sive
2446 2757 2653 2804 temere
2686 2747 2836 2801 fusas
2856 2760 3039 2808 voces,
3077 2756 3280 2812 easque
3317 2739 3518 2795 dissol-

250 2841 470 2909 γένοιτο
518 2838 774 2906 λέγοντος
813 2834 1006 2889 αὐτοῦ’
1049 2851 1069 2885 ι
1106 2833 1248 2901 Ἐγὼ
1298 2830 1504 2901 Κύριος
1552 2830 1581 2881 ὁ
1626 2826 1826 2889 Θεός·ι

1939 2862 2090 2912 vere,
2133 2845 2344 2915 liquere
2379 2842 2586 2912 poterit
2628 2857 2697 2896 ex
2734 2839 2854 2910 ejus
2897 2836 3104 2901 verbis,
3147 2849 3275 2890 cum
3321 2832 3458 2887 dicit
3501 2847 3515 2885 :

251 2932 350 2986 καί
384 2928 610 3001 προσέτι
663 2925 903 2988 τούτοιςο
944 2924 1082 2985 «Τίς
1115 2922 1302 2993 ἕτερος
1342 2917 1685 2975 διασκεδάσει
1737 2932 1827 2987 ση-

1945 2959 1964 2992 ι
2003 2939 2116 3010 Ego
2149 2936 2416 2991 Dominus
2456 2934 2603 2989 Deus
2638 2933 2695 2997 ⁸;
2740 2951 2759 2983 ι
2797 2939 2855 2986 et
2904 2928 2970 2984 ad
3021 2929 3139 2982 hazc
3181 2934 3443 2997 praeterea
3501 2939 3515 2975 :

254 3026 388 3095 μεῖα
416 3017 872 3091 ἐγγαστριμύθων
896 3017 992 3070 καὶ
1023 3015 1120 3079 τὰς
1164 3011 1423 3085 μαντείας
1456 3010 1565 3065 ἀπὸ
1585 3007 1830 3081 καρδίας,

1947 3050 1966 3083 ι
1995 3007 2129 3097 Quis
2151 3028 2291 3083 alius
2315 3024 2604 3095 dissipabit
2639 3023 2793 3093 signa
2839 3019 3164 3090 pythonum,
3205 3023 3262 3071 et
3305 3013 3520 3067 divina-

253 3113 624 3185 ἀποστρέφων
648 3111 944 3183 φρονίμους
965 3111 1046 3172 είς
1070 3108 1138 3161 τά
1157 3106 1353 3169 ὀπίσω,
1392 3103 1487 3158 καὶ
1507 3105 1609 3173 τὴν
1643 3101 1829 3174 βουλὴν

1947 3122 2119 3178 tiones
2141 3119 2209 3174 de
2233 3117 2419 3181 corde,
2445 3121 2776 3171 convertens
2790 3109 3093 3182 prudentes
3119 3114 3446 3167 retrorsum,
3466 3109 3523 3157 et

253 3208 443 3264 αὐτῶν
489 3204 774 3278 μωρεύων,
814 3203 910 3257 καὶ
951 3200 1113 3254 ἱστῶν
1166 3200 1387 3271 ῥήματα
1441 3195 1630 3259 παιδὸς
1673 3191 1829 3248 αὑτοῦ

1948 3210 2237 3267 consilium
2279 3222 2475 3264 eorum
2519 3206 2747 3260 stultum
2805 3201 3053 3257 faciens?
3105 3208 3162 3254 et
3192 3196 3524 3253 conﬁrmans

254 3304 355 3357 καὶ
410 3301 512 3372 τὴν
567 3295 759 3371 βουλὴν
804 3295 912 3348 τῶν
952 3292 1205 3362 ἀγγέλων
1249 3286 1417 3344 αὑτοῦ
1464 3285 1744 3358 ἀληθεύων
1771 3302 1830 3351 ;ι

1945 3306 2112 3361 verba
2147 3304 2306 3375 pueri
2350 3303 2460 3366 sui,
2486 3309 2543 3356 et
2580 3300 2907 3357 sententiam
2942 3297 3263 3351 nuntiorum
3298 3308 3521 3349 suorum

254 3396 545 3457 Μιντείας
575 3393 675 3463 μὲν
707 3391 816 3463 γάρ
858 3385 959 3453 τὰς
990 3386 1099 3442 ἀπὸ
1142 3384 1394 3457 καρδίας,
1423 3380 1625 3443 ἑώλους
1656 3395 1717 3431 τε
1747 3375 1830 3431 καλ

1949 3411 2129 3453 veram
2159 3392 2524 3466 comprobans
2544 3392 2610 3445 ’ἲ
2640 3412 2658 3443 ι
2690 3390 3064 3446 Divinationes
3087 3387 3237 3441 enim
3260 3386 3328 3440 de
3358 3383 3525 3439 corde

254 3488 584 3560 ψευδοεπείς
633 3482 960 3553 ἀποφαίνει*
1015 3477 1111 3533 τοῦ
1158 3494 1221 3548 γε
1278 3476 1389 3547 μὴν
1448 3472 1578 3527 ίδίου
1634 3469 1830 3533 παιδὸς,

1947 3491 2175 3561 iactatas
2194 3503 2365 3542 vanas
2402 3501 2466 3541 ac
2482 3483 2774 3540 mendaces
2796 3480 3070 3545 ostendit;
3092 3478 3186 3534 sed
3223 3476 3378 3547 pueri
3415 3474 3523 3538 sui,

255 3579 517 3635 τουτέστι
547 3574 805 3648 Χριστοῦ,
838 3575 1018 3628 πάντα
1055 3571 1155 3642 μὲν
1204 3570 1388 3638 ἵστησι
1438 3565 1596 3634 λόγον
1615 3580 1630 3595 ο
1655 3562 1757 3634 τὴν
1788 3560 1831 3613 δὲ

1950 3580 2003 3635 id
2026 3588 2129 3644 est,
2153 3576 2381 3642 Christi,
2407 3575 2588 3630 omnia
2624 3573 2792 3627 verba
2827 3569 3116 3625 conﬁrmat
3149 3584 3161 3619 :
3198 3562 3526 3621 sententiam

259 3670 467 3743 βουλὴν
513 3667 621 3721 τῶν
671 3666 917 3735 ἀγγέλων
960 3660 1150 3725 αὐτοῦ,
1191 3658 1490 3722 τουτέστιν,
1520 3655 1556 3711 ἀ
1611 3653 1678 3708 ἂν
1718 3652 1835 3725 βού-

1952 3689 2112 3745 porro
2136 3670 2459 3727 nuntiorum
2482 3680 2730 3730 suorum,
2772 3663 2825 3718 id
2850 3670 3032 3717 autem
3056 3669 3159 3724 est,
3188 3669 3528 3729 quaecunque

256 3764 443 3816 λοιντο
476 3759 677 3823 λαλεῖν,
728 3759 777 3811 οί
823 3757 924 3827 τῆς
972 3756 1057 3809 ἐπ’
1102 3752 1266 3809 αὐτοῦ
1318 3752 1553 3812 πίστεως
1583 3749 1832 3818 κήρυκες

1953 3765 2222 3821 voluerint
2255 3761 2406 3833 loqui
2449 3759 2595 3824 ﬁdei,
2623 3773 2745 3828 quae
2768 3756 2825 3811 in
2860 3770 2988 3811 eum
3025 3753 3281 3815 habetur,
3318 3762 3529 3819 praeco-

256 3853 444 3907 ταῦτα
474 3850 528 3904 δέ
556 3838 732 3903 πάντα
761 3846 1018 3918 ἀληθείας
1047 3845 1269 3915 ἕμπλεω
1298 3839 1551 3902 δεικνύει,
1598 3836 1832 3909 σημείοις

1950 3872 2065 3921 nes,
2101 3855 2219 3911 haec
2253 3854 2481 3910 omnino
2516 3850 2768 3908 veritatis
2810 3864 2931 3904 esse
2962 3848 3124 3918 plena
3154 3844 3526 3901 demonstrat,

258 3963 322 3999 τε
357 3944 456 3997 καὶ
502 3940 695 4014 τέρασι
742 3936 1205 4012 προσμαρτυρῶν,
1240 3935 1336 3989 καὶ
1374 3935 1495 3995 ταῖς
1528 3929 1721 3992 ἄλλαις
1750 3925 1834 3979 τοῐ

1955 3961 2075 4001 cum
2098 3944 2208 3999 illis
2230 3943 2403 4013 signis
2434 3950 2600 4010 atque
2632 3936 2904 4009 prodigiis
2952 3939 3267 3993 attestetur,
3312 3937 3370 3981 et
3408 3924 3531 3978 aliis

268 4034 600 4105 Πνεύματος
628 4031 956 4103 ἐνεργείαις.
990 4031 1137 4099 Ἔφη
1167 4028 1224 4081 δέ
1258 4043 1362 4080 που
1384 4023 1571 4090 πάλιν,
1601 4036 1844 4075 κατονει-

1952 4034 2190 4105 Spiritus
2225 4033 2396 4088 sancti
2446 4029 2875 4100 operationibus.
2922 4024 3072 4079 Dixit
3101 4021 3266 4076 etiam
3316 4031 3527 4075 rursus.

263 4127 432 4192 δίζων
459 4126 575 4180 τισὶ
618 4126 689 4181 τὰ
742 4123 878 4178 Θεοῦ
908 4123 1059 4193 νόμῳ
1098 4115 1598 4189 κεκιὸδηλευμένα·
1638 4132 1657 4165 ι
1686 4110 1839 4183 Στῆθι

1953 4142 2079 4184 eum
2117 4124 2449 4196 quibusdam
2484 4122 2626 4176 facta
2677 4135 2799 4189 qua:
2830 4116 2930 4172 Dei
2970 4115 3088 4185 lege
3124 4110 3529 4181 improbantur,

264 4221 452 4275 τοίνυν
480 4221 538 4273 ἐν
569 4220 688 4282 ταῖς
721 4215 994 4278 ἐπαοιδαῖς
1039 4230 1156 4279 σου,
1192 4211 1289 4265 καὶ
1329 4213 1396 4281 τῇ
1426 4206 1594 4278 πολλῇ
1626 4220 1840 4276 φαρμα‹

1958 4220 2307 4291 exprobraret
2337 4235 2350 4271 :
2385 4235 2403 4268 ι
2443 4214 2537 4270 Sta
2562 4213 2726 4283 igitur
2746 4211 2802 4265 in
2837 4204 3303 4263 incantationibus
3328 4202 3453 4264 tuis,
3478 4208 3534 4254 et

267 4314 398 4384 κείᾳ
443 4329 560 4375 σου,
594 4309 631 4365 ἃ
667 4308 968 4380 ἐμάνθανες
994 4307 1061 4359 ἐκ
1099 4302 1350 4375 νεότητός
1407 4317 1524 4362 σου,
1554 4301 1603 4352 εί
1647 4296 1843 4366 δυνήσῃ

1956 4314 2012 4368 in
2045 4310 2235 4367 multis
2262 4305 2544 4363 veneﬁciis
2582 4303 2712 4365 tuis,
2763 4316 2885 4372 quae
2905 4297 3147 4354 didicisti
3185 4296 3524 4365 ajuventute

269 4402 654 4473 ὼφεληθῆναι’
694 4386 1028 4461 κεκοπίακας
1058 4398 1116 4450 ἐν
1146 4396 1266 4458 ταῖς
1311 4392 1525 4463 βουλαῖς
1571 4406 1687 4454 σου,
1727 4387 1845 4458 στή-

1958 4414 2088 4471 tua;
2113 4403 2158 4458 si
2194 4400 2401 4471 poteris
2436 4396 2663 4469 iuvari;
2706 4391 2966 4449 laborasti
2996 4390 3053 4444 in
3098 4386 3340 4443 consiliis
3382 4384 3489 4438 tuis
3519 4401 3531 4435 :

271 4513 458 4551 τωσαν
488 4493 586 4549 καὶ
622 4491 950 4546 σωσάτωσάν
980 4506 1038 4543 σε
1061 4489 1111 4542 οἱ
1138 4485 1455 4557 ἀστρολόγοι
1480 4481 1574 4538 τοῦ
1601 4474 1847 4551 ούρανοῦ,

1960 4505 2107 4554 stent
2127 4500 2184 4550 et
2207 4493 2421 4549 salvent
2444 4499 2495 4545 te
2541 4486 2797 4557 astrologi
2829 4482 2974 4546 coeli,
3023 4479 3120 4551 qui
3152 4473 3534 4543 contemplan-

273 4588 327 4641 οί
383 4584 622 4657 ὁρῶντες
659 4584 786 4645 τοὺς
818 4579 1071 4648 ἀστέρας,
1112 4572 1588 4645 ἀναγγειλάτωσάν
1636 4587 1719 4623 σοι
1751 4570 1780 4623 ὃ
1802 4586 1849 4622 τι

1960 4599 2050 4645 tur
2075 4586 2297 4651 stellas;
2329 4581 2658 4638 annuntient
2697 4575 2799 4632 tibi
2851 4572 2986 4645 quid
3028 4576 3323 4626 venturum
3365 4564 3437 4618 sit
3480 4562 3534 4614 in

281 4682 468 4754 μέλλει
508 4680 603 4734 ἐπὶ
652 4677 713 4731 σὲ
767 4674 1082 4748 ἔρχεσθαι.)
1136 4673 1302 4745 Ὁρᾷς
1358 4665 1452 4723 οῦν
1496 4667 1571 4730 ὡς
1620 4665 1854 4736 γέλωτος

1962 4690 2016 4737 te
2048 4682 2111 4733 “’.
2159 4699 2178 4731 ι
2201 4677 2369 4733 Vides
2395 4676 2560 4746 igitur
2599 4668 2874 4741 quomodo
2906 4666 3019 4720 risu
3057 4662 3275 4732 dignam
3305 4664 3360 4712 et
3380 4668 3538 4754 pro‘r-

278 4741 440 4835 ἀξίαν
486 4769 582 4823 καὶ
633 4741 883 4835 ἀνωφελῆ
934 4741 1212 4825 παντελῶς
1231 4741 1330 4832 τὴν
1360 4759 1635 4829 ἐπάρατον
1661 4756 1854 4826 ἀστρο-

1961 4782 2055 4821 sus
2088 4764 2360 4825 inutilem,
2408 4741 2556 4814 illam
2586 4753 2986 4811 exsecrabilem
3031 4765 3099 4805 ex
3125 4755 3402 4802 astrorum
3440 4741 3537 4795 ob—

278 4860 539 4931 γοητείαν
590 4858 883 4928 ἀπελέγχει
918 4855 1070 4920 Θεός.
1110 4855 1234 4909 ’Ὀτι
1278 4852 1336 4905 δὲ
1365 4851 1529 4905 πάλιν
1560 4848 1764 4919 πρέποι
1792 4847 1854 4901 ἂν

1963 4855 2271 4913 servatione
2294 4849 2689 4906 divinationem
2717 4843 2963 4914 coarguit
3002 4841 3166 4895 Deus.
3195 4834 3304 4907 Ipsi
3327 4846 3457 4887 vero
3482 4838 3539 4885 et

281 4927 430 5024 αὐτῷ
458 4954 555 5006 καὶ
588 4927 833 5022 μόνῳ
864 4948 1156 5021 νημερτὲς,
1206 4944 1302 5001 καὶ¹
1331 4944 1391 4998 τὸ
1412 4943 1629 5013 ἕτοιμον
1669 4941 1750 5004 είς
1772 4938 1857 4992 λό-

1964 4946 2185 5019 quidem
2208 4942 2310 4999 soli
2338 4939 2635 4998 convenire
2674 4937 2986 5000 veritatem,
3029 4947 3137 5003 qua
3168 4927 3540 5001 praedicuntur

282 5057 415 5114 γους
450 5044 577 5107 τοὺς
611 5043 741 5114 περὶ
780 5041 887 5095 τῶν
917 5038 1136 5093 έσεσθαι
1170 5035 1637 5109 προσδοκωμένων
1680 5033 1858 5088 ἀπλα-

1963 5056 2028 5098 ea
2073 5053 2196 5110 quae
2231 5043 2381 5093 certo
2419 5040 2688 5090 eventura
2726 5036 3040 5101 sperantur,
3080 5041 3149 5082 ex
3199 5037 3266 5079 eo
3306 5033 3539 5092 agnosce

285 5108 415 5200 νὼς,
451 5134 617 5188 ἄκουε
647 5108 900 5202 λέγοντος
923 5131 1011 5186 διὰ
1034 5108 1223 5202 φωνῆς
1257 5130 1483 5184 Ἡσαΐου
1505 5145 1520 5159 ·
1558 5146 1577 5179 ι
1604 5124 1861 5198 Μνήσθη-

1964 5108 2112 5201 quod
2157 5143 2257 5199 per
2290 5125 2443 5182 Isaiae
2478 5138 2672 5179 vocem
2708 5121 2967 5192 loquitur
3017 5136 3030 5172 :
3080 5135 3098 5169 ι
3151 5108 3540 5170 Recordamini

287 5247 346 5284 τε
373 5228 569 5296 ταῦτα,
601 5228 696 5282 καὶ
719 5225 1010 5292 στενάξατε
1032 5242 1047 5258 ο
1079 5225 1471 5298 μετανοήσατε,
1504 5223 1554 5277 οἱ
1581 5220 1863 5289 πεπλανη-

1967 5223 2184 5288 horum,
2214 5228 2271 5276 et
2292 5217 2668 5291 ingemiscite;
2708 5214 3086 5286 pmnitentiam
3128 5210 3294 5281 agite,
3332 5207 3426 5279 qui
3450 5221 3543 5260 er-

294 5323 468 5391 μένοι,
515 5320 882 5393 ἐπιστρέψατε
923 5322 992 5391 τῇ
1047 5300 1267 5392 καρδίᾳ,
1326 5319 1422 5373 καὶ
1485 5315 1760 5389 μνήσθητε
1794 5312 1866 5368 τὰ

1968 5315 2134 5380 ratis;
2160 5308 2547 5368 convertimini
2583 5308 2774 5373 corde,
2804 5314 2861 5362 et
2900 5300 3267 5359 recordamini
3297 5298 3544 5368 priorum

294 5414 532 5485 πρότερα
559 5412 669 5467 ἀπὸ
686 5412 779 5467 τοῦ
806 5411 1005 5476 αίῶνος
1024 5428 1038 5443 ·
1066 5412 1150 5465 ὃτι
1177 5409 1287 5479 ἐγώ
1321 5412 1436 5481 ειμι
1469 5408 1622 5473 Θεὸς,
1649 5406 1741 5462 καὶ
1764 5406 1868 5459 οὐκ

1973 5423 1999 5463 a
2019 5406 2240 5470 saeculo,
2265 5403 2395 5475 quia
2422 5402 2582 5474 194
2600 5416 2703 5472 ego
2729 5414 2851 5456 sum
2874 5398 3037 5459 Deus,
3065 5402 3121 5448 et
3155 5406 3266 5445 non
3289 5394 3373 5442 est
3408 5398 3549 5455 prae~

293 5484 439 5561 ἔστιν
468 5484 616 5576 πλὴν
662 5501 829 5574 ἐμοῦ·
864 5501 1213 5571 ἀναγγέλλων
1252 5500 1513 5573 πρότερον
1546 5498 1615 5552 τὰ
1663 5496 1868 5567 ἔσχατα

1971 5507 2053 5555 ter
2099 5514 2225 5564 me;
2259 5498 2355 5567 qui
2406 5493 2671 5551 annuntio
2712 5490 2868 5561 prius
2905 5484 3201 5540 novissima
3253 5486 3547 5545 antequam

296 5603 424 5669 πρὶν
450 5565 590 5655 αύτά
610 5565 887 5666 γενέσθαι,
920 5565 1149 5667 καλψάμα
1177 5565 1553 5662 συνετελέσθη.
1582 5590 1691 5645 Καὶ
1714 5565 1865 5645 εἶπα·

1974 5590 2127 5655 ﬁant,
2169 5597 2225 5644 et
2263 5565 2426 5644 simul
2463 5589 2838 5642 consummata
2886 5577 3016 5634 sint.
3054 5575 3122 5631 Et
3158 5570 3273 5627 dixi
3322 5586 3336 5623 :
3375 5565 3550 5624 Omna

375 5774 573 5834 ’Num.
605 5794 743 5844 xxxv,
782 5777 959 5856 lO-iS.
1038 5777 1181 5833 'lsa.
1210 5792 1349 5842 xuv,
1376 5776 1463 5832 2i.
1542 5778 1561 5808 ⁹
1589 5774 1721 5831 ibid.
1748 5774 1839 5829 ‘25.
1922 5772 1963 5803 ¹⁰
1986 5772 2087 5827 lsa.
2116 5784 2275 5834 van,
2310 5765 2500 5834 12,15.
