  <div class='ocr_page' id='page_1' title='image "/cluster/home/n/w/nwhite01/storage/ocr_20150623/68/hvd.32044073501975/227.png"; bbox 0 0 3990 6196; ppageno 0'>
   <div class='ocr_carea' id='block_1_1' title="bbox 435 365 547 422">
    <p class='ocr_par' dir='ltr' id='par_1_1' title="bbox 435 365 547 422">
     <span class='ocr_line' id='line_1_1' title="bbox 435 365 547 422; baseline 0.018 -2"><span class='ocrx_word' id='word_1_1' title='bbox 435 365 547 422; x_wconf 65' lang='grc' dir='ltr'>ᾼίό</span> 
     </span>
    </p>
   </div>
   <div class='ocr_carea' id='block_1_2' title="bbox 1472 343 2705 408">
    <p class='ocr_par' dir='ltr' id='par_1_2' title="bbox 1472 343 2705 408">
     <span class='ocr_line' id='line_1_2' title="bbox 1472 343 2705 408; baseline -0.017 2"><span class='ocrx_word' id='word_1_2' title='bbox 1472 352 1527 408; x_wconf 83' lang='lat' dir='ltr'><strong>S.</strong></span> <span class='ocrx_word' id='word_1_3' title='bbox 1570 350 1845 408; x_wconf 61' lang='lat' dir='ltr'><strong>CYRIILI</strong></span> <span class='ocrx_word' id='word_1_4' title='bbox 1883 344 2353 403; x_wconf 62' lang='lat' dir='ltr'><strong>ALEXANDRIN</strong></span> <span class='ocrx_word' id='word_1_5' title='bbox 2385 343 2705 393; x_wconf 63' lang='lat' dir='ltr'><strong>AllGlllbl’.</strong></span> 
     </span>
    </p>
   </div>
   <div class='ocr_carea' id='block_1_3' title="bbox 3605 335 3704 379">
    <p class='ocr_par' dir='ltr' id='par_1_3' title="bbox 3605 335 3704 379">
     <span class='ocr_line' id='line_1_3' title="bbox 3605 335 3704 379; baseline 0.02 -2"><span class='ocrx_word' id='word_1_6' title='bbox 3605 335 3704 379; x_wconf 63' lang='grc'><strong>444</strong></span> 
     </span>
    </p>
   </div>
   <div class='ocr_carea' id='block_1_4' title="bbox 434 438 2020 536">
    <p class='ocr_par' dir='ltr' id='par_1_4' title="bbox 434 460 2020 536">
     <span class='ocr_line' id='line_1_4' title="bbox 434 460 2020 536; baseline -0.013 -1"><span class='ocrx_word' id='word_1_7' title='bbox 434 493 618 535; x_wconf 88' lang='lat' dir='ltr'><strong>meum</strong></span> <span class='ocrx_word' id='word_1_8' title='bbox 657 474 947 531; x_wconf 82' lang='lat' dir='ltr'><strong>consilium</strong></span> <span class='ocrx_word' id='word_1_9' title='bbox 997 469 1199 535; x_wconf 88' lang='lat' dir='ltr'><strong>stabit;</strong></span> <span class='ocrx_word' id='word_1_10' title='bbox 1250 476 1306 522; x_wconf 87' lang='lat' dir='ltr'><strong>et</strong></span> <span class='ocrx_word' id='word_1_11' title='bbox 1335 466 1518 521; x_wconf 84' lang='lat' dir='ltr'><strong>omnia</strong></span> <span class='ocrx_word' id='word_1_12' title='bbox 1559 479 1904 536; x_wconf 74' lang='lat' dir='ltr'><strong>quzecunque</strong></span> <span class='ocrx_word' id='word_1_13' title='bbox 1936 460 2020 516; x_wconf 89' lang='lat' dir='ltr'><strong>de-</strong></span> 
     </span>
    </p>
   </div>
   <div class='ocr_carea' id='block_1_5' title="bbox 2132 438 3703 536">
    <p class='ocr_par' dir='ltr' id='par_1_5' title="bbox 2132 438 3703 523">
     <span class='ocr_line' id='line_1_5' title="bbox 2132 438 3703 523; baseline -0.008 -16"><span class='ocrx_word' id='word_1_14' title='bbox 2132 453 2293 508; x_wconf 75' lang='grc' dir='ltr'>Πᾶσά</span> <span class='ocrx_word' id='word_1_15' title='bbox 2329 468 2435 523; x_wconf 91' lang='grc' dir='ltr'><strong>μου</strong></span> <span class='ocrx_word' id='word_1_16' title='bbox 2468 451 2501 521; x_wconf 80' lang='grc' dir='ltr'>ἡ</span> <span class='ocrx_word' id='word_1_17' title='bbox 2531 449 2694 522; x_wconf 81' lang='grc' dir='ltr'>βουλὴ</span> <span class='ocrx_word' id='word_1_18' title='bbox 2722 448 2995 516; x_wconf 80' lang='grc' dir='ltr'>στήσεται,</span> <span class='ocrx_word' id='word_1_19' title='bbox 3030 444 3125 498; x_wconf 59' lang='grc' dir='ltr'><strong>καὶ⁵</strong></span> <span class='ocrx_word' id='word_1_20' title='bbox 3155 441 3332 496; x_wconf 82' lang='grc' dir='ltr'>πάντα</span> <span class='ocrx_word' id='word_1_21' title='bbox 3366 442 3475 494; x_wconf 74' lang='grc' dir='ltr'>ὅσα</span> <span class='ocrx_word' id='word_1_22' title='bbox 3518 438 3703 511; x_wconf 79' lang='grc' dir='ltr'>βούλο-</span> 
     </span>
    </p>
   </div>
   <div class='ocr_carea' id='block_1_6' title="bbox 433 559 2022 633">
    <p class='ocr_par' dir='ltr' id='par_1_6' title="bbox 433 559 2022 633">
     <span class='ocr_line' id='line_1_6' title="bbox 433 559 2022 633; baseline -0.01 -7"><span class='ocrx_word' id='word_1_23' title='bbox 433 569 606 633; x_wconf 89' lang='lat' dir='ltr'><strong>crevi,</strong></span> <span class='ocrx_word' id='word_1_24' title='bbox 642 566 835 622; x_wconf 79' lang='lat' dir='ltr'><strong>faciam</strong></span> <span class='ocrx_word' id='word_1_25' title='bbox 862 564 924 617; x_wconf 83' lang='lat'><strong>“.</strong></span> <span class='ocrx_word' id='word_1_26' title='bbox 969 581 987 614; x_wconf 72' lang='grc' dir='ltr'><strong>ι</strong></span> <span class='ocrx_word' id='word_1_27' title='bbox 1043 560 1157 617; x_wconf 86' lang='lat' dir='ltr'><strong>Soli</strong></span> <span class='ocrx_word' id='word_1_28' title='bbox 1192 559 1368 631; x_wconf 80' lang='lat' dir='ltr'><strong>igitur</strong></span> <span class='ocrx_word' id='word_1_29' title='bbox 1408 560 1542 623; x_wconf 87' lang='lat' dir='ltr'><strong>Deo,</strong></span> <span class='ocrx_word' id='word_1_30' title='bbox 1592 560 1685 630; x_wconf 90' lang='lat' dir='ltr'><strong>qui</strong></span> <span class='ocrx_word' id='word_1_31' title='bbox 1733 565 1820 613; x_wconf 91' lang='lat' dir='ltr'><strong>est</strong></span> <span class='ocrx_word' id='word_1_32' title='bbox 1859 570 2022 626; x_wconf 85' lang='lat' dir='ltr'><strong>supra</strong></span> 
     </span>
    </p>
   </div>
   <div class='ocr_carea' id='block_1_7' title="bbox 434 649 2024 723">
    <p class='ocr_par' dir='ltr' id='par_1_7' title="bbox 434 649 2024 723">
     <span class='ocr_line' id='line_1_7' title="bbox 434 649 2024 723; baseline -0.009 -7"><span class='ocrx_word' id='word_1_33' title='bbox 434 660 639 723; x_wconf 87' lang='lat' dir='ltr'><strong>omnia,</strong></span> <span class='ocrx_word' id='word_1_34' title='bbox 665 672 695 712; x_wconf 93' lang='lat' dir='ltr'><strong>a</strong></span> <span class='ocrx_word' id='word_1_35' title='bbox 724 654 887 711; x_wconf 87' lang='lat' dir='ltr'><strong>nobis</strong></span> <span class='ocrx_word' id='word_1_36' title='bbox 910 661 996 710; x_wconf 90' lang='lat' dir='ltr'><strong>est</strong></span> <span class='ocrx_word' id='word_1_37' title='bbox 1038 651 1428 716; x_wconf 89' lang='lat' dir='ltr'><strong>tribuendum,</strong></span> <span class='ocrx_word' id='word_1_38' title='bbox 1470 650 1654 705; x_wconf 87' lang='lat' dir='ltr'><strong>futura</strong></span> <span class='ocrx_word' id='word_1_39' title='bbox 1699 662 1811 706; x_wconf 90' lang='lat' dir='ltr'><strong>tum</strong></span> <span class='ocrx_word' id='word_1_40' title='bbox 1860 649 2024 719; x_wconf 89' lang='lat' dir='ltr'><strong>plane</strong></span> 
     </span>
    </p>
   </div>
   <div class='ocr_carea' id='block_1_8' title="bbox 433 742 2024 816">
    <p class='ocr_par' dir='ltr' id='par_1_8' title="bbox 433 742 2024 816">
     <span class='ocr_line' id='line_1_8' title="bbox 433 742 2024 816; baseline -0.01 -9"><span class='ocrx_word' id='word_1_41' title='bbox 433 751 595 814; x_wconf 89' lang='lat' dir='ltr'><strong>scire,</strong></span> <span class='ocrx_word' id='word_1_42' title='bbox 626 758 740 804; x_wconf 89' lang='lat' dir='ltr'><strong>tum</strong></span> <span class='ocrx_word' id='word_1_43' title='bbox 765 761 897 801; x_wconf 91' lang='lat' dir='ltr'><strong>vero</strong></span> <span class='ocrx_word' id='word_1_44' title='bbox 932 760 1091 816; x_wconf 86' lang='lat' dir='ltr'><strong>posse</strong></span> <span class='ocrx_word' id='word_1_45' title='bbox 1118 752 1270 800; x_wconf 91' lang='lat' dir='ltr'><strong>certe</strong></span> <span class='ocrx_word' id='word_1_46' title='bbox 1313 742 1654 813; x_wconf 68' lang='lat' dir='ltr'><strong>praedicere;</strong></span> <span class='ocrx_word' id='word_1_47' title='bbox 1690 755 1848 811; x_wconf 81' lang='lat' dir='ltr'><strong>nugae</strong></span> <span class='ocrx_word' id='word_1_48' title='bbox 1891 751 2024 792; x_wconf 90' lang='lat' dir='ltr'><strong>vero</strong></span> 
     </span>
    </p>
   </div>
   <div class='ocr_carea' id='block_1_9' title="bbox 440 833 2023 903">
    <p class='ocr_par' dir='ltr' id='par_1_9' title="bbox 440 833 2023 903">
     <span class='ocr_line' id='line_1_9' title="bbox 440 833 2023 903; baseline -0.008 -7"><span class='ocrx_word' id='word_1_49' title='bbox 440 841 629 896; x_wconf 89' lang='lat' dir='ltr'><strong>futiles</strong></span> <span class='ocrx_word' id='word_1_50' title='bbox 672 850 729 895; x_wconf 88' lang='lat' dir='ltr'><strong>et</strong></span> <span class='ocrx_word' id='word_1_51' title='bbox 748 838 922 893; x_wconf 87' lang='lat' dir='ltr'><strong>aniles</strong></span> <span class='ocrx_word' id='word_1_52' title='bbox 960 836 1193 899; x_wconf 83' lang='lat' dir='ltr'><strong>fabellae,</strong></span> <span class='ocrx_word' id='word_1_53' title='bbox 1229 833 1458 889; x_wconf 71' lang='lat' dir='ltr'><strong>fallaciae</strong></span> <span class='ocrx_word' id='word_1_54' title='bbox 1497 846 1717 903; x_wconf 88' lang='lat' dir='ltr'><strong>quoque</strong></span> <span class='ocrx_word' id='word_1_55' title='bbox 1777 845 1841 885; x_wconf 92' lang='lat' dir='ltr'><strong>ac</strong></span> <span class='ocrx_word' id='word_1_56' title='bbox 1882 842 2023 899; x_wconf 64' lang='lat' dir='ltr'><strong>prae-</strong></span> 
     </span>
    </p>
   </div>
   <div class='ocr_carea' id='block_1_10' title="bbox 435 921 2024 1003">
    <p class='ocr_par' dir='ltr' id='par_1_10' title="bbox 435 921 2024 1003">
     <span class='ocr_line' id='line_1_10' title="bbox 435 921 2024 1003; baseline -0.008 -16"><span class='ocrx_word' id='word_1_57' title='bbox 435 933 611 1003; x_wconf 63' lang='lat' dir='ltr'><strong>stigiae</strong></span> <span class='ocrx_word' id='word_1_58' title='bbox 644 940 792 997; x_wconf 90' lang='lat' dir='ltr'><strong>sunt,</strong></span> <span class='ocrx_word' id='word_1_59' title='bbox 823 946 945 1001; x_wconf 68' lang='lat' dir='ltr'><strong>quae</strong></span> <span class='ocrx_word' id='word_1_60' title='bbox 980 930 1050 984; x_wconf 91' lang='lat' dir='ltr'><strong>ab</strong></span> <span class='ocrx_word' id='word_1_61' title='bbox 1072 928 1197 983; x_wconf 91' lang='lat' dir='ltr'><strong>aliis</strong></span> <span class='ocrx_word' id='word_1_62' title='bbox 1240 925 1665 997; x_wconf 87' lang='lat' dir='ltr'><strong>proficiscuntur</strong></span> <span class='ocrx_word' id='word_1_63' title='bbox 1712 942 1726 976; x_wconf 85' lang='lat'><strong>:</strong></span> <span class='ocrx_word' id='word_1_64' title='bbox 1768 921 1864 992; x_wconf 86' lang='lat' dir='ltr'><strong>qui</strong></span> <span class='ocrx_word' id='word_1_65' title='bbox 1897 934 2024 976; x_wconf 91' lang='lat' dir='ltr'><strong>cum</strong></span> 
     </span>
    </p>
   </div>
   <div class='ocr_carea' id='block_1_11' title="bbox 436 1016 2027 1091">
    <p class='ocr_par' dir='ltr' id='par_1_11' title="bbox 436 1016 2027 1091">
     <span class='ocr_line' id='line_1_11' title="bbox 436 1016 2027 1091; baseline -0.008 -12"><span class='ocrx_word' id='word_1_66' title='bbox 436 1025 549 1080; x_wconf 86' lang='lat' dir='ltr'><strong>sint</strong></span> <span class='ocrx_word' id='word_1_67' title='bbox 596 1032 779 1078; x_wconf 86' lang='lat' dir='ltr'><strong>mente</strong></span> <span class='ocrx_word' id='word_1_68' title='bbox 815 1030 1099 1091; x_wconf 87' lang='lat' dir='ltr'><strong>corrupta,</strong></span> <span class='ocrx_word' id='word_1_69' title='bbox 1137 1019 1206 1073; x_wconf 90' lang='lat' dir='ltr'><strong>de</strong></span> <span class='ocrx_word' id='word_1_70' title='bbox 1249 1018 1416 1074; x_wconf 90' lang='lat' dir='ltr'><strong>corde</strong></span> <span class='ocrx_word' id='word_1_71' title='bbox 1461 1032 1564 1072; x_wconf 91' lang='lat' dir='ltr'><strong>suo</strong></span> <span class='ocrx_word' id='word_1_72' title='bbox 1601 1016 1926 1085; x_wconf 89' lang='lat' dir='ltr'><strong>loquuntur,</strong></span> <span class='ocrx_word' id='word_1_73' title='bbox 1964 1019 2027 1067; x_wconf 88' lang='lat' dir='ltr'><strong>ut</strong></span> 
     </span>
    </p>
   </div>
   <div class='ocr_carea' id='block_1_12' title="bbox 434 1106 2025 1185">
    <p class='ocr_par' dir='ltr' id='par_1_12' title="bbox 434 1106 2025 1185">
     <span class='ocr_line' id='line_1_12' title="bbox 434 1106 2025 1185; baseline -0.008 -15"><span class='ocrx_word' id='word_1_74' title='bbox 434 1116 706 1185; x_wconf 90' lang='lat' dir='ltr'><strong>scriptum</strong></span> <span class='ocrx_word' id='word_1_75' title='bbox 745 1121 829 1169; x_wconf 91' lang='lat' dir='ltr'><strong>est</strong></span> <span class='ocrx_word' id='word_1_76' title='bbox 850 1154 864 1179; x_wconf 97' lang='lat'><strong>,</strong></span> <span class='ocrx_word' id='word_1_77' title='bbox 892 1122 947 1167; x_wconf 88' lang='lat' dir='ltr'><strong>et</strong></span> <span class='ocrx_word' id='word_1_78' title='bbox 961 1129 1027 1168; x_wconf 83' lang='lat' dir='ltr'><strong>ex</strong></span> <span class='ocrx_word' id='word_1_79' title='bbox 1049 1111 1287 1166; x_wconf 88' lang='lat' dir='ltr'><strong>falsitate</strong></span> <span class='ocrx_word' id='word_1_80' title='bbox 1303 1108 1558 1181; x_wconf 69' lang='lat' dir='ltr'><strong>parandae</strong></span> <span class='ocrx_word' id='word_1_81' title='bbox 1573 1106 1821 1184; x_wconf 74' lang='lat' dir='ltr'><strong>pecuniae</strong></span> <span class='ocrx_word' id='word_1_82' title='bbox 1862 1119 2025 1159; x_wconf 90' lang='lat' dir='ltr'><strong>occa-</strong></span> 
     </span>
    </p>
   </div>
   <div class='ocr_carea' id='block_1_13' title="bbox 432 1209 955 1276">
    <p class='ocr_par' dir='ltr' id='par_1_13' title="bbox 432 1209 955 1276">
     <span class='ocr_line' id='line_1_13' title="bbox 432 1209 955 1276; baseline -0.01 -12"><span class='ocrx_word' id='word_1_83' title='bbox 432 1209 648 1263; x_wconf 86' lang='lat' dir='ltr'><strong>sionem</strong></span> <span class='ocrx_word' id='word_1_84' title='bbox 682 1213 955 1276; x_wconf 67' lang='lat' dir='ltr'><strong>quaerunt.</strong></span> 
     </span>
    </p>
   </div>
   <div class='ocr_carea' id='block_1_14' title="bbox 504 1289 2025 1360">
    <p class='ocr_par' dir='ltr' id='par_1_14' title="bbox 504 1289 2025 1360">
     <span class='ocr_line' id='line_1_14' title="bbox 504 1289 2025 1360; baseline -0.011 -4"><span class='ocrx_word' id='word_1_85' title='bbox 504 1298 706 1356; x_wconf 82' lang='lat' dir='ltr'><strong>PALL.</strong></span> <span class='ocrx_word' id='word_1_86' title='bbox 749 1298 953 1353; x_wconf 78' lang='lat' dir='ltr'><strong>Verum</strong></span> <span class='ocrx_word' id='word_1_87' title='bbox 994 1301 1098 1351; x_wconf 91' lang='lat' dir='ltr'><strong>est.</strong></span> <span class='ocrx_word' id='word_1_88' title='bbox 1129 1293 1223 1349; x_wconf 84' lang='lat' dir='ltr'><strong>Sic</strong></span> <span class='ocrx_word' id='word_1_89' title='bbox 1262 1292 1412 1347; x_wconf 89' lang='lat' dir='ltr'><strong>enim</strong></span> <span class='ocrx_word' id='word_1_90' title='bbox 1446 1306 1503 1346; x_wconf 89' lang='lat' dir='ltr'><strong>sc</strong></span> <span class='ocrx_word' id='word_1_91' title='bbox 1546 1304 1637 1346; x_wconf 91' lang='lat' dir='ltr'><strong>res</strong></span> <span class='ocrx_word' id='word_1_92' title='bbox 1660 1289 1831 1345; x_wconf 86' lang='lat' dir='ltr'><strong>habet</strong></span> <span class='ocrx_word' id='word_1_93' title='bbox 1864 1302 2025 1360; x_wconf 89' lang='lat' dir='ltr'><strong>pror-</strong></span> 
     </span>
    </p>
   </div>
   <div class='ocr_carea' id='block_1_15' title="bbox 431 1406 550 1446">
    <p class='ocr_par' dir='ltr' id='par_1_15' title="bbox 431 1406 550 1446">
     <span class='ocr_line' id='line_1_15' title="bbox 431 1406 550 1446; baseline -0.017 0"><span class='ocrx_word' id='word_1_94' title='bbox 431 1406 550 1446; x_wconf 79' lang='lat' dir='ltr'><strong>SUS.</strong></span> 
     </span>
    </p>
   </div>
   <div class='ocr_carea' id='block_1_16' title="bbox 502 1470 2028 1547">
    <p class='ocr_par' dir='ltr' id='par_1_16' title="bbox 502 1470 2028 1547">
     <span class='ocr_line' id='line_1_16' title="bbox 502 1470 2028 1547; baseline -0.009 -10"><span class='ocrx_word' id='word_1_95' title='bbox 502 1482 660 1537; x_wconf 79' lang='lat' dir='ltr'><strong>CYR.</strong></span> <span class='ocrx_word' id='word_1_96' title='bbox 698 1479 781 1535; x_wconf 83' lang='lat' dir='ltr'><strong>Ab</strong></span> <span class='ocrx_word' id='word_1_97' title='bbox 807 1479 909 1533; x_wconf 89' lang='lat' dir='ltr'><strong>hac</strong></span> <span class='ocrx_word' id='word_1_98' title='bbox 948 1477 1114 1547; x_wconf 83' lang='lat' dir='ltr'><strong>igitur</strong></span> <span class='ocrx_word' id='word_1_99' title='bbox 1137 1490 1355 1546; x_wconf 88' lang='lat' dir='ltr'><strong>quoque</strong></span> <span class='ocrx_word' id='word_1_100' title='bbox 1390 1488 1450 1528; x_wconf 88' lang='lat' dir='ltr'><strong>re</strong></span> <span class='ocrx_word' id='word_1_101' title='bbox 1488 1470 1927 1536; x_wconf 85' lang='lat' dir='ltr'><strong>abstinebimus;</strong></span> <span class='ocrx_word' id='word_1_102' title='bbox 1969 1478 2028 1524; x_wconf 89' lang='lat' dir='ltr'><strong>et</strong></span> 
     </span>
    </p>
   </div>
   <div class='ocr_carea' id='block_1_17' title="bbox 430 1560 2025 1641">
    <p class='ocr_par' dir='ltr' id='par_1_17' title="bbox 430 1560 2025 1641">
     <span class='ocr_line' id='line_1_17' title="bbox 430 1560 2025 1641; baseline -0.008 -14"><span class='ocrx_word' id='word_1_103' title='bbox 430 1572 625 1628; x_wconf 86' lang='lat' dir='ltr'><strong>relicta</strong></span> <span class='ocrx_word' id='word_1_104' title='bbox 650 1585 912 1641; x_wconf 85' lang='lat' dir='ltr'><strong>perversa</strong></span> <span class='ocrx_word' id='word_1_105' title='bbox 942 1567 1049 1631; x_wconf 91' lang='lat' dir='ltr'><strong>via,</strong></span> <span class='ocrx_word' id='word_1_106' title='bbox 1078 1582 1178 1637; x_wconf 91' lang='lat' dir='ltr'><strong>per</strong></span> <span class='ocrx_word' id='word_1_107' title='bbox 1206 1574 1412 1620; x_wconf 89' lang='lat' dir='ltr'><strong>rectam</strong></span> <span class='ocrx_word' id='word_1_108' title='bbox 1439 1562 1794 1629; x_wconf 89' lang='lat' dir='ltr'><strong>incedemus;</strong></span> <span class='ocrx_word' id='word_1_109' title='bbox 1822 1576 1887 1616; x_wconf 90' lang='lat' dir='ltr'><strong>ac</strong></span> <span class='ocrx_word' id='word_1_110' title='bbox 1912 1560 2025 1616; x_wconf 91' lang='lat' dir='ltr'><strong>Deo</strong></span> 
     </span>
    </p>
   </div>
   <div class='ocr_carea' id='block_1_18' title="bbox 432 1652 2026 1732">
    <p class='ocr_par' dir='ltr' id='par_1_18' title="bbox 432 1652 2026 1732">
     <span class='ocr_line' id='line_1_18' title="bbox 432 1652 2026 1732; baseline -0.007 -15"><span class='ocrx_word' id='word_1_111' title='bbox 432 1677 655 1732; x_wconf 80' lang='lat' dir='ltr'><strong>semper</strong></span> <span class='ocrx_word' id='word_1_112' title='bbox 677 1660 872 1716; x_wconf 90' lang='lat' dir='ltr'><strong>eodem</strong></span> <span class='ocrx_word' id='word_1_113' title='bbox 898 1658 1062 1714; x_wconf 85' lang='lat' dir='ltr'><strong>modo</strong></span> <span class='ocrx_word' id='word_1_114' title='bbox 1087 1657 1412 1722; x_wconf 89' lang='lat' dir='ltr'><strong>innitemur,</strong></span> <span class='ocrx_word' id='word_1_115' title='bbox 1435 1663 1492 1711; x_wconf 89' lang='lat' dir='ltr'><strong>et</strong></span> <span class='ocrx_word' id='word_1_116' title='bbox 1508 1662 1825 1711; x_wconf 89' lang='lat' dir='ltr'><strong>sanctorum</strong></span> <span class='ocrx_word' id='word_1_117' title='bbox 1849 1652 2026 1708; x_wconf 89' lang='lat' dir='ltr'><strong>homi-</strong></span> 
     </span>
    </p>
   </div>
   <div class='ocr_carea' id='block_1_19' title="bbox 429 1748 1500 1808">
    <p class='ocr_par' dir='ltr' id='par_1_19' title="bbox 429 1748 1500 1808">
     <span class='ocr_line' id='line_1_19' title="bbox 429 1748 1500 1808; baseline -0.007 -1"><span class='ocrx_word' id='word_1_118' title='bbox 429 1769 567 1808; x_wconf 89' lang='lat' dir='ltr'><strong>num</strong></span> <span class='ocrx_word' id='word_1_119' title='bbox 593 1752 826 1808; x_wconf 84' lang='lat' dir='ltr'><strong>vocibus</strong></span> <span class='ocrx_word' id='word_1_120' title='bbox 847 1750 1143 1806; x_wconf 81' lang='lat' dir='ltr'><strong>veritatem</strong></span> <span class='ocrx_word' id='word_1_121' title='bbox 1171 1748 1500 1803; x_wconf 87' lang='lat' dir='ltr'><strong>tribuemus.</strong></span> 
     </span>
    </p>
   </div>
   <div class='ocr_carea' id='block_1_20' title="bbox 499 1842 1328 1915">
    <p class='ocr_par' dir='ltr' id='par_1_20' title="bbox 499 1842 1328 1915">
     <span class='ocr_line' id='line_1_20' title="bbox 499 1842 1328 1915; baseline -0.008 -13"><span class='ocrx_word' id='word_1_122' title='bbox 499 1846 700 1902; x_wconf 84' lang='lat' dir='ltr'><strong>PALL.</strong></span> <span class='ocrx_word' id='word_1_123' title='bbox 727 1846 796 1900; x_wconf 88' lang='lat' dir='ltr'><strong>Et</strong></span> <span class='ocrx_word' id='word_1_124' title='bbox 817 1844 1042 1915; x_wconf 87' lang='lat' dir='ltr'><strong>quidem</strong></span> <span class='ocrx_word' id='word_1_125' title='bbox 1072 1842 1328 1896; x_wconf 80' lang='lat' dir='ltr'><strong>maxime.</strong></span> 
     </span>
    </p>
   </div>
   <div class='ocr_carea' id='block_1_21' title="bbox 503 1932 2023 2003">
    <p class='ocr_par' dir='ltr' id='par_1_21' title="bbox 503 1932 2023 2003">
     <span class='ocr_line' id='line_1_21' title="bbox 503 1932 2023 2003; baseline -0.005 -11"><span class='ocrx_word' id='word_1_126' title='bbox 503 1937 663 1992; x_wconf 83' lang='lat' dir='ltr'><strong>CYR.</strong></span> <span class='ocrx_word' id='word_1_127' title='bbox 690 1935 833 2003; x_wconf 84' lang='lat' dir='ltr'><strong>Quid</strong></span> <span class='ocrx_word' id='word_1_128' title='bbox 853 1935 876 1987; x_wconf 88' lang='lat'><strong>?</strong></span> <span class='ocrx_word' id='word_1_129' title='bbox 893 1950 1003 1989; x_wconf 90' lang='lat' dir='ltr'><strong>non</strong></span> <span class='ocrx_word' id='word_1_130' title='bbox 1032 1932 1167 1987; x_wconf 89' lang='lat' dir='ltr'><strong>illud</strong></span> <span class='ocrx_word' id='word_1_131' title='bbox 1194 1946 1415 2001; x_wconf 88' lang='lat' dir='ltr'><strong>quoque</strong></span> <span class='ocrx_word' id='word_1_132' title='bbox 1442 1937 1708 2001; x_wconf 68' lang='lat' dir='ltr'><strong>praeterea</strong></span> <span class='ocrx_word' id='word_1_133' title='bbox 1734 1944 2023 1986; x_wconf 77' lang='lat' dir='ltr'><strong>exsecran-</strong></span> 
     </span>
    </p>
   </div>
   <div class='ocr_carea' id='block_1_22' title="bbox 429 2021 2023 2096">
    <p class='ocr_par' dir='ltr' id='par_1_22' title="bbox 429 2021 2023 2096">
     <span class='ocr_line' id='line_1_22' title="bbox 429 2021 2023 2096; baseline -0.004 -14"><span class='ocrx_word' id='word_1_134' title='bbox 429 2027 564 2082; x_wconf 89' lang='lat' dir='ltr'><strong>dum</strong></span> <span class='ocrx_word' id='word_1_135' title='bbox 590 2026 932 2096; x_wconf 88' lang='lat' dir='ltr'><strong>putabimus,</strong></span> <span class='ocrx_word' id='word_1_136' title='bbox 963 2029 1291 2095; x_wconf 83' lang='lat' dir='ltr'><strong>partemque</strong></span> <span class='ocrx_word' id='word_1_137' title='bbox 1316 2037 1438 2077; x_wconf 90' lang='lat' dir='ltr'><strong>esse</strong></span> <span class='ocrx_word' id='word_1_138' title='bbox 1460 2021 1710 2077; x_wconf 85' lang='lat' dir='ltr'><strong>dicemus</strong></span> <span class='ocrx_word' id='word_1_139' title='bbox 1734 2021 2023 2092; x_wconf 83' lang='lat' dir='ltr'><strong>gentilium</strong></span> 
     </span>
    </p>
   </div>
   <div class='ocr_carea' id='block_1_23' title="bbox 431 2112 2026 2190">
    <p class='ocr_par' dir='ltr' id='par_1_23' title="bbox 431 2112 2026 2190">
     <span class='ocr_line' id='line_1_23' title="bbox 431 2112 2026 2190; baseline -0.005 -14"><span class='ocrx_word' id='word_1_140' title='bbox 431 2118 763 2190; x_wconf 87' lang='lat' dir='ltr'><strong>impietatis,</strong></span> <span class='ocrx_word' id='word_1_141' title='bbox 816 2116 928 2188; x_wconf 87' lang='lat' dir='ltr'><strong>igni</strong></span> <span class='ocrx_word' id='word_1_142' title='bbox 973 2126 1030 2171; x_wconf 89' lang='lat' dir='ltr'><strong>et</strong></span> <span class='ocrx_word' id='word_1_143' title='bbox 1054 2131 1197 2186; x_wconf 89' lang='lat' dir='ltr'><strong>aqua</strong></span> <span class='ocrx_word' id='word_1_144' title='bbox 1248 2114 1478 2186; x_wconf 88' lang='lat' dir='ltr'><strong>purgari</strong></span> <span class='ocrx_word' id='word_1_145' title='bbox 1524 2113 1765 2180; x_wconf 86' lang='lat' dir='ltr'><strong>scilicet,</strong></span> <span class='ocrx_word' id='word_1_146' title='bbox 1806 2120 1864 2168; x_wconf 89' lang='lat' dir='ltr'><strong>et</strong></span> <span class='ocrx_word' id='word_1_147' title='bbox 1901 2112 2026 2168; x_wconf 86' lang='lat' dir='ltr'><strong>aliis</strong></span> 
     </span>
    </p>
   </div>
   <div class='ocr_carea' id='block_1_24' title="bbox 430 2209 1129 2285">
    <p class='ocr_par' dir='ltr' id='par_1_24' title="bbox 430 2209 1129 2285">
     <span class='ocr_line' id='line_1_24' title="bbox 430 2209 1129 2285; baseline -0.006 -18"><span class='ocrx_word' id='word_1_148' title='bbox 430 2211 762 2285; x_wconf 83' lang='lat' dir='ltr'><strong>quibusdam</strong></span> <span class='ocrx_word' id='word_1_149' title='bbox 797 2209 1068 2283; x_wconf 85' lang='lat' dir='ltr'><strong>ejusmodi</strong></span> <span class='ocrx_word' id='word_1_150' title='bbox 1105 2209 1129 2262; x_wconf 88' lang='lat'><strong>?</strong></span> 
     </span>
    </p>
   </div>
   <div class='ocr_carea' id='block_1_25' title="bbox 498 2295 2020 2370">
    <p class='ocr_par' dir='ltr' id='par_1_25' title="bbox 498 2295 2020 2370">
     <span class='ocr_line' id='line_1_25' title="bbox 498 2295 2020 2370; baseline -0.004 -14"><span class='ocrx_word' id='word_1_151' title='bbox 498 2300 697 2357; x_wconf 83' lang='lat' dir='ltr'><strong>PALL.</strong></span> <span class='ocrx_word' id='word_1_152' title='bbox 737 2300 969 2356; x_wconf 75' lang='lat' dir='ltr'><strong>Maxime</strong></span> <span class='ocrx_word' id='word_1_153' title='bbox 1033 2314 1187 2355; x_wconf 89' lang='lat' dir='ltr'><strong>vero.</strong></span> <span class='ocrx_word' id='word_1_154' title='bbox 1238 2299 1427 2370; x_wconf 88' lang='lat' dir='ltr'><strong>Itaque</strong></span> <span class='ocrx_word' id='word_1_155' title='bbox 1478 2297 1665 2353; x_wconf 89' lang='lat' dir='ltr'><strong>divina</strong></span> <span class='ocrx_word' id='word_1_156' title='bbox 1717 2297 1806 2353; x_wconf 82' lang='lat' dir='ltr'><strong>lex</strong></span> <span class='ocrx_word' id='word_1_157' title='bbox 1839 2295 2020 2352; x_wconf 78' lang='lat' dir='ltr'><strong>dixit:</strong></span> 
     </span>
    </p>
   </div>
   <div class='ocr_carea' id='block_1_26' title="bbox 439 2387 2025 2461">
    <p class='ocr_par' dir='ltr' id='par_1_26' title="bbox 439 2387 2025 2461">
     <span class='ocr_line' id='line_1_26' title="bbox 439 2387 2025 2461; baseline 0 -19"><span class='ocrx_word' id='word_1_158' title='bbox 439 2410 457 2442; x_wconf 75' lang='grc' dir='ltr'><strong>ι</strong></span> <span class='ocrx_word' id='word_1_159' title='bbox 487 2391 607 2446; x_wconf 88' lang='grc' dir='ltr'>Νοη</span> <span class='ocrx_word' id='word_1_160' title='bbox 644 2391 962 2446; x_wconf 76' lang='lat' dir='ltr'><strong>invenietur</strong></span> <span class='ocrx_word' id='word_1_161' title='bbox 1012 2389 1068 2443; x_wconf 88' lang='lat' dir='ltr'><strong>in</strong></span> <span class='ocrx_word' id='word_1_162' title='bbox 1125 2396 1178 2444; x_wconf 89' lang='lat' dir='ltr'><strong>te</strong></span> <span class='ocrx_word' id='word_1_163' title='bbox 1222 2404 1466 2461; x_wconf 80' lang='lat' dir='ltr'><strong>purgans</strong></span> <span class='ocrx_word' id='word_1_164' title='bbox 1503 2387 1678 2443; x_wconf 86' lang='lat' dir='ltr'><strong>filium</strong></span> <span class='ocrx_word' id='word_1_165' title='bbox 1722 2403 1886 2443; x_wconf 88' lang='lat' dir='ltr'><strong>suum</strong></span> <span class='ocrx_word' id='word_1_166' title='bbox 1928 2395 2025 2442; x_wconf 86' lang='lat' dir='ltr'><strong>aut</strong></span> 
     </span>
    </p>
   </div>
   <div class='ocr_carea' id='block_1_27' title="bbox 431 2481 1074 2554">
    <p class='ocr_par' dir='ltr' id='par_1_27' title="bbox 431 2481 1074 2554">
     <span class='ocr_line' id='line_1_27' title="bbox 431 2481 1074 2554; baseline -0.002 -18"><span class='ocrx_word' id='word_1_167' title='bbox 431 2481 597 2538; x_wconf 86' lang='lat' dir='ltr'><strong>filiam</strong></span> <span class='ocrx_word' id='word_1_168' title='bbox 626 2497 784 2537; x_wconf 90' lang='lat' dir='ltr'><strong>suam</strong></span> <span class='ocrx_word' id='word_1_169' title='bbox 816 2482 928 2554; x_wconf 92' lang='lat' dir='ltr'><strong>igni</strong></span> <span class='ocrx_word' id='word_1_170' title='bbox 957 2483 1020 2536; x_wconf 82' lang='lat'><strong>&quot;.</strong></span> <span class='ocrx_word' id='word_1_171' title='bbox 1056 2501 1074 2534; x_wconf 75' lang='grc' dir='ltr'><strong>ι</strong></span> 
     </span>
    </p>
   </div>
   <div class='ocr_carea' id='block_1_28' title="bbox 500 2656 2021 2730">
    <p class='ocr_par' dir='ltr' id='par_1_28' title="bbox 500 2656 2021 2730">
     <span class='ocr_line' id='line_1_28' title="bbox 500 2656 2021 2730; baseline 0.003 -19"><span class='ocrx_word' id='word_1_172' title='bbox 500 2656 656 2712; x_wconf 84' lang='lat' dir='ltr'><strong>CYR.</strong></span> <span class='ocrx_word' id='word_1_173' title='bbox 684 2659 859 2725; x_wconf 90' lang='lat' dir='ltr'><strong>Quam</strong></span> <span class='ocrx_word' id='word_1_174' title='bbox 885 2667 1034 2714; x_wconf 90' lang='lat' dir='ltr'><strong>recte</strong></span> <span class='ocrx_word' id='word_1_175' title='bbox 1058 2659 1147 2713; x_wconf 81' lang='lat' dir='ltr'><strong>lex</strong></span> <span class='ocrx_word' id='word_1_176' title='bbox 1169 2658 1331 2713; x_wconf 88' lang='lat' dir='ltr'><strong>nobis</strong></span> <span class='ocrx_word' id='word_1_177' title='bbox 1363 2658 1468 2714; x_wconf 88' lang='lat' dir='ltr'><strong>ista</strong></span> <span class='ocrx_word' id='word_1_178' title='bbox 1495 2660 1907 2730; x_wconf 86' lang='lat' dir='ltr'><strong>pronuntiavit,</strong></span> <span class='ocrx_word' id='word_1_179' title='bbox 1943 2669 2021 2728; x_wconf 92' lang='lat' dir='ltr'><strong>et,</strong></span> 
     </span>
    </p>
   </div>
   <div class='ocr_carea' id='block_1_29' title="bbox 431 2747 2020 2823">
    <p class='ocr_par' dir='ltr' id='par_1_29' title="bbox 431 2747 2020 2823">
     <span class='ocr_line' id='line_1_29' title="bbox 431 2747 2020 2823; baseline 0.003 -22"><span class='ocrx_word' id='word_1_180' title='bbox 431 2763 502 2802; x_wconf 85' lang='lat' dir='ltr'><strong>ne</strong></span> <span class='ocrx_word' id='word_1_181' title='bbox 530 2747 744 2814; x_wconf 82' lang='lat' dir='ltr'><strong>ﬁerent,</strong></span> <span class='ocrx_word' id='word_1_182' title='bbox 781 2749 1099 2819; x_wconf 82' lang='lat' dir='ltr'><strong>prohibuit!</strong></span> <span class='ocrx_word' id='word_1_183' title='bbox 1146 2751 1405 2806; x_wconf 88' lang='lat' dir='ltr'><strong>Estenim</strong></span> <span class='ocrx_word' id='word_1_184' title='bbox 1433 2766 1497 2805; x_wconf 89' lang='lat' dir='ltr'><strong>ea</strong></span> <span class='ocrx_word' id='word_1_185' title='bbox 1540 2767 1650 2818; x_wconf 91' lang='lat' dir='ltr'><strong>res,</strong></span> <span class='ocrx_word' id='word_1_186' title='bbox 1703 2760 1763 2807; x_wconf 91' lang='lat' dir='ltr'><strong>ut</strong></span> <span class='ocrx_word' id='word_1_187' title='bbox 1802 2753 2020 2823; x_wconf 79' lang='lat' dir='ltr'><strong>Opinor,</strong></span> 
     </span>
    </p>
   </div>
   <div class='ocr_carea' id='block_1_30' title="bbox 432 2839 2025 2915">
    <p class='ocr_par' dir='ltr' id='par_1_30' title="bbox 432 2839 2025 2915">
     <span class='ocr_line' id='line_1_30' title="bbox 432 2839 2025 2915; baseline 0.006 -23"><span class='ocrx_word' id='word_1_188' title='bbox 432 2839 763 2896; x_wconf 85' lang='lat' dir='ltr'><strong>temeritatis</strong></span> <span class='ocrx_word' id='word_1_189' title='bbox 801 2841 983 2911; x_wconf 89' lang='lat' dir='ltr'><strong>plena,</strong></span> <span class='ocrx_word' id='word_1_190' title='bbox 1025 2850 1082 2897; x_wconf 90' lang='lat' dir='ltr'><strong>et</strong></span> <span class='ocrx_word' id='word_1_191' title='bbox 1124 2841 1356 2898; x_wconf 87' lang='lat' dir='ltr'><strong>rationis</strong></span> <span class='ocrx_word' id='word_1_192' title='bbox 1394 2844 1616 2914; x_wconf 61' lang='lat' dir='ltr'><strong>optimae</strong></span> <span class='ocrx_word' id='word_1_193' title='bbox 1648 2859 1717 2900; x_wconf 89' lang='lat' dir='ltr'><strong>ac</strong></span> <span class='ocrx_word' id='word_1_194' title='bbox 1757 2845 2025 2915; x_wconf 88' lang='lat' dir='ltr'><strong>sapientis</strong></span> 
     </span>
    </p>
   </div>
   <div class='ocr_carea' id='block_1_31' title="bbox 433 2932 2024 3006">
    <p class='ocr_par' dir='ltr' id='par_1_31' title="bbox 433 2932 2024 3006">
     <span class='ocr_line' id='line_1_31' title="bbox 433 2932 2024 3006; baseline 0.003 -20"><span class='ocrx_word' id='word_1_195' title='bbox 433 2946 632 3001; x_wconf 72' lang='lat' dir='ltr'><strong>eXpers</strong></span> <span class='ocrx_word' id='word_1_196' title='bbox 663 2950 675 2984; x_wconf 92' lang='lat'><em>:</em></span> <span class='ocrx_word' id='word_1_197' title='bbox 701 2947 867 3002; x_wconf 90' lang='lat' dir='ltr'><strong>quam</strong></span> <span class='ocrx_word' id='word_1_198' title='bbox 892 2932 1042 2988; x_wconf 89' lang='lat' dir='ltr'><strong>enim</strong></span> <span class='ocrx_word' id='word_1_199' title='bbox 1074 2933 1369 2990; x_wconf 85' lang='lat' dir='ltr'><strong>utilitatem</strong></span> <span class='ocrx_word' id='word_1_200' title='bbox 1398 2934 1600 2989; x_wconf 83' lang='lat' dir='ltr'><strong>aﬂ‘erre</strong></span> <span class='ocrx_word' id='word_1_201' title='bbox 1646 2935 1809 2991; x_wconf 87' lang='lat' dir='ltr'><strong>nobis</strong></span> <span class='ocrx_word' id='word_1_202' title='bbox 1849 2936 2024 3006; x_wconf 87' lang='lat' dir='ltr'><strong>possit</strong></span> 
     </span>
    </p>
   </div>
   <div class='ocr_carea' id='block_1_32' title="bbox 433 3022 2023 3097">
    <p class='ocr_par' dir='ltr' id='par_1_32' title="bbox 433 3022 2023 3097">
     <span class='ocr_line' id='line_1_32' title="bbox 433 3022 2023 3097; baseline 0.006 -23"><span class='ocrx_word' id='word_1_203' title='bbox 433 3022 577 3092; x_wconf 81' lang='lat' dir='ltr'><strong>ignis</strong></span> <span class='ocrx_word' id='word_1_204' title='bbox 594 3023 834 3078; x_wconf 86' lang='lat' dir='ltr'><strong>natura?</strong></span> <span class='ocrx_word' id='word_1_205' title='bbox 854 3024 1132 3095; x_wconf 89' lang='lat' dir='ltr'><strong>quomodo</strong></span> <span class='ocrx_word' id='word_1_206' title='bbox 1152 3024 1316 3080; x_wconf 91' lang='lat' dir='ltr'><strong>etiam</strong></span> <span class='ocrx_word' id='word_1_207' title='bbox 1338 3025 1486 3081; x_wconf 89' lang='lat' dir='ltr'><strong>faces</strong></span> <span class='ocrx_word' id='word_1_208' title='bbox 1513 3026 1570 3080; x_wconf 92' lang='lat' dir='ltr'><strong>in</strong></span> <span class='ocrx_word' id='word_1_209' title='bbox 1591 3026 1782 3081; x_wconf 90' lang='lat' dir='ltr'><strong>orbem</strong></span> <span class='ocrx_word' id='word_1_210' title='bbox 1805 3027 2023 3097; x_wconf 64' lang='lat' dir='ltr'><strong>agitatae</strong></span> 
     </span>
    </p>
   </div>
   <div class='ocr_carea' id='block_1_33' title="bbox 433 3115 2021 3188">
    <p class='ocr_par' dir='ltr' id='par_1_33' title="bbox 433 3115 2021 3188">
     <span class='ocr_line' id='line_1_33' title="bbox 433 3115 2021 3188; baseline 0.003 -19"><span class='ocrx_word' id='word_1_211' title='bbox 433 3129 559 3169; x_wconf 90' lang='lat' dir='ltr'><strong>eum</strong></span> <span class='ocrx_word' id='word_1_212' title='bbox 587 3115 682 3184; x_wconf 88' lang='lat' dir='ltr'><strong>qui</strong></span> <span class='ocrx_word' id='word_1_213' title='bbox 726 3117 991 3185; x_wconf 89' lang='lat' dir='ltr'><strong>peccarit,</strong></span> <span class='ocrx_word' id='word_1_214' title='bbox 1021 3115 1300 3173; x_wconf 87' lang='lat' dir='ltr'><strong>liberare?</strong></span> <span class='ocrx_word' id='word_1_215' title='bbox 1322 3116 1471 3173; x_wconf 63' lang='lat' dir='ltr'><strong>diris</strong></span> <span class='ocrx_word' id='word_1_216' title='bbox 1489 3117 1735 3188; x_wconf 88' lang='lat' dir='ltr'><strong>quidem,</strong></span> <span class='ocrx_word' id='word_1_217' title='bbox 1764 3129 1859 3174; x_wconf 90' lang='lat' dir='ltr'><strong>aut</strong></span> <span class='ocrx_word' id='word_1_218' title='bbox 1881 3118 2021 3174; x_wconf 87' lang='lat' dir='ltr'><strong>alte-</strong></span> 
     </span>
    </p>
   </div>
   <div class='ocr_carea' id='block_1_34' title="bbox 433 3200 2018 3281">
    <p class='ocr_par' dir='ltr' id='par_1_34' title="bbox 433 3200 2018 3281">
     <span class='ocr_line' id='line_1_34' title="bbox 433 3200 2018 3281; baseline 0.007 -26"><span class='ocrx_word' id='word_1_219' title='bbox 433 3200 551 3257; x_wconf 88' lang='lat' dir='ltr'><strong>rius</strong></span> <span class='ocrx_word' id='word_1_220' title='bbox 579 3203 849 3273; x_wconf 87' lang='lat' dir='ltr'><strong>ejusmodi</strong></span> <span class='ocrx_word' id='word_1_221' title='bbox 889 3206 1135 3261; x_wconf 74' lang='lat' dir='ltr'><strong>materia:</strong></span> <span class='ocrx_word' id='word_1_222' title='bbox 1173 3207 1369 3263; x_wconf 90' lang='lat' dir='ltr'><strong>sordes</strong></span> <span class='ocrx_word' id='word_1_223' title='bbox 1414 3208 1675 3279; x_wconf 80' lang='lat' dir='ltr'><strong>excoquit</strong></span> <span class='ocrx_word' id='word_1_224' title='bbox 1708 3210 1793 3265; x_wconf 88' lang='lat' dir='ltr'><strong>vis</strong></span> <span class='ocrx_word' id='word_1_225' title='bbox 1834 3209 2018 3281; x_wconf 89' lang='lat' dir='ltr'><strong>ignis;</strong></span> 
     </span>
    </p>
   </div>
   <div class='ocr_carea' id='block_1_35' title="bbox 433 3288 2027 3368">
    <p class='ocr_par' dir='ltr' id='par_1_35' title="bbox 433 3288 2027 3368">
     <span class='ocr_line' id='line_1_35' title="bbox 433 3288 2027 3368; baseline 0.009 -28"><span class='ocrx_word' id='word_1_226' title='bbox 433 3288 636 3344; x_wconf 89' lang='lat' dir='ltr'><strong>mentis</strong></span> <span class='ocrx_word' id='word_1_227' title='bbox 650 3296 833 3345; x_wconf 88' lang='lat' dir='ltr'><strong>autem</strong></span> <span class='ocrx_word' id='word_1_228' title='bbox 856 3298 950 3347; x_wconf 90' lang='lat' dir='ltr'><strong>aut</strong></span> <span class='ocrx_word' id='word_1_229' title='bbox 981 3293 1178 3349; x_wconf 83' lang='lat' dir='ltr'><strong>animae</strong></span> <span class='ocrx_word' id='word_1_230' title='bbox 1199 3294 1573 3366; x_wconf 87' lang='lat' dir='ltr'><strong>impuritatem</strong></span> <span class='ocrx_word' id='word_1_231' title='bbox 1597 3312 1837 3368; x_wconf 89' lang='lat' dir='ltr'><strong>quonam</strong></span> <span class='ocrx_word' id='word_1_232' title='bbox 1860 3299 2027 3355; x_wconf 90' lang='lat' dir='ltr'><strong>modo</strong></span> 
     </span>
    </p>
   </div>
   <div class='ocr_carea' id='block_1_36' title="bbox 434 3383 2027 3456">
    <p class='ocr_par' dir='ltr' id='par_1_36' title="bbox 434 3383 2027 3456">
     <span class='ocr_line' id='line_1_36' title="bbox 434 3383 2027 3456; baseline 0.008 -23"><span class='ocrx_word' id='word_1_233' title='bbox 434 3383 755 3436; x_wconf 87' lang='lat' dir='ltr'><strong>consumat?</strong></span> <span class='ocrx_word' id='word_1_234' title='bbox 777 3383 970 3439; x_wconf 90' lang='lat' dir='ltr'><strong>Nonne</strong></span> <span class='ocrx_word' id='word_1_235' title='bbox 992 3384 1161 3455; x_wconf 80' lang='lat' dir='ltr'><strong>igitur</strong></span> <span class='ocrx_word' id='word_1_236' title='bbox 1201 3385 1320 3442; x_wconf 81' lang='lat' dir='ltr'><strong>haec</strong></span> <span class='ocrx_word' id='word_1_237' title='bbox 1350 3386 1584 3444; x_wconf 89' lang='lat' dir='ltr'><strong>ridicula</strong></span> <span class='ocrx_word' id='word_1_238' title='bbox 1608 3398 1757 3456; x_wconf 88' lang='lat' dir='ltr'><strong>sunt,</strong></span> <span class='ocrx_word' id='word_1_239' title='bbox 1778 3397 1835 3446; x_wconf 88' lang='lat' dir='ltr'><strong>et</strong></span> <span class='ocrx_word' id='word_1_240' title='bbox 1855 3404 2027 3446; x_wconf 84' lang='lat' dir='ltr'><strong>vana-</strong></span> 
     </span>
    </p>
   </div>
   <div class='ocr_carea' id='block_1_37' title="bbox 434 3474 1376 3545">
    <p class='ocr_par' dir='ltr' id='par_1_37' title="bbox 434 3474 1376 3545">
     <span class='ocr_line' id='line_1_37' title="bbox 434 3474 1376 3545; baseline 0.012 -22"><span class='ocrx_word' id='word_1_241' title='bbox 434 3485 559 3524; x_wconf 85' lang='lat' dir='ltr'><strong>rum</strong></span> <span class='ocrx_word' id='word_1_242' title='bbox 591 3474 992 3545; x_wconf 79' lang='lat' dir='ltr'><strong>cogitationum</strong></span> <span class='ocrx_word' id='word_1_243' title='bbox 1020 3479 1376 3534; x_wconf 82' lang='lat' dir='ltr'><strong>commenta?</strong></span> 
     </span>
    </p>
   </div>
   <div class='ocr_carea' id='block_1_38' title="bbox 501 3561 1825 3636">
    <p class='ocr_par' dir='ltr' id='par_1_38' title="bbox 501 3561 1825 3636">
     <span class='ocr_line' id='line_1_38' title="bbox 501 3561 1825 3636; baseline 0.01 -21"><span class='ocrx_word' id='word_1_244' title='bbox 501 3561 699 3617; x_wconf 82' lang='lat' dir='ltr'><strong>PALL.</strong></span> <span class='ocrx_word' id='word_1_245' title='bbox 733 3564 814 3619; x_wconf 87' lang='lat' dir='ltr'><strong>Ita</strong></span> <span class='ocrx_word' id='word_1_246' title='bbox 840 3582 1090 3636; x_wconf 86' lang='lat' dir='ltr'><strong>prorsus.</strong></span> <span class='ocrx_word' id='word_1_247' title='bbox 1822 3618 1825 3623; x_wconf 49' lang='grc' dir='ltr'><strong>μ</strong></span> 
     </span>
    </p>
   </div>
   <div class='ocr_carea' id='block_1_39' title="bbox 503 3651 2024 3729">
    <p class='ocr_par' dir='ltr' id='par_1_39' title="bbox 503 3651 2024 3729">
     <span class='ocr_line' id='line_1_39' title="bbox 503 3651 2024 3729; baseline 0.008 -23"><span class='ocrx_word' id='word_1_248' title='bbox 503 3651 662 3707; x_wconf 85' lang='lat' dir='ltr'><strong>CYR.</strong></span> <span class='ocrx_word' id='word_1_249' title='bbox 711 3654 1103 3712; x_wconf 87' lang='lat' dir='ltr'><strong>Libentissime</strong></span> <span class='ocrx_word' id='word_1_250' title='bbox 1141 3665 1327 3713; x_wconf 89' lang='lat' dir='ltr'><strong>autem</strong></span> <span class='ocrx_word' id='word_1_251' title='bbox 1381 3658 1450 3714; x_wconf 90' lang='lat' dir='ltr'><strong>iis</strong></span> <span class='ocrx_word' id='word_1_252' title='bbox 1493 3659 1586 3729; x_wconf 91' lang='lat' dir='ltr'><strong>qui</strong></span> <span class='ocrx_word' id='word_1_253' title='bbox 1625 3660 1771 3715; x_wconf 90' lang='lat' dir='ltr'><strong>inter</strong></span> <span class='ocrx_word' id='word_1_254' title='bbox 1803 3660 2024 3718; x_wconf 63' lang='lat' dir='ltr'><strong>Graecos</strong></span> 
     </span>
    </p>
   </div>
   <div class='ocr_carea' id='block_1_40' title="bbox 433 3743 2023 3822">
    <p class='ocr_par' dir='ltr' id='par_1_40' title="bbox 433 3743 2023 3822">
     <span class='ocr_line' id='line_1_40' title="bbox 433 3743 2023 3822; baseline 0.007 -24"><span class='ocrx_word' id='word_1_255' title='bbox 433 3743 637 3814; x_wconf 71' lang='lat' dir='ltr'><strong>egregii</strong></span> <span class='ocrx_word' id='word_1_256' title='bbox 665 3744 961 3812; x_wconf 89' lang='lat' dir='ltr'><strong>habentur,</strong></span> <span class='ocrx_word' id='word_1_257' title='bbox 989 3749 1197 3818; x_wconf 88' lang='lat' dir='ltr'><strong>quique</strong></span> <span class='ocrx_word' id='word_1_258' title='bbox 1218 3749 1535 3820; x_wconf 86' lang='lat' dir='ltr'><strong>hujusmodi</strong></span> <span class='ocrx_word' id='word_1_259' title='bbox 1568 3752 1746 3822; x_wconf 89' lang='lat' dir='ltr'><strong>turpia</strong></span> <span class='ocrx_word' id='word_1_260' title='bbox 1772 3752 2023 3809; x_wconf 88' lang='lat' dir='ltr'><strong>instituta</strong></span> 
     </span>
    </p>
   </div>
   <div class='ocr_carea' id='block_1_41' title="bbox 433 3833 2021 3913">
    <p class='ocr_par' dir='ltr' id='par_1_41' title="bbox 433 3833 2021 3913">
     <span class='ocr_line' id='line_1_41' title="bbox 433 3833 2021 3913; baseline 0.009 -26"><span class='ocrx_word' id='word_1_261' title='bbox 433 3842 491 3888; x_wconf 81' lang='lat' dir='ltr'><strong>et</strong></span> <span class='ocrx_word' id='word_1_262' title='bbox 516 3833 867 3902; x_wconf 90' lang='lat' dir='ltr'><strong>invenerunt,</strong></span> <span class='ocrx_word' id='word_1_263' title='bbox 909 3844 965 3892; x_wconf 91' lang='lat' dir='ltr'><strong>et</strong></span> <span class='ocrx_word' id='word_1_264' title='bbox 987 3838 1112 3893; x_wconf 89' lang='lat' dir='ltr'><strong>aliis</strong></span> <span class='ocrx_word' id='word_1_265' title='bbox 1152 3839 1522 3907; x_wconf 89' lang='lat' dir='ltr'><strong>tradiderunt,</strong></span> <span class='ocrx_word' id='word_1_266' title='bbox 1565 3843 1822 3913; x_wconf 76' lang='lat' dir='ltr'><strong>equidem</strong></span> <span class='ocrx_word' id='word_1_267' title='bbox 1864 3846 2021 3902; x_wconf 78' lang='lat' dir='ltr'><strong>dixe-</strong></span> 
     </span>
    </p>
   </div>
   <div class='ocr_carea' id='block_1_42' title="bbox 433 3922 2023 4003">
    <p class='ocr_par' dir='ltr' id='par_1_42' title="bbox 433 3922 2023 4003">
     <span class='ocr_line' id='line_1_42' title="bbox 433 3922 2023 4003; baseline 0.011 -28"><span class='ocrx_word' id='word_1_268' title='bbox 433 3922 538 3977; x_wconf 90' lang='lat' dir='ltr'><strong>rim</strong></span> <span class='ocrx_word' id='word_1_269' title='bbox 567 3941 579 3977; x_wconf 88' lang='lat'><strong>:</strong></span> <span class='ocrx_word' id='word_1_270' title='bbox 605 3922 761 3990; x_wconf 84' lang='lat' dir='ltr'><strong>Quod</strong></span> <span class='ocrx_word' id='word_1_271' title='bbox 786 3934 1032 3981; x_wconf 87' lang='lat' dir='ltr'><strong>vestrum</strong></span> <span class='ocrx_word' id='word_1_272' title='bbox 1055 3935 1140 3982; x_wconf 90' lang='lat' dir='ltr'><strong>est</strong></span> <span class='ocrx_word' id='word_1_273' title='bbox 1170 3928 1501 4003; x_wconf 69' lang='lat' dir='ltr'><strong>consilium?</strong></span> <span class='ocrx_word' id='word_1_274' title='bbox 1537 3947 1655 3998; x_wconf 87' lang='lat' dir='ltr'><strong>vos,</strong></span> <span class='ocrx_word' id='word_1_275' title='bbox 1697 3942 2023 4003; x_wconf 67' lang='lat' dir='ltr'><strong>praestantes</strong></span> 
     </span>
    </p>
   </div>
   <div class='ocr_carea' id='block_1_43' title="bbox 437 4014 2020 4098">
    <p class='ocr_par' dir='ltr' id='par_1_43' title="bbox 437 4014 2020 4098">
     <span class='ocr_line' id='line_1_43' title="bbox 437 4014 2020 4098; baseline 0.009 -30"><span class='ocrx_word' id='word_1_276' title='bbox 437 4014 538 4069; x_wconf 88' lang='lat' dir='ltr'><strong>viri</strong></span> <span class='ocrx_word' id='word_1_277' title='bbox 561 4030 623 4071; x_wconf 92' lang='lat' dir='ltr'><strong>ac</strong></span> <span class='ocrx_word' id='word_1_278' title='bbox 653 4017 929 4087; x_wconf 84' lang='lat' dir='ltr'><strong>sapientes</strong></span> <span class='ocrx_word' id='word_1_279' title='bbox 949 4020 1165 4090; x_wconf 90' lang='lat' dir='ltr'><strong>appello</strong></span> <span class='ocrx_word' id='word_1_280' title='bbox 1186 4062 1201 4086; x_wconf 92' lang='lat'><strong>,</strong></span> <span class='ocrx_word' id='word_1_281' title='bbox 1236 4036 1364 4077; x_wconf 90' lang='lat' dir='ltr'><strong>cum</strong></span> <span class='ocrx_word' id='word_1_282' title='bbox 1405 4024 1626 4097; x_wconf 89' lang='lat' dir='ltr'><strong>Tityum</strong></span> <span class='ocrx_word' id='word_1_283' title='bbox 1656 4025 1834 4091; x_wconf 90' lang='lat' dir='ltr'><strong>illum,</strong></span> <span class='ocrx_word' id='word_1_284' title='bbox 1853 4043 2020 4098; x_wconf 87' lang='lat' dir='ltr'><strong>quem</strong></span> 
     </span>
    </p>
   </div>
   <div class='ocr_carea' id='block_1_44' title="bbox 433 4110 2024 4189">
    <p class='ocr_par' dir='ltr' id='par_1_44' title="bbox 433 4110 2024 4189">
     <span class='ocr_line' id='line_1_44' title="bbox 433 4110 2024 4189; baseline 0.009 -29"><span class='ocrx_word' id='word_1_285' title='bbox 433 4114 618 4162; x_wconf 92' lang='lat' dir='ltr'><strong>ortum</strong></span> <span class='ocrx_word' id='word_1_286' title='bbox 654 4124 721 4163; x_wconf 80' lang='lat' dir='ltr'><strong>ex</strong></span> <span class='ocrx_word' id='word_1_287' title='bbox 759 4117 908 4165; x_wconf 92' lang='lat' dir='ltr'><strong>terra</strong></span> <span class='ocrx_word' id='word_1_288' title='bbox 943 4110 1159 4179; x_wconf 90' lang='lat' dir='ltr'><strong>dicitis,</strong></span> <span class='ocrx_word' id='word_1_289' title='bbox 1197 4113 1342 4183; x_wconf 88' lang='lat' dir='ltr'><strong>apud</strong></span> <span class='ocrx_word' id='word_1_290' title='bbox 1379 4114 1586 4173; x_wconf 88' lang='lat' dir='ltr'><strong>inferos</strong></span> <span class='ocrx_word' id='word_1_291' title='bbox 1625 4119 1930 4189; x_wconf 82' lang='lat' dir='ltr'><strong>torquetis,</strong></span> <span class='ocrx_word' id='word_1_292' title='bbox 1964 4128 2024 4175; x_wconf 90' lang='lat' dir='ltr'><strong>et</strong></span> 
     </span>
    </p>
   </div>
   <div class='ocr_carea' id='block_1_45' title="bbox 433 4200 2020 4282">
    <p class='ocr_par' dir='ltr' id='par_1_45' title="bbox 433 4200 2020 4282">
     <span class='ocr_line' id='line_1_45' title="bbox 433 4200 2020 4282; baseline 0.009 -28"><span class='ocrx_word' id='word_1_293' title='bbox 433 4200 682 4255; x_wconf 85' lang='lat' dir='ltr'><strong>vultures</strong></span> <span class='ocrx_word' id='word_1_294' title='bbox 696 4202 991 4268; x_wconf 88' lang='lat' dir='ltr'><strong>adhibetis,</strong></span> <span class='ocrx_word' id='word_1_295' title='bbox 1016 4206 1111 4275; x_wconf 92' lang='lat' dir='ltr'><strong>qui</strong></span> <span class='ocrx_word' id='word_1_296' title='bbox 1138 4213 1396 4279; x_wconf 89' lang='lat' dir='ltr'><strong>tanquam</strong></span> <span class='ocrx_word' id='word_1_297' title='bbox 1425 4210 1671 4266; x_wconf 71' lang='lat' dir='ltr'><strong>convivae</strong></span> <span class='ocrx_word' id='word_1_298' title='bbox 1688 4212 1876 4282; x_wconf 87' lang='lat' dir='ltr'><strong>jecore</strong></span> <span class='ocrx_word' id='word_1_299' title='bbox 1919 4227 2020 4282; x_wconf 85' lang='lat' dir='ltr'><strong>pa-</strong></span> 
     </span>
    </p>
   </div>
   <div class='ocr_carea' id='block_1_46' title="bbox 435 4293 2023 4377">
    <p class='ocr_par' dir='ltr' id='par_1_46' title="bbox 435 4293 2023 4377">
     <span class='ocr_line' id='line_1_46' title="bbox 435 4293 2023 4377; baseline 0.009 -33"><span class='ocrx_word' id='word_1_300' title='bbox 435 4300 681 4357; x_wconf 88' lang='lat' dir='ltr'><strong>scantur,</strong></span> <span class='ocrx_word' id='word_1_301' title='bbox 714 4293 863 4362; x_wconf 89' lang='lat' dir='ltr'><strong>quod</strong></span> <span class='ocrx_word' id='word_1_302' title='bbox 885 4295 1140 4353; x_wconf 88' lang='lat' dir='ltr'><strong>mulieris</strong></span> <span class='ocrx_word' id='word_1_303' title='bbox 1161 4300 1400 4369; x_wconf 89' lang='lat' dir='ltr'><strong>speciem</strong></span> <span class='ocrx_word' id='word_1_304' title='bbox 1427 4301 1750 4377; x_wconf 88' lang='lat' dir='ltr'><strong>admiratus,</strong></span> <span class='ocrx_word' id='word_1_305' title='bbox 1773 4303 2023 4359; x_wconf 89' lang='lat' dir='ltr'><strong>libidinis</strong></span> 
     </span>
    </p>
   </div>
   <div class='ocr_carea' id='block_1_47' title="bbox 436 4383 2018 4464">
    <p class='ocr_par' dir='ltr' id='par_1_47' title="bbox 436 4383 2018 4464">
     <span class='ocr_line' id='line_1_47' title="bbox 436 4383 2018 4464; baseline 0.01 -28"><span class='ocrx_word' id='word_1_306' title='bbox 436 4383 629 4439; x_wconf 86' lang='lat' dir='ltr'><strong>morbo</strong></span> <span class='ocrx_word' id='word_1_307' title='bbox 654 4384 954 4443; x_wconf 86' lang='lat' dir='ltr'><strong>laborarit?</strong></span> <span class='ocrx_word' id='word_1_308' title='bbox 978 4389 1208 4447; x_wconf 89' lang='lat' dir='ltr'><strong>Tantalo</strong></span> <span class='ocrx_word' id='word_1_309' title='bbox 1237 4402 1420 4449; x_wconf 88' lang='lat' dir='ltr'><strong>autem</strong></span> <span class='ocrx_word' id='word_1_310' title='bbox 1447 4394 1683 4464; x_wconf 88' lang='lat' dir='ltr'><strong>lapidem</strong></span> <span class='ocrx_word' id='word_1_311' title='bbox 1727 4395 2018 4452; x_wconf 88' lang='lat' dir='ltr'><strong>imminere</strong></span> 
     </span>
    </p>
   </div>
   <div class='ocr_carea' id='block_1_48' title="bbox 434 4475 2091 4568">
    <p class='ocr_par' dir='ltr' id='par_1_48' title="bbox 434 4475 2091 4568">
     <span class='ocr_line' id='line_1_48' title="bbox 434 4475 2091 4568; baseline 0.009 -39"><span class='ocrx_word' id='word_1_312' title='bbox 434 4475 638 4541; x_wconf 88' lang='lat' dir='ltr'><strong>dicitis,</strong></span> <span class='ocrx_word' id='word_1_313' title='bbox 682 4492 919 4550; x_wconf 89' lang='lat' dir='ltr'><strong>eumque</strong></span> <span class='ocrx_word' id='word_1_314' title='bbox 951 4480 1373 4552; x_wconf 89' lang='lat' dir='ltr'><strong>intemperantis</strong></span> <span class='ocrx_word' id='word_1_315' title='bbox 1406 4484 1609 4556; x_wconf 74' lang='lat' dir='ltr'><strong>linguae</strong></span> <span class='ocrx_word' id='word_1_316' title='bbox 1633 4499 1825 4555; x_wconf 69' lang='lat' dir='ltr'><strong>ptenas</strong></span> <span class='ocrx_word' id='word_1_317' title='bbox 1859 4479 2012 4553; x_wconf 85' lang='lat' dir='ltr'><strong>dare,</strong></span> <span class='ocrx_word' id='word_1_318' title='bbox 2048 4513 2091 4568; x_wconf 76' lang='grc' dir='ltr'>ο</span> 
     </span>
    </p>
   </div>
   <div class='ocr_carea' id='block_1_49' title="bbox 432 4569 2015 4646">
    <p class='ocr_par' dir='ltr' id='par_1_49' title="bbox 432 4569 2015 4646">
     <span class='ocr_line' id='line_1_49' title="bbox 432 4569 2015 4646; baseline 0.008 -25"><span class='ocrx_word' id='word_1_319' title='bbox 432 4569 621 4636; x_wconf 85' lang='lat' dir='ltr'><strong>pueris</strong></span> <span class='ocrx_word' id='word_1_320' title='bbox 644 4569 893 4627; x_wconf 87' lang='lat' dir='ltr'><strong>fabulose</strong></span> <span class='ocrx_word' id='word_1_321' title='bbox 917 4573 1172 4627; x_wconf 88' lang='lat' dir='ltr'><strong>traditis?</strong></span> <span class='ocrx_word' id='word_1_322' title='bbox 1201 4574 1358 4644; x_wconf 79' lang='lat'><strong>195</strong></span> <span class='ocrx_word' id='word_1_323' title='bbox 1385 4583 1517 4630; x_wconf 68' lang='lat' dir='ltr'><strong>rotae</strong></span> <span class='ocrx_word' id='word_1_324' title='bbox 1547 4590 1766 4646; x_wconf 85' lang='lat' dir='ltr'><strong>quoque</strong></span> <span class='ocrx_word' id='word_1_325' title='bbox 1792 4577 2015 4633; x_wconf 84' lang='lat' dir='ltr'><strong>diutur-</strong></span> 
     </span>
    </p>
   </div>
   <div class='ocr_carea' id='block_1_50' title="bbox 431 4658 2013 4731">
    <p class='ocr_par' dir='ltr' id='par_1_50' title="bbox 431 4658 2013 4731">
     <span class='ocr_line' id='line_1_50' title="bbox 431 4658 2013 4731; baseline 0.008 -19"><span class='ocrx_word' id='word_1_326' title='bbox 431 4658 519 4714; x_wconf 87' lang='lat' dir='ltr'><strong>nis</strong></span> <span class='ocrx_word' id='word_1_327' title='bbox 549 4676 612 4715; x_wconf 89' lang='lat' dir='ltr'><strong>ac</strong></span> <span class='ocrx_word' id='word_1_328' title='bbox 637 4668 905 4731; x_wconf 86' lang='lat' dir='ltr'><strong>perpetuo</strong></span> <span class='ocrx_word' id='word_1_329' title='bbox 921 4662 1272 4719; x_wconf 87' lang='lat' dir='ltr'><strong>circumactis</strong></span> <span class='ocrx_word' id='word_1_330' title='bbox 1285 4666 1750 4723; x_wconf 88' lang='lat' dir='ltr'><strong>conversionibus</strong></span> <span class='ocrx_word' id='word_1_331' title='bbox 1764 4668 2013 4726; x_wconf 76' lang='lat' dir='ltr'><strong>Ixionem</strong></span> 
     </span>
    </p>
   </div>
   <div class='ocr_carea' id='block_1_51' title="bbox 432 4750 2016 4823">
    <p class='ocr_par' dir='ltr' id='par_1_51' title="bbox 432 4750 2016 4823">
     <span class='ocr_line' id='line_1_51' title="bbox 432 4750 2016 4823; baseline 0.009 -19"><span class='ocrx_word' id='word_1_332' title='bbox 432 4750 688 4822; x_wconf 90' lang='lat' dir='ltr'><strong>alligatis,</strong></span> <span class='ocrx_word' id='word_1_333' title='bbox 718 4762 773 4807; x_wconf 85' lang='lat' dir='ltr'><strong>et</strong></span> <span class='ocrx_word' id='word_1_334' title='bbox 800 4752 857 4806; x_wconf 91' lang='lat' dir='ltr'><strong>in</strong></span> <span class='ocrx_word' id='word_1_335' title='bbox 882 4768 945 4807; x_wconf 89' lang='lat' dir='ltr'><strong>ea</strong></span> <span class='ocrx_word' id='word_1_336' title='bbox 970 4768 1162 4823; x_wconf 74' lang='lat' dir='ltr'><strong>pcenas</strong></span> <span class='ocrx_word' id='word_1_337' title='bbox 1187 4755 1340 4811; x_wconf 91' lang='lat' dir='ltr'><strong>luere</strong></span> <span class='ocrx_word' id='word_1_338' title='bbox 1362 4755 1550 4813; x_wconf 89' lang='lat' dir='ltr'><strong>dicitis</strong></span> <span class='ocrx_word' id='word_1_339' title='bbox 1585 4757 1818 4816; x_wconf 74' lang='lat' dir='ltr'><strong>fallaciae</strong></span> <span class='ocrx_word' id='word_1_340' title='bbox 1866 4760 2016 4819; x_wconf 88' lang='lat' dir='ltr'><strong>illius</strong></span> 
     </span>
    </p>
   </div>
   <div class='ocr_carea' id='block_1_52' title="bbox 430 4844 2014 4923">
    <p class='ocr_par' dir='ltr' id='par_1_52' title="bbox 430 4844 2014 4923">
     <span class='ocr_line' id='line_1_52' title="bbox 430 4844 2014 4923; baseline 0.011 -28"><span class='ocrx_word' id='word_1_341' title='bbox 430 4857 553 4911; x_wconf 69' lang='lat' dir='ltr'><strong>quae</strong></span> <span class='ocrx_word' id='word_1_342' title='bbox 584 4844 783 4900; x_wconf 81' lang='lat' dir='ltr'><strong>vestris</strong></span> <span class='ocrx_word' id='word_1_343' title='bbox 806 4844 914 4901; x_wconf 89' lang='lat' dir='ltr'><strong>diis</strong></span> <span class='ocrx_word' id='word_1_344' title='bbox 937 4845 1166 4902; x_wconf 89' lang='lat' dir='ltr'><strong>minime</strong></span> <span class='ocrx_word' id='word_1_345' title='bbox 1196 4847 1478 4919; x_wconf 89' lang='lat' dir='ltr'><strong>displicuit</strong></span> <span class='ocrx_word' id='word_1_346' title='bbox 1505 4868 1518 4904; x_wconf 91' lang='lat'><strong>:</strong></span> <span class='ocrx_word' id='word_1_347' title='bbox 1552 4867 1652 4908; x_wconf 90' lang='lat' dir='ltr'><strong>vos</strong></span> <span class='ocrx_word' id='word_1_348' title='bbox 1688 4853 1838 4923; x_wconf 91' lang='lat' dir='ltr'><strong>ipsos</strong></span> <span class='ocrx_word' id='word_1_349' title='bbox 1877 4870 2014 4912; x_wconf 82' lang='lat' dir='ltr'><strong>vero</strong></span> 
     </span>
    </p>
   </div>
   <div class='ocr_carea' id='block_1_53' title="bbox 432 4936 2012 5016">
    <p class='ocr_par' dir='ltr' id='par_1_53' title="bbox 432 4936 2012 5016">
     <span class='ocr_line' id='line_1_53' title="bbox 432 4936 2012 5016; baseline 0.012 -32"><span class='ocrx_word' id='word_1_350' title='bbox 432 4945 496 4984; x_wconf 91' lang='lat' dir='ltr'><strong>ac</strong></span> <span class='ocrx_word' id='word_1_351' title='bbox 517 4940 746 4989; x_wconf 67' lang='lat' dir='ltr'><strong>caeteros</strong></span> <span class='ocrx_word' id='word_1_352' title='bbox 768 4936 1020 5004; x_wconf 86' lang='lat' dir='ltr'><strong>quamvis</strong></span> <span class='ocrx_word' id='word_1_353' title='bbox 1034 4937 1374 5008; x_wconf 86' lang='lat' dir='ltr'><strong>gravissimis</strong></span> <span class='ocrx_word' id='word_1_354' title='bbox 1412 4942 1855 5016; x_wconf 85' lang='lat' dir='ltr'><strong>turpissimisque</strong></span> <span class='ocrx_word' id='word_1_355' title='bbox 1891 4963 2012 5003; x_wconf 88' lang='lat' dir='ltr'><strong>ma-</strong></span> 
     </span>
    </p>
   </div>
   <div class='ocr_carea' id='block_1_54' title="bbox 432 5022 2011 5108">
    <p class='ocr_par' dir='ltr' id='par_1_54' title="bbox 432 5022 2011 5108">
     <span class='ocr_line' id='line_1_54' title="bbox 432 5022 2011 5108; baseline 0.013 -32"><span class='ocrx_word' id='word_1_356' title='bbox 432 5022 503 5077; x_wconf 87' lang='lat' dir='ltr'><strong>lis</strong></span> <span class='ocrx_word' id='word_1_357' title='bbox 525 5027 843 5092; x_wconf 88' lang='lat' dir='ltr'><strong>teneamini,</strong></span> <span class='ocrx_word' id='word_1_358' title='bbox 866 5028 977 5100; x_wconf 92' lang='lat' dir='ltr'><strong>igni</strong></span> <span class='ocrx_word' id='word_1_359' title='bbox 1000 5044 1065 5084; x_wconf 89' lang='lat' dir='ltr'><strong>ac</strong></span> <span class='ocrx_word' id='word_1_360' title='bbox 1085 5031 1254 5086; x_wconf 88' lang='lat' dir='ltr'><strong>ramis</strong></span> <span class='ocrx_word' id='word_1_361' title='bbox 1291 5033 1556 5102; x_wconf 88' lang='lat' dir='ltr'><strong>liberatis,</strong></span> <span class='ocrx_word' id='word_1_362' title='bbox 1587 5044 1650 5091; x_wconf 89' lang='lat' dir='ltr'><strong>ut</strong></span> <span class='ocrx_word' id='word_1_363' title='bbox 1677 5036 1782 5107; x_wconf 89' lang='lat' dir='ltr'><strong>ipsi</strong></span> <span class='ocrx_word' id='word_1_364' title='bbox 1818 5038 2011 5108; x_wconf 89' lang='lat' dir='ltr'><strong>opina-</strong></span> 
     </span>
    </p>
   </div>
   <div class='ocr_carea' id='block_1_55' title="bbox 433 5114 2010 5186">
    <p class='ocr_par' dir='ltr' id='par_1_55' title="bbox 433 5114 2010 5186">
     <span class='ocr_line' id='line_1_55' title="bbox 433 5114 2010 5186; baseline 0.012 -18"><span class='ocrx_word' id='word_1_365' title='bbox 433 5114 568 5169; x_wconf 90' lang='lat' dir='ltr'><strong>mini</strong></span> <span class='ocrx_word' id='word_1_366' title='bbox 594 5133 609 5182; x_wconf 88' lang='lat'><strong>;</strong></span> <span class='ocrx_word' id='word_1_367' title='bbox 634 5124 689 5170; x_wconf 90' lang='lat' dir='ltr'><strong>et</strong></span> <span class='ocrx_word' id='word_1_368' title='bbox 704 5119 1092 5186; x_wconf 87' lang='lat' dir='ltr'><strong>perditissimis</strong></span> <span class='ocrx_word' id='word_1_369' title='bbox 1117 5122 1436 5181; x_wconf 91' lang='lat' dir='ltr'><strong>hominibus</strong></span> <span class='ocrx_word' id='word_1_370' title='bbox 1457 5127 1754 5183; x_wconf 89' lang='lat' dir='ltr'><strong>criminum</strong></span> <span class='ocrx_word' id='word_1_371' title='bbox 1774 5129 2010 5186; x_wconf 84' lang='lat' dir='ltr'><strong>ablutio-</strong></span> 
     </span>
    </p>
   </div>
   <div class='ocr_carea' id='block_1_56' title="bbox 431 5204 2010 5288">
    <p class='ocr_par' dir='ltr' id='par_1_56' title="bbox 431 5204 2010 5288">
     <span class='ocr_line' id='line_1_56' title="bbox 431 5204 2010 5288; baseline 0.01 -29"><span class='ocrx_word' id='word_1_372' title='bbox 431 5217 556 5259; x_wconf 88' lang='lat' dir='ltr'><strong>nem</strong></span> <span class='ocrx_word' id='word_1_373' title='bbox 585 5205 926 5262; x_wconf 89' lang='lat' dir='ltr'><strong>conceditis?</strong></span> <span class='ocrx_word' id='word_1_374' title='bbox 949 5209 1109 5283; x_wconf 88' lang='lat' dir='ltr'><strong>Tityo</strong></span> <span class='ocrx_word' id='word_1_375' title='bbox 1130 5226 1285 5276; x_wconf 87' lang='lat' dir='ltr'><strong>vero,</strong></span> <span class='ocrx_word' id='word_1_376' title='bbox 1333 5229 1519 5283; x_wconf 80' lang='lat' dir='ltr'><strong>quaeso</strong></span> <span class='ocrx_word' id='word_1_377' title='bbox 1544 5222 1622 5283; x_wconf 87' lang='lat' dir='ltr'><strong>te,</strong></span> <span class='ocrx_word' id='word_1_378' title='bbox 1662 5224 1720 5272; x_wconf 92' lang='lat' dir='ltr'><strong>et</strong></span> <span class='ocrx_word' id='word_1_379' title='bbox 1764 5217 1834 5273; x_wconf 92' lang='lat' dir='ltr'><strong>iis</strong></span> <span class='ocrx_word' id='word_1_380' title='bbox 1850 5204 2010 5288; x_wconf 68' lang='lat' dir='ltr'><strong>‘quos</strong></span> 
     </span>
    </p>
   </div>
   <div class='ocr_carea' id='block_1_57' title="bbox 432 5296 2012 5374">
    <p class='ocr_par' dir='ltr' id='par_1_57' title="bbox 432 5296 2012 5374">
     <span class='ocr_line' id='line_1_57' title="bbox 432 5296 2012 5374; baseline 0.01 -25"><span class='ocrx_word' id='word_1_381' title='bbox 432 5296 599 5352; x_wconf 91' lang='lat' dir='ltr'><strong>modo</strong></span> <span class='ocrx_word' id='word_1_382' title='bbox 628 5296 929 5366; x_wconf 87' lang='lat' dir='ltr'><strong>nominavi,</strong></span> <span class='ocrx_word' id='word_1_383' title='bbox 955 5302 1098 5374; x_wconf 89' lang='lat' dir='ltr'><strong>ignis</strong></span> <span class='ocrx_word' id='word_1_384' title='bbox 1120 5304 1352 5374; x_wconf 91' lang='lat' dir='ltr'><strong>penuria</strong></span> <span class='ocrx_word' id='word_1_385' title='bbox 1369 5304 1598 5361; x_wconf 86' lang='lat' dir='ltr'><strong>fortasse</strong></span> <span class='ocrx_word' id='word_1_386' title='bbox 1621 5307 1759 5364; x_wconf 90' lang='lat' dir='ltr'><strong>adeo</strong></span> <span class='ocrx_word' id='word_1_387' title='bbox 1784 5309 2012 5365; x_wconf 90' lang='lat' dir='ltr'><strong>acerbas</strong></span> 
     </span>
    </p>
   </div>
   <div class='ocr_carea' id='block_1_58' title="bbox 2132 533 3708 621">
    <p class='ocr_par' dir='ltr' id='par_1_58' title="bbox 2132 533 3708 621">
     <span class='ocr_line' id='line_1_58' title="bbox 2132 533 3708 621; baseline -0.009 -22"><span class='ocrx_word' id='word_1_388' title='bbox 2132 562 2252 616; x_wconf 85' lang='grc' dir='ltr'><strong>μαι,</strong></span> <span class='ocrx_word' id='word_1_389' title='bbox 2288 544 2521 615; x_wconf 83' lang='grc' dir='ltr'>ποιήσω.</span> <span class='ocrx_word' id='word_1_390' title='bbox 2545 562 2564 594; x_wconf 75' lang='grc' dir='ltr'><strong>ι</strong></span> <span class='ocrx_word' id='word_1_391' title='bbox 2600 542 2765 611; x_wconf 85' lang='grc' dir='ltr'>Μόνῳ</span> <span class='ocrx_word' id='word_1_392' title='bbox 2794 539 2860 621; x_wconf 73' lang='grc' dir='ltr'>δὴ</span> <span class='ocrx_word' id='word_1_393' title='bbox 2882 535 2977 593; x_wconf 80' lang='grc' dir='ltr'>οὖν</span> <span class='ocrx_word' id='word_1_394' title='bbox 3008 535 3354 591; x_wconf 79' lang='grc' dir='ltr'>ἀνακείσεται</span> <span class='ocrx_word' id='word_1_395' title='bbox 3388 533 3523 605; x_wconf 78' lang='grc' dir='ltr'>πρὸς</span> <span class='ocrx_word' id='word_1_396' title='bbox 3550 533 3708 605; x_wconf 77' lang='grc' dir='ltr'>ἡμῶν</span> 
     </span>
    </p>
   </div>
   <div class='ocr_carea' id='block_1_59' title="bbox 2127 624 3705 709">
    <p class='ocr_par' dir='ltr' id='par_1_59' title="bbox 2127 624 3705 709">
     <span class='ocr_line' id='line_1_59' title="bbox 2127 624 3705 709; baseline -0.01 -17"><span class='ocrx_word' id='word_1_397' title='bbox 2127 637 2207 709; x_wconf 83' lang='grc' dir='ltr'>τῷ</span> <span class='ocrx_word' id='word_1_398' title='bbox 2246 637 2462 691; x_wconf 88' lang='grc' dir='ltr'>πάντων</span> <span class='ocrx_word' id='word_1_399' title='bbox 2505 634 2765 687; x_wconf 76' lang='grc' dir='ltr'><strong>ἐπέκεινα</strong></span> <span class='ocrx_word' id='word_1_400' title='bbox 2816 629 2958 700; x_wconf 80' lang='grc' dir='ltr'>Θεῷ,</span> <span class='ocrx_word' id='word_1_401' title='bbox 3002 629 3063 683; x_wconf 84' lang='grc' dir='ltr'>τὸ</span> <span class='ocrx_word' id='word_1_402' title='bbox 3114 626 3366 682; x_wconf 74' lang='grc' dir='ltr'><strong>διειδέναι</strong></span> <span class='ocrx_word' id='word_1_403' title='bbox 3406 642 3465 680; x_wconf 86' lang='grc' dir='ltr'><strong>τε</strong></span> <span class='ocrx_word' id='word_1_404' title='bbox 3500 624 3705 694; x_wconf 86' lang='grc' dir='ltr'>σαφῶς,</span> 
     </span>
    </p>
   </div>
   <div class='ocr_carea' id='block_1_60' title="bbox 2127 717 3706 798">
    <p class='ocr_par' dir='ltr' id='par_1_60' title="bbox 2127 717 3706 798">
     <span class='ocr_line' id='line_1_60' title="bbox 2127 717 3706 798; baseline -0.007 -17"><span class='ocrx_word' id='word_1_405' title='bbox 2127 728 2224 783; x_wconf 71' lang='grc' dir='ltr'>καὶ</span> <span class='ocrx_word' id='word_1_406' title='bbox 2276 726 2672 798; x_wconf 82' lang='grc' dir='ltr'><strong>προαγορεύειν</strong></span> <span class='ocrx_word' id='word_1_407' title='bbox 2726 722 2978 786; x_wconf 81' lang='grc' dir='ltr'>ἀπλανῶς</span> <span class='ocrx_word' id='word_1_408' title='bbox 3009 719 3266 775; x_wconf 88' lang='grc' dir='ltr'>δύνασθαι</span> <span class='ocrx_word' id='word_1_409' title='bbox 3316 717 3387 772; x_wconf 86' lang='grc' dir='ltr'><strong>τά</strong></span> <span class='ocrx_word' id='word_1_410' title='bbox 3439 718 3706 788; x_wconf 75' lang='grc' dir='ltr'>ἐσόμενα·</span> 
     </span>
    </p>
   </div>
   <div class='ocr_carea' id='block_1_61' title="bbox 2129 809 3707 886">
    <p class='ocr_par' dir='ltr' id='par_1_61' title="bbox 2129 809 3707 886">
     <span class='ocr_line' id='line_1_61' title="bbox 2129 809 3707 886; baseline -0.007 -13"><span class='ocrx_word' id='word_1_411' title='bbox 2129 819 2280 874; x_wconf 78' lang='grc' dir='ltr'>ὓθλοι</span> <span class='ocrx_word' id='word_1_412' title='bbox 2301 818 2357 872; x_wconf 82' lang='grc' dir='ltr'>δὲ</span> <span class='ocrx_word' id='word_1_413' title='bbox 2385 817 2561 881; x_wconf 78' lang='grc' dir='ltr'>ἄλλως</span> <span class='ocrx_word' id='word_1_414' title='bbox 2588 816 2684 870; x_wconf 80' lang='grc' dir='ltr'>καὶ</span> <span class='ocrx_word' id='word_1_415' title='bbox 2725 814 2947 886; x_wconf 81' lang='grc' dir='ltr'>γραώδη</span> <span class='ocrx_word' id='word_1_416' title='bbox 2981 812 3247 885; x_wconf 78' lang='grc' dir='ltr'><strong>μυθάρια,</strong></span> <span class='ocrx_word' id='word_1_417' title='bbox 3284 809 3614 881; x_wconf 78' lang='grc' dir='ltr'><strong>βωμολοχίαι</strong></span> <span class='ocrx_word' id='word_1_418' title='bbox 3647 827 3707 863; x_wconf 82' lang='grc' dir='ltr'><strong>τε</strong></span> 
     </span>
    </p>
   </div>
   <div class='ocr_carea' id='block_1_62' title="bbox 2126 898 3709 982">
    <p class='ocr_par' dir='ltr' id='par_1_62' title="bbox 2126 898 3709 982">
     <span class='ocr_line' id='line_1_62' title="bbox 2126 898 3709 982; baseline -0.008 -15"><span class='ocrx_word' id='word_1_419' title='bbox 2126 913 2222 967; x_wconf 74' lang='grc' dir='ltr'>’καὶ</span> <span class='ocrx_word' id='word_1_420' title='bbox 2250 898 2601 982; x_wconf 70' lang='grc' dir='ltr'>φενακισμοὶ,</span> <span class='ocrx_word' id='word_1_421' title='bbox 2642 908 2713 962; x_wconf 83' lang='grc' dir='ltr'><strong>τά</strong></span> <span class='ocrx_word' id='word_1_422' title='bbox 2756 907 2887 979; x_wconf 84' lang='grc' dir='ltr'>παρ’</span> <span class='ocrx_word' id='word_1_423' title='bbox 2913 904 3137 978; x_wconf 73' lang='grc' dir='ltr'>ἑτέρων,</span> <span class='ocrx_word' id='word_1_424' title='bbox 3179 905 3228 958; x_wconf 81' lang='grc' dir='ltr'>οἳ</span> <span class='ocrx_word' id='word_1_425' title='bbox 3259 903 3352 957; x_wconf 84' lang='grc' dir='ltr'>τὸν</span> <span class='ocrx_word' id='word_1_426' title='bbox 3393 901 3520 956; x_wconf 81' lang='grc' dir='ltr'>νοῦν</span> <span class='ocrx_word' id='word_1_427' title='bbox 3564 918 3709 972; x_wconf 85' lang='grc' dir='ltr'>παρ-</span> 
     </span>
    </p>
   </div>
   <div class='ocr_carea' id='block_1_63' title="bbox 2128 991 3710 1074">
    <p class='ocr_par' dir='ltr' id='par_1_63' title="bbox 2128 991 3710 1074">
     <span class='ocr_line' id='line_1_63' title="bbox 2128 991 3710 1074; baseline -0.009 -17"><span class='ocrx_word' id='word_1_428' title='bbox 2128 1002 2419 1074; x_wconf 78' lang='grc' dir='ltr'>εφθορότες</span> <span class='ocrx_word' id='word_1_429' title='bbox 2468 1000 2538 1055; x_wconf 81' lang='grc' dir='ltr'>τὰ</span> <span class='ocrx_word' id='word_1_430' title='bbox 2577 999 2686 1054; x_wconf 79' lang='grc' dir='ltr'>ἀπὸ</span> <span class='ocrx_word' id='word_1_431' title='bbox 2726 997 2952 1071; x_wconf 86' lang='grc' dir='ltr'>καρδίας</span> <span class='ocrx_word' id='word_1_432' title='bbox 2982 994 3160 1050; x_wconf 84' lang='grc' dir='ltr'>αὐτῶν</span> <span class='ocrx_word' id='word_1_433' title='bbox 3203 992 3449 1059; x_wconf 80' lang='grc' dir='ltr'>λαλοῦσι,</span> <span class='ocrx_word' id='word_1_434' title='bbox 3477 991 3618 1045; x_wconf 86' lang='grc' dir='ltr'><strong>κατά</strong></span> <span class='ocrx_word' id='word_1_435' title='bbox 3649 991 3710 1044; x_wconf 77' lang='grc' dir='ltr'>τὸ</span> 
     </span>
    </p>
   </div>
   <div class='ocr_carea' id='block_1_64' title="bbox 2125 1084 3706 1167">
    <p class='ocr_par' dir='ltr' id='par_1_64' title="bbox 2125 1084 3706 1167">
     <span class='ocr_line' id='line_1_64' title="bbox 2125 1084 3706 1167; baseline -0.008 -18"><span class='ocrx_word' id='word_1_436' title='bbox 2125 1094 2534 1167; x_wconf 77' lang='grc' dir='ltr'>γεγραμμένον,</span> <span class='ocrx_word' id='word_1_437' title='bbox 2562 1094 2657 1147; x_wconf 74' lang='grc' dir='ltr'>καὶ</span> <span class='ocrx_word' id='word_1_438' title='bbox 2686 1089 3088 1164; x_wconf 86' lang='grc' dir='ltr'>ἀργυρολογίας</span> <span class='ocrx_word' id='word_1_439' title='bbox 3130 1086 3393 1159; x_wconf 82' lang='grc' dir='ltr'>ἀφορμὴν</span> <span class='ocrx_word' id='word_1_440' title='bbox 3423 1084 3706 1140; x_wconf 85' lang='grc' dir='ltr'>ποιοῦνται</span> 
     </span>
    </p>
   </div>
   <div class='ocr_carea' id='block_1_65' title="bbox 2126 1186 2999 1256">
    <p class='ocr_par' dir='ltr' id='par_1_65' title="bbox 2126 1186 2999 1256">
     <span class='ocr_line' id='line_1_65' title="bbox 2126 1186 2999 1256; baseline 0.001 -15"><span class='ocrx_word' id='word_1_441' title='bbox 2126 1187 2187 1241; x_wconf 80' lang='grc' dir='ltr'>τὸ</span> <span class='ocrx_word' id='word_1_442' title='bbox 2211 1186 2426 1256; x_wconf 78' lang='grc' dir='ltr'>ψεῦδος.</span> <span class='ocrx_word' id='word_1_443' title='bbox 2986 1208 2999 1229; x_wconf 84' lang='grc' dir='ltr'><strong>ι</strong></span> 
     </span>
    </p>
   </div>
   <div class='ocr_carea' id='block_1_66' title="bbox 2197 1266 3699 1348">
    <p class='ocr_par' dir='ltr' id='par_1_66' title="bbox 2197 1266 3699 1348">
     <span class='ocr_line' id='line_1_66' title="bbox 2197 1266 3699 1348; baseline -0.007 -15"><span class='ocrx_word' id='word_1_444' title='bbox 2197 1280 2406 1333; x_wconf 79' lang='grc' dir='ltr'><strong>ΠΑΛΛ.</strong></span> <span class='ocrx_word' id='word_1_445' title='bbox 2459 1277 2702 1348; x_wconf 81' lang='grc' dir='ltr'>Ἀληθές.</span> <span class='ocrx_word' id='word_1_446' title='bbox 2738 1276 2893 1346; x_wconf 85' lang='grc' dir='ltr'>Ἔχει</span> <span class='ocrx_word' id='word_1_447' title='bbox 2923 1273 3032 1345; x_wconf 83' lang='grc' dir='ltr'><strong>γάρ</strong></span> <span class='ocrx_word' id='word_1_448' title='bbox 3075 1266 3200 1336; x_wconf 82' lang='grc' dir='ltr'>ὧδε,</span> <span class='ocrx_word' id='word_1_449' title='bbox 3227 1271 3322 1326; x_wconf 69' lang='grc' dir='ltr'>καὶ</span> <span class='ocrx_word' id='word_1_450' title='bbox 3354 1271 3452 1342; x_wconf 80' lang='grc' dir='ltr'>οὐχ</span> <span class='ocrx_word' id='word_1_451' title='bbox 3476 1271 3699 1342; x_wconf 79' lang='grc' dir='ltr'>ἑτέρως.</span> 
     </span>
    </p>
   </div>
   <div class='ocr_carea' id='block_1_67' title="bbox 2197 1442 3703 1521">
    <p class='ocr_par' dir='ltr' id='par_1_67' title="bbox 2197 1442 3703 1521">
     <span class='ocr_line' id='line_1_67' title="bbox 2197 1442 3703 1521; baseline -0.004 -16"><span class='ocrx_word' id='word_1_452' title='bbox 2197 1449 2363 1505; x_wconf 81' lang='grc' dir='ltr'><strong>ΚΥΡ.</strong></span> <span class='ocrx_word' id='word_1_453' title='bbox 2413 1449 2750 1520; x_wconf 80' lang='grc' dir='ltr'>Ἀφεξόμεθα</span> <span class='ocrx_word' id='word_1_454' title='bbox 2809 1448 2874 1521; x_wconf 84' lang='grc' dir='ltr'>δὴ</span> <span class='ocrx_word' id='word_1_455' title='bbox 2922 1442 3015 1503; x_wconf 79' lang='grc' dir='ltr'>οὖν</span> <span class='ocrx_word' id='word_1_456' title='bbox 3052 1448 3146 1503; x_wconf 69' lang='lat' dir='ltr'><strong>ml.</strong></span> <span class='ocrx_word' id='word_1_457' title='bbox 3188 1446 3363 1510; x_wconf 78' lang='grc' dir='ltr'>τοῦδε,</span> <span class='ocrx_word' id='word_1_458' title='bbox 3404 1447 3498 1500; x_wconf 78' lang='grc' dir='ltr'>καὶ</span> <span class='ocrx_word' id='word_1_459' title='bbox 3542 1442 3703 1517; x_wconf 75' lang='grc' dir='ltr'>οἷμον</span> 
     </span>
    </p>
   </div>
   <div class='ocr_carea' id='block_1_68' title="bbox 2127 1540 3701 1614">
    <p class='ocr_par' dir='ltr' id='par_1_68' title="bbox 2127 1540 3701 1614">
     <span class='ocr_line' id='line_1_68' title="bbox 2127 1540 3701 1614; baseline -0.003 -15"><span class='ocrx_word' id='word_1_460' title='bbox 2127 1544 2356 1613; x_wconf 81' lang='grc' dir='ltr'>ἀφέντες</span> <span class='ocrx_word' id='word_1_461' title='bbox 2400 1543 2500 1613; x_wconf 79' lang='grc' dir='ltr'>τὴν</span> <span class='ocrx_word' id='word_1_462' title='bbox 2552 1543 3015 1614; x_wconf 80' lang='grc' dir='ltr'>διεστραμμένην,</span> <span class='ocrx_word' id='word_1_463' title='bbox 3074 1540 3406 1613; x_wconf 85' lang='grc' dir='ltr'>βαδιούμεθα</span> <span class='ocrx_word' id='word_1_464' title='bbox 3452 1542 3552 1611; x_wconf 83' lang='grc' dir='ltr'>τὴν</span> <span class='ocrx_word' id='word_1_465' title='bbox 3614 1542 3701 1594; x_wconf 77' lang='grc' dir='ltr'><strong>ἐπ’</strong></span> 
     </span>
    </p>
   </div>
   <div class='ocr_carea' id='block_1_69' title="bbox 2126 1632 3710 1705">
    <p class='ocr_par' dir='ltr' id='par_1_69' title="bbox 2126 1632 3710 1705">
     <span class='ocr_line' id='line_1_69' title="bbox 2126 1632 3710 1705; baseline -0.003 -16"><span class='ocrx_word' id='word_1_466' title='bbox 2126 1633 2277 1699; x_wconf 78' lang='grc' dir='ltr'>εὐθὺ,</span> <span class='ocrx_word' id='word_1_467' title='bbox 2310 1633 2430 1705; x_wconf 85' lang='grc' dir='ltr'><strong>Θεῷ</strong></span> <span class='ocrx_word' id='word_1_468' title='bbox 2466 1633 2815 1705; x_wconf 80' lang='grc' dir='ltr'><strong>μονοτρόπως</strong></span> <span class='ocrx_word' id='word_1_469' title='bbox 2851 1633 3258 1705; x_wconf 80' lang='grc' dir='ltr'>προσκείμενοι,</span> <span class='ocrx_word' id='word_1_470' title='bbox 3306 1633 3403 1686; x_wconf 74' lang='grc' dir='ltr'>καὶ</span> <span class='ocrx_word' id='word_1_471' title='bbox 3447 1635 3567 1697; x_wconf 84' lang='grc' dir='ltr'>ταῖς</span> <span class='ocrx_word' id='word_1_472' title='bbox 3596 1632 3710 1686; x_wconf 81' lang='grc' dir='ltr'><strong>τῶν</strong></span> 
     </span>
    </p>
   </div>
   <div class='ocr_carea' id='block_1_70' title="bbox 2133 1724 3464 1798">
    <p class='ocr_par' dir='ltr' id='par_1_70' title="bbox 2133 1724 3464 1798">
     <span class='ocr_line' id='line_1_70' title="bbox 2133 1724 3464 1798; baseline -0.002 -16"><span class='ocrx_word' id='word_1_473' title='bbox 2133 1727 2307 1797; x_wconf 73' lang='grc' dir='ltr'>ἁγίων</span> <span class='ocrx_word' id='word_1_474' title='bbox 2335 1728 2543 1797; x_wconf 81' lang='grc' dir='ltr'>φωναῖς</span> <span class='ocrx_word' id='word_1_475' title='bbox 2570 1724 3030 1798; x_wconf 72' lang='grc' dir='ltr'>ἐπιιῐπιφιζόμενοι</span> <span class='ocrx_word' id='word_1_476' title='bbox 3060 1724 3156 1797; x_wconf 77' lang='grc' dir='ltr'>τὴν</span> <span class='ocrx_word' id='word_1_477' title='bbox 3181 1725 3464 1798; x_wconf 83' lang='grc' dir='ltr'>ἀλήθειαν.</span> 
     </span>
    </p>
   </div>
   <div class='ocr_carea' id='block_1_71' title="bbox 2051 1806 2764 1886">
    <p class='ocr_par' dir='ltr' id='par_1_71' title="bbox 2051 1806 2764 1886">
     <span class='ocr_line' id='line_1_71' title="bbox 2051 1806 2764 1886; baseline 0.004 -18"><span class='ocrx_word' id='word_1_478' title='bbox 2051 1806 2101 1868; x_wconf 84' lang='grc' dir='ltr'><strong>Β</strong></span> <span class='ocrx_word' id='word_1_479' title='bbox 2202 1819 2413 1872; x_wconf 83' lang='grc' dir='ltr'><strong>ΠΑΛΛ.</strong></span> <span class='ocrx_word' id='word_1_480' title='bbox 2455 1816 2566 1872; x_wconf 77' lang='grc' dir='ltr'><strong>Καὶ</strong></span> <span class='ocrx_word' id='word_1_481' title='bbox 2601 1817 2764 1886; x_wconf 88' lang='grc' dir='ltr'>μάλα.</span> 
     </span>
    </p>
   </div>
   <div class='ocr_carea' id='block_1_72' title="bbox 2204 1906 3709 1980">
    <p class='ocr_par' dir='ltr' id='par_1_72' title="bbox 2204 1906 3709 1980">
     <span class='ocr_line' id='line_1_72' title="bbox 2204 1906 3709 1980; baseline 0 -18"><span class='ocrx_word' id='word_1_482' title='bbox 2204 1909 2370 1964; x_wconf 83' lang='grc' dir='ltr'><strong>ΚΥΡ.</strong></span> <span class='ocrx_word' id='word_1_483' title='bbox 2413 1909 2479 1962; x_wconf 87' lang='grc' dir='ltr'>Τί</span> <span class='ocrx_word' id='word_1_484' title='bbox 2533 1909 2588 1963; x_wconf 80' lang='grc' dir='ltr'>δὲ</span> <span class='ocrx_word' id='word_1_485' title='bbox 2641 1909 2763 1980; x_wconf 76' lang='grc' dir='ltr'>ούχὶ</span> <span class='ocrx_word' id='word_1_486' title='bbox 2795 1908 3016 1963; x_wconf 80' lang='grc' dir='ltr'>κάκεῖνο</span> <span class='ocrx_word' id='word_1_487' title='bbox 3061 1906 3198 1979; x_wconf 79' lang='grc' dir='ltr'>πρὸς</span> <span class='ocrx_word' id='word_1_488' title='bbox 3252 1906 3463 1970; x_wconf 83' lang='grc' dir='ltr'>τούτοις</span> <span class='ocrx_word' id='word_1_489' title='bbox 3500 1908 3709 1979; x_wconf 85' lang='grc' dir='ltr'>ἡγησό-</span> 
     </span>
    </p>
   </div>
   <div class='ocr_carea' id='block_1_73' title="bbox 2129 1993 3707 2072">
    <p class='ocr_par' dir='ltr' id='par_1_73' title="bbox 2129 1993 3707 2072">
     <span class='ocr_line' id='line_1_73' title="bbox 2129 1993 3707 2072; baseline 0.001 -20"><span class='ocrx_word' id='word_1_490' title='bbox 2129 1999 2270 2071; x_wconf 90' lang='grc' dir='ltr'>μεθα</span> <span class='ocrx_word' id='word_1_491' title='bbox 2314 1999 2610 2071; x_wconf 85' lang='grc' dir='ltr'>στυγητὸν,</span> <span class='ocrx_word' id='word_1_492' title='bbox 2660 1999 2852 2072; x_wconf 84' lang='grc' dir='ltr'>μοῖράν</span> <span class='ocrx_word' id='word_1_493' title='bbox 2888 2016 2947 2052; x_wconf 84' lang='grc' dir='ltr'><strong>τε</strong></span> <span class='ocrx_word' id='word_1_494' title='bbox 2977 1993 3115 2052; x_wconf 74' lang='grc' dir='ltr'>εἷναί</span> <span class='ocrx_word' id='word_1_495' title='bbox 3160 2015 3342 2071; x_wconf 84' lang='grc' dir='ltr'>φαμεν</span> <span class='ocrx_word' id='word_1_496' title='bbox 3380 1998 3707 2070; x_wconf 78' lang='grc' dir='ltr'>Ἑλληνικῆς</span> 
     </span>
    </p>
   </div>
   <div class='ocr_carea' id='block_1_74' title="bbox 2133 2087 3710 2161">
    <p class='ocr_par' dir='ltr' id='par_1_74' title="bbox 2133 2087 3710 2161">
     <span class='ocr_line' id='line_1_74' title="bbox 2133 2087 3710 2161; baseline -0.001 -18"><span class='ocrx_word' id='word_1_497' title='bbox 2133 2088 2452 2161; x_wconf 87' lang='grc' dir='ltr'>ἀθεότητος,</span> <span class='ocrx_word' id='word_1_498' title='bbox 2482 2089 2550 2143; x_wconf 89' lang='grc' dir='ltr'><strong>τό</strong></span> <span class='ocrx_word' id='word_1_499' title='bbox 2587 2105 2647 2144; x_wconf 89' lang='grc' dir='ltr'><strong>τε</strong></span> <span class='ocrx_word' id='word_1_500' title='bbox 2702 2087 3193 2160; x_wconf 82' lang='grc' dir='ltr'>περικαθαίρεσθαι</span> <span class='ocrx_word' id='word_1_501' title='bbox 3220 2087 3394 2158; x_wconf 80' lang='grc' dir='ltr'>φιλεῖν</span> <span class='ocrx_word' id='word_1_502' title='bbox 3430 2088 3574 2159; x_wconf 76' lang='grc' dir='ltr'>τάχα</span> <span class='ocrx_word' id='word_1_503' title='bbox 3606 2105 3710 2142; x_wconf 86' lang='grc' dir='ltr'><strong>που</strong></span> 
     </span>
    </p>
   </div>
   <div class='ocr_carea' id='block_1_75' title="bbox 2125 2179 3693 2254">
    <p class='ocr_par' dir='ltr' id='par_1_75' title="bbox 2125 2179 3693 2254">
     <span class='ocr_line' id='line_1_75' title="bbox 2125 2179 3693 2254; baseline 0.001 -21"><span class='ocrx_word' id='word_1_504' title='bbox 2125 2182 2259 2253; x_wconf 52' lang='grc' dir='ltr'><strong>πυρὶ¹</strong></span> <span class='ocrx_word' id='word_1_505' title='bbox 2292 2182 2386 2234; x_wconf 80' lang='grc' dir='ltr'>καὶ</span> <span class='ocrx_word' id='word_1_506' title='bbox 2412 2181 2585 2246; x_wconf 73' lang='grc' dir='ltr'>ὕδατι,</span> <span class='ocrx_word' id='word_1_507' title='bbox 2617 2180 2711 2237; x_wconf 68' lang='grc' dir='ltr'>καὶ</span> <span class='ocrx_word' id='word_1_508' title='bbox 2751 2181 2959 2254; x_wconf 74' lang='grc' dir='ltr'>ἑτέροις</span> <span class='ocrx_word' id='word_1_509' title='bbox 2987 2180 3099 2234; x_wconf 81' lang='grc' dir='ltr'>τισὶ</span> <span class='ocrx_word' id='word_1_510' title='bbox 3126 2180 3389 2245; x_wconf 79' lang='grc' dir='ltr'>τοιούτοις</span> <span class='ocrx_word' id='word_1_511' title='bbox 3432 2179 3693 2251; x_wconf 73' lang='grc' dir='ltr'>τρόποιςς</span> 
     </span>
    </p>
   </div>
   <div class='ocr_carea' id='block_1_76' title="bbox 2198 2271 3712 2345">
    <p class='ocr_par' dir='ltr' id='par_1_76' title="bbox 2198 2271 3712 2345">
     <span class='ocr_line' id='line_1_76' title="bbox 2198 2271 3712 2345; baseline -0.001 -19"><span class='ocrx_word' id='word_1_512' title='bbox 2198 2273 2406 2327; x_wconf 81' lang='grc' dir='ltr'><strong>ΠΛΛΛ.</strong></span> <span class='ocrx_word' id='word_1_513' title='bbox 2478 2274 2590 2327; x_wconf 76' lang='grc' dir='ltr'><strong>Καὶ</strong></span> <span class='ocrx_word' id='word_1_514' title='bbox 2645 2272 2886 2345; x_wconf 86' lang='grc' dir='ltr'>μάλιστά</span> <span class='ocrx_word' id='word_1_515' title='bbox 2940 2289 3025 2342; x_wconf 87' lang='grc' dir='ltr'>γε.</span> <span class='ocrx_word' id='word_1_516' title='bbox 3079 2272 3373 2344; x_wconf 78' lang='grc' dir='ltr'>Τοιγάρτοι</span> <span class='ocrx_word' id='word_1_517' title='bbox 3421 2273 3516 2327; x_wconf 78' lang='grc' dir='ltr'>καὶ</span> <span class='ocrx_word' id='word_1_518' title='bbox 3567 2271 3712 2327; x_wconf 85' lang='grc' dir='ltr'>θεῖον</span> 
     </span>
    </p>
   </div>
   <div class='ocr_carea' id='block_1_77' title="bbox 2125 2362 3712 2438">
    <p class='ocr_par' dir='ltr' id='par_1_77' title="bbox 2125 2362 3712 2438">
     <span class='ocr_line' id='line_1_77' title="bbox 2125 2362 3712 2438; baseline 0.001 -21"><span class='ocrx_word' id='word_1_519' title='bbox 2125 2362 2229 2436; x_wconf 77' lang='grc' dir='ltr'>ἔφη</span> <span class='ocrx_word' id='word_1_520' title='bbox 2277 2364 2658 2438; x_wconf 80' lang='grc' dir='ltr'>χρησμῲδημα</span> <span class='ocrx_word' id='word_1_521' title='bbox 2696 2365 2913 2436; x_wconf 82' lang='grc' dir='ltr'>σαφῶς·</span> <span class='ocrx_word' id='word_1_522' title='bbox 2952 2385 2970 2417; x_wconf 86' lang='grc' dir='ltr'><strong>ι</strong></span> <span class='ocrx_word' id='word_1_523' title='bbox 2997 2365 3111 2436; x_wconf 76' lang='grc' dir='ltr'>Οὐχ</span> <span class='ocrx_word' id='word_1_524' title='bbox 3140 2365 3495 2436; x_wconf 79' lang='grc' dir='ltr'>εὑρεθήσεται</span> <span class='ocrx_word' id='word_1_525' title='bbox 3539 2367 3599 2420; x_wconf 67' lang='grc' dir='ltr'>ἐν</span> <span class='ocrx_word' id='word_1_526' title='bbox 3627 2364 3712 2418; x_wconf 79' lang='grc' dir='ltr'><strong>σοὶ</strong></span> 
     </span>
    </p>
   </div>
   <div class='ocr_carea' id='block_1_78' title="bbox 2125 2456 3709 2530">
    <p class='ocr_par' dir='ltr' id='par_1_78' title="bbox 2125 2456 3709 2530">
     <span class='ocr_line' id='line_1_78' title="bbox 2125 2456 3709 2530; baseline 0.002 -20"><span class='ocrx_word' id='word_1_527' title='bbox 2125 2456 2531 2529; x_wconf 84' lang='grc' dir='ltr'>περικαθαίρων</span> <span class='ocrx_word' id='word_1_528' title='bbox 2563 2457 2654 2511; x_wconf 88' lang='grc' dir='ltr'>τὸν</span> <span class='ocrx_word' id='word_1_529' title='bbox 2689 2458 2803 2510; x_wconf 82' lang='grc' dir='ltr'>υίδν</span> <span class='ocrx_word' id='word_1_530' title='bbox 2829 2458 2994 2513; x_wconf 84' lang='grc' dir='ltr'>αὐτοῦ</span> <span class='ocrx_word' id='word_1_531' title='bbox 3033 2458 3067 2530; x_wconf 75' lang='grc' dir='ltr'>ἢ</span> <span class='ocrx_word' id='word_1_532' title='bbox 3099 2459 3197 2530; x_wconf 79' lang='grc' dir='ltr'>τὴν</span> <span class='ocrx_word' id='word_1_533' title='bbox 3237 2458 3510 2530; x_wconf 84' lang='grc' dir='ltr'>θυγατέρα</span> <span class='ocrx_word' id='word_1_534' title='bbox 3538 2458 3709 2514; x_wconf 78' lang='grc' dir='ltr'>αὑτοῦ</span> 
     </span>
    </p>
   </div>
   <div class='ocr_carea' id='block_1_79' title="bbox 2132 2548 2418 2620">
    <p class='ocr_par' dir='ltr' id='par_1_79' title="bbox 2132 2548 2418 2620">
     <span class='ocr_line' id='line_1_79' title="bbox 2132 2548 2418 2620; baseline -0.01 -17"><span class='ocrx_word' id='word_1_535' title='bbox 2132 2551 2192 2604; x_wconf 78' lang='grc' dir='ltr'>ὲν</span> <span class='ocrx_word' id='word_1_536' title='bbox 2219 2548 2371 2620; x_wconf 80' lang='grc' dir='ltr'>πυρί.</span> <span class='ocrx_word' id='word_1_537' title='bbox 2399 2567 2418 2600; x_wconf 75' lang='grc' dir='ltr'><strong>ι</strong></span> 
     </span>
    </p>
   </div>
   <div class='ocr_carea' id='block_1_80' title="bbox 2201 2636 3717 2716">
    <p class='ocr_par' dir='ltr' id='par_1_80' title="bbox 2201 2636 3717 2716">
     <span class='ocr_line' id='line_1_80' title="bbox 2201 2636 3717 2716; baseline 0.005 -22"><span class='ocrx_word' id='word_1_538' title='bbox 2201 2642 2369 2695; x_wconf 85' lang='grc' dir='ltr'><strong>ΚΥΡ.</strong></span> <span class='ocrx_word' id='word_1_539' title='bbox 2419 2641 2503 2705; x_wconf 84' lang='grc' dir='ltr'>Ὠς</span> <span class='ocrx_word' id='word_1_540' title='bbox 2534 2636 2595 2695; x_wconf 77' lang='grc' dir='ltr'>εὖ</span> <span class='ocrx_word' id='word_1_541' title='bbox 2616 2658 2680 2710; x_wconf 87' lang='grc' dir='ltr'><strong>γε</strong></span> <span class='ocrx_word' id='word_1_542' title='bbox 2718 2644 2852 2713; x_wconf 74' lang='grc' dir='ltr'>ἡμῖν</span> <span class='ocrx_word' id='word_1_543' title='bbox 2885 2645 2913 2696; x_wconf 83' lang='grc' dir='ltr'>ὁ</span> <span class='ocrx_word' id='word_1_544' title='bbox 2950 2642 3112 2714; x_wconf 89' lang='grc' dir='ltr'>νόμος</span> <span class='ocrx_word' id='word_1_545' title='bbox 3137 2643 3481 2716; x_wconf 82' lang='grc' dir='ltr'>προσεφώνει</span> <span class='ocrx_word' id='word_1_546' title='bbox 3521 2636 3717 2711; x_wconf 66' lang='grc' dir='ltr'>ταυτὶ,</span> 
     </span>
    </p>
   </div>
   <div class='ocr_carea' id='block_1_81' title="bbox 2125 2734 3709 2814">
    <p class='ocr_par' dir='ltr' id='par_1_81' title="bbox 2125 2734 3709 2814">
     <span class='ocr_line' id='line_1_81' title="bbox 2125 2734 3709 2814; baseline 0.006 -26"><span class='ocrx_word' id='word_1_547' title='bbox 2125 2735 2221 2788; x_wconf 75' lang='grc' dir='ltr'>καὶ</span> <span class='ocrx_word' id='word_1_548' title='bbox 2266 2734 2519 2805; x_wconf 81' lang='grc' dir='ltr'>ἀπέφησε</span> <span class='ocrx_word' id='word_1_549' title='bbox 2570 2735 2633 2790; x_wconf 79' lang='grc' dir='ltr'>τὸ</span> <span class='ocrx_word' id='word_1_550' title='bbox 2660 2737 2833 2808; x_wconf 77' lang='grc' dir='ltr'>δρᾷνί</span> <span class='ocrx_word' id='word_1_551' title='bbox 2870 2736 3224 2811; x_wconf 85' lang='grc' dir='ltr'>Είκαιότητος</span> <span class='ocrx_word' id='word_1_552' title='bbox 3270 2740 3381 2813; x_wconf 82' lang='grc' dir='ltr'><strong>γάρ</strong></span> <span class='ocrx_word' id='word_1_553' title='bbox 3438 2738 3596 2814; x_wconf 74' lang='grc' dir='ltr'>οἶμαι</span> <span class='ocrx_word' id='word_1_554' title='bbox 3647 2744 3709 2798; x_wconf 79' lang='grc' dir='ltr'><strong>τὸ</strong></span> 
     </span>
    </p>
   </div>
   <div class='ocr_carea' id='block_1_82' title="bbox 2124 2826 3707 2903">
    <p class='ocr_par' dir='ltr' id='par_1_82' title="bbox 2124 2826 3707 2903">
     <span class='ocr_line' id='line_1_82' title="bbox 2124 2826 3707 2903; baseline 0.001 -20"><span class='ocrx_word' id='word_1_555' title='bbox 2124 2826 2310 2899; x_wconf 84' lang='grc' dir='ltr'>χρῆμα</span> <span class='ocrx_word' id='word_1_556' title='bbox 2363 2826 2579 2900; x_wconf 84' lang='grc' dir='ltr'>μεστὸν,</span> <span class='ocrx_word' id='word_1_557' title='bbox 2634 2829 2725 2883; x_wconf 80' lang='grc' dir='ltr'>καὶ</span> <span class='ocrx_word' id='word_1_558' title='bbox 2763 2829 3025 2902; x_wconf 81' lang='grc' dir='ltr'>λογισμοῦ</span> <span class='ocrx_word' id='word_1_559' title='bbox 3071 2830 3382 2903; x_wconf 87' lang='grc' dir='ltr'>τητώμενον</span> <span class='ocrx_word' id='word_1_560' title='bbox 3422 2833 3517 2888; x_wconf 83' lang='grc' dir='ltr'><strong>τοῦ</strong></span> <span class='ocrx_word' id='word_1_561' title='bbox 3575 2854 3707 2890; x_wconf 80' lang='grc' dir='ltr'>παν-</span> 
     </span>
    </p>
   </div>
   <div class='ocr_carea' id='block_1_83' title="bbox 2124 2914 3706 2995">
    <p class='ocr_par' dir='ltr' id='par_1_83' title="bbox 2124 2914 3706 2995">
     <span class='ocr_line' id='line_1_83' title="bbox 2124 2914 3706 2995; baseline 0.009 -28"><span class='ocrx_word' id='word_1_562' title='bbox 2124 2914 2347 2986; x_wconf 86' lang='grc' dir='ltr'>αρίστου</span> <span class='ocrx_word' id='word_1_563' title='bbox 2378 2919 2474 2969; x_wconf 79' lang='grc' dir='ltr'>καὶ</span> <span class='ocrx_word' id='word_1_564' title='bbox 2520 2916 2719 2985; x_wconf 64' lang='grc' dir='ltr'>σοφοῦ(</span> <span class='ocrx_word' id='word_1_565' title='bbox 2748 2917 2929 2990; x_wconf 79' lang='grc' dir='ltr'>ὀνήσει</span> <span class='ocrx_word' id='word_1_566' title='bbox 2950 2920 3057 2992; x_wconf 83' lang='grc' dir='ltr'><strong>γάρ</strong></span> <span class='ocrx_word' id='word_1_567' title='bbox 3084 2921 3225 2976; x_wconf 86' lang='grc' dir='ltr'><strong>κατά</strong></span> <span class='ocrx_word' id='word_1_568' title='bbox 3247 2922 3380 2976; x_wconf 65' lang='grc' dir='ltr'>ητίνα</span> <span class='ocrx_word' id='word_1_569' title='bbox 3405 2923 3469 2995; x_wconf 80' lang='grc' dir='ltr'>δὴ</span> <span class='ocrx_word' id='word_1_570' title='bbox 3508 2927 3706 2994; x_wconf 77' lang='grc' dir='ltr'>τρόπον</span> 
     </span>
    </p>
   </div>
   <div class='ocr_carea' id='block_1_84' title="bbox 2128 3006 3704 3088">
    <p class='ocr_par' dir='ltr' id='par_1_84' title="bbox 2128 3006 3704 3088">
     <span class='ocr_line' id='line_1_84' title="bbox 2128 3006 3704 3088; baseline 0.01 -31"><span class='ocrx_word' id='word_1_571' title='bbox 2128 3007 2162 3077; x_wconf 85' lang='grc' dir='ltr'>ή</span> <span class='ocrx_word' id='word_1_572' title='bbox 2195 3006 2365 3074; x_wconf 82' lang='grc' dir='ltr'>πυρὸς</span> <span class='ocrx_word' id='word_1_573' title='bbox 2391 3007 2541 3077; x_wconf 79' lang='grc' dir='ltr'>ἡμᾶς</span> <span class='ocrx_word' id='word_1_574' title='bbox 2569 3008 2763 3076; x_wconf 87' lang='grc' dir='ltr'>φύσις;</span> <span class='ocrx_word' id='word_1_575' title='bbox 2793 3010 2886 3064; x_wconf 76' lang='grc' dir='ltr'><strong>καὶ</strong></span> <span class='ocrx_word' id='word_1_576' title='bbox 2910 3011 3067 3083; x_wconf 80' lang='grc' dir='ltr'>δᾷδες</span> <span class='ocrx_word' id='word_1_577' title='bbox 3120 3014 3179 3068; x_wconf 86' lang='grc' dir='ltr'>ὲν</span> <span class='ocrx_word' id='word_1_578' title='bbox 3209 3014 3394 3087; x_wconf 84' lang='grc' dir='ltr'>κύκλῳ</span> <span class='ocrx_word' id='word_1_579' title='bbox 3421 3019 3704 3088; x_wconf 80' lang='grc' dir='ltr'>περιθέου-</span> 
     </span>
    </p>
   </div>
   <div class='ocr_carea' id='block_1_85' title="bbox 2128 3094 3713 3181">
    <p class='ocr_par' dir='ltr' id='par_1_85' title="bbox 2128 3094 3713 3181">
     <span class='ocr_line' id='line_1_85' title="bbox 2128 3094 3713 3181; baseline 0.011 -33"><span class='ocrx_word' id='word_1_580' title='bbox 2128 3111 2217 3149; x_wconf 86' lang='grc' dir='ltr'><strong>σαι</strong></span> <span class='ocrx_word' id='word_1_581' title='bbox 2242 3094 2361 3161; x_wconf 86' lang='grc' dir='ltr'><strong>πῶς</strong></span> <span class='ocrx_word' id='word_1_582' title='bbox 2386 3097 2455 3151; x_wconf 81' lang='grc' dir='ltr'>ἂν</span> <span class='ocrx_word' id='word_1_583' title='bbox 2488 3098 2751 3164; x_wconf 82' lang='grc' dir='ltr'>ὲξέλοιντο</span> <span class='ocrx_word' id='word_1_584' title='bbox 2803 3101 2895 3155; x_wconf 83' lang='grc' dir='ltr'>τὸν</span> <span class='ocrx_word' id='word_1_585' title='bbox 2929 3104 3327 3177; x_wconf 72' lang='grc' dir='ltr'>ἡμαρτηκότας</span> <span class='ocrx_word' id='word_1_586' title='bbox 3366 3108 3583 3163; x_wconf 74' lang='grc' dir='ltr'>Χαλκοῦ</span> <span class='ocrx_word' id='word_1_587' title='bbox 3607 3111 3713 3181; x_wconf 79' lang='grc' dir='ltr'>μὲν</span> 
     </span>
    </p>
   </div>
   <div class='ocr_carea' id='block_1_86' title="bbox 2133 3189 3705 3273">
    <p class='ocr_par' dir='ltr' id='par_1_86' title="bbox 2133 3189 3705 3273">
     <span class='ocr_line' id='line_1_86' title="bbox 2133 3189 3705 3273; baseline 0.008 -30"><span class='ocrx_word' id='word_1_588' title='bbox 2133 3189 2244 3262; x_wconf 85' lang='grc' dir='ltr'><strong>γὰρ</strong></span> <span class='ocrx_word' id='word_1_589' title='bbox 2297 3191 2466 3261; x_wconf 76' lang='grc' dir='ltr'>ἧγουν</span> <span class='ocrx_word' id='word_1_590' title='bbox 2534 3192 2729 3265; x_wconf 78' lang='grc' dir='ltr'>ἑτέρας</span> <span class='ocrx_word' id='word_1_591' title='bbox 2783 3193 3040 3265; x_wconf 79' lang='grc' dir='ltr'>τοιαύτης</span> <span class='ocrx_word' id='word_1_592' title='bbox 3085 3196 3229 3261; x_wconf 79' lang='grc' dir='ltr'>τινὸς</span> <span class='ocrx_word' id='word_1_593' title='bbox 3282 3197 3434 3269; x_wconf 80' lang='grc' dir='ltr'>ὕλης,</span> <span class='ocrx_word' id='word_1_594' title='bbox 3486 3201 3705 3273; x_wconf 73' lang='grc' dir='ltr'>ἐκτήκει</span> 
     </span>
    </p>
   </div>
   <div class='ocr_carea' id='block_1_87' title="bbox 2129 3281 3706 3364">
    <p class='ocr_par' dir='ltr' id='par_1_87' title="bbox 2129 3281 3706 3364">
     <span class='ocr_line' id='line_1_87' title="bbox 2129 3281 3706 3364; baseline 0.008 -28"><span class='ocrx_word' id='word_1_595' title='bbox 2129 3281 2220 3336; x_wconf 77' lang='grc' dir='ltr'>τὸν</span> <span class='ocrx_word' id='word_1_596' title='bbox 2255 3281 2426 3353; x_wconf 80' lang='grc' dir='ltr'>ῥύπον</span> <span class='ocrx_word' id='word_1_597' title='bbox 2475 3285 2508 3355; x_wconf 80' lang='grc' dir='ltr'>ὴ</span> <span class='ocrx_word' id='word_1_598' title='bbox 2548 3284 2717 3356; x_wconf 71' lang='grc' dir='ltr'>πυρὸς</span> <span class='ocrx_word' id='word_1_599' title='bbox 2763 3285 2917 3357; x_wconf 83' lang='grc' dir='ltr'>βολή.</span> <span class='ocrx_word' id='word_1_600' title='bbox 2962 3288 3075 3342; x_wconf 71' lang='lat' dir='ltr'><strong>Nos</strong></span> <span class='ocrx_word' id='word_1_601' title='bbox 3114 3288 3170 3343; x_wconf 82' lang='grc' dir='ltr'>δὲ</span> <span class='ocrx_word' id='word_1_602' title='bbox 3216 3292 3312 3345; x_wconf 78' lang='grc' dir='ltr'>καὶ</span> <span class='ocrx_word' id='word_1_603' title='bbox 3346 3292 3523 3363; x_wconf 78' lang='grc' dir='ltr'>ψυχῆς</span> <span class='ocrx_word' id='word_1_604' title='bbox 3554 3293 3706 3364; x_wconf 74' lang='grc' dir='ltr'><strong>βεϐή-</strong></span> 
     </span>
    </p>
   </div>
   <div class='ocr_carea' id='block_1_88' title="bbox 2124 3373 3694 3458">
    <p class='ocr_par' dir='ltr' id='par_1_88' title="bbox 2124 3373 3694 3458">
     <span class='ocr_line' id='line_1_88' title="bbox 2124 3373 3694 3458; baseline 0.008 -32"><span class='ocrx_word' id='word_1_605' title='bbox 2124 3373 2307 3441; x_wconf 89' lang='grc' dir='ltr'>λωσιν,</span> <span class='ocrx_word' id='word_1_606' title='bbox 2324 3374 2446 3429; x_wconf 84' lang='grc' dir='ltr'>τίνα</span> <span class='ocrx_word' id='word_1_607' title='bbox 2473 3376 2675 3447; x_wconf 85' lang='grc' dir='ltr'>τρόπον</span> <span class='ocrx_word' id='word_1_608' title='bbox 2698 3377 2916 3447; x_wconf 88' lang='grc' dir='ltr'>ἀφανιεί</span> <span class='ocrx_word' id='word_1_609' title='bbox 2933 3395 2947 3444; x_wconf 91' lang='grc'>;</span> <span class='ocrx_word' id='word_1_610' title='bbox 2965 3374 3093 3451; x_wconf 70' lang='grc' dir='ltr'><strong>Ἆρ’</strong></span> <span class='ocrx_word' id='word_1_611' title='bbox 3114 3376 3229 3450; x_wconf 77' lang='grc' dir='ltr'>οὖν,</span> <span class='ocrx_word' id='word_1_612' title='bbox 3247 3384 3308 3437; x_wconf 85' lang='grc' dir='ltr'><strong>ού</strong></span> <span class='ocrx_word' id='word_1_613' title='bbox 3325 3384 3561 3452; x_wconf 77' lang='grc' dir='ltr'>γέλωτος</span> <span class='ocrx_word' id='word_1_614' title='bbox 3598 3387 3694 3458; x_wconf 66' lang='grc' dir='ltr'>ἢδη</span> 
     </span>
    </p>
   </div>
   <div class='ocr_carea' id='block_1_89' title="bbox 2123 3466 3349 3546">
    <p class='ocr_par' dir='ltr' id='par_1_89' title="bbox 2123 3466 3349 3546">
     <span class='ocr_line' id='line_1_89' title="bbox 2123 3466 3349 3546; baseline 0.01 -28"><span class='ocrx_word' id='word_1_615' title='bbox 2123 3466 2301 3530; x_wconf 79' lang='grc' dir='ltr'>ταυτὶ,</span> <span class='ocrx_word' id='word_1_616' title='bbox 2336 3466 2432 3521; x_wconf 64' lang='grc' dir='ltr'><strong>καὶ⁴</strong></span> <span class='ocrx_word' id='word_1_617' title='bbox 2465 3467 2759 3538; x_wconf 85' lang='grc' dir='ltr'>φληνάφων</span> <span class='ocrx_word' id='word_1_618' title='bbox 2790 3470 3009 3527; x_wconf 74' lang='grc' dir='ltr'>ιννοιῶν</span> <span class='ocrx_word' id='word_1_619' title='bbox 3027 3471 3152 3545; x_wconf 77' lang='grc' dir='ltr'><strong>εὕρέ</strong></span> <span class='ocrx_word' id='word_1_620' title='bbox 3161 3492 3308 3546; x_wconf 84' lang='grc' dir='ltr'>ματα</span> <span class='ocrx_word' id='word_1_621' title='bbox 3334 3492 3349 3540; x_wconf 88' lang='grc'>;</span> 
     </span>
    </p>
   </div>
   <div class='ocr_carea' id='block_1_90' title="bbox 2194 3559 3031 3635">
    <p class='ocr_par' dir='ltr' id='par_1_90' title="bbox 2194 3559 3031 3635">
     <span class='ocr_line' id='line_1_90' title="bbox 2194 3559 3031 3635; baseline 0.008 -21"><span class='ocrx_word' id='word_1_622' title='bbox 2194 3561 2401 3614; x_wconf 79' lang='grc' dir='ltr'><strong>ΠΑΔΛ.</strong></span> <span class='ocrx_word' id='word_1_623' title='bbox 2444 3561 2768 3616; x_wconf 87' lang='grc' dir='ltr'>Παντάπασι</span> <span class='ocrx_word' id='word_1_624' title='bbox 2798 3564 2897 3635; x_wconf 85' lang='grc' dir='ltr'>μὲν</span> <span class='ocrx_word' id='word_1_625' title='bbox 2919 3559 3031 3621; x_wconf 79' lang='grc' dir='ltr'>οὖν.</span> 
     </span>
    </p>
   </div>
   <div class='ocr_carea' id='block_1_91' title="bbox 2192 3650 3704 3731">
    <p class='ocr_par' dir='ltr' id='par_1_91' title="bbox 2192 3650 3704 3731">
     <span class='ocr_line' id='line_1_91' title="bbox 2192 3650 3704 3731; baseline 0.007 -26"><span class='ocrx_word' id='word_1_626' title='bbox 2192 3650 2359 3705; x_wconf 84' lang='grc' dir='ltr'><strong>ΚΥΡ.</strong></span> <span class='ocrx_word' id='word_1_627' title='bbox 2400 3651 2570 3722; x_wconf 80' lang='grc' dir='ltr'>Φαίην</span> <span class='ocrx_word' id='word_1_628' title='bbox 2600 3652 2645 3707; x_wconf 83' lang='grc' dir='ltr'>δ’</span> <span class='ocrx_word' id='word_1_629' title='bbox 2677 3652 2744 3707; x_wconf 80' lang='grc' dir='ltr'>ἂν</span> <span class='ocrx_word' id='word_1_630' title='bbox 2773 3654 2849 3719; x_wconf 84' lang='grc' dir='ltr'>ὼς</span> <span class='ocrx_word' id='word_1_631' title='bbox 2878 3656 3074 3727; x_wconf 79' lang='grc' dir='ltr'>ἦδιστα</span> <span class='ocrx_word' id='word_1_632' title='bbox 3095 3658 3210 3722; x_wconf 89' lang='grc' dir='ltr'>τοῖς</span> <span class='ocrx_word' id='word_1_633' title='bbox 3249 3658 3519 3731; x_wconf 81' lang='grc' dir='ltr'>Ἐλλήνων</span> <span class='ocrx_word' id='word_1_634' title='bbox 3547 3660 3704 3731; x_wconf 82' lang='grc' dir='ltr'>λογά-</span> 
     </span>
    </p>
   </div>
   <div class='ocr_carea' id='block_1_92' title="bbox 2125 3742 3701 3825">
    <p class='ocr_par' dir='ltr' id='par_1_92' title="bbox 2125 3742 3701 3825">
     <span class='ocr_line' id='line_1_92' title="bbox 2125 3742 3701 3825; baseline 0.009 -31"><span class='ocrx_word' id='word_1_635' title='bbox 2125 3758 2229 3807; x_wconf 79' lang='grc' dir='ltr'>σιν,</span> <span class='ocrx_word' id='word_1_636' title='bbox 2263 3742 2315 3796; x_wconf 85' lang='grc' dir='ltr'>οἳ</span> <span class='ocrx_word' id='word_1_637' title='bbox 2352 3742 2462 3797; x_wconf 89' lang='grc' dir='ltr'><strong>τῶν</strong></span> <span class='ocrx_word' id='word_1_638' title='bbox 2488 3743 2744 3800; x_wconf 84' lang='grc' dir='ltr'>τοιούτων</span> <span class='ocrx_word' id='word_1_639' title='bbox 2778 3745 3022 3819; x_wconf 73' lang='grc' dir='ltr'>αἰσχρῶν</span> <span class='ocrx_word' id='word_1_640' title='bbox 3055 3750 3507 3822; x_wconf 74' lang='grc' dir='ltr'>ἐπιτηδευμάτων</span> <span class='ocrx_word' id='word_1_641' title='bbox 3538 3755 3701 3825; x_wconf 81' lang='grc' dir='ltr'>εὑρε-</span> 
     </span>
    </p>
   </div>
   <div class='ocr_carea' id='block_1_93' title="bbox 2122 3836 3697 3918">
    <p class='ocr_par' dir='ltr' id='par_1_93' title="bbox 2122 3836 3697 3918">
     <span class='ocr_line' id='line_1_93' title="bbox 2122 3836 3697 3918; baseline 0.006 -28"><span class='ocrx_word' id='word_1_642' title='bbox 2122 3836 2213 3891; x_wconf 76' lang='grc' dir='ltr'>ταὶ</span> <span class='ocrx_word' id='word_1_643' title='bbox 2238 3836 2518 3905; x_wconf 89' lang='grc' dir='ltr'>γεγόνασι,</span> <span class='ocrx_word' id='word_1_644' title='bbox 2548 3839 2644 3893; x_wconf 78' lang='grc' dir='ltr'>καὶ</span> <span class='ocrx_word' id='word_1_645' title='bbox 2680 3841 2794 3905; x_wconf 80' lang='grc' dir='ltr'>τοῖς</span> <span class='ocrx_word' id='word_1_646' title='bbox 2836 3839 3016 3905; x_wconf 76' lang='grc' dir='ltr'>ἄλλοις</span> <span class='ocrx_word' id='word_1_647' title='bbox 3051 3843 3343 3914; x_wconf 79' lang='grc' dir='ltr'>είσηγηταί</span> <span class='ocrx_word' id='word_1_648' title='bbox 3365 3860 3379 3875; x_wconf 86' lang='grc'><strong>·</strong></span> <span class='ocrx_word' id='word_1_649' title='bbox 3408 3845 3474 3898; x_wconf 83' lang='grc' dir='ltr'>Τί</span> <span class='ocrx_word' id='word_1_650' title='bbox 3498 3846 3563 3917; x_wconf 82' lang='grc' dir='ltr'>δὴ</span> <span class='ocrx_word' id='word_1_651' title='bbox 3587 3846 3697 3918; x_wconf 79' lang='grc' dir='ltr'><strong>ἀρα</strong></span> 
     </span>
    </p>
   </div>
   <div class='ocr_carea' id='block_1_94' title="bbox 2122 3921 3700 4005">
    <p class='ocr_par' dir='ltr' id='par_1_94' title="bbox 2122 3921 3700 4005">
     <span class='ocr_line' id='line_1_94' title="bbox 2122 3921 3700 4005; baseline 0.008 -26"><span class='ocrx_word' id='word_1_652' title='bbox 2122 3926 2376 3998; x_wconf 84' lang='grc' dir='ltr'>δρῶντες,</span> <span class='ocrx_word' id='word_1_653' title='bbox 2400 3921 2702 3997; x_wconf 81' lang='grc' dir='ltr'>ὧγενναῖοι</span> <span class='ocrx_word' id='word_1_654' title='bbox 2741 3930 2837 3986; x_wconf 75' lang='grc' dir='ltr'>καὶ</span> <span class='ocrx_word' id='word_1_655' title='bbox 2872 3932 3047 4001; x_wconf 70' lang='grc' dir='ltr'>σοφοὶ,</span> <span class='ocrx_word' id='word_1_656' title='bbox 3079 3932 3172 3987; x_wconf 79' lang='grc' dir='ltr'>τὸν</span> <span class='ocrx_word' id='word_1_657' title='bbox 3209 3934 3308 4005; x_wconf 77' lang='grc' dir='ltr'>μὲν</span> <span class='ocrx_word' id='word_1_658' title='bbox 3335 3935 3527 3991; x_wconf 84' lang='grc' dir='ltr'>Τιτυὸν</span> <span class='ocrx_word' id='word_1_659' title='bbox 3555 3939 3700 3991; x_wconf 71' lang='grc' dir='ltr'><strong>ἐκεί-</strong></span> 
     </span>
    </p>
   </div>
   <div class='ocr_carea' id='block_1_95' title="bbox 2122 4019 3700 4097">
    <p class='ocr_par' dir='ltr' id='par_1_95' title="bbox 2122 4019 3700 4097">
     <span class='ocr_line' id='line_1_95' title="bbox 2122 4019 3700 4097; baseline 0.006 -24"><span class='ocrx_word' id='word_1_660' title='bbox 2122 4035 2231 4084; x_wconf 89' lang='grc' dir='ltr'>νον,</span> <span class='ocrx_word' id='word_1_661' title='bbox 2257 4019 2316 4074; x_wconf 82' lang='grc' dir='ltr'><strong>δν</strong></span> <span class='ocrx_word' id='word_1_662' title='bbox 2344 4021 2574 4091; x_wconf 82' lang='grc' dir='ltr'>ὲκφύναι</span> <span class='ocrx_word' id='word_1_663' title='bbox 2596 4021 2783 4091; x_wconf 87' lang='grc' dir='ltr'>λέγετε</span> <span class='ocrx_word' id='word_1_664' title='bbox 2803 4023 2928 4093; x_wconf 79' lang='grc' dir='ltr'>γῆς,</span> <span class='ocrx_word' id='word_1_665' title='bbox 2952 4026 3031 4089; x_wconf 86' lang='grc' dir='ltr'><strong>είς</strong></span> <span class='ocrx_word' id='word_1_666' title='bbox 3058 4024 3186 4097; x_wconf 68' lang='grc' dir='ltr'>ᾅδου</span> <span class='ocrx_word' id='word_1_667' title='bbox 3212 4026 3492 4091; x_wconf 80' lang='grc' dir='ltr'>κολάζετε,</span> <span class='ocrx_word' id='word_1_668' title='bbox 3522 4032 3700 4097; x_wconf 73' lang='grc' dir='ltr'>γῦπας</span> 
     </span>
    </p>
   </div>
   <div class='ocr_carea' id='block_1_96' title="bbox 2123 4112 3700 4193">
    <p class='ocr_par' dir='ltr' id='par_1_96' title="bbox 2123 4112 3700 4193">
     <span class='ocr_line' id='line_1_96' title="bbox 2123 4112 3700 4193; baseline 0.006 -27"><span class='ocrx_word' id='word_1_669' title='bbox 2123 4112 2291 4184; x_wconf 86' lang='grc' dir='ltr'>αὐτῷ.</span> <span class='ocrx_word' id='word_1_670' title='bbox 2305 4115 2682 4186; x_wconf 84' lang='grc' dir='ltr'>περιιστάντες</span> <span class='ocrx_word' id='word_1_671' title='bbox 2739 4115 2849 4171; x_wconf 90' lang='grc' dir='ltr'><strong>τῶν</strong></span> <span class='ocrx_word' id='word_1_672' title='bbox 2892 4117 3116 4187; x_wconf 85' lang='grc' dir='ltr'>ἡπάτων</span> <span class='ocrx_word' id='word_1_673' title='bbox 3169 4118 3520 4191; x_wconf 86' lang='grc' dir='ltr'>δαιτυμόνας.</span> <span class='ocrx_word' id='word_1_674' title='bbox 3550 4122 3700 4193; x_wconf 82' lang='grc' dir='ltr'>ὤραν</span> 
     </span>
    </p>
   </div>
   <div class='ocr_carea' id='block_1_97' title="bbox 2120 4204 3697 4286">
    <p class='ocr_par' dir='ltr' id='par_1_97' title="bbox 2120 4204 3697 4286">
     <span class='ocr_line' id='line_1_97' title="bbox 2120 4204 3697 4286; baseline 0.008 -29"><span class='ocrx_word' id='word_1_675' title='bbox 2120 4204 2201 4257; x_wconf 85' lang='grc' dir='ltr'>ὅτι</span> <span class='ocrx_word' id='word_1_676' title='bbox 2230 4205 2452 4274; x_wconf 80' lang='grc' dir='ltr'>γυναίου</span> <span class='ocrx_word' id='word_1_677' title='bbox 2489 4207 2853 4279; x_wconf 83' lang='grc' dir='ltr'>τεθαυμακὼς</span> <span class='ocrx_word' id='word_1_678' title='bbox 2876 4209 3203 4282; x_wconf 79' lang='grc' dir='ltr'>ὴῤῥώστησε</span> <span class='ocrx_word' id='word_1_679' title='bbox 3233 4212 3333 4283; x_wconf 82' lang='grc' dir='ltr'>τὴν</span> <span class='ocrx_word' id='word_1_680' title='bbox 3365 4213 3697 4286; x_wconf 78' lang='grc' dir='ltr'>ὲπιθυμίανς</span> 
     </span>
    </p>
   </div>
   <div class='ocr_carea' id='block_1_98' title="bbox 2121 4296 3695 4381">
    <p class='ocr_par' dir='ltr' id='par_1_98' title="bbox 2121 4296 3695 4381">
     <span class='ocr_line' id='line_1_98' title="bbox 2121 4296 3695 4381; baseline 0.008 -32"><span class='ocrx_word' id='word_1_681' title='bbox 2121 4296 2382 4369; x_wconf 83' lang='grc' dir='ltr'>Ταντάλῳ</span> <span class='ocrx_word' id='word_1_682' title='bbox 2430 4297 2487 4351; x_wconf 82' lang='grc' dir='ltr'>δὲ</span> <span class='ocrx_word' id='word_1_683' title='bbox 2532 4297 2678 4353; x_wconf 85' lang='grc' dir='ltr'>λίθον</span> <span class='ocrx_word' id='word_1_684' title='bbox 2722 4300 3064 4372; x_wconf 74' lang='grc' dir='ltr'>ἐπηρτῆσθαι</span> <span class='ocrx_word' id='word_1_685' title='bbox 3117 4320 3278 4374; x_wconf 81' lang='grc' dir='ltr'>φατε,</span> <span class='ocrx_word' id='word_1_686' title='bbox 3311 4306 3407 4358; x_wconf 76' lang='grc' dir='ltr'><strong>καὶ</strong></span> <span class='ocrx_word' id='word_1_687' title='bbox 3444 4306 3695 4381; x_wconf 82' lang='grc' dir='ltr'>γλώττης</span> 
     </span>
    </p>
   </div>
   <div class='ocr_carea' id='block_1_99' title="bbox 2119 4386 3700 4464">
    <p class='ocr_par' dir='ltr' id='par_1_99' title="bbox 2119 4386 3700 4464">
     <span class='ocr_line' id='line_1_99' title="bbox 2119 4386 3700 4464; baseline 0.007 -23"><span class='ocrx_word' id='word_1_688' title='bbox 2119 4387 2282 4441; x_wconf 76' lang='grc' dir='ltr'>αὐτὸν</span> <span class='ocrx_word' id='word_1_689' title='bbox 2323 4386 2622 4442; x_wconf 82' lang='grc' dir='ltr'>ἀκολάστου</span> <span class='ocrx_word' id='word_1_690' title='bbox 2674 4389 3099 4460; x_wconf 83' lang='grc' dir='ltr'>είσπράττεσθαι</span> <span class='ocrx_word' id='word_1_691' title='bbox 3147 4391 3304 4457; x_wconf 84' lang='grc' dir='ltr'>δίκας</span> <span class='ocrx_word' id='word_1_692' title='bbox 3347 4393 3700 4464; x_wconf 80' lang='grc' dir='ltr'>μυθολογεῖτε</span> 
     </span>
    </p>
   </div>
   <div class='ocr_carea' id='block_1_100' title="bbox 2120 4478 3700 4561">
    <p class='ocr_par' dir='ltr' id='par_1_100' title="bbox 2120 4478 3700 4561">
     <span class='ocr_line' id='line_1_100' title="bbox 2120 4478 3700 4561; baseline 0.005 -26"><span class='ocrx_word' id='word_1_693' title='bbox 2120 4482 2231 4543; x_wconf 88' lang='grc' dir='ltr'>τοῖς</span> <span class='ocrx_word' id='word_1_694' title='bbox 2257 4478 2436 4545; x_wconf 84' lang='grc' dir='ltr'>νέοις;</span> <span class='ocrx_word' id='word_1_695' title='bbox 2464 4479 2663 4535; x_wconf 87' lang='grc' dir='ltr'>κύκλου</span> <span class='ocrx_word' id='word_1_696' title='bbox 2694 4480 2752 4534; x_wconf 71' lang='grc' dir='ltr'>δὲ</span> <span class='ocrx_word' id='word_1_697' title='bbox 2789 4484 3030 4554; x_wconf 85' lang='grc' dir='ltr'>μακραῖς</span> <span class='ocrx_word' id='word_1_698' title='bbox 3060 4484 3158 4538; x_wconf 76' lang='grc' dir='ltr'>καὶ</span> <span class='ocrx_word' id='word_1_699' title='bbox 3189 4485 3518 4557; x_wconf 83' lang='grc' dir='ltr'>ἀεικινήτοις</span> <span class='ocrx_word' id='word_1_700' title='bbox 3545 4506 3700 4561; x_wconf 74' lang='grc' dir='ltr'><strong>περι⁴</strong></span> 
     </span>
    </p>
   </div>
   <div class='ocr_carea' id='block_1_101' title="bbox 2124 4571 3701 4655">
    <p class='ocr_par' dir='ltr' id='par_1_101' title="bbox 2124 4571 3701 4655">
     <span class='ocr_line' id='line_1_101' title="bbox 2124 4571 3701 4655; baseline 0.005 -29"><span class='ocrx_word' id='word_1_701' title='bbox 2124 4573 2404 4645; x_wconf 87' lang='grc' dir='ltr'>στροφαῖς,</span> <span class='ocrx_word' id='word_1_702' title='bbox 2438 4571 2532 4626; x_wconf 86' lang='grc' dir='ltr'><strong>τδν</strong></span> <span class='ocrx_word' id='word_1_703' title='bbox 2576 4572 2767 4639; x_wconf 79' lang='grc' dir='ltr'>Ἰξίονα</span> <span class='ocrx_word' id='word_1_704' title='bbox 2807 4574 3232 4646; x_wconf 81' lang='grc' dir='ltr'>καταδήσαντες,</span> <span class='ocrx_word' id='word_1_705' title='bbox 3259 4577 3449 4650; x_wconf 78' lang='grc' dir='ltr'>ποινὴν</span> <span class='ocrx_word' id='word_1_706' title='bbox 3465 4580 3701 4655; x_wconf 82' lang='grc' dir='ltr'>ἀνατλῆ-</span> 
     </span>
    </p>
   </div>
   <div class='ocr_carea' id='block_1_102' title="bbox 2121 4662 3696 4741">
    <p class='ocr_par' dir='ltr' id='par_1_102' title="bbox 2121 4662 3696 4741">
     <span class='ocr_line' id='line_1_102' title="bbox 2121 4662 3696 4741; baseline 0.005 -22"><span class='ocrx_word' id='word_1_707' title='bbox 2121 4681 2208 4719; x_wconf 85' lang='grc' dir='ltr'><strong>ναι</strong></span> <span class='ocrx_word' id='word_1_708' title='bbox 2239 4663 2331 4718; x_wconf 76' lang='grc' dir='ltr'><strong>ὲπὶ</strong></span> <span class='ocrx_word' id='word_1_709' title='bbox 2389 4662 2528 4735; x_wconf 82' lang='grc' dir='ltr'>τῷδέ</span> <span class='ocrx_word' id='word_1_710' title='bbox 2565 4681 2723 4733; x_wconf 82' lang='grc' dir='ltr'>φατε,</span> <span class='ocrx_word' id='word_1_711' title='bbox 2748 4667 2862 4729; x_wconf 81' lang='grc' dir='ltr'>τοῖς</span> <span class='ocrx_word' id='word_1_712' title='bbox 2894 4666 2953 4733; x_wconf 80' lang='grc' dir='ltr'>ὲξ</span> <span class='ocrx_word' id='word_1_713' title='bbox 2981 4667 3199 4741; x_wconf 83' lang='grc' dir='ltr'>ἀπάτης</span> <span class='ocrx_word' id='word_1_714' title='bbox 3236 4669 3393 4740; x_wconf 84' lang='grc' dir='ltr'>ὑμῶν</span> <span class='ocrx_word' id='word_1_715' title='bbox 3446 4672 3548 4725; x_wconf 79' lang='grc' dir='ltr'>οὐκ</span> <span class='ocrx_word' id='word_1_716' title='bbox 3583 4676 3696 4729; x_wconf 83' lang='grc' dir='ltr'>ἀπ-</span> 
     </span>
    </p>
   </div>
   <div class='ocr_carea' id='block_1_103' title="bbox 2121 4755 3702 4835">
    <p class='ocr_par' dir='ltr' id='par_1_103' title="bbox 2121 4755 3702 4835">
     <span class='ocr_line' id='line_1_103' title="bbox 2121 4755 3702 4835; baseline 0.006 -26"><span class='ocrx_word' id='word_1_717' title='bbox 2121 4755 2357 4827; x_wconf 77' lang='grc' dir='ltr'>ᾴδουσαν</span> <span class='ocrx_word' id='word_1_718' title='bbox 2403 4755 2564 4823; x_wconf 81' lang='grc' dir='ltr'>θεοῖς,</span> <span class='ocrx_word' id='word_1_719' title='bbox 2602 4757 2743 4827; x_wconf 79' lang='grc' dir='ltr'>σφᾶς</span> <span class='ocrx_word' id='word_1_720' title='bbox 2785 4757 2845 4812; x_wconf 81' lang='grc' dir='ltr'>δὲ</span> <span class='ocrx_word' id='word_1_721' title='bbox 2872 4758 3070 4825; x_wconf 84' lang='grc' dir='ltr'>αὐτοὺς</span> <span class='ocrx_word' id='word_1_722' title='bbox 3117 4762 3212 4816; x_wconf 78' lang='grc' dir='ltr'>καὶ</span> <span class='ocrx_word' id='word_1_723' title='bbox 3259 4763 3484 4835; x_wconf 86' lang='grc' dir='ltr'>έτέρους</span> <span class='ocrx_word' id='word_1_724' title='bbox 3522 4766 3702 4819; x_wconf 85' lang='grc' dir='ltr'>καίτοι</span> 
     </span>
    </p>
   </div>
   <div class='ocr_carea' id='block_1_104' title="bbox 2123 4848 3699 4928">
    <p class='ocr_par' dir='ltr' id='par_1_104' title="bbox 2123 4848 3699 4928">
     <span class='ocr_line' id='line_1_104' title="bbox 2123 4848 3699 4928; baseline 0.004 -26"><span class='ocrx_word' id='word_1_725' title='bbox 2123 4848 2316 4913; x_wconf 75' lang='grc' dir='ltr'>δεινοῖς</span> <span class='ocrx_word' id='word_1_726' title='bbox 2354 4849 2450 4903; x_wconf 76' lang='grc' dir='ltr'>καὶ</span> <span class='ocrx_word' id='word_1_727' title='bbox 2481 4850 2886 4915; x_wconf 76' lang='grc' dir='ltr'>ἐκτοπωτάτοις</span> <span class='ocrx_word' id='word_1_728' title='bbox 2904 4851 3192 4917; x_wconf 82' lang='grc' dir='ltr'>ὲναλόντας</span> <span class='ocrx_word' id='word_1_729' title='bbox 3215 4857 3427 4925; x_wconf 77' lang='grc' dir='ltr'>κακοῖς,</span> <span class='ocrx_word' id='word_1_730' title='bbox 3446 4857 3583 4928; x_wconf 83' lang='grc' dir='ltr'>πυρὶ</span> <span class='ocrx_word' id='word_1_731' title='bbox 3605 4859 3699 4909; x_wconf 86' lang='grc' dir='ltr'>καὶ</span> 
     </span>
    </p>
   </div>
   <div class='ocr_carea' id='block_1_105' title="bbox 2121 4937 3699 5015">
    <p class='ocr_par' dir='ltr' id='par_1_105' title="bbox 2121 4937 3699 5015">
     <span class='ocr_line' id='line_1_105' title="bbox 2121 4937 3699 5015; baseline 0.005 -23"><span class='ocrx_word' id='word_1_732' title='bbox 2121 4937 2332 5003; x_wconf 84' lang='grc' dir='ltr'>θαλλοῖς</span> <span class='ocrx_word' id='word_1_733' title='bbox 2381 4939 2777 5006; x_wconf 84' lang='grc' dir='ltr'>άπαλλάττετε,</span> <span class='ocrx_word' id='word_1_734' title='bbox 2806 4941 3057 5015; x_wconf 84' lang='grc' dir='ltr'>καθάπερ</span> <span class='ocrx_word' id='word_1_735' title='bbox 3086 4944 3264 4998; x_wconf 74' lang='grc' dir='ltr'>οἴεσθέ</span> <span class='ocrx_word' id='word_1_736' title='bbox 3296 4962 3419 5014; x_wconf 89' lang='grc' dir='ltr'>που,</span> <span class='ocrx_word' id='word_1_737' title='bbox 3448 4946 3544 5000; x_wconf 81' lang='grc' dir='ltr'>καὶ</span> <span class='ocrx_word' id='word_1_738' title='bbox 3585 4947 3699 4999; x_wconf 86' lang='grc' dir='ltr'><strong>τῶν</strong></span> 
     </span>
    </p>
   </div>
   <div class='ocr_carea' id='block_1_106' title="bbox 2120 5029 3696 5108">
    <p class='ocr_par' dir='ltr' id='par_1_106' title="bbox 2120 5029 3696 5108">
     <span class='ocr_line' id='line_1_106' title="bbox 2120 5029 3696 5108; baseline 0.007 -26"><span class='ocrx_word' id='word_1_739' title='bbox 2120 5029 2485 5108; x_wconf 54' lang='grc' dir='ltr'>ἐγκλημάτων</span> <span class='ocrx_word' id='word_1_740' title='bbox 2517 5031 2804 5103; x_wconf 82' lang='grc' dir='ltr'>χαρίζεσθε</span> <span class='ocrx_word' id='word_1_741' title='bbox 2837 5034 2938 5104; x_wconf 71' lang='grc' dir='ltr'>τὴν</span> <span class='ocrx_word' id='word_1_742' title='bbox 2973 5035 3249 5106; x_wconf 78' lang='grc' dir='ltr'>ἀπόνιψιν,</span> <span class='ocrx_word' id='word_1_743' title='bbox 3295 5038 3389 5091; x_wconf 88' lang='grc' dir='ltr'><strong>καί</strong></span> <span class='ocrx_word' id='word_1_744' title='bbox 3432 5055 3516 5092; x_wconf 90' lang='grc' dir='ltr'><strong>τοι</strong></span> <span class='ocrx_word' id='word_1_745' title='bbox 3553 5038 3696 5108; x_wconf 84' lang='grc' dir='ltr'>άγαν</span> 
     </span>
    </p>
   </div>
   <div class='ocr_carea' id='block_1_107' title="bbox 2116 5105 3696 5200">
    <p class='ocr_par' dir='ltr' id='par_1_107' title="bbox 2116 5105 3696 5200">
     <span class='ocr_line' id='line_1_107' title="bbox 2116 5105 3696 5200; baseline 0.007 -28"><span class='ocrx_word' id='word_1_746' title='bbox 2116 5105 2606 5191; x_wconf 74' lang='grc' dir='ltr'>κατεγνωσμένοις.</span> <span class='ocrx_word' id='word_1_747' title='bbox 2637 5121 2816 5194; x_wconf 83' lang='grc' dir='ltr'>Τιτυῷ</span> <span class='ocrx_word' id='word_1_748' title='bbox 2833 5123 2911 5192; x_wconf 80' lang='grc' dir='ltr'>δὲ,</span> <span class='ocrx_word' id='word_1_749' title='bbox 2937 5124 3059 5179; x_wconf 76' lang='grc' dir='ltr'>εἰπέ</span> <span class='ocrx_word' id='word_1_750' title='bbox 3087 5105 3198 5197; x_wconf 86' lang='grc' dir='ltr'>μοι,</span> <span class='ocrx_word' id='word_1_751' title='bbox 3228 5128 3322 5181; x_wconf 75' lang='grc' dir='ltr'>καὶ</span> <span class='ocrx_word' id='word_1_752' title='bbox 3350 5131 3462 5189; x_wconf 83' lang='grc' dir='ltr'>τοῖς</span> <span class='ocrx_word' id='word_1_753' title='bbox 3489 5105 3696 5200; x_wconf 84' lang='grc' dir='ltr'>ἀρτίως</span> 
     </span>
    </p>
   </div>
   <div class='ocr_carea' id='block_1_108' title="bbox 2112 5209 3690 5295">
    <p class='ocr_par' dir='ltr' id='par_1_108' title="bbox 2112 5209 3690 5295">
     <span class='ocr_line' id='line_1_108' title="bbox 2112 5209 3690 5295; baseline 0.008 -31"><span class='ocrx_word' id='word_1_754' title='bbox 2112 5209 2540 5283; x_wconf 84' lang='grc' dir='ltr'>ὼνομασμένοις,</span> <span class='ocrx_word' id='word_1_755' title='bbox 2564 5212 2627 5266; x_wconf 82' lang='grc' dir='ltr'>τὸ</span> <span class='ocrx_word' id='word_1_756' title='bbox 2651 5214 2708 5268; x_wconf 81' lang='grc' dir='ltr'>ἐν</span> <span class='ocrx_word' id='word_1_757' title='bbox 2737 5215 2912 5287; x_wconf 75' lang='grc' dir='ltr'>ἐνδείᾳ</span> <span class='ocrx_word' id='word_1_758' title='bbox 2932 5216 3073 5287; x_wconf 82' lang='grc' dir='ltr'>τάχα</span> <span class='ocrx_word' id='word_1_759' title='bbox 3093 5235 3194 5272; x_wconf 88' lang='grc' dir='ltr'><strong>που</strong></span> <span class='ocrx_word' id='word_1_760' title='bbox 3218 5218 3470 5288; x_wconf 85' lang='grc' dir='ltr'>γενέσθαι</span> <span class='ocrx_word' id='word_1_761' title='bbox 3495 5222 3690 5295; x_wconf 83' lang='grc' dir='ltr'>πυρὸς,</span> 
     </span>
    </p>
   </div>
   <div class='ocr_carea' id='block_1_109' title="bbox 2114 5302 3692 5392">
    <p class='ocr_par' dir='ltr' id='par_1_109' title="bbox 2114 5302 3692 5392">
     <span class='ocr_line' id='line_1_109' title="bbox 2114 5302 3692 5392; baseline 0.008 -37"><span class='ocrx_word' id='word_1_762' title='bbox 2114 5302 2358 5375; x_wconf 82' lang='grc' dir='ltr'>σκληρὰν</span> <span class='ocrx_word' id='word_1_763' title='bbox 2410 5302 2506 5358; x_wconf 76' lang='grc' dir='ltr'>καὶ</span> <span class='ocrx_word' id='word_1_764' title='bbox 2547 5305 2881 5377; x_wconf 77' lang='grc' dir='ltr'>ἀδιεξίτητον</span> <span class='ocrx_word' id='word_1_765' title='bbox 2919 5309 3135 5364; x_wconf 80' lang='grc' dir='ltr'>ἐπίθετε</span> <span class='ocrx_word' id='word_1_766' title='bbox 3173 5310 3366 5384; x_wconf 85' lang='grc' dir='ltr'>δίκην;</span> <span class='ocrx_word' id='word_1_767' title='bbox 3411 5312 3522 5367; x_wconf 73' lang='grc' dir='ltr'><strong>Καὶ</strong></span> <span class='ocrx_word' id='word_1_768' title='bbox 3582 5313 3692 5392; x_wconf 75' lang='grc' dir='ltr'>μὴν</span> 
     </span>
    </p>
   </div>
   <div class='ocr_carea' id='block_1_110' title="bbox 432 5388 2020 5476">
    <p class='ocr_par' dir='ltr' id='par_1_110' title="bbox 432 5388 2014 5470">
     <span class='ocr_line' id='line_1_110' title="bbox 432 5388 2014 5470; baseline 0.011 -28"><span class='ocrx_word' id='word_1_769' title='bbox 432 5403 625 5459; x_wconf 60' lang='lat' dir='ltr'><strong>plenas</strong></span> <span class='ocrx_word' id='word_1_770' title='bbox 647 5388 947 5461; x_wconf 83' lang='lat' dir='ltr'><strong>imposuit?</strong></span> <span class='ocrx_word' id='word_1_771' title='bbox 975 5393 1139 5466; x_wconf 86' lang='lat' dir='ltr'><strong>Atqui</strong></span> <span class='ocrx_word' id='word_1_772' title='bbox 1171 5395 1262 5451; x_wconf 90' lang='lat' dir='ltr'><strong>ille</strong></span> <span class='ocrx_word' id='word_1_773' title='bbox 1284 5406 1465 5453; x_wconf 89' lang='lat' dir='ltr'><strong>vestra</strong></span> <span class='ocrx_word' id='word_1_774' title='bbox 1492 5399 1752 5470; x_wconf 90' lang='lat' dir='ltr'><strong>opinione</strong></span> <span class='ocrx_word' id='word_1_775' title='bbox 1781 5401 2014 5459; x_wconf 89' lang='lat' dir='ltr'><strong>furacis-</strong></span> 
     </span>
    </p>
   </div>
   <div class='ocr_carea' id='block_1_111' title="bbox 2132 5388 3689 5476">
    <p class='ocr_par' dir='ltr' id='par_1_111' title="bbox 2132 5388 3689 5476">
     <span class='ocr_line' id='line_1_111' title="bbox 2132 5388 3689 5476; baseline 0.007 -28"><span class='ocrx_word' id='word_1_776' title='bbox 2132 5397 2232 5465; x_wconf 70' lang='grc' dir='ltr'><strong>ἱγε</strong></span> <span class='ocrx_word' id='word_1_777' title='bbox 2270 5395 2395 5450; x_wconf 77' lang='grc' dir='ltr'>καθ’</span> <span class='ocrx_word' id='word_1_778' title='bbox 2417 5396 2563 5468; x_wconf 83' lang='grc' dir='ltr'>ὑμᾶς</span> <span class='ocrx_word' id='word_1_779' title='bbox 2585 5398 2976 5466; x_wconf 85' lang='grc' dir='ltr'>κλεπτίστατος</span> <span class='ocrx_word' id='word_1_780' title='bbox 3016 5402 3111 5456; x_wconf 80' lang='grc' dir='ltr'><strong>καὶ</strong></span> <span class='ocrx_word' id='word_1_781' title='bbox 3161 5404 3335 5476; x_wconf 81' lang='grc' dir='ltr'>πυρὸς</span> <span class='ocrx_word' id='word_1_782' title='bbox 3378 5388 3689 5475; x_wconf 83' lang='grc' dir='ltr'>ἀνθρώποις</span> 
     </span>
    </p>
   </div>
   <div class='ocr_carea' id='block_1_112' title="bbox 434 5480 2010 5558">
    <p class='ocr_par' dir='ltr' id='par_1_112' title="bbox 434 5480 2010 5558">
     <span class='ocr_line' id='line_1_112' title="bbox 434 5480 2010 5558; baseline 0.011 -26"><span class='ocrx_word' id='word_1_783' title='bbox 434 5480 626 5548; x_wconf 87' lang='lat' dir='ltr'><strong>simus,</strong></span> <span class='ocrx_word' id='word_1_784' title='bbox 657 5484 751 5554; x_wconf 92' lang='lat' dir='ltr'><strong>qui</strong></span> <span class='ocrx_word' id='word_1_785' title='bbox 776 5484 955 5556; x_wconf 87' lang='lat' dir='ltr'><strong>ignem</strong></span> <span class='ocrx_word' id='word_1_786' title='bbox 977 5487 1044 5544; x_wconf 91' lang='lat' dir='ltr'><strong>ad</strong></span> <span class='ocrx_word' id='word_1_787' title='bbox 1087 5488 1341 5548; x_wconf 88' lang='lat' dir='ltr'><strong>homines</strong></span> <span class='ocrx_word' id='word_1_788' title='bbox 1368 5490 1585 5558; x_wconf 84' lang='lat' dir='ltr'><strong>detulit,</strong></span> <span class='ocrx_word' id='word_1_789' title='bbox 1622 5493 2010 5551; x_wconf 89' lang='lat' dir='ltr'><strong>Prometheum</strong></span> 
     </span>
    </p>
   </div>
   <div class='ocr_carea' id='block_1_113' title="bbox 435 5566 2008 5652">
    <p class='ocr_par' dir='ltr' id='par_1_113' title="bbox 435 5566 2008 5652">
     <span class='ocr_line' id='line_1_113' title="bbox 435 5566 2008 5652; baseline 0.011 -31"><span class='ocrx_word' id='word_1_790' title='bbox 435 5566 578 5633; x_wconf 87' lang='lat' dir='ltr'><strong>dico,</strong></span> <span class='ocrx_word' id='word_1_791' title='bbox 617 5572 663 5625; x_wconf 89' lang='lat' dir='ltr'><strong>si</strong></span> <span class='ocrx_word' id='word_1_792' title='bbox 704 5574 846 5630; x_wconf 90' lang='lat' dir='ltr'><strong>ullus</strong></span> <span class='ocrx_word' id='word_1_793' title='bbox 884 5576 1111 5632; x_wconf 85' lang='lat' dir='ltr'><strong>omnino</strong></span> <span class='ocrx_word' id='word_1_794' title='bbox 1151 5578 1317 5633; x_wconf 89' lang='lat' dir='ltr'><strong>etiam</strong></span> <span class='ocrx_word' id='word_1_795' title='bbox 1366 5580 1458 5634; x_wconf 91' lang='lat' dir='ltr'><strong>ille</strong></span> <span class='ocrx_word' id='word_1_796' title='bbox 1494 5579 1615 5646; x_wconf 91' lang='lat' dir='ltr'><strong>fuit,</strong></span> <span class='ocrx_word' id='word_1_797' title='bbox 1655 5581 1799 5652; x_wconf 84' lang='lat' dir='ltr'><strong>ignis</strong></span> <span class='ocrx_word' id='word_1_798' title='bbox 1850 5597 2008 5639; x_wconf 90' lang='lat' dir='ltr'><strong>usum</strong></span> 
     </span>
    </p>
   </div>
   <div class='ocr_carea' id='block_1_114' title="bbox 405 5723 1690 5826">
    <p class='ocr_par' dir='ltr' id='par_1_114' title="bbox 405 5723 1690 5826">
     <span class='ocr_line' id='line_1_114' title="bbox 405 5723 1690 5826; baseline 0.007 -26"><span class='ocrx_word' id='word_1_799' title='bbox 405 5723 417 5826; x_wconf 46' lang='grc' dir='ltr'>ἱ</span> <span class='ocrx_word' id='word_1_800' title='bbox 462 5815 467 5819; x_wconf 16' lang='grc' dir='ltr'><em>ρ</em></span> <span class='ocrx_word' id='word_1_801' title='bbox 507 5742 559 5773; x_wconf 72' lang='lat'><strong>&#39;“</strong></span> <span class='ocrx_word' id='word_1_802' title='bbox 588 5742 690 5799; x_wconf 81' lang='lat' dir='ltr'><strong>15a.</strong></span> <span class='ocrx_word' id='word_1_803' title='bbox 728 5762 907 5806; x_wconf 73' lang='lat' dir='ltr'><strong>xxxvr.</strong></span> <span class='ocrx_word' id='word_1_804' title='bbox 936 5749 1089 5805; x_wconf 79' lang='lat'><strong>8-10.</strong></span> <span class='ocrx_word' id='word_1_805' title='bbox 1171 5753 1211 5785; x_wconf 86' lang='grc'><strong>¹²</strong></span> <span class='ocrx_word' id='word_1_806' title='bbox 1238 5754 1398 5810; x_wconf 83' lang='lat' dir='ltr'><strong>Deut.</strong></span> <span class='ocrx_word' id='word_1_807' title='bbox 1430 5771 1576 5821; x_wconf 73' lang='lat' dir='ltr'><strong>xvm,</strong></span> <span class='ocrx_word' id='word_1_808' title='bbox 1610 5756 1690 5809; x_wconf 80' lang='lat' dir='ltr'><strong>lt).</strong></span> 
     </span>
    </p>
   </div>
   <div class='ocr_carea' id='block_1_115' title="bbox 2111 5488 3690 5568">
    <p class='ocr_par' dir='ltr' id='par_1_115' title="bbox 2111 5488 3690 5568">
     <span class='ocr_line' id='line_1_115' title="bbox 2111 5488 3690 5568; baseline 0.004 -25"><span class='ocrx_word' id='word_1_809' title='bbox 2111 5488 2486 5561; x_wconf 79' lang='grc' dir='ltr'>διακομιστὴς,</span> <span class='ocrx_word' id='word_1_810' title='bbox 2524 5489 2615 5544; x_wconf 82' lang='grc' dir='ltr'>τὸν</span> <span class='ocrx_word' id='word_1_811' title='bbox 2653 5490 2946 5564; x_wconf 85' lang='grc' dir='ltr'>Προμηθέα</span> <span class='ocrx_word' id='word_1_812' title='bbox 2999 5493 3163 5564; x_wconf 76' lang='grc' dir='ltr'>λέγω,</span> <span class='ocrx_word' id='word_1_813' title='bbox 3197 5494 3251 5548; x_wconf 78' lang='grc' dir='ltr'><strong>εί</strong></span> <span class='ocrx_word' id='word_1_814' title='bbox 3275 5496 3360 5560; x_wconf 84' lang='grc' dir='ltr'><strong>τίς</strong></span> <span class='ocrx_word' id='word_1_815' title='bbox 3406 5511 3513 5568; x_wconf 88' lang='grc' dir='ltr'><strong>περ</strong></span> <span class='ocrx_word' id='word_1_816' title='bbox 3551 5497 3690 5559; x_wconf 78' lang='grc' dir='ltr'>ὅλως</span> 
     </span>
    </p>
   </div>
   <div class='ocr_carea' id='block_1_116' title="bbox 2116 5577 3684 5661">
    <p class='ocr_par' dir='ltr' id='par_1_116' title="bbox 2116 5577 3684 5661">
     <span class='ocr_line' id='line_1_116' title="bbox 2116 5577 3684 5661; baseline 0.002 -25"><span class='ocrx_word' id='word_1_817' title='bbox 2116 5582 2368 5644; x_wconf 79' lang='grc' dir='ltr'>κάκεῖνος</span> <span class='ocrx_word' id='word_1_818' title='bbox 2391 5577 2484 5653; x_wconf 81' lang='grc' dir='ltr'>ἦν,</span> <span class='ocrx_word' id='word_1_819' title='bbox 2514 5582 2612 5654; x_wconf 82' lang='grc' dir='ltr'>τὴν</span> <span class='ocrx_word' id='word_1_820' title='bbox 2638 5584 2810 5654; x_wconf 83' lang='grc' dir='ltr'>πυρὸς</span> <span class='ocrx_word' id='word_1_821' title='bbox 2841 5585 3090 5641; x_wconf 74' lang='grc' dir='ltr'>ἐπλούτει</span> <span class='ocrx_word' id='word_1_822' title='bbox 3123 5586 3336 5660; x_wconf 84' lang='grc' dir='ltr'>χρῆσιν,</span> <span class='ocrx_word' id='word_1_823' title='bbox 3366 5590 3462 5644; x_wconf 72' lang='grc' dir='ltr'>καὶ</span> <span class='ocrx_word' id='word_1_824' title='bbox 3490 5586 3599 5661; x_wconf 76' lang='grc' dir='ltr'><strong>πρό</strong></span> <span class='ocrx_word' id='word_1_825' title='bbox 3622 5603 3684 5656; x_wconf 84' lang='grc' dir='ltr'><strong>γε</strong></span> 
     </span>
    </p>
   </div>
  </div>
