3990 6196
280 365 394 422 645

1013 363 1100 418 DE
1138 362 1582 418 ADORATIO‘NE
1621 363 1686 416 [iV
1728 363 1996 419 SPlRlTU
2039 365 2128 417 ET
2172 365 2535 420 VElH'l'ATE.
2578 369 2704 423 LIB.
2752 371 2840 426 Vl.

3449 378 3482 432 4
3495 380 3558 432 46

276 486 394 539 τῶν
421 483 598 538 ἄλλων
621 498 634 512 ·
671 481 970 554 ἀρρήκτοις
1015 482 1071 535 δὲ
1103 483 1196 536 καὶ
1228 481 1391 536 αὑτὸν
1416 481 1728 554 ὲνειλῆφθαι
1777 481 1834 535 δε

1967 479 2208 550 adeptus
2246 487 2361 546 est;
2394 489 2451 536 et
2493 484 2719 554 quidem
2755 496 2884 542 ante
2921 489 3060 544 alios
3109 509 3120 544 :
3154 502 3337 549 tamen
3379 496 3559 566 ipsum

280 581 443 648 σμοῖς
463 577 513 630 οἱ
544 579 672 648 παρ’
703 577 832 648 ὑμῖν
859 577 1046 648 ᾅδουσι
1072 576 1249 648 μῦθοιο
1274 577 1368 630 καὶ
1399 577 1505 648 μὴν
1531 577 1621 630 καὶ
1637 574 1840 647 γαμψώ

1969 586 2189 640 quoque
2223 571 2459 626 vinculis
2511 575 2649 629 adeo
2690 577 2862 634 firmis
2897 588 2956 634 ut
2980 583 3160 652 rumpi
3188 600 3297 639 non
3324 589 3556 656 possint,

277 689 452 741 νυχας
474 671 769 741 ὲπιπτῆναι
798 672 1082 739 αἰγυπιοίκς
1121 670 1360 738 λέγουσι,
1389 671 1640 740 καθάπερ
1671 670 1865 740 ἀμέλει

275 764 376 816 καὶ
405 762 607 834 Τιτυῷ,
636 763 846 826 δεινοὺς
881 763 975 816 καὶ
1003 763 1230 832 ἀγρίους
1256 765 1382 828 τοὺς
1421 764 1706 825 κολαστάς.
1736 764 1864 817 Δότε

268 855 362 924 δὴ,
418 853 540 908 δότε
582 853 682 924 τὴν
733 853 821 906 διὰ
860 853 1033 925 πυρὸς
1069 855 1356 927 κάθαρσιν,
1402 856 1523 926 οὐχὶ
1567 854 1631 925 δὴ
1684 854 1865 924 μόνοις

270 946 532 1009 ἐκείνοις,
560 944 675 999 ἀλλ’
709 945 759 997 εί
791 945 883 999 καί
917 965 1062 1012 τινες
1102 949 1256 1020 ὑμῶν
1296 950 1328 1022 ἢ
1375 947 1708 1018 θυγατράσιν
1741 945 1863 998 ἐτέ-

271 1053 413 1107 ρων,
444 1035 479 1107 ἢ
523 1037 769 1105 γυναιξὶν
811 1037 1204 1107 ἐπιμαίνοιντο,
1238 1041 1475 1110 δρῶντες
1507 1039 1543 1093 ἂ
1571 1039 1646 1107 μὴ
1677 1037 1858 1108 θέμις,

266 1129 369 1183 καὶ
397 1124 544 1183 οὗτοι
576 1130 836 1201 πυρὶ“τῆς
865 1131 1045 1195 αἰτίας
1069 1132 1501 1203 ἀπηλλαγμένοι,
1541 1131 1860 1200 συνδιαφευ-

266 1222 480 1289 γόντων
513 1225 626 1286 τοῖς
654 1222 962 1294 πταίσμασι
982 1223 1082 1288 τὰς
1107 1224 1356 1295 γραφάςο
1386 1223 1500 1277 ἀλλ’
1533 1223 1618 1291 ἐφ’
1651 1222 1860 1292 ἑτέροις

269 1317 375 1386 μὲν
408 1316 572 1381 εὐθὺς
598 1316 923 1388 δικαστήρια
956 1317 1047 1370 καὶ
1073 1316 1302 1388 γραφαὶ,
1339 1316 1432 1369 καὶ
1465 1317 1498 1386 ή
1541 1314 1648 1367 τῶν
1678 1313 1858 1383 νόμων

267 1407 565 1462 σαλεύεται
597 1408 990 1481 μισοπονηρία,
1023 1409 1252 1472 ἑαυτοὺς
1274 1408 1330 1461 δὲ
1366 1407 1464 1478 τὴν
1518 1406 1857 1476 πάναισχρον

264 1503 368 1556 καὶ
404 1503 620 1574 δυσώδη
644 1505 788 1576 ζωὴν
821 1504 1153 1576 ἀδιακρίτως
1179 1503 1617 1571 ἐπιτηδεύοντας,
1655 1502 1857 1568 παντὸς

260 1594 638 1649 ἀπαλλάττειν
670 1595 849 1650 οἴεσθε
910 1596 1212 1668 μολυσμοῦ,
1243 1597 1470 1667 ψυχροῖς
1505 1595 1600 1650 καὶ
1664 1612 1856 1666 μειρα-

261 1687 522 1741 κιώδεσιν
551 1688 862 1760 ἀθύρμασιν
882 1688 1308 1761 ἐξηπατημένοι,
1338 1691 1431 1743 καὶ
1461 1687 1742 1760 ὑπηρέτας
1775 1689 1854 1751 είς

257 1779 427 1833 τοῦτο
462 1780 833 1852 λαμδάνοντες
859 1783 984 1844 τοὺς
1013 1781 1096 1835 ὅτι
1136 1781 1370 1850 μάλιστα
1399 1779 1506 1834 τῶν
1538 1779 1716 1834 ἄλλων
1749 1797 1854 1849 μυ-

260 1871 656 1943 σαρωτάτουςο
683 1873 733 1926 οἳ
780 1872 876 1926 καὶ
913 1871 1048 1944 ὁμοῦ
1091 1871 1168 1943 τῷ
1224 1873 1485 1943 σχήματι,
1533 1871 1624 1925 τὸν
1669 1871 1850 1942 ἀνδρο·
1887 1897 1928 1953 Β

260 1963 452 2034 πρεπῆ
487 1962 743 2032 μεθέντες
767 1963 946 2032 λόγον,
983 1961 1441 2026 καταϐιϐἀζονται
1479 1961 1615 2034 πρὸς
1637 1961 1706 2015 τά
1747 1979 1849 2031 γυ-

258 2054 469 2108 ναικῶν
499 2053 604 2125 ἢθη
632 2071 691 2106 τε
720 2054 814 2108 καὶ
838 2054 1073 2123 τρόπους
1103 2052 1331 2124 σώματά
1360 2069 1420 2104 τε
1456 2053 1552 2106 καὶ
1598 2051 1844 2123 γνώμας.

261 2143 400 2200 Εἶτα
432 2145 555 2199 τίνα
587 2146 787 2217 τρόπον
829 2148 857 2199 ὁ
899 2145 1139 2209 τοιοῦτος
1181 2146 1472 2215 ἀφαγνιεϊς
1515 2144 1847 2216 διακείμενοι

261 2239 373 2308 γὰρ
398 2237 517 2300 ὡδὶ,
546 2237 747 2290 τοιόνδε
776 2254 826 2291 τι
855 2237 1103 2308 δράσετε,
1133 2238 1211 2301 ὼς
1263 2239 1312 2291 εί
1347 2239 1440 2291 καὶ
1481 2237 1541 2289 τὸ
1571 2237 1735 2306 τυχόν
1761 2254 1848 2300 τις

262 2329 439 2382 ἐδόκει
473 2328 946 2401 καταμυρίζεσθαι
985 2328 1106 2400 μὲν,
1141 2329 1388 2400 βορὸόρῳ
1414 2329 1471 2383 δέ
1498 2346 1576 2399 τῳ
1606 2329 1848 2399 ἀκοσμο-

261 2420 409 2490 τάτῳ
463 2421 990 2492 κατακεχρημένος,
1051 2416 1172 2474 εἷτα
1218 2419 1518 2490 κατορθοῦν
1555 2419 1717 2474 οἴοιτο
1753 2421 1844 2475 καὶ

263 2512 469 2582 σφόδρα
508 2509 688 2574 καλῶς
717 2510 778 2564 τό
805 2527 867 2580 γε
887 2512 964 2574 είς
983 2508 1108 2565 νοῦν
1141 2504 1276 2582 ἧκον
1300 2509 1468 2582 αὐτῷ.

329 2763 539 2816 ΠΑΔΛ.
584 2756 656 2817 Εὖ
699 2759 908 2831 λέγεις’
957 2762 1053 2814 καὶ
1117 2761 1496 2831 συναινέσαιμι
1537 2759 1605 2814 ἀν
1663 2759 1840 2832 ἀληθῆ

260 2858 467 2925 λέγοντί
494 2873 596 2909 σοι.

323 2951 492 3003 ΚΥΡ.
531 2949 638 3001 Καὶ
666 2947 905 3018 παρίημι
948 2946 1046 3017 μὲν
1080 2945 1179 3016 τὴν
1223 2945 1280 2998 ἓν
1303 2962 1366 3014 γε
1397 2943 1570 3014 τούτῳ
1603 2943 1835 3015 μωρίαν,

257 3045 348 3096 καὶ
389 3045 600 3111 σιγήσω
639 3041 777 3105 τέως
814 3041 942 3103 τοὺς
977 3041 1076 3110 τῆς
1117 3039 1438 3110 καθάρσεως
1503 3037 1834 3106 ὑπουργοὺς,

254 3136 341 3186 ἐπ’
377 3133 509 3186 αὐτὸ
561 3132 618 3184 δὲ
666 3128 779 3200 εἶμι
827 3129 887 3182 τὸ
918 3130 1106 3201 χρῆμα
1136 3127 1298 3181 πάλιν
1319 3143 1332 3157 ·
1361 3127 1457 3180 καὶ
1489 3126 1553 3197 δὴ
1581 3126 1676 3180 καὶ
1705 3123 1835 3195 ὲρῶ,

1968 661 2229 716 innexum
2277 679 2419 728 esse,
2452 675 2649 721 vestrae
2691 669 2888 726 fabula:
2926 685 3132 730 canunt
3160 695 3172 729 :
3200 679 3336 746 quin
3389 681 3558 739 etiam

1971 753 2131 808 uncis
2180 755 2458 824 unguibus
2505 759 2754 814 vultures
2811 764 3092 822 advolasse
3145 768 3370 835 dicunt,
3415 775 3555 832 sicut

1969 843 2128 914 Tityo
2161 859 2402 914 quoque,
2430 846 2687 902 videlicet
2713 858 2885 907 tctros
2921 865 2976 932 et
3015 857 3282 915 immanes
3323 863 3554 922 ultores.

1965 935 2099 990 Date
2127 936 2318 1006 igitur,
2343 938 2488 1003 date,
2517 949 2576 994 ut
2603 941 2952 1015 iguipurgari
2984 952 3195 1017 possint
3221 969 3330 1008 non
3358 955 3434 1010 illi
3462 973 3553 1012 so-

1963 1025 2099 1091 lum,
2141 1025 2238 1083 sed
2264 1029 2309 1083 si
2340 1031 2434 1099 qui
2482 1042 2724 1088 vestrum
2757 1045 2850 1090 aut
2894 1037 2948 1091 in
2990 1040 3225 1096 aliorum
3268 1046 3554 1101 hominum

1963 1119 2102 1174 filias
2127 1130 2221 1174 aut
2244 1138 2444 1177 uxores
2470 1124 2824 1192 insanierint,
2851 1145 3023 1200 eaque
3073 1134 3396 1192 admiserint
3431 1156 3554 1209 quae

1959 1207 2043 1263 fas
2072 1220 2319 1278 nonest;
2363 1213 2526 1268 liceat
2568 1216 2638 1269 iis
2686 1234 2906 1289 quoque
2947 1210 3046 1291 per
3083 1224 3260 1296 ignem
3310 1244 3339 1282 a
3391 1207 3552 1300 culpa

1956 1296 2231 1366 liberatis,
2274 1318 2384 1357 non
2408 1305 2586 1358 solum
2619 1322 2648 1360 a
2672 1310 2932 1378 turpibus
2955 1312 3134 1378 factis,
3160 1331 3349 1370 verum
3385 1296 3551 1374 etiam

1959 1405 1992 1443 a
2030 1389 2344 1449 forensibus
2381 1395 2610 1466 judiciis
2643 1415 2946 1471 emergere.
3006 1404 3277 1461 Caeterum
3332 1409 3386 1463 in
3428 1411 3552 1468 aliis

1958 1479 2106 1536 illico
2143 1484 2353 1553 judicia
2384 1497 2441 1542 et
2485 1493 2901 1558 accusationes,
2951 1503 3006 1550 et
3052 1498 3234 1568 legum
3282 1503 3550 1558 severitas

1955 1571 2156 1627 vindex
2204 1579 2462 1646 nequitiae
2516 1580 2740 1637 incitata
2793 1583 2971 1639 fertur
3017 1597 3072 1641 et
3105 1589 3392 1658 vibratur;
3451 1609 3548 1648 vos

1956 1663 2102 1733 ipsos
2135 1673 2339 1732 autem,
2366 1672 2617 1738 quamvis
2644 1674 3013 1744 turpissimam
3035 1695 3097 1733 ac
3125 1683 3361 1749 pessime
3385 1684 3543 1738 olen-

1955 1761 2064 1808 tem
2089 1756 2256 1811 vitam
2294 1762 2620 1829 sequamini,
2676 1773 2854 1820 tamen
2891 1768 3104 1840 frigidis
3140 1789 3204 1828 ac
3241 1776 3548 1844 puerilibus

1957 1847 2188 1905 ludicris
2209 1850 2448 1922 decepti,
2487 1869 2706 1910 omnem
2752 1858 2930 1915 labem
2964 1865 3172 1932 putatis
3202 1867 3541 1938 abstergere,

1956 1950 2012 1996 et
2029 1942 2387 2000 administros
2407 1946 2474 2000 ad
2492 1964 2610 2002 eam
2635 1967 2749 2005 rem
2769 1954 3003 2019 sumitis,
3033 1957 3286 2014 homines
3298 1961 3543 2015 omnium

1957 2035 2415 2103 scelestissimos;
2469 2040 2562 2109 qui
2609 2042 2770 2097 simul
2820 2060 2943 2098 cum
2990 2047 3182 2102 habitu
3232 2066 3542 2107 sermonem

1953 2139 2174 2196 quoque
2199 2127 2412 2183 virilem
2436 2131 2778 2202 abjicientes,
2804 2137 2871 2190 ad
2897 2139 3190 2195 mulierum
3217 2142 3448 2200 affectus
3471 2163 3537 2202 ac

1954 2233 2155 2283 mores,
2189 2236 2418 2291 corpora
2475 2239 2778 2296 sensusque
2821 2228 3109 2300 dejiciunt.
3153 2232 3273 2299 Quo
3321 2240 3541 2295 tandem

1953 2308 2138 2373 modo,
2176 2311 2270 2379 qui
2302 2312 2572 2382 ejusmodi
2599 2323 2704 2380 est,
2749 2319 2962 2373 scelera
2986 2322 3268 2390 expiabit?
3291 2327 3370 2383 sic
3393 2329 3539 2384 enim

1951 2399 2156 2464 affecti,
2187 2402 2364 2457 simile
2388 2405 2648 2473 quiddam
2682 2406 2913 2474 facietis,
2941 2426 3004 2466 ac
3030 2413 3075 2465 si
3124 2413 3271 2481 quis,
3312 2431 3436 2469 cum
3481 2433 3540 2473 se

1952 2493 2085 2548 velit
2111 2497 2405 2564 unguentis
2431 2498 2786 2566 perfundere,
2815 2517 2972 2556 caeno
3007 2503 3358 2560 foetidissimo
3395 2509 3538 2563 obli-

1951 2592 2060 2648 tus,
2109 2585 2401 2654 perfecisse
2437 2603 2494 2640 se
2532 2596 2716 2657 putet,
2751 2600 2804 2643 et
2845 2591 3067 2660 quidem
3121 2595 3349 2662 optimc,
3391 2597 3537 2666 quod

1951 2675 2234 2744 c0gitarat.

2021 2767 2216 2821 PALL.
2244 2768 2412 2823 Recte
2446 2769 2563 2826 ais:
2592 2786 2715 2826 nam
2745 2773 2842 2827 tibi
2877 2775 3134 2845 equidem
3158 2795 3285 2834 vera
3326 2780 3534 2838 dicenti

1950 2859 2242 2912 assentior.

2017 2948 2172 3002 CYR.
2204 2949 2360 3004 Mitto
2398 2951 2565 3021 igitur
2588 2952 2786 3007 horum
2820 2954 2874 3010 in
2910 2955 3012 3010 hac
3043 2974 3101 3012 re
3147 2960 3445 3028 insaniam,
3475 2979 3536 3020 ac

1949 3047 2103 3094 taceo
2148 3041 2370 3097 interim
2414 3043 2482 3098 de
2526 3045 2637 3100 illis
2666 3047 3006 3116 purgationis
3055 3050 3397 3110 administris
3424 3097 3438 3118 ,
3480 3064 3536 3111 et

1947 3130 2116 3186 redeo
2151 3149 2343 3188 rursus
2370 3134 2436 3187 ad
2465 3151 2578 3189 rem
2606 3138 2940 3206 propositam
2971 3157 2983 3192 :
3019 3148 3182 3211 alque
3208 3143 3342 3197 illud
3369 3145 3534 3202 etiam
3598 3163 3600 3166 '

251 3226 326 3289 ὡς
360 3209 668 3279 ἀνούστατά
706 3241 764 3276 τε
803 3223 899 3276 καὶ
951 3219 1305 3292 ἀμαθέστατα
1341 3217 1491 3290 βιοῦν
1523 3217 1833 3288 ἑλομένους,

1946 3220 2090 3287 dico,
2133 3223 2474 3293 deprehendi
2524 3227 2685 3282 facile
2743 3245 2902 3298 posse
2965 3209 3238 3288 idolorum
3297 3239 3536 3295 cultores

252 3313 716 3384 καταφωρᾶσαιτὸ
750 3330 836 3376 τις
885 3312 952 3366 ἂν
981 3312 1107 3374 τοὺς
1127 3310 1237 3364 τῶν
1266 3309 1560 3380 δαιμονίων
1594 3325 1838 3379 προσκυ-

249 3407 442 3477 νητάς,
471 3405 567 3457 κα)⁵
603 3404 740 3474 μήτε
787 3401 879 3454 τὸν
903 3400 998 3454 τοῦ
1021 3400 1397 3471 ὲκσμήξασθαι
1436 3399 1692 3463 νοοῦντας
1716 3399 1841 3470 τρό-

249 3515 376 3560 πον,
431 3498 567 3568 μήτε
624 3496 729 3566 μὴν
777 3493 1178 3564 ὴκριὸωκότας,
1238 3493 1266 3545 ὂ
1293 3493 1349 3546 τί
1377 3491 1507 3546 ποτέ
1547 3491 1664 3545 ἔστι
1695 3490 1839 3544 κατά

248 3587 512 3660 ἀλήθειαν
545 3587 824 3658 μολυσμὸς
854 3585 948 3639 καὶ
999 3583 1299 3655 βεϐήλωσις
1319 3600 1332 3614 ·
1366 3584 1600 3654 μοιχεῖαι
1637 3599 1696 3636 τε
1728 3582 1837 3652 γάρ

249 3682 346 3735 καὶ
395 3682 464 3733 τὰ
502 3679 582 3732 ἔτι
630 3677 836 3732 τούτων
872 3675 1188 3747 ἀγριώτερα
1231 3674 1404 3745 πάθη,
1451 3674 1834 3748 ἀρῤενομιξίαι

251 3774 342 3825 καὶ
370 3772 543 3840 φόνοι,
568 3769 894 3824 καταλαλιαλ⁵
920 3769 1014 3821 καὶ
1045 3766 1252 3836 φθόνοι,
1296 3766 1715 3836 ψευδομαντεϊαι
1743 3767 1834 3819 καὶ

248 3864 407 3927 δόλοι,
433 3865 619 3934 ἀπάτη
645 3863 738 3916 καὶ
765 3860 1083 3931 ψευδορκία,
1117 3859 1333 3929 κηλίδες
1367 3859 1432 3913 ἂν
1465 3854 1573 3911 εἶεν
1610 3858 1705 3910 καὶ
1737 3873 1837 3924 μοη

249 3955 450 4026 λυσμοὶ
473 3955 652 4026 ψυχὴν
683 3953 971 4024 καὶσῶμα
1022 3951 1501 4022 καταμιαίνουσαι,
1553 3949 1648 4002 καὶ
1706 3950 1834 4003 δυσ-

250 4049 550 4102 απονιπτον
609 4047 829 4118 ἔχουσαι
858 4048 956 4116 τὴν
986 4043 1236 4115 ἐκϐολήν.
1307 4042 1470 4096 Ἀλλά
1533 4043 1692 4097 ταυτὶ
1733 4043 1832 4114 μὲν

248 4142 370 4196 οὔτε
410 4141 544 4209 πῦρ,
589 4140 702 4193 οὔτ’
733 4141 797 4194 ἀν
829 4139 1036 4193 ὑδάτων
1069 4137 1242 4208 πηγαὶ
1271 4135 1652 4208 διασμήξειαν.
1684 4135 1864 4207 Παρ-’

247 4236 397 4297 έντες
449 4233 528 4296 δὲ,
564 4229 718 4303 οἶμαί
744 4249 866 4291 που,
900 4231 993 4283 καὶ
1032 4231 1092 4282 τὸ
1136 4229 1334 4282 εἰδέναι
1390 4229 1569 4299 μόνον,
1597 4229 1676 4281 ὅτι
1703 4245 1828 4281 σπι-

246 4326 398 4380 λοῦσι
427 4325 627 4397 ψυχὴν,
675 4324 767 4376 καὶ
813 4321 1079 4385 δυσωδίας
1113 4321 1334 4392 ἔμπλεω
1371 4319 1695 4375 ἀποτελοῦσι
1736 4319 1828 4374 τὸν

247 4418 393 4483 νοῦν,
425 4417 637 4490 νεκρῶν
659 4415 998 4484 ἀποφοιτῶσι
1029 4415 1322 4485 σωμάτων,
1350 4415 1444 4467 καὶ
1481 4415 1828 4486 καταμυσάτ-

245 4527 430 4562 τονται
467 4509 528 4561 τὸ
572 4505 1044 4576 κατεφθαρμένον,
1084 4505 1212 4566 τοὺς
1245 4505 1344 4574 τῆς
1385 4503 1597 4574 φύσεως
1623 4503 1825 4574 ἀτιμά-

1939 3327 2153 3367 summa
2181 3329 2304 3367 cum
2330 3315 2544 3370 inscitia
2571 3326 2735 3388 atque
2761 3321 2994 3375 stultitia
3012 3323 3180 3378 vitam
3208 3326 3532 3393 instituisse,

1936 3418 2004 3458 ac
2015 3419 2194 3473 neque
2205 3405 2570 3461 eluendorum
2584 3409 2876 3463 criminum
2891 3413 3159 3467 rationem
3177 3415 3531 3482 intellexisse,

1941 3493 2103 3566 196
2133 3511 2312 3566 neque
2337 3497 2652 3567 explorasse
2678 3500 2941 3568 quidnam
2977 3503 3045 3556 sit
3083 3520 3278 3560 revera
3303 3506 3454 3560 labes
3477 3517 3534 3562 et

1934 3584 2257 3658 impuritas:
2307 3587 2579 3643 adulteria
2624 3606 2882 3660 namque,
2909 3600 2964 3647 et
3007 3595 3140 3649 vitia
3179 3596 3266 3651 his
3311 3614 3531 3668 quoque

1936 3677 2294 3734 immaniora:
2331 3680 2702 3735 masculorum
2743 3685 3074 3740 concubitus
3113 3702 3175 3740 ac
3202 3688 3402 3752 caades,
3433 3690 3532 3744 de-

1937 3770 2235 3825 tractiones
2269 3781 2325 3826 et
2350 3773 2591 3837 invidiae,
2619 3776 2905 3831 mendacia
2949 3793 3013 3832 ac
3040 3778 3184 3843 doli,
3216 3779 3443 3836 fallacia:
3469 3798 3532 3837 ac

1933 3861 2192 3929 perjuria,
2213 3864 2434 3919 macula:
2461 3875 2662 3920 suntet
2685 3867 3118 3937 inquinamenta,
3141 3887 3262 3940 qua:
3292 3874 3529 3927 animam

1932 3957 1989 4004 et
2014 3966 2214 4021 corpus
2253 3954 2524 4022 inficiunt,
2565 3973 2628 4012 ac
2672 3958 2890 4014 diflicile
2938 3961 3086 4015 ablui
3137 3974 3302 4032 atque
3363 3964 3528 4033 abjici

1932 4052 2182 4110 possunt.
2203 4043 2309 4099 Sed
2335 4047 2449 4100 hagc
2475 4064 2653 4118 neque
2673 4051 2835 4119 ignis,
2856 4069 3034 4120 neque
3059 4070 3324 4122 aquarum
3351 4057 3530 4113 fontes

1930 4132 2312 4190 absterserint.
2341 4137 2551 4207 Itaque,
2581 4156 2707 4194 cum
2752 4158 2825 4196 ne
2868 4143 3009 4199 scire
3047 4145 3271 4214 quidem
3308 4158 3524 4213 curent,

1930 4225 2046 4282 haec
2070 4229 2312 4283 animum
2356 4231 2675 4300 inquinare,
2709 4244 2764 4288 et
2808 4235 2978 4291 odore
3023 4240 3260 4308 pessimo
3308 4243 3526 4311 replere

1929 4327 2192 4386 mentem,
2219 4322 2499 4393 refugiunt
2528 4341 2558 4378 a
2587 4325 2972 4393 cadaveribus,
3017 4339 3073 4385 et
3113 4341 3374 4402 corrupta
3400 4349 3525 4387 cor-

1929 4428 2063 4482 pora
2088 4425 2464 4470 exsecrantur.
2496 4417 2554 4470 ln
2582 4433 2690 4486 quo
2715 4425 2922 4474 natura:
2961 4421 3108 4491 leges
3134 4431 3525 4487 contemnunt;

1927 4505 2232 4574 quinetiam
2271 4509 2578 4574 esculenta,
2626 4525 2747 4580 qua:
2790 4513 3086 4577 voluerint,
3131 4514 3434 4582 sapienter,
3463 4523 3525 4568 ut

246 4599 432 4664 ζοντες
456 4599 679 4669 νόμους.
717 4598 822 4652 Καὶ
856 4595 961 4668 μὴν
989 4596 1083 4649 καὶ⁵
1123 4595 1399 4667 ἐδωδίμων
1419 4589 1494 4650 ὧν
1526 4597 1592 4651 ἂν
1621 4595 1826 4650 ἕλοιντο

1946 4596 2035 4665 ηρεί
2060 4605 2276 4666 putant,
2305 4598 2648 4668 improbant:
2679 4617 2744 4656 ac
2767 4601 2812 4655 si
2838 4601 2978 4657 forte
3030 4604 3327 4674 contigerit
3353 4613 3411 4658 ut
3434 4605 3520 4659 vel

245 4691 386 4744 κατά
415 4691 558 4759 σφᾶς
599 4689 794 4752 αὐτοὺς
825 4689 1060 4753 συνετῶς
1089 4689 1584 4758 καταγινώσκουσι,
1631 4690 1735 4744 κᾶν
1777 4691 1825 4742 εί

245 4783 490 4854 συμϐαίη
521 4781 704 4854 τυχὸν,
735 4783 829 4836 καὶ
869 4782 966 4851 οὑχ
998 4782 1223 4846 ἑκόντας
1269 4782 1466 4852 θίγειν,
1503 4783 1663 4847 εὐθὺς
1689 4785 1826 4837 ἀνα-

244 4876 591 4947 θρώσκοντες
618 4876 709 4929 ἐπὶ
733 4875 832 4945 τὴν
860 4875 948 4930 διὰ
995 4876 1164 4947 πυρὸς
1211 4875 1244 4946 ἢ
1288 4874 1481 4940 ὕδατος
1519 4876 1690 4930 ίενται
1725 4877 1825 4930 κά-

247 4971 463 5041 θαρσιν,
496 4969 571 5032 ὡς
594 4969 658 5022 ἂν
688 4971 736 5022 εί
774 4969 932 5040 μόνον
963 4956 1286 5040 ἀπόσχοιντο
1332 4969 1558 5032 τούτων,
1593 4968 1738 5037 ἆγιοί
1767 4986 1826 5022 τε

243 5065 340 5116 καί
370 5062 685 5133 εἰλικρινεῖς
716 5063 988 5133 ἐσόμενοι.
1028 5064 1330 5134 ’ἸΙττηνται
1363 5061 1472 5132 γὰρ
1495 5054 1595 5114 ὧδε
1621 5061 1718 5132 τῆς
1743 5061 1826 5115 δό-

241 5154 375 5225 ξης,
415 5155 511 5209 καὶ
539 5154 866 5226 ὲξεστήκασι
901 5153 1134 5228 φρενῶν,
1167 5156 1251 5224 ἐφ’
1278 5149 1358 5216 οἷς
1396 5153 1462 5208 ἂν
1494 5152 1706 5220 λέγοιτο
1731 5153 1827 5205 καὶ

243 5247 447 5316 σᾳὸδρα
489 5247 738 5313 εἰκότωςο
777 5266 794 5299 ι
823 5231 959 5302 ὸὺαὶ
999 5250 1149 5320 ὑμῖν,
1193 5246 1397 5318 ὲξήνιοί
1436 5264 1494 5300 τε
1545 5246 1640 5299 καὶ
1683 5247 1827 5317 ἀμα-

242 5335 378 5403 θεῖς,
402 5337 728 5402 διυλίζοντες
756 5337 849 5391 τὸν
881 5340 1140 5403 κώνωπα,
1176 5337 1271 5408 τὴν
1301 5336 1359 5390 δὲ
1390 5336 1635 5408 κάμηλον
1661 5353 1825 5390 κατα-

241 5431 508 5493 πίνοντες.
540 5449 558 5480 ι
598 5430 772 5498 Λόγου
827 5430 936 5503 γὰρ
994 5430 1274 5496 ἀξιοῦντες
1299 5430 1512 5494 οὐδενὸς
1545 5431 1607 5484 τό
1639 5447 1700 5499 γε
1746 5428 1822 5492 ὡς

241 5521 462 5591 ἀληθῶς
493 5521 892 5593 καταμολὺνειν
938 5523 1099 5588 είδδς,
1145 5525 1591 5597 καταπεφρίκασι
1634 5540 1821 5594 περιτ-

173 5615 194 5636 ’
239 5613 348 5678 τῶς
391 5614 462 5667 τά
492 5611 682 5678 ὲφόἷς
731 5615 796 5668 ἄν
848 5634 932 5681 τις
970 5618 1124 5672 οὐδὲν
1171 5617 1430 5689 ὑπομένει
1490 5617 1548 5672 τὸ
1603 5615 1816 5688 βλάϐος.

317 5792 361 5823 ’³
385 5791 552 5848 Mali).
582 5795 816 5862 “111,24.

1928 4695 2130 4757 praeter
2154 4690 2492 4745 voluntatem
2531 4692 2824 4762 attingant,
2869 4693 3016 4748 illico
3049 4695 3334 4759 resiliunt,
3361 4705 3526 4766 atque

1928 4783 1997 4838 ad
2023 4781 2163 4851 ignis
2182 4782 2266 4837 vel
2301 4798 2456 4852 aqua:
2479 4783 2862 4838 lustrationem
2903 4793 3236 4856 properant;
3269 4794 3525 4858 tanquam

1926 4875 1971 4929 si
2009 4874 2169 4928 abiis
2194 4873 2459 4930 duntaxat
2499 4876 2888 4942 abstinuerint,
2922 4879 3094 4935 sancti
3133 4880 3242 4935 sint
3284 4896 3348 4935 ac
3394 4883 3521 4951 puri

1927 4967 2132 5032 futuri;
2160 4967 2298 5021 adeo
2335 4967 2438 5022 hac
2481 4969 2740 5038 opinione
2766 4981 2894 5025 sunt
2926 4975 3197 5042 occupati,
3227 4982 3282 5029 et
3322 4976 3524 5030 mentis

1928 5061 2166 5132 impotes
2207 5061 2368 5117 facti:
2398 5063 2451 5117 in
2477 5079 2616 5132 quos
2639 5064 2746 5118 dici
2772 5074 2971 5136 potest,
2999 5075 3053 5121 et
3089 5067 3314 5137 quidem
3349 5069 3523 5140 aptis-

1926 5152 2097 5207 sime:
2123 5171 2140 5203 ι
2164 5154 2254 5209 Vm
2279 5153 2455 5220 vobis,
2482 5155 2735 5211 eflrenati
2761 5174 2824 5212 ac
2847 5159 3022 5224 stulti,
3047 5161 3360 5217 excolantcs
3385 5161 3522 5216 culi-

1925 5260 2066 5308 cem,
2093 5253 2149 5300 et
2173 5246 2468 5317 glutientes
2491 5249 2764 5304 camelum
2789 5249 2852 5303 ".
2888 5269 2905 5302 ι
2937 5251 3084 5306 Nihil
3109 5253 3256 5307 enim
3283 5253 3350 5307 de
3374 5269 3436 5307 ea
3462 5267 3518 5305 re

1923 5337 2175 5391 laborant
2197 5353 2318 5408 qua:
2345 5354 2472 5395 vere
2525 5339 2818 5411 inquinare
2843 5343 3163 5406 consuevit;
3192 5359 3255 5396 ea
3281 5341 3520 5394 inaniter

1928 5429 2176 5494 horrent,
2220 5445 2251 5484 a
2294 5431 2498 5500 quibus
2531 5433 2684 5488 nullo
2723 5433 2996 5503 quispiam
3036 5433 3517 5487 aﬂicitur-incon1~

1929 5522 2112 5577 modo.
2139 5522 2327 5592 Itaque
2346 5564 2359 5587 ,
2386 5524 2432 5578 si
2459 5525 2586 5592 quis
2607 5539 2798 5579 eorum
2839 5523 2905 5576 ad
2945 5529 3360 5577 monumentum
3383 5537 3512 5591 per-

1934 5615 2162 5679 rexerit,
2189 5624 2243 5668 et
2282 5623 2624 5670 mortuorum
2650 5614 2932 5670 hominum
2958 5612 3208 5682 sepulcra
3230 5610 3398 5668 fuerit
3424 5613 3512 5668 in-
