3990 6196
473 319 573 376 ιιτ

1488 331 1540 388 S.
1578 331 1848 393 CYRILLI
1885 338 2350 400 ALEXANBRINI
2387 347 2721 407 ARCHIEP..

3612 356 3715 416 “78

470 451 711 505 gressus,
751 437 941 509 abjicit
964 448 1192 508 vestem,
1216 443 1364 498 radit
1402 457 1593 517 caput,
1622 449 1798 520 ipsum
1823 471 2038 526 quoque

2143 459 2306 514 Ὥστε
2353 462 2446 517 καὶ
2481 465 2534 517 εῖ
2575 482 2661 528 τις
2706 465 2885 522 αὐτῶν
2933 469 3026 524 ἐπὶ
3085 445 3290 542 τύμϐον
3333 471 3422 539 ῖοι,
3459 472 3552 528 καὶ
3603 480 3715 542 τοῖς

468 528 679 582 crinem
705 537 960 598 tanquam
979 531 1253 601 impurum
1269 535 1590 595 detondens.
1609 540 1862 612 Aquibus
1877 548 2043 602 rebus

468 629 589 669 esse
611 616 770 670 nobis
797 618 1186 687 recedendum,
1215 627 1626 700 cavendumque
1650 647 1719 687 ne
1742 649 1836 689 eos
1860 636 2040 693 imite-

469 721 617 771 mur,
644 708 829 764 divina
866 712 951 767 lex
989 714 1176 770 docuit
1205 736 1218 772 :
1252 718 1391 776 dixit
1415 722 1562 777 enim
1590 725 1824 782 iterum:
1875 750 1892 782 ι
1920 731 2042 787 Non

468 795 791 864 lustrabitis,
832 817 942 857 non
989 804 1282 876 imponetis
1305 812 1582 868 calvitium
1620 832 1787 888 super
1816 832 2035 879 mortuo

469 884 612 940 inter
634 888 827 944 oculos
846 895 1129 949 vestros”.
1154 916 1171 946 ›
1200 899 1496 956 Gentilium
1519 906 1668 959 enim
1690 912 1892 981 egregii
1911 914 2043 968 scri-

469 986 657 1046 ptores
680 979 987 1051 Apollinem
1026 985 1237 1058 ﬁngunt
1271 990 1432 1046 deum
1456 1035 1469 1059 ,
1496 1011 1660 1065 quem
1684 979 1849 1055 etiam
1883 1003 2044 1061 Phae-

466 1066 596 1123 bum
622 1074 913 1142 appellant,
943 1076 997 1131 id
1019 1088 1138 1143 est,
1164 1096 1361 1149 purum
1397 1092 1451 1139 et
1493 1086 1860 1157 impollutum,
1885 1108 2041 1148 eum-

466 1160 702 1232 demque
737 1182 856 1221 esse
896 1185 1059 1239 quem
1104 1173 1274 1227 solem
1316 1175 1524 1231 dicunt.
1553 1180 1834 1246 Φοιϐἀζειν
1878 1184 2044 1255 igitur

466 1253 752 1321 dicebant,
785 1275 846 1314 ac
885 1262 1171 1329 φοιόᾶσθαι
1206 1283 1398 1323 rursus
1442 1286 1509 1325 ex
1552 1271 1739 1330 Graeca
1781 1253 2042 1346 loquendi

466 1346 885 1412 consuetudine,
914 1350 1062 1418 quod
1101 1368 1330 1424 purgare
1374 1366 1460 1412 est
1485 1370 1652 1429 atque
1695 1367 1954 1434 purgari,
1983 1378 2044 1423 ut

465 1428 569 1500 ipsi
594 1442 808 1502 putant,
826 1446 881 1491 ct
904 1446 963 1491 ut
985 1448 1067 1494 est
1092 1440 1145 1494 in
1167 1442 1407 1511 ipsorum
1429 1428 1661 1517 legibus.
1678 1428 1762 1507 ᾹΙ)
1786 1428 1854 1509 iis
1878 1428 2044 1527 igitur

465 1521 603 1576 adeo
618 1520 881 1594 turpibus
901 1534 1067 1599 atque
1088 1530 1428 1591 deformibus
1449 1520 1925 1600 observationibus
1944 1562 2045 1603 nos

466 1608 714 1665 divinum
760 1629 1094 1684 responsum
1139 1633 1391 1691 coercet;
1418 1642 1598 1698 neque
1626 1631 1771 1686 enim
1808 1643 2043 1693 mortem

465 1713 763 1769 corporum
802 1719 923 1760 esse
947 1709 1114 1762 animi
1141 1711 1496 1779 pollutionem
1539 1727 1734 1788 putare
1764 1727 2039 1793 convenit,

463 1798 559 1845 aut
581 1793 896 1851 existimare
920 1798 1203 1857 cadaveris
1239 1814 1533 1875 conspectu
1560 1811 1803 1869 maculas
1833 1813 1888 1869 in
1912 1831 2039 1871 cor-
2075 1806 2114 1860 Β

462 1880 626 1938 dibus
647 1887 1030 1955 aSpicientium
1046 1891 1281 1962 imprimi
1300 1912 1314 1961 ;
1330 1912 1507 1967 neque
1523 1911 1813 1971 propterea
1829 1907 2037 1964 crimen

463 1973 722 2039 tondere;
752 1975 806 2031 id
851 1979 996 2032 enim
1042 1982 1400 2039 vanissimum
1426 1995 1530 2055 est,
1567 2004 1624 2049 et
1658 1992 2038 2063 abjectissimaa

460 2062 738 2131 opinionis
759 2066 1004 2136 plenum.
1036 2071 1190 2143 197
1220 2076 1483 2133 Praeclare
1510 2080 1675 2151 igitur
1712 2084 1800 2139 lex
1825 2103 1837 2138 :
1871 2106 1889 2138 ι
1917 2089 2038 2144 Non

461 2150 785 2221 lustrabitis,
819 2176 837 2209 ι
871 2159 1079 2230 inquit;
1106 2179 1289 2234 neque
1323 2168 1470 2223 enim
1493 2150 1763 2243 ejusmodi
1787 2181 2039 2251 purgatio

460 2242 700 2298 animum
721 2247 896 2317 juvat,
937 2252 1032 2307 sed
1079 2253 1227 2310 laedit
1252 2259 1470 2328 potius;
1498 2242 1626 2318 nam
1658 2274 1714 2322 et
1737 2269 2040 2331 utilissimae

461 2334 561 2390 viae
585 2339 952 2409 cognitionem
988 2347 1187 2416 aufert,
1215 2358 1271 2407 et
1308 2352 1378 2408 ab
1401 2356 1654 2415 utilitatis
1688 2360 2038 2435 indagatione

460 2441 561 2481 nos
584 2429 827 2489 abducit.
863 2435 1117 2499 Ineamus
1151 2442 1300 2497 enim
1341 2445 1485 2502 hanc
1526 2450 1791 2507 rationem
1821 2429 2039 2530 :Leges

459 2528 588 2574 sunt
611 2525 756 2594 apud
792 2542 893 2582 nos
917 2545 1111 2585 eorum
1153 2534 1247 2603 qui
1271 2550 1435 2605 super
1472 2545 1676 2597 terram
1708 2545 1913 2603 habent
1938 2525 2039 2606 im-

461 2611 707 2679 perium,
749 2632 871 2685 quae
910 2621 1166 2678 omnibus
1194 2623 1398 2695 ubique
1431 2627 1782 2701 hominibus,
1815 2653 1938 2708 qua:
1959 2638 2039 2696 fa-

459 2700 654 2756 cienda
703 2706 814 2761 sint
846 2709 1095 2779 jubeant,
1124 2716 1561 2792 prohibeantque
1604 2700 1910 2785 contraria:
1939 2733 2037 2788 sed

460 2804 648 2859 pmnas
682 2794 925 2866 effugere
958 2815 1148 2858 earum
1171 2807 1466 2868 violatione
1503 2818 1851 2876 commeritas
1874 2837 2037 2878 nemo

460 2883 683 2951 poterit,
703 2885 808 2940 nisi
829 2886 1176 2960 imperatoris
1196 2897 1249 2951 ei
1271 2898 1610 2973 benignitate
1632 2908 2033 2968 condonentur.

460 2970 665 3028 Eadem
688 2992 907 3050 quoque
924 2984 1156 3052 ratione,
1174 2990 1269 3059 qui
1294 2970 1508 3049 divinas
1529 2994 1678 3067 leges
1693 3008 2037 3073 contempse-

461 3061 553 3127 rit,
583 3063 701 3121 fieri
729 3084 901 3138 purus
924 3088 1032 3129 non
1057 3086 1258 3146 potest,
1275 3080 1382 3137 nisi
1407 3082 1461 3138 id
1479 3084 1651 3140 divini
1674 3090 1918 3147 numinis
1940 3093 2038 3149 be-

461 3154 659 3212 neficio
684 3158 928 3219 lucratus
954 3164 1138 3223 fuerit.
1169 3168 1226 3225 Si
1258 3172 1405 3228 enim
1435 3174 1576 3246 ignis
1599 3185 1695 3232 aut
1717 3195 1872 3251 aquae
1893 3182 2040 3253 leges
2066 3162 2108 3221 ο

458 3244 807 3316 violavimus,
832 3261 888 3308 et
924 3259 1137 3325 peccati
1179 3260 1321 3317 ratio
1348 3263 1415 3318 ad
1452 3244 1545 3323 illa
1587 3244 1830 3338 spectat,
1855 3244 2042 3329 abluat

458 3352 600 3408 aqua
625 3342 862 3412 culpam,
890 3358 1159 3420 excoquat
1196 3354 1388 3411 sordes
1414 3356 1583 3428 ignis;
1609 3362 1920 3420 condonent
1942 3382 2040 3437 pro

457 3444 559 3484 suo
574 3431 720 3501 jure,
748 3436 950 3505 quibus
967 3442 1261 3512 voluerint,
1280 3449 1543 3518 crimina;
1565 3452 1649 3507 sin
1672 3463 1854 3510 autem
1874 3472 2039 3512 verax

456 3530 541 3575 est
565 3522 656 3579 ille
681 3530 776 3595 qui
800 3527 933 3584 dicit
956 3532 1188 3591 Domino
1219 3555 1233 3591 :
1262 3558 1279 3590 ι
1308 3539 1433 3596 Tibi
1457 3543 1557 3597 soli
1578 3547 1822 3613 peccavi,
1843 3557 1900 3603 et
1920 3564 2038 3603 ma-

460 3612 573 3666 lum
603 3630 783 3672 coram
813 3628 865 3674 te
892 3621 999 3677 feci
1023 3625 1064 3657 "
1094 3643 1107 3678 :
1138 3646 1156 3678 ι
1190 3625 1355 3699 (unus
1380 3632 1529 3686 enim
1565 3642 1649 3689 est
1670 3637 1946 3707 legislator
1974 3656 2039 3697 ac

456 3704 643 3773 iudex)
688 3724 851 3777 quam
879 3713 949 3766 ob
988 3730 1209 3771 causam
1229 3759 1244 3784 ,
1279 3734 1347 3775 eo
1374 3721 1645 3791 demisso,
1681 3743 1851 3796 penes
1874 3746 2037 3800 quem

458 3805 510 3849 ct
536 3798 800 3866 puniendi
846 3811 950 3868 est,
975 3813 1031 3860 et
1072 3809 1419 3876 condonandi
1463 3824 1739 3885 potestas,
1779 3821 1846 3876 ad
1871 3798 2037 3882 anilia

378 3948 383 3951 _
456 3898 765 3945 commenta
796 3891 1146 3965 delabuntur,
1171 3901 1283 3972 igni
1317 3912 1373 3959 et
1394 3897 1548 3977 aqua:
1588 3909 1892 3970 tribuentes
1914 3932 2036 3973 eam

460 3979 794 4051 facultatem,
820 3993 883 4040 ut
908 4002 1067 4059 posse
1089 3991 1404 4052 existiment
1428 3998 1574 4069 ipsos
1596 4017 1627 4056 a
1650 4004 1827 4075 culpis
1851 4008 2036 4064 absol-

474 4085 618 4125 vere.
658 4072 842 4145 Apage
877 4077 947 4132 ab
971 4078 1073 4135 hac
1096 4080 1427 4153 temeritate,
1452 4090 1711 4161 obsecro;
1741 4072 1943 4154 accede
1966 4099 2037 4155 ad

457 4175 583 4214 eum
607 4163 699 4232 qui
725 4166 873 4222 solus
897 4177 980 4223 est
1000 4180 1197 4227 natura
1223 4176 1389 4245 Deus,
1415 4191 1472 4237 et
1493 4196 1619 4238 eum
1649 4185 1795 4259 illiqo
1845 4189 2036 4246 dicen-

461 4260 571 4308 tem
594 4254 783 4312 audies
809 4276 854 4311 :c
877 4260 991 4333 Ego
1016 4279 1137 4319 sum
1160 4267 1255 4336 qui
1284 4269 1439 4326 deleo
1460 4285 1681 4343 peccata
1699 4254 1787 4333 tua
1810 4290 2037 4352 propter

460 4359 570 4410 me,
603 4356 659 4404 et
708 4364 820 4405 non
844 4367 1057 4411 memor
1076 4360 1255 4414 ero“.
1289 4381 1308 4413 ι
1340 4362 1466 4420 Haec
1487 4373 1572 4421 est
1604 4384 1731 4424 vera
1756 4376 2032 4444 purgatio,

459 4430 550 4488 hic
572 4434 874 4505 spiritualis
897 4444 1188 4513 splendor:
1214 4463 1339 4503 nam
1379 4451 1551 4507 abluti
1577 4430 1797 4524 sumus,
1821 4430 2030 4531 pedccati

457 4526 836 4584 remissionem
882 4532 988 4589 ﬁde
1034 4535 1090 4589 in
1131 4536 1412 4594 Christum
1450 4541 1663 4613 adepti;
1705 4526 2028 4609 sanctificati

455 4616 619 4671 etiam
640 4618 856 4677 lavacro
883 4628 1335 4695 regenerationis,
1360 4646 1423 4687 ac
1445 4631 1630 4691 divina
1657 4642 1831 4696 sancti
1857 4641 2030 4714 Spiri-

456 4716 544 4761 tus
565 4710 739 4779 gratia
765 4712 1106 4783 locupletati,
1133 4719 1225 4788 qui
1253 4720 1393 4792 ignis
1414 4722 1588 4781 instar
1613 4731 1850 4789 maculas
1867 4710 2027 4806 {quae

454 4797 509 4850 in
537 4807 753 4856 nostros
787 4803 999 4861 animos
1029 4806 1275 4879 irruunt,
1316 4816 1471 4884 quasi
1514 4819 1698 4888 paleas
1731 4827 2023 4884 consumit.

455 4886 688 4958 Ideoque
729 4892 856 4961 jure
900 4896 1082 4966 inquit
1108 4899 1391 4973 Scriptura
1436 4886 1701 4968 divinitus
1737 4913 2021 4987 inspirata,

454 4975 874 5046 Spiritu-sancto
898 4996 954 5044 et
976 4989 1086 5060 igni
1112 5007 1211 5048 nos
1232 5009 1352 5051 esse
1376 4997 1754 5069 baptizatos".

454 5071 805 5158 λουτρῷ.τῆς
837 5079 1280 5148 παλιγγενεσίας,
1331 5087 1422 5140 καὶ
1467 5090 1566 5162 τὴν
1605 5092 1756 5149 θείαν
1800 5097 1996 5155 ἐαυτοὺ

450 5159 480 5212 6
526 5159 621 5212 καὶ
673 5164 842 5235 πυρὸς
882 5166 1056 5240 δίκην,
1122 5164 1211 5226 οἷά
1256 5191 1376 5229 τινα

453 5245 679 5319 λυσμόν.
723 5253 811 5308 Ἐν
856 5256 1134 5331 Πνεύματι
1180 5263 1289 5336 γὰρ
1331 5265 1424 5335 άγί

453 5340 668 5415 Γραφή.

523 5437 719 5496 PALL.
764 5442 823 5499 In
869 5445 1186 5509 idololatria:
1224 5456 1389 5528 igitur
1421 5475 1653 5517 numero
1697 5462 2020 5523 habebimus
2122 5466 2136 5479 ’

453 5528 615 5584 etiam
645 5535 786 5592 imnc
807 5544 1084 5598 errorem?

2146 550 2254 605 τῶν
2291 552 2602 609 τεθνεώτων
2641 558 2900 628 ἐμϐάλλοι
2943 562 3203 632 σήμασιν,
3243 562 3457 633 ἱμάτιον
3502 565 3713 623 ἀποσα-

2143 641 2270 710 λὼν,
2310 644 2560 714 ψιλοῦται
2606 649 2701 719 τὴν
2756 651 3019 722 κεεραλὴν,
3055 654 3148 706 καὶ
3181 653 3351 726 αὐτὴν
3403 656 3715 731 ἀποκείρων

2142 738 2218 802 ὡς
2249 741 2666 813 μεμολυσμένην
2712 743 2810 815 τὴν
2839 746 3019 816 τρίχα,
3046 741 3121 801 ὧν
3146 748 3228 802 ὅτι
3260 749 3538 822 προσῆκεν
3574 747 3736 809 dm?

2145 830 2336 899 φοιτᾷν
2366 832 2462 884 καί⁵
2500 834 2888 905 παραιτεῖσθαι
2917 835 3015 905 τὴν
3061 835 3311 906 μίμησιν,
3344 838 3373 892 6
3403 839 3543 903 θεῖος
3569 843 3720 911 ἡμᾶς

2142 922 2428 976 ἐπαίδευσε
2459 924 2643 995 νόμος.
2682 926 2826 997 Ἔφη
2878 927 2986 999 γὰρ
3014 928 3202 983 πάλιν
3243 950 3262 982 ι
3289 932 3367 985 Οὐ
3405 934 3719 1005 φοιϐήσετε,

2142 1015 2242 1067 οὐκ
2277 1016 2563 1087 ἐπιθήσετε
2615 1018 2960 1092 φαλάκρωμα
2991 1022 3084 1076 ἐπὶ
3132 1022 3335 1094 νεκρῷ,
3403 1024 3506 1078 ἀνὰ
3552 1027 3721 1096 μέσον

2142 1104 2437 1176 ὀφθαλμῶν
2462 1107 2636 1178 ὑμῶν.
2668 1128 2687 1161 ι
2732 1111 2998 1181 Ἑλλήνων
3023 1112 3130 1185 γὰρ
3159 1115 3209 1167 οἱ
3240 1113 3481 1184 λογάδες,
3525 1118 3718 1171 Ἀπόλ-

2143 1194 2286 1249 λωνα
2335 1197 2689 1267 μυθολογοῦσι
2734 1201 2876 1268 θεὸν,
2914 1203 2974 1256 ὃν
3006 1204 3102 1258 καὶ
3143 1206 3330 1260 Φοῖϐον
3368 1207 3715 1279 ὀνομάζουσι,

2142 1287 2411 1356 τουτέστι,
2444 1291 2683 1362 καθαρὸν
2712 1294 2807 1346 καὶ
2839 1295 3124 1365 ἀμίαντον.
3154 1297 3258 1350 Τὸν
3295 1297 3454 1352 αὐτὸν
3482 1299 3539 1353 δὲ
3578 1295 3717 1354 εἶναι

2142 1378 2221 1450 τῷ
2258 1379 2396 1452 ἡλίῳ
2440 1383 2593 1451 φασί.
2637 1385 2918 1450 Φοιόάζειν
2949 1383 3042 1442 οὖν
3073 1387 3332 1458 ἔφασκον,
3370 1392 3463 1445 καὶ⁹
3525 1393 3716 1461 φοισᾶ-

2145 1469 2267 1524 σθαι
2301 1471 2482 1539 πάλιν,
2520 1473 2662 1529 κατὰ
2698 1477 2985 1547 συνήθειαν
3023 1479 3121 1551 τὴν
3158 1480 3497 1553 Ἑλληνικὴν,
3521 1483 3583 1536 τὸ
3615 1502 3717 1539 κα-

2144 1561 2352 1633 θαίρειν
2396 1581 2456 1617 τε
2492 1566 2598 1619 καὶ
2644 1566 3025 1639 καθαίρεσθαι,
3051 1571 3194 1624 κατά
3233 1589 3296 1639 γε
3326 1573 3388 1625 τὸ
3414 1574 3597 1638 αὐτοῖς
3633 1575 3718 1628 60-

2143 1651 2296 1717 κοῦν,
2330 1653 2425 1707 καὶ
2460 1654 2585 1719 τοὺς
2614 1656 2763 1729 παρὰ
2798 1658 2979 1726 σφίσιν
3011 1660 3195 1721 αὐτοῖς
3225 1661 3447 1731 νόμους.
3495 1663 3718 1735 ’Δπείρ-

2143 1756 2229 1807 γει
2258 1740 2321 1812 δὴ
2357 1737 2450 1795 οὖν
2476 1745 2624 1815 ἡμᾶς
2673 1745 2733 1799 τὸ
2767 1745 2907 1800 θεῖον
2961 1748 3342 1821 χρησμῴδημα
3392 1750 3501 1805 τῶν
3533 1755 3718 1816 οὕτως

2147 1831 2386 1902 αίσχρῶν
2425 1835 2521 1887 καὶ
2543 1835 2962 1893 άκαλλεστάτων
2993 1840 3456 1912 ἐπιτηδευμάτων.
3487 1844 3563 1897 Οὐ
3590 1844 3719 1915 γάρ·

2144 1941 2226 1978 τοι
2262 1926 2530 1996 προσήκει
2567 1928 2842 1999 μολυσμὸν
2889 1931 3138 2002 ἡγεῖσθαι
3194 1931 3395 2005 ψυχῆς,
3457 1935 3549 1989 τὸν
3606 1935 3718 1991 τῶν

2147 2015 2415 2086 σωμάτων
2461 2017 2720 2087 θάνατον,
2777 2020 2900 2076 οὔτε
2978 2024 3085 2096 μὴν
3140 2026 3349 2080 οἴεσθαι
3424 2030 3547 2093 ταῖς
3609 2028 3719 2082 τῶν

2144 2104 2395 2177 ὁρώντων
2431 2110 2683 2180 καρδίαις
2720 2113 3192 2183 ἐναπομάττεσθαι
3234 2116 3424 2188 ῥύπον,
3459 2118 3561 2190 τὴν
3617 2119 3719 2174 ἐπὶ

2145 2196 2325 2268 νεκρῷ
2376 2198 2524 2267 θέαν,
2568 2201 2677 2255 οὐδ’
2722 2198 2788 2258 αὖ
2830 2206 2924 2258 ἐπὶ
2952 2206 3089 2277 τῷδε
3132 2209 3397 2280 προσήκει
3432 2209 3528 2281 τὴν
3557 2211 3720 2283 τρίχα

2144 2286 2351 2358 ψιλοῦν.
2378 2291 2588 2362 Κομιδῆ
2622 2292 2731 2365 γὰρ
2752 2293 2919 2349 ἕωλον
2944 2297 3040 2350 καὶ
3069 2297 3168 2369 τῆς
3199 2298 3538 2371 χαμαιζήλου
3560 2300 3737 2371 δόξης-

2145 2381 2205 2435 τδ
2234 2382 2424 2454 χρῆμα
2460 2383 2674 2455 μεστόν.
2701 2380 2775 2440 Εὖ
2800 2403 2861 2454 γε
2885 2386 2948 2458 δὴ
2965 2383 3057 2442 οὖν
3086 2389 3114 2442 6
3144 2389 3307 2461 νόμος
3335 2391 3414 2457 τὸ,
3457 2411 3475 2443 ι
3500 2392 3576 2446 Οὐ
3603 2408 3719 2462 φοι·-

2145 2472 2399 2544 6ήσετε,ι
2440 2476 2622 2546 φησίν·
2653 2477 2714 2531 οὒ
2762 2478 2871 2551 γάρ
2922 2481 3158 2551 ήτοιάδε
3214 2482 3482 2555 κάθαρσις
3530 2484 3717 2555 ὀνήσει

2143 2563 2342 2636 ψυχὴν,
2377 2566 2556 2620 ἀδικεῖ
2586 2568 2643 2622 δὲ
2682 2570 2902 2640 μᾶλλον,
2930 2572 3025 2627 καὶ
3061 2573 3160 2646 τὴν
3186 2574 3386 2644 γνῶσιν
3413 2593 3715 2648 παραιρου-

2148 2655 2285 2727 μένη
2306 2657 2406 2728 τῆς
2440 2659 2895 2735 ἐπωφελεστάτης
2932 2664 3074 2729 ὁδοῦ,
3110 2666 3321 2738 καὶτῆς
3362 2666 3456 2722 τοῦ
3504 2670 3713 2739 συμφέ-

2147 2763 2331 2816 ροντος
2372 2749 2781 2822 άποκομίζουσα
2838 2755 3030 2827 θήρας.
3071 2756 3409 2829 Σκεψώμεθα
3447 2759 3557 2831 γὰρ
3593 2759 3711 2814 ὡδί·

2143 2835 2313 2908 Νόμοι
2343 2841 2473 2911 παρ’
2505 2843 2640 2912 ἡμῖν
2668 2843 2778 2899 τῶν
2828 2845 2920 2899 ἐπὶ
2966 2847 3070 2917 γῆς
3118 2849 3461 2920 κρατούντων
3488 2852 3616 2915 εἶσὶ,
3646 2853 3713 2907 τὰ

2145 2927 2396 2999 πρακτέα
2440 2932 2530 2985 καὶ
2586 2932 2683 3005 μὴ,
2722 2937 2834 2999 τοῖς
2880 2936 3193 3010 ἅπανταχοῦ
3240 2940 3596 3011 βραϐεύοντές
3650 2960 3709 2996 τε

2144 3016 2240 3069 καὶ
2271 3019 2689 3088 ἀποφάσκοντες
2718 3040 2729 3053 ·
2764 3024 2882 3078 ἀλλ’
2911 3027 3011 3081 οὐκ
3048 3029 3114 3084 ἄν
3156 3045 3240 3094 τις
3272 3029 3489 3086 δύναιτο
3524 3032 3711 3102 διαφυ·

2144 3109 2259 3176 γεῖν
2296 3108 2396 3173 τὰς
2437 3111 2532 3165 ἐπὶ
2578 3116 2701 3178 ταῖς
2755 3116 3099 3185 παραϐάσεσι
3149 3120 3324 3185 δίκας,
3360 3122 3432 3193 μὴ
3483 3123 3603 3194 οὐχὶ
3653 3123 3715 3177 τὸ

2141 3199 2386 3254 ἀνεῖσθαι
2427 3202 2536 3257 δεῖν
2578 3205 2678 3275 τῆς
2754 3206 3018 3277 βασιλέως
3071 3210 3410 3283 ἡμερότητος
3465 3214 3711 3287 ἐφιείσης

2139 3288 2308 3360 αὐτῷ.
2338 3292 2492 3347 Κατὰ
2523 3293 2613 3349 τὸν
2638 3292 2754 3350 ἴσον
2790 3297 2920 3367 γοῦν
2963 3299 3183 3370 τρόπον,
3205 3302 3235 3354 6
3258 3301 3368 3356 τῶν
3401 3302 3562 3357 θείων
3592 3305 3707 3359 ἁλο-

2137 3383 2314 3453 γήσας
2343 3383 2543 3454 νόμων,
2573 3385 2675 3440 οὐκ
2703 3387 2769 3442 ἂν
2791 3388 3002 3456 γένοιτο
3032 3390 3293 3462 καθαρὸς,
3329 3392 3404 3464 μὴ
3426 3394 3548 3465 οὐχὶ
3585 3395 3710 3467 θείῳ

2138 3473 2367 3544 νεύματι
2393 3476 2452 3529 τὸ
2482 3478 2671 3548 χρῆμα
2726 3480 3136 3552 πεπλουτηκώς.
3171 3484 3235 3538 Ei
3266 3489 3366 3557 μὲν
3402 3486 3510 3558 γὰρ
3542 3489 3708 3561 πυρὸς

2138 3564 2171 3635 ἢ
2204 3564 2393 3629 ὓδατος
2420 3569 2889 3643 παραδεΰήκαμεν
2933 3574 3149 3645 νόμους,
3187 3577 3281 3632 καὶ
3324 3581 3352 3632 6
3380 3579 3481 3648 τῆς
3529 3581 3709 3652 ἀμαρ-

2136 3658 2256 3722 τίας
2294 3657 2453 3727 λόγος
2494 3663 2574 3724 είς
2623 3664 2804 3717 ἐκεῖνα
2851 3663 3060 3734 βλέπει.
3090 3667 3433 3724 ἀπονιπτέτω
3463 3670 3524 3725 τὸ
3566 3672 3709 3744 ὔδωρ

2134 3746 2232 3818 τὴν
2273 3751 2513 3824 γραφὴν,
2558 3754 2915 3826 κατατηκὲτω
2958 3758 3050 3811 τὸν
3108 3758 3281 3830 ρύτυον
3326 3760 3389 3814 τδ
3432 3761 3565 3833 πῦρ,
3612 3765 3712 3819 καὶ

2136 3838 2394 3895 ἀνιέντων
2423 3844 2509 3897 ἐπ’
2534 3843 2801 3912 ἐξουσίας,
2831 3842 2913 3913 οἷς
2941 3848 3007 3905 ἂν
3035 3849 3241 3906 ἕλοιντο
3266 3852 3335 3907 τὰ
3363 3853 3705 3924 ἐγκλήματα’

2136 3931 2184 3983 εί
2230 3930 2286 3984 δέ
2334 3933 2541 4007 ἀληθὴς
2577 3937 2607 3990 6
2650 3936 2827 4007 λέγων
2873 3940 3009 4011 πρὸς
3050 3941 3144 3995 τὸν
3195 3943 3361 3998 Θεόνο
3397 3945 3528 3999 «Σοὶ
3561 3946 3709 4018 μόνῳ

2134 4021 2399 4094 ἥμαρτον,
2440 4026 2535 4080 καὶ
2579 4027 2641 4082 τὸ
2688 4030 2922 4102 πονηρὸν
2990 4031 3221 4088 ἐνώπιόν
3265 4052 3361 4088 σου
3401 4036 3651 4107 ἐποίησα,
3679 4055 3700 4090 ι

2135 4106 2216 4177 εἷς
2248 4115 2355 4187 γὰρ
2387 4117 2416 4169 6
2441 4117 2735 4191 νομοθέτης
2772 4122 2865 4174 καὶ
2894 4122 3106 4194 κριτὴς,
3148 4125 3265 4179 ἀνθ’
3297 4126 3422 4180 ὅτου
3453 4106 3709 4198 μεθέντες

2132 4205 2225 4260 τὸν
2260 4206 2356 4261 τοῦ
2389 4209 2618 4264 κολάσαι
2652 4226 2714 4264 τε
2757 4212 2851 4266 καὶ
2885 4215 3094 4270 ἀνεῖναι
3139 4215 3351 4289 κύριον,
3392 4220 3474 4282 είς
3516 4233 3706 4303 ιγραο-

2134 4298 2367 4366 πρεπεῖς
2418 4299 2629 4364 ἐννοίας
2676 4302 3173 4373 κατολισθαίνουσι,
3222 4309 3359 4380 πυρὶ
3406 4298 3529 4363 καί
3551 4308 3706 4364 ὕδατι

2133 4388 2389 4457 νέμοντες
2417 4390 2478 4443 τὸ
2517 4391 2883 4448 ἀπαλλάττειν
2925 4394 3183 4453 δύνασθαι
3217 4399 3327 4454 τῶν
3365 4402 3707 4474 αἰτιαμάτων

2062 4503 2106 4558 D
2134 4478 2364 4544 αύτούς.
2395 4481 2612 4552 Ἀπαγε
2654 4485 2756 4556 τῆς
2800 4488 3137 4559 δυσϐουλίας,
3168 4490 3445 4563 ἄνθρωπε,
3482 4492 3705 4564 πρόσιθι

2136 4566 2283 4640 μόνῳ
2324 4568 2402 4640 τῷ
2446 4574 2588 4628 κατὰ
2628 4573 2790 4645 φύσιν
2844 4579 2984 4650 Θεῷ,
3037 4582 3131 4635 καὶ
3190 4582 3402 4657 ἀκούσῃ
3452 4582 3704 4653 λέγοντος

2130 4657 2333 4723 εὐθύςο
2370 4678 2389 4712 ι
2435 4662 2574 4732 Ἐγώ
2607 4667 2722 4738 είμι
2771 4670 2801 4723 6
2851 4668 3147 4741 ἐξαλείφων
3195 4673 3297 4738 τὰς
3345 4674 3577 4746 ἀνομίας
3607 4692 3703 4729 σου

2129 4748 2292 4803 ’ἑνεκα
2327 4751 2483 4822 ἐμοῦ,
2512 4755 2607 4809 καὶ
2653 4757 2715 4811 οὐ
2758 4760 3159 4834 μνησθήσομαι.
3204 4783 3224 4817 ι
3256 4763 3404 4836 Αὕτη
3437 4764 3705 4837 κάθαρσις

2128 4840 2367 4913 ἀληθής·
2399 4842 2558 4900 τοῦτο
2603 4847 2922 4922 λαμπρότης
2971 4854 3003 4925 ἡ
3051 4856 3394 4927 πνευματική
3425 4869 3437 4884 ⁸
3477 4854 3704 4926 διεσμή-

2129 4932 2310 5000 γμεθα
2343 4934 2453 5008 γὰρ
2484 4939 2669 5009 ἡμεῖς,
2702 4942 2882 4996 πίστει
2922 4946 2990 5016 τῇ
3036 4946 3118 5009 είς
3162 4947 3400 5018 Χριστὸν
3447 4946 3703 5018 κεκερδα-

2131 5020 2288 5087 κότες
2323 5026 2424 5096 τῆς
2466 5028 2743 5101 ἁμαρτίας
2778 5032 2877 5104 τὴν
2931 5034 3146 5104 ἄφεσιν,
3187 5037 3511 5108 ἡγιασμένοι
3537 5036 3595 5090 δὲ
3622 5036 3702 5106 τῷ

1999 5120 2027 5168 ς
2065 5110 2593 5180 καταπλουτίσαντες
2623 5119 2801 5190 χάριν,
2866 5121 2963 5194 τὴν
3016 5123 3110 5178 τοῦ
3143 5124 3287 5177 θείου
3358 5124 3697 5195 Πνεύματος,

1427 5182 1691 5249 συρφετὸν
1735 5185 1829 5240 τὸν
1873 5193 1993 5255 ταῖς
2058 5196 2353 5273 ἡμετέραις
2432 5182 2709 5272 διανοίαις.
2753 5182 3248 5285 ἐγκατασκήψαντα
3321 5182 3537 5288 δαπανᾷ
3601 5231 3699 5286 μο-

1426 5284 1472 5338 φ
1517 5271 1609 5324 καὶ
1666 5274 1801 5348 πυρὶ
1860 5271 2238 5351 βεϐαπτίσθαι
2280 5292 2427 5363 ἡμᾶς
2473 5311 2602 5365 φησι
2649 5271 2903 5371 ταύτῇτοι
2961 5271 3183 5368 δικαίως
3243 5306 3278 5376 ὴ
3342 5271 3699 5365 θεόπνευστος

2198 5472 2404 5526 ΠΑΛΛ.
2460 5475 2545 5528 Ἐν
2578 5479 2740 5567 μοίρᾳ
2768 5479 2830 5552 δὴ
2870 5473 2963 5534 οὖν
3001 5483 3449 5559 είδωλολατρείας
3481 5486 3689 5556 λογιού-

2131 5563 2270 5632 μεθέι
2303 5582 2402 5618 που
2431 5569 2523 5622 καὶ
2553 5571 2652 5643 τὴν
2673 5563 2768 5625 ἐπὶ
2794 5571 2929 5643 τῷδε
2962 5574 3262 5647 πλάνησιν,

529 5706 572 5738 ³³
592 5708 750 5766 Deut.
783 5734 885 5783 xtv,
920 5723 961 5775 Ι.
1044 5727 1084 5758 ¹⁸
1121 5728 1259 5783 I‘sal.
1288 5748 1335 5796 ι.,
1376 5733 1425 5788 ὓ.
1510 5736 1550 5765 ”
1577 5736 1677 5789 Isa.
1737 5752 1880 5802 XLII,
1910 5739 1997 5794 25.

2152 5742 2340 5798 Matth.
2366 5760 2442 5810 III,
2481 5745 2561 5801 ll.
