3990 6196
254 250 361 307 αν

977 249 1065 303 οε
1102 244 1546 304 ADORATIONE
1584 245 1651 301 1N
1694 244 1966 302 SPiRlTU
2004 243 2094 300 ET
2135 239 2505 301 VERITATE.
2548 243 2676 299 LIB.
2715 223 2803 301 v12

3406 242 3512 301 ιδο

322 363 489 421 ΚΥΡ.
532 363 680 419 Πάνυ
720 363 819 434 μὲν
851 358 964 415 οὖν.
1011 362 1323 431 Ἀθεότητος
1366 362 1477 434 γάρ
1522 362 1583 416 τὺ
1630 364 1818 434 χρῆμα

1994 361 2152 416 CYR.
2202 361 2435 417 Maxime
2458 376 2610 418 vero.
2655 361 2754 416 Est
2782 360 2930 415 enim
2972 373 3037 414 ea
3085 374 3175 415 res
3218 358 3513 431 impietatis

254 459 476 532 μεστόν.
578 456 913 521 Συντάξαιτο
940 456 997 509 δὲ
1022 456 1234 518 τούτοις
1261 456 1355 510 καὶ
1386 455 1745 529 ἐπαριθμοῖτο
1766 457 1831 511 ἂν

250 548 500 609 εἰκότως,
532 545 601 625 ’τὸ
636 544 846 599 οἴεσθαι
874 544 946 599 τὰ
985 544 1301 617 ἀνθρώπινα
1327 548 1441 609 τοῖς
1469 546 1672 615 ἑτέρων
1686 546 1834 599 διοι-

249 637 472 692 κεῖσθαι
504 634 793 706 νεύμασιν.
826 635 921 689 καὶ
954 635 1061 690 τῶν
1110 635 1235 689 καθ’
1269 635 1419 706 ἡμᾶς
1450 634 1691 705 άνῆφθαι
1728 635 1831 705 τὴν

248 728 503 795 ἐξουσίαν
542 728 641 797 οὐχ
675 726 826 797 ημᾶς
867 725 1086 790 αὐτοὺς,
1126 725 1241 779 ἀλλ’
1273 724 1367 789 οὒς
1400 725 1466 779 ἂν
1495 724 1704 779 ἕλοιντο
1732 741 1833 795 μυ-

247 818 578 873 θοπλαστεῖν
614 818 665 870 οἰ
693 817 805 897 τῶν
828 815 1003 880 οὕτως
1031 816 1308 871 ἀπιθάνων
1356 814 1642 886 δογμάτων
1671 815 1833 887 εὑρε-

243 911 359 965 ταί.
398 908 756 981 Εἱμαρμένην
816 908 925 979 γὰρ
960 908 1055 961 καὶ
1098 906 1284 979 Τύχην
1323 906 1418 962 καὶ
1458 905 1698 971 Γένεσιν,
1731 905 1833 959 οὐκ

242 997 372 1056 οἶδα
399 1002 548 1065 ὅπως
568 998 994 1072 οἰακοστρόφους
1018 997 1210 1069 ὥσπερ
1229 997 1381 1061 τινὰς
1411 996 1733 1067 ἐφιστάντες
1751 993 1833 1067 τῷ

244 1094 378 1165 βίῳ,
399 1078 640 1147 ’ἕκαστον
686 1092 784 1163 μὲν
825 1091 986 1162 ήμῶν
1025 1090 1126 1144 οὐκ
1159 1084 1301 1143 εἷναί
1337 1105 1471 1159 φασι
1513 1086 1622 1140 τῶν
1682 1102 1826 1158 πρα-

259 1182 442 1236 κτέων
501 1179 732 1252 θελητὴν
779 1180 813 1251 ἢ
874 1181 1098 1252 κύριον·
1130 1178 1438 1248 ἄγεσθαιᾶ
1471 1176 1727 1248 καθάπερ
1772 1174 1832 1240 ἐξ

242 1273 555 1341 ἀναγκαίου
602 1272 806 1344 δεσμοῦ
855 1271 991 1343 πρὸς
1044 1270 1107 1324 τὸ
1155 1271 1272 1334 τοῖς
1317 1267 1583 1339 κρατοῦσι
1613 1265 1826 1322 δοκοῦν.

241 1358 387 1417 Εἶτα
435 1362 491 1414 τί
532 1361 598 1416 ἂν
632 1360 845 1430 γένοιτό
894 1377 1027 1415 ποτε
1071 1358 1164 1416 τοῦ
1196 1356 1404 1412 τοιοῦδε
1453 1356 1827 1427 ἀλογώτερον;

243 1454 370 1518 sub;
406 1452 453 1507 δ’
484 1452 551 1506 ἂν
583 1451 849 1523 μειζόνων
881 1448 1142 1521 ἠδίκησεν
1170 1447 1199 1499 ό
1226 1446 1473 1509 Σατανᾶς
1512 1444 1573 1497 τὸ
1596 1443 1705 1498 τῶν
1738 1445 1833 1498 ἀνο

241 1546 488 1618 θρώπων
516 1543 694 1613 γένος,
725 1544 760 1615 ἢ
786 1544 874 1597 ὅτε
926 1541 1202 1613 προσῆκεν
1220 1534 1322 1594 ὧδε
1351 1539 1568 1609 φρονεῖν
1599 1538 1693 1592 καὶ
1714 1537 1831 1590 δια-

240 1636 560 1709 λογίζεσθαι
611 1636 854 1700 διαθείς;
899 1632 1015 1698 πῶς
1055 1632 1166 1705 γὰρ
1223 1630 1292 1687 ἂν
1358 1630 1439 1684 ἐτι
1481 1629 1833 1701 βουλεύσαιτο

1932 453 2113 523 plena.
2139 454 2239 510 His
2261 458 2385 527 jure
2420 457 2752 525 conjungere
2788 460 2951 522 atque
2977 451 3340 509 adnumerare
3359 454 3510 511 licet.

1933 546 2081 614 quod
2107 546 2359 601 nonnulli
2384 553 2583 615 putant
2604 558 2694 599 res
2725 543 2993 597 humanas
3017 542 3248 597 aliorum
3284 545 3515 600 nutibus

1932 636 2249 708 gubernari,
2284 638 2673 706 actionumque
2697 642 3012 690 nostrarum
3052 643 3379 705 potestatem
3402 651 3514 693 non

1933 726 2002 781 de
2043 726 2206 781 nobis
2231 727 2367 796 ipsis
2384 727 2659 797 pendere,
2691 725 2788 781 sed
2833 726 2902 781 de
2942 726 3013 781 iis
3048 742 3169 797 qua:
3198 726 3514 799 dogmatum

1932 816 2074 872 adeo
2088 817 2455 873 absurdorum
2478 817 2860 873 inventoribus
2881 817 3084 889 ﬁngere
3101 819 3343 874 libuerit.
3378 819 3514 874 Nam

1932 909 2128 964 Fatum
2143 917 2198 964 et
2213 909 2510 965 Fortunam
2551 918 2607 965 et
2627 908 2843 979 Ortum,
2857 912 3043 967 nescio
3064 927 3303 981 quonam
3326 911 3514 972 modo.

1932 1001 2091 1071 quasi
2131 1002 2530 1072 gubernatores
2555 1001 2821 1071 quosdam
2844 1002 2971 1058 vitae
3007 1002 3294 1057 hominum
3334 1003 3515 1074 impo-

1931 1101 2147 1159 nentes,
2181 1094 2343 1166 198
2367 1100 2621 1149 asserunt
2637 1109 2747 1149 non
2770 1109 2890 1149 esse
2939 1109 3388 1165 unumquemque
3412 1110 3516 1150 no-

1934 1192 2111 1242 strum
2145 1201 2331 1241 rerum
2362 1185 2741 1241 faciendarum
2767 1192 3049 1240 auctorem
3077 1201 3141 1240 ac
3184 1186 3467 1241 dominum
3495 1201 3512 1252 ;

1933 1276 2031 1331 sed
2054 1285 2313 1347 tanquam
2336 1276 2651 1331 necessario
2675 1273 2914 1344 quodam
2937 1274 3159 1329 vinculo
3183 1276 3267 1345 agi
3289 1290 3390 1344 pro
3414 1276 3518 1329 im-

1932 1370 2245 1440 perantium
2268 1368 2519 1424 arbitrio.
2557 1366 2701 1434 Quid
2745 1365 2966 1421 tandem
2992 1366 3264 1437 ejusmodi
3294 1382 3353 1421 re
3392 1383 3513 1423 esse

1933 1470 2116 1533 potest
2137 1460 2603 1516 irrationabilius?
2625 1473 2791 1529 quam
2812 1473 2944 1513 vero
2970 1460 3232 1530 majorem
3255 1460 3514 1531 injuriam

1934 1557 2222 1612 hominum
2268 1555 2461 1625 generi
2509 1553 2713 1609 inferre
2747 1551 3018 1622 potuisset
3064 1550 3310 1619 Satanas,
3349 1567 3514 1622 quam

1934 1660 2061 1702 cum
2085 1645 2363 1717 persuasit
2405 1651 2659 1714 oportere
2703 1649 2765 1696 ut
2802 1640 2870 1695 ad
2906 1639 3056 1694 hunc
3092 1638 3317 1693 modum
3342 1639 3514 1693 senti-

238 1734 315 1788 τὰ
345 1730 584 1804 χρηστά,
628 1730 724 1783 καὶ
766 1726 1087 1800 ιθελουργδς
1135 1725 1223 1779 ἐπ’
1254 1724 1396 1779 αὑτά
1424 1740 1509 1788 τις
1555 1722 1623 1777 ῖοι
1662 1722 1827 1789 me;

1947 1746 2056 1795 rent
2075 1747 2237 1809 atque
2260 1736 2597 1808 cogitarent?
2612 1732 2887 1805 quomodo
2908 1731 3058 1787 enim
3089 1731 3156 1785 de
3180 1731 3349 1785 rebus
3370 1730 3515 1800 opti-

240 1820 495 1893 Γεγονὼς
522 1821 579 1875 δὲ
619 1819 715 1874 καὶ
752 1820 810 1872 ὲν
836 1819 950 1882 τοῖς
976 1816 1238 1886 αἰσχίοσι,
1268 1815 1364 1869 καὶ
1395 1811 1762 1885 πεφρονηκὼς
1792 1812 1829 1867 ἃ

245 1914 326 1986 μὴ
356 1914 487 1986 χρὴ,
512 1912 629 1981 πῶς
661 1911 728 1967 ἃν
759 1909 953 1964 ἑαυτὸν
982 1908 1205 1979 αἰτιῷτο
1235 1908 1329 1962 καὶ
1373 1905 1683 1978 κατατήξας
1712 1907 1834 1968 ταῖς

241 2008 449 2070 λύπαις
484 2006 554 2059 τά
598 2004 807 2076 ἀμείνω
861 2000 1350 2074 μεταϐουλεύσαιτο
1385 2001 1602 2070 φρονεῖν
1629 2014 1689 2052 τε
1737 1998 1832 2052 καὶ

243 2099 414 2170 δρᾷνς
450 2096 666 2167 Ὠσπερ
697 2094 808 2165 γάρ
844 2095 957 2157 τοῖς
1003 2091 1102 2162 τήν
1130 2090 1401 2144 θάλατταν
1425 2088 1702 2162 διᾴττουσι
1738 2089 1833 2142 καὶ

243 2188 495 2244 διαπλεῖν
541 2185 839 2258 ᾑρημένοις
902 2184 1053 2238 πᾶσά
1127 2197 1246 2243 πως
1293 2182 1405 2246 τοῖς
1464 2182 1529 2234 ὲκ
1578 2180 1835 2253 πρύμνης

247 2280 483 2350 ἄγεσθαι
529 2280 745 2349 ἀνάγκη
782 2276 1078 2348 πνεύμασι,
1111 2276 1204 2329 καὶ
1235 2273 1661 2339 καταϐιάζεσθαι
1700 2290 1836 2326 παν-

248 2373 394 2445 ταχῆ
426 2371 567 2441 πρὸς
600 2371 660 2426 τὸ
684 2370 765 2442 τῷ
789 2368 1113 2423 συνωθοῦντι
1139 2367 1327 2421 δοκοῦν
1347 2382 1361 2395 ·
1384 2365 1527 2419 οὕτω
1550 2383 1656 2419 που
1689 2365 1822 2418 πάνυ

252 2484 364 2530 τως
416 2466 514 2519 καὶ
550 2466 685 2535 ἡμῖν
731 2464 917 2525 αὐτοῖς
965 2462 1318 2532 παραχωρεῖν
1372 2458 1691 2526 ἀναγκαῖον,
1750 2455 1835 2525 ἐφ’

261 2560 403 2629 ὅπερ
428 2557 497 2611 ἂν
533 2556 710 2609 ἕλοιτο
741 2551 1081 2625 διακομίζειν
1107 2554 1142 2623 ή
1176 2550 1350 2621 Τύχη,
1386 2550 1482 2603 καὶ
1512 2547 1581 2602 τὰ
1618 2547 1835 2601 δυσδιάο

254 2668 437 2725 φυκτα
463 2649 583 2706 κατ’
609 2647 850 2711 ἐκείνους
886 2648 989 2717 τῆς
1030 2643 1389 2716 Εἱμαρμένης
1421 2640 1728 2712 πνεύματα.
1765 2640 1836 2694 Ἣ

255 2750 356 2804 οὐκ
382 2744 563 2819 ὀρθῶς
600 2740 851 2815 εἰρῆσθαι
878 2737 1035 2794 ταυτὶ
1062 2738 1156 2792 καὶ
1187 2735 1349 2799 αὐτὸς
1371 2734 1531 2808 οἰήσῃ
1559 2733 1723 2788 πάλιν
1749 2750 1765 2801 ;

327 3014 539 3068 ΠΛΛΛ.
565 3010 690 3075 Πῶς
719 3010 830 3094 γὰρ
853 3008 913 3064 οῦ
940 3026 954 3077 ;

1934 1833 2040 1892 mis
2064 1831 2375 1887 consultare
2402 1827 2635 1898 aliquis,
2660 1834 2716 1881 et
2742 1842 2804 1881 ea
2850 1834 3043 1895 sponte
3079 1814 3299 1893 aggre‘di
3343 1823 3517 1894 possit

1935 1924 2214 1996 unquam?
2238 1923 2357 1979 Jam
2393 1935 2561 1986 'vero,
2592 1918 2685 1989 qui
2712 1918 2768 1971 in
2795 1917 3051 1986 turpibus
3086 1915 3244 1970 factis
3268 1922 3519 1969 versatus

1934 2018 2025 2083 sit,
2052 2026 2109 2072 et
2132 2032 2194 2072 ea
2221 2028 2494 2085 propenso
2518 2011 2703 2065 animo
2722 2017 2980 2073 sectatus,
3008 2018 3128 2077 quae
3147 2022 3257 2061 non
3278 2014 3513 2076 oportet,

1930 2124 2174 2182 quonam
2222 2107 2385 2161 modo
2410 2121 2467 2159 se
2495 2105 2612 2175 ipse
2639 2100 2938 2166 accusabit,
2969 2115 3032 2155 ac
3075 2114 3310 2154 maerore
3351 2098 3519 2155 confi-

1934 2204 2107 2267 ciens,
2135 2199 2201 2254 ad
2229 2198 2458 2253 meliora
2496 2202 2616 2248 tum
2640 2191 2923 2262 sapienda,
2953 2198 3067 2244 tum
3096 2190 3363 2257 facienda,
3393 2207 3518 2246 mu-

1936 2301 2041 2348 tata
2068 2289 2358 2355 sententia,
2384 2291 2668 2341 convertet
2684 2284 2709 2336 ?
2726 2283 2797 2339 Ut
2819 2281 2967 2336 enim
2994 2274 3035 2335 ii
3052 2282 3145 2350 qui
3170 2296 3319 2337 mare
3336 2290 3518 2338 trans-

1934 2384 2175 2448 mittere,
2202 2389 2372 2450 atque
2408 2379 2669 2449 trajicere
2691 2376 2904 2440 volunt,
2924 2374 3148 2429 omnino
3171 2387 3396 2427 necesse
3436 2382 3520 2426 est

1937 2486 1998 2533 ut
2021 2493 2050 2532 e
2074 2476 2241 2548 puppi
2292 2473 2553 2529 ﬂantibus
2576 2470 2759 2527 ventis
2797 2476 3046 2539 agantur,
3082 2474 3137 2521 et
3175 2481 3244 2520 eo
3280 2481 3381 2535 per
3406 2464 3517 2519 vim

1936 2566 2274 2630 deferantur,
2320 2577 2430 2633 quo
2476 2561 2638 2616 ﬂatus
2662 2557 3015 2628 impulerint:
3047 2554 3126 2610 sic
3169 2554 3336 2607 etiam
3362 2552 3522 2608 nobis

1940 2659 2093 2729 ipsis,
2142 2669 2474 2727 quocunque
2506 2652 2752 2707 Fortuna
2805 2663 2908 2703 nos
2929 2646 3141 2702 deferre
3172 2644 3437 2711 voluerit,
3467 2654 3521 2700 et

1939 2766 2087 2805 aurae
2110 2749 2394 2812 Fatorum,
2420 2752 2481 2799 ut
2504 2743 2609 2813 ipsi
2636 2746 2831 2812 putant
2851 2781 2865 2805 ,
2895 2734 3238 2792 inevitabiles
3256 2777 3270 2801 ,
3295 2747 3523 2804 prorsus

1940 2840 2244 2898 concedere
2262 2848 2490 2895 necesse
2510 2844 2613 2892 est.
2641 2833 2831 2890 Nonne
2854 2836 3002 2886 recte
3026 2827 3144 2883 haec
3169 2841 3201 2881 a
3222 2824 3383 2881 nobis
3404 2839 3523 2881 esse

1943 2934 2088 2990 dicta
2115 2931 2433 2989 existimas?

2015 3024 2212 3081 PALL.
2238 3022 2439 3091 Quidni
2461 3016 2807 3076 existimem?

329 3106 501 3163 KTP.
540 3071 760 3160 Οὐκοῦν
785 3071 990 3174 ⁴ήλίθιον
1012 3101 1231 3173 κομιδῆ,
1259 3099 1350 3154 τὸν
1382 3100 1484 3170 μὲν
1513 3098 1716 3167 ἀγαθὸν
1743 3099 1838 3152 καὶ

2009 3118 2167 3174 CYR.
2194 3071 2368 3188 Igitur
2394 3115 2623 3170 stultum
2670 3125 2801 3167 sane
2827 3116 2931 3173 est,
2972 3108 3266 3162 honestum
3302 3103 3541 3175 quidem'

257 3198 480 3268 ἐπιεικῆ
527 3193 827 3265 στεφανοῦν
862 3193 1128 3257 ἐπαίνοις,
1167 3191 1261 3245 καὶ
1308 3190 1475 3262 τιμῆς
1508 3188 1716 3255 ἀξιοῦν,
1747 3188 1837 3241 τὸν

254 3294 311 3347 δὲ
345 3288 589 3361 πονηρὸν
638 3286 733 3341 καὶ
782 3284 1079 3339 ἀκόλαστον
1131 3282 1383 3355 βδελυρὸν
1425 3280 1679 3353 ἡγεῖσθαι
1742 3280 1839 3335 καὶ

257 3381 677 3453 διεπτυσμένον.

324 3476 546 3531 ΠΔΛΛ.
586 3473 719 3527 Τίνα
749 3472 856 3543 φῂς
885 3470 1087 3543 τρόπον
1118 3486 1133 3536 ;

326 3568 501 3623 ΚΥΡ.
543 3566 689 3632 Ὅτι,
742 3558 788 3617 ὦ
837 3563 1124 3626 Παλλάδιε,
1165 3561 1390 3627 Γένεσίς
1429 3580 1489 3618 τε
1539 3564 1634 3617 καὶ
1691 3562 1844 3634 Τύχη

260 3658 592 3729 νενικήκασι
637 3655 761 3710 κατ’
797 3654 1017 3717 αὐτοὺς,
1049 3652 1145 3707 καὶ
1179 3652 1520 3726 ἀνεθελήτως
1550 3654 1638 3707 ἐπ’
1673 3654 1843 3725 άμφω

261 3752 324 3806 τὸ
363 3748 677 3823 τρισάθλιον
716 3747 824 3801 τῶν
858 3746 948 3799 ἐπὶ
992 3745 1093 3817 τῆς
1148 3746 1253 3818 γῆς
1297 3748 1633 3820 ἀποφέρουσι
1663 3748 1843 3818 γένος.

272 3839 619 3911 ,Ἐθελούσιον
648 3839 705 3892 δὲ
749 3840 879 3909 παρ’
912 3838 1043 3910 ἡμῖν
1070 3837 1243 3893 οὐδέν.
1270 3838 1342 3891 Ἦ
1374 3837 1486 3909 γὰρ
1512 3839 1634 3910 οὐχ).
1658 3839 1721 3892 τὸ
1748 3857 1841 3893 πει

267 3934 442 4004 φυκός
468 3950 520 3986 τι
557 3933 727 3986 κινεῖν
756 3932 848 3984 καὶ
880 3929 1193 4001 δυνάμενον,
1221 3929 1396 3985 αἴτιον
1419 3930 1487 3986 ἂν
1514 3931 1599 3992 εἴη
1632 3930 1727 3985 τοῦ
1759 3949 1847 3987 κιο

269 4024 476 4080 νεῖσθαι
504 4025 615 4087 τοῖς
648 4022 780 4094 παρ’
810 4020 973 4075 αὐτοῦ
1003 4020 1343 4092 κινουμένοις
1368 4038 1385 4087 ς

341 4207 555 4262 nam.
592 4206 760 4278 Φημί.
1312 4250 1337 4259 ..

345 4298 512 4351 ΚΥΡ.
542 4295 649 4350 Ἴθι
676 4292 768 4350 οῦν
789 4295 877 4350 διὰ
904 4312 967 4363 γε
997 4294 1107 4350 τῶν
1135 4296 1265 4350 ῐσων
1291 4294 1511 4350 ἐννοιῶν
1545 4296 1638 4352 ἐπὶ
1663 4297 1731 4352 τὰ
1758 4297 1852 4352 ἀν-

1940 3225 2004 3266 ac
2024 3210 2259 3280 probum
2276 3207 2461 3261 virum
2483 3219 2679 3259 ornare
2706 3201 2983 3266 laudibus,
2997 3207 3051 3254 et
3071 3199 3280 3253 honore
3300 3196 3526 3266 dignum

1936 3300 2224 3373 judicare;
2277 3295 2592 3365 improbum
2639 3308 2773 3349 vero
2818 3299 2983 3362 atque
3027 3290 3523 3359 intemperantem,

1944 3401 2163 3461 turpem
2186 3395 2378 3459 putare
2401 3394 2568 3456 atque
2594 3391 2971 3440 contemnere.

2016 3481 2211 3537 PALL.
2237 3479 2353 3547 Qua
2384 3478 2598 3532 ratione
2623 3475 2771 3531 istud
2795 3472 3036 3529 asseris?

2016 3572 2174 3630 ΟΥΕ.
2199 3571 2358 3639 Quia,
2386 3567 2615 3635 Palladi,
2644 3564 2814 3623 Ortus
2856 3580 2917 3621 ac
2943 3565 3187 3620 Fortuna
3227 3577 3295 3617 ex
3334 3575 3526 3616 eorum

1946 3665 2205 3736 opinione
2228 3661 2515 3734 superiora
2554 3668 2684 3715 sunt
2707 3676 2722 3726 ;
2750 3667 2807 3715 et
2830 3656 3119 3713 hominum
3142 3654 3237 3725 qui
3277 3655 3335 3709 in
3356 3654 3530 3709 terris

1946 3765 2239 3813 versantur
2271 3754 2645 3811 miserrimum
2686 3768 2859 3824 genus
2884 3758 3083 3822 praeter
3111 3751 3449 3805 voluntatem
3472 3749 3529 3803 in

1947 3857 2162 3919 partem
2193 3854 2484 3917 utramque
2515 3844 2879 3913 detorquent:
2913 3857 3094 3913 neque
3125 3841 3269 3913 apud
3301 3856 3402 3895 nos
3428 3840 3529 3895 ali-

1949 3939 2083 4010 quid
2114 3940 2486 3995 voluntarium
2531 3954 2543 3990 :
2587 3936 2719 4007 quid
2752 3935 2938 3991 enim?
2976 3950 3157 3989 nonne
3187 3935 3242 3988 id
3286 3933 3433 4003 quod
3464 3932 3537 3987 ad

1951 4028 2282 4084 movendum
2319 4027 2579 4082 idoneum
2632 4033 2715 4080 est
2749 4039 2811 4078 ac
2852 4031 3067 4093 potens,
3099 4038 3263 4078 causa
3310 4031 3395 4079 est
3432 4038 3531 4079 cur

1951 4136 2015 4176 ea
2054 4128 2399 4185 moveantur,
2432 4132 2553 4187 quae
2580 4116 2649 4171 ab
2687 4131 2754 4170 eo
2784 4114 3112 4169 moventur?

2026 4211 2220 4267 PALL.
2258 4211 2475 4265 Fateor.

2026 4304 2182 4360 CYR.
2222 4303 2388 4373 Perge
2428 4301 2596 4372 igitur
2631 4315 2729 4370 per
2763 4298 2983 4355 easdem
3021 4299 3397 4371 intelligentiae
3435 4317 3534 4356 no-

276 4391 551 4463 θρώπινα,
583 4390 678 4443 καὶ
700 4387 997 4459 άναμέτρει
1028 4388 1097 4442 τά
1121 4388 1241 4442 καθ’
1273 4388 1443 4459 ἡμᾶς,
1467 4390 1562 4443 καὶ
1583 4387 1651 4442 ἵν’
1680 4389 1838 4460 ἐσμὲν

1955 4399 2133 4454 tiones
2158 4396 2227 4452 ad
2257 4411 2346 4451 res
2394 4395 2682 4458 humanas,
2713 4401 2769 4447 et
2816 4406 2908 4446 res
2948 4401 3163 4446 nostras
3198 4393 3422 4447 metire:
3458 4393 3532 4447 ita

276 4481 448 4537 κακοῦ
475 4479 851 4552 περιαθρήσῃς
865 4474 925 4533 εὖ
961 4478 1127 4549 μάλα,
1157 4480 1205 4531 εί
1234 4476 1310 4550 μὴ
1343 4480 1462 4542 ταῖς
1491 4479 1703 4532 ἑαυτῶν
1731 4478 1850 4532 ἐθε-

277 4574 509 4636 λουσίοις
530 4569 793 4645 ροπαῖς,ἢ
816 4570 935 4636 τάν,
956 4568 990 4640 ἢ
1009 4567 1103 4622 ἐπὶ
1127 4567 1226 4621 τάν
1243 4569 1366 4639 ἴμεν
1382 4585 1440 4621 τε
1470 4568 1566 4622 καὶ
1593 4567 1852 4622 διασπεύ-

276 4666 461 4735 δομεν,
518 4658 909 4733 κεκρατήμεθα
957 4658 1015 4713 δὲ
1062 4658 1253 4730 ὥσπερ
1302 4658 1395 4712 καὶ
1440 4658 1852 4730 ὑπενηνέγμεθα

278 4760 388 4819 τοῖς
435 4755 640 4826 ἑτέρων
680 4751 863 4820 ζυγοῖς
916 4751 1070 4820 ἀγειν
1118 4768 1177 4804 τε
1221 4750 1316 4805 καὶ
1354 4750 1542 4822 φέρειν
1602 4749 1671 4803 τά
1730 4750 1851 4805 καθ’

279 4850 449 4920 ἡμᾶς,
485 4841 633 4920 ᾗπερ
669 4845 736 4900 ἂν
778 4843 1007 4908 ἕλοιντο,
1048 4842 1389 4914 δυναμένοις.
1415 4843 1497 4897 Τά
1522 4843 1707 4896 εἰκότα
1737 4843 1849 4915 γὰρ

280 4941 398 5012 ήδη.
416 4937 763 5011 φρονοῦντες,
799 4936 1010 5000 ἑαυτοῖς
1045 4935 1144 5007 μὲν
1174 4934 1256 4988 ἔτι
1284 4933 1394 4988 τῶν
1414 4935 1705 5005 πρακτέων
1720 4935 1852 4988 ἀνα-

282 5030 521 5101 θήσομεν
556 5026 729 5091 οῦδέν,
770 5026 1051 5097 ἀνάψομεν
1090 5026 1147 5080 δὲ
1176 5025 1375 5097 μᾶλλον
1408 5024 1506 5088 τάς
1529 5024 1613 5093 ὲφ⁴
1652 5024 1855 5079 ἅπασιν

284 5123 486 5189 αἰτίας,
538 5124 649 5185 τοῖς
701 5118 788 5190 ἐφ’
828 5116 1010 5173 ὁτιοῦν
1056 5117 1164 5171 τῶν
1202 5117 1343 5172 κατὰ
1388 5115 1613 5187 γνώμην
1670 5116 1858 5180 αὐτοῖς

283 5212 669 5284 πηδαλιουχείν
716 5208 989 5263 εἰωθόσιν.
1033 5206 1357 5279 Ἀφεστήξει
1400 5208 1464 5279 δὴ
1518 5203 1612 5262 οὖν
1662 5206 1855 5281 ὥσπερ

286 5306 511 5361 ἐπαίνου
541 5301 739 5364 παντὸς
766 5302 796 5354 ὁ
815 5299 1047 5364 δίκαιος,
1076 5297 1220 5352 οὕτω
1251 5298 1345 5352 καί⁵
1377 5298 1570 5368 ποινῆς
1596 5300 1625 5352 ὁ
1643 5297 1853 5366 ἄδικος,

287 5398 386 5453 καὶ
407 5396 501 5450 τοῦ
528 5392 856 5458 κολάζεσθαι
880 5392 1011 5446 δεῖν.

360 5489 567 5544 ΠΔΛΔ.
614 5487 911 5560 Ὀρθότατα
952 5485 1155 5555 διανοῇ.

357 5581 524 5635 ΚΥΡ.
556 5580 694 5651 Εἰκῆ
737 5577 1028 5650 τοιγαροῦν
1062 5574 1428 5648 θαυμάζουσιν
1454 5578 1506 5633 οἰ
1535 5577 1645 5634 τῶν
1683 5578 1862 5634 τοιού-

288 5690 397 5727 των
454 5672 738 5743 δογμάτων
791 5670 1010 5741 εὑρεταὶ
1063 5668 1279 5726 Σόλωνά
1323 5686 1382 5724 τε
1429 5670 1516 5723 τὸν
1580 5670 1860 5741 Ἀθήνησι,

1956 4491 2013 4545 in
2028 4504 2139 4561 quo
2152 4488 2420 4543 malorum
2439 4483 2658 4541 cumulo
2666 4486 2964 4557 jaceamus,
2986 4482 3189 4553 Optime
3201 4484 3530 4553 perspicies:

1957 4579 2004 4633 si
2047 4593 2156 4633 non
2192 4577 2296 4648 ipsi
2330 4575 2535 4630 nostris
2572 4573 2899 4630 voluntariis
2928 4573 3156 4628 nutibus
3177 4581 3271 4627 aut
3300 4573 3403 4629 hac
3439 4584 3535 4629 aut

1958 4668 2085 4723 illac
2114 4666 2457 4738 ingredimur
2484 4679 2546 4719 ac
2575 4677 2970 4734 properamus;
2997 4661 3093 4717 sed
3129 4661 3536 4733 quodammodo

1960 4767 2234 4821 tenemur,
2269 4764 2326 4811 et
2369 4756 2603 4809 aliorum
2637 4754 2767 4824 jugo
2800 4752 3033 4823 subjecti
3067 4767 3277 4818 sumus,
3319 4753 3414 4822 qui
3448 4767 3537 4807 res

1960 4857 2178 4905 nostras
2194 4862 2353 4917 agere
2370 4861 2434 4900 ac
2457 4844 2600 4899 ferre
2623 4845 2860 4908 valeant,
2888 4857 3213 4913 quacunque
3240 4843 3532 4898 voluerint.

1960 4941 2081 4997 Jam
2110 4939 2279 5005 enim,
2300 4937 2347 4992 si
2374 4935 2728 5007 congruentia
2780 4934 3174 5005 cogitabimus,
3206 4934 3366 4990 nobis
3406 4935 3538 5005 ipsis

1962 5040 2145 5103 partes
2171 5044 2359 5085 rerum
2397 5027 2728 5101 agendarum
2764 5027 3072 5082 tribuemus
3093 5027 3290 5092 nullas,
3326 5027 3422 5084 sed
3455 5044 3540 5083 re-

1963 5140 2087 5180 rum
2103 5122 2351 5181 omnium
2368 5136 2561 5177 causas
2580 5121 2648 5175 iis
2662 5119 2845 5191 potius
2859 5118 3260 5191 assignabimus
3273 5136 3394 5190 quae
3414 5136 3535 5189 nos,

1964 5217 2119 5287 quasi
2153 5214 2487 5287 gubernator
2508 5213 2723 5269 clavum
2739 5221 2952 5279 tenens,
2977 5225 3078 5283 pro
3094 5227 3285 5266 eorum
3310 5213 3536 5267 arbitrio

1966 5307 2246 5378 impellere
2280 5305 2510 5362 soleant.
2548 5304 2739 5360 Aberit
2778 5304 2962 5376 igitur,
2998 5310 3060 5358 ut
3094 5304 3163 5358 ab
3187 5303 3336 5359 omni
3376 5300 3536 5356 laude

1964 5399 2170 5470 justus,
2207 5397 2287 5454 sic
2316 5398 2554 5469 injustus
2590 5413 2624 5452 a
2660 5412 2821 5468 paena
2857 5404 3019 5466 atque
3055 5394 3343 5465 supplicio.

2041 5489 2204 5560 199
2234 5489 2433 5544 PALL.
2460 5488 2786 5548 Rectissime
2827 5486 3058 5556 colligis.

1994 5578 2179 5635 ὀνκ.
2202 5580 2415 5634 Talium
2452 5594 2583 5650 ergo
2618 5578 2934 5647 dogmatum
2974 5575 3296 5637 inventores
3331 5580 3537 5629 temere

1971 5670 2225 5727 Solonem
2256 5670 2407 5725 illum
2432 5670 2586 5742 apud
2610 5670 2871 5735 Athenas,
2898 5667 3203 5722 Draconcm
3225 5680 3442 5735 quoque
3473 5680 3539 5723 ac
