3990 6196
439 244 538 300 45³1
1462 232 1520 288 S.
1558 227 1838 287 CYRILLI
1875 221 2347 282 ALEXANDBINI
2383 217 2698 276 ARCHIEP.
3588 215 3691 270 452

438 357 745 429 Lycurgum
763 352 1123 415 admirantur,
1146 358 1405 419 tanquam
1417 346 1750 417 optimarum
1768 342 2013 413 discipli-

2143 336 2398 411 ιράκοντά
2419 353 2479 389 τε
2509 333 2604 389 καί
2633 328 2970 401 Λυκοῦργον,
2997 327 3073 392 ὡς
3102 326 3400 397 παγκάλων
3431 325 3692 398 magna-

441 422 925 508 narum‘auctores,
943 450 1006 496 ut
1027 441 1123 511 qui
1146 441 1292 512 leges
1313 439 1521 495 Graecis
1535 435 2010 509 praestantissima

2143 452 2222 488 ων
2240 429 2558 503 εἰσηγητὰς,
2575 427 2671 482 καὶ
2690 426 2889 497 νόμους
2910 425 3021 487 τοῖς
3045 422 3270 494 Ἕλλησι
3294 423 3421 486 τοὺς
3439 422 3695 492 ἀρίστους

442 536 764 593 invenerint.
789 532 931 599 Quid
946 532 1094 587 enim
1111 541 1195 587 est
1219 546 1287 586 ex
1309 547 1374 586 ea
1397 547 1457 586 re
1469 528 1774 601 commodi,
1808 526 1855 582 si
1871 525 2013 581 nihil

2150 524 2505 598 ξευρηκότας.
2539 520 2678 575 Ποία
2708 519 2817 590 γάρ
2847 518 2911 571 ἐκ
2943 515 3098 570 τοῦδε
3130 514 3317 569 λοιπδν
3343 515 3377 585 ἡ
3408 514 3618 587 δνησις,
3646 517 3697 569 εἰ

441 630 493 683 in
531 635 718 682 nostra
732 624 899 680 situm
927 633 1010 679 est
1029 631 1335 694 potestate;
1366 621 1461 677 sed
1486 621 1669 692 potius
1688 635 1757 676 ex
1778 618 2012 674 aliorum

2143 616 2280 688 ιηδὲν
2303 615 2388 684 ἐφ’
2416 615 2569 685 ἡμῖν,
2602 611 2843 681 ἀνῆπται
2871 607 2930 662 δὲ
2963 606 3162 678 μᾶλλον
3186 605 3253 659 τά
3274 605 3431 677 ήμῶν
3454 607 3695 676 ἐτέροις;

438 729 574 774 nutu
618 724 807 771 nostra
853 715 1039 770 omnia
1082 713 1359 785 pendent?
1394 712 1699 781 eodemque
1746 718 2013 780 praeterea

2143 725 2171 763 ν
2201 710 2301 779 ῐσιρ
2332 706 2390 761 δέ
2415 722 2517 759 που
2542 704 2642 758 καὶ
2671 704 2728 756 ἐν
2758 700 2929 771 ὁμοίῳ
2956 698 3163 762 λοιπὸν,
3198 701 3313 761 τοῖς
3339 700 3464 762 τοὺς
3496 699 3699 769 νόμους

437 808 701 879 pondere,
737 805 1040 875 eodemque
1063 805 1186 871 loco
1223 804 1350 868 erit,
1385 803 1480 873 qui
1531 802 1679 872 leges
1705 800 2007 872 ignoravit,

2145 802 2297 865 ἰδόσι,
2325 800 2422 852 καὶ
2455 800 2484 851 ὁ
2512 795 2736 858 τούτους
2772 790 3082 864 ήγνοηκὼς,
3111 791 3161 844 εἰ
3198 790 3273 860 μὴ
3314 790 3533 861 μέτεστι
3564 791 3700 862 δρᾷν

439 914 549 970 quo
600 899 679 952 illi
724 897 821 968 qui
865 906 1093 961 norunt,
1138 895 1183 949 si
1235 893 1551 949 volentibus
1591 893 1743 947 nulla
1788 890 2018 946 facultas

2146 896 2225 956 οῖς
2246 890 2524 944 ἐθέλουσιν
2551 885 2873 949 ἐλευθέρως,
2905 882 2943 937 ἃ
2970 882 3037 936 ἀν
3064 883 3266 936 ἕλοιντο
3290 882 3473 951 τυχὸν,
3499 881 3703 934 ἀδικω-

438 1007 561 1061 quae
590 991 763 1046 velint
782 989 956 1043 libere
995 986 1231 1043 faciendi
1260 986 1441 1040 datur.
1469 984 1784 1052 Quinetiam
1832 983 2016 1053 legum

2143 986 2307 1046 ’é‘tOU;
2339 981 2396 1035 δὲ
2431 980 2553 1033 λίαν
2583 979 2710 1041 τοὺς
2744 975 2852 1031 τῶν
2888 975 3069 1046 νόμων
3109 973 3397 1043 ὑφηγητάς
3445 971 3702 1040 γενέσθαι

439 1091 692 1139 auctores
714 1083 870 1151 longe
897 1079 1270 1149 iniquissimos
1295 1078 1548 1133 homines
1584 1076 1752 1132 fuisse
1776 1090 2019 1146 pronun-

2143 1075 2281 1146 ιημί,
2312 1072 2404 1128 καί
2440 1088 2524 1125 τοι
2549 1069 2807 1138 πλείστην
2852 1067 2985 1138 ὅσην
3027 1064 3183 1129 δόξαν
3228 1064 3574 1134 δικαιοσύνης
3614 1062 3701 1131 ἐφ’

441 1176 519 1231 tio
556 1216 571 1241 ,
615 1174 865 1245 quamvis
897 1171 1189 1226 maximam
1224 1170 1301 1224 illi
1322 1169 1549 1242 justitia:
1573 1168 1888 1238 opinionem
1912 1166 2019 1221 sibi

2147 1170 2327 1231 αυτοῖς
2352 1164 2680 1237 ᾑρημένους.
2714 1160 2925 1232 Χρῆναι
2953 1158 3062 1229 γὰρ
3090 1156 3155 1228 δὴ
3183 1154 3697 1226 νενομοθετήκασιν,

440 1262 896 1335 comparaverint.
937 1261 1073 1316 Nam
1121 1276 1318 1331 segnes
1346 1268 1510 1329 atque
1557 1258 1900 1329 negligentes
1925 1271 2023 1311 ne-

2143 1262 2218 1314 ,ὑκ
2253 1254 2350 1312 οἶδ’
2391 1258 2574 1320 ὅπως,
2608 1255 2735 1317 τοὺς
2776 1249 3155 1325 ρᾳθυμοῦντας
3202 1246 3558 1313 κολάζεσθαι,
3608 1246 3703 1301 καὶ¹

448 1353 567 1407 scio
589 1367 694 1422 qua
718 1352 932 1405 ratione
950 1349 1259 1420 puniendos
1268 1364 1390 1404 esse
1402 1348 1849 1413 decreverunt,et
1870 1361 2024 1401 acer—

2143 1350 2322 1421 τικρὰς
2354 1351 2456 1419 τῆς
2490 1346 2857 1417 παραϐάσεως
2883 1340 3234 1397 ἀποτιννύναι
3262 1340 3440 1404 δίκας,
3472 1340 3704 1403 κανόνας

441 1442 539 1497 bas
563 1440 1078 1511 violatarumlegum
1103 1454 1295 1509 poenas
1320 1439 1451 1494 dare
1476 1439 1807 1504 voluerunt;
1836 1436 2023 1507 pueris

2143 1439 2177 1492 ἰέ
2231 1438 2421 1507 ὥσπερ
2484 1437 2597 1498 τοῖς
2673 1431 2815 1496 νέοις
2874 1432 2968 1486 καὶ
3032 1430 3409 1499 παιδαγωγίας
3467 1428 3706 1501 τρόπους

441 1540 622 1586 autem
650 1530 805 1600 quasi
834 1532 1051 1602 regulas
1075 1529 1361 1599 quasdam,
1396 1537 1452 1583 et
1478 1527 1640 1582 laude
1671 1526 2023 1597 dignissimas

2143 1528 2678 1595 ιξιεπαινετωτάτους
2708 1522 3184 1595 παραδεδώκασιν,
3215 1522 3247 1593 ἢ
3272 1521 3347 1585 ὡς
3371 1520 3430 1576 ὂν
3460 1522 3546 1589 ἐφ’
3573 1522 3705 1590 ἡμῖν

441 1623 566 1677 vita!
596 1622 947 1677 instituendae
978 1621 1216 1675 rationes
1243 1620 1593 1676 tradiderunt
1635 1636 1649 1687 ;
1680 1620 1849 1689 idque
1875 1617 2024 1674 fece-

2124 1621 2340 1685 αὑτοῖς,
2377 1618 2438 1672 τὸ
2464 1615 2702 1672 διαϐιοῦν
2736 1614 2952 1668 ἑλέσθαι
2981 1613 3196 1685 σεμνῶς
3217 1656 3231 1676 ,
3257 1611 3290 1682 ἢ
3320 1612 3422 1665 οὐκ
3450 1606 3547 1664 οἷδ’
3591 1610 3620 1663 ὃ
3650 1628 3705 1663 τι

444 1720 593 1777 runt,
619 1720 713 1766 aut
737 1711 887 1781 quod
938 1711 995 1765 in
1050 1720 1237 1766 nostra
1272 1710 1529 1765 facultate
1561 1709 1725 1765 situm
1760 1688 2026 1780 putarent

2143 1711 2554 1782 πεφρονηκότες.
2576 1707 2712 1779 Φαίη
2744 1707 2788 1761 δ’
2817 1707 2903 1772 ἂν,
2926 1702 3101 1777 οἶμαι,
3128 1705 3229 1769 τίς·
3253 1699 3415 1773 Εὖγε,
3433 1698 3480 1757 ὦ
3502 1702 3705 1767 Σόλων,

443 1803 729 1857 honestam
760 1803 927 1856 vitam
958 1801 1280 1867 instituere;
1323 1809 1417 1855 aut
1446 1801 1632 1855 nescio
1674 1800 1820 1872 quod
1845 1801 2025 1856 consi-

442 1893 576 1948 lium
607 1893 779 1948 secuti
818 1892 948 1947 sint.
980 1893 1190 1947 Dixerit
1212 1900 1416 1957 autem,
1448 1899 1509 1947 ut
1536 1892 1752 1962 opinor,
1780 1892 2021 1962 aliquis:

443 1986 709 2040 Praeclare
732 1984 977 2055 quidem,
1019 1998 1053 2038 o
1077 1982 1265 2048 Solon,
1293 1983 1441 2055 leges
1467 1984 1612 2039 illius
1639 1983 1822 2039 saeculi
1844 1982 2024 2037 homi-

444 2074 609 2129 nibus
632 2073 905 2129 tradidisti
928 2091 944 2141 ;
972 2074 1069 2129 sed
1093 2090 1232 2146 opus
1247 2086 1366 2131 erat
1382 2083 1442 2130 ut
1466 2075 1597 2130 Fato
1619 2082 1881 2147 praeterea
1902 2088 2028 2146 per—

447 2165 727 2230 suaderes,
780 2165 1015 2236 sineret}
1044 2182 1140 2222 eos
1181 2167 1278 2237 qui
1317 2169 1469 2238 leges
1508 2177 1854 2237 acceperant,
1901 2182 2025 2237 quae

447 2256 647 2311 vellent
669 2264 727 2311 et
747 2257 951 2312 sentire
978 2267 1035 2314 et
1069 2256 1271 2314 facere.
1298 2258 1404 2315 Sed
1433 2266 1512 2324 tu,
1548 2258 1687 2313 nihil
1710 2258 1779 2314 de
1796 2274 2026 2330 persua-

445 2348 626 2403 dendo
660 2348 937 2416 laborans,
961 2351 1110 2423 leges
1150 2352 1411 2407 sanxisti:
1460 2350 1682 2407 ridebas
1706 2352 1911 2422 quippe
1961 2359 2021 2407 et

447 2438 562 2509 ipse
585 2439 727 2494 hanc
751 2440 1018 2506 fabulam,
1055 2451 1112 2497 et
1136 2457 1321 2496 rerum
1345 2441 1678 2511 agendarum
1701 2441 2020 2497 facultatem

446 2542 617 2598 penes
639 2543 740 2583 nos
761 2544 881 2584 esse
928 2528 1159 2594 sciebas,
1188 2538 1246 2583 et
1288 2527 1430 2582 hanc
1469 2527 1714 2598 iniquam
1748 2534 1805 2583 et
1827 2542 2026 2583 caecam

448 2619 729 2674 actionum
773 2620 1143 2674 humanarum
1169 2619 1466 2676 Fortunam
1509 2619 1848 2690 repellebas:
1883 2621 2023 2676 alio-

449 2709 545 2778 qui
570 2724 856 2779 nunquam
894 2710 1290 2776 existimasses,
1317 2712 1583 2781 Optimum
1607 2713 1829 2783 quidem
1849 2713 2025 2769 civem

452 2815 580 2855 eum
619 2816 741 2856 esse
786 2802 1100 2857 habendum
1139 2802 1234 2873 qui
1279 2810 1393 2857 tum
1425 2803 1550 2874 pius
1585 2813 1749 2871 esset,
1788 2812 1905 2860 tum
1941 2806 2023 2860 le-

2130 1802 2468 1872 ἐνομοθέτεις
2486 1801 2598 1862 τοῖς
2618 1798 2762 1852 τότεο
2781 1797 2898 1852 ἀλλ’
2920 1796 3028 1850 ἔδει
3053 1812 3155 1849 που
3187 1796 3405 1859 πάντως
3426 1812 3708 1868 προσανα-

2130 1895 2342 1949 πείθειν
2387 1893 2488 1965 τὴν
2518 1889 2875 1963 Εἱμαρμένην
2917 1890 3125 1958 ἐφεῖναι
3172 1891 3283 1952 τοῖς
3309 1887 3707 1958 νομοθετουμέ-

2130 2002 2241 2049 νοις
2266 1985 2302 2039 ἀ
2325 1984 2391 2039 ἂν
2420 1982 2693 2054 βούλοιντο
2714 1982 2930 2053 φρονεῖν
2954 1997 3014 2033 τε
3038 1980 3130 2033 καὶ
3148 1979 3300 2050 δρᾷν.
3335 1978 3712 2049 Ἐνομοθέτεις

2131 2077 2188 2133 δέ
2226 2075 2287 2130 οὗ
2330 2073 2639 2138 πεπεικὼςο
2681 2071 2874 2142 ἐγέλας
2910 2071 2967 2126 δέ
2995 2088 3096 2124 που
3139 2071 3277 2142 τάχα
3305 2070 3400 2124 καὶ
3426 2068 3590 2134 αὐτὸς
3614 2071 3712 2123 τὸν

2136 2166 2332 2241 μῦθον,
2364 2165 2461 2222 καὶ
2496 2164 2720 2238 κυρίους
2757 2162 3030 2234 ἠπίστασο
3064 2161 3173 2217 τῶν
3203 2160 3494 2233 πρακτέων
3531 2163 3708 2233 ἡμᾶς,

2132 2264 2232 2334 τήν
2254 2278 2313 2315 τε
2345 2259 2531 2314 ἀδικον
2559 2257 2655 2312 καὶ
2680 2256 2888 2327 τυφλὴν
2917 2254 3027 2309 τῶν
3054 2254 3411 2327 ἀνθρωπίνων
3443 2253 3712 2326 πραγμά-

2132 2370 2240 2407 των
2261 2349 2553 2412 ἀπεσόϐεις
2572 2348 2775 2419 Τύχην·
2798 2347 2830 2419 ἢ
2858 2346 2971 2419 γὰρ
2995 2348 3096 2401 οὐκ
3118 2345 3184 2402 ἀν
3202 2345 3312 2417 ᾤου
3331 2345 3461 2410 δεῖν,
3485 2345 3713 2416 ἄριστον

2138 2443 2237 2515 μὲν
2263 2437 2405 2495 εἶναι
2426 2441 2654 2512 πολίτην
2680 2440 2928 2494 ὑπονοεῖν
2948 2478 2964 2505 ,
2990 2438 3080 2493 τὸν
3106 2437 3305 2509 εὐσεϐῆ
3328 2453 3390 2490 τε
3421 2437 3517 2490 καὶ
3544 2452 3710 2506 νομο-

2136 2534 2354 2603 φύλακα
2374 2572 2389 2598 ,
2418 2533 2513 2586 καί
2536 2531 2639 2603 τῆς
2677 2532 2759 2595 εἰς
2795 2530 2965 2603 ἀκρον
2997 2530 3299 2594 ἐπιεικείας
3331 2528 3565 2601 ἀνῆρθαι
3611 2527 3711 2599 τήν

2133 2624 2314 2691 δόξαν,
2350 2624 2571 2694 ἀχρεῖον
2602 2622 2661 2676 δὲ
2689 2617 2756 2677 αὖ
2792 2621 2886 2676 καὶ
2918 2624 3032 2686 τοῖς
3060 2623 3360 2694 αἰσχίστοις
3386 2618 3714 2692 ἐναριθμού-

2137 2733 2318 2788 μενον,
2337 2715 2429 2769 τὸν
2451 2714 2725 2788 ἐρρῶσθαι
2752 2713 3028 2785 φράζοντα
3053 2716 3165 2778 τοῖς
3180 2714 3259 2778 εἰς
3283 2712 3550 2785 ὀρθότητα
3571 2728 3714 2782 συμ-

2133 2805 2484 2861 ϐουλεύσουσι
2517 2803 2753 2877 διᾴττειν
2779 2804 3001 2875 νόμοις;

450 2907 578 2961 gum
601 2902 882 2960 servator;
926 2903 984 2949 et
1031 2893 1102 2959 ad
1144 2908 1414 2948 summam
1461 2895 1754 2965 probitatis
1788 2896 2018 2968 gloriam
2058 2913 2127 2970 pe
2144 2898 2411 2970 rtigisset;
2455 2898 2709 2953 inutilem
2748 2913 2962 2964 rursus,
3003 2906 3059 2953 et
3083 2898 3227 2952 inter
3252 2898 3599 2969 turpissimos
3622 2912 3710 2951 re-

451 2985 811 3051 censendum,
857 2988 950 3056 qui
994 2987 1210 3059 legibus
1259 2996 1471 3043 rectum
1512 2988 1638 3043 vitae
1670 2988 1775 3043 iter
1806 2989 2027 3060 aggredi
2065 2992 2447 3059 suadentibus,
2472 2992 2700 3047 multam
2726 2992 2957 3047 salutem
2982 2989 3227 3047 dixisset.

440 3108 453 3121 ι
522 3078 720 3134 PALL.
744 3078 1164 3149 Elegantissime
1183 3088 1349 3150 atque
1372 3079 1602 3149 optime.

506 3170 664 3226 ΟΥΕ.
684 3171 825 3238 Quid
840 3186 993 3237 vero,
1007 3171 1212 3226 Palladi
1232 3190 1247 3239 ;
1273 3187 1571 3242 puerorum
1594 3172 1966 3229 institutiones
1984 3182 2040 3230 et

238 3305 265 3313 -
370 3305 376 3311 .
453 3263 679 3328 monita,
722 3263 1137 3318 exhortationes
1175 3279 1398 3333 quoque
1434 3262 1505 3318 ad
1554 3263 1841 3329 virtutem,
1896 3281 2040 3336 quas

453 3359 711 3421 parentes
751 3352 943 3407 liberis
981 3360 1039 3407 et
1074 3353 1318 3424 magistri
1362 3353 1429 3408 ad
1453 3368 1510 3408 se
1532 3353 1931 3411 ventitantibus
1945 3356 2042 3411 ad-

454 3443 665 3511 hibent,
691 3460 874 3501 nonne
907 3461 1076 3500 vanas
1099 3461 1219 3501 esse
1252 3445 1536 3512 dicemus;
1579 3450 1627 3501 si
1651 3446 1798 3500 viam
1834 3462 1949 3501 non
1970 3463 2039 3503 ex

454 3543 640 3591 nostra
658 3535 933 3591 sententia
968 3536 1283 3606 ingredi,et
1304 3536 1432 3590 vitae.
1472 3535 1725 3590 semitam
1750 3542 1937 3592 tenere
1957 3537 2041 3593 in-

456 3625 670 3681 terdum
696 3642 727 3680 a
752 3633 935 3681 nostra
955 3628 1235 3682 voluntate
1261 3626 1495 3681 alienam
1510 3625 1804 3697 cogimur?

527 3715 722 3771 PALL.
748 3716 816 3769 Et
836 3715 1063 3785 quidem
1088 3716 1348 3771 maxime.

526 3804 685 3860 CYR.
716 3802 774 3858 Si
803 3804 929 3874 quis
946 3812 1213 3874 praeterea
1237 3805 1528 3862 adversum
1552 3822 1756 3878 pueros
1774 3822 1921 3872 suos,
1946 3815 2042 3861 aut

456 3897 595 3953 alios
609 3896 824 3967 aliquos
842 3904 1276 3962 commoveatur,
1289 3898 1480 3969 eisque
1504 3908 1711 3954 rectam
1732 3897 2042 3969 castigatio-

457 4002 583 4043 nem
606 3985 886 4052 adhibeat,
922 3987 1085 4057 200
1104 3987 1366 4044 laudesne
1393 3987 1509 4060 ipse
1536 3987 2044 4061 hujusmodihomi—

458 4096 610 4147 nem,
633 4098 704 4138 an
730 4081 977 4150 iniquum
1002 4086 1182 4149 putes,
1210 4080 1305 4149 qui
1322 4080 1552 4136 consilio
1575 4081 1762 4137 nescio
1784 4096 1895 4151 quo
1920 4095 2040 4135 om-

459 4173 613 4227 nium
647 4172 805 4227 nobis
830 4172 1100 4225 malorum
1143 4178 1398 4226 auctores
1450 4171 1865 4242 irreprehensos
1889 4170 2042 4226 abire

461 4266 634 4331 sinat;
661 4278 757 4319 eos
783 4277 917 4318 vero
943 4262 1035 4333 qui
1062 4271 1259 4333 praeter
1280 4265 1616 4319 voluntatem
1637 4271 1693 4319 et
1714 4280 1782 4320 ex
1802 4263 2044 4319 necessi-

461 4364 576 4412 tate
598 4354 667 4409 ad
704 4355 822 4410 haec
840 4354 1062 4410 adducti
1080 4354 1212 4421 sint,
1239 4354 1556 4409 multandos
1580 4355 1775 4425 putet?

2061 3088 2104 3146 ο
2206 3084 2414 3138 ΠΔΛΛ.
2463 3084 2810 3138 Ἀστειότατά
2851 3101 2909 3137 τε
2943 3084 3037 3137 καὶ
3070 3083 3274 3155 σφόδρα
3304 3084 3486 3149 καλῶς
3516 3085 3668 3156 ἔφης.

2209 3177 2374 3232 ΚΥΡ.
2418 3176 2484 3230 Τί
2515 3177 2594 3242 δὲ,
2635 3170 2681 3231 ὧ
2722 3175 2981 3248 φιλότης;
3027 3176 3147 3247 οὐχὶ
3187 3174 3288 3240 τὰς
3335 3177 3713 3247 παιδαγωγίας

2139 3270 2235 3325 καὶ
2262 3269 2362 3333 τὰς
2396 3268 2701 3340 ὑποθήκας,
2735 3269 2831 3322 καί
2862 3268 2969 3340 μὴν
2995 3267 3089 3322 καὶ
3134 3268 3463 3341 προκλήσεις
3497 3271 3598 3333 τὰς
3627 3272 3715 3325 ἐπ’

2137 3362 2375 3436 ἀρετὴν,
2405 3362 2586 3435 ἇσπερ
2632 3363 2700 3417 ἂν
2744 3365 2983 3417 ποιοῖντο
3023 3362 3259 3433 πατέρες
3307 3363 3406 3435 μέν
3444 3364 3532 3434 ἐφ’
3556 3366 3713 3430 υἱοῖς,

2137 3453 2442 3509 διδάσκαλοι
2470 3453 2526 3508 δὲ
2566 3453 2853 3524 ὁμιληταῖς
2894 3451 2997 3523 (l),
3033 3452 3246 3516 εἰκαίας
3278 3448 3416 3506 εἶναι
3447 3455 3713 3525 φήσομεν,

2139 3547 2189 3601 εἰ
2233 3546 2611 3618 καταστείχειν
2644 3546 2860 3619 ἀνάγκη
2906 3545 3007 3618 τὴν
3038 3546 3100 3599 οὐ
3140 3545 3282 3600 κατὰ
3313 3544 3539 3617 γνώμην
3574 3547 3715 3614 ὁδὸν,

2139 3637 2235 3693 καὶ
2268 3636 2383 3708 βίου
2412 3636 2600 3709 τρίϐον
2633 3637 2769 3693 ἰέναι
2801 3637 2901 3709 τὴν
2927 3635 3251 3708 ἀνεθέλητον
3279 3636 3390 3691 ἐσθ’
3417 3638 3541 3705 ὄτε;

2209 3730 2421 3784 ΠᾹΛΛ.
2451 3730 2564 3785 Καὶ
2596 3729 2763 3802 μάλα.

2210 3821 2378 3877 ΚΥΡ.
2406 3821 2470 3875 Εἰ
2490 3820 2548 3875 δὲ
2571 3820 2636 3894 δὴ
2660 3821 2757 3876 καὶ
2784 3820 2971 3878 παισὶν
2995 3821 3168 3886 ἰδίοις,
3185 3823 3350 3893 ήγουν
3374 3821 3586 3893 ἑτέροις
3605 3822 3721 3876 τισὶ

2142 3914 2666 3987 πεπλημμεληκόσιν
2692 3915 3041 3986 ἐποτρύνοιτό
3062 3932 3145 3980 τις
3172 3916 3265 3969 καὶ
3285 3913 3452 3987 ὀρθήν
3480 3918 3718 3969 ποιεῖται

2134 4006 2240 4078 τὴν
2266 4005 2578 4078 ἐπίπληξιν,
2608 4008 2925 4073 ἐπαινέσαις
2960 4008 3029 4063 ἀν
3057 4008 3149 4063 τδν
3178 4006 3417 4061 τοιοῦτον
3458 4008 3654 4072 αὑτὸς,
3683 4008 3719 4078 ἢ

2141 4097 2327 4154 ἄδικον
2371 4098 2524 4171 λογιῇ
2548 4139 2561 4164 ,
2601 4100 2727 4165 τοὺς
2775 4100 2874 4171 μὲν
2908 4100 3163 4155 ἁπάντων
3206 4101 3340 4171 ήμῖν
3376 4098 3485 4154 τῶν
3532 4099 3719 4154 κακῶν

2141 4188 2347 4253 αἰτίους
2375 4190 2800 4261 ἀνεπιτιμήτους
2827 4192 2921 4262 ὲᾷν
2958 4191 3057 4244 οὐκ
3082 4187 3177 4244 οἷδ’
3205 4192 3353 4255 ὅπως
3383 4192 3491 4264 ῄρη
3501 4191 3718 4262 μένους,

2140 4278 2268 4343 τιύς
2310 4295 2375 4349 γε
2426 4279 2553 4351 μὴν,
2598 4278 2940 4351 ἀνεθελήτως
2992 4297 3052 4334 τε
3084 4280 3178 4333 καὶ
3222 4278 3283 4345 ἐξ
3327 4281 3577 4352 ἀνάγκης
3628 4281 3721 4335 ἐπὶ

2144 4370 2316 4426 ταῦτα
2341 4371 2613 4442 ἠγμένους
2644 4371 2939 4443 ὑποφέρειν
2966 4375 3085 4436 ταῖς
3116 4372 3328 4439 δίκαις;

523 4446 720 4502 PALL.
748 4446 986 4519 Equum
1013 4419 1461 4516 dicis;vmagnam
1486 4419 1632 4499 enim
1655 4446 1823 4501 habet
1846 4445 2035 4515 proba-

2157 4419 2671 4517 ’ἾιΧᾸΚῗῖιὲᾷζέεἶ
2687 4419 3450 4535 ﬂama;laxet...
3478 4464 3508 4517 ι
3538 4463 3730 4537 λόγος.’

466 4538 735 4594 bilitatem
760 4538 955 4594 oratio.

525 4628 683 4686 ΟΥΕ.
709 4629 864 4696 Quod
889 4636 1073 4682 autem
1097 4626 1214 4682 haec
1251 4627 1474 4682 illorum
1500 4627 1689 4700 opinio
1714 4627 1787 4683 sit
1811 4642 2041 4683 summa:

465 4718 763 4790 impietatis
805 4717 986 4787 plena,
1027 4715 1155 4770 hinc
1180 4715 1395 4772 disces:
1447 4718 1678 4785 etenim,
1712 4733 1839 4774 cum
1881 4717 2048 4789 hujus

465 4810 843 4868 universitatis
865 4809 1021 4880 quasi
1043 4809 1468 4880 gubernatorem
1494 4810 1785 4881 quemdam
1820 4818 1878 4867 et
1903 4825 2045 4881 prte-

469 4905 644 4966 sidem
670 4905 843 4960 Deum
880 4902 949 4957 ab
994 4917 1060 4957 ea
1093 4916 1260 4972 quam
1303 4903 1489 4971 habet,
1514 4905 1687 4976 gloria
1719 4904 2043 4968 deturbent,

468 5010 706 5066 cumque
749 4994 806 5049 in
848 5008 969 5048 eam
1008 4993 1438 5064 progrediantur
1487 4994 1794 5062 audaciam,
1846 5003 1908 5050 ut
1933 4995 2050 5051 suis

472 5088 626 5142 illum
672 5087 1011 5142 ornamentis
1054 5087 1282 5143 omnino
1319 5089 1592 5158 spolient;
1639 5104 1741 5144 suo
1782 5088 2044 5160 suffragio

472 5194 659 5235 rerum
699 5183 1012 5232 nostrarum
1065 5184 1394 5249 potestatem
1444 5178 1514 5235 iis
1555 5166 1729 5235 rebus
1762 5180 2045 5235 ascribunt

471 5286 595 5343 quae
622 5269 753 5342 ipsis
766 5277 974 5325 temere
999 5268 1055 5324 in
1070 5277 1310 5325 mentem
1326 5271 1588 5339 veniunt;
1617 5272 1869 5344 quamvis
1887 5288 2043 5328 crea—

472 5376 653 5422 turam
673 5377 890 5419 omnem
919 5362 1161 5419 motibus
1193 5363 1338 5421 haud
1362 5364 1706 5423 moderatore
1722 5368 2042 5425 carentibus

544 5571 620 5641 (Ι)
645 5571 751 5629 Sic
802 5571 923 5628 cod.
981 5572 1195 5639 Vatic.;
1238 5570 1424 5627 Sirleti
1473 5571 1666 5639 codex,
1706 5571 2044 5628 διδασκάλων

473 5639 529 5696 δὲ
563 5639 748 5712 νήφεις
774 5644 1076 5713 ὁμιληταῖς.
1114 5642 1317 5698 Vocem
1363 5641 1649 5715 ὁμιληταῖς
1683 5644 1752 5698 ad
1780 5660 1836 5698 se
1871 5646 2038 5699 venti-

2217 4640 2383 4695 ΚΥΡ.
2439 4638 2734 4710 Ἔμπλεως
2780 4639 2839 4693 δὲ
2891 4640 2973 4695 ὅτι
3020 4638 3340 4703 δυσσεϐείας
3386 4638 3571 4704 αὐτοῖς
3626 4639 3729 4704 τῆς

2145 4729 2383 4802 ἐσχάτης
2412 4730 2446 4800 ή
2475 4729 2653 4784 τοιάδε
2680 4727 2838 4797 δόξα,
2866 4728 3163 4785 κάντεῦθεν
3191 4729 3315 4803 εἴσῃ
3342 4745 3425 4783 τοι
3445 4746 3460 4761 ο
3490 4729 3583 4785 τὸν
3613 4731 3730 4804 γὰρ

2145 4819 2299 4874 τοῦδε
2326 4818 2420 4875 τοῦ
2457 4821 2658 4884 παντὸς
2687 4820 3072 4893 οἰακοστρόφον
3109 4820 3260 4876 ὥσπε
3268 4837 3299 4893 ρ
3327 4820 3448 4876 τινά
3477 4822 3573 4875 καί
3602 4823 3730 4876 ἐπι-

2148 4911 2350 4983 στάτην
2375 4910 2530 4977 Θεὸν,
2556 4912 2654 4982 τῆς
2679 4911 2904 4984 ἐνούσης
2935 4912 3086 4984 αὐτῷ
3123 4912 3505 4976 κατασείοντες
3541 4912 3727 4982 δόξης,

2150 5002 2243 5055 καὶ
2283 5002 2364 5065 εἰς
2393 5000 2549 5055 τοῦτο
2593 5001 2778 5055 λοιπὸν
2812 5002 2981 5066 ἰόντες
3023 5001 3259 5074 θράσους
3279 5041 3295 5068 ,
3330 5002 3406 5066 ὼς
3433 5001 3543 5056 τῶν
3579 5002 3731 5056 ἰδίων

2149 5094 2381 5147 εἰσάπαν
2407 5092 2723 5165 ἀλλοτριοῦν
2752 5093 3084 5165 αὐχημάτων
3114 5092 3311 5160 αὐτὸν,
3341 5094 3544 5166 ψήφοις
3574 5092 3732 5156 ἰδίαις

2149 5184 2305 5238 αὑτοί⁵
2329 5184 2392 5237 τὸ
2410 5183 2520 5238 τῶν
2547 5184 2670 5240 καθ’
2696 5185 2844 5259 ήμᾷς
2870 5185 3201 5257 ἀπονέμουσι
3233 5184 3434 5258 κράτος
3450 5226 3467 5253 ,
3489 5186 3603 5248 τοῖς
3646 5184 3727 5246 εἰς

2147 5276 2271 5331 νοῦν
2300 5277 2528 5348 ἥκουσιν
2561 5276 2751 5343 ἀπλῶς
2771 5294 2786 5309 ο
2816 5278 2910 5333 καί
2935 5294 3017 5332 τοι
3042 5278 3141 5349 τήν
3172 5279 3349 5332 κτίσιν
3378 5278 3596 5333 ἃπασαν
3624 5276 3726 5329 οὐκ

2146 5369 2599 5441 ἀνεπιστατήτοις
2634 5371 2898 5442 κινήμασι
2932 5369 3237 5442 φερομένην
3275 5368 3511 5440 ὁρῶντες
3546 5369 3626 5433 εἰς
3659 5365 3725 5420 τά

2152 5574 2384 5630 tantibus
2435 5574 2684 5643 reddidi,
2738 5584 2800 5631 ut
2840 5577 2979 5633 solet
3024 5577 3215 5635 Cicero
3265 5577 3566 5650 discipulos
3625 5566 3727 5643 νοοῖ

2149 5660 2292 5700 care.
