3990 6196
272 172 375 228 ⁴53

998 170 1086 225 DE
1125 168 1567 227 ADORATIONE
1602 172 1668 228 IN
1711 173 1980 234 SPIRITU
2022 180 2110 236 ET
2153 181 2518 238 VERITATE.
2562 183 2690 239 LIB.
2732 185 2817 240 νι.

3423 195 3520 247 454

267 265 466 346 οἰκεῖα..
507 283 572 336 Τί
614 283 724 354 γάρ
770 283 870 337 οὐκ
907 283 965 336 ἐν
999 283 1191 354 κόσμῳ
1221 282 1522 354 πράττεται
1573 286 1680 340 τῶν
1729 291 1844 361 περὶ

1961 298 2016 352 ἱιι
2046 311 2174 352 suos
2200 296 2340 352 lines
2383 297 2611 354 tendere
2642 299 2884 354 videant.
2930 298 3072 367 Quid
3119 300 3266 355 enim
3292 302 3348 357 in
3370 319 3522 361 erea-

267 384 368 452 τὴν
399 377 574 433 κτίσιν
598 393 613 441 ;
643 376 696 428 τί
719 375 777 428 δὲ
800 374 908 430 τῶν
936 374 1102 430 ὄντων
1127 375 1247 445 οὐχὶ
1279 375 1378 446 τὴν
1414 376 1550 430 ἰδίαν
1574 379 1844 449 τετήρηκε

1952 402 2076 448 tura
2104 393 2286 463 agitur
2314 391 2711 447 immoderate?
2753 392 2955 464 quidve
2984 395 3040 447 in
3074 395 3240 449 rebus
3261 404 3345 450 est
3379 407 3520 467 quod

264 476 438 540 τάξιν,
471 471 567 526 καλ.
620 469 903 542 μονονουχὶ
935 469 1026 522 τὸν
1068 468 1363 540 ταξίαρχον
1409 470 1714 538 ἀναφωνεῖ;
1754 477 1844 526 καὶ

1947 500 2058 539 non
2083 499 2242 538 suum
2258 481 2508 537 ordinem
2533 483 2746 538 servet?
2772 499 2834 537 ac
2859 500 2968 539 non
2995 484 3206 540 ordinis
3222 489 3526 558 principem

263 570 345 623 ὅτι
387 567 570 636 νόμοις
617 562 946 626 ύπέζευκται
1000 560 1098 632 βοᾷ
1142 561 1238 615 καὶ
1287 561 1519 632 νεύμασι
1566 563 1845 617 διοικεῖται

261 664 373 724 τοῖς
400 659 491 713 τοῦ
521 659 742 730 κρατεῖν
777 656 1072 725 ἰσχύοντος,
1107 657 1251 727 φημὶ
1280 656 1343 728 δὴ
1369 657 1525 710 Θεοῦ.
1557 659 1845 730 Τοιγάρτοι

261 756 357 807 κα)⁸
391 755 419 805 ὀ
442 750 727 812 Θεσπέσιος
753 748 994 811 Παῦλοςο
1028 768 1045 800 ι
1083 749 1164 802 Τά
1200 750 1308 819 γὰρ
1344 749 1552 821 ἀόρατα
1594 750 1781 815 αὐτοῦ,
1819 771 1836 804 ι

258 844 449 914 φησὶν,
477 862 494 894 ι
515 841 624 896 ἀπὸ
653 839 884 904 κτίσεως
897 839 1104 911 κόσμου
1144 843 1254 904 τοῖς
1281 842 1549 912 ποιήμασι
1582 843 1846 914 νοούμενα

261 934 590 1006 καθορᾶται,
613 931 648 1002 ἦ
671 949 729 984 τε
757 931 924 994 ἀΐδιος
948 930 1112 984 αὐτοῦ
1137 930 1367 1002 δύναμις
1398 933 1491 986 καὶ
1512 932 1744 1004 θειότης,
1765 935 1845 996 εἰς

252 1024 317 1078 τδ
361 1020 508 1076 εἶναι
545 1020 746 1083 αὐτοὺς
793 1018 1269 1091 ἀναπολογήτους·
1307 1021 1442 1074 διότι
1493 1023 1709 1090 γνόντες
1755 1023 1845 1076 τὸν

251 1117 416 1181 Θεὸν,
445 1115 543 1184 οὐχ
563 1113 638 1176 ὡς
669 1111 798 1164 Θεὸν
826 1110 1105 1178 ἐδόξασαν,
1132 1103 1248 1165 ἀλλ’
1280 1111 1719 1185 ἐματαιώθησαν,
1752 1116 1846 1168 καὶ

258 1205 560 1276 ἐσκοτίσθη
590 1206 624 1276 ἡ
645 1203 903 1267 ἀσύνετος
921 1203 1097 1257 αὐτῶν
1119 1203 1332 1274 καρδία·
1364 1207 1682 1275 φάσκοντες,
1708 1201 1845 1259 εἶναι

253 1300 423 1369 σοφοὶ
456 1295 880 1369 ἐμωράνθησαν.
931 1314 950 1346 ι
1002 1296 1127 1360 Πῶς
1159 1297 1269 1368 γάρ
1300 1299 1400 1351 οὐκ
1447 1298 1846 1369 ἐμωράνθησαν

247 1393 406 1464 ἕτερ’
430 1389 569 1463 ἀττα
607 1388 762 1459 παρά
787 1404 846 1441 τε
874 1386 932 1440 τὸ
971 1385 1092 1458 ἔχον
1130 1387 1327 1460 ὀρθῶς,
1373 1389 1521 1458 σφίσι
1556 1407 1615 1442 τε
1658 1391 1842 1453 αὐτοῖς

246 1485 354 1539 καὶ
407 1483 512 1554 μὴν
558 1481 655 1534 καὶ
693 1479 901 1550 ἑτέροις
943 1483 1158 1553 φρονεῖν
1188 1479 1680 1552 συμϐουλεύοντεςς
1715 1482 1849 1535 Καί-

244 1595 340 1631 τοι
374 1577 431 1629 τί
464 1576 528 1646 δή
575 1591 705 1627 ποτε
755 1573 888 1644 φαίη
918 1589 1000 1636 τις
1032 1573 1098 1626 ἂν
1134 1574 1246 1636 τοῖς
1287 1573 1458 1636 οῦτως
1489 1573 1694 1638 ἀθλίοις
1734 1575 1846 1627 ἑπι-

1947 571 2346 642 propemodum
2371 571 2530 626 effari
2567 571 2840 637 videatur,
2862 581 2918 626 et
2941 573 3175 628 clamare
3200 590 3257 630 se
3286 577 3405 646 ejus
3424 579 3516 631 ob-

1950 671 2262 730 temperare
2284 662 2520 732 legibus,
2561 663 2789 732 ejusque
2817 665 3042 720 nutibus
3064 669 3198 737 regi,
3233 669 3327 737 qui
3351 669 3524 738 ipsam

1946 751 2229 806 continere
2253 767 2316 806 ac
2335 751 2478 805 tueri
2503 753 2701 817 valeat,
2729 754 2844 816 Dei,
2860 754 3080 824 inquam
3104 758 3126 810 ?
3152 758 3336 828 Itaque
3360 761 3520 814 etiam

1946 840 2141 896 beatus
2168 841 2389 907 Paulus,
2424 861 2441 892 ι
2472 841 2794 905 Invisibilia,
2830 861 2846 891 ι
2886 843 3084 912 inquit,
3120 864 3136 895 ι
3167 847 3287 916 ejus
3321 863 3351 900 a
3377 864 3521 903 crea~

1945 942 2070 987 tura
2094 933 2285 987 mundi
2311 949 2408 1003 per
2445 949 2509 988 ea
2555 949 2675 1003 quze
2698 934 2842 988 facta
2881 944 3029 1000 sunt,
3075 937 3351 993 intellecta
3398 957 3518 996 con-

1945 1027 2257 1096 spiciuntur
2300 1044 2315 1092 ;
2341 1026 2672 1096 sempiterna
2701 1041 2917 1094 quoque
2940 1027 3060 1097 ejus
3084 1029 3280 1094 virtus,
3307 1040 3361 1085 et
3384 1031 3530 1086 divi-

1944 1118 2089 1173 nitas
2122 1138 2134 1172 :
2163 1118 2238 1172 ita
2264 1127 2326 1173 ut
2369 1118 2477 1172 sint
2515 1117 2949 1171 inexcusabiles:
2980 1119 3128 1186 quia,
3169 1137 3295 1174 cum
3323 1137 3522 1192 cogno-

1944 1209 2153 1263 vissent
2175 1210 2368 1274 Deum,
2394 1225 2505 1263 non
2532 1219 2590 1263 ut
2607 1211 2776 1263 Deum
2798 1208 3258 1277 gloriﬁcaverunt,
3285 1222 3380 1266 aut
3403 1228 3514 1280 gra-

1948 1301 2052 1356 tias
2074 1311 2304 1372 egerunt
2329 1319 2344 1367 ;
2370 1301 2465 1356 sed
2514 1302 2868 1356 obscuratum
2893 1312 2976 1356 est
3001 1302 3271 1372 insipiens
3317 1318 3413 1356 cor
3437 1319 3519 1357 eo-

1947 1408 2091 1456 rum,
2123 1403 2535 1448 etevanuerunt
2573 1393 2628 1446 in
2661 1394 3091 1464 cogitationibus
3117 1395 3256 1459 suis;
3283 1394 3526 1448 dicentes

1945 1498 2004 1538 se
2018 1498 2136 1538 esse
2153 1484 2446 1554 sapientes,
2467 1485 2616 1538 stulti
2637 1483 2763 1538 facti
2785 1493 2913 1538 sunt
2936 1486 2997 1538 ν’.
3025 1505 3042 1536 ›
3073 1486 3357 1550 Quomodo
3381 1487 3526 1539 enim

1947 1590 2059 1629 non
2084 1576 2237 1630 stulti
2263 1575 2390 1629 facti
2419 1584 2569 1639 sunt,
2618 1577 2712 1645 qui
2758 1577 2862 1630 alia
2897 1578 3145 1647 quaedam
3178 1579 3246 1632 ab
3285 1594 3350 1632 eo
3382 1579 3525 1648 quod

263 1664 534 1737 νήχεσθαι
581 1663 881 1733 λογισμοῖς,
941 1662 1078 1734 μηδὲ
1137 1664 1320 1728 αὐτοῖς
1376 1663 1686 1728 ἀνδάνοντος
1734 1667 1844 1728 τοῖς

1949 1679 2161 1723 rectum
2185 1666 2276 1726 sit.
2301 1668 2507 1721 sentire
2535 1677 2648 1721 tum
2675 1668 2778 1722 sibi
2808 1669 2931 1738 ipsi,
2952 1679 3066 1724 tum
3085 1686 3217 1724 vero
3238 1673 3402 1724 etiam
3421 1687 3524 1725 cte-

243 1756 391 1828 παρ’
431 1757 560 1827 ὑμῖν
609 1755 861 1824 ποιηταῖς
904 1753 998 1806 τοῦ
1051 1752 1263 1824 μύθου;
1324 1753 1587 1824 Ἀνῆφθαι
1631 1753 1739 1825 γάρ
1776 1755 1842 1826 δὴ

242 1849 366 1903 τῶν
414 1845 704 1920 πρακτέων
742 1846 841 1908 τὰς
883 1846 1220 1917 οἰκονομίας,
1264 1847 1364 1918 ούχ
1405 1847 1625 1919 ἐτέρους
1656 1847 1840 1915 τινας,

241 1938 372 1993 ἀλλ’
408 1939 559 2008 ἡμᾶς
583 1937 782 2000 αὐτοὺς
805 1931 865 1990 εὖ
897 1936 1041 2006 ἔχειν
1064 1937 1259 1991 ἐδόκει.
1285 1937 1396 1990 Καὶ¹
1423 1937 1555 2006 γοῦν
1591 1938 1844 2008 ’Όμηρος

249 2031 382 2102 μὲν,
422 2031 482 2083 ὲν
505 2028 732 2106 ⁸οἰκείοις
761 2029 1053 2100 ποιήμασι,
1083 2028 1174 2082 τδν
1203 2027 1536 2098 πανάριστον
1569 2028 1723 2098 ὑμῶν
1748 2028 1843 2082 καὶ

249 2121 468 2176 ὕπατον
507 2123 604 2176 Δία
639 2124 754 2185 τοῖς
780 2121 988 2192 ἑτέροις
1015 2121 1118 2193 ἔφη
1147 2120 1581 2192 προσδιειλέχθαι
1617 2119 1839 2191 δαίμοσι

249 2217 386 2286 περὶ
406 2216 506 2286 τῆς
526 2215 785 2284 Αἰγίσθου
813 2214 1082 2285 μοιχείας,
1103 2213 1316 2284 καὶτῆς
1345 2213 1438 2266 ἐπὶ
1463 2213 1598 2286 τῷδε
1621 2213 1836 2285 ποινῆςο

1949 1757 2084 1813 teris
2113 1757 2448 1828 persuadent
2482 1759 2522 1790 "
2544 1759 2566 1811 ?
2589 1758 2777 1828 Atqui,
2805 1759 2951 1815 dicet
2977 1761 3197 1832 aliquis,
3233 1763 3365 1832 quid
3390 1780 3526 1834 opus

1947 1859 2033 1906 est
2056 1851 2110 1904 in
2139 1850 2225 1905 his
2248 1851 2384 1906 adeo
2420 1851 2731 1907 infelicibus
2755 1854 3083 1908 commentis
3127 1853 3366 1921 ﬂuitare,
3393 1872 3521 1910 cum

1949 1942 2054 1997 hoc
2081 1941 2396 2014 figmentum
2443 1959 2510 1998 ne
2543 1945 2742 2001 vestris
2786 1946 3011 2016 quidem
3055 1948 3230 2017 poetis
3274 1948 3528 2017 placeat?

1951 2034 2162 2104 Quippe
2209 2037 2304 2105 qui
2333 2052 2520 2090 rerum
2555 2039 2889 2108 agendarum
2915 2040 3366 2110 gubernationem
3417 2057 3526 2096 non

1943 2125 2011 2180 ad
2055 2127 2268 2196 aliquos
2313 2127 2470 2192 alios,
2504 2127 2601 2182 sed
2653 2128 2719 2182 ad
2761 2145 2861 2182 nos
2903 2129 3051 2198 ipsos
3090 2131 3374 2204 pertinere
3403 2132 3528 2202 jure

1945 2217 2282 2272 censuerint.
2310 2218 2500 2288 Itaque
2546 2213 2816 2273 Homerus
2840 2220 2896 2273 in
2937 2221 3051 2274 suis
3073 2222 3341 2290 poematis
3376 2223 3527 2276 illum

249 2317 501 2364 vestrum
525 2323 788 2380 perquam
823 2309 1092 2378 optimum
1121 2322 1185 2362 ac
1225 2322 1502 2362 summum
1549 2308 1761 2372 Jovem,
1800 2322 1925 2362 eum
1964 2309 2178 2365 exteris
2214 2310 2293 2365 ait
2329 2309 2436 2365 diis
2473 2309 2804 2365 collocutum
2828 2309 2896 2364 de
2917 2309 3150 2380 Egisthi
3181 2311 3450 2365 adulterio
3474 2321 3532 2366 et

247 2417 416 2476 pinna
446 2404 526 2458 illi
550 2404 737 2458 debita
762 2419 776 2457 :

249 2515 326 2574 Ὦ
354 2521 561 2582 πόποι,
587 2513 714 2571 οἷον
732 2515 806 2584 δή
829 2535 905 2571 νυ
932 2515 1106 2582 θεοὺς
1125 2515 1334 2584 βροτοὶ
1363 2515 1734 2570 αἰτιόωνται]

276 2591 380 2654 Ἐξ
401 2589 606 2657 ἡμέων
628 2588 736 2657 γάρ
764 2603 913 2656 φασι
936 2585 1068 2640 κάκ’
1099 2587 1364 2657 ἔμμεναι,
1381 2589 1435 2639 οἱ
1463 2585 1530 2657 δὲ
1557 2585 1654 2657 καὶ
1676 2585 1845 2657 αὐτοὶ

258 2655 488 2730 25010:}-
537 2655 983 2726 ἀτασθαλίῃσιν
1031 2657 1184 2724 ὑπὲρ
1226 2655 1418 2725 μόρον
1464 2656 1845 2796 ἇλγῧ)ἕχου·

1448 2741 1553 2780 σιν
1665 2765 1678 2779 .

272 2821 414 2876 ’Δνθ’
431 2823 554 2880 ὅτου
575 2820 684 2893 γὰρ
710 2821 984 2892 δὴ,φησὶν,
1004 2818 1357 2873 ὲπαιτιῶνταί
1376 2836 1519 2883 τινες
1539 2820 1666 2882 τοὺς
1683 2818 1839 2882 θεοὺς

1953 2512 2128 2580 Quam
2172 2521 2364 2566 temere
2407 2511 2623 2582 culpant
2665 2511 2902 2566 homines
2941 2530 3028 2582 pia
3061 2519 3281 2571 numina
3328 2519 3530 2575 divum!

1948 2584 2034 2655 Ex
2058 2583 2210 2655 nobis
2224 2583 2413 2655 etenim
2440 2581 2583 2655 male
2619 2583 2798 2634 dicunt
2827 2581 2975 2655 esse;
2994 2585 3084 2636 sed
3121 2587 3221 2655 ipsi

1942 2653 2155 2708 Prwter
2184 2654 2300 2722 fata
2331 2654 2440 2705 suis
2465 2653 2742 2722 patiuntur
2762 2660 2836 2704 tot
2865 2653 3010 2707 mala
3039 2653 3225 2726 culpis.

1941 2817 2113 2884 Quam
2143 2817 2214 2871 ob
2240 2832 2484 2883 causam,
2509 2818 2953 2888 inquit,nonnull
2987 2822 3120 2877 deos
3134 2834 3529 2882 accusanttan-

251 2909 324 2976 ὡς
351 2913 484 2984 παρ’
511 2911 692 2965 αὐτῶν
717 2911 932 2981 ἔχοντες
970 2910 1039 2964 τά
1071 2909 1238 2977 κακά,
1269 2909 1364 2963 καὶ
1401 2910 1522 2981 οὐχ).
1546 2910 1610 2980 δὴ
1642 2909 1842 2982 μᾶλλον

1947 2925 2107 2978 quam
2133 2909 2202 2962 ab
2220 2909 2328 2963 illis
2354 2909 2410 2962 in
2437 2926 2493 2963 se
2510 2910 2666 2980 201
2683 2911 2819 2965 mala
2845 2911 3189 2980 deriventur,
3220 2931 3283 2970 ac
3303 2932 3412 2972 non
3429 2934 3529 2988 po-

251 3005 348 3075 τῆς
400 3004 552 3074 σφῶν
606 3003 785 3057 αὐτῶν
853 3003 1132 3075 ἁμαρτίας
1190 3004 1707 3079 κατακεκράγασιν,
1767 3003 1843 3068 ὡς

249 3096 495 3167 ὲνιείσης
542 3096 739 3160 αὐτοὺς
790 3097 1130 3166 συμφοραῖς,
1164 3094 1259 3148 καὶ
1300 3097 1418 3160 ταῖς
1459 3095 1599 3167 ὑπὲρ
1639 3096 1840 3167 μόρον,

247 3189 535 3254 τουτέστι,
570 3189 663 3241 καὶ
706 3191 827 3251 ταῖς
877 3187 1021 3259 ὑπὲρ
1067 3186 1450 3258 Εἱμαρμένην,
1504 3187 1624 3257 ῆτοι
1673 3189 1735 3241 τὸ
1775 3189 1842 3259 τῇ

248 3281 586 3352 Εἱμαρμένῃ
608 3280 820 3336 δοκοῦν.
840 3279 1050 3334 Οὐκοῦν
1076 3282 1236 3352 εῐπερ
1257 3280 1432 3334 ἓλοιτό
1460 3297 1542 3344 τις
1563 3280 1844 3336 διαϐιῶναι

251 3372 350 3442 μὲν
382 3369 585 3442 ὀρθῶς,
608 3369 1000 3434 εύδουλοτάτας
1027 3370 1082 3423 δὲ
1107 3369 1202 3423 καὶ
1228 3369 1639 3434 ἐπιεικεστάτας
1664 3369 1762 3434 τάς
1786 3373 1844 3426 ὲν

247 3463 386 3534 τῷδε
416 3463 497 3531 τῷ
529 3461 630 3532 βίῳ
662 3462 934 3516 ποιεῖσθαι
955 3461 1255 3532 διατριϐὰς,
1279 3460 1632 3532 ὀρθοποδήσει
1658 3479 1716 3514 τε
1751 3463 1846 3515 καὶ

248 3555 566 3627 διανὴξεται
597 3554 662 3608 τά
690 3555 871 3622 δεινά,
917 3555 1143 3626 γνώμης
1185 3553 1322 3624 ἔχων
1349 3553 1516 3625 ὀρθῆς
1552 3554 1648 3606 καὶ
1693 3555 1846 3608 ἀδια-

249 3647 493 3716 στρόφου
515 3646 747 3716 καρπὸν,
774 3645 836 3698 τὸ
869 3646 943 3716 μὴ
970 3644 1234 3697 ὲναλῶναι
1263 3645 1451 3706 κακοῖς
1470 3661 1484 3674 ο
1521 3642 1615 3697 καὶ
1641 3643 1846 3714 ἀληθὴς

248 3740 278 3792 ὀ
308 3739 494 3807 λόγος.
545 3738 660 3808 Ἐφ’
702 3740 836 3809 ἡμῖν
880 3737 986 3809 γάρ
1026 3737 1212 3799 αὐτοῖς
1255 3737 1407 3799 ἐστι,
1441 3735 1502 3789 τὸ
1548 3736 1636 3788 ἐπ’
1680 3735 1846 3806 ἄμφω

253 3827 501 3898 βλέπειν,
546 3828 684 3898 πρός
730 3843 791 3880 τε
835 3825 895 3880 τὸ
935 3824 1136 3894 ἀγαθόν
1179 3841 1322 3894 φημι
1366 3823 1552 3877 καὶτὸ
1583 3823 1842 3877 ἐναντίονο

253 3920 352 3972 καὶ
386 3920 435 3970 οἱ
464 3918 564 3989 μὲν
588 3921 643 3973 ὲν
665 3918 810 3988 λόγῳ
838 3915 1236 3988 πεποιημένοι,
1257 3915 1318 3968 τὸ
1347 3913 1726 3983 θαυμάζεσθαι
1749 3929 1846 3966 πε-

255 4009 431 4078 φυκὸς
460 4008 555 4062 καὶ
583 4007 678 4080 τὴν
698 4009 779 4072 εἰς
802 4007 1068 4078 ὀρθότητα
1093 4005 1298 4078 τρίϐον,
1329 4006 1386 4058 ὲν
1417 4005 1566 4076 καλῷ
1590 4005 1846 4076 γενήσον-

256 4114 350 4149 ται
379 4097 476 4166 τῆς
505 4097 707 4167 ἀρετῆς
729 4114 742 4127 ο
774 4097 824 4149 ol
866 4096 922 4148 δὲ
965 4095 1344 4157 ἀποκλίνοντες
1385 4097 1464 4158 είς
1491 4094 1551 4146 τὸ
1583 4092 1844 4159 ἐναντίον,

260 4189 354 4240 καὶ
390 4187 502 4241 τῶν
538 4188 837 4258 ἀμεινόνων
870 4187 1162 4258 προθέντες
1190 4187 1250 4240 τὸ
1284 4185 1498 4240 ἀδικοῦν
1521 4224 1535 4250 ,
1567 4185 1721 4239 αὐτοὶ
1749 4185 1846 4255 τὴν

265 4280 401 4333 ίδίαν
471 4280 925 4352 καταφθείροντες
989 4279 1165 4351 ζωὴν,
1227 4277 1408 4332 ἁλοῖεν
1467 4276 1532 4332 ἂν
1589 4275 1847 4331 αὐθένται

261 4371 408 4434 τινὲς
445 4373 540 4424 καὶ
574 4371 832 4444 ὀλετῆρες
866 4371 1031 4424 δεινοὶ
1058 4371 1157 4442 τῆς
1197 4370 1346 4440 σφῶν
1393 4369 1571 4423 αὐτῶν
1605 4367 1848 4440 κεφαλῆς

263 4463 693 4534 ἐξεληλεγμένοι.
725 4464 848 4517 Ὀτι
877 4463 935 4517 δὲ
972 4464 1056 4532 ἐφ’
1084 4464 1216 4534 ἡμῖν
1258 4461 1442 4525 αὐτοῖς
1465 4461 1528 4514 τὸ
1563 4461 1650 4514 ἐπ’
1681 4461 1848 4531 ἄμφω

266 4555 486 4626 βλέπειν
524 4557 788 4620 κείσεται,
816 4556 1066 4627 καθάπερ
1105 4555 1240 4625 ἔφην
1265 4554 1469 4626 ἀρτίως
1491 4593 1506 4618 ,
1530 4554 1623 4608 καὶ
1647 4553 1848 4606 ἀναπε-

267 4648 545 4711 πτωκότες
578 4650 658 4712 είς
692 4647 906 4720 ἡδονάς,
933 4649 1034 4719 τῆς
1060 4647 1169 4702 τῶν
1195 4645 1586 4718 συμφερόντων
1612 4645 1847 4715 διαμαρ-

264 4741 499 4809 τάνομεν
525 4739 719 4811 θήρας,
756 4741 924 4810 σαφὲς
951 4741 1017 4794 ἂν
1042 4741 1268 4809 γένοιτο,
1309 4737 1632 4800 διαϐοῶντος
1663 4738 1847 4806 ἑτέρου

267 4830 373 4882 τῶν
392 4831 522 4901 παρ’
543 4832 728 4895 αὐτοῖς
753 4830 1010 4904 ποιητῶνο
1034 4829 1328 4901 Εὐριπίδης
1347 4822 1499 4892 οὗτος
1516 4823 1600 4896 ἦν.
1629 4825 1850 4879 Γύναιον

271 4919 369 4987 μὲν
407 4920 519 4991 γὰρ
576 4922 668 4974 ἐπὶ
722 4921 927 4992 σκηνῆς
981 4919 1298 4993 ἀρρωστοῦν
1353 4919 1525 4972 ἐποίει
1575 4918 1676 4990 τὴν
1721 4917 1850 4971 ἀκό-

269 5008 467 5063 λαστον
495 5011 704 5084 ἡδονὴν,
727 5009 847 5066 εἶτα
877 5013 976 5066 ούκ
1009 5007 1106 5065 οἷδ’
1133 5013 1281 5076 ὅπως
1313 5009 1633 5082 φιλοσοφοῦν
1660 5009 1850 5074 ἔδειξε,

272 5098 367 5150 καὶ
395 5099 576 5169 λέγον

281 5291 612 5386 ligo-($237701,
637 5299 950 5386 γυναῖκες,
985 5300 1048 5386 αἳ
1076 5299 1198 5354 τόδ’
1232 5299 1497 5386 ἔσχατον

281 5367 501 5419 οἰκεῖτε
540 5367 734 5434 χώρας
765 5371 1098 5436 Πελοπείας
1132 5367 1498 5438 apes-mittor,

357 5476 399 5506 ⁸⁸
429 5477 588 5531 Rom.
615 5495 654 5543 ι,
678 5481 864 5538 20-22.
949 5485 992 5517 ¹⁹
1027 5485 1129 5541 Job
1161 5501 1234 5552 ιι,
1269 5492 1320 5547 3.

366 5591 441 5661 (I)
476 5589 664 5662 Odyss.
688 5666 697 5671 ε

1947 3002 2056 3057 tius
2105 3003 2172 3056 de
2199 3002 2315 3056 suis
2364 3002 2608 3072 ipsorum
2634 3003 2878 3072 peccatis
2921 3014 3364 3075 conqueruntur,
3407 3027 3531 3083 qua:

1945 3093 2002 3148 in
2023 3092 2277 3147 miserias
2312 3107 2408 3146 eos
2452 3092 2775 3162 conjiciunt,
2807 3109 3009 3164 easque
3041 3103 3243 3165 praeter
3262 3098 3377 3154 Fati
3401 3117 3532 3157 con-

1945 3184 2236 3247 ditionem,
2267 3190 2362 3236 aut
2395 3190 2592 3251 prazter
2635 3181 2690 3236 id
2718 3185 2865 3252 quod
2915 3185 3048 3239 Fato
3099 3186 3387 3242 decretum
3434 3191 3526 3245 sit.

1946 3273 2002 3329 Si
2028 3272 2151 3343 quis
2200 3271 2364 3341 igitur
2397 3270 2696 3324 constituat
2739 3281 2886 3326 recte
2909 3271 3116 3337 vivere,
3165 3282 3221 3328 et
3244 3277 3532 3345 sapientis-

1945 3369 2083 3424 sime
2118 3367 2434 3437 optimeqne
2476 3364 2532 3418 in
2573 3365 2675 3418 hac
2713 3365 2824 3418 vita
2868 3365 3096 3430 versari,
3143 3367 3189 3420 is
3211 3375 3266 3420 et
3316 3377 3529 3423 rectum

1945 3471 2168 3514 cursum
2201 3455 2435 3519 tenebit,
2471 3461 2526 3508 et
2547 3469 2576 3509 e
2605 3455 2824 3508 casibus
2857 3455 3068 3524 asperis
3089 3456 3359 3521 elabetur,
3393 3474 3533 3514 suae-

1945 3564 2052 3620 que
2077 3555 2241 3602 rectaa
2269 3561 2332 3601 ac
2361 3548 2529 3600 tirmaz
2552 3545 2840 3602 sententia:
2866 3545 3019 3601 hunc
3068 3546 3311 3604 fructum
3343 3550 3528 3619 perci-

1944 3642 2079 3711 piet,
2114 3649 2175 3694 ut
2209 3639 2366 3694 malis
2413 3653 2526 3694 non
2573 3638 2919 3708 implicetur:
2967 3639 3132 3709 idque
3182 3641 3531 3698 verissimum

1944 3741 2048 3790 est.
2075 3733 2134 3788 In
2157 3742 2343 3788 nostra
2366 3748 2601 3802 namque
2627 3740 2711 3786 est
2745 3731 3004 3786 facultate
3029 3731 3218 3798 situm,
3267 3731 3324 3786 in
3353 3742 3531 3788 utram

1945 3823 2178 3878 velimus
2216 3829 2429 3892 partem
2479 3829 2752 3891 spectare,
2797 3819 2865 3873 ad
2909 3819 3134 3883 bonum,
3190 3819 3432 3888 inquam,
3461 3834 3530 3873 an

1947 3923 2137 3969 contra
2173 3913 2239 3967 ad
2266 3913 2468 3966 malum
2499 3930 2511 3965 :
2542 3927 2607 3966 ac
2653 3911 2747 3980 qui
2789 3911 2907 3981 ejus
2934 3910 3080 3979 quod
3106 3919 3298 3977 suapte
3333 3916 3529 3962 natura

1947 4013 2030 4060 est
2057 4005 2351 4058 honestum
2374 4009 2431 4057 et
2451 4001 2793 4065 admirabile,
2818 4010 2873 4055 et
2890 4001 3023 4054 recti
3047 4001 3261 4055 itineris
3282 4015 3530 4070 magnam

1948 4096 2214 4150 rationem
2241 4095 2465 4158 habent,
2508 4093 2576 4148 ad
2603 4093 2826 4147 virtutis
2848 4092 3135 4146 commoda
3166 4092 3529 4162 pervenient;

1949 4185 2044 4256 qui
2068 4199 2197 4239 vero
2247 4184 2302 4238 in
2325 4183 2659 4238 contrariam
2714 4190 2926 4252 partem
2973 4181 3320 4248 deﬂexerint,
3367 4191 3424 4238 et
3444 4198 3534 4238 res

1951 4266 2290 4347 perniciosas
2311 4273 2535 4344 optimis
2551 4273 2917 4344 praetulerint,
2944 4289 3056 4327 suae
3076 4273 3184 4344 ipsi
3215 4275 3340 4329 vita:
3363 4275 3532 4330 inter-

1953 4367 2091 4422 itum
2121 4363 2421 4430 aﬂ‘erendo,
2447 4373 2705 4434 tanquam
2733 4364 2817 4418 sui
2843 4363 3086 4434 ipsorum
3124 4364 3318 4434 capitis
3347 4363 3530 4420 sicarii

1956 4473 2022 4512 ac
2071 4455 2360 4527 parricida:
2406 4455 2675 4510 teterrimi
2717 4454 2955 4510 convicti
2994 4454 3345 4511 tenebuntur.
3399 4455 3532 4511 Esse
3627 4481 3642 4501 ι

1954 4561 2137 4606 autem
2182 4549 2237 4603 in
2261 4557 2448 4603 nostra
2471 4548 2638 4602 situm
2686 4555 2975 4618 potestate,
3005 4547 3061 4601 in
3098 4537 3278 4601 utram
3301 4545 3536 4602 velimus

1954 4650 2164 4710 partem
2192 4647 2463 4709 spectare,
2492 4645 2553 4692 ut
2577 4638 2885 4704 mododixi,
2911 4646 2968 4692 et
2990 4636 3121 4692 dum
3145 4637 3214 4691 ad
3227 4637 3538 4708 voluptates

1952 4731 2250 4794 inhiamus,
2295 4730 2558 4784 aberrare
2585 4744 2615 4782 a
2641 4743 2828 4783 rerum
2871 4728 3088 4783 utilium
3123 4728 3533 4792 consecutione,

1953 4822 2306 4892 perspicuum
2331 4820 2448 4875 ﬁeri
2477 4828 2656 4890 potest
2688 4820 3002 4875 testimonio
3038 4820 3265 4875 alterius
3289 4820 3533 4890 ipsorum

1955 4918 2165 4982 poetze:
2193 4909 2490 4980 Euripides
2511 4909 2601 4964 bie
2623 4918 2726 4964 est.
2747 4910 2796 4964 is
2823 4911 3024 4981 quippe
3055 4911 3437 4965 mulierculam
3477 4910 3535 4966 in

1954 5018 2119 5058 scena
2165 5001 2582 5072 intemperantis
2635 5000 2882 5056 lididinis
2929 5002 3138 5056 ‘morbo
3187 5002 3532 5056 laborantem

1956 5096 2113 5151 facit:
2161 5095 2362 5151 deinde
2407 5095 2571 5150 modo
2621 5095 2810 5151 nescio
2847 5111 2957 5164 quo
3000 5095 3247 5150 eamdem
3293 5094 3536 5165 philoso-

1957 5190 2098 5260 phan
2109 5198 2216 5244 tem
2238 5189 2450 5244 inducit
2476 5187 2549 5261 (2)
2581 5205 2644 5244 ac
2663 5189 2936 5245 dicentem
2958 5207 2970 5242 :

2101 5300 2144 5355 0
2165 5316 2280 5370 qua:
2301 5317 2576 5371 supremas
2611 5303 2764 5355 hasce
2787 5300 2990 5371 Pelopii
3027 5300 3126 5353 soli

2101 5370 2532 5435 ilabitatis'oras,
2558 5371 2799 5424 mulieres
2825 5370 3147 5449 Truezeniw,‘

2033 5586 2107 5654 (ἢ)
2138 5587 2194 5640 In
2230 5587 2507 5658 Hippolyto
2532 5595 2780 5639 coronato
