3990 6196
434 239 536 297 455

559 357 697 431 Olim
717 360 834 431 ipsa
860 357 1266 431 mecum,‘tarda
1299 357 1424 431 dum
1452 373 1556 411 nox
1578 355 1796 431 labitur,

573 429 686 498 Hoc
708 425 865 483 anxie
889 427 1123 498 quasivi,
1153 426 1409 497 quomodo
1439 436 1488 498 et
1511 425 1696 496 quibus

574 497 837 568 Corrupto
860 495 1031 568 causis
1056 495 1173 550 vitai
1189 497 1255 551 sit
1280 495 1604 550 mortalium.

574 568 649 637 Ac
677 566 800 621 mihi
824 567 1066 637 videntur
1091 583 1197 620 non
1234 582 1261 620 e
1283 583 1465 637 sensus
1488 566 1698 637 ingenio

571 636 639 708 [η
662 653 828 708 prava
857 636 986 707 ferri
1019 652 1036 689 :
1067 652 1298 708 namque
1321 635 1502 691 multis
1532 634 1621 689 cor
1644 634 1802 708 sapit.

572 655 639 692 ιη
700 655 828 690 rava
857 655 986 707 [errr
1019 655 1036 689 :
1067 655 1298 708 namque
1321 655 1502 691 mutus
1532 655 1621 689 cor
1644 655 1802 704 sapu.

572 655 808 789 §e¢£hwc
824 708 971 789 origo
997 716 1073 789 est
1098 709 1288 789 omnis,
1317 714 1375 759 ut
1398 710 1607 788 Opinor,
1635 703 1767 759 mali
1785 721 1803 757 :

572 775 734 848 [ltitia
750 775 921 830 cuncti
936 779 1131 848 scimus
1158 784 1206 829 et
1229 777 1586 848 cognoscimus
1608 792 1627 830 :

577 844 680 917 Sed
703 848 989 917 refugimus
1010 845 1238 917 laborem
1266 844 1448 901 εάἰίιιδ
1471 846 1710 917 ignavia,

572 916 722 987 Alius
745 914 959 987 honesto
985 916 1109 987 dum
1131 915 1460 987 voluptatem
1487 914 1609 987 ante
1641 914 1764 987 fert,

569 985 662 1041 Vel
680 988 833 1049 hanc,
856 985 939 1039 vel
967 984 1119 1039 illam
1146 1003 1165 1041 :
1191 984 1298 1040 vita
1325 1003 1449 1041 nam
1467 985 1662 1040 multas
1682 984 1856 1039 habet.

571 1056 835 1127 Nugando
856 1063 991 1127 totos
1013 1054 1108 1127 ille
1142 1056 1403 1127 consumit
1426 1055 1535 1109 dies
1561 1073 1579 1110 :

572 1124 727 1181 Hunc
754 1124 885 1180 nihil
908 1125 1099 1196 agendi
1119 1124 1271 1179 dulce
1298 1124 1520 1180 delectat
1543 1124 1766 1180 malum.

502 1240 766 1310 lntelligis
804 1255 915 1294 non
938 1239 1258 1305 Fortunam,
1289 1255 1399 1294 non
1426 1237 1644 1304 Ortum,
1676 1254 1789 1292 non
1824 1236 2018 1291 Fatum

430 1329 628 1401 priscis
670 1328 779 1382 illis
821 1328 956 1383 viris
986 1329 1318 1398 culpandum
1345 1328 1543 1394 videri,
1590 1327 1747 1396 quasi
1772 1342 1871 1397 per
1906 1326 2019 1380 vim

430 1437 587 1477 nosa
631 1427 781 1476 recta
810 1421 1106 1485 sententia,
1136 1419 1315 1488 iisque
1361 1419 1531 1473 rebus
1574 1418 1836 1489 depellat,
1883 1432 2020 1487 quas

435 1508 701 1568 honestas
747 1526 869 1567 esse
916 1510 1320 1567 didicerimus?
1359 1508 1634 1580 Corrupta
1678 1524 1915 1579 namque
1937 1514 2021 1563 est
2064 1568 2069 1571 χ

427 1605 542 1659 vita
565 1605 902 1670 mortalium,
930 1603 1129 1674 inquit,
1157 1618 1269 1657 non
1292 1616 1322 1657 e
1350 1616 1544 1656 sensus
1568 1600 1807 1671 ingenio,
1834 1599 1889 1654 id
1913 1606 2017 1663 est,

1455 235 1511 291 S.
1551 233 1827 291 CYRILLI
1865 232 2336 291 ALEXANDRINI
2371 227 2692 290 ARCHIEP.

2038 355 2086 413 Α
2116 351 2261 417 Ἤδη
2288 352 2419 404 ποτ’
2460 350 2662 418 ἄλλως
2688 352 2912 420 νυκτὸς
2933 351 3007 405 ἐν
3035 348 3242 420 μωρῷ
3273 352 3471 419 χρόνῳ

2117 420 2363 488 Θνητῶν
2391 422 2698 490 ἐφρόντιοθ
2710 461 2728 486 ,

2113 492 2226 546 Kal
2252 509 2353 559 μοι
2387 490 2678 546 δοκοῦσιν
2706 490 2787 546 οὗ
2821 491 2970 546 κατὰ

2115 556 2425 631 Πράὸνσειν
2454 561 2689 615 κάκιον*
2718 562 2850 631 ἐστι
2869 563 2981 631 γὰρ
3009 556 3076 614 τὸ
3113 556 3182 631 εὖ
3211 556 3459 630 φρονεῖν

2116 630 2471 686 Πολλοῖσιν.
2518 631 2702 685 Ἀλλὰ
2728 629 2886 699 τῇδε
2915 629 3397 698 ἀθριητέοντόδε⁸

3594 235 3695 293 456

2827 420 3171 509 διέρθαρζαι
3195 421 3359 509 βίος.

3003 506 3240 560 mane
3262 506 3453 560 φυσιν

2121 700 2197 755 Τὰ
2226 700 2442 769 χρήστ’
2469 698 2838 771 ἐπιστάμεθα
2863 703 2962 756 καὶ
2990 698 3381 771 γινώσκομεν,

2122 721 2197 755 1a
2226 721 2425 769 χρηστ
2469 721 2838 771 επισταμευα
2863 721 2962 756 και
3028 721 3381 771 ινωσκομεν,

2120 771 2244 823 Οὐκ
2280 771 2659 840 ἐκπονοῦμεν
2710 770 2812 836 δὲ,
2846 775 2900 826 οἱ
2939 721 3055 840 μῖν-
3088 770 3300 839 ἁργιας
3337 773 3487 839 ὕπο,

2122 842 2187 892 οι
2211 839 2264 892 δ’
2298 839 2535 907 ἡδονὴν
2555 841 2876 907 προθέντες
2905 839 3037 896 dm
3069 841 3177 894 τοῦ
3202 843 3394 897 καλοῦ

2124 911 2362 977 ’Ἄλλην
2389 912 2521 963 τιν’.
2558 910 2695 964 Εἰσί
2729 910 2783 965 δ’
2818 910 3033 979 ἡδοναὶ
3078 913 3490 979 πολλαίβίου,

2117 980 2354 1049 Μακραί
2374 997 2440 1034 τε
2484 980 2736 1050 λέσχαι,
2772 982 2875 1037 καὶ
2916 984 3117 1053 σχολὴ
3141 1021 3157 1047 ,
3188 985 3449 1053 τερπνὸν
3485 989 3700 1043 κακόν.

2190 1231 2388 1303 Συνίης
2431 1230 2580 1296 ὅπως
2609 1231 2670 1286 οὐ
2705 1230 2886 1304 Τύχην
2914 1271 2929 1299 ,
2966 1232 3029 1286 οὐ
3065 1232 3284 1288 Γένεσιν
3306 1275 3321 1301 ,
3362 1235 3460 1307 οὐχ
3494 1239 3697 1309 Elpeo-

2124 1321 2295 1393 μένην
2323 1322 2438 1384 τοῖς
2467 1320 2847 1391 ἀρχαιοτέροις
2877 1321 3155 1375 αἰτιᾶσθαι
3181 1322 3348 1389 δοκεῖ,
3377 1322 3453 1387 ὡς
3479 1325 3706 1391 ἐξωθοῦ.

2122 1429 2223 1467 σαν
2271 1413 2420 1484 ἡμᾶς
2462 1412 2559 1466 σὺν
2600 1410 2690 1483 βίᾳ
2719 1412 2817 1483 τῆς
2862 1412 3216 1485 ἐγνωσμένης
3247 1413 3575 1486 ὀρθότητος,
3609 1419 3704 1471 καὶ

2121 1499 2197 1560 ὧν
2240 1504 2306 1558 ἂν
2340 1502 2605 1575 μάθοιμεν
2653 1500 2794 1558 εἶναι
2845 1504 3132 1577 χρηστῶν;
3168 1505 3499 1578 Διέφθαρται
3528 1507 3639 1579 γὰρ
3677 1513 3706 1565 ό

2123 1595 2236 1667 βίος
2267 1594 2374 1650 τῶν
2398 1595 2493 1648 ἐπὶ
2513 1597 2612 1668 τῆς
2639 1597 2766 1667 γῆς,
2792 1598 2982 1669 φησὶν,
2999 1598 3061 1650 οὐ
3095 1597 3235 1652 κατὰ
3264 1598 3492 1671 γνώμης
3516 1600 3703 1670 φύσιν,

428 1712 540 1751 non
569 1712 637 1752 eo
659 1696 810 1767 quod
853 1711 1083 1768 pravum
1122 1701 1324 1750 natura
1347 1708 1570 1749 sensum
1601 1691 1841 1747 habeant
1884 1708 1896 1744 :
1927 1689 2023 1744 sed

2131 1689 2438 1753 τουτέστιν,
2465 1688 2564 1758 οὐχ
2606 1689 2687 1742 ὅτι
2728 1689 2972 1760 πονηρὰν
3004 1689 3189 1760 έχουσι
3222 1691 3365 1744 κατά
3407 1693 3568 1760 φύσιν
3603 1693 3705 1765 τὴν

429 1791 577 1863 quod
608 1807 671 1846 ea
705 1806 827 1860 quae
859 1796 1008 1844 recte
1046 1793 1372 1850 senserunt,
1408 1783 1710 1839 laborando
1751 1783 2016 1853 perﬁcere

428 1884 645 1939 nolunt.
672 1882 832 1951 202
862 1881 931 1935 Et
953 1896 1075 1950 qua:
1098 1880 1263 1950 hujus
1289 1878 1371 1933 rei
1407 1892 1573 1933 causa
1595 1876 1713 1931 est?
1735 1875 1845 1930 Aut
1867 1877 2016 1932 enim

430 1974 665 2047 ignavia,
703 1972 901 2042 inquit,
932 1972 1005 2025 ita
1047 1971 1170 2025 illos
1202 1968 1494 2040 impedivit
1517 1976 1578 2024 ut
1603 1967 1672 2023 ad
1697 1968 1871 2023 otium
1902 1969 2015 2023 hae-

432 2075 649 2133 rerent;
679 2073 775 2119 aut
824 2064 1074 2133 voluptas
1107 2062 1290 2132 aliqua
1322 2061 1448 2116 vine
1482 2061 1807 2130 subrepens,
1832 2068 1888 2115 et
1918 2061 2019 2115 ad-

429 2172 624 2213 versus
651 2156 909 2211 utilitatis
928 2154 1204 2208 rationem
1231 2168 1350 2208 sese
1377 2168 1681 2223 opponens,
1705 2168 1736 2208 a
1768 2168 2020 2208 necessa-

432 2245 530 2301 riis
554 2245 721 2300 rebus
743 2242 1116 2315 adipiscendis
1132 2241 1381 2308 abduxit,
1404 2249 1460 2297 et
1475 2243 1584 2298 alio
1604 2250 1846 2299 mentem
1865 2259 2023 2299 aver-

433 2338 500 2391 tit
525 2355 541 2402 ;
567 2337 873 2393 faciliorem
913 2350 1036 2392 esse
1060 2335 1300 2391 suadens
1321 2336 1490 2401 viam,
1524 2351 1632 2406 qua
1654 2335 1722 2390 ad
1746 2334 2020 2407 ignaviam

432 2428 697 2484 tenditur.
734 2428 1166 2484 Innumerabilia
1197 2428 1283 2482 his
1303 2428 1547 2499 adjicere
1581 2442 1650 2482 ex
1685 2443 1880 2483 eorum
1915 2442 2020 2484 au-

431 2522 680 2577 ctoribus
702 2522 1098 2592 potuissemus,
1114 2528 1170 2575 et
1189 2520 1414 2590 quidem
1438 2520 1713 2579 facillime.
1735 2520 1843 2577 Sed
1859 2511 2019 2578 audi-

433 2617 670 2680 toribus,
697 2631 819 2685 quae
857 2623 985 2670 sunt
1016 2614 1169 2679 satis,
1203 2614 1398 2669 eadem
1425 2614 1671 2686 jucunda
1703 2630 1846 2681 esse,
1897 2615 2023 2688 quis

433 2705 684 2761 dubitet?
708 2704 897 2775 Itaque
922 2704 1192 2759 orationis
1218 2704 1503 2761 fastidium
1520 2705 1811 2777 fugiemus.

503 2794 700 2849 PALL.
726 2793 895 2849 Recte
918 2793 1018 2848 ais.
1039 2792 1168 2860 Sed,
1194 2794 1242 2849 si
1259 2794 1362 2860 vis,
1390 2794 1666 2865 inquiunt,
1690 2795 1807 2850 hate
1830 2795 2018 2852 mitte:

435 2885 569 2941 illud
598 2885 784 2955 potius
810 2885 1011 2955 cogita,
1040 2886 1319 2956 quomodo
1348 2886 1629 2957 sapienter
1666 2887 2019 2958 respondeas,

435 2977 481 3031 si
508 2977 601 3047 qui
631 2982 682 3031 te
710 2984 925 3047 rogent,
944 2993 1194 3047 quaenam
1221 2979 1398 3049 possit
1418 2979 1717 3051 excogitari
1752 2979 1893 3034 ratio
1916 2979 2022 3034 hu-

2125 1781 2368 1852 γνώμηνο
2395 1782 2509 1835 ἀλλ’
2531 1783 2614 1835 ὅτι
2645 1780 2719 1853 μὴ
2741 1782 2991 1836 ἐκπονεῖν
3018 1782 3261 1837 ἐθέλουσι
3289 1784 3357 1838 τά
3384 1786 3711 1857 ἐγνωσμένα

2124 1874 2356 1946 χρηστά.
2391 1875 2503 1930 Καὶ
2549 1874 2632 1939 τίς
2679 1875 2713 1945 ἠ
2744 1874 2899 1929 τοῦδε
2926 1876 3234 1946 πρόφασις;
3284 1878 3356 1930 Ἢ
3387 1878 3497 1949 γὰρ
3524 1879 3705 1943 δκνος,

2126 1966 2311 2036 φησὶν,
2347 1965 2577 2038 ἐπέδησε
2626 1965 2765 2036 πρὸς
2811 1966 3032 2037 ἀργίαν,
3079 1968 3235 2039 ἣτις
3271 1970 3376 2023 τῶν
3422 1971 3564 2024 κατά
3611 1974 3709 2026 τὸν

2127 2056 2240 2127 βίον
2272 2057 2472 2127 ἡδονῶν
2509 2056 3005 2129 ἀντεισδραμοῦσα,
3035 2060 3200 2128 φησὶ,
3234 2061 3330 2114 καὶ
3372 2061 3468 2115 τοῦ
3499 2064 3711 2133 συμφέ-

2132 2164 2318 2218 ροντος
2342 2147 2763 2219 ἀντανίσχουσα,
2797 2151 2896 2221 τῆς
2912 2149 3020 2203 τῶν
3049 2151 3363 2219 ἀναγκαίων
3391 2153 3701 2225 ἀπεκόμιζε

2128 2239 2321 2311 θήρας,
2346 2239 2442 2295 καὶ
2487 2240 2895 2314 ἀπεὸουκόλησε
2928 2243 3022 2297 τὸν
3052 2244 3206 2309 νοῦν,
3252 2245 3530 2319 λειοτέραν
3565 2249 3711 2303 ἀπο-

2128 2332 2395 2403 φαίνουσα
2431 2329 2531 2405 τὴν
2564 2332 2645 2397 είς
2685 2333 2959 2405 ρᾳθυμίαν
2997 2335 3138 2391 ὁδόν.
3180 2336 3368 2408 Μυρία
3405 2336 3462 2390 δὲ
3484 2337 3552 2393 ἂν
3579 2339 3711 2394 τοῦ·

2127 2439 2242 2488 τοις
2280 2422 2740 2496 ἐπεσωρεύσαμεν
2769 2424 2877 2478 τῶν
2906 2428 3038 2497 παρ’
3067 2426 3271 2491 αὐτοῖς,
3313 2428 3409 2481 καὶ
3438 2431 3614 2501 ῥᾷστά
3641 2446 3714 2498 γε

2127 2515 2209 2587 δή.
2254 2516 2328 2569 Τὸ
2365 2515 2421 2570 δέ
2459 2515 2743 2588 ἀποχρῶν,
2778 2516 2858 2570 ὅτι
2900 2520 3013 2581 τοῖς
3055 2518 3423 2591 ἀκροωμένοις
3457 2522 3586 2594 ἡδὺ,
3621 2524 3710 2589 τίς

2130 2606 2197 2662 ἀν
2219 2608 2524 2675 ἐνδοιάσαι;
2556 2608 2833 2680 τοιγάρτοι
2866 2608 2961 2663 καὶ
2975 2609 3280 2682 διωσόμεθα
3302 2612 3395 2667 τοῦ
3424 2614 3582 2684 λόγου
3613 2616 3711 2671 τὸν

2128 2702 2305 2774 δχλον.
3298 2704 3304 2710 ·

2200 2796 2408 2850 ΠΔΛΛ.
2448 2792 2652 2866 Ὀρθῶς
2680 2793 2837 2866 ἔφης.
2881 2794 3022 2848 ’Δλλ’
3043 2795 3092 2848 εἰ
3120 2794 3320 2865 βούλει,
3345 2797 3498 2867 φασὶ,
3534 2798 3709 2853 ταῦτα

2128 2890 2194 2961 δὴ
2220 2887 2404 2961 μέθες.
2441 2886 2665 2940 Διανοοῦ
2700 2887 2756 2939 δὲ
2785 2887 2934 2951 ὅπως
2962 2887 3278 2960 ἀπολογήσῃ
3313 2888 3512 2959 σοφῶς,
3544 2893 3711 2961 εἰπερ

2131 2979 2341 3051 ἐροιντό
2377 2996 2545 3045 τινες,
2568 2979 2653 3042 τίς
2701 2976 2768 3032 ἂν
2811 2980 2983 3032 νοοῖτο
3026 2979 3187 3050 τυχὸν
3228 2982 3257 3034 ὁ
3306 2980 3464 3049 λόγος
3505 2982 3603 3053 τῆς
3648 2984 3709 3036 ἐν

435 3068 519 3139 jus
549 3074 752 3123 nostra;
783 3067 1170 3138 inaequalitatis
1194 3077 1250 3124 et
1272 3069 1629 3136 confusionis,
1656 3086 1777 3141 quae
1806 3085 2023 3126 sursum

2131 3074 2263 3142 ἡμῖν
2305 3070 2656 3140 ἀνισότητος,
2700 3070 2798 3124 καὶ
2843 3068 2939 3123 τοῦ
2985 3070 3099 3125 ἀνω
3135 3088 3196 3124 τε
3243 3072 3338 3126 καὶ
3381 3073 3532 3127 κάτω
3561 3051 3708 3147 παρ’

434 3164 697 3217 deorsum
723 3166 782 3214 et
806 3168 1007 3230 praeter
1030 3161 1294 3216 meritum
1317 3162 1645 3233 plerumque
1677 3163 1869 3219 turbat
1904 3177 2026 3217 om-

434 3250 526 3308 nia
557 3268 570 3303 :
596 3265 726 3306 nam
751 3266 1076 3321 perversum
1117 3251 1401 3308 hominem
1426 3251 1769 3309 fortunatum
1803 3270 1868 3310 ac
1889 3254 2030 3311 divi-

437 3353 547 3401 tem
569 3343 757 3400 videre
781 3343 932 3410 licet,
975 3351 1033 3400 et
1068 3345 1311 3400 vicissim
1349 3361 1728 3417 saepenumero
1767 3349 2024 3419 probum,

438 3442 492 3491 et
510 3436 740 3492 summis
755 3436 1016 3492 laudibus
1030 3435 1281 3508 dignum,
1309 3436 1367 3491 in
1392 3438 1690 3494 contrariis
1710 3438 1878 3496 rebus
1899 3455 2027 3496 ver-

439 3529 571 3585 sari.

505 3618 662 3674 CYR.
694 3618 1005 3674 Obscurum
1028 3628 1114 3675 est
1136 3620 1192 3676 id
1230 3619 1501 3690 profecto,
1525 3628 1582 3676 et
1604 3620 1840 3677 arduum
1871 3637 2025 3692 sane,

441 3709 668 3779 Palladi,
697 3709 865 3778 idque
888 3711 1264 3781 pervestigare
1299 3711 1462 3779 velle,
1489 3727 1613 3767 mea
1635 3712 1860 3782 quidem
1896 3729 2027 3771 sen-

441 3799 640 3866 tentia,
672 3799 930 3855 humanaa
953 3809 1166 3856 natura:
1208 3801 1433 3857 modum
1468 3803 1751 3875 egreditur
1774 3820 1838 3860 ac
1860 3819 2025 3876 supe-

443 3897 530 3945 rat
573 3909 586 3945 :
633 3890 839 3947 divinis
872 3892 1023 3948 enim
1046 3893 1269 3966 judiciis
1311 3896 1617 3952 concedere
1657 3911 1883 3952 necesse
1919 3904 2023 3953 est.

440 3979 534 4047 Ac,
562 3981 835 4052 siquidem
859 3991 1009 4038 recte
1036 3984 1243 4041 sentire
1280 3987 1537 4052 velimus,
1578 3987 1682 4043 soli
1712 3987 1792 4042 illi
1830 4002 2025 4058 supre-

440 4090 542 4132 mae
589 4082 646 4128 et
709 4073 1122 4146 incorruptibili
1168 4078 1339 4132 menti
1389 4078 1555 4149 hujus
1614 4078 2028 4149 gubernationis

437 4164 724 4219 scientiam
750 4166 1091 4235 tribuemus;
1121 4167 1192 4223 ad
1228 4184 1294 4225 ea
1319 4171 1504 4240 potius
1525 4185 1649 4241 quae
1670 4178 1799 4226 sunt
1828 4171 1886 4225 in
1905 4180 2025 4224 ma-

452 4252 619 4307 nibus
640 4268 953 4324 pergemus,
980 4272 1103 4327 qua:
1140 4258 1307 4312 etiam
1332 4274 1460 4314 cum
1482 4259 1672 4315 labore
1697 4260 1791 4315 vix
1812 4274 1841 4314 a
1864 4257 2027 4314 nobis

437 4345 818 4412 inveniuntur,
858 4355 919 4402 ut
952 4350 1253 4421 Scriptura:
1278 4351 1586 4406 tradunt".
1613 4351 1741 4418 Sed,
1769 4353 1898 4423 quia
1924 4353 2024 4408 de-

439 4434 714 4492 fendenda
739 4446 843 4502 est,
869 4439 1086 4510 Opinor,
1127 4456 1158 4493 a
1183 4440 1366 4504 nobis,
1404 4441 1499 4496 ubi
1528 4442 1683 4496 locus
1705 4442 1887 4509 datur,
1911 4444 2029 4500 haec

441 4528 580 4583 ratio
618 4547 630 4582 :
674 4545 772 4600 age
811 4542 913 4584 nos
947 4546 1166 4600 quoque
1204 4530 1271 4585 ad
1300 4530 1434 4585 illud
1476 4531 1780 4586 veniamus.
1821 4534 2030 4589 Vanam

441 4635 563 4676 esse
604 4621 769 4691 paulo
793 4629 919 4675 ante
946 4621 1239 4691 impiorum
1271 4622 1557 4677 hominum
1588 4622 1906 4693 Opinionem
1931 4641 2023 4681 ar-

442 4712 762 4782 guebamus,
789 4727 914 4766 cum
952 4711 1100 4766 haud
1131 4712 1326 4768 alienis
1367 4712 1902 4782 ratiocinationibus,
1930 4716 2027 4772 sed

433 4803 765 4860 necessariis
790 4803 1083 4858 sententiis
1126 4803 1547 4860 ostenderemus
1580 4804 1810 4862 humani
1852 4807 2022 4863 animi

444 4894 813 4963 gubernacula
860 4908 971 4949 non
1018 4910 1188 4965 penes
1226 4894 1420 4952 Ortum
1471 4911 1622 4965 esse,
1680 4913 1860 4969 neque
1902 4899 2023 4955 Fati

444 4984 642 5039 durum
661 4994 717 5040 et
742 4985 1060 5042 inevitabile
1093 4988 1285 5059 jugum
1322 4989 1485 5045 nobis
1524 4990 1842 5060 impositum
1884 4991 2023 5047 :sed

444 5090 628 5131 rerum
662 5093 784 5147 quae
810 5078 1086 5133 electione
1108 5079 1246 5134 ﬁunt
1276 5089 1603 5151 potestatem
1635 5098 1804 5152 penes
1833 5083 2024 5140 unius-

445 5168 705 5239 cujusque
726 5169 1017 5225 arbitrium
1043 5188 1186 5238 esse,
1213 5173 1268 5227 in
1285 5173 1555 5244 nobisque
1578 5173 1713 5244 ipsis
1744 5175 1934 5241 situm,
1960 5186 2022 5231 ut

445 5259 807 5332 quodcunque
829 5261 1004 5318 visum
1029 5264 1218 5331 fuerit,
1257 5265 1437 5321 facere
1474 5266 1878 5338 aggrediamur,
1905 5268 2021 5324 sive

441 5355 575 5415 illud
607 5355 814 5412 bonum
860 5356 954 5424 sit,
1002 5359 1117 5415 sive
1171 5361 1396 5415 malum.
1443 5360 1711 5430 Equidem
1738 5360 2022 5419 felicitatis

508 5512 555 5544 ³⁸
590 5511 719 5583 Sap.
754 5527 830 5580 ιτ,
868 5512 955 5569 16.

518 5666 593 5737 (Ι)
629 5667 717 5725 Sic
742 5670 862 5729 cod.
905 5669 1104 5751 Vatic.;
1134 5669 1307 5743 codex
1336 5668 1545 5744 Sirleti,
1592 5668 1684 5740 εῷ.

2128 3157 2287 3224 ἀξίαν
2329 3157 2441 3213 ἐσθ’
2492 3159 2603 3213 ὅτε.
2646 3158 3036 3231 Εὑημεροῦντα
3085 3161 3182 3232 μὲν
3230 3162 3339 3233 γὰρ
3388 3164 3484 3217 καὶ
3536 3163 3706 3217 πλου-

2129 3252 2328 3307 τοῦντα
2368 3252 2460 3306 τδν
2502 3249 2740 3322 πονηρὸν
2783 3250 3098 3322 καταθεῷτό
3141 3270 3226 3317 τις
3274 3253 3373 3318 ἂν,
3410 3254 3467 3306 ἐν
3501 3271 3566 3324 γε
3593 3256 3711 3318 τοῖς

2129 3343 2397 3407 ἐναντίοις
2436 3343 2699 3412 γεγονότα
2744 3340 3007 3407 πολλάκις
3039 3341 3132 3395 τὸν
3174 3343 3417 3415 ἐπιεικῆ,
3456 3344 3553 3398 καὶ
3597 3344 3709 3398 τῶν

2128 3434 2211 3499 είς
2232 3432 2387 3504 λῆξιν
2418 3433 2661 3505 ἡκόντων
2689 3432 2928 3487 ἐπαίνων
2949 3433 3190 3506 ἔμπλεω.

2200 3612 2364 3668 ΚΥΡ.
2396 3612 2744 3668 Δυσέποπτον
2783 3611 3000 3684 ἀληθῶς
3037 3614 3133 3667 καὶ
3160 3612 3480 3684 δυσέφικτον
3507 3612 3706 3689 κομιδῆ

2127 3705 2188 3761 τδ
2228 3705 2420 3779 χρῆμά
2452 3708 2622 3775 ἐστιν,
2656 3700 2702 3760 ὦ
2739 3705 3035 3773 Παλλάδιε,
3066 3706 3159 3761 καὶ
3199 3707 3262 3761 τὸ
3302 3708 3461 3761 ταυτὶ
3493 3709 3557 3779 δὴ
3587 3708 3715 3780 βού-

2126 3799 2318 3854 λεσθαι
2366 3799 2847 3871 πολυπραγμονεῖν
2907 3798 3073 3870 φαίην
3125 3799 3194 3853 ἂν
3237 3788 3413 3870 ἔγωγε
3457 3799 3568 3854 τῶν
3605 3799 3717 3873 τῆς

2127 3891 2546 3963 ἀνθρωπότητος
2592 3890 2810 3962 μέτρων
2860 3890 3118 3944 ἐπέκεινά
3166 3908 3226 3944 τε
3278 3893 3374 3946 καὶ
3419 3892 3711 3949 ἀνωτάτω.

2127 3981 2305 4047 Θείοις
2358 3982 2473 4054 γὰρ
2525 3981 2758 4055 κρίμασι
2822 3983 3175 4054 παραχωρεῖν
3238 3984 3554 4053 ἀναγκαῖονο
3611 3985 3716 4038 καὶ

2109 4072 2287 4144 ,εἰπερ
2332 4073 2588 4145 ἑλοίμεθα
2632 4076 2848 4145 φρονεῖν
2876 4074 3084 4146 ὀρθῶς,
3132 4073 3279 4146 μόνῳ
3320 4075 3407 4146 δὴ,
3439 4076 3584 4147 μόνῳ
3626 4077 3714 4147 τῷ

2128 4165 2419 4238 ὑπερτάτῳ
2460 4166 2555 4219 κα)⁸
2597 4166 2862 4238 ἀκηράτῳ
2897 4166 2972 4237 νῷ
3004 4166 3081 4238 (1)
3113 4166 3214 4237 τῆς
3242 4169 3553 4238 οἰκονομίας
3606 4168 3716 4240 τὴν

2126 4258 2327 4327 γνῶσιν
2350 4257 2704 4323 ἀνάπτοντες,
2719 4257 2854 4329 πρὸς
2868 4259 2936 4311 τὰ
2952 4261 3010 4313 ἐν
3025 4276 3085 4330 χε
3094 4259 3180 4330 pel
3200 4259 3383 4330 βαδιοὺ
3389 4259 3545 4331 μεθα,
3560 4259 3596 4314 ἃ
3612 4262 3716 4315 καὶ

2132 4346 2368 4419 σὺν’βίᾳ
2419 4346 2571 4419 μόλις
2625 4349 2762 4420 πρὸς
2808 4350 2966 4422 ἡμῶν
3009 4349 3361 4422 εὑρίσκεται,
3419 4353 3559 4406 κατά
3604 4352 3717 4416 τὰς

2132 4440 2376 4511 Γραφάς.
2419 4439 2638 4512 Ἐπειδὴ
2682 4440 2739 4494 δὲ
2789 4436 2942 4513 οἶμαι
2986 4441 3097 4495 δεῖν
3140 4443 3280 4497 κατὰ
3322 4443 3383 4497 τὸ
3429 4442 3718 4514 ἐγχωροῦν

2127 4530 2429 4601 ἐπαμύνειν
2479 4532 2629 4602 ἡμᾶς
2690 4531 2769 4603 τῷ
2830 4532 3006 4604 λόγῳ,
3057 4534 3192 4605 φέρε
3248 4535 3342 4588 καὶ
3394 4536 3560 4606 ἡμεῖς
3616 4535 3715 4588 ἐπ’

2126 4619 2304 4675 ἐκεῖνο
2347 4623 2536 4694 ἴωμεν.
2586 4623 2793 4678 Ἕωλον
2822 4624 3026 4696 ἀρτίως
3068 4625 3178 4679 τῶν
3219 4624 3395 4680 ἀθέων
3424 4626 3521 4697 τὴν
3548 4626 3719 4691 δόξαν

2125 4714 2537 4787 ἀπηλέγχομεν,
2559 4716 2657 4769 οὐκ
2680 4713 2995 4786 ἐξαγωνίοις
3013 4715 3089 4790 (2)
3113 4715 3386 4789 χρώμενοι
3406 4718 3717 4789 λογισμοῖς,

2131 4807 2244 4863 ἀλλ’
2299 4808 2359 4875 ἐξ
2416 4807 2733 4877 ἀναγκαίων
2777 4808 2999 4863 ἐννοιῶν
3029 4809 3442 4879 ἀποφαίνοντες,
3494 4813 3575 4866 ὃτι
3609 4814 3719 4885 τῆς

2130 4898 2420 4970 ἀνθρώπου
2478 4900 2721 4965 διανοίας
2776 4901 2837 4955 οὐ
2884 4900 3097 4970 γένεσις
3143 4902 3257 4973 ἔχει
3314 4903 3442 4967 τοὺς
3490 4904 3717 4968 οἴακας,

2131 4988 2245 5046 ἀλλ’
2278 4990 2386 5044 οὐδ’
2419 4992 2776 5064 Εἱμαρμένης
2813 4991 2945 5063 ἡμῖν
2987 4994 3222 5064 σκληρός
3250 5011 3308 5047 τε
3353 4994 3448 5048 καὶ
3494 4993 3717 5048 δυσδιά-

2128 5103 2331 5156 φυκτος
2388 5085 2718 5162 ἐπέρῤιπται
2764 5082 2961 5154 ζυγὸς,
3012 5085 3128 5140 ἀλλ’
3172 5088 3255 5140 ὅτι
3295 5086 3463 5157 κυρία
3494 5085 3603 5139 τῶν
3651 5088 3719 5139 ἐν

2129 5179 2339 5250 αἱρέσει
2369 5178 2660 5249 πρακτέων
2690 5181 2723 5247 ὴ
2767 5177 2997 5232 ἑκάστου
3046 5178 3272 5251 γνώμη,
3317 5180 3414 5233 καὶ
3452 5181 3539 5249 ἐφ’
3575 5182 3714 5249 ἡμῖν

2128 5271 2312 5331 αὐτοῖς
2338 5270 2400 5324 τὸ
2434 5269 2653 5323 ἑλέσθαι
2685 5270 2820 5343 δρᾷν
2846 5270 2907 5323 τὸ
2931 5270 3152 5338 δοκοῦν,
3195 5271 3295 5325 εἴτ’
3325 5271 3564 5340 ἀγαθὸν,
3596 5270 3716 5323 εἴτε

2129 5358 2351 5429 φαῦλον.
2395 5360 2888 5432 Καταλογισαίμην
2916 5360 3027 5434 γὰρ
3065 5360 3241 5431 ἔγωγε
3273 5361 3374 5435 τῆς
3404 5359 3713 5433 εὐημερίας

2200 5666 2278 5739 (2)
2316 5666 2610 5740 Legebatm
2644 5668 2742 5740 οὐχ
2774 5670 2923 5735 ἐξατ.
