3990 6196
276 226 386 278 457

271 432 425 504 ἔχειν
456 431 867 502 ὑπειλημμένον
889 470 903 495 ,
933 431 1035 485 οὐκ
1058 432 1116 484 ὲν
1144 425 1226 494 οἷς
1259 430 1318 483 τὸ
1346 429 1598 500 βδελυρὸν
1625 430 1717 482 καὶ
1745 430 1868 499 γήϊ-

272 541 368 579 νον
396 523 462 596 δὴ
502 525 654 578 τουτὶ
693 524 946 595 σπαταλᾷ
980 524 1237 595 σαρκίον,
1269 523 1386 576 ἀλλ’
1415 523 1501 591 ἐφ’
1542 517 1623 585 οἷς
1668 522 1735 576 ἂν
1776 523 1868 591 γέ-

268 636 421 672 νοιτο
461 619 562 690 τῆς
611 617 836 671 αἰωνίου
888 617 1036 688 ζωῆς
1084 616 1413 687 μεταλαχεῖν
1459 614 1721 668 δύνασθαι
1769 613 1867 686 τὴν

276 712 422 783 ὑπὲρ
462 710 626 781 σῶμα
664 710 862 781 ψυχήν·
894 706 1004 763 εἶεν
1031 708 1075 763 δ’
1097 709 1185 776 ἂν,
1229 708 1407 781 οἶμαι,
1450 708 1638 773 ταυτὶ,
1679 708 1747 761 τὰ
1787 709 1867 773 είς

274 803 485 876 ἀρετὴν
516 802 909 873 σπουδάσματα
929 843 943 867 ,
972 803 1066 855 καὶ
1094 803 1128 873 ἡ
1159 803 1219 855 ἐν
1254 801 1435 854 πίστει
1465 818 1525 854 τε
1557 800 1651 854 καὶ
1683 800 1867 872 ἔργοις

275 896 628 967 λαμπρότης.
674 894 741 947 Εἰ
799 894 900 964 μὲν
946 886 1039 948 οὖν
1082 893 1144 946 οὐ
1202 892 1582 962 μέτεστι.τοῖς
1624 891 1867 947 ἐθέλουσι

260 966 605 1059 ξσωφρονεῖν,
636 985 739 1039 κᾶν
778 985 828 1037 εί
858 983 1054 1054 φαῦλοί
1084 1000 1229 1046 τινες
1256 977 1388 1047 εἷεν,
1419 982 1517 1035 εἶτ’
1549 977 1642 1035 οὖν
1673 980 1869 1050 ἀγαθοὶ

272 1079 409 1141 τοὺς
447 1076 684 1148 τρόπους
707 1116 723 1141 ,
759 1075 1004 1147 ἡκόντων
1043 1076 1124 1138 είς
1164 1074 1332 1145 μέσον
1378 1076 1427 1128 οἱ
1477 1072 1864 1142 διελέγξοντες.

271 1171 340 1223 Et
374 1168 434 1222 δὲ
465 1170 523 1222 ὲν
551 1168 764 1241 αἱρέσει
794 1168 1054 1239 κειμένου
1079 1166 1173 1221 τοῦ
1212 1165 1512 1240 κατορθοῦν
1546 1165 1865 1237 ἐλευθέρως,

276 1258 315 1313 ἃ
350 1258 422 1312 ἂν
452 1258 700 1329 βούλοιτό
726 1275 841 1323 τις,
878 1258 974 1311 καὶ
1012 1257 1131 1312 ὲνὺν
1165 1257 1337 1311 ἆπασι
1370 1258 1488 1329 μετ’
1522 1255 1770 1323 ἐξουσίας
1806 1255 1869 1308 τὸ

275 1351 581 1422 εὐημερεῖν
610 1348 828 1403 ἑλέσθαι
859 1348 1268 1421 πνευματικῶς,
1297 1349 1508 1411 καὶτῆς
1529 1346 1736 1402 ἀνωθεν
1780 1346 1870 1400 εὑ-

276 1441 472 1506 κλείας
509 1444 568 1496 ἐν
599 1444 700 1515 ἴσῳ
730 1444 1057 1516 μεταλαχεῖν
1079 1486 1094 1506 ,
1127 1443 1513 1499 πλεονεκτοῦσί
1538 1460 1706 1507 τινες,
1739 1443 1772 1515 ἢ
1811 1443 1868 1494 ὲν

277 1529 504 1601 πλούτῳ
536 1530 636 1595 τὰς
669 1532 966 1604 ὑπεροχὰς,
993 1534 1026 1605 ἢ
1052 1535 1112 1588 ἐν
1131 1532 1401 1607 δοξαρίοις
1432 1533 1646 1605 ἔχοντες
1678 1549 1871 1603 κοσμι-

279 1622 436 1683 κοῖς,
474 1619 550 1691 μὴ
599 1622 761 1677 τοῦτο
812 1624 963 1695 ἡμᾶς
1004 1624 1142 1696 πρὸς
1186 1624 1385 1689 ἀθέους
1432 1625 1586 1689 τινὰς
1632 1627 1725 1679 καὶ
1771 1626 1871 1696 τῆς

276 1712 523 1783 ἀληθοῦς
582 1714 842 1784 γνώσεως
902 1718 1419 1790 ὲκμεμοχλευμένας
1483 1718 1868 1791 ἀποκομιζέτω

276 1804 466 1869 δόξας,
495 1805 572 1871 ὡς
603 1806 813 1863 οἴεσθαι
842 1811 957 1874 τοῖς
1001 1810 1124 1865 καθ’
1163 1812 1338 1882 ἡμᾶς,
1371 1811 1732 1883 Εἱμαρμένης
1774 1813 1869 1866 καὶ

277 1897 471 1967 Τύχης
519 1899 891 1954 ὲπιτεθεῖσθαι
954 1899 1142 1970 ζυγόν.
1206 1901 1365 1955 Ἀλλά
1414 1902 1713 1973 γραφέσθω
1767 1902 1868 1973 μέν

274 2014 397 2063 τις,
441 1994 493 2046 εί
532 1991 821 2063 βούλεται,
865 1993 975 2051 τῶν
1030 1996 1088 2047 έν
1142 1994 1358 2067 πλούτῳ
1405 1996 1505 2059 τὰς
1556 1994 1868 2061 πλεονεξίας

279 2088 417 2143 ῐδιον
468 2086 661 2157 ὥσπερ
697 2085 1086 2157 πεποιημένων
1124 2085 1360 2155 ἀγαθὸν,
1397 2087 1459 2140 τὸ
1499 2089 1633 2141 πᾶσι
1667 2087 1867 2153 κοινὸν,

280 2183 332 2235 εί
380 2181 543 2250 λόγος
578 2180 727 2250 ἀπῆν
767 2181 797 2233 ό
844 2178 1183 2246 πλεονεξίας.
1233 2179 1771 2252 Πολυπραγμονείτω
1813 2181 1869 2235 δὲ

285 2271 495 2345 μᾶλλον
535 2272 631 2324 τοῦ
677 2270 1041 2344 πεποιηκότος
1075 2270 1176 2342 τὴν
1228 2271 1504 2342 βούλησιν·
1534 2274 1592 2326 ἐν
1631 2275 1720 2344 ἴσῃ
1761 2273 1870 2347 γὰρ

280 2360 434 2429 τάξει
481 2363 550 2417 τὰ
585 2364 709 2418 καθ’
752 2365 902 2436 ἡμᾶς
949 2364 1355 2437 οἰκονομεῖσθαι
1408 2384 1467 2420 τε
1512 2368 1608 2420 καὶ
1641 2368 1870 2441 ὁρᾶσθαι

280 2456 476 2523 θέλων,
512 2456 790 2519 πλουσίοις
837 2456 937 2527 μὲν
983 2457 1362 2529 παραγγέλλει
1405 2458 1496 2512 τὸν
1539 2459 1872 2530 συναχθέντα

279 2548 514 2602 πλοῦτον
561 2548 922 2620 ἀπεμπολᾷν,
976 2549 1072 2603 καὶ
1110 2552 1234 2612 ταῖς
1284 2550 1395 2603 τῶν
1434 2551 1870 2622 πτωχευομένων

278 2640 561 2713 διανέμειν
583 2640 816 2713 χρείαις,
834 2639 994 2712 δόξης
1021 2640 1079 2693 δὲ
1101 2640 1196 2694 καὶ
1225 2641 1499 2714 ὑπεροχῆς
1520 2643 1623 2696 οὐκ
1652 2643 1871 2715 ἐφίησιν

184 2746 191 2763 '
282 2734 436 2805 ιρᾷν.
478 2734 603 2785 Ὀτι
652 2732 707 2786 δὲ
748 2731 849 2803 τὴν
903 2731 1124 2803 ἰσότητα
1167 2734 1280 2797 τοῖς
1331 2733 1425 2787 ἐπὶ
1472 2732 1579 2804 γῆς
1612 2733 1873 2806 βραὸεύει

281 2824 438 2891 Θεὸς,
472 2824 706 2895 χαλεπὸν
735 2822 888 2878 οὐδὲν
916 2823 1147 2877 συνιδεῖν
1171 2824 1266 2878 καὶ
1305 2824 1365 2899 ἐξ
1394 2825 1564 2896 αὐτῆς
1595 2828 1745 2898 ἡμᾶς
1771 2828 1872 2899 τῆς

278 2916 374 2970 τοῦ
405 2917 662 2988 σώματος
690 2916 1058 2987 κατασκευῆς.
1095 2916 1171 2970 Οὐ
1193 2915 1304 2988 γὰρ
1333 2912 1471 2971 οἶδεν
1498 2920 1534 2989 ὴ
1566 2916 1749 2987 φύσις,
1779 2919 1871 2972 τὸν

279 3010 338 3062 ἐν
381 3008 550 3080 πενίᾳ
582 3008 676 3062 καὶ
723 3007 976 3079 πλούτῳ,
1018 3007 1111 3061 τὸν
1159 3008 1396 3080 δυσγενῆ
1446 3009 1544 3063 καὶ
1593 3010 1866 3082 λαμπρὸν,
1896 3041 1940 3099 C

277 3103 371 3156 τόν
400 3101 604 3172 εὐγενῆ
643 3102 738 3155 καὶ
770 3101 1212 3173 κατερῤιμμένον
1232 3138 1248 3165 ,
1284 3101 1378 3154 καὶ
1419 3101 1510 3155 τὸν
1551 3104 1610 3155 ὲν
1638 3101 1768 3175 δόξῃ
1798 3104 1865 3173 τῇ

277 3193 425 3248 κατά
456 3193 607 3247 τόνδε
651 3192 745 3246 τὸν
789 3191 926 3263 βίονο
961 3191 1077 3246 ἀλλ’
1125 3192 1214 3264 ῐση
1248 3192 1337 3247 διὰ
1366 3194 1585 3249 πάντων
1609 3195 1865 3264 ἀπροσω-

279 3286 576 3357 πολήπτως
603 3284 858 3358 ἔρχεται,
895 3289 1010 3350 τοῖς
1050 3286 1235 3350 αὐτοῖς
1271 3286 1613 3340 ἀποτελοῦσα
1660 3287 1867 3359 μορίοις

278 3377 516 3430 ἕκαστον
551 3378 631 3439 εἰς
675 3376 739 3430 τὸ
781 3375 987 3448 ἀρτίως
1037 3374 1160 3445 ἔχον
1209 3375 1399 3448 σχῆμά
1433 3393 1494 3430 τε
1523 3377 1619 3431 καὶ
1650 3378 1864 3443 κάλλος·

276 3468 375 3521 καὶ
404 3467 510 3539 μία
549 3467 651 3539 μὲν
670 3466 788 3531 ὁδὸς
809 3470 843 3539 ἡ
870 3467 1089 3522 πάντων
1122 3470 1201 3532 είς
1222 3468 1458 3538 γένεσιν,
1496 3468 1596 3539 μία
1631 3469 1688 3522 δὲ
1721 3468 1869 3540 ζωῆς

277 3558 578 3623 ἀπόθεσις,
618 3558 679 3611 οὐ
714 3557 803 3611 τὸν
838 3558 939 3629 μὲν
983 3559 1199 3613 ἀνιεῖσα
1244 3558 1478 3630 βρόχων,
1508 3559 1599 3613 τὸν
1640 3560 1699 3614 δὲ
1738 3559 1869 3615 εἴσω

279 3649 585 3721 ποιουμένη
630 3649 814 3720 τυχὸν,
857 3650 995 3704 ἀλλά
1041 3650 1276 3724 σκληρόν
1323 3668 1382 3704 τε
1420 3649 1513 3704 καὶ
1555 3651 1869 3722 ἀνεξίτητον

279 3743 456 3797 παντὶ
492 3742 574 3814 τῷ
606 3742 960 3814 πεποιημένῳ
995 3743 1057 3797 τὸ
1087 3744 1240 3807 τέλος
1269 3745 1570 3813 ἐπάγουσα.
1594 3740 1721 3814 τΑρ’
1752 3741 1867 3810 οὖν,

281 3834 408 3888 εἰπέ
434 3851 549 3904 μοι,
589 3833 960 3890 δυσκάτοπτον
990 3833 1091 3901 ἔτι,
1138 3835 1339 3906 μᾶλλον
1370 3835 1429 3888 δὲ
1454 3837 1575 3907 οὐχι⁸
1603 3838 1764 3890 παντί
1790 3854 1870 3908 τῳ

283 3928 479 3983 λοιπὸν
510 3928 768 4001 ἐναργὲς,
800 3929 882 3981 ὅτι
921 3928 1020 3999 τῆς
1066 3927 1217 3991 θείας
1263 3926 1459 3999 βουλῆς
1487 3930 1516 3981 ό
1551 3928 1773 3993 σκοπὸς.
1810 3930 1870 3983 τὸ

282 4021 344 4073 ἰν
377 4019 588 4089 ἰσότητι
630 4018 733 4092 ζῇν
758 4021 884 4081 τοὺς
911 4020 1004 4072 ἐπὶ
1030 4020 1169 4091 γῆςς
1204 4020 1406 4073 Ἀκουε
1432 4020 1490 4074 δὲ
1519 4020 1790 4089 λέγοντος,
1820 4023 1869 4074 εί

286 4110 456 4175 δοκεῖ,
485 4111 581 4165 καὶ
618 4111 685 4163 δι’
721 4111 840 4175 ἑνὸς
878 4111 988 4166 τῶν
1033 4112 1352 4185 προφητῶν·
1383 4131 1403 4165 ι
1434 4114 1569 4185 Οὐχὶ
1615 4112 1746 4177 Θεὸς
1790 4107 1870 4177 είς

282 4202 500 4258 ἔκτισεν
541 4203 732 4275 ἠμᾶς;
775 4203 900 4274 οὐχὶ
949 4205 1141 4276 Πατὴρ
1187 4199 1268 4269 εἷς
1314 4205 1533 4260 πάντων
1574 4206 1770 4278 ἡμῶνς
1818 4206 1870 4260 τί

280 4295 676 4365 ἐγκατελίπετε
704 4294 935 4359 ἕκαστος
975 4296 1068 4351 τὸν
1097 4296 1325 4367 ἀδελφὸν
1357 4297 1560 4364 αὐτοῦς
1601 4316 1621 4352 ι
1656 4297 1867 4352 Οὐκοῦν

1012 223 1101 279 DE
1137 220 1581 278 ADORATIONE
1620 220 1687 274 IN
1731 221 1868 275 SPill

1973 221 1998 276 b'
2042 222 2130 276 ΕΤ
2175 222 2539 278 ΥΕΙιΙΤΛΤΕ.
2586 224 2714 279 LIB.
2757 224 2843 279 VI.

274 341 408 403 τοὺς
440 338 678 411 τρόπους
728 338 872 391 κατά
905 354 967 407 γε
996 338 1059 392 τὸ
1094 340 1207 402 τοῖς
1240 339 1406 409 ἱεροῖς
1438 332 1765 408 Γράμ¹μασιν
1805 333 1864 390 εὖ

1973 352 2191 406 genera,
2218 346 2276 390 ut
2301 353 2467 392 sacrm
2492 338 2715 393 Litterae
2736 338 3066 408 approbant,
3092 353 3201 394 non
3217 337 3273 393 in
3299 339 3369 394 iis
3391 340 3556 394 rebus
3634 372 3641 376 ι

3452 224 3556 280 458

1969 428 2283 484 collocanda
2330 440 2482 499 puto,
2540 430 2821 501 inquibus
2852 431 3031 502 turpis
3071 432 3189 487 litec
3234 440 3291 487 et
3337 442 3553 487 terrena

1969 533 2099 572 caro
2128 520 2345 574 lascivit
2373 539 2384 573 :
2414 522 2507 576 sed
2549 521 2604 575 in
2642 522 2731 587 iis.
2757 538 2857 592 per
2876 538 2998 593 qua:
3033 523 3270 587 animus,
3299 522 3394 594 qui
3429 538 3547 578 cor-

1968 623 2103 677 pore
2130 610 2372 663 nobilior
2403 620 2507 674 est,
2536 612 2915 682 consequitur,
2950 619 3010 666 ut
3045 611 3287 669 cmlcstis
3315 613 3443 667 vitze
3485 612 3557 668 sit

1969 701 2246 770 particeps
2272 720 2283 754 :
2310 703 2426 757 ltrec
2450 710 2634 756 autem
2661 715 2809 770 sunt,
2840 712 2901 759 ut
2924 703 3139 774 Opinor,
3172 705 3418 776 impensa
3444 705 3554 760 vir-

1972 793 2072 847 tuti
2103 793 2308 858 studia,
2333 802 2389 847 et
2419 793 2545 849 ﬁdei
2586 793 2965 867 factorumque
2991 797 3230 853 claritas.
3279 797 3340 853 Si
3388 798 3556 868 igitur

1968 884 2285 939 volentibus
2318 893 2691 954 temperanter
2714 887 2901 942 vivere
2927 903 3035 941 non
3070 888 3218 954 licet,
3257 889 3416 960 203
3441 891 3556 945 sive

1969 976 2048 1031 illi
2074 977 2235 1032 malis
2266 978 2535 1043 moribus,
2563 978 2678 1033 sive
2707 978 2867 1034 bonis
2892 978 3105 1049 praediti
3148 980 3290 1047 sint;
3332 980 3556 1036 veniant

1970 1071 2027 1125 in
2050 1070 2316 1137 medium,
2345 1071 2439 1142 qui
2467 1071 2521 1126 id
2539 1072 2890 1127 convincam.
2921 1070 3038 1137 Sin,
3068 1074 3319 1143 quamvis
3352 1075 3408 1130 in
3440 1075 3554 1129 ele-

1970 1163 2153 1219 ctione
2180 1163 2253 1218 sit
2274 1163 2538 1234 positum,
2573 1172 2632 1219 ut
2652 1180 2773 1235 qua:
2796 1164 3031 1235 quisque
3056 1164 3209 1224 velit.
3235 1166 3409 1222 libere
3435 1183 3556 1238 per-

1971 1253 2154 1321 ﬁciat;
2182 1264 2239 1310 et
2267 1256 2527 1311 omnibus
2575 1256 2951 1328 sitpctcstas,
3003 1258 3249 1314 velintne
3286 1260 3553 1329 spirituali

1969 1344 2233 1401 felicitate
2261 1346 2490 1416 pollere,
2517 1355 2574 1402 et
2595 1363 2889 1418 supernam
2909 1348 3139 1420 gloriam
3156 1365 3222 1404 ex
3244 1365 3403 1421 aequo
3428 1367 3554 1421 par-

1972 1436 2232 1508 ticipare;
2282 1446 2464 1493 tamen
2508 1441 2758 1495 nonnulli
2803 1442 2930 1511 plus
2958 1436 3200 1498 habendi
3244 1443 3413 1510 avidi,
3469 1445 3555 1499 vel

1970 1532 2169 1603 opibus
2193 1533 2489 1599 excellunt,
2526 1534 2610 1588 vel
2653 1534 2931 1590 mundana
2954 1536 3205 1608 gloriola,
3248 1554 3357 1593 non
3393 1538 3559 1595 debet

1972 1639 2074 1679 nos
2092 1639 2156 1679 ea
2178 1639 2267 1679 res
2292 1624 2360 1678 ad
2390 1624 2590 1695 impias
2618 1627 2903 1696 quasdam,
2929 1636 2985 1683 et
3010 1643 3038 1682 a
3073 1643 3204 1683 vera
3242 1629 3556 1700 cognitione

1973 1724 2214 1771 remotas
2242 1717 2531 1787 opiniones
2553 1717 2850 1784 abducere,
2881 1728 2941 1773 ut
2966 1717 3221 1774 humanis
3246 1720 3411 1777 rebus
3435 1738 3557 1778 esse

1970 1804 2085 1860 Fati
2109 1821 2176 1860 ac
2202 1805 2658 1878 Fortunaajugum
2683 1807 2999 1878 impositum
3024 1818 3301 1879 putemus.
3330 1811 3437 1865 Sed
3462 1828 3555 1867 ac-

1971 1910 2146 1968 cuset,
2167 1901 2215 1957 si
2243 1902 2332 1957 cui
2356 1902 2554 1973 placet,
2581 1903 2815 1959 divitum
2853 1905 3232 1975 cupiditatem,
3271 1908 3386 1977 qui,
3409 1909 3556 1978 quod

1971 2004 2057 2050 est
2083 1996 2343 2051 omnibus
2376 2011 2689 2061 commune,
2713 1998 2759 2053 si
2790 1998 2930 2052 ratio
2963 1999 3280 2069 cupiditatis
3317 2000 3553 2067 abesset,

1972 2093 2233 2156 tanquam
2273 2087 2560 2156 proprium
2608 2088 2715 2143 sibi
2758 2098 3035 2161 arrogant.
3082 2091 3348 2161 Exquirat
3375 2093 3559 2164 potius

1972 2176 2288 2233 Conditoris
2315 2181 2800 2252 voluntatem,qui,
2824 2198 2949 2237 cum
2975 2198 3067 2238 res
3081 2183 3349 2241 humanas
3371 2202 3557 2258 aequa-

1972 2263 2071 2318 bili
2109 2265 2304 2321 ordine
2340 2274 2397 2321 ct
2423 2268 2712 2336 procurari
2740 2277 2798 2322 et
2833 2269 3068 2339 spectari
3098 2272 3251 2336 velit,
3293 2272 3557 2329 divitibus

1972 2356 2195 2426 quidem
2243 2359 2493 2429 prmcipit
2547 2361 2805 2416 collectas
2845 2376 2978 2432 opes
3027 2362 3356 2430 distrahere,
3404 2375 3460 2421 et
3502 2366 3554 2431 in

1972 2463 2277 2519 pauperum
2311 2466 2445 2506 usus
2478 2451 2834 2519 distribuere,
2878 2454 3105 2525 gloriam
3138 2471 3270 2510 vero
3305 2471 3371 2511 ac
3415 2473 3556 2527 pra:-

1973 2542 2228 2596 stantiam
2251 2542 2506 2599 adamare
2529 2560 2639 2598 non
2662 2545 2949 2615 permittit.
2984 2545 3313 2602 Hominibus
3348 2558 3555 2614 autem,

1973 2631 2070 2701 qui
2100 2640 2394 2687 versantur
2422 2632 2478 2687 in
2513 2637 2695 2697 terris,
2713 2635 3085 2705 aequalitatem
3114 2652 3144 2691 a
3170 2639 3284 2693 Deo
3299 2640 3555 2713 praescri-

1973 2724 2052 2790 bi,
2088 2725 2234 2780 haud
2256 2725 2475 2782 difﬁcile
2513 2735 2618 2793 est,
2661 2743 2730 2783 ex
2779 2728 2897 2799 ipsa
2930 2730 3097 2785 etiam
3131 2732 3381 2803 corporis
3422 2748 3556 2789 con-

1973 2818 2261 2875 stitutione
2290 2819 2625 2891 perspicere.
2650 2819 2840 2891 Neque
2880 2822 3030 2876 enim
3068 2825 3317 2895 agnoscit
3361 2833 3556 2881 natura

1973 2927 2271 2983 pauperem
2322 2929 2387 2969 ac
2437 2913 2685 2979 divitem,
2736 2929 2849 2970 non
2880 2914 3176 2986 ignobilem
3220 2926 3276 2971 ct
3325 2918 3556 2986 clarum,

1973 3004 2219 3060 nobilem
2250 3013 2308 3060 et
2342 3005 2641 3078 abjectum,
2678 3013 2735 3061 et
2774 3006 2940 3079 hujus
2963 3009 3161 3065 mundi
3198 3010 3372 3080 gloria
3393 3026 3557 3066 orna-

1975 3105 2122 3164 tum;
2154 3097 2250 3152 sed
2287 3113 2591 3167 peromnes
2616 3097 2901 3168 aequabilis
2922 3099 3041 3154 sine
3083 3106 3402 3171 acceptione
3429 3119 3558 3174 per-

1973 3202 2234 3242 sonarum
2258 3188 2483 3253 incedit,
2504 3189 2808 3260 iisdemque
2826 3191 3091 3245 membris
3112 3192 3347 3247 absolvit
3365 3210 3559 3264 quem-

1973 3296 2082 3351 que
2118 3280 2189 3335 ad
2232 3280 2506 3350 expletam
2549 3280 2738 3351 ﬁgurae
2771 3281 3316 3354 pulchritudinisque
3373 3288 3556 3356 perfe-

1974 3372 2247 3428 ctionem:
2273 3388 2384 3427 una
2412 3379 2498 3426 est
2519 3371 2685 3426 etiam
2701 3372 2965 3427 erunibus
2985 3373 3055 3427 ad
3080 3382 3262 3428 ortum
3288 3377 3394 3440 via,
3417 3393 3561 3432 unus

1974 3478 2235 3518 excessus
2259 3478 2290 3518 e
2312 3464 2453 3531 vita;
2482 3479 2595 3519 non
2614 3463 2783 3518 alium
2810 3479 2841 3519 e
2863 3446 3075 3535 laqueis
3097 3466 3352 3533 absolvit,
3389 3469 3557 3526 alium

1977 3555 2253 3611 irretitum
2281 3563 2469 3611 tenet:
2507 3555 2702 3610 duram
2736 3572 2870 3611 vero
2898 3565 2955 3611 et
2977 3556 3351 3615 inevitabilem
3378 3563 3558 3618 omni-

1976 3647 2102 3713 bus,
2146 3664 2269 3718 qute
2297 3649 2520 3704 condita
2575 3657 2724 3717 sunt,
2772 3648 2897 3704 ﬁnis
2942 3650 3332 3707 necessitatem
3377 3654 3557 3711 aﬂert.

1976 3740 2120 3796 Num
2146 3739 2333 3811 igitur,
2359 3757 2546 3817 quaso
2587 3750 2663 3808 te,
2686 3741 2986 3797 obscurum
3024 3752 3111 3799 est
3134 3744 3334 3812 adhuc,
3365 3763 3433 3803 an
3459 3764 3558 3819 po-

1979 3830 2091 3886 tius
2114 3832 2291 3887 cuivis
2334 3833 2708 3899 manifestum,
2750 3849 2873 3890 esse
2900 3834 3101 3891 divinae
3136 3838 3404 3893 voluntati
3431 3857 3558 3909 pro-

1977 3923 2240 3993 positum,
2269 3930 2330 3977 ut
2355 3923 2628 3989 homines,
2652 3925 2748 3994 qui
2779 3926 2836 3980 in
2860 3929 3025 3983 terris
3067 3928 3295 3998 degunt,
3331 3933 3557 3999 atquali-

1977 4024 2062 4070 ter
2092 4015 2279 4069 vivant
2299 4014 2445 4071 ?Scd
2467 4015 2597 4070 audi
2625 4016 2807 4073 adhuc
2827 4018 3103 4084 eumdem,
3124 4020 3172 4077 si
3192 4020 3427 4086 videtur,
3464 4040 3559 4093 per

1976 4107 2272 4179 quemdam
2315 4123 2347 4163 e
2401 4108 2687 4178 prophetis
2726 4109 3002 4166 dicentem
3041 4130 3054 4165 :
3102 4132 3120 4164 ι
3174 4114 3368 4171 Nonne
3418 4117 3561 4171 Deus

1979 4214 2124 4253 unus
2149 4197 2357 4254 creavit
2390 4198 2534 4252 nos?
2563 4214 2747 4254 nonne
2764 4217 2907 4257 unus
2923 4209 3010 4258 est
3041 4205 3288 4262 omnium
3312 4216 3559 4263 nostrum

1979 4288 2163 4343 Pater?
2182 4302 2282 4342 cur
2297 4284 2596 4358 reliquistis
2618 4290 2998 4361 unusquisque
3025 4292 3248 4351 fratrem
3268 4313 3429 4353 suum
3445 4301 3486 4331 ¹¹
3506 4300 3556 4352 ῗι

279 4389 329 4440 εί
354 4388 419 4442 τὸ
439 4387 516 4460 τῷ
538 4391 867 4463 πεποιηκότι
890 4388 1080 4445 δοκοῦν
1104 4390 1445 4463 παραλύουσί
1471 4408 1634 4457 τινες,
1658 4391 1868 4446 ἐθελούε

1981 4379 2037 4434 Si
2067 4380 2163 4451 qui
2191 4380 2359 4451 igitur
2392 4380 2710 4437 Conditoris
2751 4383 2956 4453 placita
2988 4385 3220 4452 violant,
3269 4391 3416 4460 quod
3464 4406 3561 4446 vo-

283 4496 398 4533 σιον
425 4480 645 4552 ἔχοντες
682 4483 767 4551 ἐφ’
796 4483 935 4554 ὅπερ
963 4481 1030 4537 ἂν
1063 4483 1270 4540 ἕλοιντο
1299 4483 1409 4538 τῶν
1450 4483 1743 4555 πρακτέων
1772 4483 1872 4548 τὴν

282 4573 462 4645 ῥοπὴν
485 4574 774 4647 (τετίμηκε
804 4576 914 4650 γὰρ
943 4576 1225 4649 ἐλευθερίᾳ
1245 4576 1345 4648 τὴν
1371 4577 1533 4648 φύσιν
1554 4577 1583 4630 ό
1608 4579 1871 4649 Δημιουρ-

278 4664 423 4737 γδς),
454 4667 608 4722 οὐδὲν
642 4668 783 4740 πρὸς
814 4670 906 4725 τὸν
932 4670 1122 4740 -λόγον,
1155 4670 1278 4724 ἐπεί
1304 4687 1389 4725 τοι
1416 4671 1513 4725 καὶ
1551 4671 1732 4741 νόμων
1762 4670 1871 4723 τῶν

279 4757 405 4811 καθ’
426 4759 577 4830 ἡμᾶς
601 4760 913 4836 ὑπερορῶσί
928 4780 1092 4826 τινες.
1127 4762 1289 4829 Ἀλλ’,
1316 4759 1470 4833 οἶμαί
1495 4780 1560 4831 γε
1585 4762 1671 4833 δὴ,
1705 4779 1872 4816 κατα-

277 4849 495 4920 ψέξειεν
523 4851 594 4906 ἂν
623 4852 819 4919 οὐδεὶς,
851 4855 906 4908 εί
930 4871 995 4923 γε
1040 4852 1164 4909 νοῦν
1208 4853 1342 4926 ἔχοι,
1371 4855 1481 4909 τῶν
1519 4854 1702 4925 νόμων
1740 4855 1868 4917 τοὺς

277 4942 525 5015 ὁριστὰς,
560 4944 855 5017 ὲπαιτιῷτο
885 4944 931 4999 δ’
968 4945 1035 5000 ἂν
1084 4945 1288 5017 μᾶλλον
1326 4946 1421 5000 καὶ
1466 4944 1678 5017 σφόδρα
1726 4946 1870 4998 εἰκό-

279 5053 390 5102 τως
436 5038 566 5102 τοὺς
617 5038 985 5112 ὑπερφρονεῖν
1037 5040 1326 5110 ἑλομένους
1370 5037 1477 5091 τῶν
1530 5036 1867 5104 ἀναγκαίων.

278 5128 453 5183 Ὅταν
487 5128 667 5185 τοίνυν
704 5130 1156 5203 πλημμελοῦντες
1198 5130 1398 5199 λέγωσί
1438 5144 1606 5191 τινες·
1665 5128 1870 5182 Ἐδόκει

279 5238 386 5275 που
419 5223 563 5295 τάχα
601 5227 671 5297 τῇ
715 5225 904 5300 Τύχῃ,
939 5227 1055 5290 καὶ,
1103 5224 1457 5296 Εἱμαρμένης
1488 5218 1556 5293 ἦν
1586 5215 1739 5285 οὗτος
1778 5221 1865 5274 ἐπ’

280 5314 409 5386 ἐμοὶ
448 5314 674 5385 σκοπὸς,
726 5319 877 5384 τίςίό
924 5318 1127 5391 λῆρος,
1176 5311 1421 5382 ὣοῦτοι,
1467 5317 1562 5370 καὶ
1609 5316 1748 5386 πρός
1802 5331 1867 5382 γε

277 5406 444 5477 ἡμῶν
473 5406 786 5476 λελέξεται;
815 5410 882 5464 Τί
927 5410 984 5464 δὲ
1035 5410 1100 5482 δὴ
1126 5408 1402 5481 γράφεσθε
1444 5409 1507 5462 τὸ
1547 5408 1741 5479 μηδὲν,
1771 5407 1873 5477 τῆς

283 5495 439 5566 σφῶν
474 5500 659 5555 αὐτῶν
697 5501 962 5574 ὲλαιρρίας
1004 5502 1064 5556 οὐ
1098 5501 1537 5569 κατεγνωκότες
1582 5499 1722 5553 Ἀλλ’
1745 5499 1781 5569 ἤ
1807 5514 1871 5566 γε

347 5676 397 5711 ⁸⁸
426 5676 659 5733 Malach.
694 5693 755 5743 ιι,
782 5676 871 5734 15.

607 5770 886 5832 ΡΑτιιοι..
930 5770 1049 5834 Gn.
1097 5770 1359 5832 LXVIII.

1978 4473 2232 4528 luntariis
2270 4473 2338 4527 ad
2383 4474 2588 4539 omnia,
2637 4490 2758 4544 quae
2781 4474 2959 4531 facere
2995 4477 3292 4544 voluerint,
3338 4481 3566 4536 nutibus

1978 4562 2228 4624 ferantur
2265 4563 2377 4635 (ille
2426 4580 2663 4636 namque
2705 4565 2972 4624 Conditor
3010 4569 3267 4627 libertate
3309 4580 3562 4628 naturam

1981 4654 2339 4726 honestavit),
2367 4656 2423 4711 id
2449 4656 2673 4727 quidem
2708 4657 2847 4714 nihil
2873 4660 2943 4715 ad
2985 4676 3132 4726 rem;
3182 4662 3399 4731 quando
3442 4666 3561 4735 qui,

1980 4745 2104 4800 dem
2126 4745 2294 4800 etiam
2315 4745 2465 4816 leges
2482 4746 2751 4802 humanas
2764 4750 3018 4805 nonnulli
3047 4760 3427 4809 contemnunt.
3457 4754 3562 4810 Sed

1982 4849 2165 4893 tamen
2194 4846 2449 4891 auctores
2468 4837 2674 4908 legum,
2698 4838 2806 4911 nisi
2830 4839 3008 4907 fallor,
3032 4856 3195 4898 nemo
3223 4857 3389 4900 sanus
3423 4851 3568 4901 vitun

1981 4937 2139 5001 peret
2165 4947 2177 4983 :
2199 4937 2423 4985 accuset
2446 4930 2667 5001 potius,
2709 4932 3016 5002 etquidem
3043 4933 3170 5002 jure
3209 4935 3441 5006 optimo,
3470 4951 3567 4993 eos

1979 5023 2074 5094 qui
2124 5021 2338 5087 malint,
2388 5036 2512 5093 quae
2556 5031 2687 5078 sunt
2726 5032 2934 5081 nostrae
2980 5025 3205 5083 utilitati
3258 5031 3565 5086 necessaria

1977 5126 2353 5173 contemnere.
2382 5115 2547 5189 204
2566 5116 2704 5173 Cum
2728 5117 2913 5189 itaque
2948 5129 3179 5189 peccant
3206 5123 3481 5188 nonnulli,
3507 5138 3569 5178 ac

1971 5209 2186 5277 dicunt,
2231 5210 2320 5265 Sic
2366 5209 2622 5267 Fortunae
2640 5211 2858 5277 visum;
2903 5220 2979 5276 et,
3020 5212 3141 5268 l-luc
3168 5230 3349 5270 meum
3372 5217 3565 5271 Fatum

1973 5309 2278 5380 Spectabat,
2327 5324 2573 5378 quamam
2599 5308 2717 5364 haec
2750 5316 2836 5364 est
2862 5307 3161 5365 deliratio?
3194 5326 3293 5366 vos
3329 5310 3564 5381 appello.

1979 5404 2072 5460 Sic
2119 5404 2267 5459 enim
2316 5418 2347 5458 a
2386 5402 2547 5457 nobis
2596 5402 2747 5458 certe
2785 5401 3004 5457 dicetur
3040 5401 3225 5469 :Quid
3272 5400 3564 5467 accusatis,

1976 5495 2123 5563 quod
2157 5510 2428 5565 nusquam
2455 5501 2540 5549 cst
2560 5494 2584 5548 ’ἒ
2608 5509 2671 5549 ac
2705 5502 2946 5547 vestram
2972 5492 3215 5565 ipsorum
3248 5491 3432 5563 potius
3453 5505 3565 5550 non

3136 5760 3208 5827 15

3678 5229 3711 5244 ⁸
