3990 6196
409 319 513 374 4³39

1433 304 1488 359 S.
1532 301 1806 357 CYRlLLl
1849 294 2316 355 ALEXANDRINI
2357 291 2672 345 ARCHIEP.

3570 287 3669 337 £00

411 431 685 486 damnatis
716 395 1034 483 levitatem?
1059 419 1224 492 Atqui
1248 418 1433 474 divina
1457 417 1744 487 Scriptura
1786 417 1872 479 iis,
1899 415 1993 484 qui

2124 411 2224 463 isia
2267 407 2457 479 Γραφὴ
2498 401 2894 475 παραφωνήσει
2927 399 2986 453 τὸ
3030 397 3225 469 ἀληθὲς
3265 397 3375 458 τοῖς
3407 393 3481 465 μὴ
3520 396 3673 464 ὀρθο-

415 531 560 578 recte
584 518 794 591 ingredi
831 513 1131 578 noluerint,
1158 525 1348 566 verum
1387 506 1807 580 pronuntiabit:
1854 527 1870 556 ι
1902 505 1990 560 ln-

416 614 673 687 sipientia
699 609 805 664 viri
849 607 1021 662 violat
1055 606 1172 660 vias
1194 604 1334 676 ejus,
1361 603 1534 657 Deum
1573 608 1755 654 autem
1800 613 1993 652 causa-

413 681 505 761 tu—r
537 705 593 759 in
617 701 781 758 corde
807 701 990 756 suo".
1022 717 1042 750 ι
1083 696 1127 752 Α
1148 711 1280 750 vera
1316 695 1486 765 igitur
1529 681 1803 747 sententia
1833 689 1992 744 aber-

416 803 626 860 rarunt,
654 793 748 866 qui
786 790 981 847 Ortum
1007 796 1064 844 et
1103 788 1318 851 Fatum,
1341 794 1398 840 et
1436 782 1768 839 levissimam
1794 781 1993 835 Fortu-

413 901 541 942 nam
563 884 770 940 nostris
813 882 982 937 rebus
1011 879 1396 951 praafecerunt,
1437 891 1500 929 ac
1533 889 1643 928 non
1662 872 1846 943 potius
1885 871 1995 925 Deo

414 993 600 1034 rerum
659 973 1117 1048 gubernationem
1191 966 1543 1025 tribuendam
1613 971 1993 1036 putaverunt;

416 1069 672 1142 quamvis
742 1068 892 1123 dicat
936 1063 1230 1120 Christus:
1279 1081 1297 1113 ‹
1328 1061 1522 1116 Nonne
1587 1056 1698 1111 duo
1750 1069 2000 1126 passeres

417 1176 539 1216 asse
563 1156 847 1214 veneunt?
871 1163 927 1211 et
947 1169 1091 1209 unus
1111 1169 1179 1208 ex
1203 1151 1337 1223 ipsis
1362 1167 1472 1205 non
1509 1148 1667 1203 cadet
1693 1161 1858 1216 super
1884 1152 1996 1198 ter-

417 1267 534 1308 ram
558 1251 675 1306 sine
702 1249 863 1304 Patre
886 1254 1094 1311 vestro,
1118 1244 1213 1315 qui
1236 1251 1322 1298 est
1356 1242 1413 1296 in
1445 1238 1639 1295 cmlis?
1675 1235 1856 1292 Vestri
1899 1250 1998 1288 au-

419 1350 530 1397 tem
566 1339 749 1411 capilli
770 1336 970 1410 capitis
993 1351 1185 1392 omnes
1207 1331 1488 1388 numerati
1520 1335 1667 1385 sunt.
1697 1327 1876 1382 Nolite
1903 1324 2002 1396 igi-

421 1442 512 1488 tur
537 1432 732 1486 timere
763 1448 776 1483 :
804 1428 996 1483 multis
1015 1425 1336 1498 passeribus
1355 1422 1613 1477 meliores
1635 1419 1769 1473 estis
1792 1415 1992 1470 vos‘h

421 1522 680 1578 Providet
700 1519 922 1591 quidem
949 1517 1206 1573 omnibus
1229 1512 1552 1570 mortalibus
1589 1508 1884 1574 Conditor;
1907 1505 2002 1561 sed

425 1623 609 1667 tamen
632 1608 929 1678 unicuique
954 1604 1258 1678 permittit,
1283 1601 1431 1674 quod
1464 1600 1570 1656 sibi
1617 1597 1888 1661 videatur,
1921 1595 2004 1651 fa-

2098 500 2278 552 ποδεῖν
2324 496 2641 570 ᾑρημένοιςο
2678 514 2695 546 ι
2757 492 3062 564 Ἀφροσύνη
3114 487 3306 560 ἀνδρὸς
3359 485 3674 557 λυμανεῖται

2097 589 2194 652 τὰς
2225 588 2380 650 ὀδοὺς
2411 584 2596 640 αὐτοῦ·
2634 583 2723 636 τὸν
2769 582 2824 634 δὲ
2859 581 2991 633 Θεὸν
3034 578 3339 633 αἰτιάσεται
3375 579 3442 647 τῇ
3483 576 3681 647 καρδίᾳ

2098 677 2285 731 αὑτοῦ.
2329 695 2347 728 ι
2407 673 2667 746 Ἀληθοῦς
2700 669 2792 726 οὖν
2831 671 2937 743 ἄρα
2971 670 3383 741 διημαρτήκασι
3429 667 3586 736 δόξης
3630 669 3677 718 οξ

2097 769 2317 824 Γένεσίν
2351 786 2410 822 τε
2444 768 2540 820 καὶ
2579 765 2938 835 Εἱμαρμένην
2969 763 3062 816 καὶ
3105 760 3291 830 Τύχην
3330 757 3680 829 εὐδιαρρίπι-

2101 879 2224 915 στον
2267 863 2380 924 τοῖς
2437 858 2558 912 καθ’
2611 858 2758 927 ἡμᾶς
2814 856 3242 924 ἐπιστήσαντες,
3299 851 3392 903 καὶ
3438 849 3560 918 οὑχὶ
3617 848 3683 918 δὴ

2104 953 2304 1023 μᾶλλον
2333 949 2452 1020 Θεῷ
2499 948 2897 1019 προσνέμοντες
2941 944 3038 1015 τὴν
3071 943 3178 996 τῶν
3219 942 3562 1012 πραγμάτων
3599 941 3682 993 oi-

2102 1038 2388 1109 κονομίαν·
2441 1035 2620 1090 καίτοι
2660 1035 2908 1103 λέγοντος
2936 1031 3030 1085 τοῦ
3071 1030 3328 1099 Χριστοῦ·
3366 1049 3383 1082 ι
3423 1029 3559 1099 Ούχὶ
3591 1028 3684 1081 δύο

2104 1129 2362 1202 στρουθία
2400 1128 2664 1198 ἀσσαρίου
2704 1126 2823 1190 ἐνὸς
2863 1125 3157 1187 πωλεῖται;
3191 1123 3286 1175 καὶ
3322 1122 3379 1175 ἓν
3409 1121 3468 1187 ἐξ
3500 1120 3682 1174 αὐτῶν

2102 1224 2161 1276 οὐ
2187 1223 2434 1275 πεσεῖται
2468 1221 2562 1273 ἐπὶ
2587 1219 2684 1291 τὴν
2711 1220 2836 1290 γῆν,
2873 1217 3001 1272 ἄνευ
3039 1215 3130 1269 τοῦ
3165 1214 3378 1286 Πατρὸς
3407 1214 3562 1285 ὑμῶν
3588 1213 3682 1266 τοῦ

2103 1317 2161 1368 ἐν
2201 1315 2315 1378 τοῖς
2346 1313 2596 1384 οὐρανοῖς
2622 1353 2634 1365 .
2683 1311 2867 1381 ’Υμῶν
2898 1311 2954 1364 δὲ
2999 1311 3053 1363 αἱ
3086 1310 3270 1380 τρίχες
3299 1309 3397 1377 τῆς
3444 1306 3684 1378 κεφαλῆς

2103 1405 2478 1477 ἠριθμημέναι
2507 1403 2632 1458 είσί.
2670 1403 2762 1474 Μὴ
2799 1400 2891 1457 οὖν
2930 1402 3202 1473 φοῦεῖσθε⁶
3253 1400 3466 1454 πολλῶν
3491 1416 3685 1468 στρου-

2107 1498 2237 1551 θίων
2270 1497 2564 1568 διαφέρετε
2607 1497 2786 1567 ὑμεῖς.
2834 1514 2853 1548 ›
2890 1495 3119 1565 Προνοεῖ
3158 1493 3257 1564 μὲν
3296 1491 3404 1563 γὰρ
3444 1491 3553 1544 τῶν
3593 1489 3685 1542 ἐπὶ

2103 1592 2203 1661 τῆς
2232 1589 2338 1660 γῆς
2382 1590 2410 1643 6
2455 1589 2829 1661 Δημιουργὸς,
2876 1586 3093 1656 ἑκάστῳ
3122 1601 3184 1654 γε
3219 1585 3326 1656 μὴν
3373 1583 3558 1654 ἐφίησι
3593 1582 3687 1634 καὶ

424 1718 572 1769 cere,
601 1710 658 1758 et
678 1713 1063 1772 quamcunque
1085 1695 1341 1761 voluerit,
1359 1694 1504 1749 viam
1528 1690 1740 1763 ingredi
1757 1689 1823 1745 ’⁵.
1845 1689 2004 1744 Post-

2124 1684 2240 1754 ῑρᾷν
2277 1681 2339 1734 τὸ
2376 1680 2591 1744 δοκοῦν,
2626 1680 2720 1734 καὶ
2753 1679 2821 1750 ἢν
2871 1678 2936 1732 ἂν
2987 1677 3228 1749 βούλοιτο
3271 1675 3508 1747 βαδίζειν
3541 1673 3683 1728 ὁδόν.

422 1807 654 1864 eaquam
679 1806 812 1847 vero
840 1801 1164 1860 perversum
1193 1793 1279 1841 est
1301 1781 1588 1838 hominum
1612 1792 1804 1850 genus,
1828 1775 2006 1846 legem

2124 1770 2336 1842 Ἐπειδὴ
2366 1770 2422 1823 δὲ
2464 1768 2790 1843 ὴρῤὡστησε
2822 1768 2920 1840 τὴν
2957 1766 3317 1839 παρατροπὴν
3349 1766 3410 1819 τὸ
3453 1765 3546 1818 ἐπὶ
3589 1764 3688 1835 τῆς

424 1886 570 1942 illico
611 1883 768 1938 dedit
804 1882 863 1937 in
886 1878 1245 1952 adiutorium,
1290 1883 1354 1932 ut
1402 1874 1672 1944 scriptum
1705 1877 1809 1926 est.
1849 1866 2004 1924 Peri-

416 1976 672 2030 culosum
703 1973 871 2044 igitur
887 1968 1273 2034 estomnibus,
1302 1966 1400 2038 qui
1426 1963 1634 2020 Christi
1657 1961 1822 2016 ﬁdem
1853 1973 2008 2014 acce-

418 2065 629 2137 perint,
676 2079 742 2118 ac
787 2069 1030 2119 veterem
1101 2060 1256 2116 illum
1301 2071 1550 2114 errorem
1584 2052 2005 2123 dereliquerint,

426 2155 670 2212 anilibus
692 2153 894 2210 fabulis
918 2151 1118 2208 abduci
1143 2150 1215 2206 ad
1239 2164 1326 2216 ea,
1353 2163 1477 2219 qua:
1503 2162 1614 2202 non
1637 2151 1873 2215 oportet,
1899 2151 1955 2197 et
1977 2156 2008 2196 a

425 2265 554 2305 sana
587 2245 858 2303 sententia
878 2241 1220 2314 detorqueri,
1250 2248 1312 2297 ut
1345 2239 1707 2301 arbitrentur,
1736 2235 1843 2291 hoc
1881 2233 2007 2288 uni-

423 2355 678 2406 versum,
721 2345 819 2394 aut
840 2344 991 2393 certe
1025 2334 1328 2401 hominem,
1366 2332 1609 2390 Fortuna
1633 2345 1696 2386 ac
1716 2328 1849 2384 Fato
1872 2326 2007 2398 regi,

423 2446 800 2505 qumprorsus
820 2429 972 2486 nulla
994 2435 1143 2485 sunt.

500 2610 699 2667 PALL.
743 2603 1283 2664 Pcriculosissimum
1329 2616 1478 2657 sane.
1517 2599 1676 2662 Nam,
1731 2597 1824 2667 qui
1863 2596 2010 2666 eius-

429 2702 580 2757 modi
619 2709 724 2766 est,
784 2697 1010 2754 omnino
1059 2695 1356 2751 adversum
1395 2707 1455 2749 se
1489 2691 1732 2764 iudicem
1771 2701 2012 2744 commo-

421 2812 457 2847 av
467 2793 601 2850 ebit.

503 2884 662 2942 CYR.
688 2882 808 2939 Jam
832 2895 965 2936 vero
987 2893 1172 2935 nonne
1198 2876 1579 2948 turpissimum
1618 2888 1737 2930 esse
1763 2872 1933 2937 dices,
1960 2876 2017 2925 et

434 2975 705 3052 ejusmodi
728 2973 888 3029 malis
908 2971 1218 3044 proximum
1242 2986 1306 3027 ac
1328 2968 1569 3024 vicinum
1593 2965 1728 3022 illud
1760 2965 2013 3029 alterum,

439 3071 557 3126 dies
579 3066 839 3123 videlicet
877 3065 1206 3128 observare,
1247 3069 1304 3117 et
1345 3061 1530 3126 horas,
1571 3066 1631 3114 et
1671 3065 1936 3127 tempora,
1961 3061 2018 3110 et

435 3177 629 3227 annos,
654 3175 719 3216 ac
738 3158 950 3215 lunaris
970 3155 1117 3230 globi
1155 3162 1278 3210 tum
1325 3152 1714 3218 accretionem,
1759 3159 1876 3205 tum
1910 3149 2010 3205 de-

425 3258 782 3308 crementum
799 3247 822 3302 ?

508 3335 706 3392 PALL.
731 3335 800 3390 Et
827 3333 1050 3405 quidem
1095 3333 1332 3389 maxime
1371 3351 1384 3387 :
1443 3347 1681 3404 namque
1718 3331 1806 3397 iis,
1847 3330 1943 3402 qui
1987 3345 2018 3385 e

434 3429 695 3501 gentibus
721 3426 790 3483 ad
831 3428 1066 3482 salutem
1090 3425 1334 3481 revocati
1363 3432 1542 3490 erant,
1581 3423 1928 3500 apertissime
1963 3421 2020 3477 id

441 3536 540 3591 pro
565 3520 798 3576 crimine
821 3519 1013 3592 objicit
1035 3520 1230 3575 beatus
1252 3517 1474 3583 Paulus,
1496 3531 1626 3572 cum
1648 3515 1783 3570 dicit
1813 3532 1825 3567 :
1864 3532 1882 3565 ι
1912 3513 2020 3569 Sed

434 3620 556 3666 tum
584 3610 810 3681 quidem
834 3625 945 3664 non
978 3616 1373 3680 cognoscentes
1393 3608 1587 3672 Deum,
1619 3605 1891 3661 serviistis
1930 3605 2018 3672 iis,

436 3703 533 3773 qui
558 3710 758 3756 natura
780 3713 890 3754 non
943 3707 1072 3754 sunt
1094 3699 1171 3754 dii
1181 3717 1202 3772 ;
1269 3715 1415 3755 nunc
1452 3713 1586 3754 vero
1626 3705 2022 3769 cognoscentes

365 3817 368 3820 -
441 3794 613 3847 Deum
635 3830 650 3854 ,
681 3789 792 3845 imo
817 3803 948 3844 vero
968 3789 1171 3860 cogniti
1193 3805 1223 3845 a
1255 3791 1389 3856 Deo,
1433 3791 1711 3862 quomodo
1747 3791 2022 3846 converti-

442 3881 576 3938 mini
596 3895 789 3936 rursus
821 3878 889 3934 ad
917 3877 1134 3934 inﬁrma
1175 3886 1236 3934 et
1251 3894 1424 3952 egena
1472 3880 1780 3946 elementa,
1823 3881 2025 3952 quibus

438 3987 636 4029 rursus
675 3971 859 4028 denuo
899 3971 1108 4028 servire
1150 3970 1358 4026 vultis?
1403 3971 1531 4027 Dies
1582 3969 1922 4036 observatis,
1969 3976 2026 4026 et

443 4079 681 4131 menses,
707 4071 763 4120 et
784 4078 981 4130 annos,
1007 4071 1065 4118 et
1085 4073 1334 4134 tempora
1355 4080 1370 4130 ;
1391 4064 1558 4120 timeo
1572 4079 1689 4130 vos,
1716 4078 1782 4119 ne
1804 4062 1944 4118 forte
1969 4063 2026 4118 in

441 4171 643 4212 vanum
674 4155 1042 4212 laboraverim
1067 4156 1126 4212 in
1151 4158 1330 4213 vobis.
1357 4157 1403 4190 "
1453 4177 1472 4210 ι

510 4245 674 4316 205
707 4245 865 4302 ΟΥΕ.
904 4247 1178 4304 Horarum
1207 4250 1376 4321 igitur
1418 4266 1483 4305 ac
1525 4251 1738 4306 dierum
1770 4250 2028 4306 observa-

443 4338 540 4403 tio,
570 4352 787 4394 necnon
812 4345 1076 4410 prazterea
1110 4348 1441 4411 temporum,
1476 4341 1551 4396 ab
1583 4341 1652 4396 iis
1673 4383 1688 4407 ,
1719 4342 1813 4412 qui
1855 4354 2027 4396 unum

3662 1853 3673 1866 δ

2105 1862 2208 1932 γῆς
2245 1860 2432 1930 γένος,
2463 1860 2628 1930 νόμον
2663 1859 2823 1922 εὐθὺς
2856 1859 2935 1920 είς
2986 1856 3237 1928 βοήθειαν
3267 1855 3465 1908 δέδωκε
3487 1893 3501 1917 ,
3538 1855 3688 1907 κατὰ

2105 1953 2168 2007 τὸ
2193 1951 2601 2025 γεγραμμένον.
2627 1947 2902 2019 Σφαλερὸν
2927 1943 3021 2002 οὖν
3050 1948 3160 2020 ἄρα
3200 1947 3362 2025 παντί
3395 1963 3472 2016 τῳ
3503 1945 3691 1998 λοιπὸν

2107 2047 2207 2117 τὴν
2248 2047 2328 2109 εἰς
2367 2042 2603 2116 Χριστὸν
2638 2041 2822 2095 πίστιν
2853 2024 3267 2110 εἰσδεδεγμένῲ,
3325 2037 3418 2091 καὶ
3459 2037 3557 2108 τὴν
3586 2038 3692 2108 ἀρ-

2108 2137 2268 2210 χαίαν
2333 2135 2548 2202 ἐκείνην
2596 2133 2903 2187 διελάσαντι
2949 2132 3249 2202 πλάνησιν,
3297 2131 3356 2183 τὸ
3414 2129 3692 2202 γραώδεσι

2114 2228 2303 2301 μύθοις
2329 2226 2702 2298 ἀποφέρεσθαι
2736 2225 2871 2297 πρὸς
2914 2223 2951 2279 ἃ
2997 2223 3071 2294 μὴ
3103 2223 3219 2286 δεῖ,
3249 2222 3466 2292 καὶτῆς
3505 2219 3696 2289 ὑγιοῦς

2111 2320 2544 2393 ἀποκομίζεσθαι
2580 2319 2771 2391 δόξης,
2810 2317 2887 2381 ὡς
2928 2316 3047 2370 τόδε
3089 2316 3151 2369 τὸ
3183 2315 3425 2386 σύμπαν,
3455 2316 3573 2386 ἦτοι
3601 2314 3697 2369 τὸν

2112 2415 2421 2489 ἄνθρωπον,
2459 2415 2694 2486 ἡνιοχεῖν
2723 2410 2931 2465 οἴεσθαι
2964 2409 3149 2482 Τύχην
3173 2425 3232 2461 τε
3277 2409 3368 2460 καὶ
3400 2407 3695 2478 Εἱμαρμέ-

2114 2526 2233 2582 νην,
2273 2507 2373 2572 τὰς
2398 2507 2500 2561 οὐκ
2531 2505 2698 2568 οὖσας
2722 2504 2880 2568 ὅλως.

2185 2602 2394 2656 ΠΑΛΛ.
2425 2595 2870 2669 Σφαλερώτατον.
2904 2594 3216 2665 Καταθήξει
3246 2593 3358 2664 γὰρ
3381 2591 3446 2647 ἂν
3471 2593 3499 2645 6
3517 2590 3696 2644 τοιοῦ-

2113 2713 2204 2760 τος
2235 2695 2410 2765 πάντη
2439 2710 2500 2746 τε
2530 2691 2624 2745 καὶ
2652 2691 2868 2753 πάντως
2900 2687 2986 2759 ἐφ’
3016 2687 3193 2758 ἑαυτῷ
3218 2687 3308 2741 τὸν
3343 2685 3558 2758 κριτήν.

2187 2870 2352 2925 ΚΥΡ.
2389 2868 2454 2924 Τί
2481 2867 2570 2936 δέ;
2595 2867 2657 2921 οὐ
2693 2866 3026 2938 πάναισχρον
3055 2861 3192 2919 εἶναι
3221 2865 3327 2937 φὴς
3347 2865 3441 2918 καὶ
3475 2863 3702 2935 ἀγχίθυ-

2123 2979 2212 3034 ρον
2258 2959 2475 3030 ἀληθῶς
2520 2960 2631 3022 τοῖς
2673 2957 2902 3010 τοιοῖσδε
2934 2958 3125 3019 κακοῖς
3164 2955 3223 3009 τὸ
3254 2955 3470 3026 ⁴ἡμέρας
3499 2955 3698 3024 ἐπιτη-

2122 3053 2257 3125 ρεῖν,
2288 3051 2383 3104 καὶ
2408 3048 2577 3120 ὥρας,
2602 3048 2698 3102 καὶ
2727 3047 2972 3120 καιροὺς,
3003 3047 3098 3101 καὶ
3132 3047 3432 3112 ἐνιαυτοὺς,
3466 3040 3616 3109 αὖξίν
3636 3061 3698 3096 τε

2120 3142 2211 3196 καὶ
2233 3141 2414 3211 φθίσιν
2442 3139 2535 3195 τοῦ
2561 3139 2880 3212 σεληνιακοῦ
2915 3139 3113 3194 κύκλου
3137 3156 3151 3204 ;

2191 3321 2402 3376 ΙΙΛΛΛ.
2443 3321 2553 3374 Καὶ
2590 3320 2756 3391 μάλα.
2799 3320 3120 3390 Σαφέστατα
3158 3319 3268 3393 γὰρ
3300 3321 3414 3385 τοῖς
3441 3320 3500 3385 ἐξ
3533 3320 3703 3374 ἐθνῶν

2120 3413 2594 3484 ἀνασεσωσμένοις
2624 3413 2878 3485 ἔγκλημα
2907 3416 3136 3468 ποιεῖται
3166 3413 3234 3466 τὸ
3280 3413 3492 3487 χρῆμα,
3531 3411 3704 3480 λέγων

2121 3508 2149 3560 6
2198 3505 2480 3568 θεσπέσιος
2516 3503 2747 3568 Παῦλος·
2801 3521 2821 3556 ι
2871 3504 3030 3558 Ἀλλὰ
3061 3505 3183 3558 τότε
3219 3504 3318 3575 μὲν
3365 3504 3466 3557 οὐκ
3506 3503 3706 3565 ειδότες

2122 3595 2275 3661 Θεὸν,
2306 3594 2656 3648 ἐδουλεύσατε
2683 3596 2796 3658 τοῖς
2837 3594 2995 3664 φύσει
3030 3596 3105 3666 μὴ
3152 3590 3271 3648 οὖσι
3310 3592 3471 3656 θεοῖς·
3512 3593 3606 3645 νῦν
3647 3593 3706 3645 δὲ

2122 3687 2343 3757 γνόντες
2381 3686 2473 3742 τὸν
2504 3687 2658 3752 Θεὸν,
2706 3687 2904 3758 μᾶλλον
2938 3687 2994 3740 δὲ
3033 3686 3371 3757 γνωσθέντες
3413 3685 3519 3739 ὑπὸ
3546 3684 3705 3749 Θεοῦ,

2122 3781 2241 3845 πῶς
2274 3780 2631 3852 ἐπιστρέφετε
2672 3780 2834 3835 πάλιν
2862 3779 2957 3833 ἐπὶ
2995 3779 3064 3834 τὰ
3112 3778 3316 3850 ἀσθενῆ
3379 3779 3475 3833 καὶ
3517 3779 3713 3849 πτωχὰ

2126 3875 2395 3945 στοιχεῖα,
2429 3867 2512 3936 οἷς
2545 3871 2713 3926 πάλαι
2761 3871 2969 3926 ἄνωθεν
3001 3868 3272 3924 δουλεύειν
3311 3869 3523 3936 θέλετες
3571 3869 3714 3940 ἠμέ-

2126 3978 2226 4032 ρας
2273 3959 2719 4032 παρατηρεῖσθε,
2750 3959 2844 4013 καὶ
2873 3959 3068 4031 μῆνας,
3120 3959 3214 4013 καὶ
3259 3959 3578 4024 ἐνιαυτοὺς,
3615 3957 3714 4011 καὶ

2125 4051 2369 4124 καιρούς·
2416 4049 2690 4124 φοϐοῦμαι
2740 4052 2912 4122 ὑμᾶς,
2951 4053 3027 4123 μή
3060 4069 3177 4116 πως
3231 4053 3353 4124 είκῆ
3406 4052 3716 4105 κεκοπίακα

2127 4145 2206 4208 εἰς
2237 4145 2400 4215 ὑμᾶς.
2431 4161 2452 4197 ι

2197 4237 2362 4290 ΚΥΡ.
2422 4236 2490 4290 Ἦ
2535 4235 2696 4308 ὡρῶν
2751 4234 2858 4307 ἄρα
2927 4234 3022 4287 καὶ
3073 4234 3297 4307 ἡμερῶν
3361 4235 3714 4306 ἐπι-τήρησις,

2129 4328 2428 4400 προσθείην
2453 4328 2498 4381 δ’
2532 4327 2598 4381 ἂν
2626 4329 2710 4380 ὅτι
2738 4328 2832 4380 καὶ
2860 4328 2894 4398 ἡ
2934 4326 3164 4397 καιρῶν,
3200 4326 3549 4397 ἀνάρμοστος
3579 4343 3720 4380 παν-

445 4439 497 4484 et
522 4436 716 4486 natura
764 4431 936 4487 Deum
966 4448 1078 4489 non
1119 4433 1393 4504 ignorant,
1436 4432 1548 4487 imo
1593 4447 1764 4498 vero,
1821 4431 1916 4502 qui
1959 4431 2014 4486 at

2130 4417 2301 4483 τελῶς
2326 4420 2440 4483 τοῖς
2467 4417 2562 4471 τὸν
2583 4417 2680 4471 ἕνα
2715 4434 2774 4470 τε
2799 4417 2893 4471 καὶ
2922 4416 3080 4486 φύσει
3105 4416 3238 4471 Θεὸν
3266 4417 3368 4470 οὐκ
3392 4402 3730 4487 ἡγνοηκόσι,

447 4536 562 4590 .pso
608 4537 708 4592 per
740 4521 902 4577 ﬁdem
945 4529 1075 4577 sunt
1131 4521 1356 4592 cogniti,
1399 4527 1456 4576 et
1476 4520 1546 4574 ad
1585 4521 2028 4592 coniunctionem

448 4609 630 4680 gratiae
650 4625 882 4665 munere
901 4609 1104 4676 vocati,
1148 4609 1330 4666 aliena
1373 4623 1600 4679 prorsus
1643 4618 1757 4676 est;
1785 4625 1911 4664 nam
1939 4625 2029 4665 re-

448 4713 686 4760 trorsum
720 4701 863 4757 redit
906 4703 1002 4773 qui
1038 4703 1144 4758 hoc
1181 4701 1362 4757 facere
1388 4699 1647 4768 voluerit,
1673 4710 1730 4758 et
1781 4700 1931 4756 illam
1973 4702 2030 4756 in

449 4792 665 4849 Christo
681 4792 909 4864 gloriam
928 4792 1140 4866 abiicit,
1153 4792 1508 4862 animumque
1533 4807 1692 4847 suum
1718 4807 1827 4848 non
1851 4791 2033 4848 adhuc

451 4884 720 4941 libertatis
747 4893 1049 4941 amatorem
1071 4894 1272 4951 servat,
1305 4883 1403 4941 sed
1437 4883 1603 4941 stulte
1625 4885 1810 4957 potius
1834 4886 2037 4942 veteris

396 4969 414 4981 ’
450 4977 658 5034 erroris
676 4976 872 5048 iugum
918 4975 1089 5043 subit,
1136 4991 1264 5032 cum
1291 4990 1422 5031 eum
1470 4975 1760 5043 honorem,
1809 4977 1904 5047 qui
1935 4974 2035 5033 Dei

453 5066 706 5135 proprius
728 5074 834 5133 est,
857 5067 1146 5123 elementis
1158 5066 1596 5136 mundideferat;
1617 5077 1695 5133 et,
1709 5083 1831 5138 quae
1852 5067 1920 5122 ad
1941 5083 2031 5123 or-

453 5167 590 5222 tum,
615 5155 932 5214 Conditoris
966 5165 1108 5214 nutu
1141 5167 1334 5214 vocata
1375 5169 1526 5226 sunt,
1563 5173 1630 5215 ea
1651 5159 1880 5215 summis
1915 5158 2032 5230 glo-

454 5248 550 5304 riae
574 5250 916 5306 ornamentis
937 5249 1178 5309 decoret.
1199 5240 1486 5308 Elementa
1511 5267 1680 5324 porro
1704 5251 1894 5307 mundi
1935 5267 2034 5321 ap-

454 5342 619 5410 pellat
672 5341 970 5412 Apostolus
1015 5344 1138 5400 illas
1185 5344 1343 5415 quasi
1393 5345 1694 5415 particulas
1740 5342 2029 5408 universi,

455 5448 698 5507 tempora
741 5449 938 5506 nempe
962 5452 1027 5491 ac
1049 5452 1270 5493 menses
1304 5444 1360 5493 et
1402 5436 1602 5491 horum
1639 5434 2029 5500 dimensiones,

455 5540 573 5593 quae
595 5541 692 5596 per
721 5527 889 5583 horas
907 5543 971 5583 ac
996 5527 1115 5585 dies
1133 5527 1290 5585 ﬁunt.
1310 5528 1446 5583 Nam
1486 5526 1616 5599 quia
1655 5526 2031 5583 continuatum

2135 4508 2336 4580 μᾶλλον
2368 4508 2426 4561 δὲ
2455 4507 2568 4573 τοῖς
2599 4507 2691 4561 ὑπ’
2717 4507 2884 4561 αὑτοῦ
2927 4507 3018 4561 διὰ
3054 4507 3294 4572 πίστεως
3321 4507 3717 4579 ἐγνωσμένοις,

2133 4602 2227 4656 καὶ
2253 4601 2332 4664 εἰς
2371 4601 2680 4669 οἰκειότητα
2708 4599 3065 4672 κεκλημένοις
3091 4601 3191 4672 τὴν
3219 4600 3308 4654 διὰ
3338 4599 3438 4670 τῆς
3466 4601 3716 4671 χάριτος·

2133 4693 2418 4747 ὑπονοστεῖ
2454 4691 2563 4763 γὰρ
2602 4689 2818 4756 ἀνόπιν,
2846 4690 2909 4743 τὸ
2947 4690 3006 4745 ὲν
3038 4691 3262 4762 Χριστῷ
3299 4691 3564 4762 καύχημα
3614 4708 3718 4762 με-

2135 4785 2270 4851 Θεὶς,
2300 4786 2328 4839 6
2357 4783 2520 4838 τοῦτο
2563 4783 2697 4854 δρᾷν
2725 4782 3021 4854 ᾑρημένος*
3068 4785 3163 4839 καὶ
3203 4783 3585 4855 φιλελεύθερον
3611 4785 3716 4855 μὲν

2135 4877 2318 4932 οὐκέτι
2359 4876 2450 4932 τὸν
2497 4877 2696 4930 οἰκεῖον
2745 4873 3042 4929 διεσώσατο
3097 4874 3256 4941 νοῦν,
3311 4874 3610 4946 φληνάφως
3659 4875 3725 4931 δὲ

2138 4969 2338 5042 μᾶλλον
2358 4969 2449 5023 τὸν
2473 4968 2575 5039 τῆς
2597 4966 2833 5039 ἀρχαίας
2857 4967 3178 5040 πλανήσεως
3205 4967 3500 5039 ὑποτρέχει
3530 4966 3724 5036 ζυγὸν,

2133 5065 2247 5126 τοῖς
2272 5059 2368 5115 τοῦ
2401 5060 2612 5131 κόσμου
2657 5059 2942 5132 στοιχείοις
2973 5058 3140 5131 τιμὴν
3169 5060 3500 5131 ἀπονέμων,
3540 5059 3725 5130 ἥνπερ

2137 5155 2206 5208 ἂν
2233 5152 2342 5223 ἔχοι
2365 5151 2520 5216 Θεὸς,
2549 5153 2644 5206 καὶ
2675 5153 2799 5215 ταῖς
2828 5151 3092 5207 ἀνωτάτω
3132 5151 3417 5224 στεφανῶν
3443 5151 3726 5214 εὐκλείαις

2135 5244 2203 5298 τὰ
2247 5243 2561 5314 κεκλῃμένα
2609 5243 2745 5314 πρὸς
2781 5243 3003 5311 γένεσιν
3039 5245 3154 5308 τοῖς
3205 5242 3303 5298 τοῦ
3350 5241 3721 5314 πεποιηκότος

2139 5337 2394 5408 νεύμασι.
2440 5336 2686 5408 Στοιχεῖα
2720 5336 2775 5390 δὲ
2817 5337 3025 5407 κόσμου
3071 5338 3206 5409 φησὶ
3248 5337 3317 5392 τὰ
3359 5337 3527 5392 οἱονεὶ
3560 5335 3730 5407 μόρια

2139 5429 2232 5482 τοῦ
2261 5427 2479 5494 παντὸς,
2511 5427 2738 5499 καιρούς
2776 5445 2835 5481 τε
2877 5429 2971 5482 καὶ
3005 5429 3184 5499 μῆνας
3206 5470 3220 5494 ,
3251 5429 3347 5483 καὶ⁸
3386 5429 3484 5492 τὰς
3507 5427 3723 5480 τούτων

2141 5525 2561 5594 ἀναμετρήσεις,
2587 5521 2676 5575 διά
2701 5539 2760 5575 τι
2791 5521 2950 5592 ὡρῶν
2985 5522 3080 5576 καὶ
3109 5523 3332 5595 ἡμερῶν
3352 5519 3692 5593 ἁποτελουμέ
3711 5548 3727 5559 ο

526 5718 569 5748 ³¹
608 5717 767 5771 Prov.
792 5734 902 5784 xxx,
946 5720 997 5773 ’5.
1077 5723 1122 5754 ³³
1143 5721 1334 5777 Matth.
1364 5739 1416 5788 κ,
1455 5723 1543 5788 29,
1587 5723 1674 5777 3i.
1756 5725 1802 5754 ’⁸
1830 5723 1932 5778 lsa.
1983 5738 2012 5774 v

2131 5721 2354 5792 passim.
2433 5723 2475 5752 ’⁵
2514 5721 2691 5776 Galat.
2722 5737 2792 5788 tv,
2824 5721 2948 5776 9-H
