3990 6196
212 379 312 435 481

932 375 1022 431 DE
1059 374 1501 432 ADORATIONE
1541 376 1613 431 1N
1655 374 1926 430 SPIRITU
1967 374 2055 430 ET
2093 374 2461 431 V'ERITA’I‘E.
2505 376 2632 431 LIB.
2674 375 2761 430 Vl.

3372 377 3477 430 161'.

212 508 333 553 νας.
370 487 574 561 Συνεχῆ
623 489 732 561 γὰρ
771 487 901 542 ὄντα
951 489 1046 542 τὸν
1092 489 1313 562 χρόνον,
1368 489 1463 543 καὶ
1506 488 1791 560 ἀείρῤυτον

1909 498 2011 544 πει
2038 499 2273 558 tempus,
2300 505 2362 543 ac
2388 497 2655 558 perpetuo
2691 490 2867 541 fluens
2895 488 2949 541 in
2977 488 3234 543 ulteriora
3260 486 3467 542 fereba-

212 583 407 654 ἔχοντα
435 580 534 653 τὴν
564 583 646 645 είς
677 580 740 635 τὸ
780 581 970 654 πρόσω
1006 583 1209 655 φορὰν,
1245 586 1374 653 ταῖς,
1409 581 1519 637 τῶν
1564 583 1791 657 καιρῶν,

210 674 374 746 ὡρῶν
389 691 449 728 τε
475 674 571 728 καὶ
597 674 820 746 ἡμερῶν
847 675 1006 729 οἱονεί
1046 692 1163 739 πως
1189 676 1277 730 διά
1318 675 1480 748 μέσον
1514 693 1794 747 παρεγκο-

210 770 347 830 παῖς
384 767 477 819 καὶ
505 766 910 837 ἀνακυκλήσεσι
935 771 1054 831 ταῖς
1081 771 1161 831 είς
1188 766 1344 833 αὖθις
1377 764 1444 823 αὖ
1482 769 1704 841 μέτροις
1732 786 1792 822 τε

207 859 308 912 καὶ
330 857 586 930 ἀριθμοῖς
614 857 847 922 ὑπέταξε
878 858 1030 921 θεός.
1061 860 1209 913 Ἔδει
1237 860 1366 931 γὰρ,
1416 860 1524 914 ἔδει
1551 864 1666 925 τοῖς
1696 862 1795 915 οὐκ

206 950 453 1022 ἄναρχον
479 950 698 1022 ἔχουσιν
720 951 800 1010 εἰς
831 950 890 1003 τὸ
913 948 1053 1005 εἶναι
1092 951 1399 1023 διεκόολὴν,
1427 956 1524 1009 καὶ
1558 956 1683 1011 ὅσον
1707 956 1797 1009 ou-

201 1041 360 1095 δέπω
390 1042 528 1113 πρὸς
558 1042 737 1111 τὸτῆς
772 1042 908 1105 ἰδίας
938 1040 1086 1114 ζωῆς
1115 1045 1464 1116 ἀφιξομένοις
1496 1046 1671 1113 τέλος,
1702 1048 1798 1103 καὶ

201 1134 407 1204 χρόνου
436 1133 532 1186 τοῦ
567 1133 775 1187 τοιοῦδε
815 1134 977 1208 τυχὸν
996 1176 1012 1201 ,
1036 1136 1341 1206 ἀρχομένου
1371 1154 1451 1203 τε,
1481 1156 1553 1210 φη
1564 1140 1625 1211 μὶ
1648 1180 1662 1202 ,
1703 1141 1797 1194 καὶ

197 1226 494 1297 λήγοντος,
531 1227 626 1280 καὶ
657 1228 769 1291 τοῖς
804 1227 905 1281 οὐκ
935 1222 1089 1281 οὖσιν
1119 1229 1206 1282 ἀεὶ
1240 1230 1342 1303 τὴν
1367 1233 1576 1288 οίκείαν
1605 1233 1797 1306 ὥσπερ

200 1318 684 1387 συγκαθιστάντος
727 1319 908 1388 φύσιν.
953 1319 1463 1394 Είσκεκομισμένου
1504 1327 1795 1398 τοιγαροῦν

196 1410 426 1472 οὐδενὸς
479 1411 671 1481 ἐτέρου
725 1412 840 1475 τοῖς
886 1412 982 1466 ἐπὶ
1027 1416 1130 1486 τῆς
1178 1415 1282 1485 γῆς
1314 1414 1401 1471 διά
1448 1434 1508 1471 τε
1563 1419 1793 1489 καιρῶν,

197 1500 375 1571 ὡρῶν
419 1518 481 1554 τε
515 1501 610 1554 καὶ
644 1501 904 1573 ἡμερῶν,
947 1502 1089 1573 πλὴν
1138 1505 1222 1559 ὅτι
1269 1507 1363 1560 καὶ
1407 1508 1577 1579 μόνης
1608 1513 1707 1582 τῆς
1738 1513 1796 1565 ὲν

196 1592 398 1664 κύκλῳ
449 1593 745 1666 διαδρομῆς
797 1596 892 1649 καὶ
936 1597 1365 1670 ἀναμετρήσεως
1418 1602 1700 1672 ἀκριϐοῦς,
1742 1604 1796 1657 τί

200 1683 662 1756 μυθοπλαστοῦσί
692 1703 842 1750 τινες
874 1686 910 1741 ἀ
934 1688 1031 1742 καὶ
1061 1688 1271 1758 γελοῖον
1302 1691 1537 1757 ἑννοεῖν;
1576 1694 1671 1747 καὶ
1698 1694 1797 1758 τὰς

198 1778 310 1848 μὲν
352 1778 466 1832 τῶν
503 1777 663 1851 ὡρῶν
702 1779 1114 1852 ἀγαθοεργοὺς,
1150 1779 1250 1845 τὰς
1293 1781 1387 1848 δὲ,
1438 1786 1499 1837 ού
1541 1786 1796 1851 τοιαύτας

1896 590 2007 647 tur,
2036 597 2137 652 per
2160 592 2469 653 temporum
2494 590 2549 637 et
2572 583 2857 647 horarum,
2882 596 2944 636 ac
2963 580 3179 636 dierum
3202 580 3358 650 quasi
3395 580 3479 635 in-

1895 674 2266 744 terruptiones
2288 690 2351 728 ac
2378 675 2747 729 revelationes
2770 674 2951 728 denuo
2976 672 3289 737 redeuntes,
3324 688 3473 726 metr

1893 765 2047 819 suris
2095 780 2159 819 ac
2201 765 2450 820 numeris
2496 764 2730 835 subjecit
2775 765 2937 819 Deus.
2983 763 3133 833 Opus
3179 763 3325 819 enim
3343 779 3470 834 pro-

1895 854 2041 910 fecto
2064 855 2187 919 fuit,
2217 863 2298 919 ut,
2330 870 2563 925 quorum
2591 854 2841 909 essentia:
2867 869 2976 908 non
3004 855 3077 908 ita
3103 854 3392 920 exsistunt,
3418 864 3476 909 ut

1898 954 2120 1002 careant
2143 946 2323 1014 initio,
2363 955 2418 1001 et
2442 964 2563 1017 quze
2586 946 2903 1017 propediem
2930 946 2997 1001 ad
3020 947 3145 1001 vita:
3169 946 3330 1002 finem
3354 963 3472 1017 per-

1896 1042 2135 1091 ventura
2174 1043 2323 1101 sunt,
2350 1043 2413 1089 ut
2445 1051 2509 1090 ea
2538 1042 2754 1105 tempus
2785 1034 2952 1090 etiam
2991 1035 3262 1105 ejusmodi
3310 1036 3477 1090 liabc-

1899 1136 2043 1191 rent,
2083 1128 2230 1196 quod
2288 1136 2344 1183 et
2382 1127 2651 1198 inciperet
2689 1127 2950 1181 nimirum
2982 1135 3037 1181 et
3074 1126 3369 1194 desineret,
3400 1141 3478 1184 at-

1898 1234 2007 1290 que
2028 1220 2097 1276 ad
2135 1236 2220 1286 ea,
2248 1236 2370 1291 qua:
2408 1235 2521 1275 non
2567 1234 2786 1290 semper
2815 1229 2965 1285 sunt,
3000 1220 3290 1289 cogitatam
3337 1237 3476 1291 que—

1899 1311 2192 1368 dammodo
2220 1311 2659 1367 accommodaret
2680 1312 3102 1368 naturamiCum
3125 1296 3307 1382 itaque
3329 1328 3476 1367 mor-

1900 1404 2103 1460 talibus
2129 1421 2228 1475 per
2251 1413 2517 1476 tempora,
2542 1413 2598 1459 et
2620 1404 2805 1471 horas,
2835 1420 2899 1460 ac
2921 1405 3039 1460 dies
3069 1404 3208 1461 nihil
3235 1405 3306 1461 sit
3331 1406 3477 1461 aliud

1899 1496 2201 1561 invectum,
2234 1498 2341 1552 nisi
2365 1497 2456 1552 illa
2485 1496 2541 1551 in
2571 1497 2763 1551 orbem
2792 1497 3101 1562 conversio,
3138 1506 3194 1553 et
3226 1509 3476 1555 accurata

1898 1588 2192 1656 dimensio,
2224 1590 2356 1659 quid
2382 1597 2486 1653 est,
2528 1589 2676 1660 quod
2704 1606 2767 1644 ea
2794 1590 3049 1646 nonnulli
3096 1591 3342 1647 fabulose
3376 1592 3477 1646 fin-

1898 1691 2054 1753 gunt,
2081 1699 2203 1753 quae
2226 1682 2296 1737 sit
2324 1684 2410 1737 vel
2430 1683 2671 1754 cogitare
2692 1680 3006 1747 ridiculum,
3023 1692 3078 1737 et
3100 1683 3235 1739 alias
3257 1684 3479 1754 quidem

1900 1775 2063 1829 horas
2087 1774 2359 1830 beneﬁcus
2373 1792 2494 1833 esse
2524 1777 2698 1846 aiunt,
2740 1775 2875 1836 alias
2898 1792 3077 1839 secus,
3119 1791 3320 1846 easque
3359 1776 3480 1831 dili-

194 1865 359 1924 εἷναί
392 1887 548 1936 φασι,
582 1872 677 1925 καὶ
712 1872 917 1944 ἀκριδῆ
948 1873 1068 1926 λίαν
1097 1875 1374 1929 ποιοῦνται
1407 1875 1504 1946 τὴν
1540 1878 1800 1951 ἐπιτηρη-

1909 1868 2222 1938 gentissime
2263 1870 2581 1937 observant,
2607 1872 2825 1945 illisque
2851 1873 3122 1935 tribuunt,
3158 1878 3239 1935 ut,
3279 1870 3482 1940 quibus

200 1974 323 2025 σιν,
364 1962 557 2025 αὐταῖς
586 1962 953 2033 ἀπονέμοντες
985 1962 1047 2017 τὸ
1086 1963 1312 2034 ἐπάγειν
1336 1965 1594 2022 δύνασθαι
1636 1970 1697 2022 τό
1728 1987 1787 2023 τε

201 2052 516 2123 εὐημερεῖν
550 2052 645 2106 κα)⁴
672 2053 747 2106 τὸ
776 2053 1041 2119 ἐναντίον,
1074 2048 1155 2119 οἷς
1199 2054 1265 2109 ἂν
1299 2055 1504 2110 ἕλοιντο
1534 2058 1727 2128 τυχὸν,
1763 2059 1797 2130 ἢ

201 2140 296 2209 οἷς
363 2145 430 2199 ἂν
482 2144 652 2209 αὑτὰς
699 2146 915 2217 ἀνάγκη
969 2147 1327 2219 συμϐαίνειν;
1368 2144 1494 2221 Ἆρ’
1540 2147 1633 2205 οὖν
1680 2151 1801 2223 οὐχὶ

203 2234 385 2306 λῆρός
410 2252 472 2289 τε
517 2236 620 2308 ἤδη
660 2238 819 2291 τιιυτῖ⁵
860 2239 955 2292 καὶ
987 2238 1395 2310 ’φρενοϐλάϐεια
1439 2240 1608 2313 δεινὴ,
1649 2243 1799 2313 πάγη

203 2329 264 2383 δέ
291 2346 386 2393 τις
413 2329 698 2400 διαϐολικὴ
732 2329 1185 2402 φιλοκακούργως
1214 2332 1588 2403 ἐσκευασμένη
1610 2349 1626 2400 ;

282 2423 501 2475 UAAA.
533 2422 700 2492 Φημὶ,
734 2422 829 2476 καὶ
855 2421 1005 2476 ἐστιν
1038 2424 1289 2495 ἐναργές.

280 2511 459 2566 ΚΥΡ.
498 2513 710 2583 Ὥσπερ
750 2511 860 2583 γάρ
899 2510 1180 2582 ἐλέγομεν,
1224 2512 1306 2566 ὅτι
1354 2512 1592 2585 Μοίραις
1621 2531 1677 2567 τε
1711 2515 1804 2568 καὶ

208 2600 376 2676 Τύχῃ
419 2602 514 2656 καὶ
547 2602 849 2673 ἀλλοτρίοις
885 2602 1118 2674 νεύμασι
1150 2602 1221 2657 τά
1243 2602 1366 2659 καθ’
1396 2605 1623 2669 ἑαυτοὺς
1657 2606 1805 2677 ἡμᾶς

208 2695 488 2749 ἀνάπτειν
522 2693 842 2760 ἀνέπειθον“,
877 2696 1081 2749 είκαῖον
1125 2697 1256 2766 ἡμῖν
1308 2695 1697 2766 ἀποφαίνοντες
1744 2697 1805 2750 τὸ

213 2786 519 2856 ἐπιμελὲς,
569 2787 664 2840 καὶ
716 2787 987 2858 μερίμνης
1027 2785 1457 2858 ἀποκομίζοντες
1503 2787 1605 2859 τῆς
1663 2788 1805 2859 ὑπὲρ

212 2878 375 2946 (φῶν
407 2877 626 2934 αὐτῶν·
657 2877 801 2933 οὕτω
831 2878 1061 2933 κάνθάδε
1106 2878 1206 2951 τὴν
1238 2879 1409 2952 αὐτὴν
1456 2882 1590 2953 ἡμῖν
1644 2877 1804 2953 ἔξαρ-

211 2968 443 3031 τύοντες
487 2967 776 3040 πλάνησιν,
819 2968 1072 3040 καθάπερ
1103 2967 1161 3034 ἐξ
1195 2970 1497 3039 ἀναγκαίου
1537 2969 1706 3040 ζυγοῦ
1736 2970 1805 3025 τά

214 3059 274 3126 ιξ
306 3060 539 3132 ἡμερῶν
572 3061 666 3114 καὶ
692 3061 850 3132 ὡρῶν
883 3061 1227 3134 ὲπηρτῆσθαί
1257 3079 1410 3132 φασι,
1440 3066 1555 3127 τοῖς
1585 3063 1677 3117 ἐπὶ
1703 3063 1802 3134 τῆς

213 3154 342 3225 γῆς,
377 3153 779 3223 δυσδιάφυκτον
822 3152 1013 3225 ἔχοντα
1042 3152 1142 3225 τὴν
1174 3153 1517 3226 διεκδρομήν·
1553 3154 1646 3208 καὶ
1672 3154 1800 3223 τόγε

213 3209 532 3316 ⁴παράδοξον
563 3209 960 3316 (ογραοπρεςιὴς
1006 3209 1110 3316 μὲν
1146 3244 1253 3318 γάρ
1282 3209 1546 3299 ι’τὲιόὶτδε
1579 3209 1801 3317 μῦθος),
1832 3209 1876 3268 c

212 3333 403 3398 ἰσθλοις
446 3333 507 3387 δὲ
541 3336 656 3396 τοῖς
693 3334 821 3404 περὶ
849 3332 1056 3386 τούτων
1087 3332 1385 3404 νηρίθμους
1413 3329 1650 3403 δρῶντες
1678 3332 1802 3384 ἑπο-

215 3429 393 3495 μένας
417 3426 521 3490 τάς
543 3424 890 3491 ἀποτεύξεις,
921 3427 981 3480 ού
1012 3423 1329 3497 χαρίζονται
1360 3424 1436 3497 (1)
1462 3427 1530 3495 τῇ
1557 3424 1727 3495 πείρᾳ.
1747 3424 1809 3477 τὸ

207 3520 524 3591 διελέγχειν
561 3518 824 3572 δύνασθαι
868 3518 962 3571 τὸν
1001 3516 1339 3587 φενακισμόν
1366 3531 1380 3547 '
1411 3515 1726 3587 φαυλότητα
1751 3516 1811 3569 δὲ

213 3611 674 3683 καταγράφοντες
704 3608 864 3680 ὡρῶν
890 3624 953 3662 τε
987 3608 1079 3662 καὶ
1111 3607 1355 3680 ἡμερῶν,
1389 3607 1484 3661 καὶ
1514 3609 1633 3671 ταῖς
1654 3608 1735 3670 είς
1749 3606 1811 3661 τὸ

217 3707 375 3773 μεῖον
407 3700 489 3773 (2)
522 3700 852 3755 καταδύσεσι
882 3699 979 3754 τοῦ
1010 3699 1313 3770 σεληνιαίου
1342 3697 1546 3753 κύκλου
1588 3699 1688 3770 τὴν
1715 3698 1811 3753 αύ-

211 3797 313 3866 τὴν
348 3794 659 3861 ἐπάγοντες
685 3792 885 3862 ψῆφον,
917 3792 946 3846 ὅ
969 3790 1023 3845 τί
1055 3808 1187 3846 ποτε
1210 3791 1317 3863 ἀρα
1352 3794 1509 3861 φαῖεν
1535 3792 1619 3846 ἀν.
1651 3792 1715 3845 Ei
1744 3791 1808 3861 δὴ

214 3886 475 3957 βούλοιτό
504 3902 591 3948 τις
619 3886 678 3939 ὲν
710 3884 831 3956 ὥρᾳ⁹
868 3885 966 3955 μιᾷ
1017 3884 1111 3939 καὶ
1143 3884 1203 3937 ὲν
1233 3883 1419 3955 ἡμέρᾳ.
1460 3883 1646 3954 τυχὸν,
1678 3884 1810 3946 τοὺς

220 3978 324 4048 μὲν
371 3979 540 4040 δντας
581 3978 639 4029 ὲν
687 3974 1031 4046 εὐημερίαις,
1082 3975 1208 4038 τοὺς
1253 3974 1310 4028 δὲ
1357 3976 1479 4038 ταῖς
1552 3973 1810 4045 ἐσχάταις

220 4068 525 4128 ὲναλόντας
579 4067 920 4137 συμφοραῖς,
969 4062 1405 4135 ἀπαριθμεῖσθαι
1463 4061 1558 4117 καὶ
1607 4062 1808 4132 λέγειν,

220 4160 405 4214 καίτοι
487 4157 551 4210 τὸ
619 4156 778 4227 φύσει
844 4154 1047 4225 φαῦλον
1117 4154 1281 4209 παντί
1353 4171 1430 4220 τῳ
1492 4153 1670 4225 γένοιτ
1745 4154 1811 4209 ἂν

220 4250 410 4302 ὁποῖον
459 4243 601 4302 εἶναι
645 4248 740 4300 καὶ
773 4248 1050 4315 πέφυκεν⁸
1087 4246 1245 4317 εἴπερ
1274 4240 1368 4301 οὖν
1414 4247 1563 4299 ἐστιν
1604 4245 1722 4317 ὥρα
1751 4264 1809 4300 τε

224 4342 317 4394 καὶ
357 4337 478 4409 ἠὼς
505 4340 617 4401 τοῖς
638 4338 732 4391 ἐπὶ
762 4338 867 4407 γῆς
895 4336 1182 4408 ἐπιζήμια,
1211 4336 1265 4389 τί
1299 4335 1373 4407 μὴ
1400 4337 1481 4399 είς
1520 4335 1729 4399 πάντας
1755 4338 1812 4390 ὲν

227 4432 328 4503 ίσιρ
356 4431 430 4485 τά
455 4429 517 4496 ἐξ
543 4430 725 4485 αὐτῶν
753 4429 1047 4500 διαστείχει
1075 4427 1245 4499 βλάϐη
1271 4442 1287 4456 ⁸
1312 4427 1428 4481 ἀλλ’
1452 4430 1509 4493 oi,
1537 4428 1640 4498 μέν
1674 4430 1813 4483 εἰσιν

227 4525 284 4576 ὲν
300 4525 423 4587 τοῖς
450 4522 594 4591 ἀγαν
612 4521 1041 4585 εὐκταιοτάτοις,
1072 4522 1120 4574 οι
1146 4520 1203 4574 δὲ
1226 4518 1543 4574 διολώλασιν
1571 4519 1808 4585 ἔσθ’ὃτε,
1845 4555 1888 4610 D

229 4615 324 4668 καὶ
353 4612 456 4683 τοῦ
484 4614 622 4684 πρὸς
649 4613 803 4685 λῆξιν
834 4613 1003 4675 ίόντος
1032 4610 1255 4682 ἐμπλεω
1288 4610 1462 4666 κακοῦ
1485 4651 1500 4677 ,
1539 4611 1709 4683 μῦθος
1736 4610 1815 4682 τῷ

232 4706 333 4777 βίῳ
366 4705 653 4775 γεγόνασι,
687 4707 780 4759 καὶ
805 4704 1011 4775 σκηνῆς
1039 4703 1298 4767 ὑπόθεσις
1319 4704 1629 4775 τραγικῆς;
1676 4703 1816 4757 Ἀλλ’

232 4797 384 4852 ἐστιν
413 4796 543 4851 ίδεῖν
578 4798 692 4860 τοῖς
717 4813 782 4866 γε
821 4793 1067 4867 ἀκριϐῶς
1093 4794 1337 4848 ἐθέλουσι
1374 4794 1437 4847 τὸ
1464 4796 1546 4848 δτι
1582 4794 1818 4867 μάλιστα

232 4888 515 4952 λυσιτελὲς
542 4887 742 4941 ειδέναι
768 4904 829 4940 τε
872 4887 965 4942 καὶ
992 4887 1267 4950 ἐκπονεῖν,
1302 4886 1384 4940 ὅτι
1423 4884 1567 4941 κατά
1591 4886 1692 4957 τὴν
1719 4886 1817 4939 αύο

234 4979 331 5050 τὴν
359 4978 577 5052 ἡμέραν
595 4996 655 5033 τε
680 4979 776 5033 καὶ
804 4978 955 5050 ὥραν
984 4978 1169 5049 τυχὸν,
1200 4980 1230 5032 ό
1252 4978 1401 5032 δεῖνα
1436 4977 1534 5049 μὲν
1557 4976 1673 5049 ἥλω
1702 4994 1821 5048 μοι⁸

236 5072 390 5141 χείας
414 5073 448 5142 ἢ
478 5072 640 5139 φόνου
667 5072 763 5127 καὶ
792 5070 999 5141 πικρὰς
1030 5073 1142 5135 τοῖς
1165 5070 1477 5135 δικάζουσιν
1508 5068 1820 5123 ἀποτιννύει

233 5165 331 5229 τάς
360 5164 542 5229 δίκας,
572 5168 602 5219 ό
626 5165 774 5219 δεῖνα
796 5164 852 5218 δὲ
890 5160 958 5218 αὖ
995 5161 1349 5236 σωφροσύνης
1374 5178 1436 5214 τε
1468 5161 1563 5215 καὶ⁸
1596 5161 1820 5232 κοσμιό-

235 5272 401 5328 τητος
423 5258 520 5311 καὶ
546 5260 645 5329 τῆς
666 5260 804 5331 ὑπὲρ
815 5259 954 5329 ἄγαν
970 5257 1268 5321 ἐπιεικείας
1294 5254 1537 5319 ἐπαίνοις
1548 5254 1816 5327 ἱντρυφᾷ.

249 5344 390 5400 Ἀλλ’
412 5346 540 5401 οὔτε
556 5348 647 5402 τὸν
667 5348 970 5402 ἀκόλαστον
997 5343 1308 5416 ἀπείρξειεν
1326 5345 1394 5400 ἀν
1422 5345 1609 5417 ἡμέρα
1634 5360 1694 5398 τε
1727 5343 1823 5398 καὶ

237 5434 358 5509 ὥρα
375 5442 701 5511 σωφρονεῖν,
728 5436 852 5493 οὔτε
877 5439 984 5511 μὴν
998 5437 1090 5493 τὸν
1106 5436 1324 5507 επιεικῆ
1340 5436 1436 5490 καὶ
1455 5436 1701 5507 κόσμιον,
1722 5449 1822 5489 καο

236 5529 526 5600 ταθήξειεν
564 5529 632 5585 ἀν
663 5532 746 5595 είς
783 5530 1059 5602 ἀκοσμίαν
1094 5528 1191 5583 καὶ
1225 5526 1558 5590 ἀκολάστους
1592 5526 1787 5598 ἡδονάς
1807 5542 1820 5557 ο

240 5622 435 5695 γνώμη
466 5621 527 5676 δὲ
571 5621 775 5695 μᾶλλον
811 5624 847 5694 ἡ
883 5620 1144 5695 ἐλευθέρα
1175 5620 1311 5691 πρὸς
1346 5620 1455 5672 πᾶν
1493 5616 1695 5684 ὁτιοῦν,
1725 5615 1821 5670 καὶ

1902 1958 2200 2027 voluerint,
2225 1971 2320 2017 aut
2352 1963 2554 2033 quibus
2581 1965 2726 2037 ipsas
2754 1966 3072 2037 contingere
3112 1979 3335 2019 necesse
3359 1964 3480 2019 fue-

1900 2052 2012 2117 rit,
2049 2052 2121 2106 iis
2158 2053 2477 2110 hominibus
2518 2066 2631 2112 tum
2678 2058 2893 2114 felicem
2934 2073 3249 2113 successum
3284 2056 3481 2111 afferre

1901 2144 2133 2215 possint,
2154 2151 2271 2199 tum
2296 2156 2487 2203 contra
2527 2148 2849 2205 infelicem?
2879 2150 3072 2205 Nonne
3098 2149 3215 2204 haec
3244 2150 3354 2220 jam
3388 2148 3485 2202 de—

1902 2236 2027 2291 liria
2054 2245 2203 2303 sunt,
2231 2254 2294 2293 ac
2324 2241 2559 2296 maxima
2582 2241 2878 2309 dementia,
2922 2251 2978 2297 et
3005 2242 3234 2311 laqueus
3258 2240 3482 2312 quidam

1905 2329 2210 2387 diabolicus
2234 2333 2431 2388 callide
2466 2335 2734 2404 paratus?

1976 2422 2172 2478 PALL.
2203 2424 2433 2492 Fateor;
2465 2434 2521 2480 et
2547 2425 2708 2482 estid
2734 2442 2865 2483 sane
2885 2425 3130 2482 evidens.

1974 2511 2132 2569 ΟΥΕ.
2163 2514 2233 2571 Ut
2261 2514 2408 2570 enim
2433 2518 2596 2586 paulo
2620 2525 2746 2573 ante
2771 2517 3109 2582 dicebamus,
3146 2515 3364 2573 suaderi
3389 2532 3485 2570 no-

1909 2602 1996 2657 bis
2016 2603 2084 2658 ab
2110 2603 2237 2670 illis,
2267 2615 2327 2660 ut
2367 2605 2515 2662 Fatis
2538 2621 2602 2662 ac
2627 2607 2887 2663 Fortuna:
2909 2608 3212 2678 alienisque
3241 2606 3487 2662 arbitriis

1909 2710 2000 2749 res
2021 2702 2241 2749 nostras
2272 2696 2647 2764 ascribamus;
2688 2712 2813 2753 eum
2848 2714 3043 2753 vanam
3088 2714 3209 2754 esse
3240 2707 3484 2753 nostram

1911 2787 2251 2858 diligentiam
2279 2790 2659 2859 pronuntient,
2684 2801 2740 2849 ct
2763 2790 3040 2848 abducant
3063 2806 3094 2847 a
3117 2807 3248 2847 cura
3269 2807 3372 2863 pro
3392 2807 3489 2846 no—

1912 2878 1998 2935 bis
2023 2879 2154 2949 ipsis
2171 2880 2551 2951 suscipienda;
2577 2881 2657 2937 sic
2692 2881 2748 2936 in
2775 2882 2877 2937 hac
2904 2897 3124 2953 quoque
3147 2890 3300 2954 parte
3329 2898 3487 2937 eum-

1909 2973 2035 3028 dem
2055 2972 2215 3027 nobis
2243 2985 2487 3028 errorem
2513 2983 2792 3031 struentes
2811 3015 2826 3042 ,
2867 2977 3083 3031 dierum
3117 2985 3281 3047 atque
3324 2976 3487 3031 bora-

1911 3076 2034 3115 rum
2081 3076 2260 3127 easus,
2307 3062 2480 3127 aiunt,
2543 3062 2708 3135 206
2752 3072 3011 3135 tanquam
3062 3080 3130 3121 ex
3178 3067 3490 3121 necessario

1906 3151 2039 3222 jugo
2064 3150 2389 3235 mortalibus
2405 3151 2712 3218 imminere,
2736 3169 2875 3225 quos
2897 3154 3258 3211 declinaresit
3277 3156 3491 3211 difﬁcil-

1908 3241 2101 3296 limum
2133 3259 2146 3293 :
2173 3248 2228 3294 et
2253 3240 2401 3310 quod
2432 3241 2633 3296 mirum
2662 3250 2747 3298 est
2791 3243 2977 3314 (anilis
3001 3246 3148 3301 enim
3173 3254 3256 3301 est
3299 3247 3490 3318 hujus-

1908 3331 2057 3386 modi
2105 3330 2313 3402 fabula)
2352 3347 2476 3387 cum
2516 3334 2790 3404 ejusmodi
2825 3351 3000 3407 nugas
3054 3337 3493 3393 innumerabiles

1908 3421 2295 3477 frustrationes
2340 3422 2589 3477 comitari
2607 3422 2852 3489 videant,
2895 3440 3005 3479 non
3052 3433 3231 3479 tamen
3275 3427 3494 3496 experi-

1910 3522 2098 3569 mento
2128 3514 2458 3580 concedunt,
2489 3526 2549 3571 ut
2575 3516 2685 3570 hoc
2708 3531 2901 3571 eorum
2936 3526 3307 3573 commentum
3333 3533 3492 3573 coar-

1909 3623 2079 3679 guere
2100 3608 2293 3679 possit,
2324 3608 2419 3663 sed
2442 3609 2604 3667 horas
2640 3623 2703 3663 ac
2722 3616 2970 3680 tempora
3008 3610 3363 3681 malignitatis
3397 3628 3490 3667 ac-

1911 3699 2174 3764 cusando,
2198 3699 2452 3770 idemque
2474 3699 2743 3771 judicium
2769 3699 2836 3756 de
2861 3700 3246 3769 decrementis,
3268 3719 3389 3774 quae
3411 3703 3493 3759 lu-

1911 3804 1995 3845 na:
2031 3789 2226 3860 globus
2252 3790 2430 3854 subit,
2480 3790 2728 3856 ferendo,
2785 3792 3005 3862 quidvis
3045 3793 3266 3850 tandem
3309 3794 3493 3851 dicere

1912 3889 2192 3950 poterunt.
2219 3880 2275 3935 Si
2307 3883 2431 3951 quis
2448 3882 2615 3954 igitur
2638 3883 2770 3939 velit
2797 3884 2852 3938 in
2870 3884 3062 3940 eadem
3092 3886 3247 3951 hora,
3267 3886 3492 3943 eodem-

1912 3985 2021 4041 que
2046 3970 2135 4027 die
2147 3971 2381 4027 fortasse
2406 3972 2543 4027 alios
2565 3989 2833 4043 prospero
2854 3989 3111 4030 successu
3149 3976 3323 4042 laetos,
3359 3979 3494 4032 alios

1913 4062 2165 4118 maximis
2207 4063 2612 4118 calamitatibus
2650 4078 2947 4134 oppressos
2988 4081 3281 4122 numerare
3318 4084 3380 4123 ac
3406 4069 3492 4123 di-

1913 4168 2064 4219 cere,
2100 4154 2272 4224 atqui,
2323 4154 2468 4224 quod
2498 4163 2690 4224 suapte
2718 4163 2914 4209 natura
2930 4156 3227 4227 malignum
3253 4167 3357 4225 est,
3381 4162 3495 4216 eui-

1913 4243 1997 4298 vis
2022 4243 2124 4297 tale
2150 4242 2221 4297 sit
2247 4255 2471 4297 necesse
2496 4252 2606 4306 est,
2635 4240 2792 4312 quale
2820 4252 2879 4296 ut
2912 4253 3075 4310 esset,
3111 4245 3192 4300 illi
3226 4259 3309 4303 est
3342 4248 3494 4320 inge-

1914 4337 2090 4392 nitum
2130 4354 2140 4388 :
2170 4336 2216 4390 si
2239 4335 2406 4406 igitur
2430 4344 2558 4391 sunt
2595 4335 2728 4389 bora
2756 4343 2920 4406 atque
2946 4350 3145 4393 aurora
3182 4340 3495 4395 hominibus

1915 4427 2096 4493 noxia,
2123 4442 2222 4482 cur
2254 4441 2364 4481 non
2396 4424 2464 4480 ad
2503 4441 2695 4482 omnes
2733 4428 3019 4498 aequaliter
3054 4443 3248 4484 eorum
3291 4430 3492 4488 incum.

1916 4518 2078 4573 moda
2116 4517 2465 4589 perveniunt,
2514 4517 2608 4573 sed
2649 4518 2741 4572 alii
2781 4534 2965 4573 rerum
2993 4530 3120 4575 sunt
3148 4523 3497 4592 exoptatissi-

1921 4622 2135 4666 marum
2177 4619 2457 4681 compotes
2502 4612 2659 4675 facti,
2714 4611 2806 4667 alii
2832 4612 3030 4683 perditi
3076 4613 3350 4668 interdum
3376 4655 3389 4677 ,
3434 4631 3497 4669 ac

1917 4702 2148 4758 summis
2171 4702 2328 4758 malis
2368 4704 2653 4768 cumulati,
2692 4704 2746 4758 in
2781 4704 3022 4758 fabulam
3065 4704 3251 4776 vulgi,
3310 4712 3366 4760 et
3394 4714 3497 4759 tra-

1916 4791 2050 4861 gicae
2088 4805 2266 4845 scenm
2301 4802 2686 4862 argumentum
2709 4792 3004 4849 abierunt?
3030 4793 3157 4858 Sed,
3184 4794 3496 4866 quicunque

1916 4880 2207 4961 diligenter
2230 4881 2376 4951 quod
2408 4881 2464 4936 in
2502 4882 2697 4953 primis
2714 4884 2957 4953 expedit,
2985 4884 3178 4941 idtum
3210 4900 3373 4943 nosse
3400 4902 3497 4941 το-
3532 4888 3545 4899 ’

1916 4974 2058 5038 lunt,
2088 4981 2205 5028 tum
2226 4987 2358 5028 vero
2371 4973 2537 5028 etiam
2560 4974 2618 5029 in
2644 4989 2712 5029 eo
2733 4976 3037 5042 elaborare,
3063 4977 3130 5032 iis
3151 4976 3337 5033 videre
3374 4978 3501 5035 licet

1924 5063 2119 5119 eodem
2134 5062 2223 5121 die
2250 5073 2414 5136 atque
2437 5064 2571 5121 hora
2590 5066 2820 5123 fortasse
2843 5069 2993 5124 hunc
3016 5069 3239 5140 quidem
3266 5071 3333 5126 de
3350 5071 3501 5127 adul—

1926 5155 2068 5212 terio
2095 5164 2190 5212 aut
2211 5157 2360 5213 crede
2385 5158 2723 5225 convictum,
2765 5160 2995 5217 acerbas
3012 5161 3293 5233 judicibus
3316 5179 3499 5235 pmnas

1917 5248 2221 5314 exsolvere,
2250 5249 2483 5305 alterum
2505 5262 2639 5307 vero
2659 5252 3035 5323 temperantiae
3061 5265 3226 5323 atque
3251 5255 3505 5311 honesta-

1920 5338 1993 5394 tis
2014 5354 2350 5412 summaque
2383 5341 2678 5413 probitatis
2709 5342 2968 5399 laudibus
3009 5344 3140 5399 frui.
3175 5344 3282 5401 Sed
3324 5348 3502 5414 neque

1923 5431 2383 5503 intemperantem
2426 5434 2581 5490 illum
2604 5433 2725 5490 dies
2757 5443 2855 5490 aut
2878 5435 3012 5491 hora
3034 5435 3322 5505 prohibuit
3370 5447 3504 5504 quo-

1890 5522 1893 5523 ⁷
1926 5525 2111 5580 minus
2135 5531 2509 5596 temperanter
2547 5526 2791 5591 viveret;
2830 5540 3009 5597 neque
3040 5540 3236 5581 rursus
3270 5524 3503 5596 probum

1927 5623 1983 5673 et
2004 5615 2313 5673 modestum
2334 5616 2400 5673 ad
2424 5617 2807 5689 petulantiam,
2851 5624 2908 5671 et
2946 5616 3377 5686 intemperantes
3412 5631 3507 5675 vo-

316 5738 391 5876 μ)
423 5736 614 5793 Codex
674 5735 864 5793 Slrleti
926 5738 1025 5807 οὐχ
1084 5733 1355 5805 ὁρίζονται
1381 5772 1395 5797 ,
1473 5747 1578 5785 non
1630 5729 1925 5787 declarant.

337 5808 388 5875 ὴ
418 5808 555 5864 Cod.
594 5807 789 5875 Valle,
819 5810 898 5871 εἰς
920 5806 980 5861 τὸ
1004 5807 1184 5876 μέσον.

337 5806 388 5875 2)
418 5808 555 5864 Cod.
594 5807 789 5875 Valle,
819 5810 898 5871 εἰς
920 5806 980 5861 τὸ
1004 5806 1184 5877 μέσον.
