3990 6196
310 238 417 297 665

1025 246 1114 302 DE
1152 248 1591 311 ADORATIONE
1632 258 1699 314 IN
1735 257 2004 319 SPIRITU
2046 264 2133 319 ET
2176 265 2542 321 VERITATE.
2579 264 2706 319 LIB.
2748 264 2833 320 VI.
2932 290 2937 293 -

3432 271 3560 325 οιεη

306 354 525 427 καιρὸν,
555 357 824 424 τουτέστι,
856 360 954 433 τὴν
974 371 1596 445 τεσσαρεσκαιδεκάτην,
1621 375 1687 429 δι’
1707 376 1882 432 αἰτίαν

1993 381 2268 437 decimum
2289 390 2547 453 quartum
2562 380 2732 449 diem,
2758 382 2829 437 ob
2856 397 2978 438 eam
3015 398 3235 440 causam
3272 405 3284 439 :
3309 388 3559 457 quamvis

304 446 588 517 τοιαύτην,
616 448 720 503 κᾶν
748 451 798 503 εί
826 455 1196 523 παμποίκιλος
1220 460 1296 516 ὢν
1334 464 1429 518 καὶ
1456 465 1652 537 δριμὺς
1680 470 1760 533 είς
1788 488 1885 524 κα-

308 538 605 630 κουργίαν,
645 540 842 612 ἑτέρας
881 546 1065 611 αὐτοῖς
1110 550 1395 607 ἐπιπλέκει
1445 556 1545 620 τάς
1586 548 1881 630 άφορμάς·

304 629 437 691 τοὺς
472 629 584 699 γάρ
611 647 695 683 τοι
726 635 953 704 καιροὺς
985 639 1103 709 ἤτοι
1129 641 1227 706 τὰς
1261 644 1495 717 ἡμέρας,
1521 648 1581 701 ὲν
1610 629 1885 714 αἷςαύτδν

304 720 419 814 τῆς.
454 720 584 814 καθ’
615 722 771 793 ἡμῶν
809 729 1119 797 τυραννίδος
1152 733 1493 797 άπολισθεῖν,
1514 740 1881 814 συμϐέϐηκεν,

305 808 720 881 ἐπιλάμψαντος
765 817 898 887 ἡμῖν
940 819 1034 872 τοῦ
1088 822 1429 893 Μονογενοῦς
1478 830 1537 883 ἐν
1571 808 1886 905 ἀνθρωπεία

306 904 492 972 μορφῇ
521 904 617 957 καὶ
655 907 713 959 ὲν
756 907 887 961 εἴδει
916 911 995 981 τῷ
1036 913 1159 966 καθ’
1184 915 1332 985 ἡμᾶς
1351 956 1366 981 ,
1396 919 1539 990 τάχα
1564 940 1666 976 που
1704 924 1796 978 καὶ
1825 904 1885 979 ἐν

298 991 494 1059 ψιλαῖς
520 996 754 1061 ἐννοίαις
784 999 926 1053 ἑλεῖν
961 1002 1060 1056 οὐκ
1099 1004 1374 1076 ἀνέχεται.

378 1087 590 1141 nam.
623 1089 748 1154 Πῶς
767 1091 831 1163 δὴ
855 1095 994 1166 φής;

376 1178 542 1232 ΚΥΡ.
576 1181 651 1234 Οὐ
672 1181 802 1253 γὰρ,
832 1177 878 1237 ὧ
901 1186 1187 1257 Παλλάδιε,
1215 1194 1465 1266 πέμπτος
1513 1196 1646 1267 ἡμῖν
1679 1198 1883 1270 ἀπαρι-

302 1269 526 1339 θμείται
549 1272 762 1342 καιρὸς,
786 1276 815 1328 6
835 1275 935 1347 τῆς
961 1279 1055 1333 τοῦ
1086 1282 1342 1356 Σωτῆρος
1374 1287 1531 1358 ἡμῶν
1558 1289 1883 1360 ὲπιδημίαςς

375 1361 590 1453 ΠΑᾼΛ.
633 1365 863 1436 Συνίημι
905 1368 934 1422 6
980 1372 1118 1443 φὴς,
1160 1375 1268 1431 διπό
1292 1393 1357 1446 γε
1402 1378 1503 1449 τῆς
1527 1380 1886 1453 εὐαγγελικῆς

303 1452 645 1524 παραϐολῆς.
713 1457 1121 1531 Ἐξεληλυθέναι
1167 1466 1276 1539 γὰρ
1322 1467 1428 1540 ἔφη
1474 1471 1741 1542 Χριστὸς,
1792 1452 1886 1527 τόν

300 1543 418 1635 τοῖς
448 1543 711 1635 ἐργάταις
743 1550 824 1633 είς
855 1550 945 1603 τὸν
976 1553 1275 1624 ἀμπελῶνα
1322 1559 1701 1633 μισθούμενον,
1757 1564 1885 1635 περὶ

303 1630 458 1726 ὤραν
482 1633 728 1708 πρώτην,
756 1630 954 1712 τρίτην
988 1661 1049 1698 τε
1082 1648 1176 1702 καὶ
1201 1648 1387 1721 ἕκτην,
1422 1630 1765 1726 καὶήέννάτην
1790 1630 1885 1709 καὶ

1988 481 2051 528 ιιι
2073 481 2158 529 est
2178 474 2365 530 varius
2387 482 2445 529 et
2467 489 2594 529 acer
2623 473 2693 528 ad
2731 474 2988 529 astutiam
3007 513 3022 539 ,
3055 473 3192 530 alias
3227 475 3336 531 illis
3368 492 3560 533 causas

1987 572 2173 619 nectat
2200 583 2210 619 :
2242 582 2369 620 nam
2400 574 2647 635 tempora
2689 570 2783 619 aut
2807 564 2945 630 dies,
2984 566 3188 635 quibus
3211 566 3391 637 ipsum
3414 583 3445 624 e
3474 575 3559 641 ty-

1988 656 2239 723 rannide,
2264 672 2371 727 qua
2395 655 2555 711 nobis
2577 655 2982 722 dominabatur,
3004 657 3288 737 deturbari
3310 646 3560 731 contigit,

1987 762 2113 801 cum
2139 748 2231 802 ille
2258 746 2585 818 Unigenitus
2609 746 2669 801 in
2690 746 2929 803 humana
2949 748 3129 804 forma
3149 757 3205 806 et
3234 750 3416 821 specie
3457 766 3559 806 no-

1987 838 2092 893 stri
2121 839 2288 895 simili
2315 838 2478 893 nobis
2494 838 2812 904 affulsisset,
2834 839 3066 896 fortasse
3090 855 3161 896 ne
3184 841 3418 914 simplici
3435 842 3559 912 qui-

1986 931 2113 986 dem
2153 931 2480 1002 cogitatione
2502 930 2791 1001 complecti
2812 931 3077 987 sustinet-

2058 1111 2223 1182 208
2243 1110 2439 1167 PALL.
2469 1109 2754 1177 Quomodo
2792 1108 2939 1167 istud
2977 1110 3213 1166 asseris?

2057 1201 2217 1257 CYR.
2245 1202 2462 1269 Nonne,
2485 1199 2713 1265 Palladi,
2736 1199 2930 1271 quinto
2952 1199 3074 1257 loco
3095 1215 3128 1255 a
3160 1200 3321 1256 nobis
3346 1208 3562 1274 tempus

1988 1292 2122 1348 illud
2149 1300 2492 1357 numeratur,
2518 1306 2628 1363 quo
2651 1290 2898 1347 Salvator
2928 1297 3117 1346 noster
3144 1290 3409 1349 advenit?

2059 1382 2257 1439 PALL.
2290 1383 2539 1453 Intelligo
2568 1398 2636 1437 ex
2662 1382 2755 1438 illa
2778 1380 3059 1453 Evangelii
3076 1381 3562 1453 parabola.Exisse

1986 1476 2133 1530 enim
2156 1475 2234 1529 ait
2264 1473 2537 1539 Christus,
2589 1488 2739 1539 eum,
2786 1472 2882 1544 qui
2928 1472 3210 1543 operarios
3234 1470 3304 1527 ad
3346 1470 3560 1527 vineam

1987 1565 2332 1621 conducebat
2361 1565 2510 1621 circa
2535 1565 2728 1621 horam
2753 1564 3010 1636 primam,
3050 1564 3291 1629 tertiam,
3329 1572 3560 1627 sextam,

1985 1672 2187 1712 nonam
2214 1664 2270 1711 et
2295 1656 2660 1721 undecimam,
2681 1654 2735 1711 id
2751 1664 2855 1722 est,
2876 1663 3123 1712 extremo
3144 1661 3413 1725 tempore,
3435 1669 3561 1711 cum

303 1724 625 1797 ἑνδεκάτην,
653 1731 964 1801 τουτέστιν,
994 1737 1052 1789 ὲν
1077 1738 1155 1809 τῷ
1192 1741 1489 1816 τελευταίῳ
1518 1745 1725 1818 καιρῷ,
1760 1746 1880 1800 καθ’

1993 1747 2106 1817 ipse
2125 1747 2383 1819 apparuit
2411 1755 2467 1803 et
2490 1719 2694 1803 aﬁ‘ulsit
2712 1719 2907 1804 nobis”

299 1815 365 1868 ὃν
395 1819 641 1891 ἐπεφάνη
670 1838 731 1875 τε
766 1826 862 1876 καὶ
893 1826 1211 1901 ἐπέλαμψεν
1236 1832 1388 1904 ἡμῖν.

381 1911 547 1968 ΚΥΡ.
600 1914 1012 1987 Νουνεχέστατά
1043 1938 1108 1991 γε
1143 1926 1237 1979 καὶ¹
1273 1926 1393 1981 λίαν
1423 1928 1599 1998 ὀρθῶς
1632 1930 1879 2004 εἴρηκας.

302 2006 373 2058 Τί
405 2005 493 2073 δέ;
534 2008 655 2078 οὐχὶ
680 2013 746 2082 τῇ
785 2012 1009 2087 πέμπτῃ
1040 2017 1137 2071 τοῦ
1176 2020 1458 2076 Σαϐϐάτου
1485 2023 1881 2096 παραδεδόσθαι

305 2097 497 2167 φαμὲν
532 2099 719 2165 αὐτὸν,
761 2103 857 2155 καὶ
896 2106 982 2169 είς
1013 2108 1191 2178 ἀρχὰς
1231 2109 1422 2184 ὥσπερ
1446 2113 1602 2184 ἥκειν
1626 2117 1722 2187 τῆς
1755 2116 1883 2185 ὅλης

303 2190 646 2262 οἰκονομίας,
675 2192 743 2246 δι’
770 2188 839 2267 ἧς
866 2196 916 2250 οἱ
942 2197 1143 2265 πάντες
1170 2202 1600 2275 άνασεσώσμεθα
1617 2246 1631 2271 ,
1661 2207 1754 2262 τὸν
1778 2227 1883 2264 σω-

301 2280 497 2351 ¹ιήριον
522 2282 666 2354 ὑπὲρ
701 2285 860 2355 ἡμῶν
896 2288 1221 2357 άνατλάντος
1253 2296 1484 2367 σταυρὸν
1510 2296 1603 2350 τοῦ
1642 2298 1707 2351 δι’
1734 2301 1882 2370 ἡμᾶς

304 2372 796 2446 ἑνηνθρωπηκότος
817 2396 832 2443 ;

378 2464 591 2522 nam.
622 2467 731 2520 Καὶ
759 2467 933 2538 μάλα.

377 2553 544 2607 ΚΥΡ.
581 2557 918 2633 Κατήργηκε
947 2560 1003 2615 δὲ
1033 2563 1126 2617 τὸν
1160 2562 1409 2629 θάνατον,
1435 2569 1529 2622 καὶ
1558 2569 1757 2624 ἀνεϐίω
1781 2569 1882 2623 πά-

301 2645 411 2709 λιν,
451 2646 759 2713 σκυλεύσας
783 2651 875 2705 τὸν
900 2651 1053 2725 ᾅδην,
1086 2655 1186 2709 οὐκ
1210 2658 1266 2710 ὲν
1292 2658 1473 2733 ὀγδόῃ,
1512 2663 1781 2728 τουτέστι,
1813 2666 1880 2734 τῇ

307 2737 412 2806 μιᾷ
429 2737 542 2789 τῶν
568 2737 860 2794 Σαϐϐάτων
875 2782 889 2807 ,

378 2829 589 2883 ΠΑΛΛ.
620 2832 735 2885 Οὐκ
762 2833 1086 2904 ἀμφίϐολον.

379 2917 546 3009 ΙςΥΡ.
581 2920 699 3009 Καὶν
720 2920 852 2990 γοῦν
874 2922 903 2978 6
930 2924 1099 2981 πάλαι
1127 2927 1291 2999 νόμος
1321 2930 1421 3001 τὴν
1445 2931 1503 2985 ὲν
1534 2933 1697 3005 σαρκὶ
1725 2952 1883 3009 περι-

300 3007 504 3077 τομὴν,
534 3008 887 3065 ὐποτύπωσίν
928 3031 1054 3070 τινα
1086 3015 1187 3086 τῆς
1215 3019 1273 3072 ὲν
1316 3019 1592 3093 πνεύματι
1624 3023 1720 3076 καὶ
1748 3007 1882 3097 άλη-

302 3098 454 3169 θεία,
487 3098 744 3155 διετύπου
775 3104 1116 3175 πράττεσθαι
1158 3107 1302 3162 κατὰ
1331 3109 1431 3181 τὴν
1461 3112 1675 3184 ὀγδόην.
1720 3114 1887 3187 Περι-

299 3191 453 3260 τομὴ
481 3190 537 3245 δέ
564 3209 627 3261 γε
670 3193 772 3265 τῆς
821 3196 1056 3268 ἀρχαίας
1111 3200 1392 3274 ὲκείνηςή
1442 3207 1885 3279 προφερεστέρα,

300 3282 624 3354 τουτέστιν,
666 3287 802 3357 ήέν
831 3288 1129 3361 πνεύματι,
1183 3292 1501 3364 Πνεύματός
1540 3296 1690 3350 ἐστιν
1729 3298 1888 3366 ἁγίου

306 3373 550 3442 μέθεξις,
578 3376 672 3429 καὶ
703 3378 864 3450 χάρις
900 3381 933 3453 ἡ
963 3381 1021 3434 ὲν
1063 3382 1279 3454 ἀρχαῖς,
1320 3384 1410 3456 ἥν,
1439 3387 1670 3460 ἐπείπερ
1706 3389 1771 3444 ὲκ
1799 3407 1888 3443 νε-

302 3467 460 3538 κρῶν
500 3469 725 3533 ἀνεϐίω,
775 3471 940 3527 πάλιν
987 3474 1336 3532 άνεκαίνισεν
1385 3479 1520 3548 ἡμῖν
1563 3481 1592 3535 6
1618 3482 1886 3553 Χριστὸς,

299 3558 519 3629 λέγων’
558 3581 576 3613 ι
612 3562 825 3618 Λάϐετε
849 3565 1075 3638 Πνεῦμα
1104 3566 1280 3638 ἅγιον.
1322 3590 1343 3623 ι
1384 3572 1526 3644 Ἔφη
1561 3573 1620 3627 δέ
1660 3591 1762 3629 που
1792 3576 1888 3630 καὶ

299 3653 336 3704 6
376 3654 646 3725 μακάριος
695 3655 940 3721 Παῦλος,
973 3658 1055 3712 δτι
1107 3678 1126 3713 ι
1189 3661 1263 3715 Τὸ
1295 3661 1497 3741 Πάσχαο
1532 3664 1690 3736 ἡμῶν
1722 3665 1885 3738 ἐτύθη

301 3743 565 3811 Χριστός.
607 3764 627 3797 ι
668 3746 882 3819 Ἡμέρα
904 3765 970 3817 γε
1000 3749 1108 3820 μὴν
1139 3751 1237 3823 τῆς
1264 3756 1534 3825 σωτηρίου
1563 3756 1765 3827 ταύτης
1792 3758 1888 3811 καὶ

306 3835 647 3890 πολυεύκτου
702 3839 941 3910 σφαγῆς,
978 3841 1011 3911 ή
1051 3841 1192 3896 κατὰ
1231 3843 1460 3916 σελήνην
1496 3862 1885 3918 τεσσαρεσκαι⁴

301 3924 527 3996 δεκάτη.
564 3926 721 3983 Οὕτω
751 3930 845 3983 καὶ
872 3931 900 3984 6
932 3930 1095 4002 νόμος
1132 3936 1607 4006 προανεκήρυττεν
1642 3939 1886 4009 ἐναργῶς

300 4015 405 4085 τῆς
431 4015 527 4069 τοῦ
556 4018 807 4091 Σωτῆρος
835 4021 994 4092 ἡμῶν
1034 4025 1249 4095 σφαγῆς
1277 4025 1369 4079 τὸν
1404 4026 1612 4098 καιρὸν,
1647 4028 1715 4099 ῆν
1744 4030 1885 4101 ὑπὲρ

300 4107 404 4177 τῆς
429 4109 526 4162 τοῦ
557 4111 761 4181 κόσμου
796 4111 943 4182 ζωῆς
975 4114 1461 4187 ὑπομεμενηκέναι
1496 4118 1676 4189 φαμὲν
1699 4120 1880 4174 αὐτόν’

311 4217 330 4249 ε
367 4198 447 4269 Τῇ
484 4199 594 4271 γὰρ
622 4199 844 4273 δεκάτῃ,
877 4203 1031 4274 φησὶ,
1072 4204 1168 4258 τοῦ
1191 4204 1364 4276 μηνὸς
1392 4206 1487 4260 τοῦ
1514 4210 1755 4279 πρώτου,
1788 4211 1883 4265 λα-

301 4287 552 4341 ϐέτωσαν
569 4289 782 4354 ἑαυτοῖς
808 4293 1079 4363 πρόϐατον
1100 4296 1223 4348 κατ’
1251 4295 1457 4359 οἴκους,
1484 4299 1605 4349 κατ’
1627 4298 1881 4371 ἀριθμὸν,

2058 1926 2216 1983 CYR.
2253 1927 2691 1985 Prudentissime
2720 1928 2944 1999 quidem
2971 1943 3037 1984 ac
3083 1928 3390 1983 rectissime
3418 1927 3560 1984 dixi-

1988 1998 2079 2075 sti.
2103 2017 2243 2086 Quid
2257 2034 2427 2089 porro
2440 2019 2463 2073 ἲ
2476 2033 2660 2076 nonne
2680 1998 2872 2091 quinta
2891 2017 3115 2074 Sabbati
3137 2017 3397 2073 traditum
3444 2034 3562 2073 esse

1989 2111 2143 2165 illum
2181 2111 2447 2179 dicimus,
2471 2126 2537 2168 ac
2565 2112 2717 2167 velut
2753 2110 2823 2167 ad
2861 2109 3019 2168 initia
3044 2111 3362 2185 pervenisse
3394 2111 3565 2167 totius
3648 2186 3651 2191 _

1988 2202 2430 2273 dispensationis,
2455 2218 2557 2274 per
2594 2218 2758 2276 quam
2802 2204 3060 2260 omnibus
3096 2204 3258 2262 nobis
3289 2212 3374 2259 est
3410 2214 3561 2275 parta

1988 2296 2155 2361 salus,
2181 2309 2306 2350 cum
2328 2304 2554 2366 propter
2575 2309 2681 2351 nos
2700 2294 2865 2351 homo
2879 2292 3076 2360 factus,
3097 2310 3319 2350 crucem
3343 2312 3442 2366 pro
3462 2312 3562 2350 no-

1988 2385 2075 2440 bis
2099 2387 2394 2442 salutarem
2419 2383 2683 2457 pertulit?

2059 2476 2256 2532 PALL.
2288 2478 2521 2534 Maxime
2549 2490 2707 2533 vero.

2057 2569 2214 2627 CYR.
2245 2570 2473 2626 Mortem
2501 2584 2667 2641 porro
2696 2583 2880 2628 nonne
2921 2565 3215 2631 destruxit,
3248 2575 3433 2636 atque,
3476 2564 3561 2619 in-

1988 2661 2123 2717 feris
2156 2661 2495 2733 exspoliatis,
2526 2660 2731 2718 revixit
2752 2659 2956 2717 iterum
2990 2665 3187 2715 octavo
3217 2654 3332 2724 die,
3370 2652 3430 2711 id
3454 2660 3559 2720 cst,

1990 2770 2098 2809 una
2128 2752 2544 2809 Sabbatorum?

2060 2844 2258 2900 PALL.
2285 2846 2509 2901 Minime
2531 2843 2588 2901 id
2607 2843 2830 2916 quidem
2852 2843 3207 2915 ambiguum;

2057 2934 2216 2991 CYR.
2239 2934 2550 3003 Quinetiam
2589 2936 2816 3007 antiqua
2853 2936 2944 2991 lex
2980 2933 3455 2991 circumcisionem
3494 2932 3563 2988 il-

1989 3026 2098 3081 lam
2143 3027 2202 3082 in
2235 3043 2419 3094 carne,
2459 3043 2581 3099 quae
2626 3026 2832 3098 elligies
2867 3026 3116 3097 quadam
3157 3033 3303 3081 esset
3322 3023 3468 3081 illius
3508 3024 3564 3079 in

1990 3117 2189 3187 spiritu
2210 3124 2268 3173 et
2306 3117 2541 3174 veritate
2583 3116 3044 3183 circumcisionis,
3076 3115 3338 3188 precepit
3373 3120 3567 3169 octavo

1989 3207 2079 3263 die
2106 3207 2246 3263 ﬁeri.
2268 3207 2634 3264 Circumcisio
2659 3215 2845 3265 autem
2866 3207 3043 3264 veteri
3083 3208 3175 3262 illa
3197 3204 3563 3278 praestantior.

1989 3299 2125 3364 haec,
2158 3298 2404 3369 inquam,
2438 3298 2497 3353 in
2520 3296 2743 3368 spiritu,
2768 3298 2945 3354 sancti
2968 3296 3207 3368 Spiritus
3231 3304 3316 3351 est
3338 3294 3565 3366 partici-

1987 3388 2157 3461 patio,
2185 3395 2242 3444 et
2265 3388 2442 3460 gratia
2465 3388 2580 3454 illa,
2620 3403 2783 3458 quam
2830 3387 2888 3442 in
2908 3385 3138 3443 exordio
3160 3385 3563 3447 babneramus;

1986 3495 2173 3551 quam,
2197 3480 2294 3535 ubi
2318 3496 2350 3536 e
2375 3478 2611 3535 mortuis
2629 3478 2829 3535 revixit
2861 3477 3140 3541 Christus,
3162 3476 3346 3531 denuo
3378 3474 3562 3538 nobis,

1988 3571 2359 3638 instauravit,
2430 3570 2675 3628 dicens:
2736 3590 2757 3623 ι
2792 3570 3040 3642 Accipite
3111 3568 3377 3639 Spiritum
3437 3581 3564 3622 san-

1988 3672 2140 3719 etum
2161 3665 2227 3719 “.
2258 3683 2279 3717 ι
2307 3662 2457 3718 Dixit
2478 3662 2647 3718 etiam
2670 3662 2869 3719 beatus
2891 3660 3093 3717 Paulus
3118 3678 3132 3714 :
3164 3679 3183 3712 ι
3212 3658 3424 3716 Pascha
3463 3673 3564 3714 no—

1986 3764 2185 3822 strum,
2210 3755 2525 3811 immolatus
2554 3764 2640 3812 est
2661 3752 2998 3810 Christus".
3036 3771 3055 3804 ι
3085 3752 3214 3809 Dies
3253 3760 3437 3806 autem
3461 3765 3567 3805 nu-

1980 3847 2074 3916 jus
2103 3848 2361 3903 salutaris
2401 3855 2457 3903 et
2486 3845 2912 3918 exoptatissima:
2943 3843 3330 3899 immolationis
3370 3853 3454 3897 est
3477 3841 3565 3896 illa

1985 3949 2054 3989 ex
2077 3936 2221 3989 luna:
2235 3950 2401 3990 cursu
2426 3934 2857 4005 quartadecima.
2888 3933 2970 3987 Ita
3013 3932 3103 3987 lex
3121 3946 3342 4001 quoque
3375 3938 3566 3999 aperte

1985 4025 2305 4095 praedicavit
2349 4024 2647 4080 Salvatoris
2699 4022 2877 4079 nostri
2930 4020 3319 4076 immolationis
3374 4018 3519 4073 diem
3550 4059 3563 4080 .

1984 4131 2150 4185 quam
2195 4115 2353 4170 illum
2378 4129 2480 4186 pro
2504 4113 2697 4169 mundi
2736 4113 2847 4167 vita
2907 4109 3234 4166 sustinuisse
3275 4107 3510 4164 dicimus
3549 4125 3561 4159 ε

1994 4224 2012 4257 ι
2050 4205 2271 4261 Decima
2295 4203 2465 4270 enim,
2494 4202 2695 4273 inquit,
2722 4201 2812 4258 die
2849 4199 3056 4256 mensis
3086 4199 3251 4271 primi
3294 4198 3565 4270 accipiant

1986 4295 2091 4350 sibi
2115 4310 2269 4349 ovem
2296 4310 2395 4364 per
2421 4292 2643 4359 domos;
2680 4294 2834 4364 juxta
2859 4304 3183 4361 numerum,
3213 4291 3414 4362 inquit,
3444 4291 3557 4345 ani~

301 4379 460 4474 Ῐρησὶ,
494 4378 673 4451 ψυχῆς
700 4380 1013 4446 συλλέξουσι
1033 4423 1048 4448 ,
1095 4384 1190 4439 καὶ
1236 4382 1389 4438 ἔσται
1423 4385 1882 4460 διατετηρημένον

1993 4399 2089 4439 mae
2112 4383 2388 4455 colligent,
2414 4391 2471 4439 et
2505 4383 2814 4439 servabitur
2838 4397 3012 4452 usque
3046 4380 3114 4437 ad
3152 4382 3565 4451 quartumdeci-

299 4468 409 4531 Em;
443 4469 543 4538 τῆς
572 4472 1172 4545 τεσσαρεσκαιδεκάτης
1213 4474 1306 4528 τοῦ
1338 4475 1504 4548 μηνὸς
1533 4476 1748 4544 τούτου,
1784 4483 1879 4534 καὶ

304 4559 602 4628 σφάξουσιν
644 4563 806 4618 αὑτὸν
836 4565 973 4636 πρὸς
1002 4566 1240 4637 ἑσπέραν
1272 4569 1382 4621 πᾶν
1420 4568 1482 4621 τὸ
1515 4568 1721 4640 πλῆθος
1765 4570 1878 4624 τῶν

301 4651 437 4704 υίῶν
480 4654 720 4726 Ἰσραήλ.
757 4675 776 4708 ι
823 4657 1073 4722 Ἀκούεις
1101 4660 1249 4724 ὅπως
1270 4660 1377 4714 ἀπὸ
1396 4660 1628 4733 δεκάτης
1650 4661 1875 4733 ληφθὲν,

297 4744 381 4805 εἰς
413 4746 1011 4820 τεσσαρεσκαιδεκάτην
1056 4748 1386 4818 ἐφυλάττετο
1434 4752 1549 4816 τοῖς
1605 4752 1773 4805 πάλαι
1817 4751 1878 4805 τὸ

300 4833 525 4904 ἱερεῖον,
573 4835 661 4887 ἵνα
698 4837 793 4891 τὸν
837 4838 1089 4909 πέμπτον
1139 4842 1338 4912 νοήσῃς
1375 4840 1588 4913 καιρὸν,
1645 4841 1768 4895 καθ’
1819 4842 1878 4896 ὃν

297 4924 593 4995 γενόμενος
621 4925 907 5000 ἄνθρωπος
932 4929 1022 4983 τὸν
1044 4930 1183 5004 ὑπὲρ
1212 4930 1368 5003 ἡμῶν
1390 4931 1599 5003 ὑπέστη
1628 4932 1878 4997 θάνατον,

297 5016 599 5089 φθινούσης
630 5019 732 5089 ἤδη
773 5020 877 5090 τῆς
906 5021 1157 5093 σελήνης,
1188 5023 1222 5095 ἢ
1263 5024 1359 5077 καὶ⁵
1408 5025 1489 5088 είς
1521 5025 1695 5095 ἀρχὰς
1721 5024 1879 5078 τέτα-

297 5125 427 5161 κται
452 5110 550 5180 τῆς
576 5109 773 5175 νυκτός
798 5128 811 5177 ;
841 5114 1156 5185 Μυστηρίου
1180 5114 1236 5168 δὲ
1270 5115 1330 5169 τὸ
1354 5118 1541 5188 χρῆμα
1566 5115 1755 5182 τύπος,
1786 5120 1880 5171 καὶ

297 5201 709 5273 ὑποσημαίνειν
733 5202 909 5258 ἔοικεν
937 5206 1153 5276 ἰσχνῶς,
1170 5208 1268 5277 τῆς
1286 5207 1385 5261 τοῦ
1403 5208 1651 5261 διαϐόλου
1678 5209 1878 5263 πλεον-

294 5290 445 5357 εξίας
508 5294 608 5365 τὴν
656 5296 848 5351 ἀνόπιν
893 5298 1033 5362 ὁδὸν,
1079 5302 1171 5353 καὶ
1209 5301 1499 5356 κατάδυσιν
1551 5301 1737 5375 ὥσπερ
1778 5305 1875 5374 τὴν

294 5384 439 5439 κατᾶ
474 5385 649 5457 βραχὺ
687 5389 825 5458 πρὸς
872 5389 934 5443 τό
977 5391 1170 5446 άναλκι
1218 5393 1310 5446 καὶ
1356 5394 1587 5448 είσάπαν
1620 5395 1867 5457 ἀσθενές.

291 5476 534 5549 Σελήνης
563 5479 621 5531 δέ
652 5497 766 5544 πως
791 5481 976 5552 ἐπέχει
1005 5482 1193 5536 τύπον.
1232 5484 1295 5535 ’Λ
1308 5501 1423 5555 ρχει
1460 5485 1565 5556 γὰρ
1590 5487 1682 5539 καὶ
1711 5486 1873 5548 αὐτὸς

371 5653 595 5711 "Joan.
626 5672 712 5722 xx,
749 5657 838 5711 ‘22.
929 5658 1015 5712 ⁸⁷1
1059 5658 1184 5714 Cor.
1235 5675 1284 5724 v,
1329 5660 1378 5711 7.

1986 4490 2137 4528 mum
2176 4473 2385 4528 mensis
2423 4473 2589 4544 hujus
2616 4472 2786 4537 diem,
2811 4479 2867 4526 et
2907 4469 3271 4526 immolabunt
3307 4471 3454 4525 illam
3496 4471 3561 4524 ad

1985 4581 2270 4636 vesperam
2293 4565 2474 4621 omnis
2501 4564 2798 4620 multitudo
2819 4564 3058 4620 ﬁliorum
3079 4562 3246 4618 Israel
3267 4561 3332 4615 ³⁸.
3355 4582 3371 4635 ρ
3395 4561 3566 4617 Audis

1985 4674 2016 4713 a
2042 4657 2254 4713 decima
2276 4657 2364 4712 die
2385 4664 2660 4728 sumptam
2682 4656 2961 4712 victimam
2994 4671 3167 4727 usque
3193 4655 3249 4709 in
3282 4663 3565 4725 quartum-

1984 4751 2261 4807 decimum
2311 4750 2457 4804 diem
2483 4749 2692 4805 servari
2715 4764 2746 4803 a
2770 4748 3052 4804 veteribus
3092 4746 3199 4802 illis
3228 4755 3291 4801 ut
3310 4746 3562 4818 quintum

1985 4841 2258 4913 intelligas
2283 4850 2519 4912 tempus,
2543 4857 2653 4912 quo
2678 4840 2857 4895 factus
2897 4840 3082 4904 homo,
3113 4838 3261 4893 illam
3283 4855 3383 4909 pro
3405 4838 3565 4893 nobis

1979 4942 2211 4988 mortem
2230 4933 2476 5004 pertulit,
2496 4932 2851 4987 decrescente
2873 4931 2983 5003 jam
3012 4930 3163 4996 luna,
3190 4945 3312 5001 qua:
3349 4929 3418 4985 ad
3458 4945 3562 4984 no-

1978 5027 2083 5081 ctis
2105 5025 2399 5097 imperium
2421 5024 2663 5096 perfecta
2684 5026 2806 5081 est?
2822 5026 2951 5081 Erat
2973 5033 3154 5080 autem
3179 5040 3241 5080 ea
3256 5040 3345 5080 res
3364 5032 3566 5096 myste-

1977 5118 2046 5173 rii
2070 5118 2261 5190 ﬁgura,
2287 5126 2343 5173 et
2367 5116 2644 5173 subtiliter
2660 5116 2972 5188 signiﬁcare
2997 5115 3217 5172 videtur
3233 5115 3374 5182 fore,
3400 5116 3564 5188 209

1977 5220 2039 5265 ut
2062 5211 2263 5266 diaboli
2295 5210 2614 5282 tyrannicus
2631 5210 2721 5265 ille
2746 5210 3062 5265 dominatus
3089 5219 3237 5267 retro
3273 5211 3563 5281 sublapsus

1985 5303 2311 5367 referretur,
2343 5321 2406 5358 ac
2433 5303 2633 5359 sensim
2675 5302 3048 5358 inﬁrmitatem
3093 5311 3258 5373 atque
3291 5303 3563 5370 impoten-

1981 5397 2109 5451 tiam
2139 5398 2368 5452 subiret.
2418 5397 2466 5450 ls
2515 5411 2677 5466 porro
2724 5397 2865 5450 luna:
2891 5393 3293 5464 quodammodo
3332 5390 3557 5462 ﬁguram

1981 5488 2247 5549 sustinet;
2294 5503 2417 5540 nam
2460 5485 2573 5555 ipse
2625 5487 2772 5541 nocti
2829 5472 3083 5554 imperat,
3126 5484 3323 5545 id'cst,
3352 5480 3436 5545 iis,
3464 5484 3555 5553 qui

1459 5660 1504 5690 ”
1552 5659 1721 5714 Exod.
1774 5658 2009 5723 \tt,5-5.
