3990 6196
445 271 544 324 εστ
1467 271 1522 333 ὃ.
1560 272 1644 327 CY
1654 269 1837 326 RILLI
1873 269 2018 324 ALEi

2129 268 2341 325 lDRlNl
2381 259 2678 324 ARCHIEP
3587 265 3689 322 ‘68
3791 285 3805 293 '

438 396 564 441 sunt
587 385 642 441 in
668 387 927 451 tenebris,
954 395 1010 441 et
1034 386 1215 442 adhuc
1239 383 1559 453 domitant,
1584 394 1640 443 et
1663 386 1864 442 divinae
1921 400 2011 441 co-

2129 386 2211 458 ςῆς
2235 386 2446 453 νυκτὸς,
2471 385 2742 450 τουτέστι,
2765 383 2873 437 τῶν
2897 383 2954 436 ἐν
2978 381 3159 435 σκότει
3191 381 3286 435 καὶ
3316 380 3691 451 νυσταζόντων

436 476 700 546 gnitionis
732 476 939 530 lumine
970 485 1163 531 carent
1189 494 1201 529 :
1224 491 1346 533 esse
1389 478 1574 532 autem
1617 478 1768 533 hunc
1800 492 2009 532 morem

438 569 734 638 Scriptura
759 567 1024 622 divinitus
1049 565 1346 637 inspirata,
1362 574 1425 622 ut
1443 568 1592 623 nocti
1612 574 1894 639 comparet
1925 580 2012 621 er-

440 659 676 713 rantium
697 672 939 729 gregem,
966 658 1096 713 audi
1119 658 1250 729 quid
1277 658 1425 715 dicat
1459 660 1706 715 omnium
1747 658 2012 713 Dominus

436 750 659 815 Judais,
694 765 820 805 cum
848 750 1044 806 civitas
1069 750 1164 805 illa
1183 750 1484 807 Jerusalem
1510 750 1579 805 ad
1604 750 1747 805 idola
1783 749 2012 805 colenda

437 844 755 899 revertisset
794 862 807 897 :
846 864 864 895 ι
896 843 1054 900 Nocti
1080 843 1376 898 assimilavi
1416 851 1650 898 matrem
1700 850 1848 896 tuam
1879 859 1892 894 :
1931 841 2009 896 si-

437 935 584 991 milis
626 935 803 991 factus
848 944 933 990 est
976 936 1213 1006 populus
1267 950 1444 1001 meus,
1493 951 1557 990 ac
1592 934 1637 989 si
1664 950 1776 989 non
1811 933 2013 989 habeat

435 1026 723 1081 scientiam
743 1028 830 1080 ιδ’.
860 1046 877 1077 ι
906 1026 1174 1097 Intclligis
1189 1026 1335 1080 enim
1362 1034 1578 1081 noctem
1596 1025 1869 1096 appellare
1894 1038 2010 1090 eos,

435 1118 528 1188 qui
553 1119 918 1202 cognitionem
965 1135 1111 1174 vera
1136 1120 1283 1175 illius
1319 1129 1375 1174 et
1411 1120 1713 1175 secundum
1757 1127 2011 1174 naturam

435 1211 739 1266 divinitatis
772 1227 883 1266 non
923 1211 1230 1267 haberent?
1265 1210 1393 1267 Odit
1428 1212 1595 1281 igitur
1632 1211 1723 1266 ille
1765 1211 2012 1271 omnium

437 1304 610 1359 hostis
634 1310 881 1375 tempora
900 1311 956 1359 et
998 1304 1137 1370 dies,
1181 1304 1385 1375 quibus
1425 1304 1542 1374 ipse
1577 1304 1799 1375 quidem
1823 1303 2008 1374 periit,

435 1411 535 1450 nos
554 1411 687 1451 vero
704 1397 905 1452 servati
930 1412 1140 1452 sumus.
1178 1395 1440 1466 Quisquis
1459 1405 1641 1451 autem
1675 1411 1798 1451 cum
1823 1396 1915 1450 illo
1943 1396 2015 1450 si-

435 1488 547 1543 mul
569 1488 707 1552 odit,
732 1504 799 1543 cx
823 1488 971 1542 illius
991 1488 1159 1544 etiam
1182 1497 1342 1559 parte
1377 1489 1505 1555 erit,
1544 1496 1601 1543 et
1631 1503 1755 1543 cum
1780 1487 1874 1544 illo
1892 1503 2012 1543 sor-

436 1586 546 1631 tem
571 1578 817 1643 habebit,
843 1584 906 1632 ut
935 1585 1206 1649 perpetuo
1228 1579 1512 1650 puniatur.

501 1667 697 1724 PALL.
739 1668 799 1723 ln
836 1676 994 1739 parte
1042 1670 1212 1741 igitur
1253 1670 1475 1727 nefaria
1512 1686 1705 1727 revera
1729 1712 1743 1737 ,
1784 1672 2011 1742 Deoque

2118 477 2231 542 ἔτι,
2280 476 2500 548 καὶτὴν
2546 475 2646 546 τῆς
2678 473 3008 544 θεογνωσίας
3050 472 3150 527 οὐκ
3187 472 3420 543 ἑχόντων
3470 472 3688 544 αὐγήνο

2117 570 2199 623 ὅτι
2246 567 2302 622 δὲ
2345 571 2413 640 τῇ
2456 569 2614 622 νυκτὶ⁸
2664 564 3021 637 παρεικάζειν
3073 563 3195 629 ἔθος
3236 567 3304 636 τῇ
3350 562 3695 635 θεοπνεύστῳ

2116 660 2310 734 Γραφῇ
2344 659 2443 733 τὴν
2488 660 2605 734 τῶν
2644 658 3112 730 ὲπιπλανωμένων
3161 656 3385 729 ἀγέλην,
3429 656 3596 711 ἄκουε
3641 657 3696 710 τί

2118 730 2341 824 φησιν-δ
2384 730 2605 807 πάντων
2658 751 2936 821 Δεσπότης
2973 751 3110 821 πρὸς
3149 748 3463 813 Ἰουδαίους,
3494 750 3695 803 ὑπονο-

2122 845 2356 916 στούσης
2389 844 2524 917 πρὸς
2543 843 2952 915 είδωλολατρίαν
2972 842 3073 911 τῆς
3099 841 3473 913 Ἰερουσαλήμ·
3489 840 3697 893 «Num!

2117 936 2376 1007 ώμοίωσα
2408 936 2503 1008 τὴν
2546 934 2755 1006 μητέρα
2788 953 2902 988 σου·
2935 933 3188 1005 ὡμοιώθη
3229 934 3257 986 ὁ
3294 934 3419 998 λαός
3464 951 3589 1003 μου,
3618 933 3690 996 ὡ,

2118 1029 2219 1081 οὐκ
2256 1026 2392 1097 ἔχων
2416 1028 2634 1096 γνῶσιν.
2677 1045 2695 1077 ι
2733 1027 2925 1096 Συνίης
2954 1026 3035 1078 ὅτι
3065 1025 3235 1079 νύκτα
3262 1025 3395 1094 φησὶ
3436 1027 3564 1087 τοὺς
3593 1024 3693 1077 οὐκ

2120 1120 2341 1191 ἔχοντας
2372 1118 2572 1188 γνῶσιν
2600 1120 2696 1188 τῆς
2717 1118 2951 1190 ἀληθοῦς
2979 1118 3073 1171 καὶ
3100 1117 3240 1172 κατὰ
3264 1116 3422 1186 φύσιν
3451 1117 3695 1188 δηλονότι

2121 1208 2401 1278 θεότητος;
2435 1207 2729 1278 Μεμίσηκε
2758 1206 3048 1277 τοιγαροῦν
3068 1208 3096 1260 ὁ
3127 1208 3343 1261 πάντων
3369 1207 3560 1278 ἐχθρὸς
3581 1225 3699 1262 και-

2123 1300 2251 1371 ροὺς
2284 1297 2377 1351 καὶ
2404 1298 2614 1369 ἡμέρας
2642 1298 2762 1351 καθ’
2792 1297 2887 1361 οὓς
2914 1297 3130 1353 διόλωλε
3160 1297 3258 1369 μὲν
3291 1298 3476 1363 αὐτὸς,
3503 1300 3697 1352 ἀνασε-

2123 1387 2379 1459 σώσμεθα
2413 1388 2471 1441 δὲ
2496 1389 2747 1459 ἡμεῖς.⁰0
2768 1388 2823 1441 δὲ
2855 1389 2948 1441 σὺν
2975 1388 3168 1460 ἐκείνῳ
3199 1388 3371 1459 μισῶν
3401 1388 3497 1459 τῆς
3527 1388 3695 1445 αὑτοῦ

2124 1479 2342 1550 μερίδος
2369 1479 2544 1543 ἔσται,
2578 1480 2670 1533 καὶ
2698 1479 2898 1552 κλῆρον
2929 1478 3039 1547 ἕξει
3074 1479 3169 1533 σὺν
3202 1480 3373 1551 αὐτῷ,
3409 1481 3468 1533 τὸ
3491 1482 3698 1534 ἀκατα-

2121 1570 2335 1642 λήκτως
2359 1570 2682 1636 κολάζεσθαι
2715 1571 2846 1625 δεῖν.

2193 1664 2400 1718 ΠᾹΛΛ.
2447 1666 2535 1718 Ἐν
2569 1665 2731 1737 μοίρᾳ
2771 1664 2836 1737 δὴ
2868 1660 2961 1719 οὖν
2997 1666 3095 1734 τῆς
3128 1664 3202 1727 ώς
3226 1662 3440 1734 ἀληθῶς
3470 1665 3699 1737 βεϐήλου

438 1760 622 1841 invisa
668 1761 992 1818 idololatria
1030 1763 1197 1818 etiam
1231 1763 1543 1834 hujusmodi
1590 1781 1682 1821 res
1720 1767 2018 1823 constitue-

2129 1773 2185 1809 τε
2207 1756 2302 1809 καὶ
2332 1755 2619 1827 θεομισοῦς
2650 1753 3084 1825 εἰδωλολατρίας,
3107 1754 3200 1807 καὶ
3228 1752 3403 1807 τοιάδε
3433 1753 3705 1825 θήσομεν,

438 1868 578 1918 mus,
612 1860 673 1907 ut
709 1853 797 1908 illa
823 1854 1017 1924 procul
1047 1853 1218 1908 dubio
1239 1854 1645 1920 constituimus,
1671 1871 1793 1926 qua
1827 1856 1895 1914 de
1935 1874 2021 1924 ea,

434 1946 556 2012 qua
591 1948 871 2013 generatio
890 1943 1218 2014 appellatur,
1243 1944 1535 2000 vanissime
1558 1945 1837 2002 dicuntur.

504 2031 661 2086 CYR.
705 2032 795 2087 Sic
820 2033 984 2087 velim
1030 2033 1263 2100 habeas;
1306 2050 1416 2089 non
1474 2035 1636 2090 aliter
1687 2052 1745 2092 se
1791 2037 2019 2107 habere,

436 2122 899 2190 quemadmodum
927 2123 1044 2199 ipsa
1066 2138 1285 2194 quoque
1304 2140 1488 2180 rerum
1513 2126 1849 2195 experientia
1872 2143 2028 2182 coar-

435 2214 573 2285 guit.
601 2213 688 2269 Ad
713 2215 831 2271 hac
863 2215 999 2271 illud
1031 2232 1251 2287 quoque
1276 2215 1437 2273 nobis
1474 2217 1724 2271 odiosum
1751 2218 1806 2272 in
1830 2220 2024 2289 primis

434 2320 558 2360 esse
599 2304 785 2372 debet,
823 2305 1074 2362 deditum
1112 2323 1234 2363 esse
1273 2306 1539 2378 auguriis,
1568 2307 2025 2366 insusurrationi—

436 2395 541 2449 bus
565 2402 732 2466 atque
769 2396 1107 2452 carminibus
1154 2414 1167 2451 :
1215 2413 1342 2452 nam
1375 2397 1661 2465 gentilium
1695 2400 1942 2454 nonnulli
1967 2400 2025 2454 in

435 2502 558 2561 eam
583 2487 788 2543 mentis
839 2487 1118 2542 levitatem
1157 2487 1295 2558 lapsi
1342 2495 1490 2554 sunt,
1515 2496 1576 2542 ut
1622 2497 1879 2560 putarent
1920 2506 2023 2546 no-

438 2585 678 2633 strarum
715 2593 906 2632 rerum
951 2578 1320 2649 cognitionem
1347 2579 1401 2633 in
1427 2580 1621 2635 avibus
1662 2596 1879 2651 quoque
1924 2597 2026 2653 per

437 2684 564 2724 aera
586 2669 945 2737 volitantibus
967 2669 1209 2724 insitam.
1243 2670 1432 2741 Itaque
1463 2674 1679 2728 volatus
1714 2690 1932 2745 quoque
1954 2675 2023 2729 ad

437 2761 710 2816 orientem
733 2768 789 2814 et
832 2760 1198 2825 occidentem,
1241 2762 1309 2816 ad
1356 2762 1606 2817 dextram
1650 2771 1707 2819 et
1744 2765 2022 2819 sinistram

439 2853 656 2908 curiose
680 2850 1055 2922 pervestigant
1103 2867 1167 2907 ac
1186 2892 1200 2917 ,
1227 2851 1401 2906 sicubi
1452 2868 1651 2907 canere
1677 2856 1867 2908 cornix
1904 2856 2022 2911 visa

439 2943 635 3007 fuerit,
672 2942 938 2998 adhibent
970 2958 1133 2997 aures
1170 2958 1234 2998 ac
1275 2950 1530 3014 tanquam
1563 2947 1768 3016 aliquid
1804 2950 2024 3006 verissi-

440 3052 589 3091 mum
614 3035 915 3105 accipiunt,
961 3034 1196 3105 indeque
1246 3036 1353 3091 laeti
1387 3037 1640 3104 redeunt,
1683 3056 1862 3111 neque
1895 3057 2023 3097 eru-

441 3128 673 3188 bescunt
695 3126 905 3193 miseri,
931 3127 1009 3183 rei
1050 3126 1190 3182 adeo
1210 3128 1561 3194 venerabilis,
1584 3131 1887 3201 prophetia
1907 3134 2017 3190 vim

441 3217 670 3275 aviculis
691 3217 958 3273 tribuere.
978 3216 1304 3289 Hujusmodi
1329 3228 1511 3274 autem
1530 3221 1760 3278 honesta
1789 3225 2017 3292 scilicet,

445 3316 503 3367 ut
533 3308 638 3380 ipsi
676 3324 864 3364 secum
912 3315 1130 3379 putant,
1184 3311 1327 3365 ratio
1375 3310 1683 3383 alllngitur;
1738 3330 1838 3386 per
1876 3317 2021 3387 ipsas

440 3397 608 3463 enim,
636 3397 912 3468 inquiunt,
941 3395 1019 3452 dii
1047 3397 1365 3453 ostendunt.
1409 3399 1521 3455 Nos
1548 3409 1730 3455 autem
1757 3402 1889 3457 deos
1911 3419 2021 3458 non

439 3505 561 3545 esse
602 3489 839 3546 dicimus
879 3498 1154 3560 apostatas
1197 3490 1448 3560 angelos,
1496 3506 1527 3545 a
1561 3492 1761 3561 quibus
1803 3492 1869 3547 ad
1920 3509 2022 3549 nos

441 3579 710 3648 l'vraclari,
736 3579 784 3633 si
807 3579 920 3635 Deo
942 3580 1142 3650 placet,
1168 3588 1332 3650 atque
1363 3579 1715 3637 admirabiles
1744 3583 2022 3653 propheta

441 3677 498 3724 et
521 3686 707 3725 rerum
732 3671 1043 3724 futurarum
1066 3671 1281 3740 praescii
1300 3670 1572 3741 legantur,
1598 3681 1785 3742 arguta
1811 3676 2018 3740 cornix,

443 3768 499 3813 et
541 3774 756 3831 prapes
800 3758 1085 3829 accipiter,
1130 3766 1186 3814 et
1225 3759 1392 3815 varia
1437 3760 1721 3830 palumbes
1772 3761 1855 3834 (ut
1890 3762 2022 3835 ipsis

443 3850 731 3922 gentilium
775 3857 1064 3908 auctorum
1100 3850 1285 3906 verbis
1324 3851 1470 3924 utar)
1509 3860 1566 3908 et
1611 3862 1820 3908 caetera
1859 3870 2019 3920 aves;

444 3943 605 4013 210
628 3941 822 4014 dignos
854 3941 1065 4000 scilicet
1102 3942 1305 4001 talibus
1335 3944 1440 4000 diis
1477 3945 1789 4019 praphetas,
1823 3948 2022 4018 quibus

446 4033 521 4086 illi
561 4033 801 4104 garritus
821 4032 888 4093 ad
927 4046 1019 4089 vos
1042 4032 1389 4102 deferendos,
1423 4035 1705 4103 insonent;
1734 4053 1833 4093 vos
1855 4039 2020 4094 etiam

446 4126 633 4182 felices
652 4140 717 4182 ac
741 4126 956 4193 beatos,
983 4126 1079 4198 qui
1102 4127 1240 4183 tales
1266 4126 1497 4184 deorum
1518 4128 1847 4202 interpretes
1878 4134 2018 4189 nacti

445 4220 598 4286 sitis;
630 4219 787 4277 obliti
814 4228 1010 4275 autem
1057 4222 1212 4287 estis,
1239 4227 1301 4276 ut
1341 4236 1431 4278 res
1472 4221 1733 4289 declarat,
1774 4226 2023 4295 quamvis

445 4320 755 4367 vestrorum
803 4320 1091 4390 poetarum
1135 4314 1426 4387 opiniones
1471 4316 1728 4371 admirari
1776 4318 2018 4383 soleatis,

2127 1847 2379 1921 καθάπερ
2418 1846 2611 1918 ἀμέλει
2640 1846 2733 1901 καὶ
2761 1846 2859 1918 τὴν
2888 1846 3015 1917 περὶ
3048 1847 3145 1915 τῆς
3187 1843 3528 1915 καλουμένης
3554 1845 3724 1914 γενέ-

2127 1958 2264 2004 σεως
2290 1938 2688 2009 εἰκαιομυθίαν.
3017 1975 3022 1979 μ

2196 2032 2359 2085 ΚΥΡ.
2407 2032 2495 2096 Ὠς
2525 2026 2584 2084 εὖ
2611 2029 2721 2084 ἴσθι
2750 2048 2853 2095 τοι,
2890 2028 2964 2102 μὴ
2994 2029 3193 2101 ἑτέρως
3233 2029 3394 2100 ἔχειν,
3432 2028 3576 2083 καθὰ
3609 2028 3709 2083 καὶ

2125 2122 2265 2193 αὐτὴ
2293 2121 2541 2194 διήλεγξε
2571 2120 2679 2174 τῶν
2715 2121 3057 2193 πραγμάτων
3085 2121 3118 2191 ἡ
3148 2119 3400 2191 βάσανος.
3430 2119 3539 2173 Καὶ
3566 2118 3707 2190 πρός

2125 2232 2189 2284 γε
2221 2213 2284 2287 δὴ
2312 2214 2522 2279 τούτοις
2557 2215 2991 2286 καταστυγητέον
3017 2209 3075 2267 εὖ
3124 2213 3269 2284 μάλα
3302 2213 3395 2265 καὶ
3427 2211 3489 2264 τὸ
3521 2226 3707 2282 προσ-

2127 2308 2347 2363 κεῖσθαι
2381 2307 2558 2376 φιλεῖν
2588 2307 2867 2378 ἀνονήτοις
2897 2305 3327 2370 οἰωνοσκοπίαις,
3347 2303 3708 2376 ψιθυρισμοτς

2124 2418 2184 2454 τε
2214 2400 2308 2454 καὶ
2337 2399 2567 2471 ἐπῳδαῖς
2590 2416 2605 2430 ·
2640 2398 2730 2453 νοῦ
2763 2397 2872 2470 γὰρ
2915 2397 3178 2469 ὲλαφρίας
3219 2399 3299 2462 εἰς
3328 2397 3487 2451 τοῦτο
3523 2395 3707 2449 διωλι-

2127 2489 2360 2563 σθήκασί
2395 2506 2540 2554 τινες
2575 2488 2682 2542 τῶν
2733 2487 2863 2560 παρ’
2903 2487 3183 2556 Ἕλλησιν,
3230 2486 3306 2551 ὡς
3340 2485 3544 2541 οἴεσθαι
3586 2485 3706 2539 τῶν

2125 2581 2246 2636 καθ’
2274 2582 2424 2652 ἡμᾶς
2447 2570 2790 2653 πραγμάτων
2822 2577 2921 2650 τὴν
2950 2578 3172 2648 γνῶσιν,
3195 2578 3289 2632 καὶ
3316 2580 3429 2642 τοῖς
3456 2578 3536 2641 είς
3560 2577 3709 2649 ἀέρα⁵

2124 2674 2433 2728 διάττουσιν
2464 2672 2742 2743 ἐγκεῖσθαι
2776 2673 3022 2741 πτηνοῖς.
3052 2670 3344 2743 Τοιγάρτοι
3377 2668 3592 2731 καὶτὰς
3616 2669 3708 2731 είς

2125 2767 2199 2822 ἕω
2221 2784 2282 2821 τε
2308 2767 2402 2821 καὶ
2436 2767 2516 2829 είς
2553 2764 2817 2836 ἑσπέραν,
2848 2764 2929 2829 είς
2955 2762 3131 2830 δεξιόν
3155 2778 3215 2816 τε
3249 2763 3347 2817 καὶ
3372 2762 3453 2825 είς
3493 2758 3704 2815 εὑὼνυ‹

2128 2876 2227 2931 μον
2275 2853 2729 2930 περιεργάζονται
2769 2856 3026 2927 πτήσειςο
3066 2851 3170 2908 κᾶν
3212 2853 3261 2907 εί
3292 2850 3574 2926 κράζουσὰ
3613 2867 3707 2904 πω

2125 2949 2367 3021 φαίνοιτο
2400 2947 2637 3021 κορώνη,
2667 2947 2730 3002 τὸ
2767 2942 2857 3011 οὖς
2890 2946 3300 3018 ὑποστήσαντες
3324 2985 3341 3011 ,
3371 2942 3625 3014 καθάπερ
3645 2960 3707 2997 τι

2123 3041 2231 3096 τῶν
2265 3042 2404 3110 ἄγαν
2431 3039 2810 3110 ἀληθεστάτων
2840 3038 3175 3110 ἐκδέχονται,
3225 3037 3316 3090 καὶ
3345 3034 3706 3089 ύπονοστοῦσι

2126 3133 2406 3205 χαίροντες
2423 3149 2437 3162 ο
2464 3130 2828 3203 ὲπερυθριῶσι
2857 3130 2911 3184 δὲ
2938 3128 3188 3200 οὐδαμῶς
3219 3129 3270 3181 οἱ
3298 3126 3522 3181 δείλαιοι
3547 3166 3561 3187 ,
3601 3125 3707 3195 τῆς

2126 3222 2267 3277 οὕτω
2298 3220 2505 3292 σεπτῆς
2527 3220 2864 3292 προφητείας
2888 3217 2988 3291 τὴν
3009 3218 3237 3290 δύναμιν
3260 3217 3334 3289 (ι)
3357 3214 3708 3278 ἀνατιθέντες

2129 3311 2452 3383 στρουθίοις.
2489 3310 2691 3382 Σεμνὸς
2727 3309 2784 3364 δὲ
2816 3311 3003 3374 αὐτοῖς
3034 3308 3395 3380 ὲκπεποίηται
3432 3305 3710 3360 τοιουτινισὶ⁵

2127 3404 2313 3476 λόγος,
2342 3403 2531 3475 ὥσπερ
2572 3402 2775 3484 οἴονται
2809 3401 2951 3455 κατὰ
2995 3402 3134 3470 σφᾶς
3176 3397 3404 3463 αὐτούς·
3447 3397 3707 3467 φαίνουσι

2127 3498 2235 3570 γὰρ
2268 3497 2336 3552 δι’
2366 3496 2546 3552 αὐτῶν
2585 3496 2636 3549 οἱ
2679 3495 2822 3559 θεοὶ,
2853 3494 3037 3568 φησίν.
3085 3494 3276 3564 Ἡμεῖς
3321 3491 3376 3545 δὲ
3417 3490 3576 3555 θεοὺς
3600 3490 3709 3544 οὐκ

2128 3585 2266 3643 εἶναι
2296 3604 2475 3660 φαμεν
2517 3587 2644 3651 τοὺς
2670 3584 2982 3651 ἀποστάτας
3017 3583 3315 3654 ἀγγέλους,
3344 3582 3475 3654 παρ’
3507 3573 3583 3637 ῶν
3622 3582 3710 3645 εἰς

2128 3686 2274 3756 ἡμᾶς
2306 3682 2500 3753 ἀγαθοί
2526 3700 2585 3735 τε
2623 3682 2717 3735 καὶ
2752 3680 3072 3748 ἀξιάγαστοι
3098 3677 3372 3749 προφῆται
3401 3674 3711 3746 κεχειροτόυ

2127 3793 2336 3848 νηνται,
2366 3774 2464 3829 καὶ
2487 3772 2595 3826 τῶν
2623 3772 2899 3844 ἐσομένων
2922 3771 2971 3823 οἱ
2998 3769 3258 3838 γνῶσται,
3280 3768 3315 3838 ἦ
3344 3783 3403 3820 τε
3424 3763 3709 3836 λακέρυζα

2128 3865 2364 3939 κορώνη,
2395 3864 2490 3919 καὶ
2514 3864 2621 3936 μὴν
2646 3865 2740 3917 καὶ
2763 3861 3081 3934 ὠκύπτερος
3105 3857 3250 3931 ἴρηξ,
3284 3856 3467 3923 ξουθαί
3490 3872 3551 3909 τε
3589 3855 3709 3909 rat-—

2127 3961 2302 4026 λειαι,
2343 3958 2488 4013 κατά
2528 3974 2591 4027 γε
2636 3956 2762 4020 τοὺς
2804 3954 2934 4025 παρ’
2959 3952 3189 4024 Ἕλλησι
3229 3951 3452 4019 λόγους,
3495 3949 3593 4003 καὶ
3632 3946 3709 4000 τὰ

2127 4054 2291 4125 ἕτερα
2323 4051 2431 4107 τῶν
2464 4045 2783 4120 στρουθίων,
2816 4044 2956 4111 ἄξιοί
2985 4061 3048 4114 γε
3081 4044 3131 4097 oi
3168 4040 3444 4112 προφῆται
3477 4036 3586 4091 τῶν
3614 4038 3709 4089 ὲν-

2128 4142 2401 4215 ηχούντων
2441 4140 2624 4203 αὐτοῖς
2667 4137 2733 4190 τὰ
2768 4136 2846 4200 είς
2891 4135 3039 4206 ἡμᾶς
3065 4131 3260 4195 αὐτοὺς
3303 4128 3701 4200 τερετίσματα·

2127 4238 2294 4291 ὄλϐιοι
2310 4236 2365 4289 δὲ
2391 4234 2484 4288 καλ⁸
2505 4233 2661 4303 ὑμεῖς
2681 4231 2774 4284 καί
2792 4226 3144 4297 ἀξιοζήλωτοι
3166 4222 3420 4278 τοιούτων
3442 4220 3705 4291 τυχόντες

2128 4329 2235 4383 τῶν
2267 4326 2544 4399 θεηγόρων
2565 4340 2579 4355 ’
2609 4320 2904 4392 ἐκλέλησθε
2931 4319 2989 4373 δὲ
3028 4319 3106 4382 ὡς
3146 4317 3291 4370 ἔοικε
3336 4314 3433 4369 καὶ
3461 4312 3561 4376 τὰς
3588 4311 3705 4364 τῶν

448 4405 581 4475 ipsis
602 4419 821 4476 quoque
857 4421 978 4462 eam
1010 4405 1304 4461 ridiculam
1346 4405 1553 4471 videri,
1587 4415 1644 4461 et
1684 4423 1855 4478 nugas
1875 4424 2018 4475 esse,

2130 4422 2258 4491 παρ’
2298 4420 2426 4489 ύμῖν
2461 4413 2700 4484 ποιητῶν
2732 4410 3104 4482 θαυμάζοντες
3137 4406 3317 4475 δόξας,
3358 4407 3441 4501 δτὲ
3475 4403 3568 4457 καὶ
3600 4402 3707 4455 αύ-

446 4491 535 4550 τιὰ
572 4512 692 4553 rem
755 4513 986 4578 prorsus
1056 4498 1308 4553 inutilem
1372 4496 1669 4567 putavisse.
1751 4498 2023 4557 llomerus

444 4607 592 4651 l’lllm
621 4608 636 4651 ἒ

727 4808 876 4881 Mitte
908 4807 1132 4879 agedum
1158 4804 1413 4881 uolucres,
1439 4806 1645 4879 ignave,
1673 4808 1869 4881 inquit,

446 4882 564 4937 Sive
588 4880 697 4936 ειιω
720 4879 790 4934 ad
810 4875 1076 4943 dextram,
1097 4875 1325 4948 solisque
1348 4875 1590 4948 feruntur
1616 4881 1685 4934 ad
1715 4875 1882 4941 ortus.

446 4950 550 5004 Seu
572 4952 741 5021 magis
773 4948 841 5003 ad
872 4948 1080 5013 lavant,
1106 4947 1280 5002 densa:
1307 4947 1468 5023 regna
1492 4950 1707 5004 humida
1741 4956 1924 5007 noctis.

448 5063 741 5134 Euripides
763 5078 896 5119 vero
910 5061 1133 5119 stultam
1156 5076 1271 5116 rem
1295 5078 1413 5118 esse
1436 5062 1705 5130 decernit,
1728 5066 2021 5124 observare

447 5157 632 5211 avium
683 5155 901 5211 volatus
925 5172 938 5206 :
962 5169 1091 5208 nam
1130 5154 1403 5209 Theseum
1472 5155 1653 5225 inquit
1690 5157 1794 5228 ('5),
1833 5158 2019 5215 furore

448 5249 714 5309 adversus
758 5244 1110 5317 Hippolytum
1162 5244 1333 5305 ﬁlium
1390 5244 1811 5315 inﬂammatum,
1854 5258 2018 5321 atque

448 5342 615 5397 etiam
642 5346 705 5394 ut
746 5336 901 5393 illum
939 5351 970 5391 e
1034 5336 1215 5413 patrio
1256 5336 1373 5391 solo
1418 5337 1648 5414 pelleret
1680 5341 2015 5405 molientem,

448 5446 575 5489 cum
603 5429 695 5487 ille
720 5427 931 5485 diceret
956 5444 969 5479 :

517 5543 579 5573 "‘
623 5540 762 5597 Osce
796 5539 945 5603 ινιί,
976 5538 1031 5593 6.

528 5636 603 5701 (l)
627 5635 762 5690 Cod.
804 5638 1001 5702 Vatia,
1034 5638 1284 5711 δήλωσιν,
1320 5638 1776 5709 signi/iralimmn.

528 5712 602 5764 (‘31
633 5705 790 5764 Iliad.
824 5707 891 5764 Μ.

528 5718 602 5777 tv;
633 5718 790 5764 Illud.
824 5718 891 5764 zu.

2134 4514 2246 4575 τοῖς
2293 4509 2465 4565 ἐδόκει
2496 4505 2555 4560 τὸ
2578 4505 2766 4576 χρῆμα
2791 4500 3066 4572 διαγελᾷν,
3107 4498 3265 4552 ὕθλον
3293 4514 3351 4550 τε
3380 4490 3519 4550 εἶναι
3546 4493 3704 4565 νομί-

2127 4604 2238 4669 ζειν
2283 4600 2434 4662 αὐτὸ,
2468 4599 2559 4653 καὶ
2596 4595 2702 4650 τῶν
2741 4593 3054 4662 ἀναγκαίων
3100 4590 3272 4644 οὐδέν.
3309 4589 3559 4660 ’Ὄμηρος
3598 4585 3701 4656 μὲν

2123 4695 2253 4766 γάρ·

2205 4811 2273 4863 Ὢ
2304 4807 2520 4865 πέπον.
2550 4800 2799 4867 οἰωνοὺς
2827 4797 2946 4871 μὲν
2970 4797 3061 4871 ἔα,
3094 4793 3385 4871 (enixa):

2202 4879 2322 4932 Εἶτ’
2355 4877 2450 4930 ἐπὶ
2479 4871 2623 4938 δέξι’
2655 4865 2786 4943 ἴωσι
2812 4865 2963 4943 πρὸς
2983 4866 3068 4935 rid)
3087 4865 3372 4943 t’:1’p§_1tdr
3392 4879 3476 4943 τε,

2201 4948 2322 5003 Εἶτ’
2354 4947 2445 5000 ἐπ’
2480 4932 2783 5012 ἀρίστερὰ,
2806 4932 2898 4992 τ’ὸὶ
2916 4954 2983 5003 γε
3009 4932 3153 4990 ’ποτὶ
3186 4933 3367 5004 ζόφον
3389 4932 3701 5001 ἠερόεντα.

2128 5060 2420 5133 Εὐριπίδης
2484 5056 2542 5109 δὲ
2589 5052 2775 5123 σαφῶς
2821 5049 2917 5104 κού⁸
2954 5046 3259 5118 ἀναφανδὸν
3292 5043 3571 5117 καθορίζει
3641 5046 3706 5098 τὸ

2131 5155 2358 5225 μάταιον
2383 5147 2477 5203 τοῦ
2518 5141 2997 5200 κατασκέπτεσθαι
3034 5141 3143 5195 δεῖν
3188 5139 3289 5202 τὰς
3322 5137 3530 5193 οἰωνῶν
3580 5136 3703 5190 6w.-

2125 5238 2563 5318 πτήσεις.Θησέα
2578 5237 2676 5308 μὲν
2701 5233 2808 5306 γὰρ
2837 5232 3133 5303 Ἱππολύτῳ
3157 5231 3289 5303 φησὶ
3316 5227 3701 5299 ἐπιμαίνεσθαι

2123 5338 2203 5409 τῷ
2231 5333 2415 5402 οἰκείῳ
2455 5328 2627 5393 παιδὶ,
2659 5327 2751 5382 καὶ
2783 5324 2848 5396 δὴ
2879 5325 2973 5379 καὶ
3015 5323 3201 5394 ὲξελᾷν
3230 5322 3328 5396 τῆς
3367 5319 3709 5393 ἐνεγκούσης

2132 5429 2451 5504 ἐπιχειρεῖν.
2495 5423 2736 5480 Ἑκείνου
2769 5419 2826 5473 δὲ
2847 5419 3168 5488 φάσκοντοςο

2209 5634 2283 5703 (Β)
2314 5632 2369 5686 In
2395 5628 2673 5700 Hippolyto
2704 5636 2971 5682 coronato.
