3990 6196
292 326 406 385 409

372 440 510 511 οιξσ
538 440 1174 511 ὄρκογ,νοῦτεπίστιν,
1200 441 1344 511 οὐδὲ
1368 441 1647 511 μάντεων

366 508 576 582 οήμας
598 508 874 581 ἐλέγξας,
907 510 1152 580 ἄκριτον
1178 508 1496 579 ἐκϐάλλεις
1522 527 1600 582 με
1627 511 1761 582 γῆς.

297 626 486 700 Θησέα
510 625 647 698 πρὸς
673 623 836 680 τοῦτο
866 627 1044 680 είπεῖν
1065 643 1083 657 ο

377 741 443 796 Ἠ
468 740 683 805 δέλτος
708 740 819 808 ἣδε
843 742 1074 811 κλῆρον
1101 744 1174 798 οὐ
1203 741 1526 811 δεδεγμένη

369 812 699 884 Κατηγορεῖ
717 829 834 884 σίου
860 812 1064 868 πιστά
1103 814 1245 880 τοὺς
1268 816 1320 869 δ’
1350 813 1503 884 ὑπὲρ
1536 813 1689 881 κάρα

369 881 704 949 Φοιτῶντας
733 882 949 952 ὄρνεις,
983 885 1162 940 πόλλ’
1191 885 1305 956 ἐγὼ
1336 881 1569 955 χαίρειν
1595 884 1769 956 λέγω.

291 997 409 1049 Καὶ
440 987 546 1066 μὴν
575 995 872 1066 ἀξιόχρεως
905 998 937 1068 ἡ
970 996 1105 1052 Θεοῦ
1133 1000 1285 1072 φωνὴ
1313 1000 1512 1070 γένοιτ’
1543 1000 1630 1066 ἂν,
1661 1000 1755 1055 κα)⁸
1782 1000 1881 1071 τῆς

291 1089 354 1140 ὲν
383 1087 553 1158 δέλτῳ
587 1088 827 1159 γραφῆς,
862 1088 1104 1159 ἀμείνων
1142 1093 1176 1162 ὴ
1205 1091 1412 1156 πίστις,
1451 1093 1609 1164 εἴπερ
1637 1094 1756 1147 ἐστὶ
1787 1093 1882 1146 καὶ⁵

290 1178 621 1247 ψευδοεπείν
661 1179 763 1233 οὐκ
793 1181 1022 1244 ἀπεικὸς
1060 1184 1208 1253 ἡμᾶς
1232 1198 1245 1213 '
1281 1183 1447 1254 μηδὲν
1485 1185 1542 1238 δὲ
1570 1186 1839 1257 ἁμαρτεῖν
1862 1224 1877 1248 ,

292 1268 412 1321 ἔστι
445 1266 605 1333 Θεοῦ,
646 1270 742 1323 καὶ
772 1269 835 1324 τὸ
890 1270 1090 1342 ἀληθὲς
1118 1273 1201 1327 ὅτι
1248 1273 1485 1345 μάλιστα
1521 1275 1695 1343 φίλον.
1738 1275 1881 1331 Ἀλλ’

291 1360 412 1432 ᾔδει
444 1378 549 1415 που
594 1362 813 1427 πάντως
842 1364 969 1428 τοὺς
1005 1364 1143 1437 ὑπὲρ
1185 1366 1330 1436 κάρα
1364 1368 1666 1436 φοιτῶντας
1700 1366 1883 1438 ὄρνεις

291 1452 511 1524 Θησεὺς
540 1492 556 1517 ,
585 1454 738 1509 οὐδὲν
787 1456 948 1522 ὄντας
990 1457 1290 1522 παντελῶς.
1335 1459 1546 1513 Οὐκοῦν
1584 1459 1882 1525 δαιμονίοις

295 1546 401 1615 μὲν
449 1547 742 1601 ἀναθετέον
774 1547 890 1603 οὔτι
928 1568 1017 1605 πω
1049 1550 1159 1603 τῶν
1194 1552 1471 1623 ἐσομένων
1514 1552 1613 1625 τὴν
1654 1553 1877 1623 γνῶσιν,

291 1637 417 1708 Θεῷ
465 1639 523 1692 δὲ
558 1640 761 1711 μᾶλλον
792 1643 964 1715 αὐτὴν
996 1644 1414 1716 προσνεμοῦμεν
1452 1645 1530 1712 ὡς
1579 1646 1877 1719 ἐξαίρετον.

292 1730 411 1784 Καὶ
443 1731 782 1801 φενακισμὸς
813 1732 967 1787 ἔσται
1005 1734 1213 1800 λοιπὸν,
1240 1736 1311 1790 τὰ
1342 1738 1452 1792 τῶν
1484 1738 1712 1810 ὀρνίθων
1742 1757 1879 1811 μανο

1045 327 1134 383 DE
1172 326 1615 383 ADOB‘ATIONE
1653 327 1722 382 ιιι
1764 324 2033 381 SPIRITU
2073 327 2164 382 ET
2205 328 2568 386 VERJTATE.
2611 331 2740 387 LIB.
2788 332 2871 387 Vl.

3463 340 3570 396 470

1904 444 1952 498 Α
2045 440 2153 521 ἷξες
2172 444 2703 521 Ῑιιρῇαναηάιιιηηηες
2733 444 2895 513 ﬁdem
2918 457 3213 521 expende»:
3242 453 3427 521 prius.
3488 497 3500 505 ς

2056 510 2328 569 ΝεόάὶὲΜ
2354 523 2558 581 vatum,
2585 510 2781 571 indicta
2806 533 2886 571 me
2911 510 3072 573 causa
3102 510 3289 590 ejicir'?

1989 621 2264 679 Theseum
2292 624 2360 681 ad
2384 624 2502 681 haec
2523 627 2872 697 respondisse
2899 646 2914 682 :

2093 736 2219 814 ῌωε
2238 739 2354 808 ipsa
2371 726 2430 814 te
2450 740 2566 794 tabe
2575 739 2672 814 ίίᾳ,
2703 742 2859 814 sortis
2885 742 3018 797 nihil
3037 758 3191 814 egens

2091 807 2338 871 Accusat,
2361 810 2469 863 haec
2493 812 2749 865 convincit
2777 829 2794 866 :
2818 813 2950 867 istas
2974 807 3152 868 aute":
3181 831 3302 871 aves

2098 875 2287 931 Valere
2303 879 2485 949 jubeo,
2514 897 2631 951 qua:
2658 898 2821 953 supra
2842 892 3000 953 caput
3024 883 3225 938 volant.

1987 992 2152 1063 Atqui
2184 993 2281 1047 Dei
2312 1010 2415 1071 vox
2441 1003 2590 1050 certe
2619 995 2853 1051 idoneus
2885 1006 2971 1053 est
2996 1006 3208 1064 auctor,
3229 1015 3403 1071 eaque
3434 1002 3581 1059 ﬁdes

1987 1085 2187 1141 litteris
2218 1086 2388 1141 libelli
2411 1087 2643 1152 certior,
2687 1087 2961 1158 siquidem
3004 1090 3223 1144 mentiri
3265 1107 3376 1147 non
3424 1101 3509 1150 est
3537 1111 3567 1149 α

1986 1177 2149 1232 nobis
2170 1178 2410 1234 alienum
2439 1196 2452 1232 :
2479 1178 2737 1241 sednihil
2760 1194 3009 1250 peccare,
3033 1180 3131 1235 Dei
3155 1190 3239 1235 est
3263 1185 3566 1254 proprium.

1986 1271 2150 1343 eique
2172 1272 2377 1328 veritas
2403 1281 2634 1344 cognata
2666 1272 2922 1328 maxime.
2950 1272 3058 1329 Sed
3085 1274 3294 1331 sciebat
3314 1276 3572 1334 videlicet

1987 1361 2214 1418 omnino
2252 1362 2500 1418 Theseus
2544 1378 2675 1417 aves
2716 1377 2882 1433 supra
2926 1370 3092 1433 caput
3140 1363 3390 1419 volantes
3431 1366 3570 1421 nihil

1986 1468 2108 1510 esse
2148 1469 2396 1525 prorsus.
2446 1453 2567 1510 Non
2610 1454 2779 1525 igitur
2824 1454 3111 1509 daemoniis
3157 1454 3270 1511 ullo
3292 1456 3457 1512 modo
3488 1467 3571 1514 est

1986 1546 2312 1602 ascribenda
2362 1560 2551 1602 rerum
2592 1545 2905 1602 futurarum
2952 1548 3223 1618 cognitio,
3272 1549 3369 1604 sed
3424 1549 3569 1606 illam

1987 1637 2172 1708 potius
2188 1638 2302 1693 Deo
2334 1647 2596 1708 tanquam
2621 1636 2954 1710 praecipuam
2977 1641 3313 1711 tribuemus;
3339 1653 3397 1700 et
3414 1659 3572 1716 nuga:

1986 1739 2151 1785 erunt
2194 1733 2424 1801 posthac
2464 1730 2650 1786 avium
2693 1731 3116 1802 praedictiones;
3159 1751 3225 1792 ac
3263 1736 3400 1792 ﬁdes
3442 1737 3571 1792 huic

292 1821 552 1891 τεὺματα
575 1864 590 1887 ,
623 1824 719 1877 καὶ
776 1823 1012 1895 διανοίας
1043 1827 1143 1880 οὐκ
1169 1828 1445 1898 ἀσφαλοῦς
1477 1801 1696 1901 ἔλεγχος
1724 1801 1884 1903 evap-

1989 1823 2067 1879 rei
2090 1823 2358 1890 adhibita,
2384 1826 2587 1881 mentis
2618 1801 2813 1896 parum
2838 1825 3010 1883 ﬁrmae
3034 1828 3298 1886 indicium
3321 1831 3577 1887 evidens...

201 1978 216 1985 _
292 1911 424 1984 γῆς,
456 1915 489 1984 ἡ
530 1915 624 1968 ἐπὶ
675 1914 812 1986 τῷδε
838 1917 1041 1979 πίστις.
1088 1920 1199 1974 Καὶ
1235 1922 1401 1986 αὐτὸς
1429 1923 1487 1977 δέ
1517 1922 1619 1977 πού
1665 1941 1832 1996 φησιν
1855 1924 1884 1977 ὁ

294 2004 492 2075 νόμος·
531 2025 551 2057 ι
610 2007 723 2060 Οὐκ
754 2010 1088 2077 οίωνιεῖσθε,
1131 2031 1151 2065 ι
1190 2012 1444 2085 βδελυρὸν
1480 2015 1542 2069 τὸ
1585 2016 1777 2089 χρῆμα
1805 2018 1884 2072 εί-

182 2102 189 2109 ’
293 2097 425 2161 δὼς.
479 2100 576 2153 καὶ
613 2100 695 2153 ὅτι
731 2100 969 2171 μάλιστα
1004 2107 1484 2180 κατεστυγημένον
1514 2109 1668 2181 παρά
1696 2125 1760 2178 γε
1805 2108 1885 2181 τῷ

295 2186 520 2241 πάντων
556 2188 849 2261 κρατοῦντι
881 2189 1023 2262 Θεῷ.

369 2279 586 2336 ΙΙΑΛΛ.
619 2275 749 2335 Ὧδε
774 2282 951 2338 ταῦτα
980 2283 1126 2355 ἔχειν
1152 2287 1245 2340 καὶ
1269 2288 1420 2359 αὑτῷ
1456 2307 1547 2361 μοι
1573 2291 1740 2345 δοκεῖ.

368 2370 538 2427 ΚΥΡ.
587 2372 804 2443 Ἐπειδὴ
834 2373 889 2427 δὲ
920 2375 1104 2440 πάλιν,
1139 2378 1232 2431 καί⁵
1259 2381 1287 2432 ὁ
1316 2378 1571 2451 λαθραῖος
1605 2375 1760 2447 οὗτος
1791 2384 1885 2438 καὶ

296 2461 660 2533 γραοπρεπὴς
692 2463 1024 2536 ψιθυρισμὸς
1044 2506 1059 2529 ,
1091 2469 1345 2539 γοητείας
1376 2469 1443 2525 ἂν
1489 2472 1576 2544 είη
1608 2478 1775 2547 μοῖρα
1815 2477 1886 2533 τά

296 2555 397 2609 καὶ
424 2555 650 2625 τρόπος.
690 2557 981 2629 Τοιγάρτοι
1019 2561 1114 2615 καὶ
1143 2563 1172 2615 ὀ
1197 2561 1489 2631 θεσπέσιος
1521 2568 1730 2640 Μωσῆς
1757 2572 1884 2636 τοὺς

296 2646 509 2702 ἄνωθεν
540 2649 673 2718 ἡμῖν
714 2647 1067 2722 διεσαφήνισε
1097 2651 1297 2723 νόμους
1317 2696 1332 2720 ,
1363 2655 1451 2708 ἀεὶ
1494 2657 1783 2713 συνάπτων
1816 2659 1885 2715 τά

296 2737 784 2810 πλημμελήματα,
825 2742 919 2795 καὶ
958 2742 1124 2797 οἱονεί
1168 2761 1286 2811 πως
1326 2746 1386 2800 ὲν
1425 2748 1746 2823 ἀδελφότητι
1789 2752 1885 2807 καὶ

295 2831 539 2903 δμοφυῖᾳ
585 2832 754 2898 τιθεὶς
790 2836 857 2906 τῇ
905 2836 1231 2909 φαρμακείᾳ
1275 2839 1377 2911 τὴν
1417 2840 1651 2913 ἐπωδήν.
1705 2861 1725 2896 ι
1770 2844 1884 2900 Οὐκ

296 2923 451 2977 ἔσται
481 2923 614 2996 γάρ,
636 2923 897 2995 ἔφασκεν,
926 2929 985 2980 ὲν
1011 2928 1140 2999 ὑμῖν
1172 2932 1572 3003 μαντευόμενος
1600 2936 1882 3006 μαντείαν,

294 3015 681 3088 οἰωνιζόμενος
717 3018 811 3072 καὶ
842 3019 1315 3092 κληδονιζόμενος,
1350 3027 1665 3098 φαρμακδς,
1695 3029 1885 3084 ἐπαοι-

1966 1916 2107 1988 Jpsa
2144 1933 2364 1990 quoque
2404 1918 2652 1990 profecto
2705 1919 2796 1975 lex
2838 1920 2915 1975 ait
2964 1936 2980 1975 :

3042 1940 3062 1974 ι
3113 1923 3235 1979 Νοιι
3278 1939 3418 1996 augu
3427 1925 3572 1980 rabi-

1985 2009 2123 2065 mini
2151 2011 2225 2076 ”;
2262 2030 2280 2063 ι
2313 2010 2461 2082 quod
2485 2027 2609 2067 eam
2641 2028 2760 2067 rem
2791 2013 3341 2071 exsecrandamtesse
3378 2016 3572 2080 sciret,

1985 2109 2045 2160 et
2074 2105 2322 2160 omnium
2347 2104 2681 2161 dominatori
2700 2106 2832 2172 Deo,
2856 2105 2914 2160 in
2946 2107 3141 2177 primis
3163 2108 3429 2165 odiosam.
3452 2157 3461 2162 -

2066 2281 2267 2337 PALL.
2304 2282 2430 2338 Haec
2460 2281 2621 2339 itase
2646 2281 2853 2337 habere
2889 2282 3028 2337 mihi
3069 2297 3289 2354 quoque
3328 2282 3569 2338 videtur.
3592 2329 3607 2335 -

2054 2373 2211 2432 CYR.
2246 2374 2552 2431 lncantatio
2591 2390 2785 2431 rursus
2817 2382 2873 2430 et
2912 2373 3004 2429 illa
3048 2374 3262 2429 occulta
3300 2380 3357 2428 et
3411 2375 3577 2429 anilis

1986 2465 2373 2545 insusurratio,
2413 2466 2638 2539 magicae
2670 2465 2807 2524 artis
2844 2481 2971 2537 pars
2995 2472 3161 2536 atque
3197 2465 3413 2536 species
3451 2481 3571 2521 esss:

1985 2559 2223 2615 videtur.
2262 2558 2453 2630 Itaque
2484 2560 2650 2614 etiam
2681 2559 2878 2614 beatus
2899 2557 3110 2629 Moyses
3132 2572 3397 2628 supernas
3427 2557 3574 2628 leges

1984 2649 2146 2706 nobis
2168 2649 2487 2716 declaravit,
2508 2649 2602 2721 qui
2627 2664 2847 2720 semper
2875 2648 2994 2705 haec
3019 2648 3570 2719 peceataconjunxit.

1984 2748 2042 2797 et
2080 2749 2343 2812 tanquam
2389 2751 2640 2814 cognata,
2694 2740 2987 2813 alﬁniaque
3035 2741 3425 2797 crimina-una
3442 2755 3613 2797 cum«

1984 2833 2270 2891 veneﬁciis
2291 2834 2721 2890 incantationem
2755 2833 3052 2889 recensuit.
3079 2831 3172 2899 Ait
3194 2830 3377 2887 enim:
3408 2850 3426 2882 ι
3455 2830 3573 2886 Non

1984 2924 2093 2979 erit
2115 2924 2174 2980 in
2194 2924 2354 2980 vobis
2378 2924 2633 2980 divinans
2653 2925 2812 2994 211
2849 2923 3266 2989 divinationem,
3301 2937 3607 2993 auguransw

1984 3021 2042 3071 et
2085 3015 2375 3082 ominans,
2444 3015 2759 3081 veneﬁcus,
2804 3015 3144 3083 incantator,
3191 3023 3611 3088 portentorum.

295 3107 407 3174 δὺς,
422 3110 852 3201 τερατοσκόπος.
878 3114 973 3167 καὶ
989 3113 1448 3187 ὲγγαστρίμυθος,
1469 3120 1563 3172 καὶ¹
1590 3120 1884 3192 ἐπερωτῶν

1989 3108 2342 3175 observator,
2400 3118 2457 3166 et
2503 3111 2801 3183 pythonem
2844 3109 3075 3177 habens,
3122 3118 3181 3168 et
3229 3111 3591 3182 interrogans

294 3201 422 3265 τοὺς
453 3200 704 3272 νεκρούς.
751 3221 771 3255 ι
824 3202 987 3257 Ἀλλά
1010 3208 1159 3258 νοσεῖ
1194 3206 1295 3277 μὲν
1329 3208 1569 3280 ἡὲπῳδὴ
1594 3209 1656 3264 τὸ
1692 3212 1887 3266 πάναι-

295 3309 463 3364 σχρον
491 3294 708 3365 κομιδῇ.
735 3295 829 3349 καὶ⁸
843 3295 906 3348 τὺ
926 3296 985 3348 ἐν
1004 3296 1159 3368 κακῷ
1185 3298 1398 3352 κεῖσθαι
1423 3299 1565 3365 λίαν,
1590 3301 1888 3375 ἀνεπτόην-

292 3401 383 3439 ται
415 3385 476 3438 δὲ
503 3384 605 3438 οὐκ
623 3379 887 3450 οἷδ’ὅπως
919 3388 1001 3451 είς
1027 3387 1189 3443 τοῦτό
1223 3406 1391 3453 τινες,
1427 3393 1608 3445 ἐκεῖνο
1635 3392 1887 3462 λέγοντες

296 3476 380 3530 ὅτι
427 3475 639 3547 Κύριον
683 3478 910 3533 Σαϐαὼθ
959 3480 1289 3551 ὀνομάζουσι
1336 3485 1734 3556 κατεπᾴδοντες
1772 3487 1886 3551 τοῖς

295 3567 717 3641 ὴρρωστηκόσιν
751 3571 800 3623 οί
832 3569 940 3624 τῶν
978 3571 1199 3627 τοιῶνδε
1247 3574 1559 3644 μελεδωνοί.
1589 3576 1774 3650 Ταύτῃ
1803 3595 1886 3632 τοι

297 3660 391 3713 καὶ
418 3660 713 3733 ἐμπεδοῦν,
744 3662 827 3715 ὅτι
857 3661 934 3735 μὴ
974 3664 1201 3737 αίσχρὺν
1245 3664 1333 3737 εἴη
1368 3664 1556 3721 λοιπὸν
1587 3667 1648 3722 τδ
1689 3668 1885 3741 ἐπιτή-

296 3752 474 3824 δευμα
503 3794 519 3818 ,
574 3753 1014 3811 διασπεύδουσιν.
1064 3758 1306 3814 Ἐοίκασι
1355 3760 1411 3814 δὲ
1449 3761 1643 3833 ψυχρῷ
1678 3779 1738 3816 τε
1792 3764 1892 3818 καϊ

294 3843 526 3917 ἁδρανεῐ
569 3845 707 3917 πρὸς
747 3847 967 3920 ἀπάτην
1009 3849 1109 3903 καὶ
1148 3850 1581 3921 φρενοϐλάϐειαν
1614 3852 1886 3924 ἀποκομί-

293 3933 489 3999 ζεσθαι
518 3935 767 4009 )ογισμῷ
791 3954 804 3968 ⁸
853 3940 1132 4011 τοιγάρτοι
1163 3940 1258 3996 τοῦ
1296 3943 1623 4016 πράγματος
1651 3944 1734 3998 ὅτι
1781 3945 1887 4017 μά-

292 4025 455 4082 λιστα
486 4028 775 4100 δυσαχθὲς,
804 4032 938 4086 αὐτὸ
961 4032 1025 4104 δὴ
1058 4032 1217 4088 τοῦτό
1240 4037 1410 4091 ἐστιν.
1452 4036 1642 4109 Ἡμεῖς
1666 4039 1775 4111 γάρ
1802 4038 1884 4107 τὸ,

294 4120 505 4193 Κύριος
524 4120 779 4189 Σαϐαὼθ,
802 4123 878 4194 τῷ
909 4123 1019 4178 τῶν
1050 4125 1186 4180 ὅλων
1207 4127 1597 4200 ἀναφωνοῦμεν
1624 4130 1743 4203 Θεῷ
1760 4171 1775 4195 ,
1798 4131 1889 4186 δο-

298 4210 540 4280 ξολογεῖν
558 4211 855 4278 ὲθέλοντεςο
873 4214 1045 4286 ἑτέρῳ
1073 4232 1138 4285 γε
1156 4216 1264 4288 μὴν
1280 4217 1389 4272 τῶν
1410 4219 1578 4273 ὄντων
1598 4218 1774 4274 οὐδενί⁸
1790 4219 1888 4293 τὴν

298 4303 506 4356 τοιάνδε
530 4302 726 4375 κλῆσιν
752 4305 983 4377 ἐφίεμεν
1004 4306 1167 4378 ἔχειν.
1197 4305 1291 4374 Εἷς
1308 4309 1415 4381 γὰρ
1438 4310 1532 4364 καὶ
1556 4310 1717 4382 μόνος
1739 4313 1887 4368 ἐστὶν

298 4395 326 4447 6
361 4393 473 4447 τῶν
500 4394 788 4466 δυνάμεων
816 4397 1041 4470 Κύριος.
1081 4400 1144 4454 Ol
1172 4399 1263 4465 δὲῗ,
1299 4399 1398 4472 τὴν
1422 4401 1596 4468 οὕτως
1631 4403 1887 4475 ὑπερφυᾶ

299 4483 395 4537 καὶ
426 4483 831 4559 εὐκλεεστάτην
862 4488 1203 4561 ἐπωνυμίαν,
1246 4492 1365 4564 ἦτοι
1405 4492 1737 4565 δοξολογίαν,
1776 4514 1883 4552 πα-

301 4575 701 4648 ραρρίπτουσιν
750 4578 991 4645 εὐκόλως
1034 4575 1118 4647 οἷς
1153 4580 1219 4637 ἂν
1251 4583 1459 4639 ἕλοιντο
1503 4585 1614 4640 τῶν
1651 4588 1884 4644 συναθυ-

301 4667 505 4736 ρόντων
533 4669 721 4733 αὐτοῖς
748 4670 1064 4742 δαιμονίων,
1098 4674 1191 4729 καὶ
1219 4677 1329 4740 τοῖς
1364 4675 1466 4748 τῆς
1494 4681 1886 4751 τερατουργίας

298 4755 478 4809 αὐτῶν
504 4757 852 4830 ὑποκριταῖς,
879 4759 979 4830 τὴν
999 4759 1118 4833 Θεῷ
1139 4762 1233 4817 καὶ
1255 4763 1402 4836 μόνῳ
1427 4768 1886 4840 πρεπωδεστάτην

298 4847 612 4918 χαρίζονται
638 4848 815 4918 δόξαν,
844 4850 1233 4919 κολακεύοντές
1251 4872 1310 4908 τε
1333 4855 1426 4909 καὶ
1444 4856 1886 4928 κολακευόμενοι,

298 4938 391 4992 καὶ
421 4938 525 5024 τῆς
555 4938 700 4994 οὕτω
720 4940 904 5012 δεινῆς
935 4942 1254 5009 δυσσεϐείας
1285 4946 1385 5019 τὴν
1419 4949 1747 5023 ὑπερϐολὴν,
1781 4952 1882 5024 τῆς

297 5029 383 5096 ἐφ’
403 5023 489 5094 οἷς
513 5030 581 5084 ἂν
612 5031 821 5093 ἕλοιντο
851 5034 1159 5108 συνδρομῆς
1190 5037 1561 5111 ἀπονέμοντες
1590 5044 1669 5108 εἰς
1689 5044 1884 5099 ἀντέκ-

300 5137 458 5174 τισιν.
503 5120 785 5193 Θεομάχον
805 5124 914 5197 γὰρ
943 5125 1031 5179 ἀεὶ
1069 5128 1162 5180 καὶ
1190 5129 1596 5199 φιλοδοξότατον
1619 5135 1728 5189 τῶν
1765 5136 1883 5191 δαι-

298 5211 502 5281 μονίων
540 5212 602 5267 τὸ
633 5216 841 5284 στῖφος.
884 5218 1010 5294 ΧρὴΔ
1032 5221 1345 5292 τοιγαροῦν,
1391 5223 1466 5297 μὴ
1506 5229 1627 5290 ταῖς
1655 5228 1883 5282 ἐκείνων

298 5303 447 5372 ἡμᾶς
509 5307 985 5380 συναποφέρεσθαι
1040 5310 1424 5381 δυσϐουλίαις,
1479 5316 1780 5391 ἀποφοιτᾷν
1825 5319 1881 5373 δὲ

300 5392 505 5463 μᾶλλον
567 5396 649 5460 ὡς
690 5398 1012 5465 ἀπωτάτω.,
1052 5401 1143 5456 καί
1189 5405 1263 5475 μὴ
1294 5410 1550 5480 πονηροῖς
1594 5411 1884 5482 προσέχειν

300 5487 508 5557 ἰατροῖς
532 5485 565 5557 ἢ
591 5494 1013 5563 τερατουργοῖς,
1048 5497 1160 5559 τοῖς
1195 5495 1436 5568 δαίμοσι,
1481 5500 1672 5570 μισθὸν
1696 5501 1885 5575 ὥσπερ

299 5577 421 5631 τινά
457 5578 566 5633 τῶν
593 5582 673 5646 είς
700 5582 849 5653 ἡμᾶς
878 5584 1209 5658 ἀθυρμάτων
1237 5588 1511 5654 ὲξαιτοῦσι
1549 5594 1642 5658 τὰς
1676 5595 1880 5668 δυσφη-

371 5763 416 5795 "
454 5759 632 5818 chit.
679 5779 790 5830 xix,
821 5764 910 5817 :26.
986 5765 1031 5796 ³⁸
1058 5765 1198 5831 Ibid.
1228 5768 1326 5823 3|.

1996 3206 2246 3255 mortuos
2288 3200 2356 3255 ⁸⁸).
2401 3219 2421 3253 ι
2476 3199 2788 3269 Czeterum,
2833 3216 2961 3278 cum
3009 3201 3311 3258 incantatio
3366 3201 3574 3272 turpis.

1988 3288 2127 3344 sima
2171 3288 2263 3353 sit,
2312 3304 2380 3344 ac
2436 3288 2823 3355 vitiosissima,
2874 3296 3058 3345 tamen
3105 3291 3295 3345 nescio
3336 3305 3599 3361 quonam»

1990 3377 2156 3433 modo
2179 3393 2301 3433 eam
2342 3378 2598 3435 nonnulli
2650 3378 3020 3455 admirantur,
3065 3387 3231 3450 atque
3266 3379 3399 3434 illud
3422 3380 3571 3434 aiunt

1986 3468 2283 3525 Dominum
2306 3468 2547 3526 Sabaoth
2589 3484 2935 3540 nuncupare,
2978 3484 3105 3525 cum
3151 3484 3316 3541 super
3342 3468 3584 3526 inﬁrmis

1988 3576 2212 3618 carmen
2253 3560 2573 3628 incantant,
2616 3560 2713 3633 qui
2765 3561 3036 3633 ejusmodi
3094 3574 3245 3619 artes
3291 3566 3571 3618 exercent.

1988 3654 2104 3710 Hac
2139 3654 2353 3711 ratione
2379 3653 2708 3711 conﬁrmare
2735 3662 3030 3721 conantur,
3071 3654 3264 3712 abesse
3284 3671 3316 3709 a
3340 3652 3577 3725 turpitu-

1988 3745 2117 3802 dine
2142 3746 2249 3802 hoc
2268 3745 2551 3812 studium;
2587 3744 2847 3802 videntur
2881 3755 3065 3802 autem
3104 3745 3302 3818 frigida
3338 3745 3574 3817 quadam

1988 3849 2154 3910 atque
2179 3838 2397 3894 inﬁrma
2423 3837 2843 3895 ratiocinatione
2870 3838 2938 3893 ad
2963 3838 3113 3895 hunc
3142 3853 3388 3893 errorem
3413 3845 3597 3908 atque.

1988 3931 2326 3987 dementiam
2371 3928 2597 3985 abduci.
2619 3929 2739 3986 Hoc
2782 3929 2931 3985 enim
2979 3930 3159 4000 ipsum
3205 3937 3291 3983 est
3336 3928 3392 3981 in
3417 3942 3575 3981 eam

1988 4023 2470 4090 molestissimum;
2513 4036 2618 4078 nos
2663 4021 2813 4077 enim
2857 4021 2963 4075 hac
2996 4034 3153 4083 voce,
3184 4018 3578 4074 Dominus-Sa-

1988 4116 2177 4182 baoth,
2215 4115 2391 4171 Deum
2436 4114 2829 4171 universorum
2863 4112 3225 4183 appellamus,
3258 4126 3386 4168 cum
3421 4112 3590 4167 illum.

1988 4204 2295 4282 gloriﬁcare
2324 4204 2619 4269 volumus,.
2642 4218 2835 4275 neque
2866 4202 2949 4259 rei
2992 4210 3261 4276 prater-ea
3298 4218 3367 4260 ex
3390 4204 3575 4259 omni-

1988 4304 2114 4370 bus,
2139 4318 2262 4375 quae
2282 4310 2434 4382 sunt,
2460 4302 2557 4359 ulli
2578 4302 2723 4358 hanc
2736 4298 3157 4372 appellationem
3180 4297 3579 4372 permittimus...

1990 4397 2144 4454 Unus
2166 4397 2315 4453 enim
2365 4412 2431 4453 ac
2475 4395 2627 4453 solus
2668 4404 2753 4452 est
2792 4393 3136 4452 exercituum
3173 4392 3460 4449 Dominus.
3509 4391 3601 4446 Ili.

1990 4503 2122 4544 vero
2140 4488 2280 4545 adeo
2307 4488 2699 4545 .admirabilem
2739 4496 2797 4544 et
2830 4486 3124 4561 gloriosam
3151 4483 3587 4556 appellationem

1990 4593 2091 4634 seu
2111 4577 2569 4650 gloriﬁcationem
2591 4577 2879 4635 demoniis
2899 4592 3008 4633 una
3031 4591 3219 4633 secum
3259 4574 3577 4632 ludentibus

1992 4670 2195 4741 quibus
2215 4670 2515 4736 voluerint,
2539 4669 2699 4726 facile
2722 4669 3042 4742 projiciunt,
3068 4676 3125 4726 et
3156 4667 3265 4725 illis
3297 4674 3579 4739 portento-

1995 4777 2118 4817 rum
2149 4777 2377 4819 suorum
2408 4762 2693 4819 actoribus
2736 4761 2989 4834 gloriam,
3027 4776 3151 4833 quae
3189 4761 3303 4817 Deo
3337 4759 3442 4816 soli
3465 4775 3595 4815 mam

1994 4852 2140 4908 xime
2169 4852 2451 4914 convenit.
2476 4852 2808 4925 largiuntur,
2837 4852 3125 4908 adulantes
3148 4852 3311 4908 simul
3333 4860 3391 4909 et
3406 4852 3575 4909 vicis-

1989 4944 2092 4999 sim
2120 4942 2433 5000 adulatione
2456 4942 2622 5015 capti,
2647 4950 2700 5000 et
2737 4958 2837 5014 pro
2871 4958 3082 5009 rerum,
3117 4958 3257 5014 quas
3279 4943 3575 5009 voluerint,

1968 5046 2216 5102 °eventu,
2257 5036 2402 5093 hanc
2445 5045 2558 5091 tam
2596 5044 2763 5092 terra
2801 5035 3103 5107 impietatis
3144 5035 3577 5109 magnitudinem

1991 5129 2262 5187 mercedis
2306 5130 2428 5186 loco
2477 5128 2829 5201 rependunt..
2863 5129 2960 5185 Est
3002 5128 3150 5185 enim
3181 5129 3576 5188 daemoniorum

1992 5225 2191 5280 cohors
2215 5224 2328 5279 Deo
2344 5223 2815 5295 semperinimica,
2835 5232 2889 5279 et
2906 5223 3355 5295 appetentissima
3371 5224 3574 5297 gloriae.

1993 5318 2112 5374 Non
2154 5316 2322 5388 igitur
2377 5315 2834 5372 committendum
2879 5324 2965 5371 est
3020 5324 3080 5370 ut
3133 5316 3351 5369 illorum
3397 5314 3578 5384 pravis

1996 5409 2248 5466 consiliis
2271 5408 2643 5473 abducamur;
2686 5407 2781 5463 sed
2824 5407 3008 5478 potius
3043 5407 3242 5462 abillis
3268 5421 3430 5476 quam
3455 5406 3576 5460 lon-

1999 5503 2219 5575 gissime
2274 5500 2699 5565 discedendum;
2759 5514 2939 5568 neque
3001 5500 3161 5554 malis
3230 5497 3459 5553 medicis
3515 5514 3580 5551 ac

2001 5602 2383 5667 portentorum
2436 5591 2756 5648 auctoribus
2797 5589 3082 5645 dmmoniis
3124 5589 3574 5659 auscultandum,
