3990 6196
455 337 555 397 471

1489 340 1544 395 S.
1587 340 1861 397 CYMLLI
1901 340 2370 398 ALEXANDRINI
2409 342 2728 400 ARCHIEP.

2718 221 2767 246 υ

3622 336 3727 395 472

451 475 678 517 suarum
714 459 771 515 in
806 474 911 516 nos
952 459 1415 526 ludiﬁcationum,
1451 460 1690 517 nefarias
1728 462 1829 517 bas
1855 462 2046 518 laudes

2151 468 2301 539 μίας.
2343 466 2414 520 Σὺ
2450 466 2505 520 δὲ
2538 464 2593 519 εἰ
2619 482 2673 518 τι
2705 463 2813 517 τῶν
2849 463 2943 516 τοῦ
2975 461 3228 533 σώματος
3271 461 3477 534 μορίων
3515 461 3726 530 ἀλγεῖς,

450 551 722 609 mercedis
738 551 1021 622 cujusdam
1041 552 1216 607 instar
1233 552 1599 624 exigentibus.
1621 553 1703 608 Tu
1718 569 1870 620 vero,
1883 555 1928 609 si
1941 571 2047 625 qua

452 645 549 699 tibi
567 659 696 714 pars
712 643 960 715 corporis
974 643 1145 711 dolet,
1164 652 1219 700 et
1234 659 1363 701 vere
1379 645 1561 701 credis
1584 646 1701 702 haec
1724 645 1911 711 verba,
1938 646 2046 701 Do-

451 735 634 790 minus
651 734 893 791 Sabaoth
910 777 924 802 ,
939 745 995 793 et
1023 737 1160 792 alias
1172 737 1488 809 bujusmodi
1501 738 1898 808 appellationes
1909 753 2047 807 quas

449 826 562 883 Deo
586 827 679 898 qui
698 828 1004 883 secundum
1029 837 1279 884 naturam
1292 836 1396 895 est,
1435 829 1619 884 divina
1639 828 1923 900 Scriptura
1949 830 2048 883 tri-

449 917 706 982 buit,vim
719 919 923 975 habere
934 928 1096 989 putas
1108 920 1344 990 pellendi
1358 921 1561 974 malum
1575 920 1728 984 illud,
1743 937 1844 991 pro
1859 930 1911 975 te
1925 921 2044 992 ipso

450 1026 643 1080 preces
658 1010 1039 1076 fundens,ha:c
1048 1012 1215 1067 verba
1232 1012 1549 1083 pronuntia:
1564 1013 1644 1067 sic
1655 1014 1802 1067 enim
1815 1016 2040 1081 rectius,

449 1119 614 1174 quam
631 1102 927 1170 illi,facies,
939 1120 1119 1175 neque
1137 1103 1371 1175 impuris
1383 1103 1790 1175 spiritibus,sed
1807 1105 1919 1160 Deo
1931 1106 2045 1176 glo-

451 1197 589 1252 riam
612 1196 1308 1252 tribues.Commemorabo
1334 1197 1498 1252 etiam
1517 1196 1781 1252 divinitus
1805 1196 2042 1268 inspira-

452 1297 559 1342 tam
583 1288 922 1359 Scripturam
943 1304 1065 1360 quae
1079 1290 1157 1344 ait
1186 1306 1199 1342 :
1240 1310 1259 1341 ι
1286 1289 1600 1344 lnﬁrmatur
1624 1289 1749 1359 quis
1778 1289 1833 1343 in
1852 1289 2044 1344 vobis?

450 1381 675 1437 inducat
699 1382 1054 1454 presbyteros
1089 1382 1380 1449 Ecclesiae;
1411 1389 1469 1437 et
1491 1391 1650 1437 orent
1696 1396 1863 1451 super
1890 1397 2039 1446 eum,

451 1482 724 1545 tingentes
744 1490 873 1530 eum
917 1475 1041 1530 oleo
1078 1475 1133 1529 in
1161 1476 1385 1530 nomine
1441 1473 1694 1541 Domini;
1747 1481 1803 1528 et
1862 1474 2040 1529 oratio

450 1568 576 1624 fidei
603 1569 838 1624 salvabit
861 1568 1163 1633 infirmum,
1191 1575 1247 1623 et
1269 1566 1550 1622 alleviabit
1572 1566 1727 1620 illum
1743 1565 2034 1620 Dominus:

448 1670 505 1715 et
533 1662 579 1716 si
614 1662 670 1717 in
695 1662 944 1733 peccatis
967 1662 1061 1727 sit,
1091 1661 1445 1717 remittentur
1470 1660 1523 1715 ei
1551 1661 1615 1712 ".
1663 1678 1682 1711 ι

521 1753 685 1822 212
719 1752 917 1807 PALL.
943 1752 1187 1823 Auguria
1226 1751 1394 1821 igitur
1418 1758 1475 1804 et
1508 1750 1816 1805 carminum
1842 1750 2035 1804 incan-

2151 559 2244 612 καὶ
2269 555 2640 619 πεπίστευκας
2672 552 2911 625 ἀληθῶς,
2937 552 3021 606 δτι
3050 550 3111 604 τὸ
3132 550 3337 621 Κύριος
3358 547 3611 614 Σαϐαὼθ,
3635 554 3729 605 καὶ

2147 651 2202 705 αί
2245 648 2445 703 τοιαίδε
2497 647 2719 719 κλήσεις
2760 644 2827 709 ἃς
2856 642 2975 715 Θεῷ
3018 642 3099 714 τῷ
3147 642 3290 697 κατὰ
3331 642 3493 714 φύσιν
3523 647 3556 715 ή
3605 645 3729 700 θεία

2148 740 2445 813 προσνέμει
2472 738 2686 812 Γραφὴ,
2716 736 2932 792 λυτικαί
2955 752 3036 790 σοι
3059 736 3381 807 γενήσονται
3403 734 3501 789 τοῦ
3531 737 3728 802 κακοῦ,

2146 832 2308 896 αὐτὸς
2350 831 2491 902 ὑπὲρ
2532 828 2759 884 σεαυτοῦ
2796 827 3234 901 προσευχόμενος
3256 867 3272 892 ,
3313 826 3588 896 ἀναφὼνει
3627 828 3729 893 τὰς

2145 924 2344 992 λέξεις·
2397 924 2620 996 ἄμεινον
2665 922 2776 995 γὰρ
2819 923 2853 995 ἢ
2914 924 3112 976 ἐκεῖνοι
3155 921 3402 988 δράσεις,
3459 919 3579 991 Θεῷ
3628 921 3729 992 τὴν

2144 1018 2304 1083 δόξαν
2326 1017 2619 1083 ἀνατιθεὶς,
2654 1015 2750 1071 καί⁵
2778 1015 2897 1086 οὐχὶ
2918 1017 3032 1077 τοῖς
3059 1012 3390 1085 ἀκαθάρτοις
3427 1013 3726 1083 πνεύμασι.

2145 1110 2513 1181 Μεμνήσομαι
2538 1109 2597 1162 δὲ
2622 1109 2717 1162 καὶ
2746 1107 2847 1178 τῆς
2880 1104 3243 1160 θεοπνεύστου
3287 1104 3511 1175 Γραφῆς
3533 1104 3730 1173 λεγού-

2147 1219 2247 1273 σης
2269 1218 2282 1231 ·
2320 1220 2340 1253 ι
2394 1201 2635 1255 ’Λσθενεί
2672 1218 2756 1264 τις
2785 1201 2843 1253 ὲν
2883 1200 3052 1270 ύμῖν;
3086 1196 3555 1270 προσκαλεσάσθω
3598 1198 3729 1261 τοὺς

2142 1292 2551 1365 πρεσϐυτέρους
2585 1292 2686 1362 τῆς
2721 1290 3069 1362 Ἐκκλησίας,
3109 1289 3203 1344 καὶ
3232 1286 3730 1361 προσευξάσθωσαν

2144 1386 2230 1438 ἐπ’
2252 1383 2423 1454 αὐτῷ,
2452 1383 2773 1453 ἀλείψαντες
2797 1382 2959 1437 αὑτὸν
2988 1382 3172 1452 ἐλαίῳ,
3200 1384 3258 1435 ὲν
3279 1380 3358 1452 τῷ
3382 1380 3607 1452 ὀνόματι
3631 1382 3729 1435 τοῦ

2142 1478 2348 1549 Κυρίου
2370 1494 2383 1507 ·
2413 1477 2556 1547 καὶὴ
2589 1476 2723 1547 εὐχὴ
2743 1477 2844 1548 τῆς
2869 1477 3107 1539 πίστεως
3125 1474 3289 1529 σώσει
3305 1474 3397 1528 τὸν
3427 1476 3727 1545 κάμνοντα,

2142 1571 2237 1625 καὶ
2276 1564 2649 1642 ἐγερεῖ”αύτδν
2675 1571 2703 1622 ὁ
2743 1568 2964 1640 Κύριος,
2996 1566 3099 1621 κᾶν
3124 1565 3401 1639 ἁμαρτίας
3492 1583 3729 1638 πεποιη-

2139 1663 2272 1728 κὼς,
2302 1662 2632 1734 ἀφεθήσεται
2652 1660 2817 1728 αὐτῷ.
2861 1679 2879 1711 ι

2210 1757 2420 1810 ΠΔΛΛ.
2448 1744 2822 1809 Οἰωνοσκοπία
2849 1754 2912 1825 δὴ
2937 1749 3050 1816 οῦν,
3077 1753 3170 1808 καὶ
3195 1753 3295 1825 μέν
3319 1770 3401 1806 τοι
3425 1752 3519 1806 καὶ
3543 1751 3733 1823 ἐπῳδὴ

453 1846 588 1900 latio
610 1853 998 1910 numerentur,
1022 1844 1069 1899 si
1094 1846 1294 1915 placet,
1319 1843 1462 1897 inter
1485 1857 1571 1907 ea,
1595 1858 1718 1911 quae
1745 1842 1864 1912 lege
1886 1841 2039 1895 dam-

2149 1847 2519 1921 συντετάχθω,
2554 1850 2602 1900 εί
2621 1848 2788 1911 δοκεῖ,
2818 1849 2930 1911 τοῖς
2960 1848 3024 1899 ἐκ
3062 1846 3230 1917 νόμου
3258 1844 3731 1915 διαϐεϐλημένοις,

450 1949 671 2006 nantur,
699 1949 756 1994 et
800 1956 923 2010 qua:
962 1956 993 1994 a
1031 1940 1147 1995 Deo
1175 1939 1491 2010 turpissima
1535 1946 1591 1993 et
1619 1938 1853 1994 maxime
1875 1953 2032 1994 exse«

450 2027 654 2083 cranda
680 2027 1021 2097 judicantur.

520 2117 676 2173 (ΝΒ.
719 2119 950 2174 Maxime
986 2134 1138 2175 vero.
1177 2120 1314 2174 Illud
1353 2120 1521 2176 etiam
1555 2121 1886 2188 addiderim,
1913 2122 2037 2177 aliis

451 2226 672 2281 quoque
719 2211 898 2267 modis
944 2212 1000 2266 in
1054 2213 1228 2268 Deum
1276 2213 1572 2284 injuriosos
1610 2229 1731 2269 esse
1771 2228 1953 2284 posse,
1980 2221 2036 2268 et

452 2318 566 2357 suae
605 2318 882 2374 quemque
932 2319 1063 2375 erga
1094 2320 1223 2360 eum
1259 2305 1561 2376 impietatis
1605 2321 1759 2360 reum
1808 2304 1946 2370 fore,
1975 2320 2039 2359 ac

452 2406 644 2459 pinnas
669 2391 952 2459 daturum,
987 2393 1034 2448 si
1066 2396 1323 2467 perjurus
1350 2396 1480 2461 erit,
1522 2403 1616 2450 aut
1655 2396 2038 2466 blaSphemum

451 2484 673 2554 aliquod
733 2485 1003 2552 verbum,
1068 2495 1126 2542 et
1181 2487 1484 2542 absurdum
1532 2488 1600 2543 de
1630 2488 1722 2543 illa
1781 2504 2038 2559 suprema

454 2576 1012 2647 pncstantissimaque
1050 2577 1223 2648 gloria
1261 2578 1482 2634 dixerit.
1524 2580 1662 2634 lllud
1697 2581 1843 2635 enim
1883 2580 2039 2650 prius

454 2669 533 2723 ira
566 2685 800 2735 summa,
833 2671 1262 2741 gravissimaque
1300 2687 1462 2741 pinna
1501 2673 1833 2740 vindicatur,
1878 2674 2036 2739 falce,

453 2770 513 2816 ut
538 2760 805 2832 scriptum
856 2770 960 2828 est,
1014 2773 1374 2821 consumente
1430 2768 1637 2839 perjuri
1691 2768 1937 2834 domum,
1983 2778 2041 2827 et

454 2853 704 2909 funditus
738 2862 1018 2910 evertente
1058 2872 1071 2909 :
1106 2874 1125 2907 ι
1157 2856 1501 2927 lngredietur
1544 2858 1712 2924 enim,
1748 2860 1945 2930 inquit,
1982 2861 2039 2915 in

454 2948 679 3003 domum
710 2947 868 3014 furis,
893 2948 1028 3004 etin
1050 2948 1276 3003 domum
1305 2949 1547 3020 jurantis
1570 2950 1627 3005 in
1664 2952 1887 3007 nomine
1917 2968 2041 3008 meo

455 3040 817 3108 mendaciter,
842 3048 899 3096 et
931 3042 1246 3113 requiescet
1279 3042 1337 3097 in
1374 3043 1560 3099 medio
1583 3044 1783 3099 domus
1807 3046 1950 3117 ejus,
1984 3054 2040 3101 et

2133 1944 2230 1998 xui.
2267 1946 2382 2007 τοῖς
2429 1943 2487 1995 ὲν
2535 1942 2792 2012 αἰσχίστῃ
2843 1942 2937 1994 καὶ
2986 1938 3371 2012 βδελυρωτάτῃ
3405 1937 3532 2008 δόξῃ
3576 1936 3735 2009 παρὰ

2133 2034 2274 2105 Θεῷ.
2704 2028 2711 2035 κ
3805 2081 3814 2090 .

2207 2129 2374 2183 ΚΥΡ.
2416 2128 2529 2183 Καὶ
2561 2127 2744 2198 μάλα,
2791 2123 3088 2195 προσθείην
3120 2123 3167 2177 δ’
3203 2122 3290 2185 ἂν,
3338 2124 3420 2177 ὅτι
3464 2124 3558 2177 καὶ
3601 2116 3736 2175 καθ’

2138 2222 2355 2293 ἑτέρους
2386 2221 2475 2274 τὸν
2499 2220 2630 2273 Θεὸν
2655 2218 2949 2290 ὑϐριοῦμεν
2976 2220 3233 2286 τρόπους,
3262 2219 3355 2272 καὶ
3383 2218 3480 2287 τῆς
3507 2217 3589 2279 είς
3619 2215 3734 2269 αύ-

2137 2314 2228 2368 τδν
2262 2310 2581 2375 δυσσεϐείας
2607 2310 2761 2380 δφλοι
2798 2328 2881 2375 τις
2922 2309 2989 2365 ἂν
3016 2311 3237 2384 γραφήν
3272 2326 3335 2363 τε
3382 2309 3477 2362 καὶ
3512 2305 3733 2376 λόγους,

2136 2406 2198 2461 τὸ
2232 2405 2544 2477 ,λιευδορκεῖν
2572 2404 2879 2476 ᾑρημένος,
2908 2404 3002 2459 καὶ
3027 2404 3089 2457 τὸ
3120 2402 3482 2475 παλίμφημόν
3507 2419 3581 2465 τι,
3628 2399 3737 2454 καὶ

2138 2498 2351 2570 ἀπηχὲς
2388 2498 2563 2551 εἰπεῖν
2592 2496 2737 2551 κατά
2774 2514 2837 2566 γε
2867 2497 2965 2568 τῆς
2999 2496 3313 2568 ύπερτάτης
3344 2496 3439 2550 καὶ
3467 2495 3737 2551 ἀνωτάτω

2137 2589 2316 2662 δόξης.
2356 2590 2430 2643 Τὸ
2460 2588 2558 2660 μὲν
2596 2588 2707 2661 γὰρ
2741 2587 3027 2653 κολάζεται
3059 2592 3127 2660 τῇ
3161 2589 3395 2644 είσάπαν
3432 2588 3593 2660 ὀργῇ,
3632 2589 3737 2641 καὶ

2138 2684 2354 2754 ἀσχέτῳ
2382 2684 2563 2753 ποινῇ,
2594 2680 2978 2746 συντελοῦντος
3014 2680 3108 2735 τοῦ
3137 2680 3429 2753 δρεπάνου,
3458 2680 3601 2735 καθά
3629 2680 3732 2748 γέ-

2140 2793 2420 2849 γραπται,
2456 2776 2554 2848 τὴν
2583 2774 2678 2829 τοῦ
2713 2773 3139 2849 ψευδορκοῦντος
3177 2774 3398 2841 ἑστίαν,
3433 2774 3528 2828 καὶ
3553 2790 3731 2827 κατασ

2143 2867 2382 2930 σείοντος
2410 2868 2490 2930 είς
2509 2866 2570 2920 τὸ
2592 2866 2857 2931 παντελές
2874 2882 2885 2895 ’
2921 2885 2941 2919 ι
2974 2866 3358 2920 Είσελεύσεται
3381 2863 3510 2937 γὰρ,
3539 2864 3732 2933 φησὶν.

2141 2961 2223 3023 είς
2267 2960 2360 3014 τὸν
2394 2956 2539 3014 οἷκον
2582 2959 2677 3013 τοῦ
2718 2958 2955 3013 κλέπτου
2978 3001 2992 3026 ,
3037 2958 3132 3014 καὶ
3179 2960 3261 3023 είς
3306 2958 3398 3012 τὸν
3440 2951 3588 3011 οἷκον
3630 2955 3736 3009 τοῦ

2142 3052 2437 3123 ὀμνύοντος
2462 3052 2540 3123 τῷ
2570 3052 2795 3123 ὀνόματί
2828 3070 2928 3124 μου
2959 3053 3053 3107 ἐπὶ
3077 3051 3283 3122 ψεύδει,
3314 3050 3407 3105 καὶ
3439 3047 3738 3104 καταλύσει

455 3142 744 3189 consumet
780 3149 925 3199 eam,
973 3142 1029 3189 et
1069 3134 1217 3207 ligna
1256 3135 1397 3206 ejus,
1435 3143 1491 3189 et
1518 3134 1730 3205 lapides
1749 3136 1870 3207 ejus
1897 3136 1979 3189 "z
2016 3157 2033 3189 ι

2149 3146 2202 3199 ὲν
2239 3145 2389 3217 μέσῳ
2410 3143 2503 3198 τοῦ
2533 3146 2683 3198 οίκου
2720 3143 2909 3209 αὑτοῦ,
2941 3143 3037 3198 καὶ
3071 3141 3381 3197 συντελέσει
3410 3140 3572 3194 αὐτὸν
3590 3181 3605 3206 ,
3634 3140 3738 3192 καὶ

456 3226 594 3281 Illud
612 3242 742 3281 vero
765 3226 1000 3285 alterum
1031 3238 1208 3283 morte
1232 3243 1297 3283 ac
1317 3242 1579 3298 supremo
1602 3228 1874 3298 supplicio
1896 3229 2041 3283 mul-

459 3328 624 3373 tatur.
653 3316 773 3374 Non
798 3320 983 3390 itaque
1004 3319 1062 3374 in
1088 3335 1147 3376 re
1170 3318 1305 3375 falsa
1320 3318 1653 3390 jurandum;
1680 3319 1791 3375 imo
1816 3336 1948 3375 vero
1975 3335 2044 3375 ne

452 3412 750 3483 iurandum
777 3413 1002 3484 quidem
1029 3412 1291 3468 omnino:
1318 3411 1373 3467 id
1407 3411 1557 3467 enim
1583 3411 1772 3467 docuit
1795 3428 1897 3468 nos
1923 3411 2044 3466 Sal-

457 3519 633 3575 vator,
659 3525 785 3565 cum
812 3508 979 3576 dixit;
1011 3508 1123 3564 «Sit
1141 3516 1327 3563 autem
1352 3521 1536 3562 sermo
1560 3518 1764 3570 vester,
1786 3506 1903 3571 Est,
1929 3514 2041 3571 cst;

458 3610 515 3655 et
553 3600 695 3666 Non,
722 3616 834 3655 non
865 3619 879 3654 :
905 3600 1054 3670 quod
1105 3607 1292 3654 autem
1345 3598 1435 3653 his
1459 3598 1833 3653 abundantius
1882 3605 1986 3663 est,
2015 3613 2045 3653 a

460 3692 679 3746 diabolo
703 3698 789 3746 est
826 3691 893 3745 ⁸³.
926 3710 944 3742 ι
984 3691 1174 3761 Neque
1210 3691 1381 3757 enim,
1411 3690 1504 3761 qui
1529 3706 1724 3761 graves
1747 3690 2044 3756 habentur,

460 3790 517 3837 et
543 3782 806 3837 virtutem
838 3781 943 3837 sibi
978 3782 1135 3851 quasi
1164 3782 1617 3837 contubernalem
1664 3782 1935 3847 fecerunt,
1980 3783 2048 3839 iis

462 3875 693 3930 omnino
712 3873 1079 3946 jurisjurandi
1101 3874 1246 3929 ullus
1269 3874 1377 3929 erit
1410 3889 1543 3929 usus
1570 3890 1582 3927 :
1614 3891 1742 3929 nam
1777 3875 2046 3947 ejusmodi

462 3970 749 4026 hominum
782 3971 894 4025 vita
937 3967 1085 4040 apud
1122 3968 1344 4038 pietatis
1369 3978 1644 4024 amatores
1682 3978 1829 4024 certe
1851 3985 2048 4041 magno

464 4064 519 4117 in
541 4062 722 4134 pretio
747 4070 851 4127 est,
886 4078 1069 4133 neque
1105 4061 1184 4117 illi
1211 4061 1347 4116 fides
1380 4077 1492 4116 non
1517 4061 1713 4116 haberi
1748 4062 1925 4128 solet;
1961 4079 2045 4127 ac,

464 4155 509 4207 si
534 4153 670 4224 quid
692 4154 818 4208 talis
844 4153 929 4207 vir
946 4152 1086 4209 forte
1125 4153 1351 4218 dixerit,
1381 4152 1529 4208 illico
1565 4152 1671 4208 [ide
1704 4153 2048 4208 audientium

463 4245 756 4316 excipitur.
781 4244 865 4300 Sit
890 4244 1055 4316 igitur
1077 4245 1202 4302 vita:
1227 4254 1429 4301 nostrae
1462 4246 1604 4299 ratio
1638 4245 1918 4315 praeclara,
1950 4262 2050 4299 ne-

464 4354 572 4408 que
622 4338 769 4393 ullus
788 4338 898 4394 erit
935 4338 1220 4410 profecto,
1259 4345 1320 4393 ut
1360 4352 1461 4409 ego
1512 4337 1788 4403 arbitror,
1827 4336 2048 4408 jurandi

466 4445 616 4484 usus.
645 4427 743 4484 Sin
766 4444 906 4500 opus
925 4429 1033 4484 erit
1054 4426 1373 4498 aliquando,
1402 4425 1551 4496 quod
1573 4426 1863 4489 honorem,
1885 4442 2048 4496 quem

2144 3234 2212 3288 τὰ
2241 3233 2374 3299 ξύλα
2400 3232 2590 3300 αὑτοῦ,
2620 3235 2716 3288 καὶ
2741 3235 2870 3298 τοὺς
2908 3232 3092 3297 λίθους
3125 3230 3314 3287 αὐτοῦ.
3350 3250 3369 3283 ι
3408 3229 3644 3301 Θάτερόν
3669 3246 3738 3299 γε

2148 3326 2276 3398 μὴν,
2324 3326 2384 3381 τὸ
2430 3326 2752 3382 ἐκτεθνάναι
2789 3327 2900 3380 δεῖν
2923 3369 2939 3392 ,
2987 3326 3083 3381 καὶ
3116 3324 3179 3378 τὺ
3215 3324 3435 3379 πάντων
3472 3321 3738 3377 ἐπέκεινα

2142 3422 2252 3474 τῶν
2278 3420 2464 3474 κακῶν
2494 3420 2640 3491 ἔχειν
2671 3419 2772 3490 τὴν
2801 3418 2980 3491 δίκην.
3026 3417 3149 3490 Χρὴ
3180 3414 3473 3489 τοιγαροῦν
3500 3412 3739 3485 ὀμνύναι

2148 3515 2224 3585 μὴ
2258 3515 2352 3567 ἐπὶ
2392 3513 2580 3584 ψεύδει
2599 3528 2612 3541 ’
2652 3512 2855 3584 μᾶλλον
2886 3512 2943 3566 δὲ
2978 3512 3100 3583 μηδ’
3130 3510 3269 3574 ὅλως
3296 3507 3542 3581 ὀμνύναι.
3570 3505 3742 3560 Τουτὶ

2144 3602 2254 3674 γὰρ
2280 3605 2427 3675 ἡμᾶς
2458 3603 2694 3669 ἐδίδαξεν
2726 3604 2755 3656 ὁ
2786 3602 2997 3674 Σωτὴρ,
3027 3601 3238 3670 λέγων·
3275 3618 3294 3651 ι
3339 3598 3524 3653 Ἔστω
3555 3596 3739 3667 ὑμῶν,

2145 3696 2207 3749 τὺ
2233 3696 2359 3761 Ναὶ,
2388 3695 2504 3759 ναὶ,
2530 3695 2625 3748 καὶ
2647 3693 2709 3749 τὺ
2729 3692 2828 3760 UO,
2856 3692 2939 3748 οὗ·
2974 3693 3035 3747 τὸ
3064 3693 3119 3746 δὲ
3143 3691 3397 3764 περισσὸν
3420 3689 3647 3752 τούτων,
3672 3691 3742 3745 ἐκ

2146 3790 2241 3845 τοῦ
2256 3789 2503 3843 διαϐόλου
2521 3789 2690 3843 ἐστίν.
2714 3790 2965 3861 »βορκου
2986 3787 3095 3860 γὰρ
3116 3788 3253 3852 ὅλως
3272 3786 3373 3840 ούκ
3395 3785 3551 3840 ἔσται
3578 3783 3743 3855 χρεία

2146 3884 2260 3946 τοῖς
2282 3883 2339 3936 ὲν
2365 3881 2631 3953 ὑπολήψει
2655 3882 3006 3953 σεμνότητος,
3034 3882 3128 3935 καὶ
3153 3880 3397 3934 σύνοικον
3421 3877 3613 3949 ὥσπερ
3642 3894 3743 3931 πε-

2149 3973 2469 4045 ποιημένοις
2496 3972 2594 4045 τὴν
2631 3972 2867 4044 ἀρετήν·
2920 3971 3277 4043 ὲκτετίμηται
3301 3970 3412 4039 γάρ
3441 3969 3563 4023 λίαν
3587 3967 3744 4039 παρά

2147 4071 2262 4131 τοῖς
2295 4065 2581 4129 εὐσεϐείας
2607 4066 2871 4137 ἐρασταῖς
2900 4063 3008 4117 τῶν
3036 4062 3295 4117 τοιούτων
3318 4063 3346 4115 ό
3386 4060 3523 4130 βίος,
3555 4061 3654 4114 καὶ
3678 4060 3743 4113 τδ

2150 4156 2500 4211 ἀπιστεῖσθαι
2545 4159 2726 4229 μισεῖν
2754 4172 2767 4186 ’
2796 4156 2903 4211 κᾶν
2930 4156 2983 4209 εῐ
3018 4172 3070 4209 τι
3115 4153 3407 4225 φθέγγοιτο
3434 4153 3598 4225 τυχὸν
3619 4193 3635 4217 ,
3669 4154 3741 4223 τῇ

2154 4250 2265 4303 τῶν
2304 4238 2673 4323 ἀκροωμένων
2715 4248 2879 4312 εὐθὺς
2907 4244 3266 4319 στεφανοῦται
3310 4246 3513 4299 πίστει.
3555 4245 3745 4298 Ἔστω

2153 4341 2445 4415 τοιγαροῦν
2469 4342 2629 4415 ἡμῶν
2669 4341 2901 4414 εὐκλεὴς
2928 4343 2956 4396 ό
2979 4341 3114 4412 βίος,
3139 4338 3236 4393 καὶ
3258 4338 3496 4409 ἀργήσει
3517 4337 3743 4400 πάντως

2155 4453 2279 4498 που,
2311 4434 2564 4505 καθάπερ
2602 4428 2839 4505 ἐγῷμαι,
2870 4434 2968 4488 καὶ
3006 4435 3040 4503 ἡ
3073 4430 3170 4486 τοῦ
3197 4428 3517 4501 διόμνυσθαι
3554 4427 3740 4499 χρεία.

466 4520 669 4576 sanctis
688 4521 828 4576 viris
849 4520 1041 4575 haberi
1063 4518 1342 4582 convenit,
1360 4516 1611 4571 nonnulli
1633 4516 1909 4571 interdum
1925 4532 2046 4586 par-

2152 4525 2216 4578 Εἰ
2238 4525 2295 4577 δὲ
2314 4525 2378 4597 δή
2404 4542 2505 4578 που
2529 4524 2762 4594 γένοιτο,
2791 4523 3008 4594 καὶτῆς
3036 4524 3117 4587 είς
3148 4521 3337 4590 ἁγίους
3357 4519 3524 4589 τιμῆς
3545 4518 3745 4586 dli-{m—

464 4613 785 4685 vipendant,
817 4613 962 4667 Deus
1002 4611 1158 4665 testis
1179 4610 1247 4665 ad
1280 4607 1666 4681 jusjurandum
1688 4608 2046 4674 adhibeatur;

466 4721 644 4777 neque
674 4705 908 4761 ullarum
945 4702 1179 4757 aliarum
1209 4716 1395 4757 rerum
1429 4715 1631 4755 nomen
1657 4700 1938 4755 aﬂ‘eratur.
1962 4699 2051 4753 ln-

464 4796 807 4853 considcrate
828 4811 1067 4865 namque
1082 4795 1195 4865 jam
1227 4792 1477 4847 nonnulli
1491 4791 1557 4847 ad
1577 4791 1761 4847 futiles
1782 4791 2051 4846 vanitates

466 4895 721 4959 pergunt,
756 4886 1005 4957 nihilque
1043 4885 1251 4941 referre
1277 4874 1508 4956 tingunt,
1538 4899 1663 4939 cum
1696 4898 1795 4953 per
1826 4882 2049 4947 cmlum,

468 4995 565 5049 per
588 4980 886 5049 justitiam,
920 4993 1020 5049 per
1056 4976 1367 5032 Adrastiam
1412 4976 1635 5040 dicant,
1684 4991 1783 5046 per
1820 4975 1998 5029 lucem
2031 5016 2045 5039 ,

468 5082 564 5136 per
592 5069 899 5122 lucernam.
935 5066 1079 5132 Quin
1124 5066 1291 5120 etiam
1322 5065 1428 5120 alia
1462 5064 1713 5136 quaedam
1749 5079 1850 5119 suo
1895 5058 2059 5119 urbi:

468 5166 615 5212 tratu
646 5153 1006 5229 colligentes,
1040 5156 1289 5213 fortassis
1326 5157 1492 5211 etiam
1517 5156 1607 5226 pie
1641 5171 1699 5211 se
1730 5156 1909 5211 facere
1943 5172 2047 5225 pu-

472 5258 610 5315 tant,
643 5264 770 5305 cum
822 5250 919 5305 Dei
975 5265 1178 5305 nomen
1225 5247 1500 5318 rejiciant,
1534 5257 1589 5301 et
1634 5264 1719 5311 ea,
1754 5263 1877 5317 quae
1905 5247 2054 5302 illius

470 5354 629 5409 nutu,
653 5350 715 5398 ut
745 5351 951 5407 essent,
985 5352 1179 5397 vocata
1218 5349 1366 5405 sunt,
1400 5338 1593 5410 gloria,
1630 5355 1753 5409 qua:
1780 5340 1891 5393 Deo
1920 5356 2054 5393 con-

472 5438 651 5503 venit,
688 5444 979 5493 exornent.
1017 5432 1347 5506 Hujusmodi
1388 5433 1625 5502 quodam
1664 5447 1855 5487 errore
1900 5433 2054 5486 labo-

474 5544 622 5583 rasse
650 5528 927 5584 interdum
950 5527 1207 5583 lsraelem
1242 5524 1601 5596 reperiemus.
1626 5523 1760 5578 Nam
1790 5524 2052 5594 templum

475 5618 632 5684 illud,
673 5621 820 5690 quod
870 5621 1263 5694 Hierosolymis
1296 5618 1636 5682 habebatur,
1679 5617 2055 5687 proculdubio

544 5799 584 5832 ³¹
620 5798 807 5854 Jaml).
847 5818 900 5866 γ,
938 5801 1020 5863 li,
1064 5801 1141 5856 15.
1209 5804 1251 5835 ³²
1282 5802 1442 5856 Zar‘h.
1476 5820 1527 5869 ν,
1562 5802 1613 5854 5.
1695 5804 1736 5835 ³³
1768 5803 1957 5857 Matth.
1982 5820 2034 5867 ν,
2057 5802 2146 5856 5⁵1.

2157 4616 2393 4688 ρούντων
2435 4615 2548 4668 ἔσθ’
2596 4617 2685 4670 ὅτε
2731 4616 2915 4679 τινῶν,
2957 4615 3142 4687 ὅρκιος
3184 4613 3324 4667 ἔστω
3363 4610 3517 4673 Θεὸς,
3558 4608 3635 4679 μὴ
3680 4606 3745 4659 τὸ

2154 4708 2357 4779 ἐτέρων
2387 4706 2559 4778 ὄνομα
2584 4705 3047 4778 παρακομιζέσθω
3069 4703 3250 4757 τινῶν.
3291 4696 3744 4770 Ἀπερισκέπτως

2155 4797 2263 4870 γὰρ
2303 4798 2404 4869 ἤδη
2444 4796 2589 4861 τινὲς
2613 4798 2695 4860 είς
2726 4795 2989 4859 ἐκλύτους
3030 4794 3200 4856 ίόντες
3231 4788 3538 4860 έξιτηλίας,
3583 4784 3744 4839 ἀδια-

2157 4893 2346 4963 φορεῖν
2375 4888 2811 4944 ύποπλάττονται
2830 4930 2846 4956 ,
2877 4888 2944 4960 νὴ
2974 4888 3065 4942 τὸν
3093 4883 3344 4957 οὐρανὸν,
3373 4882 3407 4953 ἢ
3436 4879 3537 4950 τὴν
3559 4877 3741 4948 δίκην,

2155 4983 2221 5053 νὴ
2240 4982 2339 5054 τὴν
2380 4981 2729 5055 Ἀδράστειαν
2758 4981 3031 5049 λέγοντες,
3070 4979 3137 5049 νὴ
3165 4976 3226 5030 τὸ
3259 4974 3396 5045 φῶς,
3432 4972 3500 5043 νὴ
3526 4971 3618 5024 τὸν
3644 4969 3741 5022 λύ-

2155 5091 2300 5147 χνον.
2337 5074 2544 5144 ’Έτερά
2565 5090 2623 5126 τε
2648 5073 2781 5126 άττα
2808 5071 2949 5126 κατὰ
2971 5070 3033 5124 τὸ
3066 5067 3218 5139 σφίσι
3241 5063 3433 5120 δοκοῦν
3456 5061 3742 5130 συλλέγον-

2153 5178 2273 5226 τες,
2320 5162 2461 5231 τάχα
2509 5176 2611 5213 που
2652 5161 2747 5215 καὶ
2789 5159 3034 5214 εὐσεϐεῖν
3082 5157 3309 5221 οἴονται,
3347 5154 3410 5206 τὸ
3462 5150 3563 5222 μὲν
3601 5149 3761 5241 θεῖον.

2154 5253 2326 5324 ὄνομα
2365 5253 2803 5324 παρωθούμενοι,
2833 5254 2899 5323 τῇ
2925 5251 2981 5305 δὲ
3007 5247 3294 5323 πρεπούσῃ
3323 5243 3444 5315 Θεῷ
3468 5257 3745 5313 καταχρυ-

2158 5344 2377 5408 σοῦντες
2410 5345 2540 5417 δόξῃ
2567 5345 2637 5398 τά
2661 5347 2773 5409 τοῖς
2800 5344 2965 5397 αὐτοῦ
2997 5342 3230 5413 νεύμασι
3259 5338 3577 5410 κεκλῃμένα
3608 5334 3745 5406 πρὸς

2157 5438 2389 5508 γένεσιν.
2426 5432 2698 5508 Τοίαύτην
2724 5436 2851 5492 τινὰ
2884 5435 3149 5507 πλάνησιν
3175 5431 3577 5504 ἠῤῥωστηκότα
3607 5427 3744 5484 κατά

2159 5529 2383 5599 καιροὺς
2438 5528 2528 5582 τὸν
2597 5526 2812 5599 Ἰσραὴλ
2869 5527 3197 5598 εὑρήσομεν.
3261 5519 3740 5594 Ὀμολογοιυμένως

2158 5622 2262 5696 γάρ
2298 5622 2375 5692 τῷ
2409 5622 2527 5692 Θεῷ
2570 5621 2659 5675 τὸν
2700 5622 2755 5674 ἐν
2799 5623 2909 5684 τοῖς
2955 5619 3349 5691 Ἱεροσολύμοις
3390 5615 3744 5687 ἀνεδείμαντο
