3990 6196
282 322 401 381 675

1041 322 1129 377 DE
1169 321 1613 381 ADORATIONE
1650 328 1721 385 IN
1764 329 2037 388 SPIRITU
2077 331 2168 387 ET
2204 330 2571 387 VERITATE.
2612 333 2738 388 LIB.
2782 333 2869 389 Vl.

3402 300 3407 307 ’
3457 339 3563 397 m

275 445 442 505 ναὶν,
479 440 574 495 καὶ
607 439 695 495 ἐπ’
728 437 879 512 αὐτῷ
918 439 982 513 δὴ
1017 442 1193 514 τούτῳ
1223 442 1547 515 φρονοῦντες
1579 443 1753 513 μέγα.
1788 444 1868 496 καπ

1992 444 2047 499 in
2073 446 2339 505 honorem
2377 450 2473 507 Dei
2514 459 2919 518 exstruxerant,
2940 460 3145 508 etcum
3189 451 3261 509 ob
3294 466 3417 510 eam
3445 469 3565 512 rem

275 534 399 587 τῶν
427 533 511 596 εἰς
556 531 839 585 εὐσέϐειαν
884 530 1219 605 αὐχημάτων
1263 532 1394 586 εἴσω
1423 532 1675 603 γενέσθαι
1714 549 1876 586 πεπι-

282 624 606 689 στευκότες,
652 623 745 676 καὶ
796 621 1234 697 ἀξιολογωτάτην
1274 621 1333 680 εὖ
1385 625 1531 697 μάλα
1571 626 1672 696 τὴν
1718 625 1876 690 δόξαν

276 714 435 768 ἑλεῖν
459 714 572 769 τῶν
603 714 755 784 σφίσι
773 713 1181 785 διηγγελμένων
1209 714 1297 770 διὰ
1323 713 1418 768 τοῦ
1442 714 1718 783 πανσόφου
1742 715 1874 768 Μω-

276 823 430 870 σεως
474 807 637 875 ὀλίγα
664 806 1050 878 φροντίσαντες
1076 807 1530 880 ἀπεριμερίμνως
1556 807 1837 878 ἡλίσκοντο
1858 824 1873 840 σ

274 900 402 952 ἀλλ’
432 901 523 953 ὅτι
552 899 615 954 τό
641 901 835 973 χρῆμα
855 900 1037 964 αὐτοῖς
1065 901 1125 953 οὐ
1158 900 1295 971 πρὸς
1322 899 1572 954 εὔκλειαν
1601 900 1753 955 ἔσται
1778 919 1874 955 πο-

273 991 400 1055 θὲν,
424 992 522 1045 καὶ
545 992 807 1060 γάννυται
833 991 889 1044 δὲ
921 992 1041 1064 οὐχὶ
1067 995 1189 1055 ταῖς
1213 995 1278 1046 ἐκ
1307 992 1470 1047 λίθων
1492 994 1824 1066 οἰκοδομίαις
1848 998 1877 1049 ὀ

271 1084 443 1149 Θεὸς,
484 1084 733 1139 ἐδίδασκε
756 1084 930 1154 λέγων
950 1101 963 1114 ·
1000 1104 1019 1137 ι
1067 1084 1125 1139 '0
1152 1086 1382 1157 οὐρανός
1405 1104 1496 1157 μοι
1521 1086 1728 1157 θρόνος,
1758 1090 1792 1159 ἡ
1817 1089 1874 1141 δὲ

271 1181 349 1248 ῒῆ
388 1177 688 1232 ὑποπόδιον
725 1177 829 1231 τῶν
861 1177 1039 1231 ποδῶν
1075 1194 1198 1249 μου.
1225 1179 1384 1232 Ποῖον
1413 1175 1567 1233 οἶκον
1592 1180 1874 1252 οἰκοδομη-

273 1271 409 1323 σετέ
439 1287 568 1340 μοι;
606 1271 639 1342 ἢ
668 1269 753 1334 τίς
773 1270 939 1332 τόπος
974 1270 1073 1340 τῆς
1113 1270 1514 1335 καταπαύσεώς
1551 1289 1685 1344 μου;
1720 1272 1871 1341 λέγει

273 1361 516 1427 Κύριος.
550 1380 571 1413 ι
624 1360 962 1433 Ἐμπίπλησι
1004 1363 1115 1434 γὰρ
1163 1362 1233 1417 τά
1258 1363 1435 1417 πάντα
1476 1364 1629 1429 Θεὸς,
1657 1364 1751 1418 καὶ
1774 1367 1873 1419 ὲπ-

190 1464 199 1471 ’
273 1455 630 1509 ἀναπαύεται
655 1456 756 1525 μὲν
783 1455 1016 1526 οὐρανῷ,
1041 1454 1288 1525 διήκειδὲ
1305 1457 1398 1509 καὶ
1418 1456 1513 1509 ἐπὶ
1528 1459 1625 1528 τῆς
1658 1457 1782 1527 γῆς·
1808 1458 1869 1511 οὐ

271 1549 394 1618 γὰρ
438 1550 499 1600 ὲν
538 1546 688 1617 ποσῷ
714 1548 776 1601 τὸ
817 1547 980 1613 θεῖον,
1027 1546 1144 1601 ἁλλ’
1182 1545 1372 1616 ὥσπερ
1404 1547 1550 1601 ἐστὶν
1596 1548 1872 1603 ἀπωτάτω

271 1640 593 1709 φαντασίας
626 1641 968 1713 σωματικῆς,
1006 1638 1150 1694 οὕτω
1189 1641 1287 1695 καὶ
1312 1640 1484 1694 τόπου
1516 1640 1611 1694 καὶ
1648 1640 1744 1695 τοῦ
1773 1659 1871 1695 πε-

268 1735 570 1789 πσῶσθαι
594 1735 791 1791 δοκεῖν.
836 1733 1054 1806 Ἐπειδὴ
1078 1733 1136 1788 δὲ
1164 1733 1313 1801 ἅπαξ
1353 1734 1593 1789 Ἰουδαῖοι
1619 1733 1869 1802 λέγοντος

1976 547 2161 593 essent
2184 542 2332 608 elati,
2369 544 2529 614 213
2559 560 2623 600 ac
2654 546 2876 616 pietatis
2913 553 3236 601 ornamenta
3272 559 3331 601 se
3364 561 3565 603 conse-

1976 637 2136 684 cutos
2158 645 2301 697 esse,
2347 641 2404 687 et
2442 634 2708 705 insignem
2736 637 2968 706 gloriam
3010 637 3327 707 percepisse
3368 639 3563 695 crede-

1975 729 2120 785 rent,
2150 738 2271 792 qua:
2294 724 2403 779 illis
2442 741 2471 780 a
2495 726 2898 796 sapientis'simo
2923 729 3044 783 viro
3073 729 3257 801 Moyse
3289 739 3565 802 pracepta

1975 820 2156 879 erant,
2187 812 2254 870 de
2287 816 2356 870 iis
2393 832 2506 886 pm
2545 817 2758 873 incuria
2786 835 2981 889 parum
3015 820 3293 877 laborasse
3331 822 3561 877 convin-

1975 902 2274 971 cebantur;
2317 906 2413 960 sed
2447 922 2567 961 eam
2602 923 2718 963 rem
2767 909 2877 964 illis
2919 910 3106 979 gloria:
3146 925 3258 965 non
3293 909 3561 979 futur‘am,

1973 1009 2153 1064 neque
2179 1010 2237 1050 se
2262 996 2510 1067 lapidum
2544 1000 3016 1055 exstructionibus
3057 1000 3343 1068 delectari,
3367 1002 3564 1058 docuit

1973 1086 2118 1141 Deus
2156 1084 2291 1143 cum
2314 1088 2453 1144 dixit
2488 1107 2503 1144 :
2540 1108 2558 1141 ι
2590 1090 2803 1145 Caelum
2834 1090 2971 1145 mibi
3002 1091 3160 1147 sedes
3189 1099 3295 1158 est,
3325 1099 3382 1148 et
3412 1102 3562 1149 terra

1973 1176 2272 1232 scabellum
2313 1179 2516 1249 pedum
2547 1193 2817 1235 meorum.
2853 1178 3079 1246 Qualem
3117 1179 3344 1235 domum
3384 1182 3559 1238 aedifi-

1974 1267 2171 1323 cabitis
2193 1269 2362 1324 mihi?
2387 1272 2471 1326 vel
2504 1270 2630 1342 quis
2662 1272 2819 1326 locus
2837 1270 3203 1342 requietionis
3228 1273 3405 1327 mea?
3426 1272 3562 1329 dicit

1973 1357 2319 1413 Dominus".
2343 1379 2361 1411 ι
2395 1359 2591 1430 implet
2611 1361 2758 1416 enim
2790 1361 2974 1416 omnia
3002 1361 3168 1426 Deus,
3183 1376 3246 1415 ac
3263 1361 3563 1431 requiescit

1973 1449 2195 1518 quidem
2233 1450 2289 1505 in
2328 1452 2497 1517 caelo;
2530 1452 2790 1523 pertingit
2826 1461 3012 1507 autem
3043 1451 3208 1507 etiam
3242 1451 3311 1507 ad
3334 1460 3511 1508 terras
3544 1469 3558 1505 :

1972 1558 2151 1613 neque
2172 1544 2321 1598 enim
2354 1545 2498 1600 mole
2532 1545 2774 1601 cohaeret
2805 1545 2900 1601 Dei
2928 1552 3125 1599 natura
3146 1586 3161 1611 ,
3194 1545 3312 1612 sed,
3347 1553 3409 1600 ut
3441 1546 3561 1601 lon-

1973 1634 2194 1705 gissime
2228 1635 2387 1691 abest
2420 1652 2452 1691 a
2499 1635 2683 1707 specie
2728 1651 3020 1707 corporea,
3055 1636 3136 1691 sic
3167 1637 3334 1691 etiam
3372 1653 3404 1692 a
3435 1636 3559 1694 loco

1973 1732 2031 1780 et
2057 1727 2218 1782 molis
2241 1727 2503 1797 opinione
2542 1734 2788 1783 remotus
2837 1734 2943 1782 est.
2974 1726 3081 1781 Sed
3111 1725 3283 1782 Judaei
3319 1743 3445 1783 cum
3467 1743 3556 1783 se-

266 1828 507 1899 ῆκουον,
547 1828 605 1881 '0
622 1827 854 1900 οὐρανός
878 1844 971 1898 μοι
995 1826 1206 1897 θρόνος,
1227 1827 1261 1896 ὴ
1285 1825 1343 1879 δὲ
1359 1826 1429 1896 γῆ
1450 1826 1738 1880 ὑποπόδιον
1756 1826 1868 1881 τῶν

1973 1818 2079 1872 mel
2101 1818 2257 1872 illum
2293 1818 2478 1874 dicere
2510 1817 2815 1883 audissent,
2842 1818 3042 1873 cmium
3089 1818 3227 1872 mihi
3269 1817 3431 1873 sedes
3449 1827 3555 1883 est,

266 1922 464 1977 ποδῶν
495 1940 620 1994 μου,
641 1922 777 1993 πρὸς
803 1920 1013 1984 ἐννοίας
1048 1920 1218 1984 ἰόντες
1242 1920 1343 1973 οὐκ
1366 1918 1650 1989 ἀσφαλεῖς,
1680 1919 1867 1990 ὅρκιον

265 2013 565 2068 ἐποιοῦντο
599 2012 687 2066 τὸν
712 2011 963 2085 οὐρανὸν,
995 2012 1139 2066 θεῖον
1166 2011 1328 2066 αὐτὸν
1352 2009 1711 2082 ὀνομάζοντες
1741 2011 1868 2083 θρό-

266 2122 389 2170 νον,
421 2104 629 2175 ὁμοίως
660 2103 717 2158 δὲ
747 2105 841 2159 καὶ
868 2104 968 2176 τὴν
993 2102 1120 2173 γῆν,
1149 2103 1225 2167 ὡς
1260 2104 1364 2157 ὑπὸ
1390 2104 1556 2168 πόδας
1577 2102 1714 2157 Θεοῦ
1749 2121 1866 2159 κει-

272 2197 489 2267 μένην·
535 2196 630 2250 καὶ
675 2195 782 2267 μὴν
824 2195 919 2249 καὶ
958 2194 1058 2267 τὴν
1116 2194 1505 2268 Ἰερουσαλὴμ,
1539 2195 1695 2261 πόλις
1733 2196 1863 2271 γὰρ,

271 2292 540 2362 ἔφασκον,
568 2289 686 2344 ἐστὶ
723 2287 818 2342 τοῦ
853 2288 1070 2343 πάντων
1104 2289 1433 2360 κρατοῦντος
1465 2287 1601 2343 Θεοῦ
1620 2329 1637 2357 ,
1666 2288 1759 2342 καί
1782 2305 1866 2343 τοι

273 2387 386 2440 τῶν
429 2382 804 2456 ἀρχαιοτέρων
858 2382 1029 2451 ἀγίων
1074 2381 1171 2447 τὸ,
1205 2383 1281 2454 Ζῇ
1316 2381 1521 2454 Κύριος
1544 2420 1561 2446 ,
1603 2383 1662 2435 ἐν
1700 2381 1865 2454 ὅρκου

274 2477 440 2549 χρείᾳ
483 2475 889 2546 πεποιημένων.
946 2472 1107 2527 Ἀλλὰ
1132 2472 1231 2545 τὴν
1265 2471 1376 2537 τῶν
1434 2471 1709 2526 Ἰουδαίων
1744 2472 1865 2543 ηλι-

276 2570 555 2639 θιωτάτην
594 2566 803 2620 ἔννοιαν
830 2564 1317 2636 κατεκιϐδήλευσεν
1346 2566 1376 2618 6
1408 2564 1622 2636 Σωτὴρ,
1656 2563 1731 2636 μὴ
1754 2562 1865 2617 δεῖν

276 2659 632 2730 ἀπόμνυσθαι
671 2658 868 2728 λέγων,
909 2657 1045 2728 μήτε
1075 2657 1134 2710 ὲν
1171 2654 1250 2727 τῷ
1286 2654 1531 2727 οὐρανῷ,
1561 2655 1643 2709 ὅτι
1677 2653 1866 2726 θρόνος

278 2753 399 2807 ἐστὶ
436 2749 575 2805 Θεοῦ
597 2790 612 2814 ,
657 2750 795 2821 μήτε
825 2750 883 2804 ὲν
912 2750 979 2821 τῇ
1023 2750 1095 2819 γῇ
1116 2790 1131 2814 ,
1154 2748 1236 2801 ὅτι
1277 2747 1569 2802 ὑποπόδιόν
1607 2748 1724 2801 ἐστι
1754 2745 1865 2800 τῶν

278 2844 460 2899 ¹ιτοδῶν
499 2842 688 2907 αὐτοῦ,
732 2844 867 2914 μήτε
905 2843 986 2905 είς
1030 2840 1409 2912 Ἱεροσόλυμα,
1450 2841 1532 2895 ὅτι
1573 2838 1728 2904 πόλις
1768 2836 1863 2892 τοῦ

280 2936 523 3009 μεγάλου
570 2933 833 3007 βασιλέως
874 2931 1022 2986 ἐστίν
1045 2948 1059 2962 ·
1099 2929 1137 2985 δ.
1178 2932 1289 3002 γὰρ
1330 2932 1531 2985 ἐκεῖνοι
1571 2929 1864 3002 ληροῦντες

274 3026 541 3097 ἔφασκον,
563 3023 737 3080 ταῦτα
760 3022 1048 3096 χρησίμως
1079 3024 1109 3077 6
1134 3022 1327 3093 Σωτὴρ
1370 3019 1693 3092 ἐφθέγξατο,
1725 3037 1865 3075 παν-

1968 1915 2025 1962 et
2055 1915 2203 1962 terra
2229 1908 2528 1963 scabellum
2558 1907 2759 1978 pedum
2786 1923 3058 1973 meorum,
3086 1907 3154 1962 ad
3176 1907 3418 1963 lubricas
3440 1907 3559 1978 opi-

1967 2000 2165 2056 niones
2189 2001 2549 2067 diverterant,
2577 2008 2636 2056 et
2672 2000 2876 2056 cmlum
2902 1999 2969 2054 ad
2988 1999 3374 2071 jusjurandum
3400 2014 3558 2055 assu-

1968 2093 2213 2160 mebant,
2243 2094 2509 2149 thronum
2562 2092 2699 2148 illud
2722 2091 2972 2148 divinum
2998 2093 3360 2164 appellantes,
3390 2092 3558 2158 simili

1967 2200 2188 2256 quoque
2231 2185 2445 2240 ratione
2488 2191 2714 2250 terram,
2747 2184 2903 2254 quasi
2942 2184 3040 2239 Dei
3098 2184 3336 2255 pedibus
3370 2184 3558 2256 subje-

1972 2283 2151 2343 ctam;
2184 2274 2492 2331 Jerusalem
2520 2283 2806 2345 praterea,
2832 2275 2969 2329 urbs
2995 2274 3143 2329 enim
3180 2283 3286 2341 est,
3312 2274 3557 2340 aiebant,

1966 2369 2227 2427 omnibus
2250 2370 2417 2426 rebus
2448 2370 2786 2425 dominantis
2810 2369 2933 2435 Dei,
2973 2368 3228 2439 quamvis
3264 2369 3440 2424 sancti
3479 2369 3558 2432 illi

1965 2461 2183 2531 priores
2210 2462 2378 2517 verba
2402 2461 2514 2527 illa,
2541 2461 2691 2517 Vivit
2718 2461 3007 2526 Dominus,
3043 2459 3111 2514 ad
3139 2458 3364 2531 jurandi
3396 2474 3559 2513 usum

1966 2554 2413 2624 assumpsissent.
2446 2552 2554 2609 Sed
2592 2551 2912 2609 Judmorum
2940 2550 3324 2607 stultissimam
3346 2550 3559 2622 cogita-

1967 2647 2172 2702 tionem
2206 2646 2539 2717 improbavit
2570 2644 2859 2710 Dominus,
2901 2644 3109 2709 dicens,
3151 2659 3264 2698 non
3299 2649 3560 2714 Oportere

1959 2738 2152 2810 jurare
2170 2753 2353 2808 neque
2385 2754 2484 2809 per
2510 2718 2735 2803 caelum,
2769 2736 2900 2808 quia
2930 2736 3088 2792 sedes
3110 2736 3208 2791 Dei
3230 2747 3350 2803 est;
3374 2749 3559 2805 neque

1966 2847 2069 2901 per
2108 2839 2339 2897 terram,
2377 2830 2509 2901 quia
2531 2831 2834 2887 scabellum
2856 2838 2943 2885 est
2960 2829 3164 2900 pedum
3186 2830 3339 2901 ejus;
3377 2842 3561 2897 neque

1963 2942 2065 2997 per
2090 2924 2547 2996 Hierosolymam,
2580 2924 2713 2995 quia
2750 2923 2948 2979 civitas
2969 2921 3155 2993 magni
3180 2921 3329 2993 regis
3347 2929 3434 2977 est
3464 2920 3509 2953 ³⁸
3542 2940 3557 2976 :

1965 3032 2115 3083 nam,
2149 3031 2273 3087 quae
2299 3015 2379 3070 illi
2405 3022 2677 3087 nugantes
2693 3013 2972 3080 dicebant,
2996 3027 3061 3069 ea
3093 3006 3404 3083 opportune
3437 3011 3560 3068 Sal-

275 3120 420 3190 ταχῆ
454 3117 839 3173 κατάπλαστον
858 3155 873 3182 ,
918 3115 1014 3169 καὶ
1047 3114 1148 3168 οὐκ
1185 3109 1282 3167 οἷδ’
1327 3112 1449 3168 ὃθεν
1497 3112 1862 3186 ἐξευρημένον

1973 3119 2120 3166 vator
2146 3109 2485 3175 enuntiavit,
2513 3109 2721 3180 ubique
2747 3106 3059 3174 conﬁctam,
3094 3114 3152 3162 et
3174 3105 3362 3162 nescio
3379 3104 3559 3161 unde-

280 3209 526 3281 ἐλέγχων
556 3208 740 3263 αὐτῶν
768 3206 831 3261 τὸ
858 3205 918 3260 έν
935 3223 998 3276 γε
1028 3204 1239 3270 τούτοις
1262 3204 1507 3269 εὐλαϐές.
1526 3203 1773 3276 υίχέσθω
1799 3203 1864 3275 δὴ

274 3296 371 3356 οῦν
406 3301 505 3353 καὶ
550 3301 585 3371 ἡ
614 3297 705 3352 ἐπὶ
745 3297 880 3369 τῷδε
916 3296 1203 3368 πλάνησις.
1254 3294 1626 3367 Δεδιδάγμεθα
1664 3295 1774 3368 γὰρ
1805 3297 1866 3350 ὲν

273 3396 397 3456 ταῖς
415 3394 586 3464 ὅρκου
612 3391 849 3463 χρείαις,
876 3389 1103 3463 μηδενὸς
1127 3388 1227 3461 μὲν
1246 3387 1439 3461 ἑτέρου
1460 3385 1866 3459 διαμεμνῆσθαι

276 3486 530 3549 etiame,
571 3483 843 3538 ποιεῖσθαι
863 3484 920 3537 δὲ
952 3483 1154 3555 μᾶλλον
1183 3483 1263 3546 εἰς
1294 3480 1481 3536 πίστιν
1517 3480 1735 3552 ἀσφαλῆ
1771 3479 1867 3533 καὶ

275 3577 582 3647 ἀξιόχρεων
599 3616 614 3640 ,
654 3574 716 3627 τὸ
754 3573 885 3639 Ναὶ,
907 3573 1018 3639 ναὶ,
1054 3570 1150 3625 καὶ
1175 3569 1236 3623 τὸ
1264 3568 1339 3623 Οῦ
1361 3608 1376 3634 ,
1408 3566 1492 3623 οῦ.
1518 3569 1665 3640 Ἔφη
1692 3568 1749 3622 δὲ
1772 3568 1866 3621 καὶ

277 3672 309 3724 6
337 3669 538 3740 νόμος·
585 3687 604 3720 ι
656 3668 720 3720 Εἰ
754 3667 1010 3721 ἀπόλοιτο
1045 3662 1487 3737 παρακαταθήκη
1522 3661 1659 3731 πρός
1697 3679 1864 3726 τινος,

279 3760 522 3832 ὲξαιτοίη
551 3760 607 3813 δὲ
634 3760 663 3813 6
690 3759 814 3823 δοὺς
840 3757 940 3830 τὴν
964 3757 1057 3810 ἐπὶ
1095 3755 1232 3826 τῷδε
1264 3753 1468 3822 πίστιν,
1508 3754 1672 3825 ὅρκος
1714 3753 1865 3807 ἔσται

278 3851 374 3907 τοῦ
404 3850 546 3905 Θεοῦ
572 3849 848 3921 ἀναμέσον
880 3846 1230 3919 ἀμφοτέρων.
1256 3864 1280 3907 ,ι
1311 3844 1425 3899 Καὶ
1461 3842 1740 3915 ἀνθρωττοι
1767 3843 1865 3915 μὲν

282 3943 432 3999 κατά
461 3941 560 3997 τοῦ
594 3940 841 4014 μείζονος
874 3938 1200 4011 ὀμνύουσιν·
1239 3936 1345 4007 ἐφη
1383 3933 1492 4007 γὰρ
1525 3926 1627 3988 ὧδε
1654 3933 1867 3998 Παῦλος

279 4034 414 4106 ἡμῖν
436 4034 466 4087 6
483 4031 647 4102 σοφός
666 4048 680 4062 ο
710 4029 893 4103 μεῖξον
909 4030 967 4083 δὲ
981 4024 1123 4083 εἷναί
1140 4044 1321 4099 φαμεν
1338 4024 1626 4097 ἀνθρώπου
1643 4065 1659 4091 ,
1681 4026 1866 4080 νοοῦν-

282 4143 372 4191 τες
410 4124 610 4198 ὀρθῶς,
651 4125 714 4178 οὐ
741 4123 822 4195 τῷ
871 4122 1091 4195 μεγέθει
1120 4121 1304 4193 τυχὸν,
1346 4120 1515 4192 ῆγουν
1552 4121 1609 4174 ἐν
1652 4120 1867 4175 συνέσει

284 4220 378 4274 καὶ
408 4220 607 4289 σοφίᾳ,
635 4216 729 4270 καὶ
754 4214 882 4287 δόξῃ
916 4212 1294 4279 πλεονεκτοῦν,
1342 4211 1461 4267 ἀλλ’
1506 4212 1583 4276 ὡς
1623 4211 1685 4266 τὸ
1726 4207 1868 4267 εἶναι

283 4309 501 4374 τοιιῖιςδε
534 4308 699 4380 τυχδν
721 4308 901 4379 ἡμῖνη

352 4493 565 4546 ΠΑΛΛ.
594 4492 668 4546 Οὐ
706 4490 932 4561 συνίημι
966 4489 996 4544 δ
1026 4492 1153 4563 φής.

358 4584 526 4639 ΚΥΡ.
559 4584 670 4638 Καὶ
709 4582 852 4655 μὴν,
886 4576 933 4637 ὦ
970 4582 1269 4649 Παλλάδιε,
1298 4582 1506 4654 σαφὴς,
1541 4583 1616 4647 ὣς
1663 4583 1727 4654 γέ
1777 4601 1867 4655 μοι

285 4680 449 4745 δοκεῖ,
497 4679 593 4734 καὶ
631 4675 867 4750 ἐναργὴς
897 4676 926 4729 6
971 4675 1149 4745 λόγος.
1202 4674 1275 4729 Ἦ
1323 4675 1433 4747 γὰρ
1479 4676 1601 4748 οὐχὶ
1647 4677 1869 4748 μεγέθει

284 4772 465 4844 φαμὲν
502 4769 613 4824 τῶν
654 4767 1014 4839 ἀνθρωπίνων
1061 4766 1332 4839 σωμάτων
1359 4767 1658 4837 διενεγκεῖν
1699 4769 1870 4837 ἀσυγο

284 4861 485 4931 κρὶτως
530 4856 704 4914 πολλά
744 4856 857 4914 τῶν
898 4857 1286 4930 πεποιημένων
1306 4898 1321 4924 ,
1370 4859 1464 4912 καὶ
1508 4859 1732 4930 προσέτι
1777 4861 1869 4914 τὸν

281 4953 510 5027 οὐρανόν
530 4969 547 5018 ;

350 5045 562 5099 IIAAA.
591 5041 696 5097 Καὶ
728 5042 894 5097 πάνυ.

354 5133 521 5188 ΚΥΡ.
558 5133 785 5188 Συνέσει
810 5121 874 5187 ’δὲ
907 5133 1003 5187 καὶ
1040 5134 1204 5205 σοφίᾳ
1234 5133 1329 5190 καὶ
1362 5134 1633 5207 ἰσχνότητι
1677 5137 1868 5207 σωμά-

282 5246 412 5293 των,
443 5230 544 5299 οὐχ
570 5227 976 5299 ὑπερφέρουσιν
996 5227 1247 5298 ἀγγελοι;

355 5320 567 5376 IIAAA.
607 5317 1064 5393 ’Υπερφέρουσιν,
1095 5320 1232 5375 ἀλλά
1262 5322 1357 5375 καὶ
1380 5323 1537 5393 τιμῇ.

354 5412 521 5465 ΚΥΡ.
582 5412 944 5485 Λαμπρότητι
1000 5413 1058 5467 δὲ
1103 5414 1201 5468 καὶ
1248 5413 1375 5486 δόξῃ
1409 5417 1473 5486 τῇ
1523 5416 1661 5468 κατά
1714 5414 1872 5483 σῶμά

284 5524 450 5576 φημι»
484 5505 585 5558 οὐκ
619 5505 1021 5579 ἁπαραϐλήτως
1053 5507 1291 5579 ἀμείνων
1324 5506 1472 5578 ἡλίου
1503 5508 1696 5578 φύσις;

290 5590 299 5597 ’
356 5601 570 5656 ΠΑΛΛ.
615 5600 899 5672 Ἀμείνων.

1966 3219 2094 3258 nam
2140 3202 2421 3258 inventam
2461 3202 2518 3257 in
2552 3200 2871 3274 hujusmodi
2912 3200 3081 3255 rebus
3117 3199 3439 3270 religionem
3474 3212 3562 3252 ar-

1965 3316 2136 3373 guere
2190 3300 2400 3355 volens.
2443 3297 2605 3354 Absit
2663 3297 2832 3369 igitur
2866 3296 3033 3352 etiam
3081 3294 3141 3349 in
3185 3291 3458 3364 ejusmodi
3500 3306 3561 3345 re

1965 3394 2155 3449 error!
2182 3392 2486 3448 Didicimus
2505 3390 2789 3456 enim,uhi
2802 3388 3100 3461 jurandum
3130 3386 3224 3449 sit,
3252 3384 3390 3439 nihil
3409 3382 3559 3444 aliud

1966 3480 2398 3543 commemorare
2418 3498 2681 3554 unquam,
2699 3481 2795 3537 sed
2819 3478 3003 3551 potius
3027 3477 3097 3533 ad
3130 3475 3296 3532 fidem
3321 3475 3557 3537 ﬁrmam.

1966 3588 2284 3649 certamque
2314 3575 2620 3632 faciendam
2641 3574 2722 3630 uti
2750 3574 2862 3629 illis
2890 3570 3099 3637 verbis,
3129 3569 3246 3634 Est,
3281 3574 3388 3633 est,
3415 3566 3557 3631 Non,

1965 3689 2099 3728 non.
2135 3673 2281 3728 Dixit
2302 3672 2469 3727 etiam
2525 3671 2616 3726 lex
2650 3688 2663 3723 :
2697 3687 2716 3722 ι
2748 3668 2805 3725 Si
2838 3666 3118 3739 perditum
3142 3663 3311 3719 fuerit
3336 3660 3560 3732 deposi-

1966 3775 2082 3821 tum
2128 3764 2198 3820 ab
2241 3763 2449 3834 aliquo,
2506 3761 2861 3834 exegeritque
2892 3759 2989 3830 qui
3024 3756 3199 3823 dedit,
3237 3754 3295 3809 in
3326 3770 3392 3808 ea
3412 3768 3471 3808 re
3494 3750 3561 3805 ﬁ-

1967 3856 2114 3921 dem,
2151 3852 2537 3926 jusjurandum
2591 3850 2690 3906 Dei
2742 3849 2852 3905 erit
2890 3847 3037 3902 inter
3087 3850 3386 3912 utrumque
3428 3839 3493 3892 ".
3536 3858 3554 3891 ι

1966 3948 2146 4017 Atque
2174 3944 2430 4001 homines
2465 3943 2691 4013 quidem
2714 3956 2813 4012 per
2838 3936 3080 4008 id,quod
3115 3935 3294 4005 majus
3328 3938 3434 3995 est,
3467 3929 3561 4000 ju-

1968 4046 2096 4094 rant
2113 4031 2156 4063 ³⁷
2171 4031 2737 4106 (sicenimPaulusille
2753 4031 2973 4101 sapiens
2996 4025 3156 4096 dixit)
3179 4024 3356 4094 majus
3376 4028 3558 4076 autem

1966 4144 2089 4185 esse
2144 4125 2389 4189 homine,
2452 4133 2602 4177 recte
2668 4120 2927 4182 dicimus,
2982 4131 3095 4170 non
3153 4113 3229 4179 id,
3260 4110 3406 4183 quod
3441 4125 3560 4165 ma-

1968 4219 2256 4293 gnitudine
2294 4217 2548 4279 fortasse,
2588 4220 2685 4267 aut
2725 4218 2877 4267 certe
2913 4206 3184 4279 sapientia
3220 4213 3386 4276 atque
3424 4219 3560 4293 pru-

1970 4291 2155 4367 dentia
2207 4314 2265 4363 et
2306 4303 2480 4379 gloria
2521 4301 2697 4358 vincit
2738 4318 2751 4353 :
2792 4298 2892 4354 sed
2950 4295 3101 4368 quod
3160 4301 3275 4351 tota
3321 4291 3561 4350 essentia

1973 4403 2080 4459 tale
2113 4401 2205 4455 sit.

1896 4464 1950 4526 Β
2047 4491 2244 4550 PALL.
2271 4488 2428 4558 Quod
2453 4486 2616 4552 dicis,
2646 4498 2845 4556 parum
2876 4478 3143 4550 intelligo.

2045 4588 2202 4645 ΟΥΕ.
2243 4584 2432 4655 Atqui,
2477 4579 2716 4644 Palladi,
2763 4582 2952 4647 aperta
2989 4580 3093 4637 est,
3134 4578 3196 4625 ut
3268 4566 3405 4622 mihi
3434 4565 3562 4638 qui-

1976 4683 2103 4738 dem
2122 4680 2365 4743 videtur,
2387 4683 2445 4731 et
2473 4671 2703 4731 evidens
2733 4668 2933 4727 oratio.
2959 4664 3154 4721 Nonne
3173 4661 3321 4719 enim
3346 4658 3560 4731 magni-

1978 4774 2169 4832 tudine
2212 4767 2455 4827 fatemur
2486 4766 2680 4829 multa,
2717 4777 2840 4834 qua:
2890 4758 3108 4815 condita
3144 4755 3275 4819 sint,
3306 4749 3563 4808 humanis

1978 4864 2306 4937 corporibus
2342 4863 2504 4931 longe
2538 4863 2825 4929 praestare,
2858 4860 2917 4908 et
2954 4851 3010 4905 in
3039 4848 3125 4905 his
3153 4844 3392 4903 calum?

2047 4952 2214 5027 214
2233 4950 2432 5007 PALL.
2462 4948 2529 5003 Et
2554 4945 2779 5017 quidem
2806 4942 3063 4999 maxime.

2047 5048 2204 5107 ΟΥΕ.
2254 5041 2553 5100 Prudentia
2580 5054 2714 5095 vero
2756 5052 2823 5092 ac
2855 5034 3147 5106 sapientia,
3178 5044 3235 5089 et
3259 5029 3563 5087 subtilitate

1975 5154 2269 5211 corporum
2296 5150 2479 5191 nonne
2503 5130 2680 5204 angeli
2713 5126 3072 5201 prazcellunt?

2046 5234 2243 5291 PALL.
2272 5228 2620 5293 Praecellunt,
2647 5224 2815 5280 etiam
2849 5222 3081 5278 honore.

2030 5322 2185 5377 CYR.
2215 5317 2323 5373 Sed
2364 5325 2419 5372 et
2458 5324 2724 5385 praeterea
2765 5308 3058 5381 splendore
3104 5323 3169 5362 ac
3208 5305 3401 5377 gloria,
3440 5319 3560 5373 qua:

1970 5417 2038 5471 ad
2066 5429 2266 5484 corpus
2289 5410 2552 5482 pertinet,
2592 5420 2774 5463 nonne
2809 5401 2999 5459 multis
3024 5399 3276 5471 partibus
3300 5404 3383 5453 est
3427 5393 3564 5449 solis

1971 5518 2166 5564 natura
2194 5500 2579 5576 prmstantior?

2044 5595 2241 5651 [ιλιι.
2270 5594 2485 5647 Fateor.

348 5781 405 5821 ~“
442 5780 527 5836 lsa
584 5796 727 5848 ml,
754 5781 805 5836 1.
880 5783 924 5815 ³³
952 5779 1143 5838 Matth.
1164 5796 1217 5848 ν,
1245 5779 1335 5846 ὖί,
1355 5780 1444 5835 55.
1526 5778 1569 5810 ⁸⁶
1601 5776 1771 5846 Exod.
1801 5794 1865 5833 xx

1985 5776 2038 5841 Ο,
2072 5773 2126 5827 ιι
2231 5771 2271 5802 ³⁷
2301 5767 2438 5824 ileb.
2465 5780 2539 5831 vr,
2571 5764 2652 5821 ιο.
