3990 6196
442 277 546 334 475

1464 276 1521 332 S.
1562 275 1840 333 CYRILIJ
1883 276 2351 332 ALEXANDle
2390 275 2711 334 ARCHIEP.

3608 280 3709 338 ιτσ

509 391 667 449 CYR.
705 391 951 450 Eﬁicitur
983 408 1150 465 ergo,
1172 393 1290 450 haec
1318 393 1532 466 singula
1551 435 1566 462 ,
1590 394 1636 450 si
1668 410 1739 451 ex
1774 409 1839 451 ea
1869 402 2024 467 parte

2200 394 2364 448 ΚΥΡ.
2407 394 2647 467 Ι’Δραρεν
2686 389 2815 459 οὖν,
2853 395 2937 449 ὃτι
2987 393 3192 449 τούτων
3225 384 3460 451 ἔκαστον
3502 393 3614 470 εχοι
3642 398 3714 453 ἀν

441 498 549 554 qua
583 483 870 555 superiora
913 491 1041 539 nata
1086 493 1236 550 sunt,
1280 484 1569 542 nobiscum
1613 494 2021 557 comparentur,

444 575 646 630 habere
691 575 814 644 jure
857 573 1066 644 optimo
1107 577 1509 647 praestantiam;
1540 594 1674 633 num
1704 578 1871 649 igitur
1908 578 2026 633 haec

441 665 509 718 ad
543 662 905 734 jurisjurandi
945 681 1106 721 usum
1137 682 1502 734 assumemus,
1541 669 1751 740 Deique
1780 684 2024 724 comme-

443 758 805 812 morationem
832 766 1091 830 tanquam
1119 775 1515 831 supervacuam
1538 761 1896 834 abjicicmus?

512 849 709 906 PALL.
739 852 902 907 Nullo
930 852 1114 907 modo.

513 940 670 997 CYR.
711 942 808 998 Est
848 944 1014 1016 igitur
1045 959 1410 1014 consequens,
1443 956 1505 1001 ut
1532 945 1608 1012 id,
1649 943 1795 1016 quod
1829 955 2027 1003 natura

442 1035 697 1106 superius
729 1043 814 1090 est
840 1076 853 1098 ,
892 1043 948 1090 et
986 1038 1247 1092 universa
1298 1039 1551 1094 essentia:
1600 1039 1813 1096 ratione
1859 1041 2028 1097 rebus

442 1123 681 1180 conditis
731 1125 1041 1191 antecellit,
1082 1125 1140 1180 id
1179 1134 1297 1194 est,
1344 1128 1539 1196 Deum,
1584 1130 1750 1185 etiam
1802 1130 2027 1187 homine

445 1216 620 1287 majus
656 1231 777 1271 esse
807 1217 1073 1272 dicamus.

513 1306 711 1362 PALL.
750 1307 918 1363 Recte
940 1308 1042 1364 ais.
1855 1352 1873 1368 .

513 1397 670 1454 (ΠΒ.
725 1400 975 1456 Habeant
1024 1403 1191 1474 igitur
1232 1402 1352 1458 haec
1396 1403 1585 1469 verba,
1623 1404 1741 1469 Est,
1787 1412 1843 1459 ct
1884 1403 2027 1469 Non,

443 1491 590 1559 apud
626 1506 722 1546 eos
742 1500 912 1559 certe,
951 1494 1047 1564 qui
1096 1495 1362 1565 optimam
1400 1496 1529 1551 vita:
1560 1495 1831 1552 rationem
1872 1496 2031 1551 insti-

444 1592 694 1650 tuerunt,
734 1584 916 1640 locum
953 1601 1018 1642 ac
1058 1587 1170 1642 vim
1202 1589 1602 1660 jurisjurandi,
1645 1605 1710 1645 ac
1747 1601 1897 1645 recte
1939 1588 2033 1644 ﬁr-

443 1683 666 1730 mentur
695 1692 708 1728 :
735 1691 864 1731 nam
890 1677 966 1731 ita
990 1685 1275 1747 sequetur,
1301 1691 1363 1734 ut
1399 1678 1537 1735 ﬁdes
1583 1679 1690 1737 illis
1736 1680 2026 1736 habeatur.

442 1763 598 1831 Quod
626 1764 673 1820 si
703 1764 821 1821 haec
843 1765 1106 1837 loquendi
1126 1767 1321 1833 forma,
1347 1769 1464 1834 Est,
1490 1778 1547 1823 et
1570 1770 1715 1835 Non,
1746 1770 1815 1825 ab
1844 1770 2029 1840 aliquo

446 1864 854 1922 contemnatur,
881 1865 997 1912 tum
1024 1857 1263 1928 denique
1298 1860 1660 1931 jurisjurandi
1697 1875 1832 1917 usus
1868 1862 1936 1917 ad
1974 1862 2030 1917 id

445 1956 756 2014 revocetur,
790 1948 938 2018 quod
970 1957 1055 2005 est
1083 1950 1262 2015 nobis,
1288 1951 1401 2006 imo
1429 1968 1563 2011 vero
1591 1954 1848 2010 universa
1872 1970 2028 2011 crea-

447 2048 570 2093 tura
622 2039 819 2110 majus.
854 2039 993 2094 Nam
1028 2041 1097 2097 de
1127 2041 1472 2113 blasphemia
1511 2044 1737 2115 quidem
1767 2046 1900 2117 quid
1944 2056 2033 2102 at-

447 2128 587 2184 tinet
630 2128 838 2195 dicere,
877 2146 1095 2206 quaque
1146 2132 1204 2187 in
1246 2148 1307 2188 re
1348 2143 1623 2203 versetur,
1662 2145 1719 2192 et
1773 2136 1841 2192 ad
1867 2153 2033 2209 quam

446 2219 746 2288 perniciem
769 2236 885 2287 eos,
903 2225 1000 2293 qui
1023 2223 1141 2299 ipsa
1164 2224 1245 2278 uti
1277 2235 1704 2293 consueverunt,
1731 2228 2034 2299 perducat?

445 2326 611 2380 quam
653 2320 711 2367 et
751 2314 949 2369 acerba
975 2298 1151 2370 morte
1186 2316 1276 2372 lex
1317 2319 1659 2375 multandam
1694 2298 1933 2388 censuit,
1976 2330 2033 2377 et

448 2401 565 2472 ipse
587 2402 840 2461 Christus
865 2422 1084 2478 quoque
1109 2408 1521 2466 inevitabilibus
1541 2412 1875 2483 aeternisque
1902 2428 2033 2483 sup-

447 2495 629 2563 pliciis
671 2496 953 2554 damnavit
983 2518 995 2553 :
1031 2518 1050 2552 ι
1082 2499 1188 2567 Qui
1216 2502 1365 2556 enim
1397 2502 1599 2558 dixerit
1624 2504 1858 2559 verbum
1890 2520 2028 2560 con-

448 2596 532 2642 tra
572 2587 772 2644 Filium
801 2590 1060 2657 hominis,
1089 2591 1402 2649 dimittetur
1422 2594 1475 2650 ei
1501 2613 1513 2648 :
1542 2595 1637 2665 qui
1672 2604 1858 2651 autem
1882 2595 2035 2651 dixe-

447 2679 523 2734 rit
597 2692 789 2740 contra
831 2683 1099 2754 Spiritum
1158 2695 1433 2753 sanctum,
1481 2704 1594 2743 non
1627 2689 1941 2745 remittetur
1981 2690 2034 2744 ei

447 2788 627 2843 neque
648 2775 705 2830 in
740 2774 846 2830 hoc
868 2776 1090 2841 saeculo,
1113 2793 1294 2849 neque
1318 2780 1373 2834 in
1398 2779 1583 2836 futuro
1609 2780 1674 2835 ³⁸,
1712 2801 1730 2833 ι
1766 2780 2035 2852 Spiritum

447 2880 653 2921 vocans
698 2872 955 2921 naturam
1000 2866 1148 2922 illam
1201 2884 1434 2940 corpore
1487 2872 1830 2942 superiorem
1858 2916 1873 2941 ,
1911 2890 2036 2945 qua:

447 2956 594 3013 Deus
637 2965 742 3023 est,
800 2957 857 3013 in
923 2974 1090 3029 quem
1135 2958 1181 3015 si
1244 2961 1370 3031 quis
1414 2961 1743 3018 eﬁ‘renatam
1790 2965 2034 3037 linguam

447 3049 631 3105 laxare
663 3065 833 3105 ausus
857 3048 1046 3115 fuerit,
1076 3060 1246 3109 metet
1271 3053 1692 3124 intemperantis
1720 3054 2034 3116 dicacitatis
2060 3094 2103 3152 ο

2128 484 2355 550 εἰκότως
2378 484 2455 549 ὡς
2482 485 2621 558 πρὸς
2646 487 2680 556 ή
2690 486 2800 557 μᾶς
2825 484 2886 539 τὸ
2919 484 3278 558 ὑπερτεροῦν,
3305 486 3427 541 καθ’
3448 486 3478 540 6
3496 487 3710 557 πέφυκε

2128 577 2305 648 νικᾷν.
2348 576 2552 648 Ὄρκια
2603 575 2667 647 δὴ
2714 569 2808 630 οὖν
2844 576 3002 630 ταυτὶ
3032 577 3406 650 ποιησόμεθα,
3443 580 3711 652 παρέντες

2127 667 2203 731 ὡς
2233 667 2510 739 περιττὸν,
2547 666 2610 721 τὸ
2641 667 3049 740 διαμεμνῆσθαι
3072 667 3240 739 Θεοῦ;

2190 851 2404 905 ΠΑΛΛ.
2444 848 2732 920 Οὐδαμῶς.

2200 942 2365 996 ΚΥΡ.
2405 941 2621 994 Ἔοικεν
2662 935 2755 994 οῦν
2793 940 2903 1014 ἀρα
2933 941 2995 995 τὸ
3029 940 3170 995 κατά
3213 941 3374 1011 φύσιν
3416 942 3713 1014 ὕπερτενὶς

2127 1034 2224 1088 καὶ
2258 1033 2365 1105 ὅλῳ
2396 1032 2474 1105 τῷ
2517 1029 2657 1086 εἶναι
2688 1033 2797 1087 τῶν
2832 1032 3218 1104 πεποιημένων
3252 1034 3528 1103 διενεγκδν
3548 1076 3563 1101 ,
3590 1051 3718 1091 του-

2127 1125 2299 1191 τέστι,
2328 1125 2482 1194 Θεὸν,
2511 1126 2607 1180 καί
2634 1124 2922 1197 ἀνθρώπου
2955 1127 3140 1198 μεῖζον
3172 1128 3368 1181 εἰπεῖν.

2194 1305 2405 1360 ΠΑΛΛ.
2447 1299 2520 1360 Εὖ
2553 1304 2755 1375 λέγεις.

2199 1397 2362 1451 ΚΥΡ.
2391 1397 2573 1451 Ἔστω
2591 1395 2883 1468 τοιγαροῦν
2908 1396 2968 1451 τὸ
2992 1396 3122 1464 Ναὶ,
3143 1398 3238 1451 καί⁴
3266 1397 3327 1452 τὸ
3351 1396 3449 1463 Oi),
3473 1398 3629 1468 παρά
3649 1414 3717 1467 γε

2129 1492 2243 1553 τοῖς
2274 1488 2471 1561 ἄριστα
2518 1489 2667 1558 βιοῦν
2710 1488 3046 1561 ᾑρημένοις,
3100 1490 3265 1563 ὅρκου
3312 1490 3472 1562 χρεία
3517 1507 3578 1543 τε
3616 1490 3718 1545 καὶ

2110 1579 2359 1651 ,δύναμις
2379 1620 2395 1643 ,
2443 1579 2539 1634 καὶ
2566 1579 2927 1651 διαπεπήχθω
2952 1579 3159 1652 ὀρθῶς⁶
3192 1580 3383 1652 ἕψεται
3414 1580 3522 1652 γάρ
3567 1580 3719 1635 οῦτω

2134 1674 2228 1727 καὶ
2256 1672 2319 1725 τὸ
2348 1672 2698 1728 πιστεύεσθαι
2722 1673 2852 1728 δεῖν.
2882 1673 2944 1727 Εἰ
2970 1672 3026 1727 δὲ
3056 1673 3379 1745 ἀτιμάζοιτο
3406 1674 3543 1745 πρός
3566 1691 3720 1739 τινος

2130 1764 2192 1819 τὸ
2224 1765 2334 1818 Ναὶ
2362 1765 2456 1820 καὶ
2483 1765 2544 1818 τὸ
2571 1764 2669 1830 Οὓ,
2698 1765 2807 1820 τῶν
2835 1766 3014 1836 ὅρκων
3040 1767 3073 1838 ή
3103 1766 3263 1838 χρεία
3290 1765 3579 1839 τετράφθω
3601 1766 3720 1819 λοι-

2131 1857 2233 1910 πδν
2270 1858 2362 1911 ἐπὶ
2400 1857 2464 1912 τὸ
2498 1856 2683 1929 μεῖζον
2716 1856 2750 1928 ἢ
2795 1857 2915 1910 καθ’
2944 1858 3092 1929 ἡμᾶς
3113 1897 3127 1920 ,
3177 1857 3376 1928 μᾶλλον
3409 1857 3466 1911 δὲ
3498 1858 3530 1929 ἦ
3571 1856 3723 1912 κατά

2132 1948 2313 2001 πᾶσαν
2344 1946 2442 2019 τὴν
2472 1946 2670 2002 κτίσιν.
2713 1946 3038 2018 Δυσφημίαν
3062 1947 3138 2012 δὲ,
3168 1947 3222 2000 τί
3247 1946 3313 2001 ἂν
3344 1947 3563 2018 λέγοιμι
3599 1947 3721 2001 λοι-

2133 2039 2255 2104 πὸν,
2282 2039 2404 2093 ὅποι
2434 2040 2496 2093 τὲ
2532 2041 2671 2103 ἐστι,
2698 2041 2793 2093 καὶ
2820 2039 2889 2092 ἶν’
2916 2038 3168 2112 ἀποφέρῃ
3211 2039 3384 2092 κακοῦ
3416 2038 3543 2102 τοὺς
3572 2038 3721 2109 αὐτῇ

2132 2136 2469 2208 χρωμένους,
2518 2135 2585 2206 ήν
2612 2134 2828 2205 θανάτῳ
2866 2134 2964 2206 μὲν
3003 2133 3185 2207 πικρῷ
3219 2135 3313 2189 καὶ
3347 2136 3377 2187 6
3422 2132 3590 2186 πάλαι
3630 2150 3724 2187 τι-

2137 2230 2304 2299 μᾶται
2335 2228 2518 2298 νόμος.
2555 2226 2963 2281 Καταδεδίκακε
2994 2225 3050 2279 δὲ
3080 2225 3175 2279 καὶ
3206 2224 3370 2289 αὐτὸς
3400 2224 3429 2278 6
3458 2223 3737 2296 Χριστὸς..

2134 2319 2399 2389 ἀφύκτοις
2431 2336 2492 2373 τε
2523 2319 2620 2373 καὶ
2646 2318 3029 2389 ἀτελευτήτοις
3054 2320 3246 2382 κακοῖς
3265 2333 3283 2351 ⁸
3320 2337 3339 2369 ‹
3382 2319 3476 2381 ’ος
3504 2316 3616 2388 γὰρ
3650 2315 3729 2371 ἂν

2134 2411 2264 2484 εἴπῃ
2292 2412 2451 2480 λόγον
2474 2410 2616 2465 κατὰ
2643 2410 2738 2465 τοῦ
2773 2410 2904 2466 Υίοῦ
2929 2409 3025 2464 τοῦ
3050 2408 3357 2483 ἀνθρώπου,
3383 2409 3726 2482 ἀφεθήσεται

2134 2503 2315 2575 αὐτῷ·
2346 2501 2405 2567 ὃς
2437 2501 2482 2556 δ’
2515 2501 2581 2557 ἂν
2612 2503 2741 2576 εῐπῃ
2774 2501 2916 2556 κατὰ
2938 2500 3032 2556 τοῦ
3070 2500 3389 2571 Πνεῦματος
3410 2498 3504 2553 τοῦ
3534 2500 3726 2568 ἁγίου,

2133 2594 2235 2648 οὐκ
2265 2594 2597 2665 ἀφεθήσεται
2652 2592 2845 2663 αὐτῷ,
2878 2591 3003 2647 οὔτε
3039 2592 3098 2645 ὲν
3129 2590 3207 2664 τῷ
3240 2590 3335 2646 νῦν
3363 2590 3553 2656 αἰῶνι,
3590 2589 3727 2644 οὔτε

2135 2688 2195 2740 ὲν
2230 2685 2309 2757 τῷ
2356 2685 2625 2758 μέλλοντι.
2683 2704 2701 2737 ι
2760 2685 2987 2756 Πνεῦμα
3033 2684 3207 2753 λέγων
3239 2683 3337 2755 τὴν
3371 2684 3510 2756 ὑπὲρ
3558 2682 3728 2753 σῶμα

2136 2774 2298 2845 φύσιν
2319 2816 2333 2841 ,
2366 2776 2505 2847 ὅπερ
2545 2775 2663 2828 ἐστὶ
2694 2774 2858 2840 Θεὸς,
2907 2767 2952 2842 ᾧ
2983 2771 3081 2844 τήν
3114 2771 3364 2840 γλῶτταν
3391 2769 3649 2855 ἀχάλινον
3693 2769 3728 2822 ό

2138 2868 2431 2937 ἐπαφεῖναι
2462 2866 2699 2937 τολμῶν,
2748 2868 2875 2930 τοῦς
2900 2866 3000 2937 τῆς
3048 2863 3448 2936 ἀθυροστομίας
3479 2861 3727 2932 ἐκθεριεῖ

2136 2960 2404 3030 καρπούς.
2455 2979 2474 3014 ι
2512 2960 2680 3031 Χείλη
2717 2959 2826 3031 γάρ
2859 2958 3126 3030 ἄφρονος,
3166 2954 3594 3025 ἀγουσιν“αὐτδν
3639 2955 3727 3019 εἰς

2136 3050 2302 3117 κακά,
2335 3049 2518 3114 καθὼς
2536 3051 2871 3121 γέγραπται.
2899 3048 2973 3104 Τδ
2994 3049 3169 3120 στόμα
3185 3048 3241 3102 δὲ
3270 3046 3436 3101 αὐτοῦ
3463 3046 3525 3101 τὸ
3543 3045 3725 3117 θρασὺ

448 3140 683 3198 fructus.
721 3161 739 3194 ‹
769 3142 939 3199 Labia
975 3145 1124 3200 enim
1159 3147 1473 3218 insipientis
1498 3149 1787 3219 impellunt
1810 3168 1937 3208 eum
1961 3153 2031 3210 ad

2140 3142 2368 3198 θάνατον
2402 3143 2774 3198 ἐπικαλεῖται.
2814 3160 2834 3193 ›
2881 3141 3173 3211 Τοιγάρτοι
3222 3139 3319 3193 καὶ
3367 3142 3395 3194 6
3432 3138 3725 3202 θεσπέσιος

448 3231 611 3297 mala,
664 3232 808 3288 sicut
861 3234 1126 3305 scriptum
1178 3243 1293 3303 est;
1350 3252 1413 3292 os
1455 3244 1639 3292 autem
1687 3239 1808 3310 ejus
1853 3240 2033 3294 audax

449 3332 681 3378 mortem
706 3324 942 3381 invocat.
964 3325 1009 3358 "
1040 3345 1059 3378 ι
1093 3327 1285 3398 Itaque
1303 3329 1469 3382 etiam
1495 3325 1716 3383 divinus
1749 3327 1842 3384 ille
1879 3328 2033 3383 Psal-

449 3431 665 3471 Inorum
709 3426 922 3482 cantor,
949 3416 1170 3473 dicebat
1212 3436 1225 3473 :
1275 3438 1295 3471 ι
1329 3418 1500 3485 Pone,
1548 3419 1801 3484 Domine,
1844 3427 2034 3475 custo-

448 3506 596 3563 diam
623 3508 706 3564 ori
732 3523 878 3574 meo,
900 3517 958 3565 et
982 3510 1184 3566 ostium
1208 3511 1637 3567 circumstantia;
1658 3511 1821 3567 labiis
1853 3512 1991 3567 meis
2018 3528 2033 3566 :

449 3614 520 3653 ne
564 3598 809 3653 declines
842 3614 939 3653 cor
978 3614 1163 3655 meum
1212 3599 1269 3655 in
1303 3599 1474 3655 verba
1500 3600 1725 3655 malitiae
1749 3599 1814 3655 “’.
1854 3620 1873 3652 ι
1910 3600 2037 3657 Haec

2134 3232 2341 3305 ἔφασκε
2370 3233 2642 3304 Μελῳδός·
2681 3254 2699 3286 ι
2726 3231 2853 3299 Θοῦ,
2885 3231 3081 3303 Κύριε,
3110 3230 3358 3303 φυλακὴν
3382 3228 3461 3301 τῷ
3489 3228 3733 3299 στόματί

2140 3343 2241 3398 μου
2264 3367 2277 3389 ,
2310 3326 2405 3379 καὶ
2456 3324 2627 3398 θύραν
2674 3326 2941 3397 περιοχῆς
2981 3324 3110 3396 περὶ
3146 3322 3215 3377 τὰ
3266 3321 3419 3393 χείλη
3464 3335 3604 3392 μου⁶
3643 3320 3727 3392 μὴ

2135 3418 2393 3490 ἐκκλίνῃς
2436 3418 2536 3490 τὴν
2585 3417 2814 3490 καρδίαν
2863 3433 2964 3489 μου
3002 3417 3083 3481 εἰς
3125 3416 3320 3486 λόγους
3357 3413 3644 3485 πονηρίας.
3704 3432 3724 3465 ι

2137 3507 2263 3565 Εἶεν
2298 3509 2341 3563 δ’
2377 3511 2442 3565 ἂν
2473 3505 2623 3564 οὗτοι
2645 3550 2662 3575 ,
2708 3509 2852 3565 κατά
2893 3508 3031 3563 Θεοῦ
3062 3509 3157 3564 καὶ
3195 3509 3294 3580 τῆς
3334 3508 3577 3580 ἀρρήτου
3629 3506 3731 3560 καὶ

2139 3602 2419 3673 ἀκηράτου
2455 3602 2670 3672 φύσεως
2702 3601 3040 3673 ἀνοσιωτάτη
3077 3600 3342 3672 καταϐοή.

449 3700 635 3749 autem
657 3692 825 3747 verba
848 3701 997 3758 sunt,
1024 3701 1084 3748 ut
1108 3693 1328 3763 opinor,
1358 3692 1541 3765 impia:
1566 3694 1834 3751 adversus
1884 3694 2062 3750 Deum
2096 3703 2153 3752 et
2194 3696 2342 3751 illam
2382 3696 2721 3753 ineffabilem
2756 3696 3244 3769 incorruptamque
3279 3701 3533 3749 naturam
3591 3709 3729 3763 quc—

452 3784 599 3840 rclze.

523 3874 720 3931 PALL.
760 3874 992 3947 Oportet
1030 3877 1218 3950 igitur,
1265 3878 1362 3950 qui
1410 3888 1563 3936 recto
1587 3880 1785 3938 itinere
1809 3897 2040 3955 pergere

453 3968 571 4023 sine
597 3967 711 4024 ulla
729 3968 905 4038 culpa:
922 3967 1045 4025 labe
1073 3969 1438 4037 contendunt,
1462 3987 1559 4028 eos
1582 3972 1724 4028 bene
1748 3972 2040 4029 conﬁrma-

454 4071 539 4115 tos
587 4074 748 4127 esse,
790 4070 848 4117 et
887 4061 1183 4132 ejusmodi,
1234 4071 1297 4119 ut
1341 4064 1518 4121 Deum
1552 4065 1837 4123 oﬁ‘endere
1882 4067 2037 4122 nullo

454 4151 620 4207 modo
644 4153 973 4210 sustineant.

2217 3880 2425 3935 ΠΑΛΛ.
2462 3880 2553 3932 Δεῖ
2584 3879 2649 3951 δὴ
2678 3877 2774 3933 οὖν
2813 3878 2922 3951 ἄρα
2951 3877 3323 3952 διερηρεῖσθαι
3359 3876 3563 3943 καλῶς,
3598 3879 3729 3943 τοὺς

2142 3975 2280 4029 ἰέναι
2331 3972 2430 4044 μὲν
2484 3972 2802 4044 ἀμωμήτως
2840 3972 2940 4043 τήν
2994 3972 3081 4025 ἐπ’
3114 3970 3242 4026 εὐθὺ
3298 3970 3726 4037 σπουδάζοντας,

2138 4064 2257 4137 Θεῷ
2285 4064 2353 4119 δὲι
2383 4063 2748 4136 προσκρούειν
2777 4064 2880 4117 οὐκ
2911 4064 3293 4135 ἀνεχομένους.

525 4242 683 4334 CYB.
711 4244 790 4299 Ita
815 4247 1012 4302 sentio.
1033 4247 1172 4303 Nam
1204 4248 1469 4307 adversus
1489 4266 1607 4317 eos,
1636 4251 1735 4323 qui
1756 4250 1825 4307 ad
1858 4251 2032 4308 Deum

2212 4249 2378 4305 ΚΥΡ.
2412 4247 2571 4302 Οὕτω
2599 4244 2764 4318 φημί.
2808 4243 2953 4317 Πρὸς
2980 4244 3090 4316 γάρ
3118 4260 3202 4298 τοι
3241 4244 3367 4308 τοὺς
3400 4243 3727 4316 προσιόντας

454 4333 726 4391 accedunt
744 4349 856 4390 non
878 4351 1011 4393 sano
1032 4338 1219 4405 corde,
1246 4340 1342 4396 scd
1366 4340 1538 4396 dubio
1563 4348 1729 4412 atque
1750 4349 2034 4412 corrupto,

458 4425 604 4494 quod
632 4433 689 4480 et
713 4420 910 4484 natura
936 4443 1037 4485 sua
1061 4429 1223 4499 215
1250 4431 1588 4486 imbecillum
1615 4431 1707 4497 sit,
1732 4441 1789 4488 et
1817 4432 1884 4487 ad
1917 4433 2036 4488 rui-

455 4532 582 4575 nam
616 4516 773 4574 facile
812 4518 1146 4589 impellatur,
1185 4521 1457 4590 propheta
1496 4522 1783 4591 loquitur:
1820 4542 1838 4574 ι
1883 4522 2035 4590 Quo-

454 4624 631 4679 tisque
675 4608 1057 4664 claudicabitis
1120 4617 1355 4679 utroque
1412 4611 1619 4682 poplite
1665 4612 1891 4667 vestro?
1939 4621 2037 4669 aut

455 4700 582 4756 Tlaal
606 4701 757 4767 Baal,
784 4709 880 4757 aut
904 4702 1016 4757 Deo
1055 4702 1168 4757 Deo
1194 4702 1233 4733 “
1272 4720 1289 4753 ι
1327 4702 1465 4759 Nam
1496 4718 1677 4775 neque
1703 4704 1759 4759 in
1787 4703 1895 4761 ﬁde
1919 4721 2037 4761 om-

454 4795 589 4853 nino
610 4808 807 4849 sanum
849 4808 1003 4859 esse,
1043 4809 1226 4865 neque
1268 4810 1462 4851 rursus
1507 4796 1563 4852 in
1608 4813 1799 4853 errore
1843 4798 2032 4865 ﬁxum,

455 4890 691 4952 utroque
737 4882 1045 4939 claudicare
1088 4890 1195 4951 est,
1233 4883 1290 4941 id
1327 4900 1482 4951 vero,
1514 4894 1571 4943 et
1610 4887 1667 4942 in
1700 4896 1932 4959 utraque
1976 4904 2035 4943 re

456 4972 834 5030 sinceritatem
880 4976 1203 5046 corrumpit.
1251 4975 1608 5035 Occasionem
1653 4995 1823 5051 porro
1870 4980 2036 5053 hujus

456 5059 596 5121 adeo
638 5062 870 5120 inﬁrma:
918 5066 1234 5137 fragilisque
1279 5074 1481 5129 mentis
1535 5071 1867 5143 quibusdam
1912 5088 2034 5129 esse

455 5158 610 5223 puto,
628 5152 776 5221 quod
802 5168 913 5208 non
938 5170 1090 5222 vero,
1118 5157 1215 5212 sed
1241 5160 1478 5216 conﬁcto
1512 5177 1699 5217 amore
1740 5164 1912 5218 Deum
1952 5162 2035 5217 di-

455 5242 652 5315 ligunt,
676 5257 741 5297 ac
762 5244 1024 5302 simulant
1039 5249 1261 5319 quidem
1280 5267 1337 5307 se
1360 5252 1704 5309 Christianos
1725 5270 1846 5313 esse
1869 5256 2030 5322 velle;

454 5351 565 5393 non
598 5344 780 5392 tamen
824 5338 881 5394 id
904 5356 972 5395 ex
1004 5349 1120 5397 toto
1161 5344 1327 5400 corde
1373 5343 1613 5409 faciunt,
1659 5363 1838 5418 neque
1885 5348 2033 5418 quod

454 5426 704 5484 veritatis
747 5432 1053 5488 reverentia
1111 5434 1164 5489 in
1203 5450 1323 5491 eam
1362 5438 1694 5493 sententiam
1738 5438 2031 5505 ducantur,

455 5523 551 5573 aut
585 5518 660 5582 id,
696 5520 841 5589 quod
879 5531 1086 5578 rectum
1124 5534 1226 5591 est,
1263 5529 1445 5599 magni
1470 5528 1707 5596 faciant;
1751 5530 1846 5586 scd
1886 5531 2033 5602 quod

531 5700 577 5731 ³⁸
600 5701 789 5759 Matth.
820 5724 910 5775 xu,
953 5709 1040 5761 52.

2139 4340 2258 4412 Θεῷ
2291 4339 2366 4411 μὴ
2402 4337 2463 4403 ἐξ
2501 4335 2691 4407 ὑγιοῦς
2727 4335 2984 4407 καρδίας,
3019 4336 3135 4390 ἀλλ’
3178 4337 3423 4392 ὑπόπτου
3456 4337 3549 4391 καὶ
3589 4355 3730 4410 παρ-

2140 4430 2521 4503 εφθαρμένης,
2553 4427 2649 4483 καὶ
2693 4428 3000 4500 ἀρρωστεῖν
3028 4427 3293 4500 ἑλομένης
3321 4427 3383 4482 τὸ
3421 4427 3617 4484 ἀναλκί
3660 4445 3726 4482 τε

2138 4524 2232 4579 καὶ
2260 4522 2681 4577 εὐκατάσειστον
2699 4560 2716 4587 ,
2738 4520 2768 4574 6
2793 4519 3084 4591 προφήτης
3107 4518 3274 4591 φησίν
3296 4536 3309 4552 ·
3350 4538 3369 4572 ι
3407 4518 3554 4584 Ἕως
3590 4519 3726 4573 πότε

2137 4617 2429 4691 χωλανεῖτε
2451 4614 2537 4668 ἐπ’
2555 4611 2898 4685 ἀμφοτέραις
2924 4614 3047 4677 ταῖς
3070 4612 3285 4682 ἰγνύαις
3307 4611 3483 4683 ὑμῶν,
3501 4612 3536 4684 ἦ
3551 4612 3724 4677 Βάαλ,

2139 4707 2305 4772 Βάαλ,
2336 4707 2371 4778 ἢ
2405 4704 2527 4777 Θεῷ
2552 4703 2695 4775 Θεῷ;
2732 4721 2752 4755 ›
2784 4703 2858 4758 Τὸ
2892 4702 3005 4775 γάρ
3049 4704 3187 4775 μήτε
3227 4704 3366 4775 πρὸς
3394 4704 3577 4758 πίστιν
3611 4705 3728 4758 εἰσ-

2135 4801 2281 4856 άπαν
2321 4797 2505 4869 ὑγιὲς,
2556 4799 2692 4870 μήτε
2738 4795 2847 4869 μήν
2908 4796 2990 4859 εἰς
3037 4795 3308 4866 πλάνησιν
3346 4794 3724 4866 διαπεπῆχθαι

2138 4890 2333 4961 φιλεῖν,
2372 4889 2460 4943 ἐπ’
2496 4887 2665 4959 ἄμφω
2687 4904 2749 4940 τε
2775 4883 3037 4957 χωλεύειν
3077 4886 3229 4953 ἐστὶ,
3256 4886 3352 4940 καὶ
3383 4884 3511 4956 μήν,
3541 4884 3603 4937 τὸ
3637 4886 3726 4953 ἐφ’

2137 4979 2383 5050 ἑκατέρῳ
2413 4975 2771 5046 καταφθείρει
2791 4976 3033 5046 γνήσιον.
3057 4975 3340 5046 Πρόφασις
3364 4975 3422 5028 δὲ
3451 4968 3552 5046 τῆς
3579 4974 3726 5029 οῦτω

2142 5067 2347 5141 σαθρᾶς
2386 5068 2481 5122 καὶ
2511 5065 2898 5121 εὐδιακλάστου
2926 5067 3153 5138 γνώμης
3189 5067 3388 5137 γένοιτ’
3420 5067 3509 5133 ἂν,
3544 5063 3723 5139 οἶμαι,

2143 5160 2255 5216 τισὶ
2282 5159 2343 5214 τὸ
2366 5157 2747 5213 κατάπλαστον
2773 5157 3044 5213 ποιεῖσθαι
3068 5159 3163 5213 καὶ
3186 5160 3286 5213 οὐκ
3309 5160 3479 5232 ἀληθῆ
3510 5162 3612 5231 τὴν
3645 5162 3724 5224 εἰς

2140 5254 2273 5308 Θεὸν
2319 5251 2617 5323 ἀγάπησιν,
2645 5250 2741 5306 καὶ
2784 5250 3173 5321 ὑποκρίνεσθαι
3230 5253 3331 5325 μὲν
3375 5253 3435 5307 τὸ
3485 5271 3725 5326 χριστια-

2141 5349 2305 5414 νίζειν
2336 5345 2640 5418 βούλεσθαι,
2667 5344 2743 5416 μὴ
2770 5343 2879 5417 μὴν
2903 5344 2964 5410 ἐξ
2986 5345 3115 5417 ὅλης
3135 5346 3363 5418 καρδίας
3382 5345 3545 5400 τοῦτο
3566 5346 3718 5417 δρᾷν,

2144 5441 2280 5511 μήτε
2313 5438 2419 5511 μὴν
2448 5437 2585 5491 αἰδοῖ
2619 5439 2686 5507 τῇ
2728 5437 2864 5507 πρὸς
2892 5438 2953 5491 τὸ
2987 5439 3184 5509 ἀληθὲς
3209 5437 3719 5508 ἀνα-πεπεισμένους

2141 5533 2233 5584 καὶ
2274 5530 2640 5600 τετιμηκότας
2670 5527 2729 5580 τὸ
2756 5527 2877 5599 ἕχον
2910 5528 3114 5599 ὀρθῶςσ
3152 5529 3266 5583 ἀλλ’
3292 5528 3323 5585 ἦ
3366 5526 3719 5600 θηρωμένους

1122 5712 1164 5747 ³⁸
1203 5712 1361 5765 Prov.
1397 5728 1544 5776 xvm,
1577 5715 1630 5779 6,
1662 5714 1711 5770 7.
1786 5715 1829 5746 ⁸ο
1863 5715 2004 5771 Psal.

2140 5716 2234 5785 ,5,
2262 5716 2311 5770 4.
2385 5718 2425 5756 δ’
2464 5717 2528 5773 Ill
2572 5719 2705 5791 Reg.
2734 5733 2882 5785 xvm,
2906 5715 2993 5771 2i.
