  <div class='ocr_page' id='page_1' title='image "/cluster/home/n/w/nwhite01/storage/ocr_20150623/68/hvd.32044073501975/244.png"; bbox 0 0 3990 6196; ppageno 0'>
   <div class='ocr_carea' id='block_1_1' title="bbox 255 275 352 331">
    <p class='ocr_par' dir='ltr' id='par_1_1' title="bbox 255 275 352 331">
     <span class='ocr_line' id='line_1_1' title="bbox 255 275 352 331; baseline -0.041 0"><span class='ocrx_word' id='word_1_1' title='bbox 255 275 352 331; x_wconf 73' lang='grc' dir='ltr'><strong>ιπ</strong></span> 
     </span>
    </p>
   </div>
   <div class='ocr_carea' id='block_1_2' title="bbox 972 267 2788 330">
    <p class='ocr_par' dir='ltr' id='par_1_2' title="bbox 972 267 2788 330">
     <span class='ocr_line' id='line_1_2' title="bbox 972 267 2788 330; baseline -0.004 -2"><span class='ocrx_word' id='word_1_2' title='bbox 972 273 1060 329; x_wconf 89' lang='lat' dir='ltr'><strong>DE</strong></span> <span class='ocrx_word' id='word_1_3' title='bbox 1098 271 1538 330; x_wconf 81' lang='lat' dir='ltr'><strong>ADORATIONE</strong></span> <span class='ocrx_word' id='word_1_4' title='bbox 1576 271 1644 327; x_wconf 78' lang='grc' dir='ltr'><strong>ΙΝ</strong></span> <span class='ocrx_word' id='word_1_5' title='bbox 1688 267 1957 326; x_wconf 83' lang='lat' dir='ltr'><strong>SPIRITU</strong></span> <span class='ocrx_word' id='word_1_6' title='bbox 1993 271 2072 325; x_wconf 86' lang='lat' dir='ltr'><strong>E&#39;I</strong></span> <span class='ocrx_word' id='word_1_7' title='bbox 2118 269 2489 326; x_wconf 76' lang='lat' dir='ltr'><strong>VERITATE.</strong></span> <span class='ocrx_word' id='word_1_8' title='bbox 2531 269 2656 324; x_wconf 85' lang='lat' dir='ltr'><strong>LIB.</strong></span> <span class='ocrx_word' id='word_1_9' title='bbox 2702 268 2788 322; x_wconf 77' lang='lat' dir='ltr'><strong>Vl.</strong></span> 
     </span>
    </p>
   </div>
   <div class='ocr_carea' id='block_1_3' title="bbox 3417 271 3522 328">
    <p class='ocr_par' dir='ltr' id='par_1_3' title="bbox 3417 271 3522 328">
     <span class='ocr_line' id='line_1_3' title="bbox 3417 271 3522 328; baseline 0.019 -3"><span class='ocrx_word' id='word_1_10' title='bbox 3417 271 3522 328; x_wconf 68' lang='grc'><strong>478</strong></span> 
     </span>
    </p>
   </div>
   <div class='ocr_carea' id='block_1_4' title="bbox 249 377 1844 459">
    <p class='ocr_par' dir='ltr' id='par_1_4' title="bbox 249 384 1836 459">
     <span class='ocr_line' id='line_1_4' title="bbox 249 384 1836 459; baseline -0.001 -21"><span class='ocrx_word' id='word_1_11' title='bbox 249 394 310 438; x_wconf 68' lang='grc' dir='ltr'><strong>τὸ</strong></span> <span class='ocrx_word' id='word_1_12' title='bbox 344 385 529 455; x_wconf 74' lang='grc' dir='ltr'>σφίσιν</span> <span class='ocrx_word' id='word_1_13' title='bbox 551 385 731 449; x_wconf 75' lang='grc' dir='ltr'>αὐτοῖς</span> <span class='ocrx_word' id='word_1_14' title='bbox 769 386 890 441; x_wconf 86' lang='grc' dir='ltr'>καθ’</span> <span class='ocrx_word' id='word_1_15' title='bbox 924 387 1138 459; x_wconf 76' lang='grc' dir='ltr'>ἡδονὴν,</span> <span class='ocrx_word' id='word_1_16' title='bbox 1169 388 1202 459; x_wconf 81' lang='grc' dir='ltr'>ἦ</span> <span class='ocrx_word' id='word_1_17' title='bbox 1235 386 1480 441; x_wconf 78' lang='grc' dir='ltr'><strong>κινδύνου</strong></span> <span class='ocrx_word' id='word_1_18' title='bbox 1514 384 1707 456; x_wconf 79' lang='grc' dir='ltr'>φόϐον,</span> <span class='ocrx_word' id='word_1_19' title='bbox 1743 384 1836 439; x_wconf 79' lang='grc' dir='ltr'>καὶ</span> 
     </span>
    </p>
   </div>
   <div class='ocr_carea' id='block_1_5' title="bbox 1947 377 3526 459">
    <p class='ocr_par' dir='ltr' id='par_1_5' title="bbox 1947 377 3526 454">
     <span class='ocr_line' id='line_1_5' title="bbox 1947 377 3526 454; baseline -0.003 -16"><span class='ocrx_word' id='word_1_20' title='bbox 1947 393 2032 439; x_wconf 69' lang='lat' dir='ltr'><strong>aut</strong></span> <span class='ocrx_word' id='word_1_21' title='bbox 2054 384 2414 454; x_wconf 68' lang='lat' dir='ltr'><strong>cupiditatem</strong></span> <span class='ocrx_word' id='word_1_22' title='bbox 2449 399 2602 439; x_wconf 87' lang='lat' dir='ltr'><strong>suam</strong></span> <span class='ocrx_word' id='word_1_23' title='bbox 2629 384 2994 451; x_wconf 76' lang='lat' dir='ltr'><strong>aucupentur,</strong></span> <span class='ocrx_word' id='word_1_24' title='bbox 3021 386 3116 434; x_wconf 90' lang='lat' dir='ltr'><strong>aut</strong></span> <span class='ocrx_word' id='word_1_25' title='bbox 3147 377 3380 448; x_wconf 77' lang='lat' dir='ltr'><strong>periculi</strong></span> <span class='ocrx_word' id='word_1_26' title='bbox 3406 395 3526 435; x_wconf 86' lang='lat' dir='ltr'><strong>mc-</strong></span> 
     </span>
    </p>
   </div>
   <div class='ocr_carea' id='block_1_6' title="bbox 249 473 1838 546">
    <p class='ocr_par' dir='ltr' id='par_1_6' title="bbox 249 473 1838 546">
     <span class='ocr_line' id='line_1_6' title="bbox 249 473 1838 546; baseline -0.001 -19"><span class='ocrx_word' id='word_1_27' title='bbox 249 474 594 545; x_wconf 81' lang='grc' dir='ltr'>δυσημερίας</span> <span class='ocrx_word' id='word_1_28' title='bbox 639 475 841 545; x_wconf 83' lang='grc' dir='ltr'><strong>ἀγρίαν</strong></span> <span class='ocrx_word' id='word_1_29' title='bbox 883 476 1070 544; x_wconf 76' lang='grc' dir='ltr'>ἔφοδον</span> <span class='ocrx_word' id='word_1_30' title='bbox 1121 477 1285 530; x_wconf 77' lang='grc' dir='ltr'>οἱονεὶ</span> <span class='ocrx_word' id='word_1_31' title='bbox 1333 473 1838 546; x_wconf 81' lang='grc' dir='ltr'>καταγοητεύοντας</span> 
     </span>
    </p>
   </div>
   <div class='ocr_carea' id='block_1_7' title="bbox 249 564 1838 636">
    <p class='ocr_par' dir='ltr' id='par_1_7' title="bbox 249 564 1838 636">
     <span class='ocr_line' id='line_1_7' title="bbox 249 564 1838 636; baseline 0.001 -20"><span class='ocrx_word' id='word_1_32' title='bbox 249 569 317 636; x_wconf 77' lang='grc' dir='ltr'>τῇ</span> <span class='ocrx_word' id='word_1_33' title='bbox 349 565 530 618; x_wconf 84' lang='grc' dir='ltr'>πίστει</span> <span class='ocrx_word' id='word_1_34' title='bbox 571 564 1031 635; x_wconf 80' lang='grc' dir='ltr'><strong>προσεληλυθέναι</strong></span> <span class='ocrx_word' id='word_1_35' title='bbox 1057 567 1254 632; x_wconf 84' lang='grc' dir='ltr'><strong>δοκεῖν,</strong></span> <span class='ocrx_word' id='word_1_36' title='bbox 1286 566 1374 620; x_wconf 85' lang='grc' dir='ltr'><strong>ἴνα</strong></span> <span class='ocrx_word' id='word_1_37' title='bbox 1400 567 1632 629; x_wconf 78' lang='grc' dir='ltr'>πολλοῦς</span> <span class='ocrx_word' id='word_1_38' title='bbox 1664 565 1838 635; x_wconf 82' lang='grc' dir='ltr'>ἔχοιεν</span> 
     </span>
    </p>
   </div>
   <div class='ocr_carea' id='block_1_8' title="bbox 249 657 1837 731">
    <p class='ocr_par' dir='ltr' id='par_1_8' title="bbox 249 657 1837 731">
     <span class='ocr_line' id='line_1_8' title="bbox 249 657 1837 731; baseline 0.001 -22"><span class='ocrx_word' id='word_1_39' title='bbox 249 660 380 720; x_wconf 75' lang='grc' dir='ltr'>τοὺς</span> <span class='ocrx_word' id='word_1_40' title='bbox 407 657 690 712; x_wconf 86' lang='grc' dir='ltr'>συναθλεῖν</span> <span class='ocrx_word' id='word_1_41' title='bbox 721 658 1057 730; x_wconf 77' lang='grc' dir='ltr'><strong>ᾑρημένους,</strong></span> <span class='ocrx_word' id='word_1_42' title='bbox 1088 661 1182 716; x_wconf 76' lang='grc' dir='ltr'><strong>καὶ</strong></span> <span class='ocrx_word' id='word_1_43' title='bbox 1210 659 1310 731; x_wconf 84' lang='grc' dir='ltr'><strong>τὴν</strong></span> <span class='ocrx_word' id='word_1_44' title='bbox 1339 659 1546 714; x_wconf 86' lang='grc' dir='ltr'>οἰκείαν</span> <span class='ocrx_word' id='word_1_45' title='bbox 1573 657 1837 722; x_wconf 76' lang='grc' dir='ltr'>δανείζειν</span> 
     </span>
    </p>
   </div>
   <div class='ocr_carea' id='block_1_9' title="bbox 249 747 1838 820">
    <p class='ocr_par' dir='ltr' id='par_1_9' title="bbox 249 747 1838 820">
     <span class='ocr_line' id='line_1_9' title="bbox 249 747 1838 820; baseline 0 -20"><span class='ocrx_word' id='word_1_46' title='bbox 249 749 532 818; x_wconf 75' lang='grc' dir='ltr'>φροντίδα.</span> <span class='ocrx_word' id='word_1_47' title='bbox 582 749 720 802; x_wconf 82' lang='grc' dir='ltr'>Ἀλλ’</span> <span class='ocrx_word' id='word_1_48' title='bbox 747 749 948 820; x_wconf 81' lang='grc' dir='ltr'>ὲσχάτη</span> <span class='ocrx_word' id='word_1_49' title='bbox 992 752 1105 813; x_wconf 87' lang='grc' dir='ltr'>τοῖς</span> <span class='ocrx_word' id='word_1_50' title='bbox 1133 751 1396 813; x_wconf 72' lang='grc' dir='ltr'>τοιούτοις</span> <span class='ocrx_word' id='word_1_51' title='bbox 1425 747 1838 818; x_wconf 75' lang='grc' dir='ltr'>ἁπονεμηθήσε-</span> 
     </span>
    </p>
   </div>
   <div class='ocr_carea' id='block_1_10' title="bbox 245 837 1833 910">
    <p class='ocr_par' dir='ltr' id='par_1_10' title="bbox 245 837 1833 910">
     <span class='ocr_line' id='line_1_10' title="bbox 245 837 1833 910; baseline 0.001 -22"><span class='ocrx_word' id='word_1_52' title='bbox 245 855 338 889; x_wconf 90' lang='grc' dir='ltr'><strong>ται</strong></span> <span class='ocrx_word' id='word_1_53' title='bbox 371 837 614 906; x_wconf 69' lang='grc' dir='ltr'>φροντὶς,</span> <span class='ocrx_word' id='word_1_54' title='bbox 661 838 755 890; x_wconf 71' lang='grc' dir='ltr'><strong>καὶ</strong></span> <span class='ocrx_word' id='word_1_55' title='bbox 790 840 847 890; x_wconf 78' lang='grc' dir='ltr'>ἐν</span> <span class='ocrx_word' id='word_1_56' title='bbox 878 842 989 902; x_wconf 82' lang='grc' dir='ltr'>τοῖς</span> <span class='ocrx_word' id='word_1_57' title='bbox 1029 840 1109 892; x_wconf 85' lang='grc' dir='ltr'><strong>ὃτι</strong></span> <span class='ocrx_word' id='word_1_58' title='bbox 1150 839 1386 910; x_wconf 70' lang='grc' dir='ltr'>μάλιστα</span> <span class='ocrx_word' id='word_1_59' title='bbox 1415 837 1833 907; x_wconf 75' lang='grc' dir='ltr'>καταϐεϐλημέ-</span> 
     </span>
    </p>
   </div>
   <div class='ocr_carea' id='block_1_11' title="bbox 246 927 1839 1001">
    <p class='ocr_par' dir='ltr' id='par_1_11' title="bbox 246 927 1839 1001">
     <span class='ocr_line' id='line_1_11' title="bbox 246 927 1839 1001; baseline 0 -21"><span class='ocrx_word' id='word_1_60' title='bbox 246 945 365 990; x_wconf 70' lang='lat' dir='ltr'><strong>vat;</strong></span> <span class='ocrx_word' id='word_1_61' title='bbox 396 929 424 978; x_wconf 85' lang='grc' dir='ltr'>ὁ</span> <span class='ocrx_word' id='word_1_62' title='bbox 454 927 650 997; x_wconf 84' lang='grc' dir='ltr'>κλῆρος</span> <span class='ocrx_word' id='word_1_63' title='bbox 669 968 684 991; x_wconf 97' lang='grc'><strong>,</strong></span> <span class='ocrx_word' id='word_1_64' title='bbox 712 927 1027 998; x_wconf 81' lang='grc' dir='ltr'>ἀτιμότατοί</span> <span class='ocrx_word' id='word_1_65' title='bbox 1057 947 1114 982; x_wconf 86' lang='grc' dir='ltr'><strong>τε</strong></span> <span class='ocrx_word' id='word_1_66' title='bbox 1154 931 1247 983; x_wconf 73' lang='grc' dir='ltr'><strong>καὶ</strong></span> <span class='ocrx_word' id='word_1_67' title='bbox 1295 929 1697 1001; x_wconf 72' lang='grc' dir='ltr'>ἀπερριμμένοι</span> <span class='ocrx_word' id='word_1_68' title='bbox 1747 929 1839 980; x_wconf 65' lang='grc' dir='ltr'><strong>καλ⁵</strong></span> 
     </span>
    </p>
   </div>
   <div class='ocr_carea' id='block_1_12' title="bbox 247 1020 1838 1094">
    <p class='ocr_par' dir='ltr' id='par_1_12' title="bbox 247 1020 1838 1094">
     <span class='ocr_line' id='line_1_12' title="bbox 247 1020 1838 1094; baseline 0.003 -22"><span class='ocrx_word' id='word_1_69' title='bbox 247 1021 411 1088; x_wconf 85' lang='grc' dir='ltr'>μόλις</span> <span class='ocrx_word' id='word_1_70' title='bbox 453 1020 934 1090; x_wconf 85' lang='grc' dir='ltr'>ἀποκερδαίνοντες</span> <span class='ocrx_word' id='word_1_71' title='bbox 966 1022 1027 1073; x_wconf 83' lang='grc' dir='ltr'><strong>τὸ</strong></span> <span class='ocrx_word' id='word_1_72' title='bbox 1061 1021 1342 1086; x_wconf 77' lang='grc' dir='ltr'>ἀξιοῦσθαι</span> <span class='ocrx_word' id='word_1_73' title='bbox 1365 1023 1532 1094; x_wconf 79' lang='grc' dir='ltr'>ζωῆς,</span> <span class='ocrx_word' id='word_1_74' title='bbox 1567 1023 1744 1076; x_wconf 80' lang='grc' dir='ltr'>ἁλοῖεν</span> <span class='ocrx_word' id='word_1_75' title='bbox 1772 1021 1838 1076; x_wconf 84' lang='grc' dir='ltr'><strong>ἂν</strong></span> 
     </span>
    </p>
   </div>
   <div class='ocr_carea' id='block_1_13' title="bbox 243 1110 1840 1184">
    <p class='ocr_par' dir='ltr' id='par_1_13' title="bbox 243 1110 1840 1184">
     <span class='ocr_line' id='line_1_13' title="bbox 243 1110 1840 1184; baseline 0.004 -24"><span class='ocrx_word' id='word_1_76' title='bbox 243 1111 389 1162; x_wconf 79' lang='grc' dir='ltr'>Θεοῦ</span> <span class='ocrx_word' id='word_1_77' title='bbox 428 1110 815 1180; x_wconf 63' lang='grc' dir='ltr'>βασανίζοντος</span> <span class='ocrx_word' id='word_1_78' title='bbox 860 1112 929 1164; x_wconf 77' lang='grc' dir='ltr'><strong>τὰ</strong></span> <span class='ocrx_word' id='word_1_79' title='bbox 973 1115 1030 1166; x_wconf 85' lang='grc' dir='ltr'><strong>ἐν</strong></span> <span class='ocrx_word' id='word_1_80' title='bbox 1061 1114 1194 1184; x_wconf 81' lang='grc' dir='ltr'>ἡμῖν</span> <span class='ocrx_word' id='word_1_81' title='bbox 1223 1114 1619 1184; x_wconf 87' lang='grc' dir='ltr'>κεκρυμμένα·</span> <span class='ocrx_word' id='word_1_82' title='bbox 1665 1113 1840 1167; x_wconf 83' lang='grc' dir='ltr'>ὁποῖοί</span> 
     </span>
    </p>
   </div>
   <div class='ocr_carea' id='block_1_14' title="bbox 244 1199 1840 1276">
    <p class='ocr_par' dir='ltr' id='par_1_14' title="bbox 244 1199 1840 1276">
     <span class='ocr_line' id='line_1_14' title="bbox 244 1199 1840 1276; baseline 0.001 -22"><span class='ocrx_word' id='word_1_83' title='bbox 244 1219 400 1265; x_wconf 86' lang='grc' dir='ltr'>τινες</span> <span class='ocrx_word' id='word_1_84' title='bbox 428 1199 569 1272; x_wconf 77' lang='grc' dir='ltr'>ἦσαν</span> <span class='ocrx_word' id='word_1_85' title='bbox 594 1204 640 1255; x_wconf 85' lang='grc' dir='ltr'><strong>οἰ</strong></span> <span class='ocrx_word' id='word_1_86' title='bbox 670 1202 776 1255; x_wconf 82' lang='grc' dir='ltr'><strong>ἀπὸ</strong></span> <span class='ocrx_word' id='word_1_87' title='bbox 802 1202 1046 1260; x_wconf 81' lang='grc' dir='ltr'>Γαϐαών.</span> <span class='ocrx_word' id='word_1_88' title='bbox 1076 1206 1576 1276; x_wconf 81' lang='grc' dir='ltr'>ΙΙροσκεχωρήκασι</span> <span class='ocrx_word' id='word_1_89' title='bbox 1602 1204 1700 1275; x_wconf 80' lang='grc' dir='ltr'><strong>μὲν</strong></span> <span class='ocrx_word' id='word_1_90' title='bbox 1733 1204 1840 1276; x_wconf 76' lang='grc' dir='ltr'><strong>γὰρ</strong></span> 
     </span>
    </p>
   </div>
   <div class='ocr_carea' id='block_1_15' title="bbox 244 1295 1840 1367">
    <p class='ocr_par' dir='ltr' id='par_1_15' title="bbox 244 1295 1840 1367">
     <span class='ocr_line' id='line_1_15' title="bbox 244 1295 1840 1367; baseline 0.001 -20"><span class='ocrx_word' id='word_1_91' title='bbox 244 1295 325 1365; x_wconf 80' lang='grc' dir='ltr'><strong>τῷ</strong></span> <span class='ocrx_word' id='word_1_92' title='bbox 371 1295 549 1364; x_wconf 86' lang='grc' dir='ltr'>Ἰησοῦ</span> <span class='ocrx_word' id='word_1_93' title='bbox 595 1313 742 1356; x_wconf 87' lang='grc' dir='ltr'>ποτε,</span> <span class='ocrx_word' id='word_1_94' title='bbox 783 1295 983 1366; x_wconf 77' lang='grc' dir='ltr'>καὶτῷ</span> <span class='ocrx_word' id='word_1_95' title='bbox 1014 1296 1128 1366; x_wconf 83' lang='grc' dir='ltr'><strong>λαῷ</strong></span> <span class='ocrx_word' id='word_1_96' title='bbox 1157 1296 1251 1350; x_wconf 88' lang='grc' dir='ltr'><strong>τοῦ</strong></span> <span class='ocrx_word' id='word_1_97' title='bbox 1286 1296 1419 1352; x_wconf 89' lang='grc' dir='ltr'>Θεοῦ</span> <span class='ocrx_word' id='word_1_98' title='bbox 1462 1296 1840 1367; x_wconf 86' lang='grc' dir='ltr'>προσοικειοῦ-</span> 
     </span>
    </p>
   </div>
   <div class='ocr_carea' id='block_1_16' title="bbox 249 1385 1841 1458">
    <p class='ocr_par' dir='ltr' id='par_1_16' title="bbox 249 1385 1841 1458">
     <span class='ocr_line' id='line_1_16' title="bbox 249 1385 1841 1458; baseline 0 -20"><span class='ocrx_word' id='word_1_99' title='bbox 249 1387 382 1440; x_wconf 84' lang='grc' dir='ltr'>σθαι</span> <span class='ocrx_word' id='word_1_100' title='bbox 423 1386 545 1438; x_wconf 88' lang='grc' dir='ltr'>λίαν</span> <span class='ocrx_word' id='word_1_101' title='bbox 585 1385 969 1456; x_wconf 76' lang='grc' dir='ltr'>ἐξελιπάρουν·</span> <span class='ocrx_word' id='word_1_102' title='bbox 1007 1387 1145 1458; x_wconf 78' lang='grc' dir='ltr'>πλὴν</span> <span class='ocrx_word' id='word_1_103' title='bbox 1176 1387 1276 1441; x_wconf 78' lang='grc' dir='ltr'><strong>οὐκ</strong></span> <span class='ocrx_word' id='word_1_104' title='bbox 1308 1387 1650 1458; x_wconf 80' lang='grc' dir='ltr'>ἁκακουργὸν</span> <span class='ocrx_word' id='word_1_105' title='bbox 1689 1388 1841 1438; x_wconf 79' lang='grc' dir='ltr'>ἐποι-</span> 
     </span>
    </p>
   </div>
   <div class='ocr_carea' id='block_1_17' title="bbox 247 1476 1842 1550">
    <p class='ocr_par' dir='ltr' id='par_1_17' title="bbox 247 1476 1842 1550">
     <span class='ocr_line' id='line_1_17' title="bbox 247 1476 1842 1550; baseline -0.001 -20"><span class='ocrx_word' id='word_1_106' title='bbox 247 1478 412 1530; x_wconf 81' lang='grc' dir='ltr'>οῦντο</span> <span class='ocrx_word' id='word_1_107' title='bbox 468 1476 567 1547; x_wconf 82' lang='grc' dir='ltr'><strong>τὴν</strong></span> <span class='ocrx_word' id='word_1_108' title='bbox 633 1477 1004 1550; x_wconf 80' lang='grc' dir='ltr'>προσδρομὴν,</span> <span class='ocrx_word' id='word_1_109' title='bbox 1059 1476 1182 1530; x_wconf 67' lang='grc' dir='ltr'>οὔτε</span> <span class='ocrx_word' id='word_1_110' title='bbox 1241 1477 1346 1549; x_wconf 84' lang='grc' dir='ltr'><strong>μὴν</strong></span> <span class='ocrx_word' id='word_1_111' title='bbox 1403 1476 1582 1546; x_wconf 83' lang='grc' dir='ltr'>ἁπλῆν</span> <span class='ocrx_word' id='word_1_112' title='bbox 1631 1493 1690 1529; x_wconf 85' lang='grc' dir='ltr'><strong>τε</strong></span> <span class='ocrx_word' id='word_1_113' title='bbox 1746 1476 1842 1529; x_wconf 73' lang='grc' dir='ltr'><strong>καὶ</strong></span> 
     </span>
    </p>
   </div>
   <div class='ocr_carea' id='block_1_18' title="bbox 248 1565 1840 1637">
    <p class='ocr_par' dir='ltr' id='par_1_18' title="bbox 248 1565 1840 1637">
     <span class='ocr_line' id='line_1_18' title="bbox 248 1565 1840 1637; baseline 0 -19"><span class='ocrx_word' id='word_1_114' title='bbox 248 1566 662 1635; x_wconf 74' lang='grc' dir='ltr'>ἀκαπήλευτον,</span> <span class='ocrx_word' id='word_1_115' title='bbox 693 1567 787 1621; x_wconf 74' lang='grc' dir='ltr'><strong>καὶ</strong></span> <span class='ocrx_word' id='word_1_116' title='bbox 809 1566 881 1630; x_wconf 87' lang='grc' dir='ltr'>ὠς</span> <span class='ocrx_word' id='word_1_117' title='bbox 914 1565 973 1631; x_wconf 78' lang='grc' dir='ltr'>ἐξ</span> <span class='ocrx_word' id='word_1_118' title='bbox 1001 1567 1224 1636; x_wconf 81' lang='grc' dir='ltr'><strong>ἀγάπης</strong></span> <span class='ocrx_word' id='word_1_119' title='bbox 1250 1568 1348 1637; x_wconf 82' lang='grc' dir='ltr'><strong>τῆς</strong></span> <span class='ocrx_word' id='word_1_120' title='bbox 1382 1567 1516 1636; x_wconf 82' lang='grc' dir='ltr'>πρὸς</span> <span class='ocrx_word' id='word_1_121' title='bbox 1545 1566 1700 1632; x_wconf 85' lang='grc' dir='ltr'>Θεὸν,</span> <span class='ocrx_word' id='word_1_122' title='bbox 1726 1566 1840 1619; x_wconf 84' lang='grc' dir='ltr'>ἀλλ’</span> 
     </span>
    </p>
   </div>
   <div class='ocr_carea' id='block_1_19' title="bbox 249 1658 1839 1732">
    <p class='ocr_par' dir='ltr' id='par_1_19' title="bbox 249 1658 1839 1732">
     <span class='ocr_line' id='line_1_19' title="bbox 249 1658 1839 1732; baseline 0 -20"><span class='ocrx_word' id='word_1_123' title='bbox 249 1663 309 1712; x_wconf 86' lang='grc' dir='ltr'>ὲν</span> <span class='ocrx_word' id='word_1_124' title='bbox 341 1659 633 1732; x_wconf 79' lang='grc' dir='ltr'>ὑποκρίσει</span> <span class='ocrx_word' id='word_1_125' title='bbox 663 1660 758 1712; x_wconf 74' lang='grc' dir='ltr'><strong>καὶ</strong></span> <span class='ocrx_word' id='word_1_126' title='bbox 789 1659 946 1730; x_wconf 86' lang='grc' dir='ltr'>δόλῳ.</span> <span class='ocrx_word' id='word_1_127' title='bbox 979 1659 1088 1712; x_wconf 70' lang='grc' dir='ltr'>Καὶ</span> <span class='ocrx_word' id='word_1_128' title='bbox 1115 1658 1359 1712; x_wconf 75' lang='grc' dir='ltr'>διέλαθον</span> <span class='ocrx_word' id='word_1_129' title='bbox 1400 1659 1498 1728; x_wconf 83' lang='grc' dir='ltr'><strong>μὲν</strong></span> <span class='ocrx_word' id='word_1_130' title='bbox 1531 1659 1588 1712; x_wconf 78' lang='grc' dir='ltr'><strong>ἐν</strong></span> <span class='ocrx_word' id='word_1_131' title='bbox 1621 1659 1839 1729; x_wconf 88' lang='grc' dir='ltr'>ἀρχαῖς.</span> 
     </span>
    </p>
   </div>
   <div class='ocr_carea' id='block_1_20' title="bbox 262 1733 1918 1823">
    <p class='ocr_par' dir='ltr' id='par_1_20' title="bbox 262 1733 1918 1823">
     <span class='ocr_line' id='line_1_20' title="bbox 262 1733 1918 1823; baseline 0.001 -20"><span class='ocrx_word' id='word_1_132' title='bbox 262 1751 492 1822; x_wconf 78' lang='grc' dir='ltr'>Ἐπειδὴ</span> <span class='ocrx_word' id='word_1_133' title='bbox 517 1751 574 1805; x_wconf 81' lang='grc' dir='ltr'>δὲ</span> <span class='ocrx_word' id='word_1_134' title='bbox 602 1751 776 1821; x_wconf 88' lang='grc' dir='ltr'>πικρά</span> <span class='ocrx_word' id='word_1_135' title='bbox 805 1750 1042 1820; x_wconf 83' lang='grc' dir='ltr'>δρῶντες</span> <span class='ocrx_word' id='word_1_136' title='bbox 1073 1749 1378 1821; x_wconf 80' lang='grc' dir='ltr'>ἡλίσκοντο,</span> <span class='ocrx_word' id='word_1_137' title='bbox 1407 1751 1500 1805; x_wconf 76' lang='grc' dir='ltr'><strong>καὶ</strong></span> <span class='ocrx_word' id='word_1_138' title='bbox 1529 1752 1846 1823; x_wconf 84' lang='grc' dir='ltr'>κατεφωρά-</span> <span class='ocrx_word' id='word_1_139' title='bbox 1874 1733 1918 1792; x_wconf 77' lang='grc' dir='ltr'><strong>Β</strong></span> 
     </span>
    </p>
   </div>
   <div class='ocr_carea' id='block_1_21' title="bbox 247 1839 1846 1914">
    <p class='ocr_par' dir='ltr' id='par_1_21' title="bbox 247 1839 1846 1914">
     <span class='ocr_line' id='line_1_21' title="bbox 247 1839 1846 1914; baseline -0.001 -19"><span class='ocrx_word' id='word_1_140' title='bbox 247 1843 431 1914; x_wconf 82' lang='grc' dir='ltr'>θησαν</span> <span class='ocrx_word' id='word_1_141' title='bbox 452 1842 703 1895; x_wconf 87' lang='grc' dir='ltr'>κακόνοοί</span> <span class='ocrx_word' id='word_1_142' title='bbox 728 1858 786 1893; x_wconf 82' lang='grc' dir='ltr'><strong>τε</strong></span> <span class='ocrx_word' id='word_1_143' title='bbox 811 1840 904 1894; x_wconf 74' lang='grc' dir='ltr'><strong>καὶ</strong></span> <span class='ocrx_word' id='word_1_144' title='bbox 921 1839 1355 1911; x_wconf 84' lang='grc' dir='ltr'>πολυγνὼμονες,</span> <span class='ocrx_word' id='word_1_145' title='bbox 1380 1841 1437 1893; x_wconf 82' lang='grc' dir='ltr'><strong>ἐν</strong></span> <span class='ocrx_word' id='word_1_146' title='bbox 1459 1843 1572 1904; x_wconf 88' lang='grc' dir='ltr'>τοῖς</span> <span class='ocrx_word' id='word_1_147' title='bbox 1596 1841 1846 1912; x_wconf 74' lang='grc' dir='ltr'>ἐσχάτοις</span> 
     </span>
    </p>
   </div>
   <div class='ocr_carea' id='block_1_22' title="bbox 247 1930 1846 2004">
    <p class='ocr_par' dir='ltr' id='par_1_22' title="bbox 247 1930 1846 2004">
     <span class='ocr_line' id='line_1_22' title="bbox 247 1930 1846 2004; baseline -0.001 -18"><span class='ocrx_word' id='word_1_148' title='bbox 247 1935 563 1988; x_wconf 79' lang='grc' dir='ltr'>ἐτάττοντο.</span> <span class='ocrx_word' id='word_1_149' title='bbox 592 1933 856 2002; x_wconf 75' lang='grc' dir='ltr'>Γεγόνασι</span> <span class='ocrx_word' id='word_1_150' title='bbox 885 1931 996 2002; x_wconf 79' lang='grc' dir='ltr'><strong>γὰρ</strong></span> <span class='ocrx_word' id='word_1_151' title='bbox 1028 1930 1314 1998; x_wconf 83' lang='grc' dir='ltr'>ξυλοκόποι</span> <span class='ocrx_word' id='word_1_152' title='bbox 1344 1948 1403 1986; x_wconf 89' lang='grc' dir='ltr'><strong>τε</strong></span> <span class='ocrx_word' id='word_1_153' title='bbox 1441 1932 1533 1986; x_wconf 76' lang='grc' dir='ltr'><strong>καί</strong></span> <span class='ocrx_word' id='word_1_154' title='bbox 1558 1932 1846 2004; x_wconf 78' lang='grc' dir='ltr'>ὑδροφόροι</span> 
     </span>
    </p>
   </div>
   <div class='ocr_carea' id='block_1_23' title="bbox 248 2018 1845 2094">
    <p class='ocr_par' dir='ltr' id='par_1_23' title="bbox 248 2018 1845 2094">
     <span class='ocr_line' id='line_1_23' title="bbox 248 2018 1845 2094; baseline 0.002 -19"><span class='ocrx_word' id='word_1_155' title='bbox 248 2023 407 2094; x_wconf 73' lang='grc' dir='ltr'>πάσῃ</span> <span class='ocrx_word' id='word_1_156' title='bbox 445 2025 513 2092; x_wconf 82' lang='grc' dir='ltr'>τῇ</span> <span class='ocrx_word' id='word_1_157' title='bbox 561 2024 882 2093; x_wconf 82' lang='grc' dir='ltr'>Συναγωγῇ.</span> <span class='ocrx_word' id='word_1_158' title='bbox 928 2022 1092 2094; x_wconf 77' lang='grc' dir='ltr'>Ὁρᾷς</span> <span class='ocrx_word' id='word_1_159' title='bbox 1137 2018 1231 2075; x_wconf 78' lang='grc' dir='ltr'><strong>οὖν</strong></span> <span class='ocrx_word' id='word_1_160' title='bbox 1277 2023 1398 2075; x_wconf 85' lang='grc' dir='ltr'>ὅποι</span> <span class='ocrx_word' id='word_1_161' title='bbox 1426 2025 1755 2094; x_wconf 82' lang='grc' dir='ltr'>κατακομιεῖ</span> <span class='ocrx_word' id='word_1_162' title='bbox 1784 2023 1845 2078; x_wconf 81' lang='grc' dir='ltr'>τὸ</span> 
     </span>
    </p>
   </div>
   <div class='ocr_carea' id='block_1_24' title="bbox 253 2114 1846 2189">
    <p class='ocr_par' dir='ltr' id='par_1_24' title="bbox 253 2114 1846 2189">
     <span class='ocr_line' id='line_1_24' title="bbox 253 2114 1846 2189; baseline 0.001 -21"><span class='ocrx_word' id='word_1_163' title='bbox 253 2118 332 2189; x_wconf 73' lang='grc' dir='ltr'><strong>μὴ</strong></span> <span class='ocrx_word' id='word_1_164' title='bbox 364 2118 614 2187; x_wconf 83' lang='grc' dir='ltr'>γνήσιον,</span> <span class='ocrx_word' id='word_1_165' title='bbox 654 2115 833 2168; x_wconf 75' lang='grc' dir='ltr'>καὶτὸ</span> <span class='ocrx_word' id='word_1_166' title='bbox 871 2115 943 2186; x_wconf 79' lang='grc' dir='ltr'><strong>μὴ</strong></span> <span class='ocrx_word' id='word_1_167' title='bbox 987 2114 1202 2168; x_wconf 77' lang='grc' dir='ltr'>ἑλέσθαι</span> <span class='ocrx_word' id='word_1_168' title='bbox 1227 2117 1392 2186; x_wconf 83' lang='grc' dir='ltr'>τιμᾷν</span> <span class='ocrx_word' id='word_1_169' title='bbox 1426 2115 1486 2180; x_wconf 79' lang='grc' dir='ltr'>ἐξ</span> <span class='ocrx_word' id='word_1_170' title='bbox 1509 2115 1696 2185; x_wconf 79' lang='grc' dir='ltr'>ὑγιοῦς</span> <span class='ocrx_word' id='word_1_171' title='bbox 1731 2116 1846 2170; x_wconf 87' lang='grc' dir='ltr'>δια-</span> 
     </span>
    </p>
   </div>
   <div class='ocr_carea' id='block_1_25' title="bbox 259 2207 1841 2280">
    <p class='ocr_par' dir='ltr' id='par_1_25' title="bbox 259 2207 1841 2280">
     <span class='ocr_line' id='line_1_25' title="bbox 259 2207 1841 2280; baseline 0.001 -20"><span class='ocrx_word' id='word_1_172' title='bbox 259 2209 417 2271; x_wconf 86' lang='grc' dir='ltr'>νοίας</span> <span class='ocrx_word' id='word_1_173' title='bbox 465 2208 567 2279; x_wconf 81' lang='grc' dir='ltr'>τὴν</span> <span class='ocrx_word' id='word_1_174' title='bbox 630 2208 766 2279; x_wconf 84' lang='grc' dir='ltr'>πρὸς</span> <span class='ocrx_word' id='word_1_175' title='bbox 829 2207 1015 2276; x_wconf 85' lang='grc' dir='ltr'>ἁγίους</span> <span class='ocrx_word' id='word_1_176' title='bbox 1073 2207 1381 2277; x_wconf 84' lang='grc' dir='ltr'>οἰκειότητα</span> <span class='ocrx_word' id='word_1_177' title='bbox 1444 2211 1841 2280; x_wconf 75' lang='grc' dir='ltr'>πνευματικήν.</span> 
     </span>
    </p>
   </div>
   <div class='ocr_carea' id='block_1_26' title="bbox 265 2294 1843 2368">
    <p class='ocr_par' dir='ltr' id='par_1_26' title="bbox 265 2294 1843 2368">
     <span class='ocr_line' id='line_1_26' title="bbox 265 2294 1843 2368; baseline 0.002 -20"><span class='ocrx_word' id='word_1_178' title='bbox 265 2294 548 2348; x_wconf 76' lang='grc' dir='ltr'>’Ᾱπατῶσι</span> <span class='ocrx_word' id='word_1_179' title='bbox 576 2296 676 2366; x_wconf 86' lang='grc' dir='ltr'>μὲν</span> <span class='ocrx_word' id='word_1_180' title='bbox 704 2295 813 2364; x_wconf 83' lang='grc' dir='ltr'>γὰρ</span> <span class='ocrx_word' id='word_1_181' title='bbox 841 2295 952 2349; x_wconf 74' lang='grc' dir='ltr'>ἐσθ’</span> <span class='ocrx_word' id='word_1_182' title='bbox 977 2297 1065 2348; x_wconf 85' lang='grc' dir='ltr'>ὅτε</span> <span class='ocrx_word' id='word_1_183' title='bbox 1089 2295 1252 2360; x_wconf 80' lang='grc' dir='ltr'>τινὲς,</span> <span class='ocrx_word' id='word_1_184' title='bbox 1284 2297 1376 2348; x_wconf 76' lang='grc' dir='ltr'><strong>καὶ</strong></span> <span class='ocrx_word' id='word_1_185' title='bbox 1407 2297 1530 2350; x_wconf 84' lang='grc' dir='ltr'>οῦτι</span> <span class='ocrx_word' id='word_1_186' title='bbox 1567 2297 1670 2349; x_wconf 88' lang='grc' dir='ltr'><strong>πού</strong></span> <span class='ocrx_word' id='word_1_187' title='bbox 1701 2315 1843 2368; x_wconf 83' lang='grc' dir='ltr'>φημι</span> 
     </span>
    </p>
   </div>
   <div class='ocr_carea' id='block_1_27' title="bbox 253 2383 1844 2456">
    <p class='ocr_par' dir='ltr' id='par_1_27' title="bbox 253 2383 1844 2456">
     <span class='ocr_line' id='line_1_27' title="bbox 253 2383 1844 2456; baseline 0 -18"><span class='ocrx_word' id='word_1_188' title='bbox 253 2387 348 2439; x_wconf 76' lang='grc' dir='ltr'><strong>τὸν</strong></span> <span class='ocrx_word' id='word_1_189' title='bbox 383 2387 562 2440; x_wconf 80' lang='grc' dir='ltr'>πάντα</span> <span class='ocrx_word' id='word_1_190' title='bbox 605 2385 784 2438; x_wconf 79' lang='grc' dir='ltr'>εἰδότα</span> <span class='ocrx_word' id='word_1_191' title='bbox 821 2385 1082 2456; x_wconf 81' lang='grc' dir='ltr'>Χριστὸν,</span> <span class='ocrx_word' id='word_1_192' title='bbox 1109 2385 1237 2449; x_wconf 86' lang='grc' dir='ltr'>τοὺς</span> <span class='ocrx_word' id='word_1_193' title='bbox 1275 2387 1333 2439; x_wconf 80' lang='grc' dir='ltr'>ὲν</span> <span class='ocrx_word' id='word_1_194' title='bbox 1371 2383 1528 2456; x_wconf 83' lang='grc' dir='ltr'>τύπῳ</span> <span class='ocrx_word' id='word_1_195' title='bbox 1553 2384 1610 2438; x_wconf 81' lang='grc' dir='ltr'>δὲ</span> <span class='ocrx_word' id='word_1_196' title='bbox 1645 2386 1844 2456; x_wconf 79' lang='grc' dir='ltr'>μᾶλλον</span> 
     </span>
    </p>
   </div>
   <div class='ocr_carea' id='block_1_28' title="bbox 254 2476 1844 2548">
    <p class='ocr_par' dir='ltr' id='par_1_28' title="bbox 254 2476 1844 2548">
     <span class='ocr_line' id='line_1_28' title="bbox 254 2476 1844 2548; baseline -0.003 -15"><span class='ocrx_word' id='word_1_197' title='bbox 254 2479 424 2534; x_wconf 67' lang='grc' dir='ltr'>αὑτοῦ</span> <span class='ocrx_word' id='word_1_198' title='bbox 443 2521 458 2546; x_wconf 96' lang='grc'><strong>,</strong></span> <span class='ocrx_word' id='word_1_199' title='bbox 487 2478 785 2542; x_wconf 85' lang='grc' dir='ltr'>τουτέστιν,</span> <span class='ocrx_word' id='word_1_200' title='bbox 830 2479 957 2541; x_wconf 85' lang='grc' dir='ltr'>τοὺς</span> <span class='ocrx_word' id='word_1_201' title='bbox 990 2477 1136 2530; x_wconf 87' lang='grc' dir='ltr'>λαῶν</span> <span class='ocrx_word' id='word_1_202' title='bbox 1167 2476 1524 2547; x_wconf 80' lang='grc' dir='ltr'>ἡγουμένους.</span> <span class='ocrx_word' id='word_1_203' title='bbox 1580 2477 1844 2548; x_wconf 85' lang='grc' dir='ltr'>Καθάπερ</span> 
     </span>
    </p>
   </div>
   <div class='ocr_carea' id='block_1_29' title="bbox 254 2554 1845 2639">
    <p class='ocr_par' dir='ltr' id='par_1_29' title="bbox 254 2554 1845 2639">
     <span class='ocr_line' id='line_1_29' title="bbox 254 2554 1845 2639; baseline -0.001 -17"><span class='ocrx_word' id='word_1_204' title='bbox 254 2568 454 2639; x_wconf 83' lang='grc' dir='ltr'>ἀμέλει</span> <span class='ocrx_word' id='word_1_205' title='bbox 501 2569 743 2622; x_wconf 82' lang='grc' dir='ltr'>κάκεῖνοι</span> <span class='ocrx_word' id='word_1_206' title='bbox 799 2567 922 2620; x_wconf 87' lang='grc' dir='ltr'>τότε</span> <span class='ocrx_word' id='word_1_207' title='bbox 968 2566 1062 2620; x_wconf 77' lang='grc' dir='ltr'><strong>τὸν</strong></span> <span class='ocrx_word' id='word_1_208' title='bbox 1121 2565 1330 2637; x_wconf 83' lang='grc' dir='ltr'>Ἰησοῦν</span> <span class='ocrx_word' id='word_1_209' title='bbox 1381 2567 1462 2630; x_wconf 86' lang='grc' dir='ltr'><strong>εἰς</strong></span> <span class='ocrx_word' id='word_1_210' title='bbox 1516 2566 1699 2620; x_wconf 84' lang='grc' dir='ltr'>εἰκόνα</span> <span class='ocrx_word' id='word_1_211' title='bbox 1749 2554 1845 2621; x_wconf 69' lang='grc' dir='ltr'>καὶ</span> 
     </span>
    </p>
   </div>
   <div class='ocr_carea' id='block_1_30' title="bbox 255 2659 1845 2739">
    <p class='ocr_par' dir='ltr' id='par_1_30' title="bbox 255 2659 1845 2739">
     <span class='ocr_line' id='line_1_30' title="bbox 255 2659 1845 2739; baseline -0.001 -24"><span class='ocrx_word' id='word_1_212' title='bbox 255 2661 612 2716; x_wconf 79' lang='grc' dir='ltr'>ὑποτύπωσιν</span> <span class='ocrx_word' id='word_1_213' title='bbox 634 2659 1036 2739; x_wconf 84' lang='grc' dir='ltr'>παρενεχθέντα</span> <span class='ocrx_word' id='word_1_214' title='bbox 1059 2659 1323 2732; x_wconf 86' lang='grc' dir='ltr'>Χριστοῦ,</span> <span class='ocrx_word' id='word_1_215' title='bbox 1347 2661 1445 2715; x_wconf 76' lang='grc' dir='ltr'><strong>καὶ</strong></span> <span class='ocrx_word' id='word_1_216' title='bbox 1475 2660 1845 2714; x_wconf 78' lang='grc' dir='ltr'>εἰσελαύνουσι</span> 
     </span>
    </p>
   </div>
   <div class='ocr_carea' id='block_1_31' title="bbox 261 2751 1843 2823">
    <p class='ocr_par' dir='ltr' id='par_1_31' title="bbox 261 2751 1843 2823">
     <span class='ocr_line' id='line_1_31' title="bbox 261 2751 1843 2823; baseline 0 -18"><span class='ocrx_word' id='word_1_217' title='bbox 261 2751 405 2822; x_wconf 83' lang='grc' dir='ltr'><strong>μετά</strong></span> <span class='ocrx_word' id='word_1_218' title='bbox 433 2751 588 2806; x_wconf 85' lang='grc' dir='ltr'>δόλου</span> <span class='ocrx_word' id='word_1_219' title='bbox 621 2753 1141 2823; x_wconf 85' lang='grc' dir='ltr'>κατασκιασμάτων,</span> <span class='ocrx_word' id='word_1_220' title='bbox 1177 2754 1234 2805; x_wconf 80' lang='grc' dir='ltr'>ὲν</span> <span class='ocrx_word' id='word_1_221' title='bbox 1269 2751 1424 2822; x_wconf 82' lang='grc' dir='ltr'>βάθει</span> <span class='ocrx_word' id='word_1_222' title='bbox 1453 2751 1843 2822; x_wconf 85' lang='grc' dir='ltr'>διαλογισμῶν,</span> 
     </span>
    </p>
   </div>
   <div class='ocr_carea' id='block_1_32' title="bbox 259 2845 1848 2916">
    <p class='ocr_par' dir='ltr' id='par_1_32' title="bbox 259 2845 1848 2916">
     <span class='ocr_line' id='line_1_32' title="bbox 259 2845 1848 2916; baseline 0 -18"><span class='ocrx_word' id='word_1_223' title='bbox 259 2845 355 2898; x_wconf 77' lang='grc' dir='ltr'>καὶ</span> <span class='ocrx_word' id='word_1_224' title='bbox 383 2845 486 2916; x_wconf 76' lang='grc' dir='ltr'><strong>τῆς</strong></span> <span class='ocrx_word' id='word_1_225' title='bbox 515 2848 595 2910; x_wconf 89' lang='grc' dir='ltr'><strong>εἰς</strong></span> <span class='ocrx_word' id='word_1_226' title='bbox 618 2845 743 2900; x_wconf 88' lang='grc' dir='ltr'>νοῦν</span> <span class='ocrx_word' id='word_1_227' title='bbox 775 2846 1042 2916; x_wconf 81' lang='grc' dir='ltr'>πονηρίας</span> <span class='ocrx_word' id='word_1_228' title='bbox 1075 2845 1463 2916; x_wconf 82' lang='grc' dir='ltr'>προϊσχόμενοι</span> <span class='ocrx_word' id='word_1_229' title='bbox 1497 2845 1596 2916; x_wconf 81' lang='grc' dir='ltr'>τὴν</span> <span class='ocrx_word' id='word_1_230' title='bbox 1621 2845 1848 2916; x_wconf 84' lang='grc' dir='ltr'>ὑπόκρι-</span> 
     </span>
    </p>
   </div>
   <div class='ocr_carea' id='block_1_33' title="bbox 262 2936 1844 3008">
    <p class='ocr_par' dir='ltr' id='par_1_33' title="bbox 262 2936 1844 3008">
     <span class='ocr_line' id='line_1_33' title="bbox 262 2936 1844 3008; baseline -0.001 -19"><span class='ocrx_word' id='word_1_231' title='bbox 262 2951 382 2990; x_wconf 80' lang='grc' dir='ltr'>σιν’</span> <span class='ocrx_word' id='word_1_232' title='bbox 438 2937 985 3008; x_wconf 87' lang='grc' dir='ltr'>καταγινωσκόμενοι</span> <span class='ocrx_word' id='word_1_233' title='bbox 1035 2937 1129 3004; x_wconf 88' lang='grc' dir='ltr'><strong>δὲ,</strong></span> <span class='ocrx_word' id='word_1_234' title='bbox 1185 2936 1370 2990; x_wconf 88' lang='grc' dir='ltr'>λαθεῖν</span> <span class='ocrx_word' id='word_1_235' title='bbox 1424 2936 1532 3008; x_wconf 79' lang='grc' dir='ltr'>γὰρ</span> <span class='ocrx_word' id='word_1_236' title='bbox 1593 2936 1695 2989; x_wconf 72' lang='grc' dir='ltr'><strong>οὐκ</strong></span> <span class='ocrx_word' id='word_1_237' title='bbox 1744 2936 1844 3001; x_wconf 76' lang='grc' dir='ltr'>ἔνι,</span> 
     </span>
    </p>
   </div>
   <div class='ocr_carea' id='block_1_34' title="bbox 1938 468 3529 546">
    <p class='ocr_par' dir='ltr' id='par_1_34' title="bbox 1938 468 3529 546">
     <span class='ocr_line' id='line_1_34' title="bbox 1938 468 3529 546; baseline -0.004 -17"><span class='ocrx_word' id='word_1_238' title='bbox 1938 486 2055 530; x_wconf 91' lang='lat' dir='ltr'><strong>tum</strong></span> <span class='ocrx_word' id='word_1_239' title='bbox 2085 485 2141 530; x_wconf 88' lang='lat' dir='ltr'><strong>et</strong></span> <span class='ocrx_word' id='word_1_240' title='bbox 2162 475 2428 546; x_wconf 75' lang='lat' dir='ltr'><strong>gravioris</strong></span> <span class='ocrx_word' id='word_1_241' title='bbox 2463 475 2696 543; x_wconf 82' lang='lat' dir='ltr'><strong>alicujus</strong></span> <span class='ocrx_word' id='word_1_242' title='bbox 2729 469 3017 524; x_wconf 81' lang='lat' dir='ltr'><strong>infortunii</strong></span> <span class='ocrx_word' id='word_1_243' title='bbox 3048 468 3388 523; x_wconf 78' lang='lat' dir='ltr'><strong>imminentis</strong></span> <span class='ocrx_word' id='word_1_244' title='bbox 3420 469 3529 522; x_wconf 90' lang='lat' dir='ltr'><strong>im-</strong></span> 
     </span>
    </p>
   </div>
   <div class='ocr_carea' id='block_1_35' title="bbox 1937 566 3519 641">
    <p class='ocr_par' dir='ltr' id='par_1_35' title="bbox 1937 566 3519 641">
     <span class='ocr_line' id='line_1_35' title="bbox 1937 566 3519 641; baseline -0.004 -15"><span class='ocrx_word' id='word_1_245' title='bbox 1937 580 2129 641; x_wconf 89' lang='lat' dir='ltr'><strong>petum</strong></span> <span class='ocrx_word' id='word_1_246' title='bbox 2153 579 2410 641; x_wconf 80' lang='lat' dir='ltr'><strong>tanquam</strong></span> <span class='ocrx_word' id='word_1_247' title='bbox 2454 569 2824 624; x_wconf 88' lang='lat' dir='ltr'><strong>incantatione</strong></span> <span class='ocrx_word' id='word_1_248' title='bbox 2870 567 3106 638; x_wconf 89' lang='lat' dir='ltr'><strong>quadam</strong></span> <span class='ocrx_word' id='word_1_249' title='bbox 3147 566 3519 631; x_wconf 85' lang='lat' dir='ltr'><strong>amoliantur,</strong></span> 
     </span>
    </p>
   </div>
   <div class='ocr_carea' id='block_1_36' title="bbox 1939 657 3520 724">
    <p class='ocr_par' dir='ltr' id='par_1_36' title="bbox 1939 657 3520 724">
     <span class='ocr_line' id='line_1_36' title="bbox 1939 657 3520 724; baseline -0.006 -4"><span class='ocrx_word' id='word_1_250' title='bbox 1939 665 2071 720; x_wconf 88' lang='lat' dir='ltr'><strong>dum</strong></span> <span class='ocrx_word' id='word_1_251' title='bbox 2113 664 2182 719; x_wconf 81' lang='lat' dir='ltr'><strong>ad</strong></span> <span class='ocrx_word' id='word_1_252' title='bbox 2212 664 2373 718; x_wconf 84' lang='lat' dir='ltr'><strong>ﬁdem</strong></span> <span class='ocrx_word' id='word_1_253' title='bbox 2427 661 2692 716; x_wconf 84' lang='lat' dir='ltr'><strong>accedere</strong></span> <span class='ocrx_word' id='word_1_254' title='bbox 2722 660 3020 724; x_wconf 89' lang='lat' dir='ltr'><strong>videntur,</strong></span> <span class='ocrx_word' id='word_1_255' title='bbox 3064 666 3126 712; x_wconf 90' lang='lat' dir='ltr'><strong>ut</strong></span> <span class='ocrx_word' id='word_1_256' title='bbox 3169 657 3375 712; x_wconf 89' lang='lat' dir='ltr'><strong>multos</strong></span> <span class='ocrx_word' id='word_1_257' title='bbox 3418 658 3520 711; x_wconf 78' lang='lat' dir='ltr'><strong>bu-</strong></span> 
     </span>
    </p>
   </div>
   <div class='ocr_carea' id='block_1_37' title="bbox 1938 749 3518 827">
    <p class='ocr_par' dir='ltr' id='par_1_37' title="bbox 1938 749 3518 827">
     <span class='ocr_line' id='line_1_37' title="bbox 1938 749 3518 827; baseline -0.008 -13"><span class='ocrx_word' id='word_1_258' title='bbox 1938 759 2125 823; x_wconf 87' lang='lat' dir='ltr'><strong>beant,</strong></span> <span class='ocrx_word' id='word_1_259' title='bbox 2151 757 2245 827; x_wconf 91' lang='lat' dir='ltr'><strong>qui</strong></span> <span class='ocrx_word' id='word_1_260' title='bbox 2283 754 2665 810; x_wconf 82' lang='lat' dir='ltr'><strong>laborantibus</strong></span> <span class='ocrx_word' id='word_1_261' title='bbox 2708 752 2872 808; x_wconf 90' lang='lat' dir='ltr'><strong>simul</strong></span> <span class='ocrx_word' id='word_1_262' title='bbox 2921 765 3080 820; x_wconf 90' lang='lat' dir='ltr'><strong>opem</strong></span> <span class='ocrx_word' id='word_1_263' title='bbox 3133 749 3280 804; x_wconf 80' lang='lat' dir='ltr'><strong>ferre</strong></span> <span class='ocrx_word' id='word_1_264' title='bbox 3323 749 3518 814; x_wconf 82' lang='lat' dir='ltr'><strong>velint,</strong></span> 
     </span>
    </p>
   </div>
   <div class='ocr_carea' id='block_1_38' title="bbox 1940 839 3521 921">
    <p class='ocr_par' dir='ltr' id='par_1_38' title="bbox 1940 839 3521 921">
     <span class='ocr_line' id='line_1_38' title="bbox 1940 839 3521 921; baseline -0.009 -15"><span class='ocrx_word' id='word_1_265' title='bbox 1940 862 2102 921; x_wconf 85' lang='lat' dir='ltr'><strong>atque</strong></span> <span class='ocrx_word' id='word_1_266' title='bbox 2138 850 2246 904; x_wconf 89' lang='lat' dir='ltr'><strong>illis</strong></span> <span class='ocrx_word' id='word_1_267' title='bbox 2288 864 2416 904; x_wconf 87' lang='lat' dir='ltr'><strong>suas</strong></span> <span class='ocrx_word' id='word_1_268' title='bbox 2461 861 2624 902; x_wconf 84' lang='lat' dir='ltr'><strong>curas</strong></span> <span class='ocrx_word' id='word_1_269' title='bbox 2665 843 3072 913; x_wconf 88' lang='lat' dir='ltr'><strong>impertiantur.</strong></span> <span class='ocrx_word' id='word_1_270' title='bbox 3122 839 3231 895; x_wconf 86' lang='lat' dir='ltr'><strong>Sed</strong></span> <span class='ocrx_word' id='word_1_271' title='bbox 3272 847 3521 894; x_wconf 78' lang='lat' dir='ltr'><strong>extrema</strong></span> 
     </span>
    </p>
   </div>
   <div class='ocr_carea' id='block_1_39' title="bbox 1939 931 3520 1013">
    <p class='ocr_par' dir='ltr' id='par_1_39' title="bbox 1939 931 3520 1013">
     <span class='ocr_line' id='line_1_39' title="bbox 1939 931 3520 1013; baseline -0.008 -16"><span class='ocrx_word' id='word_1_272' title='bbox 1939 942 2209 1013; x_wconf 85' lang='lat' dir='ltr'><strong>ejusmodi</strong></span> <span class='ocrx_word' id='word_1_273' title='bbox 2248 938 2566 994; x_wconf 88' lang='lat' dir='ltr'><strong>hominibus</strong></span> <span class='ocrx_word' id='word_1_274' title='bbox 2597 934 2913 1006; x_wconf 88' lang='lat' dir='ltr'><strong>procuratio</strong></span> <span class='ocrx_word' id='word_1_275' title='bbox 2951 933 3244 997; x_wconf 84' lang='lat' dir='ltr'><strong>tribuetur,</strong></span> <span class='ocrx_word' id='word_1_276' title='bbox 3276 939 3332 986; x_wconf 93' lang='lat' dir='ltr'><strong>et</strong></span> <span class='ocrx_word' id='word_1_277' title='bbox 3375 931 3520 985; x_wconf 88' lang='lat' dir='ltr'><strong>inter</strong></span> 
     </span>
    </p>
   </div>
   <div class='ocr_carea' id='block_1_40' title="bbox 1941 1021 3522 1105">
    <p class='ocr_par' dir='ltr' id='par_1_40' title="bbox 1941 1021 3522 1105">
     <span class='ocr_line' id='line_1_40' title="bbox 1941 1021 3522 1105; baseline -0.008 -16"><span class='ocrx_word' id='word_1_278' title='bbox 1941 1033 2339 1105; x_wconf 88' lang='lat' dir='ltr'><strong>abjeetissimos</strong></span> <span class='ocrx_word' id='word_1_279' title='bbox 2362 1030 2614 1086; x_wconf 89' lang='lat' dir='ltr'><strong>homines</strong></span> <span class='ocrx_word' id='word_1_280' title='bbox 2657 1042 2776 1082; x_wconf 90' lang='lat' dir='ltr'><strong>sors</strong></span> <span class='ocrx_word' id='word_1_281' title='bbox 2811 1040 3004 1080; x_wconf 89' lang='lat' dir='ltr'><strong>eorum</strong></span> <span class='ocrx_word' id='word_1_282' title='bbox 3027 1024 3153 1089; x_wconf 88' lang='lat' dir='ltr'><strong>erit,</strong></span> <span class='ocrx_word' id='word_1_283' title='bbox 3187 1033 3245 1078; x_wconf 88' lang='lat' dir='ltr'><strong>et</strong></span> <span class='ocrx_word' id='word_1_284' title='bbox 3287 1021 3522 1094; x_wconf 87' lang='lat' dir='ltr'><strong>ignomi-</strong></span> 
     </span>
    </p>
   </div>
   <div class='ocr_carea' id='block_1_41' title="bbox 1941 1113 3520 1192">
    <p class='ocr_par' dir='ltr' id='par_1_41' title="bbox 1941 1113 3520 1192">
     <span class='ocr_line' id='line_1_41' title="bbox 1941 1113 3520 1192; baseline -0.009 -12"><span class='ocrx_word' id='word_1_285' title='bbox 1941 1124 2238 1182; x_wconf 88' lang='lat' dir='ltr'><strong>niosissimi</strong></span> <span class='ocrx_word' id='word_1_286' title='bbox 2279 1131 2444 1192; x_wconf 84' lang='lat' dir='ltr'><strong>atque</strong></span> <span class='ocrx_word' id='word_1_287' title='bbox 2493 1116 2950 1187; x_wconf 88' lang='lat' dir='ltr'><strong>contemptissimi</strong></span> <span class='ocrx_word' id='word_1_288' title='bbox 2997 1113 3520 1184; x_wconf 82' lang='lat' dir='ltr'><strong>deprchendemur;</strong></span> 
     </span>
    </p>
   </div>
   <div class='ocr_carea' id='block_1_42' title="bbox 1942 1205 3524 1288">
    <p class='ocr_par' dir='ltr' id='par_1_42' title="bbox 1942 1205 3524 1288">
     <span class='ocr_line' id='line_1_42' title="bbox 1942 1205 3524 1288; baseline -0.009 -14"><span class='ocrx_word' id='word_1_289' title='bbox 1942 1228 1997 1274; x_wconf 89' lang='lat' dir='ltr'><strong>et</strong></span> <span class='ocrx_word' id='word_1_290' title='bbox 2019 1218 2114 1288; x_wconf 87' lang='lat' dir='ltr'><strong>qui</strong></span> <span class='ocrx_word' id='word_1_291' title='bbox 2150 1218 2242 1271; x_wconf 76' lang='lat' dir='ltr'><strong>vix</strong></span> <span class='ocrx_word' id='word_1_292' title='bbox 2275 1216 2331 1270; x_wconf 94' lang='lat' dir='ltr'><strong>id</strong></span> <span class='ocrx_word' id='word_1_293' title='bbox 2371 1212 2633 1283; x_wconf 88' lang='lat' dir='ltr'><strong>consequi</strong></span> <span class='ocrx_word' id='word_1_294' title='bbox 2672 1209 2906 1281; x_wconf 89' lang='lat' dir='ltr'><strong>possint,</strong></span> <span class='ocrx_word' id='word_1_295' title='bbox 2961 1215 3024 1263; x_wconf 91' lang='lat' dir='ltr'><strong>ut</strong></span> <span class='ocrx_word' id='word_1_296' title='bbox 3065 1208 3183 1278; x_wconf 90' lang='lat' dir='ltr'><strong>ipsa</strong></span> <span class='ocrx_word' id='word_1_297' title='bbox 3213 1207 3326 1261; x_wconf 87' lang='lat' dir='ltr'><strong>vita</strong></span> <span class='ocrx_word' id='word_1_298' title='bbox 3372 1205 3524 1276; x_wconf 81' lang='lat' dir='ltr'><strong>digni</strong></span> 
     </span>
    </p>
   </div>
   <div class='ocr_carea' id='block_1_43' title="bbox 1941 1297 3525 1374">
    <p class='ocr_par' dir='ltr' id='par_1_43' title="bbox 1941 1297 3525 1374">
     <span class='ocr_line' id='line_1_43' title="bbox 1941 1297 3525 1374; baseline -0.011 -7"><span class='ocrx_word' id='word_1_299' title='bbox 1941 1326 2063 1367; x_wconf 89' lang='lat' dir='ltr'><strong>esse</strong></span> <span class='ocrx_word' id='word_1_300' title='bbox 2085 1309 2396 1374; x_wconf 89' lang='lat' dir='ltr'><strong>videantur,</strong></span> <span class='ocrx_word' id='word_1_301' title='bbox 2450 1307 2562 1361; x_wconf 93' lang='lat' dir='ltr'><strong>Deo</strong></span> <span class='ocrx_word' id='word_1_302' title='bbox 2600 1303 2947 1372; x_wconf 88' lang='lat' dir='ltr'><strong>exquirente,</strong></span> <span class='ocrx_word' id='word_1_303' title='bbox 2973 1314 3097 1370; x_wconf 71' lang='lat' dir='ltr'><strong>quae</strong></span> <span class='ocrx_word' id='word_1_304' title='bbox 3141 1298 3198 1352; x_wconf 93' lang='lat' dir='ltr'><strong>in</strong></span> <span class='ocrx_word' id='word_1_305' title='bbox 3241 1297 3403 1352; x_wconf 90' lang='lat' dir='ltr'><strong>nobis</strong></span> <span class='ocrx_word' id='word_1_306' title='bbox 3441 1297 3525 1350; x_wconf 88' lang='lat' dir='ltr'><strong>la-</strong></span> 
     </span>
    </p>
   </div>
   <div class='ocr_carea' id='block_1_44' title="bbox 1943 1390 3529 1470">
    <p class='ocr_par' dir='ltr' id='par_1_44' title="bbox 1943 1390 3529 1470">
     <span class='ocr_line' id='line_1_44' title="bbox 1943 1390 3529 1470; baseline -0.011 -13"><span class='ocrx_word' id='word_1_307' title='bbox 1943 1410 2096 1457; x_wconf 89' lang='lat' dir='ltr'><strong>tent:</strong></span> <span class='ocrx_word' id='word_1_308' title='bbox 2125 1401 2316 1470; x_wconf 87' lang='lat' dir='ltr'><strong>quales</strong></span> <span class='ocrx_word' id='word_1_309' title='bbox 2342 1398 2605 1453; x_wconf 90' lang='lat' dir='ltr'><strong>nimirum</strong></span> <span class='ocrx_word' id='word_1_310' title='bbox 2632 1393 2947 1449; x_wconf 69' lang='lat' dir='ltr'><strong>Cabaonitae</strong></span> <span class='ocrx_word' id='word_1_311' title='bbox 2986 1390 3242 1454; x_wconf 86' lang='lat' dir='ltr'><strong>fuerunt;</strong></span> <span class='ocrx_word' id='word_1_312' title='bbox 3282 1401 3529 1442; x_wconf 85' lang='lat' dir='ltr'><strong>accesse-</strong></span> 
     </span>
    </p>
   </div>
   <div class='ocr_carea' id='block_1_45' title="bbox 1943 1477 3524 1558">
    <p class='ocr_par' dir='ltr' id='par_1_45' title="bbox 1943 1477 3524 1558">
     <span class='ocr_line' id='line_1_45' title="bbox 1943 1477 3524 1558; baseline -0.012 -10"><span class='ocrx_word' id='word_1_313' title='bbox 1943 1501 2073 1553; x_wconf 87' lang='lat' dir='ltr'><strong>runt</strong></span> <span class='ocrx_word' id='word_1_314' title='bbox 2113 1491 2259 1546; x_wconf 89' lang='lat' dir='ltr'><strong>enim</strong></span> <span class='ocrx_word' id='word_1_315' title='bbox 2302 1489 2340 1544; x_wconf 91' lang='lat' dir='ltr'><strong>ii</strong></span> <span class='ocrx_word' id='word_1_316' title='bbox 2381 1485 2659 1558; x_wconf 88' lang='lat' dir='ltr'><strong>quondam</strong></span> <span class='ocrx_word' id='word_1_317' title='bbox 2683 1483 2753 1538; x_wconf 89' lang='lat' dir='ltr'><strong>ad</strong></span> <span class='ocrx_word' id='word_1_318' title='bbox 2788 1482 2975 1545; x_wconf 86' lang='lat' dir='ltr'><strong>Josue,</strong></span> <span class='ocrx_word' id='word_1_319' title='bbox 3003 1487 3145 1534; x_wconf 82' lang='lat' dir='ltr'><strong>etut</strong></span> <span class='ocrx_word' id='word_1_320' title='bbox 3170 1493 3294 1532; x_wconf 91' lang='lat' dir='ltr'><strong>cum</strong></span> <span class='ocrx_word' id='word_1_321' title='bbox 3319 1477 3524 1546; x_wconf 89' lang='lat' dir='ltr'><strong>populo</strong></span> 
     </span>
    </p>
   </div>
   <div class='ocr_carea' id='block_1_46' title="bbox 1943 1572 3522 1644">
    <p class='ocr_par' dir='ltr' id='par_1_46' title="bbox 1943 1572 3522 1644">
     <span class='ocr_line' id='line_1_46' title="bbox 1943 1572 3522 1644; baseline -0.011 -7"><span class='ocrx_word' id='word_1_322' title='bbox 1943 1583 2041 1637; x_wconf 90' lang='lat' dir='ltr'><strong>Dei</strong></span> <span class='ocrx_word' id='word_1_323' title='bbox 2065 1582 2427 1644; x_wconf 88' lang='lat' dir='ltr'><strong>sociarentur,</strong></span> <span class='ocrx_word' id='word_1_324' title='bbox 2451 1578 2810 1633; x_wconf 81' lang='lat' dir='ltr'><strong>vehementer</strong></span> <span class='ocrx_word' id='word_1_325' title='bbox 2830 1572 3097 1634; x_wconf 87' lang='lat' dir='ltr'><strong>orabant;</strong></span> <span class='ocrx_word' id='word_1_326' title='bbox 3140 1577 3522 1623; x_wconf 87' lang='lat' dir='ltr'><strong>verumtamen</strong></span> 
     </span>
    </p>
   </div>
   <div class='ocr_carea' id='block_1_47' title="bbox 1944 1659 3525 1739">
    <p class='ocr_par' dir='ltr' id='par_1_47' title="bbox 1944 1659 3525 1739">
     <span class='ocr_line' id='line_1_47' title="bbox 1944 1659 3525 1739; baseline -0.012 -10"><span class='ocrx_word' id='word_1_327' title='bbox 1944 1689 2056 1730; x_wconf 89' lang='lat' dir='ltr'><strong>non</strong></span> <span class='ocrx_word' id='word_1_328' title='bbox 2084 1674 2200 1728; x_wconf 91' lang='lat' dir='ltr'><strong>sine</strong></span> <span class='ocrx_word' id='word_1_329' title='bbox 2237 1671 2444 1727; x_wconf 88' lang='lat' dir='ltr'><strong>malitia</strong></span> <span class='ocrx_word' id='word_1_330' title='bbox 2487 1684 2667 1739; x_wconf 92' lang='lat' dir='ltr'><strong>neque</strong></span> <span class='ocrx_word' id='word_1_331' title='bbox 2695 1663 3018 1735; x_wconf 83' lang='lat' dir='ltr'><strong>simpliciter</strong></span> <span class='ocrx_word' id='word_1_332' title='bbox 3050 1669 3107 1718; x_wconf 91' lang='lat' dir='ltr'><strong>et</strong></span> <span class='ocrx_word' id='word_1_333' title='bbox 3153 1659 3271 1714; x_wconf 88' lang='lat' dir='ltr'><strong>sine</strong></span> <span class='ocrx_word' id='word_1_334' title='bbox 3299 1659 3430 1722; x_wconf 88' lang='lat' dir='ltr'><strong>ulla,</strong></span> <span class='ocrx_word' id='word_1_335' title='bbox 3465 1665 3525 1711; x_wconf 91' lang='lat' dir='ltr'><strong>ut</strong></span> 
     </span>
    </p>
   </div>
   <div class='ocr_carea' id='block_1_48' title="bbox 1948 1755 3526 1827">
    <p class='ocr_par' dir='ltr' id='par_1_48' title="bbox 1948 1755 3526 1827">
     <span class='ocr_line' id='line_1_48' title="bbox 1948 1755 3526 1827; baseline -0.011 -11"><span class='ocrx_word' id='word_1_336' title='bbox 1948 1763 2023 1820; x_wconf 90' lang='lat' dir='ltr'><strong>ita</strong></span> <span class='ocrx_word' id='word_1_337' title='bbox 2070 1763 2269 1827; x_wconf 89' lang='lat' dir='ltr'><strong>dicam,</strong></span> <span class='ocrx_word' id='word_1_338' title='bbox 2322 1767 2630 1816; x_wconf 89' lang='lat' dir='ltr'><strong>mercatura</strong></span> <span class='ocrx_word' id='word_1_339' title='bbox 2666 1755 2967 1811; x_wconf 88' lang='lat' dir='ltr'><strong>utilitatum</strong></span> <span class='ocrx_word' id='word_1_340' title='bbox 3013 1764 3259 1814; x_wconf 91' lang='lat' dir='ltr'><strong>suarum,</strong></span> <span class='ocrx_word' id='word_1_341' title='bbox 3307 1755 3362 1803; x_wconf 88' lang='lat' dir='ltr'><strong>et</strong></span> <span class='ocrx_word' id='word_1_342' title='bbox 3400 1756 3526 1800; x_wconf 88' lang='lat' dir='ltr'><strong>tan-</strong></span> 
     </span>
    </p>
   </div>
   <div class='ocr_carea' id='block_1_49' title="bbox 1947 1838 3526 1925">
    <p class='ocr_par' dir='ltr' id='par_1_49' title="bbox 1947 1838 3526 1925">
     <span class='ocr_line' id='line_1_49' title="bbox 1947 1838 3526 1925; baseline -0.011 -16"><span class='ocrx_word' id='word_1_343' title='bbox 1947 1869 2111 1925; x_wconf 91' lang='lat' dir='ltr'><strong>quam</strong></span> <span class='ocrx_word' id='word_1_344' title='bbox 2153 1869 2221 1907; x_wconf 80' lang='lat' dir='ltr'><strong>ex</strong></span> <span class='ocrx_word' id='word_1_345' title='bbox 2242 1852 2510 1906; x_wconf 89' lang='lat' dir='ltr'><strong>charitate</strong></span> <span class='ocrx_word' id='word_1_346' title='bbox 2535 1863 2663 1919; x_wconf 86' lang='lat' dir='ltr'><strong>erga</strong></span> <span class='ocrx_word' id='word_1_347' title='bbox 2688 1848 2884 1909; x_wconf 90' lang='lat' dir='ltr'><strong>Deum,</strong></span> <span class='ocrx_word' id='word_1_348' title='bbox 2910 1843 3006 1898; x_wconf 91' lang='lat' dir='ltr'><strong>sed</strong></span> <span class='ocrx_word' id='word_1_349' title='bbox 3042 1841 3297 1896; x_wconf 88' lang='lat' dir='ltr'><strong>simulate</strong></span> <span class='ocrx_word' id='word_1_350' title='bbox 3330 1846 3390 1893; x_wconf 85' lang='lat' dir='ltr'><strong>et</strong></span> <span class='ocrx_word' id='word_1_351' title='bbox 3425 1838 3526 1892; x_wconf 90' lang='lat' dir='ltr'><strong>do-</strong></span> 
     </span>
    </p>
   </div>
   <div class='ocr_carea' id='block_1_50' title="bbox 1949 1930 3525 2005">
    <p class='ocr_par' dir='ltr' id='par_1_50' title="bbox 1949 1930 3525 2005">
     <span class='ocr_line' id='line_1_50' title="bbox 1949 1930 3525 2005; baseline -0.011 -5"><span class='ocrx_word' id='word_1_352' title='bbox 1949 1945 2064 2000; x_wconf 89' lang='lat' dir='ltr'><strong>lose</strong></span> <span class='ocrx_word' id='word_1_353' title='bbox 2089 1949 2438 2000; x_wconf 87' lang='lat' dir='ltr'><strong>accesserant</strong></span> <span class='ocrx_word' id='word_1_354' title='bbox 2464 1941 2527 1995; x_wconf 76' lang='lat'><strong>“.</strong></span> <span class='ocrx_word' id='word_1_355' title='bbox 2564 1939 2642 1994; x_wconf 87' lang='lat' dir='ltr'><strong>Ac</strong></span> <span class='ocrx_word' id='word_1_356' title='bbox 2682 1939 2894 1993; x_wconf 89' lang='lat' dir='ltr'><strong>latuere</strong></span> <span class='ocrx_word' id='word_1_357' title='bbox 2919 1934 3142 2005; x_wconf 87' lang='lat' dir='ltr'><strong>quidem</strong></span> <span class='ocrx_word' id='word_1_358' title='bbox 3169 1948 3198 1986; x_wconf 93' lang='lat' dir='ltr'><strong>a</strong></span> <span class='ocrx_word' id='word_1_359' title='bbox 3223 1930 3525 2001; x_wconf 77' lang='lat' dir='ltr'><strong>principio;</strong></span> 
     </span>
    </p>
   </div>
   <div class='ocr_carea' id='block_1_51' title="bbox 1946 2024 3529 2106">
    <p class='ocr_par' dir='ltr' id='par_1_51' title="bbox 1946 2024 3529 2106">
     <span class='ocr_line' id='line_1_51' title="bbox 1946 2024 3529 2106; baseline -0.01 -14"><span class='ocrx_word' id='word_1_360' title='bbox 1946 2038 2066 2103; x_wconf 87' lang='lat' dir='ltr'><strong>sed,</strong></span> <span class='ocrx_word' id='word_1_361' title='bbox 2092 2044 2452 2106; x_wconf 86' lang='lat' dir='ltr'><strong>posteaquam</strong></span> <span class='ocrx_word' id='word_1_362' title='bbox 2491 2031 2897 2102; x_wconf 87' lang='lat' dir='ltr'><strong>deprehensum</strong></span> <span class='ocrx_word' id='word_1_363' title='bbox 2941 2034 3026 2082; x_wconf 88' lang='lat' dir='ltr'><strong>est</strong></span> <span class='ocrx_word' id='word_1_364' title='bbox 3049 2027 3174 2080; x_wconf 89' lang='lat' dir='ltr'><strong>illos</strong></span> <span class='ocrx_word' id='word_1_365' title='bbox 3199 2024 3384 2095; x_wconf 80' lang='lat' dir='ltr'><strong>gravia</strong></span> <span class='ocrx_word' id='word_1_366' title='bbox 3408 2038 3529 2077; x_wconf 87' lang='lat' dir='ltr'><strong>mo-</strong></span> 
     </span>
    </p>
   </div>
   <div class='ocr_carea' id='block_1_52' title="bbox 1945 2119 3526 2198">
    <p class='ocr_par' dir='ltr' id='par_1_52' title="bbox 1945 2119 3526 2198">
     <span class='ocr_line' id='line_1_52' title="bbox 1945 2119 3526 2198; baseline -0.011 -12"><span class='ocrx_word' id='word_1_367' title='bbox 1945 2131 2056 2194; x_wconf 91' lang='lat' dir='ltr'><strong>liri,</strong></span> <span class='ocrx_word' id='word_1_368' title='bbox 2091 2138 2148 2184; x_wconf 91' lang='lat' dir='ltr'><strong>et</strong></span> <span class='ocrx_word' id='word_1_369' title='bbox 2191 2128 2505 2198; x_wconf 85' lang='lat' dir='ltr'><strong>malignitas</strong></span> <span class='ocrx_word' id='word_1_370' title='bbox 2539 2140 2733 2179; x_wconf 90' lang='lat' dir='ltr'><strong>eorum</strong></span> <span class='ocrx_word' id='word_1_371' title='bbox 2760 2130 2924 2192; x_wconf 88' lang='lat' dir='ltr'><strong>atque</strong></span> <span class='ocrx_word' id='word_1_372' title='bbox 2950 2119 3194 2176; x_wconf 87' lang='lat' dir='ltr'><strong>versutia</strong></span> <span class='ocrx_word' id='word_1_373' title='bbox 3220 2124 3526 2186; x_wconf 89' lang='lat' dir='ltr'><strong>comperta,</strong></span> 
     </span>
    </p>
   </div>
   <div class='ocr_carea' id='block_1_53' title="bbox 1946 2207 3531 2278">
    <p class='ocr_par' dir='ltr' id='par_1_53' title="bbox 1946 2207 3531 2278">
     <span class='ocr_line' id='line_1_53' title="bbox 1946 2207 3531 2278; baseline -0.011 0"><span class='ocrx_word' id='word_1_374' title='bbox 1946 2221 2148 2278; x_wconf 84' lang='lat' dir='ltr'><strong>inﬁmis</strong></span> <span class='ocrx_word' id='word_1_375' title='bbox 2195 2218 2518 2276; x_wconf 87' lang='lat' dir='ltr'><strong>muneribus</strong></span> <span class='ocrx_word' id='word_1_376' title='bbox 2555 2215 2760 2270; x_wconf 88' lang='lat' dir='ltr'><strong>addicti</strong></span> <span class='ocrx_word' id='word_1_377' title='bbox 2804 2221 2933 2268; x_wconf 90' lang='lat' dir='ltr'><strong>sunt</strong></span> <span class='ocrx_word' id='word_1_378' title='bbox 2969 2230 2982 2264; x_wconf 87' lang='lat'><strong>:</strong></span> <span class='ocrx_word' id='word_1_379' title='bbox 3024 2210 3161 2266; x_wconf 86' lang='lat' dir='ltr'><strong>facti</strong></span> <span class='ocrx_word' id='word_1_380' title='bbox 3215 2217 3344 2264; x_wconf 90' lang='lat' dir='ltr'><strong>sunt</strong></span> <span class='ocrx_word' id='word_1_381' title='bbox 3383 2207 3531 2263; x_wconf 92' lang='lat' dir='ltr'><strong>enim</strong></span> 
     </span>
    </p>
   </div>
   <div class='ocr_carea' id='block_1_54' title="bbox 1945 2296 3531 2379">
    <p class='ocr_par' dir='ltr' id='par_1_54' title="bbox 1945 2296 3531 2379">
     <span class='ocr_line' id='line_1_54' title="bbox 1945 2296 3531 2379; baseline -0.01 -13"><span class='ocrx_word' id='word_1_382' title='bbox 1945 2313 2216 2366; x_wconf 82' lang='lat' dir='ltr'><strong>universae</strong></span> <span class='ocrx_word' id='word_1_383' title='bbox 2249 2309 2544 2379; x_wconf 73' lang='lat' dir='ltr'><strong>Synagogze</strong></span> <span class='ocrx_word' id='word_1_384' title='bbox 2580 2303 2798 2375; x_wconf 45' lang='lat' dir='ltr'><strong>lignar‘ii</strong></span> <span class='ocrx_word' id='word_1_385' title='bbox 2831 2310 2888 2357; x_wconf 91' lang='lat' dir='ltr'><strong>et</strong></span> <span class='ocrx_word' id='word_1_386' title='bbox 2942 2299 3178 2379; x_wconf 59' lang='lat' dir='ltr'><strong>aquarii,</strong></span> <span class='ocrx_word' id='word_1_387' title='bbox 3217 2297 3387 2354; x_wconf 78' lang='lat' dir='ltr'><strong>Vides</strong></span> <span class='ocrx_word' id='word_1_388' title='bbox 3427 2296 3531 2367; x_wconf 85' lang='lat' dir='ltr'><strong>igi-</strong></span> 
     </span>
    </p>
   </div>
   <div class='ocr_carea' id='block_1_55' title="bbox 1947 2375 3534 2474">
    <p class='ocr_par' dir='ltr' id='par_1_55' title="bbox 1947 2375 3534 2474">
     <span class='ocr_line' id='line_1_55' title="bbox 1947 2375 3534 2474; baseline -0.013 -14"><span class='ocrx_word' id='word_1_389' title='bbox 1947 2415 2037 2460; x_wconf 90' lang='lat' dir='ltr'><strong>tur</strong></span> <span class='ocrx_word' id='word_1_390' title='bbox 2062 2419 2171 2474; x_wconf 91' lang='lat' dir='ltr'><strong>quo</strong></span> <span class='ocrx_word' id='word_1_391' title='bbox 2214 2375 2486 2473; x_wconf 76' lang='lat' dir='ltr'><strong>perducat</strong></span> <span class='ocrx_word' id='word_1_392' title='bbox 2512 2395 2812 2460; x_wconf 88' lang='lat' dir='ltr'><strong>simulatio,</strong></span> <span class='ocrx_word' id='word_1_393' title='bbox 2845 2401 2902 2448; x_wconf 91' lang='lat' dir='ltr'><strong>et</strong></span> <span class='ocrx_word' id='word_1_394' title='bbox 2925 2393 3070 2448; x_wconf 87' lang='lat' dir='ltr'><strong>nolle</strong></span> <span class='ocrx_word' id='word_1_395' title='bbox 3108 2375 3323 2458; x_wconf 69' lang='lat' dir='ltr'><strong>integro</strong></span> <span class='ocrx_word' id='word_1_396' title='bbox 3350 2387 3534 2442; x_wconf 91' lang='lat' dir='ltr'><strong>animo</strong></span> 
     </span>
    </p>
   </div>
   <div class='ocr_carea' id='block_1_56' title="bbox 1947 2477 3534 2559">
    <p class='ocr_par' dir='ltr' id='par_1_56' title="bbox 1947 2477 3534 2559">
     <span class='ocr_line' id='line_1_56' title="bbox 1947 2477 3534 2559; baseline -0.011 -13"><span class='ocrx_word' id='word_1_397' title='bbox 1947 2493 2266 2548; x_wconf 89' lang='lat' dir='ltr'><strong>societatem</strong></span> <span class='ocrx_word' id='word_1_398' title='bbox 2317 2498 2482 2559; x_wconf 91' lang='lat' dir='ltr'><strong>atque</strong></span> <span class='ocrx_word' id='word_1_399' title='bbox 2526 2484 2973 2558; x_wconf 74' lang='lat' dir='ltr'><strong>coniunctionem</strong></span> <span class='ocrx_word' id='word_1_400' title='bbox 3006 2477 3351 2549; x_wconf 88' lang='lat' dir='ltr'><strong>spiritualem</strong></span> <span class='ocrx_word' id='word_1_401' title='bbox 3403 2491 3534 2530; x_wconf 89' lang='lat' dir='ltr'><strong>san-</strong></span> 
     </span>
    </p>
   </div>
   <div class='ocr_carea' id='block_1_57' title="bbox 1948 2567 3620 2648">
    <p class='ocr_par' dir='ltr' id='par_1_57' title="bbox 1948 2567 3620 2648">
     <span class='ocr_line' id='line_1_57' title="bbox 1948 2567 3620 2648; baseline -0.011 -10"><span class='ocrx_word' id='word_1_402' title='bbox 1948 2591 2164 2639; x_wconf 87' lang='lat' dir='ltr'><strong>ctorum</strong></span> <span class='ocrx_word' id='word_1_403' title='bbox 2189 2583 2436 2636; x_wconf 89' lang='lat' dir='ltr'><strong>virorum</strong></span> <span class='ocrx_word' id='word_1_404' title='bbox 2480 2576 2756 2648; x_wconf 89' lang='lat' dir='ltr'><strong>amplecti.</strong></span> <span class='ocrx_word' id='word_1_405' title='bbox 2813 2575 3032 2630; x_wconf 86' lang='lat' dir='ltr'><strong>Fallunt</strong></span> <span class='ocrx_word' id='word_1_406' title='bbox 3075 2569 3226 2625; x_wconf 90' lang='lat' dir='ltr'><strong>enim</strong></span> <span class='ocrx_word' id='word_1_407' title='bbox 3260 2567 3534 2623; x_wconf 90' lang='lat' dir='ltr'><strong>interdum</strong></span> <span class='ocrx_word' id='word_1_408' title='bbox 3616 2585 3620 2587; x_wconf 48' lang='grc' dir='ltr'>ν</span> 
     </span>
    </p>
   </div>
   <div class='ocr_carea' id='block_1_58' title="bbox 1946 2657 3536 2741">
    <p class='ocr_par' dir='ltr' id='par_1_58' title="bbox 1946 2657 3536 2741">
     <span class='ocr_line' id='line_1_58' title="bbox 1946 2657 3536 2741; baseline -0.011 -12"><span class='ocrx_word' id='word_1_409' title='bbox 1946 2673 2197 2730; x_wconf 90' lang='lat' dir='ltr'><strong>nonnulli</strong></span> <span class='ocrx_word' id='word_1_410' title='bbox 2232 2689 2343 2728; x_wconf 92' lang='lat' dir='ltr'><strong>non</strong></span> <span class='ocrx_word' id='word_1_411' title='bbox 2368 2672 2559 2741; x_wconf 92' lang='lat' dir='ltr'><strong>utique</strong></span> <span class='ocrx_word' id='word_1_412' title='bbox 2585 2669 2888 2732; x_wconf 88' lang='lat' dir='ltr'><strong>Christum,</strong></span> <span class='ocrx_word' id='word_1_413' title='bbox 2915 2663 3100 2720; x_wconf 86' lang='lat' dir='ltr'><strong>omnia</strong></span> <span class='ocrx_word' id='word_1_414' title='bbox 3125 2659 3415 2724; x_wconf 88' lang='lat' dir='ltr'><strong>scientem,</strong></span> <span class='ocrx_word' id='word_1_415' title='bbox 3438 2657 3536 2713; x_wconf 91' lang='lat' dir='ltr'><strong>sed</strong></span> 
     </span>
    </p>
   </div>
   <div class='ocr_carea' id='block_1_59' title="bbox 1947 2750 3537 2835">
    <p class='ocr_par' dir='ltr' id='par_1_59' title="bbox 1947 2750 3537 2835">
     <span class='ocr_line' id='line_1_59' title="bbox 1947 2750 3537 2835; baseline -0.012 -14"><span class='ocrx_word' id='word_1_416' title='bbox 1947 2781 2044 2821; x_wconf 88' lang='lat' dir='ltr'><strong>eos</strong></span> <span class='ocrx_word' id='word_1_417' title='bbox 2086 2765 2182 2835; x_wconf 88' lang='lat' dir='ltr'><strong>qui</strong></span> <span class='ocrx_word' id='word_1_418' title='bbox 2227 2763 2374 2818; x_wconf 90' lang='lat' dir='ltr'><strong>illius</strong></span> <span class='ocrx_word' id='word_1_419' title='bbox 2414 2760 2645 2832; x_wconf 78' lang='lat' dir='ltr'><strong>figuram</strong></span> <span class='ocrx_word' id='word_1_420' title='bbox 2700 2764 2910 2822; x_wconf 88' lang='lat' dir='ltr'><strong>tenent,</strong></span> <span class='ocrx_word' id='word_1_421' title='bbox 2954 2754 3010 2809; x_wconf 92' lang='lat' dir='ltr'><strong>id</strong></span> <span class='ocrx_word' id='word_1_422' title='bbox 3061 2761 3167 2820; x_wconf 92' lang='lat' dir='ltr'><strong>est,</strong></span> <span class='ocrx_word' id='word_1_423' title='bbox 3207 2750 3537 2822; x_wconf 88' lang='lat' dir='ltr'><strong>populorum</strong></span> 
     </span>
    </p>
   </div>
   <div class='ocr_carea' id='block_1_60' title="bbox 1947 2843 3538 2930">
    <p class='ocr_par' dir='ltr' id='par_1_60' title="bbox 1947 2843 3538 2930">
     <span class='ocr_line' id='line_1_60' title="bbox 1947 2843 3538 2930; baseline -0.012 -15"><span class='ocrx_word' id='word_1_424' title='bbox 1947 2859 2245 2930; x_wconf 89' lang='lat' dir='ltr'><strong>principes,</strong></span> <span class='ocrx_word' id='word_1_425' title='bbox 2293 2865 2353 2911; x_wconf 92' lang='lat' dir='ltr'><strong>ut</strong></span> <span class='ocrx_word' id='word_1_426' title='bbox 2383 2855 2462 2909; x_wconf 89' lang='lat' dir='ltr'><strong>illi</strong></span> <span class='ocrx_word' id='word_1_427' title='bbox 2492 2853 2753 2909; x_wconf 89' lang='lat' dir='ltr'><strong>nimirum</strong></span> <span class='ocrx_word' id='word_1_428' title='bbox 2783 2865 2852 2906; x_wconf 89' lang='lat' dir='ltr'><strong>eo</strong></span> <span class='ocrx_word' id='word_1_429' title='bbox 2885 2857 3138 2918; x_wconf 90' lang='lat' dir='ltr'><strong>tempore</strong></span> <span class='ocrx_word' id='word_1_430' title='bbox 3167 2845 3346 2916; x_wconf 92' lang='lat' dir='ltr'><strong>ipsum</strong></span> <span class='ocrx_word' id='word_1_431' title='bbox 3369 2843 3538 2899; x_wconf 82' lang='lat' dir='ltr'><strong>Josue</strong></span> 
     </span>
    </p>
   </div>
   <div class='ocr_carea' id='block_1_61' title="bbox 1949 2935 3536 3019">
    <p class='ocr_par' dir='ltr' id='par_1_61' title="bbox 1949 2935 3536 3019">
     <span class='ocr_line' id='line_1_61' title="bbox 1949 2935 3536 3019; baseline -0.013 -11"><span class='ocrx_word' id='word_1_432' title='bbox 1949 2952 2281 3013; x_wconf 88' lang='lat' dir='ltr'><strong>fefellerunt,</strong></span> <span class='ocrx_word' id='word_1_433' title='bbox 2317 2948 2411 3019; x_wconf 91' lang='lat' dir='ltr'><strong>qui</strong></span> <span class='ocrx_word' id='word_1_434' title='bbox 2454 2947 2512 3002; x_wconf 92' lang='lat' dir='ltr'><strong>in</strong></span> <span class='ocrx_word' id='word_1_435' title='bbox 2535 2944 2747 3002; x_wconf 87' lang='lat' dir='ltr'><strong>Christi</strong></span> <span class='ocrx_word' id='word_1_436' title='bbox 2790 2942 2966 3013; x_wconf 85' lang='lat' dir='ltr'><strong>ﬁgura</strong></span> <span class='ocrx_word' id='word_1_437' title='bbox 3007 2948 3174 3009; x_wconf 88' lang='lat' dir='ltr'><strong>atque</strong></span> <span class='ocrx_word' id='word_1_438' title='bbox 3209 2936 3448 3007; x_wconf 78' lang='lat' dir='ltr'><strong>imagine</strong></span> <span class='ocrx_word' id='word_1_439' title='bbox 3479 2935 3536 2988; x_wconf 91' lang='lat' dir='ltr'><strong>in</strong></span> 
     </span>
    </p>
   </div>
   <div class='ocr_carea' id='block_1_62' title="bbox 260 3023 1844 3123">
    <p class='ocr_par' dir='ltr' id='par_1_62' title="bbox 260 3027 1843 3102">
     <span class='ocr_line' id='line_1_62' title="bbox 260 3027 1843 3102; baseline -0.001 -20"><span class='ocrx_word' id='word_1_440' title='bbox 260 3029 605 3099; x_wconf 83' lang='grc' dir='ltr'>σωθήσονται</span> <span class='ocrx_word' id='word_1_441' title='bbox 655 3030 840 3100; x_wconf 85' lang='grc' dir='ltr'>μόλις,</span> <span class='ocrx_word' id='word_1_442' title='bbox 879 3031 1074 3102; x_wconf 87' lang='grc' dir='ltr'>μοῖραν</span> <span class='ocrx_word' id='word_1_443' title='bbox 1115 3027 1331 3099; x_wconf 79' lang='grc' dir='ltr'>ἔχοντες</span> <span class='ocrx_word' id='word_1_444' title='bbox 1365 3027 1463 3099; x_wconf 84' lang='grc' dir='ltr'><strong>τὴν</strong></span> <span class='ocrx_word' id='word_1_445' title='bbox 1504 3027 1843 3099; x_wconf 83' lang='grc' dir='ltr'>δουλοπρεπῆ</span> 
     </span>
    </p>
   </div>
   <div class='ocr_carea' id='block_1_63' title="bbox 1947 3023 3538 3123">
    <p class='ocr_par' dir='ltr' id='par_1_63' title="bbox 1951 3023 3538 3109">
     <span class='ocr_line' id='line_1_63' title="bbox 1951 3023 3538 3109; baseline -0.011 -14"><span class='ocrx_word' id='word_1_446' title='bbox 1951 3039 2235 3109; x_wconf 90' lang='lat' dir='ltr'><strong>Scriptura</strong></span> <span class='ocrx_word' id='word_1_447' title='bbox 2279 3035 2584 3106; x_wconf 90' lang='lat' dir='ltr'><strong>productus</strong></span> <span class='ocrx_word' id='word_1_448' title='bbox 2627 3040 2714 3088; x_wconf 88' lang='lat' dir='ltr'><strong>est</strong></span> <span class='ocrx_word' id='word_1_449' title='bbox 2752 3048 2765 3084; x_wconf 91' lang='lat'><strong>:</strong></span> <span class='ocrx_word' id='word_1_450' title='bbox 2802 3037 2858 3086; x_wconf 91' lang='lat' dir='ltr'><strong>et</strong></span> <span class='ocrx_word' id='word_1_451' title='bbox 2882 3028 3155 3086; x_wconf 89' lang='lat' dir='ltr'><strong>accedunt</strong></span> <span class='ocrx_word' id='word_1_452' title='bbox 3197 3025 3340 3080; x_wconf 85' lang='lat' dir='ltr'><strong>dolis</strong></span> <span class='ocrx_word' id='word_1_453' title='bbox 3383 3023 3538 3088; x_wconf 88' lang='lat' dir='ltr'><strong>tecti,</strong></span> 
     </span>
    </p>
   </div>
   <div class='ocr_carea' id='block_1_64' title="bbox 259 3121 1850 3194">
    <p class='ocr_par' dir='ltr' id='par_1_64' title="bbox 259 3121 1850 3194">
     <span class='ocr_line' id='line_1_64' title="bbox 259 3121 1850 3194; baseline -0.003 -17"><span class='ocrx_word' id='word_1_454' title='bbox 259 3124 358 3178; x_wconf 73' lang='grc' dir='ltr'><strong>καὶ</strong></span> <span class='ocrx_word' id='word_1_455' title='bbox 386 3123 647 3193; x_wconf 67' lang='grc' dir='ltr'>ἐσχάτηνο</span> <span class='ocrx_word' id='word_1_456' title='bbox 679 3122 1035 3194; x_wconf 86' lang='grc' dir='ltr'>ἀνελευθέρου</span> <span class='ocrx_word' id='word_1_457' title='bbox 1064 3121 1174 3194; x_wconf 82' lang='grc' dir='ltr'><strong>γὰρ</strong></span> <span class='ocrx_word' id='word_1_458' title='bbox 1205 3121 1454 3193; x_wconf 84' lang='grc' dir='ltr'>γνώμης,</span> <span class='ocrx_word' id='word_1_459' title='bbox 1496 3121 1678 3187; x_wconf 81' lang='grc' dir='ltr'>ἀπάτη</span> <span class='ocrx_word' id='word_1_460' title='bbox 1710 3137 1850 3190; x_wconf 90' lang='grc' dir='ltr'>καρ-</span> 
     </span>
    </p>
   </div>
   <div class='ocr_carea' id='block_1_65' title="bbox 261 3212 1854 3288">
    <p class='ocr_par' dir='ltr' id='par_1_65' title="bbox 261 3212 1854 3288">
     <span class='ocr_line' id='line_1_65' title="bbox 261 3212 1854 3288; baseline -0.002 -20"><span class='ocrx_word' id='word_1_461' title='bbox 261 3217 385 3282; x_wconf 73' lang='grc' dir='ltr'>πός.</span> <span class='ocrx_word' id='word_1_462' title='bbox 421 3217 614 3288; x_wconf 80' lang='grc' dir='ltr'>Ἡμεῖς</span> <span class='ocrx_word' id='word_1_463' title='bbox 638 3216 716 3280; x_wconf 82' lang='grc' dir='ltr'><strong>δὲ,</strong></span> <span class='ocrx_word' id='word_1_464' title='bbox 737 3213 820 3280; x_wconf 75' lang='grc' dir='ltr'>οἷς</span> <span class='ocrx_word' id='word_1_465' title='bbox 839 3215 901 3269; x_wconf 73' lang='grc' dir='ltr'>τὸ</span> <span class='ocrx_word' id='word_1_466' title='bbox 927 3219 1142 3287; x_wconf 84' lang='grc' dir='ltr'>φρονεῖν</span> <span class='ocrx_word' id='word_1_467' title='bbox 1164 3214 1330 3284; x_wconf 82' lang='grc' dir='ltr'>ὑγιῶς</span> <span class='ocrx_word' id='word_1_468' title='bbox 1352 3213 1421 3267; x_wconf 88' lang='grc' dir='ltr'><strong>τά</strong></span> <span class='ocrx_word' id='word_1_469' title='bbox 1441 3213 1536 3267; x_wconf 89' lang='grc' dir='ltr'><strong>τοῦ</strong></span> <span class='ocrx_word' id='word_1_470' title='bbox 1564 3212 1700 3266; x_wconf 90' lang='grc' dir='ltr'>Θεοῦ</span> <span class='ocrx_word' id='word_1_471' title='bbox 1732 3229 1854 3266; x_wconf 85' lang='grc' dir='ltr'>σκο-</span> 
     </span>
    </p>
   </div>
   <div class='ocr_carea' id='block_1_66' title="bbox 260 3302 1851 3377">
    <p class='ocr_par' dir='ltr' id='par_1_66' title="bbox 260 3302 1851 3377">
     <span class='ocr_line' id='line_1_66' title="bbox 260 3302 1851 3377; baseline -0.003 -17"><span class='ocrx_word' id='word_1_472' title='bbox 260 3308 364 3372; x_wconf 81' lang='grc' dir='ltr'><strong>πὸς</strong></span> <span class='ocrx_word' id='word_1_473' title='bbox 388 3308 486 3361; x_wconf 74' lang='grc' dir='ltr'>καὶ</span> <span class='ocrx_word' id='word_1_474' title='bbox 507 3307 982 3372; x_wconf 76' lang='grc' dir='ltr'>ἀποσπουδάζεται</span> <span class='ocrx_word' id='word_1_475' title='bbox 1001 3306 1072 3361; x_wconf 87' lang='grc' dir='ltr'><strong>τά</strong></span> <span class='ocrx_word' id='word_1_476' title='bbox 1091 3305 1277 3372; x_wconf 86' lang='grc' dir='ltr'>λοιπὰ,</span> <span class='ocrx_word' id='word_1_477' title='bbox 1307 3303 1750 3377; x_wconf 78' lang='grc' dir='ltr'>προσκεισόμεθα</span> <span class='ocrx_word' id='word_1_478' title='bbox 1772 3302 1851 3374; x_wconf 81' lang='grc' dir='ltr'>τῷ</span> 
     </span>
    </p>
   </div>
   <div class='ocr_carea' id='block_1_67' title="bbox 262 3397 1850 3473">
    <p class='ocr_par' dir='ltr' id='par_1_67' title="bbox 262 3397 1850 3473">
     <span class='ocr_line' id='line_1_67' title="bbox 262 3397 1850 3473; baseline -0.003 -18"><span class='ocrx_word' id='word_1_479' title='bbox 262 3403 384 3473; x_wconf 83' lang='grc' dir='ltr'>ίδίῳ</span> <span class='ocrx_word' id='word_1_480' title='bbox 414 3402 662 3473; x_wconf 86' lang='grc' dir='ltr'>Δεσπότῃ</span> <span class='ocrx_word' id='word_1_481' title='bbox 694 3402 789 3455; x_wconf 77' lang='grc' dir='ltr'>καὶ</span> <span class='ocrx_word' id='word_1_482' title='bbox 818 3401 938 3471; x_wconf 85' lang='grc' dir='ltr'>Θεῷ</span> <span class='ocrx_word' id='word_1_483' title='bbox 966 3401 1075 3455; x_wconf 87' lang='grc' dir='ltr'><strong>τῶν</strong></span> <span class='ocrx_word' id='word_1_484' title='bbox 1105 3399 1263 3466; x_wconf 83' lang='grc' dir='ltr'>ὅλων,</span> <span class='ocrx_word' id='word_1_485' title='bbox 1301 3399 1359 3466; x_wconf 75' lang='grc' dir='ltr'>ἐξ</span> <span class='ocrx_word' id='word_1_486' title='bbox 1391 3398 1571 3469; x_wconf 81' lang='grc' dir='ltr'>ἁπλῆς</span> <span class='ocrx_word' id='word_1_487' title='bbox 1600 3397 1850 3470; x_wconf 87' lang='grc' dir='ltr'>καρδίας,</span> 
     </span>
    </p>
   </div>
   <div class='ocr_carea' id='block_1_68' title="bbox 261 3490 1851 3565">
    <p class='ocr_par' dir='ltr' id='par_1_68' title="bbox 261 3490 1851 3565">
     <span class='ocr_line' id='line_1_68' title="bbox 261 3490 1851 3565; baseline -0.003 -18"><span class='ocrx_word' id='word_1_488' title='bbox 261 3496 327 3547; x_wconf 82' lang='grc' dir='ltr'>ἐκ</span> <span class='ocrx_word' id='word_1_489' title='bbox 355 3493 597 3557; x_wconf 87' lang='grc' dir='ltr'>διανοίας</span> <span class='ocrx_word' id='word_1_490' title='bbox 629 3494 815 3565; x_wconf 83' lang='grc' dir='ltr'>ὀρθῆς,</span> <span class='ocrx_word' id='word_1_491' title='bbox 850 3492 910 3557; x_wconf 77' lang='grc' dir='ltr'><strong>ἐξ</strong></span> <span class='ocrx_word' id='word_1_492' title='bbox 939 3490 1216 3555; x_wconf 84' lang='grc' dir='ltr'>ὁλοτελοῦς</span> <span class='ocrx_word' id='word_1_493' title='bbox 1248 3492 1499 3561; x_wconf 83' lang='grc' dir='ltr'>ἀγάπης,</span> <span class='ocrx_word' id='word_1_494' title='bbox 1545 3492 1851 3563; x_wconf 80' lang='grc' dir='ltr'>ἀρρωστεῖν</span> 
     </span>
    </p>
   </div>
   <div class='ocr_carea' id='block_1_69' title="bbox 260 3582 1849 3658">
    <p class='ocr_par' dir='ltr' id='par_1_69' title="bbox 260 3582 1849 3658">
     <span class='ocr_line' id='line_1_69' title="bbox 260 3582 1849 3658; baseline -0.003 -19"><span class='ocrx_word' id='word_1_495' title='bbox 260 3588 322 3641; x_wconf 80' lang='grc' dir='ltr'><strong>τὸ</strong></span> <span class='ocrx_word' id='word_1_496' title='bbox 353 3587 576 3658; x_wconf 79' lang='grc' dir='ltr'>δίψυχον</span> <span class='ocrx_word' id='word_1_497' title='bbox 603 3586 704 3641; x_wconf 79' lang='grc' dir='ltr'><strong>οὐκ</strong></span> <span class='ocrx_word' id='word_1_498' title='bbox 737 3585 1104 3657; x_wconf 79' lang='grc' dir='ltr'>ἀνεχομένης,</span> <span class='ocrx_word' id='word_1_499' title='bbox 1139 3583 1520 3655; x_wconf 84' lang='grc' dir='ltr'>ἀποφοιτώσης</span> <span class='ocrx_word' id='word_1_500' title='bbox 1548 3582 1605 3636; x_wconf 83' lang='grc' dir='ltr'>δὲ</span> <span class='ocrx_word' id='word_1_501' title='bbox 1648 3597 1849 3636; x_wconf 71' lang='grc' dir='ltr'><strong>ιτταντε⁹</strong></span> 
     </span>
    </p>
   </div>
   <div class='ocr_carea' id='block_1_70' title="bbox 262 3671 1852 3749">
    <p class='ocr_par' dir='ltr' id='par_1_70' title="bbox 262 3671 1852 3749">
     <span class='ocr_line' id='line_1_70' title="bbox 262 3671 1852 3749; baseline -0.003 -20"><span class='ocrx_word' id='word_1_502' title='bbox 262 3678 370 3743; x_wconf 80' lang='grc' dir='ltr'><strong>λῶς</strong></span> <span class='ocrx_word' id='word_1_503' title='bbox 405 3678 555 3748; x_wconf 69' lang='grc' dir='ltr'>ἠθῶν</span> <span class='ocrx_word' id='word_1_504' title='bbox 588 3679 682 3731; x_wconf 80' lang='grc' dir='ltr'><strong>καὶ</strong></span> <span class='ocrx_word' id='word_1_505' title='bbox 711 3677 1076 3749; x_wconf 80' lang='grc' dir='ltr'>φρονημάτων</span> <span class='ocrx_word' id='word_1_506' title='bbox 1117 3674 1482 3746; x_wconf 84' lang='grc' dir='ltr'>Ἑλληνικῶν,</span> <span class='ocrx_word' id='word_1_507' title='bbox 1528 3674 1624 3727; x_wconf 78' lang='grc' dir='ltr'><strong>καὶ</strong></span> <span class='ocrx_word' id='word_1_508' title='bbox 1666 3671 1852 3743; x_wconf 89' lang='grc' dir='ltr'>ἰούσης</span> 
     </span>
    </p>
   </div>
   <div class='ocr_carea' id='block_1_71' title="bbox 263 3763 1852 3840">
    <p class='ocr_par' dir='ltr' id='par_1_71' title="bbox 263 3763 1852 3840">
     <span class='ocr_line' id='line_1_71' title="bbox 263 3763 1852 3840; baseline -0.004 -16"><span class='ocrx_word' id='word_1_509' title='bbox 263 3770 338 3835; x_wconf 84' lang='grc' dir='ltr'><strong>ὡς</strong></span> <span class='ocrx_word' id='word_1_510' title='bbox 365 3770 642 3824; x_wconf 76' lang='grc' dir='ltr'>ἀπωτάτω</span> <span class='ocrx_word' id='word_1_511' title='bbox 663 3769 760 3822; x_wconf 74' lang='grc' dir='ltr'>καὶ</span> <span class='ocrx_word' id='word_1_512' title='bbox 789 3769 934 3840; x_wconf 82' lang='grc' dir='ltr'>μάλα</span> <span class='ocrx_word' id='word_1_513' title='bbox 956 3768 1173 3839; x_wconf 89' lang='grc' dir='ltr'>γοργῶς</span> <span class='ocrx_word' id='word_1_514' title='bbox 1200 3767 1310 3822; x_wconf 87' lang='grc' dir='ltr'><strong>τῶν</strong></span> <span class='ocrx_word' id='word_1_515' title='bbox 1337 3768 1402 3820; x_wconf 80' lang='grc' dir='ltr'>ἐκ</span> <span class='ocrx_word' id='word_1_516' title='bbox 1429 3766 1595 3836; x_wconf 87' lang='grc' dir='ltr'>νόμου</span> <span class='ocrx_word' id='word_1_517' title='bbox 1623 3763 1852 3819; x_wconf 83' lang='grc' dir='ltr'>καταδε-</span> 
     </span>
    </p>
   </div>
   <div class='ocr_carea' id='block_1_72' title="bbox 264 3855 1852 3934">
    <p class='ocr_par' dir='ltr' id='par_1_72' title="bbox 264 3855 1852 3934">
     <span class='ocr_line' id='line_1_72' title="bbox 264 3855 1852 3934; baseline -0.004 -19"><span class='ocrx_word' id='word_1_518' title='bbox 264 3862 629 3934; x_wconf 81' lang='grc' dir='ltr'>δικασμένων.</span> <span class='ocrx_word' id='word_1_519' title='bbox 692 3860 958 3932; x_wconf 86' lang='grc' dir='ltr'>Ἐσόμεθα</span> <span class='ocrx_word' id='word_1_520' title='bbox 1004 3860 1113 3932; x_wconf 83' lang='grc' dir='ltr'>γὰρ</span> <span class='ocrx_word' id='word_1_521' title='bbox 1157 3858 1304 3913; x_wconf 80' lang='grc' dir='ltr'>οὕτω</span> <span class='ocrx_word' id='word_1_522' title='bbox 1355 3857 1556 3912; x_wconf 88' lang='grc' dir='ltr'>τέλειοι</span> <span class='ocrx_word' id='word_1_523' title='bbox 1609 3855 1852 3910; x_wconf 75' lang='grc' dir='ltr'>ἐναντίον</span> 
     </span>
    </p>
   </div>
   <div class='ocr_carea' id='block_1_73' title="bbox 269 3947 1851 4028">
    <p class='ocr_par' dir='ltr' id='par_1_73' title="bbox 269 3947 1851 4028">
     <span class='ocr_line' id='line_1_73' title="bbox 269 3947 1851 4028; baseline -0.006 -19"><span class='ocrx_word' id='word_1_524' title='bbox 269 3956 476 4028; x_wconf 80' lang='grc' dir='ltr'>Κυρίου</span> <span class='ocrx_word' id='word_1_525' title='bbox 501 3954 597 4008; x_wconf 86' lang='grc' dir='ltr'><strong>τοῦ</strong></span> <span class='ocrx_word' id='word_1_526' title='bbox 623 3952 780 4020; x_wconf 85' lang='grc' dir='ltr'>Θεοῦ,</span> <span class='ocrx_word' id='word_1_527' title='bbox 803 3951 945 4007; x_wconf 81' lang='grc' dir='ltr'>κατὰ</span> <span class='ocrx_word' id='word_1_528' title='bbox 961 3954 1023 4006; x_wconf 82' lang='grc' dir='ltr'><strong>τὸ</strong></span> <span class='ocrx_word' id='word_1_529' title='bbox 1043 3949 1451 4024; x_wconf 85' lang='grc' dir='ltr'>γεγραμμένον,</span> <span class='ocrx_word' id='word_1_530' title='bbox 1471 3949 1566 4003; x_wconf 75' lang='grc' dir='ltr'>καὶ</span> <span class='ocrx_word' id='word_1_531' title='bbox 1585 3947 1851 4018; x_wconf 82' lang='grc' dir='ltr'>λαμπροὶ,</span> 
     </span>
    </p>
   </div>
   <div class='ocr_carea' id='block_1_74' title="bbox 273 4037 1854 4118">
    <p class='ocr_par' dir='ltr' id='par_1_74' title="bbox 273 4037 1854 4118">
     <span class='ocr_line' id='line_1_74' title="bbox 273 4037 1854 4118; baseline -0.005 -18"><span class='ocrx_word' id='word_1_532' title='bbox 273 4049 361 4101; x_wconf 75' lang='grc' dir='ltr'>καὶ</span> <span class='ocrx_word' id='word_1_533' title='bbox 398 4047 678 4118; x_wconf 82' lang='grc' dir='ltr'>εὐδόκιμοι</span> <span class='ocrx_word' id='word_1_534' title='bbox 709 4046 848 4117; x_wconf 88' lang='grc' dir='ltr'><strong>μετά</strong></span> <span class='ocrx_word' id='word_1_535' title='bbox 874 4044 984 4101; x_wconf 88' lang='grc' dir='ltr'><strong>τῶν</strong></span> <span class='ocrx_word' id='word_1_536' title='bbox 1015 4044 1193 4100; x_wconf 83' lang='grc' dir='ltr'>ἄλλων</span> <span class='ocrx_word' id='word_1_537' title='bbox 1225 4041 1398 4112; x_wconf 81' lang='grc' dir='ltr'>ἁγίων</span> <span class='ocrx_word' id='word_1_538' title='bbox 1430 4041 1489 4094; x_wconf 85' lang='grc' dir='ltr'>ὲν</span> <span class='ocrx_word' id='word_1_539' title='bbox 1515 4037 1758 4110; x_wconf 83' lang='grc' dir='ltr'>Χριστῷ,</span> <span class='ocrx_word' id='word_1_540' title='bbox 1787 4039 1854 4093; x_wconf 83' lang='grc' dir='ltr'>δι’</span> 
     </span>
    </p>
   </div>
   <div class='ocr_carea' id='block_1_75' title="bbox 1955 3114 3540 3199">
    <p class='ocr_par' dir='ltr' id='par_1_75' title="bbox 1955 3114 3540 3199">
     <span class='ocr_line' id='line_1_75' title="bbox 1955 3114 3540 3199; baseline -0.011 -13"><span class='ocrx_word' id='word_1_541' title='bbox 1955 3129 2270 3199; x_wconf 84' lang='lat' dir='ltr'><strong>abditisque</strong></span> <span class='ocrx_word' id='word_1_542' title='bbox 2301 3127 2524 3198; x_wconf 88' lang='lat' dir='ltr'><strong>penitus</strong></span> <span class='ocrx_word' id='word_1_543' title='bbox 2561 3122 2826 3187; x_wconf 90' lang='lat' dir='ltr'><strong>consiliis,</strong></span> <span class='ocrx_word' id='word_1_544' title='bbox 2875 3119 3156 3189; x_wconf 87' lang='lat' dir='ltr'><strong>animique</strong></span> <span class='ocrx_word' id='word_1_545' title='bbox 3197 3116 3425 3181; x_wconf 90' lang='lat' dir='ltr'><strong>malitia,</strong></span> <span class='ocrx_word' id='word_1_546' title='bbox 3462 3114 3540 3169; x_wconf 88' lang='lat' dir='ltr'><strong>si-</strong></span> 
     </span>
    </p>
   </div>
   <div class='ocr_carea' id='block_1_76' title="bbox 1955 3205 3542 3287">
    <p class='ocr_par' dir='ltr' id='par_1_76' title="bbox 1955 3205 3542 3287">
     <span class='ocr_line' id='line_1_76' title="bbox 1955 3205 3542 3287; baseline -0.011 -10"><span class='ocrx_word' id='word_1_547' title='bbox 1955 3220 2325 3276; x_wconf 90' lang='lat' dir='ltr'><strong>mulationem</strong></span> <span class='ocrx_word' id='word_1_548' title='bbox 2373 3216 2531 3287; x_wconf 91' lang='lat' dir='ltr'><strong>quasi</strong></span> <span class='ocrx_word' id='word_1_549' title='bbox 2576 3214 2828 3270; x_wconf 89' lang='lat' dir='ltr'><strong>velamen</strong></span> <span class='ocrx_word' id='word_1_550' title='bbox 2870 3209 3276 3281; x_wconf 69' lang='lat' dir='ltr'><strong>praetendentes</strong></span> <span class='ocrx_word' id='word_1_551' title='bbox 3306 3224 3320 3260; x_wconf 92' lang='lat'><strong>:</strong></span> <span class='ocrx_word' id='word_1_552' title='bbox 3348 3205 3542 3276; x_wconf 90' lang='lat' dir='ltr'><strong>depre-</strong></span> 
     </span>
    </p>
   </div>
   <div class='ocr_carea' id='block_1_77' title="bbox 1960 3298 3540 3380">
    <p class='ocr_par' dir='ltr' id='par_1_77' title="bbox 1960 3298 3540 3380">
     <span class='ocr_line' id='line_1_77' title="bbox 1960 3298 3540 3380; baseline -0.011 -11"><span class='ocrx_word' id='word_1_553' title='bbox 1960 3312 2120 3370; x_wconf 88' lang='lat' dir='ltr'><strong>hensi</strong></span> <span class='ocrx_word' id='word_1_554' title='bbox 2172 3318 2356 3364; x_wconf 92' lang='lat' dir='ltr'><strong>autem</strong></span> <span class='ocrx_word' id='word_1_555' title='bbox 2383 3309 2583 3380; x_wconf 90' lang='lat' dir='ltr'><strong>(neque</strong></span> <span class='ocrx_word' id='word_1_556' title='bbox 2620 3305 2770 3360; x_wconf 92' lang='lat' dir='ltr'><strong>enim</strong></span> <span class='ocrx_word' id='word_1_557' title='bbox 2802 3304 2976 3358; x_wconf 90' lang='lat' dir='ltr'><strong>latere</strong></span> <span class='ocrx_word' id='word_1_558' title='bbox 3002 3301 3083 3357; x_wconf 88' lang='lat' dir='ltr'><strong>fas</strong></span> <span class='ocrx_word' id='word_1_559' title='bbox 3120 3300 3228 3371; x_wconf 90' lang='lat' dir='ltr'><strong>est)</strong></span> <span class='ocrx_word' id='word_1_560' title='bbox 3267 3298 3361 3353; x_wconf 82' lang='lat' dir='ltr'><strong>vix</strong></span> <span class='ocrx_word' id='word_1_561' title='bbox 3390 3298 3540 3353; x_wconf 85' lang='lat' dir='ltr'><strong>salu-</strong></span> 
     </span>
    </p>
   </div>
   <div class='ocr_carea' id='block_1_78' title="bbox 1956 3387 3540 3467">
    <p class='ocr_par' dir='ltr' id='par_1_78' title="bbox 1956 3387 3540 3467">
     <span class='ocr_line' id='line_1_78' title="bbox 1956 3387 3540 3467; baseline -0.014 -7"><span class='ocrx_word' id='word_1_562' title='bbox 1956 3414 2068 3460; x_wconf 90' lang='lat' dir='ltr'><strong>tem</strong></span> <span class='ocrx_word' id='word_1_563' title='bbox 2099 3400 2439 3467; x_wconf 82' lang='lat' dir='ltr'><strong>retinebunt,</strong></span> <span class='ocrx_word' id='word_1_564' title='bbox 2466 3397 2525 3452; x_wconf 91' lang='lat' dir='ltr'><strong>in</strong></span> <span class='ocrx_word' id='word_1_565' title='bbox 2547 3394 2803 3451; x_wconf 90' lang='lat' dir='ltr'><strong>servilem</strong></span> <span class='ocrx_word' id='word_1_566' title='bbox 2826 3399 2992 3461; x_wconf 87' lang='lat' dir='ltr'><strong>atque</strong></span> <span class='ocrx_word' id='word_1_567' title='bbox 3018 3389 3268 3444; x_wconf 85' lang='lat' dir='ltr'><strong>infimum</strong></span> <span class='ocrx_word' id='word_1_568' title='bbox 3293 3387 3540 3442; x_wconf 89' lang='lat' dir='ltr'><strong>ordinem</strong></span> 
     </span>
    </p>
   </div>
   <div class='ocr_carea' id='block_1_79' title="bbox 1960 3475 3543 3559">
    <p class='ocr_par' dir='ltr' id='par_1_79' title="bbox 1960 3475 3543 3559">
     <span class='ocr_line' id='line_1_79' title="bbox 1960 3475 3543 3559; baseline -0.013 -10"><span class='ocrx_word' id='word_1_569' title='bbox 1960 3491 2175 3549; x_wconf 88' lang='lat' dir='ltr'><strong>redacti</strong></span> <span class='ocrx_word' id='word_1_570' title='bbox 2209 3509 2222 3544; x_wconf 86' lang='lat'><strong>:</strong></span> <span class='ocrx_word' id='word_1_571' title='bbox 2253 3489 2418 3559; x_wconf 72' lang='grc'><strong>216</strong></span> <span class='ocrx_word' id='word_1_572' title='bbox 2465 3494 2552 3542; x_wconf 91' lang='lat' dir='ltr'><strong>est</strong></span> <span class='ocrx_word' id='word_1_573' title='bbox 2600 3485 2749 3540; x_wconf 89' lang='lat' dir='ltr'><strong>enim</strong></span> <span class='ocrx_word' id='word_1_574' title='bbox 2803 3481 3018 3538; x_wconf 84' lang='lat' dir='ltr'><strong>fallacia</strong></span> <span class='ocrx_word' id='word_1_575' title='bbox 3051 3477 3338 3534; x_wconf 89' lang='lat' dir='ltr'><strong>illiberalis</strong></span> <span class='ocrx_word' id='word_1_576' title='bbox 3374 3475 3543 3530; x_wconf 89' lang='lat' dir='ltr'><strong>animi</strong></span> 
     </span>
    </p>
   </div>
   <div class='ocr_carea' id='block_1_80' title="bbox 1956 3572 3545 3647">
    <p class='ocr_par' dir='ltr' id='par_1_80' title="bbox 1956 3572 3545 3647">
     <span class='ocr_line' id='line_1_80' title="bbox 1956 3572 3545 3647; baseline -0.011 -9"><span class='ocrx_word' id='word_1_577' title='bbox 1956 3580 2317 3638; x_wconf 84' lang='lat' dir='ltr'><strong>fructus.Nos</strong></span> <span class='ocrx_word' id='word_1_578' title='bbox 2340 3585 2548 3643; x_wconf 85' lang='lat' dir='ltr'><strong>autem,</strong></span> <span class='ocrx_word' id='word_1_579' title='bbox 2581 3575 2783 3647; x_wconf 87' lang='lat' dir='ltr'><strong>quibus</strong></span> <span class='ocrx_word' id='word_1_580' title='bbox 2818 3572 3164 3644; x_wconf 91' lang='lat' dir='ltr'><strong>propositum</strong></span> <span class='ocrx_word' id='word_1_581' title='bbox 3191 3576 3386 3632; x_wconf 89' lang='lat' dir='ltr'><strong>estea,</strong></span> <span class='ocrx_word' id='word_1_582' title='bbox 3422 3581 3545 3636; x_wconf 68' lang='lat' dir='ltr'><strong>qua:</strong></span> 
     </span>
    </p>
   </div>
   <div class='ocr_carea' id='block_1_81' title="bbox 1956 3656 3544 3741">
    <p class='ocr_par' dir='ltr' id='par_1_81' title="bbox 1956 3656 3544 3741">
     <span class='ocr_line' id='line_1_81' title="bbox 1956 3656 3544 3741; baseline -0.011 -12"><span class='ocrx_word' id='word_1_583' title='bbox 1956 3674 2053 3728; x_wconf 91' lang='lat' dir='ltr'><strong>Dei</strong></span> <span class='ocrx_word' id='word_1_584' title='bbox 2091 3679 2240 3738; x_wconf 91' lang='lat' dir='ltr'><strong>sunt,</strong></span> <span class='ocrx_word' id='word_1_585' title='bbox 2293 3671 2508 3741; x_wconf 85' lang='lat' dir='ltr'><strong>integro</strong></span> <span class='ocrx_word' id='word_1_586' title='bbox 2552 3681 2795 3738; x_wconf 90' lang='lat' dir='ltr'><strong>sanoque</strong></span> <span class='ocrx_word' id='word_1_587' title='bbox 2841 3665 3026 3720; x_wconf 90' lang='lat' dir='ltr'><strong>animo</strong></span> <span class='ocrx_word' id='word_1_588' title='bbox 3068 3661 3312 3726; x_wconf 89' lang='lat' dir='ltr'><strong>sentire,</strong></span> <span class='ocrx_word' id='word_1_589' title='bbox 3351 3665 3408 3713; x_wconf 89' lang='lat' dir='ltr'><strong>et</strong></span> <span class='ocrx_word' id='word_1_590' title='bbox 3448 3656 3544 3728; x_wconf 85' lang='lat' dir='ltr'><strong>qui</strong></span> 
     </span>
    </p>
   </div>
   <div class='ocr_carea' id='block_1_82' title="bbox 1960 3751 3548 3834">
    <p class='ocr_par' dir='ltr' id='par_1_82' title="bbox 1960 3751 3548 3834">
     <span class='ocr_line' id='line_1_82' title="bbox 1960 3751 3548 3834; baseline -0.01 -14"><span class='ocrx_word' id='word_1_591' title='bbox 1960 3773 2168 3821; x_wconf 69' lang='lat' dir='ltr'><strong>caetera</strong></span> <span class='ocrx_word' id='word_1_592' title='bbox 2202 3762 2548 3834; x_wconf 78' lang='lat' dir='ltr'><strong>negligimus,</strong></span> <span class='ocrx_word' id='word_1_593' title='bbox 2591 3759 2824 3815; x_wconf 91' lang='lat' dir='ltr'><strong>Domino</strong></span> <span class='ocrx_word' id='word_1_594' title='bbox 2848 3765 3042 3813; x_wconf 87' lang='lat' dir='ltr'><strong>nostro</strong></span> <span class='ocrx_word' id='word_1_595' title='bbox 3063 3756 3287 3824; x_wconf 91' lang='lat' dir='ltr'><strong>Deoque</strong></span> <span class='ocrx_word' id='word_1_596' title='bbox 3318 3751 3548 3807; x_wconf 87' lang='lat' dir='ltr'><strong>univer-</strong></span> 
     </span>
    </p>
   </div>
   <div class='ocr_carea' id='block_1_83' title="bbox 1952 3841 3544 3924">
    <p class='ocr_par' dir='ltr' id='par_1_83' title="bbox 1952 3841 3544 3924">
     <span class='ocr_line' id='line_1_83' title="bbox 1952 3841 3544 3924; baseline -0.012 -11"><span class='ocrx_word' id='word_1_597' title='bbox 1952 3872 2141 3914; x_wconf 91' lang='lat' dir='ltr'><strong>sorum</strong></span> <span class='ocrx_word' id='word_1_598' title='bbox 2174 3854 2413 3924; x_wconf 90' lang='lat' dir='ltr'><strong>simplici</strong></span> <span class='ocrx_word' id='word_1_599' title='bbox 2453 3851 2640 3917; x_wconf 90' lang='lat' dir='ltr'><strong>corde,</strong></span> <span class='ocrx_word' id='word_1_600' title='bbox 2685 3857 2839 3906; x_wconf 88' lang='lat' dir='ltr'><strong>recto</strong></span> <span class='ocrx_word' id='word_1_601' title='bbox 2863 3847 3067 3912; x_wconf 90' lang='lat' dir='ltr'><strong>animo,</strong></span> <span class='ocrx_word' id='word_1_602' title='bbox 3093 3853 3150 3900; x_wconf 88' lang='lat' dir='ltr'><strong>et</strong></span> <span class='ocrx_word' id='word_1_603' title='bbox 3178 3845 3387 3914; x_wconf 87' lang='lat' dir='ltr'><strong>integra</strong></span> <span class='ocrx_word' id='word_1_604' title='bbox 3411 3841 3544 3896; x_wconf 88' lang='lat' dir='ltr'><strong>cha-</strong></span> 
     </span>
    </p>
   </div>
   <div class='ocr_carea' id='block_1_84' title="bbox 1953 3927 3546 4011">
    <p class='ocr_par' dir='ltr' id='par_1_84' title="bbox 1953 3927 3546 4011">
     <span class='ocr_line' id='line_1_84' title="bbox 1953 3927 3546 4011; baseline -0.014 -6"><span class='ocrx_word' id='word_1_605' title='bbox 1953 3951 2120 4005; x_wconf 86' lang='lat' dir='ltr'><strong>ritate</strong></span> <span class='ocrx_word' id='word_1_606' title='bbox 2158 3945 2582 4009; x_wconf 83' lang='lat' dir='ltr'><strong>adhaerebimus,</strong></span> <span class='ocrx_word' id='word_1_607' title='bbox 2629 3957 2751 4011; x_wconf 85' lang='lat' dir='ltr'><strong>quae</strong></span> <span class='ocrx_word' id='word_1_608' title='bbox 2780 3955 2892 3996; x_wconf 90' lang='lat' dir='ltr'><strong>non</strong></span> <span class='ocrx_word' id='word_1_609' title='bbox 2925 3937 3156 4008; x_wconf 88' lang='lat' dir='ltr'><strong>patitur,</strong></span> <span class='ocrx_word' id='word_1_610' title='bbox 3206 3941 3270 3988; x_wconf 93' lang='lat' dir='ltr'><strong>ut</strong></span> <span class='ocrx_word' id='word_1_611' title='bbox 3311 3927 3546 3999; x_wconf 80' lang='lat' dir='ltr'><strong>duplicis</strong></span> 
     </span>
    </p>
   </div>
   <div class='ocr_carea' id='block_1_85' title="bbox 1957 4027 3543 4099">
    <p class='ocr_par' dir='ltr' id='par_1_85' title="bbox 1957 4027 3543 4099">
     <span class='ocr_line' id='line_1_85' title="bbox 1957 4027 3543 4099; baseline -0.015 -2"><span class='ocrx_word' id='word_1_612' title='bbox 1957 4041 2126 4097; x_wconf 89' lang='lat' dir='ltr'><strong>animi</strong></span> <span class='ocrx_word' id='word_1_613' title='bbox 2155 4039 2294 4094; x_wconf 92' lang='lat' dir='ltr'><strong>vitio</strong></span> <span class='ocrx_word' id='word_1_614' title='bbox 2321 4038 2656 4099; x_wconf 86' lang='lat' dir='ltr'><strong>laboremus,</strong></span> <span class='ocrx_word' id='word_1_615' title='bbox 2682 4041 2740 4089; x_wconf 88' lang='lat' dir='ltr'><strong>et</strong></span> <span class='ocrx_word' id='word_1_616' title='bbox 2769 4039 2855 4088; x_wconf 91' lang='lat' dir='ltr'><strong>est</strong></span> <span class='ocrx_word' id='word_1_617' title='bbox 2881 4045 2914 4085; x_wconf 91' lang='lat' dir='ltr'><strong>a</strong></span> <span class='ocrx_word' id='word_1_618' title='bbox 2936 4027 3186 4096; x_wconf 81' lang='lat' dir='ltr'><strong>moribus</strong></span> <span class='ocrx_word' id='word_1_619' title='bbox 3224 4032 3389 4094; x_wconf 92' lang='lat' dir='ltr'><strong>atque</strong></span> <span class='ocrx_word' id='word_1_620' title='bbox 3416 4037 3543 4076; x_wconf 90' lang='lat' dir='ltr'><strong>sen-</strong></span> 
     </span>
    </p>
   </div>
   <div class='ocr_carea' id='block_1_86' title="bbox 274 4110 1844 4209">
    <p class='ocr_par' dir='ltr' id='par_1_86' title="bbox 274 4110 1844 4209">
     <span class='ocr_line' id='line_1_86' title="bbox 274 4110 1844 4209; baseline -0.006 -17"><span class='ocrx_word' id='word_1_621' title='bbox 274 4132 332 4192; x_wconf 73' lang='grc' dir='ltr'><strong>οῦ</strong></span> <span class='ocrx_word' id='word_1_622' title='bbox 359 4139 455 4192; x_wconf 69' lang='grc' dir='ltr'><strong>καὶ</strong></span> <span class='ocrx_word' id='word_1_623' title='bbox 483 4110 602 4208; x_wconf 59' lang='grc' dir='ltr'>μεθ;</span> <span class='ocrx_word' id='word_1_624' title='bbox 628 4131 690 4192; x_wconf 77' lang='grc' dir='ltr'><strong>οῦ</strong></span> <span class='ocrx_word' id='word_1_625' title='bbox 818 4136 994 4208; x_wconf 78' lang='grc' dir='ltr'>Πατρὶ</span> <span class='ocrx_word' id='word_1_626' title='bbox 1015 4135 1147 4200; x_wconf 80' lang='grc' dir='ltr'>δόξα</span> <span class='ocrx_word' id='word_1_627' title='bbox 1173 4110 1436 4205; x_wconf 27' lang='grc' dir='ltr'>σὺν-ἁγίῳ</span> <span class='ocrx_word' id='word_1_628' title='bbox 1469 4129 1751 4202; x_wconf 84' lang='grc' dir='ltr'>Πνεύματι</span> <span class='ocrx_word' id='word_1_629' title='bbox 1777 4131 1844 4194; x_wconf 86' lang='grc' dir='ltr'><strong>εἰς</strong></span> 
     </span>
    </p>
   </div>
   <div class='ocr_carea' id='block_1_87' title="bbox 1947 4110 3546 4209">
    <p class='ocr_par' dir='ltr' id='par_1_87' title="bbox 1961 4110 3546 4202">
     <span class='ocr_line' id='line_1_87' title="bbox 1961 4110 3546 4202; baseline -0.015 -14"><span class='ocrx_word' id='word_1_630' title='bbox 1961 4133 2118 4188; x_wconf 92' lang='lat' dir='ltr'><strong>sibus</strong></span> <span class='ocrx_word' id='word_1_631' title='bbox 2142 4129 2432 4202; x_wconf 88' lang='lat' dir='ltr'><strong>gentilium</strong></span> <span class='ocrx_word' id='word_1_632' title='bbox 2471 4138 2701 4196; x_wconf 88' lang='lat' dir='ltr'><strong>prorsus</strong></span> <span class='ocrx_word' id='word_1_633' title='bbox 2725 4121 2927 4186; x_wconf 88' lang='lat' dir='ltr'><strong>aliena,</strong></span> <span class='ocrx_word' id='word_1_634' title='bbox 2965 4126 3022 4174; x_wconf 88' lang='lat' dir='ltr'><strong>et</strong></span> <span class='ocrx_word' id='word_1_635' title='bbox 3041 4130 3206 4187; x_wconf 91' lang='lat' dir='ltr'><strong>quam</strong></span> <span class='ocrx_word' id='word_1_636' title='bbox 3229 4110 3546 4185; x_wconf 88' lang='lat' dir='ltr'><strong>longissime</strong></span> 
     </span>
    </p>
   </div>
   <div class='ocr_carea' id='block_1_88' title="bbox 275 4229 1291 4299">
    <p class='ocr_par' dir='ltr' id='par_1_88' title="bbox 275 4229 1291 4299">
     <span class='ocr_line' id='line_1_88' title="bbox 275 4229 1291 4299; baseline 0 -17"><span class='ocrx_word' id='word_1_637' title='bbox 275 4233 396 4295; x_wconf 78' lang='grc' dir='ltr'>τοὺς</span> <span class='ocrx_word' id='word_1_638' title='bbox 426 4230 631 4295; x_wconf 75' lang='grc' dir='ltr'>αἰῶνας</span> <span class='ocrx_word' id='word_1_639' title='bbox 657 4229 770 4282; x_wconf 88' lang='grc' dir='ltr'><strong>τῶν</strong></span> <span class='ocrx_word' id='word_1_640' title='bbox 795 4229 1024 4284; x_wconf 87' lang='grc' dir='ltr'>αἰώνων.</span> <span class='ocrx_word' id='word_1_641' title='bbox 1073 4229 1291 4299; x_wconf 67' lang='grc' dir='ltr'>Ἀμήν.,</span> 
     </span>
    </p>
   </div>
   <div class='ocr_carea' id='block_1_89' title="bbox 1964 4202 3546 4288">
    <p class='ocr_par' dir='ltr' id='par_1_89' title="bbox 1964 4202 3546 4288">
     <span class='ocr_line' id='line_1_89' title="bbox 1964 4202 3546 4288; baseline -0.016 -8"><span class='ocrx_word' id='word_1_642' title='bbox 1964 4219 2524 4288; x_wconf 88' lang='lat' dir='ltr'><strong>constantissimeque</strong></span> <span class='ocrx_word' id='word_1_643' title='bbox 2546 4213 2822 4285; x_wconf 72' lang='lat' dir='ltr'><strong>disiuncta</strong></span> <span class='ocrx_word' id='word_1_644' title='bbox 2857 4211 2928 4266; x_wconf 88' lang='lat' dir='ltr'><strong>ab</strong></span> <span class='ocrx_word' id='word_1_645' title='bbox 2953 4210 3043 4277; x_wconf 89' lang='lat' dir='ltr'><strong>iis,</strong></span> <span class='ocrx_word' id='word_1_646' title='bbox 3066 4223 3191 4279; x_wconf 68' lang='lat' dir='ltr'><strong>quae</strong></span> <span class='ocrx_word' id='word_1_647' title='bbox 3238 4206 3358 4276; x_wconf 85' lang='lat' dir='ltr'><strong>lege</strong></span> <span class='ocrx_word' id='word_1_648' title='bbox 3389 4202 3546 4256; x_wconf 88' lang='lat' dir='ltr'><strong>dam-</strong></span> 
     </span>
    </p>
   </div>
   <div class='ocr_carea' id='block_1_90' title="bbox 277 4293 3536 4394">
    <p class='ocr_par' dir='ltr' id='par_1_90' title="bbox 277 4293 3536 4394">
     <span class='ocr_line' id='line_1_90' title="bbox 277 4293 3536 4394; baseline -0.01 -15"><span class='ocrx_word' id='word_1_649' title='bbox 277 4334 496 4381; x_wconf 86' lang='lat' dir='ltr'><strong>nantur.</strong></span> <span class='ocrx_word' id='word_1_650' title='bbox 545 4326 627 4381; x_wconf 88' lang='lat' dir='ltr'><strong>lta</strong></span> <span class='ocrx_word' id='word_1_651' title='bbox 672 4325 821 4380; x_wconf 89' lang='lat' dir='ltr'><strong>enim</strong></span> <span class='ocrx_word' id='word_1_652' title='bbox 861 4324 1071 4380; x_wconf 88' lang='lat' dir='ltr'><strong>erimus</strong></span> <span class='ocrx_word' id='word_1_653' title='bbox 1114 4323 1342 4394; x_wconf 79' lang='lat' dir='ltr'><strong>perfecti</strong></span> <span class='ocrx_word' id='word_1_654' title='bbox 1394 4337 1578 4379; x_wconf 91' lang='lat' dir='ltr'><strong>coram</strong></span> <span class='ocrx_word' id='word_1_655' title='bbox 1624 4318 1858 4376; x_wconf 90' lang='lat' dir='ltr'><strong>Domino</strong></span> <span class='ocrx_word' id='word_1_656' title='bbox 1895 4319 2028 4385; x_wconf 88' lang='lat' dir='ltr'><strong>Deo,</strong></span> <span class='ocrx_word' id='word_1_657' title='bbox 2074 4318 2220 4383; x_wconf 84' lang='lat' dir='ltr'><strong>sicut</strong></span> <span class='ocrx_word' id='word_1_658' title='bbox 2281 4313 2548 4384; x_wconf 90' lang='lat' dir='ltr'><strong>scriptum</strong></span> <span class='ocrx_word' id='word_1_659' title='bbox 2573 4317 2700 4366; x_wconf 87' lang='lat' dir='ltr'><strong>est:</strong></span> <span class='ocrx_word' id='word_1_660' title='bbox 2733 4305 2869 4363; x_wconf 86' lang='lat' dir='ltr'><strong>clari</strong></span> <span class='ocrx_word' id='word_1_661' title='bbox 2890 4303 3057 4360; x_wconf 88' lang='lat' dir='ltr'><strong>etiam</strong></span> <span class='ocrx_word' id='word_1_662' title='bbox 3123 4309 3288 4371; x_wconf 89' lang='lat' dir='ltr'><strong>atque</strong></span> <span class='ocrx_word' id='word_1_663' title='bbox 3316 4293 3536 4369; x_wconf 90' lang='lat' dir='ltr'><strong>probati</strong></span> 
     </span>
    </p>
   </div>
   <div class='ocr_carea' id='block_1_91' title="bbox 281 4388 3550 4489">
    <p class='ocr_par' dir='ltr' id='par_1_91' title="bbox 281 4388 3550 4489">
     <span class='ocr_line' id='line_1_91' title="bbox 281 4388 3550 4489; baseline -0.009 -17"><span class='ocrx_word' id='word_1_664' title='bbox 281 4436 397 4474; x_wconf 78' lang='lat' dir='ltr'><strong>cum</strong></span> <span class='ocrx_word' id='word_1_665' title='bbox 436 4421 561 4476; x_wconf 89' lang='lat' dir='ltr'><strong>aliis</strong></span> <span class='ocrx_word' id='word_1_666' title='bbox 586 4421 790 4475; x_wconf 88' lang='lat' dir='ltr'><strong>sanctis</strong></span> <span class='ocrx_word' id='word_1_667' title='bbox 815 4421 868 4474; x_wconf 89' lang='lat' dir='ltr'><strong>in</strong></span> <span class='ocrx_word' id='word_1_668' title='bbox 885 4419 1124 4483; x_wconf 88' lang='lat' dir='ltr'><strong>Christo,</strong></span> <span class='ocrx_word' id='word_1_669' title='bbox 1165 4434 1264 4489; x_wconf 89' lang='lat' dir='ltr'><strong>per</strong></span> <span class='ocrx_word' id='word_1_670' title='bbox 1296 4433 1481 4488; x_wconf 92' lang='lat' dir='ltr'><strong>quem,</strong></span> <span class='ocrx_word' id='word_1_671' title='bbox 1549 4423 1606 4472; x_wconf 91' lang='lat' dir='ltr'><strong>et</strong></span> <span class='ocrx_word' id='word_1_672' title='bbox 1666 4428 1792 4470; x_wconf 87' lang='lat' dir='ltr'><strong>cum</strong></span> <span class='ocrx_word' id='word_1_673' title='bbox 1819 4427 1932 4483; x_wconf 88' lang='lat' dir='ltr'><strong>quo</strong></span> <span class='ocrx_word' id='word_1_674' title='bbox 1968 4411 2082 4468; x_wconf 88' lang='lat' dir='ltr'><strong>Deo</strong></span> <span class='ocrx_word' id='word_1_675' title='bbox 2112 4427 2176 4467; x_wconf 90' lang='lat' dir='ltr'><strong>ac</strong></span> <span class='ocrx_word' id='word_1_676' title='bbox 2206 4408 2354 4466; x_wconf 87' lang='lat' dir='ltr'><strong>Patri</strong></span> <span class='ocrx_word' id='word_1_677' title='bbox 2380 4406 2553 4479; x_wconf 88' lang='lat' dir='ltr'><strong>gloria</strong></span> <span class='ocrx_word' id='word_1_678' title='bbox 2592 4417 2720 4460; x_wconf 89' lang='lat' dir='ltr'><strong>cum</strong></span> <span class='ocrx_word' id='word_1_679' title='bbox 2762 4405 2953 4457; x_wconf 87' lang='lat' dir='ltr'><strong>sancto</strong></span> <span class='ocrx_word' id='word_1_680' title='bbox 2993 4393 3206 4466; x_wconf 90' lang='lat' dir='ltr'><strong>Spiritu</strong></span> <span class='ocrx_word' id='word_1_681' title='bbox 3242 4391 3301 4446; x_wconf 92' lang='lat' dir='ltr'><strong>in</strong></span> <span class='ocrx_word' id='word_1_682' title='bbox 3347 4388 3550 4450; x_wconf 69' lang='lat' dir='ltr'><strong>saecula</strong></span> 
     </span>
    </p>
   </div>
   <div class='ocr_carea' id='block_1_92' title="bbox 277 4513 845 4570">
    <p class='ocr_par' dir='ltr' id='par_1_92' title="bbox 277 4513 845 4570">
     <span class='ocr_line' id='line_1_92' title="bbox 277 4513 845 4570; baseline -0.002 -1"><span class='ocrx_word' id='word_1_683' title='bbox 277 4515 622 4570; x_wconf 59' lang='lat' dir='ltr'><strong>srculorum.</strong></span> <span class='ocrx_word' id='word_1_684' title='bbox 651 4513 845 4568; x_wconf 82' lang='lat' dir='ltr'><strong>Amen.</strong></span> 
     </span>
    </p>
   </div>
   <div class='ocr_carea' id='block_1_93' title="bbox 347 4689 881 4764">
    <p class='ocr_par' dir='ltr' id='par_1_93' title="bbox 347 4689 881 4764">
     <span class='ocr_line' id='line_1_93' title="bbox 347 4689 881 4764; baseline -0.007 -14"><span class='ocrx_word' id='word_1_685' title='bbox 347 4696 391 4730; x_wconf 68' lang='grc' dir='ltr'><strong>δ’</strong></span> <span class='ocrx_word' id='word_1_686' title='bbox 415 4689 531 4749; x_wconf 76' lang='lat' dir='ltr'><strong>Jos.</strong></span> <span class='ocrx_word' id='word_1_687' title='bbox 562 4709 635 4758; x_wconf 71' lang='lat' dir='ltr'><strong>ix,</strong></span> <span class='ocrx_word' id='word_1_688' title='bbox 660 4691 881 4764; x_wconf 87' lang='lat' dir='ltr'><strong>passim.</strong></span> 
     </span>
    </p>
   </div>
  </div>
