3990 6196
477 234 581 291 479
1484 232 1540 289 S.
1583 232 1863 289 CYRILLI
1899 234 2371 294 ALEXANDRINI
2409 240 2711 298 ARCHIEP
3626 245 3724 304 ‘80

485 383 3693 430 Ἢ

1050 576 1447 706 ΠΕΡΙ
1542 549 1886 708 ΤΗΣ
1977 580 2205 744 ΕΝ
2272 577 3155 718 ΠΝΕΥΜΑΤΙ

1696 833 1893 925 ΚΑΙ
1979 834 2479 932 ΑΛΗΘΕΙΑ

891 996 2117 1181 ΠΡΟΣΚΥΝΗΣΕΩΣ
2208 1066 2492 1181 ΚΑΙ
2552 1060 3298 1182 ΑΑΤΡΕΙΑΣ

1502 1304 1939 1397 ΛΟΓΟΣ
2019 1308 2676 1406 ΕΒΔΟΜΟΣ.

614 1681 799 1795 DE
866 1673 1806 1804 ‘ADORATIONE
1899 1687 2087 1803 ET
2170 1682 2655 1803 CULTU
2735 1682 2885 1800 IN
2975 1680 3560 1798 SPIRITU

1631 1954 1800 2058 ET
1892 1948 2557 2063 VEBITATE

1501 2175 1877 2259 LIBER
1982 2174 2679 2258 SEPTIMUS.

2048 2385 2119 2397 —‘

785 2533 949 2604 217
984 2534 1061 2589 De
1089 2535 1350 2589 charitate
1384 2533 1443 2587 in
1480 2531 1692 2603 fratres.

2418 2528 2558 2596 Περί
2587 2526 2699 2597 τῆς
2726 2528 2815 2594 εἰς
2838 2526 3144 2597 ἀδελφοὺς
3171 2528 3430 2599 ἀγάπης.

515 2641 658 2700 Cum
685 2645 914 2700 summis
943 2645 1220 2713 laudibus,
1246 2653 1304 2702 et
1325 2646 1530 2717 quibus
1552 2645 1716 2720 adjici
1739 2645 1877 2701 nihil
1898 2659 2028 2716 pos-

2214 2642 2535 2715 Εὑφημίαιςι
2559 2643 2713 2713 ἡμῖν,
2739 2634 2787 2695 ὦ
2822 2641 3108 2707 Παλλάδιε,
3136 2645 3258 2708 ταῖς
3286 2645 3368 2707 είς
3419 2643 3577 2714 λῆξιν
3616 2644 3719 2701 καὶ

446 2744 541 2801 sit,
569 2736 658 2794 lex
687 2743 849 2791 ornet
872 2737 1110 2806 primum
1142 2738 1276 2794 illud
1308 2748 1475 2809 atque
1512 2754 1837 2809 supremum
1876 2752 2021 2793 man-

2126 2736 2385 2790 ἀνωτάτω
2441 2734 2836 2804 στεφανοῦντος
2887 2732 2983 2788 τοῦ
3038 2735 3205 2807 νόμου
3275 2735 3632 2808 τὴνθπρώτην
3655 2754 3715 2790 τε

446 2828 666 2896 datum,
714 2830 973 2886 videlicet
1004 2849 1017 2884 ε
1056 2850 1075 2883 ι
1106 2831 1310 2903 Diliges
1334 2832 1628 2887 Dominum
1654 2833 1828 2887 Deum
1872 2839 2030 2886 tuum

444 2935 516 2975 ex
539 2927 658 2976 toto
683 2920 850 2976 corde
878 2927 994 2986 tuo,
1019 2928 1078 2976 et
1100 2935 1169 2976 ex
1194 2927 1308 2976 tota
1351 2929 1537 2978 mente
1578 2929 1693 2987 tua,
1716 2929 1773 2977 et
1815 2937 1885 2977 ex
1916 2929 2031 2977 tota

447 3012 651 3067 virtute
680 3019 773 3067 tua
807 3011 897 3066 ηε
953 3032 972 3063 ι
1031 3021 1088 3068 et
1136 3014 1361 3084 adjiciat
1412 3021 1726 3084 praeterea:
1770 3031 1789 3065 ι
1838 3013 2031 3068 Proxi-

445 3119 598 3159 mum
626 3119 847 3175 quoque
871 3111 1048 3170 tuum,
1079 3105 1224 3161 sicut
1250 3113 1303 3160 te
1342 3105 1525 3177 ipsum
1552 3105 1599 3137 “
1629 3122 1642 3158 :
1675 3124 1694 3156 ι
1728 3104 1867 3161 Cum
1912 3106 2030 3177 ipse

441 3210 664 3268 quoque
688 3195 947 3253 Christus
974 3197 1122 3254 dicat
1151 3205 1362 3269 aperte,
1414 3198 1472 3253 in
1507 3199 1595 3254 his
1619 3199 1838 3256 duobus
1869 3215 2030 3255 man-

443 3287 588 3343 datis
631 3295 804 3343 totam
854 3289 1031 3361 legem
1079 3284 1273 3360 atque‘
1308 3290 1610 3361 prophetas
1642 3290 1886 3362 pendere
1925 3307 2031 3347 :ac

442 3379 799 3436 dilectionem
834 3366 1033 3437 beatus
1079 3381 1284 3437 Paulus
1325 3382 1728 3452 plenitudinem
1759 3382 1899 3454 legis
1926 3398 2028 3454 ap-

442 3472 610 3541 pellet
626 3473 697 3538 ",
721 3473 870 3542 quod
895 3474 1149 3543 proximo
1181 3473 1387 3528 malum
1423 3490 1536 3528 non
1565 3474 1828 3545 operetur
1853 3493 1866 3530 :
1895 3476 2028 3533 satis

441 3560 579 3615 illud
609 3561 869 3631 primum,
895 3570 957 3617 ut
982 3564 1117 3617 mihi
1139 3563 1364 3634 quidem
1385 3563 1625 3630 videtur,
1651 3572 1840 3620 nostra
1863 3568 2028 3638 218

440 3650 641 3717 oratio,
678 3659 739 3705 ut
770 3668 859 3707 res
883 3654 1215 3722 patiebatur,
1249 3656 1587 3725 explicavit,
1639 3671 1765 3712 cum
1806 3674 2024 3714 sursum

440 3755 507 3796 ac
530 3740 811 3808 deorsum,
837 3750 894 3798 et
916 3742 1073 3814 quasi
1103 3744 1161 3799 in
1203 3745 1397 3801 orbem
1437 3747 1623 3802 omnia
1677 3748 2025 3821 circumqua—
2048 3759 2061 3771 '

2129 2828 2225 2881 καὶ
2244 2826 2556 2897 ὑπερτάτην
2579 2827 2688 2879 τῶν
2710 2825 2962 2893 ἐντολῶν,
2984 2827 3066 2891 τὸ,
3099 2845 3118 2878 ι
3133 2846 3139 2850 ·
3156 2829 3491 2899 Ἀγαπήσεις
3508 2829 3717 2901 Κύριον

2132 2917 2225 2972 τὸν
2247 2916 2380 2971 Θεόν
2419 2934 2538 2982 σου,
2577 2917 2740 2988 φημὶ,
2770 2917 2829 2982 ἐξ
2853 2917 2983 2990 ὅλης
3006 2919 3107 2989 τῆς
3129 2919 3357 2989 καρδίας
3383 2936 3501 2986 σου,
3527 2921 3625 2974 καὶ
3655 2921 3715 2986 ἐξ
3792 2908 3797 2915 ’

2128 3004 2258 3078 ὅλης
2284 3004 2543 3071 διανοίας,
2572 3005 2670 3058 καὶ
2703 3004 2762 3069 ἐξ
2797 3004 2927 3074 ὅλης
2954 3005 3054 3077 τῆς
3085 3006 3265 3076 ἰσχύος
3296 3024 3425 3061 σου·
3481 3027 3500 3060 ι
3541 3026 3712 3080 προσ-

2129 3096 2428 3167 επάγοντος
2445 3097 2503 3150 δὲ
2526 3098 2628 3163 ,ὅτι
2649 3116 2668 3149 ι
2688 3097 2798 3150 Καὶ
2821 3096 2913 3151 τὸν
2935 3097 3166 3168 πλησίον
3183 3115 3276 3152 σου
3301 3098 3383 3163 ὡς
3411 3102 3659 3164 σεαυτὸν,
3687 3119 3714 3151 r-

2130 3188 2228 3241 καὶ
2264 3189 2373 3260 μὴν
2404 3190 2500 3242 καὶ
2528 3188 2696 3243 αὐτοῦ
2720 3188 2817 3241 τοῦ
2842 3189 3084 3261 Χριστοῦ
3111 3190 3414 3258 φάσκοντος
3442 3192 3711 3264 ἐναργῶς,

2128 3280 2213 3334 ὅτι
2243 3281 2301 3335 ἐν
2327 3279 2555 3345 ταύταις
2593 3282 2716 3345 ταῖς
2745 3280 2896 3335 δυσὶν
2923 3281 3167 3346 ἐντολαῖς
3204 3282 3326 3346 ὅλος
3353 3285 3383 3335 ό
3424 3283 3590 3354 νόμος
3617 3283 3713 3338 καὶ

2128 3373 2179 3425 οἱ
2206 3375 2484 3445 προφῆται
2512 3375 2839 3446 κρέμανται,
2879 3376 2988 3447 πλή
2998 3377 3158 3447 ρωμά
3180 3395 3242 3430 τε
3262 3376 3430 3448 νόμου
3451 3377 3553 3449 τὴν
3569 3378 3711 3446 ἁγά-

2128 3481 2238 3536 πην
2278 3465 2740 3537 κατονομάζοντος
2777 3467 2874 3521 καὶ
2901 3467 2998 3521 τοῦ
3026 3466 3316 3522 θεσπεσίου
3351 3467 3591 3533 Παύλου,
3622 3469 3714 3523 διά

2127 3573 2210 3611 τοι
2233 3556 2297 3610 τὸ
2332 3557 2500 3629 μηδὲν
2521 3556 2603 3629 τῷ
2627 3557 2858 3630 πλησίον
2884 3559 3217 3632 ἐργάζεσθαι
3245 3560 3436 3628 κακὸν,
3452 3561 3712 3634 ἀποχρῶ·

2127 3663 2227 3701 σαν
2254 3647 2406 3718 ἡμῖν,
2446 3647 2523 3711 ὼς
2564 3646 2698 3716 γοῦν
2723 3647 2915 3719 ἔμοιγε
2959 3649 3127 3714 δοκεῖ,
3158 3650 3257 3720 τὴν
3294 3650 3392 3704 ἐπὶ
3423 3652 3490 3721 τῇ
3515 3649 3709 3722 πρώτῃ

2126 3737 2425 3810 διασκευὴν
2451 3738 2746 3812 ἐποιήσατο
2768 3741 2797 3794 ὁ
2826 3740 3007 3809 λόγος,
3037 3739 3181 3796 κατά
3209 3756 3274 3809 γε
3312 3739 3374 3794 τὲ
3407 3738 3709 3811 ἐγχωροῦν,

439 3847 550 3902 que
589 3831 941 3900 lustraverit,
995 3850 1176 3906 neque
1230 3837 1467 3894 obscure
1498 3839 1770 3907 docuerit,
1822 3843 1947 3913 quis
1989 3860 2021 3900 a

2126 3831 2240 3884 ἄνω
2266 3847 2329 3884 τε
2358 3832 2452 3885 καὶ
2491 3831 2665 3897 κάτω,
2698 3831 2794 3885 καὶ
2819 3832 2983 3886 οἱονεί
3024 3849 3143 3897 πως
3175 3834 3234 3886 ἐν
3266 3830 3452 3903 κύκλῳ
3491 3849 3707 3903 περινο-

376 3922 379 3927 ’
439 3922 603 3978 nobis
629 3923 887 3994 perfecta:
915 3923 974 3979 in
1020 3925 1194 3981 Deum
1219 3927 1529 3998 charitatis,
1556 3939 1614 3986 et
1642 3935 1793 3990 omni
1828 3950 2021 4006 repre-

439 4013 707 4071 hensione
742 4016 989 4073 vacantis
1019 4019 1194 4088 possit
1233 4016 1485 4078 exhiberi
1528 4024 1745 4081 modus.
1774 4025 1887 4098 Age
1916 4027 2022 4100 igi-

442 4110 532 4158 tur
552 4103 685 4160 huic
716 4105 962 4161 vicinum
982 4116 1147 4179 atque
1176 4120 1469 4182 cognatum
1486 4115 1843 4185 exquiramus
1867 4132 2023 4173 man-

338 4234 347 4239 -
438 4192 650 4259 datum,
675 4209 741 4251 ac
765 4195 835 4252 de
865 4198 1136 4256 charitate
1164 4200 1221 4255 in
1251 4204 1563 4272 proximum
1594 4215 1851 4263 accurate
1883 4223 2018 4265 con-

2127 3922 2290 3989 στῶν,
2322 3923 2416 3977 καὶ
2454 3923 2556 3977 οὐκ
2602 3922 2847 3992 ἀγεννῶς
2890 3922 3273 3995 ἀφηγούμενος
3310 3923 3413 4000 τῇς
3454 3925 3535 3988 είς
3574 3923 3711 3977 Θεὸν

2124 4014 2349 4086 ἀγάπης
2389 4014 2668 4080 ὁλοτελοῦς
2705 4033 2766 4071 τε
2809 4018 2906 4071 καὶ
2938 4016 3239 4088 ἀμωμήτου
3283 4016 3587 4083 παντελῶς,
3621 4018 3709 4078 τίς

2123 4106 2190 4161 ἂν
2227 4108 2438 4177 γένοιτο
2474 4109 2615 4181 πρὸς
2658 4108 2815 4182 ἡμῶν
2849 4111 2879 4163 6
2910 4109 3134 4178 τρόπος.
3183 4108 3322 4182 Φέρε
3352 4109 3418 4181 δὴ
3461 4104 3555 4165 οὖν
3604 4110 3709 4182 τὴν

2120 4196 2340 4265 γείτονά
2362 4215 2422 4251 τε
2452 4200 2551 4252 καὶ
2594 4199 2834 4270 ἀδελφὴν
2874 4197 3423 4271 πολυπραγμονῶμεν
3458 4199 3704 4269 ἐντολὴν,

439 4284 748 4343 sideremus
771 4327 787 4353 ,
849 4288 1254 4373 diligenterque
1293 4307 1358 4348 ea
1402 4297 1837 4368 pervestigemus
1860 4339 1876 4365 ,
1919 4316 2020 4370 per

2126 4285 2217 4341 καὶ
2244 4288 2466 4360 ἀγάπης
2480 4290 2579 4360 τῆς
2594 4291 2675 4353 είς
2695 4289 2789 4343 τὸν
2812 4288 3043 4361 πλησίον
3065 4288 3269 4361 ἀκριϐῆ
3301 4287 3585 4360 ποιώμεθα
3603 4286 3706 4360 τὴν

437 4388 562 4448 qua:
594 4377 662 4433 ad
690 4380 1011 4449 praeclaram
1035 4382 1303 4439 virtutem
1333 4385 1624 4453 pervenire
1652 4390 1777 4457 quis
1802 4393 1976 4460 possit
2000 4410 2013 4446 :

2117 4379 2478 4449 κατάσκεψιν,
2512 4379 2928 4450 ἰχνηλατοῦντες
2952 4375 3011 4435 εὖ
3043 4380 3187 4452 μάλα
3214 4384 3283 4435 τὰ
3302 4381 3368 4435 δι’
3403 4374 3479 4435 ὧν
3507 4381 3577 4434 ἂν
3608 4380 3704 4449 γέ-

437 4482 524 4535 ac,
549 4483 651 4539 pro
685 4470 959 4526 industria
999 4472 1057 4526 in
1110 4487 1233 4527 eam
1275 4488 1393 4528 rem
1438 4475 1707 4544 adhibita,
1742 4495 2015 4541 summam

2126 4471 2264 4524 νοιτό
2288 4487 2372 4535 τις
2398 4470 2499 4541 μὲν
2523 4471 2728 4542 ἀρετῆς
2753 4472 2812 4526 ἐν
2836 4471 3022 4545 κύκλῳ
3049 4472 3125 4545 (1)
3158 4473 3332 4544 καλῷ,
3363 4472 3705 4543 φιλοτεχνίας

436 4560 667 4632 gloriam
702 4569 1051 4626 consecutus,
1081 4561 1138 4615 in
1167 4562 1415 4619 bonitate
1441 4581 1567 4620 cum
1597 4567 1712 4624 Deo
1745 4578 1803 4626 et
1829 4572 2012 4630 homi-

2113 4562 2172 4617 δὲ
2201 4562 2302 4633 τῆς
2330 4563 2413 4626 είς
2437 4560 2618 4626 τοῦτο,
2664 4561 2764 4635 τὴν
2806 4564 3039 4638 ἀρίστην
3082 4564 3244 4633 δόξαν
3293 4565 3592 4636 ἀράμενος,
3643 4566 3705 4618 ἐν

436 4651 622 4716 nibus,
652 4659 714 4706 ut
755 4651 976 4707 divinus
1000 4652 1091 4708 ille
1121 4652 1362 4720 Samuel,
1389 4656 1635 4714 ambulet
1658 4660 1726 4717 ".
1757 4662 2014 4722 Arbitror

2126 4650 2416 4723 iyaOdtrju
2449 4651 2713 4723 βαδιεῖται
2755 4654 2896 4724 μετὰ
2921 4655 3059 4710 Θεοῦ
3101 4657 3196 4711 καὶ
3224 4655 3527 4727 ἀνθρώπων
3558 4656 3703 4711 κατὰ

432 4742 583 4798 enim
607 4742 773 4797 simul
811 4757 937 4798 cum
968 4743 1061 4799 illa
1083 4759 1214 4817 erga
1251 4746 1424 4802 Deum
1455 4749 1723 4809 cbaritate
1743 4770 2011 4814 exercen-

2111 4742 2205 4797 τὸν
2238 4743 2528 4799 θεσπέσιον
2564 4745 2842 4818 Σαμουὴλ.
2878 4748 3092 4819 Χρῆναι
3123 4748 3233 4827 γὰρ
3256 4746 3431 4818 ἔγωγέ
3457 4763 3603 4818 φημι
3628 4749 3700 4817 τῇ

434 4834 561 4890 dam
600 4844 726 4905 apte
758 4850 882 4892 esse
932 4835 1080 4891 illam
1112 4837 1341 4895 alteram
1371 4840 1428 4896 in
1455 4841 1677 4901 fratres.
1718 4846 1876 4914 Nam,
1918 4852 2011 4907 cui

2126 4835 2196 4899 είς
2223 4835 2355 4889 Θεὸν
2383 4835 2574 4909 ἀγάπη
2605 4837 3046 4909 συνεπιτηδεύειν
3073 4838 3304 4904 ἀστείως
3323 4838 3422 4911 τὴν
3442 4839 3523 4903 είς
3548 4838 3702 4893 ἀδελο

434 4940 543 4982 una
569 4926 828 4993 defuerit,
851 4935 1084 5000 utraque
1119 4929 1263 4987 desit
1284 4949 1513 4992 necesse
1540 4946 1645 5003 est,
1669 4940 1820 5011 juxta
1845 4943 1998 4999 Joan'

433 5017 521 5072 nis
547 5032 761 5073 vocem.
792 5019 844 5077 ls
870 5020 1019 5075 enim
1052 5021 1127 5077 ita
1159 5024 1379 5094 scripsit
1409 5045 1423 5080 :
1464 5046 1482 5080 ι
1534 5029 1591 5085 Si
1622 5032 1747 5100 quis
1782 5033 2007 5099 dixerit,

431 5107 561 5178 quia
597 5108 767 5181 diligo
815 5109 990 5165 Deum
1011 5152 1026 5178 ,
1063 5119 1121 5168 et
1161 5113 1389 5172 fratrem
1438 5135 1599 5174 suum
1620 5121 1824 5190 oderit,
1848 5141 2005 5181 men-

2112 4928 2268 4999 φούς·
2301 4929 2378 4994 ὡς
2416 4932 2478 4985 τό
2524 4949 2607 4986 τοι
2656 4932 2943 4988 λείπεσθαι
2996 4935 3148 5006 μιᾶς,
3200 4933 3301 5003 τὴν
3351 4932 3438 4986 ἐπ’
3491 4933 3698 5002 ἀμφοῖν

2113 5019 2405 5085 ἀπότευξιν
2440 5020 2576 5091 ἔχει,
2610 5025 2755 5079 κατά
2804 5041 2870 5094 γε
2915 5026 3016 5090 τὰς
3060 5025 3311 5079 Ἰωάννου
3353 5022 3558 5093 φωνάς.
3598 5023 3699 5075 Γέ-

2109 5127 2144 5179 γ
2152 5128 2289 5180 ραφε
2308 5112 2417 5183 γὰρ
2434 5113 2529 5166 ὡδί
2550 5127 2563 5142 ·
2596 5133 2616 5167 ι
2650 5114 2778 5170 Ἐάν
2795 5133 2879 5180 τις
2895 5115 3047 5189 εἴπῃ,
3070 5116 3153 5171 ὅτι
3186 5114 3411 5185 ’Δγαπῶ
3426 5113 3519 5167 τὸν
3536 5113 3693 5175 Θεὸν,

429 5198 537 5257 dax
562 5206 679 5267 est;
713 5201 809 5272 qui
825 5202 975 5258 enim
997 5202 1224 5260 fratrem
1248 5221 1407 5262 suum
1449 5225 1559 5265 non
1590 5212 1811 5285 diligit,
1843 5232 2007 5287 quem

2126 5202 2209 5256 καὶ
2236 5201 2326 5257 τὸν
2359 5203 2590 5275 ἀδελφὸν
2628 5206 2790 5261 αὐτοῦ
2828 5210 2998 5279 μισεῖ,
3044 5207 3286 5280 ψεύστης
3313 5205 3493 5262 ἐστίν’
3520 5207 3551 5260 ὁ
3586 5206 3698 5277 γὰρ

499 5353 546 5388 ⁸³
568 5355 731 5413 Deut.
757 5374 832 5427 γι,
857 5360 911 5416 5.
990 5361 1036 5394 “
1058 5363 1252 5421 Matth.
1291 5382 1420 5433 xm,
1452 5368 1539 5423 59.
1614 5370 1661 5403 “
1703 5372 1866 5428 Rom.
1893 5390 2010 5443 xm,

2178 5378 2267 5434 “l
2292 5379 2426 5452 Reg.
2454 5399 2514 5448 ιι,
2546 5386 2631 5443 26.

489 5469 495 5476 .

427 5580 966 5665 ςὶγιῖίιιυερίςξιοςιυῖ,
1007 5594 1065 5665 ἐν
1096 5592 1245 5662 καλῷ
1276 5589 1410 5648 εἶναι
1443 5580 1526 5650 νὲι
1556 5580 1827 5665 γενέσθξῇ

428 5657 578 5705 terea
592 5652 713 5707 cod.
742 5652 911 5712 Vatis.
938 5660 1123 5726 habet,
1144 5652 1242 5733 τῆς
1266 5665 1363 5734 μὲν
1381 5652 1579 5738 ἀρετῆς
1593 5652 1995 5738 hateful,

606 5514 806 5597 Κύκλῳ
858 5516 1211 5600 Subdititiam
1255 5538 1441 5578 vocem
1482 5534 1635 5595 puto.
1673 5531 1824 5587 Solet
1854 5532 1999 5586 enim

501 5581 966 5676 Eﬂlprsicylogqui',
1007 5594 1065 5676 ἐν
1085 5592 1245 5676 ,καλῷ
1276 5589 1410 5676 εξναι
1443 5597 1539 5676 vel
1556 5602 1827 5676 γενέσθαι..
1858 5603 2002 5656 Prae-

2130 5542 2171 5615 ιι
2199 5534 2550 5676 ειῗοιὲἒὶῧιιιι
2583 5536 2817 5608 Cyrillus
2859 5538 3072 5607 dicere,
3107 5543 3163 5595 ἐν
3196 5539 3400 5610 βεϐαίῳ
3427 5537 3530 5610 τῆς
3566 5544 3693 5612 ἁρε-

2126 5620 2208 5673 ;ης
2271 5621 2323 5675 p.
2490 5647 2501 5658 .

2118 5636 2133 5655 υ
2148 5636 2203 5673 Ιδδ
2248 5636 2323 5673 χιι.
2357 5636 2501 5673 ‘6‘!)-
