  <div class='ocr_page' id='page_1' title='image "/cluster/home/n/w/nwhite01/storage/ocr_20150623/68/hvd.32044073501975/246.png"; bbox 0 0 3990 6196; ppageno 0'>
   <div class='ocr_carea' id='block_1_1' title="bbox 331 265 427 321">
    <p class='ocr_par' dir='ltr' id='par_1_1' title="bbox 331 265 427 321">
     <span class='ocr_line' id='line_1_1' title="bbox 331 265 427 321; baseline 0.01 -1"><span class='ocrx_word' id='word_1_1' title='bbox 331 265 427 321; x_wconf 64' lang='lat'><strong>128&#39;</strong></span> 
     </span>
    </p>
   </div>
   <div class='ocr_carea' id='block_1_2' title="bbox 327 473 1922 547">
    <p class='ocr_par' dir='ltr' id='par_1_2' title="bbox 327 473 1922 547">
     <span class='ocr_line' id='line_1_2' title="bbox 327 473 1922 547; baseline -0.001 -19"><span class='ocrx_word' id='word_1_2' title='bbox 327 477 388 528; x_wconf 79' lang='grc' dir='ltr'>ὃν</span> <span class='ocrx_word' id='word_1_3' title='bbox 417 476 517 545; x_wconf 80' lang='grc' dir='ltr'><strong>οὐχ</strong></span> <span class='ocrx_word' id='word_1_4' title='bbox 543 477 757 546; x_wconf 83' lang='grc' dir='ltr'>ὲωρακε</span> <span class='ocrx_word' id='word_1_5' title='bbox 787 473 908 538; x_wconf 87' lang='grc' dir='ltr'><strong>πῶς</strong></span> <span class='ocrx_word' id='word_1_6' title='bbox 939 473 1160 529; x_wconf 80' lang='grc' dir='ltr'>δύναται</span> <span class='ocrx_word' id='word_1_7' title='bbox 1193 476 1435 547; x_wconf 86' lang='grc' dir='ltr'>άγαπᾷν;</span> <span class='ocrx_word' id='word_1_8' title='bbox 1465 475 1573 528; x_wconf 83' lang='lat' dir='ltr'><strong>Kal</strong></span> <span class='ocrx_word' id='word_1_9' title='bbox 1601 473 1805 544; x_wconf 83' lang='grc' dir='ltr'>ταύτην</span> <span class='ocrx_word' id='word_1_10' title='bbox 1823 473 1922 545; x_wconf 82' lang='grc' dir='ltr'>τὴν</span> 
     </span>
    </p>
   </div>
   <div class='ocr_carea' id='block_1_3' title="bbox 326 565 1917 638">
    <p class='ocr_par' dir='ltr' id='par_1_3' title="bbox 326 565 1917 638">
     <span class='ocr_line' id='line_1_3' title="bbox 326 565 1917 638; baseline -0.001 -18"><span class='ocrx_word' id='word_1_11' title='bbox 326 569 552 638; x_wconf 81' lang='grc' dir='ltr'>ἐντολὴν</span> <span class='ocrx_word' id='word_1_12' title='bbox 592 567 788 638; x_wconf 57' lang='grc' dir='ltr'>ἔχομεν</span> <span class='ocrx_word' id='word_1_13' title='bbox 824 568 956 636; x_wconf 83' lang='grc' dir='ltr'>παρ’</span> <span class='ocrx_word' id='word_1_14' title='bbox 995 567 1183 635; x_wconf 78' lang='grc' dir='ltr'>αὑτοῦ,</span> <span class='ocrx_word' id='word_1_15' title='bbox 1223 569 1312 622; x_wconf 81' lang='grc' dir='ltr'>ἵνα</span> <span class='ocrx_word' id='word_1_16' title='bbox 1333 570 1362 622; x_wconf 90' lang='grc' dir='ltr'><strong>ὀ</strong></span> <span class='ocrx_word' id='word_1_17' title='bbox 1389 567 1619 637; x_wconf 83' lang='grc' dir='ltr'>ἀγαπῶν</span> <span class='ocrx_word' id='word_1_18' title='bbox 1649 566 1739 620; x_wconf 82' lang='grc' dir='ltr'>τὸν</span> <span class='ocrx_word' id='word_1_19' title='bbox 1765 565 1917 630; x_wconf 84' lang='grc' dir='ltr'>Θεὸν,</span> 
     </span>
    </p>
   </div>
   <div class='ocr_carea' id='block_1_4' title="bbox 325 657 1920 730">
    <p class='ocr_par' dir='ltr' id='par_1_4' title="bbox 325 657 1920 730">
     <span class='ocr_line' id='line_1_4' title="bbox 325 657 1920 730; baseline -0.001 -18"><span class='ocrx_word' id='word_1_20' title='bbox 325 661 522 730; x_wconf 81' lang='grc' dir='ltr'><strong>ἀγαπᾷ</strong></span> <span class='ocrx_word' id='word_1_21' title='bbox 573 659 669 711; x_wconf 73' lang='grc' dir='ltr'><strong>καὶ</strong></span> <span class='ocrx_word' id='word_1_22' title='bbox 715 658 806 712; x_wconf 82' lang='grc' dir='ltr'>τὸν</span> <span class='ocrx_word' id='word_1_23' title='bbox 851 657 1082 727; x_wconf 71' lang='grc' dir='ltr'>ἀδελφὸν</span> <span class='ocrx_word' id='word_1_24' title='bbox 1114 659 1302 714; x_wconf 80' lang='grc' dir='ltr'>αὐτοῦ.</span> <span class='ocrx_word' id='word_1_25' title='bbox 1347 676 1366 712; x_wconf 77' lang='grc' dir='ltr'><strong>ι</strong></span> <span class='ocrx_word' id='word_1_26' title='bbox 1404 658 1809 713; x_wconf 88' lang='grc' dir='ltr'>Συνδιόλλυνται</span> <span class='ocrx_word' id='word_1_27' title='bbox 1857 657 1920 728; x_wconf 82' lang='grc' dir='ltr'>δὴ</span> 
     </span>
    </p>
   </div>
   <div class='ocr_carea' id='block_1_5' title="bbox 323 747 1917 823">
    <p class='ocr_par' dir='ltr' id='par_1_5' title="bbox 323 747 1917 823">
     <span class='ocr_line' id='line_1_5' title="bbox 323 747 1917 823; baseline 0 -20"><span class='ocrx_word' id='word_1_28' title='bbox 323 747 424 807; x_wconf 74' lang='grc' dir='ltr'>οὖν</span> <span class='ocrx_word' id='word_1_29' title='bbox 477 751 728 822; x_wconf 80' lang='grc' dir='ltr'><strong>ἀλλήλοιν</strong></span> <span class='ocrx_word' id='word_1_30' title='bbox 786 751 1026 823; x_wconf 78' lang='grc' dir='ltr'>ἑκάτερα</span> <span class='ocrx_word' id='word_1_31' title='bbox 1085 751 1183 804; x_wconf 72' lang='lat' dir='ltr'><strong>xal</strong></span> <span class='ocrx_word' id='word_1_32' title='bbox 1258 751 1567 822; x_wconf 84' lang='grc' dir='ltr'>συνανίσχει</span> <span class='ocrx_word' id='word_1_33' title='bbox 1617 748 1917 821; x_wconf 79' lang='grc' dir='ltr'><strong>λαμπρῶς·</strong></span> 
     </span>
    </p>
   </div>
   <div class='ocr_carea' id='block_1_6' title="bbox 323 829 1922 911">
    <p class='ocr_par' dir='ltr' id='par_1_6' title="bbox 323 829 1922 911">
     <span class='ocr_line' id='line_1_6' title="bbox 323 829 1922 911; baseline -0.003 -18"><span class='ocrx_word' id='word_1_34' title='bbox 323 839 619 911; x_wconf 82' lang='grc' dir='ltr'>ἀγχίθυροι</span> <span class='ocrx_word' id='word_1_35' title='bbox 653 839 764 910; x_wconf 86' lang='grc' dir='ltr'>γὰρ</span> <span class='ocrx_word' id='word_1_36' title='bbox 803 838 994 910; x_wconf 87' lang='grc' dir='ltr'>ῶσπερ</span> <span class='ocrx_word' id='word_1_37' title='bbox 1032 837 1290 909; x_wconf 80' lang='grc' dir='ltr'><strong>ἀλλήλοιιν</strong></span> <span class='ocrx_word' id='word_1_38' title='bbox 1323 840 1378 891; x_wconf 87' lang='grc' dir='ltr'><strong>αἱ</strong></span> <span class='ocrx_word' id='word_1_39' title='bbox 1425 837 1636 909; x_wconf 76' lang='grc' dir='ltr'>ἀρεταὶ,</span> <span class='ocrx_word' id='word_1_40' title='bbox 1686 835 1783 888; x_wconf 77' lang='grc' dir='ltr'>καὶ</span> <span class='ocrx_word' id='word_1_41' title='bbox 1832 829 1922 888; x_wconf 71' lang='grc' dir='ltr'><strong>οἷά</strong></span> 
     </span>
    </p>
   </div>
   <div class='ocr_carea' id='block_1_7' title="bbox 321 927 1920 1003">
    <p class='ocr_par' dir='ltr' id='par_1_7' title="bbox 321 927 1920 1003">
     <span class='ocr_line' id='line_1_7' title="bbox 321 927 1920 1003; baseline -0.002 -20"><span class='ocrx_word' id='word_1_42' title='bbox 321 949 414 994; x_wconf 82' lang='grc' dir='ltr'><strong>τις</strong></span> <span class='ocrx_word' id='word_1_43' title='bbox 442 931 678 1003; x_wconf 72' lang='grc' dir='ltr'>συνωρὶς</span> <span class='ocrx_word' id='word_1_44' title='bbox 707 930 1098 996; x_wconf 82' lang='grc' dir='ltr'><strong>ἀδιάσπαστος,</strong></span> <span class='ocrx_word' id='word_1_45' title='bbox 1138 931 1218 994; x_wconf 84' lang='grc' dir='ltr'><strong>εἰς</strong></span> <span class='ocrx_word' id='word_1_46' title='bbox 1250 930 1309 982; x_wconf 79' lang='grc' dir='ltr'><strong>’ἐν</strong></span> <span class='ocrx_word' id='word_1_47' title='bbox 1339 948 1392 983; x_wconf 91' lang='grc' dir='ltr'><strong>τι</strong></span> <span class='ocrx_word' id='word_1_48' title='bbox 1425 930 1488 983; x_wconf 85' lang='grc' dir='ltr'>τὸ</span> <span class='ocrx_word' id='word_1_49' title='bbox 1517 929 1793 999; x_wconf 76' lang='grc' dir='ltr'><strong>ἐκπρεπὲς</strong></span> <span class='ocrx_word' id='word_1_50' title='bbox 1824 927 1920 981; x_wconf 74' lang='grc' dir='ltr'>καὶ</span> 
     </span>
    </p>
   </div>
   <div class='ocr_carea' id='block_1_8' title="bbox 323 1020 1942 1092">
    <p class='ocr_par' dir='ltr' id='par_1_8' title="bbox 323 1020 1942 1092">
     <span class='ocr_line' id='line_1_8' title="bbox 323 1020 1942 1092; baseline -0.002 -16"><span class='ocrx_word' id='word_1_51' title='bbox 323 1023 663 1077; x_wconf 78' lang='grc' dir='ltr'><strong>τελεώτατον</strong></span> <span class='ocrx_word' id='word_1_52' title='bbox 694 1022 890 1085; x_wconf 88' lang='grc' dir='ltr'>κάλλος</span> <span class='ocrx_word' id='word_1_53' title='bbox 915 1023 1015 1092; x_wconf 79' lang='grc' dir='ltr'><strong>τῆς</strong></span> <span class='ocrx_word' id='word_1_54' title='bbox 1051 1024 1131 1086; x_wconf 85' lang='grc' dir='ltr'><strong>εἰς</strong></span> <span class='ocrx_word' id='word_1_55' title='bbox 1161 1021 1293 1075; x_wconf 84' lang='grc' dir='ltr'>Θεὸν</span> <span class='ocrx_word' id='word_1_56' title='bbox 1321 1020 1625 1086; x_wconf 78' lang='grc' dir='ltr'>εὐσεϐείας,</span> <span class='ocrx_word' id='word_1_57' title='bbox 1654 1021 1744 1073; x_wconf 85' lang='grc' dir='ltr'>τὸν</span> <span class='ocrx_word' id='word_1_58' title='bbox 1773 1021 1942 1091; x_wconf 65' lang='lat' dir='ltr'><strong>imo--</strong></span> 
     </span>
    </p>
   </div>
   <div class='ocr_carea' id='block_1_9' title="bbox 323 1111 1580 1186">
    <p class='ocr_par' dir='ltr' id='par_1_9' title="bbox 323 1111 1580 1186">
     <span class='ocr_line' id='line_1_9' title="bbox 323 1111 1580 1186; baseline -0.004 -17"><span class='ocrx_word' id='word_1_59' title='bbox 323 1117 447 1184; x_wconf 85' lang='grc' dir='ltr'>χεῖν</span> <span class='ocrx_word' id='word_1_60' title='bbox 478 1114 677 1186; x_wconf 81' lang='grc' dir='ltr'>ἄριστα</span> <span class='ocrx_word' id='word_1_61' title='bbox 713 1114 1128 1184; x_wconf 80' lang='grc' dir='ltr'><strong>μεμελετηκότα</strong></span> <span class='ocrx_word' id='word_1_62' title='bbox 1153 1111 1580 1183; x_wconf 80' lang='grc' dir='ltr'>διακομίζουσιν.</span> 
     </span>
    </p>
   </div>
   <div class='ocr_carea' id='block_1_10' title="bbox 399 1199 1916 1277">
    <p class='ocr_par' dir='ltr' id='par_1_10' title="bbox 399 1199 1916 1277">
     <span class='ocr_line' id='line_1_10' title="bbox 399 1199 1916 1277; baseline -0.005 -17"><span class='ocrx_word' id='word_1_63' title='bbox 399 1206 614 1260; x_wconf 76' lang='grc' dir='ltr'><strong>ΠΑΛΛ.</strong></span> <span class='ocrx_word' id='word_1_64' title='bbox 645 1201 718 1259; x_wconf 79' lang='grc' dir='ltr'><strong>Εὖ</strong></span> <span class='ocrx_word' id='word_1_65' title='bbox 747 1205 905 1277; x_wconf 79' lang='grc' dir='ltr'>ἔφης.</span> <span class='ocrx_word' id='word_1_66' title='bbox 943 1204 1052 1257; x_wconf 98' lang='lat' dir='ltr'><strong>Kal</strong></span> <span class='ocrx_word' id='word_1_67' title='bbox 1085 1202 1208 1257; x_wconf 83' lang='grc' dir='ltr'>ὲπεί</span> <span class='ocrx_word' id='word_1_68' title='bbox 1236 1220 1321 1256; x_wconf 90' lang='grc' dir='ltr'><strong>τοι</strong></span> <span class='ocrx_word' id='word_1_69' title='bbox 1347 1202 1548 1266; x_wconf 83' lang='grc' dir='ltr'>σκοπὸς</span> <span class='ocrx_word' id='word_1_70' title='bbox 1574 1201 1635 1255; x_wconf 82' lang='grc' dir='ltr'>τὸ</span> <span class='ocrx_word' id='word_1_71' title='bbox 1659 1199 1838 1273; x_wconf 81' lang='grc' dir='ltr'>ἱδροῦν</span> <span class='ocrx_word' id='word_1_72' title='bbox 1859 1199 1916 1253; x_wconf 84' lang='grc' dir='ltr'>ὲν</span> 
     </span>
    </p>
   </div>
   <div class='ocr_carea' id='block_1_11' title="bbox 322 1292 1916 1369">
    <p class='ocr_par' dir='ltr' id='par_1_11' title="bbox 322 1292 1916 1369">
     <span class='ocr_line' id='line_1_11' title="bbox 322 1292 1916 1369; baseline -0.004 -16"><span class='ocrx_word' id='word_1_73' title='bbox 322 1299 558 1362; x_wconf 75' lang='grc' dir='ltr'>τούτοις,</span> <span class='ocrx_word' id='word_1_74' title='bbox 590 1297 666 1351; x_wconf 80' lang='grc' dir='ltr'><strong>ίθι</strong></span> <span class='ocrx_word' id='word_1_75' title='bbox 693 1296 758 1369; x_wconf 87' lang='grc' dir='ltr'>δὴ</span> <span class='ocrx_word' id='word_1_76' title='bbox 780 1293 868 1362; x_wconf 80' lang='grc' dir='ltr'>αὖ,</span> <span class='ocrx_word' id='word_1_77' title='bbox 900 1296 997 1350; x_wconf 72' lang='grc' dir='ltr'>καὶ</span> <span class='ocrx_word' id='word_1_78' title='bbox 1019 1295 1119 1360; x_wconf 82' lang='grc' dir='ltr'><strong>τὰς</strong></span> <span class='ocrx_word' id='word_1_79' title='bbox 1149 1295 1235 1365; x_wconf 77' lang='grc' dir='ltr'><strong>ἐφ’</strong></span> <span class='ocrx_word' id='word_1_80' title='bbox 1263 1295 1478 1366; x_wconf 80' lang='grc' dir='ltr'><strong>ἑκάστῳ</strong></span> <span class='ocrx_word' id='word_1_81' title='bbox 1497 1294 1604 1348; x_wconf 89' lang='grc' dir='ltr'><strong>τῶν</strong></span> <span class='ocrx_word' id='word_1_82' title='bbox 1627 1292 1916 1364; x_wconf 73' lang='grc' dir='ltr'>θεωρημά-</span> 
     </span>
    </p>
   </div>
   <div class='ocr_carea' id='block_1_12' title="bbox 324 1383 1912 1459">
    <p class='ocr_par' dir='ltr' id='par_1_12' title="bbox 324 1383 1912 1459">
     <span class='ocr_line' id='line_1_12' title="bbox 324 1383 1912 1459; baseline -0.004 -17"><span class='ocrx_word' id='word_1_83' title='bbox 324 1407 437 1442; x_wconf 84' lang='grc' dir='ltr'><strong>των</strong></span> <span class='ocrx_word' id='word_1_84' title='bbox 491 1388 831 1459; x_wconf 79' lang='grc' dir='ltr'><strong>συναγείρων</strong></span> <span class='ocrx_word' id='word_1_85' title='bbox 861 1386 1074 1451; x_wconf 79' lang='grc' dir='ltr'><strong>πίστεις</strong></span> <span class='ocrx_word' id='word_1_86' title='bbox 1100 1388 1166 1440; x_wconf 78' lang='grc' dir='ltr'>ἐκ</span> <span class='ocrx_word' id='word_1_87' title='bbox 1211 1386 1320 1439; x_wconf 87' lang='grc' dir='ltr'><strong>τῶν</strong></span> <span class='ocrx_word' id='word_1_88' title='bbox 1352 1385 1514 1456; x_wconf 86' lang='grc' dir='ltr'>ἱερῶν</span> <span class='ocrx_word' id='word_1_89' title='bbox 1540 1383 1912 1457; x_wconf 86' lang='grc' dir='ltr'>Γραμμάτων,</span> 
     </span>
    </p>
   </div>
   <div class='ocr_carea' id='block_1_13' title="bbox 323 1477 1916 1551">
    <p class='ocr_par' dir='ltr' id='par_1_13' title="bbox 323 1477 1916 1551">
     <span class='ocr_line' id='line_1_13' title="bbox 323 1477 1916 1551; baseline 0 -20"><span class='ocrx_word' id='word_1_90' title='bbox 323 1479 508 1550; x_wconf 85' lang='grc' dir='ltr'>πειρῶ</span> <span class='ocrx_word' id='word_1_91' title='bbox 557 1497 646 1551; x_wconf 90' lang='grc' dir='ltr'><strong>μοι</strong></span> <span class='ocrx_word' id='word_1_92' title='bbox 673 1479 878 1548; x_wconf 88' lang='grc' dir='ltr'>λέγειν,</span> <span class='ocrx_word' id='word_1_93' title='bbox 917 1477 978 1531; x_wconf 80' lang='grc' dir='ltr'><strong>τὸ</strong></span> <span class='ocrx_word' id='word_1_94' title='bbox 1025 1479 1176 1542; x_wconf 85' lang='grc' dir='ltr'>ὅπως</span> <span class='ocrx_word' id='word_1_95' title='bbox 1214 1477 1280 1532; x_wconf 88' lang='grc' dir='ltr'>ἂν</span> <span class='ocrx_word' id='word_1_96' title='bbox 1315 1477 1526 1547; x_wconf 90' lang='grc' dir='ltr'>γένοιτο</span> <span class='ocrx_word' id='word_1_97' title='bbox 1571 1477 1672 1549; x_wconf 83' lang='grc' dir='ltr'>τῆς</span> <span class='ocrx_word' id='word_1_98' title='bbox 1710 1477 1792 1540; x_wconf 88' lang='grc' dir='ltr'><strong>εἱς</strong></span> <span class='ocrx_word' id='word_1_99' title='bbox 1823 1477 1916 1531; x_wconf 86' lang='grc' dir='ltr'>τὸν</span> 
     </span>
    </p>
   </div>
   <div class='ocr_carea' id='block_1_14' title="bbox 325 1570 1543 1644">
    <p class='ocr_par' dir='ltr' id='par_1_14' title="bbox 325 1570 1543 1644">
     <span class='ocr_line' id='line_1_14' title="bbox 325 1570 1543 1644; baseline -0.001 -20"><span class='ocrx_word' id='word_1_100' title='bbox 325 1570 558 1643; x_wconf 77' lang='grc' dir='ltr'>πλησίον</span> <span class='ocrx_word' id='word_1_101' title='bbox 586 1571 809 1643; x_wconf 82' lang='grc' dir='ltr'>ἀγάπης</span> <span class='ocrx_word' id='word_1_102' title='bbox 835 1571 1146 1644; x_wconf 83' lang='grc' dir='ltr'>ἀκραιφνὴς</span> <span class='ocrx_word' id='word_1_103' title='bbox 1179 1572 1214 1643; x_wconf 82' lang='grc' dir='ltr'>ἡ</span> <span class='ocrx_word' id='word_1_104' title='bbox 1241 1570 1543 1643; x_wconf 82' lang='grc' dir='ltr'>πλήρωσις.</span> 
     </span>
    </p>
   </div>
   <div class='ocr_carea' id='block_1_15' title="bbox 398 1836 1915 1915">
    <p class='ocr_par' dir='ltr' id='par_1_15' title="bbox 398 1836 1915 1915">
     <span class='ocr_line' id='line_1_15' title="bbox 398 1836 1915 1915; baseline 0.001 -23"><span class='ocrx_word' id='word_1_105' title='bbox 398 1840 565 1894; x_wconf 82' lang='grc' dir='ltr'><strong>ΚΥΡ.</strong></span> <span class='ocrx_word' id='word_1_106' title='bbox 593 1839 956 1913; x_wconf 79' lang='grc' dir='ltr'>Πλείστη”μὲν</span> <span class='ocrx_word' id='word_1_107' title='bbox 985 1836 1078 1897; x_wconf 77' lang='grc' dir='ltr'>οὖν</span> <span class='ocrx_word' id='word_1_108' title='bbox 1103 1842 1202 1914; x_wconf 85' lang='grc' dir='ltr'><strong>ὅση</strong></span> <span class='ocrx_word' id='word_1_109' title='bbox 1245 1841 1382 1915; x_wconf 74' lang='grc' dir='ltr'>πρὸς</span> <span class='ocrx_word' id='word_1_110' title='bbox 1411 1840 1570 1895; x_wconf 81' lang='grc' dir='ltr'>τοῦτο</span> <span class='ocrx_word' id='word_1_111' title='bbox 1601 1839 1748 1911; x_wconf 80' lang='grc' dir='ltr'>ἡμᾶς</span> <span class='ocrx_word' id='word_1_112' title='bbox 1778 1839 1915 1894; x_wconf 87' lang='grc' dir='ltr'>ἀπο-</span> 
     </span>
    </p>
   </div>
   <div class='ocr_carea' id='block_1_16' title="bbox 325 1934 1916 2008">
    <p class='ocr_par' dir='ltr' id='par_1_16' title="bbox 325 1934 1916 2008">
     <span class='ocr_line' id='line_1_16' title="bbox 325 1934 1916 2008; baseline -0.001 -20"><span class='ocrx_word' id='word_1_113' title='bbox 325 1935 490 2006; x_wconf 72' lang='grc' dir='ltr'>φέρει</span> <span class='ocrx_word' id='word_1_114' title='bbox 514 1934 716 2007; x_wconf 80' lang='grc' dir='ltr'>τρίϐος.</span> <span class='ocrx_word' id='word_1_115' title='bbox 747 1935 1064 2008; x_wconf 81' lang='grc' dir='ltr'>Γέγραπται</span> <span class='ocrx_word' id='word_1_116' title='bbox 1087 1936 1216 2008; x_wconf 79' lang='grc' dir='ltr'>γὰρ,</span> <span class='ocrx_word' id='word_1_117' title='bbox 1236 1936 1319 1990; x_wconf 83' lang='grc' dir='ltr'>ὅτι</span> <span class='ocrx_word' id='word_1_118' title='bbox 1355 1953 1374 1988; x_wconf 75' lang='grc' dir='ltr'><strong>ι</strong></span> <span class='ocrx_word' id='word_1_119' title='bbox 1410 1936 1645 1989; x_wconf 88' lang='grc' dir='ltr'>Πλατεῖα</span> <span class='ocrx_word' id='word_1_120' title='bbox 1666 1937 1700 2006; x_wconf 85' lang='grc' dir='ltr'><strong>ή</strong></span> <span class='ocrx_word' id='word_1_121' title='bbox 1733 1935 1916 2006; x_wconf 83' lang='grc' dir='ltr'>ἐντολή</span> 
     </span>
    </p>
   </div>
   <div class='ocr_carea' id='block_1_17' title="bbox 331 2026 1918 2100">
    <p class='ocr_par' dir='ltr' id='par_1_17' title="bbox 331 2026 1918 2100">
     <span class='ocr_line' id='line_1_17' title="bbox 331 2026 1918 2100; baseline 0.001 -22"><span class='ocrx_word' id='word_1_122' title='bbox 331 2044 431 2079; x_wconf 85' lang='grc' dir='ltr'><strong>σου</strong></span> <span class='ocrx_word' id='word_1_123' title='bbox 477 2027 702 2099; x_wconf 84' lang='grc' dir='ltr'>σφόδρα.</span> <span class='ocrx_word' id='word_1_124' title='bbox 735 2046 754 2078; x_wconf 76' lang='grc' dir='ltr'><strong>ι</strong></span> <span class='ocrx_word' id='word_1_125' title='bbox 782 2029 855 2082; x_wconf 88' lang='grc' dir='ltr'><strong>Τό</strong></span> <span class='ocrx_word' id='word_1_126' title='bbox 878 2045 943 2098; x_wconf 86' lang='grc' dir='ltr'><strong>γε</strong></span> <span class='ocrx_word' id='word_1_127' title='bbox 976 2029 1082 2100; x_wconf 84' lang='grc' dir='ltr'>μὴν</span> <span class='ocrx_word' id='word_1_128' title='bbox 1112 2029 1196 2098; x_wconf 81' lang='grc' dir='ltr'><strong>ἐφ’</strong></span> <span class='ocrx_word' id='word_1_129' title='bbox 1229 2028 1450 2099; x_wconf 79' lang='grc' dir='ltr'>ἑκάστῳ</span> <span class='ocrx_word' id='word_1_130' title='bbox 1475 2027 1586 2081; x_wconf 90' lang='grc' dir='ltr'><strong>τῶν</strong></span> <span class='ocrx_word' id='word_1_131' title='bbox 1623 2026 1918 2098; x_wconf 83' lang='grc' dir='ltr'><strong>δρωμένων</strong></span> 
     </span>
    </p>
   </div>
   <div class='ocr_carea' id='block_1_18' title="bbox 327 2114 1918 2191">
    <p class='ocr_par' dir='ltr' id='par_1_18' title="bbox 327 2114 1918 2191">
     <span class='ocr_line' id='line_1_18' title="bbox 327 2114 1918 2191; baseline 0.001 -22"><span class='ocrx_word' id='word_1_132' title='bbox 327 2116 608 2186; x_wconf 79' lang='grc' dir='ltr'>εὐτεχνὲς,</span> <span class='ocrx_word' id='word_1_133' title='bbox 652 2117 750 2187; x_wconf 78' lang='grc' dir='ltr'>οὐχ</span> <span class='ocrx_word' id='word_1_134' title='bbox 777 2117 1046 2191; x_wconf 75' lang='grc' dir='ltr'>ἑτέρωθεν</span> <span class='ocrx_word' id='word_1_135' title='bbox 1073 2118 1140 2173; x_wconf 87' lang='grc' dir='ltr'>ἂν</span> <span class='ocrx_word' id='word_1_136' title='bbox 1161 2114 1320 2190; x_wconf 82' lang='grc' dir='ltr'>οἶμαί</span> <span class='ocrx_word' id='word_1_137' title='bbox 1348 2136 1451 2172; x_wconf 89' lang='grc' dir='ltr'><strong>που</strong></span> <span class='ocrx_word' id='word_1_138' title='bbox 1494 2117 1807 2186; x_wconf 83' lang='grc' dir='ltr'>συλλέξαιτό</span> <span class='ocrx_word' id='word_1_139' title='bbox 1833 2135 1918 2182; x_wconf 79' lang='grc' dir='ltr'><strong>τις</strong></span> 
     </span>
    </p>
   </div>
   <div class='ocr_carea' id='block_1_19' title="bbox 327 2209 1918 2284">
    <p class='ocr_par' dir='ltr' id='par_1_19' title="bbox 327 2209 1918 2284">
     <span class='ocr_line' id='line_1_19' title="bbox 327 2209 1918 2284; baseline 0.003 -23"><span class='ocrx_word' id='word_1_140' title='bbox 327 2209 472 2278; x_wconf 74' lang='grc' dir='ltr'>πλήν</span> <span class='ocrx_word' id='word_1_141' title='bbox 497 2210 580 2263; x_wconf 80' lang='grc' dir='ltr'>ὅτι</span> <span class='ocrx_word' id='word_1_142' title='bbox 605 2226 670 2280; x_wconf 89' lang='grc' dir='ltr'><strong>γε</strong></span> <span class='ocrx_word' id='word_1_143' title='bbox 697 2210 785 2265; x_wconf 83' lang='grc' dir='ltr'><strong>διὰ</strong></span> <span class='ocrx_word' id='word_1_144' title='bbox 813 2209 908 2265; x_wconf 79' lang='grc' dir='ltr'><strong>τοῦ</strong></span> <span class='ocrx_word' id='word_1_145' title='bbox 931 2211 1098 2283; x_wconf 87' lang='grc' dir='ltr'>νόμου</span> <span class='ocrx_word' id='word_1_146' title='bbox 1115 2229 1130 2278; x_wconf 8' lang='grc' dir='ltr'>γ·</span> <span class='ocrx_word' id='word_1_147' title='bbox 1163 2212 1409 2266; x_wconf 85' lang='grc' dir='ltr'>δεδόσθαι</span> <span class='ocrx_word' id='word_1_148' title='bbox 1442 2213 1552 2284; x_wconf 78' lang='grc' dir='ltr'><strong>γάρ</strong></span> <span class='ocrx_word' id='word_1_149' title='bbox 1594 2215 1726 2284; x_wconf 85' lang='grc' dir='ltr'>ἡμῖν</span> <span class='ocrx_word' id='word_1_150' title='bbox 1756 2212 1918 2266; x_wconf 83' lang='grc' dir='ltr'>αὑτὸν</span> 
     </span>
    </p>
   </div>
   <div class='ocr_carea' id='block_1_20' title="bbox 327 2302 1916 2379">
    <p class='ocr_par' dir='ltr' id='par_1_20' title="bbox 327 2302 1916 2379">
     <span class='ocr_line' id='line_1_20' title="bbox 327 2302 1916 2379; baseline 0.001 -23"><span class='ocrx_word' id='word_1_151' title='bbox 327 2305 411 2367; x_wconf 82' lang='grc' dir='ltr'><strong>εἱς</strong></span> <span class='ocrx_word' id='word_1_152' title='bbox 444 2303 702 2374; x_wconf 84' lang='grc' dir='ltr'>βοήθειαν</span> <span class='ocrx_word' id='word_1_153' title='bbox 729 2305 1069 2379; x_wconf 84' lang='grc' dir='ltr'>προφητικὺς</span> <span class='ocrx_word' id='word_1_154' title='bbox 1101 2303 1204 2376; x_wconf 82' lang='grc' dir='ltr'>ἔφη</span> <span class='ocrx_word' id='word_1_155' title='bbox 1253 2304 1428 2373; x_wconf 76' lang='grc' dir='ltr'>λόγος.</span> <span class='ocrx_word' id='word_1_156' title='bbox 1461 2307 1572 2359; x_wconf 89' lang='lat' dir='ltr'><strong>Kal</strong></span> <span class='ocrx_word' id='word_1_157' title='bbox 1616 2302 1747 2374; x_wconf 81' lang='grc' dir='ltr'>γοῦν</span> <span class='ocrx_word' id='word_1_158' title='bbox 1782 2303 1916 2375; x_wconf 83' lang='grc' dir='ltr'>πρὸς</span> 
     </span>
    </p>
   </div>
   <div class='ocr_carea' id='block_1_21' title="bbox 327 2397 1919 2469">
    <p class='ocr_par' dir='ltr' id='par_1_21' title="bbox 327 2397 1919 2469">
     <span class='ocr_line' id='line_1_21' title="bbox 327 2397 1919 2469; baseline 0 -20"><span class='ocrx_word' id='word_1_159' title='bbox 327 2397 638 2466; x_wconf 79' lang='grc' dir='ltr'>ἀνάμνησιν</span> <span class='ocrx_word' id='word_1_160' title='bbox 662 2399 812 2469; x_wconf 82' lang='grc' dir='ltr'>ἡμᾶς</span> <span class='ocrx_word' id='word_1_161' title='bbox 830 2398 929 2469; x_wconf 83' lang='grc' dir='ltr'>τὴν</span> <span class='ocrx_word' id='word_1_162' title='bbox 950 2397 1174 2469; x_wconf 84' lang='grc' dir='ltr'>διηνεκῆ</span> <span class='ocrx_word' id='word_1_163' title='bbox 1201 2397 1310 2451; x_wconf 86' lang='grc' dir='ltr'><strong>τῶν</strong></span> <span class='ocrx_word' id='word_1_164' title='bbox 1332 2397 1781 2467; x_wconf 81' lang='grc' dir='ltr'>τεθεσπισμένων</span> <span class='ocrx_word' id='word_1_165' title='bbox 1804 2397 1919 2450; x_wconf 82' lang='grc' dir='ltr'>δια-</span> 
     </span>
    </p>
   </div>
   <div class='ocr_carea' id='block_1_22' title="bbox 327 2486 1919 2560">
    <p class='ocr_par' dir='ltr' id='par_1_22' title="bbox 327 2486 1919 2560">
     <span class='ocr_line' id='line_1_22' title="bbox 327 2486 1919 2560; baseline 0.001 -19"><span class='ocrx_word' id='word_1_166' title='bbox 327 2488 522 2550; x_wconf 69' lang='grc' dir='ltr'>νιστὰς</span> <span class='ocrx_word' id='word_1_167' title='bbox 553 2490 582 2542; x_wconf 86' lang='grc' dir='ltr'><strong>ὀ</strong></span> <span class='ocrx_word' id='word_1_168' title='bbox 630 2487 952 2560; x_wconf 82' lang='grc' dir='ltr'>νομοθέτης,</span> <span class='ocrx_word' id='word_1_169' title='bbox 991 2488 1166 2558; x_wconf 77' lang='grc' dir='ltr'>φησί’</span> <span class='ocrx_word' id='word_1_170' title='bbox 1205 2507 1228 2540; x_wconf 76' lang='grc' dir='ltr'><strong>ι</strong></span> <span class='ocrx_word' id='word_1_171' title='bbox 1263 2488 1372 2541; x_wconf 79' lang='lat' dir='ltr'><strong>Kal</strong></span> <span class='ocrx_word' id='word_1_172' title='bbox 1401 2487 1687 2559; x_wconf 77' lang='grc' dir='ltr'>ἐμϐαλεῖτε</span> <span class='ocrx_word' id='word_1_173' title='bbox 1714 2486 1783 2540; x_wconf 86' lang='grc' dir='ltr'><strong>τά</strong></span> <span class='ocrx_word' id='word_1_174' title='bbox 1821 2488 1919 2558; x_wconf 79' lang='grc' dir='ltr'><strong>ῥή-</strong></span> 
     </span>
    </p>
   </div>
   <div class='ocr_carea' id='block_1_23' title="bbox 329 2578 1917 2652">
    <p class='ocr_par' dir='ltr' id='par_1_23' title="bbox 329 2578 1917 2652">
     <span class='ocr_line' id='line_1_23' title="bbox 329 2578 1917 2652; baseline -0.001 -20"><span class='ocrx_word' id='word_1_175' title='bbox 329 2579 683 2649; x_wconf 82' lang='grc' dir='ltr'>ματα.ταῦτα</span> <span class='ocrx_word' id='word_1_176' title='bbox 711 2581 792 2644; x_wconf 88' lang='grc' dir='ltr'><strong>εἱς</strong></span> <span class='ocrx_word' id='word_1_177' title='bbox 814 2580 913 2651; x_wconf 84' lang='grc' dir='ltr'>τὴν</span> <span class='ocrx_word' id='word_1_178' title='bbox 940 2579 1168 2652; x_wconf 80' lang='grc' dir='ltr'>καρδίαν</span> <span class='ocrx_word' id='word_1_179' title='bbox 1191 2579 1366 2651; x_wconf 87' lang='grc' dir='ltr'>ὑμῶν,</span> <span class='ocrx_word' id='word_1_180' title='bbox 1395 2580 1490 2632; x_wconf 77' lang='grc' dir='ltr'>καὶ</span> <span class='ocrx_word' id='word_1_181' title='bbox 1512 2581 1592 2643; x_wconf 85' lang='grc' dir='ltr'><strong>είς</strong></span> <span class='ocrx_word' id='word_1_182' title='bbox 1619 2578 1719 2651; x_wconf 82' lang='grc' dir='ltr'>τὴν</span> <span class='ocrx_word' id='word_1_183' title='bbox 1739 2579 1917 2650; x_wconf 77' lang='grc' dir='ltr'>ψυχὴν</span> 
     </span>
    </p>
   </div>
   <div class='ocr_carea' id='block_1_24' title="bbox 328 2671 1916 2744">
    <p class='ocr_par' dir='ltr' id='par_1_24' title="bbox 328 2671 1916 2744">
     <span class='ocr_line' id='line_1_24' title="bbox 328 2671 1916 2744; baseline -0.001 -19"><span class='ocrx_word' id='word_1_184' title='bbox 328 2673 508 2744; x_wconf 76' lang='grc' dir='ltr'>ὑμῶν,</span> <span class='ocrx_word' id='word_1_185' title='bbox 535 2674 632 2727; x_wconf 77' lang='grc' dir='ltr'>καὶ</span> <span class='ocrx_word' id='word_1_186' title='bbox 652 2673 906 2744; x_wconf 77' lang='grc' dir='ltr'>ἀφάψατε</span> <span class='ocrx_word' id='word_1_187' title='bbox 936 2672 1110 2727; x_wconf 81' lang='grc' dir='ltr'>ταῦτα</span> <span class='ocrx_word' id='word_1_188' title='bbox 1133 2674 1214 2738; x_wconf 89' lang='grc' dir='ltr'><strong>εἱς</strong></span> <span class='ocrx_word' id='word_1_189' title='bbox 1242 2674 1470 2743; x_wconf 83' lang='grc' dir='ltr'>σημεῖον</span> <span class='ocrx_word' id='word_1_190' title='bbox 1490 2672 1582 2725; x_wconf 76' lang='grc' dir='ltr'><strong>ἐπὶ</strong></span> <span class='ocrx_word' id='word_1_191' title='bbox 1610 2673 1710 2742; x_wconf 83' lang='grc' dir='ltr'>τῆς</span> <span class='ocrx_word' id='word_1_192' title='bbox 1737 2671 1916 2743; x_wconf 81' lang='grc' dir='ltr'>χειρὸς</span> 
     </span>
    </p>
   </div>
   <div class='ocr_carea' id='block_1_25' title="bbox 328 2762 1917 2836">
    <p class='ocr_par' dir='ltr' id='par_1_25' title="bbox 328 2762 1917 2836">
     <span class='ocr_line' id='line_1_25' title="bbox 328 2762 1917 2836; baseline -0.001 -19"><span class='ocrx_word' id='word_1_193' title='bbox 328 2765 508 2836; x_wconf 74' lang='grc' dir='ltr'>ὑμῶν,</span> <span class='ocrx_word' id='word_1_194' title='bbox 547 2765 644 2819; x_wconf 76' lang='grc' dir='ltr'>καὶ</span> <span class='ocrx_word' id='word_1_195' title='bbox 671 2765 825 2820; x_wconf 77' lang='grc' dir='ltr'>ἔσται</span> <span class='ocrx_word' id='word_1_196' title='bbox 858 2765 1132 2820; x_wconf 86' lang='grc' dir='ltr'>άσάλευτα</span> <span class='ocrx_word' id='word_1_197' title='bbox 1161 2764 1268 2836; x_wconf 77' lang='grc' dir='ltr'><strong>πρὸ</strong></span> <span class='ocrx_word' id='word_1_198' title='bbox 1281 2762 1584 2834; x_wconf 83' lang='grc' dir='ltr'>ὀφθαλμῶν</span> <span class='ocrx_word' id='word_1_199' title='bbox 1613 2763 1790 2834; x_wconf 80' lang='grc' dir='ltr'>ὑμῶν,</span> <span class='ocrx_word' id='word_1_200' title='bbox 1821 2762 1917 2816; x_wconf 74' lang='grc' dir='ltr'>καὶ</span> 
     </span>
    </p>
   </div>
   <div class='ocr_carea' id='block_1_26' title="bbox 324 2853 1916 2929">
    <p class='ocr_par' dir='ltr' id='par_1_26' title="bbox 324 2853 1916 2929">
     <span class='ocr_line' id='line_1_26' title="bbox 324 2853 1916 2929; baseline 0 -19"><span class='ocrx_word' id='word_1_201' title='bbox 324 2855 578 2923; x_wconf 78' lang='grc' dir='ltr'>διδάξατέ</span> <span class='ocrx_word' id='word_1_202' title='bbox 603 2858 743 2912; x_wconf 82' lang='grc' dir='ltr'>αὐτά</span> <span class='ocrx_word' id='word_1_203' title='bbox 763 2857 834 2912; x_wconf 87' lang='grc' dir='ltr'><strong>τά</strong></span> <span class='ocrx_word' id='word_1_204' title='bbox 864 2858 1032 2913; x_wconf 87' lang='grc' dir='ltr'>τέκνα</span> <span class='ocrx_word' id='word_1_205' title='bbox 1061 2857 1238 2929; x_wconf 74' lang='grc' dir='ltr'>ὑμῶν,</span> <span class='ocrx_word' id='word_1_206' title='bbox 1269 2857 1454 2910; x_wconf 85' lang='grc' dir='ltr'>λαλεῖν</span> <span class='ocrx_word' id='word_1_207' title='bbox 1483 2855 1643 2922; x_wconf 80' lang='grc' dir='ltr'>αὐτὰ,</span> <span class='ocrx_word' id='word_1_208' title='bbox 1668 2853 1916 2927; x_wconf 81' lang='grc' dir='ltr'>καθημέ-</span> 
     </span>
    </p>
   </div>
   <div class='ocr_carea' id='block_1_27' title="bbox 325 2946 1911 3019">
    <p class='ocr_par' dir='ltr' id='par_1_27' title="bbox 325 2946 1911 3019">
     <span class='ocr_line' id='line_1_27' title="bbox 325 2946 1911 3019; baseline -0.001 -19"><span class='ocrx_word' id='word_1_209' title='bbox 325 2962 455 3011; x_wconf 81' lang='grc' dir='ltr'>νους</span> <span class='ocrx_word' id='word_1_210' title='bbox 484 2949 544 3001; x_wconf 81' lang='grc' dir='ltr'>ὲν</span> <span class='ocrx_word' id='word_1_211' title='bbox 564 2946 693 3019; x_wconf 82' lang='grc' dir='ltr'>ὀδῷ,</span> <span class='ocrx_word' id='word_1_212' title='bbox 728 2950 824 3002; x_wconf 71' lang='grc' dir='ltr'>καὶ</span> <span class='ocrx_word' id='word_1_213' title='bbox 850 2948 1289 3019; x_wconf 84' lang='grc' dir='ltr'>κοιταξομένους,</span> <span class='ocrx_word' id='word_1_214' title='bbox 1327 2947 1420 3001; x_wconf 72' lang='grc' dir='ltr'>καὶ</span> <span class='ocrx_word' id='word_1_215' title='bbox 1446 2946 1911 3018; x_wconf 85' lang='grc' dir='ltr'>διανισταμένους,</span> 
     </span>
    </p>
   </div>
   <div class='ocr_carea' id='block_1_28' title="bbox 325 3037 1910 3109">
    <p class='ocr_par' dir='ltr' id='par_1_28' title="bbox 325 3037 1910 3109">
     <span class='ocr_line' id='line_1_28' title="bbox 325 3037 1910 3109; baseline 0 -19"><span class='ocrx_word' id='word_1_216' title='bbox 325 3038 422 3090; x_wconf 67' lang='grc' dir='ltr'>καὶ</span> <span class='ocrx_word' id='word_1_217' title='bbox 457 3037 709 3109; x_wconf 74' lang='grc' dir='ltr'>γράψατε</span> <span class='ocrx_word' id='word_1_218' title='bbox 732 3038 869 3092; x_wconf 79' lang='grc' dir='ltr'>αὐτὰ</span> <span class='ocrx_word' id='word_1_219' title='bbox 903 3038 996 3093; x_wconf 73' lang='grc' dir='ltr'><strong>ἐπὶ</strong></span> <span class='ocrx_word' id='word_1_220' title='bbox 1037 3038 1136 3101; x_wconf 83' lang='grc' dir='ltr'><strong>τὰς</strong></span> <span class='ocrx_word' id='word_1_221' title='bbox 1165 3038 1326 3108; x_wconf 85' lang='grc' dir='ltr'>φλιάς</span> <span class='ocrx_word' id='word_1_222' title='bbox 1367 3038 1476 3092; x_wconf 89' lang='grc' dir='ltr'><strong>τῶν</strong></span> <span class='ocrx_word' id='word_1_223' title='bbox 1531 3039 1694 3092; x_wconf 77' lang='grc' dir='ltr'>οἴκων</span> <span class='ocrx_word' id='word_1_224' title='bbox 1737 3038 1910 3109; x_wconf 84' lang='grc' dir='ltr'>ὑμῶν,</span> 
     </span>
    </p>
   </div>
   <div class='ocr_carea' id='block_1_29' title="bbox 324 3129 1908 3202">
    <p class='ocr_par' dir='ltr' id='par_1_29' title="bbox 324 3129 1908 3202">
     <span class='ocr_line' id='line_1_29' title="bbox 324 3129 1908 3202; baseline 0.001 -19"><span class='ocrx_word' id='word_1_225' title='bbox 324 3132 423 3183; x_wconf 73' lang='grc' dir='ltr'>καὶ</span> <span class='ocrx_word' id='word_1_226' title='bbox 447 3130 556 3183; x_wconf 90' lang='grc' dir='ltr'><strong>τῶν</strong></span> <span class='ocrx_word' id='word_1_227' title='bbox 579 3129 765 3183; x_wconf 88' lang='grc' dir='ltr'>πυλῶν</span> <span class='ocrx_word' id='word_1_228' title='bbox 781 3131 810 3183; x_wconf 81' lang='grc' dir='ltr'>ὑ</span> <span class='ocrx_word' id='word_1_229' title='bbox 820 3129 958 3200; x_wconf 91' lang='grc' dir='ltr'>μῶν,</span> <span class='ocrx_word' id='word_1_230' title='bbox 979 3130 1068 3184; x_wconf 82' lang='grc' dir='ltr'>ἵνα</span> <span class='ocrx_word' id='word_1_231' title='bbox 1093 3131 1263 3202; x_wconf 85' lang='grc' dir='ltr'>πολυη</span> <span class='ocrx_word' id='word_1_232' title='bbox 1274 3130 1565 3202; x_wconf 86' lang='grc' dir='ltr'>μερεύητε,</span> <span class='ocrx_word' id='word_1_233' title='bbox 1587 3129 1680 3184; x_wconf 72' lang='grc' dir='ltr'>καὶ</span> <span class='ocrx_word' id='word_1_234' title='bbox 1703 3130 1908 3202; x_wconf 85' lang='grc' dir='ltr'>ήμέραι</span> 
     </span>
    </p>
   </div>
   <div class='ocr_carea' id='block_1_30' title="bbox 322 3219 1909 3296">
    <p class='ocr_par' dir='ltr' id='par_1_30' title="bbox 322 3219 1909 3296">
     <span class='ocr_line' id='line_1_30' title="bbox 322 3219 1909 3296; baseline 0.001 -22"><span class='ocrx_word' id='word_1_235' title='bbox 322 3221 437 3275; x_wconf 88' lang='grc' dir='ltr'><strong>τῶν</strong></span> <span class='ocrx_word' id='word_1_236' title='bbox 482 3221 620 3276; x_wconf 89' lang='grc' dir='ltr'>υἱῶν</span> <span class='ocrx_word' id='word_1_237' title='bbox 649 3221 803 3293; x_wconf 76' lang='grc' dir='ltr'>ὑμῶν</span> <span class='ocrx_word' id='word_1_238' title='bbox 835 3223 929 3276; x_wconf 77' lang='grc' dir='ltr'><strong>ἐπὶ</strong></span> <span class='ocrx_word' id='word_1_239' title='bbox 954 3223 1056 3294; x_wconf 82' lang='grc' dir='ltr'>τῆς</span> <span class='ocrx_word' id='word_1_240' title='bbox 1094 3223 1220 3294; x_wconf 82' lang='grc' dir='ltr'>γῆς,</span> <span class='ocrx_word' id='word_1_241' title='bbox 1251 3219 1320 3296; x_wconf 82' lang='grc' dir='ltr'>ἦς</span> <span class='ocrx_word' id='word_1_242' title='bbox 1348 3222 1530 3294; x_wconf 80' lang='grc' dir='ltr'>ὤμοσε</span> <span class='ocrx_word' id='word_1_243' title='bbox 1569 3222 1776 3294; x_wconf 83' lang='grc' dir='ltr'>Κύριος</span> <span class='ocrx_word' id='word_1_244' title='bbox 1796 3225 1909 3286; x_wconf 81' lang='grc' dir='ltr'>τοῖς</span> 
     </span>
    </p>
   </div>
   <div class='ocr_carea' id='block_1_31' title="bbox 325 3311 1908 3385">
    <p class='ocr_par' dir='ltr' id='par_1_31' title="bbox 325 3311 1908 3385">
     <span class='ocr_line' id='line_1_31' title="bbox 325 3311 1908 3385; baseline -0.001 -19"><span class='ocrx_word' id='word_1_245' title='bbox 325 3313 605 3384; x_wconf 77' lang='grc' dir='ltr'>πατράσιν</span> <span class='ocrx_word' id='word_1_246' title='bbox 641 3313 796 3385; x_wconf 82' lang='grc' dir='ltr'>ὑμῶν</span> <span class='ocrx_word' id='word_1_247' title='bbox 825 3311 1010 3368; x_wconf 77' lang='grc' dir='ltr'>δοῦναι</span> <span class='ocrx_word' id='word_1_248' title='bbox 1038 3314 1242 3381; x_wconf 83' lang='grc' dir='ltr'>αὐτοῖς,</span> <span class='ocrx_word' id='word_1_249' title='bbox 1279 3313 1464 3376; x_wconf 84' lang='grc' dir='ltr'>καθὼς</span> <span class='ocrx_word' id='word_1_250' title='bbox 1493 3315 1549 3366; x_wconf 83' lang='grc' dir='ltr'><strong>αἱ</strong></span> <span class='ocrx_word' id='word_1_251' title='bbox 1576 3313 1784 3385; x_wconf 83' lang='grc' dir='ltr'>ἡμέραι</span> <span class='ocrx_word' id='word_1_252' title='bbox 1815 3311 1908 3366; x_wconf 82' lang='grc' dir='ltr'>τοῦ</span> 
     </span>
    </p>
   </div>
   <div class='ocr_carea' id='block_1_32' title="bbox 326 3402 1909 3477">
    <p class='ocr_par' dir='ltr' id='par_1_32' title="bbox 326 3402 1909 3477">
     <span class='ocr_line' id='line_1_32' title="bbox 326 3402 1909 3477; baseline 0.001 -22"><span class='ocrx_word' id='word_1_253' title='bbox 326 3402 568 3474; x_wconf 78' lang='grc' dir='ltr'>οὐρανοῦ</span> <span class='ocrx_word' id='word_1_254' title='bbox 615 3405 718 3458; x_wconf 72' lang='grc' dir='ltr'><strong>ἐπὶ</strong></span> <span class='ocrx_word' id='word_1_255' title='bbox 749 3405 847 3474; x_wconf 81' lang='grc' dir='ltr'>τῆς</span> <span class='ocrx_word' id='word_1_256' title='bbox 889 3405 1016 3476; x_wconf 79' lang='grc' dir='ltr'>γῆς.</span> <span class='ocrx_word' id='word_1_257' title='bbox 1058 3424 1077 3458; x_wconf 87' lang='grc'><strong>›</strong></span> <span class='ocrx_word' id='word_1_258' title='bbox 1111 3406 1225 3459; x_wconf 88' lang='lat' dir='ltr'><strong>Kal</strong></span> <span class='ocrx_word' id='word_1_259' title='bbox 1268 3405 1322 3458; x_wconf 87' lang='grc' dir='ltr'><strong>τί</strong></span> <span class='ocrx_word' id='word_1_260' title='bbox 1369 3404 1434 3477; x_wconf 82' lang='grc' dir='ltr'>δὴ</span> <span class='ocrx_word' id='word_1_261' title='bbox 1462 3405 1624 3459; x_wconf 88' lang='grc' dir='ltr'>πάλιν</span> <span class='ocrx_word' id='word_1_262' title='bbox 1671 3405 1788 3458; x_wconf 75' lang='grc' dir='ltr'>ἐστὶ</span> <span class='ocrx_word' id='word_1_263' title='bbox 1827 3404 1909 3472; x_wconf 81' lang='grc' dir='ltr'>τὸ,</span> 
     </span>
    </p>
   </div>
   <div class='ocr_carea' id='block_1_33' title="bbox 341 3496 1913 3569">
    <p class='ocr_par' dir='ltr' id='par_1_33' title="bbox 341 3496 1913 3569">
     <span class='ocr_line' id='line_1_33' title="bbox 341 3496 1913 3569; baseline 0.001 -21"><span class='ocrx_word' id='word_1_264' title='bbox 341 3497 620 3566; x_wconf 77' lang='grc' dir='ltr'>Ἀφάψατε</span> <span class='ocrx_word' id='word_1_265' title='bbox 651 3497 910 3552; x_wconf 64' lang='grc' dir='ltr'>αὐτάὲπὶ</span> <span class='ocrx_word' id='word_1_266' title='bbox 942 3498 1051 3551; x_wconf 87' lang='grc' dir='ltr'><strong>τῶν</strong></span> <span class='ocrx_word' id='word_1_267' title='bbox 1074 3497 1273 3569; x_wconf 87' lang='grc' dir='ltr'>χειρῶν</span> <span class='ocrx_word' id='word_1_268' title='bbox 1313 3497 1486 3568; x_wconf 83' lang='grc' dir='ltr'>ὑμῶν,</span> <span class='ocrx_word' id='word_1_269' title='bbox 1537 3501 1595 3552; x_wconf 85' lang='grc' dir='ltr'>ὲν</span> <span class='ocrx_word' id='word_1_270' title='bbox 1622 3501 1736 3560; x_wconf 82' lang='grc' dir='ltr'>τοῖς</span> <span class='ocrx_word' id='word_1_271' title='bbox 1768 3496 1913 3567; x_wconf 80' lang='grc' dir='ltr'>Ἀρι-</span> 
     </span>
    </p>
   </div>
   <div class='ocr_carea' id='block_1_34' title="bbox 281 3582 1911 3661">
    <p class='ocr_par' dir='ltr' id='par_1_34' title="bbox 281 3582 1911 3661">
     <span class='ocr_line' id='line_1_34' title="bbox 281 3582 1911 3661; baseline 0 -20"><span class='ocrx_word' id='word_1_272' title='bbox 281 3597 285 3600; x_wconf 87' lang='grc'><em>’</em></span> <span class='ocrx_word' id='word_1_273' title='bbox 327 3589 489 3657; x_wconf 74' lang='grc' dir='ltr'>θμοῖς</span> <span class='ocrx_word' id='word_1_274' title='bbox 523 3589 710 3661; x_wconf 69' lang='grc' dir='ltr'>ἐδήλου</span> <span class='ocrx_word' id='word_1_275' title='bbox 737 3590 941 3660; x_wconf 82' lang='grc' dir='ltr'>σαφῶς.</span> <span class='ocrx_word' id='word_1_276' title='bbox 969 3589 1284 3660; x_wconf 86' lang='grc' dir='ltr'>Γέγραπται</span> <span class='ocrx_word' id='word_1_277' title='bbox 1309 3590 1415 3661; x_wconf 83' lang='grc' dir='ltr'><strong>γὰρ</strong></span> <span class='ocrx_word' id='word_1_278' title='bbox 1437 3589 1533 3642; x_wconf 84' lang='grc' dir='ltr'>ὡδί</span> <span class='ocrx_word' id='word_1_279' title='bbox 1552 3605 1566 3620; x_wconf 83' lang='grc'><em>’</em></span> <span class='ocrx_word' id='word_1_280' title='bbox 1596 3608 1615 3641; x_wconf 80' lang='grc' dir='ltr'><strong>ι</strong></span> <span class='ocrx_word' id='word_1_281' title='bbox 1654 3589 1764 3642; x_wconf 86' lang='lat' dir='ltr'><strong>Kal</strong></span> <span class='ocrx_word' id='word_1_282' title='bbox 1791 3582 1911 3641; x_wconf 83' lang='grc' dir='ltr'>εἱπε</span> 
     </span>
    </p>
   </div>
   <div class='ocr_carea' id='block_1_35' title="bbox 328 3677 1913 3752">
    <p class='ocr_par' dir='ltr' id='par_1_35' title="bbox 328 3677 1913 3752">
     <span class='ocr_line' id='line_1_35' title="bbox 328 3677 1913 3752; baseline -0.001 -21"><span class='ocrx_word' id='word_1_283' title='bbox 328 3679 536 3751; x_wconf 76' lang='grc' dir='ltr'>Κύριος</span> <span class='ocrx_word' id='word_1_284' title='bbox 581 3680 719 3752; x_wconf 81' lang='grc' dir='ltr'>πρὸς</span> <span class='ocrx_word' id='word_1_285' title='bbox 762 3680 992 3751; x_wconf 84' lang='grc' dir='ltr'>Μωσῆν,</span> <span class='ocrx_word' id='word_1_286' title='bbox 1042 3679 1252 3748; x_wconf 81' lang='grc' dir='ltr'>λέγων’</span> <span class='ocrx_word' id='word_1_287' title='bbox 1307 3679 1555 3750; x_wconf 87' lang='grc' dir='ltr'>Λάλησον</span> <span class='ocrx_word' id='word_1_288' title='bbox 1602 3681 1716 3741; x_wconf 87' lang='grc' dir='ltr'>τοῖς</span> <span class='ocrx_word' id='word_1_289' title='bbox 1777 3677 1913 3740; x_wconf 81' lang='grc' dir='ltr'>υἱοῖς</span> 
     </span>
    </p>
   </div>
   <div class='ocr_carea' id='block_1_36' title="bbox 340 3765 1912 3840">
    <p class='ocr_par' dir='ltr' id='par_1_36' title="bbox 340 3765 1912 3840">
     <span class='ocr_line' id='line_1_36' title="bbox 340 3765 1912 3840; baseline 0.002 -22"><span class='ocrx_word' id='word_1_290' title='bbox 340 3765 587 3838; x_wconf 76' lang='grc' dir='ltr'>Ἰσραὴλ,</span> <span class='ocrx_word' id='word_1_291' title='bbox 627 3768 724 3821; x_wconf 74' lang='grc' dir='ltr'>καὶ</span> <span class='ocrx_word' id='word_1_292' title='bbox 759 3768 905 3840; x_wconf 85' lang='grc' dir='ltr'>ὲρεῖς</span> <span class='ocrx_word' id='word_1_293' title='bbox 935 3767 1074 3840; x_wconf 77' lang='grc' dir='ltr'>πρὸς</span> <span class='ocrx_word' id='word_1_294' title='bbox 1113 3768 1332 3834; x_wconf 85' lang='grc' dir='ltr'>αὐτοὺς,</span> <span class='ocrx_word' id='word_1_295' title='bbox 1385 3769 1482 3821; x_wconf 71' lang='grc' dir='ltr'>καὶ</span> <span class='ocrx_word' id='word_1_296' title='bbox 1523 3767 1912 3838; x_wconf 88' lang='grc' dir='ltr'>ποιησάτωσαν</span> 
     </span>
    </p>
   </div>
   <div class='ocr_carea' id='block_1_37' title="bbox 329 3857 1908 3931">
    <p class='ocr_par' dir='ltr' id='par_1_37' title="bbox 329 3857 1908 3931">
     <span class='ocr_line' id='line_1_37' title="bbox 329 3857 1908 3931; baseline 0.002 -24"><span class='ocrx_word' id='word_1_297' title='bbox 329 3859 544 3921; x_wconf 68' lang='grc' dir='ltr'>ἑαυτοῖς</span> <span class='ocrx_word' id='word_1_298' title='bbox 571 3859 857 3930; x_wconf 81' lang='grc' dir='ltr'>κράσπεδα</span> <span class='ocrx_word' id='word_1_299' title='bbox 878 3860 976 3921; x_wconf 74' lang='grc' dir='ltr'><strong>ἐπὶ</strong></span> <span class='ocrx_word' id='word_1_300' title='bbox 991 3859 1059 3912; x_wconf 82' lang='grc' dir='ltr'>τὰ</span> <span class='ocrx_word' id='word_1_301' title='bbox 1083 3858 1356 3931; x_wconf 83' lang='grc' dir='ltr'>πτερύγια</span> <span class='ocrx_word' id='word_1_302' title='bbox 1382 3859 1490 3913; x_wconf 91' lang='grc' dir='ltr'><strong>τῶν</strong></span> <span class='ocrx_word' id='word_1_303' title='bbox 1523 3857 1756 3930; x_wconf 78' lang='grc' dir='ltr'>ἱματίων</span> <span class='ocrx_word' id='word_1_304' title='bbox 1785 3859 1908 3910; x_wconf 82' lang='grc' dir='ltr'>ἐαυ-</span> 
     </span>
    </p>
   </div>
   <div class='ocr_carea' id='block_1_38' title="bbox 328 3948 1916 4022">
    <p class='ocr_par' dir='ltr' id='par_1_38' title="bbox 328 3948 1916 4022">
     <span class='ocr_line' id='line_1_38' title="bbox 328 3948 1916 4022; baseline 0.003 -22"><span class='ocrx_word' id='word_1_305' title='bbox 328 3948 437 4002; x_wconf 84' lang='grc' dir='ltr'><strong>τῶν</strong></span> <span class='ocrx_word' id='word_1_306' title='bbox 483 3952 564 4014; x_wconf 89' lang='grc' dir='ltr'><strong>εἱς</strong></span> <span class='ocrx_word' id='word_1_307' title='bbox 595 3951 694 4016; x_wconf 87' lang='grc' dir='ltr'><strong>τὰς</strong></span> <span class='ocrx_word' id='word_1_308' title='bbox 749 3951 942 4021; x_wconf 87' lang='grc' dir='ltr'>γενεὰς</span> <span class='ocrx_word' id='word_1_309' title='bbox 977 3952 1190 4006; x_wconf 76' lang='grc' dir='ltr'>αὐτῶνο</span> <span class='ocrx_word' id='word_1_310' title='bbox 1239 3953 1334 4005; x_wconf 78' lang='grc' dir='ltr'>καὶ</span> <span class='ocrx_word' id='word_1_311' title='bbox 1380 3951 1668 4022; x_wconf 84' lang='grc' dir='ltr'>ὲπιθήσετε</span> <span class='ocrx_word' id='word_1_312' title='bbox 1709 3951 1802 4004; x_wconf 77' lang='grc' dir='ltr'><strong>ἐπὶ</strong></span> <span class='ocrx_word' id='word_1_313' title='bbox 1844 3949 1916 4004; x_wconf 82' lang='grc' dir='ltr'><strong>τὰ</strong></span> 
     </span>
    </p>
   </div>
   <div class='ocr_carea' id='block_1_39' title="bbox 330 4043 1915 4116">
    <p class='ocr_par' dir='ltr' id='par_1_39' title="bbox 330 4043 1915 4116">
     <span class='ocr_line' id='line_1_39' title="bbox 330 4043 1915 4116; baseline 0.001 -22"><span class='ocrx_word' id='word_1_314' title='bbox 330 4043 616 4112; x_wconf 81' lang='grc' dir='ltr'>κράσπεδα</span> <span class='ocrx_word' id='word_1_315' title='bbox 645 4043 754 4098; x_wconf 88' lang='grc' dir='ltr'><strong>τῶν</strong></span> <span class='ocrx_word' id='word_1_316' title='bbox 799 4047 1110 4116; x_wconf 89' lang='grc' dir='ltr'>πτερυγίων</span> <span class='ocrx_word' id='word_1_317' title='bbox 1161 4044 1396 4116; x_wconf 84' lang='grc' dir='ltr'>κλῶσμα</span> <span class='ocrx_word' id='word_1_318' title='bbox 1443 4043 1769 4109; x_wconf 84' lang='grc' dir='ltr'>ὑακίνθινον,</span> <span class='ocrx_word' id='word_1_319' title='bbox 1819 4043 1915 4097; x_wconf 73' lang='grc' dir='ltr'>καὶ</span> 
     </span>
    </p>
   </div>
   <div class='ocr_carea' id='block_1_40' title="bbox 329 4133 1916 4211">
    <p class='ocr_par' dir='ltr' id='par_1_40' title="bbox 329 4133 1916 4211">
     <span class='ocr_line' id='line_1_40' title="bbox 329 4133 1916 4211; baseline 0.001 -25"><span class='ocrx_word' id='word_1_320' title='bbox 329 4133 483 4190; x_wconf 83' lang='grc' dir='ltr'>ἔσται</span> <span class='ocrx_word' id='word_1_321' title='bbox 526 4140 584 4191; x_wconf 85' lang='grc' dir='ltr'>ὲν</span> <span class='ocrx_word' id='word_1_322' title='bbox 633 4141 744 4204; x_wconf 87' lang='grc' dir='ltr'>τοῖς</span> <span class='ocrx_word' id='word_1_323' title='bbox 797 4139 1164 4211; x_wconf 83' lang='grc' dir='ltr'>κρασπέδοις,</span> <span class='ocrx_word' id='word_1_324' title='bbox 1217 4138 1311 4191; x_wconf 76' lang='grc' dir='ltr'>καὶ</span> <span class='ocrx_word' id='word_1_325' title='bbox 1367 4136 1564 4208; x_wconf 72' lang='grc' dir='ltr'>ὄψεσθε</span> <span class='ocrx_word' id='word_1_326' title='bbox 1607 4135 1770 4201; x_wconf 82' lang='grc' dir='ltr'>αὐτὰ,</span> <span class='ocrx_word' id='word_1_327' title='bbox 1821 4136 1916 4189; x_wconf 77' lang='grc' dir='ltr'>καὶ</span> 
     </span>
    </p>
   </div>
   <div class='ocr_carea' id='block_1_41' title="bbox 332 4227 1917 4307">
    <p class='ocr_par' dir='ltr' id='par_1_41' title="bbox 332 4227 1917 4307">
     <span class='ocr_line' id='line_1_41' title="bbox 332 4227 1917 4307; baseline -0.006 -18"><span class='ocrx_word' id='word_1_328' title='bbox 332 4233 714 4307; x_wconf 82' lang='grc' dir='ltr'>μνησθήσεσθε</span> <span class='ocrx_word' id='word_1_329' title='bbox 740 4231 933 4286; x_wconf 90' lang='grc' dir='ltr'>πασῶν</span> <span class='ocrx_word' id='word_1_330' title='bbox 963 4231 1072 4284; x_wconf 89' lang='grc' dir='ltr'><strong>τῶν</strong></span> <span class='ocrx_word' id='word_1_331' title='bbox 1103 4229 1334 4284; x_wconf 78' lang='grc' dir='ltr'>ἐντολῶν</span> <span class='ocrx_word' id='word_1_332' title='bbox 1361 4229 1590 4299; x_wconf 86' lang='grc' dir='ltr'>Κυρίου,</span> <span class='ocrx_word' id='word_1_333' title='bbox 1623 4228 1719 4282; x_wconf 71' lang='grc' dir='ltr'>καὶ</span> <span class='ocrx_word' id='word_1_334' title='bbox 1761 4227 1917 4298; x_wconf 87' lang='grc' dir='ltr'>ποιή-</span> 
     </span>
    </p>
   </div>
   <div class='ocr_carea' id='block_1_42' title="bbox 330 4320 1918 4396">
    <p class='ocr_par' dir='ltr' id='par_1_42' title="bbox 330 4320 1918 4396">
     <span class='ocr_line' id='line_1_42' title="bbox 330 4320 1918 4396; baseline -0.004 -14"><span class='ocrx_word' id='word_1_335' title='bbox 330 4347 448 4382; x_wconf 86' lang='grc' dir='ltr'>σετε</span> <span class='ocrx_word' id='word_1_336' title='bbox 480 4326 681 4392; x_wconf 77' lang='grc' dir='ltr'>αὑτάςο</span> <span class='ocrx_word' id='word_1_337' title='bbox 713 4325 810 4380; x_wconf 75' lang='grc' dir='ltr'>καὶ</span> <span class='ocrx_word' id='word_1_338' title='bbox 848 4325 909 4378; x_wconf 82' lang='grc' dir='ltr'>οὺ</span> <span class='ocrx_word' id='word_1_339' title='bbox 938 4323 1409 4396; x_wconf 85' lang='grc' dir='ltr'>διαστραφήσεσθε</span> <span class='ocrx_word' id='word_1_340' title='bbox 1441 4323 1621 4377; x_wconf 89' lang='grc' dir='ltr'>ὀπίσω</span> <span class='ocrx_word' id='word_1_341' title='bbox 1668 4322 1778 4375; x_wconf 89' lang='grc' dir='ltr'><strong>τῶν</strong></span> <span class='ocrx_word' id='word_1_342' title='bbox 1805 4320 1918 4376; x_wconf 80' lang='grc' dir='ltr'>δια-</span> 
     </span>
    </p>
   </div>
   <div class='ocr_carea' id='block_1_43' title="bbox 1048 264 2906 326">
    <p class='ocr_par' dir='ltr' id='par_1_43' title="bbox 1048 264 2906 326">
     <span class='ocr_line' id='line_1_43' title="bbox 1048 264 2906 326; baseline 0.003 -8"><span class='ocrx_word' id='word_1_343' title='bbox 1048 265 1138 318; x_wconf 87' lang='lat' dir='ltr'><strong>DE</strong></span> <span class='ocrx_word' id='word_1_344' title='bbox 1177 264 1622 320; x_wconf 75' lang='lat' dir='ltr'><strong>ADORATIONE</strong></span> <span class='ocrx_word' id='word_1_345' title='bbox 1663 266 1729 319; x_wconf 74' lang='lat' dir='ltr'><strong>IN</strong></span> <span class='ocrx_word' id='word_1_346' title='bbox 1772 266 2037 321; x_wconf 78' lang='lat' dir='ltr'><strong>SPlRlTU</strong></span> <span class='ocrx_word' id='word_1_347' title='bbox 2083 269 2170 322; x_wconf 81' lang='grc' dir='ltr'><strong>ΕΤ</strong></span> <span class='ocrx_word' id='word_1_348' title='bbox 2213 268 2580 324; x_wconf 73' lang='lat' dir='ltr'><strong>VERITATE.</strong></span> <span class='ocrx_word' id='word_1_349' title='bbox 2626 269 2753 324; x_wconf 78' lang='lat' dir='ltr'><strong>LIB.</strong></span> <span class='ocrx_word' id='word_1_350' title='bbox 2798 271 2906 326; x_wconf 64' lang='grc' dir='ltr'><strong>ΥΠ.</strong></span> 
     </span>
    </p>
   </div>
   <div class='ocr_carea' id='block_1_44' title="bbox 332 380 1914 457">
    <p class='ocr_par' dir='ltr' id='par_1_44' title="bbox 332 380 1914 455">
     <span class='ocr_line' id='line_1_44' title="bbox 332 380 1914 455; baseline -0.001 -19"><span class='ocrx_word' id='word_1_351' title='bbox 332 386 412 455; x_wconf 82' lang='grc' dir='ltr'>μὴ</span> <span class='ocrx_word' id='word_1_352' title='bbox 450 380 685 452; x_wconf 82' lang='grc' dir='ltr'>ἀγαπῶν</span> <span class='ocrx_word' id='word_1_353' title='bbox 717 380 807 434; x_wconf 78' lang='grc' dir='ltr'>τὸν</span> <span class='ocrx_word' id='word_1_354' title='bbox 839 381 1068 451; x_wconf 77' lang='grc' dir='ltr'>ἀδελφὸν</span> <span class='ocrx_word' id='word_1_355' title='bbox 1112 382 1278 437; x_wconf 83' lang='grc' dir='ltr'><strong>αὐτοῦ</strong></span> <span class='ocrx_word' id='word_1_356' title='bbox 1310 383 1369 437; x_wconf 84' lang='grc' dir='ltr'><strong>ὀν</strong></span> <span class='ocrx_word' id='word_1_357' title='bbox 1415 381 1649 454; x_wconf 82' lang='grc' dir='ltr'>ἑώρακε,</span> <span class='ocrx_word' id='word_1_358' title='bbox 1680 383 1772 436; x_wconf 75' lang='grc' dir='ltr'><strong>τὸν</strong></span> <span class='ocrx_word' id='word_1_359' title='bbox 1795 383 1914 436; x_wconf 58' lang='grc' dir='ltr'>Θεὸκ</span> 
     </span>
    </p>
   </div>
   <div class='ocr_carea' id='block_1_45' title="bbox 2019 380 3102 457">
    <p class='ocr_par' dir='ltr' id='par_1_45' title="bbox 2029 385 3102 457">
     <span class='ocr_line' id='line_1_45' title="bbox 2029 385 3102 457; baseline 0.002 -19"><span class='ocrx_word' id='word_1_360' title='bbox 2029 385 2201 450; x_wconf 87' lang='lat' dir='ltr'><strong>videt,</strong></span> <span class='ocrx_word' id='word_1_361' title='bbox 2257 386 2428 441; x_wconf 90' lang='lat' dir='ltr'><strong>Deum</strong></span> <span class='ocrx_word' id='word_1_362' title='bbox 2506 403 2672 457; x_wconf 84' lang='lat' dir='ltr'><strong>quem</strong></span> <span class='ocrx_word' id='word_1_363' title='bbox 2748 393 2857 441; x_wconf 80' lang='lat' dir='ltr'><strong>no’n</strong></span> <span class='ocrx_word' id='word_1_364' title='bbox 2911 385 3102 450; x_wconf 90' lang='lat' dir='ltr'><strong>videt,</strong></span> 
     </span>
    </p>
   </div>
   <div class='ocr_carea' id='block_1_46' title="bbox 3504 272 3615 325">
    <p class='ocr_par' dir='ltr' id='par_1_46' title="bbox 3504 272 3615 325">
     <span class='ocr_line' id='line_1_46' title="bbox 3504 272 3615 325; baseline 0.009 -1"><span class='ocrx_word' id='word_1_365' title='bbox 3504 272 3615 325; x_wconf 66' lang='lat'><strong>482</strong></span> 
     </span>
    </p>
   </div>
   <div class='ocr_carea' id='block_1_47' title="bbox 3180 385 3612 457">
    <p class='ocr_par' dir='ltr' id='par_1_47' title="bbox 3180 385 3612 457">
     <span class='ocr_line' id='line_1_47' title="bbox 3180 385 3612 457; baseline -0.002 -16"><span class='ocrx_word' id='word_1_366' title='bbox 3180 385 3457 456; x_wconf 88' lang='lat' dir='ltr'><strong>quomodo</strong></span> <span class='ocrx_word' id='word_1_367' title='bbox 3515 402 3612 457; x_wconf 82' lang='lat' dir='ltr'><strong>po-</strong></span> 
     </span>
    </p>
   </div>
   <div class='ocr_carea' id='block_1_48' title="bbox 2029 476 3607 548">
    <p class='ocr_par' dir='ltr' id='par_1_48' title="bbox 2029 476 3607 548">
     <span class='ocr_line' id='line_1_48' title="bbox 2029 476 3607 548; baseline 0.003 -20"><span class='ocrx_word' id='word_1_368' title='bbox 2029 483 2137 530; x_wconf 89' lang='lat' dir='ltr'><strong>test</strong></span> <span class='ocrx_word' id='word_1_369' title='bbox 2161 476 2440 547; x_wconf 80' lang='lat' dir='ltr'><strong>diligere?</strong></span> <span class='ocrx_word' id='word_1_370' title='bbox 2476 477 2545 532; x_wconf 86' lang='lat' dir='ltr'><strong>Et</strong></span> <span class='ocrx_word' id='word_1_371' title='bbox 2567 477 2673 531; x_wconf 90' lang='lat' dir='ltr'><strong>hoc</strong></span> <span class='ocrx_word' id='word_1_372' title='bbox 2697 477 3017 532; x_wconf 89' lang='lat' dir='ltr'><strong>mandatum</strong></span> <span class='ocrx_word' id='word_1_373' title='bbox 3043 477 3313 532; x_wconf 81' lang='lat' dir='ltr'><strong>habemus</strong></span> <span class='ocrx_word' id='word_1_374' title='bbox 3349 477 3420 532; x_wconf 91' lang='lat' dir='ltr'><strong>ab</strong></span> <span class='ocrx_word' id='word_1_375' title='bbox 3463 478 3607 548; x_wconf 90' lang='lat' dir='ltr'><strong>ipso,</strong></span> 
     </span>
    </p>
   </div>
   <div class='ocr_carea' id='block_1_49' title="bbox 2024 569 3602 641">
    <p class='ocr_par' dir='ltr' id='par_1_49' title="bbox 2024 569 3602 641">
     <span class='ocr_line' id='line_1_49' title="bbox 2024 569 3602 641; baseline 0.001 -19"><span class='ocrx_word' id='word_1_376' title='bbox 2024 577 2106 634; x_wconf 90' lang='lat' dir='ltr'><strong>ut,</strong></span> <span class='ocrx_word' id='word_1_377' title='bbox 2139 569 2234 638; x_wconf 89' lang='lat' dir='ltr'><strong>qui</strong></span> <span class='ocrx_word' id='word_1_378' title='bbox 2264 569 2443 640; x_wconf 76' lang='lat' dir='ltr'><strong>diligit</strong></span> <span class='ocrx_word' id='word_1_379' title='bbox 2469 569 2665 634; x_wconf 87' lang='lat' dir='ltr'><strong>Deum,</strong></span> <span class='ocrx_word' id='word_1_380' title='bbox 2713 569 2902 641; x_wconf 80' lang='lat' dir='ltr'><strong>diligat</strong></span> <span class='ocrx_word' id='word_1_381' title='bbox 2937 579 2992 625; x_wconf 90' lang='lat' dir='ltr'><strong>et</strong></span> <span class='ocrx_word' id='word_1_382' title='bbox 3023 570 3248 626; x_wconf 78' lang='lat' dir='ltr'><strong>fratrem</strong></span> <span class='ocrx_word' id='word_1_383' title='bbox 3292 587 3453 626; x_wconf 90' lang='lat' dir='ltr'><strong>suum</strong></span> <span class='ocrx_word' id='word_1_384' title='bbox 3476 573 3543 627; x_wconf 75' lang='grc'><strong>⁸⁷.</strong></span> <span class='ocrx_word' id='word_1_385' title='bbox 3583 591 3602 624; x_wconf 74' lang='grc' dir='ltr'><strong>ι</strong></span> 
     </span>
    </p>
   </div>
   <div class='ocr_carea' id='block_1_50' title="bbox 2024 661 3705 736">
    <p class='ocr_par' dir='ltr' id='par_1_50' title="bbox 2024 661 3705 736">
     <span class='ocr_line' id='line_1_50' title="bbox 2024 661 3705 736; baseline 0.002 -20"><span class='ocrx_word' id='word_1_386' title='bbox 2024 661 2199 716; x_wconf 88' lang='lat' dir='ltr'><strong>Simul</strong></span> <span class='ocrx_word' id='word_1_387' title='bbox 2241 662 2410 732; x_wconf 83' lang='lat' dir='ltr'><strong>igitur</strong></span> <span class='ocrx_word' id='word_1_388' title='bbox 2446 672 2680 731; x_wconf 88' lang='lat' dir='ltr'><strong>utraque</strong></span> <span class='ocrx_word' id='word_1_389' title='bbox 2722 679 2845 717; x_wconf 92' lang='lat' dir='ltr'><strong>cum</strong></span> <span class='ocrx_word' id='word_1_390' title='bbox 2877 665 3051 719; x_wconf 89' lang='lat' dir='ltr'><strong>altera</strong></span> <span class='ocrx_word' id='word_1_391' title='bbox 3092 665 3295 720; x_wconf 89' lang='lat' dir='ltr'><strong>occidit</strong></span> <span class='ocrx_word' id='word_1_392' title='bbox 3319 681 3385 720; x_wconf 92' lang='lat' dir='ltr'><strong>ac</strong></span> <span class='ocrx_word' id='word_1_393' title='bbox 3419 666 3606 736; x_wconf 85' lang='lat' dir='ltr'><strong>splen-</strong></span> <span class='ocrx_word' id='word_1_394' title='bbox 3701 729 3705 732; x_wconf 35' lang='grc'><strong>,</strong></span> 
     </span>
    </p>
   </div>
   <div class='ocr_carea' id='block_1_51' title="bbox 2023 753 3608 814">
    <p class='ocr_par' dir='ltr' id='par_1_51' title="bbox 2023 753 3608 814">
     <span class='ocr_line' id='line_1_51' title="bbox 2023 753 3608 814; baseline 0.003 -6"><span class='ocrx_word' id='word_1_395' title='bbox 2023 753 2151 808; x_wconf 87' lang='lat' dir='ltr'><strong>dide</strong></span> <span class='ocrx_word' id='word_1_396' title='bbox 2195 753 2358 808; x_wconf 86' lang='lat' dir='ltr'><strong>simul</strong></span> <span class='ocrx_word' id='word_1_397' title='bbox 2389 755 2637 808; x_wconf 81' lang='lat' dir='ltr'><strong>exoritur</strong></span> <span class='ocrx_word' id='word_1_398' title='bbox 2680 773 2692 808; x_wconf 90' lang='lat'><strong>:</strong></span> <span class='ocrx_word' id='word_1_399' title='bbox 2730 764 2858 810; x_wconf 88' lang='lat' dir='ltr'><strong>sunt</strong></span> <span class='ocrx_word' id='word_1_400' title='bbox 2890 757 3038 811; x_wconf 90' lang='lat' dir='ltr'><strong>enim</strong></span> <span class='ocrx_word' id='word_1_401' title='bbox 3089 759 3321 813; x_wconf 77' lang='lat' dir='ltr'><strong>virtutes</strong></span> <span class='ocrx_word' id='word_1_402' title='bbox 3367 759 3514 814; x_wconf 89' lang='lat' dir='ltr'><strong>inter</strong></span> <span class='ocrx_word' id='word_1_403' title='bbox 3546 773 3608 812; x_wconf 87' lang='lat' dir='ltr'><strong>se</strong></span> 
     </span>
    </p>
   </div>
   <div class='ocr_carea' id='block_1_52' title="bbox 2021 843 3610 918">
    <p class='ocr_par' dir='ltr' id='par_1_52' title="bbox 2021 843 3610 918">
     <span class='ocr_line' id='line_1_52' title="bbox 2021 843 3610 918; baseline 0.003 -20"><span class='ocrx_word' id='word_1_404' title='bbox 2021 843 2217 899; x_wconf 78' lang='lat' dir='ltr'><strong>vicinze</strong></span> <span class='ocrx_word' id='word_1_405' title='bbox 2246 861 2258 898; x_wconf 92' lang='lat'>:</span> <span class='ocrx_word' id='word_1_406' title='bbox 2285 859 2350 898; x_wconf 91' lang='lat' dir='ltr'><strong>ac</strong></span> <span class='ocrx_word' id='word_1_407' title='bbox 2377 844 2528 899; x_wconf 89' lang='lat' dir='ltr'><strong>velut</strong></span> <span class='ocrx_word' id='word_1_408' title='bbox 2552 844 2821 899; x_wconf 88' lang='lat' dir='ltr'><strong>individui</strong></span> <span class='ocrx_word' id='word_1_409' title='bbox 2847 846 3080 916; x_wconf 87' lang='lat' dir='ltr'><strong>jugales,</strong></span> <span class='ocrx_word' id='word_1_410' title='bbox 3117 847 3186 901; x_wconf 91' lang='lat' dir='ltr'><strong>ad</strong></span> <span class='ocrx_word' id='word_1_411' title='bbox 3208 864 3374 902; x_wconf 91' lang='lat' dir='ltr'><strong>unam</strong></span> <span class='ocrx_word' id='word_1_412' title='bbox 3417 863 3610 918; x_wconf 90' lang='lat' dir='ltr'><strong>quam-</strong></span> 
     </span>
    </p>
   </div>
   <div class='ocr_carea' id='block_1_53' title="bbox 2021 933 3606 1007">
    <p class='ocr_par' dir='ltr' id='par_1_53' title="bbox 2021 933 3606 1007">
     <span class='ocr_line' id='line_1_53' title="bbox 2021 933 3606 1007; baseline 0.002 -18"><span class='ocrx_word' id='word_1_413' title='bbox 2021 933 2148 989; x_wconf 85' lang='lat' dir='ltr'><strong>dam</strong></span> <span class='ocrx_word' id='word_1_414' title='bbox 2196 933 2467 1006; x_wconf 80' lang='lat' dir='ltr'><strong>insignem</strong></span> <span class='ocrx_word' id='word_1_415' title='bbox 2511 943 2677 1006; x_wconf 87' lang='lat' dir='ltr'><strong>atque</strong></span> <span class='ocrx_word' id='word_1_416' title='bbox 2724 936 3022 1006; x_wconf 85' lang='lat' dir='ltr'><strong>perfectam</strong></span> <span class='ocrx_word' id='word_1_417' title='bbox 3077 938 3299 1007; x_wconf 89' lang='lat' dir='ltr'><strong>pietatis</strong></span> <span class='ocrx_word' id='word_1_418' title='bbox 3341 940 3396 994; x_wconf 92' lang='lat' dir='ltr'><strong>in</strong></span> <span class='ocrx_word' id='word_1_419' title='bbox 3432 941 3606 995; x_wconf 90' lang='lat' dir='ltr'><strong>Deum</strong></span> 
     </span>
    </p>
   </div>
   <div class='ocr_carea' id='block_1_54' title="bbox 2019 1025 3596 1102">
    <p class='ocr_par' dir='ltr' id='par_1_54' title="bbox 2019 1025 3596 1102">
     <span class='ocr_line' id='line_1_54' title="bbox 2019 1025 3596 1102; baseline 0.004 -22"><span class='ocrx_word' id='word_1_420' title='bbox 2019 1025 2510 1096; x_wconf 86' lang='lat' dir='ltr'><strong>pulchritudinem,</strong></span> <span class='ocrx_word' id='word_1_421' title='bbox 2537 1043 2666 1083; x_wconf 90' lang='lat' dir='ltr'><strong>eum</strong></span> <span class='ocrx_word' id='word_1_422' title='bbox 2697 1029 2792 1097; x_wconf 89' lang='lat' dir='ltr'><strong>qui</strong></span> <span class='ocrx_word' id='word_1_423' title='bbox 2817 1027 3024 1097; x_wconf 90' lang='lat' dir='ltr'><strong>optime</strong></span> <span class='ocrx_word' id='word_1_424' title='bbox 3048 1044 3273 1083; x_wconf 87' lang='lat' dir='ltr'><strong>currum</strong></span> <span class='ocrx_word' id='word_1_425' title='bbox 3323 1031 3472 1086; x_wconf 89' lang='lat' dir='ltr'><strong>hunc</strong></span> <span class='ocrx_word' id='word_1_426' title='bbox 3503 1047 3596 1102; x_wconf 86' lang='lat' dir='ltr'><strong>gu-</strong></span> 
     </span>
    </p>
   </div>
   <div class='ocr_carea' id='block_1_55' title="bbox 2020 1117 2894 1183">
    <p class='ocr_par' dir='ltr' id='par_1_55' title="bbox 2020 1117 2894 1183">
     <span class='ocr_line' id='line_1_55' title="bbox 2020 1117 2894 1183; baseline 0 -12"><span class='ocrx_word' id='word_1_427' title='bbox 2020 1117 2255 1172; x_wconf 91' lang='lat' dir='ltr'><strong>bernare</strong></span> <span class='ocrx_word' id='word_1_428' title='bbox 2283 1117 2586 1183; x_wconf 88' lang='lat' dir='ltr'><strong>studuerit,</strong></span> <span class='ocrx_word' id='word_1_429' title='bbox 2615 1117 2894 1173; x_wconf 89' lang='lat' dir='ltr'><strong>deferunt.</strong></span> 
     </span>
    </p>
   </div>
   <div class='ocr_carea' id='block_1_56' title="bbox 2087 1209 3601 1284">
    <p class='ocr_par' dir='ltr' id='par_1_56' title="bbox 2087 1209 3601 1284">
     <span class='ocr_line' id='line_1_56' title="bbox 2087 1209 3601 1284; baseline 0.002 -19"><span class='ocrx_word' id='word_1_430' title='bbox 2087 1209 2286 1265; x_wconf 83' lang='lat' dir='ltr'><strong>PALL.</strong></span> <span class='ocrx_word' id='word_1_431' title='bbox 2327 1211 2499 1266; x_wconf 81' lang='lat' dir='ltr'><strong>Recte</strong></span> <span class='ocrx_word' id='word_1_432' title='bbox 2527 1211 2626 1266; x_wconf 86' lang='lat' dir='ltr'><strong>ais.</strong></span> <span class='ocrx_word' id='word_1_433' title='bbox 2671 1210 2770 1276; x_wconf 82' lang='lat' dir='ltr'><strong>Ac,</strong></span> <span class='ocrx_word' id='word_1_434' title='bbox 2808 1210 3069 1281; x_wconf 89' lang='lat' dir='ltr'><strong>quoniam</strong></span> <span class='ocrx_word' id='word_1_435' title='bbox 3101 1211 3370 1266; x_wconf 65' lang='lat' dir='ltr'><strong>instituta:</strong></span> <span class='ocrx_word' id='word_1_436' title='bbox 3408 1213 3601 1284; x_wconf 90' lang='lat' dir='ltr'><strong>dispu-</strong></span> 
     </span>
    </p>
   </div>
   <div class='ocr_carea' id='block_1_57' title="bbox 2019 1303 3603 1374">
    <p class='ocr_par' dir='ltr' id='par_1_57' title="bbox 2019 1303 3603 1374">
     <span class='ocr_line' id='line_1_57' title="bbox 2019 1303 3603 1374; baseline 0.003 -18"><span class='ocrx_word' id='word_1_437' title='bbox 2019 1303 2248 1358; x_wconf 90' lang='lat' dir='ltr'><strong>tationis</strong></span> <span class='ocrx_word' id='word_1_438' title='bbox 2273 1304 2415 1359; x_wconf 87' lang='lat' dir='ltr'><strong>ratio</strong></span> <span class='ocrx_word' id='word_1_439' title='bbox 2441 1303 2640 1374; x_wconf 86' lang='lat' dir='ltr'><strong>poscit.</strong></span> <span class='ocrx_word' id='word_1_440' title='bbox 2668 1311 2731 1358; x_wconf 91' lang='lat' dir='ltr'><strong>ut</strong></span> <span class='ocrx_word' id='word_1_441' title='bbox 2776 1303 2832 1357; x_wconf 94' lang='lat' dir='ltr'><strong>in</strong></span> <span class='ocrx_word' id='word_1_442' title='bbox 2861 1303 2948 1358; x_wconf 90' lang='lat' dir='ltr'><strong>his</strong></span> <span class='ocrx_word' id='word_1_443' title='bbox 2979 1303 3266 1373; x_wconf 78' lang='lat' dir='ltr'><strong>explendis</strong></span> <span class='ocrx_word' id='word_1_444' title='bbox 3292 1303 3448 1358; x_wconf 88' lang='lat' dir='ltr'><strong>labor</strong></span> <span class='ocrx_word' id='word_1_445' title='bbox 3477 1322 3603 1361; x_wconf 88' lang='lat' dir='ltr'><strong>sus-</strong></span> 
     </span>
    </p>
   </div>
   <div class='ocr_carea' id='block_1_58' title="bbox 2019 1391 3601 1464">
    <p class='ocr_par' dir='ltr' id='par_1_58' title="bbox 2019 1391 3601 1464">
     <span class='ocr_line' id='line_1_58' title="bbox 2019 1391 3601 1464; baseline 0.001 -17"><span class='ocrx_word' id='word_1_446' title='bbox 2019 1391 2255 1462; x_wconf 89' lang='lat' dir='ltr'><strong>cipiatur</strong></span> <span class='ocrx_word' id='word_1_447' title='bbox 2280 1431 2294 1456; x_wconf 95' lang='lat'><strong>,</strong></span> <span class='ocrx_word' id='word_1_448' title='bbox 2321 1407 2487 1463; x_wconf 81' lang='lat' dir='ltr'><strong>perge</strong></span> <span class='ocrx_word' id='word_1_449' title='bbox 2519 1393 2630 1462; x_wconf 89' lang='lat' dir='ltr'><strong>jam</strong></span> <span class='ocrx_word' id='word_1_450' title='bbox 2664 1408 2887 1458; x_wconf 88' lang='lat' dir='ltr'><strong>rursus,</strong></span> <span class='ocrx_word' id='word_1_451' title='bbox 2923 1403 2979 1448; x_wconf 89' lang='lat' dir='ltr'><strong>et</strong></span> <span class='ocrx_word' id='word_1_452' title='bbox 3011 1393 3351 1464; x_wconf 86' lang='lat' dir='ltr'><strong>singularum</strong></span> <span class='ocrx_word' id='word_1_453' title='bbox 3380 1409 3565 1448; x_wconf 90' lang='lat' dir='ltr'><strong>rerum</strong></span> <span class='ocrx_word' id='word_1_454' title='bbox 3586 1436 3601 1460; x_wconf 91' lang='lat'><strong>,</strong></span> 
     </span>
    </p>
   </div>
   <div class='ocr_carea' id='block_1_59' title="bbox 2016 1482 3604 1554">
    <p class='ocr_par' dir='ltr' id='par_1_59' title="bbox 2016 1482 3604 1554">
     <span class='ocr_line' id='line_1_59' title="bbox 2016 1482 3604 1554; baseline 0.004 -19"><span class='ocrx_word' id='word_1_455' title='bbox 2016 1497 2154 1551; x_wconf 90' lang='lat' dir='ltr'><strong>quas</strong></span> <span class='ocrx_word' id='word_1_456' title='bbox 2191 1482 2641 1552; x_wconf 89' lang='lat' dir='ltr'><strong>contemplandas</strong></span> <span class='ocrx_word' id='word_1_457' title='bbox 2694 1483 3048 1554; x_wconf 89' lang='lat' dir='ltr'><strong>proposueris</strong></span> <span class='ocrx_word' id='word_1_458' title='bbox 3077 1525 3092 1548; x_wconf 89' lang='lat'><strong>,</strong></span> <span class='ocrx_word' id='word_1_459' title='bbox 3163 1485 3522 1554; x_wconf 86' lang='lat' dir='ltr'><strong>probationes</strong></span> <span class='ocrx_word' id='word_1_460' title='bbox 3571 1504 3604 1542; x_wconf 89' lang='lat' dir='ltr'><strong>e</strong></span> 
     </span>
    </p>
   </div>
   <div class='ocr_carea' id='block_1_60' title="bbox 2017 1573 3605 1648">
    <p class='ocr_par' dir='ltr' id='par_1_60' title="bbox 2017 1573 3605 1648">
     <span class='ocr_line' id='line_1_60' title="bbox 2017 1573 3605 1648; baseline 0.003 -19"><span class='ocrx_word' id='word_1_461' title='bbox 2017 1573 2190 1629; x_wconf 89' lang='lat' dir='ltr'><strong>sacris</strong></span> <span class='ocrx_word' id='word_1_462' title='bbox 2224 1573 2453 1628; x_wconf 88' lang='lat' dir='ltr'><strong>Litteris</strong></span> <span class='ocrx_word' id='word_1_463' title='bbox 2483 1574 2675 1645; x_wconf 84' lang='lat' dir='ltr'><strong>collige</strong></span> <span class='ocrx_word' id='word_1_464' title='bbox 2705 1592 2718 1628; x_wconf 90' lang='lat'><strong>:</strong></span> <span class='ocrx_word' id='word_1_465' title='bbox 2753 1590 2817 1629; x_wconf 89' lang='lat' dir='ltr'><strong>ac</strong></span> <span class='ocrx_word' id='word_1_466' title='bbox 2847 1575 3027 1630; x_wconf 88' lang='lat' dir='ltr'><strong>nitere</strong></span> <span class='ocrx_word' id='word_1_467' title='bbox 3074 1582 3136 1628; x_wconf 90' lang='lat' dir='ltr'><strong>ut</strong></span> <span class='ocrx_word' id='word_1_468' title='bbox 3179 1576 3314 1630; x_wconf 88' lang='lat' dir='ltr'><strong>mihi</strong></span> <span class='ocrx_word' id='word_1_469' title='bbox 3362 1578 3605 1648; x_wconf 76' lang='lat' dir='ltr'><strong>explices</strong></span> 
     </span>
    </p>
   </div>
   <div class='ocr_carea' id='block_1_61' title="bbox 2017 1667 3602 1740">
    <p class='ocr_par' dir='ltr' id='par_1_61' title="bbox 2017 1667 3602 1740">
     <span class='ocr_line' id='line_1_61' title="bbox 2017 1667 3602 1740; baseline 0.004 -22"><span class='ocrx_word' id='word_1_470' title='bbox 2017 1679 2254 1734; x_wconf 87' lang='lat' dir='ltr'><strong>quonam</strong></span> <span class='ocrx_word' id='word_1_471' title='bbox 2309 1673 2471 1736; x_wconf 86' lang='lat' dir='ltr'><strong>pacto</strong></span> <span class='ocrx_word' id='word_1_472' title='bbox 2519 1667 2840 1737; x_wconf 87' lang='lat' dir='ltr'><strong>contingere</strong></span> <span class='ocrx_word' id='word_1_473' title='bbox 2910 1667 3088 1736; x_wconf 86' lang='lat' dir='ltr'><strong>possit</strong></span> <span class='ocrx_word' id='word_1_474' title='bbox 3143 1667 3430 1722; x_wconf 89' lang='lat' dir='ltr'><strong>charitatis</strong></span> <span class='ocrx_word' id='word_1_475' title='bbox 3475 1685 3602 1740; x_wconf 87' lang='lat' dir='ltr'><strong>erga</strong></span> 
     </span>
    </p>
   </div>
   <div class='ocr_carea' id='block_1_62' title="bbox 2017 1758 2924 1830">
    <p class='ocr_par' dir='ltr' id='par_1_62' title="bbox 2017 1758 2924 1830">
     <span class='ocr_line' id='line_1_62' title="bbox 2017 1758 2924 1830; baseline 0.003 -18"><span class='ocrx_word' id='word_1_476' title='bbox 2017 1758 2329 1828; x_wconf 78' lang='lat' dir='ltr'><strong>proximum</strong></span> <span class='ocrx_word' id='word_1_477' title='bbox 2356 1760 2608 1815; x_wconf 89' lang='lat' dir='ltr'><strong>absoluta</strong></span> <span class='ocrx_word' id='word_1_478' title='bbox 2638 1760 2924 1830; x_wconf 82' lang='lat' dir='ltr'><strong>perfectio.</strong></span> 
     </span>
    </p>
   </div>
   <div class='ocr_carea' id='block_1_63' title="bbox 2085 1846 3599 1925">
    <p class='ocr_par' dir='ltr' id='par_1_63' title="bbox 2085 1846 3599 1925">
     <span class='ocr_line' id='line_1_63' title="bbox 2085 1846 3599 1925; baseline 0.005 -23"><span class='ocrx_word' id='word_1_479' title='bbox 2085 1846 2244 1902; x_wconf 85' lang='lat' dir='ltr'><strong>CYR.</strong></span> <span class='ocrx_word' id='word_1_480' title='bbox 2280 1847 2635 1919; x_wconf 81' lang='lat' dir='ltr'><strong>Amplissima</strong></span> <span class='ocrx_word' id='word_1_481' title='bbox 2663 1865 2768 1905; x_wconf 90' lang='lat' dir='ltr'><strong>nos</strong></span> <span class='ocrx_word' id='word_1_482' title='bbox 2802 1850 3026 1921; x_wconf 87' lang='lat' dir='ltr'><strong>quidem</strong></span> <span class='ocrx_word' id='word_1_483' title='bbox 3059 1851 3126 1906; x_wconf 92' lang='lat' dir='ltr'><strong>ad</strong></span> <span class='ocrx_word' id='word_1_484' title='bbox 3158 1867 3280 1907; x_wconf 89' lang='lat' dir='ltr'><strong>eam</strong></span> <span class='ocrx_word' id='word_1_485' title='bbox 3322 1868 3438 1907; x_wconf 91' lang='lat' dir='ltr'><strong>rem</strong></span> <span class='ocrx_word' id='word_1_486' title='bbox 3472 1869 3599 1925; x_wconf 91' lang='lat' dir='ltr'><strong>per-</strong></span> 
     </span>
    </p>
   </div>
   <div class='ocr_carea' id='block_1_64' title="bbox 2016 1937 3600 2012">
    <p class='ocr_par' dir='ltr' id='par_1_64' title="bbox 2016 1937 3600 2012">
     <span class='ocr_line' id='line_1_64' title="bbox 2016 1937 3600 2012; baseline 0.004 -19"><span class='ocrx_word' id='word_1_487' title='bbox 2016 1937 2170 1996; x_wconf 89' lang='lat' dir='ltr'><strong>ducit</strong></span> <span class='ocrx_word' id='word_1_488' title='bbox 2195 1940 2301 1994; x_wconf 87' lang='lat' dir='ltr'><strong>via.</strong></span> <span class='ocrx_word' id='word_1_489' title='bbox 2333 1940 2613 2012; x_wconf 88' lang='lat' dir='ltr'><strong>Scriptum</strong></span> <span class='ocrx_word' id='word_1_490' title='bbox 2633 1949 2720 1998; x_wconf 89' lang='lat' dir='ltr'><strong>est</strong></span> <span class='ocrx_word' id='word_1_491' title='bbox 2750 1943 2901 1998; x_wconf 90' lang='lat' dir='ltr'><strong>enim</strong></span> <span class='ocrx_word' id='word_1_492' title='bbox 2938 1962 2951 1997; x_wconf 93' lang='lat'><strong>:</strong></span> <span class='ocrx_word' id='word_1_493' title='bbox 2991 1962 3010 1995; x_wconf 78' lang='grc' dir='ltr'><strong>ι</strong></span> <span class='ocrx_word' id='word_1_494' title='bbox 3050 1943 3248 2000; x_wconf 88' lang='lat' dir='ltr'><strong>Latum</strong></span> <span class='ocrx_word' id='word_1_495' title='bbox 3279 1947 3600 2001; x_wconf 88' lang='lat' dir='ltr'><strong>mandatum</strong></span> 
     </span>
    </p>
   </div>
   <div class='ocr_carea' id='block_1_65' title="bbox 2015 2032 3600 2106">
    <p class='ocr_par' dir='ltr' id='par_1_65' title="bbox 2015 2032 3600 2106">
     <span class='ocr_line' id='line_1_65' title="bbox 2015 2032 3600 2106; baseline 0.004 -22"><span class='ocrx_word' id='word_1_496' title='bbox 2015 2038 2173 2086; x_wconf 91' lang='lat' dir='ltr'><strong>tuum</strong></span> <span class='ocrx_word' id='word_1_497' title='bbox 2204 2032 2371 2087; x_wconf 86' lang='lat' dir='ltr'><strong>nimis</strong></span> <span class='ocrx_word' id='word_1_498' title='bbox 2409 2033 2476 2086; x_wconf 75' lang='grc'><strong>⁸⁸.</strong></span> <span class='ocrx_word' id='word_1_499' title='bbox 2514 2053 2533 2085; x_wconf 73' lang='grc' dir='ltr'><strong>ι</strong></span> <span class='ocrx_word' id='word_1_500' title='bbox 2563 2035 2753 2089; x_wconf 85' lang='lat' dir='ltr'><strong>Artem</strong></span> <span class='ocrx_word' id='word_1_501' title='bbox 2797 2049 2932 2090; x_wconf 90' lang='lat' dir='ltr'><strong>vero</strong></span> <span class='ocrx_word' id='word_1_502' title='bbox 2961 2042 3128 2106; x_wconf 88' lang='lat' dir='ltr'><strong>atque</strong></span> <span class='ocrx_word' id='word_1_503' title='bbox 3169 2036 3497 2092; x_wconf 86' lang='lat' dir='ltr'><strong>industriam</strong></span> <span class='ocrx_word' id='word_1_504' title='bbox 3545 2038 3600 2092; x_wconf 92' lang='lat' dir='ltr'><strong>in</strong></span> 
     </span>
    </p>
   </div>
   <div class='ocr_carea' id='block_1_66' title="bbox 2015 2119 3601 2194">
    <p class='ocr_par' dir='ltr' id='par_1_66' title="bbox 2015 2119 3601 2194">
     <span class='ocr_line' id='line_1_66' title="bbox 2015 2119 3601 2194; baseline 0.004 -21"><span class='ocrx_word' id='word_1_505' title='bbox 2015 2119 2245 2191; x_wconf 80' lang='lat' dir='ltr'><strong>singulis</strong></span> <span class='ocrx_word' id='word_1_506' title='bbox 2269 2121 2439 2176; x_wconf 86' lang='lat' dir='ltr'><strong>rebus</strong></span> <span class='ocrx_word' id='word_1_507' title='bbox 2455 2122 2715 2192; x_wconf 85' lang='lat' dir='ltr'><strong>gerendis</strong></span> <span class='ocrx_word' id='word_1_508' title='bbox 2741 2137 2849 2177; x_wconf 89' lang='lat' dir='ltr'><strong>non</strong></span> <span class='ocrx_word' id='word_1_509' title='bbox 2875 2123 3120 2189; x_wconf 90' lang='lat' dir='ltr'><strong>aliunde,</strong></span> <span class='ocrx_word' id='word_1_510' title='bbox 3154 2131 3215 2178; x_wconf 90' lang='lat' dir='ltr'><strong>ut</strong></span> <span class='ocrx_word' id='word_1_511' title='bbox 3234 2125 3451 2194; x_wconf 89' lang='lat' dir='ltr'><strong>opinor,</strong></span> <span class='ocrx_word' id='word_1_512' title='bbox 3484 2126 3601 2180; x_wconf 87' lang='lat' dir='ltr'><strong>col-</strong></span> 
     </span>
    </p>
   </div>
   <div class='ocr_carea' id='block_1_67' title="bbox 2013 2211 3600 2286">
    <p class='ocr_par' dir='ltr' id='par_1_67' title="bbox 2013 2211 3600 2286">
     <span class='ocr_line' id='line_1_67' title="bbox 2013 2211 3600 2286; baseline 0.003 -20"><span class='ocrx_word' id='word_1_513' title='bbox 2013 2211 2185 2282; x_wconf 87' lang='lat' dir='ltr'><strong>ligere</strong></span> <span class='ocrx_word' id='word_1_514' title='bbox 2221 2212 2509 2282; x_wconf 86' lang='lat' dir='ltr'><strong>quisquam</strong></span> <span class='ocrx_word' id='word_1_515' title='bbox 2533 2213 2773 2284; x_wconf 90' lang='lat' dir='ltr'><strong>poterit,</strong></span> <span class='ocrx_word' id='word_1_516' title='bbox 2822 2214 2927 2268; x_wconf 88' lang='lat' dir='ltr'><strong>nisi</strong></span> <span class='ocrx_word' id='word_1_517' title='bbox 2948 2230 3047 2284; x_wconf 85' lang='lat' dir='ltr'><strong>per</strong></span> <span class='ocrx_word' id='word_1_518' title='bbox 3077 2215 3251 2286; x_wconf 89' lang='lat' dir='ltr'><strong>legem</strong></span> <span class='ocrx_word' id='word_1_519' title='bbox 3273 2256 3287 2281; x_wconf 96' lang='lat'><strong>,</strong></span> <span class='ocrx_word' id='word_1_520' title='bbox 3329 2232 3492 2286; x_wconf 89' lang='lat' dir='ltr'><strong>quam</strong></span> <span class='ocrx_word' id='word_1_521' title='bbox 3544 2217 3600 2272; x_wconf 90' lang='lat' dir='ltr'><strong>in</strong></span> 
     </span>
    </p>
   </div>
   <div class='ocr_carea' id='block_1_68' title="bbox 2015 2304 3602 2376">
    <p class='ocr_par' dir='ltr' id='par_1_68' title="bbox 2015 2304 3602 2376">
     <span class='ocr_line' id='line_1_68' title="bbox 2015 2304 3602 2376; baseline 0.003 -18"><span class='ocrx_word' id='word_1_522' title='bbox 2015 2304 2348 2375; x_wconf 86' lang='lat' dir='ltr'><strong>adjutorium</strong></span> <span class='ocrx_word' id='word_1_523' title='bbox 2376 2320 2497 2360; x_wconf 90' lang='lat' dir='ltr'><strong>esse</strong></span> <span class='ocrx_word' id='word_1_524' title='bbox 2531 2305 2692 2360; x_wconf 89' lang='lat' dir='ltr'><strong>nobis</strong></span> <span class='ocrx_word' id='word_1_525' title='bbox 2740 2305 2951 2370; x_wconf 85' lang='lat' dir='ltr'><strong>datam,</strong></span> <span class='ocrx_word' id='word_1_526' title='bbox 2995 2307 3354 2376; x_wconf 88' lang='lat' dir='ltr'><strong>propheticus</strong></span> <span class='ocrx_word' id='word_1_527' title='bbox 3420 2323 3602 2362; x_wconf 89' lang='lat' dir='ltr'><strong>sermo</strong></span> 
     </span>
    </p>
   </div>
   <div class='ocr_carea' id='block_1_69' title="bbox 2016 2396 3604 2467">
    <p class='ocr_par' dir='ltr' id='par_1_69' title="bbox 2016 2396 3604 2467">
     <span class='ocr_line' id='line_1_69' title="bbox 2016 2396 3604 2467; baseline 0.001 -17"><span class='ocrx_word' id='word_1_528' title='bbox 2016 2403 2251 2451; x_wconf 89' lang='lat' dir='ltr'><strong>testatur</strong></span> <span class='ocrx_word' id='word_1_529' title='bbox 2271 2396 2335 2450; x_wconf 67' lang='grc' dir='ltr'><strong>δ’.</strong></span> <span class='ocrx_word' id='word_1_530' title='bbox 2371 2396 2559 2466; x_wconf 88' lang='lat' dir='ltr'><strong>Itaque</strong></span> <span class='ocrx_word' id='word_1_531' title='bbox 2585 2437 2599 2462; x_wconf 93' lang='lat'><strong>,</strong></span> <span class='ocrx_word' id='word_1_532' title='bbox 2634 2403 2693 2450; x_wconf 89' lang='lat' dir='ltr'><strong>ut</strong></span> <span class='ocrx_word' id='word_1_533' title='bbox 2715 2411 2817 2450; x_wconf 91' lang='lat' dir='ltr'><strong>nos</strong></span> <span class='ocrx_word' id='word_1_534' title='bbox 2847 2396 2913 2450; x_wconf 89' lang='lat' dir='ltr'><strong>ad</strong></span> <span class='ocrx_word' id='word_1_535' title='bbox 2941 2406 3265 2466; x_wconf 90' lang='lat' dir='ltr'><strong>perpetuam</strong></span> <span class='ocrx_word' id='word_1_536' title='bbox 3301 2406 3604 2467; x_wconf 67' lang='lat' dir='ltr'><strong>praecepto—</strong></span> 
     </span>
    </p>
   </div>
   <div class='ocr_carea' id='block_1_70' title="bbox 2014 2489 3602 2560">
    <p class='ocr_par' dir='ltr' id='par_1_70' title="bbox 2014 2489 3602 2560">
     <span class='ocr_line' id='line_1_70' title="bbox 2014 2489 3602 2560; baseline 0.002 -18"><span class='ocrx_word' id='word_1_537' title='bbox 2014 2503 2138 2543; x_wconf 91' lang='lat' dir='ltr'><strong>rum</strong></span> <span class='ocrx_word' id='word_1_538' title='bbox 2167 2489 2745 2544; x_wconf 89' lang='lat' dir='ltr'><strong>commemorationem</strong></span> <span class='ocrx_word' id='word_1_539' title='bbox 2785 2489 2922 2560; x_wconf 86' lang='lat' dir='ltr'><strong>legis</strong></span> <span class='ocrx_word' id='word_1_540' title='bbox 2952 2499 3145 2544; x_wconf 90' lang='lat' dir='ltr'><strong>auctor</strong></span> <span class='ocrx_word' id='word_1_541' title='bbox 3190 2491 3478 2554; x_wconf 81' lang='lat' dir='ltr'><strong>excitaret,</strong></span> <span class='ocrx_word' id='word_1_542' title='bbox 3519 2491 3602 2545; x_wconf 92' lang='lat' dir='ltr'><strong>in-</strong></span> 
     </span>
    </p>
   </div>
   <div class='ocr_carea' id='block_1_71' title="bbox 2014 2581 3597 2651">
    <p class='ocr_par' dir='ltr' id='par_1_71' title="bbox 2014 2581 3597 2651">
     <span class='ocr_line' id='line_1_71' title="bbox 2014 2581 3597 2651; baseline -0.001 -16"><span class='ocrx_word' id='word_1_543' title='bbox 2014 2581 2172 2651; x_wconf 90' lang='lat' dir='ltr'><strong>quit:</strong></span> <span class='ocrx_word' id='word_1_544' title='bbox 2213 2600 2232 2634; x_wconf 81' lang='grc' dir='ltr'><strong>ι</strong></span> <span class='ocrx_word' id='word_1_545' title='bbox 2269 2582 2339 2636; x_wconf 86' lang='grc' dir='ltr'>Ει</span> <span class='ocrx_word' id='word_1_546' title='bbox 2370 2581 2684 2637; x_wconf 90' lang='lat' dir='ltr'><strong>recondetis</strong></span> <span class='ocrx_word' id='word_1_547' title='bbox 2735 2581 2854 2636; x_wconf 64' lang='lat' dir='ltr'><strong>hmo</strong></span> <span class='ocrx_word' id='word_1_548' title='bbox 2877 2582 3049 2636; x_wconf 86' lang='lat' dir='ltr'><strong>verba</strong></span> <span class='ocrx_word' id='word_1_549' title='bbox 3099 2581 3155 2637; x_wconf 92' lang='lat' dir='ltr'><strong>in</strong></span> <span class='ocrx_word' id='word_1_550' title='bbox 3193 2595 3289 2635; x_wconf 92' lang='lat' dir='ltr'><strong>cor</strong></span> <span class='ocrx_word' id='word_1_551' title='bbox 3320 2590 3597 2645; x_wconf 83' lang='lat' dir='ltr'><strong>vestrum,</strong></span> 
     </span>
    </p>
   </div>
   <div class='ocr_carea' id='block_1_72' title="bbox 2014 2673 3600 2744">
    <p class='ocr_par' dir='ltr' id='par_1_72' title="bbox 2014 2673 3600 2744">
     <span class='ocr_line' id='line_1_72' title="bbox 2014 2673 3600 2744; baseline 0 -17"><span class='ocrx_word' id='word_1_552' title='bbox 2014 2681 2068 2728; x_wconf 89' lang='lat' dir='ltr'><strong>et</strong></span> <span class='ocrx_word' id='word_1_553' title='bbox 2106 2673 2162 2728; x_wconf 92' lang='lat' dir='ltr'><strong>in</strong></span> <span class='ocrx_word' id='word_1_554' title='bbox 2185 2673 2423 2729; x_wconf 89' lang='lat' dir='ltr'><strong>animam</strong></span> <span class='ocrx_word' id='word_1_555' title='bbox 2448 2682 2711 2740; x_wconf 88' lang='lat' dir='ltr'><strong>vestram,</strong></span> <span class='ocrx_word' id='word_1_556' title='bbox 2747 2681 2808 2729; x_wconf 89' lang='lat' dir='ltr'><strong>et</strong></span> <span class='ocrx_word' id='word_1_557' title='bbox 2836 2673 3057 2744; x_wconf 87' lang='lat' dir='ltr'><strong>alligate</strong></span> <span class='ocrx_word' id='word_1_558' title='bbox 3089 2689 3154 2728; x_wconf 86' lang='lat' dir='ltr'><strong>ea</strong></span> <span class='ocrx_word' id='word_1_559' title='bbox 3195 2673 3253 2727; x_wconf 93' lang='lat' dir='ltr'><strong>in</strong></span> <span class='ocrx_word' id='word_1_560' title='bbox 3286 2673 3502 2743; x_wconf 88' lang='lat' dir='ltr'><strong>signum</strong></span> <span class='ocrx_word' id='word_1_561' title='bbox 3546 2673 3600 2727; x_wconf 88' lang='lat' dir='ltr'><strong>in</strong></span> 
     </span>
    </p>
   </div>
   <div class='ocr_carea' id='block_1_73' title="bbox 2014 2764 3602 2835">
    <p class='ocr_par' dir='ltr' id='par_1_73' title="bbox 2014 2764 3602 2835">
     <span class='ocr_line' id='line_1_73' title="bbox 2014 2764 3602 2835; baseline -0.001 -17"><span class='ocrx_word' id='word_1_562' title='bbox 2014 2779 2180 2819; x_wconf 92' lang='lat' dir='ltr'><strong>manu</strong></span> <span class='ocrx_word' id='word_1_563' title='bbox 2221 2775 2438 2831; x_wconf 88' lang='lat' dir='ltr'><strong>vestra,</strong></span> <span class='ocrx_word' id='word_1_564' title='bbox 2468 2772 2525 2820; x_wconf 87' lang='lat' dir='ltr'><strong>et</strong></span> <span class='ocrx_word' id='word_1_565' title='bbox 2573 2771 2739 2820; x_wconf 89' lang='lat' dir='ltr'><strong>erunt</strong></span> <span class='ocrx_word' id='word_1_566' title='bbox 2787 2765 3016 2819; x_wconf 86' lang='lat' dir='ltr'><strong>immota</strong></span> <span class='ocrx_word' id='word_1_567' title='bbox 3046 2764 3212 2835; x_wconf 77' lang='lat'><strong>219</strong></span> <span class='ocrx_word' id='word_1_568' title='bbox 3250 2771 3377 2819; x_wconf 90' lang='lat' dir='ltr'><strong>ante</strong></span> <span class='ocrx_word' id='word_1_569' title='bbox 3411 2765 3602 2819; x_wconf 87' lang='lat' dir='ltr'><strong>oculos</strong></span> 
     </span>
    </p>
   </div>
   <div class='ocr_carea' id='block_1_74' title="bbox 2014 2856 3598 2926">
    <p class='ocr_par' dir='ltr' id='par_1_74' title="bbox 2014 2856 3598 2926">
     <span class='ocr_line' id='line_1_74' title="bbox 2014 2856 3598 2926; baseline -0.001 -15"><span class='ocrx_word' id='word_1_570' title='bbox 2014 2862 2249 2921; x_wconf 87' lang='lat' dir='ltr'><strong>vestros,</strong></span> <span class='ocrx_word' id='word_1_571' title='bbox 2271 2864 2328 2911; x_wconf 91' lang='lat' dir='ltr'><strong>et</strong></span> <span class='ocrx_word' id='word_1_572' title='bbox 2355 2857 2549 2912; x_wconf 90' lang='lat' dir='ltr'><strong>docete</strong></span> <span class='ocrx_word' id='word_1_573' title='bbox 2572 2873 2636 2912; x_wconf 89' lang='lat' dir='ltr'><strong>ea</strong></span> <span class='ocrx_word' id='word_1_574' title='bbox 2668 2857 2811 2912; x_wconf 90' lang='lat' dir='ltr'><strong>ﬁlios</strong></span> <span class='ocrx_word' id='word_1_575' title='bbox 2841 2862 3080 2920; x_wconf 88' lang='lat' dir='ltr'><strong>vestros,</strong></span> <span class='ocrx_word' id='word_1_576' title='bbox 3105 2865 3163 2910; x_wconf 89' lang='lat' dir='ltr'><strong>et</strong></span> <span class='ocrx_word' id='word_1_577' title='bbox 3190 2856 3489 2926; x_wconf 89' lang='lat' dir='ltr'><strong>loquantur</strong></span> <span class='ocrx_word' id='word_1_578' title='bbox 3513 2871 3598 2918; x_wconf 85' lang='lat' dir='ltr'><strong>ea,</strong></span> 
     </span>
    </p>
   </div>
   <div class='ocr_carea' id='block_1_75' title="bbox 2014 2949 3602 3020">
    <p class='ocr_par' dir='ltr' id='par_1_75' title="bbox 2014 2949 3602 3020">
     <span class='ocr_line' id='line_1_75' title="bbox 2014 2949 3602 3020; baseline -0.001 -18"><span class='ocrx_word' id='word_1_579' title='bbox 2014 2949 2299 3014; x_wconf 87' lang='lat' dir='ltr'><strong>sedentes,</strong></span> <span class='ocrx_word' id='word_1_580' title='bbox 2344 2949 2400 3003; x_wconf 89' lang='lat' dir='ltr'><strong>in</strong></span> <span class='ocrx_word' id='word_1_581' title='bbox 2431 2949 2652 3014; x_wconf 90' lang='lat' dir='ltr'><strong>itinere,</strong></span> <span class='ocrx_word' id='word_1_582' title='bbox 2676 2956 2733 3005; x_wconf 91' lang='lat' dir='ltr'><strong>et</strong></span> <span class='ocrx_word' id='word_1_583' title='bbox 2781 2949 3080 3013; x_wconf 87' lang='lat' dir='ltr'><strong>cubantes,</strong></span> <span class='ocrx_word' id='word_1_584' title='bbox 3111 2956 3512 3020; x_wconf 87' lang='lat' dir='ltr'><strong>etsurgentes;</strong></span> <span class='ocrx_word' id='word_1_585' title='bbox 3547 2957 3602 3003; x_wconf 83' lang='lat' dir='ltr'><strong>et</strong></span> 
     </span>
    </p>
   </div>
   <div class='ocr_carea' id='block_1_76' title="bbox 2017 3039 3601 3109">
    <p class='ocr_par' dir='ltr' id='par_1_76' title="bbox 2017 3039 3601 3109">
     <span class='ocr_line' id='line_1_76' title="bbox 2017 3039 3601 3109; baseline -0.001 -15"><span class='ocrx_word' id='word_1_586' title='bbox 2017 3039 2314 3094; x_wconf 90' lang='lat' dir='ltr'><strong>describite</strong></span> <span class='ocrx_word' id='word_1_587' title='bbox 2343 3053 2406 3093; x_wconf 92' lang='lat' dir='ltr'><strong>ea</strong></span> <span class='ocrx_word' id='word_1_588' title='bbox 2447 3055 2613 3109; x_wconf 87' lang='lat' dir='ltr'><strong>super</strong></span> <span class='ocrx_word' id='word_1_589' title='bbox 2640 3039 2830 3095; x_wconf 88' lang='lat' dir='ltr'><strong>limina</strong></span> <span class='ocrx_word' id='word_1_590' title='bbox 2870 3039 3162 3094; x_wconf 87' lang='lat' dir='ltr'><strong>domorum</strong></span> <span class='ocrx_word' id='word_1_591' title='bbox 3191 3048 3520 3102; x_wconf 86' lang='lat' dir='ltr'><strong>vestrarum,</strong></span> <span class='ocrx_word' id='word_1_592' title='bbox 3546 3049 3601 3095; x_wconf 84' lang='lat' dir='ltr'><strong>et</strong></span> 
     </span>
    </p>
   </div>
   <div class='ocr_carea' id='block_1_77' title="bbox 2015 3129 3602 3200">
    <p class='ocr_par' dir='ltr' id='par_1_77' title="bbox 2015 3129 3602 3200">
     <span class='ocr_line' id='line_1_77' title="bbox 2015 3129 3602 3200; baseline 0 -17"><span class='ocrx_word' id='word_1_593' title='bbox 2015 3130 2309 3200; x_wconf 86' lang='lat' dir='ltr'><strong>januarum</strong></span> <span class='ocrx_word' id='word_1_594' title='bbox 2344 3138 2674 3195; x_wconf 89' lang='lat' dir='ltr'><strong>vestrarum,</strong></span> <span class='ocrx_word' id='word_1_595' title='bbox 2704 3137 2766 3184; x_wconf 92' lang='lat' dir='ltr'><strong>ut</strong></span> <span class='ocrx_word' id='word_1_596' title='bbox 2790 3131 2994 3185; x_wconf 90' lang='lat' dir='ltr'><strong>multos</strong></span> <span class='ocrx_word' id='word_1_597' title='bbox 3014 3129 3133 3184; x_wconf 90' lang='lat' dir='ltr'><strong>dies</strong></span> <span class='ocrx_word' id='word_1_598' title='bbox 3155 3129 3372 3193; x_wconf 85' lang='lat' dir='ltr'><strong>vivatis,</strong></span> <span class='ocrx_word' id='word_1_599' title='bbox 3397 3136 3454 3185; x_wconf 87' lang='lat' dir='ltr'><strong>et</strong></span> <span class='ocrx_word' id='word_1_600' title='bbox 3482 3129 3602 3184; x_wconf 84' lang='lat' dir='ltr'><strong>dies</strong></span> 
     </span>
    </p>
   </div>
   <div class='ocr_carea' id='block_1_78' title="bbox 2013 3221 3601 3291">
    <p class='ocr_par' dir='ltr' id='par_1_78' title="bbox 2013 3221 3601 3291">
     <span class='ocr_line' id='line_1_78' title="bbox 2013 3221 3601 3291; baseline -0.001 -17"><span class='ocrx_word' id='word_1_601' title='bbox 2013 3221 2251 3275; x_wconf 91' lang='lat' dir='ltr'><strong>ﬁliorum</strong></span> <span class='ocrx_word' id='word_1_602' title='bbox 2276 3229 2585 3275; x_wconf 89' lang='lat' dir='ltr'><strong>vestrorum</strong></span> <span class='ocrx_word' id='word_1_603' title='bbox 2625 3222 2681 3274; x_wconf 91' lang='lat' dir='ltr'><strong>in</strong></span> <span class='ocrx_word' id='word_1_604' title='bbox 2712 3228 2881 3285; x_wconf 86' lang='lat' dir='ltr'><strong>terra,</strong></span> <span class='ocrx_word' id='word_1_605' title='bbox 2917 3236 3081 3290; x_wconf 89' lang='lat' dir='ltr'><strong>quam</strong></span> <span class='ocrx_word' id='word_1_606' title='bbox 3103 3221 3310 3291; x_wconf 85' lang='lat' dir='ltr'><strong>juravit</strong></span> <span class='ocrx_word' id='word_1_607' title='bbox 3336 3221 3601 3275; x_wconf 90' lang='lat' dir='ltr'><strong>Dominus</strong></span> 
     </span>
    </p>
   </div>
   <div class='ocr_carea' id='block_1_79' title="bbox 2012 3311 3597 3383">
    <p class='ocr_par' dir='ltr' id='par_1_79' title="bbox 2012 3311 3597 3383">
     <span class='ocr_line' id='line_1_79' title="bbox 2012 3311 3597 3383; baseline 0 -17"><span class='ocrx_word' id='word_1_608' title='bbox 2012 3313 2261 3383; x_wconf 88' lang='lat' dir='ltr'><strong>patribus</strong></span> <span class='ocrx_word' id='word_1_609' title='bbox 2296 3312 2496 3367; x_wconf 86' lang='lat' dir='ltr'><strong>vestris</strong></span> <span class='ocrx_word' id='word_1_610' title='bbox 2518 3351 2532 3376; x_wconf 95' lang='lat'><strong>,</strong></span> <span class='ocrx_word' id='word_1_611' title='bbox 2565 3311 2822 3366; x_wconf 88' lang='lat' dir='ltr'><strong>daturum</strong></span> <span class='ocrx_word' id='word_1_612' title='bbox 2862 3325 2922 3366; x_wconf 88' lang='lat' dir='ltr'><strong>se</strong></span> <span class='ocrx_word' id='word_1_613' title='bbox 2955 3311 3094 3374; x_wconf 90' lang='lat' dir='ltr'><strong>illis,</strong></span> <span class='ocrx_word' id='word_1_614' title='bbox 3143 3311 3286 3365; x_wconf 89' lang='lat' dir='ltr'><strong>sicut</strong></span> <span class='ocrx_word' id='word_1_615' title='bbox 3320 3311 3441 3365; x_wconf 88' lang='lat' dir='ltr'><strong>dies</strong></span> <span class='ocrx_word' id='word_1_616' title='bbox 3472 3311 3597 3366; x_wconf 70' lang='lat' dir='ltr'><strong>cmli</strong></span> 
     </span>
    </p>
   </div>
   <div class='ocr_carea' id='block_1_80' title="bbox 2013 3401 3598 3476">
    <p class='ocr_par' dir='ltr' id='par_1_80' title="bbox 2013 3401 3598 3476">
     <span class='ocr_line' id='line_1_80' title="bbox 2013 3401 3598 3476; baseline -0.004 -16"><span class='ocrx_word' id='word_1_617' title='bbox 2013 3421 2178 3476; x_wconf 90' lang='lat' dir='ltr'><strong>super</strong></span> <span class='ocrx_word' id='word_1_618' title='bbox 2221 3411 2422 3458; x_wconf 90' lang='lat' dir='ltr'><strong>terram</strong></span> <span class='ocrx_word' id='word_1_619' title='bbox 2457 3405 2522 3457; x_wconf 78' lang='grc' dir='ltr'><strong>⁸ο.</strong></span> <span class='ocrx_word' id='word_1_620' title='bbox 2568 3422 2586 3454; x_wconf 71' lang='grc' dir='ltr'><strong>ι</strong></span> <span class='ocrx_word' id='word_1_621' title='bbox 2623 3402 2834 3473; x_wconf 88' lang='lat' dir='ltr'><strong>Ecquid</strong></span> <span class='ocrx_word' id='word_1_622' title='bbox 2871 3409 3058 3457; x_wconf 85' lang='lat' dir='ltr'><strong>autem</strong></span> <span class='ocrx_word' id='word_1_623' title='bbox 3101 3401 3193 3465; x_wconf 89' lang='lat' dir='ltr'><strong>sit,</strong></span> <span class='ocrx_word' id='word_1_624' title='bbox 3226 3401 3460 3471; x_wconf 80' lang='lat' dir='ltr'><strong>Alligate</strong></span> <span class='ocrx_word' id='word_1_625' title='bbox 3482 3401 3598 3470; x_wconf 87' lang='lat' dir='ltr'><strong>ipsa</strong></span> 
     </span>
    </p>
   </div>
   <div class='ocr_carea' id='block_1_81' title="bbox 2014 3491 3600 3567">
    <p class='ocr_par' dir='ltr' id='par_1_81' title="bbox 2014 3491 3600 3567">
     <span class='ocr_line' id='line_1_81' title="bbox 2014 3491 3600 3567; baseline -0.002 -17"><span class='ocrx_word' id='word_1_626' title='bbox 2014 3496 2070 3552; x_wconf 90' lang='lat' dir='ltr'><strong>in</strong></span> <span class='ocrx_word' id='word_1_627' title='bbox 2098 3497 2353 3552; x_wconf 87' lang='lat' dir='ltr'><strong>manibus</strong></span> <span class='ocrx_word' id='word_1_628' title='bbox 2375 3495 2594 3562; x_wconf 84' lang='lat' dir='ltr'><strong>vestris,</strong></span> <span class='ocrx_word' id='word_1_629' title='bbox 2627 3495 2787 3567; x_wconf 89' lang='lat' dir='ltr'><strong>plane</strong></span> <span class='ocrx_word' id='word_1_630' title='bbox 2821 3495 2879 3549; x_wconf 89' lang='lat' dir='ltr'><strong>in</strong></span> <span class='ocrx_word' id='word_1_631' title='bbox 2914 3492 3170 3549; x_wconf 86' lang='lat' dir='ltr'><strong>Numeris</strong></span> <span class='ocrx_word' id='word_1_632' title='bbox 3198 3493 3473 3564; x_wconf 86' lang='lat' dir='ltr'><strong>exposuit.</strong></span> <span class='ocrx_word' id='word_1_633' title='bbox 3509 3491 3600 3548; x_wconf 89' lang='lat' dir='ltr'><strong>Sic</strong></span> 
     </span>
    </p>
   </div>
   <div class='ocr_carea' id='block_1_82' title="bbox 2013 3583 3596 3657">
    <p class='ocr_par' dir='ltr' id='par_1_82' title="bbox 2013 3583 3596 3657">
     <span class='ocr_line' id='line_1_82' title="bbox 2013 3583 3596 3657; baseline -0.003 -15"><span class='ocrx_word' id='word_1_634' title='bbox 2013 3588 2161 3642; x_wconf 90' lang='lat' dir='ltr'><strong>enim</strong></span> <span class='ocrx_word' id='word_1_635' title='bbox 2193 3587 2461 3657; x_wconf 90' lang='lat' dir='ltr'><strong>scriptum</strong></span> <span class='ocrx_word' id='word_1_636' title='bbox 2486 3594 2571 3642; x_wconf 90' lang='lat' dir='ltr'><strong>est</strong></span> <span class='ocrx_word' id='word_1_637' title='bbox 2599 3603 2612 3641; x_wconf 92' lang='lat'><strong>:</strong></span> <span class='ocrx_word' id='word_1_638' title='bbox 2641 3606 2660 3638; x_wconf 79' lang='grc' dir='ltr'><strong>ι</strong></span> <span class='ocrx_word' id='word_1_639' title='bbox 2697 3587 2766 3642; x_wconf 89' lang='lat' dir='ltr'><strong>Et</strong></span> <span class='ocrx_word' id='word_1_640' title='bbox 2794 3586 2934 3641; x_wconf 81' lang='lat' dir='ltr'><strong>dixit</strong></span> <span class='ocrx_word' id='word_1_641' title='bbox 2969 3583 3236 3640; x_wconf 87' lang='lat' dir='ltr'><strong>Dominus</strong></span> <span class='ocrx_word' id='word_1_642' title='bbox 3257 3585 3324 3638; x_wconf 91' lang='lat' dir='ltr'><strong>ad</strong></span> <span class='ocrx_word' id='word_1_643' title='bbox 3353 3584 3596 3654; x_wconf 87' lang='lat' dir='ltr'><strong>Moysen,</strong></span> 
     </span>
    </p>
   </div>
   <div class='ocr_carea' id='block_1_83' title="bbox 2014 3673 3601 3748">
    <p class='ocr_par' dir='ltr' id='par_1_83' title="bbox 2014 3673 3601 3748">
     <span class='ocr_line' id='line_1_83' title="bbox 2014 3673 3601 3748; baseline -0.004 -14"><span class='ocrx_word' id='word_1_644' title='bbox 2014 3679 2204 3735; x_wconf 90' lang='lat' dir='ltr'><strong>dicens</strong></span> <span class='ocrx_word' id='word_1_645' title='bbox 2234 3697 2246 3732; x_wconf 91' lang='lat'>:</span> <span class='ocrx_word' id='word_1_646' title='bbox 2287 3678 2540 3748; x_wconf 87' lang='lat' dir='ltr'><strong>Loquere</strong></span> <span class='ocrx_word' id='word_1_647' title='bbox 2577 3677 2706 3732; x_wconf 90' lang='lat' dir='ltr'><strong>ﬁliis</strong></span> <span class='ocrx_word' id='word_1_648' title='bbox 2733 3676 2922 3741; x_wconf 89' lang='lat' dir='ltr'><strong>Israel,</strong></span> <span class='ocrx_word' id='word_1_649' title='bbox 2954 3683 3011 3730; x_wconf 89' lang='lat' dir='ltr'><strong>et</strong></span> <span class='ocrx_word' id='word_1_650' title='bbox 3043 3675 3196 3729; x_wconf 91' lang='lat' dir='ltr'><strong>dices</strong></span> <span class='ocrx_word' id='word_1_651' title='bbox 3219 3673 3288 3728; x_wconf 93' lang='lat' dir='ltr'><strong>ad</strong></span> <span class='ocrx_word' id='word_1_652' title='bbox 3331 3673 3515 3743; x_wconf 88' lang='lat' dir='ltr'><strong>ipsos;</strong></span> <span class='ocrx_word' id='word_1_653' title='bbox 3541 3683 3601 3727; x_wconf 89' lang='lat' dir='ltr'><strong>et</strong></span> 
     </span>
    </p>
   </div>
   <div class='ocr_carea' id='block_1_84' title="bbox 2013 3770 3598 3829">
    <p class='ocr_par' dir='ltr' id='par_1_84' title="bbox 2013 3770 3598 3829">
     <span class='ocr_line' id='line_1_84' title="bbox 2013 3770 3598 3829; baseline -0.001 -4"><span class='ocrx_word' id='word_1_654' title='bbox 2013 3771 2218 3827; x_wconf 80' lang='lat' dir='ltr'><strong>faciant</strong></span> <span class='ocrx_word' id='word_1_655' title='bbox 2249 3772 2353 3829; x_wconf 86' lang='lat' dir='ltr'><strong>sibi</strong></span> <span class='ocrx_word' id='word_1_656' title='bbox 2383 3773 2629 3827; x_wconf 88' lang='lat' dir='ltr'><strong>ﬁmbrias</strong></span> <span class='ocrx_word' id='word_1_657' title='bbox 2657 3772 2714 3826; x_wconf 93' lang='lat' dir='ltr'><strong>in</strong></span> <span class='ocrx_word' id='word_1_658' title='bbox 2749 3770 3158 3827; x_wconf 88' lang='lat' dir='ltr'><strong>summitatibus</strong></span> <span class='ocrx_word' id='word_1_659' title='bbox 3182 3770 3419 3825; x_wconf 89' lang='lat' dir='ltr'><strong>vestium</strong></span> <span class='ocrx_word' id='word_1_660' title='bbox 3468 3785 3598 3824; x_wconf 84' lang='lat' dir='ltr'><strong>sua-</strong></span> 
     </span>
    </p>
   </div>
   <div class='ocr_carea' id='block_1_85' title="bbox 2014 3858 3598 3936">
    <p class='ocr_par' dir='ltr' id='par_1_85' title="bbox 2014 3858 3598 3936">
     <span class='ocr_line' id='line_1_85' title="bbox 2014 3858 3598 3936; baseline -0.005 -16"><span class='ocrx_word' id='word_1_661' title='bbox 2014 3880 2137 3920; x_wconf 91' lang='lat' dir='ltr'><strong>rum</strong></span> <span class='ocrx_word' id='word_1_662' title='bbox 2192 3865 2249 3918; x_wconf 91' lang='lat' dir='ltr'><strong>in</strong></span> <span class='ocrx_word' id='word_1_663' title='bbox 2285 3863 2676 3936; x_wconf 86' lang='lat' dir='ltr'><strong>generationes</strong></span> <span class='ocrx_word' id='word_1_664' title='bbox 2699 3878 2855 3929; x_wconf 89' lang='lat' dir='ltr'><strong>suas;</strong></span> <span class='ocrx_word' id='word_1_665' title='bbox 2879 3869 2935 3916; x_wconf 91' lang='lat' dir='ltr'><strong>et</strong></span> <span class='ocrx_word' id='word_1_666' title='bbox 2963 3862 3257 3932; x_wconf 87' lang='lat' dir='ltr'><strong>imponetis</strong></span> <span class='ocrx_word' id='word_1_667' title='bbox 3281 3875 3447 3928; x_wconf 88' lang='lat' dir='ltr'><strong>super</strong></span> <span class='ocrx_word' id='word_1_668' title='bbox 3476 3858 3598 3912; x_wconf 94' lang='lat' dir='ltr'><strong>ﬁm-</strong></span> 
     </span>
    </p>
   </div>
   <div class='ocr_carea' id='block_1_86' title="bbox 2015 3949 3597 4019">
    <p class='ocr_par' dir='ltr' id='par_1_86' title="bbox 2015 3949 3597 4019">
     <span class='ocr_line' id='line_1_86' title="bbox 2015 3949 3597 4019; baseline -0.006 -8"><span class='ocrx_word' id='word_1_669' title='bbox 2015 3956 2167 4011; x_wconf 87' lang='lat' dir='ltr'><strong>brias</strong></span> <span class='ocrx_word' id='word_1_670' title='bbox 2211 3955 2588 4015; x_wconf 88' lang='lat' dir='ltr'><strong>summitatum</strong></span> <span class='ocrx_word' id='word_1_671' title='bbox 2619 3953 2858 4007; x_wconf 91' lang='lat' dir='ltr'><strong>vestium</strong></span> <span class='ocrx_word' id='word_1_672' title='bbox 2892 3952 3085 4012; x_wconf 81' lang='lat' dir='ltr'><strong>vittam</strong></span> <span class='ocrx_word' id='word_1_673' title='bbox 3144 3949 3558 4019; x_wconf 78' lang='lat' dir='ltr'><strong>hyacinthinam</strong></span> <span class='ocrx_word' id='word_1_674' title='bbox 3582 3989 3597 4013; x_wconf 87' lang='lat'><strong>,</strong></span> 
     </span>
    </p>
   </div>
   <div class='ocr_carea' id='block_1_87' title="bbox 2014 4039 3597 4110">
    <p class='ocr_par' dir='ltr' id='par_1_87' title="bbox 2014 4039 3597 4110">
     <span class='ocr_line' id='line_1_87' title="bbox 2014 4039 3597 4110; baseline -0.006 -9"><span class='ocrx_word' id='word_1_675' title='bbox 2014 4055 2071 4102; x_wconf 89' lang='lat' dir='ltr'><strong>et</strong></span> <span class='ocrx_word' id='word_1_676' title='bbox 2099 4047 2207 4101; x_wconf 91' lang='lat' dir='ltr'><strong>erit</strong></span> <span class='ocrx_word' id='word_1_677' title='bbox 2234 4045 2393 4100; x_wconf 89' lang='lat' dir='ltr'><strong>vobis</strong></span> <span class='ocrx_word' id='word_1_678' title='bbox 2419 4045 2475 4098; x_wconf 92' lang='lat' dir='ltr'><strong>in</strong></span> <span class='ocrx_word' id='word_1_679' title='bbox 2504 4042 2776 4108; x_wconf 88' lang='lat' dir='ltr'><strong>ﬁmbriis;</strong></span> <span class='ocrx_word' id='word_1_680' title='bbox 2810 4048 2866 4095; x_wconf 92' lang='lat' dir='ltr'><strong>et</strong></span> <span class='ocrx_word' id='word_1_681' title='bbox 2887 4040 3147 4094; x_wconf 86' lang='lat' dir='ltr'><strong>videbitis</strong></span> <span class='ocrx_word' id='word_1_682' title='bbox 3191 4039 3366 4110; x_wconf 87' lang='lat' dir='ltr'><strong>ipsas,</strong></span> <span class='ocrx_word' id='word_1_683' title='bbox 3409 4048 3468 4094; x_wconf 91' lang='lat' dir='ltr'><strong>et</strong></span> <span class='ocrx_word' id='word_1_684' title='bbox 3509 4055 3597 4093; x_wconf 89' lang='lat' dir='ltr'><strong>re-</strong></span> 
     </span>
    </p>
   </div>
   <div class='ocr_carea' id='block_1_88' title="bbox 2015 4130 3599 4204">
    <p class='ocr_par' dir='ltr' id='par_1_88' title="bbox 2015 4130 3599 4204">
     <span class='ocr_line' id='line_1_88' title="bbox 2015 4130 3599 4204; baseline -0.005 -12"><span class='ocrx_word' id='word_1_685' title='bbox 2015 4136 2382 4193; x_wconf 90' lang='lat' dir='ltr'><strong>cordabimini</strong></span> <span class='ocrx_word' id='word_1_686' title='bbox 2423 4136 2667 4189; x_wconf 90' lang='lat' dir='ltr'><strong>omnium</strong></span> <span class='ocrx_word' id='word_1_687' title='bbox 2717 4141 3121 4204; x_wconf 68' lang='lat' dir='ltr'><strong>praeceptorum</strong></span> <span class='ocrx_word' id='word_1_688' title='bbox 3153 4130 3393 4195; x_wconf 90' lang='lat' dir='ltr'><strong>Domini,</strong></span> <span class='ocrx_word' id='word_1_689' title='bbox 3422 4141 3479 4185; x_wconf 91' lang='lat' dir='ltr'><strong>et</strong></span> <span class='ocrx_word' id='word_1_690' title='bbox 3522 4131 3599 4185; x_wconf 86' lang='lat' dir='ltr'><strong>fa-</strong></span> 
     </span>
    </p>
   </div>
   <div class='ocr_carea' id='block_1_89' title="bbox 2017 4223 3601 4296">
    <p class='ocr_par' dir='ltr' id='par_1_89' title="bbox 2017 4223 3601 4296">
     <span class='ocr_line' id='line_1_89' title="bbox 2017 4223 3601 4296; baseline -0.006 -11"><span class='ocrx_word' id='word_1_691' title='bbox 2017 4229 2175 4285; x_wconf 91' lang='lat' dir='ltr'><strong>cietis</strong></span> <span class='ocrx_word' id='word_1_692' title='bbox 2205 4243 2305 4294; x_wconf 91' lang='lat' dir='ltr'><strong>ea;</strong></span> <span class='ocrx_word' id='word_1_693' title='bbox 2343 4235 2400 4282; x_wconf 88' lang='lat' dir='ltr'><strong>et</strong></span> <span class='ocrx_word' id='word_1_694' title='bbox 2447 4241 2557 4281; x_wconf 92' lang='lat' dir='ltr'><strong>non</strong></span> <span class='ocrx_word' id='word_1_695' title='bbox 2617 4223 3012 4296; x_wconf 89' lang='lat' dir='ltr'><strong>pervertemini</strong></span> <span class='ocrx_word' id='word_1_696' title='bbox 3060 4232 3186 4293; x_wconf 90' lang='lat' dir='ltr'><strong>post</strong></span> <span class='ocrx_word' id='word_1_697' title='bbox 3239 4223 3601 4294; x_wconf 80' lang='lat' dir='ltr'><strong>cogitationes</strong></span> 
     </span>
    </p>
   </div>
   <div class='ocr_carea' id='block_1_90' title="bbox 2019 4313 3601 4391">
    <p class='ocr_par' dir='ltr' id='par_1_90' title="bbox 2019 4313 3601 4391">
     <span class='ocr_line' id='line_1_90' title="bbox 2019 4313 3601 4391; baseline -0.005 -15"><span class='ocrx_word' id='word_1_698' title='bbox 2019 4330 2249 4385; x_wconf 89' lang='lat' dir='ltr'><strong>vestras,</strong></span> <span class='ocrx_word' id='word_1_699' title='bbox 2281 4330 2335 4375; x_wconf 90' lang='lat' dir='ltr'><strong>et</strong></span> <span class='ocrx_word' id='word_1_700' title='bbox 2358 4326 2483 4391; x_wconf 89' lang='lat' dir='ltr'><strong>post</strong></span> <span class='ocrx_word' id='word_1_701' title='bbox 2518 4317 2710 4374; x_wconf 90' lang='lat' dir='ltr'><strong>oculos</strong></span> <span class='ocrx_word' id='word_1_702' title='bbox 2747 4324 2990 4382; x_wconf 86' lang='lat' dir='ltr'><strong>vestros,</strong></span> <span class='ocrx_word' id='word_1_703' title='bbox 3015 4317 3074 4374; x_wconf 88' lang='lat' dir='ltr'><strong>iu</strong></span> <span class='ocrx_word' id='word_1_704' title='bbox 3112 4315 3317 4385; x_wconf 88' lang='lat' dir='ltr'><strong>quibus</strong></span> <span class='ocrx_word' id='word_1_705' title='bbox 3353 4329 3452 4369; x_wconf 93' lang='lat' dir='ltr'><strong>vos</strong></span> <span class='ocrx_word' id='word_1_706' title='bbox 3489 4313 3601 4368; x_wconf 81' lang='lat' dir='ltr'><strong>for-</strong></span> 
     </span>
    </p>
   </div>
   <div class='ocr_carea' id='block_1_91' title="bbox 327 4403 1914 4489">
    <p class='ocr_par' dir='ltr' id='par_1_91' title="bbox 327 4405 1914 4489">
     <span class='ocr_line' id='line_1_91' title="bbox 327 4405 1914 4489; baseline -0.008 -15"><span class='ocrx_word' id='word_1_707' title='bbox 327 4420 485 4474; x_wconf 81' lang='grc' dir='ltr'>νοιῶν</span> <span class='ocrx_word' id='word_1_708' title='bbox 516 4417 692 4489; x_wconf 79' lang='grc' dir='ltr'>ὑμῶν,</span> <span class='ocrx_word' id='word_1_709' title='bbox 737 4416 833 4470; x_wconf 74' lang='grc' dir='ltr'>καὶ</span> <span class='ocrx_word' id='word_1_710' title='bbox 861 4415 1035 4469; x_wconf 83' lang='grc' dir='ltr'>ὀπίσω</span> <span class='ocrx_word' id='word_1_711' title='bbox 1074 4414 1183 4468; x_wconf 86' lang='grc' dir='ltr'><strong>τῶν</strong></span> <span class='ocrx_word' id='word_1_712' title='bbox 1227 4413 1521 4484; x_wconf 82' lang='grc' dir='ltr'>ὀφθαλμῶν</span> <span class='ocrx_word' id='word_1_713' title='bbox 1555 4411 1708 4482; x_wconf 83' lang='grc' dir='ltr'>ὑμῶν</span> <span class='ocrx_word' id='word_1_714' title='bbox 1761 4411 1818 4462; x_wconf 82' lang='grc' dir='ltr'>ὲν</span> <span class='ocrx_word' id='word_1_715' title='bbox 1842 4405 1914 4473; x_wconf 73' lang='grc' dir='ltr'>οἷς</span> 
     </span>
    </p>
   </div>
   <div class='ocr_carea' id='block_1_92' title="bbox 2019 4403 3600 4489">
    <p class='ocr_par' dir='ltr' id='par_1_92' title="bbox 2024 4403 3600 4480">
     <span class='ocr_line' id='line_1_92' title="bbox 2024 4403 3600 4480; baseline -0.005 -14"><span class='ocrx_word' id='word_1_716' title='bbox 2024 4411 2285 4467; x_wconf 88' lang='lat' dir='ltr'><strong>nicamini</strong></span> <span class='ocrx_word' id='word_1_717' title='bbox 2341 4419 2464 4480; x_wconf 90' lang='lat' dir='ltr'><strong>post</strong></span> <span class='ocrx_word' id='word_1_718' title='bbox 2518 4409 2686 4479; x_wconf 90' lang='lat' dir='ltr'><strong>ipsos,</strong></span> <span class='ocrx_word' id='word_1_719' title='bbox 2720 4414 2783 4462; x_wconf 90' lang='lat' dir='ltr'><strong>ut</strong></span> <span class='ocrx_word' id='word_1_720' title='bbox 2839 4405 3206 4461; x_wconf 88' lang='lat' dir='ltr'><strong>recordemini</strong></span> <span class='ocrx_word' id='word_1_721' title='bbox 3239 4421 3252 4456; x_wconf 77' lang='grc' dir='ltr'><strong><em>τ</em></strong></span> <span class='ocrx_word' id='word_1_722' title='bbox 3283 4413 3339 4458; x_wconf 91' lang='lat' dir='ltr'><strong>et</strong></span> <span class='ocrx_word' id='word_1_723' title='bbox 3387 4403 3600 4458; x_wconf 88' lang='lat' dir='ltr'><strong>faciatis</strong></span> 
     </span>
    </p>
   </div>
   <div class='ocr_carea' id='block_1_93' title="bbox 328 4501 1916 4581">
    <p class='ocr_par' dir='ltr' id='par_1_93' title="bbox 328 4501 1916 4581">
     <span class='ocr_line' id='line_1_93' title="bbox 328 4501 1916 4581; baseline -0.006 -17"><span class='ocrx_word' id='word_1_724' title='bbox 328 4511 489 4581; x_wconf 71' lang='grc' dir='ltr'>ὑμεῖς</span> <span class='ocrx_word' id='word_1_725' title='bbox 523 4505 882 4579; x_wconf 81' lang='grc' dir='ltr'>ὲκπορνεύετε</span> <span class='ocrx_word' id='word_1_726' title='bbox 913 4505 1088 4558; x_wconf 82' lang='grc' dir='ltr'>ὀπίσω</span> <span class='ocrx_word' id='word_1_727' title='bbox 1117 4503 1318 4570; x_wconf 86' lang='grc' dir='ltr'>αὐτῶν,</span> <span class='ocrx_word' id='word_1_728' title='bbox 1354 4505 1503 4567; x_wconf 82' lang='grc' dir='ltr'>ὅπως</span> <span class='ocrx_word' id='word_1_729' title='bbox 1530 4503 1596 4557; x_wconf 79' lang='grc' dir='ltr'>ἂν</span> <span class='ocrx_word' id='word_1_730' title='bbox 1619 4501 1916 4574; x_wconf 77' lang='grc' dir='ltr'>μνησθῆτεο</span> 
     </span>
    </p>
   </div>
   <div class='ocr_carea' id='block_1_94' title="bbox 328 4594 1915 4672">
    <p class='ocr_par' dir='ltr' id='par_1_94' title="bbox 328 4594 1915 4672">
     <span class='ocr_line' id='line_1_94' title="bbox 328 4594 1915 4672; baseline -0.005 -17"><span class='ocrx_word' id='word_1_731' title='bbox 328 4603 420 4656; x_wconf 75' lang='grc' dir='ltr'>καὶ</span> <span class='ocrx_word' id='word_1_732' title='bbox 451 4602 707 4672; x_wconf 81' lang='grc' dir='ltr'>ποιήσετε</span> <span class='ocrx_word' id='word_1_733' title='bbox 736 4600 916 4662; x_wconf 86' lang='grc' dir='ltr'>πάσας</span> <span class='ocrx_word' id='word_1_734' title='bbox 937 4598 1036 4660; x_wconf 83' lang='grc' dir='ltr'><strong>τὰς</strong></span> <span class='ocrx_word' id='word_1_735' title='bbox 1053 4597 1270 4657; x_wconf 83' lang='grc' dir='ltr'>ἐντολάς</span> <span class='ocrx_word' id='word_1_736' title='bbox 1293 4614 1418 4667; x_wconf 87' lang='grc' dir='ltr'>μου,</span> <span class='ocrx_word' id='word_1_737' title='bbox 1443 4597 1535 4650; x_wconf 76' lang='grc' dir='ltr'>καὶ</span> <span class='ocrx_word' id='word_1_738' title='bbox 1568 4595 1754 4648; x_wconf 79' lang='grc' dir='ltr'>ἔσεσθε</span> <span class='ocrx_word' id='word_1_739' title='bbox 1772 4594 1915 4663; x_wconf 79' lang='grc' dir='ltr'>ἅγιοι</span> 
     </span>
    </p>
   </div>
   <div class='ocr_carea' id='block_1_95' title="bbox 326 4690 1915 4767">
    <p class='ocr_par' dir='ltr' id='par_1_95' title="bbox 326 4690 1915 4767">
     <span class='ocr_line' id='line_1_95' title="bbox 326 4690 1915 4767; baseline -0.004 -18"><span class='ocrx_word' id='word_1_740' title='bbox 326 4695 405 4767; x_wconf 83' lang='grc' dir='ltr'>τῷ</span> <span class='ocrx_word' id='word_1_741' title='bbox 433 4693 556 4764; x_wconf 89' lang='grc' dir='ltr'><strong>Θεῷ</strong></span> <span class='ocrx_word' id='word_1_742' title='bbox 579 4693 756 4764; x_wconf 82' lang='grc' dir='ltr'>ὑμῶν,</span> <span class='ocrx_word' id='word_1_743' title='bbox 783 4691 894 4761; x_wconf 79' lang='grc' dir='ltr'><strong>ἐγὼ</strong></span> <span class='ocrx_word' id='word_1_744' title='bbox 922 4692 1125 4762; x_wconf 81' lang='grc' dir='ltr'>Κύριος</span> <span class='ocrx_word' id='word_1_745' title='bbox 1152 4693 1180 4744; x_wconf 89' lang='grc' dir='ltr'><strong>ὀ</strong></span> <span class='ocrx_word' id='word_1_746' title='bbox 1202 4691 1334 4753; x_wconf 85' lang='grc' dir='ltr'><strong>Θεὸς</strong></span> <span class='ocrx_word' id='word_1_747' title='bbox 1360 4691 1533 4761; x_wconf 85' lang='grc' dir='ltr'>ὑμῶν.</span> <span class='ocrx_word' id='word_1_748' title='bbox 1566 4709 1584 4741; x_wconf 73' lang='grc' dir='ltr'><strong>ι</strong></span> <span class='ocrx_word' id='word_1_749' title='bbox 1612 4690 1915 4760; x_wconf 77' lang='grc' dir='ltr'>Προεπιτά-</span> 
     </span>
    </p>
   </div>
   <div class='ocr_carea' id='block_1_96' title="bbox 328 4778 1913 4855">
    <p class='ocr_par' dir='ltr' id='par_1_96' title="bbox 328 4778 1913 4855">
     <span class='ocr_line' id='line_1_96' title="bbox 328 4778 1913 4855; baseline -0.007 -13"><span class='ocrx_word' id='word_1_750' title='bbox 328 4787 424 4853; x_wconf 75' lang='grc' dir='ltr'>ξας</span> <span class='ocrx_word' id='word_1_751' title='bbox 447 4780 544 4840; x_wconf 78' lang='grc' dir='ltr'>οὖν</span> <span class='ocrx_word' id='word_1_752' title='bbox 572 4781 632 4838; x_wconf 82' lang='grc' dir='ltr'>εὖ</span> <span class='ocrx_word' id='word_1_753' title='bbox 678 4783 826 4855; x_wconf 92' lang='grc' dir='ltr'>μάλα</span> <span class='ocrx_word' id='word_1_754' title='bbox 855 4782 1232 4854; x_wconf 87' lang='grc' dir='ltr'>καταγράφειν</span> <span class='ocrx_word' id='word_1_755' title='bbox 1261 4781 1409 4852; x_wconf 82' lang='grc' dir='ltr'>ἡμᾶς</span> <span class='ocrx_word' id='word_1_756' title='bbox 1446 4781 1506 4833; x_wconf 82' lang='grc' dir='ltr'>ἐν</span> <span class='ocrx_word' id='word_1_757' title='bbox 1545 4779 1794 4849; x_wconf 84' lang='grc' dir='ltr'>καρδίαις</span> <span class='ocrx_word' id='word_1_758' title='bbox 1823 4778 1913 4831; x_wconf 82' lang='grc' dir='ltr'>τὸν</span> 
     </span>
    </p>
   </div>
   <div class='ocr_carea' id='block_1_97' title="bbox 325 4869 1907 4949">
    <p class='ocr_par' dir='ltr' id='par_1_97' title="bbox 325 4869 1907 4949">
     <span class='ocr_line' id='line_1_97' title="bbox 325 4869 1907 4949; baseline -0.007 -17"><span class='ocrx_word' id='word_1_759' title='bbox 325 4879 515 4949; x_wconf 87' lang='grc' dir='ltr'>νόμον,</span> <span class='ocrx_word' id='word_1_760' title='bbox 556 4870 678 4929; x_wconf 74' lang='grc' dir='ltr'>εἶτα</span> <span class='ocrx_word' id='word_1_761' title='bbox 711 4873 950 4945; x_wconf 74' lang='grc' dir='ltr'>χαλεπὸν</span> <span class='ocrx_word' id='word_1_762' title='bbox 995 4871 1338 4946; x_wconf 73' lang='grc' dir='ltr'>ἀρρώστημα</span> <span class='ocrx_word' id='word_1_763' title='bbox 1372 4870 1465 4924; x_wconf 84' lang='grc' dir='ltr'>νοῢ</span> <span class='ocrx_word' id='word_1_764' title='bbox 1505 4869 1604 4942; x_wconf 85' lang='grc' dir='ltr'>τὴν</span> <span class='ocrx_word' id='word_1_765' title='bbox 1635 4869 1807 4941; x_wconf 87' lang='grc' dir='ltr'>λήθην</span> <span class='ocrx_word' id='word_1_766' title='bbox 1837 4870 1907 4921; x_wconf 85' lang='grc' dir='ltr'>εί-</span> 
     </span>
    </p>
   </div>
   <div class='ocr_carea' id='block_1_98' title="bbox 323 4960 1910 5038">
    <p class='ocr_par' dir='ltr' id='par_1_98' title="bbox 323 4960 1910 5038">
     <span class='ocr_line' id='line_1_98' title="bbox 323 4960 1910 5038; baseline -0.005 -17"><span class='ocrx_word' id='word_1_767' title='bbox 323 4970 452 5033; x_wconf 82' lang='grc' dir='ltr'>δὼς,</span> <span class='ocrx_word' id='word_1_768' title='bbox 494 4961 584 5021; x_wconf 77' lang='grc' dir='ltr'>οἷά</span> <span class='ocrx_word' id='word_1_769' title='bbox 621 4983 728 5038; x_wconf 89' lang='grc' dir='ltr'><strong>περ</strong></span> <span class='ocrx_word' id='word_1_770' title='bbox 755 4968 811 5020; x_wconf 82' lang='grc' dir='ltr'>ἐν</span> <span class='ocrx_word' id='word_1_771' title='bbox 837 4966 1029 5019; x_wconf 85' lang='grc' dir='ltr'>πίνακι</span> <span class='ocrx_word' id='word_1_772' title='bbox 1079 4966 1200 5028; x_wconf 86' lang='grc' dir='ltr'>ταῖς</span> <span class='ocrx_word' id='word_1_773' title='bbox 1230 4964 1411 5034; x_wconf 83' lang='grc' dir='ltr'>φλιαῖς</span> <span class='ocrx_word' id='word_1_774' title='bbox 1450 4960 1910 5033; x_wconf 87' lang='grc' dir='ltr'>ἀποσημήνασθαι</span> 
     </span>
    </p>
   </div>
   <div class='ocr_carea' id='block_1_99' title="bbox 323 5051 1910 5126">
    <p class='ocr_par' dir='ltr' id='par_1_99' title="bbox 323 5051 1910 5126">
     <span class='ocr_line' id='line_1_99' title="bbox 323 5051 1910 5126; baseline -0.007 -11"><span class='ocrx_word' id='word_1_775' title='bbox 323 5062 436 5115; x_wconf 82' lang='grc' dir='ltr'>δεῖν</span> <span class='ocrx_word' id='word_1_776' title='bbox 480 5058 760 5114; x_wconf 73' lang='grc' dir='ltr'>ἐπιτάττει</span> <span class='ocrx_word' id='word_1_777' title='bbox 788 5057 886 5119; x_wconf 82' lang='grc' dir='ltr'><strong>τὰς</strong></span> <span class='ocrx_word' id='word_1_778' title='bbox 915 5056 1136 5119; x_wconf 79' lang='grc' dir='ltr'>ἐντολάς</span> <span class='ocrx_word' id='word_1_779' title='bbox 1155 5071 1168 5084; x_wconf 85' lang='grc'><strong>·</strong></span> <span class='ocrx_word' id='word_1_780' title='bbox 1207 5055 1300 5108; x_wconf 65' lang='grc' dir='ltr'><strong>κα)⁸</strong></span> <span class='ocrx_word' id='word_1_781' title='bbox 1332 5054 1440 5126; x_wconf 79' lang='grc' dir='ltr'>μὴν</span> <span class='ocrx_word' id='word_1_782' title='bbox 1470 5053 1564 5106; x_wconf 72' lang='grc' dir='ltr'>καὶ</span> <span class='ocrx_word' id='word_1_783' title='bbox 1592 5052 1690 5122; x_wconf 80' lang='grc' dir='ltr'>τῆς</span> <span class='ocrx_word' id='word_1_784' title='bbox 1730 5051 1910 5116; x_wconf 79' lang='grc' dir='ltr'>δεξιᾶς</span> 
     </span>
    </p>
   </div>
   <div class='ocr_carea' id='block_1_100' title="bbox 325 5143 1905 5222">
    <p class='ocr_par' dir='ltr' id='par_1_100' title="bbox 325 5143 1905 5222">
     <span class='ocr_line' id='line_1_100' title="bbox 325 5143 1905 5222; baseline -0.005 -17"><span class='ocrx_word' id='word_1_785' title='bbox 325 5151 601 5222; x_wconf 81' lang='grc' dir='ltr'>άφάπτειν</span> <span class='ocrx_word' id='word_1_786' title='bbox 620 5150 800 5220; x_wconf 78' lang='grc' dir='ltr'>χειρὸς</span> <span class='ocrx_word' id='word_1_787' title='bbox 831 5146 1015 5200; x_wconf 89' lang='grc' dir='ltr'>δέλτιά</span> <span class='ocrx_word' id='word_1_788' title='bbox 1045 5163 1146 5199; x_wconf 89' lang='grc' dir='ltr'><strong>που</strong></span> <span class='ocrx_word' id='word_1_789' title='bbox 1169 5145 1308 5216; x_wconf 83' lang='grc' dir='ltr'>τάχα</span> <span class='ocrx_word' id='word_1_790' title='bbox 1321 5145 1412 5199; x_wconf 81' lang='grc' dir='ltr'>τὸν</span> <span class='ocrx_word' id='word_1_791' title='bbox 1443 5143 1606 5214; x_wconf 86' lang='grc' dir='ltr'>νόμον</span> <span class='ocrx_word' id='word_1_792' title='bbox 1625 5143 1905 5207; x_wconf 82' lang='grc' dir='ltr'>ὠδίνοντα,</span> 
     </span>
    </p>
   </div>
   <div class='ocr_carea' id='block_1_101' title="bbox 323 5236 1908 5314">
    <p class='ocr_par' dir='ltr' id='par_1_101' title="bbox 323 5236 1908 5314">
     <span class='ocr_line' id='line_1_101' title="bbox 323 5236 1908 5314; baseline -0.005 -17"><span class='ocrx_word' id='word_1_793' title='bbox 323 5244 422 5297; x_wconf 71' lang='grc' dir='ltr'>καὶ</span> <span class='ocrx_word' id='word_1_794' title='bbox 454 5239 916 5314; x_wconf 72' lang='grc' dir='ltr'>ἐγγεγραμμένον</span> <span class='ocrx_word' id='word_1_795' title='bbox 941 5237 1132 5311; x_wconf 79' lang='grc' dir='ltr'>ἔχοντα</span> <span class='ocrx_word' id='word_1_796' title='bbox 1156 5239 1216 5293; x_wconf 84' lang='grc' dir='ltr'>τὸ</span> <span class='ocrx_word' id='word_1_797' title='bbox 1240 5237 1540 5311; x_wconf 79' lang='grc' dir='ltr'>χρησμῴδη</span> <span class='ocrx_word' id='word_1_798' title='bbox 1549 5253 1646 5308; x_wconf 86' lang='grc' dir='ltr'><strong>μα,</strong></span> <span class='ocrx_word' id='word_1_799' title='bbox 1681 5237 1775 5290; x_wconf 76' lang='grc' dir='ltr'>καὶ</span> <span class='ocrx_word' id='word_1_800' title='bbox 1801 5236 1908 5307; x_wconf 77' lang='grc' dir='ltr'>μὴν</span> 
     </span>
    </p>
   </div>
   <div class='ocr_carea' id='block_1_102' title="bbox 324 5327 1912 5402">
    <p class='ocr_par' dir='ltr' id='par_1_102' title="bbox 324 5327 1912 5402">
     <span class='ocr_line' id='line_1_102' title="bbox 324 5327 1912 5402; baseline -0.003 -17"><span class='ocrx_word' id='word_1_801' title='bbox 324 5333 418 5385; x_wconf 78' lang='grc' dir='ltr'>καὶ</span> <span class='ocrx_word' id='word_1_802' title='bbox 450 5331 631 5384; x_wconf 80' lang='grc' dir='ltr'>αὐτῶν</span> <span class='ocrx_word' id='word_1_803' title='bbox 659 5329 1012 5402; x_wconf 82' lang='grc' dir='ltr'>ἀπηρτῆσθαι</span> <span class='ocrx_word' id='word_1_804' title='bbox 1041 5330 1152 5384; x_wconf 88' lang='grc' dir='ltr'><strong>τῶν</strong></span> <span class='ocrx_word' id='word_1_805' title='bbox 1182 5330 1527 5402; x_wconf 81' lang='grc' dir='ltr'>ἐσθημάτων,</span> <span class='ocrx_word' id='word_1_806' title='bbox 1559 5327 1658 5381; x_wconf 84' lang='grc' dir='ltr'>οὐκ</span> <span class='ocrx_word' id='word_1_807' title='bbox 1683 5328 1912 5381; x_wconf 85' lang='grc' dir='ltr'>ἀσυντε-</span> 
     </span>
    </p>
   </div>
   <div class='ocr_carea' id='block_1_103' title="bbox 323 5421 1910 5498">
    <p class='ocr_par' dir='ltr' id='par_1_103' title="bbox 323 5421 1910 5498">
     <span class='ocr_line' id='line_1_103' title="bbox 323 5421 1910 5498; baseline -0.004 -18"><span class='ocrx_word' id='word_1_808' title='bbox 323 5428 414 5492; x_wconf 79' lang='grc' dir='ltr'>λὲς</span> <span class='ocrx_word' id='word_1_809' title='bbox 446 5423 587 5482; x_wconf 73' lang='grc' dir='ltr'>εἷναί</span> <span class='ocrx_word' id='word_1_810' title='bbox 618 5446 783 5498; x_wconf 85' lang='grc' dir='ltr'>φησιν</span> <span class='ocrx_word' id='word_1_811' title='bbox 830 5430 911 5492; x_wconf 85' lang='grc' dir='ltr'><strong>εἱς</strong></span> <span class='ocrx_word' id='word_1_812' title='bbox 951 5429 1161 5498; x_wconf 81' lang='grc' dir='ltr'>ὄνησιν,</span> <span class='ocrx_word' id='word_1_813' title='bbox 1193 5426 1263 5479; x_wconf 89' lang='grc' dir='ltr'><strong>τά</strong></span> <span class='ocrx_word' id='word_1_814' title='bbox 1293 5444 1351 5479; x_wconf 91' lang='grc' dir='ltr'><strong>τε</strong></span> <span class='ocrx_word' id='word_1_815' title='bbox 1381 5425 1660 5498; x_wconf 78' lang='grc' dir='ltr'>κράσπεδα</span> <span class='ocrx_word' id='word_1_816' title='bbox 1680 5465 1694 5489; x_wconf 92' lang='grc'><strong>,</strong></span> <span class='ocrx_word' id='word_1_817' title='bbox 1727 5422 1822 5476; x_wconf 68' lang='grc' dir='ltr'><strong>καὶ</strong></span> <span class='ocrx_word' id='word_1_818' title='bbox 1852 5421 1910 5474; x_wconf 84' lang='grc' dir='ltr'>τὸ</span> 
     </span>
    </p>
   </div>
   <div class='ocr_carea' id='block_1_104' title="bbox 326 5518 914 5590">
    <p class='ocr_par' dir='ltr' id='par_1_104' title="bbox 326 5518 914 5590">
     <span class='ocr_line' id='line_1_104' title="bbox 326 5518 914 5590; baseline 0.003 -17"><span class='ocrx_word' id='word_1_819' title='bbox 326 5518 561 5590; x_wconf 72' lang='grc' dir='ltr'>κλῶσμα</span> <span class='ocrx_word' id='word_1_820' title='bbox 587 5519 914 5574; x_wconf 78' lang='grc' dir='ltr'>ὑακίνθινον.</span> 
     </span>
    </p>
   </div>
   <div class='ocr_carea' id='block_1_105' title="bbox 436 5707 1741 5780">
    <p class='ocr_par' dir='ltr' id='par_1_105' title="bbox 436 5707 1741 5780">
     <span class='ocr_line' id='line_1_105' title="bbox 436 5707 1741 5780; baseline -0.007 -13"><span class='ocrx_word' id='word_1_821' title='bbox 436 5709 478 5741; x_wconf 73' lang='grc'><strong>⁴⁷</strong></span> <span class='ocrx_word' id='word_1_822' title='bbox 513 5711 554 5780; x_wconf 84' lang='lat' dir='ltr'><strong>l,</strong></span> <span class='ocrx_word' id='word_1_823' title='bbox 586 5711 734 5768; x_wconf 84' lang='lat' dir='ltr'><strong>loan.</strong></span> <span class='ocrx_word' id='word_1_824' title='bbox 771 5727 844 5777; x_wconf 79' lang='lat' dir='ltr'><strong>Iv,</strong></span> <span class='ocrx_word' id='word_1_825' title='bbox 889 5709 978 5779; x_wconf 77' lang='lat'><strong>9.0,</strong></span> <span class='ocrx_word' id='word_1_826' title='bbox 1005 5711 1092 5765; x_wconf 75' lang='lat'><strong>2|.</strong></span> <span class='ocrx_word' id='word_1_827' title='bbox 1173 5710 1216 5742; x_wconf 72' lang='grc'><strong>⁸⁸</strong></span> <span class='ocrx_word' id='word_1_828' title='bbox 1249 5708 1386 5765; x_wconf 83' lang='lat' dir='ltr'><strong>Psal.</strong></span> <span class='ocrx_word' id='word_1_829' title='bbox 1442 5722 1620 5771; x_wconf 75' lang='lat' dir='ltr'><strong>cxun,</strong></span> <span class='ocrx_word' id='word_1_830' title='bbox 1656 5707 1741 5760; x_wconf 75' lang='lat'><strong>96.</strong></span> 
     </span>
    </p>
   </div>
   <div class='ocr_carea' id='block_1_106' title="bbox 1826 5689 2907 5761">
    <p class='ocr_par' dir='ltr' id='par_1_106' title="bbox 1826 5689 2907 5761">
     <span class='ocr_line' id='line_1_106' title="bbox 1826 5689 2907 5761; baseline -0.012 -4"><span class='ocrx_word' id='word_1_831' title='bbox 1826 5707 1864 5737; x_wconf 58' lang='grc' dir='ltr'><strong>δελ</strong></span> <span class='ocrx_word' id='word_1_832' title='bbox 1899 5706 1997 5759; x_wconf 79' lang='lat' dir='ltr'><strong>lsa.</strong></span> <span class='ocrx_word' id='word_1_833' title='bbox 2045 5719 2154 5761; x_wconf 74' lang='lat' dir='ltr'><strong>nu,</strong></span> <span class='ocrx_word' id='word_1_834' title='bbox 2205 5701 2283 5754; x_wconf 81' lang='lat' dir='ltr'><strong>l6.</strong></span> <span class='ocrx_word' id='word_1_835' title='bbox 2367 5697 2408 5727; x_wconf 82' lang='grc'>⁵⁰</span> <span class='ocrx_word' id='word_1_836' title='bbox 2448 5696 2604 5750; x_wconf 85' lang='lat' dir='ltr'><strong>Deut.</strong></span> <span class='ocrx_word' id='word_1_837' title='bbox 2637 5707 2696 5756; x_wconf 81' lang='grc' dir='ltr'><strong>ιι,</strong></span> <span class='ocrx_word' id='word_1_838' title='bbox 2726 5689 2907 5746; x_wconf 66' lang='grc'><strong>18-21.</strong></span> 
     </span>
    </p>
   </div>
   <div class='ocr_carea' id='block_1_107' title="bbox 2024 4495 3598 4567">
    <p class='ocr_par' dir='ltr' id='par_1_107' title="bbox 2024 4495 3598 4567">
     <span class='ocr_line' id='line_1_107' title="bbox 2024 4495 3598 4567; baseline -0.006 -8"><span class='ocrx_word' id='word_1_839' title='bbox 2024 4505 2208 4560; x_wconf 88' lang='lat' dir='ltr'><strong>omnia</strong></span> <span class='ocrx_word' id='word_1_840' title='bbox 2246 4503 2500 4557; x_wconf 86' lang='lat' dir='ltr'><strong>mandata</strong></span> <span class='ocrx_word' id='word_1_841' title='bbox 2526 4517 2682 4567; x_wconf 88' lang='lat' dir='ltr'><strong>mea;</strong></span> <span class='ocrx_word' id='word_1_842' title='bbox 2715 4508 2773 4556; x_wconf 90' lang='lat' dir='ltr'><strong>et</strong></span> <span class='ocrx_word' id='word_1_843' title='bbox 2808 4498 2967 4553; x_wconf 88' lang='lat' dir='ltr'><strong>eritis</strong></span> <span class='ocrx_word' id='word_1_844' title='bbox 3013 4495 3188 4551; x_wconf 90' lang='lat' dir='ltr'><strong>sancti</strong></span> <span class='ocrx_word' id='word_1_845' title='bbox 3230 4496 3342 4550; x_wconf 91' lang='lat' dir='ltr'><strong>Deo</strong></span> <span class='ocrx_word' id='word_1_846' title='bbox 3369 4502 3598 4558; x_wconf 88' lang='lat' dir='ltr'><strong>vestro;</strong></span> 
     </span>
    </p>
   </div>
   <div class='ocr_carea' id='block_1_108' title="bbox 2022 4585 3600 4667">
    <p class='ocr_par' dir='ltr' id='par_1_108' title="bbox 2022 4585 3600 4667">
     <span class='ocr_line' id='line_1_108' title="bbox 2022 4585 3600 4667; baseline -0.008 -16"><span class='ocrx_word' id='word_1_847' title='bbox 2022 4612 2123 4667; x_wconf 84' lang='lat' dir='ltr'><strong>ego</strong></span> <span class='ocrx_word' id='word_1_848' title='bbox 2166 4596 2434 4656; x_wconf 90' lang='lat' dir='ltr'><strong>Dominus</strong></span> <span class='ocrx_word' id='word_1_849' title='bbox 2473 4595 2618 4650; x_wconf 89' lang='lat' dir='ltr'><strong>Deus</strong></span> <span class='ocrx_word' id='word_1_850' title='bbox 2645 4601 2848 4656; x_wconf 90' lang='lat' dir='ltr'><strong>vester,</strong></span> <span class='ocrx_word' id='word_1_851' title='bbox 2875 4590 2971 4661; x_wconf 90' lang='lat' dir='ltr'><strong>qui</strong></span> <span class='ocrx_word' id='word_1_852' title='bbox 3004 4588 3170 4644; x_wconf 82' lang='lat' dir='ltr'><strong>eduxi</strong></span> <span class='ocrx_word' id='word_1_853' title='bbox 3216 4602 3316 4642; x_wconf 85' lang='lat' dir='ltr'><strong>vos</strong></span> <span class='ocrx_word' id='word_1_854' title='bbox 3345 4585 3414 4640; x_wconf 91' lang='lat' dir='ltr'><strong>de</strong></span> <span class='ocrx_word' id='word_1_855' title='bbox 3454 4592 3600 4639; x_wconf 87' lang='lat' dir='ltr'><strong>terra</strong></span> 
     </span>
    </p>
   </div>
   <div class='ocr_carea' id='block_1_109' title="bbox 2019 4676 3602 4758">
    <p class='ocr_par' dir='ltr' id='par_1_109' title="bbox 2019 4676 3602 4758">
     <span class='ocr_line' id='line_1_109' title="bbox 2019 4676 3602 4758; baseline -0.009 -16"><span class='ocrx_word' id='word_1_856' title='bbox 2019 4688 2258 4758; x_wconf 65' lang='lat' dir='ltr'><strong>Egypti,</strong></span> <span class='ocrx_word' id='word_1_857' title='bbox 2300 4697 2361 4741; x_wconf 88' lang='lat' dir='ltr'><strong>ut</strong></span> <span class='ocrx_word' id='word_1_858' title='bbox 2383 4701 2561 4740; x_wconf 88' lang='lat' dir='ltr'><strong>essem</strong></span> <span class='ocrx_word' id='word_1_859' title='bbox 2601 4686 2748 4739; x_wconf 86' lang='lat' dir='ltr'><strong>Deus</strong></span> <span class='ocrx_word' id='word_1_860' title='bbox 2779 4691 2964 4737; x_wconf 90' lang='lat' dir='ltr'><strong>vester</strong></span> <span class='ocrx_word' id='word_1_861' title='bbox 2992 4699 3005 4735; x_wconf 89' lang='lat'><strong><em>:</em></strong></span> <span class='ocrx_word' id='word_1_862' title='bbox 3036 4695 3138 4751; x_wconf 85' lang='lat' dir='ltr'><strong>ego</strong></span> <span class='ocrx_word' id='word_1_863' title='bbox 3169 4677 3436 4735; x_wconf 90' lang='lat' dir='ltr'><strong>Dominus</strong></span> <span class='ocrx_word' id='word_1_864' title='bbox 3457 4676 3602 4730; x_wconf 89' lang='lat' dir='ltr'><strong>Deus</strong></span> 
     </span>
    </p>
   </div>
   <div class='ocr_carea' id='block_1_110' title="bbox 2018 4766 3604 4845">
    <p class='ocr_par' dir='ltr' id='par_1_110' title="bbox 2018 4766 3604 4845">
     <span class='ocr_line' id='line_1_110' title="bbox 2018 4766 3604 4845; baseline -0.008 -13"><span class='ocrx_word' id='word_1_865' title='bbox 2018 4789 2202 4834; x_wconf 86' lang='lat' dir='ltr'><strong>vester</strong></span> <span class='ocrx_word' id='word_1_866' title='bbox 2229 4779 2294 4831; x_wconf 83' lang='grc'><strong>⁵¹.</strong></span> <span class='ocrx_word' id='word_1_867' title='bbox 2329 4797 2346 4828; x_wconf 72' lang='grc' dir='ltr'><strong>ι</strong></span> <span class='ocrx_word' id='word_1_868' title='bbox 2396 4776 2532 4831; x_wconf 90' lang='lat' dir='ltr'><strong>Cum</strong></span> <span class='ocrx_word' id='word_1_869' title='bbox 2559 4791 2692 4845; x_wconf 87' lang='lat' dir='ltr'><strong>ergo</strong></span> <span class='ocrx_word' id='word_1_870' title='bbox 2725 4780 2884 4829; x_wconf 90' lang='lat' dir='ltr'><strong>antea</strong></span> <span class='ocrx_word' id='word_1_871' title='bbox 2924 4772 3210 4844; x_wconf 88' lang='lat' dir='ltr'><strong>jussisset,</strong></span> <span class='ocrx_word' id='word_1_872' title='bbox 3232 4776 3294 4824; x_wconf 90' lang='lat' dir='ltr'><strong>ut</strong></span> <span class='ocrx_word' id='word_1_873' title='bbox 3325 4766 3604 4822; x_wconf 90' lang='lat' dir='ltr'><strong>describe-</strong></span> 
     </span>
    </p>
   </div>
   <div class='ocr_carea' id='block_1_111' title="bbox 2017 4865 3599 4938">
    <p class='ocr_par' dir='ltr' id='par_1_111' title="bbox 2017 4865 3599 4938">
     <span class='ocr_line' id='line_1_111' title="bbox 2017 4865 3599 4938; baseline -0.008 -15"><span class='ocrx_word' id='word_1_874' title='bbox 2017 4885 2201 4923; x_wconf 90' lang='lat' dir='ltr'><strong>rcmus</strong></span> <span class='ocrx_word' id='word_1_875' title='bbox 2230 4869 2405 4938; x_wconf 83' lang='lat' dir='ltr'><strong>legem</strong></span> <span class='ocrx_word' id='word_1_876' title='bbox 2435 4867 2492 4921; x_wconf 90' lang='lat' dir='ltr'><strong>in</strong></span> <span class='ocrx_word' id='word_1_877' title='bbox 2539 4865 2831 4929; x_wconf 87' lang='lat' dir='ltr'><strong>cordibus,</strong></span> <span class='ocrx_word' id='word_1_878' title='bbox 2861 4865 3136 4934; x_wconf 90' lang='lat' dir='ltr'><strong>sciretque</strong></span> <span class='ocrx_word' id='word_1_879' title='bbox 3184 4870 3452 4932; x_wconf 68' lang='lat' dir='ltr'><strong>praeterea</strong></span> <span class='ocrx_word' id='word_1_880' title='bbox 3475 4874 3599 4929; x_wconf 88' lang='lat' dir='ltr'><strong>gra-</strong></span> 
     </span>
    </p>
   </div>
   <div class='ocr_carea' id='block_1_112' title="bbox 2014 4951 3604 5018">
    <p class='ocr_par' dir='ltr' id='par_1_112' title="bbox 2014 4951 3604 5018">
     <span class='ocr_line' id='line_1_112' title="bbox 2014 4951 3604 5018; baseline -0.008 -3"><span class='ocrx_word' id='word_1_881' title='bbox 2014 4978 2137 5018; x_wconf 85' lang='lat' dir='ltr'><strong>vem</strong></span> <span class='ocrx_word' id='word_1_882' title='bbox 2170 4976 2292 5016; x_wconf 85' lang='lat' dir='ltr'><strong>esse</strong></span> <span class='ocrx_word' id='word_1_883' title='bbox 2321 4956 2788 5014; x_wconf 87' lang='lat' dir='ltr'><strong>mentismorbum</strong></span> <span class='ocrx_word' id='word_1_884' title='bbox 2814 4955 3147 5011; x_wconf 90' lang='lat' dir='ltr'><strong>oblivionem</strong></span> <span class='ocrx_word' id='word_1_885' title='bbox 3180 4970 3192 5006; x_wconf 95' lang='lat'>:</span> <span class='ocrx_word' id='word_1_886' title='bbox 3221 4953 3278 5006; x_wconf 88' lang='lat' dir='ltr'><strong>in</strong></span> <span class='ocrx_word' id='word_1_887' title='bbox 3317 4951 3604 5005; x_wconf 87' lang='lat' dir='ltr'><strong>liminibus</strong></span> 
     </span>
    </p>
   </div>
   <div class='ocr_carea' id='block_1_113' title="bbox 2012 5043 3602 5124">
    <p class='ocr_par' dir='ltr' id='par_1_113' title="bbox 2012 5043 3602 5124">
     <span class='ocr_line' id='line_1_113' title="bbox 2012 5043 3602 5124; baseline -0.009 -15"><span class='ocrx_word' id='word_1_888' title='bbox 2012 5064 2273 5124; x_wconf 88' lang='lat' dir='ltr'><strong>tanquam</strong></span> <span class='ocrx_word' id='word_1_889' title='bbox 2305 5053 2361 5106; x_wconf 90' lang='lat' dir='ltr'><strong>in</strong></span> <span class='ocrx_word' id='word_1_890' title='bbox 2387 5051 2571 5106; x_wconf 89' lang='lat' dir='ltr'><strong>tabula</strong></span> <span class='ocrx_word' id='word_1_891' title='bbox 2599 5048 2828 5105; x_wconf 87' lang='lat' dir='ltr'><strong>inscribi</strong></span> <span class='ocrx_word' id='word_1_892' title='bbox 2868 5047 3066 5119; x_wconf 84' lang='lat' dir='ltr'><strong>jussit;</strong></span> <span class='ocrx_word' id='word_1_893' title='bbox 3092 5045 3228 5116; x_wconf 89' lang='lat' dir='ltr'><strong>quin</strong></span> <span class='ocrx_word' id='word_1_894' title='bbox 3260 5044 3427 5100; x_wconf 89' lang='lat' dir='ltr'><strong>etiam</strong></span> <span class='ocrx_word' id='word_1_895' title='bbox 3465 5043 3602 5098; x_wconf 77' lang='lat' dir='ltr'><strong>dex—</strong></span> 
     </span>
    </p>
   </div>
   <div class='ocr_carea' id='block_1_114' title="bbox 2015 5135 3602 5217">
    <p class='ocr_par' dir='ltr' id='par_1_114' title="bbox 2015 5135 3602 5217">
     <span class='ocr_line' id='line_1_114' title="bbox 2015 5135 3602 5217; baseline -0.009 -17"><span class='ocrx_word' id='word_1_896' title='bbox 2015 5155 2113 5202; x_wconf 82' lang='lat' dir='ltr'><strong>trae</strong></span> <span class='ocrx_word' id='word_1_897' title='bbox 2156 5145 2410 5217; x_wconf 85' lang='lat' dir='ltr'><strong>alligare;</strong></span> <span class='ocrx_word' id='word_1_898' title='bbox 2459 5141 2752 5199; x_wconf 88' lang='lat' dir='ltr'><strong>schedulas</strong></span> <span class='ocrx_word' id='word_1_899' title='bbox 2813 5140 3049 5195; x_wconf 78' lang='lat' dir='ltr'><strong>fortasse</strong></span> <span class='ocrx_word' id='word_1_900' title='bbox 3101 5136 3366 5209; x_wconf 89' lang='lat' dir='ltr'><strong>quasdam</strong></span> <span class='ocrx_word' id='word_1_901' title='bbox 3426 5135 3602 5204; x_wconf 82' lang='lat' dir='ltr'><strong>legem</strong></span> 
     </span>
    </p>
   </div>
   <div class='ocr_carea' id='block_1_115' title="bbox 2025 5229 3601 5309">
    <p class='ocr_par' dir='ltr' id='par_1_115' title="bbox 2025 5229 3601 5309">
     <span class='ocr_line' id='line_1_115' title="bbox 2025 5229 3601 5309; baseline -0.009 -17"><span class='ocrx_word' id='word_1_902' title='bbox 2025 5239 2433 5309; x_wconf 85' lang='lat' dir='ltr'><strong>parturientes,</strong></span> <span class='ocrx_word' id='word_1_903' title='bbox 2488 5245 2545 5291; x_wconf 89' lang='lat' dir='ltr'><strong>et</strong></span> <span class='ocrx_word' id='word_1_904' title='bbox 2588 5234 2838 5290; x_wconf 89' lang='lat' dir='ltr'><strong>divinum</strong></span> <span class='ocrx_word' id='word_1_905' title='bbox 2886 5246 3220 5302; x_wconf 85' lang='lat' dir='ltr'><strong>responsum</strong></span> <span class='ocrx_word' id='word_1_906' title='bbox 3271 5229 3601 5296; x_wconf 82' lang='lat' dir='ltr'><strong>inscriptum</strong></span> 
     </span>
    </p>
   </div>
   <div class='ocr_carea' id='block_1_116' title="bbox 2023 5315 3604 5396">
    <p class='ocr_par' dir='ltr' id='par_1_116' title="bbox 2023 5315 3604 5396">
     <span class='ocr_line' id='line_1_116' title="bbox 2023 5315 3604 5396; baseline -0.011 -13"><span class='ocrx_word' id='word_1_907' title='bbox 2023 5329 2288 5383; x_wconf 86' lang='lat' dir='ltr'><strong>habentes</strong></span> <span class='ocrx_word' id='word_1_908' title='bbox 2331 5345 2344 5379; x_wconf 89' lang='lat'>:</span> <span class='ocrx_word' id='word_1_909' title='bbox 2382 5336 2648 5396; x_wconf 74' lang='lat' dir='ltr'><strong>praetcrea</strong></span> <span class='ocrx_word' id='word_1_910' title='bbox 2679 5340 2788 5380; x_wconf 88' lang='lat' dir='ltr'><strong>non</strong></span> <span class='ocrx_word' id='word_1_911' title='bbox 2818 5323 3015 5378; x_wconf 88' lang='lat' dir='ltr'><strong>inutile</strong></span> <span class='ocrx_word' id='word_1_912' title='bbox 3053 5336 3176 5376; x_wconf 88' lang='lat' dir='ltr'><strong>esse</strong></span> <span class='ocrx_word' id='word_1_913' title='bbox 3209 5319 3348 5373; x_wconf 77' lang='lat' dir='ltr'><strong>dixit</strong></span> <span class='ocrx_word' id='word_1_914' title='bbox 3375 5331 3440 5369; x_wconf 80' lang='lat' dir='ltr'><strong>ex</strong></span> <span class='ocrx_word' id='word_1_915' title='bbox 3471 5315 3604 5383; x_wconf 74' lang='lat' dir='ltr'><strong>ipsis</strong></span> 
     </span>
    </p>
   </div>
   <div class='ocr_carea' id='block_1_117' title="bbox 2016 5405 3604 5491">
    <p class='ocr_par' dir='ltr' id='par_1_117' title="bbox 2016 5405 3604 5491">
     <span class='ocr_line' id='line_1_117' title="bbox 2016 5405 3604 5491; baseline -0.011 -16"><span class='ocrx_word' id='word_1_916' title='bbox 2016 5436 2234 5491; x_wconf 88' lang='lat' dir='ltr'><strong>quoque</strong></span> <span class='ocrx_word' id='word_1_917' title='bbox 2263 5420 2508 5475; x_wconf 89' lang='lat' dir='ltr'><strong>vestibus</strong></span> <span class='ocrx_word' id='word_1_918' title='bbox 2550 5417 2793 5489; x_wconf 86' lang='lat' dir='ltr'><strong>pendere</strong></span> <span class='ocrx_word' id='word_1_919' title='bbox 2823 5423 2941 5472; x_wconf 90' lang='lat' dir='ltr'><strong>tum</strong></span> <span class='ocrx_word' id='word_1_920' title='bbox 2979 5413 3223 5467; x_wconf 89' lang='lat' dir='ltr'><strong>ﬁmbrias</strong></span> <span class='ocrx_word' id='word_1_921' title='bbox 3248 5450 3263 5473; x_wconf 94' lang='lat'><strong>,</strong></span> <span class='ocrx_word' id='word_1_922' title='bbox 3297 5417 3413 5461; x_wconf 89' lang='lat' dir='ltr'><strong>tum</strong></span> <span class='ocrx_word' id='word_1_923' title='bbox 3467 5405 3604 5476; x_wconf 77' lang='lat' dir='ltr'><strong>hya-</strong></span> 
     </span>
    </p>
   </div>
   <div class='ocr_carea' id='block_1_118' title="bbox 2012 5508 2555 5564">
    <p class='ocr_par' dir='ltr' id='par_1_118' title="bbox 2012 5508 2555 5564">
     <span class='ocr_line' id='line_1_118' title="bbox 2012 5508 2555 5564; baseline -0.004 0"><span class='ocrx_word' id='word_1_924' title='bbox 2012 5509 2312 5564; x_wconf 86' lang='lat' dir='ltr'><strong>cinthinam</strong></span> <span class='ocrx_word' id='word_1_925' title='bbox 2342 5508 2555 5562; x_wconf 85' lang='lat' dir='ltr'><strong>vittam.</strong></span> 
     </span>
    </p>
   </div>
   <div class='ocr_carea' id='block_1_119' title="bbox 2987 5684 3581 5749">
    <p class='ocr_par' dir='ltr' id='par_1_119' title="bbox 2987 5684 3581 5749">
     <span class='ocr_line' id='line_1_119' title="bbox 2987 5684 3581 5749; baseline -0.013 -7"><span class='ocrx_word' id='word_1_926' title='bbox 2987 5688 3030 5721; x_wconf 77' lang='grc'><strong>⁵¹</strong></span> <span class='ocrx_word' id='word_1_927' title='bbox 3066 5684 3338 5748; x_wconf 82' lang='lat' dir='ltr'><strong>Num.xv,</strong></span> <span class='ocrx_word' id='word_1_928' title='bbox 3380 5684 3399 5736; x_wconf 87' lang='lat' dir='ltr'><strong>l</strong></span> <span class='ocrx_word' id='word_1_929' title='bbox 3448 5695 3581 5749; x_wconf 76' lang='lat' dir='ltr'><strong>seqq</strong></span> 
     </span>
    </p>
   </div>
  </div>
