3990 6196
429 305 532 361 ιεδ

1447 287 1504 343 S.
1545 285 1819 342 CYRILLI
1862 283 2328 339 ALEXANDRINI
2376 281 2692 338 ARCBIEP.

3579 276 3676 331 £85

497 421 696 478 PALL.
745 416 995 485 Quonam
1055 410 1218 466 modo
1272 407 1470 462 divinae
1524 403 1662 473 legis
1725 400 2008 456 admoneri

2185 399 2391 452 ΠΛΛΛ.
2421 398 2529 452 Καὶ
2555 398 2638 461 τίς
2678 397 2742 451 ἂν
2773 396 2980 466 γένοιτο
3011 393 3118 447 τῶν
3148 391 3305 444 θείων
3342 393 3521 461 νόμων
3559 391 3683 459 ἡμῖν

431 527 719 584 possumus
749 522 848 578 per
873 501 1116 558 ﬁmbrias
1143 515 1207 554 ac
1230 499 1422 553 vittam
1449 491 1897 566 hyacintliinam?

497 691 655 747 CYR.
693 688 884 742 Nonne
908 685 1084 753 legem
1107 695 1207 750 per
1230 677 1516 746 aenigmata
1554 670 1809 727 traditam
1842 667 2012 721 fuisse

428 783 624 853 priscis
653 778 761 832 illis
799 773 1136 835 hominibus,
1173 785 1238 823 ac
1258 766 1428 821 veluti
1448 765 1502 818 in
1535 762 1745 818 umbris
1781 775 1902 815 esse
1929 759 2010 813 fa-

430 874 566 928 teris
597 872 620 924 ?

502 961 698 1017 PALL.
736 959 950 1014 Fateor.

498 1055 656 1110 CYR.
684 1052 857 1124 Igitur
889 1045 1121 1102 ﬁmbriis
1151 1057 1215 1098 ac
1247 1039 1433 1097 manui
1480 1039 1672 1092 vittam
1700 1033 2012 1107 hyacinthi-

428 1162 553 1200 nain
584 1144 827 1213 alligare,
861 1138 1090 1208 ﬁgurate
1110 1177 1124 1200 ,
1155 1149 1218 1188 ac
1262 1147 1361 1203 per
1383 1129 1614 1199 aanigma
1648 1124 2008 1196 signiﬁcabat,

427 1253 548 1307 qure
579 1233 824 1289 coelestia
850 1235 1013 1296 sunt,
1039 1243 1103 1282 ea
1135 1234 1252 1281 tum
1304 1221 1566 1292 sapienda
1609 1234 1750 1281 esse,
1773 1225 1888 1270 tum
1927 1214 2010 1268 fa-

427 1306 644 1390 cienda,
667 1339 732 1379 ac
752 1336 1020 1392 supernas
1043 1320 1161 1373 illas
1183 1319 1330 1387 leges
1358 1312 1620 1369 memoria
1657 1306 2014 1364 retinendas?

439 1417 632 1488 Lapidi
670 1417 838 1480 enim,
885 1413 991 1468 nisi
1020 1412 1199 1474 fallor,
1242 1407 1462 1470 lndico,
1499 1401 1883 1475 hyacinthino,
1924 1400 2010 1453 in-

432 1526 596 1580 quam
622 1549 636 1574 ,
681 1506 968 1562 aetherium
1008 1516 1210 1571 corpus
1237 1507 1321 1554 est
1347 1497 1580 1568 quadam
1615 1504 1774 1548 tenus
1802 1490 2008 1556 simile,

427 1617 551 1655 cum
581 1599 874 1670 splendore
899 1604 1064 1665 atque
1091 1591 1336 1648 tenebris
1364 1591 1588 1644 mistum
1615 1587 1708 1651 sit,
1741 1594 1909 1654 atque
1955 1583 2011 1638 in

426 1691 537 1744 imo
575 1705 732 1760 aquae
758 1684 1178 1742 similitudinem
1205 1682 1434 1745 habeat,
1469 1693 1592 1748 quae
1632 1676 1921 1731 tremulam
1948 1690 2011 1730 ac

2113 491 2417 560 ἀνάμνησις
2466 488 2555 542 διά
2586 505 2645 542 τε
2678 486 2999 560 κρασπέδων
3050 485 3143 538 καὶ
3193 480 3504 535 ὑακινθίνου
3550 481 3684 535 κλώ-

2117 599 2318 652 σματος
2343 599 2357 646 ;

2186 673 2348 728 ΚΥΡ.
2391 675 2464 726 υὺ
2507 673 2616 742 γὰρ
2645 671 2709 742 δὴ
2742 671 2832 724 τὸν
2874 670 3037 741 νόμον
3083 665 3496 737 αἰνιγματωδῶς
3535 665 3686 717 λελα-

2112 765 2308 834 λῆσθαι
2339 767 2451 828 τοῖς
2498 764 2667 818 πάλαι
2716 763 2812 816 καὶ
2846 763 2951 832 μὴν
2985 761 3078 814 καὶ
3123 759 3198 822 ῶς
3235 761 3290 812 ἐν
3326 760 3506 820 σκιαῖς
3552 753 3687 809 εἶναι

2114 859 2256 927 eis;

2186 947 2596 1017 HAAA.¢an

2185 1039 2352 1094 ΚΥΡ.
2387 1038 2626 1110 Αἶνιγμα
2648 1039 2712 1108 δὴ
2734 1033 2827 1093 οὖν
2852 1035 2945 1091 τοῦ
2980 1035 3087 1090 δεῖν
3113 1034 3348 1100 ἑλέσθαι,
3380 1035 3598 1102 φρονεῖν
3630 1049 3687 1084 τε

2115 1140 2210 1192 καὶ
2245 1136 2378 1206 δρᾷν
2409 1133 2477 1186 τὰ
2511 1134 2570 1200 ἐξ
2594 1130 2848 1204 ούρανοῦ,
2879 1131 2971 1184 καὶ
3017 1129 3126 1183 τῶν
3155 1127 3359 1184 ἄνωθεν
3388 1125 3690 1196 διαμεμνῆ-

2115 1231 2243 1283 σθαι
2275 1228 2478 1298 νόμων,
2543 1226 2604 1278 τὸ
2652 1223 2974 1295 κρασπέδων
3007 1240 3064 1274 τε
3109 1222 3202 1275 καὶ
3251 1219 3418 1289 αὑτῆς
3475 1218 3687 1287 ἁφάψαι

2113 1323 2295 1394 χειρὸς
2327 1323 2386 1374 τὸ
2415 1319 2646 1390 κλῶσμα
2676 1317 2738 1371 τὸ
2771 1315 3111 1380 ὑακίνθινον;
3145 1313 3278 1382 λίθῳ
3309 1314 3417 1384 γὰρ
3442 1307 3595 1382 οἶμαι
3620 1315 3686 1382 τῇ

2127 1414 2341 1484 Ἰνδικῇ,
2365 1413 2444 1484 τῷ
2475 1410 2764 1480 ὑακινθίνῳ
2795 1408 2959 1478 φημὶ,
2989 1407 3049 1460 τὸ
3072 1406 3309 1478 αἰθέριόν
3336 1424 3452 1466 πως
3477 1406 3685 1468 είκὰζε·

2113 1524 2201 1561 ται
2228 1505 2406 1575 σῶμα,
2436 1504 2577 1572 αύγῇ
2597 1517 2656 1554 τε
2683 1502 2778 1554 καὶ
2807 1498 3308 1570 σκότῳσυμμιγὲς,
3338 1498 3432 1551 καὶ
3455 1499 3512 1550 ὲν
3535 1497 3687 1567 βάθει

2114 1615 2231 1662 πως
2264 1597 2386 1667 ἕχον
2416 1597 2478 1649 τὺ
2509 1593 2816 1666 ὑδαροειδὲς
2839 1633 2855 1658 ,
2903 1591 3317 1661 ὑποτρέμουσὰν
3349 1607 3408 1644 τε
3455 1591 3550 1645 καὶ
3598 1592 3690 1644 εὑ-

2112 1689 2360 1759 διάχυτον
2392 1689 2687 1757 ὑποφαῖνον
2724 1685 2822 1756 τὴν
2864 1685 3004 1754 δψιν.
3045 1682 3420 1754 Ἀπηρτῆσθαι
3448 1681 3515 1752 δὴ
3539 1677 3631 1736 οὖν
3660 1685 3688 1733 6

426 1749 647 1831 ﬂuidam
689 1776 926 1846 speciem
956 1790 1070 1845 pra:
1106 1788 1164 1828 se
1199 1772 1360 1826 ferat.
1413 1769 1577 1838 220
1612 1767 1725 1822 Lex
1757 1767 1922 1837 igitur
1954 1774 2008 1820 et

2113 1749 2275 1852 νόμος
2311 1782 2421 1833 τῶν
2455 1749 2524 1834 τε,
2553 1749 2877 1850 ἐσθημάτων
2907 1749 3086 1832 αὐτῶν
3111 1749 3202 1832 καί
3237 1749 3343 1848 μην
3373 1777 3467 1830 καὶ
3501 1749 3688 1847 ἀειρδς

425 1870 670 1924 vestibus
706 1877 762 1922 et
800 1866 985 1921 manui
1010 1866 1201 1920 vittam
1228 1861 1639 1934 hyacinthiuam
1674 1860 1881 1930 alligari
1924 1873 2011 1913 sa-

425 1961 598 2031 pienti
625 1959 854 2014 consilio
891 1958 1087 2028 jussit,
1125 1953 1529 2027 quodammodo
1567 1953 1824 2014 innuens,
1851 1949 2009 2020 quasi

424 2051 626 2104 mentis
676 2049 1093 2111 vestimentum,
1141 2054 1198 2101 et
1247 2043 1482 2099 amictus
1516 2041 1746 2096 rationis
1789 2039 1889 2094 tibi
1939 2039 2010 2094 sit

425 2140 710 2195 oraculum
751 2137 970 2192 caelitus
994 2137 1236 2201 editum,
1283 2135 1374 2190 lex
1399 2133 1568 2188 etiam
1616 2132 1718 2186 rite
1760 2146 1823 2184 ac
1860 2139 2008 2185 recte

425 2227 694 2282 {actorum
738 2225 968 2280 arbitra.
1001 2226 1194 2280 Manus
1227 2224 1376 2279 enim
1401 2238 1634 2292 operum
1660 2232 1744 2276 est
1787 2221 2010 2293 symbo-

424 2318 538 2372 lum
565 2336 576 2370 :
600 2333 721 2387 qua;
743 2331 908 2387 porro
934 2315 1178 2386 legitime
1211 2313 1352 2369 ﬁunt
1377 2329 1410 2368 a
1435 2313 1617 2376 nobis,
1660 2328 1888 2382 prorsus
1920 2328 1978 2366 rc
1997 2341 2009 2352 -

426 2409 792 2478 prehensione
817 2418 1034 2474 vacant,
1061 2422 1239 2477 neque
1279 2407 1348 2462 de
1370 2405 1504 2460 vitio
1529 2405 1814 2459 sinistrum
1845 2404 2008 2474 quid-

425 2501 571 2570 piam
607 2501 831 2556 habent.
881 2499 1300 2570 Magniﬁcabant
1349 2499 1532 2567 itaque
1574 2497 1835 2551 Pharismi
1888 2498 2009 2548 ﬁm-

426 2592 578 2646 brias
619 2608 782 2657 suas,
817 2601 874 2645 et
923 2591 1228 2645 dilatabant
1264 2587 1601 2660 phylacteria
1634 2602 1730 2641 sua
1756 2626 1770 2650 ,
1808 2586 1863 2640 id
1895 2594 2006 2651 est,

425 2682 716 2737 sehedulas
758 2698 789 2736 e
831 2681 1026 2737 dextra
1068 2696 1236 2735 manu
1291 2694 1586 2750 suspensas
1621 2696 1634 2732 :
1685 2677 2010 2732 ridebantur

427 2782 612 2828 tamen
657 2789 689 2828 a
720 2773 942 2829 Christo
965 2813 980 2839 ,
1019 2773 1167 2843 quod
1204 2788 1325 2828 eam
1350 2788 1468 2828 rem
1512 2771 1581 2826 ad
1624 2770 1802 2826 inanis
1827 2770 2010 2841 gloriae

427 2863 792 2928 occasionem,
820 2878 931 2917 non
981 2863 1049 2918 ad
1103 2862 1241 2933 legis
1265 2862 1844 2917 commemorationem
1875 2876 2009 2914 con—

425 2955 721 3009 vertissem
745 2956 810 3010 δ’.
829 2955 977 3009 Fieri
1010 2955 1177 3026 igitur
1207 2961 1410 3026 potest,
1429 2962 1492 3008 ut
1514 2953 1765 3023 quamvis
1799 2952 1854 3006 id
1894 2952 2006 3015 ﬁat,

426 3045 572 3116 quod
610 3046 698 3100 lex
728 3046 918 3118 jubet,
962 3055 1145 3102 tamen
1185 3047 1276 3102 lex
1302 3045 1419 3116 ipsa
1442 3046 1701 3108 violetur,
1735 3043 1845 3098 nisi
1891 3043 2010 3114 lege

2109 1875 2172 1926 τὸ
2210 1873 2438 1945 κλῶσμα
2477 1873 2538 1926 τὸ
2566 1871 2874 1926 ὑακίνθινον
2902 1871 3260 1943 οἰκονομικῶς
3297 1869 3686 1941 προστέταχεν,

2109 1966 2272 2020 οἱονεί
2299 1981 2416 2026 πως
2451 1964 2768 2033 ὑποφωνῶν.
2796 1963 3052 2034 Ἔσθημὰ
3080 1981 3162 2016 σοι
3202 1962 3294 2016 νοῦ
3329 1963 3423 2015 καὶ
3451 1961 3689 2022 διανοίας

2111 2058 2336 2130 ἄμφιον,
2372 2057 2550 2126 λόγιον
2572 2056 2712 2110 ἔστω
2739 2057 2799 2110 τὸ
2820 2056 2880 2120 ἐξ
2901 2056 3152 2128 ούρανοῦ,
3179 2056 3275 2108 καὶ
3303 2055 3488 2120 δεξιῶν
3513 2056 3691 2125 ἔργων

2113 2150 2416 2223 βραδευτὴς
2448 2151 2476 2204 6
2509 2150 2690 2220 νόμος.
2724 2151 2927 2220 Ἔργου
2947 2149 3058 2220 γὰρ
3075 2148 3139 2220 δὴ
3171 2146 3435 2220 σύμϐολον
3463 2149 3497 2219 ἡ
3531 2149 3653 2218 χείρ
3674 2161 3689 2176 ο

2110 2242 2178 2294 τὰ
2207 2241 2264 2294 δὲ
2290 2244 2567 2310 συννόμως
2594 2238 2847 2310 δρώμενα
2870 2239 3007 2310 πρὸς
3027 2239 3206 2310 ἡμῶν,
3228 2239 3442 2302 πάντως
3467 2255 3569 2291 που
3595 2239 3690 2291 καὶ

2111 2333 2516 2404 ἀνεπίπληκτα,
2553 2333 2649 2384 καὶ
2678 2333 2740 2384 τὸ
2771 2333 2828 2384 ἐν
2875 2331 3168 2400 φαυλότητι
3199 2331 3383 2384 σκαιὸν
3421 2331 3523 2384 οὑκ
3552 2330 3687 2400 ἔχει.

2124 2425 2486 2496 Ἐμεγάλυνον
2516 2420 2610 2478 οὖν
2647 2425 2698 2476 οἱ
2738 2425 3019 2496 Φαρισαῖοι
3048 2421 3432 2492 «Ξὰηκράσπεδα
3483 2422 3686 2482 αὑτῶν.

2109 2518 2204 2571 καὶ
2249 2517 2544 2570 ὲπλάτυνον
2585 2515 2654 2570 τὰ
2698 2517 3048 2588 φυλακτήρια
3081 2516 3280 2582 αὑτῶν,
3315 2518 3581 2580 τουτέστι,
3622 2517 3690 2570 τὰ

2109 2611 2207 2678 τῆς
2237 2608 2416 2676 δεξιᾶς
2438 2609 2807 2680 ἀπηρτημένα
2831 2609 3014 2663 δέλτια
3033 2628 3047 2642 ο
3073 2609 3212 2681 πλὴν
3242 2609 3508 2678 ὲγελῶντο
3537 2610 3689 2680 παρὰ

2109 2699 2366 2772 Χριστοῦ,
2405 2702 2485 2764 εἰς
2521 2700 2820 2770 φιλοδοξίας
2863 2701 3140 2774 ἀφορμὴν,
3167 2702 3262 2755 καὶ
3290 2703 3388 2755 οὐκ
3437 2703 3517 2766 είς
3553 2702 3688 2756 ἀνά-

2113 2811 2308 2866 μνησιν
2335 2793 2428 2846 τοῦ
2473 2795 2639 2864 νόμου
2670 2795 2731 2848 τὸ
2776 2795 2966 2866 χρῆμα
2999 2795 3330 2866 ποιούμενοι.
3365 2796 3552 2849 Ἔστιν
3591 2791 3686 2848 οὖν

2111 2882 2221 2952 ἄρα
2253 2881 2347 2935 καὶ
2371 2882 2612 2952 ἐννόμως
2637 2884 2883 2954 ἁνομεῖν,
2913 2886 2961 2937 εί
2992 2885 3064 2957 μή
3099 2902 3183 2949 τις
3203 2884 3376 2957 ὀρθῶς
3401 2884 3689 2956 ἀποχρῷτο

2108 2971 2186 3044 τῷ
2213 2972 2381 3043 νόμῳ.
2407 2973 2518 3025 Καὶ
2547 2973 2723 3035 τοῦτο,
2750 2969 2924 3045 οἶμαι,
2948 2975 3092 3030 ἐστὶν
3117 2977 3253 3046 ὅπερ
3275 2975 3376 3046 ἔφη
3413 2974 3683 3046 Σολομὼν·

2118 3085 2136 3117 ι
2173 3064 2286 3118 ἔστι
2336 3065 2541 3128 δίκαιος
2579 3065 2950 3137 ἀπολλύμενος
2970 3068 3048 3121 -ἐν
3075 3068 3267 3138 δικαίῳ
3300 3067 3486 3122 αὑτοῦ.
3519 3088 3539 3121 ι
3576 3069 3688 3121 Ka-

427 3115 552 3208 quis
586 3115 743 3192 recte
771 3144 979 3192 utatur.
1017 3136 1241 3208 Hocque
1276 3115 1415 3192 illud
1457 3144 1541 3190 est
1563 3175 1578 3200 ,
1615 3134 1830 3204 opinor,
1862 3133 2008 3203 quod

2113 3155 2453 3226 ταγραπτέον
2483 3115 2576 3210 οὑν
2599 3155 2708 3227 ἄρα
2740 3115 2838 3227 ei]:
2879 3115 3028 3212 θενίαν
3064 3115 3284 3229 ἐντοληῗν

424 3229 503 3284 ait
558 3228 815 3284 Salomon
859 3246 873 3282 :
932 3248 950 3280 ι
981 3229 1079 3283 Est
1125 3229 1328 3299 justus,
1373 3227 1465 3297 qui
1515 3226 1660 3297 perit
1699 3225 1754 3280 in
1795 3224 2012 3296 justitia

425 3333 523 3374 sua
556 3320 621 3373 ⁸³.
658 3340 676 3372 ι
710 3319 880 3390 Igitur
921 3318 1020 3374 Dei
1058 3319 1374 3375 mandatum
1435 3319 1492 3373 in
1538 3326 1722 3373 mente
1749 3327 1914 3388 atque
1953 3318 2010 3370 in

423 3407 589 3464 corde
625 3408 1039 3465 inscribendum
1082 3418 1208 3476 est;
1243 3414 1400 3482 cujus
1449 3410 1532 3464 rei
1564 3409 1856 3464 utilitatem
1882 3422 2008 3462 cum

423 3501 770 3570 perspicuam
797 3500 1004 3557 faceret
1037 3501 1210 3576 David
1246 3501 1337 3556 ille
1361 3501 1612 3564 divinus,
1659 3499 1727 3554 de
1755 3515 2007 3568 unoquo-

421 3607 528 3660 que
552 3593 672 3647 viro
691 3594 842 3663 justo
864 3595 1097 3664 loquens
1120 3594 1199 3648 ait
1225 3611 1238 3646 :
1279 3613 1298 3644 ι
1329 3593 1441 3647 Lex
1470 3593 1566 3646 Dei
1590 3593 1712 3662 ejus
1748 3592 1805 3645 in
1841 3592 2008 3646 corde

423 3682 634 3750 ipsius;
665 3691 723 3737 et
759 3700 870 3738 non
911 3684 1413 3754 supplantabuntur
1448 3698 1667 3754 gressus
1701 3685 1823 3754 ejus
1855 3685 1902 3716 ”
1936 3703 1949 3738 :
1980 3705 1997 3736 ι

423 3772 560 3826 Illud
588 3775 758 3839 enim,
783 3782 844 3828 ut
872 3776 1088 3844 opinor,
1121 3776 1283 3845 plane
1329 3777 1682 3831 manifestum
1712 3785 1816 3843 est,
1848 3781 2005 3850 cujus

424 3863 480 3917 in
509 3871 692 3920 mente
721 3865 808 3919 lex
855 3865 1044 3920 divina
1070 3866 1250 3922 fuerit
1272 3906 1288 3933 ,
1321 3867 1504 3923 eidem
1542 3869 1768 3924 omnino
1825 3870 2004 3926 inesse

422 3962 686 4023 praeterea
707 3996 720 4022 ,
752 3963 814 4010 ut
838 3955 1012 4027 probe
1045 3956 1404 4014 conﬁrmatus
1435 3967 1492 4014 et
1523 3959 1726 4014 virtute
1759 3959 1831 4014 sit
1891 3970 1999 4016 sta-
2101 3995 2106 4030 ε

422 4046 539 4100 bili.

492 4136 688 4191 PALL.
720 4137 800 4194 Ita
829 4154 888 4194 se
909 4153 1001 4194 res
1036 4139 1221 4196 habet.
1973 4210 1981 4217 ,

497 4229 655 4283 CYR.
685 4231 873 4300 Itaque
898 4231 1048 4302 jugis
1075 4243 1238 4304 atque
1269 4244 1534 4305 perpetua
1559 4235 1696 4306 legis
1718 4233 2000 4290 meditatio

420 4317 489 4371 ad
518 4327 725 4376 rectam
762 4323 908 4378 viam
950 4324 1229 4395 perducit,
1265 4326 1414 4395 quod
1443 4326 1589 4382 idem
1626 4335 1711 4380 est
1742 4335 1906 4396 atque
1930 4327 1998 4382 ad

421 4407 476 4462 id
514 4410 661 4480 quod
695 4412 807 4467 Deo
837 4413 1051 4483 placet,
1075 4413 1413 4470 oblivionem
1458 4430 1526 4469 ex
1559 4415 1794 4470 hominis
1816 4416 2000 4472 animo

419 4501 591 4556 veluti
644 4505 902 4560 tenebras
936 4504 1203 4576 quasdam
1231 4506 1632 4577 caliginemque
1669 4507 1992 4562 discutiens.

417 4595 607 4667 Neque
635 4612 770 4652 vero
813 4599 1099 4668 hucusque
1130 4607 1339 4654 tantum
1373 4613 1698 4670 progressus
1733 4607 1818 4653 est
1838 4599 2000 4669 legis-

416 4685 577 4754 lator;
630 4686 730 4743 sed
773 4703 900 4743 cum
937 4688 1122 4746 adhuc
1154 4689 1353 4744 melius
1393 4689 1654 4760 quiddam
1695 4691 1998 4762 excogitas-

417 4785 552 4843 set,-
579 4778 649 4834 ad
681 4779 1028 4835 excitandam
1075 4781 1132 4836 in
1162 4780 1447 4836 laboribus
1479 4780 1847 4853 suscipiendis
1881 4782 1997 4837 ala-

416 4870 664 4926 critatem
691 4913 708 4940 ,
740 4887 896 4944 spem
953 4873 1200 4927 omnium
1247 4888 1435 4928 rerum
1465 4873 1999 4944 exoptatissimarum

416 4969 677 5031 tanquam
715 4980 900 5020 escam
929 4965 1222 5034 quamdam
1255 4965 1522 5037 adjungit.
1562 4965 1652 5021 Ait
1680 4966 1828 5022 enim
1865 4982 1994 5020 rur-

415 5067 510 5104 sus
538 5071 551 5104 :
599 5072 617 5103 ι
647 5053 705 5108 Si
730 5054 786 5108 in
811 5053 1104 5124 praeceptis
1125 5055 1264 5112 meis
1291 5051 1725 5122 ambulaveritis,
1758 5065 1815 5112 et
1836 5073 1995 5112 man-

414 5139 540 5195 data
587 5157 708 5197 mea
745 5145 1126 5201 custodieritis
1148 5187 1164 5215 ,
1201 5153 1258 5201 et
1290 5145 1532 5202 feceritis
1561 5164 1626 5204 ea
1649 5189 1662 5213 ,
1699 5147 1844 5204 dabo
1874 5149 1996 5219 plu-

416 5230 557 5286 viam
581 5232 740 5288 vobis
767 5233 824 5288 in
865 5244 1110 5306 tempore
1139 5251 1260 5301 suo,
1316 5245 1373 5293 et
1396 5247 1542 5294 terra
1581 5239 1733 5294 dabit
1761 5255 1996 5311 proven-

416 5335 503 5381 tus
527 5343 678 5393 suos,
716 5336 773 5382 et
799 5328 944 5400 ligna
969 5330 1149 5399 campi
1179 5329 1415 5386 reddent
1443 5330 1681 5388 fructum
1728 5349 1918 5400 suum;
1939 5342 1996 5389 et

417 5420 847 5490 comprehendet
871 5421 1248 5502 vobis.tritura
1268 5423 1625 5489 vindemiam,
1648 5432 1705 5479 et
1720 5424 1996 5479 vindemia

414 5521 736 5578 sementem,
775 5521 831 5569 et
859 5514 1037 5570 edetis
1061 5531 1260 5586 panem
1293 5523 1538 5570 vestrum
1567 5514 1624 5569 in
1663 5518 1992 5582 satietatem,

2113 3249 2356 3320 καρδίαν,
2393 3251 2486 3303 καὶ
2530 3251 2631 3320 τήν
2659 3268 2723 3319 γε
2763 3251 2856 3304 τοῦ
2897 3251 3221 3322 πράγματος
3251 3253 3438 3322 ὄνησιν
3480 3252 3686 3323 ἐναργῆ

2111 3339 2376 3404 καθιστὰς
2413 3345 2442 3395 6
2482 3341 2624 3404 θεῖος
2663 3341 2767 3413 ἔφη
2816 3341 2980 3395 Δαϐὶδ
3031 3344 3158 3415 περὶ
3193 3343 3402 3396 δικαίου
3449 3343 3681 3406 παντός’

2117 3449 2136 3483 ι
2185 3432 2244 3484 '0
2283 3433 2444 3502 νόμος
2473 3433 2567 3486 τοῦ
2595 3433 2729 3487 Θεοῦ
2766 3434 2931 3488 αὑτοῦ
2963 3435 3018 3487 ἐν
3043 3437 3108 3506 τῇ
3147 3435 3344 3508 καρδίᾳ
3368 3434 3552 3498 αὑτοῦ,
3589 3436 3685 3487 καὶ

2109 3524 2209 3594 οὑχ
2243 3523 2764 3596 ὑποσκελισθήσεται
2805 3525 2872 3580 τὰ
2903 3527 3214 3598 διαδήματα
3241 3527 3425 3582 αὑτοῦ.
3466 3547 3485 3579 ι
3524 3528 3685 3582 Ἐστι

2109 3616 2238 3688 γὰρ,
2261 3613 2434 3686 οἶμαι,
2458 3619 2561 3676 καὶ
2584 3618 2728 3689 μάλα
2761 3619 2952 3689 σαφὲς,
2991 3619 3064 3683 ὼς
3095 3621 3201 3692 ὅτῳ
3236 3638 3339 3692 περ
3381 3621 3446 3674 ἂν
3476 3621 3503 3672 6
3542 3620 3685 3683 θεῖος

2107 3709 2188 3770 εἰς
2221 3707 2344 3761 νοῦν
2379 3709 2610 3780 ὑπάρχει
2645 3710 2828 3780 νόμος,
2867 3709 3162 3780 προσέσται
3195 3729 3295 3763 που
3344 3712 3560 3774 πάντως
3590 3715 3686 3764 καὶ

2107 3798 2167 3851 τὸ
2199 3799 2514 3870 ὲρηρείσθαι
2551 3801 2753 3868 καλῶς,
2788 3801 2967 3856 καὶτὸ
3000 3804 3058 3857 ὲν
3089 3801 3293 3873 βεϐαίῳ
3337 3803 3550 3857 κεῖσθαι
3584 3805 3683 3872 τῆς

2108 3892 2329 3963 ἀρετῆς.

2103 3991 2111 4018 Ι

2175 4139 2384 4196 ΠΑΛΔ.
2415 4131 2543 4192 Ὧδε
2576 4139 2706 4210 ἔχει.
2911 4212 2916 4217 1

2172 4231 2336 4283 ΚΥΡ.
2371 4229 2578 4284 Οὐκοῦν
2625 4233 2659 4301 ὴ
2697 4232 2882 4304 μακρὰ
2927 4233 3020 4286 καὶ
3069 4233 3321 4306 διηνεκὴς
3369 4233 3466 4288 τοῦ
3514 4235 3680 4304 νόμον

2103 4319 2413 4390 μελέτησις,
2448 4323 2774 4392 ἁποκομίζει
2825 4324 2962 4395 πρὸς
2998 4325 3058 4379 τὸ
3110 4326 3260 4390 εὐθὺ,
3311 4327 3470 4380 τοῦτο
3519 4327 3564 4379 δ’
3613 4327 3682 4380 ἂν

2103 4411 2187 4482 εἴη
2223 4411 2301 4482 τῷ
2346 4412 2465 4482 Θεῷ
2493 4413 2703 4477 δοκοῦν,
2736 4414 2887 4468 θολὸν
2930 4415 3116 4490 ῶσπερ
3157 4417 3279 4472 τινὰ
3317 4419 3414 4474 καὶ
3451 4419 3680 4489 ὁμίχλην

2101 4505 2202 4574 τῆς
2232 4501 2522 4573 ἀνθρώπου
2549 4504 2806 4571 διανοίας,
2835 4506 2932 4578 τὴν
2961 4508 3130 4580 λήθην
3160 4509 3540 4580 ἐκπέμπουσα.
3568 4511 3683 4564 Καὶ

2102 4594 2163 4647 οὑ
2199 4595 2361 4666 μέχρι
2389 4595 2595 4649 τούτων
2628 4599 2656 4650 6
2687 4597 3004 4669 νομοθέτης,
3047 4599 3182 4653 ἀλλά
3231 4618 3283 4654 τι
3332 4601 3426 4654 καὶ
3457 4602 3681 4672 ἄμεινον

2103 4686 2500 4758 προσεπινοῶν,
2541 4687 2734 4761 δέλεαρ
2765 4688 2952 4763 ὥσπερ
2978 4709 3052 4759 τι,
3077 4691 3176 4762 τῆς
3203 4691 3261 4744 ἐν
3290 4709 3352 4761 γε
3385 4691 3460 4762 τῷ
3479 4693 3680 4763 χρῆναι

2107 4781 2280 4833 ποιεῖν
2319 4779 2653 4851 προθυμίας,
2699 4781 2887 4835 ἐλπίδα
2937 4786 3193 4848 ποιεῖται,
3237 4783 3333 4856 τὴν
3373 4785 3458 4853 ἐφ’
3505 4783 3678 4838 ἅπασι

2102 4872 2218 4934 τοῖς
2239 4871 2660 4936 εὑκταιοτάτοις.
2700 4873 2843 4943 Ἔφη
2877 4872 2984 4946 γὰρ
3015 4873 3175 4928 πάλιν
3196 4891 3209 4905 ·
3251 4893 3268 4926 ι
3325 4874 3448 4927 Ἐὰν
3476 4875 3534 4927 ὲν
3565 4876 3679 4937 τοῖς

2103 4963 2490 5034 προστάγμασι
2509 4981 2610 5035 μου
2628 4964 2957 5035 πορεύησθε,
2981 4967 3076 5020 καὶ
3093 4967 3190 5030 τὰς
3207 4966 3426 5030 ἐντολάς
3443 4984 3543 5037 μου
3574 4983 3679 5036 φυ-

2100 5052 2354 5124 λάξησθε,
2398 5055 2492 5108 καὶ
2521 5057 2782 5128 ποιήσητε
2816 5058 3004 5122 αὑτὰς,
3043 5057 3200 5111 δώσω
3232 5058 3323 5112 τὸν
3362 5057 3514 5113 ὑετὸν
3547 5059 3680 5128 ὑμῖν

2101 5146 2161 5197 ἐν
2193 5145 2273 5216 τῷ
2310 5147 2490 5219 καιρῷ
2534 5149 2720 5218 αὑτοῦ,
2765 5152 2859 5206 καὶ
2885 5154 2919 5223 ὴ
2959 5152 3029 5223 γῆ
3063 5151 3223 5206 δώσει
3257 5151 3328 5205 τὰ
3360 5153 3679 5222 γεννήματα

2097 5237 2288 5308 αὑτῆς,
2324 5239 2418 5293 καὶ
2442 5241 2511 5294 τὰ
2542 5239 2673 5308 ξύλα
2694 5241 2804 5297 τῶν
2829 5243 3026 5297 πεδίων
3049 5243 3319 5298 ἀποδώσει
3348 5244 3438 5299 τὸν
3467 5245 3678 5316 καρπὸν

2097 5329 2298 5385 αὑτῶν.
2335 5333 2445 5386 Καὶ
2471 5333 2839 5406 καταλήψεται
2877 5338 3006 5406 ὑμῖν
3032 5339 3062 5392 6
3092 5336 3320 5408 ἁλοητδς
3346 5339 3438 5393 τὸν
3464 5355 3679 5412 τρυγη-

2096 5423 2210 5490 τὸν,
2261 5426 2357 5479 καὶ
2385 5426 2415 5478 6
2445 5429 2714 5498 τρυγητδς
2758 5431 3134 5503 καταλήψεται
3177 5433 3268 5486 τὸν
3319 5433 3539 5504 σπόρον,
3582 5432 3677 5484 καὶ

2100 5517 2339 5586 φάγεσθε
2373 5520 2462 5573 τὸν
2493 5522 2654 5592 ἄρτον
2685 5524 2838 5594 ὑμῶν
2861 5527 2939 5588 εἰς
2973 5525 3312 5596 πλησμονὴν,
3362 5526 3454 5578 καὶ
3488 5539 3676 5579 κατομ-

511 5687 556 5720 ⁸²
580 5693 748 5749 Matth
794 5713 944 5765 um,
980 5700 1032 5757 5.
1069 5701 1114 5732 ⁸⁸
1157 5703 1304 5757 Eccl.
1329 5719 1423 5768 vn,
1451 5701 1534 5756 16.
1615 5701 1661 5732 ⁸⁵
1685 5701 1826 5757 Psal.
1868 5718 2046 5763 xxxvi.
2075 5705 2163 5759 31.
