3990 6196
271 291 376 347 485

982 297 1071 352 DE
1110 296 1551 354 ADORATIONE
1592 301 1658 356 IN
1696 301 1966 358 SPIRI'I'U
2011 306 2097 360 ET
2139 308 2507 367 VERITATE.
2551 312 2678 370 LIB.
2721 317 2812 372 VII

3442 330 3544 387 486

264 411 468 477 κήσετε
504 407 622 478 μετ’
652 409 954 478 ἀσφαλείας
981 411 1072 465 ἐπὶ
1108 413 1210 483 τῆς
1246 415 1349 484 γῆς
1383 414 1558 486 ὑμῶν,
1586 418 1679 470 καί
1706 419 1734 470 ὁ
1760 418 1837 470 πόα

1958 429 2012 473 et
2050 421 2371 481 habitabilis
2414 444 2540 483 cum
2586 435 2882 490 securitate
2934 435 2989 493 in
3045 446 3187 497 terra
3227 450 3415 504 vestra
3442 492 3455 515 ,
3489 464 3546 507 et

262 501 428 571 λεμος
453 501 517 553 οὐ
565 499 901 555 διελεύσεται
938 501 1027 556 διὰ
1062 505 1162 575 τῆς
1197 507 1300 576 γῆς
1341 506 1514 576 ὑμῶν,
1560 509 1655 561 καὶ
1698 508 1853 563 δώσω

260 595 490 667 εἰρήνην
523 594 581 646 ὲν
609 595 677 665 τῇ
703 595 775 665 γῇ
808 593 987 663 ὑμῶν,
1031 595 1126 649 καὶ
1155 595 1582 669 κοιμηθήσεσθε,
1618 601 1713 653 καὶ
1753 602 1853 654 οὐκ

258 684 417 736 ἔσται
448 684 479 735 ὁ
509 681 758 751 ἐκφοϐῶν
787 684 954 753 ὑμᾶς,
984 684 1076 737 καὶ
1119 683 1305 738 ἀπολῶ
1337 685 1502 758 θηρία
1533 686 1746 759 πονηρὰ
1789 691 1853 742 ἐκ

256 774 365 844 τῆς
392 774 499 845 γῆς
531 774 705 845 ὑμῶν.
750 793 769 827 ι
809 774 1007 846 Συνίης
1031 775 1166 847 ὅσης
1198 778 1478 849 φροντίδος
1508 779 1604 833 καὶ
1647 780 1847 851 ἡμερό-

256 884 423 939 τητος
455 867 599 934 ἀξιοῖ
633 867 723 921 τὸν
772 869 994 940 ἐπιεικῆ
1040 886 1099 923 τε
1143 872 1236 924 καὶ
1274 871 1715 945 φιλεργέστατον,
1758 876 1853 929 καί⁸

260 959 373 1031 μὴν
402 961 547 1014 αίδοῖ
572 963 638 1033 τῇ
672 963 800 1033 περί
830 961 929 1016 τὸν
945 961 1108 1033 νόμον
1134 962 1446 1036 ἡττώμενον
1470 981 1485 1032 ;
1514 966 1770 1039 Πρὼῖμόν
1791 986 1851 1022 τε

258 1052 373 1124 γὰρ
406 1054 504 1107 καὶ
536 1052 733 1123 ὄψιμον
763 1054 938 1120 ὑετὸν,
973 1054 1279 1127 εὐκαρπίαν
1310 1075 1368 1110 τε
1394 1057 1493 1130 τὴν
1513 1060 1851 1133 ἀλλεπάλλη-

255 1142 372 1207 λον,
402 1145 502 1198 καὶ
556 1145 664 1216 μὴν
704 1148 798 1199 καὶ
830 1146 997 1218 ἄρτου
1032 1147 1371 1221 πλησμονὴν,
1402 1151 1495 1204 καὶ
1527 1151 1635 1204 τῶν
1670 1152 1850 1206 ἐδωδί-

258 1253 379 1305 μων
423 1237 660 1306 ἄφθονον
692 1239 911 1310 χρῆσιν,
965 1243 1059 1297 καὶ
1100 1243 1237 1314 πρός
1268 1261 1331 1314 γε
1376 1244 1585 1310 τούτοις
1625 1247 1849 1319 εἰρήνην

257 1329 571 1401 χαριεῖσθαι
597 1333 1121 1402 κατεπαγγέλλεται.
1163 1336 1267 1390 Τὸν
1305 1336 1415 1410 γάρ
1438 1354 1519 1390 τοι
1550 1336 1645 1391 τοῦ
1680 1338 1846 1410 νόμου

256 1420 479 1488 φύλακα
514 1424 757 1492 γνήσιον,
786 1427 881 1480 καὶ
912 1419 989 1480 ὧν
1026 1426 1093 1480 ἂν
1138 1427 1379 1499 βούλοιτο
1411 1428 1543 1494 Θεὸς
1573 1429 1848 1502 ἄπληστον

256 1514 517 1586 ἐραστὴν,
544 1518 665 1580 ταῖς
687 1516 798 1571 τῶν
829 1518 1097 1590 οὐρανίων
1123 1520 1345 1588 ἀγαθῶν
1371 1521 1655 1593 ἀφθονίαις
1683 1539 1848 1578 κατα-

259 1606 485 1676 μεθύειν
529 1610 701 1673 είκός’
734 1611 839 1682 γῆν
884 1611 985 1683 μὲν
1016 1612 1126 1684 γὰρ
1167 1607 1257 1669 οἷά
1285 1632 1348 1668 τε
1386 1615 1603 1688 πίειράν
1642 1633 1701 1670 τε
1751 1618 1846 1672 καί⁸

255 1698 482 1753 εὔτοκον
513 1701 613 1773 τὴν
652 1702 743 1756 τοῦ
769 1702 979 1757 δικαίου
1013 1704 1210 1779 ψυχὴν,
1247 1707 1646 1781 παράκλησιςή
1679 1726 1844 1783 πνευ-

1959 512 2163 568 bellum
2185 532 2295 571 non
2324 524 2681 589 pertransibit
2700 541 2799 596 per
2822 535 3027 585 terram
3048 543 3309 604 vestram,
3333 551 3388 595 et
3403 512 3546 599 dabo

1957 618 2146 673 pacem
2178 606 2232 661 in
2271 616 2418 664 terra
2447 621 2650 681 vestra,
2698 628 2756 672 et
2794 618 3104 691 dormietis,
3151 634 3209 683 et
3252 648 3360 687 non
3394 634 3541 703 erit,

1955 696 2113 765 221
2157 698 2250 766 qui
2277 710 2553 759 exterreat
2578 722 2695 772 vos,
2722 718 2778 765 et
2798 714 3023 781 perdam
3046 721 3215 777 malas
3240 725 3443 786 bestias
3472 696 3559 789 de.

1955 798 2108 845 terra
2160 801 2346 849 vestra
2387 796 2453 850 ⁵⁸.
2487 817 2505 848 ι
2536 799 2804 873 Intelligis
2860 818 3065 877 quanta
3086 828 3217 869 cura
3244 828 3408 890 atque
3440 824 3540 880 be-

1953 879 2220 951 nignitate
2248 883 2507 956 dignetur
2531 890 2765 959 probum
2786 895 2989 964 virum,
3022 910 3077 955 et
3100 903 3260 961 bonis
3278 879 3541 980 operibus

1952 970 2223 1037 deditum,
2251 983 2306 1029 et
2341 976 2435 1045 qui
2465 977 2639 1050 legem
2677 992 3042 1044 revereatur?
3076 994 3211 1051 Nam
3252 970 3537 1073 tempesti-

1950 1078 2081 1117 vum
2113 1063 2347 1120 imbrem
2376 1076 2541 1138 atque
2577 1074 2880 1131 serotinum
2900 1120 2913 1144 ,
2966 1080 3293 1158 frugumque
3323 1063 3536 1165 copiam

1951 1153 2055 1208 sibi
2087 1155 2323 1211 invicem
2354 1160 2765 1220 succedentium
2786 1207 2799 1232 ,
2826 1153 3091 1243 panisque
3116 1153 3419 1239 satietatem
3441 1229 3454 1251 ,
3481 1198 3537 1243 et

1950 1245 2357 1302 esculentorum
2386 1251 2611 1309 uberem
2656 1254 2919 1326 fructum,
2953 1280 3144 1334 pacem
3170 1284 3433 1339 praeterea
3478 1294 3535 1333 se

1949 1335 2275 1408 largiturum
2309 1341 2620 1414 pollicetur.
2646 1348 2808 1422 Legis
2829 1354 2976 1409 enim
3014 1374 3203 1414 verum
3244 1365 3534 1435 cultorem,

1949 1437 2005 1483 et
2028 1445 2222 1486 eorum
2248 1450 2369 1504 quae
2391 1436 2503 1492 Deo
2541 1440 2758 1509 placent
2776 1447 3189 1516 cupidissimum
3213 1467 3533 1523 amatorem,

1948 1520 2255 1578 cmlestium
2288 1524 2559 1583 bonorum
2600 1533 2937 1593 abundantia
2972 1540 3235 1599 inebriari
3270 1564 3371 1617 par
3406 1562 3492 1607 est
3521 1571 3532 1605 :

1948 1611 2041 1668 illa
2080 1630 2317 1687 namque
2344 1621 2646 1690 spiritualis
2694 1636 2750 1682 et
2788 1643 3025 1700 superna
3073 1611 3378 1697 consolatio
3398 1645 3533 1715 justi

1946 1705 2052 1760 viri
2083 1708 2328 1765 animum
2356 1720 2615 1783 tanquam
2659 1719 2861 1791 pingue
2888 1723 3064 1779 solum
3115 1743 3179 1783 ac
3217 1729 3398 1789 fertile
3428 1736 3533 1790 im-

258 1792 469 1861 ματική
500 1809 562 1845 τε
594 1793 690 1846 καὶ
722 1793 929 1849 ἀνωθεν
961 1774 1122 1851 ὑετοῦ
1147 1774 1510 1871 ⁷κατάρδουσα
1531 1774 1710 1871 δίκην,
1744 1776 1837 1855 κα-

1945 1796 2061 1852 bris
2102 1800 2272 1857 instar
2315 1804 2551 1877 irrigans
2577 1848 2592 1873 ,
2641 1812 2877 1868 maxime
2921 1814 3179 1887 lmtiflcat,
3202 1833 3264 1878 ut
3283 1825 3443 1898 juges
3472 1840 3528 1884 et

252 1884 577 1955 τσυφραίνει
601 1885 746 1951 λίαν,
781 1886 859 1952 ὡς
880 1888 1142 1963 ἀνελλιπῆ
1169 1891 1263 1944 καί
1286 1892 1448 1945 οἰονεί
1474 1894 1844 1965 παμποίκιλον

250 1974 354 2045 τῆς
390 1978 478 2040 είς
509 1977 643 2033 Θεὸν
675 1980 961 2046 εὐσεϐείας
990 1982 1239 2053 ἐκφαίνει
1273 1984 1485 2057 καρπόν
1505 2001 1520 2017 ⁸
1553 1987 1745 2061 εἰρήνη
1783 1988 1842 2041 δὲ

251 2070 537 2134 στεφανοῖ,
583 2068 683 2142 τὴν
710 2072 792 2135 είς
818 2070 882 2125 τὸ
914 2068 973 2127 εὖ
1008 2068 1150 2128 εῖναι
1194 2075 1454 2149 διαμονὴν
1494 2078 1838 2150 εἰσφέρουσα.

251 2157 465 2228 Γράφει
490 2160 623 2230 γοῦν
652 2163 746 2216 καὶ
766 2165 795 2217 ὁ
824 2164 1066 2231 Παῦλος-ο
1099 2186 1119 2220 ι
1155 2166 1267 2223 Καὶ
1294 2169 1540 2241 ήείρήνη
1569 2170 1663 2224 τοῦ
1683 2171 1839 2238 Θεοῦ,

253 2250 288 2322 ή
322 2250 676 2324 ὑπερέχουσα
719 2254 899 2311 πάντα
945 2257 1091 2324 νοῦν,
1129 2261 1430 2334 φρουρήσει
1468 2263 1567 2327 τὰς
1615 2265 1842 2336 καρδίας

254 2342 433 2413 ὑμῶν,
467 2346 564 2399 καὶ
611 2347 681 2402 τά
711 2350 957 2422 νοήματα
995 2350 1171 2423 ὑμῶν.
1216 2372 1239 2409 ι
1287 2354 1343 2410 '0
1371 2356 1469 2427 τῆς
1505 2358 1719 2412 τοιᾶσδε
1749 2352 1842 2412 οὖν

252 2434 405 2506 παρά
440 2433 580 2490 Θεοῦ
612 2437 926 2511 φιλοτιμίας
968 2443 1309 2516 τετυχηκὼς,
1351 2447 1626 2520 ἀπόλεμον
1652 2467 1711 2503 τε
1747 2451 1841 2505 καὶ

246 2528 530 2598 είρηναίον
568 2528 866 2587 διατελέσει
904 2533 1041 2605 βίον,
1084 2538 1324 2603 εἴκοντος
1362 2540 1581 2612 ἐχθροῦ,
1613 2543 1840 2597 πίπτον-

243 2618 340 2683 τός
356 2635 421 2672 τε
454 2621 550 2674 καὶ
574 2623 860 2694 οἰχομένου
887 2627 1025 2700 πρὸς
1042 2628 1102 2682 τὸ
1133 2630 1302 2701 μηδὲν
1327 2631 1422 2685 τοῦ
1443 2632 1839 2707 ἀνθεστηκότος

246 2711 480 2777 παντὸς,
508 2714 604 2767 καὶ
630 2715 1023 2791 ἀπρακτούσης
1047 2719 1239 2790 ἐφόδου
1268 2721 1599 2795 διαϐολικῆς,
1630 2727 1724 2781 καὶ
1746 2727 1840 2797 φό-

250 2800 352 2857 ϐου
408 2805 616 2868 παντὸς
647 2806 893 2863 ἐκποδὼν
937 2809 1109 2874 ἰόντος
1158 2812 1418 2879 εὐκόλως.
1454 2815 1557 2871 Τὸν
1589 2817 1751 2872 αὐτὸν
1779 2818 1837 2872 δὲ

248 2892 465 2947 τουτονὶ
492 2894 656 2965 νόμον
689 2898 783 2951 καὶ
811 2898 872 2951 ὲν
899 2898 979 2970 τῷ
1011 2901 1422 2977 Δευτερονομίῳ
1454 2910 1838 2980 γεγραμμένον

244 2982 582 3055 εὑρήσομεν.
604 2984 749 3060 Ἔφη
765 2987 873 3060 γὰρ
904 2990 1002 3045 ὼδί
1019 2990 1194 3065 βραχὺ
1216 2995 1568 3067 παραλλάξας
1591 3016 1604 3031 ·
1643 3019 1662 3051 ι
1709 3000 1835 3056 Ἐὰν

241 3073 306 3128 δὲ
345 3076 486 3149 ἀκοῇ
522 3078 879 3154 είσακούσητε
904 3083 1086 3150 πάσας
1105 3085 1206 3152 τάς
1235 3088 1455 3154 ἐντολὰς
1488 3090 1674 3157 αὐτοῦ,
1704 3092 1835 3158 ὅσας
1861 3120 1904 3179 C

245 3163 363 3234 ἐγὼ
412 3167 736 3241 ἐντέλλομαί
789 3190 873 3228 σοι
910 3174 1185 3249 σήμερον,
1240 3180 1460 3255 ἀγαπᾷν
1501 3183 1703 3256 Κύριον
1740 3186 1832 3243 τὸν

243 3257 385 3312 Θεόν
416 3276 536 3328 σου,
576 3264 671 3317 καὶ
702 3263 989 3337 λατρεύειν
1037 3269 1188 3339 αὐτῷ
1215 3270 1275 3336 ἐξ
1304 3271 1433 3343 ὅλης
1475 3275 1572 3346 τῆς
1605 3277 1829 3349 καρδίας

243 3368 368 3419 σου,
405 3353 503 3407 καὶ
541 3353 602 3419 ἐξ
646 3355 777 3427 ὅλης
806 3358 907 3429 τῆς
951 3359 1131 3432 ψυχῆς
1173 3379 1290 3431 σου,
1323 3365 1417 3420 καὶ
1445 3364 1605 3421 δώσει
1637 3385 1719 3422 σοι
1740 3369 1831 3425 τὸν

241 3442 403 3498 ὑετὸν
437 3444 538 3515 τῆς
573 3446 677 3517 γῆς
706 3465 821 3513 σου,
862 3450 985 3504 καθ’
1013 3451 1164 3523 ὥραν
1202 3454 1453 3526 πρώῖμον
1491 3460 1585 3513 καὶ
1634 3460 1831 3533 ὄψιμον

240 3534 346 3588 καὶ
377 3535 637 3602 εἰσοίσεις
664 3537 755 3593 τὸν
785 3541 932 3595 σῖτόν
958 3558 1052 3596 σου
1079 3543 1176 3597 καὶ
1203 3545 1294 3599 τὸν
1326 3543 1467 3603 οἶνόν
1504 3566 1622 3615 σου,
1653 3554 1746 3606 καί
1773 3553 1832 3607 τὸ

235 3623 430 3678 ἔλαιόν
483 3642 600 3694 σου,
630 3628 725 3683 καὶ
765 3628 961 3695 δώσεις
991 3632 1348 3705 χορτάσματα
1385 3638 1444 3691 ἐν
1488 3641 1603 3703 τοῖς
1640 3641 1832 3712 ἀγροῖς

240 3734 345 3770 σου
392 3718 508 3781 τοῖς
538 3718 760 3789 κτήνεσί
792 3738 909 3775 σου.
947 3741 965 3774 ι
1002 3723 1214 3779 Οὐκοῦν
1255 3727 1316 3781 τὸ
1345 3727 1445 3799 μὲν
1483 3730 1732 3803 εὐτεχνές
1770 3750 1831 3786 τε

237 3812 344 3865 καὶ
372 3811 668 3886 εὔρυθμον,
688 3817 770 3882 είς
792 3835 856 3889 γε
873 3819 936 3873 τὸ
955 3820 1160 3892 χρῆναι
1182 3821 1425 3895 πληροῦν
1443 3821 1479 3877 ἃ
1501 3822 1567 3877 ἂν
1589 3824 1832 3895 βούλοιτο

235 3901 401 3967 Θεὸς,
437 3906 469 3975 ἡ
503 3906 596 3960 τοῦ
636 3908 801 3978 νόμου
844 3911 1132 3984 μελέτησις
1173 3916 1293 3977 ταῖς
1323 3913 1620 3985 ἡμετέραις
1662 3917 1831 3971 εἰσοι-

235 3998 452 4050 κιεῖται
490 3997 714 4071 ψυχαῖς.
753 4002 980 4075 Ἰδρῶτα
1025 4003 1083 4058 δὲ
1127 4004 1218 4059 τὸν
1266 4006 1358 4059 ἐπ’
1404 4005 1629 4080 ἀρεταῖς
1651 4008 1831 4064 οίστὸν

233 4089 541 4158 ἀποφαίνει
566 4090 678 4145 τῶν
705 4091 1132 4166 ἐπηγγελμένων
1159 4098 1192 4167 ή
1228 4095 1436 4167 ἔφεσις.

313 4181 527 4235 ΠΔΛΛ.
587 4181 841 4254 Ἀληθές·
884 4184 1265 4257 συναινέσαιμι
1317 4185 1448 4257 γάρ,
1498 4186 1592 4240 καὶ
1626 4188 1832 4260 σφόδρα

236 4271 492 4335 εἰκότως.
537 4272 785 4345 ’Δγάπης
827 4273 886 4328 δὲ
930 4273 1032 4345 τῆς
1058 4278 1140 4341 είς
1183 4275 1275 4330 τὸν
1306 4275 1558 4348 πλησίον,
1601 4278 1723 4332 τίνα
1765 4278 1829 4351 δὴ

234 4363 442 4431 τρόπον
472 4363 795 4436 διαπερανεῖ
832 4383 919 4433 τις
948 4367 1015 4424 ἂν
1044 4369 1139 4422 τὸν
1173 4369 1357 4441 νόμον,
1400 4368 1518 4442 ὥρα
1556 4369 1754 4441 λέγειν,
1783 4366 1830 4428 ὦ

234 4450 359 4505 τάν.

172 4543 185 4551 ’
310 4539 480 4593 ΚΥΡ.
531 4539 691 4597 ’ἰτέον
718 4543 784 4615 δὴ
814 4539 908 4599 οὖν
943 4544 1030 4597 ἐπ’
1060 4543 1192 4598 αὐτὸ
1214 4544 1278 4617 δὴ
1309 4547 1487 4603 τοῦτο.
1517 4547 1627 4601 Καὶ
1648 4548 1712 4620 δὴ
1734 4546 1828 4600 λέ-

235 4649 433 4704 γομεν,
461 4636 579 4698 τοῖς
627 4635 794 4707 ἱεροῖς
837 4635 1104 4707 ἑπόμενοι
1149 4637 1606 4709 Γράμμασιν,ὃτι
1650 4640 1827 4712 Μωσῇ

241 4725 621 4796 προσ-τέταχεν
640 4728 669 4780 ὁ
693 4728 801 4780 τῶν
828 4729 967 4783 ὅλων
988 4730 1269 4802 Δεσπότης
1292 4730 1445 4798 Θεὸς,
1471 4732 1830 4804 ὲξεκκλησιά-

240 4833 335 4870 σαι
360 4816 453 4870 τὸν
486 4817 637 4881 λαὸν,
678 4817 775 4872 καὶ
802 4819 908 4872 ὐπὸ
946 4819 1009 4874 τὸ
1040 4822 1172 4875 Σινᾶ
1210 4820 1545 4893 καλούμενον
1575 4822 1698 4894 ὅρος
1733 4842 1831 4877 κα-

240 4909 444 4979 θαρούς
481 4927 543 4962 τε
590 4909 686 4964 καὶ
722 4912 1093 4983 ήγνισμένους
1136 4910 1195 4968 εὖ
1254 4914 1403 4985 μάλα
1449 4918 1826 4985 συνενεγκεῖν·

240 5002 662 5058 ἀποπλύνασθαι
684 5005 795 5078 γάρ
818 5007 928 5061 δεῖν
958 5008 1029 5061 τὰ
1049 5008 1250 5079 ἀμφια,
1286 5009 1381 5062 καί⁵
1404 5010 1504 5081 τῆς
1527 5011 1607 5073 είς
1636 5012 1829 5079 γυναῖ-

239 5109 342 5155 κας
378 5093 575 5164 ἡδονῆς
612 5095 846 5166 ὁρᾶσθαι
890 5092 1157 5169 βελτίους,
1187 5102 1269 5164 είς
1312 5103 1459 5168 τρεῖς
1511 5101 1830 5173 διατέταχεν

236 5183 476 5255 ἡμέρας,
508 5184 596 5240 ὃιά
615 5185 723 5241 τῶν
750 5188 810 5241 ὲν
834 5189 1086 5262 αἰσθήσει
1116 5190 1214 5245 καὶ
1246 5190 1457 5262 ὁρατῶν
1484 5192 1830 5263 πραγμάτων

237 5276 528 5347 σημαίνων
556 5278 626 5332 τά
653 5280 824 5352 νοητά
846 5297 862 5312 ⁸
900 5280 1178 5354 λαμπροῖς
1207 5283 1318 5361 γάρ
1359 5270 1552 5356 ὥσπερ
1580 5284 1827 5355 ἀμφίοις,

234 5372 353 5432 τοῖς
389 5369 452 5434 ἐξ
487 5369 700 5439 ἀρετῶν
737 5371 1020 5444 αὐχήμασι
1059 5374 1585 5447 κατηγλαῖσμένους,
1623 5376 1718 5430 καὶ
1760 5379 1827 5448 τῇ

237 5462 383 5515 κατὰ
405 5461 533 5515 νοῦν
553 5461 876 5535 φαιδρότητι
904 5454 1332 5537 διαπρέποντας,
1355 5467 1449 5522 καὶ
1474 5466 1828 5538 φιλοσαρκίας

238 5552 462 5624 ἁπάσης
519 5555 615 5607 καὶ
670 5554 963 5626 μολυσμῶν
1011 5556 1274 5625 ἐπιγείων
1339 5558 1823 5630 ἀπηλλαγμένους,

1943 1889 2101 1959 quasi
2140 1892 2473 1964 multiplices
2515 1896 2575 1952 in
2619 1899 2793 1955 Deum
2855 1904 3076 1975 pietatis
3122 1889 3533 1979 {ructusvedere

1943 1981 2115 2050 possit
2140 2001 2153 2036 :
2178 1999 2283 2053 pax
2317 2002 2450 2043 vero
2479 1991 2736 2048 eumdem
2760 1979 3007 2065 coronat,
3032 2016 3153 2071 quae
3196 2003 3532 2078 largitur,‘ut

1943 2071 2000 2126 in
2045 2089 2133 2139 eo,
2192 2079 2340 2146 quod
2400 2080 2542 2136 bene
2587 2092 2691 2151 est,
2731 2087 2909 2143 valeat
2962 2071 3309 2162 permanere:
3342 2071 3533 2173 Itaque

1942 2163 2136 2218 scribit
2164 2165 2367 2222 Paulus
2397 2188 2409 2223 :
2466 2189 2483 2221 ι
2536 2171 2603 2228 Et
2627 2190 2734 2244 pax
2769 2178 2889 2245 Dei,
2919 2196 3040 2250 quae
3067 2197 3363 2258 exsuperat
3409 2163 3531 2248 oin-

1940 2270 2067 2310 nem
2093 2272 2315 2314 sensum
2335 2301 2350 2327 ,
2377 2264 2652 2322 custodiat
2672 2269 2838 2324 corda
2868 2284 3053 2330 vestra
3073 2317 3086 2341 ,
3113 2288 3169 2333 et
3214 2280 3530 2356 intelligen-

1944 2346 2045 2401 tias
2069 2358 2281 2406 vestras
2305 2352 2371 2407 ".
2408 2374 2426 2405 ›
2465 2354 2725 2428 Quisquis
2755 2359 2921 2431 igitur
2960 2366 3229 2437 ejusmodi
3262 2373 3359 2429 Dei
3391 2346 3529 2433 libe-

1940 2439 2215 2497 ralitatem
2259 2454 2456 2502 nactus
2499 2450 2636 2516 erit,
2684 2452 2732 2508 is
2774 2453 2938 2513 bellis
2989 2476 3239 2531 vacuam,
3284 2482 3349 2523 ac
3373 2471 3529 2540 pacis

1939 2531 2155 2605 plenam
2183 2534 2353 2595 vitam
2389 2540 2679 2609 traducet;
2721 2545 2881 2601 cedet
2926 2547 3102 2606 hostis
3135 2531 3436 2629 cadetque,
3468 2573 3528 2619 et

1938 2620 2006 2674 ad
2045 2624 2281 2682 nihilum
2328 2632 2537 2688 recidet
2577 2636 2847 2708 quidquid
2893 2640 3148 2712 obsistit,
3187 2657 3243 2704 et
3288 2620 3528 2724 impetus

1938 2714 2244 2775 diabolicus
2269 2720 2463 2777 irritus
2486 2724 2612 2791 erit,
2639 2736 2695 2783 et
2720 2729 2885 2786 timor
2910 2734 3093 2790 omnis
3122 2736 3282 2797 facile
3299 2714 3526 2815 propul-

1937 2808 2167 2865 sabitur.
2197 2810 2350 2868 Hanc
2380 2816 2625 2872 eamdem
2643 2818 2818 2891 legem
2851 2822 2908 2879 in
2936 2808 3365 2889 Deuteronom—io
3387 2808 3527 2907 quo-

1936 2913 2043 2969 que
2070 2899 2401 2973 descriptam
2428 2907 2769 2976 reperiemus
2793 2927 2807 2977 ;
2850 2912 2931 2968 sic
2958 2915 3108 2972 enim
3133 2917 3293 2987 dixit,
3335 2899 3526 2994 paucis

1934 2995 2261 3063 permutatis
2286 3015 2299 3051 :
2336 3016 2354 3050 ι
2386 2998 2443 3054 Si
2467 3016 2599 3056 vero
2623 3003 2813 3060 auditu
2840 3007 3129 3067 audieritis
3153 3016 3337 3072 omnia
3371 3034 3526 3075 man-

1936 3083 2061 3141 data
2080 3088 2218 3159 ejus,
2244 3106 2367 3160 qua:
2406 3108 2508 3164 ego
2532 3097 2733 3152 mando
2759 3097 2858 3153 tibi
2893 3099 3057 3157 hodie
3075 3145 3088 3169 ,
3118 3113 3180 3159 ut
3201 3106 3395 3180 diligas
3415 3112 3525 3166 Do-

1935 3178 2144 3235 minum
2167 3181 2339 3237 Deum
2368 3192 2543 3249 tuum,
2572 3196 2628 3241 et
2647 3191 2858 3246 servias
2879 3192 2958 3247 illi
2990 3210 3059 3250 ex
3076 3205 3192 3254 toto
3218 3178 3385 3258 corde
3406 3211 3520 3268 tuo,

1931 3274 1986 3322 et
2023 3283 2091 3323 ex
2124 3277 2237 3325 tota
2268 3271 2450 3328 anima
2500 3283 2613 3342 tua,
2664 3289 2720 3332 et
2742 3279 2897 3337 dabit
2944 3283 3043 3340 tibi
3071 3286 3314 3356 pluviam
3363 3299 3523 3348 terra:

1931 3368 2039 3414 tuae
2082 3374 2182 3415 suo
2214 3369 2460 3432 tempore
2495 3368 2875 3437 tempestivam
2899 3380 2955 3427 et
2996 3377 3314 3445 serotinam,
3347 3392 3401 3436 et
3433 3399 3522 3437 rc-

1930 3450 2134 3508 condes
2163 3451 2407 3509 triticum
2455 3462 2643 3523 tuum,
2678 3468 2735 3514 et
2757 3460 2946 3516 vinum
2997 3471 3150 3519 tuum
3177 3507 3192 3532 ,
3239 3478 3295 3523 et
3337 3471 3518 3526 oleum

1930 3550 2108 3611 tuum,
2133 3553 2189 3600 et
2211 3543 2368 3601 dabis
2397 3547 2597 3618 pabula
2620 3549 2675 3604 in
2714 3550 2859 3622 agris
2892 3554 3003 3610 tuis
3021 3555 3285 3626 jumeutis
3303 3559 3511 3615 tuis“'.:

1930 3633 2102 3706 Igitur
2133 3637 2244 3691 vim
2293 3638 2397 3694 rite
2432 3646 2489 3695 et
2544 3650 2669 3711 apte
2711 3657 2775 3698 ea
2829 3647 3184 3718 exsequendi,
3226 3666 3347 3721 qua:
3388 3653 3521 3709 velit

1930 3725 2107 3793 Deus,
2132 3727 2268 3800 legis
2301 3729 2585 3787 meditatio
2626 3735 2832 3790 nostris
2873 3738 3073 3794 animis
3120 3743 3461 3812 comparabit
3503 3763 3517 3798 :

1931 3818 2189 3876 sudorem
2214 3837 2381 3892 porro
2426 3840 2526 3895 pro
2553 3826 2757 3883 virtute
2788 3840 3127 3902 susceptum,
3171 3836 3521 3893 tolerabilem

1931 3911 2126 3970 reddet
2151 3915 2548 3985 promissorum
2588 3919 2859 3976 bonorum
2913 3938 3086 3978 amor.

2006 4174 2202 4230 PALL.
2256 4175 2336 4232 Ita
2376 4184 2462 4232 est
2494 4196 2507 4231 :
2534 4181 2809 4235 assentior
2831 4184 3003 4249 enim,
3035 4193 3091 4239 et
3129 4186 3353 4256 quidem
3391 4191 3516 4263 jure

1931 4265 2162 4335 optimo.
2200 4265 2308 4322 Sed
2332 4267 2445 4338 jam
2470 4275 2687 4340 tempus
2724 4279 2809 4326 est
2833 4273 3143 4343 explicandi
3176 4295 3284 4348 qua
3304 4283 3516 4339 ratione

1930 4357 2105 4430 legem
2141 4358 2209 4415 de
2225 4358 2505 4431 diligendo
2532 4362 2782 4433 proximo
2803 4365 3068 4435 perlicere
3092 4370 3364 4442 quispiam
3387 4391 3513 4445 pos-

1860 4485 1904 4540 υ
1932 4451 2022 4506 sit.

2004 4542 2160 4600 CYR.
2199 4544 2370 4617 Igitur
2384 4544 2453 4600 ad
2486 4545 2630 4611 hanc
2655 4546 2829 4618 ipsam
2862 4549 3287 4622 disputationem
3313 4564 3397 4613 est
3423 4573 3514 4612 ac-

1935 4638 2263 4695 cedendum.
2294 4639 2455 4709 222
2487 4640 2676 4712 Itaque
2711 4641 2947 4699 dicimus
2966 4660 3248 4701 sacrarum
3272 4647 3514 4703 Littera-

1935 4747 2061 4787 rum
2092 4731 2321 4802 vestigia
2347 4740 2763 4804 persequentes,
2795 4734 2963 4808 Moysi
2988 4739 3312 4809 praacepisse
3343 4740 3515 4795 Deum

1936 4822 2090 4877 illum
2122 4822 2510 4878 universorum
2537 4824 2854 4891 Dominum,
2890 4835 2951 4881 ut
2987 4838 3316 4885 convocaret
3339 4846 3516 4902 popu-

1935 4910 2071 4976 lum,
2103 4917 2159 4966 et
2180 4925 2276 4966 eos
2298 4911 2400 4966 sub
2427 4922 2691 4980 montem,
2724 4916 2949 4974 nomine
2977 4917 3128 4985 Sina,
3153 4936 3321 4991 puros
3351 4930 3517 4993 atque

1932 5002 2299 5060 sanctiﬁcatos
2318 5003 2650 5075 perduceret
2676 5025 2688 5061 :
2709 5007 2875 5079 jussit
2894 5012 3041 5068 enim
3064 5011 3289 5068 abluere
3312 5023 3514 5081 vestes,

1928 5107 1985 5153 et
2009 5114 2039 5152 a
2067 5097 2362 5153 mulierum
2394 5113 2693 5171 congressu
2719 5116 2820 5173 per
2851 5110 2963 5158 tres
2992 5103 3111 5160 dies
3132 5104 3433 5162 abstinere.
3456 5106 3513 5161 In

1930 5206 2041 5261 quo
2064 5204 2165 5261 per
2186 5205 2271 5256 ea,
2296 5206 2419 5261 quae
2438 5191 2693 5249 sensibus
2710 5194 2955 5266 exposita
2980 5206 3036 5255 et
3056 5198 3410 5269 aspectabilia
3431 5216 3521 5269 ge~

1931 5282 2214 5349 rebantur,
2237 5283 2545 5353 spiritualia
2565 5284 2892 5358 signiﬁcavit
2913 5305 2926 5341 :
2956 5288 3259 5359 splendidis
3278 5304 3516 5358 namque

1922 5373 2171 5429 vestibus
2190 5373 2617 5445 quodammodo,
2640 5375 2932 5446 virtutum,
2955 5378 3200 5451 inquam,
3225 5393 3516 5435 ornamen—

1924 5465 1996 5520 tis
2035 5465 2371 5533 honestatos,
2412 5476 2470 5522 et
2513 5468 2682 5523 animi
2722 5469 2999 5526 hilaritate
3047 5470 3309 5540 insignes,
3359 5476 3413 5522 et
3446 5467 3515 5522 ab

1923 5560 2072 5613 omni
2119 5560 2299 5615 carnis
2339 5562 2623 5632 voluptate
2676 5577 2743 5619 ac
2794 5561 3035 5618 terrenis
3082 5560 3515 5632 inquinamentis

249 5730 290 5764 "
325 5732 506 5790 Levit.
537 5752 685 5803 xm,
729 5735 843 5795 3-5.
920 5738 966 5772 '°
991 5737 1225 5808 Philipp.
1274 5737 1411 5809 tv,7.
1488 5737 1532 5770 ⁸⁷
1575 5738 1733 5791 Deut.
1774 5753 1846 5801 χι,
1894 5736 1980 5802 15,
2019 5737 2095 5791 ιδ.
