3990 6196
497 232 601 290 £87
1524 230 1581 284 S.
1622 227 1895 284 CYRILLI
1936 226 2410 283 ALEXANDRINI
2450 225 2767 281 ARCHIEP.
3653 227 3765 283 £83

495 347 707 406 alienos
726 349 793 405 ad
815 349 913 405 Dei
935 356 1291 418 conspectum
1319 360 1506 400 ventre
1539 345 1719 413 decet,
1756 346 2071 401 instituente

2187 343 2343 397 οἱονεί
2366 361 2482 407 πως
2505 344 2583 405 είς
2611 341 2733 411 ὄψιν
2762 342 2898 394 ἰέναι
2925 340 3124 413 πρέπει
3151 338 3308 405 Θεοῦ,
3342 340 3763 409 παιδαγωγοῦν-

498 454 601 496 nos
630 439 699 495 ad
730 455 852 495 eam
890 453 1006 493 rem
1034 438 1193 509 lege,
1216 445 1278 491 ut
1299 444 1448 492 certe
1482 435 1692 507 Moyses
1721 444 1936 490 veteres
1960 436 2074 490 illos

2188 453 2275 499 τος
2303 436 2451 508 ἡμᾶς
2484 437 2565 499 είς
2591 434 2748 489 τοῦτο
2784 433 2881 487 τοῦ
2912 435 3101 504 νόμου,
3145 432 3395 504 καθάπερ
3442 430 3635 503 ἀμέλει
3664 434 3764 486 καὶ

499 531 821 586 instituebat
852 547 865 582 :
888 545 1015 584 nam
1040 529 1132 584 illa
1159 528 1346 600 figura:
1368 537 1527 584 erant
1551 529 1831 583 veriorum
1868 544 2075 584 rerum.

2189 522 2308 591 τοὺς
2342 527 2508 582 πάλαι
2532 526 2758 596 Μωσῆς·
2796 526 2954 580 τύποι
2981 527 3089 598 γὰρ
3117 522 3259 598 ἦσαν
3279 527 3462 580 ἐκεῖνα
3491 526 3597 580 τῶν
3629 528 3765 598 ἀλη-

497 620 698 689 lllaque
719 634 819 689 per
847 617 1312 689 sapientissimum
1333 618 1513 674 virum
1538 618 1761 690 Moysen
1782 618 2073 682 institutio,

2188 619 2471 691 θεστέρων.
2521 620 2631 672 Καὶ
2662 621 2695 689 ή
2723 618 2810 672 διὰ
2854 617 2948 670 τοῦ
2984 617 3265 685 πανσόφου
3295 616 3539 680 Μωσέως
3566 619 3764 671 παιδα-

498 712 841 782 disciplinam
873 710 1009 781 legis
1036 710 1105 766 ad
1140 710 1425 772 Christum
1462 712 1848 782 perducentis,
1886 711 2074 782 priscis

2186 713 2379 780 γωγία,
2415 712 2514 782 τὴν
2544 711 2635 765 διὰ
2677 710 2771 764 τοῦ
2810 711 2978 781 νόμου
3014 709 3297 763 παίδευσιν
3331 708 3762 779 ἀποκομίζοντος

498 801 815 861 hominibus
847 800 1135 871 ﬁgurabat.
1171 800 1255 856 Ad
1277 801 1394 856 haec
1425 801 1561 855 illud
1588 816 1806 873 quoque
1827 800 2074 855 animad-

2184 807 2258 867 είς
2288 804 2545 875 Χριστὸν,
2574 802 2850 857 ὑπετύπου
2879 804 2990 865 τοῖς
3013 801 3406 872 ἀρχαιοτέροις.
3443 800 3760 872 Ἐπιτηρεῖν

499 894 751 949 versione
780 892 1006 964 dignum
1038 900 1142 958 est,
1173 908 1375 947 munus
1396 890 1545 946 enim
1580 907 1643 946 ac
1667 907 1904 963 persona
1937 892 2075 962 ejus,

2185 894 2235 947 δὲ
2269 892 2407 966 πρὸς
2440 892 2649 958 τούτοις
2681 892 2830 960 ἄξιον
2858 893 3081 946 κακεῖνο
3113 886 3267 960 οἶμαί
3295 906 3420 944 που.
3443 890 3517 942 Τὸ
3542 890 3650 961 γάρ
3673 909 3761 945 τοι

494 986 592 1056 qui
623 985 916 1040 instituere
939 984 1157 1048 debeat,
1193 983 1251 1037 in
1272 984 1439 1055 Moysi
1465 998 1701 1054 persona
1731 984 1936 1053 Optime
1960 999 2070 1038 ser-

2181 986 2368 1057 χρῆμά
2391 1003 2451 1039 τε
2483 987 2578 1040 καὶ
2606 985 2899 1056 πρόσωπον
2927 981 3021 1037 τοῦ
3047 982 3412 1050 παιδαγωγεῖν
3428 981 3757 1048 ὀφείλοντος,

495 1085 658 1133 vatur
690 1094 704 1130 :
744 1091 923 1151 neque
951 1076 1101 1131 enim
1141 1075 1210 1129 ad
1253 1089 1312 1130 se
1345 1075 1628 1146 populum,
1676 1075 1771 1130 sed
1805 1075 1874 1130 ad
1906 1075 2071 1130 Deum

2185 1078 2235 1131 ἕν
2254 1095 2318 1146 γε
2346 1076 2425 1149 τῷ
2451 1077 2695 1141 Μωσέως
2711 1074 2990 1148 προσώπῳ
3012 1076 3311 1146 τετήρηται
3333 1071 3532 1136 καλῶς·
3558 1072 3617 1126 ού
3648 1072 3761 1144 γὰρ

496 1177 757 1237 tanquam
787 1166 857 1224 ad
887 1167 1252 1239 legislatorem
1282 1174 1337 1220 et
1363 1166 1667 1230 doctorem,
1697 1182 1761 1220 ac
1786 1182 1969 1221 rerum
1996 1165 2072 1221 fa-

2186 1167 2359 1238 ἑαυτῷ
2383 1168 2747 1239 παρέστησεν,
2778 1166 2914 1220 ἀλλὰ
2952 1164 3071 1237 Θεῷ
3111 1165 3204 1219 τὸν
3241 1163 3389 1229 λαὸν,
3428 1163 3592 1216 οἱονεί
3640 1181 3762 1228 πως

496 1257 817 1313 ciendarum
839 1264 1124 1311 auctorem
1146 1255 1393 1321 adduxit.
1420 1254 1532 1311 Lex
1556 1271 1796 1326 quoque,
1831 1271 1953 1327 quae
1980 1271 2072 1326 per

2185 1257 2484 1330 θεσμοθέτῃ
2523 1259 2619 1311 καὶ
2656 1256 2963 1327 διδασκάλῳ
3013 1254 3107 1308 καὶ
3160 1252 3268 1307 τῶν
3315 1252 3600 1323 πρακτέων
3642 1253 3761 1304 είσ-

494 1347 735 1402 litteram
758 1348 1100 1412 instituebat,
1127 1362 1237 1401 non
1269 1347 1336 1401 ad
1367 1362 1427 1402 se
1449 1363 1551 1402 nos
1579 1348 1856 1417 perduxit,
1891 1347 1986 1403 sed
2010 1347 2070 1402 ad

2181 1352 2379 1420 ηγητῇ.
2412 1349 2785 1421 Προσεκόμιζε
2811 1348 2867 1402 δὲ
2895 1346 2993 1401 καὶ
3021 1346 3168 1417 ἡμᾶς
3209 1344 3307 1414 ούχ
3341 1343 3516 1415 ἑαυτῷ
3538 1341 3628 1396 διὰ
3658 1342 3757 1396 τοῦ

495 1439 668 1495 Deum
695 1439 958 1504 Verbum,
993 1438 1089 1509 qui
1127 1448 1354 1509 propter
1388 1453 1491 1493 nos
1524 1438 1860 1495 descendite
1900 1440 2071 1495 cmlis.

2180 1442 2507 1512 γράμματος
2550 1440 2898 1508 παιδαγωγὸς
2948 1438 3025 1491 ὣν
3063 1439 3092 1491 6
3142 1435 3327 1506 νόμος,
3377 1434 3512 1489 ἀλλὰ
3560 1434 3640 1505 τῷ
3686 1434 3756 1487 δι’

494 1530 637 1584 Num
662 1530 762 1584 tibi
783 1544 1039 1585 verarum
1068 1527 1550 1602 intelligentiarum
1573 1530 1799 1602 vestigia
1820 1532 2070 1601 persequi

2180 1532 2329 1603 ἡμᾶς
2358 1531 2420 1597 ἐξ
2454 1530 2684 1602 οὐρανοῦ
2732 1531 3195 1600 καταφοιτήσαντι
3233 1527 3353 1598 Θεῷ
3383 1527 3561 1597 Λόγῳ.
3605 1523 3756 1598 Ἀρά

495 1628 683 1676 nostra
713 1620 935 1676 videtur
966 1621 1180 1677 oratio?

2180 1640 2263 1677 σοι
2295 1626 2415 1677 κατ’
2441 1625 2587 1695 ῐχνος
2610 1622 2717 1678 τῶν
2739 1622 2839 1693 τῆς
2862 1620 3119 1693 ἀληθείας
3148 1618 3365 1674 ἐννοιῶν
3389 1619 3418 1671 6
3443 1618 3599 1688 λόγος
3621 1620 3752 1689 ἡμῖν

2110 1680 2150 1734 Β
2181 1716 2319 1769 ἰέναι
2341 1680 2519 1781 δοκεῖς
2566 1680 2583 1687 ⁷
2766 1722 2771 1731 ‘

563 1809 762 1865 PALL.
792 1810 1024 1865 Maxime
1062 1825 1216 1865 vero.
1486 1856 1491 1861 .

1486 1856 1491 1861 .
2247 1807 2455 1860 ΠΑΛΛ.
2478 1806 2627 1860 Πάνυ
2656 1804 2756 1877 μὲν
2786 1800 2898 1860 οὖν.

562 1899 720 1958 CYR.
764 1901 1042 1972 Scriptum
1073 1911 1159 1957 est
1191 1901 1360 1973 igitur
1399 1919 1412 1953 :
1462 1919 1480 1954 ι
1530 1901 1600 1956 Et
1634 1899 1826 1956 eduxit
1867 1900 2076 1971 Moyses

2244 1898 2410 1953 ΚΥΡ.
2436 1897 2748 1970 Γέγραπται
2771 1897 2973 1962 τοίνυν,
2997 1896 3082 1950 ὅτι
3110 1915 3128 1947 ι
3153 1894 3265 1949 Καὶ
3284 1894 3518 1968 ἐξήγαγε
3541 1893 3752 1965 Μωσῆς

492 1995 754 2066 populum
781 1994 834 2048 in
858 2009 1151 2049 occursum
1176 1994 1275 2049 Dei
1297 2010 1327 2049 e
1347 1995 1571 2061 castris;
1602 2002 1657 2050 et
1680 2003 1951 2049 steterunt
1971 1993 2068 2051 sub

2175 1987 2263 2042 τὸν
2289 1987 2417 2042 λαὸν
2436 1990 2517 2054 είς
2542 1991 2864 2060 συνάντησιν
2886 1988 2979 2042 τοῦ
2995 1988 3153 2053 Θεοῦ,
3172 1992 3237 2042 ὲκ
3257 1988 3357 2059 τῆς
3375 1987 3750 2059 παρεμϐολῆς,

492 2092 677 2139 monte
721 2082 871 2140 Sina.
916 2085 1070 2165 Mons
1113 2068 1299 2139 autem
1339 2083 1471 2139 Sina
1512 2091 1662 2139 totus
1700 2085 1965 2150 fumabat,
2006 2100 2068 2140 eo

2178 2081 2270 2134 καὶ
2299 2082 2650 2153 παρέστησαν
2683 2081 2788 2135 ὑπὸ
2821 2082 2884 2135 τὸ
2916 2081 3042 2152 ὅρος
3073 2081 3135 2134 τὸ
3166 2081 3314 2136 Σινᾶ.
3341 2080 3414 2134 Τὸ
3450 2080 3507 2134 δὲ
3536 2080 3662 2152 ὄρος
3688 2080 3754 2133 τὸ

489 2176 637 2246 quod
666 2176 1040 2232 descendisset
1092 2175 1357 2231 Dominus
1400 2190 1566 2245 super
1619 2176 1796 2246 ipsum
1834 2177 1890 2231 in
1913 2176 2065 2247 igne:

2176 2172 2306 2224 Σινᾶ
2344 2170 2668 2237 ἐκαπνίζετο
2695 2171 2816 2225 ὅλον
2858 2170 2947 2224 διὰ
2988 2170 3050 2223 τὺ
3081 2170 3510 2242 καταδεδηκέναι
3546 2170 3752 2242 Κύριον

488 2276 546 2323 et
579 2267 912 2323 ascendebat
948 2267 1132 2323 fumus
1183 2276 1444 2338 tanquam
1483 2268 1668 2324 fumus
1709 2268 1988 2329 fornacis:
2017 2279 2064 2325 el

2176 2260 2262 2314 ἐπ’
2293 2260 2458 2314 αὐτοῦ
2480 2262 2536 2314 ὲν
2565 2259 2723 2333 πυρὶ,
2743 2260 2838 2315 καὶ
2861 2259 3142 2331 ἀνέϐαινεν
3161 2261 3190 2313 6
3217 2258 3421 2323 καπνὸς
3441 2260 3517 2323 ὼς
3542 2260 3752 2323 καπνὸς

488 2358 787 2414 exterritus
817 2366 903 2413 est
960 2358 1140 2414 omnis
1190 2358 1426 2428 populus
1446 2358 2064 2414 valdezfiebantautem

2175 2352 2406 2423 καμίνου
2431 2369 2446 2384 ο
2477 2353 2571 2407 καὶ
2601 2353 2794 2423 ἐξέστη
2840 2353 2947 2416 πᾶς
2983 2353 3013 2405 6
3056 2351 3185 2416 λαδς
3231 2353 3433 2424 σφόδρα
3452 2370 3467 2383 ·
3499 2353 3751 2422 ἐγένοντο

488 2467 652 2506 voces
682 2451 827 2506 tubae
862 2450 1224 2521 procedentes
1252 2449 1511 2505 fortiores
1542 2449 1739 2503 valde.’
1760 2450 1972 2522 Moyses
1992 2451 2064 2506 lo-

2175 2443 2229 2497 δὲ
2250 2445 2305 2498 αί
2347 2445 2521 2513 φωναὶ
2542 2447 2638 2516 τῆς
2662 2443 2960 2513 σάλπιγγος
2989 2442 3376 2514 προϐαίνουσαι
3404 2444 3751 2516 ἰσχυρότεραι

487 2540 786 2611 quebatur;
819 2540 967 2594 Deus
1003 2537 1371 2608 respondebat
1409 2538 1487 2592 illi
1523 2553 1655 2593 voce
1696 2538 1762 2593 ⁸⁸.
1813 2558 1831 2590 ι
1878 2539 2063 2610 Igitur,

2175 2536 2399 2607 σφόδρα.
2441 2536 2648 2607 Μωσῆς
2685 2536 2895 2590 ὲλάλει’
2928 2538 2958 2590 6
2980 2535 3036 2589 δὲ
3081 2530 3216 2599 Θεὸς
3248 2536 3567 2606 ἀπεκρίνετο
3599 2536 3751 2607 αὐτῷ

487 2631 636 2701 quod
658 2631 716 2685 in
744 2637 930 2685 monte
959 2628 1245 2684 descendit
1273 2629 1439 2695 Deus,
1479 2630 1694 2700 signum
1717 2631 2063 2701 perspicuum

2173 2631 2346 2700 φωνῇ.
2412 2647 2430 2680 ι
2484 2628 2559 2681 T6
2600 2627 2701 2699 μὲν
2746 2623 2840 2681 οὖν
2877 2627 2936 2680 ὲν
2991 2626 3109 2698 ὄρει
3151 2627 3549 2697 καταφοιτῆσαι
3588 2627 3747 2691 Θεὸν,

485 2735 607 2777 esse
649 2720 874 2791 poterit,
928 2736 1039 2775 non
1088 2719 1243 2775 illum
1295 2720 1362 2775 ad
1410 2731 1623 2777 mentes
1674 2722 2061 2794 abjectissimas

2175 2724 2402 2793 σημεῖον
2432 2720 2498 2775 ἂν
2528 2721 2736 2789 γένοιτο
2777 2708 2879 2775 ’καὶ
2933 2718 3078 2790 μάλα
3124 2720 3312 2787 σαφὲς,
3349 2720 3443 2774 τοῦ
3484 2720 3750 2783 διανοίαις

485 2812 708 2875 venire;
780 2825 960 2882 neque
1027 2826 1153 2866 cum
1224 2811 1332 2866 illis
1387 2812 1638 2868 habitare
1700 2815 1909 2880 solere,
1974 2817 2061 2887 qui

2171 2814 2334 2868 αὐτὸν
2375 2814 2437 2867 ού
2476 2812 2936 2884 χθαμαλωτάταις
2962 2815 3269 2886 ὲπιφοιτᾷν,
3298 2813 3419 2867 οὔτε
3455 2814 3562 2884 μὴν
3594 2816 3726 2868 ὲναυ

485 2914 757 2969 terrenos,
809 2909 867 2959 et
910 2904 1063 2959 humi
1112 2902 1354 2975 abjectds
1400 2905 1612 2961 animos
1656 2906 1924 2975 habeant;
1971 2911 2061 2965 sed

2170 2901 2414 2968 λίζεσθαι
2443 2904 2619 2973 φιλεῖν
2651 2906 2763 2968 τοῖς
2785 2904 2984 2975 γεῶδες
3027 2904 3210 2976 έχουσι
3251 2903 3345 2959 καὶ
3377 2906 3745 2978 χαμαιρριφὲς

488 3009 616 3053 cum
647 3009 736 3060 eo,
774 2995 933 3066 cujus
976 2994 1191 3050 animus
1240 2995 1299 3050 in
1342 2996 1578 3051 sublime
1621 2998 1972 3066 conscendat,
2015 3010 2064 3057 et

2170 2996 2230 3049 τὸ
2253 2997 2527 3068 φρόνημα,
2560 2995 2675 3049 ἀλλ’
2700 2998 2808 3068 ὅτῳ
2831 3014 2934 3069 περ
2953 2997 3021 3051 ἂν
3047 3000 3076 3051 6
3099 2995 3223 3061 νοῦς
3234 2997 3370 3050 ἀναθ
3381 2996 3579 3068 ρώσκοι
3606 2999 3746 3070 πρὸς

462 3085 643 3156 ~quasi
667 3085 929 3141 verticem
956 3086 1232 3141 excelsum
1258 3096 1471 3153 tenens,
1515 3087 1753 3143 humana
1781 3089 2038 3162 deSpioiat

2168 3092 2228 3145 τὸ
2272 3090 2433 3161 ὑψοῦ,
2469 3092 2563 3145 καὶ
2606 3092 2770 3145 οἱονεὶ
2810 3092 3056 3165 κορυφὴν
3098 3092 3535 3165 ὑπερτέλλουσαν
3579 3094 3741 3165 ἔχων,

485 3176 646 3247 223
672 3186 729 3232 et
749 3192 812 3232 ea
837 3177 972 3242 sola,
997 3193 1118 3247 qua:
1140 3178 1238 3232 Dei
1272 3186 1421 3243 sunt,
1451 3186 1682 3248 spectet.
1713 3180 1887 3235 Aliam
1924 3198 2061 3252 quo-

2170 3185 2318 3239 κάτω
2347 3202 2449 3238 που
2483 3184 2670 3255 βλέπει
2689 3185 2758 3238 τὰ
2785 3186 3121 3258 ἀνθρώπινα,
3146 3186 3241 3240 καὶ
3266 3188 3401 3257 μόνα
3421 3187 3746 3255 φαντάζοιτο

483 3283 592 3339 que
612 3268 1066 3339 significationem
1084 3269 1290 3325 habere
1319 3279 1520 3340 potest,
1548 3271 1842 3327 sublimem
1867 3290 2059 3346 nempe

2166 3278 2236 3332 τά
2258 3277 2410 3350 παρὰ
2427 3277 2565 3349 Θεῷ.
2598 3280 2826 3349 Καταση
2836 3278 3025 3349 μήνειε
3047 3278 3093 3332 δ’
3113 3278 3180 3332 ἂν
3209 3278 3303 3332 καὶ
3325 3280 3550 3351 ἑτέρως,
3566 3278 3742 3351 ὑψηλὴ

482 3375 605 3417 esse
628 3361 724 3416 Dei
751 3361 1142 3433 cognitionem,
1168 3370 1219 3418 et
1246 3372 1435 3417 nostra
1470 3364 1785 3420 conditione
1810 3369 2058 3436 superio-

2170 3370 2270 3441 μὲν
2300 3371 2386 3425 ὅτι
2404 3371 2500 3424 καὶ
2533 3371 2904 3442 ὑπερκειμένη
2930 3369 3040 3425 τῶν
3061 3370 3183 3424 καθ’
3210 3372 3360 3441 ἡμᾶς
3384 3371 3418 3442 ἡ
3451 3387 3516 3423 πε
3526 3373 3581 3442 pi
3605 3368 3740 3423 Θεοῦ

482 3469 621 3519 rem,
658 3459 726 3511 ab
761 3454 831 3510 iis
867 3452 1153 3519 duntaxat,
1182 3462 1239 3509 et
1272 3455 1494 3523 quidem
1539 3473 1606 3510 ex
1645 3466 1820 3526 parte,
1853 3458 2058 3529 percipi

2168 3462 2390 3529 γνῶσις,
2443 3461 2625 3533 μόνοις
2666 3461 2724 3515 δὲ
2769 3460 2909 3531 τάχα
2940 3477 3045 3514 που
3087 3460 3190 3514 κᾶν
3239 3459 3370 3528 γοῦν
3425 3462 3490 3512 ὲκ
3541 3460 3738 3529 μέρους

481 3557 665 3611 posse,
694 3542 788 3612 qui
831 3558 931 3613 per
965 3543 1221 3597 sublimia
1257 3543 1444 3598 volare
1486 3545 1831 3612 studuerint;
1875 3568 1891 3599 ι
1921 3549 2057 3604 Pulli

2165 3553 2442 3625 ἁλώσιμος
2498 3557 2609 3619 τοῖς
2647 3553 2715 3632 τά
2765 3550 2948 3624 ὑψηλὰ
3009 3551 3262 3607 πέτεσθαι
3311 3551 3738 3624 μεμελετηκόσι’

480 3645 722 3700 namque
761 3632 1000 3687 vulturis
1030 3647 1131 3702 per
1162 3633 1419 3688 sublimia
1449 3635 1635 3689 volant
1661 3636 1729 3702 ⁸³,
1772 3656 1790 3688 ι
1825 3645 1886 3691 ut
1920 3642 2056 3695 scri-

2169 3667 2188 3701 ¢
2223 3649 2458 3703 Νεοσσοὶ
2479 3648 2586 3720 γὰρ
2617 3647 2792 3717 γυπὸς
2818 3645 2888 3700 τὰ
2917 3645 3097 3719 ὑψηλὰ
3132 3647 3413 3709 πέτανται,
3454 3664 3474 3698 ι
3509 3644 3652 3699 κατὰ
3678 3644 3740 3696 τὸ

479 3728 639 3791 ptum
671 3729 777 3776 est.
821 3721 995 3777 Simul
1036 3725 1280 3795 intellige
1322 3725 1517 3791 Deum,
1544 3742 1669 3781 cum
1703 3735 1946 3786 veterem
1984 3733 2055 3787 le-

2164 3740 2570 3812 γεγραμμένον.
2615 3741 2703 3794 Ἐν
2733 3738 2906 3811 τούτῳ
2938 3738 2996 3793 δὲ
3031 3738 3208 3804 σύνες,
3235 3738 3316 3791 ὅτι
3350 3737 3556 3806 κατέὸη
3605 3734 3740 3798 Θεὸς

480 3826 601 3883 gem
630 3811 828 3882 priscis
858 3813 968 3869 illis
1003 3814 1323 3871 hominibus
1353 3817 1548 3884 ferret,
1574 3818 1923 3879 descendisse
1949 3840 2056 3879 non

2161 3832 2253 3886 τὸν
2273 3811 2502 3904 ἀρχαῖον
2531 3835 2643 3897 τοῖς
2671 3833 2839 3886 πάλαι
2864 3829 3113 3904 διορίζων
3130 3830 3314 3901 νόμον,
3343 3829 3444 3883 οὐκ
3475 3827 3603 3880 ἔνθα
3631 3842 3737 3896 περ

481 3902 577 3957 ubi
610 3904 847 3973 populus
888 3912 1028 3971 erat,
1057 3906 1153 3961 sed
1192 3906 1250 3962 in
1291 3908 1583 3966 sublimem
1612 3911 1815 3977 locum,
1851 3923 1907 3970 et
1932 3916 2057 3986 qui-

2160 3919 2227 3995 ἦν
2257 3925 2285 3978 6
2316 3902 2464 3988 λαὸς,
2495 3921 2612 3976 ἀλλ’
2642 3922 2779 3994 ὑψοῦ
2814 3924 2908 3978 καὶ
2951 3902 3197 3994 νμακράν.
3246 3919 3595 3990 Ἀφειστήκει
3625 3915 3736 3987 γὰρ

480 3995 607 4051 dem
628 3998 842 4066 procul.
873 3998 1199 4054 Recesserat
1223 4001 1370 4055 enim
1406 4016 1438 4057 a
1479 4002 1639 4074 longe
1678 4004 1881 4071 adhuc,
1901 4007 2056 4076 juxta

2164 4012 2441 4084 μακρόθεν
2465 4014 2546 4065 ἔτι
2573 4010 2714 4065 κατὰ
2750 4011 2850 4082 τὴν
2874 4011 2969 4064 τοῦ
2998 4010 3310 4072 Ψάλλοντος
3348 4007 3554 4078 φωνὴν,
3579 4005 3738 4059 οὖπω

478 4085 767 4142 Psallentis
793 4103 980 4143 vocem
1005 4089 1069 4154 ‘°,
1104 4104 1231 4143 cum
1259 4089 1352 4145 ille
1375 4090 1700 4163 Unigenitus
1720 4092 1964 4149 nondum
1989 4096 2054 4150 ad

2158 4105 2441 4175 γεγονότος
2476 4104 2595 4175 μεθ’
2643 4104 2800 4174 ἡμῶν
2840 4101 3139 4174 σαρκικῶς,
3171 4098 3294 4154 οὕτε
3331 4098 3439 4171 μὴν
3474 4096 3734 4159 καθέντος

475 4195 580 4234 nos
608 4195 706 4249 per
736 4195 954 4235 carnem
992 4180 1336 4247 accessisset,
1365 4196 1547 4252 neque
1574 4198 1631 4238 se
1678 4184 1745 4239 ad
1776 4184 1923 4239 illam
1956 4201 2051 4241 ex-

2159 4197 2347 4250 ὲαυτδν
2394 4198 2474 4260 είς
2525 4196 2754 4251 κένωσιν
2795 4193 2891 4248 τοῦ
2938 4192 3307 4262 Μονογενοῦς⁹
3357 4193 3419 4251 οὐ
3473 4191 3581 4261 γὰρ
3619 4191 3735 4251 τοῖς

477 4270 836 4327 inanitionem
864 4272 1203 4342 demisisset;
1232 4288 1412 4345 neque
1434 4276 1581 4330 enim
1605 4276 1801 4345 priscis
1826 4277 2053 4343 illis,sed

2159 4288 2552 4360 ἀρχαιοτέροις,
2600 4287 2713 4340 ἀλλ’
2759 4288 2840 4350 εἰς
2892 4287 3040 4356 ἡμᾶς
3086 4285 3285 4349 αὐτοὺς
3331 4286 3625 4353 τετήρηται
3669 4281 3735 4333 τὸ

464 4364 638 4419 nobis
675 4364 809 4434 ipsis
848 4364 956 4421 hoc
993 4365 1312 4437 mysterium
1346 4373 1431 4420 est
1468 4376 1803 4422 reservatum
1836 4367 2040 4425 :factus

2162 4378 2458 4448 μυστήριον
2479 4391 2492 4405 ·
2525 4377 2717 4445 γέγονε
2736 4376 2845 4449 γὰρ
2879 4375 3000 4448 μεθ’
3026 4376 3186 4448 ἡμῶν
3219 4377 3342 4430 ὅσον
3364 4370 3503 4446 ἧκεν
3529 4374 3731 4435 είπεῐν,

473 4462 558 4509 est
582 4453 731 4508 enim
760 4454 904 4510 inter
932 4470 1055 4520 nos,
1081 4462 1347 4524 quantum
1381 4455 1577 4510 attinet
1606 4457 1675 4511 ad
1709 4456 1856 4512 illam
1888 4474 2048 4528 aspe-

2158 4469 2237 4529 είς
2268 4466 2425 4531 δόξαν
2468 4465 2880 4539 ὀφθαλμοφανῆ,
2912 4467 2980 4521 τὰ
3015 4467 3116 4538 τῆς
3157 4466 3411 4537 θεότητος
3459 4463 3734 4534 ὑψώματα

475 4545 731 4601 ctabilem
767 4546 1016 4616 gloriam.
1042 4545 1347 4601 divinitatis
1376 4544 1712 4601 sublimitate
1742 4547 1959 4615 relicta;
1984 4564 2049 4604 ac

2158 4554 2561 4620 καταλελοιπώς
2587 4569 2602 4585 ·
2634 4556 2977 4611 ἐπολιτεύετο
2998 4557 3054 4611 δὲ
3088 4556 3208 4629 μεθ’
3237 4555 3416 4626 ἡμῶν,
3447 4555 3525 4617 ὡς
3558 4548 3640 4617 εἷς
3669 4554 3732 4618 ἐξ

472 4645 724 4693 versatus
747 4644 833 4691 est
858 4635 1175 4702 nobiscum,
1198 4644 1258 4694 ut
1292 4653 1434 4693 unus
1464 4653 1496 4693 e
1528 4638 1706 4694 nobis.
1741 4639 1888 4710 Ignis
1918 4656 2048 4696 vero

2152 4648 2331 4721 ἡμῶν.
2370 4648 2456 4702 Ἐν
2480 4647 2612 4702 εἴδει
2644 4664 2706 4717 γε
2732 4650 2841 4721 μὴν
2858 4648 2949 4702 τοῦ
2979 4654 3151 4721 πυρὸς
3181 4646 3371 4718 κατῄει
3391 4644 3523 4709 Θεός
3546 4661 3563 4677 ο
3596 4645 3728 4707 ἔδει,

473 4730 656 4800 specie
699 4727 985 4783 descendit
1020 4728 1167 4785 Deus
1206 4729 1543 4800 :oportebat
1586 4730 1734 4785 enim
1777 4732 2042 4802 profecto,

2153 4743 2268 4804 τοῖς
2299 4740 2513 4812 ἀνάγκῃ
2540 4742 2635 4795 καὶ
2663 4741 2814 4812 νόμῳ
2840 4741 2967 4806 τοὺς
3006 4737 3470 4812 παιδαγωγεῖσθαι
3503 4736 3729 4810 μέλλον-

479 4829 561 4885 ut,
579 4819 676 4890 qui
711 4818 996 4875 coactione
1039 4834 1102 4874 ac
1134 4819 1255 4891 lege
1289 4820 1513 4892 regendi
1545 4828 1722 4888 erant,
1749 4832 1899 4877 certo
1934 4822 2044 4878 sci-

2155 4848 2272 4896 τας,
2309 4832 2390 4884 ὅτι
2419 4808 2577 4903 πρὸς
2613 4808 2740 4903 πῦρ-
2763 4808 2946 4896 έξουσι
2993 4832 3118 4895 τοὺς
3167 4808 3378 4899 λόγούς,
3422 4830 3474 4882 εἰ
3508 4808 3731 4883 ἕλοιντο

471 4918 595 4962 rent
637 4909 684 4963 si
729 4907 799 4963 ad
846 4907 1118 4979 ignaviam
1168 4909 1443 4966 declinare
1488 4911 1721 4987 yellent,
1769 4912 1874 4967 sibi
1918 4928 2045 4969 cum

2155 4921 2442 4993 ῥᾳθυμεῖν,
2480 4920 2733 4976 διειδέναι
2772 4923 2979 4991 σαφῶς.
3012 4923 3086 4975 Οὐ
3116 4920 3226 4993 γάρ
3270 4919 3329 4987 ἐξ
3377 4920 3601 4991 ἀγάπης
3631 4922 3731 4990 τῆς

471 5000 581 5070 igni
623 5000 895 5057 rationem
934 4999 1195 5055 futuram.
1232 5002 1421 5072 Neque
1453 5001 1603 5057 enim
1636 5017 1705 5058 ex
1737 5002 2044 5060 voluntaria

2152 5012 2476 5077 έθελουσίου,
2510 5015 2604 5068 καὶ
2636 5013 2728 5068 νοῦ
2757 5014 2930 5085 ῥοπῆς
2963 5012 3251 5083 ἐλευθέρας
3281 5012 3585 5082 ἐπράττετο
3614 5014 3728 5073 τοῖς

468 5092 784 5159 dilectione,
817 5101 876 5149 et
910 5093 1199 5163 spontanei
1240 5094 1407 5148 animi
1455 5094 1750 5155 momentis
1782 5111 1813 5150 a
1850 5096 2044 5166 priscis

2153 5103 2531 5174 ἀρχαιοτέροις
2575 5104 2635 5157 τὸ
2668 5103 2938 5172 Θεοφιλὲς,
2972 5104 3087 5157 ἀλλ’
3113 5104 3188 5167 ὼς
3231 5102 3292 5167 ἐξ
3329 5100 3581 5172 ἀνάγκης
3634 5103 3729 5154 καὶ

468 5183 579 5239 illis
601 5183 919 5242 hominibus
940 5185 1035 5241 Dei
1062 5200 1218 5243 amor
1243 5185 1636 5255 praestabatur;
1674 5187 1768 5243 sed
1794 5188 1951 5259 quasi
1976 5204 2042 5244 ex

2152 5194 2315 5263 φόϐου
2332 5210 2345 5224 ·
2384 5194 2601 5266 πνεῦμα
2633 5196 2743 5267 γὰρ
2766 5192 2833 5267 ἦν
2861 5196 2959 5251 οὐκ
2984 5193 3289 5266 ἐλεύθερον,
3312 5194 3436 5248 οὔτε
3474 5192 3583 5265 μὴν
3611 5195 3728 5245 υίο-

467 5273 750 5330 coactione
781 5291 849 5332 ac
872 5275 1070 5332 timore
1098 5295 1109 5330 :
1137 5292 1263 5331 nam
1300 5291 1480 5346 neque
1507 5275 1645 5332 liber
1673 5278 1899 5348 spiritus
1936 5278 2043 5333 illis

2155 5282 2359 5352 θεσίας,
2380 5285 2439 5339 τὸ
2474 5287 2530 5339 ὲν
2550 5287 2757 5352 αὐτοῖς,
2779 5286 2915 5341 ἀλλὰ
2938 5287 3181 5357 δουλείας
3197 5289 3276 5351 είς
3303 5286 3486 5355 φόϐον.
3514 5286 3731 5339 Καπνί-

468 5370 665 5433 inerat,
703 5374 883 5441 neque
935 5369 1263 5440 adoptionis,
1302 5367 1399 5423 sed
1441 5369 1727 5424 servitutis
1773 5369 1828 5423 in
1879 5370 2041 5425 timo-

2151 5375 2309 5440 ζεται
2348 5376 2404 5430 δὲ
2433 5376 2494 5430 τὸ
2523 5376 2648 5448 ὅρος
2682 5376 2773 5431 διὰ
2810 5378 2872 5430 τὸ
2917 5378 3354 5451 καταϐεϐηκέναι
3390 5377 3594 5448 Κύριον
3635 5376 3726 5429 ἐπ’

466 5478 601 5518 rem.
630 5461 895 5519 Fumabat
917 5473 1181 5536 praeterea
1203 5477 1380 5527 mons,
1403 5476 1470 5517 eo
1497 5462 1643 5533 quod
1668 5462 2042 5519 descendisset

2150 5467 2314 5523 αὑτὸν
2342 5469 2398 5520 ὲν
2424 5469 2591 5541 πυρί·
2625 5469 2718 5523 καὶ
2746 5469 2927 5538 τοῦτο,
2960 5466 3135 5541 οἶμαι,
3171 5470 3287 5523 ἐστὶ
3307 5469 3369 5522 τὸ
3393 5471 3451 5524 ὲν
3469 5469 3726 5539 Ψαλμοῖς

534 5647 579 5678 ⁸⁸
605 5647 776 5703 Exod.
804 5666 917 5715 xxx,
951 5650 1195 5705 l7-l9.”
1220 5651 1323 5706 Job
1348 5668 1400 5716 ν,
1454 5650 1540 5704 Η.
1613 5649 1659 5680 ⁸⁸
1687 5650 1831 5709 Psal.
1870 5666 1944 5715 γι,
1976 5649 2029 5704 4.
