3990 6196
335 260 442 322 ‘89

1043 268 1129 324 DE
1169 264 1609 326 ADORATIONE
1648 271 1717 327 IN
1759 266 2026 332 SPIRITU
2068 272 2156 332 ET
2196 271 2562 334 VERITATE.
2607 278 2734 334 LIB.
2776 276 2885 336 Vl].

3477 281 3584 342 690

336 380 701 452 Opvot'apevow
733 400 754 433 ι
791 383 900 436 Καὶ
927 383 1080 438 ἔθετο
1109 387 1298 452 σκότος
1319 389 1646 461 ἀποκρυφὴν
1666 391 1850 446 αὐτοῦ.

2012 413 2178 467 super
2215 414 2342 453 eum
2374 399 2638 453 Dominus
2673 399 2728 453 in
2764 400 2886 470 igne
2915 418 2926 452 :
2955 399 3140 468 idque,
3169 406 3230 453 ut
3257 400 3470 470 opinor,
3497 413 3584 457 est

336 475 756 545 Κατασημήνειε
782 475 827 527 δ’
853 474 920 528 ἂν
945 484 1040 531 καὶ
1067 479 1269 550 ἑτέρως
1291 483 1423 551 ἡμῖν
1447 482 1475 533 6
1504 483 1708 547 καπνὸς
1737 484 1796 536 τὸ
1819 486 1912 537 ὲπί

331 569 397 636 τῇ
443 568 847 639 καταφρονήσει
896 570 1070 640 πάντη
1120 588 1181 624 τε
1227 573 1321 625 καὶ
1385 573 1604 638 πάντως
1652 575 1910 646 ἐσόμενον

328 659 564 731 δάκρυον
580 679 592 692 ο
619 660 840 732 ἐξέρπει
861 662 970 734 γὰρ
990 663 1055 734 δὴ
1084 669 1202 729 ταῖς
1225 667 1319 720 τοῦ
1343 668 1554 722 καπνοῦ
1583 670 1909 739 προσϐολαῖς

327 752 362 822 ἡ
398 752 459 818 ἐξ
480 751 743 822 ὀμμάτων
775 753 966 823 ίκμάς.
998 755 1061 807 Ei
1088 755 1143 809 δὲ
1170 755 1413 826 βούλοιτό
1429 776 1513 823 τις
1541 762 1652 822 τοῖς
1681 777 1906 831 προκει-

327 842 518 914 μένοις
550 843 902 915 θεωρήμασιν
926 845 1208 899 ἐπιϐαλεῖν
1227 847 1452 919 ἐτέρως,
1483 851 1564 913 είς
1585 850 1677 903 τὸν
1699 850 1786 904 διά
1811 851 1904 903 τοῦ

323 933 497 1003 νόμου
526 933 805 1003 φωτισμὸν
845 934 1250 1004 καταλογιεῖται
1277 936 1339 989 τὸ
1367 937 1500 1010 πῦρ,
1537 939 1676 1010 πλὴν
1709 939 1906 1010 ἀχλύος

322 1024 389 1077 οὗ
421 1025 566 1094 δίχα·
597 1025 691 1078 καὶ
722 1025 830 1093 γάρ
845 1027 1010 1079 -ἐστιν
1036 1028 1278 1098 ἀμυδρὸς
1306 1029 1400 1082 καὶ
1425 1031 1640 1102 ἀσαφὴς
1663 1031 1692 1084 6
1717 1032 1901 1103 νόμος,

227 1105 232 1114 ’
322 1115 418 1167 καὶ
444 1116 506 1167 τὸ
537 1117 602 1167 ἐκ
656 1116 752 1169 τσῦ
785 1117 1114 1187 γράμματος
1160 1122 1552 1192 κατασκίασμα
1599 1125 1765 1194 παχὺ,
1810 1127 1904 1179 καὶ

318 1206 662 1260 καταθολοῦν
684 1209 870 1262 ίκανὸν
898 1209 988 1262 τὸν
1011 1211 1110 1279 τῆς
1135 1211 1373 1276 διανοίας
1397 1213 1693 1284 ὀφθαλμόν.
1733 1216 1902 1287 ’ἰσχυ-

317 1297 545 1368 ρότεραι
575 1297 631 1351 δὲ
674 1300 1070 1368 προϐαίνουσαι
1111 1301 1212 1372 τῆς
1247 1303 1548 1372 σάλπιγγος
1601 1305 1658 1359 αί
1702 1309 1896 1376 φωναί·

317 1389 498 1459 μικρά
534 1389 642 1460 γάρ
674 1384 742 1460 ἦν
777 1393 870 1442 καὶ
901 1391 1056 1462 μόλις
1081 1393 1492 1462 ἀναφωνοῦντος
1522 1394 1617 1448 τοῦ
1648 1397 1812 1467 νόμου
1841 1397 1901 1451 τὸ

314 1479 377 1531 ἐν
427 1480 646 1548 ἀρχαῖς.
692 1480 910 1551 Ἐπειδὴ
938 1481 996 1534 δὲ
1044 1481 1385 1556 προϐέϐηκεν
1413 1487 1442 1538 6
1470 1485 1626 1555 λόγος
1655 1489 1787 1558 ἡμῖν
1821 1489 1900 1551 είς

315 1571 604 1624 παίδευσιν
656 1571 1038 1644 εὐαγγελικὴν,
1085 1574 1491 1646 ἐπιλάμψαντος
1537 1577 1636 1632 τοῦ
1691 1579 1899 1649 Ἐμμαο

321 1663 503 1732 δουὴλ,
539 1662 885 1734 ἰσχυρότεραι
916 1664 1208 1732 γεγόνασιν
1246 1669 1302 1720 at
1331 1669 1506 1736 φωναί
1525 1687 1538 1700 ·
1572 1668 1897 1733 ἐξάκουστον

2013 489 2159 558 quod
2202 490 2258 544 in
2297 491 2526 544 Psalmis
2556 491 2773 545 canitur
2802 509 2813 543 :
2855 509 2872 540 ι
2905 490 2972 544 Ει
3002 491 3184 560 posuit
3217 492 3472 547 tenebras
3501 493 3583 547 la-

2013 582 2245 635 tibulum
2282 598 2443 637 suum
2468 583 2533 636 ⁸¹.
2569 602 2587 634 ι
2627 583 2804 637 Aliter
2834 597 3051 652 quoque
3086 582 3393 654 signiﬁcare
3425 583 3585 641 nobis

2009 673 2213 740 poterit
2248 673 2431 728 fumus
2470 674 2736 744 lacrymas
2779 674 2919 736 illas,
2954 683 3179 744 propter
3209 686 3581 746 contemptum

2009 747 2236 816 omnino
2265 761 2573 842 fund‘endas
2598 763 2811 818 :emuit
2841 764 2990 818 enim
3025 763 3093 818 ad
3127 765 3415 834 appulsum
3446 765 3581 822 fumi

2009 852 2099 908 ille
2122 868 2190 907 ex
2215 845 2642 908 oculis‘humor.
2670 855 2825 920 Quod
2857 855 2900 910 si
2932 856 3019 910 cui
3047 856 3335 926 placuerit,
3360 874 3481 926 quze
3514 860 3580 913 ad

2007 944 2489 1013 contemplandum
2541 945 2822 1014 pr0posita
2867 953 3015 1010 sunt,
3054 947 3212 1001 aliter
3254 949 3579 1021 intelligere.

2005 1035 2189 1106 ignem
2235 1036 2371 1107 legis
2418 1033 2876 1090 illuminationem
2924 1038 3186 1108 accipiet,
3237 1055 3347 1094 non
3398 1051 3581 1098 tamen

2004 1129 2122 1183 sine
2153 1129 2418 1200 caligine;
2453 1136 2539 1184 est
2567 1129 2714 1183 enim
2747 1129 3092 1186 tenebricosa
3120 1139 3175 1186 et
3206 1131 3438 1188 obscura
3470 1135 3578 1200 lex,

2002 1229 2058 1274 et
2101 1220 2192 1274 illa
2224 1220 2424 1276 litterae
2449 1220 2645 1275 umbra
2676 1220 2918 1286 densior,
2952 1230 3008 1278 et
3034 1237 3154 1291 qua
3179 1224 3379 1279 mentis
3406 1226 3582 1281 oculis

2003 1312 2260 1366 tenebras
2301 1313 2475 1382 possit
2515 1312 2822 1368 oﬂ’undere.
2866 1312 3078 1367 Sensim
3121 1319 3306 1368 autem
3349 1332 3578 1386 progre-

2002 1403 2217 1458 dientes
2237 1404 2582 1474 augebantur
2605 1405 2751 1459 tuba:
2772 1420 2936 1459 voces
2963 1423 2975 1458 :
3003 1421 3129 1459 nam
3157 1406 3226 1460 ab
3251 1406 3427 1472 initio,
3453 1423 3576 1461 cum

2000 1501 2222 1548 tenuem
2262 1494 2354 1547 vix
2389 1509 2579 1549 vocem
2621 1496 2899 1550 emitteret
2939 1496 3048 1560 lex,
3080 1496 3174 1550 ubi
3212 1496 3280 1550 ad
3318 1511 3420 1551 nos
3455 1513 3581 1566 pro-

2001 1584 2167 1638 cessit
2215 1583 2478 1648 Verbum,
2509 1592 2566 1638 et
2605 1583 2696 1638 ille
2748 1585 3069 1640 Emmanuel
3131 1586 3199 1640 ad
3257 1585 3573 1642 tradendam

1999 1673 2368 1742 evangelicam
2405 1673 2748 1743 disciplinam
2789 1674 3015 1737 aﬂ‘ulsit,
3049 1691 3212 1730 voces
3243 1675 3348 1730 illa:
3387 1677 3574 1730 valen-

313 1756 426 1825 γάρ
451 1772 503 1807 τι
533 1755 627 1810 καὶ
670 1756 832 1827 τορὸν
859 1757 1290 1828 ἁναπεφώνηκεν
1322 1760 1350 1811 6
1393 1758 1650 1828 Χριστὸς,
1692 1758 1788 1812 καὶ
1819 1761 1884 1822 είς

1999 1761 2168 1817 tiores
2206 1762 2361 1818 facta:
2401 1773 2529 1817 sunt
2562 1782 2573 1816 :
2601 1763 2763 1836 224
2801 1765 3008 1818 clarum
3043 1765 3190 1819 enim
3228 1765 3488 1834 quiddam
3519 1774 3574 1820 et

310 1848 498 1899 πᾶσαν
537 1847 638 1917 ἤδη
664 1847 850 1917 διῆκον
887 1847 987 1919 τὴν
1017 1847 1362 1920 οἰκουμένην.
1392 1849 1566 1903 Αὑτοῦ
1605 1849 1713 1919 γάρ
1751 1849 1896 1901 ἔστιν

311 1938 550 1992 ἀκοῦσαι
581 1939 831 2007 λέγοντος
857 1939 944 1993 διὰ
970 1941 1155 2012 φωνῆς
1179 1941 1273 1994 τοῦ
1297 1941 1461 1994 Δαϐίδ
1478 1957 1494 1972 ο
1531 1959 1550 1993 ι
1601 1941 1892 1995 Ἀκούσατε

307 2027 504 2092 ταῦτα,
535 2029 714 2082 πάντα
749 2028 815 2082 τά
840 2028 989 2101 ἔθνη·
1017 2029 1366 2096 ἐνωτίσασθε,
1398 2031 1598 2094 πάντες
1628 2032 1677 2083 οἱ
1713 2047 1894 2083 κατοι-

310 2119 540 2184 κοῦντες
588 2120 688 2192 τὴν
749 2121 1092 2192 οἰκουμένην.
1139 2140 1157 2172 ι
1215 2123 1408 2175 Καίτοι
1453 2122 1553 2194 τῆς
1588 2121 1683 2175 τοῦ
1727 2123 1891 2192 νόμον

308 2212 569 2282 τηνικάδε
601 2211 804 2281 φωνῆς,
839 2213 1066 2284 ἑτέρωθι
1108 2213 1208 2284 μὲν
1239 2213 1339 2268 οὐκ
1388 2213 1594 2284 ίούσης,
1625 2213 1747 2267 οῦτε
1784 2214 1893 2284 μὴν

310 2304 534 2356 ᾶπαντα
558 2304 1029 2376 μυσταγωγούσης
1061 2305 1131 2358 τὰ
1158 2305 1307 2377 ἔθνη,
1341 2307 1509 2377 μόνην
1542 2307 1598 2360 δὲ
1623 2305 1721 2377 τὴν
1760 2307 1890 2359 Ίουο

308 2392 475 2446 δαίων
515 2393 887 2465 περιηχούσης
931 2393 1134 2466 χώραν,
1188 2395 1283 2447 καὶ
1319 2393 1779 2465 παιδαγωγούσης
1831 2395 1888 2448 ἓν

308 2485 469 2553 γένος
492 2484 553 2538 τὸ
583 2487 642 2550 ἐξ
682 2487 917 2562 Ἰσραήλ.
962 2489 1121 2555 Ἀλλ’,
1169 2509 1187 2541 ι
1234 2489 1440 2547 Ἐλάλει
1489 2491 1607 2560 μὲν,
1639 2490 1825 2562 φησιν,
1863 2491 1892 2542 ὁ

307 2577 516 2647 Μωσῆς
536 2594 550 2608 ·
574 2579 602 2630 6
626 2578 683 2631 δὲ
717 2561 869 2643 Θεὸς,
891 2580 1218 2651 ἀπεκρίνετο
1234 2581 1382 2654 αὑτῷ
1409 2585 1584 2654 φωνῇ.
1619 2601 1636 2633 ι
1677 2561 1888 2652 Ἐξῆτει

311 2669 414 2740 μὲν
442 2669 554 2740 γὰρ
597 2670 674 2734 ὡς
712 2669 958 2736 διάκονος
985 2673 1078 2726 τὸν
1119 2674 1282 2745 νόμον
1325 2677 1353 2728 6
1381 2673 1608 2745 Μωσῆς,
1655 2676 1750 2729 καὶ
1782 2674 1889 2730 τῶν

310 2758 470 2813 θείων
514 2761 902 2833 θεσπισμάτων
939 2766 1166 2836 μεσίτης
1193 2766 1285 2820 καὶ
1315 2766 1588 2836 ὑπουργός
1617 2783 1629 2795 ο
1661 2767 1891 2838 ἁπεκρί-

309 2867 432 2904 νετο
464 2851 521 2904 δὲ
553 2853 684 2918 Θεὸς
705 2857 770 2926 τῇ
802 2854 908 2926 ἰδίᾳ
937 2859 1111 2928 φωνῇ,
1147 2857 1414 2923 τουτέστι,
1447 2858 1515 2911 δι’
1549 2857 1710 2923 Υἱοῦο,
1737 2858 1888 2930 φωνὴ

308 2943 419 3015 γὰρ
452 2945 548 2998 καὶ
575 2945 733 3016 λόγος
769 2946 865 3000 τοῦ
895 2947 1128 3018 Πατρὸς,
1165 2949 1194 3000 6
1220 2947 1368 3012 Υίός.
1424 2949 1516 3014 Ἐξ
1560 2949 1725 3004 αὐτοῦ
1763 2950 1820 3003 δὲ
1860 2951 1888 3002 6

307 3033 500 3107 νόμος,
536 3038 630 3092 καὶ
659 3040 709 3091 εί
740 3038 1031 3110 λελάληται
1076 3039 1141 3092 δι’
1192 3040 1474 3110 ἀγγέλων·
1527 3041 1678 3113 πάρα
1733 3039 1884 3111 γοῦν,

1997 1860 2219 1905 acutum
2261 1851 2505 1906 insonuit
2541 1851 2814 1917 Christus,
2841 1861 2897 1906 et
2937 1852 3084 1921 quod
3126 1861 3302 1907 totum
3332 1851 3446 1924 jam
3478 1869 3568 1908 or-

1997 1942 2121 1997 bem
2151 1952 2421 1998 terrarum
2457 1941 2780 2012 penetravit.
2815 1943 2998 2013 Ipsum
3031 1944 3178 1999 enim
3215 1945 3404 2000 audire
3442 1945 3572 2001 licet

1995 2035 2168 2090 David
2189 2051 2323 2090 voce
2347 2034 2619 2089 dicentem
2651 2052 2662 2088 :
2699 2053 2717 2085 ι
2746 2034 2944 2089 Audite
2969 2035 3104 2102 haec,
3130 2051 3320 2090 omnes
3351 2045 3569 2106 gentes;

1993 2121 2220 2176 auribus
2260 2119 2547 2190 percipite,
2580 2135 2772 2175 omnes
2807 2121 2901 2190 qui
2942 2120 3212 2176 habitatis
3235 2117 3426 2177 orbem
3450 2123 3516 2177 ".
3545 2140 3565 2176 ι

1992 2210 2158 2279 Atqui
2186 2225 2291 2263 vox
2317 2209 2453 2279 legis
2478 2223 2544 2262 eo
2568 2216 2814 2277 tempore
2847 2209 2977 2262 alibi
3009 2224 3115 2263 non
3151 2211 3570 2277 exaudiebatur,

1993 2315 2170 2368 neque
2199 2298 2484 2353 universas
2511 2301 2702 2368 gentes
2733 2296 2985 2363 docebat,
3010 2298 3105 2354 sed
3141 2301 3194 2354 in
3220 2302 3334 2355 sola
3359 2294 3574 2357 Iudaeo-

1993 2408 2114 2446 rum
2148 2391 2370 2462 regione
2401 2389 2714 2455 resonabat,
2739 2398 2795 2444 et
2821 2405 2982 2444 unam
3006 2391 3219 2446 lsraclis
3243 2402 3458 2462 gentem
3490 2388 3570 2448 iu-

1991 2483 2270 2539 stituebat.
2307 2481 2412 2538 Sed
2461 2501 2479 2533 (
2511 2477 2883 2552 Loquebatur,
2910 2482 3106 2552 inquit,
3151 2481 3387 2554 Moyses;
3425 2481 3574 2540 Deus

1989 2592 2121 2631 vero
2173 2574 2538 2646 respondebat
2583 2574 2686 2644 ipsi
2729 2589 2863 2630 voce
2895 2574 2960 2628 ⁸³.
2995 2593 3014 2627 ›
3045 2575 3254 2646 Moyses
3283 2576 3430 2630 enim
3451 2617 3465 2642 ,
3510 2586 3571 2632 ut

1990 2668 2263 2732 minister,
2301 2676 2358 2722 et
2397 2667 2715 2722 divinorum
2757 2676 3158 2736 praeceptorum
3203 2668 3478 2738 interpres
3515 2679 3572 2724 et

1990 2760 2462 2826 subministrator,
2499 2760 2674 2829 legem
2698 2758 3017 2827 expetebat;
3065 2759 3434 2828 respondebat
3469 2776 3570 2816 au-

1991 2861 2101 2908 tem
2150 2852 2295 2907 Deus
2329 2867 2426 2906 sua
2461 2866 2617 2914 voce,
2664 2850 2720 2904 id
2757 2857 2842 2906 est
2872 2865 2972 2921 per
3003 2848 3203 2904 Filium
3239 2865 3252 2904 :
3287 2864 3393 2906 vox
3422 2853 3568 2909 enim

1989 2953 2045 3000 et
2066 2944 2299 3000 verbum
2332 2944 2510 2999 Patris
2531 2952 2616 2999 est
2642 2941 2814 2999 Filius
2840 2963 2853 2999 :
2882 2959 2949 2999 ex
2979 2944 3098 3015 ipso
3129 2952 3314 3000 autem
3343 2956 3569 3002 auctore

1989 3034 2076 3092 lex
2115 3035 2384 3109 originem
2413 3037 2628 3102 habuit,
2654 3038 2757 3094 etsi
2784 3054 2883 3108 per
2919 3038 3144 3109 angelos
3173 3038 3320 3095 dicta
3345 3049 3462 3107 est;
3497 3041 3567 3096 li-

305 3128 468 3199 εῐπερ
499 3127 672 3180 ἐλοιτό
699 3145 803 3193 τις,
833 3129 1050 3182 ἐπαΐειν
1083 3129 1332 3197 λέγοντος
1357 3131 1623 3203 ἐναργῶς·
1659 3153 1676 3184 ι
1713 3133 1884 3198 Αὐτὸς

1987 3135 2077 3182 cet
2107 3135 2278 3191 certe,
2307 3125 2452 3182 sicut
2488 3127 2704 3181 libitum
2733 3126 2919 3194 fuerit,
2954 3127 3132 3198 ipsum
3162 3131 3456 3201 perspicue
3479 3131 3568 3186 di—

303 3221 338 3274 6
361 3219 562 3284 λαλῶν,
598 3219 850 3291 πάρειμι.
869 3238 887 3270 ι
917 3219 1054 3283 Καὶ,
1089 3239 1107 3272 ι
1142 3221 1257 3275 Οὐκ
1283 3216 1446 3292 ἦλθον
1467 3221 1766 3278 καταλῦσαι
1789 3224 1881 3277 τὸν

301 3312 470 3383 νόμον
501 3311 537 3382 ἢ
566 3313 694 3376 τοὺς
717 3314 1025 3382 προφήτας,
1055 3311 1192 3365 ἀλλά
1235 3313 1522 3383 πληρῶσαι
1543 3331 1557 3345 ο
1587 3314 1732 3382 λέγω
1773 3315 1878 3386 γάρ

303 3406 456 3477 ὑμῖν,
483 3405 590 3468 ἐως
613 3405 680 3459 ἂν
709 3403 952 3476 παρέλθῃ
983 3406 1012 3457 6
1049 3403 1278 3476 οὐρανὸς
1306 3406 1405 3460 καὶ
1436 3407 1470 3475 ἠ
1503 3407 1596 3474 γῆ,
1630 3406 1764 3460 ἰῶτα
1795 3406 1878 3470 ἓν,

300 3495 337 3566 ἢ
383 3497 486 3568 μία
519 3497 717 3569 κεραία
745 3497 806 3550 οὑ
837 3497 912 3569 μὴ
951 3497 1196 3570 παρέλθῃ
1221 3499 1330 3553 ἀπὸ
1355 3498 1449 3552 τοῦ
1479 3498 1644 3569 νόμου
1673 3498 1778 3562 ἕως
1812 3497 1880 3552 ἂν

301 3587 484 3642 πάντα
508 3588 752 3659 γένηται.
795 3589 855 3643 '0
891 3589 1121 3660 οὐρανὸς
1151 3590 1246 3643 καὶ
1283 3591 1317 3661 ὴ
1341 3589 1414 3660 γῆ
1458 3587 1877 3659 παρελεύσεται,

299 3678 352 3733 ot
373 3679 432 3733 δέ
457 3678 610 3747 λόγοι
636 3696 740 3750 μου
757 3680 816 3732 οὐ
844 3679 921 3750 μὴ
947 3679 1280 3752 παρέλθωσι.
1307 3698 1325 3730 ι
1349 3680 1557 3746 Λόγους
1573 3678 1666 3735 οὖν
1687 3680 1874 3747 ίδίους,

297 3772 392 3826 τὸν
419 3773 585 3844 νόμον
613 3772 898 3826 ἀποκαλιῖο
935 3773 1084 3843 φωνὴ
1107 3772 1216 3844 γὰρ
1241 3774 1404 3828 αὑτὸν
1424 3773 1686 3842 λελάληκε
1713 3773 1873 3839 Θεοῦ,

298 3863 556 3936 καθάπερ
595 3863 731 3934 ἔφην
761 3864 983 3936 ἀρτίως,
1015 3864 1292 3918 τουτέστιν
1315 3867 1343 3918 6
1383 3864 1529 3928 Υίός.
1587 3864 1727 3918 Εἶτά
1772 3851 1878 3935 φηέ

299 3972 407 4019 σιν,
440 3957 523 4010 ὅτι
559 3975 580 4008 ι
611 3955 1001 4026 Καταϐέϐηκεν
1016 3958 1045 4010 ὁ
1069 3954 1276 4027 Κύριος
1293 3956 1388 4010 ἐπὶ
1409 3952 1468 4010 τὸ
1486 3955 1611 4028 ὅρος
1637 3957 1700 4009 τὸ
1723 3957 1873 4021 Σινᾶ,

297 4048 391 4100 ἐπὶ
420 4047 520 4118 τὴν
549 4047 792 4118 κορυφὴν
818 4047 910 4100 τοῦ
941 4048 1124 4120 ὅρους,
1154 4045 1250 4102 καὶ
1279 4047 1506 4103 ἐκάλεσε
1549 4047 1752 4117 Κύριος
1784 4049 1875 4102 τὸν

297 4137 504 4206 Μωσῆν
531 4137 624 4189 ἐπὶ
637 4137 734 4207 τὴν
747 4136 990 4210 κορυφὴν
1009 4137 1102 4190 τοῦ
1126 4135 1306 4207 ὅρους,
1332 4139 1424 4191 καὶ
1447 4138 1618 4205 ἀνέϐη
1643 4139 1869 4210 Μωσῆς.

299 4227 408 4282 Καὶ
436 4225 592 4280 εἶπεν
611 4229 639 4280 6
667 4226 798 4290 Θεὸς
821 4228 956 4298 πρὸς
985 4228 1193 4298 Μωσῆν
1223 4227 1396 4296 λέγων
1417 4244 1432 4259 ο
1463 4228 1724 4293 Καταϐἀς
1751 4229 1872 4282 δια-

301 4318 580 4389 μάρτυραι
619 4319 696 4390 τῷ
741 4318 858 4390 λαῷ
905 4321 1116 4391 μήποτε
1155 4321 1414 4389 ἐγγίσωσι
1456 4321 1590 4391 πρὸς
1620 4323 1712 4376 τὸν
1739 4323 1871 4377 Θεὸν

296 4411 654 4482 κατανοῆσαι,
680 4411 774 4464 καὶ
798 4411 938 4482 πέσῃ
970 4410 1030 4476 ἐξ
1059 4410 1237 4464 αὐτῶν
1266 4410 1468 4482 πλῆθος
1485 4428 1500 4442 ο
1526 4411 1623 4464 καὶ
1639 4413 1688 4464 οί
1706 4415 1868 4484 ἱερεῖς

293 4503 343 4554 οί
376 4501 690 4569 ἐγγίζοντες
722 4503 912 4574 Κυρίῳ
941 4501 1018 4572 τῷ
1047 4501 1164 4573 Θεῷ
1195 4503 1640 4575 ἀγιασθήτωσαν,
1663 4507 1870 4576 μήποτε

295 4593 584 4666 ἀπαλλάξῃ
609 4595 704 4646 ἀπ’
731 4592 910 4646 αὐτῶν
937 4592 1162 4664 Κύριος.
1205 4613 1225 4646 ι
1263 4593 1524 4662 Κάτεισιν
1543 4598 1624 4658 εἰς
1657 4595 1714 4648 τὸ
1744 4595 1868 4666 ὄρος

293 4683 322 4734 6
347 4683 490 4754 ὑπὲρ
521 4684 740 4736 πάντων
767 4683 918 4747 Θεὸς,
945 4679 1066 4738 εἶτα
1089 4683 1426 4756 κεκλημένος
1451 4686 1658 4740 ἄνεισιν
1686 4687 1715 4739 6
1740 4687 1869 4739 Μω-

297 4775 413 4844 σῆς.
439 4775 517 4828 Οὐ
546 4775 657 4848 γάρ
678 4777 792 4828 ἐστι
813 4774 923 4828 τῶν
961 4776 1326 4846 ἐνδεχομένων
1363 4777 1579 4846 ίσχύσαι
1614 4777 1764 4840 τινάς
1789 4783 1870 4840 εἰς

295 4867 360 4918 τά
384 4865 485 4936 τῆς
513 4865 748 4936 ἀληθοῦς
768 4867 1022 4931 θεοπτίας
1055 4866 1430 4939 ἀναθρώσκειν
1465 4867 1753 4938 ὑψώματα,
1791 4868 1868 4938 μὴ

293 4959 410 5030 οὐχὶ
441 4959 700 5021 καθέντος
732 4960 927 5014 ἐαυτὸν
955 4959 1048 5012 τοῦ
1087 4959 1242 5025 Θεοῦ,
1291 4961 1386 5013 καὶ
1424 4963 1542 5022 ταῖς
1572 4959 1867 5029 ἡμετέραις

292 5049 549 5114 διανοίαις
577 5050 832 5120 προσιτὸν
861 5049 1113 5120 γενέσθαι
1145 5050 1678 5122 παρασκευάζοντος
1701 5049 1866 5103 αὐτοῦ

292 5143 349 5196 δέ
395 5141 690 5205 καλοῦντος
735 5142 928 5215 ἄνιμεν
967 5140 1110 5196 οῦτω
1160 5141 1310 5211 μόλις
1351 5144 1431 5206 είς
1473 5140 1731 5216 ὑπερφυᾶ
1775 5141 1868 5197 καὶ

291 5233 634 5306 ἐξῃρημένην
671 5236 832 5289 οίονεὶ
864 5235 1130 5306 κορυφὴν,
1164 5233 1262 5299 τὴν
1302 5235 1430 5304 περὶ
1475 5235 1641 5288 αὐτοῦ
1669 5234 1871 5304 γνῶσιν

289 5324 478 5398 ἀληθῆ.
545 5327 684 5400 ὅπερ
739 5326 949 5380 ἐποίσει
993 5323 1249 5396 Χριστὸς,
1295 5321 1699 5377 ἀποκαλύπτων
1738 5325 1868 5394 ἡμῖν

287 5421 380 5472 τὸν
426 5420 650 5491 Πατέρα
699 5421 794 5474 καὶ
842 5420 996 5484 Θεὸν,
1046 5418 1143 5472 καὶ
1179 5415 1399 5482 ἀστιϐὲς
1447 5418 1547 5488 μὲν
1583 5412 1718 5479 τοῖς’
1744 5417 1868 5482 άγε⁶

287 5507 457 5575 λαίοις
497 5511 560 5564 τὸ
592 5513 717 5584 δρος
764 5511 1092 5584 (ἀνέμϐατός
1126 5509 1236 5581 γὰρ
1281 5510 1396 5572 τοῖς
1441 5507 1656 5572 πολλοῖς
1703 5507 1866 5579 ἠτῆς

361 5624 405 5656 ⁸⁸
449 5623 593 5678 Psal.
613 5639 740 5687 xvn,
769 5623 858 5678 12.
933 5623 980 5654 ⁸³
1007 5623 1154 5679 Psal.
1177 5639 1363 5689 xavm,
1387 5623 1440 5678 2.
1537 5621 1583 5656 ⁸³
1606 5621 1778 5680 Exod.
1819 5637 1884 5680 xr.

1993 5621 2046 5676 9.
2121 5618 2166 5650 “
2193 5616 2301 5672 Isa.
2339 5632 2431 5682 LII,
2455 5617 2508 5671 6.

290 5706 401 5758 nx,
435 5691 627 5748 20-22.

604 5785 876 5847 ΡΑτιιυι..
915 5785 1032 5845 Gn.
1083 5783 1346 5844 LXVIII.

1988 3226 2203 3272 centem
2243 3218 2434 3273 audire
2471 3237 2484 3272 :
2527 3237 2544 3269 ε
2580 3214 2721 3289 Ipse,
2761 3220 2858 3290 qui
2899 3220 3186 3290 loquebar,
3228 3223 3419 3278 adsum
3442 3223 3509 3279 “.
3539 3243 3559 3277 ι

1988 3307 2057 3361 Ει
2085 3325 2097 3359 :
2131 3325 2148 3358 ι
2178 3306 2300 3361 Non
2338 3307 2465 3362 veni
2520 3307 2734 3362 solvere
2776 3308 2973 3379 legem,
3009 3310 3105 3364 sed
3139 3309 3406 3382 implere:
3440 3313 3569 3372 dico

1987 3399 2137 3454 enim
2179 3399 2357 3465 vobis,
2398 3400 2576 3456 denec
2620 3409 2863 3457 transeat
2908 3403 3108 3458 coelum
3151 3413 3208 3460 et
3245 3415 3414 3472 terra,
3454 3409 3566 3466 iota

1987 3505 2181 3556 unum,
2209 3497 2306 3546 aut
2341 3507 2485 3547 unus
2519 3505 2658 3563 apex
2694 3509 2803 3548 non
2829 3492 3135 3564 praeteribit
3157 3512 3187 3552 a
3213 3498 3352 3570 lege,
3390 3499 3569 3559 donec

1986 3583 2171 3638 omnia
2212 3581 2364 3638 ﬂant.
2399 3582 2610 3640 Ctelum
2641 3591 2698 3640 et
2725 3585 2871 3641 lerra
2898 3587 3232 3656 transibunt,
3263 3591 3432 3647 verba
3462 3608 3566 3648 au-

1985 3680 2095 3729 tem
2129 3690 2251 3731 mea
2279 3691 2392 3731 non
2425 3675 2739 3733 transibunt
2765 3678 2832 3733 ⁶⁸.
2866 3699 2883 3731 ι
2919 3672 3029 3736 Sua
3065 3680 3249 3753 itaque
3277 3684 3446 3740 verba
3480 3685 3562 3740 le-

1984 3782 2106 3838 gem
2149 3768 2389 3838 appellat
2424 3784 2436 3822 :
2469 3783 2573 3824 vox
2609 3769 2759 3825 enim
2799 3764 2897 3826 Dei
2946 3766 3093 3827 illam
3134 3775 3468 3843 enuntiavit,
3503 3785 3565 3832 ut

1984 3860 2150 3916 modo
2193 3859 2334 3928 dixi;
2378 3861 2426 3916 is
2462 3863 2548 3918 est
2587 3862 2733 3917 enim
2804 3863 3070 3920 nimirum
3115 3866 3307 3924 Filius.
3354 3868 3562 3924 Deinde

1984 3945 2161 4021 inquit
2191 3969 2204 4006 :
2248 3971 2266 4002 (
2302 3950 2595 4009 Descendit
2627 3953 2893 4009 Dominus
2933 3970 3100 4026 super
3138 3964 3379 4012 montem
3408 3957 3558 4022 Sina,

1982 4057 2149 4112 super
2180 4040 2444 4099 verticem
2489 4044 2716 4109 montis,
2745 4051 2802 4099 et
2835 4047 3054 4100 ‘vocavit
3091 4047 3310 4119 Moysen
3338 4048 3407 4104 ad
3429 4065 3557 4104 ver-

1982 4130 2146 4187 ticem
2169 4133 2398 4198 montis;
2425 4142 2482 4188 et
2507 4134 2755 4190 ascendit
2780 4132 3011 4206 Moyses,
3031 4146 3088 4191 et
3107 4137 3324 4193 locutus
3347 4147 3432 4195 est
3453 4141 3558 4196 Do.

1979 4222 2164 4277 minus
2197 4222 2266 4277 ad
2300 4222 2538 4294 Moysen,
2593 4223 2822 4278 dicens:
2877 4224 3227 4282 Descendens
3262 4228 3557 4286 testiﬁcare

1978 4315 2204 4386 populo,
2226 4330 2294 4369 ne
2319 4313 2457 4369 forte
2480 4310 2745 4370 accedant
2768 4315 2834 4369 ad
2858 4315 3156 4372 videndum
3178 4319 3374 4388 Deum,
3391 4329 3447 4377 et
3468 4331 3558 4379 ca-

1977 4405 2071 4460 dat
2097 4423 2166 4461 ex
2191 4406 2325 4477 ipsis
2347 4406 2676 4471 multitudo;
2709 4415 2763 4462 et
2787 4408 3119 4474 sacerdotes,
3153 4410 3246 4480 qui
3285 4413 3556 4470 accedunt

1906 4471 1952 4530 D
1977 4499 2046 4554 ad
2063 4471 2377 4564 Domi-num,
2397 4497 2830 4564 sanctiﬁcentur,
2847 4515 2914 4554 ne
2931 4499 3069 4555 forte
3090 4471 3310 4557 recedat
3332 4504 3401 4558 ab
3422 4504 3560 4576 ipsis'

1977 4591 2240 4647 Dominus
2256 4591 2321 4646 “.
2354 4612 2371 4642 ι
2406 4590 2697 4646 Descendit
2721 4590 2777 4646 in
2800 4601 3041 4648 montem
3069 4593 3158 4650 ille
3183 4610 3348 4666 super
3369 4598 3554 4670 omnia

1974 4680 2155 4749 Deus;
2184 4682 2380 4738 deinde
2403 4689 2629 4737 vocatus
2659 4682 2909 4738 ascendit
2935 4683 3162 4755 Moyses.
3192 4686 3380 4758 Neque
3403 4690 3553 4744 enim

1974 4776 2244 4845 contingit
2266 4782 2324 4828 ut
2344 4773 2411 4828 ad
2436 4774 2831 4831 sublimitatem
2854 4791 2998 4831 verae
3021 4776 3115 4833 Dei
3136 4781 3555 4850 contemplatio-

1973 4867 2062 4919 nis
2088 4867 2260 4934 possit
2284 4881 2341 4921 se
2365 4867 2653 4937 quisquam
2677 4870 2949 4936 attollere,
2981 4872 3086 4926 nisi
3113 4873 3354 4943 seipsum
3379 4873 3553 4928 demi-

1971 4955 2284 5018 seritDcus,
2307 4964 2363 5011 et
2384 4953 2458 5011 ita
2483 4973 2539 5012 se
2562 4961 3078 5026 aceommodaverit,
3105 4973 3165 5018 ut
3196 4965 3263 5020 ad
3295 4981 3421 5022 eum
3452 4981 3552 5023 ιιοιέ

1975 5055 2099 5103 stra:
2123 5055 2336 5104 mentes
2357 5048 2568 5118 possint
2592 5049 2881 5118 accedere;
2912 5053 3030 5123 ipso
3052 5063 3235 5110 autem
3259 5068 3546 5125 evocante,

1973 5139 2064 5194 vix
2111 5139 2332 5224 tandem
2380 5139 2450 5195 ad
2499 5156 2770 5198 summum
2815 5145 2968 5199 illum
2997 5154 3053 5201 et
3083 5148 3361 5205 excelsum
3392 5152 3548 5222 quasi

1970 5232 2258 5296 verticem,
2284 5230 2460 5303 ipsius
2489 5248 2682 5304 nempe
2714 5251 2902 5291 veram
2931 5240 3318 5309 cognitionem,
3353 5257 3546 5298 ascen-
3648 5245 3651 5248 ’

1969 5321 2178 5389 dimus;
2217 5323 2364 5393 quod
2400 5323 2577 5395 ipsum
2609 5323 2864 5383 Christus
2905 5327 3055 5395 fecit,
3085 5347 3208 5386 cum
3241 5333 3454 5387 Patrem
3482 5343 3548 5385 ac

1968 5413 2140 5471 Deum
2180 5414 2338 5470 nobis
2382 5416 2664 5470 revelavit.
2701 5417 2769 5472 Et
2805 5433 2834 5472 a
2873 5421 3140 5492 gregariis
3181 5422 3403 5492 quidem
3443 5420 3545 5475 ho-

1967 5505 2211 5561 minibus
2247 5519 2408 5560 mons
2431 5505 2573 5560 adiri
2599 5521 2706 5562 non
2740 5516 2955 5578 potest;
2985 5511 3261 5566 inaccessa
3288 5519 3372 5565 est
3395 5512 3543 5565 enim

2593 5619 2636 5650 "
2671 5618 2860 5673 Matth.
2913 5637 2967 5687 v,
2997 5622 3082 5687 l7,
3119 5622 3202 5677 18.
3300 5625 3344 5656 ⁸⁸
3368 5623 3542 5684 Exod.

3035 5787 3187 5850 ’ίὸ
