3990 6196
419 245 534 308 ³1⁵91

1441 253 1506 313 '5.
1546 254 1818 312 CYBILLI
1858 249 2328 316 ALEXANDRINI
2363 255 2681 316 ARCH'IEP.

3588 255 3691 313 ιω

434 372 599 444 vulgo
625 368 772 426 illius
805 382 1076 439 supremae
1104 366 1431 438 cognitionis
1455 371 1651 437 gratia,
1677 371 1854 442 iisque
1879 371 2008 428 solis

2115 373 2254 443 ἄγαν
2292 375 2623 450 ὑπερτενοῦς
2654 372 2907 445 γνώσεως
2970 374 3187 447 χάρις),
3237 374 3469 446 βάσιμος
3507 375 3569 430 ’δὲ
3597 379 3688 449 μό·

432 467 644 540 pervia,
661 465 756 536 qui
775 480 874 534 per
893 464 1040 517 illam
1066 461 1279 533 ingredi
1302 462 1511 529 sciunt;
1539 467 1649 518 imo
1673 466 1835 537 225
1857 483 2007 533 vero,

433 562 528 632 qui
565 560 633 614 ad
668 572 790 613 eam
832 570 948 610 rem
984 563 1114 610 sunt
1141 571 1172 610 a
1200 554 1312 609 Deo
1335 559 1543 624 vocati,
1570 558 1714 613 sicut
1746 559 1852 614 fuit
1882 574 2011 631 pro-

432 652 520 707 cul
546 649 716 705 dubio
738 647 969 720 Moyses.
997 645 1054 702 Si
1087 647 1213 716 quis
1250 646 1418 716 igitur
1442 655 1526 702 est
1554 646 1729 703 ﬁdelis
1755 665 1819 705 ac
1846 665 2014 705 verus

430 757 625 797 servus
664 741 718 802 in
759 737 923 794 domo
966 739 1084 805 Dei,
1115 737 1162 794 is
1205 754 1446 810 quoque,
1481 739 1625 794 sicut
1662 740 1776 807 ille,
1803 741 2014 798 eiectus

429 834 538 889 erit
569 840 625 890 et
653 843 834 903 aptus,
869 833 962 904 qui
998 832 1247 902 proxime
1281 833 1507 888 accedat
1535 832 1603 887 ad
1629 833 1833 900 Deum,
1863 833 2012 904 quod

427 927 498 983 ad
535 925 988 981 sanctiﬁcationis
1029 933 1194 995 atque
1232 926 1560 997 cognitionis
1586 925 1810 981 modum
1836 927 2012 997 perti-

429 1026 541 1070 net.
595 1016 708 1071 Hac
751 1031 991 1085 namque
1028 1016 1242 1070 ratione
1291 1016 1456 1072 simul
1502 1031 1628 1070 cum
1669 1032 1737 1073 eo
1778 1018 2010 1083 erimus,

429 1108 688 1163 dicente:
727 1126 744 1158 ι
776 1107 1024 1162 Tu'vero
1061 1114 1144 1163 sta
1187 1107 1281 1162 hic
1321 1121 1535 1163 mecum
1562 1109 1628 1161 ⁸⁷.
1661 1127 1680 1160 ι
1728 1108 1837 1164 Eos
1870 1126 2011 1179 quo-

430 1217 558 1272 que,
588 1201 681 1271 qui
709 1199 1021 1256 sacerdotio
1045 1208 1173 1255 sunt
1200 1201 1462 1272 insignes,
1491 1203 1711 1272 purgari
1741 1203 2009 1273 praecipit,

429 1295 620 1349 dicens
649 1312 661 1347 :
697 1312 714 1344 ‹
744 1293 822 1347 Ne
859 1291 999 1347 forte
1035 1292 1259 1346 recedat
1292 1293 1360 1347 ab
1403 1294 1483 1348 eis
1519 1289 1803 1349 Dominus.
1839 1314 1856 1346 ι
1899 1295 2010 1350 Lu~

430 1386 645 1441 bricum
666 1393 751 1440 est
772 1385 919 1440 enim
947 1383 1239 1440 sacerdotii
1267 1399 1497 1451 munus,
1539 1401 1720 1456 neque
1760 1387 1954 1457 procul
1981 1403 2013 1443 a

429 1477 712 1547 periculis,
741 1477 851 1531 imo
875 1491 1008 1530 vero
1042 1477 1211 1530 etiam
1243 1476 1577 1546 proximum,
1604 1477 1709 1533 nisi
1741 1477 1822 1534 illi
1853 1478 2012 1549 plane

430 1568 572 1624 adsit
606 1569 734 1622 vitae
757 1567 1054 1637 integritas
1078 1581 1095 1620 ἐ
1125 1575 1343 1622 sanctos
1371 1567 1519 1623 enim
1555 1585 1676 1625 esse
1713 1570 1893 1636 decet,
1918 1571 2012 1640 qui

421 1659 540 1716 ‘Dco
570 1661 817 1715 omnium
857 1660 1207 1716 sanctissimo
1244 1662 1455 1716 cultum
1486 1663 1770 1718 exhibent.
1803 1663 2012 1720 Deinde

418 1753 504 1806 ait
531 1771 544 1806 :
579 1772 597 1803 ι
629 1753 699 1807 Ει
735 1752 874 1806 dixit
904 1753 1170 1807 Dominus
1196 1753 1399 1825 Moysi:
1431 1753 1602 1818 Vade,
1631 1755 1926 1822 descende,
1954 1763 2012 1812 et

426 1844 664 1901 ascende
693 1853 752 1900 tu
790 1854 847 1899 ct
873 1844 1057 1900 Aaron
1086 1853 1297 1912 tecum;
1327 1845 1644 1901 sacerdotes
1667 1863 1800 1902 vero
1821 1863 1884 1904 ac
1908 1865 2009 1919 po-

426 1937 591 2007 pulus
635 1953 703 1992 ne
749 1943 1022 1991 conentur
1066 1937 1365 1993 ascendere
1415 1938 1483 1992 ad
1525 1935 1719 2006 Deum,
1755 1955 1825 1996 nc
1867 1940 2010 1998 forte

425 2030 619 2101 perdat
653 2045 722 2084 ex
763 2029 845 2084 eis
879 2030 1148 2084 Dominus
1171 2029 1236 2083 ⁸⁸.
1271 2048 1288 2082 ι
1335 2029 1598 2085 Ascendit
1644 2031 1875 2104 Moyses,
1912 2033 2008 2090 sed

425 2137 538 2177 non
572 2121 692 2177 sine
721 2120 926 2186 Aaron,
953 2121 1048 2191 qui
1085 2120 1315 2193 ﬁguram
1350 2121 1558 2178 Christi
1592 2124 1835 2180 tenebat.
1873 2125 2010 2180 Nam

425 2215 513 2269 lex
548 2215 607 2270 in
639 2213 860 2270 Christo
907 2214 1251 2270 honorabilis
1295 2222 1400 2281 est,
1429 2225 1485 2271 et
1526 2224 1782 2285 tanquam
1822 2224 2010 2273 sancta

407 2322 525 2378 mer
569 2307 724 2363 illum
760 2306 1130 2378 prope’Deum
1167 2316 1371 2363 etcum
1396 2308 1508 2363 Deo
1534 2316 1619 2364 est
1645 2310 1710 2363 ιθ.
1745 2309 2011 2364 Praedicat

410 2400 573 2456 renim
605 2401 723 2471 ipsa
763 2416 984 2471 quoque
1019 2401 1328 2470 principem
1365 2400 1519 2455 illum
1556 2400 1927 2466 sacerdotum,
1955 2408 2011 2455 et

424 2494 737 2566 apostolum
774 2493 1141 2548 confessionis
1175 2501 1378 2548 nostrae
1415 2492 1721 2549 secundum
1756 2492 2009 2562 Scriptu-

424 2601 533 2643 ras.
570 2587 653 2643 Sit
688 2587 855 2657 igitur
885 2587 971 2640 lex
993 2584 1217 2641 Christo
1248 2601 1350 2654 per
1386 2585 1727 2655 spiritualem
1760 2593 2007 2640 contem-

421 2680 724 2750 plationem
747 2679 1023 2750 adjuncta.
1046 2677 1180 2734 Nam
1203 2678 1373 2752 Moysi
1390 2679 1599 2734 dictum
1622 2688 1737 2735 est:
1766 2699 1784 2730 ι
1807 2679 2010 2736 Ascen-

419 2770 492 2826 de
526 2778 585 2824 tu
608 2778 666 2827 et
687 2770 890 2827 Aaron.
926 2789 945 2821 ι
982 2800 1054 2812 -
1085 2790 1103 2821 ι
1132 2767 1264 2836 Qum
1308 2770 1478 2841 igitur
1514 2771 1660 2826 Deus
1703 2769 2005 2841 conjunxit,

414 2861 588 2917 rbomo
612 2875 720 2915 non
745 2859 1025 2930 separet'o
1043 2900 1057 2925 ,
1091 2879 1109 2912 ›
1139 2859 1318 2932 legem
1343 2859 1412 2915 ab
1435 2876 1500 2915 ea
1523 2860 2005 2930 contemplatione,

413 2965 542 3021 qum
570 2951 627 3006 in
655 2950 877 3006 Christo
903 2958 1009 3016 est,
1046 2951 1372 3024 abjungens,
1399 2951 1530 3007 dum
1556 2951 1658 3006 soli
1684 2951 2010 3006 adhaerescit

2040 1717 2088 1780 Β

2115 483 2226 532 νοις
2275 471 2388 534 τοῖς
2442 469 2608 522 εἰδόσι
2643 468 2971 537 διαστείχειν
3021 467 3211 538 αὑτὴν,
3262 466 3464 537 μᾶλλον
3495 467 3553 520 δὲ
3598 474 3690 523 καὶ

2112 560 2194 623 είς
2239 560 2396 614 τοῦτο
2440 561 2802 631 κεκλημένοις
2849 559 2998 632 παρά
3050 559 3219 625 Θεοῦ,
3273 559 3524 631 καθάπερ
3556 562 3691 632 ἀμὲ-

2111 650 2192 703 λει
2215 651 2308 706 καὶ
2331 653 2556 724 Μωσῆς.
2593 651 2662 707 Et
2683 669 2766 716 τις
2795 647 2888 706 οῦν
2925 652 3034 724 ἄρα
3068 652 3184 705 ἐστὶ
3232 651 3420 716 πιστὸς
3451 655 3546 706 καὶ
3565 657 3693 727 γνή-

2114 761 2228 807 σιος
2277 745 2335 798 tv
2381 743 2517 816 οἴκῳ
2554 744 2727 810 Θεοῦ,
2778 744 2930 800 ἔσται
2976 747 3074 800 καὶ
3121 745 3286 809 αὐτὸς
3328 747 3450 800 κατ’
3489 748 3693 801 ἐκεῖνον

2111 834 2484 906 ἐξειλεγμένος
2513 836 2608 900 καὶ
2629 837 2956 906 ἐπιτηδείως
2982 835 3121 908 ἔχων
3144 838 3223 900 εἰς
3252 834 3314 888 τὸ
3337 835 3509 907 ἀγχοῦ
3538 837 3692 904 γενέ-

2114 926 2237 980 σθαι
2270 925 2426 994 Θεοῦ,
2460 928 2603 981 κατά
2626 944 2691 997 γε
2713 927 2804 983 τὸν
2837 930 2896 982 ἐν
2926 927 3184 998 ἁγιασμῷ
3223 929 3316 982 καὶ
3343 929 3546 1000 είδήσει
3572 930 3694 1000 τρό-

2113 1033 2234 1070 πον.
2277 1016 2623 1088 Συνεσόμεθα
2679 1017 2789 1090 γὰρ
2836 1017 3011 1083 οὕτως
3057 1017 3205 1090 αὑτῷ
3242 1017 3476 1088 λέγοντι·
3537 1042 3558 1076 ε
3617 1023 3689 1076 Σὺ

2111 1107 2168 1162 δὲ
2215 1109 2380 1164 αὑτοῦ
2422 1110 2576 1182 στῆθι
2631 1113 2750 1182 μετ’
2794 1112 2952 1183 ἐμοῦ.
3002 1131 3020 1164 ι
3086 1112 3580 1184 Ἀποκαθαίρεσθαι
3634 1114 3690 1169 δὲ

2111 1202 2220 1256 δεῖν
2256 1205 2383 1267 τοὺς
2427 1203 2695 1276 ἱερωσύνῃ
2741 1205 3222 1276 κατεστεμμένους
3263 1209 3557 1278 παρεγγυᾷ
3599 1207 3688 1259 λέ-

2112 1311 2262 1362 γων·
2307 1314 2325 1347 ι
2386 1296 2613 1367 Μήποτε
2666 1295 2951 1368 ἀπαλλάξῃ
3001 1297 3098 1350 ἀπ’
3148 1297 3330 1351 αὐτῶν
3378 1297 3597 1369 Κύριος.
3661 1317 3683 1351 ι

2113 1386 2390 1460 Σιραλερδν
2422 1387 2531 1461 γάρ
2561 1389 2764 1460 κομιδῇ
2801 1388 2902 1460 τῆς
2934 1389 3230 1461 ἱερωσύνης
3259 1389 3318 1443 τὸ
3351 1390 3560 1460 χρῆμα,
3596 1391 3690 1445 καὶ

2113 1479 2374 1534 κινδύνων
2403 1478 2504 1535 οὑκ
2554 1481 2846 1548 ἀπωτάτω,
2879 1481 3080 1554 μᾶλλον
3124 1481 3179 1535 δὲ
3212 1482 3308 1536 καὶ
3352 1482 3473 1536 λίαν
3500 1485 3688 1552 ἐγγὺς,

2114 1570 2162 1624 εί
2193 1570 2267 1642 μὴ
2293 1570 2467 1642 ὁρῷτο
2500 1573 2699 1644 προσὸν
2735 1572 2795 1626 τὸ
2831 1573 3131 1646 ἀμώμητον
3163 1575 3242 1637 είς
3288 1573 3456 1644 ζωήν·
3490 1575 3680 1642 ἁγίους

2114 1661 2223 1734 γὰρ
2248 1657 2388 1717 εἶναι
2415 1663 2614 1737 πρέπει
2657 1663 2783 1728 τοὺς
2818 1664 2896 1735 τῷ
2929 1667 3189 1736 πανάγνῳ
3239 1665 3691 1735 λειτουργοῦντας

2115 1751 2254 1824 Θεῷ.
2311 1749 2444 1807 Εἶτά
2495 1769 2668 1826 φησι·
2711 1772 2730 1806 ι
2785 1752 2894 1808 Καὶ
2947 1749 3070 1808 εἷπε
3110 1754 3314 1826 Κύριος
3365 1755 3444 1825 τῷ
3491 1755 3687 1826 Μωσῇδ

2113 1841 2327 1912 Βάδιζε,
2367 1843 2638 1917 κατάϐηθι
2674 1845 2767 1900 καὶ
2805 1845 3036 1918 ἀνάϐηθι
3077 1846 3141 1900 σὺ
3179 1847 3274 1900 καὶ
3313 1845 3523 1918 Ἀαρὼν
3553 1846 3693 1918 μετά

2113 1935 2231 1990 σοῦ·
2259 1939 2306 1991 οἱ
2336 1937 2392 1991 δὲ
2417 1940 2582 2009 ἱερεῖς
2617 1939 2712 1992 καὶ
2749 1940 2776 1992 6
2807 1937 2936 2001 λαὸς
2969 1936 3042 2009 μὴ
3076 1935 3448 2006 βιαςέσθωσαν
3480 1938 3689 2007 ἀναδῆ·

2111 2047 2199 2083 ναι
2232 2030 2368 2102 πρὸς
2391 2031 2481 2084 τὸν
2511 2031 2662 2098 Θεὸν,
2695 2033 2906 2103 μήποτε
2952 2030 3194 2102 ἀπολέσῃ
3230 2031 3325 2085 ἀπ’
3358 2030 3542 2086 αὐτῶν
3569 2029 3688 2083 Κύι-

2113 2138 2247 2195 ριος.
2294 2143 2313 2176 ι
2351 2124 2594 2178 Ἀνεισιν
2636 2126 2664 2178 6
2701 2124 2910 2195 Μωσῆς
2939 2125 3033 2177 καὶ
3062 2123 3123 2177 οὐ
3154 2122 3276 2193 δίχα
3313 2122 3407 2177 τοῦ
3451 2121 3687 2194 Ἀαρὼν,

2109 2215 2168 2279 δς
2195 2211 2263 2288 ἦν
2298 2217 2378 2280 είς
2404 2215 2577 2270 τύπον
2605 2215 2865 2289 Χριστοῦ.
2897 2215 3089 2288 Τίμιος
3121 2216 3232 2288 γὰρ
3259 2215 3423 2287 νόμος
3453 2217 3512 2268 ὲν
3554 2216 3690 2286 Χριο
3796 2204 3804 2212 ’

2113 2306 2242 2378 στῷ,
2276 2310 2372 2362 καὶ
2417 2307 2493 2372 ὡς
2524 2307 2777 2378 ἆγιος.δι’
2809 2307 2997 2376 αὑτὸν,
3031 2306 3200 2376 ἐγγὺς
3253 2306 3389 2360 Θεοῦ
3417 2305 3513 2360 καὶ
3545 2305 3686 2378 μετά

2109 2396 2268 2451 Θεοῦ.
2301 2397 2662 2470 Διακηρύττει
2697 2399 2804 2469 γάρ
2831 2397 2926 2452 καὶ
2971 2399 3134 2461 αὑτὸς
3179 2397 3273 2450 τὸν
3305 2397 3569 2469 ἀρχιερέα
3594 2397 3687 2450 καὶ

2108 2488 2403 2544 ἀπόστολον
2437 2492 2537 2561 τῆς
2579 2489 2866 2562 ὁμολογίας
2913 2488 3091 2559 ἡμῶν,
3135 2488 3277 2553 κατά
3304 2487 3402 2551 τὰς
3439 2487 3681 2558 Γραφάς.

2109 2580 2478 2653 Παρεζεύχθω
2499 2575 2592 2636 οῦν
2630 2584 2657 2635 6
2686 2583 2851 2654 νόμος
2889 2579 3130 2654 Χριστῷ,
3165 2579 3253 2633 διὰ
3292 2580 3393 2651 τῆς
3425 2579 3484 2632 ἐν
3517 2577 3683 2633 πνεύσ-

2112 2690 2241 2744 ματι
2285 2673 2539 2745 θεωρίας.
2601 2675 2825 2745 Ἀκήκοε
2866 2674 2974 2744 γὰρ
3014 2676 3042 2726 ό
3086 2673 3312 2742 Μωσῆς·
3354 2689 3373 2723 ι
3425 2669 3685 2741 Ἀνάδηθα

2109 2765 2174 2818 σὺ
2203 2765 2295 2818 καὶ
2323 2764 2551 2836 Ἀαρών.
2581 2783 2704 2817 ι--ι
2735 2768 2803 2819 ‘A
2828 2761 2920 2820 οῦν
2949 2764 3080 2828 Θεὸς
3112 2762 3450 2830 συνέζευξεν,
3479 2761 3684 2834 ἄνθρω-

2107 2867 2207 2916 πος
2239 2852 2314 2925 μὴ
2354 2854 2654 2926 χωριζέτω,
2688 2872 2706 2905 ι
2745 2854 2846 2925 τῆς
2876 2855 2934 2909 tv
2961 2853 3182 2925 Χριστῷ
3217 2852 3451 2924 Θεωρίας
3479 2853 3680 2907 ἀποκο-

2109 2943 2284 3014 μίζων
2316 2945 2410 3000 τὸν
2440 2946 2735 3018 νόμως-διὰ
2761 2947 2822 3001 τὸ
2856 2947 2992 3021 μόνῃ
3024 2945 3384 3018 προσκεῖσθαι
3422 2948 3490 3018 τῇ
3531 2947 3680 3018 σκιᾷ,

406 3040 651 3107 umbrae,
681 3050 738 3097 et
777 3042 1072 3098 veritatem
1115 3043 1183 3098 ad
1224 3043 1519 3116 imaginem
1558 3042 1854 3116 ﬁgurarum
1893 3059 2004 3100 non

2109 3038 2202 3092 καὶ
2234 3038 2309 3111 μὴ
2336 3042 2418 3104 είς
2443 3040 2628 3094 εἰκόνα
2657 3040 2766 3094 τῶν
2789 3040 2974 3096 τύπων
3000 3037 3402 3110 παραδέχεσθαι
3428 3040 3528 3111 τὴν
3555 3039 3685 3112 ἀλη-

421 3129 682 3188 admittit.
723 3133 832 3190 Sed
877 3149 1098 3190 sacrum
1145 3136 1279 3191 illud
1323 3154 1496 3209 genus
1532 3139 1586 3195 in
1621 3151 1864 3198 montem
1900 3159 2008 3199 una

408 3241 548 3281 cum
577 3225 792 3297 populis
819 3227 1119 3283 ascendere
1144 3227 1498 3298 prohibetur;
1537 3247 1717 3304 neque
1743 3235 1891 3289 enim
1918 3235 2006 3301 iis,

417 3317 516 3389 qui
561 3319 681 3390 lege
726 3327 1016 3390 reguntur,
1055 3337 1234 3392 neque
1280 3323 1369 3388 iis,
1395 3324 1490 3393 qui
1535 3323 1715 3381 adhuc
1751 3326 1906 3382 illum
1952 3328 2007 3382 in

411 3409 635 3466 umbris
677 3411 888 3466 cultum
933 3412 1217 3480 exhibent,
1248 3414 1438 3470 datum
1477 3430 1508 3471 a
1545 3416 1658 3472 Deo
1690 3427 1794 3483 est,
1820 3427 1879 3474 ut
1915 3420 2007 3478 illa

413 3501 636 3556 excelsa
673 3513 741 3556 ac
782 3516 996 3558 summa
1038 3501 1314 3574 dogmata,
1341 3517 1464 3573 quae
1497 3502 1567 3558 ad
1608 3504 1782 3575 ipsius
1823 3509 2008 3579 cogni-

419 3592 624 3645 tionem
669 3590 973 3660 pertinent,
1015 3591 1168 3648 adire
1214 3594 1457 3662 possint;
1499 3594 1596 3648 sed
1637 3605 1913 3652 servatum
1951 3598 2005 3654 id

419 3681 604 3751 potius
633 3689 720 3735 est
763 3681 852 3747 iis,
883 3682 979 3753 qui
1028 3683 1085 3736 in
1122 3681 1234 3738 ﬁde
1274 3684 1580 3755 justiﬁcati,
1615 3695 1671 3741 et
1708 3686 1763 3740 in
1788 3687 2005 3746 Christo

419 3771 487 3827 ad
513 3770 888 3828 obedientiam
914 3779 1078 3843 atque
1113 3773 1485 3844 cognitionem
1510 3777 1670 3850 longe
1718 3779 1809 3835 illa
1829 3779 2005 3836 veteri

417 3863 860 3936 praestantiorem
885 3872 1013 3921 sunt
1040 3867 1242 3921 vocati.
1271 3866 1408 3922 Nam
1445 3869 1779 3926 eminentem
1813 3871 2003 3943 cogni-

419 3955 623 4014 tionem
645 3955 853 4014 Christi
880 3957 1078 4015 beatus
1099 3973 1318 4029 quoque
1335 3957 1538 4016 Paulus
1560 3971 1644 4018 est
1663 3963 2000 4020 admiratus:

2108 3129 2279 3186 θειαν.
2324 3132 2552 3204 Εἷρηταί
2595 3150 2660 3202 γε
2713 3133 2822 3204 μὴν
2867 3133 3159 3203 ἀναφοιτᾷν
3191 3133 3272 3195 είς
3307 3131 3370 3185 τὸ
3406 3131 3530 3202 ὅρος
3573 3133 3685 3195 τοῖς

2106 3224 2298 3296 δήμοις
2334 3225 2468 3297 ὁμοῦ
2501 3226 2562 3280 τὸ
2588 3226 2740 3296 γένος
2776 3226 2835 3280 τὸ
2869 3226 3035 3296 ίερόν.
3064 3225 3137 3278 Οὐ
3169 3222 3276 3296 γὰρ
3308 3226 3421 3288 τοῖς
3447 3226 3504 3277 tv
3535 3224 3683 3294 νόμῳ

2108 3318 2670 3396 παιδαγωγουμένοις,
2707 3318 2831 3372 οὑδέ
2873 3321 2986 3381 τοῖς
3019 3317 3100 3370 ἔτι
3147 3316 3244 3388 τὴν
3290 3316 3349 3370 ἐν
3385 3319 3562 3379 σκιαῖς
3589 3332 3680 3368 τε·

2105 3407 2276 3462 λοῦσιν
2303 3408 2557 3479 λατρείαν
2581 3451 2595 3476 ,
2646 3408 2854 3462 δέδοται
2898 3407 3047 3478 παρὰ
3089 3405 3225 3460 Θεοῦ
3268 3406 3329 3459 τὸ
3361 3405 3419 3458 ἐν
3459 3403 3684 3475 ὑψηλοῖς

2106 3498 2201 3551 καὶ
2255 3497 2582 3570 ὑπερτάτοις
2648 3498 2782 3552 ἱέναι
2845 3497 3079 3569 δόγμασι
3143 3500 3256 3561 τοῖς
3309 3495 3439 3569 περὶ⁵
3490 3493 3680 3549 αὑτοῦ·

2103 3590 2399 3660 τετήρηται
2443 3589 2502 3643 δὲ
2542 3588 2741 3660 μᾶλλον
2776 3592 2889 3653 τοῖς
2920 3591 2976 3642 tv
3014 3589 3195 3642 πίστει
3220 3587 3678 3658 δεδικαιωμένως,

2105 3681 2199 3736 καὶ
2229 3685 2288 3736 ἐν
2321 3681 2545 3754 Χριστῷ
2590 3682 2958 3754 κεκλημένοις
3005 3684 3082 3745 είς
3114 3682 3384 3754 ὑπακοὴν,
3421 3680 3513 3734 καὶ
3545 3679 3680 3734 πολὺ

2102 3768 2200 3838 τῆς
2249 3768 2616 3843 ἀρχαιοτέρας
2659 3770 3042 3840 διενεγκοῦσαν
3083 3771 3306 3841 γνῶσιν.
3351 3768 3681 3840 Τεθαύμακε

2101 3863 2212 3934 γὰρ
2255 3863 2317 3916 τὸ
2347 3865 2616 3936 ὑπερέχον
2659 3861 2761 3934 τῆς
2801 3861 3056 3930 γνώσεως
3108 3863 3202 3917 τοῦ
3247 3861 3485 3935 Χριστοῦ
3527 3861 3625 3916 καὶ
3652 3864 3682 3917 6

2105 3953 2396 4021 θεσπέσιος
2413 3955 2646 4020 Παῦλος·
2677 3956 3012 4027 μαρτυρήσει
3035 3955 3090 4009 δὲ
3113 3957 3207 4009 καὶ
3229 3955 3390 4018 αὐτὸς
3413 3956 3442 4008 δ
3465 3953 3680 4026 Σωτὴρ,

416 4065 482 4106 ac
500 4050 656 4106 testis
677 4049 806 4107 huic
822 4049 900 4106 rei
919 4051 1026 4106 erit
1043 4050 1160 4121 ipse
1175 4066 1396 4122 quoque
1412 4051 1681 4121 Salvator,
1701 4056 1795 4126 qui
1816 4066 2003 4127 aperte

2109 4045 2230 4117 περί
2259 4059 2318 4100 τε
2349 4049 2385 4120 η
2396 4047 2511 4118 μῶν
2543 4046 2768 4101 καὶτῶν
2796 4045 2856 4112 ἐξ
2889 4047 3121 4117 αἵματος
3157 4046 3394 4122 Ἰσραὴλ,
3429 4047 3679 4115 ἀναφαν-

417 4151 536 4197 tum
572 4141 654 4198 de
680 4143 861 4210 nobis,
896 4152 1012 4200 tum
1045 4160 1180 4200 vero
1220 4143 1289 4202 de
1332 4145 1422 4212 iis,
1451 4148 1546 4218 qui
1584 4165 1614 4204 e
1646 4165 1846 4221 genere
1875 4159 2005 4207 sunt

2109 4137 2192 4192 δδν
2222 4138 2418 4208 λέγων,
2451 4141 2532 4194 ὅτι
2577 4159 2594 4191 ι
2644 4139 2807 4211 Ὑμῖν
2843 4138 3050 4193 δέδοται
3069 4137 3273 4208 γνῶναι
3306 4139 3373 4192 τὰ
3407 4137 3682 4210 μυστήρια

417 4229 605 4299 lsrael,
644 4231 781 4289 dicit
822 4252 835 4288 :
885 4254 904 4287 ι
953 4233 1119 4292 Vobis
1169 4236 1360 4294 datum
1401 4248 1488 4297 est
1537 4255 1698 4298 nosse
1744 4244 2003 4315 mysteria

2109 4229 2204 4300 τῆς
2231 4229 2512 4302 βασιλείας
2542 4228 2650 4285 τῶν
2677 4229 2951 4302 οὐρανῶν,
2990 4230 3222 4294 ἐκείνοις
3243 4228 3326 4283 δὲ.
3353 4229 3415 4282 οὑ
3447 4227 3681 4282 δέδοται.

417 4323 575 4395 regni
605 4323 894 4390 ccelorum,
931 4324 1042 4388 illis
1081 4334 1267 4383 autem
1299 4344 1408 4383 non
1434 4338 1519 4385 est
1547 4327 1738 4385 datum
1763 4333 1829 4386 τι.
1865 4353 1884 4384 ι
1924 4333 2000 4389 Ac

2109 4322 2214 4375 Καὶ
2260 4323 2390 4393 περὶ
2445 4322 2543 4392 μὲν
2600 4319 2710 4375 τῶν
2775 4321 3066 4376 Ἰουδαίων·
3120 4341 3138 4374 ι
3200 4321 3403 4390 Ἅφετε
3457 4319 3680 4382 αὐτοὺς,

417 4412 487 4470 de
507 4410 714 4472 Iudaeis
737 4415 963 4487 quidem
993 4434 1007 4471 :
1041 4437 1059 4470 ι
1088 4416 1263 4476 Sinite
1303 4420 1460 4488 illos;
1488 4421 1617 4478 caeci
1658 4431 1805 4490 sunt,
1832 4423 2000 4481 duces

2109 4412 2291 4483 τυφλοί
2334 4413 2507 4478 εἰσιν,
2558 4412 2743 4484 ὁδηγοὶ
2775 4413 3010 4482 τυφλῶν.
3060 4432 3078 4466 ›
3133 4409 3578 4485 Προσπειρώνηκε
3621 4408 3683 4463 δι

422 4521 698 4563 caecorum
733 4507 799 4562 τ’.
837 4528 856 4561 ›
911 4505 1019 4564 Eos
1067 4517 1284 4576 autem,
1331 4511 1427 4580 qui
1478 4512 1659 4581 ipsum
1712 4524 1999 4581 noverant,

2109 4505 2266 4561 πάλιν
2309 4505 2423 4569 τοῖς
2461 4505 2758 4575 ἐγνωκόσιν
2807 4506 2988 4559 αὑτόν·
3020 4522 3039 4557 ι
3098 4504 3284 4576 ’Υμῶν
3309 4501 3370 4557 6t
3417 4501 3682 4573 μακάριοι

417 4613 613 4655 rursus
635 4597 906 4655 allocutus
926 4606 1031 4666 est,
1057 4619 1075 4650 ‹
1104 4599 1284 4656 Vestri
1311 4611 1495 4656 autem
1519 4601 1665 4660 beati
1686 4607 1852 4673 oculi,
1871 4611 2002 4679 quia

2109 4601 2151 4651 οἱ
2194 4596 2481 4669 ὀφθαλμοὶ,
2513 4599 2594 4652 ὅτι
2645 4596 2921 4668 βλέπουσι,
2963 4598 3058 4651 καὶ
3101 4596 3171 4650 τὰ
3214 4590 3331 4650 ὦτα
3375 4591 3551 4664 ὑμῶν,
3598 4593 3682 4646 ὅτι

415 4688 636 4757 vident,
662 4697 718 4745 et
739 4705 903 4746 aures
924 4699 1140 4755 vestrae,
1160 4692 1289 4762 quia
1316 4692 1631 4752 audiunt".
1665 4717 1682 4749 ι
1721 4699 1884 4772 226
1907 4700 2002 4757 liis

2109 4690 2413 4745 ἀκούουσιν.
2450 4711 2468 4744 ι
2515 4691 2734 4764 Ἐπειδὴ
2758 4689 2813 4744 δὲ
2840 4692 2965 4754 τοὺς
2992 4690 3123 4760 περὶ
3146 4687 3351 4742 τούτων
3372 4685 3682 4757 διεπέραινε

418 4779 488 4835 de
514 4780 684 4836 rebus
703 4797 830 4838 cum
855 4781 1006 4852 loqui
1030 4780 1283 4838 desiisset
1307 4783 1396 4839 ille
1423 4787 1806 4845 universorum
1834 4791 1999 4860 Dens,

2109 4783 2292 4852 λόγους
2338 4784 2367 4836 6
2397 4782 2504 4838 τῶν
2550 4784 2689 4837 ὅλων
2716 4783 2877 4846 Θεὸς,
2923 4781 3150 4852 ἄρχεται
3173 4779 3540 4851 θεσμοθετεῐν,
3585 4777 3683 4830 καὶ

416 4872 716 4944 praecipere
769 4875 1076 4941 exorditur,
1131 4885 1187 4931 ct
1237 4878 1306 4934 de
1367 4879 1533 4937 rebus
1581 4884 1804 4953 optimis
1849 4885 1996 4957 leges

2109 4879 2229 4940 τοὺς
2263 4877 2348 4945 ἐφ’
2381 4876 2552 4930 ἅπασι
2591 4879 2701 4940 τοῖς
2741 4874 2988 4947 ἀρίστοις
3019 4872 3220 4939 ὁρίζειν
3264 4871 3481 4942 νόμους.
3523 4867 3684 4922 Οὕτω

416 4964 774 5023 constituere.
816 4965 1005 5039 itaque
1043 4969 1123 5025 sic
1168 4970 1243 5024 ait
1269 4986 1286 5025 τε
1331 4991 1346 5022 ι
1387 4970 1500 5044 Ego
1544 4975 1807 5032 Dominus
1851 4975 1996 5034 Deus

2109 4972 2160 5026 τέ
2198 4986 2382 5043 φησιν·
2415 4991 2432 5022 ι
2478 4969 2622 5038 Ἐγὼ
2665 4967 2866 5039 Κύριος
2904 4969 2932 5020 6
2974 4965 3106 5028 Θεός
3140 4979 3258 5031 σου,
3289 4963 3442 5026 ὅστις
3479 4957 3685 5032 ἐξήγα-

419 5063 567 5124 tuus,
592 5060 688 5128 qui
715 5060 882 5116 eduxi
923 5070 976 5118 te
1009 5062 1076 5118 de
1110 5071 1252 5119 terra
1276 5064 1514 5138 Egypti,
1546 5067 1614 5122 de
1638 5068 1800 5125 domo
1823 5071 1998 5125 servi-

2109 5064 2197 5134 γόν
2243 5081 2301 5118 σε
2349 5061 2415 5117 ἐκ
2466 5061 2569 5133 γῆς
2615 5059 2914 5129 Αἰγύπτου,
2964 5058 3026 5124 ἐξ
3069 5058 3220 5112 οἴκου
3269 5053 3534 5120 δουλείας·
3581 5052 3684 5106 οὐκ

419 5151 551 5206 tutis
575 5168 588 5204 :
621 5166 732 5206 non
760 5161 920 5208 erunt
950 5153 1048 5210 tibi
1075 5155 1150 5210 dii
1179 5156 1268 5211 alii
1294 5166 1492 5226 praeter
1520 5173 1606 5213 me
1634 5159 1698 5213 “.
1733 5178 1750 5211 ι
1787 5161 1998 5217 Decens

2109 5151 2318 5209 ἔσονταί
2347 5171 2426 5209 σοι
2473 5152 2585 5206 θεοὶ
2611 5151 2790 5223 ἕτεροι
2835 5149 2974 5219 πλὴν
3005 5147 3163 5220 ἐμοῦ.
3205 5164 3224 5200 ι
3259 5145 3588 5219 Πρέπουσαν
3623 5141 3683 5196 ει

417 5255 550 5299 vero
588 5242 706 5298 suis
742 5243 957 5315 legibus
1007 5245 1139 5301 fecit
1181 5247 1493 5313 exordium,
1534 5263 1592 5303 se
1642 5263 1763 5313 esse
1812 5249 2002 5308 dicens

2109 5251 2215 5312 τοῖς
2250 5248 2433 5316 νόμοις
2474 5246 2768 5316 ἐποιήσατο
2813 5241 2913 5313 τὴν
2941 5239 3142 5312 ἀρχὴν,
3175 5237 3368 5306 ἑαυτὸν
3409 5229 3550 5290 εἶναι
3594 5231 3685 5285 λέ-

414 5350 563 5403 eum,
609 5335 704 5408 qui
753 5336 976 5392 illorum
1026 5338 1083 5392 in
1130 5337 1364 5410 Egypto
1398 5337 1773 5411 prodigiorum
1809 5351 2001 5398 auctor

2109 5340 2215 5409 γωύ
2257 5339 2348 5393 τὸν
2401 5339 2460 5392 tv
2515 5335 2775 5406 Αἰγύπτῳ
2816 5331 3205 5404 τερατουργὸν·
3250 5329 3345 5384 τὸν
3394 5330 3518 5392 ταῖς
3567 5323 3682 5379 τῶν

415 5424 615 5494 fuerit;
657 5428 753 5500 qui
798 5428 1064 5485 adversus
1107 5428 1425 5500 iniquorum
1463 5429 1814 5485 dominorum
1849 5433 1997 5488 iusa-

2109 5427 2575 5484 πλεονεκτούντων
2604 5425 2822 5496 μανίαις
2862 5424 3013 5492 ὅλην,
3045 5421 3121 5486 ὡς
3149 5421 3278 5484 ἔπος
3315 5419 3512 5479 εἰπεῖν,
3548 5427 3682 5469 κατ-

414 5514 591 5582 niam,
639 5520 979 5588 universam,
1028 5528 1088 5575 ut
1131 5536 1243 5576 uno
1283 5520 1455 5577 verbo
1497 5521 1709 5587 dicam,
1745 5524 1999 5579 excitarit

2109 5521 2461 5591 εξανιστάντα
2489 5519 2587 5589 τὴν
2606 5518 2804 5572 κτίσιν·
2861 5513 3050 5577 ὑετούς
3075 5530 3134 5566 τε
3174 5512 3269 5566 καὶ
3302 5507 3545 5581 χαλάζας
3593 5503 3677 5569 ἐξ·

488 5629 710 5704 ‘_"_De_ut.
747 5650 799 5698 v,
834 5635 921 5689 3i.
993 5635 1039 5667 "
1053 5635 1226 5690 Exod.
1255 5652 1364 5702 tux,
1390 5637 1480 5690 24.
1555 5638 1598 5670 ⁶⁹
1620 5637 1788 5692 Hebr.
1809 5653 1886 5702 ιιι,
1913 5639 2008 5702 5,(

2109 5643 2145 5673 '°
2172 5639 2338 5696 Marc.
2364 5654 2419 5704 Χ,
2445 5636 2498 5692 9.
2574 5634 2828 5689 “Matth.
2864 5649 2978 5699 xm,
3014 5633 3102 5686 Η.
3133 5659 3137 5661 -
3183 5631 3229 5662 ⁷⁸
3260 5627 3450 5684 Matth.
3473 5642 3538 5681 xv
3589 5620 3677 5677 ﬂ.

420 5694 465 5728 "
497 5697 685 5753 Matth.
710 5694 823 5769 xm,
855 5705 939 5758 16.
1016 5705 1063 5737 ’⁸
1092 5706 1266 5760 Levit.
1291 5694 1362 5774 xl,
1395 5708 1462 5762 45
1484 5724 1498 5774 ;
1521 5707 1690 5764 Exod.
1714 5724 1802 5774 iur,
1839 5694 1892 5761 5.
