3990 6196
309 210 414 275 ωδ

1017 204 1105 264 DE
1146 197 1585 263 ADORATIONE
1625 195 1690 259 ΙΝ
1729 195 1895 261 SPiRl

2041 196 2128 258 ΕΤ
2168 196 2534 260 VERITATE.
2576 203 2704 261 LIB.
2747 196 2854 260 VII.

3457 196 3555 261 ιιι

308 330 608 393 ωπλικότα,
635 326 850 381 καὶτῶν
868 325 1147 395 στοιχείων
1165 323 1468 395 μεταϐολὰς
1494 322 1880 392 ὲπιδεδειχότα,

2001 328 2326 384 :reaturam;
2377 320 2472 390 qui
2517 319 2721 375 imbres
2764 327 2819 374 et
2865 311 3187 388 grandinem
3230 315 3474 384 armarit,
3507 327 3562 375 et

308 424 404 480 καὶ
443 424 558 486 τοῖς
589 424 957 491 πρωτοτόκοις
989 421 1080 474 τὸν
1127 421 1346 490 οἰκτρὸν
1377 419 1590 472 ὲνιέντα
1629 416 1876 482 θάνατον,

309 511 404 577 καὶ
441 507 635 562 σκότον
674 507 861 570 αὐτοῖς
910 507 1258 578 καταχέαντα
1289 506 1380 561 τὸν
1422 509 1743 578 τριήμερον·
1790 505 1881 560 τὸν

306 602 394 660 διὰ
422 601 603 674 μέσων
643 599 780 654 ίέναι
812 599 1073 669 κυμάτων
1101 593 1180 664 οἷς
1214 599 1281 654 ἂν
1313 598 1486 652 ὲθέλοι
1521 598 1880 676 δωρούμενον,

307 695 403 749 καὶ
435 691 676 764 ἀμογητὶ
704 689 1076 760 συνθραύοντα
1103 690 1230 752 τοὺς
1271 687 1694 757 ἀνθεστηκότας.
1735 685 1884 740 Ἔδει

305 786 438 856 γὰρ,
469 783 575 836 ἔδει
595 782 670 853 μὴ
697 782 912 849 ἀγνοεῖν
936 781 1063 843 τοὺς
1090 778 1190 849 τῆς
1219 777 1370 842 θείας
1401 777 1620 847 ἐντολῆς
1662 775 1886 848 ὑποτρέ-

304 893 502 950 χοντος
545 874 638 928 τὸν
687 871 870 941 ζυγὸν,
911 872 1011 943 ὅση
1059 869 1146 932 τίς
1197 872 1345 923 εστιν
1386 867 1546 938 ήτοῦ
1591 866 1882 938 νομοθέτου

302 972 576 1040 δύναμις,
618 967 716 1020 καὶ
765 967 848 1019 ὅτι
897 960 1262 1035 προσκρούειν
1293 961 1475 1023 αὐτοῖς
1504 960 1605 1013 οὐκ
1645 959 1886 1028 ἀσφαλὲς

300 1064 383 1134 τῷ
408 1063 588 1116 πάντα
617 1057 853 1122 εὐκόλως
879 1053 1180 1126 κατορθοῦν
1221 1051 1480 1122 ἰσχύοντι.

377 1238 591 1294 ΠΑΛΛ.
628 1237 714 1302 Ὠς
739 1230 800 1291 εῦ
831 1251 894 1304 γε
917 1235 1053 1305 ἡμῖν
1079 1233 1108 1286 6
1134 1230 1430 1304 νομοθέτης
1455 1231 1549 1302 καὶ
1571 1230 1889 1303 θεοπρεπῶς

305 1331 606 1384 ἐσκέπτετο
637 1331 649 1382 l
676 1329 957 1398 Κατάγχει
996 1325 1104 1396 γάρ
1153 1340 1270 1385 πως
1322 1322 1410 1374 ἀεὶ⁸
1452 1321 1512 1374 τὸ
1544 1322 1707 1393 δεῖμα
1751 1322 1890 1394 πρὸς

243 1445 249 1450 ·
306 1423 653 1484 εὐπείθειαν,
683 1421 776 1474 καὶ
807 1419 998 1488 ὥσπερ
1035 1416 1154 1470 τινὰ
1183 1414 1361 1468 πῶλον
1399 1414 1613 1486 εὐήνιον
1642 1415 1892 1486 ἀπεργά-

308 1507 462 1574 ζεται
487 1509 579 1564 τὸν
604 1509 788 1581 ἀπηνῆ
823 1508 915 1562 καὶ
947 1505 1285 1574 δυσάγωγον.

1984 413 2383 468 elementorum
2423 413 2884 466 commutationes
2928 411 3260 477 ostenderit;
3286 411 3378 480 qui
3415 425 3560 466 mor-

1985 514 2096 559 tem
2141 504 2524 575 primogenitis
2570 504 2938 574 miserabilem
2981 503 3297 570 immiserit;
3339 503 3434 573 qui
3470 504 3573 560 tri-

1985 596 2198 650 duanas
2228 597 2338 650 illis
2362 596 2621 651 tenebras
2653 595 2941 662 oil'uderit;
2973 595 3067 666 qui
3097 611 3196 665 per
3226 596 3436 650 medios
3460 594 3562 651 ους

1985 693 2128 752 ctus,
2161 687 2366 757 quibus
2394 687 2651 751 voluerit,
2688 687 2768 742 ire
2795 689 3146 753 concesserit,
3183 688 3276 758 qui
3313 688 3568 742 adversa-

1986 777 2100 834 rios
2127 779 2281 833 nullo
2318 779 2540 847 negotio
2570 779 2914 834 contriverit.
2957 780 3107 851 Opus
3138 782 3283 835 enim
3320 783 3567 851 profecto

1985 881 2126 937 erat,
2160 879 2243 936 ut,
2275 872 2368 942 qui
2404 872 2718 926 divinorum
2769 882 3166 943 praeceptorum
3198 875 3389 946 jugum
3431 875 3566 929 sub-

1949 965 2153 1029 'ireut,
2194 963 2230 1017 ii
2265 979 2375 1018 non
2421 964 2761 1034 ignorarent,
2805 973 3008 1032 quanta
3053 974 3197 1020 esset
3244 966 3570 1036 lcgislatoris

1988 1064 2254 1127 potestas,
2296 1072 2360 1112 ac
2401 1056 2609 1111 scirent
2648 1055 2874 1110 minime
2913 1055 3016 1110 sibi
3055 1072 3174 1112 esse
3207 1066 3406 1125 tutum,
3441 1075 3570 1116 eum

1988 1149 2292 1215 oﬁ’endere,
2323 1149 2416 1219 qui
2451 1148 2719 1219 perficere
2751 1148 2938 1203 omnia
2967 1149 3124 1204 facile
3152 1159 3354 1220 posset.

2058 1237 2257 1296 PALL.
2298 1239 2630 1294 Praeclarum
2661 1249 2814 1303 sane,
2843 1253 2906 1294 ac
2932 1238 3043 1293 Deo
3072 1237 3452 1310 dignissimum
3486 1241 3570 1297 le-

1990 1331 2266 1402 gislatoris
2309 1331 2638 1386 consilium:
2675 1346 2803 1385 nam
2853 1345 3072 1400 semper
3121 1329 3236 1386 fere
3285 1342 3466 1387 metus
3502 1332 3572 1389 ad

1990 1421 2362 1478 obedientiam
2405 1421 2596 1490 adigit,
2629 1430 2686 1477 et
2726 1421 3007 1476 hominem
3045 1424 3298 1492 quamvis
3335 1422 3572 1479 θαι-θηο-

1993 1520 2110 1568 tum
2148 1520 2312 1584 atque
2345 1512 2621 1568 diliicilem
2649 1553 2664 1579 ,
2703 1512 2861 1582 quasi
2895 1527 3098 1582 equum
3122 1553 3137 1579 ,
3173 1514 3328 1570 freno
3356 1514 3572 1570 obtem-

1991 1614 2162 1676 pet-an
2171 1615 2279 1662 tem
2309 1606 2509 1675 reddit.

379 1685 544 1742 ΚΥΡ.
595 1684 895 1757 ὀρθότατα
934 1683 1090 1756 ἔφης.
1130 1684 1446 1758 Ἀποφήσας
1472 1681 1536 1754 δὴ
1561 1682 1654 1738 οὖν
1675 1684 1735 1738 τὸ
1761 1683 1895 1756 χρῆσ-

2061 1693 2219 1752 CYR.
2263 1697 2590 1753 Rectissime
2630 1696 2790 1751 dicis.
2819 1696 2957 1752 Cum
2999 1697 3167 1767 igitur
3198 1696 3574 1767 prohibuisset

308 1797 401 1834 ναι
425 1779 567 1840 θεοῖς
586 1777 915 1848 προσκυνεῖν
945 1775 1176 1848 ἑτέροις,
1198 1776 1294 1829 καὶ
1318 1777 1420 1848 τὴν
1441 1775 1663 1832 εἰδώλου
1687 1777 1889 1842 παντὸς

309 1868 900 1941 ποίησιννὲξομοίωμά
925 1884 983 1921 τε
1014 1868 1112 1922 καὶ
1147 1868 1387 1939 γραφὴν,
1416 1869 1513 1922 καὶ
1554 1867 1618 1922 τὸ
1661 1868 1890 1940 προσνέ-

312 1979 436 2036 μειν
487 1962 800 2033 ἀποτολμᾷν
841 1960 904 2014 τὸ
954 1959 1056 2029 τῆς
1095 1958 1350 2030 θεότητος
1393 1960 1566 2030 ῠνομα
1615 1962 1735 2023 ταῖς
1778 1958 1890 2012 τῶν

308 2055 780 2127 άγαλματουργῶν
812 2053 1168 2123 ἐπιστήμαις,
1197 2051 1378 2116 δίκαις
1420 2051 1737 2122 ὑπενεγκὼν
1769 2054 1892 2115 ταῖς

311 2151 568 2219 ἐσχάταις
598 2147 616 2218 (
639 2167 656 2199 ι
691 2147 765 2200 Οὐ
791 2146 902 2218 γὰρ
923 2145 1090 2218 λήψῃ,
1107 2144 1266 2215 φησὶ,
1282 2145 1342 2198 τὸ
1370 2144 1543 2216 ὄνομα
1563 2145 1770 2216 Κυρίου
1794 2141 1890 2198 τοῦ

311 2240 448 2295 Θεοῦ
489 2257 582 2295 σου
617 2240 712 2292 ἐπὶ
765 2238 1003 2310 ματαίῳ,
1047 2238 1128 2292 ὃτι
1159 2239 1220 2294 ού
1257 2237 1332 2310 μὴ
1367 2236 1641 2309 καθαρίσῃ
1688 2237 1893 2308 Κύριος

310 2335 402 2388 τὸν
422 2333 769 2403 λαμϐάνοντα
791 2333 852 2386 τὸ
878 2332 1048 2402 ὄνομα
1071 2330 1235 2384 αὑτοῦ
1267 2332 1358 2384 ἐπὶ
1391 2330 1608 2400 ματαίῳ
1635 2329 1703 2400 ι),
1734 2347 1896 2383 καταο

317 2425 568 2499 ρυθμίξει
617 2423 802 2477 λοιπὸν
855 2422 926 2476 τὰ
975 2421 1325 2494 ἀνθρώπινα,
1383 2422 1478 2475 καὶ
1529 2421 1717 2491 ὥσπερ
1771 2421 1894 2474 τινὰ

312 2517 517 2572 κανόνα
543 2516 676 2587 πρὸς
695 2515 756 2569 τὸ
782 2515 910 2568 εὐθὺ
951 2517 1073 2579 ταῖς
1103 2515 1359 2568 ἁπάντων
1391 2513 1693 2576 πολιτείαις
1722 2511 1895 2583 ὁρίζει

311 2609 404 2663 τὸν
435 2610 619 2680 νόμον·
657 2608 878 2678 ἁπάσης
905 2608 965 2660 δὲ
997 2609 1146 2678 ήμᾶς
1173 2606 1450 2677 ἐξίστησιν
1480 2605 1776 2677 ἁμαρτίας,
1805 2604 1897 2659 τὸν

313 2701 412 2772 τῆς
456 2702 516 2754 ὲν
559 2699 782 2772 Χριστῷ
811 2698 1158 2766 δικαιοσύνης
1203 2698 1300 2752 καὶ
1339 2697 1446 2768 πρό
1481 2713 1544 2765 γε
1576 2696 1684 2750 τῶν
1705 2696 1897 2772 αλλων

315 2771 740 2862 κατασημαίνων
763 2790 976 2863 καιρὸν,
1003 2789 1124 2844 καθ’
1146 2790 1205 2843 ὃν
1237 2792 1272 2861 ἡ
1303 2789 1606 2858 τελεωτάτη
1628 2771 1898 2859 λύτρωσις

315 2885 408 2940 καὶ
436 2887 471 2954 ή
509 2883 844 2954 φαυλότητος
889 2869 1236 2953 καταφθορά,
1265 2881 1360 2935 καὶ
1398 2879 1792 2953 άναμόρφωσις
1817 2881 1898 2942 είς

312 2975 374 3028 τὸ
398 2974 494 3028 ἀπ’
531 2973 728 3044 ἀρχῆς,
755 2972 851 3027 καὶ
887 2973 1034 3044 ζωῆς
1077 2972 1477 3044 ἀνακαινισμδς
1531 2973 1630 3043 τῆς
1661 2973 1717 3027 ὲν
1743 2971 1897 3042 ἁγιό-

1991 1787 2126 1844 deos
2165 1788 2304 1844 alios
2331 1789 2584 1853 adorare,
2618 1796 2675 1843 et
2717 1789 2923 1843 idolum
2952 1788 3186 1858 quodvis
3227 1789 3312 1844 vel
3345 1791 3573 1846 simulae

1991 1893 2149 1934 crum
2203 1888 2300 1935 aut
2344 1881 2621 1952 picturam
2661 1879 2940 1950 eﬁingere,
2988 1894 3223 1950 cumque
3267 1889 3573 1935 extremum

1992 1973 2324 2042 supplicium
2375 1973 2769 2038 constituisset,
2803 1975 2846 2028 si
2880 1974 2974 2044 qui
3023 1974 3327 2050 divinitatis
3376 1984 3576 2032 nomen

1993 2063 2249 2118 ﬁctorum
2304 2065 2728 2118 simulacrorum
2797 2063 3048 2119 artificiis
3104 2065 3350 2119 tribuere
3408 2079 3579 2119 ausus

1991 2164 2142 2210 esset
2177 2173 2189 2208 :
2235 2174 2254 2206 ι
2290 2155 2478 2226 Neque
2519 2156 2666 2210 enim
2711 2155 2969 2225 accipies,
3006 2156 3205 2226 inquit,
3237 2171 3434 2211 nomen
3475 2157 3582 2212 Doo

1992 2250 2128 2306 mini
2159 2249 2256 2305 Dei
2287 2250 2367 2304 tui
2410 2251 2466 2304 in
2509 2262 2742 2315 vanum;
2784 2249 2915 2320 quia
2959 2264 3070 2303 non
3111 2265 3312 2318 purum
3355 2249 3582 2304 habebit

1992 2339 2260 2399 Dominus
2285 2357 2433 2407 eum,
2454 2341 2547 2411 qui
2572 2341 2772 2412 accipit
2799 2355 3000 2395 nomen
3023 2341 3143 2410 ejus
3168 2341 3222 2394 in
3239 2356 3443 2395 vanum
3462 2343 3529 2407 ⁷⁸,
3556 2361 3572 2391 ι

1994 2445 2113 2492 tum
2144 2434 2213 2491 ad
2266 2451 2355 2490 res
2388 2435 2658 2489 humanas
2693 2433 3100 2504 componendas
3130 2434 3492 2498 convertitur,
3528 2439 3584 2491 et

1994 2529 2172 2602 legem
2217 2527 2375 2599 quasi
2427 2527 2672 2598 regulam
2715 2525 3031 2597 quamdam,
3063 2535 3170 2596 qua
3198 2526 3327 2596 quid
3371 2533 3583 2581 rectum

1997 2623 2088 2688 sit,
2115 2621 2458 2692 exquiratur,
2487 2619 2734 2674 omnium
2767 2617 3052 2673 hominum
3081 2619 3206 2674 vitae
3235 2621 3541 2692 praescribit
3567 2637 3581 2675 :

1997 2719 2163 2784 atque
2197 2713 2264 2768 ab
2298 2711 2577 2767 universis
2626 2727 2729 2766 nos
2771 2712 3015 2782 peccatis
3062 2720 3238 2776 arcet,
3279 2729 3404 2767 cum
3458 2726 3586 2770 ante

1997 2807 2104 2862 alia
2145 2804 2295 2860 illius
2333 2804 2390 2858 in
2430 2801 2656 2860 Christo
2694 2803 2924 2874 iustitiae
2964 2812 3182 2876 tempus
3223 2803 3490 2876 designat,
3530 2807 3587 2862 in

1998 2910 2110 2966 quo
2138 2894 2541 2967 perfectissima
2573 2893 2669 2948 illa
2712 2894 3042 2965 redemptio,
3069 2901 3124 2949 et
3161 2895 3422 2950 vitiorum
3452 2897 3586 2953 abo-

1996 2988 2140 3053 litio,
2176 2995 2230 3043 et
2260 2987 2328 3042 ad
2369 2986 2666 3058 pristinum
2714 2993 2917 3042 statum
2967 2987 3304 3053 reformatio,
3334 2991 3390 3043 et
3438 2989 3584 3055 vitat,

314 3067 438 3138 τητί
471 3084 534 3121 τε
577 3068 674 3122 καὶ
716 3063 983 3136 φιλοθεΐᾳ.
1028 3065 1320 3137 Τοιγάρτοι
1351 3064 1505 3135 φησι·
1547 3083 1566 3117 ι
1611 3063 1895 3136 Μνήσθητι

2001 3094 2121 3149 quae
2158 3078 2216 3132 in
2254 3077 2544 3133 sanctitate
2574 3089 2637 3132 ac
2675 3076 2774 3131 Dei
2810 3089 2997 3133 amore
3027 3076 3268 3142 ducitur,
3306 3079 3589 3135 renovatio

315 3159 414 3230 τὴν
447 3158 664 3231 ἡμέραν
686 3155 798 3211 τῶν
822 3156 1122 3212 Σαϐϐἀτων
1157 3154 1406 3225 ἁγιάζειν
1433 3155 1629 3227 αύτήν-
1663 3153 1724 3221 ἓξ
1753 3153 1894 3224 ήμέ-

318 3265 418 3320 ρας
449 3248 685 3320 ἐργάσῃ,
709 3250 802 3302 καὶ⁸
832 3249 1078 3319 ποιήσεις
1101 3247 1279 3302 πάντα
1318 3248 1390 3302 τὰ
1420 3246 1559 3318 ἔργα
1589 3258 1706 3310 σου,
1751 3247 1818 3317 τῇ
1838 3244 1896 3300 δὲ

315 3340 503 3412 ἡμέρᾳ
545 3343 613 3411 τῇ
661 3341 866 3412 ἑϐδόμῃ
906 3338 1161 3394 Σάϐϐατα
1186 3380 1202 3405 ,
1250 3339 1558 3402 ἀνάπαυσις
1601 3335 1794 3410 Κυρίῳ
1819 3335 1899 3407 τῷ

317 3430 438 3503 Θεῷ
479 3447 604 3484 σου⁸
640 3431 700 3484 ού
731 3433 981 3501 ποιήσεις
1014 3430 1073 3484 ἐν
1107 3430 1247 3500 αὐτῇ
1277 3431 1388 3485 πάν
1418 3429 1604 3500 ιργον,
1641 3429 1707 3482 σὺ
1738 3428 1834 3482 καὶ
1869 3427 1899 3480 ό

321 3526 432 3588 υίός
461 3541 558 3578 σου
591 3525 690 3577 καὶ
734 3525 767 3595 ή
811 3523 1059 3594 θυγάτηρ
1102 3539 1196 3576 σου
1221 3559 1237 3585 ,
1267 3525 1296 3576 ό
1326 3524 1456 3585 παῖς
1500 3536 1596 3576 σου
1627 3521 1721 3576 καὶ
1774 3537 1902 3575 παιο

319 3619 480 3690 δίσκη
531 3635 648 3682 σου,
681 3619 710 3671 ὁ
745 3617 870 3690 βοῦς
921 3635 1016 3673 σου
1063 3619 1158 3674 καὶ
1194 3617 1256 3672 τὸ
1286 3617 1581 3685 ὑποζύγιόν
1610 3634 1738 3682 σου,
1792 3617 1901 3670 πᾶν

320 3711 380 3767 τὸ
408 3713 606 3782 κτῆνός
641 3727 756 3778 σου,
785 3713 880 3766 καὶ
909 3714 938 3766 ὁ
967 3711 1309 3784 προσήλυτος
1336 3711 1366 3763 ὁ
1397 3709 1678 3783 παροικῶν
1707 3711 1765 3763 ὲν
1796 3707 1898 3762 σοί.

335 3801 421 3855 Ἐν
452 3801 654 3872 γάρ’ἑξ
696 3801 932 3874 ἡμέραις
982 3801 1208 3870 ἐποίησε
1241 3800 1464 3874 ’Κύριος
1494 3801 1584 3855 τὸν
1647 3799 1902 3869 οὐρανὸν,

325 3894 420 3948 καὶ
467 3892 568 3964 τὴν
611 3897 735 3964 γῆν,
767 3895 862 3948 καὶ
909 3893 1010 3964 τὴν
1052 3893 1353 3958 θάλασσαν,
1404 3895 1498 3949 καὶ
1524 3893 1703 3947 πάντα
1745 3891 1812 3944 τὰ
1845 3891 1906 3944 ὲν

325 3986 529 4050 αὐτοῖς,
583 3987 680 4039 καὶ
728 3985 1042 4040 κατέπαυσε
1075 3988 1142 4057 τῇ
1199 3986 1383 4058 ἡμέρᾳ
1414 3989 1482 4058 τῇ
1536 3985 1759 4062 ἑϐδόμῃ.
1807 3991 1906 4046 Διὰ

325 4075 483 4130 τοῦτο
509 4077 780 4148 ηὑλόγησε
812 4076 1013 4149 Κύριος
1042 4077 1140 4149 τὴν
1167 4078 1381 4150 ήμέραν
1406 4080 1506 4150 τὴν
1531 4079 1789 4152 ἑϐδόμην,
1813 4082 1906 4136 καὶ

326 4166 555 4236 ήγίασεν
585 4167 777 4238 αὑτήν.

395 4258 604 4313 ΠΔΔΔ.
639 4259 748 4312 Καὶ
775 4262 830 4312 τί
859 4258 924 4332 δὴ
952 4260 1112 4315 τοῦτό
1135 4263 1315 4329 tactv;
1346 4263 1407 4316 οὐ
1439 4263 1548 4335 γάρ
1572 4279 1654 4317 τοι
1681 4263 1910 4336 συνίημι

328 4350 535 4419 σαφῶς.
571 4349 929 4421 Ἀγιάσαιμεν
965 4351 1011 4405 δ’
1045 4351 1110 4407 ἂν
1140 4351 1262 4408 τίνα
1284 4351 1486 4424 τρόπον
1510 4351 1609 4425 τὴν
1633 4353 1742 4408 τῶν
1766 4335 1907 4408 Σαϐ-

328 4440 506 4496 ϐάτων
535 4441 778 4514 ήμέρανς
1244 4442 1271 4469 ⁸

396 4534 559 4590 ΚΥΡ.
583 4534 774 4588 Βούλει
818 4533 1065 4607 λέγωμεν
1107 4536 1265 4605 ὀλίγα
1295 4536 1432 4591 ἄττα
1463 4553 1592 4610 περι
1622 4537 1904 4596 ὶαϐϐἀτου

328 4628 421 4681 καὶ
465 4627 564 4698 τῆς
608 4627 666 4680 ὲν
719 4627 869 4699 αὐτῷ
927 4629 1300 4699 τετιμημένης
1344 4628 1582 4699 ἁργίας;
1637 4627 1747 4686 εἶεν
1795 4633 1905 4704 γὰρ

325 4720 392 4775 ἂν
421 4719 567 4774 οὕτω
596 4721 692 4776 καὶ
724 4719 870 4791 μάλα
916 4719 1064 4790 σαφῆ
1092 4719 1162 4773 τὰ
1203 4719 1384 4775 θεόθεν
1416 4723 1548 4791 ἡμῖν
1596 4737 1904 4794 κεχρησμοσ

326 4809 617 4882 “MP-mo

394 4904 604 4959 ΠΑΛΔ.
639 4902 785 4959 Πάνυ
825 4903 925 4974 μὲν
957 4895 1073 4957 οὖν.

395 4997 562 5053 me.
599 4995 672 5050 Τὸ
718 4993 1017 5060 Σάϐϐατόν,
1051 4987 1097 5049 ὦ
1141 4977 1439 5058 Παλλάδιε,
1483 4992 1773 5050 τελευταία
1803 4995 1903 5067 τῆς

325 5088 616 5159 ἑϐδομάδος
645 5085 914 5158 τυγχάνον
967 5085 1148 5158 ήμέρα
1167 5127 1183 5150 ,
1219 5087 1665 5158 κατασημήνειεν
1689 5087 1778 5152 ἂν,
1817 5083 1900 5142 oi-

327 5181 423 5250 μαί
477 5195 605 5244 που,
653 5179 745 5232 τὸν
796 5180 897 5250 τῆς
928 5176 1021 5232 τοῦ
1085 5178 1338 5250 Σωτῆρος
1397 5179 1552 5250 ήμῶν
1600 5179 1899 5252 ἐπιδημίας

1997 3170 2248 3240 contigit.
2272 3169 2460 3238 Itaque
2488 3169 2562 3224 ait
2591 3185 2603 3222 :
2637 3190 2655 3220 ‹
2684 3171 2996 3226 Recordare
3023 3170 3170 3225 diem
3199 3167 3586 3236 Salibatorum,

1999 3272 2061 3317 ut
2091 3260 2404 3317 sanctiﬂces
2445 3261 2598 3314 illum
2635 3279 2645 3314 :
2681 3277 2774 3316 sex
2815 3262 3011 3317 diebus
3047 3264 3384 3332 operaberis,
3419 3273 3475 3317 et
3507 3263 3589 3318 fa—

1998 3354 2112 3410 cies
2137 3352 2320 3408 omnia
2355 3365 2523 3423 opera
2554 3360 2646 3408 tua
2677 3369 2688 3406 :
2718 3353 2807 3408 die
2835 3361 3016 3408 autem
3068 3354 3301 3424 septimo
3331 3353 3588 3418 Sabbata,

1999 3448 2224 3518 requies
2247 3447 2482 3502 Domino
2520 3447 2635 3502 Deo
2666 3453 2798 3501 tuo:
2826 3461 2936 3501 non
2974 3446 3141 3502 facies
3179 3446 3233 3502 in
3274 3446 3392 3516 ipso
3427 3461 3591 3500 omne

2000 3551 2160 3608 opus,
2195 3545 2277 3602 tu,
2309 3546 2365 3592 et
2409 3536 2557 3592 ﬁlius
2587 3545 2736 3602 tuus,
2771 3544 2829 3592 et
2863 3535 2974 3592 tilia
3009 3545 3121 3601 tua,
3152 3552 3348 3592 servus
3378 3545 3507 3590 tuus
3535 3544 3590 3591 et

2002 3631 2197 3686 ancilla
2230 3636 2342 3694 tua,
2375 3630 2476 3685 bos
2518 3638 2646 3686 tuus
2673 3639 2729 3686 et
2758 3630 3042 3702 subjugale
3087 3637 3241 3685 tuum
3263 3671 3276 3695 ,
3308 3645 3470 3685 omne
3497 3629 3589 3701 jud

2003 3732 2252 3778 mentum
2305 3722 2468 3794 227
2518 3731 2696 3787 tuum,
2743 3731 2800 3778 et
2851 3721 3184 3794 proselytus,
3232 3722 3327 3792 qui
3381 3721 3594 3777 habitat

2005 3815 2150 3886 apud
2181 3825 2233 3871 te
2268 3835 2281 3871 :
2312 3832 2407 3871 sex
2441 3815 2598 3871 enim
2621 3815 2820 3872 diebus
2852 3815 2983 3872 fecit
3010 3817 3276 3872 Dominus
3303 3815 3500 3872 cmlum
3535 3823 3594 3871 ct

2005 3915 2210 3963 terram
2251 3917 2308 3964 et
2346 3923 2496 3963 mare
2535 3917 2591 3963 et
2621 3908 2804 3962 omnia
2833 3923 2955 3976 qua:
2995 3907 3050 3962 in
3087 3908 3168 3961 eis
3204 3919 3354 3971 sunt,
3404 3916 3463 3961 et
3500 3921 3590 3962 re-

2005 3999 2216 4070 quievit
2243 4000 2332 4054 die
2370 3999 2607 4070 septimo
2640 4019 2652 4053 :
2687 4008 2980 4070 propterea
3005 3999 3288 4053 benedixit
3328 3997 3593 4054 Dominus

2007 4087 2119 4144 diei
2149 4088 2406 4159 septimo,
2435 4097 2492 4143 et
2521 4087 2885 4144 sanctiﬁcavit
2916 4087 3072 4142 illum
3107 4087 3172 4140 ".
3212 4106 3230 4138 ι

2081 4264 2276 4320 PALL.
2300 4263 2445 4332 Quid
2470 4277 2601 4320 vero
2625 4263 2770 4318 istud
2794 4261 2922 4320 est?
2947 4280 3060 4319 non
3082 4264 3230 4320 enim
3271 4265 3404 4320 satis
3427 4264 3590 4320 intel-

2010 4357 2141 4428 ligo.
2175 4355 2424 4424 Quonam
2462 4371 2594 4412 vero
2619 4355 2785 4412 modo
2809 4355 2954 4412 diem
2983 4355 3348 4412 Sabbatorum
3387 4357 3592 4412 sanctio

1935 4416 1980 4475 Β
2011 4416 2337 4505 ligabimus?

2072 4543 2230 4602 CYR.
2270 4544 2436 4600 Visne
2459 4543 2528 4599 de
2569 4541 2808 4599 Sabbato
2831 4545 2888 4598 et
2912 4541 2980 4598 de
3023 4539 3348 4603 cessatione,
3375 4553 3497 4609 quae
3535 4538 3595 4594 in

2009 4653 2078 4692 eo
2099 4637 2364 4708 agebatur
2383 4677 2398 4700 ,
2432 4650 2608 4706 pauca
2644 4634 2934 4691 dicamus?
2963 4633 3042 4690 lta
3065 4633 3214 4688 enim
3250 4628 3595 4706 apertissima

2009 4736 2194 4794 erunt,
2216 4743 2338 4798 quae
2353 4727 2514 4784 nobis
2534 4727 2801 4782 divinitus
2828 4733 3104 4798 pracepta
3125 4731 3274 4781 sunt.

2083 4903 2278 4963 PALL.
2308 4905 2452 4962 Sane
2479 4897 2724 4976 quidem.

2077 4997 2235 5056 (ΠΒ.
2262 4997 2586 5062 Sabbatum,
2615 4995 2843 5062 Palladi,
2869 4995 3104 5052 ultimus
3143 4985 3410 5052 nimirum
3461 4988 3599 5046 hebs

2010 5087 2257 5147 domadai
2277 5090 2418 5155 dies,
2447 5089 2717 5162 designat,
2747 5099 2808 5144 ut
2846 5090 3136 5154 existimo,
3183 5097 3402 5158 tempus
3437 5083 3595 5146 illud.

2006 5199 2118 5254 quo
2140 5182 2391 5239 Salvator
2405 5191 2592 5238 noster
2608 5181 2851 5247 advenit,
2879 5181 2973 5252 qui
2993 5181 3244 5252 apparuit
3269 5180 3358 5235 ille
3375 5176 3598 5248 quidem

325 5265 534 5337 καιρὸν,
560 5267 621 5328 ὃς
655 5265 866 5338 πέφηνε
904 5266 1004 5338 μὲν
1033 5267 1125 5320 ἐπὶ
1167 5267 1446 5340 συντελείᾳ
1483 5269 1579 5322 καὶ
1618 5270 1895 5342 μονονουχὶ

2009 5277 2066 5333 in
2091 5277 2589 5339 consummatione,
2615 5290 2678 5329 ac
2704 5273 3106 5346 propemodum
3145 5273 3247 5327 sub
3285 5272 3463 5341 ipsum
3499 5280 3600 5320 saa-

325 5358 458 5431 πρὸς
482 5361 676 5423 αὐταῖς
698 5360 798 5432 ἥδη
829 5360 924 5414 τοῦ
959 5359 1228 5430 παρόντος
1249 5359 1449 5426 αἰῶνος
1476 5361 1730 5435 δυσμαῖς,
1757 5363 1895 5435 ἀρχὴ

2009 5368 2119 5425 culi
2148 5368 2435 5439 praesentis
2461 5380 2717 5423 occasum
2741 5381 2756 5431 ;
2787 5365 2884 5421 sed
2911 5365 2976 5420 ad
3023 5363 3360 5419 ablutionem
3398 5365 3595 5439 peccas

323 5448 379 5503 δὲ
427 5451 521 5506 καὶ
564 5451 705 5524 θύρα
753 5452 848 5507 καὶ
893 5451 1011 5515 ὁδὸς
1063 5453 1196 5522 ήμῖν
1246 5452 1462 5521 γένονεν
1517 5457 1594 5520 είς
1649 5457 1895 5528 ἁπόνιψιι

2015 5437 2222 5532 torum,
2259 5461 2327 5516 ad
2361 5460 2673 5516 libertatem
2722 5471 2942 5527 quoque
2989 5469 3053 5512 a'c
3102 5453 3501 5516 remissionem,
3528 5437 3595 5504 ad

427 5641 476 5674 "
498 5638 670 5696 Exod.
697 5656 764 5695 xx
788 5678 802 5706 ,
835 5640 885 5692 7.
937 5639 983 5671 "
1006 5636 1139 5697 ib’d.
1171 5637 1258 5706 i0,
1292 5638 1378 5691 il.
