3990 6196
1450 237 1504 293 S.
1525 235 1815 293 'CYRIIJL:
1859 232 2326 290 ALEXANDRINI
2362 232 2679 290 ARCHIEP.

3563 232 3664 290 ιοε

416 353 884 425 incorruptionem
909 365 973 406 ac
1010 349 1199 415 vitam,
1219 350 1285 404 ad
1315 365 1466 420 spem
1490 349 1729 420 denique
1751 350 1989 406 futuram

2114 349 2386 422 ἰμαρτίας,
2422 351 2499 412 εἰς
2537 347 2847 420 ἐλευθερίαν
2879 345 2973 400 καὶ
3006 347 3220 416 ἄφεσιν,
3246 347 3326 410 εἰς
3359 345 3666 419 ἀφθαρσίαν

417 448 636 503 initium
662 453 717 500 et
749 447 916 516 janua
940 453 994 498 et
1016 442 1106 496 via
1125 441 1286 495 nobis
1307 450 1391 496 est
1418 440 1615 496 factus.
1645 442 1828 498 Multis
1861 457 1994 498 vero

415 539 598 595 modis
610 538 776 600 hunc,
795 535 887 605 qui
913 534 969 588 in
993 533 1212 589 Christo
1239 533 1582 605 intelligitur,
1599 535 1994 592 sabbatismum

415 643 693 682 sacrarum
715 640 939 695 quoque
963 623 1297 680 Litterarum
1321 623 1456 680 ﬁdes
1469 625 1630 681 nobis
1655 627 1888 684 latenter
1914 629 1995 683 in-

415 719 617 782 sinuat,
644 733 790 772 nunc
812 716 1035 787 quidem
1053 733 1180 772 cum
1196 715 1582 781 cessationem,
1601 733 1707 788 qua
1733 728 1993 790 tanquam

412 827 443 864 a
477 809 716 880 peccatis
739 815 1005 875 cessatur,
1029 808 1313 874 describit,
1365 817 1420 864 et
1459 810 1782 866 acerbamin
1801 811 1996 880 primis

413 911 577 970 atque
598 915 847 971 asperam
875 899 930 954 in
960 908 1394 971 transgressores
1418 917 1649 973 poenam
1674 902 1992 970 constituit;

415 1007 563 1046 nunc
607 1007 758 1056 vero,
795 1007 928 1048 cum
968 991 1424 1062 redemptionem,
1465 1007 1588 1063 qua:
1630 992 1687 1047 in
1717 1007 1785 1047 eo
1829 991 1997 1058 ﬁt,ac

415 1083 802 1138 remissionem
838 1083 1358 1149 etinstructionem,
1381 1100 1488 1154 qua
1523 1085 1592 1140 ad
1611 1083 1860 1140 futurum
1893 1100 1995 1140 saa-

417 1175 602 1229 culum
646 1189 906 1245 paramur
949 1182 1004 1229 et
1027 1174 1405 1245 accingimur,
1431 1174 1662 1244 ﬁgurate
1701 1174 1994 1246 signiﬁcat.

488 1265 684 1321 PALL.
725 1267 947 1337 Explica
973 1266 1138 1338 igitur
1173 1281 1417 1337 quonam
1434 1275 1613 1337 pacto.
1642 1265 1704 1322 Id
1742 1268 1996 1324 enim-Ii-

419 1355 746 1412 bentissime
765 1357 1077 1414 didicerim.

487 1447 645 1503 CYR.
671 1448 776 1504 Per
811 1448 974 1504 ﬁdem
993 1489 1008 1513 ,
1036 1448 1284 1513 Palladi,
1328 1463 1451 1519 qua;
1488 1448 1545 1502 in
1574 1447 1814 1505 Christo
1839 1449 2001 1507 intel-

420 1538 640 1610 ligitur,
690 1539 988 1594 Sabbatum
1041 1537 1401 1610 spiritualiter
1449 1539 1833 1607 celebramus,
1873 1556 1999 1597 cum

420 1645 451 1684 a
497 1629 920 1685 distentionibus
970 1629 1133 1701 hujus
1174 1629 1366 1684 mundi
1423 1645 1720 1695 cessamus,
1745 1639 1864 1688 et-a
1904 1647 1999 1686 va-

423 1736 494 1775 no
564 1737 753 1776 errore
819 1721 1258 1791 requiescimus,
1315 1730 1370 1775 et
1411 1737 1456 1775 -a
1517 1722 1761 1791 nequitia
1824 1703 2075 1778 disce-B

422 1811 624 1878 dimus,
674 1819 732 1866 et
768 1813 976 1882 peccati
1024 1813 1215 1883 jugum
1261 1811 1602 1867 excutientes
1651 1813 1718 1866 ad
1774 1813 2002 1868 liberam

423 1901 1280 1956 sanctiﬁcationcm'relaxamur.
1329 1901 1518 1971 Itaque
1565 1901 1761 1957 beatus
1803 1903 2004 1959 Paulus

422 1994 491 2047 de
526 1993 614 2057 iis,
647 1992 740 2062 qui
765 1990 1008 2045 nondum
1042 1990 1414 2056 crediderant,
1459 1991 1639 2063 inquit
1674 2011 1685 2045 :
1727 2011 1746 2044 ι
1792 1992 2006 2060 Quibus

424 2099 555 2139 vero
578 2084 820 2139 oil‘ensus
840 2083 944 2137 fuit
965 2082 1322 2153 quadraginta
1348 2084 1548 2139 annis?
1590 2099 1772 2140 nonne
1791 2085 1887 2150 iis,
1910 2085 2004 2156 qui

425 2193 532 2232 non
570 2177 1115 2246 obtemperaverunt,
1153 2189 1388 2244 quorum
1429 2174 1695 2231 cadavera
1731 2185 2007 2248 prostrata

424 2279 553 2323 sunt
578 2269 635 2323 in
659 2267 918 2323 deserto?
950 2265 1162 2333 Quibus
1187 2281 1320 2321 vero
1339 2267 1545 2338 juravit
1563 2309 1578 2333 ,
1622 2283 1733 2323 non
1775 2269 2006 2326 introire

424 2363 763 2432 inrequiem
794 2359 987 2432 ipsius,
1014 2359 1120 2416 nisi
1158 2359 1247 2425 iis,
1284 2360 1379 2430 qui
1423 2360 1691 2416 increduli
1747 2360 2009 2418 fuerunt?

424 2465 481 2511 et
508 2454 760 2509 videmus
802 2451 949 2523 quod
1000 2467 1110 2506 non
1165 2459 1466 2521 potuerunt
1523 2453 1732 2524 ingredi
1781 2463 2009 2525 propter

425 2542 890 2600 incredulitatem.
936 2540 1249 2596 Timeamus
1287 2541 1475 2611 igitur,
1502 2557 1572 2596 ne
1607 2543 1769 2607 forte,
1815 2544 2008 2600 relicta

422 2634 822 2706 pollicitatione
845 2631 1166 2686 introeundi
1191 2631 1248 2685 in
1271 2633 1520 2702 requiem
1536 2633 1730 2703 ipsius,
1755 2633 2008 2689 videatur

424 2723 624 2796 aliquis
645 2739 712 2778 ex
734 2722 892 2777 vobis
935 2721 1176 2777 defuisse
1205 2723 1271 2775 ⁷⁷.
1311 2741 1330 2774 ι
1371 2723 1439 2778 Et
1460 2733 1583 2794 post
1607 2725 1711 2779 alia
1737 2742 1750 2778 :
1777 2745 1796 2778 ι
1838 2725 2010 2798 Igitur

430 2812 771 2883 relinquitur
807 2811 1177 2868 sabbatismus
1217 2812 1424 2882 populo
1463 2811 1558 2867 Dei
1599 2814 1665 2867 "'.
1716 2833 1734 2866 ι
1765 2816 1834 2868 At
1876 2829 2009 2869 vero

425 2903 559 2975 quid
582 2903 840 2974 prohibet
888 2903 1184 2974 quominus
1213 2903 1386 2974 228
1411 2918 1542 2958 vere
1584 2903 1693 2959 dici
1738 2905 1931 2974 possit,
1961 2905 2008 2960 si

2095 445 2190 497 καὶ
2218 445 2296 506 εἰς
2325 441 2490 513 ζωὴν,
2521 441 2614 494 καὶ
2661 441 2742 504 εἰς
2776 439 2967 492 ἐλπίδα
3006 439 3106 511 τὴν
3141 437 3459 509 μέλλουσαν.
3494 439 3665 494 Πολυ-

2095 535 2311 608 τρόπως
2340 533 2396 588 δὲ
2441 535 2574 606 ἡμῖν
2611 533 2705 586 τὸν
2735 534 2792 586 tv
2837 531 3060 605 Χριστῷ
3093 532 3380 603 νοούμενον
3409 533 3670 587 σαϐϐατι-

2097 626 2234 698 σμὸν
2267 626 2360 678 καὶ
2385 627 2417 698 ἡ
2439 625 2548 680 τῶν
2573 623 2734 699 ίερῶν
2760 625 3109 696 Γραμμάτων
3139 625 3434 679 αἰνίττεται
3462 625 3669 691 πίστις,

2094 714 2184 767 ότὲ
2216 715 2315 786 μὲν
2344 715 2444 785 τὴν
2477 715 2534 767 tv
2579 713 2759 785 ἑαυτῷ
2799 714 3132 784 κατάληξιν,
3158 713 3257 784 τὴν
3285 714 3362 778 ὡς
3393 712 3454 779 ἐξ
3482 715 3669 786 ἁμαρ-

2095 805 2226 862 τιῶν
2257 805 2655 878 ύπογράφουσα
2677 843 2692 869 ,
2734 803 2830 858 καὶ
2858 804 2955 874 τὴν
2990 803 3074 857 ὅτι
3109 803 3346 874 μάλιστα
3379 805 3582 876 πικράν
3609 821 3670 858 τε
3697 808 3702 812 ’

2097 898 2191 950 καὶ
2241 897 2422 968 ἀπηνῆ
2475 895 2571 948 τοῦ
2618 895 3049 968 παραϐαίνοντος
3076 895 3442 968 καθορίζουσα
3479 895 3671 969 δίκην,

2095 990 2185 1044 ὁτὲ
2229 989 2287 1044 δὲ
2321 985 2387 1044 αὖ
2425 989 2525 1060 τὴν
2556 990 2614 1042 tv
2647 987 2798 1059 αύτῷ
2825 987 3094 1060 λύτρωσιν
3124 1003 3185 1040 τε
3213 988 3312 1042 καὶ
3346 988 3550 1059 ἄφεσιν
3590 989 3672 1054 εἰς

2097 1082 2430 1156 ἐλευθερίαν,
2453 1083 2549 1136 καὶ
2585 1081 2691 1154 μὴν
2718 1080 2815 1134 καὶ
2844 1079 3210 1153 εύτρεπισμδν
3255 1081 3348 1135 τὸν
3386 1082 3467 1146 εἰς
3499 1081 3674 1139 αἰῶνα

2097 1173 2190 1227 τὸν
2221 1172 2483 1244 μέλλοντα
2506 1171 2751 1236 τυπικῶς
2786 1171 3185 1240 ὑποφαίνουσα.

2169 1265 2378 1318 ΠΔΛΛ.
2432 1263 2612 1337 Φράζε
2653 1264 2719 1338 δὴ
2763 1259 2858 1320 οὖν
2882 1265 3058 1328 ὅπως.
3099 1263 3321 1337 Βίδείην
3358 1264 3468 1337 γὰρ
3499 1265 3570 1321 ἃν
3599 1265 3677 1331 ὡς

2099 1357 2296 1430 ἥδιστά
2321 1374 2408 1428 γε.

2172 1450 2342 1506 ΚΥΡ.
2385 1449 2489 1505 Διὰ
2524 1449 2794 1515 πίστεως,
2835 1443 2882 1505 ὦ
2911 1449 3198 1517 Παλλάδιε,
3226 1441 3326 1522 τῆς
3361 1451 3422 1504 tv
3451 1451 3679 1525 Χριστῷ

2103 1541 2400 1614 νοουμένης
2441 1539 2830 1613 πνευματικῶς
2863 1539 3280 1612 σαϐϐατίζομεν,
3317 1541 3428 1598 τῶν
3454 1543 3514 1597 tv
3539 1542 3678 1615 τῷδε

2103 1635 2294 1705 κόσμῳ
2325 1634 2728 1706 περισπασμῶν
2776 1633 3198 1704 καταλήγοντες,
3238 1635 3331 1688 καὶ
3371 1637 3679 1708 περιφορᾶς

2103 1727 2320 1790 εἰκαίας
2347 1727 2784 1798 ἁποπαυόμενοι,
2831 1725 2926 1780 καὶ
2955 1725 3288 1796 φαυλότητος
3313 1727 3680 1797 ἀπονοσφιζό·

2109 1835 2283 1890 μενοι,
2328 1820 2422 1873 καὶ
2467 1819 2560 1873 τὸν
2601 1819 2702 1888 τῆς
2749 1818 3024 1890 ἁμαρτίας
3067 1818 3437 1884 διεκδύνοντες
3490 1819 3678 1889 ζυγὸν,

2105 1911 2368 1983 ἀνείμεθα
2410 1911 2596 1966 λοιπὸν
2637 1914 2721 1975 εἰς
2755 1910 3040 1982 ἐλεύθερον
3078 1911 3370 1983 ἁγιασμόν.
3404 1913 3516 1966 Kal.
3548 1913 3680 1981 γοῦν

2105 2007 2135 2058 ὁ
2168 2003 2453 2068 θεσπέσιος
2498 2003 2708 2068 Παῦλος
2741 2005 2870 2074 περὶ
2911 2002 3021 2057 τῶν
3051 2002 3205 2057 ούπω
3235 2004 3682 2058 πεπιστευκότων

2107 2095 2258 2167 φησί’
2313 2113 2334 2146 ι
2394 2095 2516 2149 Τίσι
2579 2095 2636 2148 δὲ
2695 2094 3038 2168 προσώχθισε
3087 2095 3499 2168 τεσσαράκοντα
3547 2096 3678 2166 tm;

2105 2186 2225 2256 οὐχὶ
2256 2188 2370 2252 τοῖς
2417 2185 2816 2257 ἀπειθήσασιν,
2860 2179 2936 2240 ὧν
2970 2186 3039 2239 τὰ
3086 2185 3235 2239 κῶλα
3280 2185 3475 2240 ἔπεσον
3516 2188 3575 2240 ὲν
3613 2189 3679 2258 τῇ

2107 2279 2335 2352 ὲρήμῳς
2365 2281 2490 2334 Τίσι
2529 2279 2803 2350 δὲ-ῶμοσε
2845 2278 2922 2350 μὴ
2968 2277 3230 2332 εἰσελθεῖν
3258 2279 3337 2344 εἰς
3368 2278 3468 2351 τὴν
3507 2281 3680 2334 tta-ub

2107 2388 2308 2425 παυσιν
2339 2371 2527 2438 αὐτοῦ,
2563 2373 2612 2425 εἰ
2649 2372 2725 2444 μὴ
2765 2373 2880 2435 τοῖς
2927 2369 3294 2441 ἀπειθήσασι;
3329 2371 3423 2425 καὶ
3472 2369 3678 2441 βλέπο-

2111 2480 2211 2536 μεν
2247 2464 2328 2518 ὅτι
2373 2466 2476 2519 οὐκ
2531 2463 2880 2536 ἠδυνήθησαν
2934 2463 3194 2518 εἰσελθεῖν
3238 2463 3318 2517 δι’
3365 2461 3676 2517 ἀπείθειαν.

2107 2555 2441 2627 Φοϐηθῶμεν
2474 2551 2567 2610 οὖν
2604 2555 2814 2627 μήποτε
2843 2554 3314 2626 καταλειπομένης
3350 2553 3682 2624 ἐπαγγελίας

2109 2646 2372 2701 εἰσελθεῖν
2419 2649 2498 2715 εἰς
2545 2645 2646 2718 τὴν
2687 2645 3037 2700 κατάπαυσιν
3087 2645 3274 2708 αὑτοῦ,
3317 2643 3446 2716 δοκῇ
3491 2629 3578 2708 τις
3621 2644 3681 2709 ἐξ

2111 2738 2262 2810 ὑμῶν
2301 2737 2682 2810 ὑστερηκέναι.
2733 2757 2750 2790 ι
2802 2737 2912 2791 Καὶ
2944 2735 3062 2808 μεθ’
3091 2737 3272 2808 ἕτερα·
3303 2755 3323 2787 ι
3367 2737 3512 2806 Ἀρα
3546 2737 3678 2789 ἁπο-

2109 2830 2356 2884 λείπεται
2404 2828 2770 2900 σαϐϐατισμὸς
2810 2828 2890 2899 τῷ
2932 2827 3048 2899 λαῷ
3083 2827 3177 2882 τοῦ
3239 2826 3398 2883 Θεοῦ.
3423 2845 3448 2878 η»
3490 2827 3681 2881 Καίτοι

2111 2921 2229 2986 πῶς
2261 2921 2362 2976 οὐκ
2390 2920 2621 2992 ἀληθὲς,
2665 2921 2742 2985 ῶς
2778 2922 2935 2993 εἰπερ
2963 2921 3110 2974 ἐστὶν
3136 2921 3166 2973 ὁ
3195 2919 3586 2991 σαϐϐατισμὸς,
3621 2919 3684 2974 τὸ

426 2995 932 3066 sabbatismusnon
987 2995 1137 3050 aliud
1179 2995 1272 3060 sit,
1328 3010 1494 3066 quam
1529 2995 1587 3050 in
1612 2995 1852 3052 Sabbato
1886 3012 2008 3053 ces-

2115 3014 2273 3085 μόνον
2315 3012 2508 3084 ἀργεῖν
2551 3012 2609 3066 tv
2653 3011 2951 3084 Σαϐϐάτῳ,
2997 3011 3116 3076 πῶς
3160 3012 3261 3066 οὐκ
3303 3011 3556 3083 εἰσῆλθεν
3605 3013 3685 3076 εἰς

427 3102 550 3142 sare
573 3128 587 3153 ,
615 3084 893 3158 quomodo
914 3102 1024 3143 non
1047 3095 1131 3142 est
1157 3087 1438 3158 ingressus
1457 3086 1620 3142 Israel
1645 3087 1701 3141 in
1741 3087 2008 3159 requiem,

427 3193 555 3234 cum
577 3179 727 3234 illam
750 3177 808 3234 in
842 3178 1080 3237 Sabbato
1095 3177 1459 3234 cessationem
1479 3178 1888 3234 observaverit?
1903 3179 2013 3237 Sed

429 3271 693 3326 nimirum
718 3287 782 3326 ea
809 3286 898 3326 res
919 3269 1092 3342 ﬁgura
1114 3278 1238 3325 erat
1261 3270 1412 3326 illius
1435 3270 1492 3324 in
1518 3269 1754 3326 Christo
1789 3271 2013 3342 requie-

431 3365 522 3430 tis,
551 3372 608 3418 et
649 3363 797 3434 quod
846 3365 903 3430 ii,
929 3363 1024 3434 qui
1069 3362 1175 3418 ﬁde
1207 3362 1664 3434 justiﬁcarentur,
1708 3379 1740 3420 a
1785 3373 2014 3435 peccato

425 3455 697 3511 ’cessaturi
720 3463 926 3511 essent.
955 3456 1144 3526 Itaque
1181 3453 1460 3525 lapidibus
1477 3453 1644 3510 obrui
1670 3453 1837 3524 jussit
1868 3455 2014 3510 Deus

425 3534 558 3601 eum
582 3545 682 3630 qui
707 3543 947 3600 Sabbato
972 3543 1116 3616 ligna
1141 3540 1525 3630 collegerat";
1544 3539 1703 3630 quod
1715 3539 1862 3596 illius
1879 3554 2011 3630 sup-

429 3626 655 3706 plicium
697 3632 999 3703 spiritualis
1056 3647 1121 3686 ac
1178 3629 1504 3685 necessaria:
1548 3627 1630 3682 rei
1673 3626 1846 3699 ﬁgura
1884 3627 2008 3684 fuit.

429 3721 694 3792 Nunquid
711 3722 862 3776 enim
889 3735 1000 3775 non
1027 3721 1258 3792 lignum,
1287 3718 1436 3790 quod
1461 3734 1494 3774 e
1529 3733 1630 3774 sua
1673 3718 1844 3790 stirpe
1880 3733 2012 3775 exa-

433 3814 569 3879 ruit,
592 3812 842 3868 avulsum
883 3820 940 3866 et
995 3812 1109 3882 jam
1144 3809 1431 3876 siccatum,
1471 3808 1821 3866 mortalitatis
1862 3825 2010 3883 sym-

433 3907 620 3962 bolum
645 3903 832 3970 fuerit,
851 3919 914 3958 ac
936 3912 1200 3973 praetcrea
1225 3903 1366 3976 ignis
1390 3903 1745 3959 alimentum?

502 4199 700 4254 PALL.
726 4200 802 4254 Ita
825 4208 925 4254 est.

501 4291 658 4346 ΟΥΕ.
705 4291 985 4363 Ejusmodi
1035 4293 1264 4348 omnino
1312 4303 1395 4348 est
1441 4301 1726 4364 peccatum
1751 4294 2013 4349 terumnis

2112 3103 2210 3176 τὴν
2233 3101 2578 3158 κατάπαυσιν
2620 3101 2650 3154 ό
2685 3100 2938 3173 Ἰσραὴλ,
2968 3100 3061 3154 καί
3089 3117 3170 3154 τοι
3202 3099 3302 3172 τὴν
3333 3101 3392 3156 tv
3421 3099 3684 3171 Σαϐϐάτῳ

2113 3197 2363 3270 τηρήσας
2401 3193 2632 3268 ἀργίαν;
2687 3193 2826 3248 Ἀλλ’
2853 3190 2922 3266 ἦν
2949 3193 3030 3258 εἰς
3069 3191 3240 3247 τύπον
3277 3191 3338 3246 τὸ
3364 3191 3558 3264 χρῆμα
3583 3192 3683 3262 τῆς

2113 3289 2170 3342 tv
2189 3286 2411 3360 Χριστῷ
2474 3283 2916 3352 καταπαύσεως,
2963 3285 3058 3340 καὶ
3110 3284 3206 3339 τοῦ
3251 3283 3579 3356 καταλήξειν
3624 3281 3686 3348 ἑξ

2111 3377 2390 3452 ἁμαρτίας
2425 3376 2805 3449 δικαιουμένου
2847 3378 2915 3448 τῇ
2960 3375 3163 3430 πίστει.
3207 3374 3498 3446 Τοιγάρτοι
3538 3373 3683 3429 λιθό·

2111 3467 2336 3524 λευστον
2369 3459 2689 3525 ἐκτεθνάναι
2720 3468 2831 3521 δεῖν
2869 3467 3122 3522 ικέλευσε
3153 3465 3286 3532 Θεὸς
3330 3466 3424 3521 τὸν
3447 3466 3508 3520 tv
3547 3465 3684 3520 Σαϐ-

2112 3561 2263 3636 ϐάτῳ
2303 3561 2628 3633 συλλέγοντα
2660 3559 2796 3627 ξύλα
2821 3577 2837 3591 ο
2871 3561 2906 3632 ἡ
2935 3559 2994 3614 δῖ
3036 3557 3123 3613 ἐπ’
3151 3557 3347 3631 ἐκείνῳ
3372 3559 3520 3630 δίκη,
3557 3575 3682 3630 νοη-

2111 3655 2206 3710 τοῦ
2250 3657 2348 3711 καὶ
2389 3655 2691 3724 ἀναγκαίου
2731 3653 3060 3726 πράγματος
3098 3650 3447 3716 ύποτύπωσις
3483 3647 3578 3724 ἦν.
3608 3651 3679 3705 Ἦ

2111 3747 2220 3821 γὰρ
2250 3747 2371 3819 οὐχὶ
2397 3747 2461 3801 τὸ
2485 3747 2554 3802 ὲκ
2583 3747 2684 3818 τῆς
2726 3744 2932 3808 οἰκείας
2975 3743 3132 3816 ῥίζης
3161 3742 3425 3808 αύανθὲν,
3454 3743 3684 3798 ἐκκεκα-

2113 3839 2385 3912 θαρμένον
2431 3838 2530 3894 καὶ
2575 3836 2839 3910 ξηρανθὲν
2877 3836 2982 3906 ήδη
3025 3834 3211 3902 ξύλον,
3257 3834 3580 3908 νεκρότητος
3616 3833 3686 3889 ἂν

2114 3930 2548 4004 είησύμϐολονς
2595 3929 2687 4002 εἴη
2731 3929 2783 3982 δ’
2832 3929 2898 3982 ἂν
2943 3929 3039 3981 καὶ
3104 3927 3310 3999 ἑτέρως
3351 3927 3522 3999 πυρὸς
3566 3925 3684 3982 διαε-

2112 4022 2285 4094 τροφή
2305 4039 2322 4088 ;

2184 4196 2391 4250 ΠΑΛΛ.
2433 4194 2676 4265 Ἀληθές.

2185 4291 2350 4344 ΚΥΡ.
2411 4287 2648 4358 Τοιαύτη
2687 4285 2769 4350 τίς
2808 4287 2954 4338 ἐστιν
2993 4287 3031 4356 ή
3077 4284 3474 4356 παμμόχθηρος
3503 4285 3685 4355 ἁμαρ-

433 4384 678 4454 plenum,
704 4384 860 4454 quasi
887 4385 1190 4440 mortalitas
1215 4385 1485 4455 quadam,
1510 4396 1568 4441 et
1609 4387 1834 4442 immitis
1857 4385 2008 4441 ﬁam-

2116 4381 2229 4449 τία,
2261 4381 2524 4454 νεκρότης
2561 4379 2749 4462 ὥσπερ
2774 4396 2878 4448 τις,
2925 4379 3020 4433 καὶ
3063 4378 3163 4448 τῆς
3189 4378 3462 4449 ἀνημέρου
3494 4377 3689 4446 φλογὸς

432 4491 534 4530 ma:
557 4475 673 4531 suis
694 4475 1035 4530 amatoribus
1057 4476 1226 4546 impia
1249 4475 1457 4530 nutrix.
1484 4475 1808 4546 Quicunque
1825 4477 2013 4548 igitur,

430 4582 541 4636 quo
577 4574 824 4636 tempore
869 4581 898 4620 a
946 4566 1186 4635 peccatis
1232 4566 1437 4620 cessari
1472 4565 1656 4631 debet,
1693 4569 1926 4623 mortuis
1957 4577 2016 4624 et

434 4649 792 4714 infructuosis
860 4657 1120 4726 operibus
1140 4656 1335 4710 intenti
1371 4666 1497 4712 sunt
1542 4659 1851 4731 et,ahjecta
1898 4661 2014 4716 vir-

433 4757 568 4813 tute,
605 4749 1000 4819 concupiscunt
1037 4761 1123 4810 ea,
1164 4762 1262 4817 per
1303 4763 1426 4818 quae
1459 4749 1593 4819 ipsis
1633 4753 1902 4821 supplicia
1956 4754 2012 4808 in

431 4851 698 4894 aeternum
736 4845 1000 4908 parentur
1035 4837 1340 4894 ctﬁammm
1371 4841 1761 4907 accendantur,
1808 4843 1845 4897 ii
1897 4853 2013 4898 tum

433 4933 553 5000 jure
593 4929 802 5000 optimo
845 4938 1022 4984 morte
1059 4929 1301 4984 damnati
1329 4933 1505 5004 justas
1547 4951 1736 5004 poenas
1773 4938 2012 4991 sustine—

435 5021 594 5084 bunt,
621 5019 920 5090 quodcum
943 5021 1107 5075 liceat
1129 5023 1313 5091 quiete
1336 5025 1544 5090 vivere,
1569 5037 1764 5096 sponte
1795 5027 1863 5083 ad
1880 5045 2012 5098 snp-

428 5108 600 5187 plicia
645 5117 833 5162 ruunt.
903 5109 1248 5179 lngredimur
1285 5113 1452 5184 igitur
1494 5116 1548 5170 in
1599 5117 1867 5185 requiem,
1919 5119 2014 5188 qui

434 5197 792 5260 credidimus,
815 5199 966 5269 juxta
983 5199 1127 5255 beati
1141 5200 1294 5257 Pauli
1315 5218 1505 5258 vocem
1526 5207 1592 5259 '°.
1613 5206 1798 5277 Itaque
1810 5223 1908 5277 per
1922 5209 2017 5265 Je-

435 5296 666 5348 remiam
691 5287 942 5360 increpat
977 5289 1122 5346 Deus
1169 5307 1286 5358 eos,
1332 5295 1426 5364 qui
1484 5311 1584 5367 per
1627 5307 1914 5368 peccatum
1958 5299 2017 5356 in

437 5385 667 5456 ﬁguram
691 5382 990 5438 admissum
1004 5384 1480 5454 pulchritudinem
1516 5388 1764 5446 veritatis
1796 5389 2015 5455 adulte-

434 5475 670 5540 rabant;
711 5474 784 5529 ait
808 5473 1022 5563 itaque:
1056 5495 1074 5526 ε
1105 5474 1252 5563 vade
1274 5486 1329 5532 et
1367 5487 1448 5534 sta
1486 5479 1543 5534 in
1573 5480 1748 5550 portis
1777 5478 2014 5538 ﬁliorum

2120 4473 2310 4528 ἀνοσία
2347 4474 2545 4545 τροφὸς
2585 4476 2698 4538 τοῖς
2739 4470 3028 4541 ᾶγαπῶσιν
3073 4472 3266 4543 αὑτήν.
3307 4471 3475 4525 Ὅταν
3512 4469 3691 4524 τοίνυν

2121 4567 2198 4632 ὡς
2225 4569 2285 4622 tv
2320 4567 2500 4639 καιρῷ
2545 4568 2928 4639 καταλήξεως,
2962 4570 3063 4639 τῆς
3109 4567 3168 4634 ἐξ
3198 4564 3482 4638 ἁμαρτιῶν
3526 4565 3691 4634 λέγω,

2122 4657 2329 4728 νεκρῶν
2359 4657 2454 4710 καὶ
2482 4657 2748 4729 ἀκάρπων
2784 4646 2966 4727 ἔργων
2992 4657 3199 4728 έχοιντό
3221 4674 3366 4721 τινες
3383 4696 3398 4721 ,
3436 4657 3530 4711 καὶ
3559 4657 3698 4725 ἀγα-

2123 4752 2232 4822 πᾷν
2261 4749 2493 4818 ἕλοιντο,
2531 4750 2784 4821 μεθέντες
2825 4750 2923 4821 τὴν
2960 4750 3268 4822 ἁρετὴν,τὰ
3297 4751 3364 4804 δι’
3405 4745 3480 4804 ῶν
3512 4749 3696 4812 αὐτοῖς

2121 4845 2202 4905 εἰς
2243 4841 2414 4895 αἰῶνα
2461 4843 2646 4895 ποιναὶ
2696 4843 2790 4896 καὶ
2832 4842 3028 4912 φλόγες
3071 4843 3417 4906 ὲξάπτοιντο,
3462 4840 3560 4911 τὴν
3604 4842 3697 4894 ἐπὶ

2121 4934 2336 5006 θανάτῳ
2384 4937 2720 5006 κατάρρησιν
2771 4932 3133 5003 ὑπομενοῦσιν
3160 4933 3406 4998 εἰκότως,
3446 4932 3527 4985 ὅτι
3569 4933 3695 4984 καί-

2120 5044 2202 5080 τοι
2236 5028 2309 5098 μὴ
2353 5027 2502 5097 βιοῦν
2531 5029 2833 5098 ἀνειμένως
2866 5025 3005 5090 ἐξὸν,
3042 5026 3280 5080 ἐθελοντὶ
3299 5025 3699 5096 διαστεῖχουσιν

2122 5120 2218 5172 ἐπὶ
2239 5119 2308 5171 τὸ
2334 5113 2657 5183 κολάζεσθαι
2687 5118 2817 5172 δεῖν.
2855 5118 3227 5189 Εἰσερχόμεθα
3253 5117 3318 5188 δὴ
3363 5112 3456 5171 οὖν
3495 5118 3573 5180 εἰς
3599 5117 3699 5187 τὴν

2125 5209 2470 5264 κατάπαυσιν
2507 5211 2555 5263 οἰ
2601 5208 3025 5271 πιστεύσαντες,
3053 5207 3197 5263 κατά
3237 5225 3299 5278 γε
3326 5208 3426 5281 τὴν
3464 5208 3557 5262 τοῦ
3592 5224 3697 5279 μα-

2125 5302 2318 5372 καρίου
2341 5300 2556 5356 Παύλου
2577 5301 2781 5372 φωνήν.
2804 5300 2915 5354 Καὶ
2933 5299 3065 5370 γοῦν
3087 5301 3178 5356 διὰ
3195 5301 3381 5373 φωνῆς
3412 5302 3698 5372 Ἰερεμίου,

2123 5395 2249 5457 τοὺς
2275 5392 2342 5446 δι’
2374 5393 2650 5465 ἁμαρτίας
2678 5391 2777 5464 τῆς
2799 5393 2878 5456 εἰς
2906 5392 2998 5447 τὸν
3018 5393 3208 5459 τύπον,
3229 5394 3293 5448 τὸ
3313 5395 3412 5465 τῆς
3443 5391 3701 5464 ἀληθείας

2123 5487 2640 5560 παρασημαίνοιθτας
2697 5483 2894 5549 κάλλος
2948 5486 3262 5542 ἐπαιτιᾶται
3311 5483 3445 5550 Θεδς
3488 5483 3698 5556 λέγων’

503 5650 549 5688 τ’
573 5650 736 5706 Ilehr.
770 5668 846 5720 in,
879 5653 1080 5722 17-19;
1108 5670 1180 5720 iv,
1210 5654 1262 5708 1.
1335 5654 1379 5687 ⁷⁸
1405 5653 1570 5709 Ilebr.
1603 5669 1675 5720 iv,
1697 5655 1752 5714 9.
1805 5654 1850 5689 "
1876 5658 2008 5713 Num

2114 5676 2157 5726 ν,
2193 5660 2278 5716 52.
2337 5663 2383 5696 ⁸⁸
2415 5661 2582 5718 Ilebr.
2617 5681 2688 5730 iv,
2727 5668 2778 5722 5.
