3990 6196
329 304 436 395 ιιι-1

1035 339 1125 397 DE
1161 342 1601 402 ADORATIONE
1640 347 1705 401 IN
1747 336 2026 404 SPIRITU"
2054 349 2142 404 ET
2183 350 2547 407 VERITATE.
2588 351 2716 406 LIB.
2773 355 2874 410 ιιι.

3480 345 3604 406 4931

336 423 622 535 ._wmv
664 447 760 502 καὶ
801 449 956 520 στῆθι
999 454 1056 505 ἐν
1090 453 1282 518 πύλαις
1315 455 1448 509 υίῶν
1477 455 1607 511 λαοῦ
1665 474 1791 523 σου,
1841 459 1899 512 ἐν

2029 460 2188 529 populi
2207 463 2304 527 tui,
2333 479 2431 533 per
2450 479 2586 534 quas
2607 463 2988 535 ingrediuntur
3005 477 3160 534 reges
3177 461 3338 528 Juda,
3355 472 3411 518 et
3425 477 3582 533 egre-

327 532 417 601 αἷς
447 538 861 611 εἰσπορεύονται
901 539 1142 613 βασιλεῖς
1180 545 1368 612 Ἰούδα,
1400 549 1494 601 καὶ
1528 550 1586 601 ἐν
1621 543 1710 612 αἶς
1737 550 1901 602 ἐκπο-

331 629 580 701 ρεύονται
633 634 692 686 ὲν
742 633 957 700 αὐταῖς,
1010 637 1104 690 καὶ
1147 637 1205 690 ἐν
1265 638 1467 695 πάσαις
1530 641 1653 704 ταῖς
1708 640 1903 706 πύλαις

339 723 714 795 Ἰερουσαλήμ·
744 724 838 778 καὶ
861 727 1006 795 ἐρεῖς
1033 728 1170 799 πρὸς
1198 728 1413 793 αὐτούς·
1433 731 1723 785 Ἀκούσατε
1746 731 1904 801 λόγον

327 812 561 885 Κυρίου,
589 814 830 885 βασιλεῖς
866 817 1038 872 Ἰούδα
1075 820 1168 873 καὶ⁷
1191 822 1340 875 πᾶσα
1383 823 1610 878 Ἰουδαία
1635 825 1730 878 καὶ⁴
1753 827 1904 880 πᾶσα

341 904 725 978 Ἰερουσαλὴμ,
761 910 856 962 καὶ
895 911 945 962 οί
987 912 1436 983 εἰσπορευόμενοι
1469 915 1526 969 ἐν
1552 918 1673 980 ταῖς
1706 916 1906 981 πύλαις

328 1003 578 1067 ταύταις.
623 1005 761 1058 Τάδε
798 1005 948 1075 λέγει
978 1008 1200 1079 Κύριος⁸
1230 1010 1576 1065 Φυλάσσεσθε
1602 1012 1701 1076 τὰς
1727 1012 1907 1084 ψυχὰς

330 1094 509 1165 ὑμῶν,
549 1098 645 1150 καὶ
688 1097 763 1170 μὴ
804 1099 988 1171 αἴρετε
1010 1101 1372 1174 βαστάγματα
1399 1105 1455 1156 ἐν
1490 1107 1556 1174 τῇ
1587 1105 1772 1176 ἡμέρᾳ
1797 1104 1908 1158 τῶν

331 1187 652 1254 Σαϐίάτων,
678 1190 772 1243 καὶ
801 1193 910 1244 πᾶν
927 1191 1086 1262 ἔργον
1115 1193 1176 1245 ού
1205 1195 1481 1264 ποιήσετε,
1515 1196 1609 1249 καὶ
1634 1196 1708 1268 μὴ
1739 1199 1907 1250 ἐκπο-

334 1279 560 1351 ρεύεσθε
588 1285 710 1346 ταῖς
741 1283 938 1348 πύλαις
974 1285 1348 1357 Ἰερουσαλὴμ,
1397 1287 1491 1340 καὶ
1527 1285 1602 1358 μὴ
1647 1287 1909 1358 ἐκφέρετε

333 1369 700 1442 βαστάγματα
728 1372 787 1439 ἐξ
824 1373 1012 1426 οίκιῶν
1045 1374 1198 1444 ὑμῶν
1236 1375 1295 1428 ἐν
1325 1379 1390 1448 τῇ
1423 1376 1607 1448 ἡμέρᾳ
1632 1375 1742 1430 τῶν
1771 1376 1910 1430 Σασ-

336 1461 542 1526 6άτων,
584 1461 772 1526 καθὼς
809 1465 1163 1538 ἐνετειλάμην
1194 1468 1309 1530 τοῖς
1337 1467 1610 1538 πατράσιν
1638 1466 1791 1536 ὑμῶν
1815 1469 1910 1521 καὶ

331 1553 437 1607 οὐκ
471 1554 748 1625 ἤκουσαν,
799 1557 894 1610 καὶ
937 1557 1038 1612 οὐκ
1068 1557 1283 1611 έκλιναν
1312 1558 1374 1612 τὸ
1419 1555 1512 1624 οὖς
1555 1557 1766 1622 αὐτῶν,
1815 1559 1912 1612 καὶ

334 1643 679 1716 ἐσκλήρυναν
716 1646 808 1700 τὸν
835 1647 1107 1719 τράχηλον
1141 1647 1322 1704 αὐτῶν
1348 1648 1489 1720 ὑπὲρ
1513 1649 1642 1713 τοὺς
1669 1647 1913 1719 πατέρας

333 1737 541 1802 αὐτῶν,
576 1737 671 1792 τοῦ
714 1739 789 1811 μὴ
835 1740 1068 1794 ἀκοῦσαί
1117 1757 1240 1812 μου,
1272 1741 1368 1795 καὶ
1412 1739 1508 1794 τοῦ
1551 1739 1627 1811 μὴ
1655 1737 1912 1805 δέξασθαι

2004 551 2233 607 diuntur
2266 569 2364 624 per
2383 570 2496 619 cas,
2516 565 2571 609 et
2614 553 2680 610 in‘
2698 555 2955 609 omnibus
2979 554 3152 624 portis
3166 554 3464 610 Jerusalem
3487 570 3503 620 ;
3529 563 3587 609 et

2005 643 2156 699 dices
2179 644 2246 699 ad
2265 660 2361 700 eos
2386 664 2397 698 :
2428 646 2627 701 Audite
2645 647 2872 701 verbum
2898 646 3136 712 Domini,
3161 661 3317 718 reges
3347 646 3508 710 Juda,
3531 656 3586 702 et

2005 737 2184 791 omnis
2198 736 2404 800 Judzea,
2421 745 2471 792 el
2495 738 2671 793 omnis
2685 738 3106 808 Jerusalem,qui
3125 736 3470 808 ingredimini
3491 753 3590 808 per

2006 833 2192 895 portas
2224 825 2341 880 has.
2368 827 2491 882 Haec
2511 827 2912 882 dicitDominns
2934 846 2946 880 :
2966 827 3250 883 Custodite
3267 827 3476 882 animas
3496 841 3589 880 vc-

2006 927 2167 982 stras,
2190 926 2246 973 et
2263 934 2331 974 ne
2347 919 2574 989 portetis
2589 934 2757 974 onera
2772 920 2827 974 in
2843 920 2929 974 die
2957 918 3340 984 Sabbatorum,
3356 926 3411 973 et
3427 932 3588 972 omne

2009 1023 2148 1079 opus
2166 1025 2235 1065 ne
2251 1009 2544 1076 faciatis,et
2557 1027 2624 1066 ne
2641 1010 2847 1065 exeatis
2862 1026 2960 1080 per
2976 1018 3162 1081 portas
3184 1009 3509 1072 Jerusalem,
3532 1014 3582 1062 et

2009 1117 2079 1155 ne
2101 1101 2400 1171 exportetis
2427 1118 2598 1156 onera
2619 1117 2649 1158 e
2675 1102 2929 1156 domibus
2958 1102 3158 1162 vestris
3182 1102 3236 1155 in
3266 1102 3354 1156 die
3377 1100 3586 1156 Sabba-

2011 1199 2214 1256 torum,
2242 1199 2298 1246 et
2322 1207 2483 1248 omne
2507 1209 2645 1263 opus
2666 1209 2734 1249 ne
2778 1193 2993 1247 faciatis
3021 1211 3033 1245 :
3060 1193 3393 1248 sanctiﬁcate
3441 1192 3587 1246 diem

2011 1279 2396 1348 Sabbatorum,
2423 1285 2566 1338 sicut
2587 1284 2818 1355 praecepi
2839 1283 3088 1355 patribus
3118 1284 3319 1342 vestris
3347 1301 3361 1349 ;
3399 1292 3455 1337 et
3478 1297 3590 1337 non

2011 1374 2307 1429 audierunt
2355 1391 2535 1446 neque
2586 1377 2987 1432 inclinaverunt
3033 1390 3222 1430 aurem
3289 1389 3469 1438 suam,
3535 1383 3593 1428 et

2011 1464 2424 1521 obduraverunt
2458 1467 2728 1522 cervicem
2752 1482 2907 1521 suam
2931 1467 3055 1537 plus
3081 1481 3246 1536 quam
3276 1474 3460 1536 patres
3493 1480 3592 1519 co-

2013 1571 2157 1621 rum,
2189 1572 2258 1612 ne
2301 1556 2562 1612 audirent
2607 1572 2715 1623 me,
2753 1573 2932 1627 neque
2961 1558 3308 1628 perciperent
3343 1555 3592 1628 discipli-

2012 1662 2143 1701 nam
2173 1648 2240 1702 ⁸⁸.
2275 1667 2293 1699 ι
2323 1648 2444 1703 Νοη
2466 1649 2641 1703 solum
2687 1648 2876 1720 igitur,
2903 1657 2964 1703 ut
2986 1649 3054 1704 ab
3077 1649 3226 1703 omni
3263 1663 3430 1718 Opere
3470 1663 3590 1702 ces-

2015 1746 2202 1791 sarent
2249 1736 2523 1803 Sabbato,
2577 1738 2776 1809 jussit,
2837 1738 2933 1794 sed
3000 1755 3070 1794 ne
3137 1754 3308 1794 onera
3367 1737 3591 1808 quidem

337 1827 607 1883 παιδείαν.
659 1848 678 1878 ι
713 1830 788 1884 Ού
822 1830 983 1900 μόνον
1017 1826 1208 1901 δὴὊῦν
1251 1831 1313 1885 τὸ
1357 1830 1472 1884 δεῖν
1509 1829 1671 1904 ἔργου
1704 1827 1908 1892 παντὸς

2029 1830 2298 1897 efferrent,
2323 1847 2461 1888 neve
2484 1839 2637 1888 extra
2675 1841 2863 1903 portas
2884 1833 3184 1889 Jerusalem
3212 1831 3448 1888 exirent.

336 1919 670 1991 καταλήγειν
716 1921 777 1974 ἐν
835 1921 1099 1994 Σαϐϐάτῳ
1141 1923 1532 1996 προστέταχεν,
1589 1921 1728 1979 ἀλλὰ
1791 1921 1886 1976 καὶ
1951 1920 2316 1997 βαστάγματα
2367 1925 2445 1998 μὴ
2490 1925 2767 1998 ἐκφέρειν,
2811 1927 2948 1998 μήτε
2989 1925 3096 1998 μὴν
3140 1923 3445 1997 ἐξοίχεσθαί
3499 1940 3593 1978 ποι

343 2011 653 2084 περαιτέρω
681 2013 866 2069 πυλῶν
908 2015 1288 2088 Ἰερουσαλήμ.

410 2105 618 2162 ΠΔΛΛ.
656 2107 792 2163 Εἶτα
819 2108 904 2176 τίς
927 2107 995 2166 ἂν
1018 2110 1105 2184 εἴη
1136 2109 1231 2166 καλ⁸
1259 2111 1464 2166 τούτων
1495 2113 1524 2166 ὁ
1546 2111 1737 2182 λόγος;

411 2287 576 2343 ΚΥΡ.
610 2287 820 2362 Νοητὸς
858 2287 924 2363 δὴ
955 2289 1051 2346 καὶ
1083 2290 1474 2365 πνευματικὸς,
1509 2291 1602 2345 καὶ
1656 2288 1919 2344 ἐπέκεινα

341 2377 453 2432 τῶν
499 2378 713 2446 τύπων,
764 2381 860 2436 καὶ
908 2382 1068 2446 σκιᾶς
1096 2382 1337 2454 ἀμείνων
1389 2382 1492 2453 τῆς
1532 2379 1914 2452 ἀρχαιοτέρας.

346 2471 551 2543 Ἐργου
603 2472 700 2544 μὲν
737 2471 848 2545 γὰρ
885 2472 982 2528 τοῦ
1023 2474 1161 2545 πρὸς
1191 2473 1503 2547 φαυλότητα
1540 2473 1918 2546 τετραμμένου

339 2579 401 2616 τε
437 2563 535 2618 καὶ
582 2562 870 2635 βλέποντος
906 2566 986 2632 είς
1027 2565 1324 2638 κατάληξιν
1375 2565 1512 2620 ίέναι
1549 2565 1762 2619 κελεύει
1792 2564 1920 2629 τοὺς

341 2655 401 2710 ἐν
437 2656 662 2728 Χριστῷ
683 2659 1130 2726 σαθϐατίζοντας,
1165 2657 1462 2730 βάσταγμά
1478 2674 1541 2726 γε
1565 2658 1672 2730 μὴν
1697 2655 1922 2727 ὲπωμά-

342 2745 460 2799 διον
479 2745 747 2802 ποιεῖσθαι
798 2746 985 2820 μηδέν.
1025 2747 1165 2812 Τοὺς
1207 2747 1316 2820 γὰρ
1364 2745 1513 2813 άπαξ
1548 2745 1637 2800 διὰ
1683 2745 1785 2816 τῆς
1827 2746 1920 2799 πί-

343 2856 516 2905 στεως
542 2841 604 2894 τὸ
635 2841 914 2895 δύσοιστον
931 2841 1148 2913 άληθῶς
1171 2841 1272 2914 τῆς
1299 2841 1576 2914 ἁμαρτίας
1603 2842 1767 2913 ἄχθος
1786 2843 1920 2896 ἀπο-

342 2930 704 3003 ϐεϐληκότας,
743 2933 863 2997 πῶς
897 2933 999 2987 οὐκ
1031 2933 1379 3003 ἀπόπληκτον
1413 2932 1689 2998 παντελῶς
1732 2933 1795 2987 τὸ
1829 2934 1924 2988 καὶ

343 3023 423 3086 είς
444 3018 604 3088 αὖθις
619 3023 767 3096 αὐτῷ
790 3024 1286 3095 καταφορτίςεσθαι
1306 3024 1437 3092 δεῖν,
1468 3026 1562 3080 καὶ
1593 3024 1924 3079 ὑποπίπτειν

345 3115 564 3169 ἑλέσθαι
607 3115 768 3170 πάλιν
797 3119 909 3182 τοῖς
930 3118 1009 3181 είς
1041 3117 1352 3189 φαυλότητα
1375 3116 1597 3187 ζυγοῖς;
1635 3116 1828 3170 Πυλῶν
1867 3117 1925 3172 δέ

345 3207 479 3262 εἴσω
525 3207 770 3274 καθίζειν
797 3208 926 3284 ¹τῶν
962 3209 1063 3280 τῆς
1104 3207 1481 3281 Ἰερουσαλὴμ,
1513 3208 1576 3262 τὸ
1615 3207 1694 3281 μὴ
1730 3209 1925 3280 χρῆναι

348 3301 558 3366 πόλεως
586 3301 736 3373 ἡμᾶς
765 3300 864 3372 τῆς
890 3301 1051 3369 ἁγίας
1070 3299 1528 3370 άπονοσφίζεσθαι
1547 3299 1757 3363 τυπῶν,
1789 3301 1924 3371 μήτε

2081 2108 2246 2180 229
2267 2107 2464 2163 PALL.
2492 2106 2599 2163 Sed
2623 2123 2871 2178 quaenam
2912 2109 3110 2163 horum
3152 2124 3371 2181 quoque
3406 2111 3595 2168 afferri

2016 2208 2199 2271 potest
2231 2200 2419 2256 ratio?

2085 2291 2244 2349 CYR.
2283 2291 2598 2363 Spiritualis
2625 2307 2756 2350 sane
2789 2301 2847 2350 et
2871 2291 3144 2357 sublimis,
3179 2300 3235 2348 et
3258 2293 3448 2369 ﬁguris
3472 2311 3595 2351 nm-

2017 2383 2244 2455 brisque
2286 2384 2394 2440 illis
2416 2384 2698 2440 veteribus
2720 2383 3089 2458 praestantior.
3134 2384 3244 2439 Eos
3281 2385 3453 2451 enim,
3494 2386 3592 2457 qui

2018 2475 2077 2532 in
2097 2474 2315 2532 Christo
2339 2475 2635 2531 Sabbatum
2648 2484 2833 2546 agunt,
2855 2475 2924 2530 ab
2939 2490 3126 2546 opere,
3150 2475 3294 2544 quod
3311 2476 3380 2531 ad
3399 2477 3596 2533 vitium

2019 2565 2199 2637 vergit
2219 2581 2283 2621 ac
2308 2573 2540 2638 spectat,
2567 2579 2782 2621 cessare
2817 2565 2996 2638 jubet,
3043 2565 3410 2635 prohibetque
3457 2581 3597 2621 onus

2019 2657 2192 2713 ullum
2203 2657 2456 2714 humeris
2468 2657 2752 2728 imponere
2773 2674 2785 2710 :
2804 2671 2932 2710 nam
2952 2655 3229 2728 quomodo
3243 2671 3354 2711 non
3371 2669 3598 2711 summa:

2022 2750 2248 2807 insania:
2271 2749 2362 2815 sit,
2381 2750 2477 2820 qui
2499 2750 2668 2805 semel
2692 2765 2791 2822 per
2813 2749 2976 2805 ﬁdem
2999 2764 3140 2804 onus
3182 2747 3393 2820 peccati
3438 2747 3600 2816 plane

2022 2841 2402 2912 gravissimum
2439 2841 2759 2913 abjeoerint,
2786 2856 2884 2896 eos
2925 2840 3060 2895 illud
3083 2840 3227 2895 idem
3269 2839 3374 2895 sibi
3417 2838 3617 2893 denuo-

2024 2933 2327 3005 imponere,
2354 2940 2410 2988 et
2435 2949 2631 2988 rursus
2662 2932 2919 3003 nequitia).
2936 2933 3128 3004 jugum
3151 2940 3346 3002 sponte
3369 2929 3556 2985 subire
3576 2929 3602 2981 ?

2023 3021 2229 3079 Sedere
2251 3031 2435 3078 autem
2467 3023 2608 3077 intra
2634 3030 2821 3093 portas
2863 3023 3165 3078 Jerusalem
3208 3021 3263 3076 id
3308 3020 3600 3092 signiﬁcat,

2023 3131 2134 3170 non
2159 3130 2279 3170 esse
2302 3115 2464 3169 nobis
2490 3115 2558 3169 de
2585 3121 2773 3169 sancta
2797 3114 3018 3168 civitate
3045 3112 3462 3176 discedendum,
3505 3128 3603 3166 ηοε-

2025 3220 2131 3276 que
2155 3204 2608 3261 committendum
2653 3212 2734 3268 ut,
2766 3203 2897 3258 dum
2923 3203 2990 3258 ad
3014 3201 3164 3257 aliud
3218 3201 3480 3272 quiddam
3520 3201 3606 3256 di-

2023 3297 2311 3359 vertimus,
2353 3302 2507 3350 extra
2549 3294 2789 3349 feramur
2820 3303 2986 3368 atque
3032 3294 3302 3347 labamur.
3349 3293 3603 3348 Sanctam

350 3393 456 3466 μὴν
492 3393 598 3461 ἔξω
626 3392 885 3466 φέρεσθαι
914 3394 1007 3447 καὶ
1037 3391 1348 3447 άπολισθεῖν
1377 3392 1574 3463 ἐφιεὶς,
1601 3391 1689 3445 διὰ
1718 3391 1819 3462 τῆς
1844 3392 1922 3455 είς

2029 3402 2156 3442 vero
2179 3386 2454 3441 civitatem
2488 3385 2785 3440 Ecclesiam
2811 3385 2998 3456 accipe
3029 3403 3040 3437 :
3065 3385 3178 3455 jam
3198 3383 3345 3438 enim
3368 3385 3603 3439 nonnul-

346 3486 536 3559 ’ἕτερόν
562 3504 617 3540 τι
645 3486 1029 3559 παρατροπῆς.
1071 3485 1260 3555 ’Δγίαν
1285 3485 1344 3539 δὲ
1373 3485 1531 3539 πόλιν
1560 3486 1796 3557 νοήσεις,
1828 3482 1927 3552 τὴν

360 3578 712 3651 Ἐκκλησίαν·
746 3579 848 3651 ἤδη
878 3579 986 3650 γάρ
1011 3577 1112 3631 πού
1145 3595 1314 3643 τινες,
1343 3576 1433 3630 διὰ
1461 3577 1559 3647 τῆς
1579 3578 1661 3640 είς
1692 3575 1926 3648 Χριστὸν

351 3674 589 3733 πίστεως
614 3669 1180 3743 ἐκλελαμπρυσμένοι,
1212 3669 1713 3744 άποφορτισάμενοί
1743 3687 1802 3724 τε
1829 3669 1928 3741 τὴν

356 3764 585 3837 βέϐηλον
617 3763 912 3836 ἁμαρτίαν,
948 3762 1079 3817 είσω
1110 3779 1170 3816 τε
1201 3761 1385 3816 πυλῶν
1431 3762 1715 3830 γεγονότες
1755 3761 1929 3830 ἁγίων

352 3856 446 3912 τοῦ
487 3857 636 3912 οῐκου
667 3857 762 3911 τοῦ
789 3855 945 3920 Θεοῦ,
974 3854 1460 3928 παρεκομίσθησαν
1495 3855 1574 3917 είς
1602 3854 1925 3922 ἀπόστασιν,

355 3951 403 4002 εἰ
421 3950 518 4004 καὶ
551 3948 627 4021 μὴ
661 3948 796 4020 πρὸς
816 3949 1033 4019 ἐμφανῆ
1068 3945 1250 4018 τυχὸν,
1273 3945 1389 4000 ἀλλ’
1419 3940 1512 3999 οὖν
1540 3945 1800 4017 ἐξήλαντο
1827 3946 1928 4016 τῆς

357 4042 518 4110 ἁγίας
544 4041 738 4112 πύλης,
765 4040 860 4113 ἔθη
882 4040 1213 4112 τιμήσαντες
1242 4037 1638 4109 εἰδωλοπρεπῆ.
1685 4037 1830 4091 Εῖσω
1865 4039 1929 4110 δὴ

357 4129 448 4186 οὖν
493 4131 765 4204 καθῆσθαι
813 4130 999 4186 πυλῶν
1055 4130 1181 4195 τοὺς
1239 4129 1446 4200 νοητῶς
1506 4128 1931 4194 σαϐϐατίζοντας

360 4219 790 4293 κεχρησμῷδηκε
812 4218 968 4287 Θεὸς,
1001 4219 1063 4276 τδ
1100 4218 1346 4291 ἀσφαλές
1374 4236 1435 4273 τε
1467 4218 1565 4274 καὶ
1595 4219 1928 4291 ἀνεξίτηλον,

360 4312 452 4366 καὶ
485 4312 548 4366 τδ
599 4311 823 4384 μηδαμῆ
865 4311 1066 4384 χρῆναι
1095 4311 1466 4385 ξπαρολισθεῖν
1509 4311 1609 4384 τῆς
1659 4313 1741 4377 εις
1769 4313 1932 4368 αὑτὸν

359 4405 742 4477 γνησιότητος,
784 4405 884 4460 τοῦ
908 4404 1083 4460 τύπου
1127 4405 1502 4477 σημαίνοντος.
1545 4405 1670 4460 Ὀτι
1705 4406 1761 4460 δέ
1794 4405 1930 4460 Θεοῦ

361 4497 516 4556 πόλις
555 4497 591 4569 ὴ
634 4496 952 4570 Ἐκκλησία,
1003 4497 1237 4569 μάλιστα
1290 4496 1391 4568 μὲν
1427 4496 1723 4569 ἁναὸοήσει
1773 4497 1869 4550 καὶ
1904 4497 1934 4550 ό

360 4587 522 4642 AaM
571 4588 778 4659 λέγων’
830 4607 850 4640 ι
885 4588 1260 4660 Δεδοξασμένα
1307 4588 1544 4660 ἐλαλήθη
1576 4589 1702 4662 περὶ
1746 4588 1866 4656 σοῦ,
1899 4589 1932 4659 ή

362 4678 514 4742 πόλις
540 4679 634 4735 τοῦ
672 4678 831 4734 Θεοῦ’
867 4698 887 4734 ι
935 4680 1341 4753 πληροφορήσει
1371 4680 1430 4734 δέ
1459 4697 1560 4734 που
1593 4682 1687 4735 καὶ
1714 4680 1874 4745 αὐτὸς
1905 4683 1934 4734 ό

362 4771 550 4846 Σωτὴρ
577 4771 704 4845 περὶ
736 4772 906 4844 αὐτῆς
938 4772 1112 4842 λέγων
1129 4789 1144 4804 ·
1174 4767 1302 4828 Ὧδε
1325 4773 1641 4845 κατοικήσω
1660 4773 1742 4826 ὃτι
1759 4774 1936 4844 ᾑρετι-

362 4862 543 4935 σάμην
567 4865 760 4937 αὑτήν.
794 4882 814 4916 ι

429 4959 636 5014 ΠΔΛΛ.
690 4961 934 5031 Ἀραρεν
978 4954 1093 5024 οὖν,
1130 4959 1213 5014 ὅτι
1250 4958 1451 5023 παντὸς
1498 4959 1661 5030 ἔργου
1698 4959 1936 5013 καταλύ-

363 5066 530 5120 σομεν
554 5052 612 5105 ἐν
639 5051 926 5122 Σαϐϐάτῳ,
955 5049 1096 5105 κατά
1131 5067 1194 5120 γε
1225 5050 1288 5103 τὸ
1309 5049 1578 5124 νομοθέτῃ
1603 5049 1813 5104 δοκοῦν.

432 5221 596 5277 ΚΥΡ.
635 5222 710 5276 Ού
743 5225 943 5288 παντὸς
990 5223 1195 5290 ἁπλῶς,
1229 5218 1274 5278 ὦ
1303 5223 1597 5278 Παλλάδιεο
1642 5225 1702 5277 τὸ
1721 5223 1829 5295 γάρ
1855 5240 1938 5277 τοι

365 5312 554 5384 χρῆναι
592 5315 812 5384 φρονεῖν
855 5330 916 5367 τε
966 5317 1060 5368 καὶ
1110 5317 1243 5387 δρᾷν
1292 5316 1360 5369 τὰ
1401 5317 1486 5386 ἐφ’
1535 5309 1616 5378 οἷς
1648 5313 1714 5370 ἂν
1758 5315 1940 5386 ἥδοιτο

363 5402 514 5466 Θεὸς,
541 5405 636 5457 καὶ
659 5405 721 5458 οὐ
773 5405 1000 5476 μετρίαν
1032 5405 1141 5476 ἔχοι
1171 5408 1275 5477 τὴν
1307 5407 1512 5478 ὄνησιν,
1545 5405 1646 5460 οὐκ
1685 5405 1939 5459 ἐπαινου-

366 5491 535 5564 μένην
591 5494 658 5549 av
716 5496 1011 5562 είσδέξαιτο
1055 5496 1154 5568 τὴν
1220 5497 1534 5567 κατάληξιν.
1579 5495 1940 5569 Προστέθεικε

365 5582 473 5654 γὰρ
508 5584 571 5638 οὐ
599 5586 797 5657 μάτην,
825 5588 901 5653 ὥς
925 5587 988 5658 γέ
1025 5605 1115 5658 μοι
1139 5588 1305 5654 δοκεῖ,
1337 5588 1397 5642 τὸ
1421 5587 1660 5660 Γράμμα
1681 5588 1740 5642 τὸ
1771 5587 1936 5661 ἱερὸν,

2027 3479 2086 3546 li,
2113 3479 2205 3550 qui
2225 3478 2331 3535 ﬁde
2358 3478 2415 3532 in
2439 3477 2719 3533 Christum
2742 3476 2877 3532 clari
2902 3476 3141 3541 fuerant,
3168 3483 3224 3531 et
3248 3474 3455 3530 nefaria
3479 3489 3602 3544 pec-

2027 3573 2134 3628 cati
2160 3572 2372 3628 sarcina
2405 3561 2709 3636 exonerati,
2734 3578 2789 3625 ct
2812 3570 2960 3624 intra
3006 3577 3225 3625 sanctas
3268 3567 3464 3623 domus
3507 3567 3604 3624 Dei

2029 3674 2218 3736 portas
2241 3665 2496 3737 ingressi,
2521 3663 2590 3719 ad
2635 3662 2999 3719 defectionem
3043 3670 3172 3717 sunt
3193 3668 3357 3731 atque
3383 3668 3605 3730 aposta—

2029 3758 2168 3812 siam
2215 3757 2401 3822 delati,
2441 3756 2545 3812 etsi
2590 3771 2700 3814 non
2744 3762 2989 3825 apertam
3020 3752 3274 3817 fortasse,
3303 3761 3357 3808 at
3400 3761 3549 3807 certe
3575 3768 3606 3805 e

2031 3857 2218 3904 sancta
2262 3858 2419 3920 porta
2466 3848 2791 3903 exsilierunt
2819 3887 2834 3911 ,
2879 3845 3028 3916 quod
3085 3859 3269 3900 mores
3319 3842 3606 3898 hominum

2032 3940 2196 3995 idolis
2221 3940 2532 3994 deditorum
2561 3939 2741 4008 magni
2769 3937 3031 3991 facerent.
3057 3937 3207 3989 Intra
3229 3941 3416 4004 portas
3441 3933 3608 4002 igitur

2032 4029 2224 4084 sedere
2250 4069 2266 4093 ,
2296 4029 2599 4083 Sabbatum
2645 4025 3009 4096 spiritualiter
3061 4030 3306 4094 agentes,
3348 4023 3608 4091 praecepit

2032 4119 2178 4173 Deus
2206 4135 2218 4170 :
2245 4133 2366 4188 qua:
2392 4116 2562 4187 ﬁgura
2595 4113 2866 4185 signiﬁcat
2911 4112 3224 4167 ﬁrmitatem
3268 4118 3433 4181 atque
3477 4125 3608 4165 con-

2033 4211 2312 4275 stantiam,
2337 4219 2394 4265 et
2418 4223 2687 4278 nusquam
2714 4207 2783 4261 ab
2825 4206 2974 4261 illius
2996 4205 3212 4260 sincero
3237 4218 3609 4275 germanoque

2034 4303 2186 4358 cultu
2225 4301 2387 4357 nobis
2427 4316 2549 4358 esse
2579 4299 2995 4356 discedendum.
3030 4297 3165 4352 Esse
3202 4304 3384 4351 autem
3420 4295 3610 4350 Eccle-

2035 4397 2172 4454 siam
2223 4395 2321 4450 Dei
2372 4395 2685 4458 civitatem,
2738 4390 3084 4462 apertissime
3137 4396 3371 4443 testatur
3413 4387 3607 4452 David,

2036 4505 2161 4544 cum
2185 4488 2253 4544 de
2285 4487 2373 4543 illa
2396 4487 2559 4543 dicit:
2593 4507 2610 4538 ι
2629 4485 2878 4541 Gloriosa
2904 4483 3049 4538 dicta
3071 4486 3200 4536 sunt
3221 4479 3290 4534 de
3319 4486 3392 4544 te,
3415 4477 3611 4533 civitas

2037 4579 2133 4634 Dei
2170 4580 2235 4632 θ’.
2263 4598 2280 4629 ι
2328 4578 2447 4648 lpse
2482 4591 2702 4647 quoque
2745 4573 2998 4628 Salvator
3040 4569 3405 4626 certissimam
3447 4567 3610 4624 ﬁdem

2038 4671 2167 4726 facit
2191 4671 2260 4725 de
2287 4671 2397 4734 illa,
2425 4669 2615 4725 dicens
2640 4685 2653 4722 :
2686 4687 2704 4720 ι
2735 4667 2836 4722 Hic
2865 4663 3143 4728 habitabo,
3177 4661 3612 4735 quoniam-elegi

2038 4778 2159 4819 eam
2183 4763 2249 4817 ⁸⁸.
2285 4782 2303 4814 ι

2112 4939 2309 4998 PALL.
2327 4939 2660 4996 Conclusum
2684 4947 2769 4994 est
2794 4938 2980 5010 igitur,
3007 4939 3075 4994 ab
3100 4921 3616 5005 omni'opere-desi‘é

2040 5033 2296 5091 stendum
2327 5033 2382 5088 in
2445 5030 2685 5087 Sabbato
2708 5072 2723 5097 ,
2781 5041 2841 5086 ut
2887 5039 3045 5088 certe
3093 5030 3394 5103 legislatori
3437 5029 3618 5084 visum

2041 5138 2144 5183 est.

2107 5219 2264 5276 CYR.
2288 5219 2407 5275 Non
2433 5219 2502 5274 ab
2526 5218 2939 5289 omniprorsus,
2965 5217 3210 5286 inquam,
3233 5213 3438 5270 Palladi
3460 5231 3472 5265 :
3492 5225 3616 5265 nam

2039 5312 2105 5367 ab
2131 5311 2198 5367 iis
2238 5309 2544 5383 cogitandis
2579 5319 2742 5380 atque
2768 5307 3055 5371 faciendis,
3081 5322 3202 5376 quae
3219 5306 3342 5361 Deo
3376 5303 3614 5373 placent,

2039 5413 2095 5459 et
2121 5420 2242 5473 qua:
2267 5420 2376 5459 non
2400 5402 2732 5458 mediocrem
2757 5399 2960 5454 habent
2983 5398 3273 5451 utilitatem
3295 5434 3309 5457 ,
3337 5406 3618 5461 nunquam

2041 5495 2391 5549 laudabiliter
2413 5493 2615 5550 cessari
2640 5499 2839 5562 potest.
2865 5488 3052 5556 Neque
3093 5486 3242 5540 enim
3286 5482 3497 5536 frustra
3536 5479 3621 5549 (ut

2045 5585 2179 5640 mihi
2219 5581 2709 5654 quidem-videtur)
2755 5580 3122 5652 adjunxernnt
3157 5589 3344 5631 sacm-
3370 5573 3618 5637 Litterae,

473 5763 643 5822 "Jer.
693 5754 818 5837 xvu,
860 5766 924 5823 l9
967 5783 1115 5839 seqq.
1189 5769 1232 5803 "
1264 5769 1408 5826 Psal.
1438 5784 1658 5836 ωιτν-ι,
1678 5767 1728 5822 5.
1808 5769 1852 5800 ⁸³
1887 5765 2028 5821 Psal.
2060 5779 2235 5826 «:xxxr,
2271 5763 2345 5816 15.
