3990 6196
440 319 542 376 ιον

1319 262 1840 378 Ῠῖῖγιιιιιι
1871 315 2340 374 ALEXANDRINI
2379 312 2697 371 anc-mm

3592 303 3691 360 500

419 439 892 508 ,tanctiﬁcandum
939 455 1058 500 esse
1104 460 1134 496 ιι
1181 441 1344 498 nobis
1391 439 1541 497 diem
1587 441 1952 498 Sabbatorum

2118 438 2180 491 τὸ
2221 435 2545 506 ἁγιάζεσθαι
2580 433 2689 486 δεῖν
2740 428 2877 503 πρὸς
2911 429 3070 500 ἡμῶν
3115 426 3214 500 τὴν
3246 425 3354 480 τῶν
3403 423 3698 480 Σαϐόάτων

444 553 464 588 ι
492 533 806 594 Recordare
828 549 1087 604 namque,
1117 536 1214 600 ait,
1241 534 1351 590 diei
1377 533 1766 598 Sabbatorum,
1807 542 1869 589 ut
1891 549 2014 591 san-

431 626 640 684 ctiﬁces
676 642 803 681 eum
825 626 891 680 3‘.
928 646 946 678 ι
982 627 1043 681 ld
1065 643 1198 683 vero
1225 628 1300 682 ita
1323 627 1529 698 optime
1552 625 1922 696 perﬁciemus,
1965 626 2012 684 si

430 721 729 776 Sabbatum
753 720 1112 790 spiritualiter
1140 720 1490 784 celebrando,
1516 719 1719 775 sanctis
1753 719 2015 790 operibus

429 817 616 867 cdram
641 823 804 884 atque
837 813 1176 885 diligentiam
1214 813 1647 883 impenderimus
1688 830 1701 866 :
1744 812 1900 883 cujus
1933 813 2013 867 rei

428 904 519 960 illa
543 906 767 961 evidens
792 906 962 978 ﬁgura
997 905 1184 970 fuerit,
1229 905 1378 974 quod
1418 904 1660 959 Sabbato
1700 903 2014 958 sacerdotes

429 996 485 1050 in
513 997 719 1068 templo
743 999 1043 1055 Sabbatum
1069 1000 1370 1064 violabant,
1409 1007 1464 1054 et
1490 999 1608 1053 sine
1635 998 1795 1068 culpa
1841 997 2014 1053 sacris

428 1085 596 1142 rebus
638 1102 863 1158 operam
907 1087 1130 1152 dabant,
1170 1089 1422 1143 victimas
1462 1085 1838 1149 immolabant,
1884 1100 2014 1140 oves

427 1178 728 1244 caedebant,
756 1181 919 1250 230
942 1182 1127 1236 omnia
1150 1189 1448 1252 postremo,
1484 1195 1606 1249 quae
1631 1177 1699 1233 ad
1751 1177 1848 1232 Dei
1890 1177 2012 1247 glo-

427 1271 568 1325 riam
613 1271 976 1340 pertinerent,
1001 1273 1223 1328 nemine
1265 1271 1597 1342 prohibente
1639 1269 1917 1326 faciebant
1939 1270 2008 1324 ⁸⁸.

427 1359 570 1432 Quid
612 1363 800 1417 enim?
846 1380 957 1418 non
994 1363 1310 1420 Judzeorum
1349 1363 1642 1419 calumniis
1691 1362 1798 1418 hoc
1833 1362 2011 1432 ipsum

423 1455 678 1522 opposuit
699 1454 970 1520 Christus,
997 1471 1124 1510 eum
1148 1456 1327 1525 ipsum
1355 1455 1423 1510 de
1452 1454 1749 1510 violatione
1787 1454 2011 1510 Sabbati

422 1543 867 1610 criminarentur,
892 1546 1036 1616 quod
1062 1547 1427 1619 paralyticum
1466 1545 1704 1603 Sabbato
1729 1547 2013 1604 curasset?

491 1637 690 1692 PALL.
722 1639 967 1694 Memini.

481 1727 638 1784 CYR.
663 1725 1110 1785 Circumducitur
1133 1729 1298 1786 etiam
1317 1729 1485 1785 homo
1497 1730 1554 1785 in
1581 1729 1839 1796 Sabbato,
1856 1730 2010 1801 juxta

423 1820 725 1878 Salvatoris
753 1839 966 1888 vocem,
990 1824 1108 1895 lege
1132 1839 1243 1878 non
1265 1823 1581 1878 vindicante
1612 1841 1624 1876 :
1663 1823 1893 1894 spondet
1917 1823 2005 1878 ni—

421 1912 626 1967 mirum
655 1912 827 1984 ﬁgura
864 1923 921 1970 et
961 1915 1361 1984 propemodum
1389 1924 1579 1986 aperte
1615 1923 1868 1980 testatur,
1913 1915 2002 1983 iis,

420 1999 512 2072 qui
540 2003 595 2056 in
621 2003 838 2058 Christo
871 2003 1169 2059 Sabbatum
1194 2013 1383 2076 agunt,
1418 2005 1473 2060 id
1487 2012 1591 2069 est,
1614 2006 1756 2076 quia
1780 2013 2005 2075 peccato

417 2105 654 2160 cessant,
682 2112 748 2151 ac
773 2097 1184 2153 sa-nctiﬁcantur
1207 2114 1307 2168 per
1325 2097 1508 2162 ﬁdem,
1538 2098 1685 2152 illam
1721 2098 1778 2152 in
1805 2096 2003 2167 spiritu

418 2186 894 2248 circumcisionem
919 2189 1264 2259 apertissime
1286 2190 1605 2254 convenire,
1632 2204 1754 2260 quae
1776 2188 1836 2243 fit
1857 2199 2006 2252 octa—

417 2293 508 2344 vo,
538 2279 590 2335 id
635 2287 742 2345 est,
783 2280 1209 2336 resurrectionis
1250 2280 1382 2335 die:
1431 2279 1513 2334 sic
1555 2277 1709 2340 enim
1751 2278 2004 2340 Christus

416 2372 754 2438 resurrexit;
796 2374 890 2444 qui
909 2382 1268 2444 posteaquam
1293 2373 1511 2439 revixit,
1541 2373 1824 2429 destructo
1850 2388 2002 2434 mor-

417 2462 488 2524 tis
525 2463 780 2543 imperio,
817 2465 965 2522 illico
1020 2476 1210 2521 sancto
1256 2464 1468 2536 Spiritu
1524 2481 1656 2520 suos
1698 2464 2003 2535 discipulos

413 2555 726 2627 obsignavit
765 2559 1031 2634 :hachue
1051 2569 1136 2614 est
1158 2559 1247 2613 illa
1281 2557 1337 2612 in
1373 2557 1582 2628 Spiritu
1627 2557 1998 2618 circumcisiot

413 2646 715 2706 Insnmavit
757 2651 928 2716 enim,
971 2650 1204 2710 dicens:
1253 2668 1271 2702 ι
1307 2649 1552 2720 Accipite
1577 2651 1846 2721 Spiritum
1869 2665 1996 2710 san:-

414 2739 696 2804 ctum."._i
744 2739 940 2798 Annon
1009 2741 1212 2798 Paulus
1253 2759 1472 2814 quoque
1501 2744 1574 2799 ita
1599 2742 1717 2798 ﬁeri
1756 2743 1998 2799 circum-

412 2830 679 2890 cisionem
726 2832 782 2888 in
845 2833 1045 2904 spiritu
1095 2834 1333 2890 fatetur?
1375 2835 1707 2892 Clrcumcidi
1760 2851 1997 2906 namque

411 2931 667 2996 oportere
693 2938 809 2990 eos,
859 2926 953 2995 qui
998 2926 1345 2982 crediderant
1371 2968 1385 2992 ,
1422 2927 1838 2984 circumcisione
1885 2942 1994 2983 non

411 3015 741 3082 manufacta,
771 3017 824 3072 id
849 3026 952 3084 est,
978 3019 1196 3089 spiritu,
1225 3021 1561 3076 asseveravit
1589 3021 1654 3080 ⁸³⁷,
1682 3019 1993 3087 Quinetiam

409 3107 546 3201 illud
567 3109 892 3177 addiderim,
923 3128 1032 3168 non
1055 3128 1214 3183 posse
1234 3129 1335 3168 nos
1367 3114 1460 3184 qui
1478 3113 1839 3183 spiritualiter
1861 3112 1995 3169 Sab-
2023 3139 2068 3201 ρ

412 3197 599 3252 batum
627 3215 929 3267 servamus,
960 3212 1328 3274 congruenter
1360 3205 1428 3259 ab
1452 3204 1540 3270 iis,
1572 3220 1694 3275 qua:
1729 3204 1796 3259 ad
1833 3203 1993 3259 forti-

412 3289 660 3346 tudinem
687 3293 1026 3363 spiritualem
1061 3295 1367 3366 pertinent,
1387 3299 1527 3354 etab
1572 3298 1824 3354 hostibus
1867 3313 1998 3353 con-

409 3386 676 3452 terendis,
701 3389 1146 3462 adversariisque
1174 3392 1230 3449 in
1253 3392 1475 3450 Christo
1506 3392 1852 3462 superandis,
1895 3409 1998 3448 un-

407 3494 572 3548 quam
601 3496 819 3536 cessare
847 3501 858 3535 :
886 3492 943 3538 et
983 3485 1104 3554 ejus
1124 3486 1204 3540 rei
1255 3486 1548 3556 imaginem
1577 3485 1676 3541 tibi
1715 3485 1994 3555 proferam

407 3581 601 3624 rursus
623 3578 864 3626 veterem
887 3573 1042 3627 illum
1061 3575 1268 3640 Jesum,
1295 3575 1390 3644 qui
1416 3590 1521 3629 una
1541 3591 1667 3630 cum
1692 3573 1819 3629 filiis
1830 3574 1995 3630 Israel

407 3657 600 3720 urbem
635 3661 855 3718 Iericho
889 3664 1122 3733 septimo
1159 3666 1275 3731 die,
1299 3666 1352 3722 id
1378 3674 1463 3722 est
1500 3665 1760 3732 Sabbato,
1789 3665 1953 3737 cepit.

473 3827 672 3886 PALL.
699 3831 883 3888 Solam
907 3834 1075 3905 igitur
1100 3837 1262 3892 nobis
1286 3854 1317 3893 a
1337 3839 1600 3910 nequitiae
1642 3855 1708 3896 ac
1743 3850 1994 3911 peccato-

407 3936 529 3977 rum
547 3925 809 3993 operibus
829 3927 1196 3996 vacationem,
1221 3930 1370 4000 quod
1393 3932 1461 3987 ad
1492 3932 1781 3989 veritatem
1819 3937 1993 4006 perti-

403 4025 500 4071 net
525 4022 780 4088 tanquam
822 4020 877 4075 in
901 4021 1092 4093 ﬁguris
1119 4024 1231 4080 illis
1257 4026 1441 4084 adhuc
1460 4027 1748 4087 veteribus
1787 4044 1993 4102 prope-

403 4107 628 4170 modum
665 4111 1065 4182 adumbratam,
1092 4115 1391 4174 Sabbatum
1415 4117 1624 4175 afferet.

479 4195 637 4252 CYR.
673 4199 753 4255 Ita
794 4203 884 4258 aio
937 4223 950 4258 :
983 4206 1029 4260 si
1062 4223 1197 4262 vero
1224 4225 1384 4266 secus
1406 4210 1594 4278 habet,
1623 4211 1677 4267 id
1703 4211 1991 4274 manifeste

403 4285 612 4351 Christi
636 4294 956 4363 mysterium
982 4299 1310 4364 ostenderit.

473 4376 674 4436 PALL.
701 4381 822 4451 Quo
853 4388 1072 4445 tandem
1095 4393 1300 4448 modo?

2117 529 2363 600 ἡμέραν·
2402 548 2419 580 ι
2461 524 2745 596 Μνήσθητι
2786 522 2912 596 γὰρ,
2944 539 2962 572 ι
2999 519 3153 592 φησὶ,
3186 537 3204 570 ι
3231 517 3328 588 τὴν
3358 515 3570 587 ἡμέραν
3591 514 3698 568 τῶν

2115 619 2412 679 Σαὸϐἁτων
2459 617 2706 686 ἁγιάζειν
2761 616 2952 685 αὐτήν.
3012 633 3029 665 ι
3103 607 3587 681 ’Λποπερανοῦμεν
3641 608 3699 660 δὲ

2114 714 2273 771 τοῦτο
2323 713 2418 767 καὶ
2443 701 2572 765 ’λίαν
2614 707 2896 772 ἐπιεικῶς,
2931 707 2982 761 εί
3015 705 3186 774 ἁγίων
3221 701 3401 772 ἔργων
3439 697 3700 768 ὲπιμεληυ

2113 808 2205 862 ταὶ
2235 803 2560 876 φαινόμεθα,
2592 799 3012 863 σαϐϐατίζοντες
3050 795 3286 867 vom-62¢
3319 792 3406 862 εἴη
3432 792 3475 844 δ’
3513 791 3579 845 ἂν
3605 789 3701 843 τοῦ

2117 899 2444 972 πράγματος
2497 893 2846 955 ὑποτύπωπς
2897 888 3157 960 ἐναργὴς,
3215 887 3274 940 τὸ
3325 886 3382 936 ἐν
3437 880 3703 972 Σαὸὂάτω

2115 971 2240 1052 τοὺς
2279 987 2465 1060 ίερέας
2509 986 2567 1036 ὲν
2604 982 2682 1053 τῷ
2723 980 2852 1053 ἱερῷ
2883 981 2944 1033 τὸ
2983 977 3258 1033 Σάϐϐατόν
3289 971 3573 1046 βεϐηλοῦν,
3607 971 3703 1025 καὶ

2115 1081 2432 1150 ἀμωμήτως
2483 1064 2810 1146 ἐργάζεσθαι
2853 1073 2924 1124 τὰ
2977 1069 3132 1141 ἱερὰ,
3166 1067 3280 1136 ,καὶ
3317 1065 3557 1136 πληροῦν
3601 1067 3700 1120 Θυ-

2119 1172 2257 1236 σίας,
2283 1171 2376 1224 καὶ
2414 1168 2806 1240 μηλοσφαγεῖν,
2848 1163 3027 1217 πάντα
3061 1179 3121 1214 τε
3166 1160 3294 1230 δρᾷν
3327 1157 3394 1211 τὰ
3426 1158 3506 1219 είς
3539 1154 3699 1217 δόξαν

2116 1265 2251 1319 Θεοῦ
2291 1259 2694 1322 ἀδιακωλύτως.
2744 1258 2816 1311 Ἥ
2851 1257 2961 1327 γὰρ
2988 1253 3113 1325 οὐχὶ
3142 1255 3264 1316 ταῖς
3286 1246 3394 1304 τῶν
3428 1247 3699 1301 Ἰουδαίων

2120 1357 2363 1429 μομφαῖς
2395 1351 2528 1408 αύτδ
2561 1351 2626 1422 δὴ
2664 1347 2824 1409 τοῦτο
2853 1345 3227 1417 παρεκόμισεν
3251 1343 3280 1395 6
3317 1339 3572 1412 Χριττδς,
3608 1338 3698 1391 ὅτι

2116 1452 2180 1524 δὴ
2205 1451 2364 1505 λύσιν
2381 1446 2722 1520 ἐπεφήμιζον
2757 1442 2907 1513 αὐτῷ
2934 1440 3030 1496 τοῦ
3061 1440 3228 1515 νόμον
3271 1432 3699 1507 τεθεραπευκότι

2111 1544 2202 1603 τὸν
2239 1540 2552 1613 παράλυτον
2576 1541 2632 1592 ὲν
2654 1535 2944 1606 Σαϐϐάτῳ;

2183 1633 2394 1692 ΠΑΛΛ.
2427 1630 2512 1685 Με
2519 1629 2821 1702 μνήσομαι.

2183 1725 2350 1779 ΚΥΡ.
2383 1721 2779 1793 Περιτέμνεται
2806 1718 2862 1772 δὲ
2887 1715 2983 1771 καὶ
3005 1713 3298 1785 ἄνθρωπος
3327 1713 3385 1766 ὲν
3407 1710 3696 1782 Σαϐϐάτῳ,

2115 1814 2258 1869 κατὰ
2295 1815 2392 1886 τὴν
2431 1812 2524 1868 τοῦ
2557 1810 2812 1885 Σωτῆρος
2833 1808 3038 1879 φωνὴν,
3072 1805 3173 1860 οὐκ
3203 1801 3564 1874 ἐπιτιμῶντος
3603 1799 3697 1854 τοῦ

2113 1905 2279 1977 νόμου
2299 1921 2312 1936 ο
2350 1903 2642 1979 παρεγγυᾷ
2663 1901 2772 1975 γὰρ
2797 1902 2824 1955 ὁ
2844 1899 3015 1963 τύπος
3038 1898 3134 1952 καὶ
3159 1895 3442 1967 μονονουχὶ
3465 1893 3697 1965 διαμαρ⁶

2111 1996 2339 2068 τύρεται
2367 1995 2577 2065 σαφῶς,
2605 1996 2687 2048 ὅτι
2728 1993 2928 2066 πρέποι
2956 1990 3021 2051 ἂν
3047 1991 3141 2044 καὶ
3169 1988 3315 2061 μάλα
3336 1987 3566 2050 εἰκότως
3586 1986 3697 2049 τοῖς

2111 2089 2169 2141 ὲν
2190 2086 2410 2158 Χριστῷ
2430 2085 2836 2148 σαϐϐατίζουσι,
2859 2081 3130 2144 τουτέστι,
3150 2081 3264 2144 τοῖς
3287 2077 3696 2148 καταλήγουσιν

2113 2181 2408 2252 ἁμαρτίας,
2445 2180 2540 2232 καὶ
2569 2175 2953 2247 ἁγιαζομένοις
2983 2173 3073 2229 διὰ
3099 2173 3353 2235 πίστεως,
3390 2170 3504 2242 ήὲν
3534 2167 3698 2221 πνεύ-

2114 2288 2249 2345 ματι
2279 2269 2552 2343 περιτομὴ
2591 2267 2942 2341 πραττομένη
2992 2266 3134 2322 κατὰ
3158 2265 3256 2336 τὴν
3293 2263 3510 2333 ὀγδόην,
3540 2277 3695 2344 ⁴τουτ-

2110 2361 2228 2416 έστι
2259 2360 2359 2433 τὴν
2391 2360 2764 2432 ὰναστάσιμον
2792 2358 3007 2431 ἡμέραν
3033 2375 3047 2391 ο
3096 2357 3392 2428 ἐγήγερται
3417 2354 3527 2424 γὰρ
3553 2349 3696 2406 οὕτω

2108 2453 2364 2524 Χριστός.
2407 2451 2624 2522 Ἐπειδὴ
2653 2450 2708 2506 δὲ
2740 2449 2962 2516 ἀνεϐίω,
2981 2449 3042 2502 τὸ
3070 2447 3164 2504 τοῦ
3185 2446 3424 2501 θανάτου
3452 2441 3692 2498 καταλύν

2111 2563 2208 2610 σας
2250 2546 2471 2618 κράτος,
2517 2543 2955 2616 κατεσφράγισεν
2994 2541 3158 2606 εὐθὺς
3212 2540 3291 2611 τῷ
3335 2538 3477 2610 ἁγίῳ
3518 2535 3692 2592 Πνεύ-

2109 2657 2240 2714 ματι
2271 2638 2398 2703 τοὺς
2435 2636 2629 2692 ἑαυτοῦ
2675 2637 3007 2709 γνωρίμους,
3045 2636 3141 2692 καὶ
3184 2632 3340 2689 τοῦτό
3387 2633 3538 2686 ἐστιν
3565 2631 3599 2701 ή
3633 2629 3692 2682 ὲν

2105 2731 2378 2802 πνεύματι
2423 2731 2715 2802 περιτομή.
2763 2729 3094 2801 Ἐνεφύσησε
3123 2727 3233 2798 γὰρ
3268 2724 3444 2795 λέγων
3469 2740 3483 2754 ·
3523 2743 3542 2776 ‹
3577 2723 3689 2777 Λά-

2106 2823 2232 2879 ϐετε
2269 2821 2495 2895 Πνεῦμα
2531 2822 2707 2891 ἆγιον.
2749 2840 2770 2874 ι
2809 2823 2881 2876 Ἣ
2920 2823 3019 2894 οὐχ
3046 2820 3190 2874 οὓτω
3224 2816 3560 2891 πράττεσθαι
3587 2814 3686 2886 τὴν

2103 2914 2180 2978 ὡς
2219 2916 2278 2969 ὲν
2316 2915 2498 2985 νοήσει
2541 2914 2844 2987 περιτομὴν
2876 2914 2972 2967 καὶ
3006 2916 3034 2967 6
3067 2911 3278 2975 Παῦλός
3324 2926 3491 2982 φησι,
3523 2910 3688 2979 Hept-

2102 3007 2404 3079 τετμῆσθαι
2431 3006 2539 3078 γὰρ
2554 3007 2663 3059 δεῖν
2688 3009 2959 3078 περιτομῇ
2985 3005 3406 3076 ἀχειροποιήτῳ,
3437 3001 3685 3057 τουτέστι

2102 3099 2394 3172 πνεύματι,
2429 3099 2800 3171 διισχυρίσατο
2841 3099 2969 3162 τοὺς
3007 3097 3460 3160 πεπιστευκότας.
3507 3095 3686 3168 Προσ-

2099 3191 2254 3263 θείην
2288 3192 2332 3246 δ’
2366 3192 2432 3246 ἂν
2462 3193 2564 3256 ὅτι,
2601 3191 2711 3246 τῶν
2752 3192 2833 3256 είς
2864 3191 3118 3264 ἀνδρείαν
3159 3190 3260 3262 τὴν
3286 3187 3683 3262 πνευματικήν,

2095 3285 2190 3340 καὶ
2235 3284 2328 3339 τοῦ
2377 3282 2686 3356 συντρίϐειν
2720 3284 2970 3356 ἐχθροὺς,
3021 3284 3116 3338 καὶ
3163 3285 3320 3357 νικᾷν
3365 3283 3423 3336 ὲν
3464 3280 3686 3353 Χριστῷ

2093 3379 2220 3439 τοὺς
2264 3377 2692 3448 ἀνθεστηκότας,
2728 3378 2829 3432 οὐκ
2863 3378 2930 3432 ἂν
2959 3376 3372 3447 καταλήξαιμεν
3435 3374 3683 3437 εἰκότως,

2095 3469 2301 3541 vomth
2333 3469 2750 3535 σαϐϐατίζοντες
2774 3487 2788 3500 ⁸
2823 3471 3008 3525 εἰκόνα
3044 3469 3103 3524 δέ.
3130 3486 3214 3524 σοι
3244 3468 3491 3539 παροίσω
3522 3466 3684 3520 πάλιν

2093 3567 2185 3620 τὸν
2227 3566 2449 3636 ἀρχαῖον
2488 3567 2692 3619 ἐκεῖνον
2748 3563 2976 3634 Ἰησοῦν,
3023 3562 3160 3631 ὁμοῦ
3200 3565 3315 3626 τοῖς
3355 3562 3415 3630 ὲξ
3465 3557 3685 3632 Ἰσραήλ

2095 3658 2342 3729 ᾑρηκότα
2383 3655 2480 3728 τήν
2530 3656 2742 3728 Ἰεριχὼ
2796 3657 2941 3710 κατὰ
2995 3653 3092 3728 τήν
3142 3653 3377 3726 ὲὸδόμην
3422 3652 3681 3724 ἡμέραν,

2092 3749 2392 3815 τουτέστιν,
2427 3751 2484 3804 ὲν
2510 3749 2587 3821 τῷ
2619 3749 2902 3816 Σαϐϐάτῳ.

2164 3842 2371 3896 ΠΑΛΛ.
2411 3841 2635 3913 ’Δργίαν
2667 3837 2761 3895 οὖν
2798 3840 2905 3911 ἄρα
2931 3839 2994 3893 τὸ
3027 3837 3302 3894 Σάϐϐατον
3337 3836 3498 3908 μόνον
3524 3837 3680 3908 ἡμῖν,

2093 3935 2168 4000 ὼς
2192 3934 2354 3999 ἔοικε,
2391 3935 2500 3988 τῶν
2547 3935 2611 3986 ὲκ
2635 3932 2968 4005 φαυλότητος
3002 3932 3096 3988 καὶ
3127 3929 3412 4001 ἁμαρτιῶν
3441 3929 3684 4000 εἰσκομί-

2095 4045 2238 4082 σειεν
2266 4025 2350 4093 ἂν,
2380 4027 2507 4096 τόγε
2552 4022 2688 4099 ἦκον
2719 4027 2800 4092 είς
2838 4024 3120 4098 ἀλήθειαν,
3154 4025 3253 4096 τὴν
3289 4024 3364 4088 ὡς
3388 4025 3446 4077 ὲν
3491 4023 3683 4086 τύποις

2093 4121 2179 4176 ἔτι
2204 4122 2319 4184 τοῖς
2339 4120 2717 4193 ἀρχαιοτέροις
2745 4119 3031 4192 μονονουχὶ
3062 4117 3607 4190 σκιαγραφουμένην.

2163 4215 2330 4269 ΚΥΡ.
2369 4213 2528 4269 Οὕτω
2553 4214 2697 4286 φημί
2722 4229 2735 4243 ·
2765 4213 2889 4268 καθ’
2913 4213 3101 4285 ἕτερον
3125 4211 3183 4267 δὲ
3204 4211 3428 4292 τρόπον,
3461 4211 3524 4264 τὸ
3547 4211 3682 4283 Χρι-

2095 4307 2222 4362 στοῦ
2252 4308 2548 4379 μυστήριον
2567 4304 2944 4377 παραδείξειεν
2962 4304 3029 4362 ἂν
3055 4305 3150 4359 καὶ
3181 4304 3328 4375 μάλα
3358 4301 3567 4372 σαφῶς.

2165 4398 2379 4452 nam.
2413 4396 2551 4450 Τίνα
2572 4396 2638 4467 δὴ
2665 4398 2794 4466 φής.

473 4470 632 4530 CYR.
660 4477 812 4534 Dixit
830 4489 980 4538 certe
1007 4484 1209 4538 iterum
1255 4485 1379 4538 lex:
1420 4505 1437 4536 ε
1469 4484 1526 4540 Si
1571 4487 1776 4543 emeris
1806 4489 1986 4544 virum

2162 4490 2482 4561 ΚΥΡ.”Εφη
2497 4507 2600 4543 που
2618 4489 2780 4543 πάλιν
2801 4493 2829 4544 ό
2847 4490 3029 4560 νόμος·
3054 4510 3080 4543 t-
3097 4489 3224 4544 Ὲὰν
3237 4489 3296 4544 δὲ
3313 4488 3494 4560 κτήσῃ
3511 4485 3680 4540 παῖδα

402 4562 714 4635 Hebraeum,
744 4585 840 4628 sex
855 4588 1035 4629 annos.
1049 4576 1252 4630 serviet
1279 4576 1414 4641 tibi,
1442 4592 1588 4633 anno
1611 4589 1795 4634 autem
1819 4579 1988 4650 septi-

403 4671 494 4712 mo
517 4661 833 4731 egredietur
871 4665 1015 4720 liber
1051 4667 1221 4737 gratis
1247 4667 1310 4723 3'.
1348 4687 1366 4721 ι
1422 4669 1492 4724 Ει
1521 4671 1638 4726 haec
1678 4672 1903 4741 quidem
1926 4671 1986 4728 in

403 4743 610 4802 Exodo.
653 4749 712 4804 In
739 4751 1163 4811 Deuteronomio
1209 4773 1343 4812 vero
1395 4775 1586 4814 rursus
1627 4761 1703 4816 ita
1744 4761 1923 4832 inquit
1965 4779 1980 4817 :

409 4854 429 4887 ι
463 4835 519 4892 Si
541 4848 726 4896 autem
753 4844 1014 4901 venditus
1036 4847 1138 4901 tibi
1163 4848 1334 4904 fuerit
1368 4850 1538 4906 frater
1570 4861 1698 4907 tuus
1721 4853 1991 4909 Hebraeus.

402 4927 486 4982 vel
532 4929 781 4999 Hebraea,
829 4939 1031 4995 serviet
1077 4940 1177 4996 tibi
1223 4957 1396 4998 annos
1459 4959 1586 5009 sex,
1638 4954 1696 5002 et
1749 4946 1985 5016 septimo

399 5017 621 5076 emittes
656 5037 784 5078 eum
842 5041 872 5082 a
944 5038 996 5084 te
1062 5030 1298 5090 liberum
1341 5049 1355 5086 :
1401 5048 1526 5089 eum
1572 5049 1712 5094 vero.
1765 5036 1986 5092 emittes

399 5123 530 5162 cum
575 5111 816 5171 liberum
873 5134 905 5173 a
956 5129 1029 5187 te,
1081 5137 1193 5177 non
1252 5127 1474 5180 emittes
1523 5142 1652 5181 eum
1698 5142 1972 5195 vacuum;

401 5199 663 5259 viaticum
708 5206 866 5266 dabis
913 5213 964 5268 ei
1029 5213 1098 5274 ab
1137 5216 1343 5276 ovibus.
1381 5219 1510 5283 tuis,
1548 5226 1606 5277 et
1648 5235 1679 5275 a
1707 5219 1985 5277 frumento

402 5301 517 5359 tuo,
543 5303 599 5350 et
623 5312 652 5351 a
686 5303 947 5359 torculari
985 5312 1108 5373 tuo;
1147 5308 1290 5364 sicut
1329 5309 1676 5368 benedixerit
1726 5321 1781 5369 te
1822 5314 1982 5384 231'

403 5385 664 5446 Dominus
687 5392 832 5450 Deus
877 5403 1024 5463 tuus,
1058 5399 1216 5457 dabis
1253 5402 1304 5458 ei
1351 5402 1418 5457 ⁸³.
1459 5421 1477 5456 ι
1532 5403 1670 5459 Nam
1711 5405 1984 5476 superiori

401 5485 650 5578 tempore
678 5487 938 5545 universo
963 5503 1090 5547 ante
1133 5494 1310 5549 nostri
1345 5495 1645 5552 Salvatoris
1684 5497 1983 5554 adventum

403 5569 598 5638 Spiritu
642 5579 928 5638 servitutis
966 5583 1131 5641 Israel
1169 5587 1677 5658 constringebatur,
1729 5588 1837 5660 legi
1878 5603 1982 5659 pu-

509 5683 757 5769 ⁸λιῐιοᾱ.
788 5709 875 5760 xx,
897 5695 949 5750 8.
1031 5699 1076 5731 ⁸⁸
1105 5698 1293 5755 Matth.
1326 5717 1435 5765 xxi,
1465 5701 1550 5756 12.
1632 5703 1678 5736 ⁸⁸
1705 5702 1863 5764 Joan.
1890 5718 1980 5769 xx,

2163 5700 2208 5733 ⁸⁷
2240 5696 2452 5759 Coloss,
2487 5713 2546 5766 ιι,
2580 5698 2677 5762 tl,

422 5752 507 5818 12-
529 5753 618 5817 Νι

2105 4579 2381 4651 Ἐϐραῖον,
2400 4577 2461 4642 ἓξ
2497 4577 2590 4649 ἐτη
2611 4577 2890 4632 δουλεύσει
2912 4595 3020 4642 σοι,
3040 4578 3118 4649 τῷ
3137 4577 3193 4636 δὲ
3221 4577 3332 4631 ἔτει
3359 4574 3437 4646 τῷ
3465 4573 3681 4643 ἑϐδόμῳ

2092 4669 2450 4724 ἀπελεύσεται
2467 4668 2748 4740 ἐλεύθερος
2764 4667 2994 4740 δωρεάν.
3021 4689 3044 4722 ι
3059 4670 3172 4726 Καὶ
3189 4671 3246 4726 ὲν
3266 4669 3365 4740 μὶν
3383 4669 3446 4738 τῇ
3481 4664 3682 4736 Ἐξόδῳ

2091 4760 2269 4815 ταυτί.
2343 4761 2432 4815 Ἐν
2483 4760 2540 4815 δὲ
2585 4761 2663 4832 τῷ
2691 4761 3099 4832 Δευτερονομίῳ
3133 4759 3296 4814 πάλιν
3331 4758 3473 4812 οὕτω
3507 4756 3676 4829 φησί’

2098 4872 2123 4908 ι,
2166 4852 2294 4908 Ἐὰν
2337 4852 2396 4906 δὲ
2430 4851 2614 4923 πραϐῇ
2649 4869 2730 4906 σοι
2761 4855 2790 4905 ό
2824 4852 3050 4923 ἀδελφός
3074 4870 3169 4905 σου
3211 4854 3240 4906 6
3273 4850 3548 4922 Ἐϐραῖος,
3581 4849 3676 4920 ἢ.ή

2103 4943 2348 5014 Ἑϐραία,
2379 4942 2655 4998 δουλεύσει
2676 4961 2758 4997 σοι
2787 4943 2847 5009 ἓξ
2876 4944 2993 5016 ἐτη,
3026 4944 3121 4998 καὶ
3138 4943 3218 5015 τῷ
3250 4943 3464 5014 ἑϐδόμῳ
3488 4942 3680 5006 ὲξαποω

2093 5037 2299 5100 στελεῖς
2327 5036 2492 5090 αὐτὸν
2523 5035 2806 5108 ἐλεύθερον
2841 5037 2948 5090 ἀπὸ
2985 5036 3080 5091 σοῦ
3101 5053 3114 5067 ο
3145 5037 3274 5101 ὅταν
3303 5035 3360 5089 δὲ
3383 5035 3679 5102 ἐξαποστεο

2090 5129 2202 5192 λεῖς
2231 5126 2398 5181 αὑτὸν
2427 5127 2713 5198 ἐλεύθερον
2753 5127 2860 5182 ἀπὸ
2891 5127 3010 5191 σοῦ,
3039 5129 3141 5181 οὐκ
3171 5125 3552 5193 ὲξαποστελεῖς
3577 5125 3676 5178 αὑ·

2089 5220 2180 5273 τὸν
2201 5219 2376 5274 κενόν’
2403 5218 2612 5289 ἑφόδιον
2625 5219 2929 5288 ὲφοδιάσεις
2952 5218 3116 5274 αύιτδν
3132 5219 3244 5273 ἀπὸ
3259 5218 3369 5272 τῶν
3386 5216 3677 5290 προόάτων

2091 5327 2206 5374 σου,
2234 5308 2332 5364 καὶ
2351 5308 2459 5363 ἀπὸ
2475 5307 2569 5362 τοῦ
2589 5309 2736 5363 σίτου
2758 5310 2856 5364 καὶ
2877 5309 2986 5364 ἀπὸ
3001 5310 3100 5381 τῆς
3128 5311 3331 5380 κλήρου
3358 5321 3472 5362 σου·
3492 5305 3676 5369 καθὼς

2091 5400 2365 5474 ηὑλόγησέ
2387 5418 2451 5454 σε
2483 5402 2691 5473 Κύριος
2720 5403 2750 5456 6
2777 5401 2910 5465 Θεός
2941 5419 3056 5468 σου,
3085 5401 3284 5466 δώσεις,
3305 5399 3474 5471 αὐτῷ.
3509 5417 3528 5451 ι
3573 5397 3677 5451 Τδν

2093 5497 2190 5567 μὲν
2209 5495 2319 5566 γὰρ
2341 5494 2502 5548 ἄλλον
2525 5494 2739 5549 ἅπαντα
2759 5495 2972 5566 χρόνον,
3033 5496 3141 5568 πρὸ
3177 5498 3278 5568 τῆς
3300 5494 3397 5548 τοῦ
3421 5492 3672 5563 Σωτῆρος

2089 5586 2246 5659 ἡμῶν
2281 5585 2592 5658 ἐπιδημίας,
2623 5571 2896 5658 πνεύματι
2931 5587 3179 5650 δουλείας
3213 5587 3245 5639 ὁ
3301 5584 3515 5657 Ἰσραὴλ
3539 5598 3672 5636 κατ-

2778 5700 2824 5734 ⁸⁸
2853 5699 3026 5756 Exod.
3053 5716 3164 5767 ιιι,
3189 5701 3243 5755 2.
3322 5700 3368 5735 ⁸⁸
3384 5699 3546 5756 Deut.
3579 5713 3669 5763 xv,
