3990 6196
389 306 488 364 5)!

1089 314 1177 374 DE
1214 318 1656 382 ADORATIONE
1694 325 1760 382 IN
1803 326 2071 384 SPIRITU
2114 330 2203 384 ET
2246 333 2611 392 VERITATE.
2656 337 2782 392 LIB.
2826 338 2935 393 VII.

3537 345 3661 401 250’}:

385 427 703 528 εἶφίγγετο,
744 428 907 528 ⁸νόμῳ
943 430 1030 528 ’τῷ
1094 436 1378 528 κολάζοντι
1433 443 1958 516 καταζευγνύμενος.

2065 449 2238 504 nienti
2273 452 2590 524 subjectus;
2618 463 2805 526 postea
2833 473 2964 512 vero
2986 473 3151 528 quam
3181 458 3442 515 extremis
3457 461 3641 516 saeculi

397 517 615 589 Ἐπειδὴ
657 517 712 572 δὲ
739 519 799 574 ἐν
827 521 1075 592 ἐσχάτοις
1106 527 1199 580 τοῦ
1230 530 1424 607 αίῶνος
1447 538 1656 607 καιροῖς
1687 538 1958 606 (τέθειται

382 608 442 701 δὲ
471 610 602 680 ἡμῖν
636 611 730 663 καὶ
765 611 918 666 τοῦδε
948 615 1115 683 τύπος
1145 619 1205 673 τὸ
1242 603 1557 696 Σάϐϐατονῇ
1586 603 1898 701 ἐπέλαμψεν
1930 633 1959 686 6

395 700 773 792 Ἐμμανουὴλ,
823 703 945 758 τότε
1001 706 1064 779 δὴ
1113 710 1173 764 τὸ
1225 713 1324 782 μὲν
1375 714 1620 782 δουλείας
1673 700 1956 792 ἀφῄρηται

383 791 626 862 πνεῦμα,
664 798 1164 866 προσκεκομικότες
1196 800 1250 854 δὲ
1281 803 1417 870 ὅλως
1453 807 1606 863 οὐδὲν
1637 809 1718 874 είς
1757 791 1960 868 ἀπολύο

380 901 586 956 τρωσιν
618 886 695 956 τῷ
715 888 980 961 Δεσπότῃ,
1015 891 1432 970 φιλανθρωπίνῳ
1459 900 1642 972 χάριτι
1669 903 1962 976 κέκληνται

381 976 524 1046 πρὸς
565 977 898 1049 ἐλευθερίαν,
947 983 1040 1036 καὶ
1080 985 1162 1048 είς
1191 984 1288 1058 τὴν
1329 988 1430 1059 τῆς
1466 993 1738 1060 υἱοθεσίας
1761 997 1919 1063 δόξαν
1944 1015 1958 1030 ·

379 1067 757 1123 δεδικαίωνται
782 1069 892 1144 γὰρ
915 1073 964 1126 oi
999 1075 1388 1143 πιστεύσαντες
1425 1081 1527 1137 οὐκ
1556 1083 1618 1148 ἐξ
1653 1084 1833 1156 ἔργων
1873 1087 1962 1142 νό-

384 1175 490 1229 μου
538 1160 680 1216 κατὰ
721 1163 822 1227 τὰς
852 1165 1095 1237 Γραφάς,
1121 1169 1238 1223 ἀλλ’
1280 1173 1346 1226 ἐκ
1380 1173 1639 1240 πίστεως.
1675 1178 1788 1233 Καὶ
1808 1179 1964 1235 τοῦτο

559 1271 702 1324 φημι
727 1255 807 1322 τὸ,
861 1275 881 1308 ι
928 1257 1314 1318 Ἀπελεύσεται
1350 1265 1634 1339 ἐλεύθερος
1665 1269 1894 1344 δωρεάν.
1936 1289 1961 1325 ο

394 1341 558 1438 ΪΔλλζ
593 1363 618 1438 ι
648 1345 851 1438 Ὅταν,
874 1349 1060 1420 φησιν,
1098 1351 1478 1424 ὲξαποστελεῖς
1497 1361 1658 1415 αὐτὸν
1681 1341 1966 1438 ἐλεύθερον

379 1433 491 1526 duo
524 1433 641 1500 σοῦ,
673 1437 773 1489 οὐκ
807 1437 1190 1508 ὲξαποστελεῖς
1241 1446 1402 1503 αὑτὸν
1429 1451 1607 1506 κενόν⁸
1633 1454 1842 1524 ἐφόδιον
1865 1433 1965 1526 ἐφ-

379 1523 617 1590 οδιάσεις
652 1527 814 1581 αὐτὸν
833 1529 938 1584 ἀπὸ
959 1530 1068 1586 τῶν
1095 1536 1384 1606 προϐάτων
1413 1557 1529 1607 σου,
1558 1523 1784 1600 ἀπὸτοῦ
1815 1523 1965 1602 σίτου

383 1631 505 1708 σου,
534 1617 630 1670 καὶ
669 1618 777 1672 ἀπὸ
811 1622 911 1691 τῆς
943 1622 1108 1696 ληνοῦ
1143 1643 1259 1682 σου.
1310 1649 1330 1681 ι
1383 1630 1548 1704 Ὁρᾷς
1577 1635 1825 1708 ἐναργῶς
1870 1639 1965 1693 τοῦ

380 1707 524 1760 κατά
546 1710 776 1782 Χριστὸν
807 1715 1109 1786 μυστηρίου
1143 1719 1239 1792 τὴν
1268 1721 1516 1794 δύναμιν,
1548 1726 1607 1779 ἐν
1631 1707 1696 1794 γε
1723 1732 1963 1785 τουτοισὶ

379 1797 822 1894 διαλάμπουσανς
858 1805 1246 1880 λελυτρώμεθα
1289 1814 1420 1886 γὰρ,
1450 1819 1544 1872 καὶ
1576 1819 1778 1891 ἀνῆκεν
1811 1824 1960 1894 ἡμᾶς

379 1891 700 1990 έλευμθέρους
798 1897 1013 1955 πάντων
1045 1903 1203 1974 ήμῶν
1239 1905 1447 1980 Σωτὴρ,
1480 1910 1710 1984 δωρεάν.
1743 1916 1818 1968 Οὐ
1834 1891 1960 1990 ’γὰρ

381 1984 442 2049 ἐξ
494 1984 672 2076 ἔργων
716 1988 1062 2065 δικαιοσύνης
1119 1998 1155 2051 ἃ.
1201 1999 1538 2072 ἐποιήσαμεν
1587 2005 1772 2076 ἡμεῖς,
1823 1984 1960 2064 ἀλλά

381 2075 527 2168 κατά
571 2079 633 2130 τὸ
681 2080 816 2134 πολὺ
859 2084 1028 2139 αὐτοῦ
1073 2087 1244 2153 ἕλεος,
1293 2092 1433 2146 κατὰ
1463 2093 1524 2148 τὸ
1551 2075 1955 2168 γεγραμμένον,

379 2166 703 2261 τῆςγοῦτως
747 2173 1063 2247 ὑπερφυοῦς
1112 2182 1451 2256 ἡμερότητος
1506 2166 1956 2261 μετεσχήκαμεν·

378 2259 552 2322 ἀνιεὶς
599 2262 656 2316 δὲ
699 2266 848 2336 ἡμᾶς
897 2269 1237 2344 ἐλευθέρους,
1287 2276 1594 2346 τουτέστιν,
1642 2259 1960 2348 ἀπαλλάξας

381 2351 687 2424 ἁμαρτιῶν,
733 2359 828 2412 καὶ
871 2363 936 2432 τῇ
983 2365 1080 2433 τῆς
1118 2366 1391 2433 υἱοθεσίας
1419 2371 1835 2438 κατακαλλύνσς
1863 2375 1960 2445 χά·

380 2461 512 2516 ριτι,
560 2447 724 2500 καλὸν
770 2450 902 2520 ἡμῖν
933 2453 1144 2523 ἐφόδιον
1189 2459 1380 2513 ἑαυτὸν
1433 2463 1844 2534 προστέθεικεν,
1883 2467 1958 2532 ὡς

379 2534 610 2630 άμωμον
661 2541 875 2628 ἱερεῖον,
926 2545 1022 2600 καὶ
1066 2547 1142 2610 ὼς
1177 2551 1452 2620 πρόϐατον
1492 2555 1585 2609 ἐπὶ
1642 2558 1859 2630 σφαγὴν
1889 2559 1958 2614 δι’

379 2627 528 2718 ἡμᾶς
571 2631 830 2702 ἠγμένος,
876 2640 1243 2709 χαρισάμενος
1281 2660 1337 2696 τε
1372 2645 1433 2697 τὸ
1473 2651 1767 2718 μετασχεῖν
1809 2627 1961 2706 εὐλο-

377 2715 506 2784 γίας
537 2719 636 2788 τῆς
667 2721 956 2790 ζωοποιοῦ,
997 2729 1266 2792 τουτέστι,
1299 2733 1398 2804 τῆς
1431 2715 1594 2801 ἁγίας
1633 2715 1798 2793 αιδτοῦ
1825 2757 1958 2812 σαρ-

377 2807 475 2900 κος
505 2825 562 2862 τε
593 2813 688 2865 καὶ
717 2813 966 2884 αἵματος.
1003 2818 1192 2886 Τοῦτο,
1217 2817 1388 2894 οἶμαι,
1428 2826 1552 2880 ἐστὶ
1585 2827 1646 2881 τὸ
1683 2807 1960 2900 ὲφοδιάξο-

380 2897 506 2952 σθαι
531 2902 642 2955 δεῖν
667 2905 772 2958 ἀπὸ
801 2907 908 2960 τῶν
934 2909 1244 2982 προϐάτων,
1271 2915 1377 2969 ἀπό
1402 2933 1462 2969 τε
1492 2918 1642 2973 σίτου
1670 2897 1766 2976 καὶ
1787 2897 1954 2989 οίνου,

376 2991 616 3087 τοὺς-,ἐν
663 2996 874 3069 ἑϐδόμῳ
928 3003 1126 3074 καιρῷ,
1173 3006 1476 3074 τουτέστιν,
1544 3011 1603 3064 ὲν
1651 3011 1729 3083 τῷ
1786 3015 1960 3087 νοητῷ

378 3081 664 3178 Σαϐϐάτῳ,
697 3090 1067 3162 κεκλημένους
1088 3097 1169 3160 εἰς
1195 3098 1513 3172 ἐλευθερίαν
1537 3103 1594 3171 ἐξ
1622 3081 1960 3178 ἡμερότητος

378 3175 480 3272 τῆς
521 3177 876 3253 Δεσποτικῆς*
911 3185 1050 3240 ἀλλὰ
1083 3189 1244 3244 ταυτὶ
1295 3193 1393 3263 μὲν
1437 3194 1465 3246 6
1505 3175 1688 3266 νόμος.
1739 3175 1960 3272 Ἐπειδὴ

480 3271 593 3333 τοῖς
643 3273 918 3340 Ἰουδαίοις
953 3278 1406 3338 ἀναπεπτωκόσιν
1444 3285 1524 3350 είς
1559 3287 1858 3360 ρᾳθυμίαν,

376 3357 501 3452 λίαν
543 3362 716 3417 ἐδόκει
764 3371 951 3436 τηρεῖν
992 3369 1062 3424 τά
1129 3373 1514 3447 ἐντεταλμένα,
1562 3357 1890 3452 γκατητιᾶτο
1932 3384 1962 3437 6

379 3451 516 3543 Θεδς
547 3453 706 3508 τοῦτο
738 3455 868 3528 δρᾷν
898 3459 1210 3532 ἑλομένους.
1244 3466 1558 3540 Γέγραπται
1590 3451 1721 3543 γὰρ,
1755 3474 1838 3526 ὅτι
1868 3475 1963 3528 καὶ

387 3557 406 3590 ι
442 3541 726 3632 ΑἘγενήθη
779 3545 934 3615 λόγος
971 3551 1178 3623 Κυρίου
1237 3557 1374 3629 πρὸς
1425 3541 1718 3630 Ἰερεμίαν,
1753 3562 1958 3632 λέγων’

382 3629 571 3697 Οὕτως
604 3629 726 3689 εἷπε
764 3638 971 3708 Κύριος
1019 3645 1048 3697 6
1092 3645 1225 3710 Θεὸς
1269 3629 1507 3720 Ἰσραὴλ,
1537 3629 1746 3720 λέγων·
1777 3629 1962 3708 Διεθέ-

522 3724 791 3816 διαθήκην
819 3728 956 3799 πρὸς
991 3734 1116 3798 τοὺς
1142 3737 1385 3808 πατέρας
1417 3738 1571 3810 ὑμῶν
1600 3741 1658 3792 ὲν
1685 3741 1753 3812 τῇ
1779 3742 1962 3816 ἡμέρᾳ

387 3805 736 3888 ᾖὲξειλόμην
781 3825 978 3888 αὐτοὺς
1014 3825 1078 3879 ἐκ
1112 3830 1212 3898 γῆς
1245 3805 1524 3897 Δήίγύπττου
1564 3835 1622 3902 ἕξ
1650 3805 1962 3893 οιιέὸυ”δᾶυξ

385 3903 536 3970 λείας
563 3907 737 3978 λέγων
764 3929 777 3944 ο
814 3915 984 3970 Ὀταν
1009 3916 1265 3990 πληρωθῇ
1293 3919 1353 3984 ἓξ
1375 3919 1493 3993 ἔτη,
1526 3925 1844 3993 ἀποστελεῖς
1868 3929 1959 3985 τὸν

386 3996 614 4068 ἀδελφόν
662 4019 754 4056 σου
784 4005 878 4059 τὸν
926 4006 1200 4078 Ἐϐραῖον,
1237 4009 1297 4074 ὃς
1340 4013 1682 4086 πραθήσεταί
1723 4037 1828 4086 σοι,
1868 4022 1962 4076 καὶ

385 4089 616 4159 ὲργᾶταί
659 4111 744 4148 σοι
773 4095 833 4160 ἒξ
878 4097 994 4169 ἔτη,
1035 4099 1126 4153 καὶ
1155 4099 1533 4171 ὲξαποστελεῖς
1567 4109 1730 4164 αὐτὸν
1752 4111 1962 4166 ἐλεύθε-

390 4195 479 4249 ρον
499 4197 512 4210 ·
545 4181 641 4236 καὶ
677 4185 779 4238 οὐκ
811 4185 1048 4255 ἥκουσάν
1081 4206 1205 4260 μου,
1247 4192 1340 4245 καὶ
1373 4195 1474 4248 οὐκ
1532 4195 1746 4252 ἔκλιναν
1771 4199 1832 4253 τὸ
1869 4194 1962 4263 οὖς

385 4271 564 4328 αὐτῶν
587 4289 601 4304 ·
645 4277 740 4331 καὶ
771 4279 1115 4352 ἐπέστρεψαν
1168 4284 1403 4355 σήμερον
1441 4287 1664 4359 ποιῆσαι
1703 4290 1763 4343 τὸ
1809 4292 1962 4356 εὐθὲς

386 4363 491 4432 πρὸ
543 4365 838 4439 ὀφθαλμῶν
890 4388 1014 4440 μου,
1071 4373 1164 4427 τοῦ
1216 4375 1444 4430 καλέσαι
1490 4379 1685 4448 ἄφεσιν
1733 4381 1962 4436 ἕκαστον

385 4455 476 4507 τοῦ
519 4457 750 4527 πλησίον
787 4460 986 4516 αὐτοῦ·
1023 4465 1118 4518 καὶ
1147 4467 1497 4523 συνετέλεσαν
1532 4469 1796 4544 διαθήκην
1822 4474 1962 4530 κατά
1997 4499 2040 4554 D

386 4549 677 4620 πρόσωπόν
719 4571 820 4624 μου
873 4556 932 4610 ὲν
969 4557 1050 4628 τῷ
1090 4560 1255 4630 οἴκῳ,
1288 4553 1332 4630 ᾧ
1365 4563 1640 4636 ἐπεκλήθη
1696 4564 1758 4619 τὸ
1793 4565 1965 4635 ὄνομά

389 4658 488 4710 μου
519 4644 606 4696 ἐπ’
640 4646 806 4700 αὑτοῦ
829 4665 845 4679 ο
882 4649 976 4702 καὶ
1016 4650 1408 4724 ἐπεστρέψατε,
1445 4655 1539 4708 καὶ⁸
1583 4655 1962 4728 ὲϐεϐηλὼσατε

383 4733 480 4804 τὴν
503 4735 774 4807 διαθήκην
804 4757 928 4810 μου,
963 4741 1058 4795 τοῦ
1085 4744 1408 4815 ἐπιπρέψαι
1427 4747 1656 4801 ἕκαστον
1681 4749 1772 4801 τὸν
1799 4749 1963 4802 παῖδα

383 4826 571 4892 αὐτοῦ,
607 4829 704 4881 καὶ
737 4828 968 4886 ἕκαστον
1021 4832 1121 4904 τὴν
1165 4835 1456 4908 παιδίσκην
1516 4839 1700 4904 αὐτοῦ,
1746 4837 1840 4902 οὒς
1875 4838 1964 4903 ἐξ·

385 4921 746 4975 απεστείλατε
793 4924 1113 4996 ἐλευθέρους
1154 4929 1220 4998 τῇ
1252 4927 1396 5000 ψυχῇ
1431 4927 1632 4992 αὐτῶν,
1688 4927 1784 4982 τοῦ
1822 4923 1961 4982 εἶναι

384 5008 510 5079 ὑμῖν
553 5013 635 5074 είς
677 5013 871 5077 παῖδας
921 5015 1014 5068 καὶ
1063 5016 1373 5080 παιδίσκας.
1407 5035 1426 5067 ι
1475 5017 1641 5088 Ὁρᾷς
1677 5019 1823 5083 ὅπως
1862 5019 1962 5072 οὐκ

383 5101 633 5172 ἀνέχεται
662 5103 770 5162 τῶν
798 5105 984 5161 τύπων
1017 5105 1415 5180 ἀθετουμένων,
1453 5109 1654 5181 μᾶλλον
1698 5109 1754 5164 δὲ
1793 5111 1962 5182 αὐτῆς

383 5190 482 5261 τῆς
510 5193 772 5265 ἀληθείας
793 5195 1188 5270 ὲξυϐρισμένης
1207 5199 1280 5262 ὡς
1309 5201 1366 5254 ὲν
1393 5203 1569 5264 σκιαῖς
1596 5200 1712 5265 ἔτι;
1744 5221 1762 5252 ‹
1802 5203 1962 5273 Ἀμε-

384 5282 662 5357 ταμέλητα
726 5285 835 5357 γὰρ
883 5287 954 5340 τὰ
998 5289 1336 5359 χαρίσματα,
1391 5290 1485 5343 καὶ
1533 5292 1566 5362 η
1624 5291 1816 5362 κλῆσις
1863 5291 1958 5345 τοῦ

385 5369 544 5437 Θεοῦ,
582 5391 602 5424 ι
655 5374 797 5428 κατά
843 5375 906 5428 τὸ
942 5379 1349 5449 γεγραμμένον.
1399 5380 1538 5444 Τοὺς
1570 5379 1626 5434 δὲ
1671 5381 1959 5446 ἀνεθέντας

385 5455 533 5525 ἅπαξ
559 5501 574 5524 ,
632 5463 825 5517 ἀνόπιν
883 5464 1135 5530 ἕλκοντες
1198 5466 1474 5532 Ἰουδαῖοι,
1527 5468 1620 5522 καὶ
1685 5471 1801 5532 τοῖς
1859 5469 1958 5540 τῆς

2061 543 2418 611 temporibus,
2450 561 2683 615 quorum
2709 549 2874 603 etiam
2902 547 3129 620 ﬁguram
3157 547 3456 605 Sabbatum
3475 549 3644 608 fuisse

2061 632 2274 688 anobis
2316 636 2558 705 positum
2600 647 2716 704 est,
2765 639 2944 694 illuxit
2976 639 3319 707 Emmanuel,
3352 649 3468 696 tum
3510 657 3642 699 vero

2062 726 2612 798 servitutisspiritus
2652 731 2902 788 sublatus
2940 739 3061 800 est;
3086 748 3323 804 cumque
3359 733 3498 788 nihil
3531 734 3642 790 Do-

2062 817 2214 872 mino
2236 833 2336 888 pro
2361 821 2737 892 redemptione
2754 824 3137 891 contulissent,
3151 825 3498 896 benignitate
3516 841 3643 896 gra—

2064 908 2154 964 tia:
2199 917 2329 965 sunt
2369 913 2437 967 ad
2477 913 2788 970 libertatem
2825 924 2883 970 et
2919 915 2988 971 ad
3048 916 3280 986 gloriam
3325 914 3645 984 adoptionis

2061 1001 2242 1057 vocati
2269 1019 2282 1056 :
2309 1019 2435 1058 nam
2454 1003 2737 1074 iustiﬁcati
2779 1015 2928 1071 sunt,
2974 1007 3069 1076 qui
3103 1007 3482 1070 crediderunt,
3531 1020 3648 1060 non

2063 1105 2132 1147 ex
2157 1093 2424 1163 operibus
2446 1095 2602 1167 legis,
2629 1106 2690 1150 ut
2713 1097 2976 1168 scriptum
2999 1097 3230 1161 est,_sed
3253 1113 3320 1152 ex
3345 1095 3471 1152 ﬁde.
3505 1096 3646 1153 Hoc-

2064 1197 2173 1253 que
2218 1199 2341 1240 esse
2386 1185 2609 1256 inquam
2651 1187 2830 1242 illud:
2892 1207 2911 1239 ι
2974 1187 3300 1258 Egredietur
3339 1189 3485 1242 liber
3521 1202 3644 1257 gra-

2066 1273 2137 1331 tis
2162 1275 2202 1330 ¹.
2239 1295 2258 1328 ι
2290 1275 2397 1332 Sed
2443 1291 2569 1333 cum
2594 1278 2809 1350 inquit,
2849 1299 2867 1330 ι
2899 1279 3134 1335 Emittes
3175 1294 3320 1333 eum
3344 1278 3585 1334 liberum
3609 1295 3652 1334 at

2068 1373 2143 1431 te,
2169 1382 2278 1421 non
2305 1368 2526 1424 emittes
2546 1383 2675 1424 eum
2702 1385 2972 1431 vacuum:
3002 1369 3264 1426 viaticum
3287 1371 3446 1426 dabis
3469 1372 3546 1426 illi
3573 1373 3642 1428 ab

2066 1457 2262 1514 ovibus
2298 1458 2426 1524 tuis,
2453 1474 2484 1513 a
2514 1459 2812 1516 frumento.
2841 1469 2958 1526 tuo,
2999 1469 3056 1516 et
3079 1477 3111 1516 a
3137 1461 3396 1517 torculari
3420 1470 3516 1515 tuo
3541 1462 3584 1525 ¹¹,
3618 1479 3637 1513 ι

2065 1548 2224 1604 vides
2263 1550 2553 1620 perspicue
2601 1550 2806 1606 Christi
2833 1553 3080 1623 mysterii
3116 1552 3228 1607 vim
3263 1553 3320 1606 in
3353 1553 3440 1608 his
3461 1551 3647 1607 verbis

2067 1635 2319 1707 fulgere;
2362 1654 2490 1694 nam
2518 1638 2788 1712 redempti
2832 1656 3047 1707 sumus,
3082 1650 3139 1696 et
3176 1641 3386 1696 dimisit
3420 1657 3521 1696 nos
3552 1641 3646 1695 ille

2069 1727 2314 1782 omnium
2340 1727 2587 1784 Salvator
2615 1730 2819 1785 liberos
2841 1730 3034 1800 gratis.
3065 1730 3187 1786 Non
3222 1730 3371 1786 enim
3397 1748 3463 1786 ex
3509 1745 3642 1800 ope-

2065 1818 2219 1872 ribus
2239 1818 2486 1890 justitiaz,
2515 1835 2635 1889 qua:
2663 1820 2893 1874 fecimus
2925 1835 3045 1885 nos,
3080 1820 3177 1874 sed
3203 1820 3506 1875 secundum
3531 1836 3658 1875 ma-.

2064 1925 2224 1982 gnam
2248 1912 2684 1967 misericordiam
2723 1928 2900 1977 suam,
2935 1920 2999 1966 ut
3033 1912 3297 1982 scriptum
3337 1920 3440 1976 est,
3485 1911 3653 1966 benia

2065 2000 2292 2072 gnitatis
2323 2001 2461 2056 adeo
2493 2001 2722 2073 insignis
2763 2001 3060 2074 participes
3093 2001 3219 2056 facti
3246 2016 3436 2055 sumus
3461 2015 3647 2056 :cumv

2064 2107 2172 2161 que
2194 2108 2296 2146 nos
2313 2093 2516 2148 liberos
2538 2094 2855 2158 dimisisset,
2882 2094 2937 2147 id
2961 2102 3069 2158 est,
3101 2109 3132 2148 a
3151 2092 3390 2163 peccatis
3412 2091 3646 2147 liberas-

2065 2194 2170 2249 set,
2215 2192 2270 2238 et
2314 2185 2625 2255 adoptionis
2675 2186 2850 2256 gratia
2919 2185 3272 2249 decorasset,
3321 2183 3644 2254 praeclarum

2065 2275 2226 2331 nobis
2280 2275 2540 2330 viaticum
2596 2277 2836 2347 seipsum
2899 2277 3138 2350 adjecit,
3190 2283 3250 2330 ut
3298 2275 3648 2331 immaculata

2065 2365 2266 2431 hostia,
2301 2375 2359 2422 et
2381 2376 2442 2421 ut
2461 2367 2579 2423 ovis
2602 2368 2669 2422 ad
2696 2368 2976 2422 victimam
3018 2374 3246 2437 propter
3283 2382 3385 2422 nos
3419 2367 3642 2428 ductus,

2063 2458 2402 2530 largitusque
2428 2467 2489 2513 ut
2519 2458 2750 2514 viviﬁcze
2773 2457 3196 2523 benedictionis,
3249 2457 3305 2512 id
3370 2465 3475 2521 est,
3515 2473 3645 2511 san-

2064 2557 2167 2606 cite
2199 2565 2313 2606 suae
2358 2551 2540 2606 carnis
2571 2567 2636 2606 ac
2671 2551 2953 2621 sanguinis
2997 2550 3292 2620 participes
3327 2564 3576 2604 essemus
3603 2549 3642 2602 ³.

2065 2640 2182 2696 Hoc
2215 2651 2319 2707 est,
2355 2641 2570 2711 opinor,
2620 2641 2690 2696 ab
2722 2640 2940 2704 ovibus,
2992 2648 3156 2709 atque
3193 2655 3230 2694 a
3281 2638 3560 2694 frumento
3589 2647 3646 2694 et

2064 2730 2196 2786 vino
2218 2730 2678 2802 suppeditandum
2701 2746 2823 2787 esse
2853 2731 3114 2784 viaticum
3159 2729 3247 2793 iis,
3279 2730 3376 2800 qui
3410 2729 3646 2800 septimo

2066 2831 2331 2894 tempore,
2364 2823 2418 2878 id
2439 2831 2542 2888 est,
2566 2823 2834 2894 spirituali
2866 2822 3132 2889 Sabbato,
3155 2823 3223 2877 ad
3253 2823 3560 2878 libertatem
3580 2838 3646 2876 ex

2067 2915 2410 2986 benignitate
2435 2914 2720 2970 Dominica
2745 2923 3032 2970 vocantur.
3071 2914 3249 2986 Atque
3289 2914 3377 2969 lex
3423 2913 3648 2984 quidem

2066 3007 2350 3064 hactenus.
2383 3007 2678 3073 Caeterum,
2705 3007 2834 3078 quia
2858 3007 3062 3064 Judreis
3076 3023 3189 3078 pra:
3212 3007 3463 3062 socordia
3493 3021 3649 3062 resu-

2066 3099 2213 3169 pinis
2232 3114 2343 3153 non
2370 3097 2667 3153 admodum
2696 3097 2946 3168 placebat
2967 3098 3085 3154 hate
3107 3098 3362 3154 mandata
3401 3112 3644 3160 servare,

2064 3203 2163 3243 eos
2183 3187 2328 3243 Deus
2352 3196 2591 3252 accusat,
2631 3187 2726 3257 qui
2757 3187 2864 3244 hoc
2905 3188 3090 3244 animo
3121 3195 3327 3244 essent.
3369 3186 3648 3257 Scriptum

2064 3286 2150 3333 est
2172 3278 2364 3333 enim:
2413 3297 2432 3330 ι
2461 3278 2685 3334 Factum
2726 3287 2812 3334 est
2850 3280 3078 3334 verbum
3116 3280 3332 3336 Domini
3378 3279 3445 3334 ad
3491 3279 3644 3335 Jere-

2066 3369 2232 3424 miam
2256 3409 2270 3434 ,
2294 3369 2485 3424 dicens
2513 3387 2525 3422 :
2554 3368 2646 3424 Sic
2672 3369 2806 3424 dicit
2831 3371 3095 3426 Dominus
3127 3371 3274 3426 Deus
3303 3370 3470 3426 Israel
3496 3388 3508 3423 :
3534 3370 3648 3442 Ego

2066 3457 2258 3530 pepegi
2283 3457 2462 3514 fmdus
2484 3473 2610 3513 cum
2638 3459 2890 3528 patribus
2912 3459 3131 3524 vestris,
3159 3460 3216 3513 in
3243 3459 3332 3513 die
3351 3475 3458 3528 qua
3480 3458 3647 3514 eduxi

2065 3563 2162 3605 eos
2205 3549 2274 3605 de
2297 3558 2444 3604 terra
2489 3545 2726 3621 Egypti,
2773 3550 2840 3605 de
2857 3549 3021 3606 domo
3065 3549 3369 3613 servitutis,
3411 3549 3644 3604 dicens:

2065 3641 2204 3698 Cum
2239 3643 2496 3714 completi
2538 3642 2745 3698 fuerint
2787 3657 2881 3698 sex
2928 3643 3080 3707 anni,
3133 3642 3380 3698 dimittes
3421 3642 3649 3699 fratrem

2068 3745 2224 3792 tuum
2252 3735 2563 3801 Hebraeum,
2589 3736 2750 3808 232
2790 3736 2886 3808 qui
2923 3736 3182 3792 venditus
3226 3736 3396 3792 fuerit
3439 3735 3561 3800 tibi,
3590 3744 3648 3790 et

2067 3836 2326 3899 operatus
2350 3828 2516 3884 fuerit
2543 3828 2641 3883 tibi
2667 3845 2761 3884 sex
2783 3844 2976 3895 annos,
3022 3837 3078 3884 et
3119 3828 3366 3884 dimittes
3413 3843 3538 3882 eum
3573 3827 3644 3881 lio

2067 3919 2260 3976 herum
2282 3939 2295 3974 :
2320 3929 2376 3976 et
2399 3936 2507 3975 non
2523 3920 2820 3976 audierunt
2857 3936 2965 3986 me,
2997 3929 3054 3975 et
3090 3935 3202 3974 non
3241 3919 3648 3974 inclinaverunt

2068 4027 2255 4068 aurem
2281 4029 2438 4070 suam
2475 4021 2567 4067 :et
2589 4012 2838 4067 conversi
2897 4019 3024 4067 sunt
3073 4011 3258 4073 hodie,
3304 4018 3364 4062 ut
3401 4009 3648 4064 facerent

2068 4111 2281 4158 rectum
2305 4118 2490 4158 coram
2511 4103 2686 4157 oculis
2713 4103 2870 4166 meis,
2903 4111 2963 4156 ut
2987 4107 3247 4156 vocarent
3267 4101 3644 4156 dimissionem

2068 4195 2448 4264 unusquisque
2472 4193 2707 4263 proximi
2729 4192 2854 4259 sui;
2904 4201 2960 4247 et
2981 4198 3504 4247 consummaverunt
3546 4205 3643 4258 pa—

2070 4292 2220 4340 ctum
2242 4283 2298 4338 in
2321 4289 2618 4352 conspectu
2651 4295 2776 4335 meo
2803 4281 2858 4334 in
2896 4280 3081 4346 domo,
3117 4281 3171 4334 in
3199 4296 3306 4350 qua
3332 4279 3643 4333 invocatum

2069 4381 2154 4430 est
2176 4388 2376 4428 nomen
2400 4387 2584 4426 meum
2619 4370 2676 4425 in
2711 4371 2828 4441 ipsa
2855 4387 2867 4422 :
2893 4377 2950 4424 et
2973 4368 3220 4423 conversi
3246 4366 3384 4422 estis
3425 4374 3480 4420 et
3513 4379 3643 4435 pro-

2070 4466 2298 4522 fanastis
2319 4472 2542 4536 pactum
2561 4478 2765 4528 meum,
2795 4469 2857 4516 ut
2892 4459 3223 4516 revocaretis
3264 4457 3642 4527 unusquisque

2070 4572 2289 4612 servum
2323 4571 2504 4620 suum,
2533 4563 2589 4611 et
2611 4552 2986 4623 unusquisque
3007 4549 3266 4605 ancillam
3303 4561 3478 4612 suam,
3505 4561 3643 4616 quos

2069 4646 2402 4701 dimiseratis
2428 4646 2632 4701 liberos
2652 4644 2846 4699 animae
2885 4643 3149 4711 ipsorum,
3178 4648 3238 4694 ut
3275 4645 3459 4695 essent
3485 4635 3644 4690 vobis

2069 4737 2124 4791 in
2149 4752 2340 4793 servos
2357 4745 2414 4792 et
2436 4737 2659 4791 ancillas
2682 4735 2722 4789 ⁸.
2747 4754 2765 4787 ι
2815 4734 2982 4789 Vides
3005 4730 3466 4803 quemadmodum
3508 4726 3645 4799 figu-

2069 4845 2158 4883 ras
2180 4829 2455 4898 repudiari
2479 4869 2494 4893 ,
2522 4829 2632 4882 imo
2660 4842 2791 4882 vero
2815 4827 3010 4897 ipsam,
3037 4833 3097 4880 ut
3120 4825 3175 4878 in
3203 4821 3416 4878 umbris
3438 4819 3640 4884 adhuc,

2069 4919 2360 4974 veritatem
2381 4918 2576 4972 violari
2602 4934 2712 4972 non
2739 4918 2970 4987 patitur?
3001 4935 3019 4967 ‹
3048 4914 3445 4985 ιιιιρωιιίιειιᾱα
3483 4928 3644 4968 nam-

2070 5025 2177 5078 que
2225 5008 2522 5066 suntdona
2561 5007 2657 5062 Dei
2708 5017 2871 5078 atque
2913 5007 3127 5063 vocstio
3153 5008 3196 5070 ',
3231 5026 3249 5056 ›
3296 5005 3642 5074 utscriptum

2067 5109 2172 5157 est.
2197 5099 2368 5156 Judaei
2396 5109 2601 5165 autem,
2628 5100 2723 5171 qui
2748 5102 2916 5156 semel
2945 5099 3203 5154 dimissos
3249 5098 3605 5154 retrahebant
3626 5135 3640 5158 ,

2066 5197 2123 5246 et
2146 5191 2250 5246 sub
2273 5189 2551 5245 servitutis
2568 5191 2758 5262 jugum
2784 5189 2964 5245 denuo
3001 5188 3349 5260 subigebant,
3376 5188 3521 5243 illam
3545 5185 3644 5238 im-

2065 5283 2447 5355 puruitentiam
2494 5298 2605 5338 non
2649 5290 3028 5347 servaverunt,
3065 5283 3136 5338 ob
3161 5297 3394 5352 eamque
3419 5291 3643 5334 causam

2066 5375 2435 5442 offenderunt,
2459 5392 2584 5431 cum
2607 5377 2727 5448 ejus
2749 5377 2992 5448 mysterii
3021 5373 3434 5446 vim,.quamvis
3462 5368 3646 5423 adhuc

2065 5469 2120 5523 in
2145 5467 2332 5540 ﬁguris
2365 5476 2528 5534 esset,
2566 5468 3040 5538 contempsissent.

383 5551 629 5621 δουλείας
681 5552 838 5623 αὖθις
897 5553 1260 5632 ὑποφέροντες
1313 5561 1516 5630 ζυγοῖς,
1581 5560 1641 5616 τὸ
1701 5559 2112 5632 ἀμεταμέλητον
2166 5562 2226 5615 οὐ
2280 5563 2651 5633 τετηρήκασι.
2711 5557 3196 5631 προσκεκρούκασί
3237 5573 3296 5610 τε
3350 5552 3438 5610 διὰ
3479 5552 3648 5610 τοῦτο

460 5731 475 5761 ⁵
505 5729 681 5789 Exod.
706 5750 814 5802 xxi,
850 5735 900 5790 1.
969 5738 987 5769 ³
1012 5735 1182 5792 Exod.
1216 5751 1293 5802 ιιι,
1315 5738 1402 5793 2t.
1463 5739 1482 5771 ³
1507 5738 1613 5794 Tit.
1645 5752 1720 5803 ιιι,
1750 5740 1973 5808 passim.
2053 5737 2293 5794 ‘Jerem.
2315 5753 2492 5803 xxxiv,
2514 5737 2700 5795 lii-l6.
2767 5738 2788 5770 '
2810 5739 2969 5796 Rom.
3004 5755 3078 5804 xi,
3116 5737 3206 5796 39.
