3990 6196
285 332 393 394 δεῖ

1004 322 1108 396 ὀε
1141 341 1583 400 ΑοοκΑτιοΝε
1616 345 1690 399 [Ν
1725 343 1865 402 smn

1969 347 1992 404 ζ]
2034 347 2123 404 ET
2165 341 2534 400 VERI’FATE.
2576 337 2706 395 LIB.
2747 337 2858 394 VII.

3456 340 3558 400 506

281 451 358 521 ῆν
380 450 500 510 ταῖς
534 447 644 502 τῶν
671 425 844 518 ἁγίων
875 450 1074 522 ψυχαῖς
1101 455 1274 524 ἐνίησι
1301 456 1454 522 Θεὸς,
1483 457 1575 511 τὸν
1601 459 1865 528 ἀγγέλους

1983 475 2126 526 mur,
2158 473 2324 530 quam
2347 466 2665 512 sanctorum
2707 453 2908 508 animis
2949 454 3193 526 suggerit
3231 454 3394 518 Deus,
3432 468 3558 508 cum

280 539 571 611 τρέφοντα,
623 539 718 592 καὶ
751 538 1119 609 ζωογονοῦντα
1159 551 1288 609 τοὺς
1333 546 1657 616 ἀνθρώπους
1681 588 1697 612 ,
1732 549 1869 603 Θεὸν

281 631 440 702 λόγον
487 633 976 702 ἑγκαταυλίζεσθαι
1024 637 1193 692 ποιῶν
1237 641 1350 703 τοῖς
1381 637 1480 710 τὴν
1531 640 1717 694 πίστιν
1758 642 1871 695 εἰσ-

279 723 645 797 δεδεγμένοις.
682 725 992 798 Κατῴκηκε
1019 728 1127 802 γάρ
1155 731 1183 784 ό
1220 731 1455 801 Χριστὸς
1495 733 1553 785 ὲν
1580 731 1700 796 ταῖς
1734 751 1871 806 καρ-

233 863 246 895 ,
277 817 423 880 δίαις
442 817 605 888 ήμῶν
626 816 716 871 διὰ
742 817 838 872 τοῦ
863 821 1022 890 ἁγίου
1051 821 1192 874 Πνεύ
1201 839 1391 892 ματος,
1417 823 1510 876 καὶ
1533 823 1683 895 ἄρτῳ
1706 823 1870 889 ζῶντι

275 909 376 961 καὶ
407 904 468 972 ἐξ
493 907 728 979 οὐρανοῦ
753 910 1068 980 τρεφόμεθα
1095 913 1231 983 πρὸς
1259 913 1474 979 εὐεξίαν
1499 933 1559 970 τε
1593 919 1686 970 καὶ
1717 919 1870 987 ἰσχὺν

273 999 661 1070 πνευματικήν
682 1015 696 1028 °
724 999 895 1065 τύπος
929 1003 1030 1073 μὲν
1055 998 1149 1058 οὖν
1179 1003 1272 1058 τοῦ
1302 1005 1532 1071 τοιοῦδε,
1572 1008 1632 1061 τὸ
1670 1009 1868 1078 μάννα,

275 1089 464 1161 σαφὴς
493 1090 591 1144 καὶ
622 1089 1020 1156 άνενδοιάστως
1068 1092 1228 1163 ἔχων.
1269 1095 1616 1168 Προστέταχε
1646 1097 1704 1150 δὲ
1730 1100 1760 1151 ό
1784 1098 1871 1151 νό-

277 1199 382 1253 μος
427 1184 772 1254 συναγείρειν
791 1183 925 1237 αὐτὸ
947 1186 1076 1250 τοὺς
1097 1186 1250 1251 υίοὺς
1285 1188 1527 1261 Ἰσραὴλ,
1551 1189 1612 1243 τὸ
1632 1190 1870 1262 διαρκῶς

272 1276 402 1347 ἕχον
431 1277 650 1349 ἑκάστῳ
681 1277 756 1349 μὴ
783 1278 1242 1350 ὑπερτρέχοντας.
1270 1280 1589 1352 Γέγραπται
1615 1282 1724 1352 γὰρ
1749 1283 1868 1338 ὠδίο

277 1384 298 1415 ε
331 1367 409 1420 Τὸ
433 1365 580 1438 πρωῒ
606 1366 826 1435 ἐγένετο
851 1369 1316 1440 καταπαυομὲνης
1337 1369 1437 1441 τῆς
1460 1370 1653 1442 δρόσου
1683 1371 1870 1444 κύκλῳ

271 1457 377 1528 τῆς
406 1457 786 1530 παρεμϐολῆς,
819 1457 915 1512 καὶ
950 1459 1060 1514 ἰδοὺ
1088 1460 1183 1516 ἐπὶ
1209 1462 1503 1533 πρόσωπον
1531 1463 1630 1533 τῆς
1659 1464 1868 1537 ἐρήμου

271 1549 472 1603 λεπτὸν
497 1549 632 1603 ὡσεὶ
672 1551 982 1622 κορίαννον,
1019 1551 1212 1606 λευκὸν
1250 1552 1385 1606 ὡσεὶ
1421 1553 1597 1622 πάγος
1640 1556 1732 1608 ἐπὶ
1770 1556 1871 1627 τῆς

272 1640 402 1712 γῆς.
457 1641 678 1705 Ἰδόντες
716 1642 775 1696 δὲ
806 1643 942 1697 αὐτὸ
969 1645 1020 1696 oi
1052 1643 1162 1699 υίολ⁵
1212 1645 1451 1717 Ἰσραὴλ,
1483 1644 1646 1701 εἶπαν
1683 1646 1873 1718 ἕτερος

271 1733 354 1805 τῷ
403 1733 597 1805 ἑτέρῳ·
647 1732 714 1787 Τί
747 1735 868 1788 ἐστι
911 1734 1105 1802 τοῦτο;
1153 1735 1216 1789 οὐ
1253 1737 1364 1808 γάρ
1417 1737 1636 1809 ᾔδεισαν
1683 1738 1738 1792 τί
1777 1733 1866 1810 ῆν.

441 1799 512 1880 δὲ.
534 1799 744 1897 Μωσῆς
779 1826 919 1898 πρὸς
951 1799 1183 1892 αὑτούςξ
1215 1799 1384 1894 Οὗτος
1479 1829 1645 1902 ἄρτος
1673 1830 1733 1884 ὃν
1779 1799 1868 1885 δέ·
1898 1799 1945 1860 Β

270 1917 452 1972 δωκεν
477 1917 608 1990 ὑμῖν
630 1918 838 1991 Κύριος
860 1922 1078 1990 φαγεῖν.
1103 1919 1277 1975 Τοῦτο
1303 1921 1366 1976 τὸ
1387 1922 1540 1994 ῥῆμα
1557 1921 1586 1977 ὃ
1610 1922 1871 1991 συνέταξε

270 2007 518 2080 Κύριοςο
574 2009 928 2080 Συναγάγετε
969 2010 1067 2064 ἀπ’
1122 2010 1290 2065 αὐτοῦ
1343 2010 1576 2077 ἕκαστος
1622 2013 1703 2077 είς
1740 2014 1872 2077 τοὺς

271 2099 623 2171 καθήκοντας
658 2099 838 2174 γομὺρ
866 2101 1009 2157 κατὰ
1038 2101 1305 2172 κεφαλὰς,
1331 2102 1477 2157 κατά
1502 2103 1737 2176 ἀριθμὸν
1759 2104 1870 2176 ψυ-

272 2189 389 2261 χῶν
428 2189 609 2261 ὑμῶν,
634 2191 869 2256 ἕκαστος
896 2192 994 2247 σὺν
1021 2195 1140 2256 τοῖς
1171 2193 1464 2264 συσκήνοις
1495 2193 1652 2265 ὑμῶν
1680 2193 1870 2248 συλλέ-

274 2282 428 2348 ξατε.
463 2301 490 2336 ι
520 2277 658 2338 Εἶτά
688 2300 825 2354 φησι
855 2283 952 2338 καὶ
976 2283 1097 2356 μεθ’
1127 2282 1293 2355 ἕτερα
1320 2284 1486 2338 πάλιν
1505 2301 1520 2315 ·
1557 2303 1578 2337 ι
1620 2283 1870 2353 Ἐγένετο

270 2375 330 2431 δὲ
372 2378 442 2447 τῇ
495 2374 682 2447 ἡμέρα
723 2377 792 2447 τῇ
831 2375 989 2448 ἕκτῃ,
1041 2375 1333 2443 συνέλεξαν
1367 2375 1437 2429 τά
1484 2375 1672 2430 δέοντα
1703 2374 1869 2430 διπλᾶ

269 2467 450 2540 γομδρ
485 2466 564 2539 τῷ
593 2467 710 2522 ἑνί·
755 2467 1009 2539 εἰσῆλθον
1045 2467 1104 2522 δὲ
1145 2467 1349 2533 πάντες
1386 2469 1438 2522 oi
1480 2468 1742 2539 ἄρχοντες
1769 2467 1869 2539 τῆς

269 2561 598 2632 συναγωγῆς
615 2601 634 2629 ,
671 2561 766 2614 καὶ⁵
797 2560 1130 2632 ἁνήγγειλαν
1157 2563 1359 2634 Μωσῇ.
1398 2559 1534 2616 Eine
1569 2562 1628 2616 δὲ
1657 2561 1866 2632 Μωσῆς

269 2653 410 2724 πρὸς
430 2651 636 2718 αὐτούς
661 2669 677 2685 ο
705 2651 880 2706 Τοῦτο
899 2652 962 2707 τὸ
984 2654 1137 2726 ῥῆμά
1156 2655 1304 2708 ὲστιν
1323 2653 1352 2707 δ
1377 2652 1607 2725 ἐλάλησε
1637 2652 1866 2724 Κύριοςο

269 2745 528 2802 Σάϐϐατα
554 2745 686 2816 ἅγια
719 2745 1030 2810 ἀνάπαυσις
1071 2745 1152 2818 τῷ
1196 2745 1422 2818 Κυρίῳο
1448 2743 1641 2816 αὔριον
1666 2745 1766 2798 ὅσα
1797 2745 1867 2799 ἂν

269 2834 900 2908 πέ[σ]σητε,πέ[σ]σετε,
918 2836 1020 2890 ὅσα
1038 2836 1134 2889 ὲάν
1155 2835 1345 2907 ἕψητε,
1369 2836 1552 2906 ἕψετε,
1570 2837 1665 2890 καὶ
1682 2837 1790 2890 πᾶν
1804 2835 1866 2889 τὸ

266 2927 566 2992 πλεονάζον
581 2927 940 2983 καταλείπετε
964 2929 1152 2994 αὐτοῖς
1168 2928 1455 3000 ἀποθήκην
1481 2930 1560 2990 είς
1580 2927 1640 2984 τὸ
1662 2929 1825 3001 πρωῒ.
1839 2947 1860 2979 ι

267 3013 406 3074 Εἶτα
441 3019 583 3090 πρὸς
609 3019 822 3083 τούτοις
849 3019 942 3073 τὸν
981 3020 1124 3075 θεῖον
1162 3021 1350 3086 αὐτοῖς
1396 3021 1644 3091 διεσάφει
1675 3021 1862 3094 νόμον,

1971 554 2146 608 Deum
2164 552 2318 606 illum
2339 550 2582 605 Verbum
2609 547 2703 617 qui
2731 554 2788 601 et
2820 546 3045 616 angelos
3077 546 3272 616 pascit,
3297 553 3354 600 et
3382 545 3561 602 homi-

1972 643 2138 698 nibus
2177 642 2347 696 vitam
2374 646 2622 711 praestat,
2655 638 2712 692 in
2750 637 2845 699 iis,
2874 637 2968 706 qui
3013 638 3176 692 [idem
3204 647 3558 707 receperunt,

1973 733 2282 788 inhabitare
2305 731 2457 786 facit.
2491 729 2715 784 Habitat
2739 729 2888 784 enim
2909 728 3166 785 Christus
3191 728 3246 782 in
3297 728 3561 784 cordibus

1971 825 2180 880 nostris
2215 839 2314 894 per
2357 820 2621 892 Spiritum
2669 828 2942 885 sanctum,
2979 828 3036 875 et
3065 836 3204 890 pane
3245 820 3476 885 viventi,
3503 828 3562 875 et

1971 917 2190 972 caelitus
2213 913 2470 970 veniente
2495 911 2773 982 pascimur
2817 911 2886 965 ad
2917 911 3236 967 ﬁrmitatem
3282 919 3339 966 et
3389 911 3561 965 robur

1971 1007 2256 1078 spirituale
2288 1003 2712 1074 concipiendum
2740 1017 2973 1057 :manna
2998 1004 3119 1073 ejus
3155 1003 3233 1057 rei
3278 1003 3451 1074 ﬁgura
3475 1010 3563 1058 est

1971 1107 2123 1153 certa
2150 1105 2207 1153 et
2239 1085 2490 1152 evidens.
2518 1094 2693 1151 Jussit
2717 1101 2905 1148 autem
2929 1093 3039 1158 lex,
3065 1103 3127 1148 ut
3149 1110 3217 1149 ex
3242 1109 3309 1150 eo
3346 1102 3560 1149 tantum

1971 1187 2292 1257 colligerent
2314 1184 2411 1238 ﬁlii
2437 1183 2640 1249 Israel,
2669 1192 2939 1253 quantum
2977 1183 3176 1253 cuique
3214 1185 3346 1239 satis
3388 1194 3558 1249 esset,

1969 1276 2217 1347 nihilque
2248 1290 2408 1345 supra
2436 1288 2753 1328 mensuram
2779 1272 3103 1343 adjicerent.
3132 1273 3222 1328 Sic
3244 1274 3391 1328 enim
3418 1274 3560 1331 scri-

1971 1379 2128 1439 ptum
2161 1376 2247 1424 est
2281 1387 2294 1422 :
2329 1388 2346 1418 ι
2383 1367 2540 1421 Mane
2569 1365 2777 1420 factum
2801 1373 2908 1431 est,
2955 1381 3080 1420 cum
3121 1365 3429 1421 desedisset
3467 1381 3562 1422 ros

1971 1462 2029 1516 in
2053 1461 2290 1516 circuitu
2314 1467 2642 1524 castrorum,
2681 1465 2738 1512 et
2767 1473 2896 1513 ecce
2919 1472 3088 1527 super
3123 1456 3319 1513 faciem
3355 1457 3560 1512 deserti

1971 1552 2248 1608 minutum
2273 1550 2429 1621 quasi
2452 1549 2806 1606 coriandrum
2827 1549 3040 1614 album,
3069 1550 3226 1619 quasi
3246 1550 3444 1619 pruina
3463 1565 3558 1604 su-

1971 1661 2072 1716 per
2094 1653 2331 1711 terram;
2359 1659 2487 1699 cum
2515 1643 2785 1698 vidissent
2807 1650 2992 1696 autem
3041 1643 3198 1696 illum
3222 1641 3320 1696 lilii
3365 1642 3558 1707 Israel,

1971 1736 2230 1794 dixerunt
2251 1736 2391 1791 alter
2405 1736 2474 1791 ad
2509 1736 2746 1790 alterum
2773 1753 2786 1788 :
2815 1733 2979 1806 234
3011 1733 3155 1800 Quid
3177 1741 3261 1789 est
3287 1733 3427 1788 hoc?
3464 1749 3559 1789 ne-

1971 1843 2079 1898 que
2111 1827 2260 1884 enim
2277 1826 2526 1882 sciebant
2559 1826 2693 1896 quid
2733 1833 2900 1881 esset.
2952 1825 3100 1880 Dixit
3124 1833 3310 1880 autem
3331 1825 3400 1880 ad
3435 1824 3560 1880 illos

1969 1917 2220 1990 Moyses:
2255 1917 2356 1972 llic
2392 1923 2480 1972 est
2507 1915 2688 1986 panis,
2714 1931 2880 1986 quem
2925 1913 3079 1970 dedit
3099 1915 3256 1970 vobis
3292 1916 3558 1970 Dominus

1969 2007 2040 2065 ad
2087 2009 2448 2065 vescendum.
2500 2007 2618 2064 Hoc
2655 2017 2742 2064 est
2791 2007 3028 2063 verbum
3051 2047 3067 2073 ,
3103 2007 3254 2077 quod
3294 2005 3560 2078 praecepit

1969 2095 2282 2158 Dominus:
2308 2099 2550 2172 colligite
2574 2115 2642 2154 ex
2666 2099 2808 2170 ipso,
2833 2105 3101 2170 quantum
3126 2097 3346 2164 sufﬁcit,
3365 2113 3560 2169 gomor

1967 2209 2070 2265 per
2094 2192 2314 2264 singula
2344 2191 2546 2262 capita,
2581 2191 2738 2262 juxta
2772 2207 3068 2247 numerum
3112 2191 3424 2246 animarum
3459 2205 3559 2246 ve-

1969 2293 2232 2352 strarum,
2249 2283 2630 2354 unusquisque
2655 2298 2783 2338 cum
2827 2283 3321 2340 contubernalibus
3359 2283 3562 2340 vestris

1968 2377 2208 2448 colligite
2245 2377 2289 2432 ⁸.
2321 2397 2340 2428 ι
2371 2375 2579 2441 Deinde
2602 2382 2728 2446 post
2777 2376 3029 2447 quaedam
3064 2376 3172 2431 alia
3226 2391 3419 2432 rursus
3441 2375 3555 2431 ait:

1977 2485 1996 2517 ε
2026 2466 2252 2521 Factum
2277 2474 2364 2522 est
2385 2473 2573 2521 autem
2597 2465 2688 2521 die
2714 2472 2889 2530 sexta,
2913 2464 3256 2535 collegerunt
3295 2479 3558 2519 necessa-

1968 2557 2050 2613 ria
2072 2557 2264 2628 dupla,
2283 2557 2396 2614 duo
2439 2574 2652 2630 gomor,
2700 2573 2800 2629 per
2821 2557 3068 2628 singulos
3101 2574 3118 2610 ι
3146 2556 3379 2628 ingressi
3428 2562 3560 2610 sunt

1967 2658 2159 2704 autem
2181 2663 2375 2704 omnes
2415 2648 2697 2719 principes
2730 2661 3040 2719 synagogas,
3069 2653 3127 2701 et
3148 2645 3556 2721 nuntiaverunt

1967 2738 2158 2812 Moysi.
2185 2739 2332 2793 Dixit
2353 2746 2539 2794 autem
2571 2739 2784 2810 Moyses
2806 2736 2876 2792 ad
2912 2751 3008 2792 eos
3035 2754 3050 2790 :
3075 2736 3192 2792 Hoc
3213 2744 3300 2792 est
3323 2735 3556 2791 verbum

1966 2830 2114 2901 quod
2137 2830 2355 2884 locutus
2375 2837 2460 2886 est
2497 2829 2802 2886 Dominus:
2829 2827 3068 2884 Sabbata
3110 2828 3331 2898 requies
3369 2835 3559 2883 sancta

1967 2923 2201 2979 Domino
2229 2941 2242 2977 :
2273 2939 2418 2990 cras,
2441 2938 2786 2993 quaecunque
2810 2937 3048 2992 coquere
3071 2922 3262 2987 vultis,
3303 2921 3554 2991 coquite;

1965 3024 2023 3073 et
2043 3032 2385 3088 quaecunque
2415 3016 2621 3072 elixare
2643 3015 2952 3080 volueritis,
2987 3015 3188 3070 elixate
3239 3032 3252 3069 :
3288 3020 3346 3069 et
3391 3013 3556 3084 quid-

265 3109 430 3172 εῠθὺς
459 3109 705 3163 ἐπειπὼν
731 3111 760 3162 6
789 3109 1114 3181 ἱεροφάντης
1133 3111 1374 3179 Μωσῆςο
1406 3130 1426 3163 ί
1460 3112 1668 3181 Φάγετε
1694 3113 1865 3184 σήμε-

1969 3109 2100 3179 quid
2128 3107 2815 3180 superfuerit,relinquite
2859 3106 3018 3162 vobis
3059 3104 3459 3176 repositionem
3500 3104 3559 3158 in

266 3217 386 3272 ροψ
419 3200 537 3255 ἐστι
567 3201 676 3274 γάρ
704 3201 962 3256 Σάὸὁατα
991 3203 1234 3274 σήμερον
1256 3203 1336 3275 τῷ
1369 3203 1581 3276 Κυρίῳ.
1626 3205 1738 3276 Οὐχ
1767 3206 1861 3258 εὑ-

267 3293 472 3366 ρήσετε
502 3295 746 3366 σήμερον
775 3296 832 3350 ὲν
855 3294 934 3367 τῷ
957 3294 1146 3366 πεδίῳ.
1179 3295 1280 3360 Ἓξ
1311 3296 1526 3368 ήμέρας
1553 3296 1857 3364 συλλέξετε,

263 3387 332 3456 τῇ
351 3385 616 3457 δὲήμέρᾳ
639 3389 707 3458 τῇ
734 3385 936 3461 ἐϐδόμῃ
963 3386 1241 3441 Σάϐϐατα·
1261 3389 1362 3442 οὐκ
1383 3387 1537 3442 ἔσται
1558 3391 1616 3442 ὲν
1642 3389 1804 3461 αὐτῇ.
1831 3409 1852 3442 ι

262 3469 422 3548 *Δρά
451 3493 536 3531 σοι
564 3477 772 3544 λοιπὸν,
799 3470 843 3531 ὦ
873 3477 1162 3544 Παλλάδιε,
1195 3480 1292 3532 καὶ
1321 3479 1461 3550 μετά
1500 3480 1660 3534 τοῦτο
1690 3481 1860 3552 ἀσυμ-

264 3569 459 3636 φανὲς,
507 3570 591 3623 ὅτι
631 3570 732 3640 τῆς
785 3569 1054 3641 ἐσομένης
1103 3570 1184 3633 είς
1241 3569 1413 3624 αἰῶνα
1453 3570 1543 3625 τὸν
1591 3571 1859 3643 μέλλοντα

264 3659 449 3732 ζωῆς,
496 3661 664 3718 οἱονεὶ
711 3661 1189 3733 προευτρεπισμδν
1244 3663 1338 3715 καὶ
1387 3661 1739 3716 ὑποτύπωσιν
1791 3663 1858 3718 ἂν

263 3753 383 3824 ἔχοι
413 3754 512 3810 καὶ
549 3753 696 3822 μάλα
728 3753 897 3824 σαφῆ,
945 3752 1007 3806 τὸ
1037 3753 1174 3824 μήτε
1200 3771 1255 3807 τι
1296 3753 1430 3825 δρᾷν
1461 3755 1519 3807 ὲν
1553 3753 1854 3828 Σαόὅάτῳ;

264 3842 550 3912 συλλέγειν
577 3842 634 3896 δὲ
656 3842 842 3914 ὥσπερ
868 3843 950 3906 είς
973 3842 1261 3914 ἀποθήκην
1289 3842 1349 3897 τὸ
1390 3843 1491 3914 ήδη
1526 3845 1859 3916 πεπορισμέ-

265 3951 390 4001 νον;
448 3935 545 3989 καὶ
599 3933 734 4006 μηδὲ
781 3933 917 3991 αὐτὸ
966 3933 1028 3987 τὸ
1080 3933 1140 3999 ἑξ
1183 3933 1418 4006 ούρανοῦ
1468 3935 1856 3990 καταδεδόσθαι

271 4027 474 4102 μάννα,
494 4026 574 4098 τῷ
598 4026 656 4083 δὲ
677 4027 779 4098 ῆδη
815 4026 1310 4098 συγκεκομισμένῳ
1330 4025 1723 4100 διακεχρῆσθαι
1746 4029 1858 4083 δεῖν

269 4120 348 4183 είς
399 4118 704 4174 ἀπόλαυσιν
737 4120 834 4177 καὶ
876 4118 1118 4190 τροφήν;
1165 4117 1598 4184 Σαϐϐατίζοντες
1636 4118 1748 4192 γὰρ
1798 4122 1857 4174 ὲν

270 4209 492 4282 Χριστῷ
525 4209 624 4266 καὶ
656 4211 736 4274 είς
779 4209 931 4282 λῆξιν
966 4210 1137 4273 ἰόντες
1167 4210 1268 4279 τῆς
1304 4208 1577 4281 ἁμαρτίας
1617 4210 1852 4282 ὁλοτελῆ»

270 4304 379 4368 τοῖς
407 4301 616 4358 ἀνωθεν
638 4302 1052 4374 ὲντρυφήσομεν
1071 4299 1315 4369 ἀγαθοῖς,
1342 4300 1510 4356 πόνου
1540 4302 1638 4372 μὲν
1664 4301 1856 4374 ἐξῃρη-

275 4397 436 4466 μένου
487 4395 723 4464 παντὸς,
766 4393 1007 4468 ἱδρώτων
1049 4394 1107 4450 δὲ
1143 4393 1288 4466 δίχα,
1338 4394 1448 4449 πᾶν
1474 4393 1612 4466 ὅπερ
1645 4394 1854 4467 ὀνίνησι

272 4487 543 4554 πλουσίως
571 4489 945 4560 εὑρίσκοντες.

338 4662 546 4716 ΠΔΛΛ.
584 4660 817 4733 ’Δληθὴς
839 4661 870 4715 ὁ
893 4661 1070 4730 λόγος.
1113 4659 1228 4729 Ἐφ’
1257 4661 1494 4731 ἑτοίμοις
1531 4660 1641 4733 γάρ
1668 4659 1856 4732 ὥσπερ

270 4753 364 4807 καὶ
411 4753 868 4825 προκεισομένοις
909 4751 1114 4807 ἅπασιν
1147 4752 1377 4822 ἀγαθοῖς
1419 4753 1452 4823 ή
1498 4753 1560 4806 τὸ
1598 4752 1888 4832 τηνικάδε-

267 4844 373 4899 τῶν
420 4844 594 4915 ἁγίων
633 4843 785 4898 ἔσται
826 4843 972 4915 ζωή·
1018 4843 1259 4916 εἰρήσθω
1297 4843 1356 4898 δὲ
1389 4845 1486 4899 καὶ
1527 4844 1666 4916 πρὸς
1698 4843 1857 4914 ἡμῶν

268 4935 446 4994 αὐτῶν
479 4935 623 5008 ἁγίῳ
658 4936 850 4990 παντί·
888 4954 907 4988 ι
947 4935 1087 4999 Τοὺς
1120 4935 1318 4999 πόνους
1355 4935 1465 4989 τῶν
1492 4935 1722 5006 καρπῶν
1760 4952 1853 4989 σου

270 5029 530 5098 φάγεσαι.
564 5048 583 5080 ι

211 5187 216 5194 ,
335 5122 504 5176 ΚΥΡ.
559 5120 772 5177 Οὐκοῦν
809 5120 1134 5185 ἀναθέοντες
1189 5122 1270 5185 εἰς
1324 5120 1386 5174 τὸ
1426 5119 1720 5192 ἀπαρχῆς,
1761 5119 1857 5174 καὶ

266 5211 456 5284 ὥσπερ
508 5213 701 5268 ἀνόπιν
748 5213 842 5267 τδν
915 5213 1076 5283 λόγον
1131 5212 1586 5286 ἀνασειράζοντες
1609 5251 1623 5277 ,
1680 5211 1858 5266 ἐκεῖνό

1966 3217 2127 3257 mane
2147 3202 2190 3255 ’.
2223 3219 2241 3251 ι
2301 3198 2508 3254 Deinde
2545 3197 2777 3270 Moyses,
2806 3197 2899 3253 ille
2932 3212 3219 3252 sacrorum
3258 3196 3556 3265 interpres,

1965 3294 2209 3350 divinam
2240 3291 2352 3345 illis
2395 3290 2573 3360 legem
2599 3289 2918 3359 explicavit,
2940 3288 3206 3344 continuo
3255 3286 3502 3342 inferens
3539 3303 3555 3340 :

1973 3402 1992 3436 ι
2026 3380 2311 3439 Comedite
2335 3378 2534 3446 hodie;
2560 3386 2690 3433 sunt
2712 3378 2863 3432 enim
2885 3378 3051 3433 hodie
3100 3376 3340 3432 Sabbata
3369 3373 3558 3429 Domi-

1964 3490 2060 3530 no.
2093 3473 2216 3528 Non
2241 3471 2537 3528 invenietis
2556 3469 2722 3525 hodie
2745 3469 2802 3524 in
2826 3483 3039 3540 campo.
3065 3467 3172 3524 Sex
3213 3467 3412 3522 diebus
3435 3466 3556 3521 eol-

1963 3566 2180 3638 ligetis;
2205 3564 2438 3636 septima
2463 3577 2602 3618 vero
2633 3561 2726 3617 die
2750 3560 2992 3616 Sabbata
3024 3568 3189 3627 sunt;
3231 3573 3343 3614 non
3370 3557 3477 3612 erit
3499 3555 3556 3611 in

1964 3657 2083 3729 ipsa
2120 3655 2185 3710 ‘°.
2227 3675 2245 3707 ι
2273 3655 2360 3710 An
2405 3653 2506 3708 tibi
2547 3653 2802 3724 posthac,
2851 3651 3084 3717 Palladi,
3110 3651 3408 3707 obscurum
3432 3663 3556 3705 esse

1963 3751 2188 3823 poterit,
2231 3749 2369 3820 quin
2411 3748 2520 3804 hoc
2558 3747 2740 3818 ipsum
2779 3745 2920 3802 nihil
2943 3761 3107 3818 agere
3138 3744 3413 3812 Sabbato,
3459 3743 3557 3801 sed

1963 3843 2110 3914 quod
2129 3843 2243 3914 jam
2264 3840 2679 3912 suppeditatum
2701 3839 2794 3905 sit,
2821 3845 3085 3910 tanquam
3112 3838 3170 3893 in
3190 3837 3384 3894 cellam
3419 3851 3556 3892 con-

1963 3933 2117 3998 dere,
2157 3947 2338 4004 neque
2365 3932 2586 3988 coalitus
2608 3946 2808 3986 manna
2829 3929 2935 4001 ipsi
2963 3929 3106 3995 dari,
3135 3928 3231 3984 sed
3250 3930 3363 3999 jam
3401 3943 3555 3982 com-

1962 4031 2182 4095 portato
2211 4024 2280 4078 ad
2311 4024 2652 4093 voluptatem
2695 4031 2752 4076 et
2773 4020 2841 4076 ad
2875 4036 3060 4076 escam
3082 4020 3185 4084 uti,
3215 4018 3372 4088 quasi
3411 4033 3554 4088 prae-

1962 4114 2176 4184 paratio
2200 4114 2451 4185 quaedam
2473 4121 2640 4183 atque
2660 4113 2976 4168 informatio
2994 4113 3067 4167 sit
3101 4111 3250 4166 illius
3272 4111 3416 4176 vitae,
3435 4125 3557 4180 qua:

1961 4205 2020 4260 in
2043 4207 2240 4263 seculo
2258 4214 2492 4262 venturo
2503 4205 2685 4260 futura
2711 4205 2832 4260 est?
2852 4205 2989 4260 Nam
3010 4203 3307 4260 Sabbatum
3333 4211 3558 4274 agentes

1963 4299 2023 4354 in
2067 4298 2310 4365 Christo,
2338 4307 2505 4372 atque
2531 4297 2758 4353 omnino
2781 4304 3062 4352 cessantes
3088 4311 3118 4350 a
3164 4304 3414 4367 peccato,
3459 4311 3553 4350 su-

1964 4393 2158 4467 pernis
2181 4392 2292 4448 illis
2311 4391 2563 4447 fruemur
2575 4389 2757 4454 bonis,
2777 4404 2904 4443 cum
2925 4389 3082 4443 labor
3104 4389 3284 4442 omnis
3306 4388 3556 4443 sublatus

1887 4501 1934 4558 1)
1961 4487 2090 4552 erit,
2115 4494 2171 4542 et
2184 4485 2324 4540 citra
2344 4485 2604 4540 sudorem
2627 4497 2694 4538 ea
2716 4481 2924 4546 omnia,
2947 4495 3069 4550 qua:
3086 4479 3281 4550 juvare
3298 4486 3552 4548 possunt,

1966 4576 2257 4632 afﬂuenter
2280 4572 2648 4628 inveniemus.

2035 4668 2238 4724 PALL.
2285 4668 2426 4722 Vera
2451 4667 2670 4722 oratio:
2699 4679 2826 4719 nam
2865 4661 3024 4732 quasi
3067 4659 3125 4716 in
3168 4658 3376 4730 paratis
3423 4659 3556 4713 etin

1964 4769 2224 4832 promptu
2256 4759 2450 4831 positis
2473 4757 2636 4813 bonis
2672 4757 2933 4812 omnibus
2955 4755 3070 4820 illa,
3097 4767 3220 4824 qua:
3263 4759 3397 4807 tunc
3425 4752 3555 4814 erit,

1961 4861 2277 4908 sanctorum
2302 4851 2414 4906 vita
2437 4850 2706 4916 ducetur;
2732 4849 2898 4903 liceat
2926 4846 3094 4918 igitur
3117 4852 3174 4900 et
3212 4843 3374 4898 nobis
3422 4843 3559 4913 ipsis

1962 4940 2146 4996 dicere
2183 4950 2374 4995 sancto
2401 4941 2637 5010 cuique:
2675 4957 2693 4989 ‹
2738 4937 2982 4992 Labores
3029 4950 3294 4991 manuum
3331 4943 3555 4990 tuarum

1963 5033 2326 5089 manducabis
2345 5033 2407 5087 ιι.
2442 5052 2461 5084 ι

2025 5123 2184 5180 CYR.
2213 5125 2386 5197 Igitur
2409 5123 2477 5180 ad
2504 5123 2580 5189 id,
2605 5122 2752 5194 quod
2796 5121 2954 5177 initio
2997 5121 3239 5192 positum
3281 5129 3424 5187 erat,
3467 5135 3555 5174 re-

1959 5222 2284 5281 currentes,
2347 5222 2404 5270 et
2455 5215 2615 5286 quasi
2667 5223 2974 5269 retrorsum
3015 5212 3285 5268 orationis
3329 5225 3551 5267 cursum

266 5321 472 5376 φαμεν,
506 5306 588 5372 τὸ,
617 5306 699 5359 ὅτι
719 5305 783 5376 δὴ
815 5306 1024 5378 σφόδρα
1053 5305 1148 5359 καὶ
1179 5303 1488 5370 ἀκολούθως
1511 5307 1540 5358 ό
1574 5305 1736 5374 νόμος
1769 5305 1858 5374 ἐφ’

1969 5307 2325 5373 reﬂectentes,
2351 5307 2488 5363 illud
2542 5307 2863 5369 asserimus,
2910 5305 3438 5360 convenientissime
3474 5301 3552 5354 le-

265 5397 362 5450 ἓνα
413 5395 506 5451 τὸν
559 5396 720 5466 φύσει
777 5398 873 5483 καὶ
925 5395 1144 5465 ἀληθῶς
1197 5397 1546 5468 μεταστήσας
1592 5396 1746 5460 Θεὸν,
1790 5395 1852 5449 οὐ

1969 5415 2101 5470 gem,
2129 5414 2256 5454 cum
2279 5399 2348 5455 ad
2387 5415 2559 5454 unum
2582 5398 2898 5461 colendum,
2949 5397 3045 5466 qui
3086 5405 3285 5450 natura
3323 5402 3380 5446 et
3417 5406 3548 5447 vere

270 5488 694 5563 συγκεχώρηκεν
723 5490 937 5558 ἀγνοεῖν
989 5489 1115 5544 οὐδὲ
1149 5489 1239 5544 τὸν
1289 5489 1349 5557 ἐξ
1381 5488 1548 5544 αὑτοῦ
1576 5507 1636 5543 τε
1671 5489 1764 5543 καὶ
1793 5489 1851 5542 ὲν

1969 5493 2098 5547 )eus
2113 5500 2218 5557 est,
2240 5507 2343 5547 nos
2359 5492 2709 5557 traduxisset,
2726 5506 2836 5544 non
2861 5487 3206 5548 sustinuisse,
3227 5492 3288 5538 ut
3308 5482 3548 5538 Verbum

269 5580 419 5651 αὐτῷ
456 5580 633 5650 φύντα
658 5598 718 5636 τε
751 5582 844 5636 καὶ
877 5583 1290 5654 συνυπάρχοντα
1331 5581 1600 5636 συναῖδιον
1653 5581 1844 5649 Λόγον.

345 5766 707 5836 ⁸Ειοι1.χγ1,
751 5769 938 5826 15-16.
1016 5729 1428 5827 nudae-25.
1508 5768 1934 5828 ¹⁰ἰ1ιίᾶ.25-⁴27.

1947 5582 2106 5649 illud,
2125 5584 2272 5654 quod
2295 5600 2360 5639 ex
2384 5584 2503 5654 ipso
2517 5592 2573 5640 et
2589 5584 2643 5638 in
2659 5581 2779 5652 ipso
2801 5586 2993 5634 natum
3008 5585 3062 5633 et
3085 5573 3474 5632 simulexsistit
3493 5581 3549 5632 et

2052 5773 2090 5804 “
2119 5758 2262 5827 Pri-al.
2288 5785 2483 5830 cxxvu.
2515 5770 2577 5824 9..
