3990 6196
465 330 569 390 507

1495 331 1551 388 S.
1589 330 1871 389 CYPdLL!
1908 329 2385 388 ALEXANDRINI
2421 327 2742 386 ARCHIEP.

3620 319 3731 379 508

465 459 800 505 eoat-ternum
823 449 929 510 est,
955 443 1352 515 ignoraremus.
1374 445 1509 502 Nam
1547 463 1674 504 cum
1714 449 1870 518 prius
1908 465 2044 520 prae-

2147 447 2638 520 Προεντειλάμενος
2665 444 2772 516 γάρ
2804 443 2900 498 καὶ
2933 440 3124 508 εἰπὼν,
3161 460 3178 494 ι
3227 437 3562 510 Ἀγαπήσεις
3605 439 3727 492 Κύ-

463 543 702 612 cepisset
727 547 890 608 atque
924 537 1194 593 dixisset:
1243 557 1263 589 ι
1291 538 1495 610 Diliges
1537 540 1831 596 Dominum
1872 543 2045 598 Deum

418 661 420 664 τ
464 643 622 687 tuum
645 647 712 686 ex
739 637 854 684 toto
880 629 1048 685 corde
1075 637 1192 695 tuo,
1217 640 1273 686 et
1298 647 1365 686 ex
1391 641 1504 688 tota
1530 643 1714 690 mente
1738 643 1854 700 tua,
1881 643 1937 691 et
1972 651 2042 691 ex

462 721 725 777 omnibus
748 721 962 776 viribus
987 722 1098 777 tuis
1123 723 1168 754 ¹¹
1202 741 1214 775 :
1252 743 1269 774 ι
1292 722 1452 794 235
1468 733 1523 779 et
1546 735 1814 795 praeterea
1839 744 1854 781 :
1877 746 1905 790 «η
1925 728 2046 782 Νοιι

462 822 628 870 erunt
656 814 755 869 tibi
777 814 854 868 dii
887 815 979 869 alii
1013 822 1213 886 praeter
1243 832 1334 870 me
1372 817 1414 848 "
1449 835 1462 869 :
1504 837 1522 868 ι
1574 819 1858 889 conjunxit
1899 821 2048 876 illico

463 905 672 962 Christi
697 907 1016 978 mysterium
1042 907 1368 963 inferendo:
1406 927 1424 960 ι
1471 910 1783 966 Recordare
1800 920 1862 966 ut
1901 911 2046 967 diem

465 997 830 1054 SabbatOrum
859 997 1168 1054 sanctiﬁces
1202 1000 1268 1055 ιθ.
1305 1021 1324 1052 ι
1355 1001 1481 1058 Haec
1501 1003 1649 1058 enim
1686 1005 1945 1074 praeclara
1965 1020 2050 1060 se-

462 1091 600 1145 mita
637 1097 721 1145 est
751 1105 814 1144 ac
859 1091 1205 1157 necessaria,
1257 1099 1314 1146 et
1355 1093 1529 1148 divini
1569 1095 1792 1151 artiﬁcii
1835 1096 1945 1161 via,
1991 1103 2050 1151 et

465 1178 808 1234 discentibus
852 1195 974 1249 quas
1020 1181 1164 1236 scire
1211 1197 1352 1252 opus
1377 1190 1482 1248 est,
1508 1183 1820 1240 utilissima.
1859 1184 2050 1254 Itaque

468 1267 720 1322 Salvator
743 1268 982 1332 Patrem,
1009 1269 1102 1339 qui
1139 1271 1195 1324 in
1239 1271 1394 1326 caalis
1419 1279 1534 1337 est,
1575 1288 1640 1328 ac
1688 1273 1860 1328 Deum
1917 1274 2051 1329 allo-

465 1371 642 1424 quens
668 1358 744 1411 ait
770 1375 784 1410 :
817 1377 835 1408 ‹
868 1357 994 1413 {hec
1021 1368 1108 1414 est
1129 1360 1240 1415 vita
1265 1369 1492 1424 aeterna,
1540 1370 1602 1416 ut
1641 1371 1975 1433 cognoscant
1995 1371 2050 1418 te

465 1447 646 1502 solum
681 1463 872 1502 verum
905 1448 1101 1514 Deum,
1127 1457 1184 1504 et
1205 1465 1372 1519 quem
1407 1449 1638 1516 misisti,
1663 1449 1849 1507 Jesum
1885 1450 2050 1508 Chri-

466 1545 615 1593 stum
661 1539 730 1593 ¹³.
771 1559 790 1591 ι
840 1539 998 1605 Nam,
1048 1541 1144 1596 ubi
1173 1541 1242 1596 de
1281 1542 1444 1598 Patre
1466 1543 1638 1598 verba
1675 1542 1837 1610 ﬁunt,
1862 1559 2052 1600 conse-

465 1637 712 1698 quuntur
742 1631 1060 1685 necessario
1077 1631 1272 1697 verba,
1287 1649 1410 1704 qua:
1423 1632 1490 1688 ad
1505 1632 1705 1687 Filium
1717 1635 2048 1704 pertineant,

469 1729 528 1777 et
550 1723 845 1793 conjuncta
869 1724 1106 1780 maxime
1131 1726 1421 1795 utriusque
1441 1726 1684 1797 cognitio
1704 1735 1808 1781 est.
1832 1726 2051 1782 Iudaeos

2150 556 2265 611 ριον
2301 538 2391 592 τὸν
2419 538 2554 591 Θεόν
2599 551 2693 590 σου
2733 535 2792 600 ἐξ
2818 535 2946 606 ὅλης
2989 533 3086 603 τῆς
3126 530 3353 601 καρδίας
3393 546 3509 595 σου,
3541 528 3636 583 καὶ
3664 528 3731 593 ἐξ

2145 631 2273 702 ὅλης
2300 630 2399 700 τῆς
2423 628 2660 691 διανοίας
2685 643 2800 692 σου,
2833 625 2929 678 καὶ
2958 623 3017 688 ἐξ
3037 622 3168 692 ὅλης
3200 619 3303 690 τῆς
3335 617 3516 688 ἰσχύος
3553 631 3667 671 σου*
3702 635 3723 668 ι

2146 723 2242 777 καὶ
2291 722 2435 792 μήν’
2467 739 2484 772 ι
2525 719 2636 773 Καὶ
2681 719 2782 772 οὐκ
2822 715 3035 772 ἔσονταί
3075 731 3158 768 σοι
3188 712 3300 768 θεοὶ
3339 712 3551 782 ἕτεροι,
3585 707 3732 780 πλὴν

2146 813 2282 885 ἐμοῦ
2310 830 2325 844 ·
2356 832 2374 866 ι
2419 812 2660 882 συνῆψεν
2696 810 2858 874 εὐθὺς
2893 811 2952 863 τὺ
2983 805 3223 880 Χριστοῦ
3263 806 3578 876 μυστήριον,
3627 805 3734 857 ἐπ-

2147 905 2350 960 ειπώνο
2411 922 2431 955 ι
2498 903 2785 974 Μνήσθητι
2841 901 2938 972 τὴν
2995 899 3208 971 ἡμέραν
3249 898 3373 964 ,τῶν
3429 895 3734 950 Σαδδάτων

2148 999 2415 1067 ἁγιάζειν.
2466 1014 2486 1048 ι
2537 993 2708 1067 Οῖμος
2734 994 2844 1067 γάρ
2889 993 2987 1064 ἥδε
3031 992 3171 1064 καλή
3207 1008 3267 1044 τε
3307 990 3400 1044 καὶ
3429 988 3730 1057 ἀναγκαία,

2147 1088 2244 1143 καὶ
2271 1087 2746 1158 θεοπρεπεστάτης
2776 1083 3056 1156 εὐτεχνίας
3089 1081 3224 1147 ὁδδς,
3261 1080 3357 1134 καὶ
3384 1078 3733 1147 τελεωτάτην

2147 1182 2257 1244 τοῖς
2281 1178 2318 1234 ά
2345 1177 2620 1249 προσῆκεν
2652 1177 2849 1232 εἰδέναι
2873 1174 3252 1247 μανθάνουσιν,
3298 1170 3601 1242 ἐμποιοῦσα
3627 1169 3732 1240 τὴν

2146 1272 2352 1342 ὄνησιν.
2383 1270 2494 1324 Kal
2527 1269 2658 1338 γοῦν
2688 1271 2717 1323 6
2742 1267 2934 1340 Σωτὴρ
2958 1265 3095 1339 πρὸς
3120 1265 3212 1319 τὸν
3239 1267 3297 1318 ἑν
3338 1263 3588 1335 οὐρανοῖς
3621 1261 3731 1333 ἔφη

2149 1363 2369 1435 Πατέρα
2391 1363 2487 1417 καὶ
2508 1362 2664 1416 Θεόνσ
2693 1379 2714 1413 ι
2744 1359 2892 1432 Δῦτη
2915 1358 2971 1412 δέ
2996 1361 3145 1412 ἐστιν
3167 1359 3200 1428 ἡ
3232 1355 3448 1420 αἰώνιος
3472 1353 3610 1426 (cui),
3641 1356 3733 1408 ἴνα

2146 1453 2456 1526 γινώσκωσι
2483 1471 2544 1508 σε
2575 1453 2666 1508 τὸν
2696 1452 2856 1525 μόνον
2889 1447 3142 1523 ἀληθινὸν
3187 1448 3353 1513 Θεὸν,
3393 1449 3490 1501 καὶ
3524 1447 3583 1500 ὃν
3621 1445 3734 1500 ἀπ-

2149 1547 2397 1612 έστειλας
2457 1545 2663 1619 Ἰησοῦν
2708 1543 2965 1616 Χριστόν.
3023 1561 3042 1594 ι
3098 1541 3566 1613 Συμπαρομαρτεῖ
3617 1538 3732 1610 γὰρ

2149 1638 2460 1709 ἀναγκαίως
2505 1637 2586 1709 τῷ
2639 1637 2784 1709 λόγῳ
2811 1635 2891 1708 τῷ
2930 1635 3060 1708 περὶ
3087 1633 3322 1706 Πατρδς,
3359 1633 3387 1685 6
3414 1631 3542 1703 περὶ
3569 1629 3728 1697 Υίοῦ,

2150 1731 2248 1784 καὶ
2283 1729 2577 1801 ἀγχίθυρος
2615 1728 2737 1782 λίαν
2764 1729 2798 1798 ἡ
2826 1729 2911 1780 ἐπ’
2946 1727 3150 1797 ἀμφοῖν
3181 1727 3295 1778 ἐστι
3328 1724 3547 1793 γνῶσις.
3597 1725 3732 1777 ἰου-

467 1820 640 1878 certe,
687 1822 978 1883 propterea
1013 1814 1162 1885 quod
1208 1817 1412 1872 Filium
1433 1832 1545 1871 non
1590 1817 1972 1882 admitterent,
2013 1833 2044 1872 a

2145 1819 2316 1882 δαίοις
2357 1819 2488 1887 γοῦν
2530 1819 2630 1889 τῆς
2677 1817 2935 1889 ἀληθείας
2981 1816 3342 1887 ἠμαρτηκὸστ,
3382 1814 3469 1868 διὰ
3514 1813 3606 1868 τοῦ
3654 1815 3731 1885 μὴ

467 1902 698 1956 veritate
745 1902 1069 1958 aberrantes
1091 1945 1106 1970 ,
1153 1913 1318 1975 atque
1379 1905 1714 1962 arbitrantes
1766 1922 1825 1961 se
1883 1921 2046 1961 nosse

467 1992 662 2058 Deum,
698 1993 1036 2064 increpabat,
1078 1995 1269 2051 dicens
1295 2015 1315 2051 :
1333 2016 1352 2048 ι
1379 1997 1570 2068 Neque
1602 2013 1692 2052 me
1721 1997 2050 2064 nostis,‘ne-

467 2102 576 2157 que
624 2088 842 2142 Patrem
882 2104 1065 2143 meum
1095 2091 1182 2146 :si
1233 2105 1320 2145 me
1373 2090 1769 2162 cognovissetis
1795 2131 1809 2157 ,
1848 2098 1904 2145 et
1941 2091 2046 2146 Pa-

469 2187 610 2233 trem
658 2193 841 2233 meum
887 2179 1079 2251 utique
1122 2181 1518 2252 cognovissetis
1553 2183 1624 2237 “.
1662 2201 1685 2233 ν
1724 2182 1785 2237 In
1813 2189 2047 2253 utroque

468 2271 614 2324 enim
631 2272 861 2327 alterius
883 2273 1037 2327 notio
1059 2273 1221 2329 simul
1238 2273 1494 2328 infertur.
1515 2274 1705 2345 Igitur,
1731 2290 1856 2330 eum
1870 2275 2045 2345 prius,

470 2361 814 2418 fundamenti
842 2365 1124 2435 cujusdam
1149 2367 1343 2432 instar,
1387 2366 1608 2437 iecisset
1635 2374 1842 2422 certam
1883 2377 2047 2438 atque

468 2461 783 2507 accuratam
806 2454 905 2509 Dei
929 2455 1322 2525 cognitionem,
1347 2461 1402 2507 et
1425 2454 1754 2524 legisl-atoris
1793 2457 2046 2510 notitiam

469 2543 623 2612 prius
647 2555 904 2614 tanquam
928 2545 1209 2600 radicibus
1244 2547 1401 2610 actis,
1434 2546 1491 2599 in
1513 2546 1595 2600 eis
1621 2545 1906 2612 inlixisset,
1947 2548 2046 2603 de-

472 2635 638 2706 nique
665 2637 731 2691 ad
755 2637 992 2691 humana
1020 2637 1323 2702 descendit,
1350 2637 1472 2692 etei
1496 2640 1838 2705 reverentiae,
1877 2656 2046 2710 quam

468 2725 584 2781 Deo
619 2728 961 2794 exhibemus,
994 2728 1298 2799 proximam
1323 2727 1584 2801 deinceps
1603 2732 1832 2786 collocat
1881 2740 2047 2803 atque

468 2818 748 2890 conjungit
769 2835 910 2885 eam,
939 2836 1060 2890 quae
1085 2821 1226 2891 patri
1253 2837 1315 2877 ac
1342 2823 1504 2876 matri
1529 2822 1781 2888 debetur,
1808 2840 2046 2894 quorum

467 2922 656 2978 opera,
672 2911 785 2965 Deo
808 2921 1105 2977 annuente,
1120 2912 1373 2983 perducti
1387 2929 1454 2968 eo
1470 2929 1681 2980 sumus,
1721 2924 1781 2970 ut
1799 2931 2046 2974 essemus

467 3010 522 3056 et
555 3004 780 3059 omnino
826 3004 1254 3060 subsisteremus
1281 3046 1295 3070 ,
1335 3006 1536 3076 quippe
1572 3022 1697 3063 cum
1744 3009 2046 3066 secundum

467 3091 538 3148 ab
564 3091 770 3162 Opiﬁce
813 3094 997 3149 locum
1043 3101 1267 3150 teneant
1319 3113 1331 3149 :
1379 3094 1584 3152 divinis
1605 3098 1962 3170 enimjussis,
1987 3109 2046 3157 et

2147 1912 2471 1984 προσίεσθαι
2502 1912 2594 1966 τὸν
2625 1912 2774 1975 Υίὸν,
2815 1911 3090 1981 οἰομένοις.
3127 1908 3184 1962 δὲ
3212 1910 3292 1962 ὅτι
3319 1907 3451 1961 Θεὸν
3480 1905 3730 1974 ἐγνώκαο

2149 2019 2255 2068 σιν,
2302 2003 2537 2074 ἐπετίμα
2579 2002 2787 2070 λέγων’
2841 2021 2860 2053 ι
2910 1999 3048 2054 Οὔτε
3082 1999 3182 2070 ἐμὲ
3221 1998 3420 2061 οἴδατε,
3469 1996 3598 2051 οὔτε
3639 1997 3732 2052 τὸν

2147 2096 2369 2167 Πατέρα
2409 2113 2510 2167 μου
2535 2111 2549 2126 ·
2590 2095 2638 2148 εί
2670 2093 2771 2164 ἐμὲ
2815 2093 3033 2164 ⁴ᾕδειτιε,
3074 2091 3170 2144 καὶ
3211 2088 3302 2143 thr
3349 2088 3571 2160 Πατέρα
3626 2105 3729 2159 μου

2145 2187 2325 2258 ᾔδειτε
2365 2185 2451 2241 ἄν.
2490 2204 2516 2237 ι
2543 2183 2982 2255 Συνεισκρίνεται
3027 2181 3134 2253 γὰρ
3162 2181 3250 2234 ἐπ’
3287 2180 3489 2251 ἀμφοῖν
3517 2179 3552 2250 ὴ
3600 2179 3735 2232 ἑκα-

2147 2280 2306 2348 τέρου
2335 2277 2552 2346 γνῶσις.
2578 2274 2788 2330 Οὐκοῦν
2815 2272 3064 2343 θεμέλιον
3085 2271 3274 2342 ὥσπερ
3303 2268 3425 2322 τινὰ
3447 2286 3730 2340 «poma-

2148 2368 2264 2433 θεὶς
2290 2368 2604 2436 ἀναγκαίως
2651 2365 2714 2418 τὸ
2739 2364 2963 2436 ἀκριϐὲς
2995 2365 3074 2427 είς
3103 2357 3428 2431 θεογνωσίαν
3450 2399 3466 2426 ,
3495 2361 3594 2414 καὶ
3633 2360 3731 2414 τοῦ

2147 2460 2436 2532 νομοθέτου
2463 2460 2570 2530 τὴν
2593 2458 2798 2529 εἴδησιν
2821 2454 3229 2527 προενριξὼσας
3259 2453 3459 2517 αὐτοῖς,
3479 2452 3731 2506 κάτεισιν

2148 2555 2241 2608 ἐπὶ
2275 2551 2345 2606 τά
2379 2550 2728 2623 ἀνθρώπινα,
2788 2549 2884 2602 καὶ
2922 2550 2990 2619 τῇ
3033 2547 3114 2610 είς
3151 2545 3284 2600 Θεὸν
3326 2545 3467 2598 αίδοῖ
3505 2543 3732 2612 γείτονα

2146 2645 2327 2716 τίθησι
2355 2644 2448 2697 καὶ
2482 2641 2844 2714 συνημμένην
2867 2638 3029 2704 εὐθὺς
3055 2637 3155 2710 τὴν
3184 2639 3264 2700 είς
3292 2636 3502 2708 πατέρα
3542 2652 3603 2688 τε
3631 2636 3732 2688 καὶ

2151 2737 2399 2809 μητέρα,
2432 2734 2504 2788 δι’
2551 2729 2624 2788 ὧν
2669 2735 2748 2798 είς
2793 2733 2853 2787 τὸ
2883 2727 3023 2785 εἷναί
3066 2747 3124 2782 τε
3157 2729 3254 2784 καὶ
3297 2728 3562 2799 ὑπάρχειν
3587 2726 3732 2789 ὅλως

2146 2828 2284 2882 Θεοῦ
2341 2826 2732 2887 κατανεύοντος
2784 2821 3196 2894 κεκομίσμεθα,
3240 2819 3496 2890 δευτέραν
3533 2819 3732 2888 ὥσπερ

2145 2920 2268 2975 τινὰ
2299 2919 2452 2985 τάξιν
2488 2919 2722 2989 ἐχόντων
2751 2916 2846 2970 τοῦ
2877 2912 3246 2986 Δημιουργοῦ·
3277 2914 3442 2976 θείοις
3476 2912 3574 2982 μὲν
3615 2912 3732 2982 γάρ

2148 3012 2378 3084 νεύμασι
2407 3010 2503 3064 καὶ
2527 3008 2894 3077 αύτοδιδάκτῳ
2916 3007 3077 3078 τέχνῃ
3101 3004 3440 3069 ζωοπλαστεῖ
3463 3003 3523 3056 τὸ
3546 3002 3733 3055 τικτόέ

2153 3119 2312 3175 μενον
2355 3103 2389 3171 ἡ
2442 3098 2605 3168 φύσις
2650 3099 2708 3151 ἐν
2747 3099 2946 3167 ἑαυτῇ*
2995 3093 3392 3165 δημιουργικὴν
3434 3091 3489 3145 δὲ
3533 3091 3729 3163 ὥσπερ

468 3192 584 3240 arte
603 3202 710 3240 non
731 3186 800 3240 ab
823 3186 938 3240 alio
949 3187 1170 3252 tradita,
1197 3187 1293 3243 sed
1321 3196 1516 3258 sponte
1539 3200 1818 3261 percepta,
1845 3202 2044 3250 natura

2145 3190 2545 3246 ύποπλάττεται
2569 3189 2724 3256 δόξαν
2745 3205 2758 3220 ·
2784 3189 2875 3242 καὶ
2903 3185 3092 3257 ὥσπερ
3121 3186 3149 3238 6
3177 3184 3310 3246 Θεὸς
3335 3185 3551 3239 πάντων
3573 3183 3728 3236 ἐστὶν

467 3276 524 3332 id
547 3277 693 3349 quod
720 3277 981 3350 gignitur,
1009 3279 1064 3333 in
1091 3294 1148 3334 se
1171 3280 1290 3350 ipsa
1311 3280 1378 3336 ad
1417 3282 1586 3336 vitam
1607 3282 1834 3356 eiﬁngit,
1878 3295 2042 3356 atque

465 3365 690 3438 Opiﬁcis
713 3371 941 3442 gloriam
969 3371 1218 3426 imitatur
1242 3389 1256 3426 :
1283 3388 1408 3428 nam
1436 3375 1660 3430 utDeus
1689 3393 1797 3448 qua
1828 3383 2043 3434 ratione

467 3458 694 3515 eﬁcctor
734 3468 818 3516 est
858 3469 914 3516 et
959 3462 1248 3531 conditor,
1295 3465 1553 3522 omnibus
1599 3466 1819 3522 initium
1861 3477 1947 3524 est
1989 3477 2046 3525 et

465 3551 653 3620 origo;
701 3551 779 3606 sic
823 3551 1056 3623 quisque
1103 3553 1269 3608 etiam
1314 3570 1516 3625 parens
1561 3573 1630 3612 ex
1676 3573 1735 3613 se
1779 3566 1908 3614 nato
1931 3559 2045 3616 ﬁlio

464 3641 622 3710 quasi
646 3641 798 3696 radix
821 3644 1069 3712 quaedam
1093 3654 1184 3700 est
1203 3647 1624 3716 procreationis,
1652 3657 1707 3704 et
1753 3650 1876 3706 fons
1897 3651 2045 3708 unde

465 3731 837 3800 progreditur,
868 3741 930 3787 ut
953 3734 1043 3788 sit.
1071 3735 1244 3804 igitur
1265 3736 1357 3791 illa
1377 3737 1552 3808 patris
1577 3753 1640 3794 ac
1683 3741 1878 3796 matris
1909 3742 2044 3797 sub-

465 3820 818 3887 ministratio,
846 3838 1009 3894 quam
1033 3825 1280 3896 praebent
1301 3828 1368 3883 ad
1393 3830 1639 3884 omnium
1663 3831 1756 3900 qui
1800 3831 1856 3887 in
1880 3833 2046 3890 terris

464 3921 595 3966 sunt
619 3913 900 3968 hominum
924 3916 1387 3986 procreationem,
1439 3920 1589 3976 illius
1610 3923 1862 3977 omnium
1882 3923 2044 3994 Opiﬁ-

466 4005 548 4060 cis
593 4005 821 4077 ﬁguram
866 4007 1036 4064 refert
1063 4027 1076 4063 :
1124 4019 1290 4081 atque
1313 4013 1386 4067 ob
1417 4027 1539 4068 eam
1565 4029 1796 4070 causam
1811 4016 1880 4072 iis
1907 4033 2046 4088 prte-

466 4095 808 4162 stantiorem,
836 4113 1001 4168 quam
1025 4101 1235 4157 caeteris
1257 4103 1595 4170 hominibus,
1640 4105 1908 4163 honorem
1951 4108 2047 4164 de-

2141 3285 2284 3358 ἀρχὴ
2325 3283 2424 3338 καὶ
2478 3283 2712 3353 γένεσις,
2745 3280 2880 3337 καθὸ
2924 3278 3161 3350 Ποιητὴς
3217 3277 3312 3330 καὶ
3357 3273 3726 3346 Δημιουργδςν

2141 3379 2282 3433 οὕτω
2315 3378 2408 3432 καὶ
2435 3377 2662 3436 ἕκαστος
2689 3374 2804 3428 τῶν
2836 3374 2915 3434 είς
2939 3373 3132 3442 γονέας
3157 3369 3514 3424 τετελικὸτων
3555 3366 3637 3439 τῷ
3668 3367 3730 3432 ἐξ

2143 3469 2308 3523 αὐτοῦ
2341 3467 2497 3537 φύντι
2528 3467 2705 3536 τέκνῳ
2748 3463 2872 3536 ῥίζα
2915 3481 3001 3527 τις
3038 3463 3229 3532 ὥσπερ
3261 3459 3378 3515 ἐστὶ
3417 3461 3733 3528 γενέσεως..

2145 3562 2241 3616 καὶ
2281 3561 2380 3632 τῆς
2422 3561 2504 3624 είς
2536 3559 2598 3612 τὸ
2647 3553 2788 3612 εῖναι
2823 3556 3063 3629 παρόδου
3120 3555 3297 3626 πηγή.
3330 3554 3423 3617 Et;
3454 3555 3626 3606 τύπον
3657 3552 3725 3624 δὴ

2144 3649 2238 3709 οὖν
2264 3652 2364 3706 τοῦ
2393 3651 2610 3706 πάντων
2650 3647 3018 3722 δημιουργοῦ,
3059 3647 3094 3718 ἡ
3129 3646 3332 3719 πατρὸς
3377 3645 3471 3699 καὶ
3514 3643 3724 3715 μητρὸς

2146 3744 2422 3818 ὑπουργία
2451 3743 2587 3816 πρὸς
2627 3740 2882 3813 ὓπαρξιν,
2915 3741 2994 3803 είς
3040 3739 3290 3802 ἅπαντας
3324 3737 3452 3800 τοὺς
3489 3735 3586 3788 ἐπὶ
3620 3734 3723 3803 τῆς

2144 3837 2268 3909 γῆς.
2325 3835 2612 3906 Τοιγάρτοι
2652 3832 2762 3886 τῶν
2799 3830 2974 3887 ἄλλων
3016 3826 3460 3899 προφερεστέραν
3498 3825 3598 3897 τὴν
3642 3825 3723 3887 είς

2145 3929 2343 3994 αὐτοὺς
2375 3926 2643 3982 ποιεῖσθαι
2698 3924 2866 3996 τιμὴν
2909 3925 2941 3977 6
2979 3922 3142 3991 νόμος
3174 3920 3561 3992 προστέταχεν,
3591 3915 3722 3970 οὔτε

2146 4021 2326 4092 γερῶν
2348 4019 2665 4090 ἀποστήσας
2684 4017 2811 4079 τοὺς
2835 4013 3145 4086 ᾑρημένους
3168 4013 3356 4081 τιμᾷν,
3377 4007 3503 4062 οὔτε
3525 4007 3720 4077 ποινῆς

2144 4112 2499 4168 ἀπαλλάττων
2535 4110 2662 4173 τοὺς
2699 4106 2860 4162 τοῦτο
2887 4105 3020 4178 δρᾷν
3052 4105 3156 4157 οὑκ
3197 4099 3558 4172 ἀνεχομένους
3577 4115 3592 4129 ο
3619 4095 3720 4167 τὴν

464 4182 600 4239 ferri
625 4186 712 4240 lex
732 4187 916 4257 jussit,
947 4204 1125 4260 neque
1149 4207 1181 4246 a
1201 4193 1442 4262 praemiis
1461 4194 1761 4251 excludens
1782 4211 1898 4262 eos,
1948 4198 2043 4267 qui

2147 4204 2247 4275 μὲν
2271 4203 2377 4276 γὰρ
2403 4201 2596 4273 εὐγενῆ
2626 4201 2720 4255 καὶ
2750 4199 2904 4253 ὁσίαν
2935 4196 3163 4268 γνώμην
3198 4196 3387 4265 τιμαῖς
3417 4191 3676 4260 στεφανοῖ
3700 4203 3714 4218 ·

467 4273 735 4332 honorem
761 4277 872 4334 illis
893 4279 1294 4351 impenderent,
1319 4298 1502 4354 neque
1518 4301 1616 4342 eos
1637 4287 1901 4352 vicissim,
1948 4288 2042 4358 qui

2145 4273 2242 4366 τὴν
2285 4273 2359 4349 δὲ’
2379 4294 2476 4366 οὐχ
2514 4293 2692 4356 οὕτως
2718 4291 2968 4364 ἔχουσαν,
3009 4293 3122 4353 τοῖς
3151 4289 3232 4351 είς
3257 4285 3411 4357 λῆξιν
3441 4299 3719 4352 καταφορο

466 4365 522 4432 id
544 4365 725 4424 facere
757 4370 988 4437 nollent,
1012 4389 1042 4429 a
1085 4375 1354 4445 supplicio
1397 4375 1641 4432 liberans
1679 4394 1849 4432 :n-am
1891 4380 2044 4450 inge-

2145 4365 2280 4451 τίζει
2303 4365 2510 4449 κακοῖς·
2533 4404 2552 4437 ι
2574 4384 2721 4455 Τίμα
2745 4384 2907 4454 ιγὰρ,
2932 4381 3084 4453 φησι,
3101 4400 3121 4433 ι
3147 4381 3239 4434 τὸν
3255 4377 3469 4448 πατέρα
3497 4392 3613 4438 σου,
3633 4373 3718 4428 ἵνα

465 4475 635 4527 ηιιιιηι
647 4461 908 4534 piumque
926 4465 1171 4520 animum
1195 4466 1498 4522 honoribus
1516 4476 1675 4521 ornat
1696 4507 1711 4532 ,
1740 4485 1868 4523 eum
1884 4485 2038 4538 vero,

2145 4473 2203 4532 εὖ
2233 4495 2316 4532 σοι
2341 4477 2586 4548 γένηται,
2613 4475 2708 4531 καὶ¹
2737 4475 2834 4547 ἔσῃ
2865 4473 3256 4546 μακροχρόνιος
3284 4470 3377 4524 ἐπὶ
3404 4471 3503 4541 τῆς
3525 4468 3654 4538 γῆς.
3693 4484 3712 4519 ι

463 4555 556 4624 qui
608 4556 769 4610 aliter
816 4558 888 4612 sit
931 4557 1182 4622 aﬁ’ectus,
1229 4559 1568 4630 gravissimis
1607 4561 1765 4616 malis
1796 4571 2033 4618 onerat:

2145 4523 2547 4624 suntofivravﬁiov
2571 4523 2680 4639 ’μὲν
2707 4523 3105 4638 6361;?“er
3136 4523 3304 4635 γέρας
3331 4523 3610 4632 ἐξαίρετον
3640 4561 3719 4622 είς

471 4664 489 4694 ι
527 4646 744 4702 llonora
770 4647 940 4713 enim,
967 4648 1165 4718 inquit,
1190 4657 1405 4718 patrem
1431 4657 1608 4716 tuum,
1641 4660 1702 4706 ut
1745 4652 1888 4708 bene
1934 4654 2035 4709 tibi

2145 4659 2310 4731 ζωὴν,
2334 4659 2430 4713 καὶ
2446 4659 2506 4713 τὸ
2527 4659 2620 4713 ἐπὶ
2651 4659 2915 4730 μήκιστον
2940 4657 3078 4710 ἰέναι
3097 4654 3310 4726 χρόνον,
3335 4656 3449 4716 τοῖς
3473 4651 3718 4704 ἐθέλουσι

465 4734 565 4802 sit,
593 4747 650 4793 et
685 4739 766 4793 sis
794 4739 1075 4810 longaevus
1109 4756 1277 4811 super
1318 4751 1520 4797 terram
1544 4745 1607 4798 ιτ.
1634 4764 1652 4796 ν
1684 4745 1849 4817 236
1867 4747 2038 4818 Igitur

461 4841 589 4882 eum
613 4829 700 4895 iis,
737 4831 832 4901 qui
855 4838 1114 4900 parentes
1160 4833 1514 4899 honorarent,
1543 4836 1712 4891 vitam
1737 4853 1801 4894 ac
1823 4846 2037 4909 tempo-

465 4917 546 4975 ris
599 4917 1056 4988 diuturnitatem,
1103 4925 1260 4994 quasi
1309 4928 1597 4996 pramium
1665 4929 1940 4999 quoddam
1983 4938 2044 4986 et

465 5023 667 5066 munus
689 5015 1048 5084 praecipuum,
1075 5017 1162 5071 lex
1189 5019 1600 5086 constituisset,
1629 5029 1862 5097 mortem
1903 5037 2039 5078 vero

463 5101 720 5170 wperbis
755 5111 812 5158 et
855 5105 1134 5176 injuriosis
1179 5113 1576 5180 proposuisset,
1631 5122 1842 5168 metum
1867 5115 2041 5171 veluti

463 5189 813 5264 padagogum
857 5197 1149 5264 quemdam
1173 5200 1415 5269 apponit,
1441 5199 1533 5269 qui
1586 5217 1694 5256 nos
1723 5203 1796 5258 ad-
1828 5212 2039 5260 rectum

444 5275 569 5342 'lter
592 5286 786 5341 timore
812 5286 1081 5344 traducat.
1108 5291 1254 5346 Dixit
1278 5292 1427 5347 enim
1452 5308 1685 5349 rursus:
1720 5314 1742 5347 ι
1781 5295 1886 5362 Qui
1910 5312 2039 5367 per-

462 5377 602 5433 cutit
637 5385 848 5450 patrem
871 5387 966 5435 aut
1003 5389 1233 5438 matrem
1256 5398 1434 5448 suam,
1485 5393 1666 5442 morte
1705 5387 1976 5444 moriatur
2021 5409 2033 5444 :

462 5478 519 5525 et
542 5470 636 5540 qui
661 5470 1008 5528 maledixerit
1035 5474 1176 5545 patri
1200 5476 1285 5530 vel
1311 5476 1472 5531 matri
1514 5492 1644 5544 suae,
1694 5488 1871 5536 morte
1915 5491 2035 5539 mo-

464 5559 638 5614 riatur
664 5563 724 5618 “.
761 5584 779 5614 ι
811 5563 948 5619 Vide
992 5565 1160 5637 igitur
1191 5568 1650 5638 quemadmodum
1677 5585 1842 5627 omne
1862 5587 2037 5643 genus

2143 4752 2340 4824 τιμᾷν,
2373 4750 2600 4805 θάνατον
2627 4750 2684 4804 δὲ
2715 4752 2829 4813 τοῖς
2852 4748 3078 4814 ἀλαζόσι
3107 4748 3204 4802 καὶ
3233 4744 3714 4822 ὑϐρισταῖςὲπαρο

2142 4845 2314 4918 τήσας
2332 4847 2360 4899 6
2377 4844 2560 4916 νόμος,
2584 4842 2929 4913 παιδαγωγὸν
2951 4841 3139 4912 ὥσπερ
3163 4838 3288 4894 τινά
3313 4832 3717 4910 μετασοϐοῦντα

2145 4938 2281 5010 πρὸς
2309 4937 2371 4990 τὸ
2395 4936 2525 4991 εὐθὺ
2564 4935 2654 4990 τὸν
2685 4935 2847 5004 φόϐον
2887 4934 3189 5004 ἐφίστησιν.
3222 4929 3370 5001 Ἔφη
3398 4927 3508 4999 γὰρ
3531 4925 3716 4982 πάλιν·

2149 5049 2168 5082 ‹
2211 5030 2306 5093 Ὃς
2342 5029 2534 5083 τύπτει
2573 5027 2845 5098 πατέραῆ
2886 5026 3100 5098 μητέρα
3144 5021 3311 5079 αὐτοῦ
3335 5061 3350 5086 ,
3393 5017 3612 5089 θανάτῳ
3635 5033 3718 5070 τε·

2141 5118 2410 5174 λευτάτω·
2441 5120 2536 5173 καὶ
2565 5120 2594 5172 6
2620 5117 2934 5187 κακολογῶν
2970 5116 3181 5187 πατέρα
3218 5111 3385 5168 αὐτοῦ
3417 5112 3452 5184 ἢ
3479 5109 3714 5182 μητέρα,

2141 5210 2452 5282 τελευτήσει
2488 5209 2723 5284 θανάτῳ.
2771 5231 2790 5264 ι
2838 5209 3030 5282 Ἀθρει
3060 5207 3124 5280 δὴ
3165 5201 3260 5262 οῦν
3287 5207 3370 5260 δτι
3402 5202 3588 5258 πάντα·
3618 5199 3718 5272 μὲν

2143 5301 2234 5355 τὸν
2261 5299 2463 5372 τρόπον
2489 5300 2592 5372 τῆς
2619 5301 2700 5364 είς
2729 5299 2924 5364 αὐτοὺς
2961 5296 3234 5370 ἁμαρτίας
3273 5295 3334 5349 ὲν
3363 5293 3463 5364 ι’σῳ
3497 5289 3717 5355 κολάζει
3754 5331 3759 5338 .

2146 5390 2348 5462 μέτρῳ,
2376 5390 2544 5460 ἀγχοῦ
2569 5389 2626 5444 δὲ
2666 5389 2730 5460 δὴ
2757 5389 2919 5442 πάλιν
2945 5390 3058 5453 τοῖς
3089 5386 3216 5458 περὶ
3244 5383 3381 5440 Θεοῦ
3420 5382 3488 5438 τὰ
3514 5379 3715 5450 γονέων

2141 5481 2328 5535 δίκαια
2352 5481 2517 5545 τιθεὶς
2543 5482 2735 5552 ὁρᾶται
2759 5477 2963 5548 σαφῶς.
2986 5479 3197 5550 Ὥσπερ
3219 5477 3330 5547 γάρ
3349 5474 3444 5530 ἰπὶ
3467 5471 3626 5537 Θεοῦ,
3653 5469 3714 5523 τὸ

2143 5572 2389 5644 γλώττης
2420 5571 2795 5644 πλημμέλημα
2821 5571 3050 5642 τιμᾶται
3083 5567 3299 5639 θανάτῳ
3347 5566 3442 5621 καὶ
3485 5565 3608 5624 ταῖς
3634 5561 3711 5622 εις

573 5675 614 5754 ξ’
647 5675 805 5754 [ρευι.
841 5680 992 5754 vl,_5.
1073 5681 1115 5713 "
1137 5683 1295 5738 Deut.
1326 5701 1396 5750 η’,
1426 5686 1513 5740 35.
1590 5685 1634 5718 “
1663 5686 1823 5742 Βευῑι
1854 5705 1905 5754 ν,
1944 5687 2028 5744 ηδ

2145 5689 2159 5721 ⁵
2187 5689 2342 5746 Joan.
2381 5706 2504 5752 xm,
2534 5689 2586 5742 5.
2654 5688 2696 5719 ³⁸
2725 5687 2879 5742 Joan.
2908 5701 3014 5751 xiv,
3043 5683 3124 5737 l7.
3202 5683 3242 5716 "
3273 5679 3445 5738 Exod.
3477 5692 3580 5744 xx,
3621 5673 3706 5732 12.

469 5745 512 5778 ’⁸
534 5743 706 5801 Exod.
736 5761 844 5815 ni,
871 5747 951 5800 15.
