3990 6196
327 320 434 376 509

1048 324 1136 379 DE
1174 323 1616 380 ADORATIONE
1656 325 1721 378 IN
1765 325 2034 382 SPlRiTU
2074 330 2164 384 ΕΤ
2207 331 2576 388 V'ERITATE.
2618 333 2746 388 LIB.
2790 334 2899 391 VII.

3491 341 3593 397 510

328 445 497 513 ἄκρον
523 441 733 513 ὀργαῖς,
753 441 896 495 οὓτω
921 444 1017 496 καὶ
1043 443 1129 496 ἐπ’
1145 444 1324 498 αὐτῶν
1351 445 1460 498 τῶν
1480 446 1885 516 γεγεννηκότων

2013 452 2248 519 peccati,
2288 452 2342 505 in
2390 452 2514 508 illos
2557 453 2804 516 admissi,
2859 453 3055 523 aequali
3079 469 3333 509 mensura
3379 458 3588 526 puniat.

325 533 419 586 καὶ
459 533 558 602 τὴν
604 531 756 585 θείαν
791 533 890 603 μέν
927 550 1012 598 τις
1052 534 1323 604 ἀθετήσας
1356 535 1613 605 ἐντολὴν,
1663 537 1756 589 καὶ
1789 541 1908 602 ταῖς

323 624 671 693 παραϐάσεσι
713 624 1052 679 καταλυπεῖν
1081 627 1356 698 ᾑρημένος
1402 627 1492 680 τὸν
1529 627 1906 697 παιδαγωγὸν,

324 717 495 787 χωρὶς
548 717 852 788 οἰκτιρμῶν
908 717 1265 790 ἀποθνήσκει.
1315 719 1526 788 Πατρὸς
1563 719 1622 773 δὲ
1665 719 1826 789 τυχὸν
1872 719 1905 790 ἢ

325 807 536 879 μητρὸς
580 807 874 878 ὑποθηκῶν
912 809 1217 880 ἀλογήσας,
1264 809 1605 873 λιθόλευστος
1645 810 1903 881 τελευτᾷ,

290 891 488 970 ’νόμου
535 898 629 952 τοῦ
666 899 811 954 θείου
854 901 948 954 καὶ
991 901 1108 954 τόδε
1163 901 1618 972 προστεταχότος.
1660 902 1805 971 Ἔφη
1849 899 1906 954 δὲ

313 991 490 1057 οὕτως
529 993 586 1045 ἐν
616 991 694 1063 τῷ
733 993 1176 1064 Δευτερονομίῳυ
1239 1013 1258 1046 ι
1303 994 1430 1047 Ἐὰν
1465 994 1523 1047 δέ
1562 1010 1668 1048 τινι
1788 993 1906 1057 υἱὸς

314 1083 552 1155 ἀπειθὴς
587 1085 684 1137 καῖ⁵
708 1083 1014 1154 ἐρεθιστὴς,
1037 1085 1136 1155 οὐχ
1164 1085 1457 1138 ὑπακούων
1479 1083 1665 1155 φωνῆς
1696 1083 1904 1153 πατρὸς

311 1175 483 1232 αὐτοῦ
514 1178 607 1230 καὶ
631 1177 818 1248 φωνῆς
847 1176 1078 1248 μητρὸς,
1102 1177 1196 1230 καὶ
1218 1177 1583 1231 παιδεύσωσιν
1609 1178 1791 1242 αὐτὸν,
1808 1177 1902 1232 καὶ

313 1267 390 1340 μὴ
431 1268 725 1340 εἰσακούσῃ
759 1268 970 1322 αὐτῶν·
1007 1268 1104 1322 καὶ
1135 1267 1486 1332 συλλαϐόντες
1524 1268 1686 1323 αὑτὸν
1718 1269 1748 1320 ό
1796 1285 1901 1322 πα-

307 1359 419 1430 τὴρ
444 1357 612 1412 αὐτοῦ
645 1359 797 1431 καὶὴ
835 1361 1019 1430 μήτηρ
1058 1358 1246 1424 αὑτοῦ,
1289 1359 1570 1427 ἐξάξουσιν
1609 1360 1771 1415 αὑτὸν
1807 1361 1902 1416 ἐπὶ

311 1447 412 1517 τὴν
440 1449 734 1519 γερουσίαν
761 1450 860 1521 τῆς
895 1449 1106 1514 πόλεως
1132 1450 1322 1516 αὑτοῦ,
1354 1452 1450 1505 καὶ
1478 1451 1573 1505 ἐπὶ
1599 1451 1698 1523 τὴν
1723 1443 1920 1524 πύλην¹

305 1538 404 1593 τοῦ
436 1540 602 1594 τόπου
629 1541 817 1606 αὑτοῦ,
843 1541 938 1596 καὶ
966 1540 1150 1614 ἐροῦσι
1181 1545 1294 1606 τοῖς
1319 1542 1549 1614 ἀνδράσι
1570 1544 1670 1616 τῆς
1692 1544 1899 1608 πόλεως

305 1631 474 1686 αὑτοῦ
502 1633 775 1702 λέγοντες,
808 1634 892 1689 ὅτι
934 1635 993 1689 '0
1021 1635 1137 1702 υἱὸς
1165 1635 1324 1706 ἡμῶν
1353 1629 1507 1701 οὗτος
1532 1636 1768 1701 ἀπειθεῖ,
1802 1639 1898 1691 καὶ

303 1722 566 1792 ὲρεθίζει,
599 1727 694 1780 καὶ
719 1727 819 1780 οὐκ
843 1727 1121 1781 εἰσακούει
1161 1728 1264 1800 τῆς
1297 1728 1481 1799 φωνῆς
1525 1728 1720 1800 ἡμῶν,
1754 1746 1896 1800 συμ-

2009 541 2080 597 Iis
2098 543 2284 608 etiam,
2317 560 2439 614 quae
2463 544 2530 599 de
2555 546 2666 600 Deo
2712 554 2984 616 praecepta
3037 557 3187 606 sunt,
3231 562 3295 601 ea
3343 551 3590 618 proxime

2009 630 2266 706 conjungi
2314 636 2666 707 perspicuum
2699 646 2802 700 est,
2845 653 2967 706 qua:
3019 636 3087 692 ad
3124 650 3416 707 parentum
3466 641 3588 711 jura

2007 725 2308 793 pertinent.
2338 725 2403 782 Ut
2424 727 2596 791 enim,
2633 726 2676 781 si
2706 727 2839 796 quid
2880 730 2934 782 in
2974 729 3145 782 Deum
3190 729 3373 800 lingua
3399 746 3592 799 pecca-

2008 820 2124 866 tum
2147 813 2237 878 sit,
2265 823 2442 869 morte
2459 824 2817 887 extremoque
2852 819 3127 888 supplicio
3165 821 3431 874 multatur
3451 861 3464 884 ,
3511 821 3590 874 si-

1959 931 1963 935 -
2006 905 2212 960 militer
2240 906 2285 960 si
2305 907 2438 977 quid
2464 907 2520 962 in
2545 924 2641 963 eos
2665 924 2886 979 quoque
2911 910 2983 964 sit
3011 910 3313 966 admissum
3359 912 3451 981 qui
3499 927 3591 981 ge-

2004 1004 2251 1050 nuerunt
2303 1015 2317 1050 :
2380 1013 2444 1053 ac
2480 998 2728 1053 divinum
2779 1010 2932 1054 certe
2974 1001 3291 1056 mandatum
3339 1001 3589 1071 quisquis

2004 1085 2222 1141 irritum
2245 1087 2462 1154 fecerit,
2488 1097 2545 1144 et
2568 1092 2688 1161 ejus
2707 1091 3003 1145 violatione
3021 1092 3372 1163 pzedagogum
3397 1094 3587 1149 volens

2003 1176 2316 1243 offenderit,
2346 1180 2465 1234 sine
2493 1180 2602 1234 ulla
2627 1180 2981 1236 miseratione
3015 1183 3300 1237 occiditur.
3327 1184 3587 1254 Quisquis

2002 1265 2135 1322 item
2160 1269 2332 1340 patris
2359 1271 2618 1327 matrisvc
2641 1271 2848 1326 monita
2870 1273 3281 1342 contempserit,
3309 1274 3585 1344 lapidibus

2001 1359 2234 1418 obrutus
2255 1371 2505 1430 necatur,
2553 1379 2679 1419 cum
2706 1364 2812 1420 hoc
2835 1364 2980 1419 idem
3011 1365 3197 1420 divina
3223 1366 3311 1421 lex
3331 1367 3578 1436 jusserit.

1999 1451 2147 1506 Dixit
2200 1462 2382 1508 autem
2418 1453 2484 1508 ad
2525 1455 2676 1509 hunc
2717 1455 2942 1510 modum
2986 1455 3043 1510 in
3107 1455 3578 1512 Deutemnomio:

2007 1562 2026 1594 ι
2061 1543 2118 1599 Si
2141 1553 2324 1599 autem
2349 1545 2589 1614 cuipiam
2611 1545 2778 1600 fuerit
2801 1545 2946 1600 [ilius
2968 1553 3262 1602 contumax
3305 1555 3361 1602 et
3399 1548 3583 1604 irrita-

1999 1639 2106 1697 tor,
2135 1633 2229 1704 qui
2258 1649 2370 1688 non
2393 1633 2616 1688 obediat
2637 1634 2759 1689 voci
2785 1635 2957 1704 patris
2999 1633 3107 1699 sui,
3131 1641 3190 1689 et
3226 1634 3346 1688 voci
3391 1635 3583 1692 matris

1999 1740 2134 1790 suae,
2171 1734 2228 1780 et
2272 1724 2643 1795 corripuerint
2697 1739 2860 1789 eum,
2906 1731 2963 1778 et
3021 1740 3132 1779 non
3176 1723 3414 1780 audierit
3461 1740 3578 1790 eos,

303 1816 619 1872 σολοκοπῶν
666 1819 1010 1890 οἱνοφλυγεῖ·
1049 1822 1144 1878 καὶ
1173 1798 1618 1893 λιθοϐολήσουσιν
1655 1798 1888 1877 αὐτὸν-οἱ

1997 1817 2470 1890 comprehendent
2513 1833 2641 1872 eum
2689 1825 2846 1890 pater
2896 1831 3030 1871 suus
3075 1824 3131 1871 et
3159 1825 3333 1872 mater
3378 1831 3497 1881 sua,
3524 1824 3581 1872 et

299 1910 499 1982 ἄνδρες
543 1911 641 1983 τῆς
682 1911 892 1976 πόλεως
929 1912 1100 1968 αὑτοῦ
1139 1912 1340 1978 λίθοις,
1382 1914 1476 1967 καὶ
1513 1914 1884 1968 ἀποθανεῖται.

1997 1911 2199 1968 ducent
2221 1927 2346 1967 eum
2372 1911 2440 1969 ad
2465 1919 2718 1967 senatum
2752 1911 2926 1981 ipsius
2947 1910 3206 1973 civitatis,
3242 1919 3300 1964 et
3342 1909 3408 1963 ad
3453 1924 3581 1978 por-

300 2003 416 2056 Καὶ
453 2003 696 2076 ὲξαρεῖτε
742 2005 832 2058 τὸν
879 2006 1116 2076 πονηρὸν
1159 2006 1240 2072 ἐξ
1263 2005 1418 2077 ὑμῶν
1457 2007 1670 2072 αὐτῶν,
1705 2008 1800 2060 καὶ
1838 2007 1886 2060 οἱ

1997 2011 2107 2059 tam
2129 2004 2238 2059 loci
2273 2003 2420 2058 illius
2444 2044 2458 2067 ,
2493 2012 2549 2058 et
2573 2002 2760 2058 dicent
2781 2003 3100 2058 hominibus
3123 2002 3363 2057 civitatis
3391 2001 3538 2056 illius
3561 2018 3576 2056 :

297 2092 570 2147 ἐπίλοιποι
599 2093 934 2158 ἀκούσαντες
966 2095 1390 2167 φοϐηθήσονταιο
1432 2114 1450 2148 ι
1485 2091 1634 2167 ΊΓΑρά
1661 2112 1743 2148 σοι
1778 2095 1888 2148 λοι-

1997 2098 2169 2153 Filius
2219 2105 2412 2152 noster
2437 2097 2528 2152 hic
2571 2097 2899 2152 inobediens
2942 2103 3026 2152 est
3051 2096 3328 2160 etirritat,
3388 2103 3578 2151 etnon

297 2183 402 2236 πὸν
445 2183 740 2248 ἐνδοιάζειν
784 2184 864 2238 ἔτι
915 2183 1008 2238 καὶ
1047 2184 1188 2255 μετὰ
1233 2184 1394 2238 τοῦτο
1431 2183 1619 2256 θέμις,
1655 2185 1734 2248 ὼς
1781 2181 1886 2240 εἶσι

1997 2186 2148 2241 audit
2168 2201 2361 2240 vocem
2407 2194 2675 2250 nostram,
2721 2185 3216 2242 comessationibus
3245 2193 3301 2239 et
3339 2185 3580 2240 ebrieta-

297 2273 420 2326 κατ’
462 2272 608 2344 ἴχνος
633 2276 734 2346 τῆς
770 2275 865 2330 τοῦ
894 2275 1030 2330 Θεοῦ
1056 2277 1282 2348 τιμῆςή
1316 2277 1397 2344 εἰς
1435 2276 1650 2350 πατέρα
1689 2293 1749 2332 τε
1790 2276 1886 2334 καὶ

1997 2277 2142 2332 tibus
2163 2283 2353 2330 vacat:
2381 2283 2438 2332 et
2462 2275 2784 2346 lapidabunt
2827 2292 2953 2331 eum
3004 2276 3109 2330 viri
3143 2275 3385 2332 civitatis
3431 2275 3577 2330 illius

296 2365 550 2437 μητέρα;
1991 2367 2302 2440 lapidibus;
2328 2375 2385 2422 et
2409 2367 2698 2433 morietur,
2724 2375 2780 2423 et
2802 2367 3066 2423 auferetis
3089 2369 3292 2425 malum
3317 2384 3386 2423 ex
3418 2366 3578 2423 vobis

295 2460 429 2532 ipsis
451 2480 468 2529 ;
492 2470 546 2518 et
572 2464 756 2520 caeteri
778 2463 1068 2523 audientes
1091 2466 1366 2523 timebunt
1391 2468 1455 2523 ¹⁹.
1490 2487 1508 2519 ι
1545 2467 1688 2524 Num
1717 2464 1939 2522 tandem
1974 2465 2206 2538 posthac
2229 2463 2315 2520 fas
2363 2472 2449 2520 est
2471 2463 2770 2536 ambigere,
2804 2463 2938 2536 quin
2963 2463 3108 2534 patri
3134 2478 3198 2519 ac
3212 2461 3378 2519 matri
3400 2462 3578 2519 honos

291 2551 517 2611 habitus
547 2558 794 2627 proxime
816 2556 883 2612 ad
905 2574 1054 2619 eum,
1079 2561 1174 2630 qui
1205 2561 1316 2616 Deo
1342 2560 1626 2625 tribuitur,
1650 2557 1913 2616 accedat?

360 2649 578 2706 HAAA.
611 2652 895 2723 Οὐδαμῶς.
933 2653 1274 2710 Ἐκδυσωπεῖ
1299 2655 1406 2728 γὰρ
1426 2656 1585 2727 -ήμᾶς
1614 2657 1693 2718 εἰς
1728 2671 1790 2724 γε
1821 2653 1882 2712 τὸ

2057 2650 2254 2707 PALL.
2284 2648 2508 2705 Minime
2531 2649 2794 2705 dubium:
2825 2656 2884 2704 ut
2908 2648 3056 2705 enim
3089 2663 3186 2703 eos
3210 2647 3422 2704 honore
3451 2661 3578 2718 pro-

292 2743 490 2816 χρῆναι
520 2745 707 2815 τιμᾷν.
732 2747 826 2798 καὶ
855 2747 917 2799 τὸ
968 2747 1073 2802 ὑπό
1110 2766 1204 2802 του
1234 2748 1308 2818 (1)
1339 2747 1519 2818 σοφῶς
1549 2745 1841 2818 εἰρημένον
1860 2763 1874 2776 ·

1997 2743 2290 2815 sequendos
2335 2751 2613 2814 putemus,
2659 2742 2794 2798 illud
2826 2758 3046 2812 quoque
3082 2739 3396 2812 persuadet,
3426 2740 3575 2810 quod

295 2854 314 2888 ι
351 2836 664 2909 Μνήσθητι,
699 2840 780 2892 ὅτι
809 2840 879 2892 δι’
907 2841 1088 2896 αὐτῶν
1131 2841 1450 2913 ἐγεννήθης.
1501 2860 1520 2894 ι
1566 2841 1675 2895 Καὶ
1716 2838 1821 2911 μὴν
1853 2839 1882 2892 ὁ

1997 2853 2016 2891 ι
2042 2835 2280 2906 quodam
2302 2835 2580 2905 sapienter
2613 2842 2697 2889 est
2725 2835 2936 2888 dictum
2963 2851 2978 2888 :
3012 2853 3029 2884 ι
3063 2833 3378 2889 Recordare
3423 2833 3574 2902 quod

289 2931 639 3001 πατριάρχης
687 2931 884 2985 Ἰακὼὸ
915 2936 1308 2991 ἐπιεικέστατα
1348 2932 1555 3003 λέγων·
1608 2951 1628 2986 ι
1669 2930 1733 2987 Ei
1757 2930 1883 3003 μὴὸ

1997 2944 2077 2999 δοι-
2108 2944 2205 2984 eos
2235 2927 2452 2998 genitus
2474 2943 2534 2982 es
2573 2928 2647 2993 ²⁰;
2682 2947 2699 2978 ι
2742 2926 2914 2982 Jacob
2961 2941 3182 2996 quoque
3225 2924 3570 2997 patriarcha,

290 3021 454 3087 οόΰος
492 3023 676 3078 Ἰσαάκ
700 3025 796 3079 τοῦ
827 3026 1033 3099 πατρὸς
1059 3023 1127 3100 ἦν
1160 3044 1268 3098 μοι.
1310 3045 1329 3079 ι

1997 3035 2106 3075 :um
2131 3019 2534 3075 modestissime
2557 3019 2694 3074 dicit
2726 3036 2738 3073 :
2795 3038 2812 3070 ι
2846 3017 2965 3074 Nisi
3001 3018 3164 3073 timor
3207 3017 3358 3072 Isaac
3403 3017 3575 3089 patris

1987 3112 2098 3170 mei
2127 3111 2345 3166 adesset
2370 3110 2504 3164 mihi
2529 3111 2595 3164 ἰ.
2629 3129 2648 3160 ι
2965 3150 2967 3153 .

357 3223 526 3278 ΚΥΡ.
563 3217 703 3295 Ἆρ’
727 3218 842 3288 οῦν,
874 3225 996 3280 εἰπέ
1039 3243 1150 3297 μοι,
1177 3226 1238 3280 τὸ
1252 3224 1320 3280 δι’
1346 3224 1530 3280 αὐτῶν
1553 3223 1882 3296 γεγενῆσθαι

2055 3201 2212 3258 CYR.
2245 3203 2344 3257 Dic
2365 3203 2533 3273 igitur
2572 3200 2711 3256 mihi
2750 3201 2857 3257 hoc
2912 3201 3092 3272 ipsum
3117 3200 3263 3271 quod
3302 3215 3402 3272 per
3451 3199 3574 3254 illos

358 3265 487 3278 ..η
514 3265 526 3276 .
593 3265 673 3295 --ρ
728 3265 842 3288 νυ,
874 3265 996 3280 .......
1039 3265 1150 3297 ,μνη
1188 3265 1302 3280 ων.
1346 3265 1526 3280 -..ων
1565 3265 1882 3296 ,ηνηηηη

286 3314 467 3384 λέγειν
487 3356 501 3379 ,
525 3315 624 3369 οὐκ
648 3315 832 3371 εἰκόνα
865 3315 961 3370 τοῦ
1006 3320 1078 3389 Δη
1090 3317 1352 3389 μιουργοῦ
1380 3318 1475 3373 καὶ
1505 3317 1599 3372 τοῦ
1642 3316 1780 3388 πρὸς
1816 3316 1878 3373 τὸ

1997 3294 2194 3366 genitos
2216 3309 2317 3348 nos
2339 3309 2457 3348 esse
2481 3292 2687 3348 dictum
2711 3300 2816 3357 est,
2865 3309 2999 3347 num
3043 3308 3238 3362 parum
3287 3290 3571 3345 evidenter

287 3349 466 3384 Μιῠιι
487 3356 501 3379 ν
525 3349 624 3369 υυῆ
648 3349 832 3371 διῆυνυι
876 3349 961 3370 υυυ
1006 3349 1352 3389 μιλμιυυιιιυυ
1382 3349 1475 3373 IUL"
1505 3349 1599 3372 ’ὓυυ
1642 3349 1777 3388 ἠιδνῇ
1816 3349 1878 3373 ⁷υυ

287 3405 426 3469 εἶναι
469 3409 768 3475 καλοῦντος
811 3410 882 3466 τὰ
929 3411 1030 3465 οὐκ
1065 3412 1195 3466 ὅντα
1241 3411 1372 3466 ποτὲ
1403 3409 1770 3478 καταδείξειεν
1807 3411 1874 3467 ἂν

1997 3349 2222 3442 istendit
2245 3386 2536 3456 imaginem
2566 3399 2661 3440 eos
2699 3382 2927 3454 Opiﬂcis
2969 3349 3176 3447 tenere,
3221 3389 3276 3438 et
3306 3382 3446 3451 ejus,
3476 3379 3572 3449 qui

285 3501 537 3573 ἐναργῶς
566 3502 727 3566 ὄντας
747 3469 954 3568 αὐτούς
975 3522 990 3572 ;
1014 3504 1075 3557 τὸ
1111 3504 1168 3557 δὲ
1206 3504 1271 3576 δὴ
1319 3505 1419 3560 καὶ
1442 3503 1596 3575 φόϐῳ
1615 3469 1696 3575 ei};
1734 3502 1876 3574 πρὸς

1997 3488 2140 3535 vocat
2162 3478 2230 3533 ad
2255 3477 2533 3535 exsistend
2546 3492 2634 3532 um
2662 3490 2726 3530 ea
2750 3490 2872 3545 quae
2898 3474 3028 3528 olim
3056 3489 3166 3528 non
3190 3472 3390 3528 erant?
3410 3469 3570 3540 237

477 3594 801 3666 τετιμῆσθαι
830 3565 1084 3666 πρέστειν,
1113 3597 1174 3650 οὐ
1210 3565 1493 3670 novat/cuii
1519 3565 1615 3652 καὶ
1636 3565 1695 3651 ὲν
1724 3565 1874 3667 αῦτῷ

1997 3576 2098 3632 lam
2134 3590 2268 3630 vero
2294 3573 2400 3630 hoc
2447 3572 2646 3642 ipsum,
2701 3569 2849 3641 quod
2875 3575 3066 3624 nostro
3106 3580 3326 3638 quoque
3375 3565 3572 3618 timore

288 3653 611 3757 θεσποτικᾷί
632 3653 886 3742 τέθεικεν,
900 3653 1171 3760 ἀξιώματι
1192 3653 1222 3756 ;’
1437 3653 1470 3670 n
1844 3653 1857 3667 '

1997 3682 2073 3723 :os
2095 3667 2366 3722 honorare
2393 3664 2572 3729 decet,
2621 3677 2804 3717 nonne
2830 3661 2940 3716 illis
2988 3660 3164 3731 ipsam
3198 3670 3421 3729 quoque
3459 3653 3571 3709 Do-

1978 3759 2115 3816 mini
2139 3759 2462 3830 dignitatem
2490 3754 2724 3812 tribuit?

2046 3852 2244 3908 PALL.
2307 3851 2450 3909 Sane
2491 3865 2646 3907 vero.
2695 3847 2936 3918 Ideoque
2985 3846 3079 3902 ille
3137 3845 3570 3902 Proverbiorum

1975 3953 2168 4005 auctor
2190 3951 2510 4002 exsecratur
2535 3943 2824 4012 quosdam,
2865 3941 3054 3996 dicens
3079 3957 3093 3992 :
3127 3957 3144 3989 ι
3174 3937 3428 4004 Oculum,
3474 3939 3570 4008 qui

1974 4037 2171 4093 irridet
2191 4043 2412 4106 patrem
2438 4043 2495 4090 et
2520 4035 2815 4091 dedecorat
2837 4039 3180 4088 senectutem
3204 4030 3426 4094 matris,
3437 4031 3572 4086 eil‘o-

1976 4130 2136 4188 diant
2155 4145 2282 4186 eum
2307 4128 2458 4184 corvi
2482 4128 2549 4183 de
2577 4126 2918 4182 torrentibus
2946 4126 3011 4179 ²².
3046 4143 3064 4176 ι
3096 4123 3238 4179 Illud
3270 4130 3451 4180 tamen
3476 4140 3570 4179 ex-

1975 4228 2149 4299 plices
2169 4225 2353 4290 velim,
2374 4221 2650 4294 quomodo
2676 4221 2746 4277 ab
2761 4219 3008 4276 omnium
3036 4219 3324 4274 Salvatore
3346 4216 3568 4275 Christo

1975 4320 2254 4390 sapienter
2280 4318 2487 4372 dictum
2511 4315 2694 4387 putari
2736 4313 2950 4385 possit:
2984 4333 3002 4365 ‹
3030 4313 3136 4380 Qui
3172 4320 3316 4368 amat
3353 4320 3568 4385 patrem

1974 4420 2072 4470 aut
2094 4421 2324 4469 matrem
2343 4426 2513 4481 super
2532 4424 2643 4474 me,
2665 4423 2779 4463 non
2801 4415 2888 4464 est
2912 4423 3000 4463 me
3023 4407 3224 4477 dignus
3241 4406 3309 4460 ⁸³.
3343 4425 3360 4457 ι
3391 4405 3571 4472 Quian

1975 4506 2143 4563 etiam
2181 4504 2319 4562 illud
2366 4499 2811 4561 commemorabo
2843 4517 2858 4554 :
2899 4514 3026 4554 nam
3059 4507 3273 4569 patrem
3308 4495 3568 4565 sepelire,

294 4593 412 4662 μεῖν
446 4593 830 4666 ἐκλιπαροῦντι
876 4593 955 4666 τῷ
991 4594 1242 4667 μαθητῇ,
1276 4592 1336 4647 τὸ
1364 4611 1383 4644 ι
1425 4592 1734 4647 Ἀκολούθει
1763 4610 1872 4663 μοι,

1997 4603 2426 4666 ienectutemque
2461 4594 2612 4649 illius
2659 4593 2806 4648 alere
2853 4589 3069 4662 roganti
3113 4587 3388 4659 discipulo
3427 4590 3504 4640 ait
3552 4603 3563 4639 :

291 4686 446 4756 φησὶ,
491 4687 586 4742 καὶ
627 4688 764 4759 ἄφες
801 4690 926 4752 τοὺς
965 4689 1193 4761 νεκροὺς
1242 4689 1469 4745 θάπτειν
1498 4688 1626 4750 τοὺς
1668 4687 1877 4742 ἑαυτῶν

1997 4707 2007 4742 ι
2036 4688 2280 4760 Sequere
2306 4703 2430 4754 me;
2465 4695 2523 4742 et
2547 4685 2765 4742 dimitte
2789 4692 3040 4740 mortuos
3065 4679 3299 4751 sepelire
3322 4685 3572 4734 mortuos

291 4779 541 4850 νεκρούς.
582 4799 606 4832 ι

1997 4796 2109 4841 suos
2132 4781 2197 4834 “.
2231 4799 2250 4831 ι

358 4871 526 4926 ΚΥΡ.
575 4868 710 4926 Εἶτα
742 4872 796 4926 τί
831 4872 892 4926 τὸ
921 4874 1122 4929 ἄτοπον
1168 4871 1245 4943 (2)
1281 4873 1339 4928 ὲν
1374 4869 1618 4934 τούτοις;
1649 4868 1876 4933 ἄναντες

2049 4871 2208 4930 CYR.
2246 4868 2388 4936 Quid
2413 4883 2547 4923 vero
2595 4867 2653 4922 in
2697 4867 2767 4922 iis
2814 4864 3039 4924 absurdi
3085 4862 3208 4919 est?
3249 4874 3377 4918 nam
3407 4857 3566 4914 ardui

293 4963 403 5039 γὰρ
434 4965 608 5028 οὐδὲν,
647 4965 723 5028 ὥς
759 4964 824 5034 γι
861 4983 951 5038 μοι
988 4965 1168 5029 δοκεῖ,
1195 4963 1328 5036 ψιλὴ
1364 4963 1422 5020 δὲ
1451 4963 1572 5017 λίαν
1597 4961 1708 5017 τῶν
1739 4979 1876 5034 προσ

1997 4963 2204 5034 pridem
2230 4969 2388 5020 certe
2405 4959 2567 5026 nihil,
2613 4967 2676 5016 ut
2720 4958 2856 5015 mihi
2901 4958 3142 5021 videtur,
3184 4953 3279 5010 sed
3337 4951 3571 5022 simplex

292 5058 562 5128 κειμένων
588 5062 621 5130 ἡ
646 5060 876 5128 γνῶσις,
897 5060 992 5114 καὶ
1013 5059 1154 5114 ἑλεῖν
1181 5057 1506 5130 ἑτοιμοτάτη
1531 5057 1642 5119 τοῖς
1664 5054 1878 5112 ἔθελον-

1997 5055 2278 5117 Idmodum
2301 5053 2550 5108 locorum
2573 5051 2988 5122 propositorum
3013 5057 3098 5105 est
3115 5045 3380 5119 cognitio,
3421 5052 3478 5100 et
3501 5043 3567 5099 ad

292 5168 376 5204 σιν
401 5151 576 5223 ὀρθῶς
616 5154 778 5208 νοεῖν.

1997 5147 2402 5219 βθκὶρὶοιιάυω
2425 5146 2512 5212 iis,
2543 5146 2639 5217 qui
2664 5152 2812 5202 recte
2837 5141 3147 5215 intelligere
3171 5139 3366 5204 velint,
3414 5134 3579 5192 facil-.

1981 5240 2133 5297 lima.

2053 5331 2250 5391 PALL.
2307 5331 2474 5402 Atqui
2519 5345 2631 5386 non
2675 5335 2804 5386 sunt
2847 5343 2913 5385 ea
2955 5325 3124 5383 verba
3175 5339 3206 5379 a
3249 5317 3575 5390 suspicione

3063 5481 3109 5514 "
3133 5475 3326 5535 Matth.
3363 5488 3395 5530 ι
3417 5513 3432 5539 ,
3471 5471 3570 5534 ὅτι

357 3848 572 3904 ΠΑΛΛ.
605 3849 716 3909 Καὶ
759 3849 926 3922 μάλα.
962 3849 1251 3924 Τοιγάρτοι
1284 3851 1380 3906 καὶ
1420 3851 1694 3925 ἐπαρᾶταε
1733 3869 1876 3908 τισιν

289 3941 316 3993 ό
347 3940 779 4013 Παροιμιαστὴς,
821 3942 1028 4011 λέγων·
1071 3962 1090 3996 ι
1143 3943 1453 4015 Ὀφθαλμὸν
1486 3942 1874 4013 καταγελῶντα

290 4031 534 4105 πατρὸς,
564 4035 658 4088 καὶ
691 4034 1027 4105 ἀτιμάζοντα
1056 4035 1234 4107 γῆρας
1280 4036 1508 4108 μητρὸς,
1539 4033 1874 4105 ἐκκόψαισαν

290 4125 450 4184 αὑτὸν
498 4127 735 4198 κόρακες
779 4129 843 4182 ὲκ
887 4128 996 4183 τῶν
1052 4129 1373 4200 φαράγγων.
1421 4147 1442 4180 ι
1494 4129 1644 4199 Πλὴν
1697 4129 1874 4184 ἐκεῖνο

291 4218 564 4287 διασάφει,
590 4220 651 4274 τὸ
677 4221 823 4284 ὅπως
849 4219 915 4274 ἂν
943 4221 1104 4275 οἴοιτό
1125 4239 1208 4286 τις
1235 4221 1487 4292 εἰρῆσθαι
1512 4220 1698 4290 σαφῶς
1722 4221 1875 4293 παρὰ

291 4311 382 4366 τοῦ
411 4313 630 4368 πάντων
672 4314 926 4387 Σωτῆρος
966 4314 1239 4388 Χριστοῦ·
1277 4332 1298 4367 ι
1359 4315 1418 4369 Ὀ
1457 4314 1625 4385 φιλῶν
1662 4315 1876 4387 πατέρα

291 4405 326 4476 ἢ
357 4406 572 4478 μητέρα
599 4407 738 4480 ὑπὲρ
765 4409 888 4480 ἐμὲ,
919 4409 1020 4463 οὐκ
1049 4409 1162 4462 ἔστι
1192 4425 1293 4480 μου
1323 4407 1491 4474 ἄξιος.
1526 4427 1544 4461 ι
1583 4409 1877 4480 Μεμνήσο-

293 4516 390 4570 μαι
425 4500 484 4554 δὲ
525 4501 810 4556 κάκείνου·
843 4503 1057 4574 πατέρα
1094 4501 1204 4573 γὰρ
1249 4501 1475 4558 θάπτειν
1515 4501 1611 4556 καὶ
1637 4517 1874 4574 γηροκο-

363 5329 572 5387 ΠΑΛΛ.
608 5329 722 5384 Καὶ
751 5327 860 5401 μὴν
892 5330 994 5384 οὐκ
1018 5326 1302 5401 ιλεύθερος
1330 5330 1610 5396 παντελῶς
1641 5329 1878 5401 ὑποψίας

401 5483 444 5519 υ
468 5484 630 5541 Deut.
685 5501 797 5550 XXI,
842 5484 1026 5541 18-21.

293 5555 340 5586 ’⁸
365 5555 557 5611 Matth.
598 5571 713 5623 vm,
741 5555 833 5611 οε.

1125 5485 1170 5518 ’θ
1197 5484 1369 5545 Eccli.
1400 5502 1492 5552 vu,
1537 5485 1624 5541 50.
1740 5487 1781 5517 ’⁸
1823 5485 1893 5542 Ge

2013 5504 2170 5554 xxxx,
2217 5488 2301 5575 ιε.
2409 5489 2455 5521 ²¹
2495 5486 2654 5544 Prov.
2691 5499 2835 5550 xxx,
2879 5481 2965 5538 17.

397 5712 446 5777 Ι)
488 5712 581 5768 Sic
614 5711 736 5767 cod.
769 5712 915 5777 Vat.,
962 5713 1136 5770 codex
1194 5711 1402 5775 Sirleti,
1435 5710 1540 5763 ὑπὸ
1578 5708 1672 5762 τοῦ
1717 5705 1876 5764 Θεοῦ.

397 5712 414 5764 Ι
488 5712 581 5768 Sic
614 5712 736 5767 cod.
769 5712 915 5777 Vat.,
962 5713 1136 5770 codex
1194 5712 1402 5775 Sirleti,
1435 5712 1540 5763 ὑπὸ
1578 5712 1672 5762 τοῦ
1717 5712 1876 5764 Θεοῦ.

369 5712 449 5862 i2;
476 5781 609 5841 Cod.
649 5781 854 5851 Sirleti,
886 5784 940 5839 τί
969 5784 1028 5839 τὸ
1066 5784 1336 5849 άποπτον;
1385 5779 1524 5851 Quid
1549 5779 1874 5836 obscuritatis
1917 5777 2092 5834 inest?
