3990 6196
444 376 541 433 5H

1471 377 1528 433 S.
1570 375 1848 433 CYRILLI
1886 370 2360 428 ALEXANDRINI
2398 371 2714 429 ARCHIEP:

3597 376 3706 434 δια

441 513 669 568 prorsus
690 494 900 550 aliena:
933 493 1192 548 videntur
1214 493 1361 547 enim
1394 489 1798 563 quodammodo
1842 489 1910 544 ab
1949 503 2006 544 ea

2115 488 2143 540 6
2180 485 2332 554 λόγος
2350 503 2365 518 ·
2392 487 2534 542 ἔοικε
2559 491 2668 560 γάρ
2690 507 2808 554 πως
2827 487 2928 560 τῆς
2958 490 3037 554 είς
3069 490 3264 560 γονέας
3288 487 3468 555 αίδοῦς
3496 492 3709 550 ἀποκο-

442 587 787 651 reverentia,
831 600 954 657 qua:
1004 583 1330 654 parentibus
1373 582 1644 650 debetur,
1690 599 1792 640 nos
1837 582 2015 638 abdu-

441 695 586 735 cere.

506 767 663 824 CYR.
691 767 873 839 Apage
897 768 964 822 ab
989 768 1092 822 ista
1117 767 1450 838 suspicione,
1475 768 1703 834 Palladi,
1728 779 1784 823 et
1807 769 2014 825 intelli-

438 860 617 931 gentia
636 868 743 914 tam
767 875 1024 930 perversa
1052 877 1066 913 :
1094 876 1272 930 neque
1299 861 1446 915 enim
1487 859 1786 915 Salvatoris
1838 862 2013 917 nostri

437 953 605 1008 verba
636 969 666 1007 a
747 953 1055 1008 reverentia
1121 952 1176 1006 in
1228 961 1484 1023 parentes
1555 951 1869 1018 abducunt,
1917 953 2011 1008 sed

437 1044 607 1109 illam,
642 1060 762 1114 qua:
791 1045 903 1100 Deo
929 1045 1240 1108 exhibetur,
1267 1043 1632 1113 antiquiorem
1655 1060 1718 1099 ac
1754 1055 2016 1114 praestan-

437 1136 634 1190 tiorem
660 1137 861 1192 habere
888 1137 1104 1190 docent.
1132 1136 1190 1190 Id
1219 1135 1364 1205 quod
1411 1137 1575 1191 etiam
1617 1137 1889 1206 superiori
1911 1154 2012 1192 no-

436 1236 547 1284 stra
572 1228 819 1284 oratione
864 1229 1166 1299 perfectum
1211 1236 1314 1294 est,
1351 1245 1475 1284 cum
1515 1229 1664 1284 illam
1709 1229 2013 1299 proximam

435 1329 598 1390 atque
629 1321 925 1376 secundam
950 1321 1018 1376 ab
1034 1338 1119 1386 ea,
1147 1337 1269 1390 qua:
1292 1322 1405 1377 Deo
1433 1328 1518 1376 est
1541 1320 1814 1384 habenda,
1854 1320 2010 1374 iden-

436 1411 604 1466 tidem
640 1411 988 1478 diceremus;
1033 1411 1182 1481 quod
1228 1427 1358 1466 sane
1399 1411 1564 1466 etiam
1608 1410 1722 1480 ipse
1760 1410 2014 1465 Christus

432 1503 692 1568 servavit,
734 1519 858 1558 cum
910 1517 1088 1571 neque
1129 1503 1183 1556 id
1223 1517 1323 1571 pro
1368 1501 1601 1556 crimine
1651 1501 1904 1571 ascripsit
1945 1501 2014 1558 iis

432 1595 526 1666 qui
563 1602 818 1665 parentes
840 1593 1151 1664 diligerent,
1180 1610 1359 1664 neque
1389 1593 1614 1648 omnino
1657 1593 1899 1663 culpavit
1918 1602 2014 1648 aut

431 1688 711 1744 accusavit
728 1703 843 1752 eos,
869 1688 964 1758 qui
993 1687 1185 1742 iisdem
1203 1687 1468 1742 honorem
1495 1694 1690 1756 sponte
1709 1685 2011 1753 deferrent,

432 1781 528 1838 sed
554 1782 796 1837 humana
822 1782 1008 1837 omnia
1064 1789 1186 1852 post
1212 1781 1385 1835 Deum
1428 1779 1680 1834 habenda
1718 1793 1839 1835 esse
1881 1795 2015 1835 con-

2127 576 2304 648 μίζειν
2331 579 2501 649 ἡμᾶς.

2194 749 2357 802 ΚΥΡ.
2395 749 2609 818 ’Λπαγε
2648 751 2749 821 τῆς
2793 753 3076 819 ὑπονοίας,
3130 754 3406 826 ἄνθρωπε,
3452 755 3545 812 καὶ
3593 757 3709 813 τῶν

2123 839 2266 894 οῦτω
2295 841 2796 913 κεκιϐδηλευμένων
2823 844 3075 920 ἐννοιῶνί
3106 846 3363 918 ἀφίστησι
3390 849 3520 920 γὰρ,
3558 848 3620 903 οῦ
3649 851 3710 904 τί

2123 949 2226 985 που
2269 933 2367 1003 τῆς
2410 935 2490 997 είς
2527 934 2718 1002 γονέας
2761 919 2964 1001 αἰδοῦς,
3005 937 3100 991 τοῦ
3149 939 3400 1011 Σωτῆρος
3523 942 3706 1010 λόγος,

2121 1019 2498 1091 πρεσϐυτέραν
2541 1021 2598 1074 δέ
2643 1023 2736 1076 καὶ
2780 1025 2990 1093 ἀμείνω
3026 1027 3126 1098 τὴν
3159 1029 3242 1092 είς
3273 1029 3404 1084 Θεὸν
3448 1031 3706 1101 ἡγεῖσθαι

2119 1111 2377 1165 διδάσκει.
2409 1113 2756 1167 Διατετέλεκε
2789 1114 2845 1168 δέ
2869 1117 2962 1169 καὶ
2989 1119 3121 1188 ἡμῖν
3148 1120 3175 1172 6
3201 1118 3378 1188 λόγος,
3405 1122 3577 1192 ἀγχοῦ
3607 1124 3706 1177 καὶ

2119 1197 2378 1271 δευτέραν
2429 1201 2543 1255 ἀνω
2593 1219 2654 1255 τε
2707 1204 2803 1257 καὶ
2857 1205 3009 1259 κάτω
3055 1207 3156 1276 τῆς
3207 1205 3328 1280 Θεῷ
3385 1210 3704 1283 πρεπούσης

2119 1292 2399 1362 ὀνομάζων
2423 1295 2614 1366 αὐτὴν,
2637 1295 2666 1348 ὃ
2685 1295 2748 1367 δὴ
2771 1295 2865 1350 καὶ⁹
2887 1296 3050 1361 αὐτὸς
3069 1300 3373 1371 τετήρηκεν
3397 1301 3424 1352 6
3445 1303 3702 1372 Χριστὸς,

2119 1383 2218 1436 οὐκ
2258 1385 2438 1439 αἰτίαν
2482 1387 2794 1459 ἐπιγράψας
2823 1391 2936 1452 τοῖς
2979 1391 3199 1461 ἀγαπᾷν
3244 1393 3550 1464 ἑλομένοις,
3586 1393 3703 1448 ἀλλ’

2119 1474 2238 1528 οῦδὲ
2271 1476 2461 1547 μῶμόν
2489 1495 2609 1531 τινα
2641 1479 2734 1532 καὶ
2766 1481 2982 1552 γραφὴν
3013 1483 3224 1547 ἐπιθεὶς
3255 1486 3368 1548 τοῖς
3403 1486 3702 1557 ᾑρημένοις

2119 1569 2306 1638 τιμᾷν.
2338 1568 2412 1621 Τό
2435 1585 2498 1638 γε
2540 1568 2648 1642 μὴν
2675 1570 2904 1624 κατόπιν
2933 1572 3070 1626 ἰέναι
3095 1573 3230 1628 Θεοῦ
3263 1575 3332 1628 τά
3361 1575 3702 1649 ἀνθρώπινα,

2120 1658 2548 1730 πρεπωδέστατα
2622 1662 2919 1733 νομοθετεῖ.
3005 1665 3296 1738 Τοιγάρτοι
3359 1669 3527 1739 φησὶν
3600 1671 3702 1740 οὐχ

2119 1750 2326 1814 ἁπλῶς*
2368 1769 2388 1803 ι
2429 1751 2490 1805 '0
2518 1752 2687 1821 φιλῶν
2718 1754 2927 1826 πατέρα
2955 1755 3120 1811 αὑτοῦ
3147 1758 3180 1829 ἢ
3209 1758 3441 1830 μητέρα·
3469 1778 3487 1810 ι
3527 1777 3702 1831 προσο

429 1874 844 1930 venientissime
868 1875 1068 1929 sanxit.
1095 1873 1284 1942 Itaque
1307 1887 1417 1927 non
1441 1871 1691 1927 absolute
1714 1872 1791 1927 ait
1815 1891 1828 1926 :
1860 1893 1878 1924 ι
1906 1871 2006 1939 Qui

2115 1841 2322 1895 τέθεικε
2347 1841 2406 1896 δὲ
2439 1843 2520 1908 τὸ,
2550 1863 2570 1896 ι
2594 1843 2736 1916 ὑπὲρ
2757 1846 2914 1917 ἐμέ.»
2944 1848 3016 1902 Ἦ
3031 1848 3140 1922 γάρ
3164 1850 3266 1904 οὒκ
3281 1852 3444 1923 οίήσῃ
3463 1851 3701 1923 πρέπειν
3728 1853 3734 1858 ’

430 1973 577 2020 amat
609 1973 821 2036 patrem
855 1980 1018 2020 suum
1043 1973 1139 2018 aut
1162 1972 1418 2030 matrem,
1453 1983 1472 2016 ι
1503 1963 1599 2019 sed
1626 1963 1827 2034 adjecit
1852 1963 2009 2031 illud,

437 2077 456 2108 ι
486 2072 653 2128 super
680 2071 788 2112 me.
824 2074 843 2108 ι
872 2055 956 2110 An
978 2071 1110 2132 vero
1133 2055 1486 2111 dilectionem
1511 2054 1570 2109 in
1615 2055 1791 2109 Deum
1837 2055 2012 2111 dilec-

431 2148 566 2204 tioni
603 2147 658 2204 in
682 2147 938 2204 homines
959 2163 1072 2213 non
1109 2144 1537 2217 praeponendam
1563 2144 1830 2216 putabis?

500 2239 700 2296 PALL.
751 2241 866 2314 Ego
925 2255 1061 2297 vero
1117 2237 1546 2312 praeponendam
1595 2237 1824 2295 omnino
1875 2253 2012 2296 cen-

429 2345 548 2386 580.
1165 2366 1170 2370 τ

498 2419 656 2477 CYR.
691 2419 836 2493 Ergo
861 2419 919 2476 in
942 2435 1065 2476 eam
1105 2419 1434 2477 sententiam
1483 2419 1641 2476 abire
1677 2419 2012 2491 discipulum

428 2528 540 2570 non
573 2513 844 2587 permisit,
887 2522 949 2568 ut
988 2520 1210 2584 putaret
1239 2512 1628 2579 reverentiam,
1652 2527 1776 2583 qua:
1797 2512 2009 2569 homini

427 2607 679 2676 quamvis
709 2607 928 2676 parenti
972 2605 1290 2670 deberetur,
1336 2604 1415 2660 illi
1453 2603 1651 2670 alteri,
1704 2620 1827 2676 quae
1879 2620 2010 2678 erga

428 2695 598 2751 Deum
626 2695 878 2751 habenda
901 2703 1007 2762 est,
1032 2710 1155 2751 esse
1177 2694 1596 2765 praeferendam,
1627 2697 1722 2768 qui
1745 2697 1881 2755 alias
1908 2713 2010 2754 na-

427 2795 566 2842 tura:
590 2787 742 2858 leges
764 2786 834 2844 de
871 2787 1085 2842 honore
1103 2785 1431 2856 parentibus
1453 2787 1752 2843 tribuendo
1775 2803 1876 2844 suo
1915 2803 2011 2858 pa-

426 2878 662 2934 trocinio
682 2878 949 2934 defendit.
981 2878 1091 2934 Sua
1115 2879 1281 2950 igitur
1304 2894 1424 2934 esse
1451 2879 1656 2933 nostris
1670 2879 2010 2950 praeferenda

424 2965 586 3022 docet
609 2984 624 3034 ;
650 2967 869 3024 excellit
884 2968 1034 3023 enim
1058 2967 1316 3024 omnibus
1337 2975 1395 3023 et
1414 2967 1623 3025 eminet
1641 2965 1784 3025 Deus
1806 2987 1821 3037 ;
1847 2971 2013 3042 238

423 3074 603 3130 neque
638 3075 794 3125 vero,
822 3060 952 3130 quia
974 3075 1060 3126 ea,
1086 3075 1208 3132 quae
1233 3059 1302 3115 ad
1327 3061 1499 3116 Deum
1531 3063 1830 3132 pertinent,
1863 3062 2010 3117 anti-

421 3151 616 3221 quiora
638 3167 703 3208 ac
730 3153 1113 3224 praestantiora
1156 3152 1401 3223 putanda
1459 3159 1593 3208 sunt
1635 3168 1700 3209 ac
1747 3153 2004 3221 dicenda,

2109 1932 2212 2076 1:}:
2256 1934 2337 1998 είς
2383 1932 2706 2007 ἀνθρώπους
2767 1937 2990 2012 ἀγάπης
3046 1941 3414 2015 προτετάχθαι
3466 1942 3568 2016 τὴν
3593 1947 3596 1950 ’
3619 1945 3700 2009 είς

2157 2038 2182 2075 ε
2213 2038 2274 2076 νε

2157 2038 2244 2076 εον
2255 2038 2274 2088 ;

2183 2207 2390 2264 ΠΔΛΔ.
2427 2208 2750 2266 Παντάπασι
2779 2210 2881 2285 μὲν
2903 2209 3021 2270 οὖν.

2181 2419 2346 2476 ΚΥΡ.
2389 2419 2549 2476 ’ἰέναι
2576 2421 2642 2494 δὴ
2672 2416 2766 2477 οὖν
2795 2421 2897 2478 οὐκ
2930 2422 3079 2496 ἠφίει
3113 2423 3205 2480 τὸν
3240 2424 3487 2499 μαθητὴν
3515 2426 3700 2481 ἐπὶ-τὸ

2113 2511 2189 2584 μὴ
2247 2511 2358 2566 δεῖν
2403 2512 2610 2567 οῐεσθαι
2659 2513 3121 2588 προύργιαιτέραν
3161 2515 3432 2570 ποιεῖσθαι
3478 2517 3579 2588 τῆς
3615 2517 3696 2581 εἷς
3745 2561 3750 2565 .

2109 2601 2242 2657 Θεὸν
2272 2603 2453 2669 αίδοῦς
2481 2603 2584 2676 τὴν
2615 2606 2696 2670 είς
2722 2605 3010 2679 ἄνθρωπον
3029 2647 3044 2672 ,
3079 2607 3186 2662 κάν
3233 2609 3282 2662 εί
3315 2608 3552 2680 ὑπάρχοι
3588 2626 3696 2662 πα-

2107 2694 2236 2767 τὴρ,
2268 2697 2298 2750 6
2334 2696 2428 2749 καὶ
2444 2699 2558 2761 τοῖς
2586 2697 2688 2768 τῆς
2727 2697 3160 2770 φύσεωςονόμοις
3193 2699 3275 2764 είς
3301 2716 3364 2769 γε
3403 2699 3465 2753 τὸ
3497 2700 3695 2771 χρῆναι

2108 2787 2373 2859 τιμᾶσθαι
2407 2789 2897 2861 συνηγοροΰμενος.
2938 2790 3174 2861 Ἀμείνω
3209 2789 3309 2861 μὲν
3337 2785 3432 2845 σῦν
3467 2791 3534 2844 τά
3567 2790 3694 2846 καθ’

2110 2878 2303 2934 ἐαυτὸν
2342 2881 2579 2933 ποιεῖται
2607 2881 2717 2936 τῶν
2758 2879 2882 2934 καθ’
2929 2881 3095 2951 ἡμᾶς.
3121 2880 3195 2934 Τὸ
3223 2881 3332 2953 γάρ
3361 2898 3444 2935 τοι
3475 2881 3692 2936 πάντων

2109 2969 2365 3024 ἐπέκεινα
2388 2971 2483 3022 καὶ
2508 2970 2785 3038 ἀνωτάτω,
2809 2970 2962 3034 Θεός·
2989 2971 3175 3043 ἐφίησι
3203 2971 3259 3025 δέ
3288 2972 3538 3043 οὐδαμῶς
3561 2973 3692 3044 παρ’

2109 3057 2261 3112 οὐδὲν
2283 3060 2534 3132 ἡγεῖσθαί
2566 3078 2710 3116 τισιν
2747 3061 2848 3133 τὴν
2889 3063 2974 3126 είς
3009 3062 3204 3132 γονέας
3235 3063 3370 3117 αἰδὼ
3391 3104 3405 3130 ,
3431 3063 3518 3118 διὰ
3540 3080 3602 3132 γε
3630 3063 3693 3117 τὺ

2111 3151 2310 3222 χρῆναι
2345 3153 2562 3224 φρονεῖν
2589 3169 2648 3206 τε
2675 3153 2768 3206 καὶ
2792 3152 2993 3222 λέγειν,
3027 3152 3104 3217 ὡς
3134 3153 3281 3208 ἐστιν
3317 3154 3375 3207 ἐν
3423 3155 3592 3227 μοίρᾳ
3620 3157 3689 3226 τῇ

423 3219 548 3298 ideo
572 3219 755 3298 tamen
783 3243 894 3298 ullo
917 3251 1078 3314 pacto
1112 3219 1384 3314 permittit
1427 3243 1707 3314 aliquibus
1746 3245 1896 3300 illam
1948 3219 2006 3302 in

2115 3219 2462 3315 πρεσϐυτέρᾳ
2481 3260 2541 3296 τε
2569 3244 2665 3298 καὶ
2691 3219 2935 3315 ἀμείνονι
2970 3244 3040 3298 τὰ
3062 3243 3156 3298 τοῦ
3185 3243 3342 3299 Θεοῦ.
3382 3219 3694 3316 ’ἐπίκλημα

421 3345 679 3406 parentes
705 3337 1074 3394 reverentiam
1113 3353 1215 3409 pro
1261 3337 1439 3393 nihilo
1466 3337 1708 3405 ducere;
1757 3339 1816 3396 id
1855 3339 2008 3396 enim

418 3426 672 3484 Christus
694 3427 1010 3486 Iudaeorum
1046 3429 1367 3489 doctoribus
1402 3430 1624 3488 erimini
1667 3431 1840 3498 dedit,
1880 3447 2005 3487 cum

418 3518 560 3575 dixit
587 3537 602 3576 :
652 3540 672 3573 ι
700 3520 848 3578 Deus
870 3521 1011 3577 dixit
1053 3539 1066 3577 :
1092 3523 1312 3581 Honora
1338 3536 1551 3598 patrem
1579 3533 1756 3588 tuum,
1787 3531 1846 3578 et
1885 3539 2005 3578 ma-

419 3619 560 3666 trem
602 3619 753 3667 tuam
790 3629 805 3677 ;
839 3628 940 3669 vos
960 3624 1145 3669 autem
1192 3617 1398 3682 dicitis,
1427 3616 1607 3688 inquit
1635 3633 1648 3670 ι
1681 3614 2006 3686 Quicunque

418 3699 620 3755 dixerit
637 3700 784 3770 patri
808 3715 909 3756 suo
937 3719 950 3754 :
978 3701 1177 3758 Munus
1208 3703 1360 3774 quod
1387 3721 1453 3761 ex
1480 3719 1570 3759 me
1602 3701 1704 3757 tibi
1725 3701 2002 3774 proderit;

416 3799 476 3845 et
494 3804 608 3845 non
630 3789 928 3847 honorabit
966 3800 1184 3862 patrem
1207 3809 1371 3850 suum
1397 3802 1496 3850 aut
1530 3801 1764 3850 matrem
1794 3808 1950 3849 suam
1985 3809 2000 3848 :

415 3891 474 3939 et
497 3881 716 3938 irritum
737 3881 947 3942 fecistis
971 3884 1291 3942 mandatum
1308 3887 1404 3944 Dei
1429 3895 1660 3960 propter
1678 3885 2005 3943 traditiones

415 3981 631 4031 vestras
651 3975 718 4030 ".
756 3993 776 4027 ι

483 4065 685 4122 PALL.
716 4066 882 4139 Atqui
905 4083 1017 4125 non
1040 4067 1338 4126 admodum
1361 4077 1447 4128 est
1470 4069 1648 4128 facilis
1686 4072 2001 4144 proposito.

2107 3334 2218 3405 γὰρ
2258 3335 2638 3406 ἐποιεῖτογτοῖς
2678 3335 2949 3390 Ἰουδαίων
2987 3336 3329 3407 καθηγηταῖς
3359 3336 3422 3390 τὸ
3448 3337 3639 3408 χρῆμα
3663 3338 3694 3390 6

2106 3425 2342 3497 Χριστὸς
2363 3425 2556 3494 λέγων·
2585 3445 2604 3478 ι
2640 3425 2699 3479 '0
2719 3425 2852 3489 Θεὸς
2877 3421 3020 3490 εἰπε,
3041 3427 3190 3498 Τίμα
3215 3427 3306 3480 τὸν
3333 3427 3544 3497 πατέρα
3572 3443 3688 3486 σου.

2105 3519 2202 3573 καὶ
2227 3517 2329 3590 τὴν
2357 3517 2570 3590 μητέρα
2603 3534 2698 3571 σου
2717 3533 2731 3548 ο
2758 3517 2916 3588 ὑμεῖς
2944 3516 3001 3571 δὲ
3027 3518 3236 3586 λέγετε,
3277 3517 3445 3588 φησὶν
3480 3520 3508 3571 6
3535 3517 3687 3577 Θεόςο

2111 3611 2210 3674 ’ος
2242 3610 2340 3664 ἐὰν
2368 3609 2500 3683 εῐπῃ
2528 3607 2608 3682 τῷ
2639 3609 2810 3680 πατρὶ
2846 3608 3044 3675 αὐτοῦ,
3069 3609 3254 3683 Δῶρον
3278 3610 3308 3665 6
3345 3609 3442 3664 ἐὰν
3467 3609 3528 3675 ἐξ
3553 3608 3690 3681 ἐμοῦ

2103 3701 2432 3775 ὠφεληθῇς,
2481 3701 2577 3758 καὶ
2607 3701 2671 3756 οὐ
2711 3701 2788 3774 μὴ
2833 3702 3040 3773 τιμήσῃ
3078 3701 3171 3756 τὸν
3201 3702 3416 3773 πατέρα
3458 3700 3624 3754 αὐτοῦ
3655 3701 3690 3772 ἢ

2103 3793 2204 3867 τὴν
2237 3793 2456 3868 μητέρα
2487 3793 2678 3861 αὐτοῦ,
2721 3794 2817 3849 καὶ
2857 3793 3183 3868 ὴκυρὼσατε
3220 3794 3317 3864 τὴν
3346 3791 3566 3866 ἐντολὴν
3596 3792 3690 3846 τοῦ

2103 3885 2241 3940 Θεοῦ
2276 3885 2368 3942 διά
2391 3883 2492 3959 τὴν
2517 3885 2816 3958 παράδοσιν
2850 3885 3026 3959 ὑμῶν.
3063 3903 3086 3940 ι

2175 4060 2388 4118 ΠᾹΔΛ.
2441 4061 2552 4116 Καὶ
2584 4061 2694 4135 μὴν
2723 4061 2786 4116 οὗ
2814 4061 2936 4117 λίαν
2964 4061 3155 4136 ἑτοίμη
3183 4061 3292 4118 τῶν
3314 4061 3692 4135 προκειμένων

415 4172 540 4212 rum
581 4158 882 4214 verborum
920 4159 1242 4217 intellectio.
1288 4161 1517 4233 Explica
1553 4160 1741 4234 igitur,
1792 4177 2000 4234 quaeso,

2115 4154 2138 4224 ᾖ
2163 4152 2381 4224 γνῶσις.
2413 4154 2677 4224 Διασάφει
2693 4154 2758 4226 δὴ
2777 4149 2872 4209 οῦν
2892 4155 2922 4210 ὃ
2943 4155 2998 4210 τί
3024 4154 3160 4210 ποτέ
3178 4154 3329 4209 ἐστιν
3353 4153 3412 4208 ἐν
3435 4170 3500 4223 γε
3521 4153 3694 4226 τούτῳ

415 4248 694 4320 quodnam
717 4250 789 4306 sit
811 4249 868 4305 in
881 4251 986 4307 hac
1007 4267 1066 4307 re
1091 4252 1494 4310 Pharisaeorum
1517 4263 1823 4324 peccatum.

2115 4243 2162 4299 τὸ
2187 4245 2300 4300 τῶν
2319 4246 2632 4318 Φαρισαίων
2655 4245 3052 4318 πλημμέλημα.

485 4334 643 4392 CYD.
671 4337 732 4394 In
757 4337 1004 4396 Levitico
1026 4349 1177 4397 certe
1201 4343 1468 4414 scriptum
1493 4351 1577 4399 est
1603 4361 1616 4397 ι
1650 4361 1670 4396 ι
1700 4344 1770 4398 Et
1785 4344 2002 4401 locutus

2175 4334 2344 4390 ΚΥΡ.
2414 4335 2502 4389 Ἐν
2541 4333 2622 4406 τῷ
2669 4335 2940 4406 Λευῖτικῷ
2991 4335 3302 4408 γέγραπταί
3343 4352 3480 4390 που·
3519 4353 3539 4389 ι
3583 4335 3693 4390 Καὶ

415 4435 499 4484 est
520 4429 788 4486 Dominus
821 4430 889 4486 ad
919 4431 1160 4504 Moysen,
1197 4433 1390 4488 dicens
1416 4452 1429 4487 :
1455 4433 1708 4503 Loquere
1752 4434 1877 4490 ﬁliis
1924 4435 2004 4490 ls-

2115 4429 2332 4500 ὲλάλησε
2363 4429 2570 4502 Κύριος
2602 4431 2740 4502 πρὸς
2781 4430 3013 4502 Mcos-iw,
3054 4430 3264 4499 λέγων’
3300 4429 3550 4501 Δάλησον
3580 4431 3694 4493 τοῖς

415 4519 626 4586 rael,et
652 4519 805 4578 dices
830 4522 900 4577 ad
923 4537 1021 4578 eos
1060 4540 1073 4576 :
1112 4521 1309 4586 Homo,
1339 4523 1433 4592 qui
1475 4522 1688 4577 voverit
1709 4531 1898 4578 votum
1943 4523 2001 4579 in

2115 4520 2239 4585 ›ῑοῖς
2271 4519 2510 4593 Ἰσραὴλ,
2546 4522 2644 4576 καὶ
2671 4524 2821 4593 ἐρεῖς
2856 4523 2997 4594 πρὸς
3027 4520 3254 4587 αὐτούς·
3283 4522 3612 4592 ⁸Ἄνθρωπος
3635 4519 3694 4582 ὃς

414 4611 654 4679 pretium
678 4611 876 4667 animae
901 4627 1014 4667 sua:
1036 4611 1293 4677 Domino,
1322 4611 1687 4683 eritpretium
1708 4614 1936 4670 masculi
1968 4631 2000 4671 a

2115 4611 2201 4666 ὲάν
2225 4611 2454 4684 εὔχηται
2491 4613 2658 4686 εὐχὴν
2690 4613 2766 4679 ὣς
2789 4631 2850 4668 τε
2881 4614 3050 4686 τιμὴν
3075 4614 3176 4684 τῆς
3207 4613 3390 4686 ψυχῆς
3415 4612 3584 4667 αὐτοῦ
3617 4610 3696 4682 τῷ

413 4700 676 4757 vicesimo
698 4717 845 4758 anno
877 4718 1052 4773 usque
1077 4702 1145 4757 ad
1167 4703 1571 4774 sexagesimum
1613 4718 1840 4772 annum,
1871 4705 2000 4771 erit,

412 4794 670 4865 inquam,
717 4797 954 4868 pretium
1001 4798 1121 4869 ejus
1175 4797 1571 4870 quinquaginta
1616 4797 1737 4854 sicli
1787 4799 2000 4871 argenti

411 4888 658 4956 pondere
704 4899 895 4946 sancto
942 4891 1006 4944 ".
1065 4910 1082 4942 ι
1132 4889 1381 4962 Cumque
1425 4907 1599 4962 pauca
1654 4889 1902 4962 quaedam
1945 4891 2002 4946 in

414 4979 597 5034 medio
620 4981 689 5036 de
733 4982 965 5037 muliere
1008 4990 1065 5038 et
1087 4982 1154 5037 de
1177 4983 1366 5052 pueris
1391 4983 1642 5049 dixisset,
1667 4997 1866 5038 rursus
1911 4982 1999 5037 in-

413 5067 557 5122 fert:
598 5087 618 5120 c
645 5069 804 5136 Quod
828 5071 873 5125 si
902 5086 1110 5142 pauper
1134 5069 1322 5137 fuerit,
1348 5072 1417 5126 ad
1439 5071 1859 5127 aestimationem
1887 5078 2003 5127 sta-

415 5157 497 5213 bit
521 5173 706 5214 coram
755 5162 1059 5228 sacerdote,
1086 5172 1143 5218 et
1186 5163 1482 5219 mstimabit
1524 5179 1652 5219 eum
1707 5163 1997 5219 sacerdos:

417 5257 478 5303 ut
499 5247 646 5304 valet
669 5264 869 5306 munus
897 5252 1039 5323 ejus,
1073 5252 1168 5322 qui
1210 5252 1386 5316 vovit,
1417 5252 1492 5307 ita
1529 5250 1824 5308 aestimabit
1870 5267 1997 5308 eum

415 5339 671 5396 sacerdos
697 5340 761 5394 ".
797 5360 814 5392 ι
861 5341 1084 5414 Mystica
1108 5342 1276 5414 igitur
1300 5342 1416 5397 haec
1445 5342 1614 5398 verba
1652 5352 1856 5399 suntet
1895 5343 1995 5398 ab-

415 5434 556 5502 dita;
591 5435 988 5508 opportuniore
1028 5443 1214 5493 autem
1247 5436 1369 5492 loco
1421 5451 1452 5492 a
1499 5436 1660 5492 nobis
1703 5436 1998 5509 diligenter

413 5527 791 5582 excutientur:
817 5526 964 5598 quod
993 5534 1176 5582 autem
1210 5527 1266 5582 in
1287 5536 1543 5598 promptu
1587 5533 1752 5596 atque
1785 5525 1842 5580 in
1883 5541 1997 5580 ma-

417 5613 578 5669 nibus
607 5624 712 5678 est,
754 5616 1020 5673 dicamus.
1057 5617 1316 5673 Nonnulli
1346 5633 1411 5673 ex
1451 5617 1716 5673 lsraclitis
1744 5616 1992 5682 adibant,

484 5791 530 5822 "
550 5789 737 5846 Matth.
772 5810 857 5858 xv,
885 5796 1004 5849 5—6.

1122 5801 1166 5829 ²δ
1192 5798 1368 5854 Levil.
1412 5815 1574 5869 xxvn,
1606 5800 1659 5864 ει,
1687 5802 1739 5856 5.
1786 5801 1830 5832 ’⁷
1867 5799 2001 5854 ibid.
2029 5798 2081 5852 8.

2103 4703 2324 4775 Κυρίῳ,
2355 4703 2508 4758 ἐσται
2536 4706 2570 4776 ἡ
2607 4705 2742 4778 τιμὴ
2782 4705 2878 4760 τοῦ
2922 4706 3151 4774 ἄρσενος
3195 4705 3306 4758 ἀπὸ
3346 4701 3698 4767 είκοσαετοῦς

2109 4795 2218 4860 ἕως
2251 4794 2692 4866 ἑξηκονταετοῦς,
2720 4797 2874 4852 ἔσται
2913 4799 2947 4869 ή
2980 4797 3114 4867 τιμὴ
3145 4796 3310 4850 αὑτοῦ
3355 4795 3696 4866 πεντήκοντα

2103 4887 2377 4960 δίδραχμα
2417 4889 2705 4962 ἀργυρίου,
2734 4889 2814 4961 τῷ
2852 4888 3078 4960 σταθμῷ
3110 4889 3188 4962 τῷ
3221 4889 3382 4961 ἁγίῳ.
3435 4907 3454 4941 ι
3507 4887 3696 4954 Ὀλίγα

2103 4977 2167 5033 δὲ
2190 4979 2328 5034 ἄττα
2370 4981 2576 5051 μεταξὺ
2627 4981 2850 5051 γυναίου
2881 4998 2943 5035 τε
2991 4981 3118 5054 πέρι
3147 4982 3242 5036 καὶ
3281 4980 3590 5052 μειρακίων
3618 4979 3697 5032 εἱ-

2098 5067 2242 5129 πὼν.
2275 5071 2528 5143 ἐπιφέρει
2555 5071 2718 5127 πάλιν
2738 5089 2751 5103 ο
2793 5093 2812 5125 ι
2869 5072 2996 5128 Ἐὰν
3022 5072 3079 5126 δὲ
3106 5067 3417 5145 ταπεινδςῇ
3443 5073 3510 5142 τῇ
3535 5073 3694 5140 τιμῇ.

2105 5163 2365 5234 στήσεται
2399 5162 2642 5216 ἐναντίον
2682 5161 2778 5216 τοῦ
2811 5163 3024 5234 ἱερέως,
3065 5162 3161 5216 καὶ
3195 5163 3491 5233 τιμήσεται
3528 5160 3694 5215 αὑτὸν

2100 5255 2130 5307 6
2154 5252 2352 5326 ἱερεύς.
2384 5270 2402 5304 ι
2425 5253 2702 5316 Μυστικδς
2727 5253 2826 5324 μὲν
2852 5251 2946 5308 οῦν
2967 5256 2996 5308 6
3012 5253 3172 5324 λόγος
3187 5253 3282 5308 καὶ
3302 5251 3491 5324 βαθὺς,
3515 5249 3697 5320 καιρῷ

2103 5344 2158 5398 δὲ
2181 5344 2258 5415 τῷ
2284 5346 2550 5417 πρέποντι
2575 5346 2712 5418 πρὸς
2733 5346 2892 5418 ἡμῶν
2927 5341 2987 5400 εὖ
3030 5345 3179 5416 μάλα
3209 5342 3692 5416 βασανισθήσεταν

2102 5434 2163 5488 τὸ
2182 5435 2240 5489 δέ
2267 5435 2326 5488 ἐν
2357 5436 2535 5507 χερσὶ,
2571 5436 2702 5508 φέρε
2735 5435 3004 5508 λέγωμεν·
3037 5433 3357 5508 Προσῄεσάν
3399 5449 3548 5496 τινες
3585 5430 3694 5484 τῶν

2102 5514 2162 5592 ἐξ
2214 5527 2462 5598 Ἰσραὴλ,
2492 5529 2587 5582 καὶ
2625 5527 2916 5601 καθιεροῦν
2962 5527 3292 5592 ἐσπούδαζον
3327 5525 3407 5596 τῷ
3445 5524 3564 5596 Θεῷ
3594 5524 3691 5586 τὰς

2102 5615 2314 5673 ἑαυτῶν
2341 5619 2538 5692 ψυχὰς,
2575 5621 2650 5685 ὡς
2689 5623 2746 5676 ἐν
2781 5621 2937 5695 τύπῳ
2966 5622 3066 5693 μέν
3098 5621 3176 5676 ἔτι
3223 5620 3316 5676 καὶ
3363 5619 3514 5690 σκιᾷι
3549 5616 3692 5688 πλὴν
