3990 6196
271 225 378 281 5ιό

986 222 1076 278 DE
1107 213 1558 280 ἈῡοιιλτιοΝΕ
1600 222 1665 278 ιΝ
1708 220 1866 278 ΞΡΠὶ

1970 223 1976 274 Ξ
2017 222 2108 277 ΕΤ
2157 223 2519 279 VERITATE.
2561 222 2685 279 LIB.
2727 222 2839 280 VII.

3431 221 3537 282 ΒΗ

270 333 415 389 γατά
438 331 532 386 τὸν
559 332 745 404 νόμον,
773 333 872 398 τάς
911 333 1055 407 ὑπὲρ
1088 335 1236 406 σφῶν
1260 335 1441 390 αὐτῶν
1475 335 1861 408 ὁμολογοῦντες

1970 343 2367 394 ctconsecrare
2419 339 2532 394 Deo
2570 354 2698 394 suas
2729 339 2958 403 animas,
2984 336 3039 391 in
3092 335 3271 408 figura
3317 336 3537 408 quidem

267 427 437 497 τιμάς
465 427 577 489 τοῖς
615 427 862 498 ἱερᾶσθαι
886 426 1133 497 λαχοῦσι,
1159 429 1252 481 καὶ
1274 428 1351 500 τῷ
1373 428 1503 500 θείῳ
1528 428 1858 501 προσεδρεύ-

267 533 394 570 ουσι
443 515 834 586 θυσιαστηρίῳ.
894 517 1032 569 Ἀλλ’
1063 511 1202 588 ἦσάν
1240 536 1405 583 τινες,
1431 519 1710 590 ἐφιέμενοι
1757 519 1858 590 μὲν

268 608 370 677 τῆς
395 607 609 660 τοιᾶσδε
638 607 816 678 δόξης,
842 607 1200 681 (ἡγιασμένοι
1225 610 1334 682 γὰρ
1355 612 1454 683 ἥδη
1471 611 1565 664 καὶ
1583 611 1741 682 ίεροὶ,
1761 611 1860 665 καὶ

271 699 417 753 θεῖον
444 699 725 771 ἀνάθημα,
755 701 850 755 καὶ
876 701 929 754 τί
952 703 1062 775 γὰρ
1095 704 1217 774 οὐχὶ
1243 705 1354 758 τῶν
1388 703 1604 758 τοιῶνδε
1638 721 1858 775 χρημα-

270 790 444 854 τίζειν
465 791 698 862 ὴξίουνς)
743 791 1009 848 σπάνειδέ
1032 795 1330 866 χρημάτων
1345 795 1744 858 ἀνακόπτοντες
1758 794 1859 867 τὴν

265 882 593 956 ἐπιθυμίαν,
624 884 724 938 καὶ
750 885 1174 956 δυσδιάφευκτον
1211 888 1428 961 ἔχοντες
1469 888 1862 960 παραπόδισμα

268 971 367 1026 τοῦ
396 972 720 1044 πρᾶγματος
756 973 856 1046 τὴν
891 976 1198 1046 πτωχείανο
1222 977 1638 1049 προτρεπόντων
1667 977 1724 1030 δὲ
1760 977 1860 1030 αύ-

262 1067 402 1129 τοὺς
429 1066 523 1120 καὶ
548 1064 692 1136 μάλα
717 1065 1012 1138 προθύμως
1033 1069 1126 1120 ἐπὶ
1163 1067 1224 1121 τὸ
1244 1067 1356 1121 δεῖν
1384 1069 1520 1122 ἱέναι
1543 1068 1680 1138 πρὸς
1702 1066 1861 1120 τοῦτο

269 1157 385 1211 τῶν
406 1157 786 1229 Γῳμματέων
813 1157 908 1212 καὶ
931 1159 1244 1229 Φαρισαίων
1275 1158 1727 1232 (ἐρασιχρήματοι
1752 1159 1862 1231 γὰρ

271 1252 321 1305 δι
349 1250 548 1304 τοιοίδε
584 1251 738 1315 λίαν,
767 1253 862 1306 καὶ
877 1251 1186 1324 λημμάτων
1213 1251 1458 1324 αἰσχρῶν
1505 1251 1859 1324 ἡττώμενοι),

269 1343 374 1413 τὴν
399 1342 479 1406 είς
503 1341 698 1411 γονξας
731 1340 864 1398 αίδὼ
897 1343 1295 1414 προετείνοντο,
1326 1342 1587 1398 δύνασθαί
1615 1359 1674 1395 τε
1705 1343 1862 1414 μόλις

276 1433 432 1504 σφίσι
463 1450 523 1486 τε
552 1432 736 1496 αὐτοῖς
762 1433 1036 1497 κάκείνοις
1065 1433 1134 1488 τά
1165 1433 1391 1505 ζωαρκῆ
1422 1432 1744 1506 πορίζεσθαι
1768 1449 1865 1486 τυ-

272 1526 396 1598 χὸν,
431 1525 465 1597 ἢ
501 1527 595 1578 καὶ
624 1524 805 1596 άμφια
839 1524 1140 1594 συλλέγειν,
1178 1523 1563 1596 ἀληθεύοντες,
1600 1523 1860 1595 ἔφασκον.

265 1616 400 1669 Ὀἵδε
443 1615 760 1670 ἀναπείθειν
809 1615 1090 1687 ἐτόλμων,
1138 1614 1270 1688 παρ’
1322 1615 1477 1670 οὐδὲν
1519 1615 1771 1688 ἡγεῖσθαι
1802 1613 1864 1668 τδ

273 1706 470 1778 χρῆμα
510 1705 600 1760 διὰ
635 1704 805 1760 Θεόνο
847 1707 952 1761 κᾶν
998 1707 1046 1760 εί
1083 1707 1362 1778 προσίοιεν
1390 1707 1440 1760 οἱ
1471 1707 1861 1779 γεγεννηκότας
1893 1688 1935 1744 Β

272 1797 375 1866 τὴν
401 1796 608 1868 συνήθη
632 1797 760 1869 παρ’
783 1795 964 1852 αὐτῶν
987 1796 1277 1870 ζητοῦντες
1299 1797 1639 1870 ἐπικουρίαν,
1662 1797 1861 1870 χρῆναι

266 1887 457 1956 λέγειν
489 1887 766 1942 ἐδίδασκον
798 1889 970 1960 πατρὶ
994 1888 1089 1944 καὶ
1112 1888 1312 1960 μητρί·
1340 1908 1358 1941 ι
1389 1889 1595 1962 Δῶρον,
1620 1888 1650 1943 ὃ
1681 1888 1777 1942 ἐάν
1802 1888 1863 1955 ἐξ

273 1980 412 2050 ἐμοῦ
459 1979 748 2053 ὠφεληθῇς
786 1979 874 2037 ἄν.
915 2000 935 2033 ι
970 1980 1293 2048 Τουτέστιν,
1323 1981 1501 2053 Ὅπερ
1523 1979 1592 2036 ἂν
1619 1982 1678 2050 ἐξ
1724 1978 1860 2053 ἐμοῦ

273 2074 470 2146 λάϐῃς,
497 2073 559 2126 τδ
592 2073 732 2128 θεῖον
762 2075 870 2128 ἴσθι
897 2093 982 2128 τοι
1012 2072 1425 2146 παραϐλάπτων
1449 2073 1728 2146 ἀνάθημα,
1765 2075 1864 2128 καὶ

276 2168 554 2238 χρήμασιν
575 2165 746 2237 ἱεροῖς
774 2165 874 2230 τὰς
905 2169 1094 2239 χεῖρας
1122 2165 1368 2236 ἐπάγωνο
1401 2165 1726 2220 ἀνατέθεικα
1752 2165 1863 2236 γὰρ

276 2259 518 2330 ἐμαυτὸν
547 2257 643 2312 καὶ
668 2258 745 2321 ὡς
772 2257 942 2329 δῶρον
972 2258 1325 2330 ἐπήγγελμαι
1352 2256 1430 2328 τῷ
1454 2256 1594 2328 Θεῷ.
1623 2255 1687 2310 Οί
1708 2255 1766 2309 δὲ
1793 2256 1863 2310 τά

278 2352 341 2404 ἐκ
353 2351 452 2422 τῆς
472 2337 775 2422 ἱεροσυλίας
790 2349 1020 2414 δεδιότες
1037 2349 1234 2420 βλάϐη,
1251 2348 1348 2403 καὶ
1367 2349 1493 2412 τοὺς
1513 2348 1605 2401 ἐπὶ
1623 2347 1759 2419 τῷδε
1780 2347 1863 2402 νό-

280 2460 415 2514 μους
435 2441 911 2514 καταπεφρικότες
929 2441 1088 2511 ἄγαν,
1103 2441 1491 2514 διεκαρτέρουν
1511 2439 1860 2512 οἰμώζοντες,

275 2535 370 2587 καὶ
393 2534 494 2603 τὴν
519 2535 598 2598 εἰς
621 2534 754 2587 Θεὸν
781 2533 1066 2588 εὐσέϐειαν
1095 2534 1372 2605 πρόφασιν
1402 2534 1588 2598 αὐτοῖς
1611 2533 1864 2602 γενέσθαι

275 2623 438 2696 λιμοῦ
463 2626 800 2691 διετείνοντο,
833 2625 1314 2696 κατακεκραγότες
1341 2626 1482 2696 τάχα
1509 2643 1614 2680 που
1637 2625 1732 2679 καὶ
1764 2625 1864 2695 τῆς

277 2715 428 2778 θείας
449 2716 692 2787 ἐντολῆς,
713 2717 788 2780 ὡς
809 2716 1100 2786 ἀδικούσης
1121 2717 1320 2780 αὐτοὺς
1337 2719 1416 2781 εἰς
1431 2716 1499 2770 τά
1511 2713 1860 2788 καιριώτατα.

279 2807 375 2860 Διά
401 2806 455 2860 τί
488 2807 664 2862 τοίνυν
704 2807 888 2878 φησιν,
935 2828 952 2860 ι
994 2806 1345 2878 Ἦκυρώσατε
1376 2808 1476 2880 τὴν
1508 2807 1729 2878 ἐντολὴν
1769 2805 1864 2860 τοῦ

275 2896 436 2964 Θεοῦ,
471 2897 560 2953 διά
587 2898 686 2969 τὴν
711 2896 1005 2970 παράδοσιν
1031 2897 1217 2970 ύμῶν;
1245 2917 1263 2948 ι
1304 2898 1452 2952 Ἔδει
1480 2900 1613 2972 γάρ,
1655 2898 1760 2952 ἔδει
1785 2915 1866 2950 τι·

282 2992 388 3061 μᾷν
419 2988 550 3053 τοὺς
582 2989 878 3059 φύσαντας,
907 2991 968 3043 οὐ
995 2991 1090 3061 τῆς
1122 2992 1202 3056 είς
1227 2990 1362 3045 Θεὸν
1393 2990 1675 3054 εὐσεϐείας
1703 2989 1865 3044 ἕνεκα
1892 3021 1935 3080 C

277 3079 369 3135 τὸν
401 3079 491 3134 ἐπ’
538 3079 722 3144 αὐτοῖς
771 3081 1064 3136 καταλύειν
1103 3081 1290 3152 νόμον.
1338 3081 1547 3136 Οὐκοῦν
1585 3079 1708 3135 οὕτε
1754 3080 1865 3136 τῶν

276 3171 400 3242 Θεῷ
445 3170 767 3242 πρεπόντων
803 3173 1105 3246 ἀμελητέον
1133 3173 1223 3227 διά
1253 3173 1324 3227 τὰ
1351 3172 1674 3244 ἀνθρώπινα
1694 3211 1710 3237 ,
1739 3171 1864 3227 οὔτε

273 3261 391 3335 μὴν
427 3263 664 3318 εἰσάπαν
699 3263 809 3318 τῶν
859 3264 1218 3336 ἀνθρωπίνων
1253 3263 1342 3319 διὰ
1384 3263 1519 3318 Θεὸν
1551 3264 1864 3336 καταραθυ-

283 3358 406 3426 μεῖν
462 3356 758 3425 ἀναγκαῖον
777 3373 792 3388 ⁸
849 3357 1226 3429 ἀπονέμοντας
1281 3357 1340 3410 δὲ
1397 3356 1599 3428 μᾶλλον
1650 3356 1713 3412 τὸ
1763 3356 1866 3428 τῆς

275 3449 505 3520 ἀγάπης
527 3448 805 3522 ἐξαίρετον
824 3453 892 3522 τῇ
917 3449 1134 3506 πάντων
1159 3451 1324 3522 ἀρχῇ,
1355 3447 1604 3504 τουτέστι
1630 3447 1710 3520 τῷ
1723 3447 1865 3520 Θεῷ,

279 3541 376 3594 καὶ
407 3540 662 3614 καθάπερ
687 3542 746 3595 ἐν
771 3540 924 3607 τάξει
953 3540 1181 3614 δευτέρᾳ
1216 3543 1314 3595 καὶ
1354 3540 1592 3610 γείτονι,
1623 3557 1871 3615 παρακο-

285 3631 467 3703 μίζειν
509 3631 674 3698 εὐθὺς
718 3633 812 3686 καὶ
841 3635 922 3698 είς
946 3634 1073 3698 τοὺς
1102 3634 1200 3708 τῆς
1241 3634 1514 3704 γενέσεως
1563 3633 1873 3703 ὑπουργοὺς

281 3725 381 3788 τὰς
408 3724 595 3790 αὐτοῖς
622 3726 704 3780 ὃτι
740 3725 978 3798 μάλιστα
1016 3725 1332 3798 πρεπούσας
1372 3725 1539 3797 τιμὰς
1573 3723 1870 3798 προσενθυ-

283 3815 618 3886 μουμένους,
642 3813 724 3880 οἷς
752 3816 892 3889 ἔφην
919 3817 1013 3871 καὶ
1037 3817 1177 3873 τόδε.

1958 428 2138 482 adhuc
2161 437 2218 484 et
2246 430 2462 494 umbra,
2513 438 2693 485 tamen
2731 445 2799 484 ex
2831 429 2968 501 legis
3013 429 3406 485 constitutione
3439 445 3538 486 cu-

1959 519 2214 590 piebant;
2268 531 2432 592 atque
2478 524 2566 588 iis,
2592 524 2685 594 qui
2722 522 3034 578 sacerdotio
3065 521 3456 594 fungebantur,
3486 531 3541 576 ct

1957 611 2026 666 ad
2059 611 2310 668 divinum
2337 615 2507 670 altare
2537 617 2876 681 assidebant,
2911 630 3012 685 pro
3052 616 3250 686 seipsis
3303 616 3541 686 pretium

1957 700 2185 756 daturos
2207 702 2624 772 proﬁtebantur.
2652 705 2822 760 Erant
2862 704 3030 775 igitur
3060 703 3250 774 aliqui,
3276 705 3371 774 qui
3392 706 3542 776 ejus-

1958 793 2107 848 modi
2146 794 2379 864 gloriam
2414 805 2741 867 expeterent
2805 796 3219 853 :sanctiﬁcatos
3283 802 3432 853 enim
3485 814 3544 852 se

1954 887 2068 957 jam
2099 894 2158 940 et
2207 900 2414 951 sacros,
2445 897 2504 942 et
2549 889 2661 943 Deo
2690 889 2934 943 dicatum
2967 887 3194 954 donum,
3223 896 3280 944 et
3318 889 3364 944 si
3397 889 3543 961 quod

1959 979 2108 1034 aliud
2134 979 2406 1050 ejusmodi
2444 980 2776 1034 vocabulum
2803 988 2911 1046 est,
2944 981 3209 1051 appellari
3234 989 3491 1052 Optarent
3529 1003 3542 1039 :

1961 1081 2220 1127 caeterum
2249 1070 2430 1140 inopia
2466 1071 2714 1140 pecunia:
2748 1070 3128 1140 reprimebant
3181 1073 3287 1127 hoc
3331 1074 3547 1130 deside-

1963 1164 2129 1230 rium,
2165 1163 2311 1235 quod
2338 1163 2654 1218 inevitabile
2689 1162 2757 1216 ad
2788 1178 2909 1216 eam
2939 1178 3055 1217 rem
3094 1163 3546 1232 impedimentum

1962 1256 2252 1322 haberent,
2282 1271 2482 1326 nempe
2506 1261 2885 1325 paupertatem
2927 1272 2940 1306 :
2977 1252 3402 1310 adhortantibus
3447 1271 3545 1310 au-

1963 1356 2074 1404 tem
2105 1363 2222 1413 eos,
2249 1356 2306 1404 et
2337 1347 2562 1418 quidem
2592 1347 2832 1402 maximo
2861 1345 3045 1402 studio
3073 1345 3282 1401 Scribis
3312 1362 3378 1402 ac
3403 1347 3546 1402 Pha-

1964 1438 2159 1504 risaais,
2179 1447 2240 1494 ut
2257 1438 2325 1493 ad
2350 1453 2472 1493 eam
2502 1453 2618 1493 rem
2643 1438 3048 1508 exsequendam
3075 1445 3372 1508 pergerent
3409 1437 3550 1509 (erat

1962 1531 2112 1586 enim
2136 1530 2192 1586 id
2217 1530 2501 1586 hominum
2537 1547 2710 1602 genus
2739 1545 2986 1594 avarum,
3017 1540 3072 1584 et
3101 1531 3277 1600 turpis
3305 1537 3550 1600 quaestus

1963 1623 2252 1695 cupiditati
2283 1621 2628 1695 obnoxium),
2669 1624 2748 1680 illi
2772 1622 3013 1679 revereri
3049 1637 3107 1678 se
3125 1631 3382 1693 parentes
3412 1639 3545 1679 cau-

1963 1718 2258 1784 sabantur,
2295 1717 2497 1788 vixque
2530 1731 2688 1787 posse
2727 1716 2833 1772 sibi
2875 1714 3008 1787 ipsis
3043 1721 3100 1770 et
3129 1713 3270 1780 illis,
3314 1730 3436 1786 qua:
3478 1715 3545 1770 ad

1961 1811 2168 1865 victum
2200 1809 2336 1865 satis
2355 1818 2561 1873 essent,
2584 1806 2960 1878 suppeditare,
3014 1813 3112 1861 aut
3166 1812 3350 1861 vestes
3399 1821 3550 1862 com-

1961 1915 2158 1970 parare
2191 1899 2467 1957 dicebant.
2525 1899 2689 1970 239
2715 1901 2785 1954 At
2809 1898 2867 1953 hi
2887 1897 3220 1969 persuadere
3250 1893 3546 1965 audebant,

1963 1997 2025 2044 ut
2049 1999 2280 2062 propter
2314 1991 2486 2048 Deum
2515 2006 2638 2046 eam
2663 2005 2782 2046 rem
2813 2004 2915 2061 pro
2940 1988 3116 2044 nihilo
3143 1986 3448 2056 haberent;
3483 2003 3550 2044 ac

1963 2087 2008 2141 si
2033 2092 2292 2158 parentes
2313 2083 2384 2139 ad
2423 2083 2572 2155 ipsos
2598 2082 2948 2148 accederent,
3003 2088 3060 2137 et
3105 2087 3431 2136 consuetum
3477 2077 3550 2136 ab

1963 2181 2099 2252 ipsis
2127 2176 2438 2234 subsidium
2470 2183 2747 2245 peterent,
2793 2175 2938 2246 patri
2973 2189 3038 2229 ac
3054 2171 3216 2228 matri
3253 2169 3550 2229 dicendum

1962 2285 2084 2325 esse
2122 2267 2395 2324 docebant
2434 2283 2447 2319 :
2485 2285 2504 2316 ι
2566 2264 2763 2320 Munus
2803 2262 3172 2334 quodcunque
3223 2273 3311 2322 est
3357 2280 3425 2320 ex
3460 2280 3552 2321 me

1964 2360 2064 2415 tibi
2117 2359 2292 2431 prosit
2315 2357 2379 2411 ’⁸.
2419 2377 2437 2408 ›
2480 2354 2596 2411 Hoc
2637 2365 2740 2419 est,
2793 2355 2838 2410 si
2873 2355 3005 2425 quid
3037 2371 3068 2413 a
3116 2372 3205 2413 me
3247 2355 3548 2428 acceperis,

1965 2449 2210 2505 divinum
2235 2457 2287 2503 te
2317 2445 2571 2502 fraudare
2596 2444 2803 2502 donum
2843 2446 3001 2513 scito,
3040 2454 3096 2502 et
3135 2448 3189 2502 in
3228 2464 3318 2504 res
3363 2461 3551 2503 sacras

1965 2553 2162 2592 manus
2200 2537 2450 2608 injicere,
2514 2549 2642 2589 nam
2704 2533 2978 2604 meipsum
3031 2535 3300 2602 dedicavi,
3347 2543 3404 2591 et
3437 2533 3551 2590 Deo

1965 2629 2121 2700 quasi
2157 2627 2460 2699 repositum
2489 2626 2698 2681 donum
2745 2627 3081 2682 consecravi.
3134 2627 3216 2682 Illi
3263 2642 3397 2682 vero
3421 2641 3550 2682 cum

1967 2721 2241 2792 sacrilegii
2276 2734 2496 2791 pmnam
2530 2727 2885 2783 metuerent”
2925 2727 2982 2772 et
3035 2719 3184 2790 leges
3236 2735 3302 2774 ea
3352 2718 3422 2775 de
3487 2734 3550 2775 re

1967 2815 2296 2870 constitutas
2315 2811 2762 2875 extimescerent,
2776 2826 3070 2866 aerummas
3091 2811 3214 2867 illas
3237 2811 3552 2868 miserrime

1967 2901 2338 2973 perferebant,
2376 2910 2432 2955 et
2457 2899 2719 2970 pietatem
2743 2899 2800 2953 in
2834 2899 3008 2954 Deum
3047 2898 3152 2954 sibi
3197 2899 3357 2956 famis
3389 2915 3551 2956 occa-

1968 2987 2178 3043 sionem
2213 2987 2381 3042 fuisse
2431 2987 2783 3051 accusabant,
2839 3002 2903 3042 ac
2931 2986 3166 3044 fortasse
3199 2988 3268 3044 de
3299 2989 3416 3060 ipso
3456 2989 3553 3045 Dei

1970 3081 2228 3135 mandato
2250 3080 2755 3150 conquerebantur,
2793 3090 3055 3151 tanquam
3083 3081 3152 3136 ab
3175 3098 3242 3137 eo
3279 3082 3336 3137 in
3386 3082 3554 3138 rebus

1971 3171 2208 3226 maxime
2263 3171 2590 3226 necessariis
2661 3171 3002 3227 violarentur
3057 3191 3071 3226 :
3122 3173 3356 3244 ideoque
3407 3175 3485 3229 ait
3535 3189 3551 3230 :

1977 3284 1997 3316 ι
2024 3265 2244 3320 lrritum
2293 3263 2502 3318 fecistis
2548 3263 2865 3318 mandatum
2910 3264 3007 3320 Dei
3037 3274 3264 3334 propter
3300 3265 3554 3321 traditio-

1971 3374 2098 3413 nem
2125 3364 2367 3412 vestram
2416 3355 2483 3406 ”.
2523 3373 2540 3406 ι
2573 3353 2886 3409 Honorandi
2936 3355 3084 3409 enim
3114 3365 3272 3410 erant
3308 3356 3555 3426 profecto

1973 3455 2254 3519 parentes;
2284 3460 2394 3500 non
2417 3443 2702 3515 religionis
2723 3459 2889 3498 causa
2930 3443 3036 3508 lex,
3076 3459 3198 3513 quae
3222 3443 3290 3499 de
3313 3443 3557 3514 parenti-

1970 3539 2076 3596 bus
2106 3539 2216 3594 lata
2240 3546 2380 3602 erat,
2413 3535 2769 3592 destruenda.
2805 3534 2993 3606 Neque
3016 3534 3186 3607 igitur
3200 3552 3286 3602 ea,
3321 3552 3443 3608 quae
3484 3536 3554 3592 ad

1969 3633 2143 3689 Deum
2162 3630 2461 3703 pertinent,
2487 3630 2855 3684 humanarum
2886 3643 3070 3682 rerum
3106 3643 3273 3682 causa
3309 3635 3557 3686 contem-

1970 3725 2151 3781 nenda
2178 3731 2328 3789 sunt,
2358 3726 2539 3792 neqde
2569 3735 2766 3775 rursus
2795 3735 2886 3775 res
2915 3718 3168 3773 humana:
3191 3732 3418 3788 prorsus
3455 3718 3556 3773 Dei

1971 3824 2240 3889 praetextu
2295 3812 2662 3887 negligenda;
2706 3811 2802 3868 sed
2837 3811 3056 3884 potius,
3116 3811 3212 3865 ubi
3252 3811 3560 3883 praecipuas

284 3909 574 3966 charitatis
631 3919 816 3984 partes
885 3911 962 3967 illi
1031 3913 1280 3968 omnium
1333 3912 1782 3984 principio,Deo
1821 3912 2106 3978 nimirum,
2159 3911 2536 3975 tribuerimus,
2587 3918 2704 3964 tum
2742 3907 2988 3964 secundo
3035 3907 3158 3962 loco
3192 3922 3257 3961 ac
3306 3906 3559 3978 proximo

283 4020 504 4074 aequum
529 4014 614 4061 est
646 4005 812 4061 etiam
853 4006 987 4077 ipsis
1017 4008 1192 4062 nostri
1223 4016 1381 4063 ortus
1431 4006 1776 4064 administris
1820 4006 2042 4064 debitos
2068 4008 2126 4064 in
2157 4004 2354 4076 primis
2410 4003 2650 4058 honores
2709 3993 2976 4056 continuo
3032 3997 3270 4063 deferre,
3294 4008 3349 4053 et
3374 3997 3442 4051 ad
3491 4012 3558 4052 ea

285 4116 406 4170 qua:
429 4099 543 4155 dixi
570 4099 700 4155 illud
732 4115 950 4171 quoque
973 4102 1259 4158 nobiscum
1281 4109 1558 4173 reputare.

355 4193 568 4246 ΠΛΛΛ.
598 4190 672 4246 Τὸ
705 4193 758 4246 τί
785 4193 849 4265 δὴ
873 4195 1015 4265 φήςς

354 4286 521 4339 ΚΥΡ.
557 4286 600 4338 Χ
609 4285 764 4356 ρῆμα
787 4287 895 4359 γὰρ
914 4287 996 4340 ὅτι
1013 4286 1247 4358 μάλιστα
1269 4285 1380 4340 τῶν
1395 4287 1708 4354 ἀναγκαίων
1736 4287 1870 4358 ἡμῖν

286 4377 604 4446 ἀποφαίνων
634 4377 662 4428 ό
692 4376 900 4448 Κύριος
932 4376 1090 4448 ἡμῶν
1132 4375 1340 4448 Ἰησοῦς
1385 4377 1622 4449 Χριστὸς
1662 4376 1761 4448 τὴν
1791 4377 1872 4440 εἰς

282 4470 408 4532 τοὺς
436 4469 714 4538 φύσαντας
737 4468 892 4534 αίδὼ,
917 4469 1133 4540 φειδοῦς
1156 4470 1308 4540 ἠξίου
1327 4472 1423 4525 καὶ
1447 4471 1606 4541 λόγου
1631 4469 1730 4542 τὴν
1751 4471 1872 4523 ἐαυο

280 4561 374 4614 τοῦ
391 4561 627 4632 μητέρα.
647 4562 782 4632 Ἀπη
791 4579 892 4633 ρτη
899 4562 1057 4632 μένος
1071 4561 1179 4632 γὰρ
1194 4563 1294 4634 ήδη
1310 4563 1405 4616 τοῦ
1416 4563 1596 4634 τιμίου
1612 4559 1870 4633 σταυροῦ,

283 4653 377 4704 καὶ
414 4652 492 4722 τῷ
524 4651 666 4722 ξύλῳ
693 4653 1140 4725 προσηλωμένος,
1173 4653 1250 4724 τῷ
1276 4654 1486 4724 γνησίῳ
1517 4652 1732 4724 μαθητῇ
1767 4654 1866 4722 τὴν

281 4742 443 4809 ἁγίαν
466 4742 636 4795 ἐδίδου
669 4742 970 4814 Παρθένον,
995 4744 1090 4796 καὶ
1113 4760 1182 4814 γη
1193 4744 1424 4814 ροκόμον
1443 4742 1580 4814 αύτῇ
1599 4739 1865 4802 καθιστάς

280 4835 370 4887 τόν
391 4832 780 4904 ἠγαπημένον,
800 4834 1005 4903 ἐλεγενο
1036 4854 1053 4887 ι
1089 4835 1274 4899 Γύναι,
1307 4834 1415 4888 ἰδοὺ
1437 4836 1464 4888 ὁ
1489 4833 1603 4896 υἱός
1625 4849 1740 4886 σου·
1771 4831 1864 4885 καὶ

280 4925 355 4994 τῷ
394 4923 612 4996 μαθητῇ
643 4919 817 4978 εἶπενο
863 4925 996 4979 Ἰδοὺ
1027 4929 1058 4995 ἡ
1095 4927 1279 4998 μήτηρ
1313 4942 1406 4977 σου
1432 4941 1443 4952 ·
1470 4926 1566 4979 καὶ
1594 4924 1689 4978 ἀπ’
1721 4922 1863 4975 ἐκεί-

280 5031 377 5083 νης
419 5014 519 5083 τῆς
553 5013 722 5084 ὧρας,
769 5014 971 5086 φησὶν,
1003 5013 1194 5068 ἐλαϐεν
1231 5015 1404 5085 αὐτὴν
1433 5015 1462 5066 ό
1492 5011 1740 5084 μαθητὴς
1784 5013 1864 5076 εἰς

278 5105 348 5158 τὰ
381 5105 512 5160 rata.
1605 5089 1610 5095 ’

355 5197 562 5250 ΠΑΛΔ.
605 5197 694 5259 Ὠς
723 5198 924 5268 ἄριστά
957 5215 1019 5267 γε
1069 5199 1203 5268 ἡμῖν
1247 5200 1276 5252 ό
1331 5196 1460 5268 περὶ
1503 5194 1658 5250 τοῦδε
1707 5193 1866 5264 λόγος

285 5289 683 5359 ἐκπεπιῆσθαι
712 5290 877 5344 δοκεῖ.
1049 5336 1056 5352 ,

363 5381 528 5435 ΚΥΡ.
567 5379 920 5446 Καταζεύξας
947 5379 1012 5450 δὴ
1049 5373 1140 5434 οῦν
1177 5375 1235 5434 εὖ
1273 5379 1420 5452 μάλα
1451 5381 1566 5444 τοῖς
1609 5395 1867 5449 γεγεννη-

287 5477 408 5532 κόαι
450 5476 521 5532 τὰ
553 5475 615 5544 ἐξ
653 5471 869 5536 αὐτῶν,
921 5471 1014 5523 καὶ
1046 5471 1137 5524 τὸν
1167 5472 1230 5525 ἐκ
1272 5468 1450 5542 ’νόμου
1486 5470 1582 5524 καὶ
1622 5470 1870 5542 ἀνάγκης

355 5657 403 5691 ’⁸
430 5655 624 5713 Matth.
645 5673 733 5717 xv.
760 5659 811 5713 5.
889 5659 934 5690 ³⁸
962 5655 1095 5712 ibid.
1123 5656 1176 5712 6.
1256 5656 1300 5692 '°
1323 5655 1482 5713 Joan.
1525 5669 1634 5718 six,
1673 5652 1766 5718 26,
1804 5651 1896 5707 27.

1901 4195 1942 4252 ι)
2042 4183 2240 4243 PALL.
2268 4183 2540 4251 Quidnam
2565 4181 2619 4236 id
2641 4182 2764 4236 est?

2043 4279 2201 4336 CYR.
2259 4277 2396 4332 Nam
2432 4289 2546 4329 rem
2571 4275 2622 4332 in
2646 4272 2840 4344 primis
2878 4269 3249 4326 necessariam
3295 4285 3418 4326 esse
3469 4286 3558 4326 rc-

1972 4369 2279 4427 verentiam
2316 4365 2371 4420 in
2394 4374 2672 4434 parentes,
2697 4362 2857 4417 nobis
2897 4359 3142 4415 ostendit
3167 4360 3433 4415 Dominus
3454 4377 3558 4416 no-

1973 4473 2087 4519 ster
2128 4461 2290 4516 Jesus
2316 4458 2592 4520 Christus,
2623 4470 2750 4511 cum
2796 4470 2908 4509 sua:
2936 4453 3109 4524 ipsius
3145 4453 3338 4506 matris
3369 4469 3559 4507 curam

1973 4563 2138 4625 atque
2167 4552 2441 4606 rationem
2482 4549 2696 4604 habuit.
2741 4546 3004 4602 Sublatus
3052 4560 3290 4614 namque
3324 4546 3439 4616 jam
3501 4546 3557 4600 in

1972 4643 2347 4700 venerandam
2379 4642 2528 4695 illam
2562 4655 2805 4702 crucem,
2840 4647 2896 4692 et
2929 4637 3077 4707 ligno
3113 4635 3362 4700 suffixus,
3389 4635 3558 4690 discis

1966 4738 2097 4806 pulo
2124 4751 2225 4791 suo
2246 4749 2506 4806 germano
2530 4742 2775 4788 sanctam
2798 4731 3078 4801 Virginem
3108 4728 3354 4792 tradidit,
3382 4743 3446 4781 ac
3477 4744 3561 4782 sc-

1963 4830 2203 4884 ncctutis
2270 4827 2418 4881 illius
2468 4833 2707 4880 tutorem
2757 4823 3200 4892 nutritorcmque
3271 4821 3562 4876 constituit

1967 4921 2230 4976 dilectum
2257 4919 2410 4973 illum
2442 4933 2625 4982 suum,
2663 4916 2854 4970 dicens
2890 4932 2902 4968 :
2944 4934 2960 4965 ι
3000 4913 3216 4977 Mulier,
3252 4927 3381 4966 ecce
3414 4910 3562 4968 ﬁlius

1971 5022 2130 5079 tuus;
2162 5009 2362 5066 deinde
2389 5008 2698 5079 discipulo:
2731 5007 2874 5063 Ecce
2913 5013 3089 5060 mater
3126 5012 3250 5071 tua;
3279 5013 3336 5059 et
3369 5019 3436 5058 ex
3469 5004 3561 5058 illa

1973 5105 2108 5160 hora
2126 5101 2337 5174 accepit
2361 5117 2481 5157 eam
2504 5099 2810 5170 discipulus
2836 5099 2890 5152 in
2923 5113 3021 5153 sua
3039 5095 3104 5151 ³⁸.
3146 5116 3164 5148 ι

2044 5194 2242 5250 PALL.
2285 5193 2552 5249 Praeclare
2575 5207 2706 5247 sane
2750 5191 2855 5245 hac
2896 5190 2965 5246 de
2996 5205 3054 5244 re
3089 5189 3267 5245 oratio
3310 5187 3560 5244 confecta

1973 5303 2096 5343 esse
2128 5287 2367 5343 videtur.
3435 5357 3440 5359 _

2043 5378 2202 5435 (ΠΒ.
2235 5379 2374 5436 Cum
2407 5379 2592 5450 itaque
2631 5377 2840 5433 liberos
2882 5374 3206 5447 parentibus
3255 5367 3562 5427 reetissimo

1975 5471 2322 5545 subjecisset,
2347 5480 2404 5527 et
2422 5469 2737 5545 legitimum,
2763 5469 2833 5526 iis
2862 5482 2928 5524 ac
2953 5465 3329 5524 necessarium
3366 5463 3559 5536 jugum
