3990 6196
436 268 540 331 Βίξ

1451 261 1507 316 s.
1548 252 1824 317 CYRILLI
1862 247 2333 312 ALEXANDRINI
2377 233 2703 311 ARCHiEP.

3603 249 3706 309 5l6

383 428 393 436 -
436 383 807 460 imposuisset,
838 351 986 438 illico
1014 379 1203 450 quales
1232 375 1398 431 etiam
1439 382 1697 443 parentes
1729 387 1856 442 erga
1879 370 2021 425 libe-

2134 369 2308 432 ιῦτοῖς
2331 359 2628 439 ἐπιρρίψας
2657 364 2841 435 ζυγὸν,
2875 363 3052 418 ὁποῖοί
3081 379 3223 427 τινες
3248 356 3359 417 εἶεν
3380 357 3447 419 ἂν
3482 360 3616 435 περὶ
3640 361 3709 417 τὰ

437 496 532 537 ros
568 493 690 534 esse
732 481 1020 546 oporteat,
1064 470 1172 523 sia
1231 465 1329 520 Dei
1394 464 1677 518 voluntate
1733 461 2024 516 deflectere

437 573 633 633 nolint,
659 555 844 623 edicit.
882 566 960 618 Ac
981 561 1184 616 Paulus
1207 558 1430 629 quidem
1454 555 1894 624 sapientissimus
1916 554 2022 619 vir,

437 672 727 734 postquam
749 655 939 726 paucis
971 652 1134 724 240
1175 658 1231 706 et
1252 647 1505 719 expedite
1534 647 1723 701 liberis
1743 644 2022 716 praecepit,

441 762 500 809 ut
544 749 912 820 subjiciantur
960 742 1322 815 parentibus,
1371 739 1572 811 adjecit
1615 739 1785 792 etiam
1838 736 2020 791 illud:

444 864 463 897 ι
494 845 706 905 Patres,
748 840 923 894 nolite
955 837 1021 892 ad
1051 834 1394 890 iracundiam
1434 847 1732 902 provocare
1762 829 1905 885 filios
1926 845 2024 884 τοι

436 944 604 1000 stros,
623 932 719 988 sed
748 931 980 985 educato
1009 943 1104 982 eos
1125 927 1184 980 in
1206 925 1556 994 correptione
1585 922 1804 976 Domini
1824 923 1890 986 δι,
1920 940 1938 972 ι
1969 921 2024 975 id

435 1034 542 1093 est,
578 1026 910 1096 optimarum
941 1018 1357 1089 disciplinarum
1401 1015 1510 1069 illis
1538 1021 1794 1069 auctores
1825 1019 2021 1076 estote,

437 1127 602 1187 atque
628 1116 695 1170 ad
732 1115 901 1168 vitam
934 1112 1045 1164 Deo
1084 1117 1292 1179 gratam
1337 1107 1554 1176 legique
1601 1103 1839 1157 maxime
1890 1117 2024 1156 con-

438 1219 754 1265 sentaneam
787 1203 1025 1274 dirigite.
1057 1201 1126 1255 At
1156 1213 1288 1253 vero
1327 1214 1424 1268 per
1457 1196 1726 1250 ambitum
1757 1194 2025 1265 quodam-

440 1301 602 1355 modo
631 1309 794 1368 atque
820 1297 1113 1351 circuitum
1147 1294 1248 1364 (sic
1271 1292 1421 1347 enim
1464 1291 1579 1345 fere
1606 1286 1911 1357 consuevit)
1933 1302 2027 1356 paa

440 1392 691 1447 rentibus
740 1388 995 1458 inprimis
1031 1393 1088 1441 et
1128 1385 1352 1454 quidem
1396 1381 1703 1435 rectissime
1742 1381 2023 1450 przecipit,

440 1491 502 1535 ut
533 1480 599 1534 de
621 1481 922 1534 liberorum
947 1477 1221 1548 probitate
1251 1472 1473 1528 solliciti
1493 1472 1602 1526 sint
1632 1490 1644 1524 :
1680 1491 1698 1522 ι
1736 1471 1855 1526 Νοη
1895 1484 2026 1541 pro-

438 1572 672 1634 fanabis,
718 1571 995 1640 inquiens,
1037 1568 1201 1622 ﬁliam
1248 1575 1419 1629 tuam,
1452 1571 1513 1619 ut
1557 1563 1817 1618 fornicari
1859 1561 2028 1618 facias

439 1682 582 1730 eam,
607 1673 796 1720 etnon
834 1659 1201 1718 fornicabit'ur
1239 1648 1411 1720 terra,
1449 1663 1504 1711 et
1533 1663 1683 1711 terra
1722 1653 2028 1724 replebitur

2132 459 2282 530 σφῶν
2315 459 2497 514 αὐτῶν
2534 457 2852 529 γεννήματα
2889 456 2984 509 κα)⁵
3014 456 3063 508 οῖ
3095 457 3294 524 γονεῖς,
3318 457 3366 508 εί
3397 451 3459 508 τὸ
3485 455 3565 526 τῷ
3591 454 3710 530 Θεῷ

2125 549 2316 606 δοκοῦν
2369 551 2469 605 οὐκ
2519 549 2912 620 ἐκσοϐήσονται
2938 587 2952 608 .
3005 546 3347 619 παραχρῆμα
3399 547 3708 618 νομοθετεῖ.

2127 643 2340 706 Παῦλος
2385 642 2482 713 μέν
2515 637 2608 695 οὖν
2654 643 2682 694 ό
2725 639 3039 709 σοφώτατος
3070 640 3128 692 ἐν
3164 639 3357 710 βραχεῖ
3396 640 3492 695 καὶ
3539 639 3714 694 εὐαπ-

2129 733 2433 796 αλλάκτως,
2477 730 2877 784 ὑποτάττεσθαι
2915 730 3025 784 δεῖν
3055 732 3167 792 τοῖς
3203 730 3464 802 πατράσι,
3502 741 3718 804 παρεγ-

2127 820 2234 889 γυᾷ
2263 821 2376 880 τοῖς
2408 817 2657 880 τέκνοις’
2692 817 2796 889 ἔφη
2835 817 2914 881 δὲ,
2947 817 3027 870 ὃτι
3057 817 3153 870 καὶ
3189 837 3208 870 ι
3241 820 3302 871 Οἱ
3338 821 3599 892 πατέρες,
3638 822 3715 894 μὴ

2127 909 2488 981 παροργίζετε
2522 909 2592 962 τὰ
2634 909 2800 964 τέκνα
2857 910 3031 980 ὑμῶν,
3072 911 3188 965 ἀλλ’
3223 913 3521 984 ἐκτρέφετε
3571 917 3717 971 αὐτὰ

2125 1003 2185 1054 ὲν
2215 1001 2468 1073 νουθεσίᾳ
2501 1001 2728 1072 Κυρίουσ
2767 1021 2786 1056 ι
2813 1003 3080 1066 τουτέστι,
3114 1001 3233 1058 Τῶν
3263 1005 3501 1076 ἀρίστων
3525 1009 3716 1074 αὐτοῖς

2131 1089 2470 1161 μαθημάτων
2519 1093 2808 1163 εἰσηγηταὶ
2835 1095 3139 1162 γεγονότες,
3184 1097 3322 1168 πρὸς
3361 1097 3584 1171 θεοφιλῆ
3620 1104 3716 1158 καὶ

2129 1180 2513 1250 ἐννομωτᾶτην
2559 1181 2896 1236 ἀπευθύνετε
2940 1184 3240 1242 πολιτείαν.
3272 1189 3373 1242 Διὰ
3402 1191 3607 1245 κύκλου
3656 1195 3712 1249 δὲ

2125 1267 2317 1341 ὥσπερ
2337 1271 2365 1323 ό
2384 1271 2546 1342 νόμος
2567 1271 2818 1344 (σύνηθες
2841 1275 2948 1345 γάρ
2969 1277 3116 1329 ἐστιν
3133 1275 3209 1340 ὼς
3229 1278 3319 1332 ἀεὶ
3340 1279 3496 1333 τοῦτο
3517 1280 3710 1353 αὐτῷ),

2125 1364 2228 1434 τῆς
2255 1365 2365 1418 τῶν
2390 1364 2595 1419 τέκνων
2642 1368 2944 1433 ἐπιεικείας
2975 1374 3222 1441 προνοεῖν
3260 1372 3342 1425 ὃτι
3379 1373 3616 1444 μάλιστα
3649 1393 3712 1445 γε

2129 1457 2224 1509 καὶ
2276 1456 2421 1527 μάλα
2470 1457 2648 1530 ὀρθῶς
2699 1461 3031 1532 ἐπισκήπτει
3073 1465 3384 1536 πατράσιν·
3420 1484 3440 1518 ι
3479 1467 3553 1521 Οὐ
3604 1471 3711 1541 γὰρ

2126 1543 2480 1616 βεϐηλώσεις,
2515 1565 2535 1600 ι
2562 1549 2715 1620 φησι,
2750 1568 2768 1601 ι
2811 1551 2908 1622 τήν
2940 1551 3212 1625 θυγατέρα
3233 1571 3323 1609 σου
3345 1556 3712 1628 ἐκπορνεῦσαι

2131 1637 2322 1710 αὐτὴν,
2347 1639 2444 1694 καὶ
2468 1640 2568 1694 οὐκ
2602 1643 2947 1718 ἐκπορνεύσῃ
2975 1645 3007 1716 ἡ
3034 1643 3130 1716 γῆ,
3165 1645 3260 1700 καὶ
3283 1649 3316 1719 ή
3351 1651 3421 1722 γῆ
3463 1649 3712 1724 πλησθή-

441 1758 734 1829 iniquitate
783 1753 849 1809 “.
918 1771 936 1806 ι
989 1753 1128 1807 Nam
1193 1764 1490 1820 corporum
1533 1748 1841 1803 castitatem
1900 1753 2028 1801 ante

2134 1744 2288 1782 σεται
2335 1729 2589 1802 ἀνομίας,
2633 1731 2750 1804 Τὴν
2800 1731 2909 1804 γάρ
2944 1751 3026 1787 τοι
3063 1735 3330 1806 σωμάτων
3361 1737 3581 1806 ἁγνείαν
3620 1741 3713 1795 καὶ

441 1855 550 1910 alia
611 1853 781 1909 veluti
828 1849 1102 1922 primitias
1151 1847 1417 1919 quasdam
1481 1852 1681 1900 sanctae
1729 1852 2023 1899 conversa-

417 1945 612 2010 Jionis
670 1961 698 1999 a
728 1943 890 1999 nobis
923 1942 1094 2012 exigit
1146 1946 1336 1993 noster
1370 1936 1669 2002 Conditor;
1707 1944 1834 1990 sunt
1878 1935 2026 1990 enim

442 2036 746 2104 corporalia
760 2034 878 2088 haec
893 2036 1213 2087 ornamenta
1230 2029 1380 2084 velut
1395 2028 1578 2082 aditus
1594 2026 1815 2098 quidam
1837 2025 1903 2081 ad
1920 2026 2030 2096 spi-

443 2125 583 2179 ritus
604 2107 930 2186 claritatem,
952 2132 1079 2176 cum
1107 2118 1470 2189 turpitudinis
1499 2133 1563 2172 ac
1592 2115 1889 2172 dedecoris
1923 2129 2027 2171 no-

443 2227 526 2273 tas
547 2212 829 2288 eil‘ugiant.
864 2215 1034 2286 igitur
1057 2220 1316 2284 parentes
1341 2214 1559 2281 oportet
1575 2218 1636 2266 ut
1662 2211 1730 2266 ad
1757 2225 1846 2265 res
1867 2223 2030 2280 quam
2094 2251 2098 2255 .

442 2311 678 2382 optimas
700 2311 810 2364 sint
853 2316 1107 2364 auctores
1141 2324 1154 2360 :
1192 2307 1278 2361 sin
1314 2305 1563 2374 resupini
1593 2312 1650 2360 et
1694 2305 2031 2376 negligentes

443 2409 610 2456 erunt
640 2399 940 2471 paedagogi,
965 2407 1128 2468 atque
1166 2396 1305 2451 adeo
1343 2411 1522 2459 secus,
1561 2410 1726 2464 quam
1767 2395 1910 2448 ratio
1938 2409 2033 2464 po-

443 2493 633 2556 stulat,
664 2489 731 2545 ad
773 2489 952 2560 turpia
983 2489 1124 2544 facta
1165 2488 1334 2543 duces
1362 2501 1426 2540 ac
1452 2485 1697 2556 magistri
1722 2485 2032 2554 deprehen-

443 2583 665 2645 dentur,
697 2589 944 2635 extrema
981 2579 1248 2648 supplicia
1281 2576 1652 2640 sustinebunt,
1687 2583 1748 2629 ut
1779 2575 1873 2646 qui
1906 2591 2035 2631 suos

444 2670 549 2740 ipsi
581 2669 794 2723 fructus
818 2675 1194 2736 corrumpant,
1229 2673 1285 2719 et
1321 2665 1378 2719 in
1417 2665 1571 2720 exitii
1620 2664 1806 2721 foveas
1838 2666 2033 2736 impel-

444 2757 579 2824 lant,
621 2774 722 2829 pro
747 2759 949 2827 quibus
979 2758 1226 2828 profecto
1260 2773 1479 2828 mquum
1519 2765 1640 2812 erat
1674 2764 1910 2813 mortem
1933 2773 2033 2829 ορε-

446 2862 673 2920 petere:
703 2866 829 2904 nam
868 2848 922 2903 id
948 2849 1198 2919 patribus
1233 2857 1430 2904 natura
1469 2865 1688 2920 quoque
1737 2850 1855 2919 ipsa
1891 2865 2034 2919 prae-

446 2940 661 2994 scribit.
693 2940 797 3007 Qui
845 2956 975 3010 ergo
1010 2957 1079 2996 ex
1124 2956 1181 2995 se
1225 2940 1462 3011 puellam
1515 2941 1584 2995 ad
1625 2940 2034 3011 apertissimum

446 3031 715 3101 probrum
747 3032 1060 3087 volentibus
1090 3033 1340 3103 exponit,
1368 3032 1436 3087 ab
1463 3048 1530 3087 eo
1577 3048 1688 3086 non
1724 3047 1824 3102 pro
1850 3031 2032 3102 puella

454 3121 720 3179 duntaxat
744 3122 988 3177 rationes
1006 3139 1303 3194 poenasque
1332 3122 1521 3195 ﬂagitii
1541 3123 1843 3194 justissime
1873 3139 2031 3194 expo-

449 3225 566 3271 seet
603 3215 695 3269 ille
727 3214 972 3269 omnium
1008 3215 1206 3287 iudex,
1244 3215 1341 3271 sed
1391 3215 1557 3270 etiam
1601 3231 1702 3284 pro
1751 3215 2028 3281 omnibus,

445 3307 546 3380 qui
575 3307 686 3362 sint
723 3306 792 3361 ad
845 3307 1253 3378 turpitudinem
1317 3307 1479 3379 lapsi.
1545 3306 1828 3378 Laqueum
1880 3309 2031 3364 enim

391 3427 401 3434 -
444 3395 742 3470 quemdam
786 3407 842 3454 et
877 3399 1072 3455 mortis
1104 3407 1221 3455 rete
1282 3415 1408 3455 cum
1460 3399 1774 3466 tetenderit,
1841 3415 2034 3454 omnes

449 3492 883 3564 comprehensos
922 3492 1089 3547 habet
1117 3533 1132 3558 ,
1173 3492 1428 3562 quamvis
1452 3507 1563 3546 non
1587 3506 1777 3545 omnes
1809 3491 2031 3561 capian-

451 3594 576 3652 tur;
605 3601 786 3655 neque
819 3584 969 3639 enim
994 3585 1219 3639 omnino
1241 3585 1422 3640 exitus
1466 3583 1548 3638 rei
1591 3590 1890 3654 spectatur,
1936 3580 2032 3637 sed

449 3682 756 3743 captorum
782 3675 868 3728 vis
899 3681 1063 3743 atque
1091 3673 1340 3728 facultas.
1365 3673 1441 3728 De
1465 3671 1735 3744 ejusmodi
1758 3687 1890 3728 vero
1909 3687 2032 3724 mu-

449 3763 586 3818 liere
656 3763 1096 3833 sapientissimus
1163 3779 1382 3833 quoque
1453 3763 1714 3819 Salomon
1779 3762 2030 3817 scribit:

459 3875 478 3907 ι
512 3855 815 3922 Mulierem,
858 3871 979 3926 quae
1003 3856 1234 3926 laqueus
1257 3864 1342 3911 est
1375 3863 1429 3911 et
1460 3863 1578 3910 rete
1617 3871 1714 3910 cor
1748 3855 1888 3925 ejus,
1916 3855 2037 3910 vin-

448 3947 574 4003 cula
599 3948 655 4001 in
695 3947 948 4002 manibus
981 3946 1186 4018 ejus”.
1231 3966 1249 3998 ι
1283 3946 1604 4002 Necessario
1643 3945 1826 4016 itaque
1867 3946 2032 4018 legis-

448 4039 627 4104 lator,
671 4058 689 4090 ι
727 4038 848 4094 Non
902 4036 1239 4109 profanabis,
1295 4037 1496 4108 inquit,
1544 4037 1712 4092 filiam
1742 4045 1922 4105 tuam,
1971 4046 2034 4094 ut

448 4129 714 4186 fornicari
747 4131 916 4186 facias
958 4146 1100 4196 eam,
1145 4139 1202 4186 et
1233 4145 1343 4185 non
1390 4129 1755 4185 fornicabitur
1802 4138 1969 4186 terra.
2006 4149 2024 4183 ι

449 4221 586 4277 Nam
615 4222 660 4276 si
696 4223 845 4276 nulla
875 4223 1044 4277 fuerit
1070 4222 1316 4287 omnino,
1355 4235 1480 4277 cum
1505 4236 1614 4291 qua
1652 4219 2034 4276 fornicationis

443 4313 660 4368 crimen
701 4312 1046 4380 admittatur,
1093 4313 1240 4369 haud
1283 4312 1503 4369 diillcile
1533 4313 1642 4368 erit
1671 4314 1780 4369 hoc
1827 4313 2033 4368 malum

442 4402 712 4475 effugere,
750 4404 1000 4475 quamvis
1045 4403 1314 4474 ιιι-κείρὶιί
1353 4403 1424 4457 sit
1455 4403 1729 4473 quispiam
1769 4404 1824 4457 in
1875 4403 2032 4458 volu-
2069 4423 2112 4476 υ

448 4506 658 4570 ptatcm
685 4496 869 4552 animo
893 4537 908 4563 ,
933 4505 988 4552 et
1009 4495 1077 4549 ad
1120 4493 1490 4549 resistendum
1533 4508 1760 4563 prorsus
1810 4495 2024 4564 ignavo.

450 4587 729 4644 Hactenus
750 4602 874 4642 cum
919 4583 1291 4656 praecepisset,
1321 4591 1382 4636 ut
1423 4581 1616 4638 liberis
1642 4599 1672 4636 a
1708 4584 2031 4653 parentibus

447 4679 710 4736 honestas
743 4677 992 4748 corporis
1035 4682 1370 4739 servaretur,
1426 4673 1584 4746 24],
1615 4682 1802 4736 morte
1861 4677 2026 4731 etiam

449 4772 666 4835 multat,
719 4770 764 4824 si
801 4769 925 4839 quis
979 4767 1035 4820 in
1051 4781 1173 4820 eam
1225 4765 1554 4820 sententiam
1599 4765 1833 4830 venerit,
1859 4775 1919 4820 ut
1958 4767 2027 4822 ad

450 4861 867 4917 desciscendum
897 4875 928 4913 a
953 4857 1064 4912 Deo
1104 4870 1234 4912 suos
1258 4854 1465 4912 liberos
1503 4855 1767 4926 impellat.
1796 4854 1887 4911 Sic
1928 4871 2028 4911 au-

453 4961 560 5006 tein
586 4952 641 5006 in
667 4950 910 5006 Levitico
933 4947 1198 5018 scriptum
1221 4954 1305 5002 est
1335 4965 1348 5000 :
1383 4947 1480 5002 «Et
1505 4947 1723 5002 locutus
1735 4955 1820 5002 est
1843 4948 2030 5003 Domi-

451 5057 557 5096 nus
587 5041 655 5096 ad
685 5041 940 5111 Moysen,
973 5038 1160 5094 dicens
1216 5057 1230 5093 :
1259 5037 1316 5094 Si
1343 5037 1468 5108 quis
1490 5037 1558 5092 de
1595 5037 1724 5092 ﬁliis
1751 5037 1918 5092 lsrael
1943 5039 2029 5093 vel

451 5132 523 5207 de
547 5133 856 5202 proselytis,
895 5130 990 5201 qui
1021 5129 1357 5185 accesserint
1403 5128 1471 5183 ad
1501 5128 1692 5192 lsrael,
1721 5125 1935 5181 dederit
1962 5126 2031 5183 de

453 5227 663 5284 semine
688 5233 788 5281 suo
811 5225 1071 5297 principi,
1095 5232 1272 5280 morte
1297 5223 1566 5278 moriatur
1585 5241 1598 5277 :
1617 5238 1769 5293 gens,
1799 5237 1920 5293 quae
1948 5232 2033 5278 est

453 5315 512 5370 in
540 5322 686 5370 terra
711 5313 824 5377 illa,
844 5311 1167 5383 lapidabunt
1185 5326 1316 5366 eum
1356 5311 1669 5382 lapidibus;
1697 5319 1755 5366 et
1782 5326 1883 5382 ego
1929 5311 2030 5367 ob-

453 5404 682 5463 ilrmabo
703 5404 899 5461 faciem
928 5420 1105 5462 meam
1120 5421 1286 5476 super
1312 5403 1591 5460 hominem
1623 5402 1798 5467 illum,
1829 5412 1886 5458 et
1907 5417 2033 5474 per-

453 5497 576 5555 dam
599 5513 724 5557 eum
747 5497 815 5556 de
833 5498 1037 5571 populo
1073 5513 1193 5564 suo,
1224 5495 1351 5570 quia
1391 5496 1458 5552 de
1508 5495 1716 5551 semine
1755 5511 1856 5552 suo
1878 5495 2030 5551 dedit

560 5671 600 5706 "
638 5675 842 5744 Ephes.
863 5695 936 5743 vr,
983 5679 1035 5732 4.
1114 5679 1154 5712 ³³
1181 5677 1355 5736 Levit.
1383 5693 1492 5744 ιιι,
1520 5677 1607 5732 29.
1653 5678 1696 5710 ⁸³
1721 5677 1901 5734 Eccle.
1927 5675 2122 5743 vn,‘27.

2129 1820 2235 1893 πρό
2255 1837 2319 1892 γε
2342 1821 2452 1876 τῶν
2480 1821 2678 1890 ἄλλων,
2698 1823 2794 1878 καὶ
2819 1825 3146 1895 πρωτόλειον
3169 1825 3318 1881 ὥσπε
3327 1845 3358 1899 ρ
3377 1845 3431 1882 τι
3463 1830 3564 1902 τῆς
3589 1833 3716 1886 εῖνα⁸

2126 1911 2259 1980 γοῦς
2308 1914 2619 1981 πολιτείας,
2671 1915 2873 1982 ἐξαιτεῖ
2899 1917 3027 1989 παρ’
3070 1918 3227 1989 ἡμῶν
3257 1921 3285 1974 ό
3328 1922 3712 1994 Δημιουργός·

2129 2005 2478 2075 προεισϐολαὶ
2498 2007 2607 2078 γὰρ
2633 2005 2823 2078 ὥσπερ
2850 2009 2955 2079 τῆς
2988 2010 3128 2064 κατὰ
3157 2010 3374 2084 πνεῦμα
3402 2013 3718 2089 λαμπρότη·

2127 2112 2221 2160 τος
2248 2095 2318 2150 τὰ
2346 2098 2641 2168 σωματικὰ
2667 2140 2682 2166 ,
2710 2099 2801 2154 τὸν
2830 2099 2918 2152 ἐπ’
2947 2101 3266 2174 αἱσχρότητί
3304 2121 3363 2157 τε
3391 2106 3486 2158 καὶ
3518 2107 3715 2182 ἀτιμίᾳ

2131 2183 2576 2258 διαδιδράσκοντα
2609 2188 2819 2261 μῶμον.
2852 2189 2932 2244 Τὰ
2971 2191 3189 2245 πάντων
3218 2189 3311 2248 οῦν
3342 2195 3542 2266 ἄριστα
3581 2199 3719 2270 πρέ-

2133 2295 2226 2332 ποι
2261 2279 2327 2333 ἃν
2357 2281 2488 2352 ἡμῖν
2517 2281 2857 2352 εἰσηγεῖσθαι
2903 2284 3169 2355 πατέρας.
3200 2285 3262 2338 Εί
3284 2287 3340 2340 δέ
3369 2285 3432 2359 δὴ
3465 2288 3719 2359 μέλλοιεν

2134 2370 2459 2427 ὑπτιοῦσθαι
2498 2375 2595 2428 καὶ
2635 2374 2902 2446 ῥᾳθυμεῖν
2933 2377 2981 2428 οῖ
3019 2377 3378 2448 παιδαγωγοὶ,
3419 2382 3627 2454 μᾶλλον
3659 2385 3719 2439 δὲ

2132 2465 2226 2517 καὶ
2253 2465 2361 2518 τῶν
2392 2466 2682 2537 αἰσχιόνων
2707 2468 2893 2532 αὐτοῖς
2915 2471 3202 2541 γεγονότες
3228 2473 3465 2544 ἀρχηγοὶ
3495 2476 3595 2530 καὶ
3618 2495 3721 2532 και

2133 2553 2372 2625 θηγηταὶ
2403 2556 2728 2627 παραλόγως
2747 2558 3056 2630 ἡλίσκοντο,
3090 2562 3282 2633 ποινήν
3314 2563 3721 2638 ὑποστήσονται

2131 2648 2234 2716 τήν
2263 2645 2533 2718 ἐσχάτην,
2581 2647 2657 2712 ὡς
2684 2649 2814 2714 τοὺς
2857 2651 3021 2718 ἰδίους
3053 2654 3207 2708 αὐτοὶ
3248 2658 3493 2729 καρποὺς
3549 2675 3723 2712 κατα-

2135 2737 2469 2810 φθείροντες,
2503 2743 2596 2795 καὶ
2629 2743 2742 2807 τοῖς
2774 2743 2874 2815 τῆς
2904 2745 3179 2810 ἀπωλείας
3206 2747 3440 2814 ἐνιέντες
3461 2748 3682 2820 βόθροις
3701 2791 3719 2819 ,

2134 2827 2209 2885 ὧν
2255 2827 2324 2904 ἦν
2349 2833 2520 2904 δήπου
2560 2835 2656 2889 καὶ
2687 2836 3091 2909 ὑπερθνήσκειν
3126 2838 3351 2911 ἄμεινον
3383 2858 3397 2873 ·
3429 2843 3723 2913 νομοθετεῖ

2136 2922 2244 2994 γὰρ
2283 2925 2563 2978 καὶτοῦτο
2597 2927 2631 2997 ή
2663 2926 2825 2996 φύσις
2865 2930 3160 3001 πατράσιν.
3205 2931 3262 2985 '0
3288 2932 3346 2986 δὲ
3371 2932 3434 3004 δὴ
3466 2933 3604 3007 πρὸς
3632 2936 3718 2989 ai-

2139 3015 2414 3087 σχρότητα
2457 3017 2556 3088 τὴν
2595 3020 3009 3094 ἐμφανεστάτην
3058 3026 3171 3087 τοῖς
3215 3025 3457 3080 ἐθέλουσι
3490 3027 3722 3099 προθεὶς

2134 3105 2196 3159 τὸ
2224 3105 2420 3160 ἐαυτοῦ
2449 3107 2654 3179 κόριον,
2677 3111 2776 3181 οὐχ
2807 3113 2946 3184 ὑπὲρ
2973 3113 3138 3167 αὐτοῦ
3168 3117 3262 3169 καὶ
3300 3117 3459 3187 μόνου
3488 3119 3720 3186 δικαίως

2135 3197 2200 3254 ἂν
2219 3199 2492 3256 εὐθύνοιτό
2523 3220 2583 3256 τε
2609 3204 2703 3257 καὶ
2727 3203 2986 3269 ὲξαιτοῖτο
3015 3207 3169 3272 δίκας
3191 3210 3343 3281 παρά
3360 3227 3421 3280 γε
3445 3211 3540 3266 τοῦ
3575 3213 3720 3270 πάν·-

2135 3309 2244 3349 των
2267 3293 2480 3366 κριτοῦ,
2517 3295 2653 3350 ἀλλὰ
2675 3297 2768 3350 xa‘t
2800 3297 2938 3369 ὑπὲρ
2967 3299 3167 3363 παντὸς
3191 3301 3286 3355 τοῦ
3327 3304 3462 3376 πρὸς
3489 3307 3718 3379 αἰσχρό-

2133 3402 2273 3456 τητα
2302 3386 2739 3458 διωλισθηκότος.
2762 3389 2840 3460 Θή
2850 3405 3046 3463 ρατρον
3070 3390 3177 3464 γὰρ
3201 3390 3390 3467 ὥσπερ
3415 3413 3469 3450 τι
3492 3399 3720 3470 προθεὶς

2135 3477 2232 3531 καὶ
2261 3477 2494 3532 θανάτου
2533 3479 2696 3548 λίνον,
2725 3482 2932 3546 πάντας
2963 3481 3074 3552 ἔχει
3109 3483 3405 3554 συλλαϐὼν,
3441 3488 3538 3541 καὶ⁵
3557 3491 3606 3542 ei
3637 3490 3716 3562 μὴ

2136 3567 2340 3633 πάντες
2387 3568 2713 3654 ἁλίσκοινεεο.
2762 3571 3130 3643 Δοκιμάζεται
3178 3575 3286 3648 γὰρ
3328 3578 3452 3649 οὐχὶ
3495 3579 3561 3652 δή
3609 3599 3715 3636 που

2137 3658 2355 3723 πάντως
2397 3659 2460 3714 τὸ
2493 3660 2796 3734 ἐκϐεϐηκὸς
2822 3703 2837 3728 ,
2890 3663 3028 3717 ἀλλὰ
3068 3664 3180 3719 τῶν
3231 3669 3713 3744 ἐγχειρημάτωνὴ

2137 3749 2364 3823 δῦναμις
2383 3766 2400 3782 °
2422 3746 2686 3822 γυναικδς
2711 3753 2768 3807 δέ
2797 3753 2924 3826 πέρι
2951 3756 3185 3819 τοιᾶσδε,
3213 3761 3310 3812 καὶ
3331 3760 3361 3812 ὁ
3401 3759 3716 3830 σοφώτατος

2136 3843 2338 3915 γράφει
2362 3845 2614 3916 Σολομῶν
2632 3863 2645 3877 ·
2670 3863 2689 3898 ι
2714 3845 2826 3918 Τὴν
2873 3850 3130 3916 γυναῖκα,
3158 3849 3282 3920 ἥτις
3313 3850 3428 3904 ἐστὶ
3461 3851 3720 3925 θήρευμα

2135 3938 2233 3992 καὶ
2267 3937 2476 4010 σαγήνη
2498 3937 2694 4010 καρδία
2715 3939 2906 4011 αὐτῆς,
2929 3939 3127 4012 δεσμὸς
3153 3940 3235 4006 εἰς
3261 3944 3449 4014 χεῖρας
3470 3943 3662 4016 αὐτῆς.
3692 3962 3713 3998 ι

2149 4029 2488 4100 Ἀναγκαίως
2518 4030 2806 4103 τοιγαροῦν
2841 4031 2870 4082 ό
2907 4031 3229 4105 νομοθέτης,
3284 4050 3304 4086 ι
3353 4033 3428 4088 Οὐ
3476 4033 3719 4109 βεϐηλὼ-

2138 4135 2278 4184 σεις,
2321 4139 2339 4172 ι
2364 4121 2518 4192 φησι,
2539 4139 2558 4174 ι
2594 4121 2692 4194 τὴν
2711 4121 2986 4194 θυγατέρα
3010 4141 3124 4190 σου,
3145 4122 3503 4198 ἐκπορνεῦσαι
3521 4126 3716 4202 αὐτὴν,

2137 4216 2232 4268 καὶ
2259 4212 2357 4269 οὐκ
2380 4215 2723 4287 ἐκπορνεύσῃ
2745 4217 2778 4287 ή
2800 4215 2893 4286 γῆ.
2926 4235 2944 4267 ι
2973 4217 3047 4270 Οὐ
3069 4216 3180 4288 γὰρ
3209 4215 3377 4291 οῦσης
3403 4217 3562 4288 ὅλως,
3587 4216 3717 4292 περὶ

2136 4305 2204 4376 ἣν
2242 4303 2309 4359 ἂν
2330 4304 2539 4374 γένοιτο
2575 4307 2739 4376 τυχὸν
2759 4305 2861 4377 τῆς
2887 4307 3140 4379 πορνείας
3165 4307 3227 4361 τὺ
3252 4308 3525 4382 ἔγκλημα,
3545 4309 3715 4382 χαλε-

2137 4395 2239 4450 πδν
2271 4397 2422 4452 οὐδὲν
2444 4396 2506 4450 τὸ
2524 4397 2806 4470 διαδράναι
2826 4398 3038 4462 παθεῖν,
3072 4401 3166 4454 καὶ
3193 4398 3436 4472 εῖτῴτις
3462 4403 3549 4474 εἴη
3580 4403 3716 4475 πρὸς

2135 4487 2328 4559 ἡδονὴν
2347 4488 2720 4558 εὑπάροιστος,
2743 4491 2836 4544 καὶ
2852 4492 2912 4544 τὸ
2928 4491 3120 4545 ἄναλκι
3143 4492 3419 4558 παντελῶς
3435 4493 3718 4567 amna-:43.

2137 4577 2237 4640 σας
2258 4578 2286 4629 ό
2301 4574 2446 4642 νοῦς,
2472 4578 2771 4651 εὐκοσμίαν
2784 4581 2956 4652 δὲτὴν
2972 4581 3052 4646 εἴς
3067 4598 3129 4650 γε
3147 4583 3208 4636 τὸ
3229 4582 3388 4655 σῶμα
3403 4583 3711 4656 τηρεῖσθαι.

2137 4667 2290 4734 τέως
2327 4669 2639 4742 προστάξας
2670 4671 2820 4744 παρὰ
2866 4673 2975 4727 τῶν
3021 4673 3276 4748 πατέρων
3319 4676 3432 4740 τοῖς
3463 4675 3712 4746 τέκνοις,

2136 4759 2355 4832 θανάτῳ
2391 4761 2619 4833 τιμᾶται
2664 4763 2760 4816 καὶ
2791 4763 2884 4818 τὸν
2935 4767 3016 4828 είς
3062 4765 3221 4820 τοῦτο
3256 4765 3403 4820 ίόντα
3444 4765 3667 4840 γνώμης
3697 4807 3714 4833 .

2137 4853 2212 4917 ὡς
2239 4853 2318 4916 είς
2349 4852 2646 4908 ἀπόστασιν
2697 4853 2794 4927 τήν
2831 4856 2937 4910 ἀπὸ
2967 4856 3104 4910 Θεοῦ
3131 4857 3200 4912 τὰ
3229 4857 3337 4914 ῐδια
3369 4859 3717 4934 παραβρίψωι

2138 4945 2459 5016 γεννήματα
2481 4960 2493 4974 ·
2537 4947 2850 5018 γέγραπται
2877 4946 2933 5013 δὲ
2963 4944 3139 5014 οὕτως
3184 4950 3243 5003 ἐν
3274 4948 3352 5022 τῷ
3397 4951 3674 5024 Λευῖτικῷ
3698 4967 3716 4986 ⁸

2145 5053 2163 5088 ι
2183 5037 2292 5090 Καὶ
2317 5035 2545 5106 ἐλάλησε
2571 5037 2776 5108 Κύριος
2809 5039 2945 5111 πρὸς
2971 5038 3200 5112 Μωσῆν,
3229 5040 3404 5112 λέγων
3427 5057 3442 5074 ·
3467 5041 3580 5098 Καὶ
3602 5045 3719 5112 τοῖς

2139 5127 2275 5190 υἱοῖς
2290 5126 2504 5200 Ἰσραὴλ
2529 5127 2781 5200 λαλήσεις
2805 5129 2997 5200 λέγων’
3047 5130 3173 5184 Ἐάν
3197 5147 3282 5196 τις
3309 5131 3418 5192 ἀπὸ
3437 5129 3547 5196 τῶν
3579 5131 3717 5190 υἱῶν

2151 5217 2369 5289 Ἰσραὴλ
2391 5257 2408 5284 ,
2451 5217 2485 5292 ἢ
2525 5217 2635 5273 τῶν
2687 5220 3220 5292 προσγεγενημένων
3256 5207 3620 5294 «pecuniarum
3655 5223 3716 5276 ἐν

2151 5309 2366 5382 Ἰσραὴλ
2387 5350 2401 5376 ,
2444 5309 2502 5376 ὃς
2535 5311 2600 5366 ἂν
2637 5311 2712 5384 δῷ
2756 5311 2852 5366 τοῦ
2897 5313 3211 5385 σπέρματος
3249 5313 3416 5368 αὐτοῦ
3460 5315 3713 5388 ἄρχοντι,

2140 5401 2355 5474 θανάτῳ
2387 5401 2736 5459 θανατούσθω
2763 5423 2776 5436 ·
2808 5407 2870 5460 τὸ
2899 5405 3049 5471 ἔθνος
3077 5406 3136 5460 τδ
3177 5407 3270 5460 ἐπὶ
3297 5407 3396 5480 τῆς
3428 5407 3532 5479 γῆς
3567 5406 3712 5462 λιθο·

2140 5493 2457 5567 ϐολήσουσιν
2496 5497 2659 5552 αὐτὸν
2700 5499 2761 5554 ιν
2802 5497 3004 5563 λίθοις·
3038 5500 3132 5555 καὶ
3175 5497 3286 5567 ἐγὼ
3319 5497 3604 5571 ἐπιστήσω
3650 5495 3711 5552 τὸ
