3990 6196
281 234 351 294 ³81
361 234 397 296 Ἰ

287 349 588 422 πρόσωπόν
621 369 722 423 μου
749 353 840 408 ἐπὶ
869 355 959 410 τὸν
985 357 1266 430 ἄνθρωπον
1299 365 1525 432 ἐκεῖνον,

275 441 453 495 αὑτὸν
490 443 556 496 ὲκ
582 441 677 496 τοῦ
709 443 839 498 λαοῦ
872 447 1070 513 αὑτοῦ,
1099 451 1179 503 ὅτι
1215 451 1312 506 τοῦ
1358 454 1672 526 σπέρματος
1702 459 1867 512 αὑτοῦ

287 534 492 590 ἑδωκεν
543 536 799 607 ἄρχοντι,
834 538 922 592 ῖνα
953 541 1116 613 μιάνῃ
1152 543 1222 598 τὰ
1253 545 1387 615 ἀγιά
1419 565 1544 620 μου,
1579 551 1674 604 καὶ
1704 550 1868 623 βεϐη-

286 626 432 697 λώσῃ
471 625 535 680 τὸ
564 627 736 699 ὄνομα
763 629 872 682 τῶν
898 633 1248 704 ἡγιασμένων
1284 655 1395 708 μοι.
1437 657 1458 690 ι
1671 691 1696 706 ,.

353 720 565 773 ΠΛΔΛ.
619 719 886 792 ’Δμυδρὸς
932 724 959 775 ὁ
993 725 1177 796 νόμος.
1225 728 1299 782 Οὐ
1344 729 1455 802 γὰρ
1505 731 1739 804 ἐναργές
1779 751 1866 788 πω

287 809 434 880 μάλα
472 811 534 864 τὸ
563 811 619 865 τί
668 812 733 866 ἂν
773 813 1013 883 βούλοιτο
1059 817 1278 890 δηλοῦν.
1331 823 1598 894 Διασάφει
1637 824 1701 896 δὴ
1746 820 1862 881 οὖν’

276 902 504 973 δράσεις
529 903 638 975 γὰρ
671 903 870 973 ὀρθῶς.
1031 901 1060 926 ⁸

228 976 238 995 ’
351 998 517 1050 ΚΥΡ.
543 999 832 1052 Μωαϐῖται
854 1001 947 1054 καὶ
972 1001 1319 1074 Μαδιηναῖοι,
1345 1004 1664 1074 Γεργεσαϊοί
1689 1022 1748 1058 τε
1769 1004 1864 1059 καὶ

293 1088 610 1158 Ἀγαρηνοὶ,
656 1091 752 1142 καὶ
805 1089 1098 1162 βαρϐάρων
1153 1094 1319 1166 ἕτερα
1376 1095 1515 1149 ἄττα
1550 1096 1684 1168 γένη
1712 1135 1728 1160 ,
1761 1096 1862 1167 τὴν

292 1182 574 1236 Ἰουδαίων
613 1184 1011 1254 προσοικοῦντα
1041 1185 1225 1256 χώραν
1247 1226 1266 1254 ,
1297 1185 1477 1258 έθεσιν
1523 1188 1862 1242 ἐπολιτεύετο

271 1276 388 1337 τοῖς
423 1273 775 1344 Ἑλληνικοῖς,
811 1277 904 1329 καὶ
927 1271 995 1346 ἦν
1024 1277 1240 1348 ἑκάστῳ
1269 1277 1534 1349 θρησκεία
1559 1279 1622 1332 τὸ
1647 1279 1856 1344 δοκοῦν,

273 1366 372 1418 καὶ
410 1365 472 1418 τὸ
503 1369 583 1430 είς
617 1366 742 1419 νοῦν
771 1361 906 1438 ἧκον
953 1367 1178 1433 ἁπλῶς,
1209 1369 1584 1440 προσκύνησις
1635 1372 1729 1424 καὶ
1766 1371 1861 1424 λα-

273 1453 468 1524 τρεία·
507 1455 723 1526 ἀσφαλῆ
763 1456 818 1508 δὲ
852 1457 1006 1510 οῦπω
1054 1459 1148 1512 καὶ
1192 1460 1598 1531 ἐρηρεισμένην
1643 1461 1858 1531 ἔχοντες

270 1544 374 1613 ’τὴν
406 1544 645 1598 διάνοιαν
673 1547 752 1608 είς
783 1545 1058 1615 φιλοθεταν
1086 1550 1135 1601 οί
1167 1548 1228 1612 ἐξ
1262 1550 1498 1621 Ἰσραὴλ,
1531 1551 1725 1622 κομιδῇ
1757 1552 1857 1621 μὲν

270 1629 410 1706 ἦσαν
450 1635 802 1704 εῦπάροιστοι
827 1638 964 1708 πρὸς
993 1637 1315 1702 ἀπόστασιν,
1351 1637 1566 1699 εὔκολοι
1593 1639 1649 1692 δὲ
1681 1638 1856 1703 οὕτως

269 1729 349 1788 εὶς
374 1728 681 1798 ἀποφορὰν,
717 1728 793 1791 ὡς
816 1729 1064 1800 ἡγεῖσθαι
1098 1732 1228 1800 παρ’
1250 1730 1402 1784 οὐδὲν
1427 1729 1490 1783 τὸ
1521 1731 1618 1785 καὶ
1645 1732 1850 1794 αὐτοῖς,

264 1819 315 1870 εἰ
339 1817 514 1887 τύχοι,
541 1822 868 1888 προσκυνεῖν
902 1823 1013 1884 τοῖς
1041 1820 1148 1874 τῶν
1174 1823 1390 1893 ὁμόρων
1413 1820 1576 1886 θεοῖς,
1607 1823 1703 1877 καὶ
1727 1837 1856 1876 συν-

265 1907 486 1962 ελέσθαι
525 1908 701 1963 νοσεῖν
746 1913 858 1975 τοῖς
897 1911 1102 1981 γείτοσι
1149 1912 1248 1984 τὴν
1298 1912 1508 1968 ἀνωθεν

266 2000 530 2070 Αἰγύπτῳ
563 2001 848 2072 πλάνησιν.
879 2003 990 2057 Καὶ
1007 2002 1139 2072 γοῦν
1165 2006 1286 2067 ταῖς
1318 2006 1384 2058 ὲκ
1413 2004 1644 2077 Μαδιάμ
1677 2006 1853 2060 νεάνι-

267 2107 352 2146 σιν
383 2092 746 2166 ὲπεμαίνοντό
777 2111 907 2149 ποτε
931 2135 947 2161 ,
975 2097 1069 2150 καὶ
1095 2097 1332 2166 γυναίων
1356 2098 1532 2170 ὥραις
1571 2113 1854 2170 συνηρπα-

271 2187 483 2256 σμένοι,
517 2188 984 2242 συνεπεκαλοῦντο
1016 2190 1198 2254 αὐτοῖς
1229 2191 1322 2247 τὸν
1358 2192 1701 2264 Βεελφεγώρ.
1737 2193 1852 2246 Ἐν⁴

265 2278 456 2334 τεῦθεν
487 2281 515 2332 ὁ
537 2281 834 2352 νομοθέτης
861 2281 1283 2354 προαναθρήσας
1310 2281 1369 2336 εῦ
1401 2285 1546 2353 μάλα
1570 2285 1632 2337 τὸ
1655 2284 1852 2355 σαθρόν

265 2388 323 2424 τε
359 2374 457 2424 καὶ
502 2372 888 2427 εῦδιάκλαστον
932 2374 1034 2443 τῆς
1079 2375 1309 2446 ἐνούσης
1355 2378 1539 2440 αὐτοῖς
1573 2378 1850 2446 διανοίας,

259 2465 525 2536 ἀπέφησε
560 2467 838 2530 παντελῶς
880 2469 980 2538 τὴν
1028 2469 1158 2539 πρὸς
1189 2470 1504 2543 ἀλλοτρίους
1547 2472 1848 2542 ἐπιμιξίαν,

262 2559 587 2626 σαφέστατα
632 2559 840 2627 λέγων’
884 2580 902 2612 ι
942 2561 1053 2631 Τὴν
1102 2561 1383 2633 θυγατέρα
1433 2581 1526 2618 σου
1561 2567 1621 2620 οῦ
1657 2566 1850 2631 δώσεις

1004 239 1093 298 DE
1131 241 1570 304 ADORATIONE
1611 249 1680 306 ΙΝ
1710 246 1850 308 SPlF

1960 255 1987 312 3
2022 252 2110 312 ΕΤ
2151 254 2520 320 VERITATE.
2559 265 2687 321 LIB.
2732 267 2841 325 VII.

1558 1930 1621 1968 τε
1660 1915 1756 1968 καὶ
1793 1914 1854 1969 ὲν
1901 1943 1914 1956 ο

3443 272 3548 333 518

1561 368 1869 478 {de}???
1900 377 2227 468 Aprincipi,
2258 410 2320 456 ut
2339 401 2614 471 pollueret
2637 414 2823 458 sancta
2851 420 2991 471 mea,
3023 415 3078 461 et
3108 407 3422 478 profanaret
3448 427 3552 469 nov

1971 505 2096 544 men
2141 493 2607 551 sanctiﬁcatorum
2637 497 2858 552 mihi".
2905 518 2925 550 υ

2037 755 2234 811 PALL.
2267 757 2518 815 Obscura
2549 761 2666 818 haec
2695 773 2782 819 est
2804 766 2922 832 lex;
2943 781 3123 836 neque
3151 767 3298 821 enim
3335 777 3418 823 est
3457 770 3550 825 ad-

1965 845 2076 903 huc
2101 849 2233 903 satis
2248 853 2622 921 perspicuum,
2649 857 2780 924 quid
2807 856 2912 912 sibi
2949 859 3083 913 velit
3109 876 3122 912 :
3158 859 3307 913 illam
3331 875 3463 930 ergo
3503 863 3549 916 si

1963 938 2282 1007 explicabis,
2309 941 2515 1009 optime
2538 942 2756 998 feceris.

2031 1029 2191 1085 (ΠΒ.
2220 1030 2471 1087 Moabitae
2495 1041 2550 1089 et
2567 1033 2896 1102 Madianitae,
2921 1036 3190 1109 Gergesaei
3213 1051 3269 1096 et
3291 1043 3551 1114 Agareni,

1963 1130 2018 1178 et
2041 1125 2317 1181 nonnullae
2340 1127 2459 1182 alia:
2481 1127 2732 1184 barbara:
2771 1131 3041 1197 nationes,
3077 1148 3198 1202 qua:
3233 1133 3549 1195 Iudaeorum

1962 1230 2242 1286 regionem
2271 1219 2606 1285 incolebant,
2637 1221 2886 1278 moribus
2935 1238 3000 1278 ac
3043 1224 3154 1278 ritu
3179 1228 3370 1296 gentili
3395 1231 3547 1284 vive-

1961 1303 2115 1370 bant,
2141 1313 2195 1360 et
2241 1322 2360 1361 eam
2411 1309 2734 1379 religionem
2796 1315 3031 1382 quisque
3086 1315 3547 1384 amplectebatur,

1959 1411 2082 1465 quae
2103 1397 2207 1451 sibi
2232 1399 2528 1467 placuisset
2557 1419 2569 1455 :
2597 1411 2651 1456 et
2672 1405 2816 1473 quod
2853 1406 3052 1474 cuique
3081 1415 3289 1462 temere
3316 1408 3372 1461 in
3397 1424 3550 1463 men-

1959 1493 2070 1540 tem
2097 1487 2360 1553 venisset,
2389 1488 2443 1543 id
2488 1491 2756 1547 adorabat
2780 1501 2944 1564 atque
2982 1497 3219 1551 colebat.
3255 1497 3390 1554 Cum
3415 1515 3548 1555 vero

1959 1573 2056 1630 ﬁlii
2084 1576 2250 1631 Israel
2277 1578 2332 1632 in
2357 1579 2453 1633 Dei
2493 1597 2679 1636 amore
2725 1584 2968 1638 nondum
3003 1588 3248 1641 animum
3294 1589 3428 1642 satis
3455 1589 3546 1643 [ira

1958 1682 2107 1722 mum
2138 1685 2201 1724 ac
2243 1671 2495 1725 stabilem
2519 1673 2816 1740 baberent,
2845 1677 2913 1731 ad
2939 1680 3220 1747 apostasin
3245 1681 3544 1736 admodum

1954 1759 2231 1830 proclives
2253 1770 2432 1828 erant,
2457 1771 2513 1818 et
2557 1763 2627 1820 ad
2653 1767 3018 1824 defectionem
3064 1772 3203 1825 adeo
3247 1771 3457 1837 facrles,
3483 1781 3545 1828 ut

1954 1865 2059 1920 pro
2094 1848 2270 1907 nihilo
2294 1853 2560 1910 ducerent
2585 1857 2735 1927 ipsos
2755 1875 2976 1930 quoque
3003 1861 3367 1917 ﬁnitimarum
3413 1880 3545 1934 gen-

1955 1940 2093 1996 tium
2132 1942 2264 1999 deos
2289 1945 2542 2014 adorare,
2566 1958 2621 2004 et
2647 1950 2810 2005 simul
2836 1967 2960 2006 cum
2997 1954 3197 2009 vicinis
3222 1956 3543 2012 nationibus

1953 2035 2164 2089 erroris
2189 2035 2308 2105 ejus
2329 2038 2526 2092 morbo
2555 2042 2936 2108 succumbere,
2963 2060 3072 2114 quo
3101 2047 3374 2116 superiori
3401 2056 3543 2101 tem-

1952 2137 2088 2196 pore
2122 2127 2180 2180 in
2210 2126 2442 2198 Egypto
2490 2130 2898 2197 laboraverant,
2941 2135 3132 2206 itaque
3189 2145 3299 2190 tam
3345 2137 3541 2194 insano

1953 2231 2139 2271 amore
2188 2220 2463 2288 quondam
2516 2222 2571 2275 in
2629 2222 3050 2280 Madianitarum
3103 2228 3541 2284 adolescentulas

1953 2318 2299 2373 exarserunt,
2348 2317 2427 2374 ut,
2481 2312 2930 2368 muliercularum
2976 2317 3151 2371 forma
3179 2319 3345 2386 capti,
3374 2319 3539 2374 simul

1952 2398 2117 2452 etiam
2142 2416 2266 2452 cum
2293 2400 2401 2455 illis
2433 2401 2770 2472 Beelphegor
2815 2405 3134 2460 invocarent
3162 2424 3172 2459 :
3217 2407 3345 2462 inde.
3369 2409 3537 2479 legis-

1951 2489 2114 2552 lator,
2152 2507 2275 2545 cum
2303 2507 2494 2544 eorum
2520 2493 2687 2546 animi
2716 2494 3146 2551 imbecillitatem
3189 2512 3253 2552 ac
3277 2498 3541 2568 fragilita-

1952 2591 2064 2635 tem
2101 2581 2529 2652 prudentissime
2559 2587 2923 2656 prospiceret,
2963 2588 3250 2642 interdixit
3285 2592 3536 2655 omnino,

260 2649 338 2720 τῷ
371 2651 474 2722 υἱῷ
495 2650 686 2716 αὐτοῦ,
722 2653 816 2706 καὶ
846 2653 944 2724 τὴν
986 2655 1262 2722 θυγατέρα
1297 2657 1464 2710 αὑτοῦ
1498 2658 1558 2710 ού
1595 2659 1740 2731 λήψῃ
1773 2659 1850 2729 τῷ

1960 2687 2019 2728 ne
2047 2689 2171 2728 cum
2215 2674 2537 2744 alienigenis
2575 2675 2964 2741 miscerentur,
2998 2686 3162 2748 atque
3191 2681 3539 2749 apertissime

260 2741 365 2812 υίῷ
390 2758 488 2794 σου
514 2757 528 2773 ο
568 2745 868 2813 ἀποστήσει
899 2743 1009 2816 γὰρ
1036 2745 1128 2800 τὸν
1163 2746 1276 2800 υἱόν
1307 2764 1400 2800 σου
1427 2748 1522 2800 ἀπ’
1561 2748 1718 2819 ἐμοῦ,
1751 2751 1848 2803 καὶ

1960 2764 2159 2818 edixit:
2196 2783 2214 2815 ι
2245 2741 2436 2820 Filiam
2463 2774 2610 2820 tuam
2632 2782 2744 2821 non
2768 2768 2926 2822 dabis
2950 2741 3255 2833 ﬁlio-illius,
3284 2779 3340 2824 et
3371 2769 3539 2824 ﬁliam

261 2834 552 2907 πορευθεὶς
569 2835 858 2907 λατρεύσει
875 2837 1016 2900 Θεοῖς
1038 2836 1266 2908 ἑτέροις.
1291 2858 1309 2889 ι
1344 2839 1562 2911 Ἐπειδὴ
1580 2841 1756 2895 τοίνυν
1780 2839 1849 2913 ἦν

1960 2858 2098 2913 iilius
2143 2872 2256 2912 non
2305 2857 2544 2928 accipies
2575 2858 2689 2912 tilio
2745 2867 2881 2914 tuo:
2923 2869 3136 2916 avertet
3168 2863 3316 2915 enim
3366 2861 3538 2916 tilium

263 2926 324 2997 δή
347 2944 453 2980 που
476 2927 713 2992 πάντως,
736 2928 829 2980 καὶ
851 2928 994 3000 μάλα
1015 2929 1261 2994 εἰκότως,
1282 2929 1390 2984 τῶν
1408 2929 1468 2994 ἐξ
1496 2931 1713 3004 Ἰσραὴλ
1736 2933 1850 2986 ἑλέο

1960 2958 2106 3003 tuum
2131 2964 2160 3002 a
2185 2963 2294 3013 me,
2313 2956 2369 3002 et
2392 2949 2599 3004 vadens
2621 2950 2825 3005 serviet
2847 2950 2954 3005 diis
2979 2951 3178 3006 alienis
3195 2952 3258 3006 ³⁵,
3294 2972 3311 3002 ι
3343 2951 3536 3022 Igitur,

261 3019 390 3073 σθαι
401 3019 576 3083 τινὰς,
593 3023 707 3083 τοῖς
727 3021 835 3074 τῶν
858 3020 1030 3074 ἐθνῶν
1043 3023 1404 3094 περιφανεστέ
1415 3039 1526 3094 ροις
1542 3027 1847 3096 κατεγγυᾷν

1960 3041 2211 3111 quoniam
2234 3057 2333 3095 usu
2369 3050 2598 3097 venerat
2627 3042 2880 3108 fortasse,
2930 3044 3078 3114 quod
3115 3045 3413 3099 verisimile
3437 3043 3538 3098 ad-

261 3112 569 3185 θυγατέρας
599 3113 812 3185 πλούτῳ
835 3131 1139 3184 σεσαγηνευ
1148 3115 1336 3185 μένας,
1366 3117 1445 3179 είς
1474 3133 1542 3185 γε
1563 3116 1624 3170 τὸ
1646 3118 1841 3188 χρῆναι

1960 3131 2172 3185 modum
2189 3139 2292 3196 est,
2317 3139 2377 3185 ut
2400 3132 2650 3186 nonnulli
2675 3148 2742 3187 ex
2767 3133 2958 3198 Israel,
2988 3135 3303 3189 divitiarum
3323 3135 3538 3206 cupidi-

257 3204 576 3275 λογίζεσθαι
615 3206 744 3277 παρ’
773 3205 927 3259 οὐδὲν
948 3206 1047 3277 τὴν
1077 3205 1406 3271 ἀπόστασιν,
1437 3205 1606 3277 ὀργὴν
1631 3209 1727 3261 καὶ
1751 3209 1842 3261 τὸν

1960 3228 2060 3276 Late
2084 3221 2305 3285 irretiti,
2338 3222 2670 3291 quibusdam
2707 3224 2871 3280 claris
2895 3225 3028 3279 viris
3064 3226 3364 3296 gentilibus
3397 3204 3540 3280 tilias

256 3297 494 3351 θάνατον
540 3297 822 3369 καθορίζει
869 3297 964 3350 τοῦ
993 3297 1376 3369 τολμήματος,
1412 3300 1507 3353 καί
1550 3302 1662 3362 τοῖς
1712 3300 1843 3369 περὶ

1960 3312 2375 3384 desponderent,
2401 3315 2538 3369 adeo
2563 3323 2624 3370 ut
2657 3317 2934 3385 apostasin
2967 3327 3130 3388 atque
3158 3318 3328 3373 divini
3359 3320 3542 3374 cultus

256 3384 370 3439 τῶν
407 3387 656 3456 ἐσχάτων
685 3387 954 3459 ὑποφέρει
987 3386 1167 3453 λόγοις
1206 3387 1303 3460 τὴν
1351 3391 1570 3461 γραφήν
1593 3407 1607 3420 ο
1637 3384 1703 3460 ἦν
1735 3389 1841 3462 γὰρ

1960 3405 2318 3462 desertionem
2343 3421 2443 3478 pro
2485 3408 2662 3463 nihilo
2711 3417 2998 3480 putarent;
3042 3384 3171 3465 ideo
3215 3412 3442 3464 multam
3484 3419 3542 3465 et

255 3477 563 3545 ἀναγκαῖον
592 3479 691 3548 τὴν
725 3479 1006 3546 ἀλλογενεῖ
1041 3478 1314 3545 δοθεῖσαν,
1338 3480 1710 3548 γενέσθαικαὶ
1735 3482 1845 3534 ἐτε-

1960 3498 2144 3568 capitis
2160 3477 2490 3567 supplicium
2519 3499 2650 3554 huic
2680 3477 2913 3554 tacinori
2956 3501 3267 3565 constituit,
3313 3508 3369 3555 ct
3411 3516 3539 3571 gra-

262 3567 522 3638 pdqapova,
558 3567 652 3621 καὶ
681 3566 973 3636 λατρεῦσαι
997 3566 1248 3636 δαίμοσιν
1265 3583 1276 3594 ·
1301 3567 1377 3631 ὼς
1401 3567 1636 3639 ὀλετῆρα
1655 3567 1717 3638 δὴ
1749 3564 1843 3623 οῦν

258 3657 354 3711 τοῦ
391 3658 526 3712 ίδίου
554 3657 794 3728 καρποῦ,
813 3661 934 3721 ταῖς
962 3659 1273 3730 ίσορῤόποις
1303 3659 1622 3731 ὑπέστρωσε
1643 3660 1842 3724 δίκαις.

255 3747 472 3802 Οὐκοῦν
498 3749 532 3819 ἠ
571 3749 668 3818 μὲν
694 3750 816 3821 ίερά
840 3765 899 3803 τε
925 3751 1020 3807 καὶ
1051 3750 1147 3805 νέα
1193 3750 1384 3822 Γραφὴ
1412 3754 1700 3824 παρεγγυᾷ
1732 3757 1846 3818 τοῖς

259 3838 538 3910 φύσασιν,
587 3843 646 3895 ὲν
673 3842 926 3914 νουθεσίᾳ
958 3843 1165 3914 Κυρίου
1203 3843 1479 3896 ποιεῖσθαι
1519 3844 1845 3909 σπουδάζειν

259 3933 358 3996 τὰς
378 3933 488 3986 τῶν
509 3933 715 3987 τέκνων
747 3935 1080 4006 ἀνατροφὰς,
1109 3937 1138 3988 ὁ
1161 3935 1220 3990 δὲ
1243 3934 1662 4008 βραδύγλωσσος
1683 3938 1847 4007 νόμος

260 4026 348 4078 διὰ
376 4024 579 4079 κύκλου
609 4028 705 4081 καὶ
750 4031 1055 4100 περιφορᾶς
1111 4029 1210 4102 τὴν
1236 4029 1408 4101 αὐτὴν
1444 4029 1672 4085 εἴσεισιν
1701 4031 1842 4088 ὀδόν.

262 4115 335 4168 Τὸ
367 4118 478 4188 γάρ
508 4133 592 4172 τοι
637 4117 712 4190 μὴ
747 4119 948 4191 χρῆναι
978 4121 1223 4192 πατέρας
1261 4123 1599 4194 θυγατράσιν
1636 4124 1846 4192 ἐφεῖναι

263 4207 394 4279 δρᾷν
425 4208 495 4262 τά
544 4211 626 4273 είς
663 4212 997 4284 αἰσχρότητα
1029 4215 1124 4268 καὶ
1155 4214 1446 4283 ἀσέλγειαν
1477 4214 1846 4284 προεπιτάξας

263 4294 320 4352 εὖ
354 4299 500 4370 μάλα
523 4342 538 4366 ,
567 4301 677 4355 δεῖν
715 4303 778 4374 δὴ
813 4303 894 4357 ἔτι
954 4307 1048 4359 καὶ
1094 4306 1234 4376 μετά
1264 4307 1424 4360 τοῦτό
1462 4323 1596 4378 φησι
1646 4305 1719 4360 τὰ
1766 4308 1847 4368 είς

1949 3590 2189 3646 vissimis
2210 3591 2389 3661 poenis
2413 3591 2636 3662 subiicit
2676 3591 2784 3646 hoc
2821 3592 3034 3648 crimen
3062 3611 3074 3646 :
3117 3592 3277 3665 242
3308 3608 3538 3650 necesse

1950 3684 2098 3740 enim
2128 3693 2249 3740 erat
2274 3685 2595 3757 alienigenae
2622 3685 2680 3740 in
2730 3686 3148 3740 matrimonium
3188 3687 3536 3750 collocatam,

1951 3777 2113 3832 aliam
2139 3791 2358 3849 quoque
2383 3785 2623 3833 mentem
2652 3778 2903 3843 induere,
2930 3785 2985 3832 et
3009 3778 3298 3834 daemoniis
3328 3778 3538 3833 cultum

1950 3869 2213 3924 exhibere
2241 3887 2253 3922 :
2282 3868 2514 3939 ideoque
2542 3869 2774 3938 perinde
2801 3884 2864 3924 ac
2887 3869 2970 3924 sui
3007 3867 3222 3924 fructus
3245 3878 3538 3939 corrupto-

1951 3973 2066 4013 rem
2093 3973 2157 4012 ac
2173 3957 2508 4028 perditorem
2531 3959 2754 4014 easdem
2780 3974 2972 4027 ptenas
2995 3959 3181 4014 subire
3205 3960 3403 4029 coegit.
3429 3959 3538 4029 lgi-

1953 4055 2042 4102 tur
2077 4063 2233 4102 sacra
2289 4063 2540 4117 novaque
2580 4048 2865 4118 Scriptura
2908 4048 3157 4118 praecipit
3191 4048 3535 4118 parentibus,

1951 4147 2012 4194 ut
2049 4137 2106 4192 in
2149 4137 2441 4208 disciplina
2469 4139 2686 4194 Domini
2719 4138 2928 4194 liberos
2959 4138 3198 4194 educare
3244 4139 3534 4206 studeant;

1951 4229 2040 4285 lex
2087 4244 2220 4285 vero
2256 4229 2636 4298 tardiloquens
2680 4245 2780 4299 per
2825 4230 3120 4286 circuitum
3166 4237 3222 4286 et
3267 4228 3538 4286 ambitum

1955 4321 2206 4378 eamdem
2228 4321 2373 4375 viam
2413 4320 2612 4392 pergit.
2660 4321 2797 4376 Nam
2823 4337 2948 4376 cum
2983 4322 3139 4393 prius
3163 4323 3446 4389 edixisset,
3467 4340 3537 4380 ne

263 4390 592 4461 θεογνωσίαν
630 4394 823 4458 αὑταῖς
857 4396 1130 4478 ἀσάλευτᾳ
1178 4400 1370 4468 τηρεῖν
1394 4438 1410 4464 ,
1457 4399 1551 4452 καὶ
1595 4395 1841 4470 βεϐήλοις

1960 4419 2201 4484 parentes
2228 4390 2616 4482 permitterent
2639 4411 2778 4468 ﬁlias
2800 4428 2864 4468 ea
2881 4390 3086 4478 facere,
3118 4430 3240 4484 quae
3265 4414 3334 4469 ad
3364 4416 3538 4484 turpi-

261 4482 775 4556 εἰδωλολατρ[ε1ἰαις
804 4487 907 4541 οὐκ
936 4489 1030 4559 ὲᾷν
1056 4488 1455 4555 ὲναλίσκεσθαι,
1481 4488 1585 4543 κάν
1602 4490 1656 4542 εί
1679 4488 1845 4560 πολλή

1960 4482 2199 4557 tudinem
2223 4509 2275 4557 et
2299 4501 2774 4574 intemperantiam
2789 4482 3153 4572 pertinerent,
3177 4510 3292 4557 tum
3315 4482 3538 4574 praeter-

211 4649 218 4655 .
260 4586 342 4636 τις
372 4573 567 4638 αὐταῖς
599 4577 886 4646 προκέοιτο
903 4579 1194 4649 περιουσία
1213 4580 1537 4651 χρημάτωνο
1567 4580 1723 4651 ἀνδρὶ
1747 4580 1846 4652 μὲν

1960 4606 2020 4646 ea
2056 4589 2238 4660 inquit
2283 4605 2424 4661 Opus
2473 4606 2595 4647 esse
2636 4601 2698 4648 ut
2749 4592 2848 4646 Dei
2901 4606 3126 4662 quoque
3163 4593 3535 4663 cognitionem

261 4665 370 4736 γὰρ
392 4664 692 4733 ἀλλογενεῖ,
728 4667 969 4739 πλουσίῳ
992 4668 1038 4722 δ’
1065 4665 1158 4739 οῦν
1181 4671 1352 4740 ὅμως,
1372 4670 1532 4741 νόμῳ
1547 4670 1642 4724 τοῦ
1663 4671 1844 4742 γάμου

1960 4680 2298 4737 ﬁrmam'illis
2326 4691 2381 4737 et
2405 4683 2685 4737 immotam
2727 4693 2969 4748 servent,
3013 4699 3193 4754 neque
3226 4700 3320 4739 eas
3354 4685 3537 4741 sinant

264 4756 688 4830 τυνεζευγμένη,
717 4755 804 4831 ἄρ’
833 4761 955 4832 οὐχὶ
977 4761 1137 4816 τοῦτό
1162 4765 1276 4816 ἐστι
1301 4763 1360 4816 τὸ
1380 4803 1394 4830 ,
1434 4781 1453 4814 ι
1479 4761 1543 4816 Τί
1566 4763 1674 4834 γὰρ
1700 4764 1846 4832 ὠφει-

264 4844 557 4920 ιηθήσεται
603 4849 892 4921 ἄνθρωπος
924 4851 1018 4906 ἐὰν
1045 4853 1136 4906 τὸν
1173 4852 1377 4924 κόσμον
1410 4853 1532 4907 ὅλον
1579 4852 1844 4926 κερδήσῃ,

264 4941 359 5009 τὴν
387 4941 445 4994 δὲ
467 4940 646 5014 ψυχὴν
684 4943 850 4996 αὑτοῦ
879 4943 1129 5016 ζημιωθῇ
1158 4963 1173 5011 ;
1217 4965 1236 4997 ι

1952 4770 2197 4840 profanis
2221 4771 2493 4826 idolorum
2517 4772 2760 4827 cultibus
2787 4773 3087 4843 implicari;
3114 4775 3364 4844 quamvis
3391 4778 3535 4830 mul-

1953 4867 2024 4914 ta:
2068 4860 2180 4914 sint
2220 4860 2329 4915 illis
2359 4861 2530 4931 copiae
2573 4871 2737 4931 atque
2788 4877 2922 4933 opes
2963 4865 3278 4935 propositae,
3333 4866 3378 4919 si
3410 4881 3535 4920 eum

1951 4949 2074 5004 viro
2106 4949 2411 5022 alienigena
2453 4950 2698 5022 quidem,
2731 4967 2925 5006 verum
2971 4952 3163 5018 divite,
3215 4954 3534 5025 nuptiarum

266 5035 380 5103 lege
427 5035 860 5104 conjungantur;
910 5051 1094 5092 nonne
1152 5037 1258 5092 hoc
1298 5036 1434 5092 illud
1473 5046 1599 5092 est:
1644 5056 1663 5089 ι
1694 5036 1837 5104 Quid
1874 5040 2021 5096 enim
2045 5041 2270 5114 prodest
2319 5043 2552 5111 homini,
2593 5045 2638 5102 si
2686 5047 3006 5104 universum
3047 5047 3316 5104 mundum
3356 5049 3537 5106 lucre"

267 5131 374 5188 tur,
398 5124 596 5180 anima
631 5139 764 5180 vero
808 5141 921 5183 suae
968 5127 1356 5190 detrimentum
1400 5129 1642 5200 patiatur
1671 5129 1808 5183 ηυξ»

335 5217 544 5272 ΠΑΔΛ.
577 5217 788 5289 Ὀρθῶς
805 5218 962 5289 ἔφης.

335 5308 499 5364 ΚΥΡ.
535 5310 663 5363 Ἰδοι
681 5311 724 5365 δ’
756 5309 822 5365 ἄν
849 5328 954 5376 τις,
995 5311 1090 5366 καὶ
1129 5311 1288 5382 μάλα
1319 5311 1542 5384 ῥᾳδίως,
1574 5313 1635 5366 οὐ
1665 5312 1843 5390 βραχὺ

266 5397 326 5452 τὸ
373 5399 738 5469 μεσολαϐοῦν,
781 5404 896 5467 τοῖς
922 5419 980 5455 τε
1010 5403 1069 5455 ὲν
1097 5391 1318 5475 Χριστῷ
1363 5400 1804 5474 δεδικαιωμένοις
1825 5447 1839 5471 ,

268 5490 355 5543 καλ
399 5493 509 5555 τοῖς
554 5491 642 5546 sua
674 5493 842 5564 νόμου
892 5487 1448 5567 παιδαγωγουμένοις.
1483 5495 1556 5548 Τδ
1596 5496 1696 5566 μὲν
1733 5496 1840 5568 γὰρ

382 5669 426 5701 ³⁸
447 5669 625 5727 Levit.
652 5689 740 5740 xx,
763 5673 814 5741 l,
831 5674 884 5728 Ω.

2023 5224 2220 5282 PALL.
2266 5225 2437 5282 Recte
2459 5225 2616 5284 dicis.

2020 5317 2176 5373 CYR.
2200 5317 2544 5374 Facillimum
2578 5328 2664 5376 est
2688 5328 2872 5377 autem
2894 5320 3071 5377 cuivis
3095 5321 3162 5377 ad
3189 5321 3530 5394 perspicien-

1950 5404 2104 5471 dum,
2143 5423 2254 5462 non
2311 5424 2503 5479 parum
2539 5409 2806 5465 interesse
2844 5411 2991 5464 inter
3029 5425 3148 5475 eos,
3171 5411 3264 5481 qui
3308 5417 3437 5465 sunt
3472 5409 3531 5466 in

1945 5494 2165 5552 Christo
2186 5498 2489 5570 iustificati,
2506 5509 2563 5555 et
2587 5515 2682 5557 eos
2703 5505 2798 5570 qui
2819 5515 2918 5572 per
2933 5501 3108 5572 legem
3129 5501 3526 5566 instituuntur:
3544 5578 3560 5588 α

1000 5675 1044 5707 ⁸⁸
1073 5675 1230 5731 Deut.
1259 5691 1353 5740 vu,
1389 5676 1442 5743 '5,
1475 5676 1530 5731 4.
1606 5674 1673 5710 ³³·
1700 5673 1889 5729 Hatth.
1925 5689 2030 5730 xvi.
2066 5674 2154 5728 26.
