3990 6196
433 251 539 308 Βΐθ

1459 239 1514 296 S.
1556 232 1834 295 CYRILLI
1873 225 2346 288 ALEXANDle
2383 223 2706 285 ARCHFEP.

3590 223 3708 282 ΒΞ)

435 379 564 421 nam
608 379 733 420 cum
777 359 985 417 exter-is
1017 358 1281 430 gentibus
1316 356 1558 419 conseri,
1603 362 1659 409 et
1708 351 1869 408 simul
1895 363 2020 405 cum

2135 345 2352 409 ὀθνείοις
2387 344 2776 399 ὲπιπλέκεσθαί
2827 359 2989 406 τισιν,
3028 340 3191 413 ὁμόσε
3225 356 3283 392 τε
3329 336 3472 392 κατά
3506 336 3706 390 ταύτὸν

435 455 760 527 alienigenis
800 452 1119 516 convenire,
1154 449 1362 520 priscis
1411 447 1521 502 illis
1564 443 1884 500 hominibus
1912 456 2021 494 non

437 549 662 619 impune
694 544 877 599 licuit:
926 540 1088 596 nobis
1146 548 1330 594 autem
1370 537 1574 593 Paulus
1617 534 1814 589 melius
1860 540 2023 600 atque

437 636 802 693 conﬁdentius
845 633 1142 688 vivendum
1182 647 1303 687 esse
1364 628 1600 692 suadet,
1647 626 1878 681 dicens:
1917 642 1935 673 ι
1967 622 2023 676 Si

438 728 562 797 quis
583 725 670 780 vir
705 740 931 779 uxorem
956 723 1122 778 habet
1169 721 1467 785 inﬁdelem,
1512 728 1569 774 et
1597 719 1715 772 haec
1753 714 2026 771 consentit

439 819 689 874 habitare
718 833 844 873 cum
895 817 1036 888 ipso,
1088 831 1199 870 non
1235 813 1479 869 dimittat
1521 826 1677 875 eam;
1725 815 1782 864 et
1823 805 2025 861 mulier

439 911 485 966 si
514 927 622 981 qua
647 911 814 964 habet
842 911 1023 964 virum
1055 908 1352 970 infidelem,
1375 913 1432 960 et
1454 904 1544 959 hic
1567 900 1842 959 consentit
1864 899 2024 953 habi-

440 1010 555 1056 tare
579 1017 703 1055 cum
741 1001 853 1063 illa,
881 1016 992 1055 non
1015 998 1260 1053 dimittat
1282 995 1484 1050 virum.
1513 990 1899 1047 Sanctiﬁcatus
1937 995 2027 1042 est

438 1093 586 1148 enim
610 1093 692 1147 vir
716 1092 954 1147 inﬁdelis
982 1092 1040 1145 in
1062 1091 1314 1154 muliere,
1343 1096 1399 1142 et
1419 1084 1758 1141 sanctiﬁcata
1780 1075 1865 1136 est
1887 1095 2026 1134 uxor

442 1184 680 1239 inﬁdelis
703 1184 759 1238 in
784 1185 905 1238 viro
921 1183 984 1236 “.
1028 1202 1046 1233 ι
1075 1181 1335 1247 Quaenam
1362 1177 1530 1248 igitur
1551 1183 1637 1230 est
1657 1175 1714 1228 in
1739 1172 1828 1227 his
1860 1170 2029 1225 rebus

441 1279 865 1350 dispensationis
893 1276 1069 1332 ratio?
1098 1274 1342 1342 Quamve
1367 1272 1438 1326 ob
1471 1284 1692 1325 causam
1726 1267 1858 1321 olim
1891 1280 2026 1320 con-

435 1371 780 1442 junctionem
813 1383 938 1422 cum
966 1366 1054 1430 iis,
1099 1364 1193 1435 qui
1220 1365 1382 1418 aliter
1413 1361 1706 1423 sentirent,
1745 1357 1830 1410 lex
1853 1355 2028 1426 perti-

440 1462 720 1518 mescebat
740 1501 754 1526 ,
796 1463 945 1514 'nunc
966 1474 1078 1512 non
1101 1457 1233 1511 item
1255 1456 1278 1508 ?
1299 1454 1438 1521 Quia
1462 1465 1660 1520 nempe
1692 1448 1879 1503 ﬁrmos
1908 1461 2026 1511 eos,

437 1555 533 1624 qui
558 1554 614 1607 in
651 1547 870 1607 Christo
893 1549 1070 1605 vocati
1095 1555 1244 1612 sunt,
1283 1555 1339 1601 et
1370 1546 1428 1599 in
1454 1543 1553 1598 Dei
1576 1555 1763 1596 amore
1803 1538 2031 1595 stabiles

439 1645 604 1702 eilicit
630 1646 696 1710 is,
723 1644 817 1713 qui
853 1643 910 1697 in
941 1641 1049 1696 illis
1079 1639 1313 1704 habitat,
1340 1637 1612 1708 Spiritus,
1647 1649 1748 1704 per
1778 1645 1944 1702 quem
1972 1637 2029 1684 et

447 1754 467 1786 ‹
504 1736 558 1790 in
597 1750 708 1806 quo
774 1733 1097 1795 clamamus,
1144 1729 1321 1794 Abba,
1369 1729 1530 1782 Pater
1557 1725 1603 1756 "
1638 1743 1658 1777 ι
1716 1723 1798 1777 illi
1843 1729 2030 1777 autem

438 1825 684 1881 nonduin
710 1824 817 1878 hoc
831 1837 1060 1877 munere
1083 1816 1401 1888 locupletati
1420 1823 1598 1872 erant.
1625 1814 1783 1879 Nam,
1811 1821 1874 1866 ut
1895 1811 2028 1866 bea-

438 1923 530 1970 tus
564 1915 803 1970 Joannes
849 1913 965 1966 ait:
1013 1930 1032 1963 ι
1061 1909 1301 1980 Spiritus
1339 1913 1563 1962 sanctus
1599 1902 1844 1960 nondum
1887 1909 2026 1968 erat,

439 2008 569 2079 quia
592 2006 750 2062 Iesus
774 2005 1019 2060 nondum
1040 2010 1160 2059 erat
1180 1999 1520 2072 gloriﬁcatus
1540 1998 1605 2052 ³⁸.
1637 2017 1656 2049 ι
1689 1995 1880 2053 Omnis
1897 2010 2029 2067 ergo

438 2097 706 2170 perfectio
753 2097 810 2151 in
849 2094 1069 2151 Christo
1123 2102 1238 2159 est;
1268 2107 1394 2147 nam
1432 2089 1572 2146 nihil
1611 2089 1679 2144 ad
1722 2087 2028 2165 perfectum

439 2187 670 2244 adduxit
688 2188 796 2252 lex,
818 2193 888 2242 ut
914 2185 1183 2254 scriptum
1207 2191 1314 2238 est.

509 2278 708 2336 PALL.
734 2277 1005 2349 Equidem
1028 2275 1212 2346 cupio,
1248 2281 1310 2329 ut
1337 2273 1496 2339 mihi,
1538 2273 1586 2328 si
1618 2272 1820 2344 placet,
1847 2269 2026 2341 expli-

439 2387 552 2437 ces,
597 2385 838 2441 quonam
869 2367 1037 2424 modo
1063 2366 1355 2439 perspicua
1389 2365 1508 2420 ﬁeri
1550 2365 1725 2435 possit
1760 2363 1852 2418 illa
1891 2361 2027 2434 legis

439 2460 603 2535 243
631 2459 1000 2532 imperfectio.

512 2552 668 2608 CYR.
709 2552 925 2607 Faciam
948 2550 1158 2616 libens;
1185 2548 1280 2604 sed
1305 2546 1374 2604 ad
1395 2562 1482 2612 ea,
1510 2553 1634 2617 qua:
1665 2556 1795 2602 sunt
1816 2545 1874 2601 in
1904 2561 2024 2602 ma-

439 2644 627 2710 nibus,
655 2652 845 2698 nostra
875 2641 1055 2698 oratio
1092 2639 1495 2711 proﬁciscetur,
1537 2649 1703 2709 atque
1740 2637 2026 2694 charitatis

442 2737 499 2792 in
525 2736 838 2810 proximum
871 2733 1424 2803 rationeS'exquiret;
1454 2747 1579 2788 cum
1615 2732 1832 2797 rudius,
1859 2747 2024 2803 quam

441 2833 745 2899 oporteret,
785 2826 890 2882 illae
913 2842 1012 2896 per
1034 2825 1255 2896 Moysen
1289 2824 1490 2881 littera:
1514 2825 1618 2880 hac
1641 2824 1711 2881 de
1735 2840 1794 2880 re
1816 2825 2024 2882 veteri-

439 2915 546 2970 bus
568 2916 675 2970 illis
697 2916 1020 2987 conscriptae
1043 2915 1389 2971 tradiderint.

510 3005 709 3062 PALL.
739 3005 908 3078 Perge
933 3006 1100 3077 igitur
1126 3007 1202 3062 ad
1219 3005 1324 3062 hoc
1347 3007 1530 3078 ipsum
1553 3007 1828 3062 alacriter.

512 3185 669 3242 CYR.
699 3185 872 3258 Igitur
902 3185 990 3241 lex
1013 3185 1237 3256 quidem
1263 3186 1379 3240 ait:
1413 3204 1432 3237 ι
1472 3185 1676 3256 Diliges
1709 3185 2024 3256 proximum

440 3285 598 3332 tuum
645 3278 788 3334 sicut
826 3288 880 3333 te
912 3278 1091 3349 ipsum
1119 3278 1198 3345 ";
1241 3297 1258 3329 ι
1285 3283 1342 3332 at
1372 3293 1504 3333 vero
1539 3277 1806 3333 Dominus
1834 3287 2025 3334 noster

439 3363 600 3428 Iesus
631 3371 1098 3434 Christusmutui
1133 3371 1338 3426 amoris
1380 3371 1558 3443 legem
1603 3369 2027 3442 quamplurimis

440 3461 750 3518 rationibus
765 3463 926 3518 nobis
944 3463 1200 3529 inculcat,
1219 3479 1284 3518 ac
1299 3472 1556 3533 tanquam
1578 3471 1885 3532 patronam,
1902 3480 2024 3534 quae

411 3567 415 3574 '
439 3549 583 3606 hanc
604 3551 778 3622 legem
800 3560 1068 3619 tueretur,
1097 3553 1319 3608 insitam
1350 3553 1504 3608 illam
1526 3553 1584 3607 in
1608 3559 1807 3608 natura
1830 3553 2021 3624 cogni-

440 3645 648 3700 tionem
673 3653 731 3700 et
754 3646 1116 3711 voluntatem,
1158 3661 1280 3716 quae
1315 3645 1545 3716 singulis
1583 3645 1894 3716 quibusque
1918 3646 2020 3702 ho-

441 3734 686 3790 minibus
727 3736 903 3801 adest,
929 3737 1236 3803 constituit,
1265 3737 1449 3808 itaque
1474 3738 1551 3792 ait
1576 3755 1589 3791 :
1623 3757 1641 3788 ι
1669 3737 2022 3811 Quzecunque

439 3830 610 3886 vultis
632 3838 693 3884 ut
714 3829 915 3885 faciant
938 3831 1095 3888 vobis
1124 3831 1397 3897 homines,
1423 3831 1540 3887 haec
1575 3831 1766 3888 eadem
1801 3849 1900 3889 vos
1936 3832 2019 3888 fa-

443 3922 553 3978 cite
578 3923 687 3978 illis
712 3922 968 3979 similiter
990 3924 1058 3990 δο,
1091 3944 1109 3976 ι
1145 3924 1281 3981 Nam
1323 3924 1390 3989 si,
1419 3940 1542 3996 quze
1571 3927 1803 3997 quisque
1829 3941 2023 3984 conse-

443 4014 538 4084 qui
560 4022 802 4084 exoptat,
842 4030 906 4070 ea
947 4015 1063 4085 ipse
1098 4030 1318 4086 quoque
1357 4017 1479 4071 aliis
1514 4015 1694 4072 facere
1724 4017 2019 4084 studuerit,

436 4100 670 4159 minime
701 4103 772 4158 ab
807 4119 875 4158 eo
910 4105 1057 4174 quod
1100 4113 1312 4176 spectat
1353 4104 1664 4171 aberrahit;
1699 4105 1796 4160 sed
1838 4107 2023 4176 potius

446 4203 596 4250 recto
620 4195 814 4252 itinere
841 4196 909 4250 ad
933 4196 1257 4252 charitatem
1282 4206 1493 4269 perget,
1528 4204 1586 4252 et
1619 4198 1793 4252 mutui
1817 4199 2022 4255 amoris

444 4301 704 4343 coronam
747 4296 1134 4357 consequetur.

514 4377 712 4433 PALL.
746 4379 923 4434 Probe
955 4380 1113 4436 dicis.

515 4469 672 4525 CYR.
707 4470 804 4526 Est
831 4470 999 4542 igitur
1037 4471 1279 4526 charitas
1316 4470 1451 4540 legis
1492 4469 1718 4539 quidem
1761 4471 2029 4541 impletio,

449 4559 555 4616 ﬁde
576 4577 710 4616 vero
733 4577 797 4617 ac
816 4578 912 4632 spe
938 4563 1305 4632 praestantior.
1344 4561 1434 4615 Sic
1461 4560 1610 4614 enim
1657 4562 1852 4616 scribit
1888 4563 2032 4619 divi-

450 4669 554 4709 nus
575 4653 659 4708 vir
678 4654 901 4709 Paulus.
924 4654 1112 4722 Itaque
1135 4652 1286 4707 velut
1305 4668 1336 4706 e
1362 4651 1548 4706 vernis
1567 4651 1798 4707 ﬁoribus
1819 4655 2034 4710 varium

451 4745 528 4800 illi
551 4745 956 4815 quodammodo
978 4751 1188 4800 sertum
1219 4744 1490 4808 intexens,
1519 4759 1712 4799 rursus
1736 4745 1814 4800 ait
1843 4763 1855 4799 :
1898 4764 1916 4797 ι
1942 4745 2037 4800 Et-

449 4837 499 4893 si
529 4837 864 4893 distribuero
896 4852 1089 4891 omnes
1115 4836 1404 4892 facultates
1439 4850 1609 4902 meas,
1649 4845 1708 4892 et
1749 4837 1794 4892 si
1831 4837 2037 4895 dedero

452 4942 654 4999 corpus
677 4945 882 4994 meum,
909 4928 983 4982 ita
1010 4936 1072 4984 ut
1101 4927 1346 4993 ardeam,
1369 4928 1692 4985 charitatem
1719 4939 1904 4987 autem
1927 4947 2038 4987 non

455 5019 704 5087 habeam,
746 5021 882 5076 nihil
931 5019 1067 5076 mihi
1104 5020 1349 5091 prodest.
1390 5021 1647 5077 Charitas
1687 5022 1903 5092 patiens
1931 5034 2036 5088 est,

455 5110 689 5181 benigna
714 5121 798 5166 est
830 5129 842 5164 :
876 5111 1118 5167 charitas
1139 5128 1250 5167 non
1288 5113 1598 5176 aemulatur,
1633 5127 1742 5166 non
1776 5114 1888 5183 agit
1910 5130 2038 5182 per-

453 5211 662 5275 peram,
687 5216 798 5257 non
826 5202 1067 5266 inﬂatur,
1107 5219 1218 5258 non
1244 5212 1327 5258 est
1350 5204 1661 5268 ambitiosa,
1694 5219 1804 5258 non
1841 5207 2038 5275 quaerit

564 5337 661 5393 ³⁸1
699 5335 826 5394 Cor.
869 5353 964 5405 vn,
1000 5338 1186 5395 12-14.
1303 5338 1344 5370 ³⁷
1368 5337 1529 5394 Rom.
1569 5355 1684 5406 vui,
1715 5341 1802 5397 15.

529 5517 606 5590 (l)
636 5517 729 5574 Sic
765 5512 958 5592 omnes
995 5517 1212 5592 codices
1255 5517 1442 5592 Cyrilli
1477 5518 1689 5592 habent
1713 5536 1854 5592 quos
1888 5521 2022 5592 vidi.

458 5585 662 5660 Tamen
695 5588 818 5660 cod.
843 5589 962 5644 Vat.
983 5590 1136 5646 vocis
1157 5585 1316 5646 nova;
1331 5589 1650 5660 adiunctum
1678 5585 1864 5657 habet,
1888 5591 2036 5646 δεδοο

461 5657 714 5738 μένονηιμῑ
741 5659 917 5738 Latini
965 5657 1413 5738 Patres_legunt,'
1448 5661 1730 5738 praecipue
1774 5661 2037 5738 Augusti-

459 5723 585 5780 nus.
622 5723 719 5780 Sin
753 5727 846 5782 illa
878 5729 1042 5784 lectio
1071 5723 1387 5796 recipiEnda
1424 5723 1508 5787 e'st
1543 5723 1663 5789 siu'e
1693 5723 2040 5790 νει-δονδεδο-

1874 5341 1919 5373 ³⁸
1945 5343 2100 5399 Joan.

2123 441 2234 499 τοῖς
2262 439 2607 509 ἀλλογενέσιν
2635 438 2789 502 ίέναι,
2813 437 2926 499 τοῖς
2949 432 3325 506 ἀρχαιοτέροις
3345 432 3446 485 οὐκ
3472 429 3710 501 ἀζήμιον

2121 525 2220 602 ἦν’
2254 531 2387 601 ἡμῖν
2431 531 2488 582 δὲ
2515 532 2544 584 6
2567 527 2811 591 Παῦλος,
2843 525 3225 579 πολιτεύεσθαι
3255 524 3364 576 δεῖν
3395 522 3615 594 ἄμεινόν
3643 538 3708 574 τε

2123 622 2218 676 καὶ
2266 621 2695 694 εύθαρσέστερον
2750 617 3130 689 συμϐουλεύει,
3176 616 3393 684 λέγων·
3443 633 3464 665 ι
3515 614 3584 668 Et
3623 631 3710 678 τις

2123 715 2263 785 ἀνὴρ
2316 716 2554 783 γυναῖκα
2602 713 2714 784 ἔχει
2767 712 3017 777 ἄπιστον,
3057 710 3154 764 καὶ
3203 708 3345 778 αὕτη
3398 707 3713 761 συνευδοκεῖ

2122 809 2292 860 οίκεῖν
2328 807 2446 876 μετ’
2474 804 2664 868 αὑτοῦ,
2708 803 2782 874 μὴ
2815 801 3022 872 ἀφιέτω
3048 801 3241 870 αὑτήν⁸
3282 800 3377 852 καὶ
3399 796 3558 868 γυνὴ,
3582 797 3710 868 ἧτις

2125 898 2239 969 ἔχει
2277 897 2449 969 ἄνδρα
2479 896 2727 961 ἄπιστον,
2757 894 2850 949 καὶ
2878 886 3035 958 οὗτος
3058 892 3366 945 συνευδοκεῖ
3389 893 3559 944 οἰκεῖν
3587 891 3710 960 μετ’

2125 989 2314 1058 αὐτῆς,
2347 987 2424 1058 μὴ
2458 987 2666 1056 ἀφιέτω
2693 987 2784 1040 τὸν
2819 985 3010 1056 ἀνδρα.
3054 984 3348 1052 ’ῌγίασται
3379 981 3487 1052 γὰρ
3519 983 3547 1035 6
3567 980 3714 1053 ἀνὴρ

2126 1080 2356 1143 ἄπιστος
2389 1082 2447 1133 ὲν
2476 1082 2542 1150 τῇ
2571 1078 2791 1147 γυναικί
2812 1095 2827 1108 ’
2861 1077 2955 1131 καὶ
2986 1076 3244 1147 ἡγίασται
3274 1077 3306 1146 ἡ
3335 1074 3470 1146 γυνὴ
3502 1075 3536 1146 ή
3580 1074 3715 1127 ἀπι-

2129 1189 2254 1235 στος
2283 1172 2342 1223 ὲν
2371 1171 2450 1242 τῷ
2479 1171 2651 1242 ἀνδρί.
2689 1189 2707 1221 ι
2739 1170 2837 1233 Τίς
2867 1165 2958 1223 οὖν
2997 1169 3104 1240 ἀρα
3132 1168 3252 1221 ἐστὶ
3275 1168 3372 1238 τῆς
3398 1167 3454 1220 ἓν
3483 1184 3547 1236 γε
3577 1165 3711 1220 τού-

2125 1280 2240 1326 τοις
2260 1262 2574 1333 οἰκονομίας
2596 1263 2625 1315 ὁ
2643 1262 2845 1333 τρόπος
2873 1278 2887 1327 ;
2922 1260 3143 1314 Ἐδεδίει
3171 1259 3228 1312 δὲ
3249 1259 3364 1314 ἀνθ’
3391 1259 3513 1312 ὅτου
3538 1258 3712 1312 πάλαι

2131 1356 2231 1426 μὲν
2257 1358 2290 1410 ό
2320 1356 2485 1428 νόμος
2513 1355 2614 1428 τὴν
2649 1355 2786 1426 πρὸς
2821 1355 3182 1426 ὲτερόφρονας
3209 1351 3555 1422 ἀναπλοκὴν,
3588 1350 3714 1404 νυνὶ

2127 1447 2186 1500 δὲ
2211 1447 2324 1501 οὐκ
2343 1446 2443 1514 En;
2463 1446 2740 1518 Ἐδραίους
2767 1447 2868 1518 μὲν
2891 1446 2999 1518 γὰρ
3025 1447 3152 1510 τοὺς
3171 1448 3232 1500 ὲν
3259 1444 3478 1518 Χριστῷ
3506 1445 3714 1516 κεκληι-

2133 1539 2350 1610 μένους,
2389 1541 2486 1594 καὶ
2518 1539 2912 1594 ἀκατάσειστον
2933 1540 3159 1610 ἔχοντας
3190 1539 3291 1610 τὴν
3314 1537 3618 1608 φιλοθεῒαν,
3643 1536 3714 1591 τὸ
3785 1565 3788 1568 ~

2135 1629 2422 1684 κατοικοῦν
2454 1632 2514 1685 ὲν
2541 1630 2728 1692 αὐτοῖς
2759 1631 3134 1702 ἀπεργάζεται
3160 1630 3405 1702 Πνεῦμα,
3429 1631 3499 1684 δι’
3521 1624 3582 1686 οὗ
3613 1631 3713 1686 καὶ

2063 1686 2106 1746 Β
2138 1741 2159 1774 ι
2194 1724 2252 1776 ἐν
2271 1714 2320 1791 ᾧ
2362 1723 2640 1796 κράζομεν
2664 1738 2677 1752 ·
2707 1686 2897 1777 τ’Δὸὃά
2917 1686 2968 1778 ’ό
2989 1686 3202 1796 ’Πατήρ
3231 1739 3246 1754 ο
3282 1686 3323 1776 »³
3345 1686 3405 1776 οῖ⁷
3445 1722 3506 1776 δὲ
3554 1721 3716 1776 οὔπω

2129 1814 2191 1869 τὸ
2221 1814 2392 1885 δῶρον
2435 1814 2751 1870 ἐπλούτουν.
2799 1816 2889 1879 Ὠς
2920 1815 3030 1887 γάρ
3067 1819 3097 1870 6
3136 1814 3421 1880 Θεσπέσιος
3455 1814 3716 1885 Ἰωάννης

2131 1906 2318 1978 φησὶν,
2352 1925 2374 1960 ι
2409 1906 2576 1961 Οὔπω
2603 1907 2714 1980 γάρ
2739 1902 2809 1980 ἦν
2831 1907 3057 1979 Πνεῦμα
3082 1908 3235 1977 ἅγιον
3255 1908 3355 1980 (1),
3379 1907 3461 1961 ὅτι
3501 1905 3717 1977 Ἰησοῦς

2129 1994 2341 2056 οὐδέπω
2391 2000 2676 2072 ἐδοξάσθη.
2737 2021 2756 2054 ι
2801 2001 3014 2056 Οὐκοῦν
3061 2001 3096 2072 ἡ
3129 2003 3280 2054 πάσα
3326 1999 3605 2064 τελείωσις
3651 1999 3719 2053 ὲν

2127 2077 2352 2164 Χριστῷ
2373 2131 2390 2159 ,
2428 2093 2746 2148 τετελείωκε
2790 2093 2849 2148 δὲ
2882 2094 2911 2146 6
2939 2093 3103 2164 νόμος
3131 2092 3303 2157 οὐδὲν,
3347 2090 3491 2145 κατά
3525 2090 3587 2144 τὸ
3613 2105 3715 2158 γε·

2128 2184 2468 2255 γραμμένον.

2199 2277 2409 2332 ΠΑΛΔ.
2453 2277 2674 2350 Φράσῃς
2698 2277 2764 2332 ἂν
2801 2272 2895 2332 οῦν
2937 2275 3206 2348 ίμείροντί
3247 2290 3337 2346 μοι
3364 2274 3427 2327 τὸ
3472 2273 3620 2337 ὅπως
3644 2271 3719 2327 ἀν

2127 2370 2340 2440 γένοιτο
2372 2373 2542 2442 σαφὲς
2564 2372 2626 2425 τὸ
2653 2371 2846 2437 ἀτελὲς
2877 2373 2935 2425 ὲν
2964 2370 3133 2441 νόμῳ.

2198 2549 2366 2605 ΚΥΡ.
2406 2550 2519 2604 Καὶ
2560 2548 2725 2621 μάλα.
2769 2549 3047 2602 Βαδιεῖται
3101 2547 3157 2601 δὲ
3207 2549 3341 2619 ἡμῖν
3387 2546 3482 2600 ἐπὶ
3532 2548 3602 2601 τά
3652 2547 3720 2600 ἐν

2127 2643 2315 2714 χερσῖν
2339 2643 2368 2696 6
2393 2642 2571 2712 λόγος,
2592 2641 2688 2696 κάὶ
2707 2641 2928 2713 ἀγάπης
2950 2641 3054 2712 τῆς
3075 2643 3158 2704 είς
3177 2640 3269 2694 τὸν
3296 2639 3522 2711 πλησίον
3551 2639 3724 2695 ἐκσα-

2129 2737 2304 2789 σανιεῖ
2334 2735 2461 2798 τοὺς
2486 2734 2755 2806 τρόπους,
2790 2733 3098 2807 παχύτερόν
3136 2748 3254 2797 πως
3289 2733 3323 2804 ἢ
3353 2731 3458 2804 χρὴ
3487 2732 3589 2804 τῆς
3625 2732 3723 2786 διὰ

2126 2828 2372 2893 Μωσέως
2417 2831 2745 2900 συγγραφῆς
2771 2867 2788 2896 ,
2837 2830 2953 2893 τοῖς
2992 2827 3371 2900 ἀρχαιοτέροις
3403 2827 3723 2897 είσκεκομι-

2130 2919 2356 2992 σμένης.

2052 3027 2100 3091 c
2200 3011 2412 3066 IIAAA.
2443 3008 2546 3064 Ἴθι
2570 3009 2636 3082 δὴ
2659 3004 2753 3065 οὖν
2773 3009 2863 3063 ἐπ’
2887 3007 3020 3064 αὐτὸ
3044 3007 3151 3082 [1:6]
3169 3007 3234 3080 δὴ
3257 3006 3429 3074 τουτὶ,
3449 3006 3545 3060 καὶ
3571 3006 3723 3078 μάλα

2134 3100 2448 3172 προθύμως.

2203 3194 2370 3249 ΚΥΡ.
2413 3193 2621 3249 Οὐκοῦν
2646 3195 2676 3248 6
2720 3193 2820 3264 μὲν
2857 3194 3051 3262 νόμος,
3087 3209 3107 3243 ι
3155 3189 3487 3260 Ἀγαπήσεις
3508 3227 3526 3252 ,
3558 3187 3724 3258 φησὶ,

2073 3336 2089 3346 ,
2129 3287 2222 3342 τὸν
2249 3286 2475 3359 πλησίον
2503 3303 2600 3340 σου
2631 3286 2707 3350 ὥς
2731 3285 2941 3340 ἑαυτόνδ
2983 3304 3002 3336 ι
3033 3285 3063 3338 6
3090 3283 3148 3337 δὲ
3173 3281 3381 3353 Κύριος
3404 3279 3567 3352 ἡμῶν
3607 3279 3726 3352 Ἰηο

2134 3379 2258 3442 σοῦς
2287 3379 2541 3452 Χριστὸς,
2567 3379 2667 3450 τῆς
2695 3375 3054 3449 φιλαλληλίας
3074 3375 3170 3428 τὸν
3196 3374 3358 3445 νόμον
3387 3371 3478 3426 διὰ
3507 3371 3728 3444 μυρίων

2131 3472 2272 3526 ὅσων
2293 3471 2425 3542 ἡμῖν
2456 3471 2761 3542 εἰσηγεῖται
2796 3469 2992 3538 λόγων,
3039 3467 3343 3537 συνήγορον
3371 3463 3428 3518 δὲ
3457 3463 3538 3534 τῷ
3570 3463 3730 3534 νόμῳ
3778 3536 3781 3537 ν

2129 3561 2230 3635 τὴν
2256 3562 2498 3635 ἔμφυτον
2527 3562 2755 3634 γνῶσιν,
2791 3561 2887 3616 καὶ
2915 3559 3014 3632 τὴν
3044 3559 3104 3612 ὲν
3123 3556 3341 3629 ἑκάστῳ
3364 3555 3586 3625 θέλησιν
3615 3556 3730 3608 oio-

2131 3656 2214 3710 νεὶ
2243 3654 2530 3721 καθιστάς,
2585 3671 2605 3708 ι
2647 3655 2714 3709 ’Δ
2754 3651 2850 3708 οὖν
2883 3651 3101 3720 θέλετε,
3137 3649 3326 3723 φησιν,
3369 3650 3458 3703 ἴνα
3486 3645 3728 3702 ποιιῖισιν

2131 3749 2261 3820 ὑμῖν
2304 3749 2356 3802 oi.
2385 3747 2662 3820 ἄνθρωποι
2685 3787 2703 3814 ,
2749 3745 2923 3800 ταῦτα
2957 3745 3053 3799 καὶ
3086 3745 3251 3814 ὑμεῖς
3301 3743 3504 3795 ποιεῖτε
3535 3740 3730 3803 αὐτοῖς

2128 3841 2351 3914 ὁμοίως.
2383 3860 2402 3894 ι
2426 3841 2491 3895 Εί
2517 3840 2628 3912 γάρ
2655 3832 2841 3911 ὧνπερ
2877 3839 2942 3894 ἀν
2965 3854 3048 3901 τις
3071 3833 3289 3901 εὖξαιτο
3309 3833 3517 3902 τυχεῖν,
3546 3830 3730 3914 ταῦτα

2128 3909 2262 4006 δρᾷν
2308 3934 2485 3988 ἕλοιτο
2532 3909 2633 3987 καὶ
2673 3909 2834 3995 αὐτὸς
2885 3928 3094 4001 ἑτέροις
3115 3968 3131 3994 ,
3185 3927 3289 3980 οὐκ
3323 3909 3731 3994 ἀποδραμεῖται

2135 4025 2365 4080 σκοποῦο
2400 4025 2661 4096 βαδιεῖται
2689 4023 2747 4077 δὲ
2778 4021 2982 4094 μᾶλλον
3020 4021 3140 4074 κατ’
3173 4017 3307 4071 εὐθὺ
3333 4016 3435 4087 τῆς
3458 4013 3687 4084 ἀγάπης
3711 4049 3729 4077 ,

2130 4118 2224 4173 καὶ
2252 4118 2346 4173 τὸν
2366 4118 2463 4190 τῆς
2492 4114 2842 4188 φιλαλληλίας
2871 4112 3195 4185 ἀναδήσεται
3219 4109 3512 4180 στέφανον.ῖ

2061 4389 2107 4444 ι)
2207 4380 2418 4434 ΠΔΛΛ.
2449 4372 2522 4432 Εὖ
2550 4375 2753 4445 λέγεις.

2211 4471 2378 4524 ΚΥΡ.
2438 4469 2504 4523 Ἦ
2553 4469 2745 4538 ἀγάπη
2800 4466 3002 4532 τοίνυν,
3046 4465 3214 4538 νόμου
3255 4466 3353 4536 μὲν
3403 4464 3729 4536 πλήρωσις,

2141 4565 2377 4626 πίστεως
2405 4563 2465 4618 δὲ
2495 4562 2590 4616 καὶ
2617 4560 2831 4624 δλπίδος
2868 4559 3127 4629 ἀμείνων.
3165 4559 3371 4629 Γράφει
3401 4558 3511 4628 γὰρ
3551 4556 3735 4620 οὕτως

2142 4657 2276 4726 ἡμῖν
2305 4657 2334 4709 ό
2356 4653 2640 4718 θεσπέσιος
2662 4652 2891 4716 Παῦλος.
2929 4651 3220 4723 Τοιγάρτοι
3257 4649 3511 4720 καθάπερ
3551 4648 3609 4714 ἐξ
3640 4649 3737 4701 ἀν-

2143 4746 2280 4800 θέων
2299 4744 2502 4816 ὴρινῶν
2526 4742 2777 4812 πολυειδῆ
2794 4757 2917 4796 τινα
2933 4741 3198 4812 στέφανον
3219 4737 3544 4794 ἀναπλέκων
3564 4737 3732 4806 αὐτῇ,

2144 4836 2308 4891 πάλιν
2357 4835 2490 4906 φησί
2516 4852 2529 4866 ο
2583 4855 2602 4888 ι
2648 4833 2770 4888 Κάν
2797 4831 3034 4903 ψωμίσω
3077 4833 3253 4886 πάντα
3307 4831 3380 4884 τά
3410 4828 3736 4901 ὑπάρχοντά

2147 4946 2270 5000 μου,
2306 4928 2402 4982 καὶ
2432 4927 2527 4981 ἐὰν
2563 4925 2792 4998 παραδῶ
2818 4924 2879 4978 τὸ
2913 4923 3072 4996 σῶμά
3099 4941 3200 4995 μου
3231 4925 3317 4978 ἵνα
3349 4921 3726 4992 καυθήσομαι,

2141 5022 2364 5092 ἀγάπην
2391 5020 2448 5073 δὲ
2487 5019 2562 5091 μὴ
2589 5018 2719 5090 έχω,
2745 5019 2896 5073 οὐδὲν
2918 5015 3260 5087 ὠφελοῦμαι.
3303 5017 3368 5070 Ἥ
3398 5014 3588 5088 ἀγάπη
3627 5031 3736 5085 μα-

2145 5114 2431 5186 κροθυμεῖ,
2459 5109 2844 5182 χρηστεύεται,
2874 5112 2907 5181 ή
2962 5109 3152 5180 ἀγάπη
3187 5108 3249 5162 οὐ
3283 5105 3436 5178 ζηλοῖ
3457 5151 3471 5173 ,
3500 5107 3563 5161 οὐ
3594 5123 3734 5178 περ-

2147 5204 2438 5276 περεύεται
2463 5245 2480 5269 ,
2512 5204 2572 5256 ού
2605 5202 2934 5274 φυσιοῦται,
2964 5203 3065 5258 οὐκ
3105 5203 3446 5274 ἀσχημονεῖ,
3482 5199 3545 5254 ού
3574 5195 3737 5272 ζητεῖ

2143 5358 2238 5408 vn,
2266 5341 2352 5397 59.
2430 5343 2474 5374 ³⁹
2501 5343 2677 5398 Levit.
2710 5359 2820 5408 xxx,
2849 5340 2934 5398 18.
3050 5343 3096 5375 ⁸ο
3131 5341 3322 5398 Matth.
3376 5359 3472 5411 vn,
3502 5339 3556 5400 1.

2139 5522 2319 5605 μένον,
2360 5521 2430 5579 de
2459 5525 2873 5605 operationibus
2903 5524 3360 5605 Spiritus_sancti
3402 5524 3512 5583 illis
3550 5524 3733 5605 admio

2134 5593 2405 5680 mihi-libus
2437 5593 2819 5680 accipiendum
2850 5593 2960 5680 est,
2987 5613 3099 5652 non
3113 5597 3212 5680 “de
3243 5606 3558 5680 personaet
3594 5596 3731 5653 sub-

2135 5663 2402 5792 sagaci;
2438 5663 2678 5737 Spiritus
2714 5667 2912 5734 sancti,
2959 5683 3084 5740 qua:
3113 5663 3261 5725 Patri
3310 5678 3367 5724 et
3400 5667 3542 5724 Filio
3572 5681 3725 5726 coe-
