3990 6196
326 224 427 282 5:21

1040 224 1126 279 DE
1165 222 1607 281 ADORATiONE
1646 224 1715 279 IN
1754 223 2024 280 SPIRITU
2062 223 2152 280 ET
2191 221 2557 281 VEBITATE.
2601 225 2726 279 LIB.
2767 226 2875 282 V'll.

3480 233 3583 291 592

325 341 393 394 τὰ
419 339 643 410 ἑαυτῆς,
692 338 750 390 οὐ
780 337 1178 407 παροξύνεται,
1211 337 1272 391 ού
1302 337 1576 407 λογίζεται
1610 338 1673 390 τὺ
1710 337 1894 403 κακὸν,

2005 352 2125 407 quae
2171 353 2266 393 sua
2307 347 2455 404 sunt,
2492 354 2602 392 non
2648 339 2917 404 irritatur,
2967 355 3074 395 non
3114 342 3310 414 cogitat
3354 348 3583 416 malum;

327 429 386 483 οὐ
419 426 601 499 χαίρει
641 426 732 478 ἐπὶ
760 428 827 496 τῇ
865 423 1050 497 ἀδικίᾳ
1072 464 1086 488 ,
1116 425 1402 497 συγχαίρει
1440 425 1495 478 δὲ
1534 428 1600 497 τῇ
1631 424 1861 497 ἀληθείᾳ
1883 443 1896 458 ·

328 518 506 572 πάντα
534 516 736 585 στέγει.
759 516 935 571 πάντα
967 515 1232 577 πιστεύει,
1260 517 1438 571 πάντα
1461 516 1691 582 ἐλπίζει,
1725 517 1899 571 πάντα

328 609 588 681 ὑπομένει
622 610 655 678 ἡ
696 608 910 678 ἀγάπη,
950 607 1205 661 οὐδέποτε
1238 608 1514 663 ἐκπίπτει.
1556 629 1575 661 ι
1629 609 1770 661 Ἀλλ’
1797 610 1899 680 έμ-

326 706 467 773 φανῆ
497 705 595 772 μὲν
628 700 852 764 ἅπασιν,
884 700 959 764 ὥς
981 718 1043 770 γε
1068 696 1242 772 οἶμαι,
1273 701 1454 763 ταυτὶ,
1478 704 1571 755 καὶ
1597 700 1805 773 μακρὸς
1835 703 1900 755 ἂν

324 795 536 863 γένοιτο
559 792 680 845 λίαν
730 793 759 844 6
790 791 919 862 περὶ⁹
962 790 1141 844 αὐτῶν
1190 790 1368 859 λόγος,
1404 791 1560 861 εἴπερ
1611 809 1695 855 τις
1728 791 1901 844 ἕλοιτο

323 882 537 944 λεπτῶς
567 880 636 933 τὰ
670 879 822 949 παρά
851 883 918 950 τῇ
950 880 1064 949 Νέᾳ
1088 881 1428 950 συναγείρειν
1457 880 1669 952 Γραφῇ.
1695 882 1898 952 Τετραο

320 974 538 1044 ψόμεθα
572 973 631 1027 δὲ
660 974 777 1026 νυνὶ
809 972 949 1043 πρὸς
977 971 1075 1036 τὰς
1105 972 1170 1025 ὲκ
1197 973 1363 1042 νόμου
1396 973 1575 1037 σκιὰς,
1607 973 1702 1026 καὶ
1729 972 1795 1026 τά
1824 972 1901 1037 ὠς

320 1066 380 1117 ἐν
412 1064 605 1128 τύποις
626 1063 706 1117 ἔτι
732 1065 844 1126 τοῖς
877 1060 1043 1115 πάλαι
1076 1062 1523 1133 τεθεσπισμένα.,

392 1157 607 1212 ΠΑΛΛ.
650 1156 883 1225 Ἀριστα
912 1153 1123 1225 διανοῇ.

391 1250 559 1302 ΚΥΡ.
594 1248 901 1318 Μελέτησις
936 1246 1038 1316 μὲν
1079 1248 1107 1299 6
1140 1246 1303 1315 νόμος
1340 1241 1408 1317 ἦν
1436 1247 1515 1311 είς
1552 1246 1899 1318 δικαιοσύνην

322 1343 415 1396 καὶ
453 1340 780 1411 προεισϐολή
827 1356 912 1402 τις
946 1337 1135 1409 ὥσπερ
1188 1339 1297 1391 τῶν
1336 1339 1708 1408 εὐαγγελικῶν
1736 1339 1899 1411 ἀνδρ-

320 1432 720 1501 αγαθημάτων.
751 1429 1070 1500 Γέγραπται
1104 1429 1231 1500 γάρ·
1267 1447 1285 1481 ι
1319 1430 1486 1502 Ἀρχὴ
1510 1429 1631 1484 ὀδοῦ
1660 1430 1899 1500 ἀγαθῆς,

320 1525 379 1577 τδ
407 1524 584 1578 ποιεῖν
615 1522 686 1575 τά
719 1522 923 1576 δίκαια.
966 1541 983 1573 ι
1022 1522 1368 1591 Παιδαγωγεῖ
1408 1523 1517 1594 γὰρ
1555 1527 1583 1578 6
1609 1526 1773 1595 νόμος
1805 1523 1900 1578 ἐπὶ

320 1614 576 1686 Χριστὸν,
607 1613 702 1667 καὶ
731 1614 827 1685 τῆς
850 1616 907 1666 ὲν
936 1613 1083 1680 αὐτῷ
1112 1616 1408 1684 νοουμένης
1431 1614 1576 1686 ζωῆς
1597 1617 1660 1669 ού
1687 1616 1897 1686 διεψευο

2002 445 2113 484 non
2142 430 2341 500 gaudet
2366 445 2532 501 super
2555 431 2867 501 iniquitate,
2890 434 3195 502 congaudet
3224 444 3405 491 autem
3440 442 3586 495 veri-

2004 522 2135 588 tati;
2162 506 2344 577 omnia
2369 523 2583 588 suﬂ‘ert,
2610 524 2793 579 omnia
2815 524 3011 590 credit,
3036 527 3218 582 omnia
3238 541 3442 598 sperat,
3468 547 3586 587 om-

2002 611 2093 666 nia
2122 614 2387 678 sustinet;
2428 613 2667 669 charitas
2690 631 2970 684 nunquam
3005 616 3207 678 excidit
3230 618 3293 672 “.
3330 639 3347 670 ι
3379 622 3582 678 Verum

2003 701 2138 765 haec,
2164 711 2225 757 ut
2248 703 2464 773 opinor,
2501 704 2758 758 omnibus
2782 706 3068 776 perspicua
3106 717 3254 772 sunt,
3282 718 3338 764 et
3366 711 3581 784 longior

2000 794 2109 875 erit
2131 794 2198 849 de
2223 796 2309 851 his
2329 797 2586 852 omnibus
2608 800 2807 863 oratio,
2834 799 2878 853 si
2901 799 3025 868 quis
3051 801 3259 857 minute
3285 804 3435 869 velit,
3459 823 3581 877 quae
3660 848 3664 863 .

2004 883 2056 939 in
2076 885 2225 939 Nova
2248 884 2529 956 Scriptura
2551 897 2697 952 sunt,
2718 888 2992 958 colligere.
3018 889 3123 944 Sed
3141 893 3251 962 jam
3274 894 3340 948 ad
3361 898 3583 953 umbras

2001 976 2156 1046 legis,
2196 985 2253 1031 et
2275 992 2340 1032 ea
2367 993 2487 1047 quae
2521 980 2717 1047 priscis
2748 980 3068 1036 hominibus
3090 992 3347 1054 tanquam
3369 987 3424 1042 in
3447 989 3582 1060 ﬁgu-

2000 1068 2080 1122 ris
2102 1068 2282 1124 adhuc
2302 1069 2481 1124 edicta
2510 1080 2658 1134 sunt,
2684 1082 3085 1127 convertamur.

2072 1160 2270 1213 PALL.
2299 1160 2515 1230 Optime
2544 1162 2768 1232 cogitas.

2069 1250 2227 1307 CYR.
2256 1252 2592 1308 Exercitatio
2625 1254 2872 1323 quzedam
2913 1255 2981 1310 ad
3015 1257 3282 1327 justitiam
3326 1261 3430 1317 fuit
3468 1264 3577 1329 lex,

2000 1350 2056 1395 et
2097 1342 2248 1397 velut
2290 1343 2473 1398 aditus
2499 1345 2723 1412 quidam
2761 1360 2825 1399 ac
2866 1346 3033 1401 limen
3071 1349 3140 1403 ad
3180 1352 3441 1419 prmelara
3487 1357 3579 1412 illa

1999 1432 2310 1501 evangelica
2341 1432 2512 1499 facta;
2547 1435 2813 1504 scriptum
2846 1443 2929 1490 est
2957 1438 3104 1492 enim
3137 1458 3149 1492 :
3182 1460 3199 1491 ι
3239 1442 3576 1515 Principium

1998 1521 2100 1576 via:
2134 1521 2290 1577 bonae
2324 1531 2407 1577 est
2446 1522 2627 1578 facere
2665 1526 2812 1595 justa
2848 1525 2911 1578 δ’.
2954 1545 2972 1577 ι
3005 1529 3164 1584 Ducit
3205 1532 3350 1587 enim
3383 1536 3470 1590 lex
3507 1539 3576 1592 ad

1998 1610 2296 1677 Christum,
2320 1621 2376 1667 et
2398 1614 2523 1667 vitae
2559 1613 2727 1679 illius,
2752 1630 2873 1685 quae
2900 1616 2955 1669 in
2979 1616 3200 1674 Christo
3229 1622 3573 1697 intelligitur,

322 1708 533 1778 σμένην
576 1705 642 1760 ἂν
677 1705 790 1776 ἔχοι
827 1707 925 1776 τὴν
957 1705 1115 1770 δόξαν
1138 1747 1154 1773 ,
1187 1709 1235 1759 εἰ
1275 1710 1446 1759 νοοῖτο
1481 1708 1894 1778 πνευματικῶς.

2002 1716 2111 1756 non
2138 1702 2326 1758 falsam
2361 1705 2718 1773 consequitur
2744 1706 2992 1776 gloriam,
3025 1691 3462 1779 sispiritualiter
3490 1691 3575 1773 in;-

321 1800 432 1852 Καὶ
460 1799 642 1869 ἰστησι
665 1796 766 1869 μὲν
801 1799 883 1861 είς
911 1796 1277 1873 δικαιοσύνην,
1298 1797 1563 1869 ἀποφέρει
1589 1798 1645 1851 δὲ
1675 1798 1812 1869 πρὸς
1837 1797 1897 1851 τὸ

321 1893 462 1964 ὑπὲρ
492 1891 652 1944 τοῦτο
693 1890 774 1944 ἔτι
810 1890 871 1943 τὸ
917 1890 1148 1961 μάθημα
1182 1889 1241 1943 τὸ
1269 1889 1640 1959 εὐαγγελικόν.
1692 1891 1896 1962 Τρόποι

319 1984 375 2036 δὲ
413 1980 763 2052 δικαιοσύνης
784 2019 799 2045 ,
825 1979 1043 2051 πρῶτος
1085 1978 1207 2049 μὲν,
1241 1978 1375 2049 τιμὴ
1408 1980 1501 2031 καὶ
1528 1978 1824 2049 ἀγάπησις,
1858 1979 1892 2048 ἡ

321 2075 399 2136 είς
424 2074 518 2126 τὸν
547 2072 641 2125 ἕνα
667 2089 725 2126 τε
751 2072 845 2126 καὶ
872 2071 1032 2142 φύσει
1062 2070 1194 2124 Θεόν
1217 2087 1231 2101 ο
1272 2071 1467 2138 γείτων
1495 2070 1552 2123 δὲ
1589 2067 1775 2139 ὥσπερ
1802 2068 1897 2123 καὶ

325 2162 441 2232 μετ’
461 2164 639 2216 ἐκεῖνο
667 2162 831 2226 εὐθὺς
857 2163 891 2233 ἠ
914 2163 993 2225 εἰς
1016 2160 1279 2230 ἀδελφοὺς
1308 2162 1400 2214 καὶ
1430 2162 1735 2231 ὁμογενεῖς,
1765 2175 1898 2230 προ-

321 2254 648 2325 εγκειμένης
679 2254 778 2325 τῆς
806 2256 886 2318 είς
915 2253 1109 2322 γονέας
1132 2252 1336 2315 αἰδοῦς.
1381 2253 1468 2305 Ἐν
1497 2252 1688 2322 κόσμῳ
1708 2252 1772 2321 δὴ
1801 2249 1896 2305 οὖν

320 2347 397 2415 τῷ
419 2345 680 2415 πρέποντι
715 2344 962 2416 πρόεισιν
989 2345 1120 2414 ἡμῖν
1151 2345 1179 2396 ό
1209 2341 1400 2411 Λόγος,
1432 2343 1570 2413 μετά
1599 2334 1665 2411 γέ
1694 2344 1793 2414 τὴν
1817 2345 1896 2407 είς

320 2438 454 2491 Θεὸν
488 2436 796 2501 εὐσέϐειαν,
848 2437 943 2491 καὶ⁵
972 2436 1030 2489 τὸ
1056 2436 1137 2499 είς
1166 2435 1357 2504 γονέας
1382 2435 1611 2498 εὐλαϐὲς
1634 2476 1649 2500 ,
1683 2437 1764 2489 ὅτι
1795 2435 1896 2506 τῆς

320 2529 619 2591 ἐπιεικείας
644 2528 910 2600 προσήκει
929 2527 1030 2599 τὴν
1047 2524 1271 2592 ἔνδειξιν
1295 2525 1483 2589 καὶείς
1509 2525 1724 2597 ἐτέρους
1751 2528 1896 2599 ἡμᾶς

322 2618 591 2674 ποιεῖσθαι
628 2618 977 2691 παρεγγυῶν.
1026 2618 1286 2689 Πανταχῆ
1327 2617 1438 2689 γὰρ
1484 2619 1513 2671 6
1549 2618 1752 2689 νόμος,
1796 2619 1896 2690 τῆς

323 2713 569 2783 ἰσότητος
596 2715 834 2783 προνοεῖ,
868 2711 962 2765 καὶ
992 2711 1196 2783 ἀκριϐῆ
1230 2711 1326 2765 τοῦ
1377 2711 1589 2766 δικαίου
1625 2711 1896 2766 ποιεῖσθαι

320 2806 417 2878 τὴν
442 2805 697 2877 βάσανον,
725 2806 918 2875 δρᾶται
950 2802 1313 2875 Θεσμοθετῶν.
1360 2802 1669 2873 Γέγραπται
1697 2803 1805 2875 γὰρ
1838 2806 1896 2857 ὲν

319 2895 742 2967 Δευτερονομίῳ·
780 2916 797 2947 ι
829 2895 942 2949 Ούκ
965 2894 1117 2948 ἔσται
1138 2896 1195 2949 ὲν
1210 2894 1288 2967 τῷ
1321 2896 1624 2968 μαρσίππῳ
1649 2913 1743 2949 σου
1768 2896 1897 2950 στά-

2000 1792 2298 1862 telligatur,
2320 1802 2376 1848 et
2405 1794 2461 1848 in
2481 1795 2690 1864 justitia
2719 1813 2819 1852 nos
2838 1798 3155 1866 constituit;
3188 1803 3350 1877 244
3368 1815 3423 1861 at
3443 1823 3580 1863 vero

1997 1884 2306 1954 evangelica
2333 1886 2622 1957 disciplina
2659 1904 2825 1958 supra
2868 1889 2974 1945 hoc
3011 1902 3274 1962 preterea
3301 1899 3574 1966 perducit.

1999 1973 2139 2029 Sunt
2166 1986 2349 2032 autem
2376 1980 2602 2049 justitize
2633 1996 2854 2051 genera,
2881 1982 3120 2052 primum
3149 1986 3369 2055 quidem
3398 1989 3579 2047 honor

1997 2075 2053 2121 et
2081 2082 2235 2122 amor
2261 2084 2388 2139 erga
2416 2086 2565 2136 eum,
2589 2072 2683 2141 qui
2704 2088 2846 2128 unus
2871 2090 2937 2128 ac
2956 2085 3153 2131 natura
3174 2078 3318 2134 Deus
3343 2090 3458 2147 est;
3490 2084 3576 2137 vi-

1996 2157 2158 2212 cinus
2178 2166 2283 2221 est,
2318 2167 2374 2214 et
2396 2160 2528 2216 huic
2554 2162 2837 2231 proximus
2865 2164 2957 2219 ille
2991 2181 3146 2222 amor
3178 2168 3235 2223 in
3271 2169 3489 2237 fratres,
3518 2184 3576 2228 et

1996 2248 2244 2318 ejusdem
2266 2252 2484 2321 generis
2516 2252 2787 2320 homines,
2815 2254 2887 2309 ita
2917 2263 3120 2330 tamen,
3150 2268 3208 2312 ut
3233 2259 3288 2313 in
3318 2272 3575 2330 parentes

1997 2342 2308 2396 reverentia
2337 2343 2550 2397 caeteris
2589 2329 2955 2413 praeponatur.
3002 2329 3362 2406 Convenienti
3407 2353 3572 2425 igitur

1996 2433 2190 2488 ordine
2210 2432 2497 2504 Scriptura
2519 2434 2887 2504 progreditur,
2917 2450 3041 2490 cum
3075 2445 3198 2507 post
3222 2438 3477 2508 pietatem
3515 2442 3570 2496 in

1996 2524 2188 2589 Deum,
2238 2534 2295 2581 et
2339 2542 2466 2597 erga
2508 2536 2761 2597 parentes
2807 2530 3195 2596 reverentiam,
3238 2531 3295 2586 in
3344 2541 3574 2590 caeteros

1994 2631 2212 2687 quoque
2236 2616 2486 2672 homines
2513 2618 2789 2689 specimen
2820 2620 3110 2689 probitatis
3128 2638 3230 2679 nos
3246 2624 3410 2681 edere
3434 2642 3578 2696 prac-

1995 2708 2146 2776 cipit.
2177 2709 2389 2764 Etenim
2424 2710 2627 2780 ubique
2673 2711 2761 2765 lex
2801 2727 2989 2767 curam
3018 2715 3345 2784 aequalitatis
3384 2717 3568 2784 habet,

1993 2805 2048 2852 et
2069 2807 2378 2855 accuratam
2405 2800 2633 2870 justitiae
2658 2802 2927 2858 rationem
2946 2805 3253 2861 habendam
3278 2823 3401 2864 esse
3416 2824 3573 2880 aper-

1997 2898 2047 2943 te
2080 2889 2346 2944 decernit.
2390 2882 2666 2961 Scriptum
2693 2906 2776 2951 est
2806 2896 2954 2950 enim
2995 2896 3051 2951 in
3093 2896 3518 2956 Deuteronomio
3551 2921 3567 2956 :

320 2991 480 3061 θμιον
506 2989 702 3060 μέγαῆ
725 2987 940 3059 μικρόν·
962 2988 1226 3058 στάθμιον
1242 2987 1492 3059 ἀληθινὸν
1509 2989 1715 3043 δίκαιον
1742 2988 1892 3043 ἔσται

2002 2998 2020 3030 ‹
2058 2980 2175 3034 Non
2206 2982 2313 3035 erit
2347 2982 2404 3036 in
2425 2984 2644 3039 sacculo
2667 2992 2761 3039 tuo
2789 2986 3004 3055 pondus
3040 3002 3295 3059 magnum
3320 2997 3416 3044 aut
3440 3006 3569 3062 par-

322 3082 535 3145 σοι,καὶ
554 3081 752 3151 μέτρον
765 3080 1013 3151 ἀληθινδν
1034 3079 1241 3134 δίκαιον
1272 3080 1425 3134 ἐσται
1448 3096 1549 3145 σοι,
1603 3080 1690 3134 ἵνα
1724 3080 1889 3134 πολυ-

1997 3087 2120 3125 vum
2149 3089 2160 3124 :
2187 3073 2403 3141 pondus
2429 3089 2619 3128 verum
2649 3083 2707 3130 et
2722 3075 2932 3145 justum
2967 3078 3039 3131 sit
3068 3078 3190 3145 tibi,
3227 3088 3283 3135 et
3314 3060 3570 3137 mensura

319 3170 525 3240 ήμερος
541 3171 675 3242 γένῃ
692 3170 785 3222 ἐπὶ
805 3170 903 3238 τῆς
925 3169 1048 3240 γῆς,
1075 3165 1142 3240 ἧς
1166 3169 1367 3241 Κύριος
1392 3172 1422 3224 6
1439 3171 1569 3234 Θεός
1591 3187 1682 3224 σου
1711 3170 1894 3223 δίδωσί

319 3277 400 3313 σοι
426 3262 487 3313 ἐν
520 3260 709 3331 κλήρῳ
729 3300 744 3322 ,
772 3261 853 3314 ὅτι
879 3261 1158 3333 βδέλυγμα
1189 3262 1381 3334 Κυρίῳ
1407 3262 1485 3330 τῷ
1511 3260 1631 3331 Θεῷ
1665 3277 1758 3315 σου
1785 3263 1896 3326 πᾶς

320 3351 489 3405 ποιῶν
516 3351 710 3418 ταῦτα,
745 3353 853 3416 πᾶς
881 3352 1050 3406 ποιῶν
1082 3354 1286 3409 ἄδικον.
1337 3373 1357 3405 ι
1405 3354 1515 3407 Καὶ
1546 3352 1708 3406 πάλιν
1733 3353 1791 3405 ἐν
1815 3349 1894 3422 τῷ

316 3442 619 3512 Λευῖτιγλρσ
657 3463 675 3494 ι
724 3442 813 3496 Ἐν
850 3443 1068 3514 μέτροις
1106 3445 1201 3499 καὶ
1238 3444 1535 3516 σταθμίοις,
1576 3444 1670 3498 καὶ
1710 3443 1894 3513 ζυγοῖς

319 3531 462 3601 ζυγά
491 3532 698 3597 δίκαια,
734 3533 828 3587 καὶ
859 3534 1099 3605 στάθμια
1129 3534 1315 3589 δίκαια
1337 3578 1352 3601 ,
1386 3536 1483 3589 καὶ
1517 3533 1645 3606 χοῦς
1686 3534 1892 3598 δίκαιος

318 3620 476 3675 ἔσται
519 3639 623 3676 σοι.
681 3641 700 3672 ι
748 3621 983 3693 Μέτροις
1012 3622 1070 3675 δὲ
1111 3625 1208 3676 καὶ
1252 3622 1538 3693 σταθμίοις
1571 3625 1666 3677 κα)⁴
1710 3623 1892 3691 ζυγοῖς

316 3713 590 3785 παρισοῦν
624 3709 683 3768 εὖ
735 3713 881 3784 μάλα
924 3714 1025 3783 τῆς
1074 3712 1423 3784 δικαιοσύνης
1471 3714 1597 3777 τοὺς
1658 3713 1891 3783 τρόπους

315 3806 578 3877 ἠπείγετο
606 3806 700 3860 καὶ
730 3806 874 3877 μάλα
897 3806 1102 3878 όρΟῶς’
1130 3806 1257 3870 νοῦς
1280 3806 1388 3877 γὰρ
1411 3805 1571 3869 εὐθύς
1594 3822 1654 3857 τε
1685 3805 1781 3858 καὶ
1807 3821 1892 3873 φι-

317 3897 585 3963 λοδίκαιος
610 3898 922 3953 ταλαντεύει
954 3897 1155 3967 τρόπον
1187 3897 1308 3952 τινὰ
1337 3898 1433 3952 καὶ
1455 3898 1753 3968 ἀναμετρεῖ
1783 3894 1891 3948 τῶν

320 3989 665 4061 πραγμάτων
708 3990 808 4052 τὰς
853 3991 1074 4058 φύσεις,
1113 3990 1208 4041 καὶ
1244 3988 1337 4043 τὸν
1383 3989 1483 4059 τῆς
1516 3986 1760 4056 ἰσότητος
1793 3985 1890 4056 βα-

318 4080 527 4145 σανίζει
555 4080 732 4149 λόγον,
761 4081 1085 4153 λεπτότερόν
1108 4098 1167 4133 τε
1190 4080 1284 4134 καὶ
1306 4079 1718 4151 ἀκριϐέστερον,
1749 4079 1892 4148 ἥπερ

318 4171 383 4224 ἂν
412 4170 580 4224 οἴοιτό
605 4187 691 4234 τις
718 4171 843 4234 τοὺς
870 4170 963 4224 ἐπὶ
1000 4172 1332 4239 πλάστιγγος
1358 4169 1453 4223 καὶ
1492 4168 1681 4237 ζυγοῦ,
1718 4166 1780 4220 τὸ
1808 4166 1891 4220 νό-

322 4277 504 4332 μισμα
557 4260 985 4331 δοκιμάζοντας·
1031 4263 1318 4333 ὲπιμετρεῖ
1351 4260 1408 4313 δὲ
1443 4258 1631 4330 ὥσπερ
1677 4257 1892 4326 ἑκάστῳ

318 4353 425 4406 τῶν
462 4351 856 4424 θεωρουμένων
882 4353 942 4408 τὸ
968 4354 1050 4407 δτι
1084 4352 1317 4423 μάλιστα
1344 4350 1551 4422 πρέπον
1574 4347 1743 4418 αὐτῷ,
1768 4346 1892 4400 οὔτε

318 4444 395 4515 τῷ
414 4443 659 4514 περιττῷ
678 4443 778 4515 τῆς
799 4443 1061 4516 ἀκριϐοῦς
1087 4443 1331 4514 ἰσότητος
1356 4439 1650 4512 παραλύων
1673 4438 1889 4505 κάλλος,

318 4532 440 4586 οὔτε
470 4533 579 4604 μὴν
609 4534 675 4604 τῇ
712 4532 851 4603 πρὸς
889 4532 951 4585 τὸ
984 4534 1136 4601 μεῖον
1177 4531 1444 4600 ὑποφορᾷ,
1476 4527 1893 4599 παραχαράττε-

318 4623 444 4677 σθαι
468 4623 770 4693 συγχωρῶν
793 4623 854 4675 τί)
882 4622 958 4686 ὼς
980 4624 1038 4676 ὲν
1067 4623 1273 4692 ἰσότητι
1299 4619 1541 4691 διαρκές.
1568 4620 1750 4671 Ἐστω
1778 4617 1891 4671 τοί-

318 4734 412 4768 νυν
432 4716 576 4782 ζυγά
598 4715 692 4768 καὶ
713 4714 949 4784 στάθμια
963 4713 1166 4779 δίκαια,
1188 4713 1281 4767 καὶ
1303 4711 1431 4783 χοῦς
1451 4710 1677 4777 δίκαιος,
1703 4709 1889 4781 φησίν·

316 4803 426 4861 εἶεν
459 4805 505 4858 δ’
539 4805 625 4871 ἂν,
650 4801 824 4876 οἶμαι,
867 4805 1046 4868 ταυτὶ,
1072 4804 1230 4859 τύποι
1257 4805 1403 4868 τινὲς
1439 4803 1628 4875 ὥσπερ
1669 4803 1761 4857 καὶ
1786 4802 1891 4872 ἑμ-

317 4896 466 4967 φανῆ
494 4895 915 4968 παραδείγματα
939 4935 955 4961 ,
978 4894 1214 4966 τρόπους
1244 4897 1376 4967 ἡμῖν
1412 4892 1798 4963 ὑποφαίνοντα,
1820 4890 1890 4944 δι’

313 4982 499 5060 ὧνπερ
529 4987 595 5042 ἂν
636 4989 767 5059 ἡμῖν
802 4989 831 5041 6
859 4986 957 5056 τῆς
991 4985 1253 5058 ἀκριϐοῦς
1297 4985 1541 5058 ἰσότητος
1573 4980 1892 5054 διερευνῷτο

314 5081 508 5150 λόγος,
544 5080 638 5134 καὶ
667 5080 701 5151 ἡ
733 5077 834 5148 τῆς
876 5076 1224 5148 δικαιοσύνης
1259 5078 1615 5146 ἀναφανεῖται
1663 5074 1887 5143 γνῶσις.

317 5172 478 5235 Σύνες
496 5170 554 5225 δὲ
578 5170 660 5224 ὅτι
685 5171 1083 5240 συμμετρεῖται
1129 5168 1228 5240 μὲν
1255 5169 1326 5224 τὰ
1358 5172 1415 5223 ὲν
1436 5169 1605 5239 νόμῳ,
1639 5168 1735 5221 καὶ
1765 5169 1891 5238 ὅρον

316 5263 427 5333 ἔχει
457 5262 558 5333 τὴν
584 5258 955 5331 δικαιοσύνην,
980 5257 1204 5312 πλουτεῖ
1225 5258 1283 5312 δὲ
1309 5259 1369 5312 τὸ
1393 5259 1602 5330 μεῖζον,
1634 5258 1729 5311 καὶ
1753 5257 1888 5310 πολὺ

316 5356 379 5428 δὴ
412 5354 530 5408 λίαν
568 5353 828 5407 ἐπέκεινα
864 5351 1047 5424 τρέχει
1084 5348 1156 5403 τὰ
1194 5349 1283 5404 διά
1310 5349 1567 5422 Χριστοῦ.
1601 5350 1749 5421 Πέρα
1781 5349 1889 5418 γὰρ

315 5446 519 5501 δικαίου
546 5447 605 5500 τὸ
624 5444 847 5515 ἀγαθὸν,
868 5444 1134 5508 τουτέστι,
1165 5442 1261 5511 τῆς
1285 5443 1342 5495 ὲν
1362 5441 1581 5513 Χριστῷ
1617 5439 1889 5501 πολιτείας

315 5540 349 5612 ἡ
373 5538 523 5604 δόξα.

377 5635 418 5667 ⁶¹
451 5634 471 5689 l
499 5634 626 5691 Cor.
657 5648 772 5695 xm,
799 5630 911 5685 3-8.
988 5630 1032 5662 ⁸²
1051 5631 1213 5686 Prov.
1244 5644 1352 5694 xvi,
1382 5629 1434 5683 5.

638 5726 907 5784 ΡΑτιιοι..
941 5724 1057 5782 Gn.
1095 5718 1375 5780 LXVIII.

1996 3178 2127 3216 vera
2151 3171 2207 3216 et
2222 3163 2369 3233 justa
2393 3164 2463 3219 sit
2486 3164 2609 3229 tibi,
2624 3174 2697 3220 rut
2717 3166 2996 3236 longaevus
3018 3168 3095 3224 sis
3115 3169 3171 3224 in
3193 3178 3363 3236 terra,
3405 3188 3569 3243 quam

1995 3251 2260 3307 Dominus
2286 3254 2431 3308 Deus
2464 3262 2591 3309 tuus
2619 3255 2712 3309 dat
2748 3256 2847 3310 tibi
2887 3256 2942 3311 in
2981 3258 3402 3327 possessionem,
3441 3263 3571 3332 quia

1994 3343 2326 3399 abominatio
2344 3352 2428 3399 est
2448 3347 2679 3402 Domino
2698 3348 2810 3402 Deo
2834 3355 2928 3401 tuo
2948 3350 3146 3412 omnis,
3168 3351 3264 3419 qui
3282 3351 3412 3406 facit
3429 3353 3564 3412 hac.

1995 3437 2193 3503 omnis,
2218 3437 2311 3509 qui
2347 3439 2695 3509 iniquitatem
2721 3440 2852 3496 facit
2876 3440 2940 3495 ".
2989 3461 3008 3493 ι
3036 3441 3105 3505 Et
3130 3442 3330 3498 iterum
3371 3443 3430 3498 in
3461 3444 3568 3500 Leo

1995 3529 2162 3583 vitico
2192 3547 2204 3583 :
2238 3549 2256 3582 ι
2294 3530 2353 3586 In
2386 3532 2686 3597 mensuris,
2725 3540 2782 3587 et
2819 3532 3176 3603 ponderibus,
3217 3542 3274 3589 et
3311 3537 3564 3602 stateris;

1995 3629 2211 3683 staterae
2241 3621 2421 3692 justae.
2462 3631 2518 3677 et
2549 3622 2792 3693 pondera
2827 3624 2994 3694 justa,
3037 3633 3094 3680 et
3127 3639 3382 3680 mensura
3419 3628 3568 3697 justa

1995 3713 2105 3766 sint
2130 3712 2226 3767 tibi
2248 3712 2311 3766 “.
2345 3732 2363 3765 ι
2401 3713 2671 3769 Mensuris
2695 3714 2861 3785 igitur
2881 3721 2938 3771 et
2959 3714 3296 3787 ponderibus
3320 3725 3375 3771 et
3406 3727 3570 3773 state-

1994 3804 2072 3857 ris
2102 3802 2394 3876 diligenter
2417 3820 2739 3876 comparare
2761 3807 2988 3877 justitia:
3013 3822 3212 3878 genera
3249 3808 3477 3872 studuit,
3512 3808 3573 3863 (δι’

1992 3891 2211 3961 quidem
2239 3893 2477 3961 optime;
2500 3894 2717 3948 animus
2745 3894 2890 3948 enim
2923 3903 3109 3951 rectus
3143 3903 3200 3950 et
3216 3894 3352 3964 justi
3377 3911 3567 3951 amans

1993 3979 2251 4049 appendit
2279 3981 2681 4049 quodammodo
2725 3989 2780 4034 et
2824 3982 3050 4034 metitur
3096 3995 3282 4036 rerum
3320 3988 3563 4046 naturas,

1991 4079 2047 4126 et
2067 4070 2393 4139 aequalitatis
2420 4072 2688 4125 rationem
2735 4070 2992 4124 subtilius
3029 4078 3086 4124 et
3124 4070 3435 4126 accuratius
3466 4087 3565 4125 ex-

1991 4159 2181 4231 quirit,
2204 4176 2367 4229 quam
2396 4160 2432 4213 ii
2457 4159 2636 4215 facere
2659 4167 2939 4231 putantur,
2967 4158 3062 4230 qui
3088 4159 3145 4214 in
3165 4160 3321 4217 lance
3346 4169 3401 4215 et
3423 4160 3564 4216 libra

1991 4252 2281 4322 pecuniam
2308 4252 2563 4322 probant,
2590 4262 2645 4305 et
2680 4250 2906 4320 singulis
2930 4250 3114 4315 rebus,
3151 4265 3288 4321 quas
3316 4259 3565 4307 contem-

1995 4343 2193 4413 platur,
2228 4343 2360 4413 quid
2395 4343 2626 4398 maxime
2668 4341 2876 4405 deceat,
2916 4342 3229 4407 admetitur,
3262 4356 3443 4412 neque
3471 4357 3563 4396 re-

1995 4434 2295 4489 dundantia
2357 4435 2684 4504 mqualitatis
2736 4433 3022 4503 exquisite
3096 4432 3561 4503 pulchritudinem

1992 4525 2327 4595 corrumpit;
2361 4540 2537 4595 neque
2561 4540 2753 4579 rursus
2776 4523 3159 4578 imminutione
3184 4522 3236 4577 id
3261 4523 3561 4578 adulterari

1993 4617 2143 4682 sinit,
2176 4617 2324 4687 quod
2344 4626 2430 4671 est
2449 4616 2775 4686 :equalitatis
2798 4616 3006 4670 ratione
3034 4616 3186 4670 satis.
3220 4614 3342 4670 Sint
3376 4616 3563 4685 itaque

1993 4720 2210 4765 staterae
2234 4719 2290 4765 et
2321 4709 2563 4779 pondera
2583 4709 2752 4779 justa,
2782 4715 2839 4763 et
2868 4722 3123 4763 mensura
3156 4708 3324 4778 justa,
3365 4707 3563 4777 inquit.

1996 4801 2119 4857 Haec
2141 4810 2345 4864 autem,
2370 4808 2430 4854 ut
2449 4800 2665 4870 opinor,
2683 4807 2941 4868 tanquam
2964 4798 3148 4870 ﬁgurae
3170 4798 3416 4868 quaedam
3438 4808 3569 4853 sunt

1995 4895 2051 4942 et
2090 4889 2335 4957 exempla
2378 4888 2688 4959 perspicua,
2732 4902 2855 4957 quae
2902 4885 3094 4942 modos
3131 4887 3295 4942 nobis
3333 4885 3566 4942 demou-

1996 4985 2190 5041 strant,
2222 4993 2321 5047 per
2360 4993 2498 5048 quos
2529 4993 2559 5031 a
2582 4976 2743 5032 nobis
2777 4984 3046 5032 accuratae
3068 4975 3397 5047 aequalitatis
3428 4976 3569 5031 ratio

1995 5067 2337 5136 exquiratur,
2375 5074 2431 5121 et
2462 5065 2688 5137 justitize
2722 5064 2961 5136 cognitio
2994 5074 3272 5136 appareat.
3304 5064 3566 5121 Animad-

1996 5169 2149 5214 verte
2182 5169 2365 5215 autem
2387 5174 2473 5224 ea,
2500 5173 2621 5228 qua:
2649 5163 2779 5212 sunt
2811 5157 2863 5211 in
2892 5157 3009 5228 lege
3035 5157 3370 5223 mensurari,
3401 5167 3457 5213 et
3475 5157 3568 5226 ju-

1996 5251 2141 5305 stitia
2169 5258 2426 5320 tanquam
2454 5250 2559 5304 line
2590 5248 2904 5314 terminari;
2929 5264 3047 5304 esse
3070 5260 3252 5303 autem
3280 5247 3565 5317 ampliora.

1996 5357 2115 5412 quae
2152 5356 2252 5411 per
2289 5340 2565 5396 Christum
2603 5340 2801 5395 tradita
2845 5345 2993 5401 sunt,
3041 5347 3097 5391 et
3140 5337 3299 5405 longe
3336 5332 3569 5387 ulterius

1996 5433 2277 5504 progredi;
2313 5447 2440 5487 nam
2470 5432 2546 5497 id,
2572 5432 2716 5502 quod
2748 5432 2957 5501 justum
2988 5436 3093 5491 est,
3116 5443 3149 5481 a
3174 5426 3336 5487 bono,
3371 5420 3425 5475 id
3460 5429 3566 5487 cst,

1994 5542 2024 5579 a
2057 5525 2382 5581 Christianae
2406 5522 2834 5579 conversationis
2858 5519 3027 5590 gloria
3047 5558 3061 5583 ,
3084 5513 3389 5572 exeeditur.

1508 5630 1550 5659 ’³
1581 5629 1740 5682 Deut.
1785 5640 1908 5688 xxv,
1932 5620 2113 5676 15-16.
2171 5620 2214 5651 “
2247 5618 2421 5672 licvit.
2451 5632 2559 5678 xxx,
2584 5617 2670 5669 35$.

3218 5700 3284 5763 l7
