1995 3098
196 146 248 173 525

705 136 732 162 S.
753 133 891 162 CYRILLI
909 130 1143 159 ALEXANBRiNl
1163 129 1320 156 ARCHIEP.

1774 123 1825 151 εει

232 203 331 232 PALL.
344 200 475 229 Praeclare
491 199 530 226 ais
543 207 549 224 :
564 195 675 223 memini
688 194 762 221 enim
776 193 819 224 iis,
831 191 877 226 qu—i
893 191 920 218 in
935 190 987 217 fide

1074 189 1178 215 ΠΛΛᾹ.
1195 186 1231 214 Εὖ
1245 187 1342 221 λέγεις.
1363 184 1545 220 Μεμνήσομαι
1557 183 1610 219 γὰρ
1625 184 1680 214 τοῖς
1692 183 1721 209 ὲν
1738 183 1827 208 πίστει

196 249 337 288 iustiﬁcati
350 250 438 278 erant.
455 243 596 272 Christum
611 244 705 276 aperte
723 238 845 288 dixis-sel:
866 237 990 288 «.Aunen,

199 283 278 325 amen
291 295 353 322 dico
367 292 455 323 vobis,
470 289 523 317 nisi
537 287 617 324 245
634 284 816 314 abundaverit
825 283 931 319 justitia
947 289 993 309 ve-

198 347 254 370 stra
271 340 332 375 plus
342 345 424 374 quam
436 335 595 364 Scribarum
607 336 635 360 et
648 330 860 362 Pharisaeorum,
879 335 933 355 non
947 328 991 354 in-

198 386 306 415 trahitis
326 384 354 412 in
367 389 482 419 regnum
494 380 627 408 caelorum
639 377 673 403 ".
691 386 700 402 ›

232 431 311 460 CYR.
326 429 379 457 Sed
391 429 449 456 haec
460 425 571 462 quidem
587 423 620 451 ad
632 423 706 450 hunc
717 420 830 448 modum
841 418 992 446 constituta

199 479 262 506 sint.
275 477 334 505 Jam
346 496 353 509 ,
365 475 388 502 si
404 474 442 501 ita
460 472 571 499 videtur
582 490 590 502 ,
606 468 731 496 Mosaicae
750 466 897 502 probitatis
913 472 991 491 men-

199 531 309 556 suram,
332 526 359 549 et
381 519 495 556 iustitiae
517 516 668 545 secundum
690 514 777 548 legem
796 511 911 547 gloriam
931 518 993 556 perf

198 569 365 604 vestigemus
375 555 388 593 :7
394 565 441 600 qui
454 563 527 591 enim
538 560 651 598 iustitiae
662 558 847 594 cognitionem
859 555 991 590 consequi

198 603 376 642 recterstudet
386 632 393 643 ,
405 614 488 645 atque
501 609 528 635 in
538 606 685 642 diligendis
696 604 829 632 fratribus
837 624 844 636 ,
857 603 992 631 excellere

200 666 328 696 magnum
347 661 439 693 putat,
455 663 518 683 eum
539 654 649 680 ﬁrmum
662 659 694 678 ac
706 650 830 678 stabilem
843 670 850 681 ,
874 648 993 683 denique

200 694 297 738 talem,
309 704 399 740 qualis
421 709 516 729 revera
529 704 586 732 est,
601 697 721 734 spectari
733 697 827 728 decet,
845 703 900 722 non
914 694 992 722 inﬁr-

200 759 276 779 mum
290 758 322 778 ac
333 750 421 777 levem
431 768 438 780 ,
456 753 545 781 neque
568 745 660 772 fucata
672 742 809 779 probitate
823 740 969 776 praeditum
983 761 990 773 ,

200 806 232 825 ac
243 796 326 825 veluti
340 795 400 823 ovis
420 794 491 829 pelle
511 791 568 826 lupi
581 790 698 818 formam
720 790 927 822 contegentem,
944 786 991 813 sed

202 843 294 877 potius
306 840 375 873 niti,
396 843 427 866 ut
441 838 543 865 nudam
556 840 584 863 et
605 833 830 870 reprehensionis
850 835 991 867 expertem

1043 234 1262 269 δεδικαιωμένοις
1284 231 1433 262 διειπόντος
1447 229 1582 265 Χριστοῦ·
1603 238 1612 254 ‹
1636 227 1827 263 ⁴Ᾱμὴν,ἁμὴν’

1043 280 1114 314 λέγω
1133 280 1209 315 ὑμῖν,
1230 278 1277 304 ὲὰν
1296 278 1334 312 μὴ
1355 276 1522 312 περισσεύσῃ
1542 276 1558 311 ἠ
1575 274 1733 308 δικαιοσύνη
1753 273 1830 307 ὑμῶν

1043 325 1125 352 πλέον
1138 324 1192 351 τῶν
1206 323 1395 358 Γραμματέων
1409 323 1456 349 καὶ
1469 320 1634 357 Φαρισαίων,
1649 320 1679 346 οὐ
1691 319 1728 354 μὴ
1744 319 1831 345 εἰσέλ-

1042 372 1105 407 θητε
1122 372 1162 402 είς
1176 370 1225 406 τὴν
1238 369 1376 405 βασιλείαν
1387 368 1441 394 τῶν
1456 366 1588 403 οὐρανῶν.
1604 376 1614 391 ›

1077 415 1158 443 ΚΥΡ.
1180 415 1251 441 Ἀλλ’
1269 410 1319 441 ὦδε
1337 414 1386 449 μὲν
1401 414 1467 449 ἡμῖν
1482 412 1567 448 ἐχέτω
1583 411 1677 438 caus!“
1693 412 1832 447 πολυπρα-

1042 460 1188 496 γμονῶμεν
1208 460 1247 493 δὲ,
1272 460 1296 485 εί
1316 459 1400 490 δοκεῖ,
1424 459 1473 494 τῆς
1502 457 1654 493 Μωάαῖκῆς
1678 458 1833 489 ἐπιεικείας

1043 506 1076 532 τὸ
1101 506 1209 541 μέτρον,
1235 504 1280 531 καὶ
1306 505 1355 539 τῆς
1383 504 1454 531 κατά
1476 503 1557 538 νόμον
1593 501 1769 537 δικαιοσύνης
1784 502 1834 538 τὴν

1042 551 1137 584 δόξαν·
1154 552 1199 578 τὸν
1215 551 1311 586 γάρτοι
1325 550 1479 586 φιλοθηρεῖν
1496 549 1543 575 τοῦ
1566 547 1739 583 δικαίου’τὴν
1760 548 1830 582 γνῶ-

1044 606 1084 624 σιν
1105 597 1239 632 ὀρθότατα
1261 596 1484 627 διεσπουδακὸτα,
1510 596 1557 622 καὶ
1585 595 1638 631 μὴν
1658 595 1705 622 καὶ
1727 596 1758 622 τὸ
1775 596 1833 622 δια-

1043 642 1159 678 πρέπειν
1184 644 1212 669 ὲν
1239 643 1377 678 ἀγαπήσει
1405 642 1486 677 τυχὸν
1513 643 1545 677 τῇ
1577 641 1644 677 πρὸς
1660 641 1791 675 ἀδελφοὺς
1806 643 1835 667 ἓν

1042 689 1114 725 λόγῳ
1140 689 1335 725 πεποιημένον,
1361 689 1469 725 ἀσφαλῆ
1491 698 1521 715 τε
1543 690 1590 716 καὶ
1615 688 1762 724 βεϐηκότα,
1789 690 1834 715 καὶ

1042 737 1112 771 ὅπερ
1127 736 1200 763 ἐστὶν
1217 735 1335 771 ἀληθῶς,
1350 735 1465 772 ὁρᾶσθαι
1481 735 1591 770 πρέπει,
1612 735 1662 761 οὐκ
1676 735 1835 761 εὐκατάσει-

1043 790 1114 815 στον,
1132 782 1191 809 οὐδὲ
1210 782 1336 817 ἐλαφρὸν,
1354 782 1386 808 οὐ
1398 781 1587 808 κατάπλαστον
1610 780 1705 816 ἔχοντα
1721 780 1752 807 τὸ
1767 789 1833 817 χρη-

1043 827 1115 859 στὸν,
1129 829 1175 854 καὶ
1188 827 1282 863 ὥσπερ
1296 828 1351 860 δῖος
1364 827 1403 863 τῷ
1414 828 1503 863 κωδίῳ
1518 826 1696 858 κατααιὰζει
1711 826 1834 853 ἐθέλοντα

202 867 315 915 .Isuorum
327 892 436 913 morum
455 883 609 911 libertatem
623 880 755 911 retineat;
770 878 885 912 ideoque
906 877 995 912 inquit

1051 873 1094 909 τὴν
1106 873 1187 900 λύκου
1205 873 1322 909 μορφὴν,
1342 873 1442 908 μᾶλλον
1461 873 1490 900 δὲ
1508 873 1614 908 γυμνὴν
1636 873 1683 899 καὶ
1704 872 1835 908 ἀνεπίλη-

202 935 244 961 lcx
260 942 267 960 :
285 942 294 958 ‹
309 932 368 960 Non
392 928 547 958 ambulabis
567 926 660 954 dolose
680 925 707 952 in
728 928 808 959 gente
821 927 882 955 tua,
905 930 995 957 neque

201 976 295 1004 oderis
316 975 429 1002 fratrem
453 977 529 999 tuum
552 971 580 997 in
604 969 688 997 corde
713 973 759 995 tuo
782 968 814 994 ".
831 978 839 992 ›
864 967 995 994 Eamdem

203 1028 311 1056 quoque
334 1027 391 1047 rem
415 1019 494 1046 aliter
514 1017 613 1052 ponit:
641 1025 650 1040 ι
674 1014 708 1041 Ει
730 1018 822 1046 veste,
845 1012 996 1047 inquit,cx

203 1067 312 1094 duobus
336 1069 407 1092 texta
429 1071 484 1090 non
508 1062 634 1090 indueris
645 1060 677 1087 ".
694 1070 702 1085 ›
718 1060 751 1086 Ει
773 1066 888 1086 rursus:
906 1068 915 1083 ‹
936 1058 996 1085 Non

204 1113 301 1140 indues
323 1111 504 1138 adulteratam
522 1112 626 1135 vestem
642 1114 676 1134 ex
698 1106 759 1132 lana
780 1105 891 1139 linoque
914 1104 995 1131 simul

203 1157 355 1184 confectam
369 1155 401 1181 “.
418 1164 426 1179 ι
442 1152 639 1182 Gravissimum
651 1151 725 1178 enim
743 1157 807 1177 sane
820 1149 924 1176 crimen
937 1154 996 1182 est,

203 1208 231 1230 et
245 1202 290 1230 cui
314 1201 387 1228 nulla
414 1199 594 1234 reprehensio
615 1197 651 1224 sit
669 1196 752 1227 satis,
770 1195 815 1222 illa
828 1195 856 1222 in
868 1195 997 1230 opinione

204 1248 350 1283 probitatis
373 1246 478 1274 fallacia
495 1250 523 1271 ct
536 1245 630 1276 dolus;
654 1250 741 1276 caque
764 1248 807 1268 res
828 1245 871 1268 est
889 1240 945 1267 Deo
968 1239 996 1266 in

204 1294 301 1328 primis
314 1292 408 1319 odiosa
420 1310 426 1322 ,
440 1296 467 1317 et
480 1294 622 1325 cognatam
630 1288 686 1314 fere
700 1294 809 1321 semper
820 1286 903 1313 habet
914 1285 997 1312 am'mi

205 1338 409 1373 duplicitatem,
428 1341 456 1362 ct
473 1335 539 1361 illud
563 1333 705 1361 sentcntizc
729 1338 857 1366 tanquam
882 1331 998 1358 biforme

205 1384 366 1418 variumque
399 1386 575 1417 portentum;
599 1379 700 1414 quibus
735 1378 818 1405 rebus
851 1385 928 1405 mens
953 1377 999 1404 illa

206 1430 297 1457 divina
309 1433 337 1456 et
349 1427 511 1455 immortalis
523 1426 555 1453 ad
576 1426 644 1452 iram
670 1426 787 1451 maxime
798 1428 996 1451 commovetur.

206 1476 280 1502 Dixit
299 1474 373 1502 enim
397 1477 471 1500 certe
488 1472 522 1499 de
544 1471 710 1506 quibusdam
726 1479 732 1497 :
750 1480 759 1495 ι
776 1470 879 1504 Sagitta
900 1469 998 1497 vulne-

207 1528 273 1548 rans
291 1520 384 1554 lingua
405 1525 502 1545 eorum
517 1526 523 1543 :
537 1517 631 1544 dolosa
655 1516 729 1544 enim
753 1520 817 1542 sunt
835 1515 918 1542 verba
942 1515 999 1542 oris

207 1571 319 1597 eorum;
332 1563 458 1598 proximo
479 1569 529 1590 suo
554 1561 678 1595 loquitur
690 1560 803 1596 paciﬁca
814 1581 820 1593 ,
834 1564 861 1587 et
874 1560 944 1587 intra
969 1568 998 1587 se

208 1610 292 1638 habet
303 1609 471 1636 inimicitias.
494 1607 624 1643 Nunquid
643 1608 725 1643 super
736 1607 780 1635 his
792 1615 848 1634 non
860 1607 999 1634 visitabo?

209 1655 276 1682 dicit
295 1653 444 1684 Dominus,
462 1656 509 1679 aut
532 1652 559 1679 in
585 1652 686 1687 populo
709 1651 754 1679 tali
775 1660 830 1679 non
851 1652 999 1679 ulciscetur

210 1700 300 1727 anima
321 1707 382 1727 mea
403 1699 444 1725 “‘2
459 1708 467 1724 ι
496 1698 683 1726 Ascensurum
699 1705 808 1733 quoque
829 1698 857 1724 in
880 1702 1001 1725 montem

209 1746 258 1773 Dei
274 1746 364 1781 inquit
376 1744 480 1776 David,
505 1744 680 1772 innocentem
702 1744 846 1776 manibus,
859 1748 888 1770 et
899 1743 1001 1771 mundo

210 1791 312 1823 corde,
326 1791 373 1826 qui
395 1799 450 1818 non
471 1790 536 1817 fecit
556 1790 649 1817 dolum
670 1790 698 1816 in
720 1789 812 1824 lingua
825 1796 890 1821 sua,
912 1796 1002 1823 neque

211 1837 276 1864 fecit
296 1836 422 1871 proximo
441 1843 491 1863 suo
513 1836 615 1862 malum
629 1835 663 1861 ”.
677 1835 757 1862 Vetat
780 1834 864 1870 igitur
885 1834 929 1861 lex
942 1838 1002 1861 tan-

211 1890 294 1917 quam
307 1889 364 1909 rem
379 1881 566 1917 turpissimam
577 1901 584 1913 ,
596 1885 626 1908 et
635 1881 664 1908 in
681 1880 779 1916 primis
791 1880 938 1907 absurdam
948 1900 954 1912 ,
968 1888 1002 1907 ne

211 1928 275 1962 quis
292 1927 320 1953 in
341 1926 405 1954 dolo
426 1926 566 1959 ambulet,
589 1925 617 1953 id
639 1929 697 1958 est,
722 1933 756 1953 ne
776 1926 902 1953 callidam
921 1930 1003 1960 atque

212 1975 331 2000 astutam
342 1972 407 1999 vitae
421 1972 554 1999 rationem
567 1972 748 2006 amplectatur
758 1992 764 2004 ,
776 1976 804 1999 et
816 1979 877 1998 cum
893 1972 1005 2007 iustitiae

212 2017 331 2052 speciem
344 2016 470 2049 simulet,
491 2016 656 2051 contemptis
667 2015 809 2044 charitatis
820 2016 936 2051 legibus,
948 2016 1005 2043 fra—

212 2068 269 2090 tres
280 2063 369 2090 ltcdat.
385 2062 494 2090 Vestem
517 2066 651 2097 prteterea
663 2069 714 2089 nos
733 2061 835 2089 habere
846 2070 901 2089 non
914 2062 1006 2089 sinite

213 2108 323 2136 duobus
345 2111 517 2141 contextam;
531 2116 584 2143 qua
606 2108 634 2135 in
658 2116 688 2136 re
712 2108 827 2143 figurate
849 2108 985 2143 significat
998 2127 1005 2139 ,

214 2154 366 2181 cavendum
378 2162 438 2181 esse
450 2162 485 2182 ne
505 2155 588 2182 veluti
601 2155 790 2190 duplicitatem
806 2155 953 2190 quamdam
978 2156 1005 2181 in

1047 928 1113 946 πτον
1130 920 1201 956 ἔχειν
1218 919 1378 954 ἐπείγεσθαι
1391 919 1437 946 τοῦ
1459 919 1522 946 [δίου
1534 919 1636 954 τρόπου
1652 919 1700 954 τὴν
1724 918 1834 945 ἐλευθε-

1047 966 1117 1001 ρίαν.
1144 966 1289 1001 Τοιγάρτοι
1309 965 1391 1001 φησὶν
1405 966 1419 992 ό
1433 965 1529 1000 νόμος·
1551 974 1560 990 t
1574 965 1611 991 Οὐ
1627 964 1746 1000 πορεύσῃ
1769 964 1836 999 δόλῳ

1046 1013 1075 1039 ὲν
1089 1012 1128 1038 τῶ
1150 1011 1220 1039 ἔθνει
1239 1020 1296 1044 σου,
1312 1011 1359 1038 καὶ
1382 1011 1413 1038 οὐ
1440 1012 1567 1047 μισήσεις
1582 1011 1628 1037 τὸν
1649 1011 1763 1045 ἀδελφόν
1790 1019 1836 1036 σου

1046 1059 1078 1094 τῇ
1097 1057 1196 1094 καρδίᾳ
1214 1066 1271 1084 σου.
1287 1067 1295 1084 ι
1318 1057 1416 1093 Τιθησί
1432 1066 1462 1083 τε
1479 1057 1527 1084 καὶ
1542 1057 1642 1092 ἑτέρως
1656 1057 1737 1083 αὐτό·
1754 1065 1763 1082 ‹
1782 1057 1838 1083 Καὶ

1049 1103 1155 1138 ἱμάτιον
1179 1103 1243 1139 γὰρ,
1269 1103 1362 1138 φησὶν,
1387 1103 1419 1129 ὲκ
1433 1102 1480 1128 δύο
1502 1102 1655 1137 ὑφασμένον
1675 1102 1725 1128 οὐκ
1741 1101 1838 1128 ἐπιϐα-

1047 1149 1102 1181 λεῖς
1116 1150 1118 1152 ’
1133 1148 1249 1184 σεαυτῷ·
1267 1159 1276 1175 ι
1295 1149 1342 1175 καὶ
1365 1149 1462 1175 πάλιν·
1491 1158 1499 1174 ι
1518 1149 1574 1175 Οὐκ
1592 1147 1689 1183 ἐνδύσῃ
1712 1147 1839 1183 κίὸδηλον

1047 1194 1119 1230 ἔριον
1142 1195 1189 1222 καὶ
1205 1195 1276 1221 λίνον
1293 1195 1322 1221 ὲν
1337 1194 1376 1229 τῷ
1395 1194 1478 1229 αὐτῷ.
1496 1203 1504 1220 ι
1525 1194 1668 1220 Πάνδεινον
1685 1193 1740 1229 γὰρ
1771 1193 1838 1229 ἀλη-

1048 1241 1102 1272 Θῶς
1118 1241 1163 1267 καὶ
1190 1240 1285 1276 μώμου
1306 1239 1407 1271 παντὸς
1421 1240 1560 1271 ἐπέκεινα,
1579 1240 1634 1270 τοῖς
1650 1239 1679 1266 ὲν
1698 1239 1833 1274 ὑπολήψει

1047 1288 1230 1323 χρηστότητος
1244 1286 1336 1322 ἀπάτη
1358 1286 1406 1313 καὶ
1417 1285 1491 1318 δόλος
1508 1294 1515 1301 ·
1541 1285 1587 1312 καὶ
1613 1285 1671 1312 ἐστι
1694 1285 1725 1312 τὸ
1744 1285 1841 1321 χρῆμα

1047 1333 1103 1360 τῶν
1126 1333 1196 1367 ἄγαν
1220 1333 1295 1368 παρὰ
1316 1332 1377 1367 Θεῷ
1400 1331 1659 1366 κατεστυγημένων,
1683 1332 1730 1358 καὶ
1757 1331 1842 1357 ἀδελ-

1051 1379 1105 1415 φὴν
1123 1378 1185 1414 ἔχον
1207 1378 1250 1406 ἀεί
1267 1387 1325 1410 πως
1352 1378 1401 1414 τὴν
1421 1377 1557 1412 διψυχίαν,
1575 1377 1622 1403 καὶ
1641 1378 1672 1404 τὸ
1694 1378 1774 1404 οἱονεὶ
1790 1378 1841 1412 τῆς

1049 1424 1161 1460 γνώμης
1181 1424 1274 1459 διφυὲς
1299 1432 1328 1450 τε
1351 1424 1399 1450 καὶ
1423 1423 1649 1458 ἀλλοπρόσαλλον,
1670 1424 1712 1458 ὲιρ¹
1730 1421 1771 1456 οἷς
1796 1425 1840 1450 ὅτι

1052 1471 1169 1506 μάλιστα
1201 1469 1389 1505 καταθήγεται
1411 1469 1480 1505 πρὸς
1498 1469 1583 1505 ὀργὰς
1607 1471 1621 1496 ὸ
1647 1470 1717 1502 θεῖός
1741 1478 1771 1496 τε
1794 1470 1842 1496 καὶ

1050 1517 1187 1552 ἀκήρατος
1206 1515 1278 1547 νοῦς.
1301 1516 1373 1550 Ἔφη
1388 1515 1441 1551 γάρ
1459 1524 1509 1542 που
1532 1515 1597 1551 περί
1612 1524 1693 1542 τινων
1704 1524 1711 1531 ·
1740 1525 1749 1540 ι
1765 1514 1841 1547 Beli;

1050 1562 1240 1598 τιτρώσκουσα
1256 1562 1273 1597 ἡ
1301 1561 1412 1595 γλῶσσα
1434 1561 1523 1587 αὐτῶν
1538 1569 1545 1576 ’
1563 1561 1637 1588 δόλια
1656 1561 1711 1596 γὰρ
1735 1561 1769 1587 τὰ
1793 1562 1842 1596 ρή-

1053 1616 1126 1643 ματα
1152 1607 1199 1633 τοῦ
1224 1606 1357 1642 στόματος
1383 1606 1472 1633 αὐτῶν
1487 1615 1494 1621 ·
1520 1606 1560 1641 τῷ
1578 1606 1690 1641 πλησίον
1702 1606 1783 1633 αὑτοῦ
1795 1606 1842 1632 λα-

1051 1654 1093 1680 λεῖ
1114 1652 1148 1680 τὰ
1175 1652 1310 1688 εἰρηνικὰ,
1331 1653 1377 1679 καὶ
1399 1653 1428 1679 ὲν
1459 1652 1547 1688 ἑαυτῷ
1576 1652 1632 1687 ἔχει
1657 1652 1707 1687 τὴν
1731 1651 1841 1686 ἔχθραν.

1052 1698 1098 1734 Μὴ
1116 1698 1163 1725 ἐπὶ
1177 1698 1282 1730 τούτοις
1298 1698 1348 1725 οὐκ
1376 1699 1575 1733 ὲπισκέψομαις
1591 1698 1665 1732 λέγει
1692 1697 1802 1732 Κύριος,
1825 1698 1842 1732 ἥ

1052 1745 1082 1771 ὲν
1095 1744 1153 1780 λαῷ
1167 1745 1280 1781 τοιούτῳ
1291 1746 1340 1771 οὐκ
1352 1745 1491 1780 ἐκδικήσει
1505 1746 1522 1780 ὴ
1532 1745 1605 1780 ψυχή
1620 1753 1670 1780 μου
1681 1752 1688 1776 ;
1708 1753 1717 1770 ι
1729 1743 1844 1779 Ἀναεή-

1055 1790 1151 1817 σεσθαι
1166 1791 1193 1817 δὲ
1206 1791 1254 1818 καὶ
1270 1792 1309 1823 είς
1321 1791 1351 1818 τὸ
1365 1791 1426 1826 ὕρος
1443 1790 1489 1817 τοῦ
1505 1790 1608 1825 Κυρίου
1625 1790 1706 1825 φησὶν
1720 1790 1734 1815 ὁ
1750 1789 1843 1821 Δαΰὶό,

1053 1835 1099 1862 τὸν
1121 1836 1210 1862 ἀθῶον
1234 1836 1322 1872 χερσὶ,
1350 1836 1399 1863 καὶ
1412 1836 1532 1872 καθαρὸν
1557 1837 1590 1871 τῇ
1615 1835 1724 1871 καρδίᾳ,
1737 1835 1766 1866 ὃς
1793 1835 1843 1861 οὐκ

1054 1881 1182 1908 ὲδόλωσεν
1203 1882 1231 1907 ὲν
1244 1881 1363 1917 ,γλώσσῃ
1385 1880 1478 1913 αὑτοῦ,
1497 1880 1557 1907 οὐδὲ
1579 1881 1691 1916 ἐποίησε
1706 1879 1745 1914 τῷ
1775 1879 1844 1914 πλη-

1056 1928 1113 1954 σίον
1135 1927 1218 1954 αὑτοῦ
1245 1928 1340 1954 κακόν.
1366 1928 1533 1962 Ἀποφάσκει
1554 1927 1585 1961 δὴ
1598 1924 1645 1954 οὖν
1659 1927 1673 1953 ὁ
1698 1927 1779 1962 νόμος
1806 1927 1845 1958 ὡς

1056 1973 1198 2009 αἴσχιστόν
1216 1982 1245 1999 τε
1264 1973 1310 2000 καὶ
1333 1973 1447 2008 ἀπηχὲς,
1471 1973 1501 1999 τδ
1526 1974 1555 2000 ἐν
1574 1973 1642 2008 δόλῳ
1668 1973 1843 2008 πορεύεσθαι,

1055 2019 1188 2050 τουτέστι,
1205 2019 1235 2046 τὸ
1267 2018 1429 2054 πανούργως
1453 2018 1560 2045 ἑλέσθαι
1592 2017 1677 2053 βιοῦν,
1701 2019 1749 2044 καὶ
1773 2019 1841 2044 ὑπο-

1058 2065 1222 2093 πλάττεσοαι
1244 2065 1293 2100 μὲν
1317 2065 1367 2100 τῆς
1382 2065 1554 2100 δικαιοσύνης
1566 2065 1596 2091 τδ
1610 2065 1712 2100 σχῆμα,
1732 2064 1845 2091 κατασί-

1057 2111 1150 2137 νεσθαι
1168 2111 1196 2137 δὲ
1217 2111 1358 2145 ἀδελφοὺς,
1378 2110 1432 2137 τῶν
1463 2110 1513 2145 τῆς
1533 2111 1643 2146 ἀγάπης
1655 2110 1744 2145 νόμων
1770 2111 1847 2145 ﬁes:-

1057 2157 1159 2192 δηκότα
1172 2154 1184 2173 θ’
1198 2156 1300 2192 ἄμφιόν
1319 2165 1350 2191 γε
1368 2157 1420 2192 μὴν
1436 2157 1507 2192 ἔχειν
1532 2157 1606 2192 ἡμᾶς
1630 2157 1680 2184 οὐκ
1700 2157 1733 2192 ἐᾷ
1760 2157 1791 2182 τὸ
1814 2157 1846 2182 ἐκ

213 2199 335 2226 animum
369 2199 563 2232 adinittamus;
587 2199 669 2235 246
700 2199 889 2234 duplicitatem
921 2207 998 2234 porrt

1058 2203 1130 2230 δυοῖν
1141 2203 1306 2237 ὑφασμένον,
1326 2203 1441 2238 αἴνιγμά
1456 2212 1507 2230 που
1524 2203 1554 2230 τὸ
1574 2203 1669 2239 χρῆμα
1689 2203 1784 2235 τιθεὶς,
1800 2202 1847 2229 τοῦ

214 2245 351 2272 internam
368 2253 400 2272 ac
413 2245 584 2280 spiritualem
601 2251 662 2270 esse
683 2243 794 2278 inquam
805 2264 812 2275 ,
836 2244 910 2271 illam
931 2252 1008 2271 exse-

213 2290 344 2317 crabilem
376 2290 537 2317 hominibus
570 2289 694 2323 placendi
725 2289 921 2324 cupiditatem,
947 2298 1008 2324 qua:

214 2333 290 2361 velut
308 2342 343 2361 ex
357 2333 465 2360 duobus
487 2333 618 2360 intexitur
635 2333 749 2365 studiis,
763 2341 818 2360 non
832 2333 1009 2362 mediocriter

196 2416 198 2419 ι
214 2377 286 2404 inter
303 2385 332 2405 se
352 2377 553 2405 ditferentibus.
574 2376 640 2410 Quae
658 2378 732 2405 enim
751 2378 874 2413 qualisve
894 2383 937 2407 est
955 2380 1007 2407 alia

204 2422 419 2463 ‘hypocritarum
433 2423 505 2454 vita.
527 2423 597 2456 nisi,
620 2428 651 2451 ut
668 2424 698 2451 in
721 2429 869 2460 conspectu
896 2425 1007 2460 quidem

216 2469 357 2497 hominum
388 2470 452 2497 boni
471 2470 524 2497 viri
542 2475 691 2505 appareant
713 2479 744 2498 ac
766 2472 911 2499 vidcantur
931 2480 1006 2503 esse,

216 2521 270 2541 non
282 2515 337 2542 sint
348 2520 439 2543 tamen
454 2524 549 2544 revera
562 2516 664 2551 probi?

251 2654 349 2682 PALL.
364 2654 435 2683 Sane
446 2663 522 2684 vero.
548 2685 551 2687 .

249 2699 328 2728 CYR.
342 2701 412 2737 Ergo
424 2702 548 2738 duplices
564 2708 628 2731 sunt
639 2704 720 2732 nobis
734 2712 824 2732 mores
837 2713 851 2732 c
863 2705 1005 2733 dissimili-

216 2745 267 2773 bus
286 2747 473 2777 voluntatibus
495 2751 625 2778 contexti.
650 2750 685 2777 At
714 2758 780 2778 vero
801 2751 899 2780 beatus
921 2753 1004 2781 David

250 2835 272 2851 “
286 2836 380 2864 Matth.
393 2838 472 2869 v,20.
508 2839 530 2855 "
558 2840 645 2867 Levit.
663 2848 716 2873 xix,
736 2841 778 2868 17.

1060 2249 1096 2285 μὴ
1121 2248 1274 2284 ἀνέχεσθαι,
1304 2249 1415 2285 διπλόην
1432 2250 1525 2285 ὣσπερ
1543 2250 1615 2285 ἔχειν
1642 2251 1682 2281 εὶς
1711 2249 1791 2276 νοῦν·
1807 2249 1847 2275 δι-

1058 2293 1142 2328 πλόην
1167 2293 1195 2320 δὲ
1225 2290 1295 2320 εἶναί
1328 2303 1414 2329 φημι,
1441 2295 1489 2330 τὴν
1517 2294 1571 2321 ἔσω
1593 2295 1640 2321 καὶ
1665 2294 1772 2330 νοητὴν,
1799 2294 1849 2329 τὴν

1059 2339 1197 2375 ἐπάρατον
1232 2339 1510 2376 ἀνθρωπαρέσκειαν,
1545 2341 1562 2376 ἢ
1589 2341 1620 2366 ὲκ
1650 2340 1721 2366 δυοῖν
1754 2339 1850 2375 ὥσπερ

1058 2386 1241 2412 ἀναπλέκεται
1267 2386 1485 2421 στωυδασμάτοιν
1500 2407 1507 2418 ,
1531 2387 1580 2422 τὴν
1601 2383 1639 2418 εἰς
1666 2386 1768 2421 ἄλληλα
1791 2386 1849 2412 δια-

1058 2431 1162 2467 φθορὰν
1176 2431 1207 2457 οὐ
1222 2431 1335 2467 μετρίαν
1354 2432 1585 2467 ὴρρωστηκότοιν.
1604 2432 1651 2463 Τίς
1673 2431 1728 2466 γὰρ
1743 2431 1760 2467 ἢ
1774 2432 1848 2462 ποῖος

1058 2477 1113 2505 τῶν
1132 2478 1286 2514 ὑποκριτῶν
1312 2478 1326 2504 ό
1348 2477 1423 2513 piae;
1456 2476 1500 2513 ἆρ’
1522 2478 1582 2513 οὐχὶ
1605 2478 1635 2504 τὸ
1664 2479 1694 2504 ἐν
1715 2478 1774 2512 ὕψει
1801 2477 1850 2512 μὲν

1059 2524 1210 2559 ἀνθρώπων
1237 2523 1351 2559 ὁρᾶσθαι
1384 2525 1530 2559 χρηστοὺς,
1559 2524 1649 2551 καὶτὸ
1684 2524 1772 2551 δοκεῖν
1803 2524 1853 2559 μὲν

1060 2568 1141 2602 εἶναι,
1161 2569 1198 2605 μὴ
1226 2569 1279 2605 μὴν
1296 2569 1335 2596 ἔτι
1360 2570 1407 2596 καὶ
1436 2568 1505 2596 εἶναι
1533 2570 1604 2596 κατὰ
1630 2570 1759 2605 ἀλήθειαν
1785 2577 1852 2605 χρη·

1062 2623 1140 2646 στους
1153 2622 1160 2647 ;

1095 2660 1200 2687 ΠΔΛΛ.
1229 2659 1282 2687 Καὶ
1298 2660 1380 2695 μάλα.

1098 2706 1180 2732 ΚΥΡ.
1202 2706 1294 2738 Διττδς
1319 2705 1365 2734 οὖν
1384 2708 1398 2734 ὁ
1419 2708 1517 2744 τρόπος
1534 2709 1562 2742 ἐξ
1579 2707 1714 2743 ἀνομοίων
1731 2708 1796 2742 ἡμῖν
1810 2706 1853 2732 οε-

1059 2752 1188 2787 λημάτων
1217 2752 1411 2789 ὲξυιρασμένος.
1435 2755 1504 2781 Ἀλλ’
1527 2755 1541 2781 ὃ
1557 2763 1588 2789 γε
1613 2754 1756 2785 θεσπέσιος
1773 2752 1855 2780 Δαειδ

829 2841 927 2870 "ibid.
942 2843 984 2870 f9.
1026 2844 1136 2881 “Deut.
1153 2854 1218 2878 xxn,
1236 2846 1278 2873 Η.
1319 2847 1340 2863 δ’
1367 2847 1421 2875 Jer.
1443 2855 1478 2881 ix,
1498 2848 1524 2876 8.
1567 2849 1589 2864 '°
1605 2848 1763 2879 Psalm.x|v,
1779 2847 1806 2880 5,
1826 2846 1852 2873 -L
