3990 6196
316 214 425 276 5’25

988 213 1075 269 DE
1108 212 1550 270 ADORATIONE
1591 214 1655 269 IN
1697 211 1965 269 SPIRITU
2005 211 2093 266 ET
2133 211 2495 269 VERITATE.
2535 208 2661 269 LIB.
2705 216 2812 272 νυ.

3485 215 3588 272 δτὶϐ

319 328 643 399 ἀποδέχεται
690 323 786 380 τὸν
839 326 1171 397 μονότροπον
1224 328 1318 381 καὶ
1366 329 1581 396 φειδοῦς
1629 325 1900 394 ἀξιοῦσθαί

2013 328 2278 400 approbat
2301 328 2465 385 unius
2489 330 2661 385 moris
2681 330 2895 393 virum,
2920 342 3156 398 cumque
3191 342 3428 397 superna
3457 344 3586 397 pro-

318 438 454 492 φησι
493 419 597 490 τῆς
636 415 844 473 ἄνωθεν
869 434 884 450 ·
948 437 967 470 ι
990 419 1198 491 Κύριος
1225 419 1335 492 γὰρ
1390 420 1692 485 κατοικίζει
1746 437 1903 491 μονο-

318 515 573 587 τρόπους,
618 514 802 586 φησὶν,
855 515 915 568 ἐν
961 512 1118 585 οἴκῳ.
1154 533 1173 565 ι
1236 514 1655 586 Διασκορπίζειν
1705 516 1763 570 δὲ
1818 515 1903 568 λέ-

317 624 476 677 γεται
518 608 612 661 καὶ
642 608 671 660 6
726 607 862 670 Θεὸς
906 606 1043 660 ὀστᾶ
1098 605 1621 680 ἀνθρωπαρέσκων’
1655 623 1904 678 καταμυ-

319 685 576 753 σάττεται
598 698 656 750 δὲ
686 698 748 752 τὸ
782 698 973 769 χρῆμα
1011 698 1106 751 καὶ
1134 700 1162 751 6
1183 698 1414 764 Παῦλος,
1440 699 1613 769 λέγων
1641 714 1657 729 ο
1684 718 1704 751 ι
1744 700 1903 770 Ἀρτι

318 790 431 860 γὰρ
457 787 781 861 ἀνθρώπους
803 787 1000 851 πείθω,
1031 788 1065 859 ἢ
1099 787 1191 842 τὸν
1222 788 1393 855 Θεόν;
1441 790 1475 860 ἢ
1510 789 1657 861 ζητῶ
1689 787 1900 860 ἀνθρὼ-

317 898 446 945 ποις
467 874 755 953 ἀρέσκεινς
802 880 851 933 εί
897 879 978 933 ἔτι
1012 879 1324 951 ἀνθρώποις
1369 880 1623 954 ἤρεσκον,
1660 879 1896 952 Χριστοῦ

314 975 506 1037 δοῦλος
532 974 634 1026 οὐκ
668 972 736 1026 ἀν
771 973 938 1043 ήμην.
968 991 986 1023 ι

390 1065 596 1118 (IAM.
637 1063 748 1117 Kal.
784 1063 889 1116 τίνι
939 1062 1051 1118 τῶν
1108 1063 1278 1119 ὄντων
1321 1067 1422 1120 οὐκ
1449 1065 1785 1137 ἀσυμφανὲς,
1827 1065 1904 1128 ὡς

315 1155 548 1210 ἔκτοπον
573 1154 789 1226 ἀληθῶς
823 1154 916 1207 καὶ
960 1155 1063 1225 τῆς
1111 1155 1374 1229 ἀκριϐοῦς
1424 1156 1715 1228 ὀρθότητος
1750 1157 1904 1210 ἀπω-

316 1247 471 1303 τάτω
496 1246 561 1300 τὸ
587 1245 835 1317 διψυχεῖν
863 1263 926 1299 τε
953 1246 1051 1299 καὶ
1089 1246 1510 1318 ὕποκρίνεσθαι;

384 1338 555 1392 ΚΥΡ.
603 1338 848 1408 Ἀγάπης
883 1333 977 1391 οὖν
1015 1337 1125 1408 ἄρα
1167 1338 1379 1408 καρπὸς
1421 1338 1523 1408 τῆς
1584 1337 1903 1408 ἀμωμήτως

315 1426 730 1498 ἐσκευασμένης
763 1426 860 1480 καὶ
899 1427 1054 1498 ἀνδρὶ
1086 1426 1403 1498 πρεπούσης
1454 1425 1649 1496 δικαίῳ
1700 1442 1760 1479 τε
1807 1426 1903 1480 καὶ

314 1516 529 1588 ἀγαθῷ,
555 1518 616 1572 τὸ
644 1517 988 1590 ἀπηλλάχθαι
1014 1517 1187 1571 δόλου.
1219 1517 1331 1571 Καὶ⁸
1361 1516 1518 1570 τοῦδε
1543 1517 1655 1570 δεῖν
1691 1515 1755 1587 δή
1794 1533 1900 1586 φη-

319 1628 406 1667 σιν
432 1613 464 1665 ό
505 1611 689 1683 νόμος,
745 1612 836 1665 τόν
900 1627 966 1678 γε
1013 1610 1089 1676 ὡς
1137 1608 1354 1680 ἀληθῶς
1402 1609 1503 1679 τῆς
1554 1606 1901 1679 δικαιοσύνης

2007 419 2250 474 videntia
2289 420 2517 492 dignum
2539 420 2730 475 haberi
2770 417 2942 475 dicit:
2980 439 2998 470 ι
3026 420 3325 485 Dominus,
3372 419 3586 489 inquit,

2007 509 2317 566 inhabitare
2353 511 2483 567 facit
2506 512 2670 567 unius
2698 510 2870 566 moris
2904 511 2959 565 in
2984 510 3148 579 domo
3170 511 3235 564 ".
3261 529 3280 561 ι
3309 509 3589 580 Dissipare

2004 601 2172 655 etiam
2227 603 2373 657 Deus
2409 602 2614 657 dicitur
2662 617 2787 657 ossa
2827 601 3144 657 hominibus
3202 601 3587 672 placentium:

2006 692 2150 749 idem
2175 709 2393 764 quoque
2429 695 2625 749 vitium
2646 695 2849 750 Paulus
2881 704 3235 760 exsecratur,
3263 709 3389 748 cum
3412 693 3583 749 dicit:

2011 803 2032 837 ι
2063 784 2222 840 Modo
2245 786 2394 840 enim
2422 786 2741 842 hominibus
2763 786 2968 842 suadeo
2987 826 3001 851 ,
3027 802 3096 841 an
3135 786 3283 841 Deo?
3306 801 3377 840 an
3400 800 3585 856 quaero

2004 874 2322 932 hominibus
2363 877 2680 947 placere‘lsi
2719 876 2900 932 adhuc
2938 877 3256 933 hominibus
3279 878 3580 948 placerem,

2004 968 2215 1026 Christi
2239 985 2434 1025 servus
2453 985 2563 1024 non
2586 984 2764 1025 essem
2793 969 2857 1023 ⁸⁸.
2884 988 2903 1020 ι
3252 952 3256 959 ’

2072 1058 2270 1114 PALL.
2294 1058 2395 1115 Cui
2415 1074 2547 1115 vero
2563 1074 2673 1114 non
2690 1058 3069 1115 sitobscurum
3088 1099 3105 1125 ,
3130 1059 3262 1129 quin
3281 1060 3582 1116 absurdum

2004 1164 2136 1204 sane
2167 1156 2223 1203 et
2263 1165 2295 1204 a
2341 1149 2648 1205 rectissima
2690 1148 2914 1204 vivendi
2955 1149 3144 1219 regula
3183 1149 3581 1206 alienissimum

2004 1241 2208 1311 duplici
2232 1242 2417 1297 animo
2437 1256 2559 1297 esse
2573 1282 2587 1307 ,
2619 1257 2686 1297 ac
2706 1241 3006 1298 simulare?

2075 1331 2233 1387 ΟΥΕ.
2260 1331 2521 1388 Perfecta:
2565 1331 2729 1402 igitur
2767 1330 3087 1396 eharitatis,
3111 1336 3168 1384 et
3210 1345 3333 1400 qua:
3372 1331 3580 1402 justum

2003 1424 2320 1494 bonumque
2334 1424 2517 1479 virum
2534 1424 2745 1490 deceat,
2769 1424 2984 1480 fructus
3004 1432 3110 1491 est,
3145 1440 3176 1480 a
3195 1423 3321 1479 dolo
3342 1424 3582 1480 alienum

2002 1530 2143 1571 esse.
2178 1516 2270 1571 Ait
2296 1516 2481 1587 itaque
2505 1516 2591 1571 lex
2619 1516 2903 1573 hominem
2922 1517 3147 1588 justitize
3184 1519 3344 1588 plane
3367 1519 3581 1575 studio-

2007 1622 2128 1662 sum
2153 1616 2208 1663 et
2234 1607 2492 1664 fraterna:
2520 1608 2806 1664 charitatis
2829 1615 3106 1665 amantem
3130 1610 3442 1666 existimare
3481 1611 3580 1666 de-

317 1702 677 1775 ὲπιμελητὴν,
716 1703 811 1757 καὶ
840 1702 1065 1774 ἀγάπης
1101 1701 1202 1773 τῆς
1236 1704 1315 1766 είς
1347 1701 1609 1771 ἀδελφοὺς
1637 1699 1892 1772 ἐραστὴν,

2006 1701 2168 1767 bere,
2208 1701 2285 1756 ita
2326 1702 2446 1772 ejus
2488 1702 2570 1756 rei
2610 1701 2839 1772 gloriam
2863 1716 2985 1757 esse
3010 1702 3336 1772 perfectam,
3382 1702 3429 1757 si
3470 1717 3583 1759 non

316 1793 497 1863 ὀρθῶς
536 1794 682 1865 ἔχειν
717 1793 926 1848 οἴεσθαι
954 1792 1053 1864 τὴν
1086 1792 1181 1844 ἐπὶ
1201 1792 1337 1863 τῷδε
1371 1792 1550 1857 δόξαν,
1583 1791 1687 1844 οὐκ
1736 1790 1898 1862 εἴπερ

316 1888 483 1951 αὐτός
524 1904 586 1940 τε
628 1889 724 1941 καὶ
759 1887 920 1959 μόνος
958 1889 1274 1957 παραιτοίτο
1305 1885 1528 1948 ἀδικεῖν,
1557 1883 1674 1939 ἀλλ’
1701 1886 1750 1937 εἰ
1804 1884 1899 1938 καὶ

316 1979 534 2049 γένοιτο
579 1978 875 2048 παιδευτὴς
936 1980 1030 2030 καὶ
1075 1977 1184 2033 τῶν
1243 1975 1390 2030 κατά
1435 1974 1593 2043 γένος
1644 1973 1894 2038 οἰκείων,

315 2072 486 2142 ἤγουν
532 2069 653 2124 καθ’
705 2068 894 2139 ἔτερόν
943 2084 1064 2122 τινα
1100 2068 1300 2139 τρόπον
1358 2065 1525 2134 ἐγγὺς
1570 2061 1895 2133 γεγονότων,

318 2165 411 2218 καὶ
442 2163 505 2217 τὸ
557 2164 656 2234 τῆς
686 2162 824 2235 πρὸς
860 2162 1029 2215 αὑτὸν
1055 2160 1391 2230 οἰκειότητος
1427 2156 1605 2226 ὄνομα
1656 2154 1897 2209 πεπλου-

316 2256 585 2327 τηκότων.
633 2256 929 2327 Παρεγγυᾷ
956 2254 1015 2307 δὲ
1059 2254 1155 2307 καὶ
1179 2255 1209 2307 6
1238 2250 1450 2314 Παῦλος
1499 2248 1592 2303 τὸν
1626 2246 1895 2318 ἐπιμελη-

318 2347 547 2416 σόμενον
586 2345 933 2417 Ἐκκλησίας,
994 2344 1161 2398 τέκνα
1205 2342 1351 2414 ἔχειν
1396 2343 1455 2394 ὲν
1497 2340 1766 2412 ὑποταγῇ,
1801 2340 1897 2393 καὶ

316 2437 595 2504 ἀπόδειξιν
620 2436 683 2490 τὺ
734 2437 974 2507 πρᾶγμα
998 2435 1098 2505 τῆς
1147 2434 1373 2505 ἐνούσης
1410 2433 1561 2503 αὐτῷ
1595 2431 1898 2495 ἐπιεικείας

316 2531 413 2583 καί⁵
452 2529 549 2601 μή,
587 2530 821 2582 ποιεῖται
849 2528 1027 2596 λέγων
1054 2543 1070 2561 ν
1100 2540 1126 2580 ε
1159 2524 1224 2580 Εἰ
1250 2526 1306 2579 δέ
1333 2542 1416 2591 τις
1444 2525 1536 2580 τοῦ
1581 2525 1711 2578 ἰδίου
1744 2524 1894 2578 οῐκου

315 2620 623 2692 προστῆναι
655 2619 758 2672 οὐκ
789 2614 921 2684 οἶδε,
952 2618 1069 2681 πῶς
1105 2616 1433 2688 Ἐκκλησίας
1454 2616 1591 2670 Θεοῦ
1626 2613 1894 2685 ἐπιμελή-

317 2729 475 2766 σεται
497 2729 512 2775 ;
546 2728 565 2761 ι
599 2709 699 2764 Διά
718 2708 876 2763 τοῦτό
899 2725 1062 2781 φησιν
1090 2709 1118 2761 6
1136 2708 1300 2778 νόμος
1320 2706 1397 2770 ὡς
1427 2708 1486 2761 ἐν
1513 2705 1894 2778 παραδείγμα-

314 2822 410 2868 τος
439 2805 651 2876 τρόπῳ,
682 2803 774 2856 καὶ
821 2797 1089 2872 ἐναργοῦς
1116 2800 1324 2865 εἰκόνος
1343 2816 1358 2830 ο
1417 2818 1436 2851 ι
1486 2800 1611 2853 Ἐὰν
1646 2799 1702 2853 δὲ
1728 2815 1896 2870 κερα··

312 2896 440 2967 τίσῃ
489 2893 693 2966 ταῦρος
736 2894 907 2966 ἀνδρα
936 2893 970 2964 ἢ
1004 2893 1258 2961 γυναῖκα,
1293 2891 1389 2945 καὶ
1426 2891 1693 2962 ἀποθάνῃ,
1725 2890 1897 2954 λίθοις

2000 1792 2117 1861 ipse
2159 1792 2426 1847 duntaxat
2460 1793 2618 1857 vitet,
2640 1807 2711 1847 ne
2743 1792 2899 1848 alteri
2929 1799 3154 1859 noceat;
3181 1792 3278 1849 sed
3315 1794 3482 1849 etiam
3515 1809 3582 1850 ea

1998 1883 2055 1937 in
2071 1897 2130 1939 re
2156 1883 2371 1939 caeteris
2394 1884 2654 1953 magister
2688 1884 2788 1950 sit,
2814 1884 2909 1953 qui
2947 1885 3034 1939 vel
3077 1900 3276 1957 genere
3300 1886 3582 1956 conjuncti

1998 1985 2157 2042 sunt,
2181 1978 2268 2032 vel
2314 1977 2424 2033 alio
2446 1977 2643 2047 quovis
2679 1978 2843 2033 modo
2865 1978 3019 2033 illum
3066 1981 3376 2051 attingunt,
3402 1988 3459 2035 et
3498 1978 3579 2034 illi

1999 2076 2128 2123 sunt
2156 2067 2581 2123 necessitudinis
2601 2068 2824 2125 nomine
2847 2069 3107 2125 devincti.
3135 2071 3388 2141 Praecipit
3414 2072 3581 2127 etiam

1998 2160 2232 2225 Paulus,
2265 2166 2359 2225 ut,
2396 2160 2491 2230 qui
2528 2160 2789 2216 Ecclesiae
2829 2175 3018 2216 curam
3052 2170 3138 2217 est
3167 2161 3490 2228 habiturus,
3520 2162 3582 2217 ﬁ-

1997 2251 2102 2307 lios
2132 2251 2334 2307 habeat
2370 2252 2676 2323 subjectos,
2694 2260 2842 2309 etea
2871 2269 2932 2309 re
2958 2262 3216 2325 tanquam
3261 2264 3581 2326 argumento

1997 2343 2202 2409 utitur,
2241 2358 2352 2413 quo
2374 2343 2639 2413 probetur
2658 2383 2673 2408 ,
2714 2344 2857 2400 sitne
2879 2344 2936 2399 in
2962 2358 3031 2399 eo
3048 2359 3263 2400 morum
3298 2347 3578 2416 probitas,

1999 2450 2209 2500 necne,
2258 2450 2385 2490 cum
2422 2434 2558 2490 dicit
2598 2453 2612 2488 :
2674 2454 2693 2487 ι
2737 2434 2795 2491 Si
2842 2436 2967 2506 quis
3009 2445 3192 2492 autem
3226 2437 3413 2493 domui
3467 2455 3582 2496 suae

1998 2543 2231 2599 praeesse
2267 2527 2479 2592 nescit,
2511 2526 2789 2597 quomodo
2825 2527 3083 2584 Ecclesiae
3120 2528 3217 2585 Dei
3240 2529 3580 2601 diligentiam

1999 2619 2226 2676 habebit
2247 2619 2328 2672 ⁸³ἳ
2360 2637 2380 2671 ι
2435 2619 2622 2689 Itaque
2650 2619 2740 2674 lex
2773 2611 2844 2674 ob
2885 2633 3007 2675 eam
3053 2636 3294 2687 causam,
3323 2630 3578 2693 tanquam

1996 2710 2068 2766 ad
2097 2709 2476 2765 similitudinis
2519 2718 2578 2765 et
2616 2709 2887 2765 evidentis
2915 2709 3166 2783 imaginis
3197 2712 3454 2780 modum,
3491 2715 3580 2771 in-

1996 2804 2118 2873 quit
2146 2821 2159 2857 :
2195 2821 2213 2854 ι
2247 2802 2304 2858 Si
2333 2818 2505 2858 cornu
2549 2802 2885 2874 percusserit
2914 2808 3103 2861 taurus
3130 2805 3311 2860 virum
3342 2808 3431 2862 vel
3456 2822 3580 2862 mu-

1996 2896 2309 2960 lierem,‘et
2333 2894 2633 2959 occiderit,
2664 2895 2944 2965 lapidibus
2983 2896 3250 2952 obruetur
3273 2903 3491 2963 taurus,
3525 2909 3582 2953 ct

313 2986 799 3058 λιθοϐοληθήσεται
848 2988 878 3040 6
923 2982 1143 3056 ταῦρος,
1178 2984 1274 3039 καὶ
1317 2984 1378 3037 οὐ
1431 2981 1772 3055 βρωθήσεται
1826 2982 1897 3036 τά

2006 3004 2193 3045 carnes
2228 2990 2349 3060 ejus
2376 3003 2486 3043 non
2518 2988 2912 3053 comedentur,
2943 2988 3201 3045 dominus
3229 3000 3412 3046 autem
3440 2993 3580 3047 tauri

315 3081 460 3151 κρέα
482 3078 670 3144 αὐτοῦ,
697 3079 726 3130 6
756 3077 815 3131 δὲ
850 3075 1041 3148 κύριος
1082 3074 1178 3129 τοῦ
1210 3075 1416 3147 ταύρου
1472 3074 1648 3139 ἀθῶος
1703 3073 1858 3128 ἔσται
1878 3089 1893 3107 ·

318 3172 417 3226 ἐὰν
447 3170 507 3225 δὲ
533 3171 563 3225 6
597 3168 800 3241 ταῦρος
824 3166 1154 3239 κερατιστὴς
1253 3167 1362 3239 πρὸ
1388 3166 1490 3238 τῆς
1518 3164 1645 3237 χθὲς
1672 3165 1769 3219 καὶ
1792 3164 1899 3237 πρὸ

317 3264 420 3334 τῆς
460 3262 676 3336 τρίτης,
718 3261 815 3316 καὶ
864 3259 1343 3333 διαμαρτύρωνται
1386 3258 1466 3330 τῷ
1506 3258 1683 3330 κυρίῳ
1711 3256 1897 3324 αὑτοῦ,

319 3356 417 3409 καὶ
443 3353 520 3427 μὴ
546 3353 783 3425 ἀφανίσῃ
826 3353 1011 3418 αὐτὸν,
1063 3352 1232 3424 ἀνέλῃ
1258 3351 1316 3406 δὲ
1366 3350 1534 3423 ἄνδρα
1562 3352 1596 3420 ή
1642 3353 1896 3420 γυναῖκα,

318 3449 349 3501 6
371 3446 577 3519 ταῦρος
613 3444 1113 3517 λιθοϐοληθήσεται,
1144 3445 1239 3499 καὶ
1267 3446 1296 3498 6
1334 3444 1522 3516 κύριος
1539 3442 1705 3498 αὐτοῦ
1730 3459 1899 3516 προσ-

322 3540 677 3593 αποθανείται
704 3552 717 3568 ·
750 3536 846 3591 ὲάν
887 3537 946 3591 δὲ
994 3538 1167 3608 λύτρα
1214 3536 1482 3607 ἐπιϐληθῇ
1529 3535 1700 3607 αὐτῷ,
1740 3535 1901 3590 δώσει

320 3631 496 3704 λύτρα
514 3631 615 3701 τῆς
648 3629 827 3700 ψυχῆς
860 3628 1050 3693 αὐτοῦ,
1078 3629 1180 3683 ὅσα
1229 3629 1325 3682 ἐὰν
1360 3628 1692 3683 ἐπιϐάλωσιν
1726 3628 1897 3699 αὐτῷ.

335 3721 461 3775 Ἑάν
496 3721 554 3775 δδ
585 3723 698 3775 υἱὸν
732 3722 765 3793 ἢ
814 3720 1089 3793 θυγατέρα
1134 3718 1398 3792 κερατίσῃ
1425 3721 1455 3773 ό
1509 3720 1729 3791 ταῦρος,
1760 3719 1902 3773 κατά

323 3814 383 3867 τὸ
412 3813 692 3882 δικαίωμα
723 3811 880 3866 τοῦτο
921 3812 1237 3882 ποιήσουσιν
1268 3810 1439 3881 αὐτῷ.
1485 3809 1610 3863 Ἐὰν
1641 3810 1699 3863 δὲ
1736 3808 1903 3862 παῖδα

326 3905 641 3977 κερατίσηή
674 3903 986 3973 παιδίσκην,
1017 3903 1284 3975 ἀργυρίου
1307 3902 1604 3972 τριάκοντα
1628 3901 1902 3973 δίδραχμα

324 3996 486 4050 δώσει
508 3996 589 4066 τῷ
614 3994 786 4067 κυρίῳ
817 3992 1019 4061 αὐτῶν,
1044 3994 1140 4048 καί.
1188 3995 1218 4046 6
1244 3990 1446 4062 ταῦρος
1490 3989 1905 4062 λιθοϐοληθήσε-

325 4105 435 4143 ται.
470 4108 491 4141 ι
527 4084 678 4158 Ἀρά
700 4098 782 4140 σοι
807 4087 979 4157 σαφὲς
1004 4085 1066 4140 τὸ
1089 4084 1505 4157 χρησμῴδημας

394 4265 609 4322 ΠΑΛΛ.
636 4269 711 4322 Οὐ
736 4267 963 4338 σφόδρα.

2003 3082 2269 3138 innocens
2301 3080 2442 3146 erit;
2483 3080 2530 3134 si
2571 3088 2755 3135 autem
2794 3087 2987 3135 taurus
3030 3091 3331 3153 cornupeta
3377 3083 3578 3141 fuerit.

1999 3181 2128 3230 ante
2173 3174 2498 3228 hesternum
2518 3179 2574 3227 et
2597 3180 2724 3227 ante
2750 3171 2977 3228 tertium
3001 3172 3148 3228 diem
3166 3215 3182 3240 ,
3211 3184 3267 3230 et
3295 3177 3579 3245 protestati

1999 3261 2207 3317 fuerint
2230 3261 2454 3316 domino
2482 3260 2604 3330 ejus
2621 3300 2636 3326 ,
2662 3267 2719 3316 et
2740 3276 2847 3315 non
2870 3261 3221 3318 absconderit
3246 3280 3394 3331 eum,
3413 3266 3583 3320 inter-

1997 3354 2193 3411 fecerit
2238 3363 2423 3411 autem
2464 3351 2646 3409 virum
2683 3352 2772 3406 vel
2822 3352 3138 3418 mulierem,
3180 3353 3340 3425 247
3392 3361 3582 3410 taurus

2000 3440 2370 3519 lapidabitu'r,
2419 3456 2477 3502 et
2521 3443 2777 3502 dominus
2812 3445 2932 3515 ejus
2978 3444 3203 3514 insuper
3263 3444 3529 3500 morietur
3565 3465 3576 3500 :

2002 3539 2147 3610 quod
2173 3540 2221 3594 si
2244 3538 2478 3610 pretium
2502 3553 2604 3608 pro
2633 3536 3009 3606 redemptione
3041 3552 3141 3591 sua
3172 3536 3225 3592 ei
3263 3535 3579 3607 impositum

2000 3630 2203 3696 fuerit,
2243 3630 2397 3687 dabit
2441 3631 2678 3701 pretium
2710 3642 2813 3699 pro
2859 3629 3041 3683 anima
3073 3643 3190 3694 sua,
3218 3629 3583 3700 quodcunque

2003 3721 2367 3792 imposuerint
2407 3721 2506 3776 illi.
2550 3720 2720 3789 Quod-
2745 3719 2790 3773 si
2817 3717 2987 3773 tilium
3010 3725 3108 3773 aut
3134 3718 3299 3774 ﬁliam
3323 3721 3585 3776 cornibus

2004 3814 2228 3884 petierit
2268 3820 2476 3876 taurus,
2519 3810 2824 3866 secundum
2862 3809 3110 3864 eamdem
3136 3810 3581 3879 justiﬁcationem

2004 3903 2207 3959 facient
2235 3903 2286 3959 ei
2315 3920 2329 3957 :
2357 3902 2503 3971 quod
2548 3902 2595 3955 si
2644 3916 2864 3955 servum
2911 3900 3172 3955 cornibus
3215 3900 3436 3971 petierit
3493 3905 3582 3958 vel

2005 3994 2287 4058 ancillam,
2331 3992 2485 4047 dabit
2521 3991 2744 4045 domino
2779 4005 2973 4045 eorum
3017 3990 3240 4061 triginta
3277 3992 3441 4047 siclos
3487 4010 3581 4048 ar-

2005 4082 2189 4155 genti,
2220 4091 2277 4137 et
2318 4088 2504 4136 taurus
2540 4081 2959 4151 lapidabitur“.
2992 4101 3009 4133 ι
3046 4081 3185 4137 Num
3217 4092 3467 4153 apertum
3496 4096 3582 4140 est

2008 4176 2106 4231 tibi
2158 4176 2264 4230 hoc
2299 4174 2394 4229 Dei
2435 4174 2791 4243 responsum?

2075 4265 2270 4322 PALL.
2295 4264 2416 4319 Non
2442 4262 2735 4318 admodum
2764 4277 2914 4321 sane.

397 4360 566 4413 KTP.
600 4358 790 4429 Ἀθρει
834 4359 899 4429 δὴ
939 4351 1034 4411 οῦν
1078 4358 1107 4411 ὅ
1153 4373 1318 4428 φημι,
1376 4356 1470 4410 καὶ
1519 4358 1625 4430 πρό
1683 4373 1746 4425 γε
1792 4356 1900 4410 τῶν

2072 4355 2229 4412 CYR.
2257 4353 2492 4410 Attende
2525 4353 2718 4423 igitur,
2744 4351 2887 4422 quod
2916 4352 3164 4409 dicturus
3201 4369 3353 4419 sum,
3377 4365 3433 4410 et
3455 4365 3582 4410 ante

330 4450 504 4503 ἀλλων
548 4450 629 4514 εἰς
660 4449 785 4503 νοῦν
805 4448 898 4518 ἔχε
947 4449 1040 4502 τὸν
1076 4447 1369 4521 ἱερώτατον
1416 4448 1649 4512 Παῦλον,
1675 4448 1775 4501 ὡδὶ
1810 4465 1903 4517 γε-

330 4541 618 4613 γραφόταυ
651 4556 671 4592 ι
716 4542 807 4613 Μὴ
840 4540 950 4595 τῶν
1001 4539 1138 4611 βοῶν
1196 4539 1348 4611 μέλει
1395 4539 1476 4611 τῷ
1520 4539 1677 4611 Qui};
1728 4541 1800 4593 Ἦ
1836 4540 1902 4593 δι’

330 4635 480 4703 ἡμᾶς
504 4633 725 4695 πάντως
747 4633 929 4702 λέγεις
963 4651 985 4685 ι
1021 4631 1222 4705 Ταύρῳ
1256 4632 1321 4703 δὴ
1342 4628 1437 4686 οὖν
1468 4631 1792 4705 παρεικάζει
1812 4633 1903 4686 τὸν

331 4725 596 4799 ὑϐριστήν
620 4743 679 4780 τε
707 4726 799 4780 καὶ
824 4724 1079 4790 ἀλαζόνα,
1107 4726 1200 4779 καὶ
1232 4725 1573 4780 πλεονεκτεῖν
1614 4727 1866 4796 ἰσχύοντα
1885 4765 1899 4778 .

331 4821 542 4891 Γαῦρον
594 4818 705 4890 γὰρ
745 4817 830 4871 ἀεί
869 4817 988 4881 πῶς
1026 4819 1144 4870 ἔστι
1180 4816 1275 4869 καὶ
1320 4816 1600 4890 ἀγέρωχον
1640 4815 1704 4869 τὸ
1741 4815 1901 4881 ζῶον,

331 4914 426 4968 καὶ
486 4911 770 4967 πάνδεινον
825 4911 904 4974 εἰς
953 4908 1146 4980 ἀλκὴν,
1196 4909 1290 4963 καὶ
1337 4906 1615 4961 δύσοιστον
1649 4906 1762 4978 εχει
1804 4906 1905 4979 τήν

330 5006 542 5077 ἔφοδον.
571 5004 678 5057 Τὸν
707 5003 772 5073 δὴ
818 5000 1078 5066 τοιοῦτον,
1109 5002 1159 5055 εἰ
1183 5001 1415 5071 γένοιτο,
1469 5001 1651 5071 φησὶν,
1685 5000 1901 5064 οἰκεῖος,

334 5098 429 5152 καὶ
454 5096 617 5150 οἱονεί
658 5112 777 5159 πως
824 5092 1256 5162 κατεζευγμένος
1304 5091 1413 5144 τῶν
1437 5091 1743 5162 όσιουργείν
1778 5091 1908 5161 ᾑρη-

339 5187 517 5256 μένων
562 5185 688 5247 τινὶ.
736 5182 1070 5256 παραλύσειέ
1109 5199 1191 5246 τε,
1246 5181 1445 5253 μᾶλλον
1498 5181 1555 5235 δὲ
1601 5183 1695 5234 καὶ
1729 5180 1907 5235 ἀνέλοι

339 5279 480 5341 τινὰ,
516 5270 870 5346 καταχωννὺς
900 5275 1041 5346 τάχα
1079 5291 1183 5327 που
1222 5275 1343 5336 ταῖς
1387 5271 1740 5338 πλεονεξίαις,
1769 5272 1908 5324 ἀπο-

341 5368 579 5423 τιννῦναι
622 5368 780 5439 δίκην
823 5368 922 5439 τὴν
955 5368 1042 5421 ἐπ’
1081 5365 1229 5435 αύτῷ
1261 5364 1477 5436 θανάτῳ
1529 5363 1862 5436 προστέταχε
1890 5378 1906 5394 ·

339 5458 538 5530 χρῆναι
590 5457 697 5528 ἔφη
743 5458 1084 5513 λιθόλευστον
1132 5455 1411 5526 τελευτᾷν.
1458 5452 1819 5507 ’Υποκλέπτει
1849 5451 1907 5504 δὲ

2008 4450 2113 4506 alia
2172 4446 2543 4504 animadverte
2600 4445 2749 4500 beati
2805 4445 2958 4501 Pauli
3003 4445 3170 4501 verba
3231 4446 3525 4503 scribentis
3564 4467 3579 4502 :

2017 4559 2036 4592 ι
2074 4538 2332 4610 Nunquid
2366 4536 2434 4593 de
2460 4536 2640 4592 bobus
2671 4551 2802 4592 cura
2829 4543 2913 4591 est
2942 4536 3098 4592 Deo?
3122 4536 3204 4591 An
3228 4548 3453 4608 propter
3478 4554 3584 4594 nos

2008 4633 2234 4690 omnino
2266 4632 2402 4687 dicit
2428 4631 2512 4685 ιιι
2534 4650 2552 4684 ι
2579 4630 2763 4686 Tauro
2787 4629 2955 4700 igitur
2980 4637 3262 4700 comparat
3305 4630 3583 4687 hominem

2008 4724 2464 4781 contumeliosum
2499 4729 2558 4778 et
2607 4728 2979 4792 arrogantem,
3012 4729 3069 4776 et
3104 4722 3199 4792 qui
3225 4722 3336 4777 vim
3382 4722 3585 4779 inferre

2010 4817 2221 4889 possit:
2255 4814 2554 4885 superbum
2590 4821 2675 4869 est
2706 4813 2853 4868 enim
2896 4811 3012 4868 fere
3054 4820 3112 4869 et
3162 4816 3431 4871 tumidum
3474 4817 3587 4873 hoc

2009 4907 2240 4972 animal,
2269 4915 2326 4961 et
2350 4904 2421 4961 ad
2453 4920 2689 4976 pugnam
2714 4903 3147 4959 valentissimum
3165 4944 3181 4969 ,
3203 4906 3428 4978 ejusque
3480 4907 3587 4963 im—

2008 4982 2172 5070 petus
2215 4996 2438 5054 diﬁcile
2494 4994 2753 5052 sustineri
2800 5001 2998 5065 potest.
3061 4995 3343 5066 Ejusmodi
3402 4997 3587 5069 itaque

2011 5089 2323 5153 hominem,
2362 5086 2572 5158 inquit,
2602 5086 2649 5142 si
2693 5084 3026 5142 domesticus
3068 5084 3269 5152 fuerit,
3316 5094 3373 5143 et
3414 5087 3584 5144 veluti

2012 5183 2296 5254 subjectus
2315 5180 2479 5237 alicui
2497 5180 2590 5252 pio
2619 5180 2880 5251 justoque
2913 5178 3035 5233 viro
3052 5219 3067 5243 ,
3096 5194 3162 5236 ac
3178 5179 3549 5236 debilitaverit
3566 5219 3582 5241 ,

2013 5274 2126 5330 imo
2154 5288 2290 5329 vero
2325 5272 2491 5328 etiam
2517 5269 2781 5327 occiderit
2824 5270 3134 5341 quempiam
3156 5311 3170 5336 ,
3194 5271 3436 5327 obruens
3458 5284 3587 5324 eum

2012 5362 2200 5433 iniqua
2258 5369 2557 5432 potestate,
2603 5359 2900 5415 admissum
2946 5360 3152 5416 crimen
3210 5367 3386 5414 morte
3433 5357 3588 5414 luere

2009 5448 2208 5524 jussit:
2229 5452 2504 5522 lapidibus
2520 5465 2756 5520 namque
2778 5449 2915 5504 mori
2939 5464 3065 5505 eum
3099 5456 3355 5519 oportere
3384 5448 3585 5523 inquit.

411 5643 455 5676 ⁸¹
485 5643 625 5699 Psal.
651 5657 811 5710 um,
847 5643 898 5697 7.
966 5641 1025 5715 ."
1052 5639 1224 5696 Galat.
1250 5655 1288 5705 ι,
1315 5637 1400 5692 l0.
1461 5636 1507 5669 ⁸³
1532 5634 1705 5690 l'l‘im.
1731 5635 1874 5698 "1,5.
1922 5633 1968 5667 ”
1990 5631 2164 5688 Exod.
2192 5648 2302 5697 xxi,
2335 5631 2519 5685 28-32.
2612 5632 2655 5663 "
2680 5631 2698 5687 l
2720 5631 2845 5687 Cor.
2869 5647 2943 5699 Ix,
2973 5631 3026 5699 9,
3075 5631 3161 5687 l0.
