1995 3098
217 139 267 168 527

730 139 757 167 S.
778 138 914 167 CYRILLI
934 139 1168 168 ALEXANDRINI
1189 141 1347 170 ARCHIEP.

1794 140 1847 169 5'23

218 197 359 225 Subtrahit
371 199 461 223 autem
476 195 509 222 ab
529 195 579 222 hac
591 202 670 230 poma
684 201 880 229 possessorem,
893 195 915 222 si
934 195 998 222 illiut

1059 197 1107 232 τῆς
1118 198 1201 233 ὀργῆς
1217 199 1261 224 τὸν
1276 197 1454 233 κεκτημένον,
1471 197 1494 223 εί
1513 197 1550 232 μὴ
1571 199 1620 233 τῆς
1637 197 1791 230 πλεονεξίας
1813 199 1849 225 εξ-

217 244 325 279 iuiquos
338 250 428 270 mores
445 241 598 277 ignorabat,
615 245 642 267 et
653 240 782 275 nequitia:
792 241 883 268 socius
894 241 1005 268 minime

216 289 298 315 fuisse
309 286 530 322 deprehendatur
544 295 550 311 :
564 292 653 319 neque
665 284 738 311 enim
753 284 869 311 aliorum
888 285 1005 312 crimina

216 338 307 360 nostra
320 336 383 358 sunt
393 352 399 363 ,
413 332 433 358 si
447 331 515 358 clam
529 331 609 357 nobis
620 330 809 358 admittantur.
822 331 900 358 Vesci
913 336 1005 358 autem

216 379 285 405 tauri
303 378 432 404 carnibus
450 380 523 404 vetat
538 386 543 402 :
558 376 584 403 in
597 384 652 411 quo
670 384 725 403 non
742 382 869 411 oportere
889 377 1006 404 aliorum

215 422 379 457 impuritatis
405 429 464 449 esse
486 426 645 453 consortes,
668 421 719 448 sub
740 422 868 448 vescendi
892 422 1005 457 partici-

215 468 350 503 pandiquc
375 468 460 503 ﬁgura
484 467 602 494 latenter
618 467 754 502 signiﬁcat
770 476 776 493 :
794 475 884 494 annon
912 472 1006 502 aperte

214 514 264 541 hoc
288 513 354 540 illud
374 518 416 541 est
433 523 438 539 :
461 523 469 539 ι
485 513 522 540 Te
537 514 626 547 ipsum
643 517 747 540 castum
772 513 894 545 custodi,
917 517 944 540 et
971 521 1007 542 ne

213 559 459 587 eommunicaveris
477 559 597 594 peccatis
610 559 708 586 alienis
718 559 758 585 5‘?
770 569 779 584 ι

249 604 346 631 PALL.
361 604 475 630 Maxime
487 612 563 631 vero.

247 650 325 677 CVR.
345 650 432 677 Simul
450 654 541 677 autem
556 658 619 677 cum
642 655 720 677 tauro
741 650 883 678 dominum
897 658 1006 686 quoque

213 696 335 722 damnari
354 695 491 728 decernit,
516 696 539 723 si
555 696 683 731 injuriam
707 696 809 723 illatam
831 697 959 729 sciverit,
979 702 1007 724 et

214 741 287 769 illius
311 741 485 776 iniquitatem
504 749 559 768 non
580 742 719 777 ignorasse
743 748 908 778 coarguatur
923 752 929 769 :
944 751 1007 770 nam

213 796 292 822 posse
305 788 415 822 quidem
430 788 539 823 iniquos
551 797 642 816 mores
657 797 785 817 coercere
795 810 801 821 ,
814 794 842 816 et
861 790 895 817 ab
907 790 1006 825 injuria

213 834 292 861 facile
311 834 469 869 prohibere,
483 835 530 862 sed
546 835 635 862 facere
650 836 722 862 nolle
733 856 739 868 ,
761 836 842 870 idque
856 836 1005 870 praesertim

1057 244 1113 279 δείη
1130 247 1174 270 τὸν
1187 244 1297 280 τρόπον,
1314 244 1380 279 μηδὲ
1401 244 1451 279 τῆς
1483 243 1588 271 ἐκείνου
1610 244 1777 279 φαυλότητος
1790 245 1849 272 ἁλί-

1059 298 1150 316 σκοιτο
1163 290 1290 321 κοινωνός
1300 299 1306 305 ·
1316 291 1346 316 οὐ
1357 290 1412 325 γὰρ
1419 290 1497 325 ἡμῶν
1514 290 1675 325 ἐγκλήματα
1686 291 1720 318 τὰ
1735 291 1848 326 ἑτέρων,

1058 336 1081 362 εἰ
1092 336 1208 371 λαθραῖα
1221 336 1325 370 γένοιτο
1338 337 1428 371 τυχόν.
1451 336 1567 362 Ἐσθίειν
1580 336 1601 363 δ’
1613 337 1662 362 οὐκ
1677 337 1709 371 ἑᾷ
1721 336 1768 363 τοῦ
1780 336 1848 363 ταύ-

1058 390 1105 418 ρου
1118 382 1150 408 τὰ
1166 383 1245 417 κρέα,
1258 382 1288 408 τό
1302 390 1343 408 τοι
1362 381 1398 416 μὴ
1414 383 1510 417 χρῆναι
1529 381 1691 416 μεταλαχεῖν
1716 383 1764 416 τῆς
1788 381 1849 408 ἑτέ-

1058 436 1112 462 ρων
1126 427 1304 462 ἀκαθαρσίας,
1321 427 1357 459 ὡς
1373 428 1401 453 ὲν
1418 427 1495 462 τύπῳ
1517 427 1556 461 τῷ
1571 427 1642 457 κατὰ
1667 426 1716 461 τὴν
1745 426 1848 461 βρῶσιν

1057 473 1103 499 καὶ
1110 473 1158 508 τὴν
1171 473 1251 499 οἱονεὶ
1263 472 1371 507 μέθεξιν
1381 472 1537 498 ὑποτυπῶν·
1550 469 1593 506 ἆρ’
1604 471 1666 505 οὐχὶ
1679 470 1757 497 τοῦτό
1772 471 1847 496 ἐστιν

1057 519 1189 554 ἐναργῶς,
1208 518 1247 550 τὸ,
1267 527 1275 543 ι
1293 517 1408 544 Σεαυτὺν
1422 517 1503 551 άγνδν
1522 517 1611 553 τήρει,
1632 517 1678 544 καὶ
1695 516 1732 552 μὴ
1750 516 1848 543 κοινώο

1056 572 1096 590 νει
1113 563 1261 598 ἁμαρτίαις
1275 563 1442 597 ἀλλοτρίαις
1460 571 1469 587 ι

1093 609 1197 635 ΠΑΛΛ.
1211 609 1285 635 Πάνυ
1300 608 1350 644 μὲν
1364 606 1421 635 οὖν.

1092 654 1174 681 ΚΥΡ.
1191 654 1476 687 Συγκαταδικάζεσθαι
1488 654 1516 680 δὲ
1527 653 1564 688 τῷ
1580 653 1672 688 μόσχῳ
1684 652 1845 679 δεδικαίωκε

1056 699 1100 726 τὸν
1115 699 1258 734 δεσπότην,
1277 700 1355 734 εἴπερ
1367 699 1450 733 εἰδείη
1462 699 1493 725 τὸ
1509 698 1713 734 πλημμεληθὲν,
1728 698 1776 724 καὶ
1792 707 1847 733 μα-

1057 745 1111 772 θὼν
1131 745 1268 780 ἐλέγχοιτο
1291 745 1339 781 τὴν
1361 745 1516 777 πλεονεξίαν
1532 752 1539 759 '
1565 745 1594 771 τὸ
1621 744 1674 780 γὰρ
1701 744 1846 779 ἀπείργειν

1056 790 1186 819 δύνασθαι
1196 790 1244 825 τῆς
1256 789 1362 821 ἀδικίας
1374 790 1437 821 τοὺς
1447 790 1575 825 τρόπους,
1592 790 1639 815 καὶ
1653 789 1845 815 κατακωλύειν

1057 834 1085 863 εὖ
1105 836 1176 871 μάλα
1189 836 1220 862 τὸ
1234 835 1404 871 πλημμελὲς,
1428 833 1488 862 εἶτα
1508 834 1587 861 τοῦτο
1602 834 1668 870 δρᾷν
1679 834 1729 860 οὐκ
1748 834 1845 869 ἀνέχε-

211 887 245 906 ex
271 880 421 912 industria,
449 881 648 916 propemodum
679 881 780 908 indicat
812 881 951 908 hominem
977 882 998 908 ir

1057 882 1129 912 σθαι,
1139 884 1185 909 καὶ
1196 882 1254 908 λίαν
1265 881 1502 916 ἐσπουδασμένως,
1520 881 1660 916 μονονουχὶ
1672 881 1720 907 καὶ
1735 889 1845 915 συνειρ-

211 926 336 953 faciendo
350 927 453 954 socium
468 927 565 958 fuisse,
581 931 608 954 et
628 926 701 961 quod
718 926 752 953 ad
772 926 940 954 voluntatem
951 947 957 959 ,
975 932 1003 954 et

211 979 355 999 commune
372 972 517 999 consilium
531 973 666 1007 pertinet,
681 980 744 999 cum
763 972 811 1005 iis,
833 973 881 1007 qui
907 978 1003 1000 contra

211 1018 251 1045 fas
261 1018 400 1052 quidpiam
415 1019 586 1046 committere
604 1018 708 1050 velint,
728 1026 840 1053 operam
853 1027 961 1053 quoque
976 1020 1003 1046 in

210 1073 242 1091 ea
255 1072 284 1092 re
297 1072 373 1092 suam
382 1066 507 1093 conferre
519 1065 648 1092 voluisse.
662 1065 803 1101 Ejusmodi
816 1065 899 1100 igitur
910 1066 1002 1098 homo,

212 1110 314 1144 inquit,
332 1114 419 1137 morte
440 1111 586 1142 multetur,
607 1110 661 1136 nisi
685 1109 803 1144 pretium
815 1113 843 1136 et
863 1117 912 1144 pro
929 1111 1003 1145 ejus-

211 1156 285 1183 modi
307 1156 470 1183 criminibus
495 1156 623 1183 admissis
643 1156 756 1182 multam
785 1156 891 1191 judices
915 1156 1003 1191 impo-

211 1203 325 1230 suerint.
343 1202 426 1238 248
443 1202 553 1237 Spectat
564 1203 638 1229 enim
653 1203 696 1229 lex
719 1202 753 1229 ad
773 1202 945 1230 clementiam
957 1222 963 1234 ,
976 1206 1004 1229 et

210 1248 358 1275 voluntatis
374 1249 401 1275 in
413 1249 551 1283 peccando
565 1249 738 1280 societatem,
754 1251 781 1274 et
793 1248 878 1275 solius
889 1256 1003 1275 consen-

210 1294 296 1322 sionis
307 1302 480 1321 concursum.
500 1305 507 1319 ι
521 1294 620 1321 Levius
633 1295 721 1329 punit,
736 1294 882 1328 siquidem,
896 1294 1000 1328 inquit,

207 1340 316 1374 judices
336 1340 371 1367 ita
391 1341 559 1368 censuerint.
578 1352 585 1365 ι
603 1341 661 1367 .lam
679 1342 789 1376 ﬁguram
802 1340 894 1375 accipe
912 1344 1002 1368 trans-

210 1386 291 1413 latam
303 1386 336 1414 ad
349 1387 472 1414 veritatis
484 1387 724 1422 significationem:
738 1387 783 1414 ille
795 1387 867 1414 enim
880 1387 1001 1413 omnium

207 1433 292 1467 judex
314 1432 472 1467 gravissima
498 1433 613 1460 crimina
641 1437 728 1460 morte
754 1433 891 1465 vindicat;
919 1433 1004 1460 mittit

210 1483 301 1505 tamen
328 1486 375 1505 eos
396 1479 442 1513 qui
466 1479 619 1514 peccarint,
639 1479 661 1505 si
679 1478 768 1513 pretia
790 1479 921 1511 oﬁerant,
939 1479 1002 1514 qui-

210 1525 262 1552 bus
275 1528 385 1560 peccata
401 1525 542 1552 solvantur
552 1545 559 1557 ,
574 1525 707 1560 lacrymas
723 1524 852 1551 nimirum
865 1525 1001 1559 poeniten-

1054 927 1189 962 γασμένον
1205 927 1350 960 ἀποφαίνει
1368 926 1413 952 τὸν
1438 925 1591 960 ἄνθρωπον,
1618 925 1664 951 καὶ
1686 925 1748 951 ὅσον
1776 923 1846 961 ἧκεν

1054 973 1094 1003 εἰς
1106 972 1214 1007 θέλησιν
1224 972 1270 998 καὶ
1281 971 1475 998 ταυτοϐουλίαν
1484 973 1540 1003 τοῖς
1550 970 1689 997 ἐθέλουσιν
1703 971 1846 1005 ἀνοοιουρ-

1054 1020 1113 1052 γεῖν
1128 1019 1175 1044 καὶ
1201 1019 1376 1044 συνεκπονεῖν
1397 1017 1545 1053 ᾑρημένον.
1574 1017 1701 1045 Τεθνάτω
1720 1017 1752 1052 δὴ
1770 1014 1818 1044 οὖν
1832 1018 1846 1043 ὀ

1054 1064 1166 1095 τοιόσδε,
1184 1064 1275 1099 φησὶν,
1304 1063 1373 1098 πλὴν
1397 1064 1420 1089 εί
1445 1063 1483 1098 μὴ
1499 1063 1584 1098 λύτρα
1609 1063 1655 1089 καὶ
1685 1063 1734 1094 τὰς
1758 1062 1786 1089 ἐν
1813 1071 1845 1096 γε

1053 1109 1157 1141 τούτοις
1173 1108 1274 1144 ζημίας
1289 1109 1407 1136 ἑπιθείεν
1419 1110 1443 1135 οἱ
1459 1109 1560 1144 κριταί.
1575 1108 1674 1134 Βλέπει
1692 1108 1720 1134 δὲ
1734 1108 1748 1134 ὁ
1763 1107 1845 1142 νόμος

1054 1155 1123 1190 πρὸς
1138 1155 1169 1181 τὸ
1184 1155 1311 1190 χρηστὸν,
1327 1156 1374 1182 καὶ
1393 1155 1552 1190 συνθέλησιν
1569 1155 1619 1190 τὴν
1638 1156 1677 1186 εἰς
1695 1154 1845 1190 ἁμαρτίαν,

1054 1201 1100 1227 καὶ
1125 1200 1162 1232 ὡς
1186 1202 1215 1227 ὲν
1239 1200 1302 1236 ψιλῇ
1327 1201 1478 1227 συναινέσει
1507 1200 1667 1236 συνδρομήν.
1701 1210 1710 1226 ‹
1728 1200 1845 1232 Κολάζει

1053 1246 1107 1281 γὰρ
1131 1246 1323 1281 μετριώτερον,
1339 1246 1419 1281 εἴπερ
1433 1245 1546 1277 ἕλοιντο,
1562 1246 1654 1280 φησὶν,
1673 1246 1697 1272 οἱ
1713 1245 1813 1281 κριταί.
1833 1255 1842 1270 ι

1054 1292 1109 1318 Καὶ
1123 1291 1201 1326 δέχου
1219 1291 1264 1317 τὸν
1278 1291 1363 1317 τύπον
1388 1292 1428 1322 είς
1444 1290 1573 1326 ἀλήθειαν
1589 1299 1596 1305 ·
1614 1290 1775 1326 κατακρίνει
1794 1290 1845 1325 μὲν

1053 1337 1107 1372 γὰρ
1136 1334 1243 1372 θανᾶτῳ
1257 1337 1291 1363 τὰ
1313 1337 1477 1372 παγχάλεπα
1503 1337 1556 1363 τῶν
1572 1336 1816 1372 πλημμελημάτων
1831 1338 1846 1363 ὁ

1054 1383 1162 1409 πάντων
1176 1384 1283 1419 κριτὴς.
1307 1383 1377 1419 πλὴν
1393 1383 1535 1419 προσίεται
1550 1383 1612 1414 τοὺς
1633 1382 1842 1418 ἡμαρτηκότας,

1053 1429 1101 1455 καὶ
1114 1429 1197 1465 λύτρα
1220 1429 1437 1465 προσφέροντας,
1454 1429 1488 1456 τὰ
1503 1429 1551 1464 τῆς
1574 1429 1710 1464 ἁμαρτίας
1733 1429 1842 1458 λυτικὰ.

1053 1474 1084 1500 τὸ
1103 1475 1135 1501 ἐκ
1160 1475 1304 1510 μετανοίας
1317 1475 1444 1511 δάκρυον,
1465 1475 1510 1501 τὸν
1525 1475 1570 1500 ἐπὶ
1583 1476 1642 1506 ταῖς
1657 1474 1843 1510 μεταγνώσεσι

1055 1523 1146 1556 πόνον,
1158 1524 1207 1558 τῆς
1223 1523 1283 1558 ὲλεη
1289 1522 1406 1557 μοσύνης
1428 1523 1491 1553 τοὺς
1510 1522 1628 1557 τρόπους
1640 1530 1647 1536 ·
1666 1531 1675 1547 ι
1691 1522 1841 1549 Κατακαυ-

211 1570 272 1602 the,
292 1570 468 1604 laboremque
487 1570 689 1602 conversionis,
707 1574 734 1597 et
750 1570 928 1606 eleemosynaa
944 1578 998 1598 mo-

1057 1569 1137 1602 χᾶται
1167 1567 1221 1603 γὰρ
1251 1567 1324 1598 ἔλεος
1357 1567 1484 1603 κρίσεως,
1503 1576 1512 1592 ι
1542 1567 1614 1593 κατὰ
1637 1566 1686 1597 τὰς
1714 1566 1840 1602 Γραφάς.

209 1615 259 1642 dos
273 1625 278 1641 ς
298 1625 306 1640 ι
318 1615 509 1650 Superexaltat
521 1616 594 1642 enim
603 1615 791 1643 misericordia
802 1616 936 1651 judicium
948 1616 997 1649 ⁵⁷,›

207 1661 283 1696 juxta
303 1660 470 1696 Scriptu_ras.
494 1661 623 1697 Diligenti
643 1669 752 1696 quoque
771 1662 929 1689 discrimine
958 1663 1002 1690 lex

208 1706 350 1742 distinguit
361 1714 409 1734 eos
420 1706 465 1741 qui
480 1707 579 1742 injuria
589 1707 643 1734 sint
655 1706 745 1734 affecti
755 1716 760 1734 :
769 1715 830 1734 nam
841 1727 848 1740 ,
861 1708 883 1735 si
896 1707 981 1735 ﬁlium
992 1728 999 1740 ,

209 1752 312 1787 inquit,
326 1756 372 1779 aut
387 1751 471 1779 ﬁliam
490 1757 589 1780 taurus
605 1753 754 1785 occiderit,
782 1754 933 1786 moriatur,
950 1762 1000 1782 nec

209 1797 281 1824 ullus
288 1797 324 1824 sit
337 1797 506 1824 miserationi
517 1798 609 1825 locus:
623 1798 666 1825 sin
680 1806 787 1826 servum
801 1803 848 1826 aut
861 1800 998 1833 ancillam,

207 1845 351 1875 argentum
363 1849 413 1876 pro
428 1841 484 1868 illis
499 1842 633 1877 exigatur.
653 1842 797 1870 Rationem
819 1844 901 1878 igitur
919 1844 1000 1880 hujus

207 1885 373 1914 discriminis
396 1886 535 1921 inquirere
559 1888 606 1922 qui
625 1887 684 1915 ﬁeri
704 1893 795 1923 potest
814 1894 843 1916 ut
858 1889 998 1926 indignum

207 1931 250 1961 sit.
276 1939 338 1959 cum
361 1931 513 1966 praesertim
534 1931 614 1959 liberi
636 1933 762 1967 servique
790 1933 945 1961 ditl'eren'tia
971 1935 998 1961 iu

207 1976 286 2004 nobis
302 1985 356 2004 non
368 1981 472 2004 natura:
486 1977 585 2005 vitium
601 1979 635 2005 sit
647 1999 654 2011 ,
668 1978 756 2013 qualis
775 1983 818 2007 est
837 1980 932 2014 procul
946 1981 997 2007 du-

208 2023 253 2050 bio
270 2024 338 2050 mala
351 2024 496 2056 valetudo,
511 2024 558 2052 sed
571 2033 605 2052 ex
619 2026 804 2060 potentiorum
821 2027 997 2062 oppressione

207 2070 356 2097 nascatur?
378 2080 386 2096 ι
410 2069 484 2097 Idem
501 2079 620 2106 namque
648 2080 699 2099 nos
717 2073 840 2100 condidit
862 2074 948 2105 Deus,
970 2079 997 2101 et

207 2122 278 2141 unus
296 2119 339 2141 est
355 2115 476 2142 omnium
493 2116 575 2144 Pater
593 2118 626 2149 ",
651 2128 659 2143 ι
691 2119 767 2153 juxta
789 2119 929 2153 propheta:
950 2127 997 2145 vo-

205 2166 274 2185 cem.
291 2158 362 2186 Num
388 2160 471 2195 igitur
490 2161 622 2189 Conditor
648 2168 741 2190 noster
758 2165 899 2192 nonnullis
911 2165 993 2192 etiam

205 2204 366 2232 servitutem
389 2213 439 2240 pro
462 2206 577 2234 crimine
597 2208 726 2235 ascribit?
741 2217 806 2235 num
821 2210 893 2244 apud
906 2210 993 2244 ipsum

203 2257 313 2285 quoque
331 2252 440 2279 servilis
459 2253 579 2279 conditio
597 2254 666 2280 nihil
681 2254 823 2287 penditur,
840 2259 867 2282 et
883 2256 994 2283 libertas

204 2297 305 2331 majore
330 2297 416 2332 gloria
441 2298 547 2332 pollet?
570 2298 680 2325 Minime
703 2306 789 2326 vero:
807 2309 815 2325 ι
836 2300 865 2326 ln
884 2300 993 2328 Christo

203 2341 276 2367 enim
286 2341 350 2368 Jesu
366 2349 421 2368 non
438 2346 481 2369 est
497 2350 609 2374 servus,
626 2351 715 2377 neque
728 2343 798 2370 liber
812 2345 844 2372 π’.
866 2355 873 2369 ι
892 2345 991 2380 igitur,

202 2387 267 2421 quia
285 2387 329 2414 lex
348 2388 444 2415 umbra
462 2393 516 2419 est.
536 2396 585 2424 per
606 2389 693 2416 ﬁlium
712 2398 745 2417 ac
766 2389 849 2417 ﬁliam
871 2391 991 2419 liberum

201 2436 358 2459 sanctorum
372 2433 512 2460 hominum
525 2442 610 2469 genus
621 2435 805 2470 signiﬁcatur;
821 2444 869 2471 per
880 2445 989 2464 servum

202 2484 267 2504 vero
283 2482 311 2505 et
322 2479 445 2506 ancillam
466 2479 532 2506 illud
548 2480 638 2507 adhuc
655 2481 753 2508 servile
772 2489 872 2517 genus,
887 2487 914 2509 et
927 2490 990 2517 pec-

201 2523 253 2550 cati
268 2524 331 2557 jugo
352 2525 515 2560 subjectum.
539 2525 598 2553 Non
612 2530 654 2554 est
675 2527 758 2562 igitur
774 2535 823 2562 par
842 2528 941 2563 injuria
960 2529 988 2557 in

201 2573 307 2595 sanctos
332 2573 413 2604 atque
430 2571 457 2597 in
484 2576 643 2606 peccatores
671 2572 755 2605 facta,
776 2581 865 2608 neque
892 2575 988 2602 cadem

200 2621 326 2641 mensura
339 2614 496 2649 plectuntur
506 2622 617 2651 peccata
635 2617 662 2644 in
674 2622 805 2652 utrosque
819 2620 963 2647 commissa
980 2629 986 2647 :

198 2666 261 2685 nam
273 2667 332 2686 esse
345 2660 455 2694 quidem
469 2665 526 2688 tum
540 2662 604 2694 hos,
618 2667 674 2689 tum
688 2663 748 2689 illos
759 2668 857 2691 natura
870 2664 986 2697 fratres,

198 2705 325 2732 omnibus
339 2705 440 2740 liquet;
465 2707 511 2734 sed
528 2712 616 2735 tamen
634 2712 792 2735 sanctorum
810 2710 932 2737 conditio
945 2715 988 2738 est

198 2749 332 2782 spirituali
340 2751 514 2784 excellentia,
527 2757 554 2779 et
566 2752 697 2779 virtutum
716 2753 884 2782 sublimitate
899 2762 985 2790 supe-

1059 1612 1173 1648 Ἀκριὸῆ
1200 1612 1229 1638 δὲ
1254 1613 1267 1638 ὁ
1284 1612 1365 1647 νόμος
1387 1611 1434 1638 καὶ
1465 1611 1515 1647 τὴν
1535 1611 1582 1638 ἐπὶ
1606 1612 1661 1643 τοῖς
1693 1611 1841 1637 πεπονθόσι

1052 1660 1170 1685 ποιεῖται
1194 1657 1335 1692 διαστολὴν
1349 1666 1355 1673 ·
1372 1659 1396 1684 εἰ
1423 1657 1474 1693 μὲν
1501 1658 1555 1693 γὰρ
1578 1657 1634 1684 υἱὸν
1654 1658 1670 1692 ἡ
1690 1657 1838 1693 θυγατέρα,

1052 1704 1144 1739 φησὶν,
1159 1705 1172 1730 ὁ
1193 1703 1292 1739 μόσχος
1308 1703 1400 1739 ἀνέλῃ,
1421 1703 1542 1730 τεθνάτω
1558 1703 1604 1730 καὶ
1630 1703 1838 1739 άφιλοικτιρμό-

1051 1758 1103 1782 νως
1119 1758 1126 1765 ο
1142 1750 1166 1776 εί
1189 1750 1217 1776 δὲ
1233 1750 1316 1777 παῖδα
1338 1749 1354 1785 ἢ
1376 1749 1533 1784 παιδίσκην,
1559 1749 1692 1785 ἀργύριον
1716 1749 1787 1776 ἔστω
1808 1750 1837 1776 τὸ

1051 1795 1121 1831 ὑπὲρ
1137 1796 1225 1823 αὐτῶν
1239 1795 1413 1832 ζητούμενον.
1432 1795 1480 1827 Τίς
1501 1793 1547 1822 οὖν
1566 1797 1580 1822 ὁ
1604 1796 1692 1829 λόγος,
1708 1795 1767 1827 πῶς
1788 1796 1837 1823 οὐκ

1050 1841 1124 1874 ἄξιον
1138 1841 1220 1874 ἰδεῖν;
1238 1842 1326 1868 καίτοι
1350 1842 1381 1868 τὸ
1408 1841 1550 1877 ἐλεύθερόν
1570 1850 1599 1867 τε
1622 1842 1669 1868 καὶ
1695 1841 1789 1868 δοῦλον
1808 1843 1837 1868 ὲν

1049 1889 1127 1923 ἡμῖν,
1144 1888 1176 1914 ἐκ
1201 1887 1359 1919 πλεονεξίας
1382 1888 1430 1914 καὶ
1452 1888 1503 1914 οὐκ
1524 1887 1694 1923 ἀρρώστημα
1717 1888 1835 1922 φύσεως,

1049 1933 1176 1969 καθάπερ
1203 1934 1298 1969 ἀμέλει
1324 1934 1371 1961 καὶ
1392 1934 1423 1960 τὸ
1450 1935 1555 1960 νοσεῖν·
1585 1943 1593 1958 ι
1616 1931 1664 1965 Εἷς
1683 1933 1738 1969 γὰρ
1762 1934 1836 1968 ἡμᾶς

1049 1979 1139 2006 ἔκτισε
1152 1979 1229 2011 Θεὸς,
1246 1980 1293 2006 καὶ
1302 1976 1364 2011 είςό
1375 1979 1484 2006 πάντων
1501 1979 1623 2014 Πατὴρ,»
1641 1979 1710 2006 κατὰ
1725 1978 1774 2014 τὴν
1789 1978 1834 2005 τοῦ

1049 2026 1189 2062 προφήτου
1209 2026 1310 2061 φωνήν.
1322 2024 1384 2061 'Ap‘
1399 2023 1445 2052 οὖν
1459 2026 1497 2058 ὡς
1510 2020 1642 2060 Ἐγκλημα
1653 2024 1700 2052 καὶ
1712 2024 1834 2052 δουλείαν

1048 2071 1219 2107 καταγράφει
1230 2071 1312 2098 τινῶν
1325 2072 1340 2097 ὸ
1352 2072 1521 2107 Δημιουργὸς
1533 2080 1540 2105 ;
1554 2069 1609 2107 ἄρα
1621 2072 1669 2098 καὶ
1683 2072 1748 2107 παρ’
1761 2073 1834 2109 αὺτῷ

1046 2117 1077 2144 τδ
1093 2118 1184 2144 δοῦλον
1201 2119 1229 2144 ἐν
1255 2118 1353 2153 μειοσι,
1374 2119 1421 2145 καὶ
1448 2118 1510 2154 δόξῃ
1530 2119 1687 2145 πλεονεκτεῖ
1704 2119 1735 2146 τὸ
1756 2119 1832 2146 ἐλεύ-

1047 2162 1139 2199 θερον;
1163 2164 1201 2189 οὐ
1223 2164 1271 2198 μὲν
1286 2162 1342 2190 οὖν.
1360 2173 1369 2189 ι
1396 2163 1440 2190 Ἐν
1462 2164 1516 2199 γὰρ
1538 2164 1649 2200 Χριστῷ
1673 2164 1759 2200 Ἰησοῦ
1784 2166 1833 2192 οὐκ

1046 2208 1084 2235 ἔνι
1104 2209 1206 2241 δοῦλος,
1225 2208 1286 2235 οὔτε
1309 2209 1461 2245 ἐλεύθερος.
1479 2220 1488 2236 ι
1510 2210 1626 2241 Οὐκοῦν.
1652 2210 1716 2237 σκιὰ
1742 2211 1795 2246 γὰρ
1818 2213 1833 2238 ὁ

1046 2255 1137 2289 νόμος,
1154 2255 1198 2281 διὰ
1219 2255 1269 2289 μὲν
1284 2255 1343 2281 uio?)
1360 2265 1389 2282 τε
1408 2256 1454 2282 καὶ
1472 2256 1617 2291 θύγατρος,
1632 2256 1663 2283 τὸ
1689 2256 1832 2291 ἐλεύθερον

1044 2300 1098 2327 τῶν
1111 2301 1368 2336 ἁγίωνσημαίνεται
1393 2302 1471 2336 γένος
1484 2310 1491 2317 ·
1512 2301 1556 2328 διὰ
1581 2302 1609 2328 δέ
1633 2310 1665 2336 γε
1685 2301 1780 2333 παιδός
1801 2310 1831 2328 τε

1044 2346 1091 2372 καὶ
1105 2346 1261 2381 παιδίσκης,
1278 2346 1309 2373 τὸ
1328 2346 1418 2373 δοῦλον
1435 2347 1474 2373 ἔτι
1499 2348 1547 2374 καὶ
1567 2347 1619 2374 ὑπὸ
1636 2347 1718 2382 ζυγὸν
1738 2347 1831 2383 ἀμαρ-

1042 2390 1111 2422 τίας.
1135 2391 1214 2417 Ἐστι
1228 2391 1256 2417 δὲ
1271 2391 1300 2417 οὺ
1315 2392 1424 2424 ταυτὸν,
1439 2392 1469 2418 τὸ
1485 2392 1658 2428 πλημμελεῖν
1681 2393 1721 2423 είς
1737 2392 1831 2426 ἁγίους

1041 2436 1256 2472 ῆάμαρτωλούς.
1274 2437 1425 2468 Κολάζεται
1437 2437 1465 2464 δὲ
1476 2438 1527 2464 οὐκ
1551 2438 1579 2464 ἐν
1609 2438 1658 2472 ῐσῳ
1684 2437 1778 2473 μέτρῳ
1796 2437 1831 2463 τὰ

1042 2481 1085 2507 ἐπ’
1101 2482 1202 2517 ἀμφοῖν
1217 2491 1223 2497 ·
1241 2482 1282 2508 ὃτι
1309 2482 1359 2518 μὲν
1388 2483 1443 2519 γὰρ
1469 2483 1579 2517 ἀδελφοὶ
1594 2483 1644 2518 τὴν
1663 2482 1755 2517 φύσιν,
1775 2483 1829 2509 οἶδε

1042 2535 1071 2553 τε
1087 2527 1219 2559 κάκεῖνοι,
1234 2528 1315 2554 παντί
1332 2537 1370 2563 τῳ
1393 2528 1494 2563 σαφές·
1511 2528 1567 2555 ἀλλ’
1592 2528 1651 2555 ἔστι
1677 2528 1709 2554 τὸ
1738 2529 1827 2562 ἅγιον,

1040 2573 1070 2599 ὲν
1084 2574 1203 2610 ὑπεροχῇ
1218 2575 1250 2609 τῇ
1265 2576 1446 2610 πνευματικῇ,
1462 2576 1508 2601 καὶ
1529 2576 1557 2602 ὲν
1572 2576 1628 2607 τοῖς
1652 2576 1702 2610 τῆς
1727 2575 1829 2610 ἀρετῆς

1040 2618 1168 2654 ὐψὼμασι
1182 2628 1189 2635 ·
1206 2621 1252 2646 καὶ
1267 2620 1343 2656 παρὰ
1358 2621 1396 2656 τῷ
1411 2621 1470 2656 Θεῷ
1490 2621 1590 2656 τίμιον,
1603 2622 1641 2653 ὼς
1654 2622 1701 2648 καὶ
1714 2622 1743 2647 ὲν
1768 2620 1827 2646 υἱοῦ

1039 2665 1114 2699 τάξει
1128 2666 1254 2700 γενέσθαι
1269 2668 1315 2693 καὶ
1333 2666 1478 2703 θύγατρος,
1494 2668 1541 2694 καὶ
1557 2668 1587 2694 τὸ
1612 2666 1783 2702 ἀνθρώπινόν
1798 2672 1825 2691 τε

1039 2711 1087 2737 καὶ
1103 2711 1285 2748 δουλοπρεπὲς
1295 2713 1498 2749 ὑπερφέρεσθαι
1520 2714 1631 2748 μέτρον.
1658 2713 1825 2748 Ὀσιουργεῖν

1038 2757 1065 2783 δὲ
1079 2757 1187 2792 ὀνόμος
1207 2759 1253 2784 καὶ
1275 2759 1386 2794 ἀγάπης
1410 2759 1519 2794 ἔχεσθαι
1547 2759 1596 2794 τῆς
1620 2760 1659 2791 είς
1681 2758 1822 2792 ἀδελφοὺς.

218 2837 240 2854 ⁵⁸
255 2838 345 2866 I‘Tim.
361 2848 386 2874 ν,
402 2841 445 2868 2‘2.
478 2842 500 2858 ³⁷
515 2841 607 2870 Jacob.
620 2850 649 2875 tl,
663 2843 688 2870 3.
720 2843 743 2860 "
758 2833 871 2871 Malach.
890 2852 919 2878 ιι,
937 2844 978 2870 10.

1051 2844 1131 2872 Galat.
1145 2852 1184 2877 ιιι,
1202 2845 1248 2873 28.
