3990 6196
303 355 408 411 529

983 359 1069 415 DE
1107 358 1547 418 ADORATIONE
1580 364 1648 419 IN
1690 364 1957 422 SPlRlTU
1997 365 2087 422 ET
2126 364 2492 423 VERITATE.
2535 363 2662 418 LIB.
2704 363 2815 418 ΥΠ.

3458 362 3564 419 δδο

303 474 399 527 καὶ
430 473 553 527 καθ’
586 471 805 546 ἐτέρους
849 476 984 546 ἡμῖν
1039 477 1339 549 εἰσηγεῖται
1368 477 1620 549 τρόπους,
1650 478 1744 544 οὒς
1789 479 1862 533 κα¹

1988 482 2130 549 rior,
2156 490 2213 538 et
2242 483 2355 538 Deo
2387 481 2525 536 adeo
2553 477 2705 535 chari
2731 484 2888 543 sunt,
2927 486 2987 532 ut
3013 477 3069 532 in
3096 476 3194 532 lilii
3216 484 3273 532 et
3304 475 3425 531 lilia:
3442 477 3563 535 loco

305 565 645 636 παραθέντες
694 566 913 638 ἐφεξῆς,
953 568 1016 622 τὸ
1049 571 1128 633 είς
1162 568 1287 624 νοῦν
1339 564 1476 642 ἧκον
1527 572 1612 640 ἐφ’
1665 572 1881 645 ἑκάστῳ

220 688 226 693 ς
304 656 556 728 ὲροῦῖιεν.
594 657 740 729 Ἔφη
789 658 900 730 γάρ
941 659 1102 714 πάλιν
1131 676 1146 692 ’
1207 679 1226 713 ι
1276 661 1403 715 Ἐὰν
1444 662 1502 715 δέ
1554 680 1638 726 τις
1696 663 1879 736 ἀνοίξῃ

300 743 527 809 λακκον,
559 747 591 818 ἢ
624 746 908 820 λατομήση
928 749 1157 815 λάκκον,
1204 752 1298 805 καὶ
1325 752 1400 824 μὴ
1437 751 1651 823 καλύψῃ
1694 753 1877 819 αὑτὸν,

301 836 398 889 καὶ
422 837 639 908 ἐμπέσῃ
679 840 798 891 ἐκεῖ
829 840 1048 910 μόσχος,
1080 841 1112 911 ἢ
1141 841 1283 905 δνος,
1315 843 1344 894 6
1386 840 1575 915 κύριος
1602 843 1697 896 τοῦ
1744 843 1874 898 λὰκ·

300 946 397 981 κου
432 928 701 994 ἀποτίσει,
743 930 1005 1002 ἀργύριον
1028 932 1191 985 δώσει
1229 933 1308 1003 τῷ
1362 935 1535 1007 κυρίῳ
1564 934 1764 999 αὐτῶν,
1819 936 1880 989 τὸ

296 1019 355 1072 δὲ
379 1020 777 1092 τετελευτηκὸς
825 1021 976 1092 αὐτῷ
1008 1022 1184 1079 ἔσται.
1225 1042 1244 1076 ι
1279 1024 1449 1077 Τοῦτο
1475 1024 1530 1078 δέ
1562 1028 1709 1079 ἐστιν
1734 1028 1877 1080 αίνι-

297 1110 626 1180 γματωδῶς,
676 1111 738 1166 τὸ
787 1112 861 1183 μὴ
916 1113 1123 1169 τιθέναι
1174 1115 1508 1186 πρόσκομμα
1549 1116 1627 1188 τῷ
1665 1117 1878 1189 ἀδελφῷ

296 1201 331 1274 ἢ
372 1202 692 1267 σκάνδαλον,
721 1205 816 1257 καὶ
838 1205 900 1257 τὸ
939 1205 1170 1274 ὠφελεῖν
1195 1208 1440 1276 πεφυκὸς
1467 1209 1567 1263 οὐκ
1590 1211 1685 1281 ἐᾷν
1704 1211 1876 1282 ἀχρη-

297 1309 425 1345 στον
446 1293 700 1361 γενέσθαι
724 1296 888 1359 τισὶν,
913 1294 1036 1348 οὔτε
1071 1297 1178 1366 μὴν
1202 1296 1318 1350 ὁδὸν
1343 1297 1571 1368 ὁρᾶσθαι
1606 1299 1743 1370 πρὸς
1783 1299 1876 1353 θά-

294 1400 479 1449 νατον,
520 1384 590 1438 τά
619 1388 752 1457 ἡμῖν
783 1402 845 1439 τε
873 1387 968 1439 καὶ
995 1386 1201 1458 ἑτέροις
1224 1388 1498 1457 ἀναγκαῖα
1529 1390 1675 1461 πρὸς
1696 1390 1865 1463 ζωήν.

296 1475 368 1528 Ἦ
391 1475 502 1548 γάρ
561 1477 682 1547 οὐχὶ
723 1476 922 1531 λάκκον
961 1495 1044 1542 τις
1073 1478 1324 1547 ἀνοίγων,
1356 1481 1389 1552 ἢ
1438 1481 1708 1552 λατομῶν,
1749 1484 1876 1536 ἐαυ-

292 1564 372 1635 τῷ
410 1582 461 1620 τι
505 1568 602 1621 καὶ
648 1569 857 1641 ἑτέροις
898 1571 1171 1644 χρήσιμόν
1193 1589 1251 1624 τε
1285 1573 1378 1626 καὶ
1417 1574 1715 1642 ἀναγκαῖον
1742 1576 1876 1629 ἀπο-

292 1656 469 1724 τελεῖς
511 1658 671 1713 Ἀλλά
700 1662 774 1732 μὴ
807 1661 966 1728 ἔστω,
1002 1664 1157 1734 φησὶ,
1185 1663 1432 1720 κινδύνου
1451 1667 1723 1736 πρόφασις
1750 1668 1870 1721 ἐτέ-

294 1765 375 1818 pq)
409 1747 481 1802 τά
514 1750 602 1804 σά.
626 1771 644 1803 ι
666 1752 730 1806 Ἦ
757 1754 864 1825 γάρ
892 1756 1102 1826 ἀγάπη,
1130 1774 1147 1807 ι
1181 1755 1324 1810 καθά
1347 1774 1510 1827 φησιν
1533 1759 1560 1811 6
1579 1758 1867 1824 θεσπέσιος

1985 574 2323 637 habeantur,
2379 582 2435 628 et
2477 573 2771 626 humanam
2831 570 3195 639 servilemque
3246 584 3560 626 mensuram

1986 665 2313 720 transiliant.
2341 663 2605 719 Pietatem
2633 676 2803 732 porro
2834 661 3036 726 colere,
3076 668 3131 713 et
3152 660 3473 714 eharitatem
3507 660 3562 715 in

1981 755 2180 810 fratres
2221 755 2496 818 retinere,
2550 753 2637 807 lex
2667 753 2793 807 aliis
2837 767 3056 822 quoque
3102 750 3281 805 modis
3323 751 3561 815 suadet,

1981 861 2120 916 quos
2148 846 2334 911 etiam,
2368 844 2461 899 ubi
2494 843 2755 915 deinceps
2780 844 3246 914 proposuerimus,
3279 843 3347 898 de
3379 844 3563 914 singu-

1979 936 2067 1002 lis,
2085 936 2305 1008 quodin
2330 943 2570 991 mentem
2598 936 2833 1001 venerit,
2858 936 3124 990 dicemus.
3152 935 3240 989 Ait
3263 936 3409 990 enim
3443 951 3565 989 rur-

1979 1043 2110 1083 sus:
2146 1047 2163 1080 ‹
2195 1027 2350 1095 Quod
2372 1029 2415 1084 si
2443 1028 2569 1098 quis
2604 1027 2888 1098 aperuerit
2928 1028 3127 1092 lacum,
3154 1036 3251 1083 aut
3292 1027 3560 1083 exciderit

1977 1121 2179 1185 lacum,
2204 1137 2385 1192 neque
2408 1136 2534 1176 eum
2556 1120 2859 1191 operuerit,
2886 1128 2944 1174 et
2972 1120 3237 1175 ceciderit
3259 1118 3389 1175 illuc
3413 1119 3560 1174 vitu-

1977 1213 2064 1267 lus
2097 1223 2191 1268 aut
2215 1212 2425 1276 asinus,
2459 1213 2719 1267 dominus
2751 1212 2855 1267 laci
2894 1211 3118 1275 reddet,
3148 1218 3433 1281 argentum
3462 1211 3561 1263 da-

1976 1304 2056 1360 bit
2076 1303 2299 1359 domino
2317 1303 2479 1375 2&9
2502 1303 2741 1369 illorum,
2758 1310 2814 1358 et
2828 1309 3105 1357 mortuum
3122 1300 3228 1355 erit
3244 1300 3415 1369 ipsius
3429 1301 3519 1354 δν.
3534 1320 3552 1351 ι

1975 1393 2091 1448 Hoc
2112 1407 2245 1447 vero
2273 1391 2503 1462 ﬁgurate
2525 1391 2656 1446 illud
2687 1399 2771 1447 est
2793 1433 2807 1456 ,
2835 1407 2947 1446 non
2965 1405 3172 1460 ponere
3196 1389 3559 1445 otl‘ensionem

1973 1484 2128 1539 fratri
2161 1490 2258 1538 aut
2297 1483 2613 1538 scandalum
2641 1523 2655 1547 ,
2687 1497 2866 1552 neque
2890 1483 3037 1553 pati,
3074 1490 3135 1536 ut
3172 1481 3321 1552 quod
3364 1488 3559 1551 suapte

1972 1583 2169 1630 natura
2198 1573 2329 1628 utile
2351 1582 2455 1637 est,
2496 1574 2776 1643 aliquibus
2797 1574 2993 1628 inutile
3022 1573 3148 1639 fiat;
3187 1589 3367 1643 neque
3403 1588 3559 1627 com-

1972 1666 2192 1720 mittere
2228 1672 2322 1728 ut,
2361 1679 2488 1733 quae
2516 1664 2673 1719 nobis
2697 1664 2927 1734 aliisque
2956 1663 3267 1719 necessaria
3312 1673 3441 1717 sunt
3490 1662 3559 1717 ad

1972 1759 2160 1824 vitam,
2187 1774 2251 1813 ea
2283 1757 2428 1811 viam
2452 1756 2519 1811 ad
2546 1766 2778 1812 mortem
2810 1757 3023 1827 aperire
3061 1756 3354 1810 videantur
3380 1772 3394 1807 :
3417 1771 3559 1809 nun-

289 1839 505 1905 Παῦλος
533 1881 549 1906 ,
589 1860 609 1893 ι
649 1844 710 1897 ού
749 1844 905 1917 ζητεῖ
935 1847 1001 1900 τά
1025 1847 1242 1919 ἑαυτῆς,
1275 1866 1294 1900 ι
1336 1848 1610 1918 λογίζεται
1643 1851 1699 1905 δὲ
1726 1852 1862 1923 μᾶλ-

1972 1851 2106 1922 quid
2128 1850 2275 1906 enim
2295 1891 2309 1914 ,
2338 1850 2433 1919 qui
2457 1850 2638 1904 lacum
2664 1849 2843 1919 aperit
2889 1856 2983 1903 aut
3004 1847 3143 1903 fodit
3164 1887 3178 1913 ,
3206 1863 3316 1901 non
3355 1846 3462 1901 sibi
3492 1861 3558 1901 ae

290 1931 384 1985 λον
422 1934 517 1986 καὶ
538 1935 606 1989 τά
636 1937 721 1990 ἑτέ
728 1954 860 2008 ρων.

1972 1943 2187 1998 caeteris
2229 1941 2366 1997 utile
2410 1939 2694 2010 quidpiam
2733 1954 2798 1995 ac
2836 1939 3209 1995 necessarium
3233 1936 3433 1993 efﬁcit?
3475 1937 3555 1992 Ne

287 2025 635 2094 committas,
675 2029 884 2100 inquit,
923 2038 983 2085 ut
1010 2047 1097 2087 res
1137 2039 1242 2088 tua:
1280 2033 1436 2089 alteri
1459 2033 1806 2091 occasionem
1841 2036 2071 2107 periculi
2112 2035 2374 2091 afferant:
2408 2053 2426 2085 ι
2460 2033 2713 2089 Charitas
2737 2035 2884 2090 enim
2908 2074 2923 2099 ,
2958 2050 2977 2085 ι
3010 2039 3072 2086 ιιι
3094 2033 3171 2087 ait
3194 2032 3389 2087 beatus
3408 2031 3556 2086 Pau-

288 2120 408 2182 lus,
442 2137 460 2169 ι
492 2135 601 2173 non
628 2129 821 2190 quaerit
842 2138 965 2191 quae
1007 2139 1105 2178 sua
1133 2126 1391 2192 sunt,“°;
1430 2145 1448 2177 ι
1481 2127 1687 2198 cogitat
1730 2136 1913 2183 autem
1949 2128 2138 2198 potius
2160 2127 2326 2182 etiam
2348 2140 2470 2195 qua:
2499 2132 2629 2179 sunt
2652 2126 2909 2180 aliorum.

358 2212 568 2268 IIAAA.
602 2216 713 2269 Καὶ
744 2215 827 2279 τίς
857 2216 886 2268 6
910 2216 1114 2271 λάκκον
1160 2219 1393 2287 ἀνοίγων
1492 2220 1867 2293 λατομῶν,.τίς

290 2303 348 2356 δὲ
378 2304 407 2356 6
445 2304 665 2369 λάκκος,
692 2305 932 2379 ἐθέλοιμ’
947 2307 1012 2362 ἂν
1042 2310 1241 2363 εἰδέναι
1271 2311 1472 2380 σαφῶς.

360 2474 524 2531 ΚΥΡ.
557 2476 632 2531 T6
666 2478 765 2549 μὲν
792 2474 886 2533 οῦν
915 2481 978 2533 ὲκ
1007 2480 1103 2551 τῆς
1133 2481 1380 2552 ἱστορίας
1409 2481 1867 2554 ύποδηλούμενον,

284 2565 384 2618 οῦκ
421 2567 776 2638 ἀσυμφανέςο
805 2571 1000 2642 χρῆναι
1036 2572 1147 2645 γάρ
1190 2590 1323 2645 φησι
1351 2573 1864 2628 κατακαλύπτεσθαι

284 2656 506 2724 λάκκον,
540 2659 628 2714 ἵνα
669 2661 742 2733 μή
773 2679 827 2716 τι
885 2663 1081 2735 βλάϐος
1133 2665 1407 2740 συμϐαίνῃ
1464 2666 1625 2720 τισίν.
1661 2667 1866 2736 Ἧγουν

287 2746 439 2811 ἵστω,
494 2750 684 2819 φησιν,
715 2753 746 2806 6
786 2754 860 2826 μὴ
903 2754 1060 2809 τοῦτο
1106 2757 1431 2828 πεπραχὼς,
1482 2757 1559 2821 ὡς
1610 2757 1769 2829 εἴπερ
1815 2775 1867 2811 τι

286 2840 748 2912 κατολισθήσειεν,
767 2845 1032 2918 ἀργύριον
1054 2848 1324 2902 ἀποδώσει
1352 2849 1430 2919 τῷ
1474 2850 1647 2921 κυρίῳ
1677 2849 1865 2913 αὑτοῦ,

283 2931 344 2984 τὺ
373 2933 432 2986 δὲ
479 2933 742 3007 τεθνηκὸς
790 2937 941 2992 ἔσται
990 2941 1160 3011 αὐτῷ.
1208 2940 1676 3011 Ἀναθρώσκοντες
1714 2942 1769 2995 δὲ
1806 2941 1869 2994 τὸ

2032 2220 2230 2276 PALL.
2263 2218 2397 2286 Quis
2439 2232 2572 2272 vero
2598 2217 2690 2272 ille
2731 2226 2836 2282 est,
2875 2217 2970 2287 qui
3010 2218 3190 2272 laeum
3229 2216 3425 2286 aperit,
3462 2225 3558 2270 aut

1964 2312 2176 2379 effodit,
2202 2312 2327 2383 quis
2350 2310 2514 2366 etiam
2543 2308 2717 2376 lacus,
2762 2310 2926 2365 velim
2962 2309 3221 2379 equidem
3263 2308 3557 2379 perspicue

1965 2420 2128 2462 110858
2137 2448 2149 2460 .

2036 2496 2196 2552 CYR.
2222 2495 2342 2551 Non
2366 2497 2666 2554 obscurum
2687 2503 2771 2550 est
2809 2492 2941 2563 quid
2973 2490 3208 2546 historia
3246 2487 3515 2560 signiﬁcet
3539 2529 3556 2555 ,

1966 2587 2327 2657 operiendum
2350 2589 2553 2658 quippe
2588 2587 2768 2662 lacum
2798 2599 2918 2640 esse
2941 2583 3139 2652 inquit,
3159 2595 3229 2636 ne
3253 2579 3400 2650 quod
3427 2578 3555 2632 inde

1967 2675 2227 2731 damnum
2262 2677 2540 2747 aliquibus
2567 2676 2882 2746 contingat:
2932 2680 3027 2727 aut
3069 2671 3226 2737 sciat,
3274 2670 3473 2739 inquit,
3506 2668 3554 2723 is

1966 2768 2063 2838 qui
2084 2768 2189 2824 hoc
2208 2767 2391 2822 facere
2412 2766 2736 2838 neglexerit,
2764 2764 2810 2819 si
2835 2763 2969 2834 quid
2997 2763 3249 2832 illapsum
3282 2759 3470 2825 fuerit,
3494 2773 3554 2814 se

1966 2859 2089 2929 ejus
2123 2859 2206 2913 rei
2236 2857 2460 2913 domino
2497 2865 2782 2928 argentum
2806 2854 3248 2925 persoluturum;
3273 2860 3553 2906 mortuum

1965 2964 2098 3005 vero
2112 2950 2536 3019 eadaveripsius
2556 2948 2802 3003 futurum
2812 2988 2825 3001 .
2842 2946 2931 3012 At,
2959 2945 3003 3000 si
3022 2960 3087 3001 ea
3101 2958 3223 3015 qua:
3246 2942 3302 2997 in
3324 2941 3554 2998 historia

283 3023 383 3093 τῆς
423 3024 666 3097 ἱστορίας
705 3030 967 3099 ἐμφανὲς,
1001 3032 1094 3085 καὶ
1125 3033 1203 3095 είς
1241 3031 1472 3102 θεωρίαν
1504 3032 1862 3101 ἀναγαγόντες

1975 3052 2161 3115 aperta
2183 3051 2312 3099 sunt
2337 3042 2744 3112 reliquerimus,
2773 3039 2939 3109 idque
2962 3036 3168 3093 factum
3200 3034 3551 3091 transtuleri-

282 3115 344 3170 τὸ
393 3116 586 3188 χρῆμα
650 3121 1048 3194 πνευματικὴν,
1111 3124 1288 3177 ἐκεῖνο
1339 3124 1612 3197 ἐροῦμεν·
1650 3124 1868 3180 Λάκκον

1973 3151 2095 3191 mus
2116 3135 2182 3190 ad
2205 3135 2553 3205 spiritualem
2574 3133 3012 3204 intelligentiam,
3048 3130 3183 3185 illud
3205 3129 3314 3184 dici
3340 3146 3371 3183 a
3393 3128 3557 3184 nobis

282 3208 459 3263 ἔοικεν
488 3211 777 3282 ὀνομάζειν
798 3214 941 3285 ,ἡμῖν
976 3215 1035 3270 ὲν
1057 3214 1268 3280 τούτοις
1299 3218 1328 3269 6
1361 3217 1546 3287 νόμος,
1599 3217 1700 3287 τῆς
1752 3217 1862 3272 θεο-

1972 3227 2191 3298 poterit,
2210 3227 2389 3299 lacum
2415 3228 2471 3280 in
2494 3226 2581 3281 his
2602 3224 2788 3280 verbis
2803 3222 2983 3278 videri.
3001 3221 3161 3276 nobis
3181 3236 3219 3274 a
3232 3219 3350 3291 lege
3369 3219 3560 3289 appel-

280 3301 547 3355 πνεύστου
578 3303 801 3374 Γραφῆς
820 3305 919 3375 τὴν
941 3306 1142 3375 γνῶσιν
1163 3349 1177 3373 ,
1207 3306 1407 3362 καὶτὸν
1432 3309 1559 3379 περὶ
1581 3308 1679 3379 τῆς
1709 3309 1870 3379 ἁγίας

282 3394 374 3446 καὶ
418 3394 707 3463 ὀμοουσίου
748 3397 976 3467 Τριάδος
1017 3398 1193 3467 λόγον,
1221 3399 1311 3453 καὶ
1338 3397 1432 3452 τοῦ
1463 3400 1606 3454 κατὰ
1634 3402 1868 3471 Χριστὸν

281 3487 584 3557 μυστηρίου
616 3488 716 3559 τὴν
759 3489 967 3559 εἴδησιν
989 3506 1002 3519 ·
1056 3493 1230 3543 κεῖται
1272 3490 1377 3564 γὰρ
1412 3491 1601 3564 ὥσπερ
1630 3494 1686 3547 έν
1714 3493 1864 3564 βάθει

278 3577 457 3641 ταυτὶ,
482 3578 577 3630 καὶ
608 3577 870 3642 ζωοποιὸν
903 3578 1013 3650 ἔχει
1043 3582 1142 3651 τὴν
1173 3579 1423 3652 δύναμιν·
1460 3584 1555 3636 καλ⁵
1579 3587 1863 3658 μαρτυρή-

280 3682 363 3719 σει
386 3666 565 3735 λέγων
591 3668 753 3733 αὐτὸς
784 3671 813 3723 6
842 3671 1034 3742 Σωτήρ
1068 3687 1081 3701 ·
1138 3693 1156 3725 ι
1188 3673 1336 3745 Αὕτη
1369 3676 1426 3729 δέ
1468 3676 1616 3729 ἐστιν
1660 3680 1693 3749 ἡ
1730 3679 1864 3733 αἰώ-

278 3774 391 3820 νιος
421 3757 559 3829 ζωὴ,
596 3759 685 3813 ἵνα
706 3760 1017 3829 γινώσκουσί
1040 3779 1098 3816 σε
1128 3764 1219 3817 τὸν
1239 3766 1397 3834 μόνον
1424 3764 1676 3836 ἀληθινὸν
1701 3768 1857 3835 Θεὸν,

277 3848 373 3901 καὶ
398 3848 462 3901 ὃν
489 3848 814 3925 ἀπέστειλας
852 3850 1060 3921 Ἰησοῦν
1089 3853 1343 3924 Χριστόν.
1375 3872 1393 3905 ι
1430 3855 1638 3909 Οὐκοῦν
1665 3859 1693 3911 6
1728 3874 1861 3926 συγο

277 3941 571 4012 γράμμασι
607 3941 705 4011 μὲν
741 3944 854 4006 τοῖς
888 3943 1263 4015 ἀρχαιοτέροις
1312 3944 1548 4015 ἐντυχὼν
1571 3985 1585 4013 ,
1624 3948 1718 3999 καὶ
1764 3947 1861 4001 σὺν

277 4032 430 4102 πόνῳ
463 4031 940 4104 πολυπραγμονῶν
970 4036 1070 4106 τῆς
1092 4032 1452 4089 θεοπνεύστου
1482 4036 1705 4108 Γραφῆς
1732 4038 1859 4102 τοὺς

276 4122 492 4192 λόγους,
521 4124 616 4178 καὶ
643 4124 740 4196 τὴν
760 4124 961 4197 ἀκριϐῆ
987 4143 1046 4180 τε
1064 4127 1154 4181 καὶ
1181 4126 1474 4197 ἀκίϐδηλον
1496 4126 1697 4196 γνῶσιν
1725 4129 1858 4182 ἀνα-

275 4214 478 4286 ζητῶν,
503 4215 701 4287 πολλὴν
733 4215 799 4271 ἂν
837 4216 950 4287 ἔχοι
987 4217 1087 4288 τὴν
1134 4218 1429 4289 ἐμφέρειαν
1472 4218 1609 4289 πρός
1658 4233 1723 4287 γε
1768 4218 1859 4272 τὸν

273 4306 567 4378 ὀρύττοντα
607 4308 836 4362 λάκκον·
896 4309 1049 4380 ζητεῖ
1078 4309 1189 4380 γὰρ
1245 4308 1388 4381 ὕδωρ
1448 4310 1730 4376 ζωοποιδν,
1766 4309 1860 4365 καὶ⁸

273 4401 460 4470 πηγὴν
492 4400 913 4471 ἐῦφραίνουσαν,
950 4402 1046 4455 καὶ
1069 4403 1406 4475 χειμάρρουν
1428 4404 1641 4474 τρυφῆς
1665 4421 1680 4435 ’
1720 4404 1749 4456 6
1795 4403 1852 4457 δέ

272 4509 335 4560 γε
368 4494 450 4555 είς
468 4492 627 4547 τοῦτο
653 4492 838 4547 λοιπὸν
870 4495 1140 4557 συνέσεως
1169 4495 1489 4565 ἀφιγμένος,
1516 4495 1592 4559 ὡς
1622 4498 1713 4549 καὶ
1746 4496 1853 4568 ίδία

270 4584 535 4639 δύνασθαι
578 4585 913 4657 παραδοῦναι
948 4590 1236 4659 συγγραφῇ
1282 4587 1376 4640 τοῦ
1424 4588 1729 4659 μυστηρίου
1762 4588 1852 4641 τὸν

268 4674 451 4744 λόγον,
491 4676 721 4748 λατομεῖ
755 4677 955 4731 λάκκον
977 4694 990 4708 ·
1050 4681 1370 4751 καινουργεῖ
1396 4680 1506 4752 γὰρ
1556 4679 1748 4752 ὥσπερ
1778 4681 1840 4733 οὐ

268 4769 381 4830 τοῖς
421 4767 624 4838 ἑτέρων
661 4755 889 4839 ἱδρῶσιν
926 4770 1322 4840 ὲποικοδομῶν,
1352 4769 1487 4823 ἀλλά
1536 4772 1649 4835 τοῖς
1701 4771 1853 4833 ίδίοις

268 4857 460 4911 ἑαυτόν
493 4875 551 4911 τε
586 4861 681 4913 καὶ
715 4861 935 4932 ἐτέρους
976 4860 1219 4930 ὠφελῶν.
1271 4861 1585 4933 Ὀρύττουσι
1612 4861 1671 4917 δὲ
1713 4863 1849 4918 λάκ-

267 4964 396 5012 κους
417 4953 930 5023 συντετριμμένους,
956 4952 1097 5006 κατά
1117 4953 1214 5024 τὴν
1233 4953 1327 5007 τοῦ
1348 4955 1627 5026 προφήτου
1644 4955 1847 5025 φωνην,

268 5040 363 5092 καὶ
392 5041 444 5093 οἱ
474 5043 576 5112 τῆς
599 5042 953 5115 ψευδωνύμου
985 5043 1236 5113 γνώσεως
1259 5044 1486 5117 ἐρασταί
1520 5061 1532 5073 ·
1570 5046 1624 5100 εί
1642 5063 1724 5111 τις
1747 5048 1850 5101 τοί-

265 5147 362 5183 νυν
399 5131 614 5202 ὀρύξειε
640 5134 861 5200 λάκκον,
912 5134 1329 5205 ἀσφαλιζέσθω,
1386 5139 1569 5209 φησὶν,
1610 5138 1685 5210 μὴ
1740 5139 1846 5212 ἄρα

265 5219 412 5275 τισὶν
443 5222 667 5294 ὀλέθρου
707 5225 922 5295 γένοιτο
962 5227 1182 5298 τρόπος,
1212 5229 1273 5281 τὸ
1326 5229 1508 5295 καλῶς
1557 5231 1845 5303 εἰργάσθαι

262 5310 457 5365 δοκοῦν
480 5325 495 5340 ⁸
526 5312 607 5367 δεῖ
634 5315 742 5386 γὰρ
782 5317 930 5387 ἡμᾶς
956 5317 1131 5388 ὀρθῶς
1168 5334 1226 5371 τε
1256 5321 1348 5374 καὶ
1371 5321 1845 5394 ἀπηκριϐωμένως

262 5399 357 5455 τὸν
389 5403 517 5475 περὶ
554 5402 690 5457 Θεοῦ
722 5405 988 5461 ποιεῖσθαι
1039 5407 1215 5477 λόγον,
1254 5409 1330 5473 ὡς
1378 5412 1565 5484 μηδενὶ
1595 5413 1846 5483 γενέσθαι

264 5493 562 5548 σκανδάλου
594 5496 1013 5567 πρόφασιν.Καὶ
1033 5497 1211 5562 τοῦτο,
1231 5495 1404 5570 οἶμαι,
1436 5504 1555 5557 ἐστὶ
1594 5504 1656 5557 τὸ
1680 5505 1845 5575 πῶμα

262 5580 571 5639 ἐπικεῖσθαι
618 5587 698 5658 τῷ
736 5588 946 5660 λάκκῳ,
995 5591 1056 5643 τὸ
1112 5592 1213 5663 τῆς
1268 5592 1615 5665 καθηκούσης
1670 5597 1845 5665 ἀσφα-

1969 3320 2072 3375 lari
2109 3317 2406 3389 Seripturaa
2445 3317 2710 3372 divinitus
2741 3316 3020 3385 inspirata:
3064 3312 3431 3383 cognitionem
3460 3312 3553 3378 "',

1968 3428 2033 3467 ac
2055 3412 2122 3467 de
2149 3407 2333 3467 saneta
2360 3419 2417 3467 et
2438 3408 2888 3466 consubstantiali
2920 3405 3184 3460 Trinitate
3222 3404 3555 3473 disputatio-
3649 3473 3655 3477 ψ

1968 3521 2115 3572 nem,
2140 3513 2304 3576 atque
2340 3503 2543 3560 Christi
2588 3500 2833 3573 mysterii
2874 3498 3199 3554 scientiam:
3243 3497 3360 3551 haec
3401 3495 3552 3550 enim

1968 3608 2226 3668 tanquam
2272 3596 2328 3651 in
2364 3593 2639 3666 profundo
2677 3592 2854 3663 posita
2903 3597 3031 3646 sunt
3072 3589 3293 3658 vimque
3325 3587 3551 3642 vitalem

1969 3691 2206 3757 habent;
2238 3691 2396 3761 cujus
2428 3688 2506 3743 rei
2536 3687 2692 3743 testis
2723 3694 2808 3742 est
2851 3686 2968 3756 ipse
3011 3682 3284 3747 Salvator,
3313 3680 3506 3737 dicens
3535 3699 3549 3735 :

1975 3802 1992 3831 ι
2034 3781 2159 3838 Haec
2182 3790 2265 3837 est
2294 3793 2478 3837 autem
2505 3781 2617 3836 vita
2649 3788 2874 3843 aeterna,
2914 3785 2973 3833 ut
3003 3783 3333 3847 cognoscant
3378 3782 3432 3839 te
3459 3787 3550 3827 so-

1967 3875 2080 3929 lum
2128 3889 2319 3928 verum
2361 3874 2558 3938 Deum,
2594 3881 2650 3926 et
2694 3886 2858 3942 quem
2903 3868 3124 3932 misisti,
3166 3867 3352 3922 Jesum
3386 3864 3549 3921 Chri-

1964 3975 2110 4020 stum
2136 3965 2226 4018 ⁸³⁸.
2259 3985 2275 4014 ι
2307 3965 2498 4035 Igitur,
2524 3964 2616 4034 qui
2642 3971 2831 4017 vetera
2856 3961 3059 4029 scripta
3080 3957 3232 4027 legit,
3272 3962 3327 4011 et
3348 3954 3548 4010 divinat

1965 4056 2263 4127 Scriptum
2299 4056 2461 4111 verba
2491 4070 2599 4109 non
2624 4054 2742 4109 sine
2765 4052 2954 4107 labore
2992 4048 3348 4120 pervestigat,
3374 4054 3431 4100 et
3452 4060 3545 4099 ac-

1964 4155 2211 4202 curatam
2265 4146 2751 4215 incorruptamque
2791 4141 3157 4212 cognitionem
3195 4138 3459 4208 exquirit,
3499 4137 3547 4192 is

1963 4246 2047 4293 est
2076 4236 2305 4292 fodienti
2329 4237 2508 4290 lacum
2534 4248 2799 4304 perquam
2826 4231 3041 4297 similis,
3076 4244 3271 4301 aquam
3294 4229 3441 4284 enim
3464 4229 3547 4283 vi-

1966 4329 2129 4385 talem
2172 4329 2388 4399 quaerit,
2416 4335 2472 4382 ct
2502 4326 2708 4382 fontem
2749 4323 3135 4388 laetiﬁcantem,
3162 4330 3219 4378 et
3246 4330 3545 4377 torrentem

1884 4385 1931 4444 υ
1955 4385 2252 4492 voluptatis
2273 4419 2339 4451 ⁸⁸·
2365 4385 2386 4473 ί
2404 4425 2479 4484 at,
2509 4417 2603 4487 qui
2640 4415 2708 4471 ad
2741 4430 2861 4471 eam
2887 4385 3237 4484 prudentiam
3272 4412 3543 4481 pervenit,

1960 4522 2019 4568 ut
2048 4504 2164 4568 suis
2194 4511 2395 4567 litteris
2419 4509 2683 4565 mandare
2711 4516 2877 4579 queat
2915 4508 3037 4578 ejus
3078 4505 3325 4576 mysterii
3351 4505 3542 4575 dispu-

1959 4606 2242 4668 tationem,
2276 4603 2324 4658 is
2352 4602 2532 4657 laeum
2556 4601 2771 4672 aperit;
2796 4598 2923 4654 novi
2949 4599 3097 4654 enim
3120 4596 3374 4652 nonnihil
3400 4596 3536 4659 edit,

1953 4709 2067 4749 non
2105 4694 2164 4748 in
2201 4694 2433 4749 aliorum
2467 4691 2767 4748 sudoribus
2813 4686 3234 4760 supermdiﬁeat,
3284 4686 3380 4742 sed
3425 4687 3542 4743 suis

1956 4786 2071 4855 ipse
2094 4783 2396 4849 laboribus,
2427 4791 2484 4838 et
2505 4798 2564 4838 se
2588 4791 2643 4855 et
2668 4790 2895 4838 caeteros
2912 4782 3087 4853 juvat.
3112 4780 3349 4836 Fodiunt
3371 4780 3537 4837 etiam

1957 4874 2110 4929 lacus
2133 4876 2416 4938 contritas,
2436 4875 2592 4945 juxta
2627 4874 2912 4944 prophetae
2939 4888 3151 4938 vocem,
3178 4872 3296 4927 falsi
3321 4889 3538 4943 quoque

1956 4965 2195 5022 nominis
2220 4966 2463 5020 scientia:
2489 4971 2794 5031 amatores;
2822 4964 3073 5035 quisquis
3105 4963 3272 5035 igitur
3298 4962 3437 5017 fodit
3462 4960 3539 5017 la-

1954 5070 2101 5122 cum,
2130 5064 2337 5119 caveat,
2378 5054 2577 5125 inquit,
2619 5068 2711 5119 ne,
2761 5053 2907 5123 quod
2937 5053 3108 5123 probe
3134 5052 3388 5108 effectum
3417 5066 3537 5107 esse

1954 5147 2192 5215 videtur,
2241 5148 2426 5218 aliquo
2461 5145 2623 5201 modo
2651 5146 2951 5216 perniciem
2977 5146 3258 5201 nonnullis
3291 5146 3483 5201 atferat
3519 5162 3530 5198 :

1951 5241 2219 5298 debemus
2249 5241 2395 5296 enim
2423 5246 2572 5294 recte
2609 5245 2661 5294 et
2686 5237 2977 5309 diligenter
3000 5236 3067 5294 de
3095 5237 3209 5293 Deo
3249 5237 3415 5292 verba
3450 5236 3531 5289 fa-

1950 5344 2107 5397 cere,
2153 5333 2249 5394 ita,
2290 5341 2351 5387 ut
2390 5331 2595 5385 nemini
2624 5331 2967 5385 occasionem
3010 5329 3251 5385 scandali
3286 5326 3530 5397 praebea-

1952 5435 2075 5476 mus
2099 5439 2110 5473 :
2140 5420 2304 5491 250
2325 5419 2489 5490 idque
2509 5429 2613 5485 est,
2637 5420 2855 5489 opinor,
2880 5420 3198 5489 operculum
3217 5415 3526 5483 impositum

1951 5525 2069 5566 esse
2092 5511 2234 5566 iacui
2262 5529 2274 5563 :
2299 5526 2495 5581 nempe
2522 5524 2832 5564 sermonem
2858 5523 2965 5562 non
2997 5524 3118 5563 esse
3146 5504 3371 5561 cautela:
3393 5520 3525 5558 con-

1952 5600 2223 5655 venientis
2245 5609 2545 5670 expertem.
2570 5598 2703 5653 Nam
2725 5598 2768 5651 si
2796 5596 2913 5657 bos,
2942 5598 3037 5659 ait,
3064 5606 3158 5651 aut
3178 5595 3365 5651 asinus
3388 5595 3529 5651 ceci-

325 5699 582 5792 'IPE‘W-
606 5706 831 5792 “5.5%:
871 5708 957 5765 δέ·
993 5714 1104 5792 __"'
1132 5712 1290 5773 Rom.
1312 5734 1417 5792 xw,
1449 5720 1499 5774 7.
1563 5721 1629 5751 ""
1660 5722 1678 5776 l
1728 5722 1852 5776 Cor.
1878 5740 1992 5785 xm.
2021 5722 2073 5779 5.
2167 5724 2232 5755 ⁸³·
2263 5723 2418 5778 Joan.
2447 5738 2584 5791 xvii,
2612 5719 2663 5774 ’5.
2727 5718 2790 5750 ⁸⁸⁴
2819 5717 2977 5774 Joan.
3010 5733 3082 5781 tv,
3108 5714 3191 5779 li,
3237 5716 3375 5773 Psal.
3403 5728 3525 5781 xw,

263 5769 325 5836 5;
343 5770 485 5830 Psal.
511 5791 669 5845 xxxv,
697 5769 761 5846 9;
785 5769 1071 5850 Jer.u,13.
