3990 6196
399 293 496 352 551

1443 295 1498 348 S.
1539 294 1815 351 CYRILLI
1845 296 2317 353 ALEXANDRINI
2356 297 2673 355 ARCHIEP.

3557 306 3666 361 533

400 414 565 479 derit,
592 413 687 483 qui
713 412 986 469 laboravit
1020 411 1075 465 in
1104 410 1439 466 exstruendo
1462 410 1607 475 lacu,
1632 411 1749 482 ipse
1776 413 1981 482 persol-

2090 413 2240 477 λείας
2272 413 2346 484 μὴ
2376 414 2625 484 ἀμοιρεῖν
2654 412 2746 469 τὸν
2769 413 2946 484 λόγον.
2993 414 3121 470 Ἐὰν
3162 414 3271 488 γὰρ
3310 418 3473 491 πέσῃ,
3505 420 3665 489 φησὶ,

399 515 519 573 vet;
546 506 740 562 bovem
764 500 894 559 vero
916 512 972 559 et
993 503 1210 559 asinum
1239 518 1352 559 non
1378 502 1610 573 simplici
1620 513 1702 558 ter
1727 505 1982 575 appellat,

399 597 494 654 sed
520 596 703 652 abdita
724 595 933 650 ratione
961 612 973 649 :
999 610 1065 650 ac
1100 593 1296 651 bovem
1322 594 1543 665 quidem
1568 594 1767 666 inquit,
1802 604 1864 650 ut
1898 596 1984 651 in-

400 688 609 760 telligas
635 703 853 743 sacrum
876 702 942 743 ac
974 703 1177 758 purum
1205 687 1493 743 hominum
1520 704 1724 761 genus;
1767 687 1983 743 asinum

400 792 550 840 vero,
586 784 647 831 ut
674 776 965 847 profanum
988 785 1045 832 et
1068 777 1377 848 impurum;
1404 793 1583 849 neque
1607 779 1756 835 enim
1790 779 1903 834 Deo
1928 779 1984 835 in

313 903 323 907 -
399 864 731 921 sacriﬁcium
757 866 989 920 oﬁ‘ertur
1016 884 1030 919 :
1056 880 1273 920 sacrum
1302 882 1467 937 porro
1491 883 1663 939 genus
1686 883 1750 923 ac
1780 883 1986 938 purum

397 973 518 1013 esse
539 958 773 1015 dicimus
795 973 911 1024 eos,
930 959 1025 1029 qui
1042 960 1153 1030 jam
1177 976 1276 1031 per
1297 960 1459 1015 ﬁdem
1482 959 1803 1016 sanctiﬁcati
1825 968 1980 1027 sunt;

398 1049 687 1121 profanum
710 1058 766 1109 et
791 1052 1071 1120 impurum
1096 1068 1212 1117 eos,
1241 1052 1335 1122 qui
1371 1052 1617 1108 nondum
1641 1062 1768 1109 sunt
1794 1062 1984 1109 sancto

400 1143 727 1214 baptismate
750 1145 997 1215 purgati,
1019 1144 1115 1199 sed
1139 1145 1349 1214 peccati
1376 1145 1618 1201 maculas
1649 1145 1832 1200 adhuc
1854 1144 1984 1198 inu-

400 1242 511 1291 stas
535 1236 760 1291 habent.
784 1235 1018 1291 Perinde
1043 1235 1209 1307 igitur
1231 1244 1335 1302 cst,
1361 1252 1425 1291 ac
1444 1236 1490 1291 si
1519 1236 1749 1303 diceret,
1774 1236 1831 1293 Si
1853 1235 1983 1307 quid

398 1326 663 1381 acciderit
684 1326 870 1381 damni
895 1326 1062 1381 alicui
1085 1342 1152 1380 ex
1176 1327 1264 1392 iis,
1289 1327 1382 1397 qui
1409 1328 1521 1398 jam
1548 1326 1807 1397 baptizati
1834 1333 1984 1391 sunt,

398 1428 453 1473 et
474 1432 573 1487 per
595 1419 824 1489 gratiam
845 1418 914 1473 ad
936 1419 1379 1490 conjunctionem
1396 1434 1521 1474 cum
1543 1419 1656 1474 Deo
1687 1418 1984 1474 ineundam

399 1508 620 1578 signati,
670 1517 766 1563 aut
805 1524 875 1564 ex
920 1509 988 1564 iis
1028 1517 1198 1575 certe,
1243 1510 1337 1580 qui
1373 1510 1620 1565 nondum
1656 1509 1794 1565 tales
1828 1518 1980 1577 sunt,

398 1600 518 1669 ejus
538 1599 781 1655 scandali
815 1609 1011 1657 auctor
1048 1603 1235 1658 multae
1256 1602 1528 1657 obnoxius
1552 1602 1678 1669 erit,
1705 1611 1761 1658 et
1785 1602 1854 1657 ad
1897 1602 1984 1672 ip-

398 1704 522 1743 sum
549 1690 853 1760 pertinebit
880 1692 1131 1748 exanime
1175 1692 1430 1760 cadaver,
1479 1692 1537 1747 id
1576 1701 1681 1757 cst,
1726 1694 1846 1763 ejus
1873 1692 1986 1747 erit

2090 503 2283 576 βοῦςῆ
2322 503 2470 569 ὄνος,
2518 504 2547 558 ὁ
2594 505 2919 576 πεπονηκὼς
2967 505 3237 560 ἀποτίσει.
3287 506 3425 561 Βοῦν
3467 509 3524 562 δὲ
3572 511 3672 565 καὶ

2085 597 2485 676 ὅνονθόνομάζει
2519 598 2682 653 πάλιν
2701 598 2801 669 οὐχ
2819 597 3031 663 ἁπλῶς,
3060 598 3175 654 ἀλλ’
3207 599 3284 666 ὡς
3312 601 3369 654 ἐν
3396 600 3539 673 λόγῳ
3565 601 3669 673 βα-

2086 689 2204 744 θεῖ’
2254 690 2349 744 καὶ
2407 689 2533 761 βοῦν
2584 690 2685 761 μέν
2733 707 2918 764 φησιν,
2963 691 3051 746 ἵνα
3083 692 3283 764 νοήσῃς
3322 691 3384 745 τὸ
3426 693 3571 765 ίερόν
3604 710 3671 750 τε

2085 784 2180 839 καὶ
2205 782 2444 853 καθαρὸν
2472 782 2649 851 γένος·
2675 781 2795 837 δνον
2819 783 2896 848 δὲ,
2917 784 3002 838 ἵνα
3029 786 3216 856 συνῇς,
3240 784 3301 837 τδ
3326 784 3543 856 ἀνίερον
3568 786 3672 841 καὶ

2084 874 2395 948 ἀκάθαρτον
2422 891 2438 908 ·
2465 875 2527 928 οὐ
2563 875 2673 948 γάρ
2704 877 3043 949 προσάγεται
3073 876 3218 930 κατὰ
3251 877 3416 947 νόμον
3443 879 3526 942 είς
3573 876 3672 931 θυ-

2088 966 2209 1020 σίαν
2228 964 2348 1037 Θεῷ
2382 965 2439 1020 τὸ
2470 964 2780 1039 ἀκάθαρτον
2803 984 2815 998 ·
2862 968 3002 1040 ἱερὸν
3039 967 3096 1021 δὲ
3135 966 3293 1033 γένος
3347 969 3443 1021 καὶ
3494 967 3676 1023 καθα-

2087 1056 2180 1128 ρὸν
2208 1052 2346 1111 εἷναί
2377 1074 2578 1128 φαμεν,
2611 1058 2737 1122 τοὺς
2769 1057 3139 1129 ήγιασμὲνους
3182 1058 3284 1129 ήδη
3320 1057 3409 1112 διά
3450 1062 3551 1130 τῆς
3582 1058 3675 1112 πί-

2088 1165 2259 1214 στεως
2290 1165 2303 1178 '
2333 1148 2546 1220 ἀνίερον
2569 1148 2625 1202 δὲ
2666 1149 2764 1203 καὶ
2792 1149 3126 1220 ἀκάθαρτον,
3162 1149 3290 1213 τοὺς
3315 1148 3468 1203 οῦπω
3503 1166 3677 1203 κεκα-

2088 1238 2395 1312 θαρμένους
2434 1240 2523 1295 διὰ
2558 1238 2651 1294 τοῦ
2706 1241 2864 1309 ἀγίου
2921 1240 3321 1312 βαπτίσματος,
3368 1239 3483 1294 ἀλλ’
3524 1242 3676 1294 ἐντε-

2086 1330 2359 1402 τηγμένον
2399 1330 2616 1402 ἔχοντες
2651 1330 2733 1385 ἔτι
2776 1331 2877 1403 τῆς
2922 1332 3200 1404 ἁμαρτίας
3238 1331 3329 1385 τὸν
3371 1330 3669 1402 μολυσμόν.

2088 1423 2313 1494 Ὅμοιον
2359 1418 2453 1477 οὖν
2496 1423 2572 1487 ὡς
2624 1425 2672 1477 εἰἰ
2720 1422 2892 1492 λέγοι,
2936 1423 3008 1476 Εἴ
3035 1442 3090 1478 τι
3124 1423 3336 1493 γένοιτο
3377 1423 3597 1496 βλάϐος⁹
3635 1422 3671 1495 ἦ

2087 1513 2217 1585 περί
2253 1530 2376 1567 τινα
2430 1510 2538 1566 τῶν
2574 1512 2675 1584 ἤδη
2724 1512 3176 1584 βεϐαπτισμένων
3215 1513 3311 1566 καὶ
3361 1529 3676 1583 κατεσφρα-

2087 1604 2363 1676 γισμένων
2406 1603 2495 1657 διὰ
2533 1602 2634 1674 τῆς
2673 1603 2896 1676 χάριτος
2960 1605 3042 1667 είς
3092 1603 3405 1674 οίκειότητα
3448 1602 3549 1674 τὴν
3594 1602 3676 1666 ὡς

2088 1694 2226 1767 πρὸς
2257 1694 2411 1757 Θεὸν,
2446 1694 2615 1766 ἤγουν
2641 1693 2722 1759 είς
2760 1711 2880 1748 τινα
2916 1694 3081 1765 τυχὸν
3135 1693 3245 1748 τῶν
3295 1693 3451 1749 οὔπω
3496 1692 3673 1747 τοιού-

398 1796 550 1837 mors
580 1782 749 1847 illius,
773 1783 869 1852 qui
896 1783 1158 1839 damnum
1184 1793 1269 1838 est
1296 1799 1508 1854 passus.
1540 1784 1727 1852 Itaque
1751 1799 1981 1855 praemo-

2091 1803 2222 1849 των,
2257 1784 2484 1858 ὀφλήσει
2516 1786 2674 1857 δίκην
2713 1787 2741 1839 ό
2782 1784 2876 1839 τοῦ
2908 1785 3212 1840 σκανδάλου
3258 1786 3543 1857 πρόξενος,
3575 1784 3674 1839 καὶ

398 1877 491 1925 net
514 1886 616 1925 nos
646 1870 762 1941 ipse
783 1886 1002 1941 quoque
1024 1871 1292 1936 Salvator,
1317 1873 1507 1927 dicens
1532 1890 1544 1925 :
1580 1892 1598 1924 ‹
1627 1871 1731 1939 Qui
1753 1872 1983 1928 scanda-

396 1962 646 2018 lizaverit
685 1979 857 2017 unum
885 1977 954 2018 ex
976 1963 1192 2033 pusillis
1225 1964 1366 2029 istis,
1392 1965 1487 2035 qui
1521 1965 1579 2019 in
1607 1980 1694 2021 me
1724 1965 1979 2029 credunt,

396 2040 620 2124 expedit
666 2054 742 2120 ei,
789 2062 849 2109 ut
891 2055 1261 2125 suspendatur
1300 2056 1445 2111 mola
1487 2056 1727 2112 asinaria
1753 2057 1808 2111 in
1840 2057 1982 2113 collo

394 2145 534 2216 ejus,
557 2154 613 2201 et
642 2145 993 2216 demergatur
1014 2146 1071 2200 in
1092 2145 1427 2216 profundum
1450 2145 1619 2202 maris
1641 2145 1727 2200 ⁸⁸⁸.
1760 2165 1780 2198 ι

2089 1873 2239 1945 αὐτῷ
2267 1878 2419 1945 μενεῖ
2450 1875 2512 1928 τὸ
2554 1874 2836 1947 τεθνηκὸς,
2884 1874 3184 1940 τουτέστιν,
3219 1874 3385 1928 αὐτοῦ
3443 1875 3675 1946 γενήσε-

2089 1984 2178 2021 ται
2216 1966 2311 2019 τοῦ
2348 1965 2614 2030 παθόντος
2653 1968 2682 2020 ὁ
2711 1965 2959 2030 θάνατος.
3006 1964 3388 2035 ’Δσφαλίζεταί
3434 1982 3502 2034 γε
3540 1963 3676 2034 γοῦν

2091 2056 2187 2110 καὶ
2221 2054 2380 2119 αὐτὸς
2408 2056 2436 2108 ό
2462 2055 2652 2126 Σωτὴρ
2679 2055 2829 2126 ἡμᾶς
2858 2054 3067 2122 λέγων’
3104 2073 3123 2107 ι
3159 2056 3256 2119 Ὃς
3301 2054 3398 2108 ὲάν
3440 2054 3677 2109 σκανδα·

2090 2146 2218 2220 λίσῃ
2247 2147 2344 2201 ἕνα
2376 2144 2487 2200 τῶν
2518 2144 2729 2219 μικρῶν
2776 2145 2981 2200 τούτων
3025 2144 3136 2200 τῶν
3164 2146 3553 2201 ,πιστευόντων
3588 2144 3672 2207 εἰς

396 2240 521 2312 ἐμὲ,
569 2241 838 2312 συμφέρει
884 2239 1056 2311 αὐτῷ,
1098 2240 1187 2295 ῖνα
1239 2240 1528 2312 κρεμασθῇ
1582 2240 1748 2312 μύλος
1796 2241 1977 2307 ὀνικὸς
2050 2242 2180 2315 περὶ
2216 2242 2308 2296 τὸν
2346 2241 2618 2313 τράχηλον
2661 2239 2827 2296 αὐτοῦ
2894 2242 2990 2296 καὶ
3041 2242 3445 2315 καταποντισθῇ
3500 2244 3561 2299 ὲν
3596 2241 3679 2315 τῷ

396 2335 622 2403 πελάγει
641 2335 742 2406 τῆς
767 2334 1064 2405 θαλάσσης.
1090 2354 1109 2387 ι

462 2424 662 2480 PALL.
688 2425 857 2482 Recte
882 2424 1044 2481 dicis.

463 2518 621 2575 CYR.
649 2518 830 2573 Facile
852 2526 1037 2573 autem
1056 2517 1290 2585 videbis,
1319 2519 1442 2573 aliis
1476 2518 1643 2574 etiam
1674 2517 1863 2589 ﬁguris
1892 2518 1980 2572 in-

394 2609 579 2665 dicare
604 2610 804 2678 legem,
829 2623 995 2677 quam
1021 2607 1393 2678 periculosum
1418 2609 1488 2664 sit
1509 2624 1762 2679 peccare,
1792 2616 1850 2663 et
1874 2608 1983 2664 hoc

395 2703 452 2756 in
474 2700 673 2756 fratres
698 2717 715 2754 :
736 2715 863 2755 nam
888 2699 945 2755 in
967 2715 1057 2771 eo,
1081 2699 1230 2770 quod
1251 2702 1594 2771 percutimus
1616 2715 1810 2757 eorum
1831 2699 1984 2755 inﬁr-

396 2806 540 2846 mam
563 2790 980 2857 conscientiam,
1006 2799 1197 2846 nostra
1222 2790 1431 2847 oﬁensa
1460 2790 1529 2846 ad
1557 2790 1839 2847 Christum
1859 2805 1985 2860 per-

395 2885 535 2939 tinet
556 2881 644 2936 "'.
669 2882 908 2953 Ideoque
930 2882 1044 2939 ait:
1077 2901 1099 2935 ‹
1124 2881 1286 2951 Quod
1313 2884 1360 2940 si
1385 2899 1642 2956 egressus
1666 2883 1809 2954 ignis
1832 2882 1986 2938 inve-

394 2976 543 3032 nerit
564 2975 772 3046 spinas,
806 2983 864 3031 et
892 2975 1056 3031 simul
1084 2976 1434 3032 succenderit
1457 2992 1633 3042 areas,
1661 2984 1757 3032 aut
1780 2975 1980 3045 spicas,

394 3079 490 3126 aut
525 3043 801 3141 campum,
834 3070 1102 3135 exsolvet,
1133 3069 1229 3140 qui
1271 3069 1455 3140 ignem
1491 3043 1918 3124 accenderit—5'“.
1954 3086 1972 3118 ι
2008 3043 2052 3101 C

393 3163 513 3218 Non
556 3162 706 3217 enim
746 3161 1029 3228 convenit,
1068 3168 1132 3216 ut
1159 3160 1323 3216 simul
1352 3174 1481 3214 cum
1512 3158 1604 3225 iis,
1646 3174 1769 3229 quas
1791 3165 1981 3229 suapte

392 3260 593 3309 natura
620 3252 846 3317 laedunt,
873 3251 1041 3307 etiam
1069 3250 1217 3321 quod
1243 3248 1367 3304 usui
1407 3256 1511 3315 est,
1547 3254 1767 3318 pereat;
1801 3263 1982 3317 neque

394 3360 521 3400 cum
542 3344 890 3401 silvestribus
913 3342 1078 3400 simul
1123 3348 1500 3407 consumatur,
1529 3340 1678 3411 quod
1702 3338 1982 3396 excultum

393 3443 500 3492 est.

463 3529 663 3585 PALL.
697 3528 817 3595 Quo
841 3529 1062 3585 tandem
1089 3528 1237 3585 istud
1271 3527 1483 3583 modo?

462 3619 621 3676 CYR.
668 3620 867 3676 Annon
902 3620 1076 3690 spinis
1118 3620 1396 3676 montanis
1441 3628 1609 3690 atque
1635 3617 1983 3675 silvestribus

393 3711 911 3767 convenientissime
928 3711 1235 3782 comparari
1251 3719 1481 3782 possunt
1500 3712 1795 3782 impiorum
1809 3711 1984 3767 hzere-

396 3804 632 3859 ticorum
654 3803 879 3871 scripta,
902 3812 959 3860 et
983 3803 1273 3875 gentilium
1309 3803 1628 3876 dogmatum
1653 3802 1983 3874 praastigiae?

393 3911 521 3951 nam
565 3911 689 3966 qua:
728 3896 857 3952 inde
883 3896 1091 3952 utilitas
1122 3896 1178 3953 in
1212 3898 1426 3952 animos
1449 3897 1736 3952 hominum
1761 3913 1981 3968 perma-

392 4002 527 4043 nare
552 3987 763 4057 possit?
789 3987 899 4042 imo
922 4002 1077 4052 vero,
1101 4002 1227 4057 quat
1251 4001 1364 4041 non
1387 3985 1662 4056 pernicies
1688 3985 1757 4042 iis
1779 3985 1981 4043 aﬁ‘era-

392 4088 506 4145 tur,
551 4080 645 4150 qui
681 4079 774 4135 illa
816 4081 874 4135 in
911 4069 1156 4136 animum
1181 4078 1475 4135 admittere
1500 4078 1816 4135 voluerint?
1838 4080 1984 4152 Ignis

391 4171 540 4225 enim
583 4172 848 4226 duntaxat
884 4173 1103 4229 altrices
1130 4181 1258 4228 sunt
1283 4173 1455 4243 spinae
1480 4180 1538 4227 et
1556 4163 1787 4227 ﬂamma:
1808 4171 1982 4243 pabu-

390 4262 543 4326 lum;
571 4260 817 4317 ilammas
846 4262 1037 4319 itidem
1066 4264 1229 4319 nobis
1252 4263 1563 4320 accendunt
1590 4264 1978 4334 sempiternas,

392 4357 552 4429 251
577 4371 704 4412 cum
728 4372 869 4413 vana
890 4357 1194 4414 errantium
1213 4358 1487 4429 dogmata,
1505 4366 1623 4410 tum
1646 4372 1778 4412 vero
1808 4355 1981 4411 idolo-

390 4449 665 4505 latrarum
681 4450 857 4507 aniles
879 4450 1078 4507 fabulae
1097 4469 1112 4504 :
1144 4450 1295 4521 spica
1317 4464 1487 4519 porro
1506 4457 1564 4504 et
1583 4448 1828 4504 triticum
1838 4463 1979 4504 sua-

388 4543 652 4599 vissimus
663 4553 748 4598 est
772 4543 950 4607 cibus,
967 4552 1022 4598 et
1037 4541 1354 4597 hominibus
1369 4540 1436 4596 ad
1451 4540 1783 4596 vescendum
1802 4539 1977 4611 aptis-

390 4635 582 4702 simus,
608 4645 667 4692 et
701 4636 771 4691 ad
809 4650 971 4690 usum
1008 4634 1382 4700 necessarius;
1411 4632 1660 4689 continet
1684 4631 1835 4688 enim
1873 4646 1978 4687 nos

391 4730 448 4783 in
477 4731 624 4797 vita;
658 4737 716 4785 et
754 4728 931 4799 ﬁgura
966 4742 1087 4782 esse
1127 4727 1333 4797 poterit
1366 4727 1681 4798 dogmatum
1704 4725 1974 4791 veritatis,

388 4834 491 4888 per
519 4836 641 4890 quae
668 4835 789 4884 nos,
815 4817 909 4887 qui
937 4816 1235 4881 credimus,
1266 4815 1508 4881 Christo,
1536 4823 1796 4887 tanquam
1832 4830 1976 4885 pane

392 4909 600 4964 viventi
628 4926 693 4966 ac
722 4924 877 4974 vero,
914 4906 1214 4979 pascimur.
1255 4908 1473 4964 Rursus
1503 4922 1730 4978 campus
1748 4915 1835 4963 est
1854 4906 1976 4976 pla-

390 5012 517 5062 nus,
544 5007 599 5054 et
621 5000 847 5054 minime
870 5014 1032 5069 asper
1055 4998 1144 5063 iis,
1169 4998 1265 5068 qui
1291 5008 1442 5056 recte
1473 5014 1574 5069 per
1597 4998 1753 5053 illum
1784 4996 1980 5051 ambu-

390 5088 508 5143 lare
540 5097 765 5155 norunt,
792 5090 1081 5159 Scriptura
1105 5089 1370 5145 divinitus
1396 5089 1698 5159 inspirata:
1732 5107 1750 5139 ι
1781 5086 1978 5143 Omnia

389 5180 540 5236 enim
577 5178 633 5233 in
667 5191 961 5250 prospectu
997 5189 1127 5236 sunt
1155 5181 1244 5247 iis,
1281 5180 1376 5250 qui
1409 5179 1721 5250 intelligunt
1743 5179 1881 5248 "',_»
1916 5186 1978 5234 ut

2158 2425 2370 2479 ΠΔΛΛ.
2416 2423 2625 2495 Ὀρθῶς
2653 2422 2810 2495 ἔφης.

2154 2518 2321 2573 ΚΥΡ.
2365 2515 2525 2579 Ἴδοις
2551 2514 2594 2569 δ’
2618 2514 2684 2570 ἂν
2710 2512 2951 2578 εὐκόλως
2982 2514 3078 2569 καὶ
3107 2513 3176 2569 δι’
3198 2512 3399 2586 ἑτέρων
3429 2514 3558 2585 ἡμῖν
3588 2513 3677 2566 αί-

2083 2608 2366 2680 νιγμάτων
2391 2604 2809 2677 παραδηλοῦντα
2832 2604 2924 2659 τὸν
2963 2606 3129 2676 νόμον
3160 2605 3450 2677 σφαλερὸν,
3481 2605 3565 2658 ὄτι
3610 2603 3674 2658 τὸ

2083 2700 2426 2773 πλημμελεῖν
2461 2698 2740 2754 καὶτοῦτο
2764 2700 2844 2763 είς
2866 2697 3153 2769 άδελφούςυ
3190 2698 3252 2752 τὸ
3285 2698 3394 2769 γάρ
3445 2695 3677 2752 τύπτειν

2084 2791 2265 2846 αὐτῶν
2297 2787 2632 2845 ἀσθενοῦσαν
2658 2788 2759 2861 τὴν
2796 2788 3123 2860 συνείδησιν,
3144 2789 3226 2852 είς
3251 2788 3485 2861 Χριστὸν
3511 2784 3673 2859 ἡμῶν

2086 2887 2350 2960 ἀναφέρει
2390 2887 2452 2942 τὸ
2504 2886 2852 2959 πλημμελές.
2913 2885 3061 2955 Ἔφη
3120 2883 3334 2936 τοίνυνο
3390 2899 3411 2933 ι
3444 2880 3570 2933 Ἐἀν
3604 2882 3681 2938 δὲ.

2085 2980 2299 3048 ἐξελθὸν
2326 2979 2440 3052 πῦρ
2475 2979 2614 3053 εὕρῃ
2667 2979 2913 3042 ἀκάνθας
2948 2977 3044 3032 καὶ
3077 2974 3486 3047 προσεμπρήσῃ
3530 2971 3675 3026 ἅλω-

2085 3089 2182 3137 νας
2212 3071 2245 3143 ἢ
2282 3072 2539 3142 στάχυας,
2568 3072 2602 3143 ἢ
2650 3070 2851 3133 πεδίον,
2886 3068 3134 3124 ἀποτίσει
3160 3068 3222 3121 τὸ
3255 3064 3365 3137 πῦρ
3403 3065 3432 3117 ὁ
3460 3063 3669 3134 ἐγκαύ-

2085 3181 2204 3228 σας.
2237 3183 2256 3216 ι
2294 3165 2369 3217 Οὐ
2401 3163 2511 3235 γάρ
2551 3180 2632 3217 τοι
2684 3162 2953 3235 προσήκει
2993 3163 3108 3223 τοῖς
3141 3159 3345 3213 ἀδικεῖν
3395 3155 3671 3225 πεφυκόσι

2085 3255 2488 3310 συνδιόλλυσθαι
2529 3254 2593 3309 τὸ
2620 3254 2876 3326 χρηστὸν,
2901 3253 3022 3307 οὐδὲ
3065 3254 3177 3315 τοῖς
3215 3250 3430 3322 ἀγρίοις
3476 3246 3675 3303 σύνδιιΔ

2082 3347 2360 3403 πανᾶσθαι
2384 3347 2446 3403 τὸ
2465 3349 2697 3419 ἥμερον.

2154 3522 2365 3577 ΠΑΔΔ.
2391 3521 2515 3586 Πῶς
2541 3520 2674 3591 ἔφης
2698 3536 2713 3587 ;

2151 3614 2317 3669 ΚΥΡ.
2368 3616 2438 3668 Ἦ
2468 3614 2578 3686 γὰρ
2609 3612 2731 3684 οὐχὶ
2753 3612 2873 3675 ταῖς
2890 3612 2951 3666 ὲν
2974 3611 3125 3685 ὄρεσι
3156 3626 3216 3664 τε
3246 3610 3340 3665 καὶ
3391 3610 3451 3665 ὲν
3474 3608 3666 3680 ἀγροῖς

2082 3688 2350 3772 ἀκάνθαις
2398 3705 2790 3779 παρεικάζοιτο
2847 3704 2914 3758 ἂν
2940 3705 3165 3770 εἰκότως
3189 3705 3258 3759 τά
3284 3704 3393 3758 τῶν
3436 3701 3667 3758 ἀνοσίων

2084 3799 2378 3874 αἱρετικῶν
2411 3799 2848 3873 συγγράμματα,
2892 3798 2989 3852 καὶ
3035 3798 3069 3869 ἡ
3127 3797 3237 3853 τῶν
3265 3797 3396 3869 παρ’
3438 3794 3669 3867 Ἕλλησι

2083 3892 2372 3963 δογμάτων
2393 3891 2684 3964 τερθρεία;
2717 3891 2802 3956 τίς
2826 3890 2936 3963 γάρ
2962 3890 3030 3946 ἂν
3056 3882 3269 3960 γένοιτο
3291 3890 3411 3953 ταῖς
3443 3887 3555 3942 τῶν
3578 3887 3667 3940 ἀν-

2084 3985 2318 4058 θρώπων
2351 3986 2550 4056 ψυχαῖς
2593 3983 2801 4038 ἐκεῖθεν
2830 3986 2865 4054 ἡ
2916 3982 3124 4053 ὄνησις,
3162 3981 3360 4054 μᾶλλον
3389 3981 3449 4035 δὲ
3514 3980 3667 4036 ποῖον

2081 4076 2181 4131 οὐκ
2210 4075 2363 4130 ἔσται
2394 4075 2592 4147 βλάϐος
2615 4077 2729 4139 τοῖς
2758 4076 2840 4138 είς
2862 4073 2989 4128 νοῦν
3029 4074 3307 4128 ἐθέλωσιν
3339 4074 3525 4126 ἐκεῖνα
3564 4071 3663 4124 λαο

2082 4169 2230 4238 6εῖν;
2257 4169 2440 4241 Πυρὸς
2461 4168 2644 4223 τοίνυν
2665 4167 2829 4241 μόνου
2856 4166 3078 4238 τροφὸς,
3100 4167 3133 4236 ὴ
3160 4164 3392 4232 ἄκανθα,
3413 4162 3510 4218 καὶ
3533 4162 3665 4231 φλο-

2081 4261 2177 4330 γὸς
2205 4261 2492 4332 διατροφὴ.
2537 4260 2883 4315 Ἀνακαίουσι
2907 4259 2966 4313 δὲ
3007 4258 3101 4312 καὶ
3142 4258 3350 4328 φλόγας
3390 4257 3525 4329 ἡμῖν
3562 4254 3664 4318 τὰς

2083 4353 2162 4416 είς
2211 4351 2385 4406 αἰῶνα
2425 4350 2521 4404 καὶ
2560 4350 2671 4405 τῶν
2707 4350 3140 4422 πεπλανημένων
3168 4348 3240 4402 τά
3281 4348 3502 4421 ἐξίτηλα
3540 4347 3679 4416 δόγσ

2084 4460 2252 4518 ματα,
2293 4442 2388 4497 καὶ
2424 4442 2495 4496 τά
2521 4441 2628 4496 τῶν
2659 4440 3064 4514 είδωλολατρῶν
3102 4435 3433 4513 γραοπρεπῆ
3487 4437 3665 4510 μυθά-

2081 4553 2194 4609 ρια’
2234 4535 2475 4606 ἄσταχυς
2505 4534 2563 4588 δὲ
2592 4535 2688 4589 καὶ
2726 4537 2892 4603 σῖτος,
2927 4533 3260 4606 ήμερωτάτη
3308 4531 3507 4605 τροφὴ,
3565 4529 3665 4585 καὶ

2078 4626 2388 4700 ἀνθρώποις
2443 4627 2701 4700 ὲδώδιμα,
2758 4628 2853 4682 καὶ
2909 4629 3180 4697 ἀναγκαῖα
3232 4624 3370 4697 πρὸς
3430 4623 3622 4696 ὕνησιν
3644 4635 3662 4656 ⁸

2081 4720 2298 4791 συνέχει
2332 4719 2441 4791 γάρ
2474 4721 2623 4790 ἡμᾶς
2648 4721 2728 4784 εἰς
2778 4718 2943 4792 ζωὴν,
2972 4720 3065 4773 καὶ
3100 4719 3271 4782 τύπος
3310 4717 3378 4773 ἂν
3422 4719 3510 4788 είη
3549 4714 3664 4770 τῶν

2079 4812 2180 4882 τῆς
2206 4811 2467 4884 ἀληθείας
2495 4812 2803 4884 δογμάτων,
2834 4812 2902 4867 δι’
2933 4806 3009 4868 ὧν
3039 4815 3090 4867 οί
3113 4810 3547 4874 πεπιστευκότες
3583 4809 3663 4873 ὡς

2077 4904 2228 4977 ἄρτῳ
2275 4904 2438 4971 ζῶντι
2479 4904 2803 4976 τρεφόμεθα
2852 4907 2950 4960 καὶ
2988 4904 3251 4977 ἀληθινῷ,
3296 4903 3373 4976 τῷ
3410 4901 3661 4975 Χριστῷ.

2079 4998 2237 5052 Ἔστι
2263 4997 2321 5052 δὲ
2353 4993 2421 5052 αὖ
2455 4998 2638 5052 πεδίον
2659 4997 2804 5053 λεῖον
2832 4996 3023 5069 ὥσπερ
3052 5013 3107 5051 τι
3140 4997 3236 5050 καὶ
3281 4995 3517 5067 άτραχυ,
3546 4997 3665 5059 rei;

2073 5089 2401 5160 διαστείχειν
2416 5089 2611 5143 εἰδόσιν
2627 5088 2807 5160 ὀρθῶς
2821 5091 2855 5161 ἠ
2873 5089 3228 5152 θεόπνευστος
3243 5088 3458 5159 Γραφιίγ
3477 5107 3497 5137 ι
3517 5086 3664 5140 Πάν-

2073 5199 2143 5238 τα
2184 5182 2294 5254 γάρ
2332 5180 2564 5237 ἐνώπιον
2610 5183 2723 5245 τοῖς
2773 5178 3066 5247 συνιοῦσι,›
3119 5178 3264 5234 κατά
3319 5179 3376 5232 τὸ
3410 5194 3663 5251 γεγραμμ-

391 5272 661 5344 scriptum
680 5280 791 5336 est,
822 5291 841 5323 ‹
868 5281 925 5327 et
946 5282 1098 5329 recta
1119 5271 1528 5328 invenientibus
1547 5271 1832 5326 scientiam
1858 5271 1922 5324 ⁸ο.
1949 5290 1968 5324 ι

2087 5276 2242 5347 μένον
2266 5292 2280 5306 °
2324 5295 2343 5327 ι
2368 5276 2464 5330 καὶ
2490 5275 2629 5347 ὀρθὰ
2644 5278 2758 5340 τοῖς
2790 5274 3105 5348 εὑρίσκουσι
3131 5273 3356 5343 γνῶσιν.
3391 5291 3412 5325 ι
3448 5271 3660 5326 Οὐκοῦν

390 5366 562 5435 Igitur
593 5365 751 5436 spina
773 5365 997 5435 quidem
1025 5372 1109 5421 est
1146 5365 1238 5420 illa
1268 5379 1656 5435 perversorum
1686 5364 1974 5420 hominum

2087 5367 2289 5422 Ξκανθα
2317 5367 2418 5438 μὲν
2474 5369 2509 5439 ἡ
2555 5367 2923 5439 μυσαρωτάτη
2952 5366 3046 5421 καὶ
3085 5364 3313 5436 βέϐηλος
3358 5365 3659 5436 ἀθυροστο-

390 5459 740 5515 exsecrabilis
760 5460 996 5515 maxime
1020 5468 1077 5515 et
1104 5459 1332 5530 profana
1354 5459 1660 5530 loquacitas
1686 5478 1698 5513 :
1728 5458 1973 5515 triticum

2087 5459 2180 5529 μία
2218 5458 2329 5513 τῶν
2368 5458 2817 5531 διεστραμμένων
2841 5473 2855 5490 ⁸
2917 5459 3063 5520 σῖτος
3106 5456 3165 5509 δὲ
3220 5455 3316 5509 καὶ
3349 5455 3591 5525 ἄσταχυς
3627 5453 3658 5507 ό

391 5561 523 5603 vero
547 5556 605 5603 et
637 5550 785 5620 spica
820 5565 1005 5607 sermo
1028 5550 1302 5617 veritatis,
1335 5551 1431 5623 qui
1454 5550 1653 5606 animis
1677 5550 1975 5608 utilitatem

2087 5549 2404 5621 ὶιυχωφελής
2445 5566 2505 5603 τε
2557 5550 2653 5605 καὶ
2688 5547 3104 5621 τροφιμώτατος
3136 5547 3237 5618 τῆς
3265 5545 3527 5619 ἀληθείας
3564 5544 3653 5599 λό-

495 5724 563 5757 ⁸⁶⁹
593 5725 784 5782 Matth.
815 5745 961 5795 mu,
993 5731 1045 5786 6.
1108 5732 1173 5765 ⁸⁷⁸
1208 5731 1374 5790 lCor.
1406 5749 1517 5802 vni,
1562 5733 1641 5787 19..
1700 5729 1957 5791 l"'Exod.
1982 5747 2111 5798 xm,
2153 5731 2203 5785 6.
2281 5730 2342 5764 ’θ’
2370 5730 2501 5800 Sap.
2539 5746 2612 5797 Ix,
2653 5729 2731 5785 [6.
2787 5730 2828 5762 ‘°
2852 5729 3014 5785 Prov.
3050 5727 3240 5796 v1u,9.
