3990 6196
293 325 402 382 535

978 328 1066 384 DE
1105 325 1547 385 ADORATIONE
1587 327 1656 384 IN
1698 325 1971 384 SPIRITU
2012 323 2101 379 ET
2133 322 2504 379 VERITATE.
2545 323 2675 379 LIB.
2717 311 2851 380 VIII.

3456 334 3559 388 554

293 456 393 509 γος
418 457 435 473 ο
463 439 618 509 ψιλὸν
645 440 702 494 δὲ
748 441 948 508 πεδίον,
985 444 1019 514 ἡ
1060 443 1416 508 θεόπνευστος
1439 445 1652 517 Γραφή.
1704 444 1869 498 Ὅταν

1977 440 2155 507 aﬂ'ert,
2178 449 2232 496 et
2253 439 2320 495 ad
2342 440 2701 495 nutriendum
2721 448 2805 496 est
2830 441 3144 512 aptissimus
3164 443 3182 507 ’;
3211 439 3406 513 planus
3427 461 3562 501 vero

296 530 478 585 τοίνυν
505 527 595 585 οἷά
623 549 728 604 περ
750 531 967 602 φλόγες,
989 533 1022 605 ἢ
1056 535 1163 608 πῦρ
1187 540 1299 600 τοῖς
1328 535 1436 590 τῶν
1463 536 1787 608 ἑτεροδόξων
1814 555 1872 591 τε

299 625 392 677 καὶ
421 623 685 694 Ἑλλήνων
704 629 1057 697 φενακισμοῖς
1085 629 1135 680 οί
1164 628 1271 682 τῶν
1303 629 1472 697 ἁγίων
1498 630 1877 700 μυσταγωγῶν

297 715 614 783 ὲπιφύοιντο
661 715 830 786 λόγοι,
869 720 981 782 τοῖς
1013 719 1111 789 τῆς
1155 719 1413 788 ἀληθείας
1453 720 1877 792 συνηγοροῦντες

295 807 554 877 δόγμασι,
586 810 680 861 καὶ
708 808 775 862 τά
805 811 945 864 κατὰ
994 811 1160 882 μόνης
1195 811 1382 865 ἰόντων
1423 812 1667 884 ἀκάνθης
1709 814 1866 883 φησὶ,

295 900 393 954 καὶ
430 900 884 970 καταφλεγόντων
942 903 1042 974 μὲν
1081 902 1156 967 ὡς
1193 902 1471 974 ἄχρηστον
1521 903 1615 956 καὶ
1675 904 1874 976 ἀγρίαν

292 991 449 1062 ὓλην,
489 992 557 1046 τὰ
620 993 749 1064 παρ’
795 994 1023 1058 ἐκείνοις
1077 997 1506 1067 συγγράμματα,
1547 995 1621 1067 μὴ
1671 995 1877 1050 συναδι-

294 1084 542 1138 κούντων
584 1084 641 1138 δὲ
671 1088 817 1140 σῖτον
867 1087 900 1158 ἢ
935 1089 1195 1159 ἀσταχυν,
1231 1087 1528 1154 τουτέστιν,
1559 1088 1874 1160 νηφέτωσαν

289 1178 340 1229 οἱ
371 1178 741 1246 μυσταγωγοὶ,
772 1179 848 1248 μὴ
890 1179 998 1249 ἄρα
1025 1197 1079 1233 τι
1133 1181 1594 1252 καταπημήνειαν
1635 1180 1744 1234 τῶν
1777 1182 1876 1252 τῆς

289 1265 554 1336 ἀληθείας
583 1267 890 1337 δογμάτων*
919 1270 953 1340 ἢ
988 1271 1141 1334 ἵστω,
1180 1271 1366 1342 φησιν,
1397 1272 1426 1324 6
1457 1272 1554 1325 σὺν
1604 1271 1873 1343 ἀσφαλείᾳ

290 1358 452 1411 τοῦτο
494 1359 628 1430 δρᾷν
665 1360 765 1414 οὐκ
827 1361 1171 1432 ἀνεχόμενος,
1201 1363 1276 1426 ὡς
1339 1362 1503 1434 εἴπερ
1550 1381 1604 1416 τι
1663 1364 1873 1432 γένοιτο

295 1450 838 1522 συγκαταφλεχθῆναι
876 1456 988 1516 τοῖς
1012 1454 1237 1523 φαύλοις
1283 1454 1392 1507 τῶν
1431 1455 1742 1524 ἀναγκαίων
1792 1457 1873 1519 εἰς

289 1542 498 1611 ὄνησιν,
528 1544 774 1597 ἀποτίσει
803 1545 903 1615 τῆς
923 1545 1255 1616 ἀπροσεξίας
1279 1547 1406 1609 τοὺς
1438 1546 1644 1614 λόγους.
1674 1546 1872 1600 Αίσθά-

291 1648 359 1704 νῃ
392 1633 458 1704 δὴ
478 1630 571 1687 οὗν
594 1635 726 1706 ὅσην
743 1637 776 1706 ἡ
786 1637 893 1706 μᾶς
918 1636 1188 1690 ποιεῖσθαι
1218 1636 1317 1708 τὴν
1344 1638 1502 1707 ὲπιτή
1513 1653 1669 1708 ρησιν
1696 1653 1868 1709 προσ-

1979 547 2204 604 campus
2227 532 2412 587 divina
2430 530 2734 603 Scriptura.
2754 532 2892 588 Cum
2914 533 3078 604 igitur
3099 534 3153 588 in
3175 534 3557 593 barreticorum

1977 625 2375 695 gentiliumque
2410 623 2666 694 ﬁgmenta
2703 633 3019 680 sanctorum
3047 626 3334 682 doctorum
3367 629 3556 695 verba,

1977 715 2248 786 dogmatis
2268 715 2518 770 veritatis
2541 716 2906 784 patrocinium
2929 716 3180 783 ferentia,
3213 719 3556 775 ﬂammarum

1977 816 2072 860 aut
2093 806 2235 877 ignis
2262 806 2454 872 instar,
2484 807 2746 875 impetum
2774 807 3025 871 fecerint,
3060 825 3159 879 per
3196 811 3381 880 spinas
3411 810 3555 866 dun-

1979 905 2129 952 taxat
2154 897 2476 961 decurrant,
2501 897 2702 966 inquit,
2727 905 2783 951 et
2813 898 3032 952 illorum
3060 901 3263 970 scripta
3299 909 3554 972 tanquam

1976 987 2227 1042 inutilem
2267 987 2683 1058 silvestremque
2724 989 3008 1043 materiam
3048 991 3403 1058 comburant;
3444 1008 3557 1048 non

1975 1089 2160 1135 autem
2194 1080 2357 1135 simul
2384 1079 2624 1135 triticum
2654 1088 2749 1135 aut
2780 1081 2958 1151 spicas
2993 1082 3211 1148 laedant,
3254 1084 3308 1138 id
3337 1093 3441 1150 est,
3469 1085 3568 1148 at-'

1975 1171 2205 1225 tendant
2230 1171 2503 1235 doctores,
2532 1186 2600 1225 ne
2627 1172 2758 1241 quid
2785 1150 3046 1228 violente
3065 1172 3333 1244 dogmatis
3356 1150 3570 1231 verita:

1974 1263 2044 1318 tis
2077 1279 2092 1316 :
2126 1271 2221 1319 aut
2245 1251 2403 1330 sciat,
2435 1264 2633 1333 inquit,
2659 1265 2774 1334 qui,
2801 1265 2857 1319 id
2890 1273 2950 1320 ut
2985 1272 3146 1320 caute
3182 1265 3408 1332 faceret,
3443 1283 3555 1322 non

1973 1356 2263 1421 laboravit,
2311 1357 2357 1410 si
2393 1357 2524 1426 quid
2556 1372 2770 1422 eorum,
2805 1373 2927 1428 quae
2962 1358 3029 1412 ad
3056 1373 3216 1412 usum
3244 1358 3556 1413 necessaria

1972 1457 2122 1515 sunt,
2163 1450 2325 1504 simul
2367 1465 2492 1503 cum
2529 1450 2744 1505 vitiosis
2777 1449 3113 1521 conﬂagrare
3147 1451 3460 1522 contigerit,
3498 1466 3556 1506 se

1970 1559 2165 1614 poenas
2187 1543 2567 1613 imprudentiae
2589 1544 2868 1598 daturum.
2892 1543 3148 1600 Advertis
3171 1544 3358 1616 igitur,
3384 1541 3571 1615 quan-'

1972 1644 2082 1690 tam
2108 1651 2209 1692 nos
2231 1636 2494 1692 adhibere
2517 1637 2824 1692 cautionem
2850 1636 3075 1708 jusserit
3107 1637 3406 1708 legislator,
3433 1637 3556 1691 ubi-

290 1727 520 1796 τέταχεν
560 1728 589 1780 6
628 1726 954 1797 νομοθετῶν,
984 1729 1084 1798 τῆς
1121 1731 1202 1791 είς
1253 1728 1516 1798 ἀδελφοὺς
1549 1729 1768 1799 ἀγάπης
1808 1730 1869 1784 τὸ

1974 1743 2076 1797 que
2101 1728 2389 1783 cbaritatis
2411 1729 2468 1782 in
2489 1727 2692 1784 fratres
2717 1727 3089 1784 sinceritatem
3125 1744 3319 1799 puram
3359 1737 3414 1784 et
3447 1729 3551 1782 im-

290 1816 582 1887 εἱλικρινὲς
611 1817 878 1872 ἀθόλωτον
910 1818 1209 1884 ἀποσώζων
1241 1819 1528 1890 πανταχῆ;

360 1907 569 1962 ΠΔΛΛ.
602 1909 856 1981 Συνίημι.

1969 1819 2349 1889 perturbatam
2390 1821 2654 1875 servans?

2042 1909 2240 1964 PALL.
2277 1909 2547 1981 Intelligo.
2655 1935 2669 1977 λ

288 2122 3533 2156 W

853 2311 1246 2438 ΠΕΡΙ
1345 2311 1686 2439 ΤΗΣ
1791 2311 1996 2437 ΕΝ
2113 2302 2994 2442 ΠΝΕΥΜΑΤΙ

1537 2567 1732 2658 ΚΑΙ
1805 2566 2294 2662 ΑΛΗΘΕΙΑ

713 2785 1934 2904 ΠΡΟΣΚΥΝΗΣΕΩΣ
2009 2788 2288 2900 ΚΑΙ
2379 2781 3124 2902 ΛΑΤΡΕΙΑΣ

1464 3026 1831 3113 ΛΟΓΟΣ
1907 3026 2378 3117 ΟΓΔΟΟΣ.

418 3353 596 3466 DE
707 3350 1632 3469 ADORATIONE
1725 3355 1908 3469 ET
2009 3355 2487 3473 CULTU
2601 3355 2747 3474 IN
2865 3357 3447 3477 SPIRITU

1444 3620 1610 3722 ET
1706 3615 2366 3724 VERITATE

1386 3859 1745 3941 LIBER
1846 3862 2447 3944 OCTAVUS.

297 4169 417 4222 Ἔτι
453 4168 584 4242 περὶ
633 4167 875 4242 ἀγᾴπης
927 4168 1037 4237 τῆς
1081 4171 1168 4242 είς
1220 4169 1545 4242 ἀδελφοὺς,
1576 4169 1676 4224 καὶ
1713 4170 1864 4225 κατὰ

1974 4171 2101 4227 Item
2136 4171 2199 4224 de
2236 4169 2496 4224 charilate
2527 4171 2583 4242 in
2606 4170 2820 4239 fratres,
2859 4179 2907 4224 et
2935 4171 2998 4225 de
3022 4186 3081 4225 eo
3105 4172 3195 4242 qui
3221 4172 3435 4242 furatur
3467 4178 3551 4231 vi-

462 4237 568 4292 τοῦ
611 4237 980 4305 κλέπτον-τος
1027 4241 1270 4308 μόσχον
1297 4239 1334 4309 ἢ
1369 4237 1685 4308 πρόϐατον.

361 4350 704 4422 Πανταχόθεν
753 4351 816 4422 δὴ
874 4347 988 4416 οὖν,
1019 4347 1064 4406 ὧ
1089 4352 1376 4420 Παλλάδιε,
1408 4353 1558 4426 πάρα
1589 4371 1672 4408 σοι
1699 4355 1862 4419 νοεῖν,

288 4441 363 4506 ὡς
395 4443 588 4514 ὀρθούς
632 4460 695 4496 τε
744 4443 839 4497 xal.
881 4444 1130 4514 ἀκριϐεῖς
1158 4446 1297 4513 ἄγαν
1335 4445 1608 4500 ποιεῖσθαι
1651 4444 1866 4500 κελεύει

290 4537 386 4606 τῆς
421 4535 812 4605 μυσταγωγίας
851 4537 978 4599 τοὺς
1026 4536 1220 4605 λόγους
1253 4539 1349 4592 καὶ
1397 4539 1425 4590 6
1475 4538 1649 4594 πάλαι
1677 4539 1862 4609 νόμος.

292 4629 404 4682 Οὐκ
432 4627 666 4699 ἀζήμιον
697 4628 753 4681 δὲ
787 4629 904 4691 τοῖς
949 4627 1224 4700 ὲξαπατᾷν
1266 4627 1481 4683 εἰωθόσι
1522 4629 1629 4684 τῶν
1676 4629 1867 4684 ἁπλου-

293 4720 499 4792 στέρων
527 4719 678 4784 τινὰς
711 4720 772 4774 τὸ
801 4723 992 4793 χρῆμα
1027 4721 1219 4787 τιθεὶς,
1256 4721 1359 4794 ἔφη
1385 4722 1545 4776 πάλιν
1563 4741 1578 4755 ο
1615 4743 1633 4775 ι
1659 4723 1782 4777 Ἐἀν
1809 4723 1866 4776 δέ

289 4828 373 4874 τις
398 4810 572 4883 κλέψῃ
620 4811 821 4882 μόσχον
853 4813 886 4883 ἢ
916 4813 1206 4885 πρόὸατον,
1239 4814 1334 4868 καὶ
1368 4813 1545 4886 σφάξῃ
1574 4813 1607 4886 ἢ
1637 4813 1862 4869 ἀποδῶ-

288 4919 400 4967 ται,
437 4904 600 4956 πέντε
657 4905 890 4976 μόσχους
927 4906 1178 4960 ἀποτίσει
1229 4906 1351 4960 ἀντὶ
1391 4905 1486 4960 τοῦ
1519 4906 1742 4977 μόσχου,
1774 4907 1870 4960 καὶ

288 4995 532 5065 τέσσαρα
561 4995 812 5066 πρόϐατα
843 4997 966 5050 ἀντὶ
1001 4997 1096 5050 τοῦ
1124 4998 1422 5067 προϐάτου.
1465 4995 1592 5050 Ἐἀν
1624 4996 1681 5050 δὲ
1711 4997 1769 5050 ὲν
1790 4995 1868 5068 τῷ

288 5084 615 5157 διορύγματι
639 5087 835 5158 εὑρεθῇ
874 5090 903 5142 6
937 5087 1195 5158 κλέπτης,
1223 5090 1318 5142 καὶ
1342 5088 1570 5160 πληγεὶς
1599 5087 1867 5160 ἀποθάνῃ,

289 5176 391 5229 οὐκ
419 5177 566 5231 ἔστιν
593 5178 744 5248 αύτῴ
783 5179 941 5246 φόνος
967 5196 979 5209 ·
1018 5179 1112 5233 ἐὰν
1139 5179 1195 5233 δὲ
1234 5179 1490 5252 ἀνατείλῃ
1534 5181 1563 5232 6
1603 5179 1754 5250 ἥλιος
1783 5177 1870 5232 ἐπ’

290 5267 461 5337 αὐτῷ,
513 5268 696 5339 ἔνοχος
742 5269 916 5335 ἔσται,
952 5271 1428 5325 ἀνταποθανεῖται.
1497 5271 1626 5326 Ἐἀν
1683 5271 1737 5323 δὲ
1797 5270 1871 5341 μὴ

295 5361 515 5430 ὑπάρχῃ
561 5361 732 5431 αύτῷ,
780 5362 1048 5433 πραθὴτω
1091 5364 1212 5417 ἀντὶ
1249 5363 1344 5416 τοῦ
1388 5363 1701 5434 κλέμματος
1727 5379 1740 5392 ·
1775 5362 1870 5416 ὲάν

291 5450 350 5506 δὲ
376 5452 701 5524 καταληφθῇ
733 5455 828 5506 καὶ
850 5454 1049 5526 εὑρεθῇ
1074 5455 1130 5508 ὲν
1159 5458 1227 5527 τῇ
1259 5456 1402 5526 χειρὶ
1432 5454 1599 5508 αὐτοῦ
1624 5453 1868 5525 κλέμμα,

293 5545 406 5600 ἀπό
435 5563 496 5598 τε
534 5548 656 5600 όνου
686 5548 778 5600 καὶ
824 5548 929 5610 ἓως
971 5547 1243 5618 προϐάτου
1295 5549 1493 5618 ζῶντα,
1527 5547 1693 5603 διπλᾶ
1733 5547 1868 5601 ἀπο-

297 5636 440 5691 τίσει
466 5639 624 5694 αύτά.
656 5658 674 5691 ι

369 5751 603 5809 “Exod.
633 5771 761 5821 χχιι,
791 5757 808 5808 l
833 5770 986 5826 seqq.

2505 4239 2695 4305 tutum,
2723 4249 2818 4295 aut
2839 4256 3003 4296 ovem.

2035 4355 2195 4427 252
2223 4355 2474 4424 Undique
2501 4353 2688 4426 igitur,
2734 4354 2960 4422 Palladi,
3002 4357 3317 4428 perspicere
3351 4366 3532 4428 potes,

1965 4463 2130 4519 quam
2150 4455 2298 4503 recte
2321 4462 2385 4502 ac
2409 4446 2701 4518 diligenter
2723 4446 2790 4503 de
2811 4455 3127 4504 nostrorum
3155 4449 3544 4520 mysteriorum

1965 4541 2178 4596 ratione
2193 4540 2465 4596 disserere
2486 4538 2665 4610 prisca
2689 4554 2906 4610 quoque
2931 4539 3019 4595 lex
3039 4539 3250 4611 jubeat.
3265 4539 3382 4595 Iam
3409 4554 3544 4594 vero

1967 4635 2036 4690 iis
2047 4634 2141 4705 qui
2158 4631 2519 4703 simpliciores
2547 4630 2812 4701 quosdam
2841 4631 3096 4702 decipere
3116 4639 3542 4695 consueverunt,

1967 4742 2088 4782 eam
2114 4740 2232 4780 rem
2258 4740 2370 4780 non
2402 4723 2632 4778 inultam
2657 4737 2780 4778 esse
2815 4723 3024 4788 sinens,
3053 4738 3246 4779 rursus
3279 4723 3358 4777 ait
3385 4741 3398 4776 :
3429 4741 3447 4772 ι
3487 4721 3544 4777 Si

1967 4815 2092 4885 quis
2113 4813 2328 4868 furatus
2351 4812 2522 4868 fuerit
2546 4811 2742 4867 bovem
2766 4821 2862 4868 aut
2879 4828 3058 4878 ovem,
3087 4820 3143 4867 et
3164 4812 3427 4868 occiderit
3451 4825 3548 4868 aut

1966 4905 2298 4970 vendiderit,
2334 4903 2577 4974 quinque
2605 4905 2807 4959 vitulos
2832 4905 3108 4974 persolvet
3133 4920 3233 4974 pro
3269 4904 3463 4970 vitulo,
3489 4913 3549 4961 et

1969 5006 2205 5069 quatuor
2229 5011 2360 5053 oves
2381 5011 2482 5067 pro
2511 5010 2614 5050 ove
2637 5014 2650 5050 :
2676 4995 2821 5066 quod
2859 4996 2905 5050 si
2943 4994 3257 5066 perfodiens
3291 4993 3552 5052 inventus

1970 5087 2264 5152 fueritfur,
2291 5094 2348 5142 et
2369 5100 2666 5158 percussus
2699 5093 2952 5141 mortuus
2975 5086 3165 5151 fuerit,
3203 5102 3313 5141 non
3349 5095 3432 5144 est
3457 5088 3550 5143 ille

1971 5196 2100 5236 reus
2122 5179 2288 5236 caadis
2315 5196 2328 5232 :
2354 5178 2440 5233 sin
2465 5186 2620 5232 ortus
2639 5176 2807 5233 fuerit
2829 5178 2910 5232 sol
2933 5193 3099 5248 super
3121 5195 3269 5243 eum,
3295 5195 3423 5234 reus
3443 5179 3550 5233 erit
3576 5205 3586 5211 -

1972 5288 2072 5343 pro
2092 5272 2260 5336 aede,
2285 5269 2552 5325 morietur
2586 5265 2775 5339 :'quod
2810 5269 2860 5325 si
2897 5286 3009 5325 non
3050 5270 3194 5324 adsit
3216 5271 3266 5324 ei
3291 5271 3548 5325 substan-

1973 5365 2068 5431 tia,
2107 5364 2267 5435 253
2293 5363 2564 5418 vendatur
2598 5377 2700 5432 pro
2729 5361 2877 5416 furto
2905 5379 2916 5414 :
2944 5362 3038 5415 sed
3082 5361 3126 5416 si
3161 5362 3444 5414 inventum
3484 5372 3551 5414 ac

1978 5459 2381 5528 deprehensum
2411 5456 2578 5511 fuerit
2603 5455 2814 5510 furtum
2839 5453 2895 5506 in
2921 5467 3085 5507 manu
3117 5452 3255 5520 ejus,
3290 5449 3360 5503 ab
3393 5447 3550 5504 asino

1978 5557 2033 5606 et
2057 5563 2228 5618 usque
2254 5547 2320 5601 ad
2345 5561 2522 5609 ovem,
2551 5541 2810 5606 viventia,
2836 5539 3000 5609 dupla
3023 5554 3084 5594 ea
3115 5537 3357 5593 exsolvet
3378 5536 3442 5594 “.
3474 5555 3495 5591 ι
