  <div class='ocr_page' id='page_1' title='image "/cluster/home/n/w/nwhite01/storage/ocr_20150623/68/hvd.32044073501975/274.png"; bbox 0 0 3990 6196; ppageno 0'>
   <div class='ocr_carea' id='block_1_1' title="bbox 281 320 388 381">
    <p class='ocr_par' dir='ltr' id='par_1_1' title="bbox 281 320 388 381">
     <span class='ocr_line' id='line_1_1' title="bbox 281 320 388 381; baseline 0 0"><span class='ocrx_word' id='word_1_1' title='bbox 281 320 388 381; x_wconf 74' lang='lat'><strong>537</strong></span> 
     </span>
    </p>
   </div>
   <div class='ocr_carea' id='block_1_2' title="bbox 951 294 2795 379">
    <p class='ocr_par' dir='ltr' id='par_1_2' title="bbox 951 294 2795 379">
     <span class='ocr_line' id='line_1_2' title="bbox 951 294 2795 379; baseline -0.001 -2"><span class='ocrx_word' id='word_1_2' title='bbox 951 320 1040 378; x_wconf 86' lang='lat' dir='ltr'><strong>DE</strong></span> <span class='ocrx_word' id='word_1_3' title='bbox 1075 322 1514 378; x_wconf 69' lang='lat' dir='ltr'><strong>ADORA&#39;I&#39;iONE</strong></span> <span class='ocrx_word' id='word_1_4' title='bbox 1554 323 1621 378; x_wconf 89' lang='lat' dir='ltr'><strong>IN</strong></span> <span class='ocrx_word' id='word_1_5' title='bbox 1658 294 1928 378; x_wconf 63' lang='lat' dir='ltr'><strong>SPIRITU</strong></span> <span class='ocrx_word' id='word_1_6' title='bbox 1966 323 2055 378; x_wconf 84' lang='lat' dir='ltr'><strong>ET</strong></span> <span class='ocrx_word' id='word_1_7' title='bbox 2094 321 2461 379; x_wconf 81' lang='lat' dir='ltr'><strong>VERITATE.</strong></span> <span class='ocrx_word' id='word_1_8' title='bbox 2506 319 2634 377; x_wconf 86' lang='lat' dir='ltr'><strong>LIB.</strong></span> <span class='ocrx_word' id='word_1_9' title='bbox 2661 321 2795 377; x_wconf 73' lang='lat' dir='ltr'><strong>VIII.</strong></span> 
     </span>
    </p>
   </div>
   <div class='ocr_carea' id='block_1_3' title="bbox 3437 318 3543 377">
    <p class='ocr_par' dir='ltr' id='par_1_3' title="bbox 3437 318 3543 377">
     <span class='ocr_line' id='line_1_3' title="bbox 3437 318 3543 377; baseline -0.009 0"><span class='ocrx_word' id='word_1_10' title='bbox 3437 318 3543 377; x_wconf 79' lang='lat'><strong>538</strong></span> 
     </span>
    </p>
   </div>
   <div class='ocr_carea' id='block_1_4' title="bbox 281 433 1856 508">
    <p class='ocr_par' dir='ltr' id='par_1_4' title="bbox 281 433 1851 508">
     <span class='ocr_line' id='line_1_4' title="bbox 281 433 1851 508; baseline -0.002 -15"><span class='ocrx_word' id='word_1_11' title='bbox 281 434 613 493; x_wconf 75' lang='grc' dir='ltr'><strong>κινδυνεύειν</strong></span> <span class='ocrx_word' id='word_1_12' title='bbox 644 433 744 488; x_wconf 76' lang='grc' dir='ltr'>οὐκ</span> <span class='ocrx_word' id='word_1_13' title='bbox 776 436 861 506; x_wconf 77' lang='grc' dir='ltr'>ἐᾷ,</span> <span class='ocrx_word' id='word_1_14' title='bbox 907 434 1193 501; x_wconf 77' lang='grc' dir='ltr'><strong>κολάζεται</strong></span> <span class='ocrx_word' id='word_1_15' title='bbox 1228 435 1338 508; x_wconf 88' lang='grc' dir='ltr'><strong>γάρ</strong></span> <span class='ocrx_word' id='word_1_16' title='bbox 1387 435 1456 489; x_wconf 87' lang='grc' dir='ltr'><strong>τά</strong></span> <span class='ocrx_word' id='word_1_17' title='bbox 1491 437 1683 500; x_wconf 82' lang='grc' dir='ltr'>νυκτὸς</span> <span class='ocrx_word' id='word_1_18' title='bbox 1717 436 1851 508; x_wconf 74' lang='grc' dir='ltr'>ἔργα</span> 
     </span>
    </p>
   </div>
   <div class='ocr_carea' id='block_1_5' title="bbox 1959 433 3541 508">
    <p class='ocr_par' dir='ltr' id='par_1_5' title="bbox 1959 435 3541 506">
     <span class='ocr_line' id='line_1_5' title="bbox 1959 435 3541 506; baseline 0.003 -17"><span class='ocrx_word' id='word_1_19' title='bbox 1959 436 2334 503; x_wconf 87' lang='lat' dir='ltr'><strong>illustraverit,</strong></span> <span class='ocrx_word' id='word_1_20' title='bbox 2362 437 2664 506; x_wconf 89' lang='lat' dir='ltr'><strong>periclitari</strong></span> <span class='ocrx_word' id='word_1_21' title='bbox 2690 451 2799 490; x_wconf 93' lang='lat' dir='ltr'><strong>non</strong></span> <span class='ocrx_word' id='word_1_22' title='bbox 2822 435 2987 492; x_wconf 85' lang='lat' dir='ltr'><strong>sinit:</strong></span> <span class='ocrx_word' id='word_1_23' title='bbox 3015 451 3138 490; x_wconf 84' lang='lat' dir='ltr'><strong>nam</strong></span> <span class='ocrx_word' id='word_1_24' title='bbox 3164 451 3332 506; x_wconf 84' lang='lat' dir='ltr'><strong>opera</strong></span> <span class='ocrx_word' id='word_1_25' title='bbox 3359 439 3541 494; x_wconf 90' lang='lat' dir='ltr'><strong>noctis</strong></span> 
     </span>
    </p>
   </div>
   <div class='ocr_carea' id='block_1_6' title="bbox 169 527 1858 598">
    <p class='ocr_par' dir='ltr' id='par_1_6' title="bbox 169 527 1858 598">
     <span class='ocr_line' id='line_1_6' title="bbox 169 527 1858 598; baseline 0.001 -16"><span class='ocrx_word' id='word_1_26' title='bbox 169 546 187 559; x_wconf 62' lang='grc' dir='ltr'><strong>η</strong></span> <span class='ocrx_word' id='word_1_27' title='bbox 280 529 377 583; x_wconf 74' lang='grc' dir='ltr'>καὶ</span> <span class='ocrx_word' id='word_1_28' title='bbox 399 528 643 592; x_wconf 76' lang='grc' dir='ltr'><strong>σκότους,</strong></span> <span class='ocrx_word' id='word_1_29' title='bbox 664 527 735 582; x_wconf 87' lang='grc' dir='ltr'><strong>τά</strong></span> <span class='ocrx_word' id='word_1_30' title='bbox 761 528 818 581; x_wconf 84' lang='grc' dir='ltr'><strong>δέ</strong></span> <span class='ocrx_word' id='word_1_31' title='bbox 844 528 920 590; x_wconf 86' lang='grc' dir='ltr'>ὡς</span> <span class='ocrx_word' id='word_1_32' title='bbox 948 528 1006 581; x_wconf 79' lang='grc' dir='ltr'><strong>ἐν</strong></span> <span class='ocrx_word' id='word_1_33' title='bbox 1035 529 1172 598; x_wconf 77' lang='grc' dir='ltr'>φωτὶ</span> <span class='ocrx_word' id='word_1_34' title='bbox 1195 529 1399 594; x_wconf 77' lang='grc' dir='ltr'>λοιπὸν,</span> <span class='ocrx_word' id='word_1_35' title='bbox 1431 529 1531 582; x_wconf 79' lang='grc' dir='ltr'>οὐκ</span> <span class='ocrx_word' id='word_1_36' title='bbox 1558 527 1658 583; x_wconf 75' lang='grc' dir='ltr'>ἔτι.</span> <span class='ocrx_word' id='word_1_37' title='bbox 1697 529 1858 584; x_wconf 81' lang='grc' dir='ltr'>Ἀνεῖ-</span> 
     </span>
    </p>
   </div>
   <div class='ocr_carea' id='block_1_7' title="bbox 283 619 1857 692">
    <p class='ocr_par' dir='ltr' id='par_1_7' title="bbox 283 619 1857 692">
     <span class='ocr_line' id='line_1_7' title="bbox 283 619 1857 692; baseline -0.001 -17"><span class='ocrx_word' id='word_1_38' title='bbox 283 619 482 675; x_wconf 85' lang='grc' dir='ltr'>σθαιδέ</span> <span class='ocrx_word' id='word_1_39' title='bbox 501 619 610 673; x_wconf 86' lang='grc' dir='ltr'><strong>τῶν</strong></span> <span class='ocrx_word' id='word_1_40' title='bbox 640 619 885 690; x_wconf 89' lang='grc' dir='ltr'>ἀρχαίων</span> <span class='ocrx_word' id='word_1_41' title='bbox 918 621 1300 691; x_wconf 86' lang='grc' dir='ltr'>ἐγκλημάτων,</span> <span class='ocrx_word' id='word_1_42' title='bbox 1330 623 1424 676; x_wconf 76' lang='grc' dir='ltr'>καὶ</span> <span class='ocrx_word' id='word_1_43' title='bbox 1452 621 1562 675; x_wconf 88' lang='grc' dir='ltr'><strong>τῶν</strong></span> <span class='ocrx_word' id='word_1_44' title='bbox 1583 621 1642 675; x_wconf 82' lang='grc' dir='ltr'>ὲν</span> <span class='ocrx_word' id='word_1_45' title='bbox 1664 621 1857 692; x_wconf 79' lang='grc' dir='ltr'>ἀγνοίᾳ</span> 
     </span>
    </p>
   </div>
   <div class='ocr_carea' id='block_1_8' title="bbox 281 710 1857 782">
    <p class='ocr_par' dir='ltr' id='par_1_8' title="bbox 281 710 1857 782">
     <span class='ocr_line' id='line_1_8' title="bbox 281 710 1857 782; baseline 0 -17"><span class='ocrx_word' id='word_1_46' title='bbox 281 713 376 766; x_wconf 74' lang='grc' dir='ltr'>καὶ</span> <span class='ocrx_word' id='word_1_47' title='bbox 411 711 608 782; x_wconf 82' lang='grc' dir='ltr'><strong>σκότῳ,</strong></span> <span class='ocrx_word' id='word_1_48' title='bbox 643 710 961 765; x_wconf 84' lang='grc' dir='ltr'>δεδικαίωκε</span> <span class='ocrx_word' id='word_1_49' title='bbox 1005 710 1155 774; x_wconf 82' lang='grc' dir='ltr'>Θεός.</span> <span class='ocrx_word' id='word_1_50' title='bbox 1211 712 1321 765; x_wconf 80' lang='grc' dir='ltr'><strong>Καὶ</strong></span> <span class='ocrx_word' id='word_1_51' title='bbox 1367 712 1431 782; x_wconf 86' lang='grc' dir='ltr'>δὴ</span> <span class='ocrx_word' id='word_1_52' title='bbox 1474 713 1566 766; x_wconf 70' lang='grc' dir='ltr'>καὶ</span> <span class='ocrx_word' id='word_1_53' title='bbox 1615 710 1857 781; x_wconf 80' lang='grc' dir='ltr'><strong>λεγέσθω</strong></span> 
     </span>
    </p>
   </div>
   <div class='ocr_carea' id='block_1_9' title="bbox 166 802 1854 875">
    <p class='ocr_par' dir='ltr' id='par_1_9' title="bbox 166 802 1854 875">
     <span class='ocr_line' id='line_1_9' title="bbox 166 802 1854 875; baseline 0 -20"><span class='ocrx_word' id='word_1_54' title='bbox 166 839 179 848; x_wconf 67' lang='grc' dir='ltr'><strong>ς</strong></span> <span class='ocrx_word' id='word_1_55' title='bbox 277 807 393 866; x_wconf 87' lang='grc' dir='ltr'>τοῖς</span> <span class='ocrx_word' id='word_1_56' title='bbox 442 803 501 870; x_wconf 79' lang='grc' dir='ltr'>ἐξ</span> <span class='ocrx_word' id='word_1_57' title='bbox 553 803 827 875; x_wconf 86' lang='grc' dir='ltr'>ἁμαρτίας</span> <span class='ocrx_word' id='word_1_58' title='bbox 878 804 959 865; x_wconf 87' lang='grc' dir='ltr'><strong>είς</strong></span> <span class='ocrx_word' id='word_1_59' title='bbox 1008 802 1125 872; x_wconf 87' lang='grc' dir='ltr'><strong>φῶς</strong></span> <span class='ocrx_word' id='word_1_60' title='bbox 1180 802 1504 871; x_wconf 82' lang='grc' dir='ltr'><strong>ἀφιγμένοις</strong></span> <span class='ocrx_word' id='word_1_61' title='bbox 1541 802 1603 855; x_wconf 78' lang='grc' dir='ltr'><strong>τὸ</strong></span> <span class='ocrx_word' id='word_1_62' title='bbox 1646 803 1854 871; x_wconf 73' lang='grc' dir='ltr'>νοητὸν,</span> 
     </span>
    </p>
   </div>
   <div class='ocr_carea' id='block_1_10' title="bbox 285 890 1857 965">
    <p class='ocr_par' dir='ltr' id='par_1_10' title="bbox 285 890 1857 965">
     <span class='ocr_line' id='line_1_10' title="bbox 285 890 1857 965; baseline 0 -19"><span class='ocrx_word' id='word_1_63' title='bbox 285 913 303 946; x_wconf 81' lang='grc' dir='ltr'>ι</span> <span class='ocrx_word' id='word_1_64' title='bbox 340 890 483 949; x_wconf 69' lang='grc' dir='ltr'>*Ητέ</span> <span class='ocrx_word' id='word_1_65' title='bbox 518 911 647 949; x_wconf 89' lang='grc' dir='ltr'>ποτε</span> <span class='ocrx_word' id='word_1_66' title='bbox 681 894 892 958; x_wconf 83' lang='grc' dir='ltr'><strong>σκότος,</strong></span> <span class='ocrx_word' id='word_1_67' title='bbox 929 893 1044 947; x_wconf 76' lang='grc' dir='ltr'>νυνὶ</span> <span class='ocrx_word' id='word_1_68' title='bbox 1076 895 1134 947; x_wconf 79' lang='grc' dir='ltr'>δὲ</span> <span class='ocrx_word' id='word_1_69' title='bbox 1161 893 1278 964; x_wconf 88' lang='grc' dir='ltr'><strong>φῶς</strong></span> <span class='ocrx_word' id='word_1_70' title='bbox 1319 897 1377 948; x_wconf 80' lang='grc' dir='ltr'><strong>ἐν</strong></span> <span class='ocrx_word' id='word_1_71' title='bbox 1403 893 1613 965; x_wconf 83' lang='grc' dir='ltr'><strong>Κυρίῳ.</strong></span> <span class='ocrx_word' id='word_1_72' title='bbox 1646 913 1664 947; x_wconf 74' lang='grc' dir='ltr'>ι</span> <span class='ocrx_word' id='word_1_73' title='bbox 1700 892 1857 948; x_wconf 72' lang='grc' dir='ltr'>Οὕτω</span> 
     </span>
    </p>
   </div>
   <div class='ocr_carea' id='block_1_11' title="bbox 275 982 1857 1057">
    <p class='ocr_par' dir='ltr' id='par_1_11' title="bbox 275 982 1857 1057">
     <span class='ocr_line' id='line_1_11' title="bbox 275 982 1857 1057; baseline 0 -18"><span class='ocrx_word' id='word_1_74' title='bbox 275 982 626 1040; x_wconf 82' lang='grc' dir='ltr'>δεδικαίωκεν</span> <span class='ocrx_word' id='word_1_75' title='bbox 648 988 677 1039; x_wconf 98' lang='lat'><strong>6</strong></span> <span class='ocrx_word' id='word_1_76' title='bbox 710 985 916 1057; x_wconf 82' lang='grc' dir='ltr'>Κύριος</span> <span class='ocrx_word' id='word_1_77' title='bbox 953 987 1047 1040; x_wconf 77' lang='grc' dir='ltr'>καὶ</span> <span class='ocrx_word' id='word_1_78' title='bbox 1070 986 1162 1039; x_wconf 84' lang='grc' dir='ltr'>τὸν</span> <span class='ocrx_word' id='word_1_79' title='bbox 1199 985 1484 1041; x_wconf 82' lang='grc' dir='ltr'>θεσπέσιον</span> <span class='ocrx_word' id='word_1_80' title='bbox 1507 985 1739 1048; x_wconf 82' lang='grc' dir='ltr'><strong>Παῦλον,</strong></span> <span class='ocrx_word' id='word_1_81' title='bbox 1766 987 1857 1040; x_wconf 76' lang='grc' dir='ltr'>τὸν</span> 
     </span>
    </p>
   </div>
   <div class='ocr_carea' id='block_1_12' title="bbox 276 1071 1856 1149">
    <p class='ocr_par' dir='ltr' id='par_1_12' title="bbox 276 1071 1856 1149">
     <span class='ocr_line' id='line_1_12' title="bbox 276 1071 1856 1149; baseline 0.001 -19"><span class='ocrx_word' id='word_1_82' title='bbox 276 1076 546 1149; x_wconf 75' lang='grc' dir='ltr'>πρότερον</span> <span class='ocrx_word' id='word_1_83' title='bbox 585 1078 712 1131; x_wconf 77' lang='grc' dir='ltr'>ὄντα</span> <span class='ocrx_word' id='word_1_84' title='bbox 747 1077 1087 1149; x_wconf 81' lang='grc' dir='ltr'><strong>βλάσφημον,</strong></span> <span class='ocrx_word' id='word_1_85' title='bbox 1120 1078 1215 1132; x_wconf 61' lang='grc' dir='ltr'><strong>καὶ⁹</strong></span> <span class='ocrx_word' id='word_1_86' title='bbox 1255 1071 1511 1148; x_wconf 79' lang='grc' dir='ltr'>διώκτην,</span> <span class='ocrx_word' id='word_1_87' title='bbox 1555 1078 1648 1131; x_wconf 76' lang='grc' dir='ltr'>καὶ</span> <span class='ocrx_word' id='word_1_88' title='bbox 1698 1078 1856 1149; x_wconf 78' lang='grc' dir='ltr'><strong>ὑϐρισ-</strong></span> 
     </span>
    </p>
   </div>
   <div class='ocr_carea' id='block_1_13' title="bbox 276 1169 1856 1243">
    <p class='ocr_par' dir='ltr' id='par_1_13' title="bbox 276 1169 1856 1243">
     <span class='ocr_line' id='line_1_13' title="bbox 276 1169 1856 1243; baseline 0.002 -21"><span class='ocrx_word' id='word_1_89' title='bbox 276 1170 449 1241; x_wconf 78' lang='grc' dir='ltr'>στηνο</span> <span class='ocrx_word' id='word_1_90' title='bbox 498 1169 620 1224; x_wconf 82' lang='grc' dir='ltr'>καθ’</span> <span class='ocrx_word' id='word_1_91' title='bbox 667 1169 968 1242; x_wconf 74' lang='grc' dir='ltr'>ὑπερϐολὴν</span> <span class='ocrx_word' id='word_1_92' title='bbox 1009 1170 1119 1243; x_wconf 78' lang='grc' dir='ltr'>γὰρ</span> <span class='ocrx_word' id='word_1_93' title='bbox 1158 1171 1348 1225; x_wconf 79' lang='grc' dir='ltr'><strong>ἐδίωκε</strong></span> <span class='ocrx_word' id='word_1_94' title='bbox 1390 1170 1487 1242; x_wconf 81' lang='grc' dir='ltr'>τὴν</span> <span class='ocrx_word' id='word_1_95' title='bbox 1532 1170 1856 1242; x_wconf 84' lang='grc' dir='ltr'><strong>Ἐκκλησίαν</strong></span> 
     </span>
    </p>
   </div>
   <div class='ocr_carea' id='block_1_14' title="bbox 273 1257 1150 1332">
    <p class='ocr_par' dir='ltr' id='par_1_14' title="bbox 273 1257 1150 1332">
     <span class='ocr_line' id='line_1_14' title="bbox 273 1257 1150 1332; baseline 0.003 -20"><span class='ocrx_word' id='word_1_96' title='bbox 273 1258 371 1312; x_wconf 88' lang='grc' dir='ltr'><strong>τοῦ</strong></span> <span class='ocrx_word' id='word_1_97' title='bbox 395 1257 554 1324; x_wconf 84' lang='grc' dir='ltr'>Θεοῦ,</span> <span class='ocrx_word' id='word_1_98' title='bbox 582 1259 677 1313; x_wconf 72' lang='grc' dir='ltr'>καὶ</span> <span class='ocrx_word' id='word_1_99' title='bbox 709 1260 930 1332; x_wconf 92' lang='grc' dir='ltr'>ἐπόρθει</span> <span class='ocrx_word' id='word_1_100' title='bbox 957 1261 1150 1330; x_wconf 80' lang='grc' dir='ltr'>αὑτήν.</span> 
     </span>
    </p>
   </div>
   <div class='ocr_carea' id='block_1_15' title="bbox 345 1437 1005 1507">
    <p class='ocr_par' dir='ltr' id='par_1_15' title="bbox 345 1437 1005 1507">
     <span class='ocr_line' id='line_1_15' title="bbox 345 1437 1005 1507; baseline -0.002 -15"><span class='ocrx_word' id='word_1_101' title='bbox 345 1437 555 1492; x_wconf 75' lang='grc' dir='ltr'><strong>ΠΑΔΛ.</strong></span> <span class='ocrx_word' id='word_1_102' title='bbox 590 1437 821 1507; x_wconf 82' lang='grc' dir='ltr'>Ἀριστα</span> <span class='ocrx_word' id='word_1_103' title='bbox 848 1437 1005 1507; x_wconf 74' lang='grc' dir='ltr'>ἔφης.</span> 
     </span>
    </p>
   </div>
   <div class='ocr_carea' id='block_1_16' title="bbox 344 1526 1856 1599">
    <p class='ocr_par' dir='ltr' id='par_1_16' title="bbox 344 1526 1856 1599">
     <span class='ocr_line' id='line_1_16' title="bbox 344 1526 1856 1599; baseline -0.001 -17"><span class='ocrx_word' id='word_1_104' title='bbox 344 1528 514 1582; x_wconf 81' lang='grc' dir='ltr'>ΚΥΡ.</span> <span class='ocrx_word' id='word_1_105' title='bbox 569 1527 694 1582; x_wconf 84' lang='grc' dir='ltr'>Ἐὰν</span> <span class='ocrx_word' id='word_1_106' title='bbox 733 1527 791 1582; x_wconf 83' lang='grc' dir='ltr'>δὲ</span> <span class='ocrx_word' id='word_1_107' title='bbox 830 1530 904 1598; x_wconf 83' lang='grc' dir='ltr'>μὴ</span> <span class='ocrx_word' id='word_1_108' title='bbox 946 1526 1191 1599; x_wconf 84' lang='grc' dir='ltr'>δύνηται,</span> <span class='ocrx_word' id='word_1_109' title='bbox 1236 1529 1387 1599; x_wconf 69' lang='grc' dir='ltr'>φησὶ,</span> <span class='ocrx_word' id='word_1_110' title='bbox 1426 1527 1585 1582; x_wconf 81' lang='grc' dir='ltr'>πέντε</span> <span class='ocrx_word' id='word_1_111' title='bbox 1623 1528 1856 1598; x_wconf 82' lang='grc' dir='ltr'><strong>μόσχους</strong></span> 
     </span>
    </p>
   </div>
   <div class='ocr_carea' id='block_1_17' title="bbox 274 1616 1857 1689">
    <p class='ocr_par' dir='ltr' id='par_1_17' title="bbox 274 1616 1857 1689">
     <span class='ocr_line' id='line_1_17' title="bbox 274 1616 1857 1689; baseline -0.001 -15"><span class='ocrx_word' id='word_1_112' title='bbox 274 1616 394 1674; x_wconf 78' lang='grc' dir='ltr'>ἀνθ’</span> <span class='ocrx_word' id='word_1_113' title='bbox 429 1617 569 1682; x_wconf 77' lang='grc' dir='ltr'>ἐνὸς,</span> <span class='ocrx_word' id='word_1_114' title='bbox 605 1618 698 1670; x_wconf 81' lang='grc' dir='ltr'>καὶ</span> <span class='ocrx_word' id='word_1_115' title='bbox 729 1618 976 1688; x_wconf 77' lang='grc' dir='ltr'>πρόϐατα</span> <span class='ocrx_word' id='word_1_116' title='bbox 999 1618 1241 1689; x_wconf 81' lang='grc' dir='ltr'>τέσσαρα</span> <span class='ocrx_word' id='word_1_117' title='bbox 1273 1619 1390 1672; x_wconf 77' lang='grc' dir='ltr'>ἀνθ’</span> <span class='ocrx_word' id='word_1_118' title='bbox 1429 1618 1568 1683; x_wconf 80' lang='grc' dir='ltr'>ἑνὸς,</span> <span class='ocrx_word' id='word_1_119' title='bbox 1593 1618 1857 1688; x_wconf 85' lang='grc' dir='ltr'>πραθήτω</span> 
     </span>
    </p>
   </div>
   <div class='ocr_carea' id='block_1_18' title="bbox 275 1705 1856 1779">
    <p class='ocr_par' dir='ltr' id='par_1_18' title="bbox 275 1705 1856 1779">
     <span class='ocr_line' id='line_1_18' title="bbox 275 1705 1856 1779; baseline -0.003 -18"><span class='ocrx_word' id='word_1_120' title='bbox 275 1707 397 1761; x_wconf 80' lang='grc' dir='ltr'>ἀντὶ</span> <span class='ocrx_word' id='word_1_121' title='bbox 422 1705 519 1760; x_wconf 89' lang='grc' dir='ltr'><strong>τοῦ</strong></span> <span class='ocrx_word' id='word_1_122' title='bbox 542 1706 873 1777; x_wconf 82' lang='grc' dir='ltr'><strong>κλέμματος.</strong></span> <span class='ocrx_word' id='word_1_123' title='bbox 911 1706 1073 1779; x_wconf 83' lang='grc' dir='ltr'>Ὁρᾷς</span> <span class='ocrx_word' id='word_1_124' title='bbox 1094 1708 1243 1770; x_wconf 86' lang='grc' dir='ltr'>ὅπως</span> <span class='ocrx_word' id='word_1_125' title='bbox 1268 1708 1493 1778; x_wconf 81' lang='grc' dir='ltr'><strong>ἀτιμίαν</strong></span> <span class='ocrx_word' id='word_1_126' title='bbox 1519 1710 1547 1761; x_wconf 87' lang='grc' dir='ltr'>ὁ</span> <span class='ocrx_word' id='word_1_127' title='bbox 1570 1707 1733 1777; x_wconf 86' lang='grc' dir='ltr'>νόμος</span> <span class='ocrx_word' id='word_1_128' title='bbox 1756 1706 1856 1777; x_wconf 79' lang='grc' dir='ltr'>τὴν</span> 
     </span>
    </p>
   </div>
   <div class='ocr_carea' id='block_1_19' title="bbox 1957 527 3541 598">
    <p class='ocr_par' dir='ltr' id='par_1_19' title="bbox 1957 527 3541 598">
     <span class='ocr_line' id='line_1_19' title="bbox 1957 527 3541 598; baseline 0.002 -16"><span class='ocrx_word' id='word_1_129' title='bbox 1957 542 2021 582; x_wconf 93' lang='lat' dir='ltr'><strong>ac</strong></span> <span class='ocrx_word' id='word_1_130' title='bbox 2074 527 2429 582; x_wconf 75' lang='lat' dir='ltr'><strong>tenebrarum</strong></span> <span class='ocrx_word' id='word_1_131' title='bbox 2470 529 2806 598; x_wconf 89' lang='lat' dir='ltr'><strong>puniuntur;</strong></span> <span class='ocrx_word' id='word_1_132' title='bbox 2841 542 2963 597; x_wconf 64' lang='lat' dir='ltr'><strong>quae</strong></span> <span class='ocrx_word' id='word_1_133' title='bbox 3004 536 3189 582; x_wconf 87' lang='lat' dir='ltr'><strong>autem</strong></span> <span class='ocrx_word' id='word_1_134' title='bbox 3234 527 3293 584; x_wconf 89' lang='lat' dir='ltr'><strong>in</strong></span> <span class='ocrx_word' id='word_1_135' title='bbox 3332 529 3541 585; x_wconf 85' lang='lat' dir='ltr'><strong>lumine</strong></span> 
     </span>
    </p>
   </div>
   <div class='ocr_carea' id='block_1_20' title="bbox 1958 617 3535 682">
    <p class='ocr_par' dir='ltr' id='par_1_20' title="bbox 1958 617 3535 682">
     <span class='ocr_line' id='line_1_20' title="bbox 1958 617 3535 682; baseline 0.003 -11"><span class='ocrx_word' id='word_1_136' title='bbox 1958 617 2117 682; x_wconf 80' lang='lat' dir='ltr'><strong>fiunt,</strong></span> <span class='ocrx_word' id='word_1_137' title='bbox 2151 634 2263 673; x_wconf 90' lang='lat' dir='ltr'><strong>non</strong></span> <span class='ocrx_word' id='word_1_138' title='bbox 2299 619 2469 674; x_wconf 90' lang='lat' dir='ltr'><strong>item:</strong></span> <span class='ocrx_word' id='word_1_139' title='bbox 2512 618 2813 673; x_wconf 90' lang='lat' dir='ltr'><strong>condonari</strong></span> <span class='ocrx_word' id='word_1_140' title='bbox 2847 626 3030 673; x_wconf 89' lang='lat' dir='ltr'><strong>autem</strong></span> <span class='ocrx_word' id='word_1_141' title='bbox 3071 629 3255 674; x_wconf 89' lang='lat' dir='ltr'><strong>vetera</strong></span> <span class='ocrx_word' id='word_1_142' title='bbox 3296 620 3535 675; x_wconf 89' lang='lat' dir='ltr'><strong>crimina</strong></span> 
     </span>
    </p>
   </div>
   <div class='ocr_carea' id='block_1_21' title="bbox 1957 709 3540 780">
    <p class='ocr_par' dir='ltr' id='par_1_21' title="bbox 1957 709 3540 780">
     <span class='ocr_line' id='line_1_21' title="bbox 1957 709 3540 780; baseline 0.003 -19"><span class='ocrx_word' id='word_1_143' title='bbox 1957 717 2013 762; x_wconf 90' lang='lat' dir='ltr'><strong>et</strong></span> <span class='ocrx_word' id='word_1_144' title='bbox 2046 709 2104 762; x_wconf 92' lang='lat' dir='ltr'><strong>in</strong></span> <span class='ocrx_word' id='word_1_145' title='bbox 2135 709 2349 763; x_wconf 84' lang='lat' dir='ltr'><strong>inscitia</strong></span> <span class='ocrx_word' id='word_1_146' title='bbox 2372 725 2436 764; x_wconf 92' lang='lat' dir='ltr'><strong>ac</strong></span> <span class='ocrx_word' id='word_1_147' title='bbox 2460 709 2709 764; x_wconf 77' lang='lat' dir='ltr'><strong>tenebris</strong></span> <span class='ocrx_word' id='word_1_148' title='bbox 2738 709 2994 775; x_wconf 85' lang='lat' dir='ltr'><strong>admissa,</strong></span> <span class='ocrx_word' id='word_1_149' title='bbox 3022 726 3239 780; x_wconf 63' lang='lat' dir='ltr'><strong>aequum</strong></span> <span class='ocrx_word' id='word_1_150' title='bbox 3266 726 3386 766; x_wconf 89' lang='lat' dir='ltr'><strong>esse</strong></span> <span class='ocrx_word' id='word_1_151' title='bbox 3411 727 3540 767; x_wconf 87' lang='lat' dir='ltr'><strong>cen-</strong></span> 
     </span>
    </p>
   </div>
   <div class='ocr_carea' id='block_1_22' title="bbox 1958 797 3536 871">
    <p class='ocr_par' dir='ltr' id='par_1_22' title="bbox 1958 797 3536 871">
     <span class='ocr_line' id='line_1_22' title="bbox 1958 797 3536 871; baseline 0.003 -20"><span class='ocrx_word' id='word_1_152' title='bbox 1958 797 2068 851; x_wconf 83' lang='lat' dir='ltr'><strong>suit</strong></span> <span class='ocrx_word' id='word_1_153' title='bbox 2091 797 2253 852; x_wconf 89' lang='lat' dir='ltr'><strong>Deus.</strong></span> <span class='ocrx_word' id='word_1_154' title='bbox 2281 799 2467 869; x_wconf 85' lang='lat' dir='ltr'><strong>Itaque</strong></span> <span class='ocrx_word' id='word_1_155' title='bbox 2495 799 2709 854; x_wconf 81' lang='lat' dir='ltr'><strong>dicatur</strong></span> <span class='ocrx_word' id='word_1_156' title='bbox 2730 800 2818 864; x_wconf 89' lang='lat' dir='ltr'><strong>iis,</strong></span> <span class='ocrx_word' id='word_1_157' title='bbox 2843 800 2937 869; x_wconf 90' lang='lat' dir='ltr'><strong>qui</strong></span> <span class='ocrx_word' id='word_1_158' title='bbox 2967 800 3035 854; x_wconf 91' lang='lat' dir='ltr'><strong>de</strong></span> <span class='ocrx_word' id='word_1_159' title='bbox 3058 808 3285 870; x_wconf 89' lang='lat' dir='ltr'><strong>peccato</strong></span> <span class='ocrx_word' id='word_1_160' title='bbox 3327 800 3394 855; x_wconf 93' lang='lat' dir='ltr'><strong>ad</strong></span> <span class='ocrx_word' id='word_1_161' title='bbox 3423 802 3536 871; x_wconf 84' lang='lat' dir='ltr'><strong>spi-</strong></span> 
     </span>
    </p>
   </div>
   <div class='ocr_carea' id='block_1_23' title="bbox 1957 888 3536 962">
    <p class='ocr_par' dir='ltr' id='par_1_23' title="bbox 1957 888 3536 962">
     <span class='ocr_line' id='line_1_23' title="bbox 1957 888 3536 962; baseline 0.005 -21"><span class='ocrx_word' id='word_1_162' title='bbox 1957 888 2155 943; x_wconf 89' lang='lat' dir='ltr'><strong>rituale</strong></span> <span class='ocrx_word' id='word_1_163' title='bbox 2190 889 2375 944; x_wconf 87' lang='lat' dir='ltr'><strong>lumen</strong></span> <span class='ocrx_word' id='word_1_164' title='bbox 2409 900 2822 960; x_wconf 89' lang='lat' dir='ltr'><strong>pervenerunt:</strong></span> <span class='ocrx_word' id='word_1_165' title='bbox 2862 910 2879 941; x_wconf 88' lang='grc'><strong><em>‹</em></strong></span> <span class='ocrx_word' id='word_1_166' title='bbox 2915 892 3095 946; x_wconf 81' lang='lat' dir='ltr'><strong>Eratis</strong></span> <span class='ocrx_word' id='word_1_167' title='bbox 3126 893 3422 962; x_wconf 85' lang='lat' dir='ltr'><strong>aliquando</strong></span> <span class='ocrx_word' id='word_1_168' title='bbox 3454 901 3536 949; x_wconf 90' lang='lat' dir='ltr'><strong>te-</strong></span> 
     </span>
    </p>
   </div>
   <div class='ocr_carea' id='block_1_24' title="bbox 1957 979 3536 1055">
    <p class='ocr_par' dir='ltr' id='par_1_24' title="bbox 1957 979 3536 1055">
     <span class='ocr_line' id='line_1_24' title="bbox 1957 979 3536 1055; baseline 0.003 -22"><span class='ocrx_word' id='word_1_169' title='bbox 1957 979 2175 1046; x_wconf 68' lang='lat' dir='ltr'><strong>nebrae;</strong></span> <span class='ocrx_word' id='word_1_170' title='bbox 2210 997 2356 1036; x_wconf 91' lang='lat' dir='ltr'><strong>nunc</strong></span> <span class='ocrx_word' id='word_1_171' title='bbox 2387 989 2571 1036; x_wconf 88' lang='lat' dir='ltr'><strong>autem</strong></span> <span class='ocrx_word' id='word_1_172' title='bbox 2610 983 2703 1035; x_wconf 80' lang='lat' dir='ltr'><strong>lux</strong></span> <span class='ocrx_word' id='word_1_173' title='bbox 2739 980 2796 1036; x_wconf 90' lang='lat' dir='ltr'><strong>in</strong></span> <span class='ocrx_word' id='word_1_174' title='bbox 2835 983 3066 1037; x_wconf 87' lang='lat' dir='ltr'><strong>Domino</strong></span> <span class='ocrx_word' id='word_1_175' title='bbox 3096 983 3160 1037; x_wconf 81' lang='grc'><strong>⁸³.</strong></span> <span class='ocrx_word' id='word_1_176' title='bbox 3206 1003 3224 1035; x_wconf 75' lang='grc' dir='ltr'>ι</span> <span class='ocrx_word' id='word_1_177' title='bbox 3260 984 3350 1039; x_wconf 87' lang='lat' dir='ltr'><strong>Sic</strong></span> <span class='ocrx_word' id='word_1_178' title='bbox 3371 984 3536 1055; x_wconf 84' lang='lat' dir='ltr'><strong>justi—</strong></span> 
     </span>
    </p>
   </div>
   <div class='ocr_carea' id='block_1_25' title="bbox 1958 1068 3538 1143">
    <p class='ocr_par' dir='ltr' id='par_1_25' title="bbox 1958 1068 3538 1143">
     <span class='ocr_line' id='line_1_25' title="bbox 1958 1068 3538 1143; baseline 0.004 -21"><span class='ocrx_word' id='word_1_179' title='bbox 1958 1068 2139 1123; x_wconf 82' lang='lat' dir='ltr'><strong>ﬁcavit</strong></span> <span class='ocrx_word' id='word_1_180' title='bbox 2176 1069 2442 1124; x_wconf 87' lang='lat' dir='ltr'><strong>Dominus</strong></span> <span class='ocrx_word' id='word_1_181' title='bbox 2481 1070 2650 1125; x_wconf 86' lang='lat' dir='ltr'><strong>etiam</strong></span> <span class='ocrx_word' id='word_1_182' title='bbox 2692 1071 2915 1126; x_wconf 87' lang='lat' dir='ltr'><strong>beatum</strong></span> <span class='ocrx_word' id='word_1_183' title='bbox 2950 1071 3211 1135; x_wconf 85' lang='lat' dir='ltr'><strong>Paulum,</strong></span> <span class='ocrx_word' id='word_1_184' title='bbox 3248 1072 3343 1142; x_wconf 89' lang='lat' dir='ltr'><strong>qui</strong></span> <span class='ocrx_word' id='word_1_185' title='bbox 3383 1075 3538 1143; x_wconf 88' lang='lat' dir='ltr'><strong>prius</strong></span> 
     </span>
    </p>
   </div>
   <div class='ocr_carea' id='block_1_26' title="bbox 1955 1158 3534 1232">
    <p class='ocr_par' dir='ltr' id='par_1_26' title="bbox 1955 1158 3534 1232">
     <span class='ocr_line' id='line_1_26' title="bbox 1955 1158 3534 1232; baseline 0.006 -20"><span class='ocrx_word' id='word_1_186' title='bbox 1955 1158 2135 1215; x_wconf 83' lang='lat' dir='ltr'><strong>fuerat</strong></span> <span class='ocrx_word' id='word_1_187' title='bbox 2153 1161 2529 1231; x_wconf 87' lang='lat' dir='ltr'><strong>blasphemus,</strong></span> <span class='ocrx_word' id='word_1_188' title='bbox 2559 1169 2614 1217; x_wconf 87' lang='lat' dir='ltr'><strong>et</strong></span> <span class='ocrx_word' id='word_1_189' title='bbox 2634 1170 2975 1232; x_wconf 90' lang='lat' dir='ltr'><strong>persecutor,</strong></span> <span class='ocrx_word' id='word_1_190' title='bbox 2998 1170 3054 1217; x_wconf 88' lang='lat' dir='ltr'><strong>et</strong></span> <span class='ocrx_word' id='word_1_191' title='bbox 3073 1165 3534 1231; x_wconf 87' lang='lat' dir='ltr'><strong>contumeliosus;</strong></span> 
     </span>
    </p>
   </div>
   <div class='ocr_carea' id='block_1_27' title="bbox 1957 1253 3533 1325">
    <p class='ocr_par' dir='ltr' id='par_1_27' title="bbox 1957 1253 3533 1325">
     <span class='ocr_line' id='line_1_27' title="bbox 1957 1253 3533 1325; baseline 0.004 -20"><span class='ocrx_word' id='word_1_192' title='bbox 1957 1267 2121 1322; x_wconf 87' lang='lat' dir='ltr'><strong>supra</strong></span> <span class='ocrx_word' id='word_1_193' title='bbox 2147 1253 2370 1308; x_wconf 89' lang='lat' dir='ltr'><strong>modum</strong></span> <span class='ocrx_word' id='word_1_194' title='bbox 2402 1255 2552 1309; x_wconf 90' lang='lat' dir='ltr'><strong>enim</strong></span> <span class='ocrx_word' id='word_1_195' title='bbox 2595 1254 3031 1325; x_wconf 87' lang='lat' dir='ltr'><strong>persequebatur</strong></span> <span class='ocrx_word' id='word_1_196' title='bbox 3071 1254 3370 1311; x_wconf 88' lang='lat' dir='ltr'><strong>Ecclesiam</strong></span> <span class='ocrx_word' id='word_1_197' title='bbox 3415 1258 3533 1323; x_wconf 88' lang='lat' dir='ltr'><strong>Dei,</strong></span> 
     </span>
    </p>
   </div>
   <div class='ocr_carea' id='block_1_28' title="bbox 1955 1344 2625 1400">
    <p class='ocr_par' dir='ltr' id='par_1_28' title="bbox 1955 1344 2625 1400">
     <span class='ocr_line' id='line_1_28' title="bbox 1955 1344 2625 1400; baseline 0.003 -2"><span class='ocrx_word' id='word_1_198' title='bbox 1955 1353 2012 1399; x_wconf 91' lang='lat' dir='ltr'><strong>et</strong></span> <span class='ocrx_word' id='word_1_199' title='bbox 2035 1344 2361 1400; x_wconf 86' lang='lat' dir='ltr'><strong>devastabat</strong></span> <span class='ocrx_word' id='word_1_200' title='bbox 2384 1345 2531 1400; x_wconf 88' lang='lat' dir='ltr'><strong>illam</strong></span> <span class='ocrx_word' id='word_1_201' title='bbox 2561 1345 2625 1400; x_wconf 77' lang='lat'><strong>“.</strong></span> 
     </span>
    </p>
   </div>
   <div class='ocr_carea' id='block_1_29' title="bbox 2026 1436 2660 1507">
    <p class='ocr_par' dir='ltr' id='par_1_29' title="bbox 2026 1436 2660 1507">
     <span class='ocr_line' id='line_1_29' title="bbox 2026 1436 2660 1507; baseline 0.003 -16"><span class='ocrx_word' id='word_1_202' title='bbox 2026 1436 2223 1491; x_wconf 85' lang='lat' dir='ltr'><strong>PALL.</strong></span> <span class='ocrx_word' id='word_1_203' title='bbox 2254 1436 2473 1507; x_wconf 87' lang='lat' dir='ltr'><strong>Optime</strong></span> <span class='ocrx_word' id='word_1_204' title='bbox 2499 1438 2660 1493; x_wconf 89' lang='lat' dir='ltr'><strong>dicis.</strong></span> 
     </span>
    </p>
   </div>
   <div class='ocr_carea' id='block_1_30' title="bbox 2024 1527 3539 1605">
    <p class='ocr_par' dir='ltr' id='par_1_30' title="bbox 2024 1527 3539 1605">
     <span class='ocr_line' id='line_1_30' title="bbox 2024 1527 3539 1605; baseline 0.006 -23"><span class='ocrx_word' id='word_1_205' title='bbox 2024 1527 2182 1583; x_wconf 82' lang='lat' dir='ltr'><strong>CYR.</strong></span> <span class='ocrx_word' id='word_1_206' title='bbox 2218 1527 2425 1595; x_wconf 85' lang='lat' dir='ltr'><strong>Quodsi</strong></span> <span class='ocrx_word' id='word_1_207' title='bbox 2454 1544 2564 1583; x_wconf 92' lang='lat' dir='ltr'><strong>non</strong></span> <span class='ocrx_word' id='word_1_208' title='bbox 2606 1531 2835 1599; x_wconf 87' lang='lat' dir='ltr'><strong>poterit,</strong></span> <span class='ocrx_word' id='word_1_209' title='bbox 2866 1532 3065 1603; x_wconf 87' lang='lat' dir='ltr'><strong>inquit,</strong></span> <span class='ocrx_word' id='word_1_210' title='bbox 3101 1535 3345 1605; x_wconf 91' lang='lat' dir='ltr'><strong>quinque</strong></span> <span class='ocrx_word' id='word_1_211' title='bbox 3369 1536 3539 1591; x_wconf 81' lang='lat' dir='ltr'><strong>boves</strong></span> 
     </span>
    </p>
   </div>
   <div class='ocr_carea' id='block_1_31' title="bbox 1955 1622 3535 1695">
    <p class='ocr_par' dir='ltr' id='par_1_31' title="bbox 1955 1622 3535 1695">
     <span class='ocr_line' id='line_1_31' title="bbox 1955 1622 3535 1695; baseline 0.006 -22"><span class='ocrx_word' id='word_1_212' title='bbox 1955 1635 2054 1689; x_wconf 88' lang='lat' dir='ltr'><strong>pro</strong></span> <span class='ocrx_word' id='word_1_213' title='bbox 2098 1635 2230 1686; x_wconf 89' lang='lat' dir='ltr'><strong>uno,</strong></span> <span class='ocrx_word' id='word_1_214' title='bbox 2269 1627 2505 1690; x_wconf 86' lang='lat' dir='ltr'><strong>quatuor</strong></span> <span class='ocrx_word' id='word_1_215' title='bbox 2533 1622 2699 1676; x_wconf 90' lang='lat' dir='ltr'><strong>etiam</strong></span> <span class='ocrx_word' id='word_1_216' title='bbox 2736 1638 2867 1678; x_wconf 89' lang='lat' dir='ltr'><strong>oves</strong></span> <span class='ocrx_word' id='word_1_217' title='bbox 2904 1639 3005 1693; x_wconf 90' lang='lat' dir='ltr'><strong>pro</strong></span> <span class='ocrx_word' id='word_1_218' title='bbox 3047 1640 3156 1679; x_wconf 88' lang='lat' dir='ltr'><strong>una</strong></span> <span class='ocrx_word' id='word_1_219' title='bbox 3199 1627 3535 1695; x_wconf 82' lang='lat' dir='ltr'><strong>persolvere,</strong></span> 
     </span>
    </p>
   </div>
   <div class='ocr_carea' id='block_1_32' title="bbox 1955 1709 3536 1785">
    <p class='ocr_par' dir='ltr' id='par_1_32' title="bbox 1955 1709 3536 1785">
     <span class='ocr_line' id='line_1_32' title="bbox 1955 1709 3536 1785; baseline 0.005 -22"><span class='ocrx_word' id='word_1_220' title='bbox 1955 1710 2224 1764; x_wconf 87' lang='lat' dir='ltr'><strong>vendatur</strong></span> <span class='ocrx_word' id='word_1_221' title='bbox 2247 1724 2348 1778; x_wconf 93' lang='lat' dir='ltr'><strong>pro</strong></span> <span class='ocrx_word' id='word_1_222' title='bbox 2385 1709 2553 1765; x_wconf 88' lang='lat' dir='ltr'><strong>furto.</strong></span> <span class='ocrx_word' id='word_1_223' title='bbox 2583 1711 2746 1767; x_wconf 80' lang='lat' dir='ltr'><strong>Vides</strong></span> <span class='ocrx_word' id='word_1_224' title='bbox 2777 1721 2837 1766; x_wconf 91' lang='lat' dir='ltr'><strong>ut</strong></span> <span class='ocrx_word' id='word_1_225' title='bbox 2870 1713 2957 1767; x_wconf 80' lang='lat' dir='ltr'><strong>lex</strong></span> <span class='ocrx_word' id='word_1_226' title='bbox 2983 1714 3337 1785; x_wconf 83' lang='lat' dir='ltr'><strong>ignominiam</strong></span> <span class='ocrx_word' id='word_1_227' title='bbox 3362 1718 3536 1771; x_wconf 88' lang='lat' dir='ltr'><strong>servi-</strong></span> 
     </span>
    </p>
   </div>
   <div class='ocr_carea' id='block_1_33' title="bbox 273 1783 1856 1877">
    <p class='ocr_par' dir='ltr' id='par_1_33' title="bbox 273 1797 1850 1869">
     <span class='ocr_line' id='line_1_33' title="bbox 273 1797 1850 1869; baseline 0 -18"><span class='ocrx_word' id='word_1_228' title='bbox 273 1797 617 1869; x_wconf 80' lang='grc' dir='ltr'>δουλοπρεπῆ</span> <span class='ocrx_word' id='word_1_229' title='bbox 673 1797 1020 1868; x_wconf 82' lang='grc' dir='ltr'>καταγράφει</span> <span class='ocrx_word' id='word_1_230' title='bbox 1079 1797 1266 1868; x_wconf 83' lang='grc' dir='ltr'>σαφῶς</span> <span class='ocrx_word' id='word_1_231' title='bbox 1317 1797 1426 1851; x_wconf 84' lang='grc' dir='ltr'><strong>τῶν</strong></span> <span class='ocrx_word' id='word_1_232' title='bbox 1477 1798 1701 1869; x_wconf 86' lang='grc' dir='ltr'>διηνεκῆ</span> <span class='ocrx_word' id='word_1_233' title='bbox 1756 1798 1850 1851; x_wconf 73' lang='grc' dir='ltr'>καὶ</span> 
     </span>
    </p>
   </div>
   <div class='ocr_carea' id='block_1_34' title="bbox 1959 1783 3535 1877">
    <p class='ocr_par' dir='ltr' id='par_1_34' title="bbox 1959 1802 3535 1877">
     <span class='ocr_line' id='line_1_34' title="bbox 1959 1802 3535 1877; baseline 0.004 -22"><span class='ocrx_word' id='word_1_234' title='bbox 1959 1802 2057 1856; x_wconf 89' lang='lat' dir='ltr'><strong>lem</strong></span> <span class='ocrx_word' id='word_1_235' title='bbox 2076 1808 2263 1870; x_wconf 85' lang='lat' dir='ltr'><strong>aperte</strong></span> <span class='ocrx_word' id='word_1_236' title='bbox 2286 1802 2526 1857; x_wconf 75' lang='lat' dir='ltr'><strong>sanxerit</strong></span> <span class='ocrx_word' id='word_1_237' title='bbox 2550 1802 2606 1856; x_wconf 91' lang='lat' dir='ltr'><strong>in</strong></span> <span class='ocrx_word' id='word_1_238' title='bbox 2628 1818 2742 1868; x_wconf 88' lang='lat' dir='ltr'><strong>eos,</strong></span> <span class='ocrx_word' id='word_1_239' title='bbox 2767 1804 2882 1873; x_wconf 92' lang='lat' dir='ltr'><strong>qui,</strong></span> <span class='ocrx_word' id='word_1_240' title='bbox 2902 1820 3026 1858; x_wconf 92' lang='lat' dir='ltr'><strong>cum</strong></span> <span class='ocrx_word' id='word_1_241' title='bbox 3047 1807 3265 1861; x_wconf 89' lang='lat' dir='ltr'><strong>assidue</strong></span> <span class='ocrx_word' id='word_1_242' title='bbox 3287 1815 3535 1877; x_wconf 63' lang='lat' dir='ltr'><strong>peccent,</strong></span> 
     </span>
    </p>
   </div>
   <div class='ocr_carea' id='block_1_35' title="bbox 273 1888 1850 1959">
    <p class='ocr_par' dir='ltr' id='par_1_35' title="bbox 273 1888 1850 1959">
     <span class='ocr_line' id='line_1_35' title="bbox 273 1888 1850 1959; baseline -0.001 -18"><span class='ocrx_word' id='word_1_243' title='bbox 273 1890 597 1943; x_wconf 76' lang='grc' dir='ltr'>ἀνέκνιπτον</span> <span class='ocrx_word' id='word_1_244' title='bbox 631 1889 865 1959; x_wconf 78' lang='grc' dir='ltr'>ἑχόντων</span> <span class='ocrx_word' id='word_1_245' title='bbox 912 1888 1012 1959; x_wconf 82' lang='grc' dir='ltr'>τὴν</span> <span class='ocrx_word' id='word_1_246' title='bbox 1060 1888 1364 1959; x_wconf 79' lang='grc' dir='ltr'>ἁμαρτίαν,</span> <span class='ocrx_word' id='word_1_247' title='bbox 1405 1888 1499 1942; x_wconf 74' lang='grc' dir='ltr'>καὶ</span> <span class='ocrx_word' id='word_1_248' title='bbox 1542 1888 1701 1959; x_wconf 80' lang='grc' dir='ltr'>μηδ’,</span> <span class='ocrx_word' id='word_1_249' title='bbox 1727 1888 1850 1940; x_wconf 84' lang='grc' dir='ltr'>ὅσον</span> 
     </span>
    </p>
   </div>
   <div class='ocr_carea' id='block_1_36' title="bbox 274 1966 1899 2050">
    <p class='ocr_par' dir='ltr' id='par_1_36' title="bbox 274 1966 1899 2050">
     <span class='ocr_line' id='line_1_36' title="bbox 274 1966 1899 2050; baseline -0.002 -19"><span class='ocrx_word' id='word_1_250' title='bbox 274 1980 470 2043; x_wconf 73' lang='grc' dir='ltr'>εἰπεῖν,</span> <span class='ocrx_word' id='word_1_251' title='bbox 513 1976 733 2050; x_wconf 84' lang='grc' dir='ltr'>λύτροις</span> <span class='ocrx_word' id='word_1_252' title='bbox 774 1978 1177 2048; x_wconf 77' lang='grc' dir='ltr'>ἀποκρούεσθαι</span> <span class='ocrx_word' id='word_1_253' title='bbox 1217 1977 1283 2031; x_wconf 88' lang='grc' dir='ltr'><strong>τά</strong></span> <span class='ocrx_word' id='word_1_254' title='bbox 1330 1977 1653 2049; x_wconf 76' lang='grc' dir='ltr'>ἐγκλήματα</span> <span class='ocrx_word' id='word_1_255' title='bbox 1692 1977 1852 2030; x_wconf 87' lang='grc' dir='ltr'>δυνα-</span> <span class='ocrx_word' id='word_1_256' title='bbox 1886 1966 1899 1979; x_wconf 74' lang='grc'><strong>’</strong></span> 
     </span>
    </p>
   </div>
   <div class='ocr_carea' id='block_1_37' title="bbox 279 2068 1852 2140">
    <p class='ocr_par' dir='ltr' id='par_1_37' title="bbox 279 2068 1852 2140">
     <span class='ocr_line' id='line_1_37' title="bbox 279 2068 1852 2140; baseline 0 -18"><span class='ocrx_word' id='word_1_257' title='bbox 279 2069 477 2139; x_wconf 86' lang='grc' dir='ltr'>μένων,</span> <span class='ocrx_word' id='word_1_258' title='bbox 503 2068 593 2123; x_wconf 90' lang='grc' dir='ltr'><strong>διά</strong></span> <span class='ocrx_word' id='word_1_259' title='bbox 613 2085 673 2123; x_wconf 88' lang='grc' dir='ltr'><strong>τε</strong></span> <span class='ocrx_word' id='word_1_260' title='bbox 695 2070 755 2123; x_wconf 82' lang='grc' dir='ltr'>τὸ</span> <span class='ocrx_word' id='word_1_261' title='bbox 778 2069 878 2140; x_wconf 80' lang='grc' dir='ltr'><strong>τῆς</strong></span> <span class='ocrx_word' id='word_1_262' title='bbox 896 2069 1121 2140; x_wconf 82' lang='grc' dir='ltr'>γνώμης</span> <span class='ocrx_word' id='word_1_263' title='bbox 1149 2069 1371 2134; x_wconf 83' lang='grc' dir='ltr'>ἀσθενὲς</span> <span class='ocrx_word' id='word_1_264' title='bbox 1391 2070 1490 2122; x_wconf 85' lang='grc' dir='ltr'>οὐκ</span> <span class='ocrx_word' id='word_1_265' title='bbox 1511 2070 1852 2139; x_wconf 81' lang='grc' dir='ltr'>ἀνεχομένων</span> 
     </span>
    </p>
   </div>
   <div class='ocr_carea' id='block_1_38' title="bbox 280 2160 1852 2231">
    <p class='ocr_par' dir='ltr' id='par_1_38' title="bbox 280 2160 1852 2231">
     <span class='ocr_line' id='line_1_38' title="bbox 280 2160 1852 2231; baseline 0.001 -18"><span class='ocrx_word' id='word_1_266' title='bbox 280 2160 460 2230; x_wconf 81' lang='grc' dir='ltr'>ίδροῦν</span> <span class='ocrx_word' id='word_1_267' title='bbox 479 2161 560 2224; x_wconf 89' lang='grc' dir='ltr'><strong>είς</strong></span> <span class='ocrx_word' id='word_1_268' title='bbox 593 2161 954 2231; x_wconf 83' lang='grc' dir='ltr'>μετάγνωσιν,</span> <span class='ocrx_word' id='word_1_269' title='bbox 991 2162 1086 2215; x_wconf 72' lang='grc' dir='ltr'>καὶ</span> <span class='ocrx_word' id='word_1_270' title='bbox 1113 2160 1201 2214; x_wconf 86' lang='grc' dir='ltr'><strong>διὰ</strong></span> <span class='ocrx_word' id='word_1_271' title='bbox 1228 2161 1337 2216; x_wconf 82' lang='grc' dir='ltr'><strong>τῶν</strong></span> <span class='ocrx_word' id='word_1_272' title='bbox 1370 2163 1450 2225; x_wconf 87' lang='grc' dir='ltr'><strong>είς</strong></span> <span class='ocrx_word' id='word_1_273' title='bbox 1480 2160 1639 2215; x_wconf 88' lang='grc' dir='ltr'>τοῦτο</span> <span class='ocrx_word' id='word_1_274' title='bbox 1673 2161 1852 2215; x_wconf 88' lang='grc' dir='ltr'>πόνων</span> 
     </span>
    </p>
   </div>
   <div class='ocr_carea' id='block_1_39' title="bbox 277 2246 1853 2323">
    <p class='ocr_par' dir='ltr' id='par_1_39' title="bbox 277 2246 1853 2323">
     <span class='ocr_line' id='line_1_39' title="bbox 277 2246 1853 2323; baseline 0.001 -20"><span class='ocrx_word' id='word_1_275' title='bbox 277 2249 712 2320; x_wconf 84' lang='grc' dir='ltr'>ἐκμειλίττεσθαι</span> <span class='ocrx_word' id='word_1_276' title='bbox 737 2251 905 2316; x_wconf 72' lang='grc' dir='ltr'>Θςόνς</span> <span class='ocrx_word' id='word_1_277' title='bbox 938 2251 1355 2323; x_wconf 88' lang='grc' dir='ltr'>Πιπράσκεσθαι</span> <span class='ocrx_word' id='word_1_278' title='bbox 1395 2253 1457 2321; x_wconf 85' lang='grc' dir='ltr'>δὴ</span> <span class='ocrx_word' id='word_1_279' title='bbox 1490 2246 1584 2305; x_wconf 85' lang='grc' dir='ltr'><strong>οῦν</strong></span> <span class='ocrx_word' id='word_1_280' title='bbox 1622 2248 1682 2305; x_wconf 83' lang='grc' dir='ltr'>εὖ</span> <span class='ocrx_word' id='word_1_281' title='bbox 1709 2252 1853 2322; x_wconf 85' lang='grc' dir='ltr'>μάλα</span> 
     </span>
    </p>
   </div>
   <div class='ocr_carea' id='block_1_40' title="bbox 277 2341 1853 2415">
    <p class='ocr_par' dir='ltr' id='par_1_40' title="bbox 277 2341 1853 2415">
     <span class='ocr_line' id='line_1_40' title="bbox 277 2341 1853 2415; baseline 0.001 -21"><span class='ocrx_word' id='word_1_282' title='bbox 277 2341 460 2412; x_wconf 77' lang='grc' dir='ltr'>φησιν.</span> <span class='ocrx_word' id='word_1_283' title='bbox 495 2341 935 2414; x_wconf 83' lang='grc' dir='ltr'>Ἐναριθμεῖσθαι</span> <span class='ocrx_word' id='word_1_284' title='bbox 960 2343 1071 2414; x_wconf 82' lang='grc' dir='ltr'><strong>γάρ</strong></span> <span class='ocrx_word' id='word_1_285' title='bbox 1098 2344 1199 2397; x_wconf 82' lang='grc' dir='ltr'>οὐκ</span> <span class='ocrx_word' id='word_1_286' title='bbox 1238 2346 1303 2415; x_wconf 76' lang='grc' dir='ltr'><strong>ἐᾷ</strong></span> <span class='ocrx_word' id='word_1_287' title='bbox 1328 2346 1440 2407; x_wconf 89' lang='grc' dir='ltr'>τοῖς</span> <span class='ocrx_word' id='word_1_288' title='bbox 1465 2342 1555 2397; x_wconf 85' lang='grc' dir='ltr'><strong>διὰ</strong></span> <span class='ocrx_word' id='word_1_289' title='bbox 1577 2342 1676 2414; x_wconf 85' lang='grc' dir='ltr'>τῆς</span> <span class='ocrx_word' id='word_1_290' title='bbox 1703 2342 1853 2408; x_wconf 82' lang='grc' dir='ltr'>θείας</span> 
     </span>
    </p>
   </div>
   <div class='ocr_carea' id='block_1_41' title="bbox 277 2434 1850 2507">
    <p class='ocr_par' dir='ltr' id='par_1_41' title="bbox 277 2434 1850 2507">
     <span class='ocr_line' id='line_1_41' title="bbox 277 2434 1850 2507; baseline 0.001 -19"><span class='ocrx_word' id='word_1_291' title='bbox 277 2437 497 2506; x_wconf 81' lang='grc' dir='ltr'>χάριτος</span> <span class='ocrx_word' id='word_1_292' title='bbox 525 2434 1010 2507; x_wconf 78' lang='grc' dir='ltr'>ἡλευθερωμένοις,</span> <span class='ocrx_word' id='word_1_293' title='bbox 1044 2437 1172 2499; x_wconf 77' lang='grc' dir='ltr'>τοὺς</span> <span class='ocrx_word' id='word_1_294' title='bbox 1200 2436 1343 2490; x_wconf 77' lang='grc' dir='ltr'>οὕτω</span> <span class='ocrx_word' id='word_1_295' title='bbox 1388 2435 1850 2506; x_wconf 82' lang='grc' dir='ltr'>μεμολυσμένους.</span> 
     </span>
    </p>
   </div>
   <div class='ocr_carea' id='block_1_42' title="bbox 290 2527 1857 2601">
    <p class='ocr_par' dir='ltr' id='par_1_42' title="bbox 290 2527 1857 2601">
     <span class='ocr_line' id='line_1_42' title="bbox 290 2527 1857 2601; baseline 0.001 -19"><span class='ocrx_word' id='word_1_296' title='bbox 290 2527 682 2598; x_wconf 81' lang='grc' dir='ltr'>Ἐξωθούμενοι</span> <span class='ocrx_word' id='word_1_297' title='bbox 717 2528 775 2582; x_wconf 80' lang='grc' dir='ltr'>δὲ</span> <span class='ocrx_word' id='word_1_298' title='bbox 804 2530 905 2599; x_wconf 83' lang='grc' dir='ltr'>τῆς</span> <span class='ocrx_word' id='word_1_299' title='bbox 935 2532 1048 2593; x_wconf 85' lang='grc' dir='ltr'>τοῖς</span> <span class='ocrx_word' id='word_1_300' title='bbox 1076 2528 1380 2601; x_wconf 76' lang='grc' dir='ltr'>ἐλευθέροις</span> <span class='ocrx_word' id='word_1_301' title='bbox 1426 2528 1741 2601; x_wconf 83' lang='grc' dir='ltr'>πρεπούσης</span> <span class='ocrx_word' id='word_1_302' title='bbox 1782 2547 1857 2583; x_wconf 84' lang='grc' dir='ltr'><strong>τι·</strong></span> 
     </span>
    </p>
   </div>
   <div class='ocr_carea' id='block_1_43' title="bbox 282 2618 1854 2692">
    <p class='ocr_par' dir='ltr' id='par_1_43' title="bbox 282 2618 1854 2692">
     <span class='ocr_line' id='line_1_43' title="bbox 282 2618 1854 2692; baseline 0.001 -20"><span class='ocrx_word' id='word_1_303' title='bbox 282 2619 406 2689; x_wconf 84' lang='grc' dir='ltr'>μῆς,</span> <span class='ocrx_word' id='word_1_304' title='bbox 422 2618 750 2675; x_wconf 87' lang='grc' dir='ltr'>ἀκούσονται</span> <span class='ocrx_word' id='word_1_305' title='bbox 772 2621 865 2675; x_wconf 69' lang='grc' dir='ltr'>καὶ</span> <span class='ocrx_word' id='word_1_306' title='bbox 888 2621 1041 2676; x_wconf 80' lang='grc' dir='ltr'>αὐτοί</span> <span class='ocrx_word' id='word_1_307' title='bbox 1061 2636 1075 2652; x_wconf 88' lang='grc'><strong>·</strong></span> <span class='ocrx_word' id='word_1_308' title='bbox 1102 2640 1120 2672; x_wconf 76' lang='grc' dir='ltr'>ι</span> <span class='ocrx_word' id='word_1_309' title='bbox 1145 2622 1274 2675; x_wconf 80' lang='grc' dir='ltr'>Ἰδοὺ</span> <span class='ocrx_word' id='word_1_310' title='bbox 1290 2624 1411 2685; x_wconf 79' lang='grc' dir='ltr'>ταῖς</span> <span class='ocrx_word' id='word_1_311' title='bbox 1429 2619 1681 2692; x_wconf 88' lang='grc' dir='ltr'>ἀνομίαις</span> <span class='ocrx_word' id='word_1_312' title='bbox 1700 2623 1854 2692; x_wconf 84' lang='grc' dir='ltr'>ὑμῶν</span> 
     </span>
    </p>
   </div>
   <div class='ocr_carea' id='block_1_44' title="bbox 279 2711 1855 2785">
    <p class='ocr_par' dir='ltr' id='par_1_44' title="bbox 279 2711 1855 2785">
     <span class='ocr_line' id='line_1_44' title="bbox 279 2711 1855 2785; baseline 0 -19"><span class='ocrx_word' id='word_1_313' title='bbox 279 2711 575 2784; x_wconf 82' lang='grc' dir='ltr'>ἐπράθητε.</span> <span class='ocrx_word' id='word_1_314' title='bbox 601 2731 620 2765; x_wconf 74' lang='grc' dir='ltr'>ι</span> <span class='ocrx_word' id='word_1_315' title='bbox 653 2712 716 2766; x_wconf 81' lang='lat' dir='ltr'><strong>El</strong></span> <span class='ocrx_word' id='word_1_316' title='bbox 735 2712 1089 2783; x_wconf 24' lang='grc' dir='ltr'>δὲσκεκλοφὼς</span> <span class='ocrx_word' id='word_1_317' title='bbox 1117 2714 1213 2784; x_wconf 89' lang='grc' dir='ltr'><strong>μέν</strong></span> <span class='ocrx_word' id='word_1_318' title='bbox 1231 2714 1404 2785; x_wconf 85' lang='grc' dir='ltr'>άλοίη,</span> <span class='ocrx_word' id='word_1_319' title='bbox 1423 2714 1609 2785; x_wconf 82' lang='grc' dir='ltr'>φησὶν,</span> <span class='ocrx_word' id='word_1_320' title='bbox 1628 2712 1779 2767; x_wconf 82' lang='grc' dir='ltr'>οῦπω</span> <span class='ocrx_word' id='word_1_321' title='bbox 1798 2713 1855 2767; x_wconf 81' lang='grc' dir='ltr'>δὲ</span> 
     </span>
    </p>
   </div>
   <div class='ocr_carea' id='block_1_45' title="bbox 280 2803 1857 2877">
    <p class='ocr_par' dir='ltr' id='par_1_45' title="bbox 280 2803 1857 2877">
     <span class='ocr_line' id='line_1_45' title="bbox 280 2803 1857 2877; baseline 0.002 -20"><span class='ocrx_word' id='word_1_322' title='bbox 280 2803 503 2869; x_wconf 85' lang='grc' dir='ltr'>ἀνελὼν,</span> <span class='ocrx_word' id='word_1_323' title='bbox 526 2804 828 2869; x_wconf 79' lang='grc' dir='ltr'>τουτέστιν,</span> <span class='ocrx_word' id='word_1_324' title='bbox 847 2806 897 2858; x_wconf 80' lang='grc' dir='ltr'>εἰ</span> <span class='ocrx_word' id='word_1_325' title='bbox 918 2805 1253 2876; x_wconf 82' lang='grc' dir='ltr'>φενακισμοῦ</span> <span class='ocrx_word' id='word_1_326' title='bbox 1273 2805 1366 2859; x_wconf 77' lang='grc' dir='ltr'>καὶ</span> <span class='ocrx_word' id='word_1_327' title='bbox 1380 2806 1597 2877; x_wconf 78' lang='grc' dir='ltr'>ἀπάτης</span> <span class='ocrx_word' id='word_1_328' title='bbox 1613 2805 1857 2877; x_wconf 78' lang='grc' dir='ltr'>ἀρξάμε-</span> 
     </span>
    </p>
   </div>
   <div class='ocr_carea' id='block_1_46' title="bbox 280 2895 1856 2969">
    <p class='ocr_par' dir='ltr' id='par_1_46' title="bbox 280 2895 1856 2969">
     <span class='ocr_line' id='line_1_46' title="bbox 280 2895 1856 2969; baseline 0.001 -19"><span class='ocrx_word' id='word_1_329' title='bbox 280 2912 363 2958; x_wconf 76' lang='grc' dir='ltr'><strong>νος</strong></span> <span class='ocrx_word' id='word_1_330' title='bbox 379 2896 479 2966; x_wconf 83' lang='grc' dir='ltr'>τῆς</span> <span class='ocrx_word' id='word_1_331' title='bbox 493 2897 572 2960; x_wconf 85' lang='grc' dir='ltr'><strong>εἰς</strong></span> <span class='ocrx_word' id='word_1_332' title='bbox 585 2895 673 2950; x_wconf 78' lang='grc' dir='ltr'><strong>ἑτέ</strong></span> <span class='ocrx_word' id='word_1_333' title='bbox 681 2913 803 2968; x_wconf 84' lang='grc' dir='ltr'>ρους</span> <span class='ocrx_word' id='word_1_334' title='bbox 823 2898 1290 2967; x_wconf 75' lang='grc' dir='ltr'>καταλαμϐάνοιτό</span> <span class='ocrx_word' id='word_1_335' title='bbox 1310 2914 1394 2961; x_wconf 90' lang='grc' dir='ltr'><strong>τις</strong></span> <span class='ocrx_word' id='word_1_336' title='bbox 1407 2897 1515 2951; x_wconf 87' lang='grc' dir='ltr'><strong>τῶν</strong></span> <span class='ocrx_word' id='word_1_337' title='bbox 1529 2898 1856 2969; x_wconf 81' lang='grc' dir='ltr'>ὲτεροδοξεῖν</span> 
     </span>
    </p>
   </div>
   <div class='ocr_carea' id='block_1_47' title="bbox 280 2988 1859 3061">
    <p class='ocr_par' dir='ltr' id='par_1_47' title="bbox 280 2988 1859 3061">
     <span class='ocr_line' id='line_1_47' title="bbox 280 2988 1859 3061; baseline 0.002 -21"><span class='ocrx_word' id='word_1_338' title='bbox 280 2988 570 3053; x_wconf 81' lang='grc' dir='ltr'>εἰωθότων,</span> <span class='ocrx_word' id='word_1_339' title='bbox 594 2988 895 3061; x_wconf 87' lang='grc' dir='ltr'>νενικηκὼς</span> <span class='ocrx_word' id='word_1_340' title='bbox 926 2990 984 3044; x_wconf 83' lang='grc' dir='ltr'>δὲ</span> <span class='ocrx_word' id='word_1_341' title='bbox 1029 2989 1181 3043; x_wconf 82' lang='grc' dir='ltr'>οῦπω</span> <span class='ocrx_word' id='word_1_342' title='bbox 1233 2992 1326 3044; x_wconf 76' lang='grc' dir='ltr'><strong>καὶ</strong></span> <span class='ocrx_word' id='word_1_343' title='bbox 1365 2991 1740 3060; x_wconf 84' lang='grc' dir='ltr'>κατακομίσας</span> <span class='ocrx_word' id='word_1_344' title='bbox 1777 2992 1859 3054; x_wconf 79' lang='grc' dir='ltr'><strong>είς</strong></span> 
     </span>
    </p>
   </div>
   <div class='ocr_carea' id='block_1_48' title="bbox 1951 1892 3539 1967">
    <p class='ocr_par' dir='ltr' id='par_1_48' title="bbox 1951 1892 3539 1967">
     <span class='ocr_line' id='line_1_48' title="bbox 1951 1892 3539 1967; baseline 0.006 -24"><span class='ocrx_word' id='word_1_345' title='bbox 1951 1905 2062 1944; x_wconf 92' lang='lat' dir='ltr'><strong>non</strong></span> <span class='ocrx_word' id='word_1_346' title='bbox 2093 1897 2277 1944; x_wconf 91' lang='lat' dir='ltr'><strong>tamen</strong></span> <span class='ocrx_word' id='word_1_347' title='bbox 2312 1892 2524 1960; x_wconf 90' lang='lat' dir='ltr'><strong>peccati</strong></span> <span class='ocrx_word' id='word_1_348' title='bbox 2558 1893 2804 1948; x_wconf 88' lang='lat' dir='ltr'><strong>maculas</strong></span> <span class='ocrx_word' id='word_1_349' title='bbox 2840 1894 3092 1960; x_wconf 84' lang='lat' dir='ltr'><strong>abluunt,</strong></span> <span class='ocrx_word' id='word_1_350' title='bbox 3123 1913 3324 1967; x_wconf 88' lang='lat' dir='ltr'><strong>neque,</strong></span> <span class='ocrx_word' id='word_1_351' title='bbox 3370 1908 3429 1952; x_wconf 88' lang='lat' dir='ltr'><strong>ut</strong></span> <span class='ocrx_word' id='word_1_352' title='bbox 3463 1898 3539 1954; x_wconf 90' lang='lat' dir='ltr'><strong>ita</strong></span> 
     </span>
    </p>
   </div>
   <div class='ocr_carea' id='block_1_49' title="bbox 1952 1980 3538 2059">
    <p class='ocr_par' dir='ltr' id='par_1_49' title="bbox 1952 1980 3538 2059">
     <span class='ocr_line' id='line_1_49' title="bbox 1952 1980 3538 2059; baseline 0.006 -24"><span class='ocrx_word' id='word_1_353' title='bbox 1952 1980 2151 2045; x_wconf 89' lang='lat' dir='ltr'><strong>dicam,</strong></span> <span class='ocrx_word' id='word_1_354' title='bbox 2188 1982 2369 2051; x_wconf 84' lang='lat' dir='ltr'><strong>pretio</strong></span> <span class='ocrx_word' id='word_1_355' title='bbox 2392 1981 2539 2048; x_wconf 89' lang='lat' dir='ltr'><strong>dato,</strong></span> <span class='ocrx_word' id='word_1_356' title='bbox 2563 1993 2793 2053; x_wconf 89' lang='lat' dir='ltr'><strong>possunt</strong></span> <span class='ocrx_word' id='word_1_357' title='bbox 2814 1986 3044 2041; x_wconf 89' lang='lat' dir='ltr'><strong>crimina</strong></span> <span class='ocrx_word' id='word_1_358' title='bbox 3065 1987 3335 2058; x_wconf 88' lang='lat' dir='ltr'><strong>depellere</strong></span> <span class='ocrx_word' id='word_1_359' title='bbox 3357 2007 3369 2042; x_wconf 90' lang='lat'><strong>:</strong></span> <span class='ocrx_word' id='word_1_360' title='bbox 3391 1989 3538 2059; x_wconf 87' lang='lat' dir='ltr'><strong>quod</strong></span> 
     </span>
    </p>
   </div>
   <div class='ocr_carea' id='block_1_50' title="bbox 1952 2069 3539 2149">
    <p class='ocr_par' dir='ltr' id='par_1_50' title="bbox 1952 2069 3539 2149">
     <span class='ocr_line' id='line_1_50' title="bbox 1952 2069 3539 2149; baseline 0.006 -26"><span class='ocrx_word' id='word_1_361' title='bbox 1952 2071 2152 2124; x_wconf 91' lang='lat' dir='ltr'><strong>mentis</strong></span> <span class='ocrx_word' id='word_1_362' title='bbox 2195 2069 2513 2126; x_wconf 83' lang='lat' dir='ltr'><strong>inﬁrmitate</strong></span> <span class='ocrx_word' id='word_1_363' title='bbox 2558 2073 2789 2131; x_wconf 85' lang='lat' dir='ltr'><strong>sudores</strong></span> <span class='ocrx_word' id='word_1_364' title='bbox 2827 2078 3165 2145; x_wconf 74' lang='lat' dir='ltr'><strong>pcenitentia:</strong></span> <span class='ocrx_word' id='word_1_365' title='bbox 3190 2079 3457 2149; x_wconf 89' lang='lat' dir='ltr'><strong>perferre,</strong></span> <span class='ocrx_word' id='word_1_366' title='bbox 3482 2088 3539 2135; x_wconf 91' lang='lat' dir='ltr'><strong>et</strong></span> 
     </span>
    </p>
   </div>
   <div class='ocr_carea' id='block_1_51' title="bbox 1952 2161 3540 2243">
    <p class='ocr_par' dir='ltr' id='par_1_51' title="bbox 1952 2161 3540 2243">
     <span class='ocr_line' id='line_1_51' title="bbox 1952 2161 3540 2243; baseline 0.007 -27"><span class='ocrx_word' id='word_1_367' title='bbox 1952 2162 2125 2216; x_wconf 91' lang='lat' dir='ltr'><strong>Deum</strong></span> <span class='ocrx_word' id='word_1_368' title='bbox 2156 2161 2427 2231; x_wconf 87' lang='lat' dir='ltr'><strong>ejusmodi</strong></span> <span class='ocrx_word' id='word_1_369' title='bbox 2452 2162 2737 2219; x_wconf 87' lang='lat' dir='ltr'><strong>laboribus</strong></span> <span class='ocrx_word' id='word_1_370' title='bbox 2763 2166 2981 2234; x_wconf 90' lang='lat' dir='ltr'><strong>placare</strong></span> <span class='ocrx_word' id='word_1_371' title='bbox 3004 2170 3217 2224; x_wconf 88' lang='lat' dir='ltr'><strong>nolint?</strong></span> <span class='ocrx_word' id='word_1_372' title='bbox 3239 2171 3413 2226; x_wconf 78' lang='lat' dir='ltr'><strong>Vendi</strong></span> <span class='ocrx_word' id='word_1_373' title='bbox 3439 2172 3540 2243; x_wconf 80' lang='lat' dir='ltr'><strong>igi-</strong></span> 
     </span>
    </p>
   </div>
   <div class='ocr_carea' id='block_1_52' title="bbox 1954 2251 3537 2335">
    <p class='ocr_par' dir='ltr' id='par_1_52' title="bbox 1954 2251 3537 2335">
     <span class='ocr_line' id='line_1_52' title="bbox 1954 2251 3537 2335; baseline 0.008 -29"><span class='ocrx_word' id='word_1_374' title='bbox 1954 2260 2046 2307; x_wconf 87' lang='lat' dir='ltr'><strong>tur</strong></span> <span class='ocrx_word' id='word_1_375' title='bbox 2067 2267 2164 2307; x_wconf 90' lang='lat' dir='ltr'><strong>eos</strong></span> <span class='ocrx_word' id='word_1_376' title='bbox 2187 2251 2495 2335; x_wconf 83' lang='lat' dir='ltr'><strong>rectissime</strong></span> <span class='ocrx_word' id='word_1_377' title='bbox 2515 2254 2674 2324; x_wconf 87' lang='lat' dir='ltr'><strong>jubet</strong></span> <span class='ocrx_word' id='word_1_378' title='bbox 2698 2272 2710 2308; x_wconf 89' lang='lat'><strong>:</strong></span> <span class='ocrx_word' id='word_1_379' title='bbox 2746 2271 2929 2325; x_wconf 89' lang='lat' dir='ltr'><strong>neque</strong></span> <span class='ocrx_word' id='word_1_380' title='bbox 2950 2259 3097 2313; x_wconf 91' lang='lat' dir='ltr'><strong>enim</strong></span> <span class='ocrx_word' id='word_1_381' title='bbox 3125 2260 3378 2317; x_wconf 90' lang='lat' dir='ltr'><strong>homines</strong></span> <span class='ocrx_word' id='word_1_382' title='bbox 3399 2263 3537 2318; x_wconf 91' lang='lat' dir='ltr'><strong>adeo</strong></span> 
     </span>
    </p>
   </div>
   <div class='ocr_carea' id='block_1_53' title="bbox 1954 2345 3537 2423">
    <p class='ocr_par' dir='ltr' id='par_1_53' title="bbox 1954 2345 3537 2423">
     <span class='ocr_line' id='line_1_53' title="bbox 1954 2345 3537 2423; baseline 0.006 -23"><span class='ocrx_word' id='word_1_383' title='bbox 1954 2345 2271 2416; x_wconf 85' lang='lat' dir='ltr'><strong>inquinatos</strong></span> <span class='ocrx_word' id='word_1_384' title='bbox 2291 2345 2564 2414; x_wconf 88' lang='lat' dir='ltr'><strong>permittit</strong></span> <span class='ocrx_word' id='word_1_385' title='bbox 2585 2345 2729 2401; x_wconf 91' lang='lat' dir='ltr'><strong>inter</strong></span> <span class='ocrx_word' id='word_1_386' title='bbox 2749 2362 2845 2402; x_wconf 89' lang='lat' dir='ltr'><strong>eos</strong></span> <span class='ocrx_word' id='word_1_387' title='bbox 2866 2352 3169 2416; x_wconf 88' lang='lat' dir='ltr'><strong>numerari,</strong></span> <span class='ocrx_word' id='word_1_388' title='bbox 3201 2353 3293 2422; x_wconf 91' lang='lat' dir='ltr'><strong>qui</strong></span> <span class='ocrx_word' id='word_1_389' title='bbox 3322 2370 3421 2423; x_wconf 89' lang='lat' dir='ltr'><strong>per</strong></span> <span class='ocrx_word' id='word_1_390' title='bbox 3440 2354 3537 2409; x_wconf 86' lang='lat' dir='ltr'><strong>Dei</strong></span> 
     </span>
    </p>
   </div>
   <div class='ocr_carea' id='block_1_54' title="bbox 1954 2432 3540 2506">
    <p class='ocr_par' dir='ltr' id='par_1_54' title="bbox 1954 2432 3540 2506">
     <span class='ocr_line' id='line_1_54' title="bbox 1954 2432 3540 2506; baseline 0.003 -18"><span class='ocrx_word' id='word_1_391' title='bbox 1954 2436 2184 2505; x_wconf 77' lang='lat' dir='ltr'><strong>gratiam</strong></span> <span class='ocrx_word' id='word_1_392' title='bbox 2221 2433 2384 2488; x_wconf 88' lang='lat' dir='ltr'><strong>liberi</strong></span> <span class='ocrx_word' id='word_1_393' title='bbox 2416 2432 2546 2487; x_wconf 84' lang='lat' dir='ltr'><strong>facti</strong></span> <span class='ocrx_word' id='word_1_394' title='bbox 2579 2441 2725 2487; x_wconf 90' lang='lat' dir='ltr'><strong>sunt.</strong></span> <span class='ocrx_word' id='word_1_395' title='bbox 2759 2435 2985 2506; x_wconf 81' lang='lat' dir='ltr'><strong>Expulsi</strong></span> <span class='ocrx_word' id='word_1_396' title='bbox 3028 2446 3211 2493; x_wconf 89' lang='lat' dir='ltr'><strong>autem</strong></span> <span class='ocrx_word' id='word_1_397' title='bbox 3246 2439 3315 2493; x_wconf 89' lang='lat' dir='ltr'><strong>ab</strong></span> <span class='ocrx_word' id='word_1_398' title='bbox 3346 2453 3414 2493; x_wconf 91' lang='lat' dir='ltr'><strong>eo</strong></span> <span class='ocrx_word' id='word_1_399' title='bbox 3439 2439 3540 2493; x_wconf 86' lang='lat' dir='ltr'><strong>bo-</strong></span> 
     </span>
    </p>
   </div>
   <div class='ocr_carea' id='block_1_55' title="bbox 1954 2526 3539 2601">
    <p class='ocr_par' dir='ltr' id='par_1_55' title="bbox 1954 2526 3539 2601">
     <span class='ocr_line' id='line_1_55' title="bbox 1954 2526 3539 2601; baseline 0.003 -19"><span class='ocrx_word' id='word_1_400' title='bbox 1954 2543 2109 2592; x_wconf 88' lang='lat' dir='ltr'><strong>nore,</strong></span> <span class='ocrx_word' id='word_1_401' title='bbox 2137 2526 2232 2597; x_wconf 85' lang='lat' dir='ltr'><strong>qui</strong></span> <span class='ocrx_word' id='word_1_402' title='bbox 2254 2528 2445 2583; x_wconf 90' lang='lat' dir='ltr'><strong>liberis</strong></span> <span class='ocrx_word' id='word_1_403' title='bbox 2466 2528 2743 2590; x_wconf 84' lang='lat' dir='ltr'><strong>convenit,</strong></span> <span class='ocrx_word' id='word_1_404' title='bbox 2770 2529 2997 2583; x_wconf 85' lang='lat' dir='ltr'><strong>audient</strong></span> <span class='ocrx_word' id='word_1_405' title='bbox 3020 2530 3184 2584; x_wconf 87' lang='lat' dir='ltr'><strong>etiam</strong></span> <span class='ocrx_word' id='word_1_406' title='bbox 3213 2531 3316 2601; x_wconf 86' lang='lat' dir='ltr'><strong>ipsi</strong></span> <span class='ocrx_word' id='word_1_407' title='bbox 3344 2548 3357 2583; x_wconf 89' lang='lat'><strong>:</strong></span> <span class='ocrx_word' id='word_1_408' title='bbox 3392 2549 3409 2582; x_wconf 75' lang='grc' dir='ltr'><strong>ι</strong></span> <span class='ocrx_word' id='word_1_409' title='bbox 3437 2532 3539 2586; x_wconf 79' lang='lat' dir='ltr'><strong>Ec-</strong></span> 
     </span>
    </p>
   </div>
   <div class='ocr_carea' id='block_1_56' title="bbox 1955 2619 3539 2689">
    <p class='ocr_par' dir='ltr' id='par_1_56' title="bbox 1955 2619 3539 2689">
     <span class='ocr_line' id='line_1_56' title="bbox 1955 2619 3539 2689; baseline 0.003 -15"><span class='ocrx_word' id='word_1_410' title='bbox 1955 2634 2016 2675; x_wconf 91' lang='lat' dir='ltr'><strong>ce</strong></span> <span class='ocrx_word' id='word_1_411' title='bbox 2039 2620 2092 2674; x_wconf 88' lang='lat' dir='ltr'><strong>in</strong></span> <span class='ocrx_word' id='word_1_412' title='bbox 2121 2619 2508 2689; x_wconf 85' lang='lat' dir='ltr'><strong>iniquitatibus</strong></span> <span class='ocrx_word' id='word_1_413' title='bbox 2538 2619 2735 2673; x_wconf 81' lang='lat' dir='ltr'><strong>vestris</strong></span> <span class='ocrx_word' id='word_1_414' title='bbox 2757 2620 2965 2675; x_wconf 86' lang='lat' dir='ltr'><strong>venditi</strong></span> <span class='ocrx_word' id='word_1_415' title='bbox 2988 2622 3123 2676; x_wconf 89' lang='lat' dir='ltr'><strong>estis</strong></span> <span class='ocrx_word' id='word_1_416' title='bbox 3147 2623 3213 2675; x_wconf 80' lang='grc'><strong>⁸⁸.</strong></span> <span class='ocrx_word' id='word_1_417' title='bbox 3255 2641 3273 2674; x_wconf 70' lang='grc' dir='ltr'>ι</span> <span class='ocrx_word' id='word_1_418' title='bbox 3306 2621 3461 2688; x_wconf 85' lang='lat' dir='ltr'><strong>Quod</strong></span> <span class='ocrx_word' id='word_1_419' title='bbox 3492 2623 3539 2678; x_wconf 92' lang='lat' dir='ltr'><strong>si</strong></span> 
     </span>
    </p>
   </div>
   <div class='ocr_carea' id='block_1_57' title="bbox 1955 2710 3537 2784">
    <p class='ocr_par' dir='ltr' id='par_1_57' title="bbox 1955 2710 3537 2784">
     <span class='ocr_line' id='line_1_57' title="bbox 1955 2710 3537 2784; baseline 0.002 -18"><span class='ocrx_word' id='word_1_420' title='bbox 1955 2710 2160 2767; x_wconf 85' lang='lat' dir='ltr'><strong>furtum</strong></span> <span class='ocrx_word' id='word_1_421' title='bbox 2185 2714 2406 2782; x_wconf 88' lang='lat' dir='ltr'><strong>quidem</strong></span> <span class='ocrx_word' id='word_1_422' title='bbox 2430 2714 2626 2770; x_wconf 87' lang='lat' dir='ltr'><strong>fecisse</strong></span> <span class='ocrx_word' id='word_1_423' title='bbox 2650 2722 2963 2784; x_wconf 88' lang='lat' dir='ltr'><strong>compertus</strong></span> <span class='ocrx_word' id='word_1_424' title='bbox 2981 2713 3168 2780; x_wconf 88' lang='lat' dir='ltr'><strong>fuerit,</strong></span> <span class='ocrx_word' id='word_1_425' title='bbox 3190 2714 3434 2769; x_wconf 87' lang='lat' dir='ltr'><strong>nondum</strong></span> <span class='ocrx_word' id='word_1_426' title='bbox 3458 2721 3537 2769; x_wconf 79' lang='lat' dir='ltr'><strong>ta—</strong></span> 
     </span>
    </p>
   </div>
   <div class='ocr_carea' id='block_1_58' title="bbox 1954 2804 3534 2876">
    <p class='ocr_par' dir='ltr' id='par_1_58' title="bbox 1954 2804 3534 2876">
     <span class='ocr_line' id='line_1_58' title="bbox 1954 2804 3534 2876; baseline 0.003 -20"><span class='ocrx_word' id='word_1_427' title='bbox 1954 2818 2083 2857; x_wconf 87' lang='lat' dir='ltr'><strong>men</strong></span> <span class='ocrx_word' id='word_1_428' title='bbox 2114 2804 2400 2870; x_wconf 87' lang='lat' dir='ltr'><strong>occidisse,</strong></span> <span class='ocrx_word' id='word_1_429' title='bbox 2429 2804 2485 2859; x_wconf 90' lang='lat' dir='ltr'><strong>id</strong></span> <span class='ocrx_word' id='word_1_430' title='bbox 2511 2813 2613 2872; x_wconf 89' lang='lat' dir='ltr'><strong>est,</strong></span> <span class='ocrx_word' id='word_1_431' title='bbox 2649 2805 2811 2875; x_wconf 77' lang='lat'><strong>255</strong></span> <span class='ocrx_word' id='word_1_432' title='bbox 2848 2805 2893 2859; x_wconf 90' lang='lat' dir='ltr'><strong>si</strong></span> <span class='ocrx_word' id='word_1_433' title='bbox 2925 2807 3048 2876; x_wconf 89' lang='lat' dir='ltr'><strong>quis</strong></span> <span class='ocrx_word' id='word_1_434' title='bbox 3083 2805 3245 2860; x_wconf 86' lang='lat' dir='ltr'><strong>aliter</strong></span> <span class='ocrx_word' id='word_1_435' title='bbox 3270 2805 3534 2871; x_wconf 88' lang='lat' dir='ltr'><strong>sentiens,</strong></span> 
     </span>
    </p>
   </div>
   <div class='ocr_carea' id='block_1_59' title="bbox 1956 2894 3541 2966">
    <p class='ocr_par' dir='ltr' id='par_1_59' title="bbox 1956 2894 3541 2966">
     <span class='ocr_line' id='line_1_59' title="bbox 1956 2894 3541 2966; baseline 0.001 -17"><span class='ocrx_word' id='word_1_436' title='bbox 1956 2910 2117 2964; x_wconf 89' lang='lat' dir='ltr'><strong>quam</strong></span> <span class='ocrx_word' id='word_1_437' title='bbox 2153 2894 2290 2951; x_wconf 89' lang='lat' dir='ltr'><strong>ﬁdes</strong></span> <span class='ocrx_word' id='word_1_438' title='bbox 2313 2904 2463 2951; x_wconf 90' lang='lat' dir='ltr'><strong>recta</strong></span> <span class='ocrx_word' id='word_1_439' title='bbox 2500 2896 2827 2966; x_wconf 69' lang='lat' dir='ltr'><strong>prtescribit,</strong></span> <span class='ocrx_word' id='word_1_440' title='bbox 2856 2896 3045 2952; x_wconf 89' lang='lat' dir='ltr'><strong>fallere</strong></span> <span class='ocrx_word' id='word_1_441' title='bbox 3070 2896 3294 2966; x_wconf 89' lang='lat' dir='ltr'><strong>quidem</strong></span> <span class='ocrx_word' id='word_1_442' title='bbox 3317 2901 3374 2951; x_wconf 92' lang='lat' dir='ltr'><strong>et</strong></span> <span class='ocrx_word' id='word_1_443' title='bbox 3392 2896 3541 2952; x_wconf 84' lang='lat' dir='ltr'><strong>deci-</strong></span> 
     </span>
    </p>
   </div>
   <div class='ocr_carea' id='block_1_60' title="bbox 1956 2986 3537 3058">
    <p class='ocr_par' dir='ltr' id='par_1_60' title="bbox 1956 2986 3537 3058">
     <span class='ocr_line' id='line_1_60' title="bbox 1956 2986 3537 3058; baseline 0.001 -19"><span class='ocrx_word' id='word_1_444' title='bbox 1956 3001 2088 3055; x_wconf 88' lang='lat' dir='ltr'><strong>pere</strong></span> <span class='ocrx_word' id='word_1_445' title='bbox 2110 2998 2339 3042; x_wconf 65' lang='lat' dir='ltr'><strong>eaeteros</strong></span> <span class='ocrx_word' id='word_1_446' title='bbox 2369 2989 2594 3043; x_wconf 89' lang='lat' dir='ltr'><strong>molitus</strong></span> <span class='ocrx_word' id='word_1_447' title='bbox 2630 3003 2752 3044; x_wconf 90' lang='lat' dir='ltr'><strong>esse</strong></span> <span class='ocrx_word' id='word_1_448' title='bbox 2788 2987 3254 3058; x_wconf 86' lang='lat' dir='ltr'><strong>deprehendatur,</strong></span> <span class='ocrx_word' id='word_1_449' title='bbox 3290 2986 3537 3041; x_wconf 87' lang='lat' dir='ltr'><strong>nondum</strong></span> 
     </span>
    </p>
   </div>
   <div class='ocr_carea' id='block_1_61' title="bbox 280 3077 1856 3168">
    <p class='ocr_par' dir='ltr' id='par_1_61' title="bbox 280 3079 1851 3153">
     <span class='ocr_line' id='line_1_61' title="bbox 280 3079 1851 3153; baseline 0.001 -21"><span class='ocrx_word' id='word_1_450' title='bbox 280 3079 496 3152; x_wconf 72' lang='grc' dir='ltr'>ὀλεθρον</span> <span class='ocrx_word' id='word_1_451' title='bbox 525 3082 653 3144; x_wconf 77' lang='grc' dir='ltr'>τοὺς</span> <span class='ocrx_word' id='word_1_452' title='bbox 679 3081 1086 3152; x_wconf 80' lang='grc' dir='ltr'>ἀκροωμένους,</span> <span class='ocrx_word' id='word_1_453' title='bbox 1116 3082 1362 3136; x_wconf 83' lang='grc' dir='ltr'>ἀποτίσει</span> <span class='ocrx_word' id='word_1_454' title='bbox 1391 3082 1575 3135; x_wconf 80' lang='grc' dir='ltr'>διπλᾶ.</span> <span class='ocrx_word' id='word_1_455' title='bbox 1622 3081 1851 3153; x_wconf 83' lang='grc' dir='ltr'>Ἀναλή-</span> 
     </span>
    </p>
   </div>
   <div class='ocr_carea' id='block_1_62' title="bbox 1959 3077 3537 3168">
    <p class='ocr_par' dir='ltr' id='par_1_62' title="bbox 1960 3077 3537 3149">
     <span class='ocr_line' id='line_1_62' title="bbox 1960 3077 3537 3149; baseline 0.001 -17"><span class='ocrx_word' id='word_1_456' title='bbox 1960 3086 2143 3133; x_wconf 87' lang='lat' dir='ltr'><strong>tamen</strong></span> <span class='ocrx_word' id='word_1_457' title='bbox 2171 3077 2370 3134; x_wconf 85' lang='lat' dir='ltr'><strong>vicisse</strong></span> <span class='ocrx_word' id='word_1_458' title='bbox 2397 3089 2492 3134; x_wconf 91' lang='lat' dir='ltr'><strong>aut</strong></span> <span class='ocrx_word' id='word_1_459' title='bbox 2516 3080 2585 3134; x_wconf 90' lang='lat' dir='ltr'><strong>ad</strong></span> <span class='ocrx_word' id='word_1_460' title='bbox 2609 3079 2909 3149; x_wconf 87' lang='lat' dir='ltr'><strong>perniciem</strong></span> <span class='ocrx_word' id='word_1_461' title='bbox 2932 3080 3212 3135; x_wconf 88' lang='lat' dir='ltr'><strong>auditores</strong></span> <span class='ocrx_word' id='word_1_462' title='bbox 3245 3078 3537 3149; x_wconf 83' lang='lat' dir='ltr'><strong>perduxis-</strong></span> 
     </span>
    </p>
   </div>
   <div class='ocr_carea' id='block_1_63' title="bbox 278 3164 1851 3244">
    <p class='ocr_par' dir='ltr' id='par_1_63' title="bbox 278 3164 1851 3244">
     <span class='ocr_line' id='line_1_63' title="bbox 278 3164 1851 3244; baseline 0 -20"><span class='ocrx_word' id='word_1_463' title='bbox 278 3169 437 3238; x_wconf 70' lang='grc' dir='ltr'>ψεται</span> <span class='ocrx_word' id='word_1_464' title='bbox 472 3164 584 3243; x_wconf 78' lang='grc' dir='ltr'><strong>γάρ</strong></span> <span class='ocrx_word' id='word_1_465' title='bbox 609 3170 671 3224; x_wconf 80' lang='grc' dir='ltr'>τὸ</span> <span class='ocrx_word' id='word_1_466' title='bbox 703 3172 901 3225; x_wconf 76' lang='grc' dir='ltr'>οἰκεῖον</span> <span class='ocrx_word' id='word_1_467' title='bbox 922 3172 951 3223; x_wconf 88' lang='lat'><strong>6</strong></span> <span class='ocrx_word' id='word_1_468' title='bbox 998 3172 1095 3242; x_wconf 81' lang='grc' dir='ltr'>τῆς</span> <span class='ocrx_word' id='word_1_469' title='bbox 1125 3172 1328 3242; x_wconf 84' lang='grc' dir='ltr'>ἀγέλης</span> <span class='ocrx_word' id='word_1_470' title='bbox 1353 3172 1642 3240; x_wconf 82' lang='grc' dir='ltr'>δεσπότης,</span> <span class='ocrx_word' id='word_1_471' title='bbox 1683 3188 1851 3244; x_wconf 85' lang='grc' dir='ltr'>προσ-</span> 
     </span>
    </p>
   </div>
   <div class='ocr_carea' id='block_1_64' title="bbox 280 3261 1855 3334">
    <p class='ocr_par' dir='ltr' id='par_1_64' title="bbox 280 3261 1855 3334">
     <span class='ocr_line' id='line_1_64' title="bbox 280 3261 1855 3334; baseline 0.002 -20"><span class='ocrx_word' id='word_1_472' title='bbox 280 3262 696 3333; x_wconf 80' lang='grc' dir='ltr'>εξαιτηθήσεται</span> <span class='ocrx_word' id='word_1_473' title='bbox 723 3261 779 3315; x_wconf 77' lang='grc' dir='ltr'>δὲ</span> <span class='ocrx_word' id='word_1_474' title='bbox 808 3263 902 3315; x_wconf 67' lang='grc' dir='ltr'>καὶ</span> <span class='ocrx_word' id='word_1_475' title='bbox 918 3262 1109 3330; x_wconf 82' lang='grc' dir='ltr'>λόγους</span> <span class='ocrx_word' id='word_1_476' title='bbox 1139 3264 1167 3316; x_wconf 85' lang='lat'><strong>6</strong></span> <span class='ocrx_word' id='word_1_477' title='bbox 1194 3262 1500 3334; x_wconf 85' lang='grc' dir='ltr'>βωμολόχος</span> <span class='ocrx_word' id='word_1_478' title='bbox 1517 3281 1530 3292; x_wconf 91' lang='grc'><strong>·</strong></span> <span class='ocrx_word' id='word_1_479' title='bbox 1561 3261 1720 3317; x_wconf 91' lang='grc' dir='ltr'>τοῦτο</span> <span class='ocrx_word' id='word_1_480' title='bbox 1746 3263 1855 3334; x_wconf 90' lang='grc' dir='ltr'><strong>γάρ</strong></span> 
     </span>
    </p>
   </div>
   <div class='ocr_carea' id='block_1_65' title="bbox 280 3351 1854 3425">
    <p class='ocr_par' dir='ltr' id='par_1_65' title="bbox 280 3351 1854 3425">
     <span class='ocr_line' id='line_1_65' title="bbox 280 3351 1854 3425; baseline 0 -19"><span class='ocrx_word' id='word_1_481' title='bbox 280 3351 344 3406; x_wconf 76' lang='grc' dir='ltr'>ἂν</span> <span class='ocrx_word' id='word_1_482' title='bbox 395 3354 482 3425; x_wconf 77' lang='grc' dir='ltr'>εἴη</span> <span class='ocrx_word' id='word_1_483' title='bbox 523 3353 585 3407; x_wconf 80' lang='grc' dir='ltr'><strong>τὺ</strong></span> <span class='ocrx_word' id='word_1_484' title='bbox 632 3354 691 3407; x_wconf 79' lang='grc' dir='ltr'><strong>ἐν</strong></span> <span class='ocrx_word' id='word_1_485' title='bbox 733 3353 936 3424; x_wconf 81' lang='grc' dir='ltr'>διπλῷ·</span> <span class='ocrx_word' id='word_1_486' title='bbox 970 3354 1065 3407; x_wconf 83' lang='grc' dir='ltr'>καὶ</span> <span class='ocrx_word' id='word_1_487' title='bbox 1100 3354 1301 3424; x_wconf 79' lang='grc' dir='ltr'>ζημίαν</span> <span class='ocrx_word' id='word_1_488' title='bbox 1333 3354 1596 3423; x_wconf 82' lang='grc' dir='ltr'>ὑπομενεί</span> <span class='ocrx_word' id='word_1_489' title='bbox 1626 3354 1724 3424; x_wconf 85' lang='grc' dir='ltr'>τὴν</span> <span class='ocrx_word' id='word_1_490' title='bbox 1775 3355 1854 3417; x_wconf 82' lang='grc' dir='ltr'><strong>είς</strong></span> 
     </span>
    </p>
   </div>
   <div class='ocr_carea' id='block_1_66' title="bbox 282 3444 1853 3518">
    <p class='ocr_par' dir='ltr' id='par_1_66' title="bbox 282 3444 1853 3518">
     <span class='ocr_line' id='line_1_66' title="bbox 282 3444 1853 3518; baseline 0.002 -21"><span class='ocrx_word' id='word_1_491' title='bbox 282 3444 530 3500; x_wconf 87' lang='grc' dir='ltr'>θάνατον.</span> <span class='ocrx_word' id='word_1_492' title='bbox 565 3447 633 3501; x_wconf 77' lang='grc' dir='ltr'>ὀ</span> <span class='ocrx_word' id='word_1_493' title='bbox 661 3446 770 3516; x_wconf 89' lang='grc' dir='ltr'><strong>γάρ</strong></span> <span class='ocrx_word' id='word_1_494' title='bbox 815 3445 1052 3518; x_wconf 76' lang='grc' dir='ltr'>ἠθέλησε</span> <span class='ocrx_word' id='word_1_495' title='bbox 1104 3446 1237 3518; x_wconf 78' lang='grc' dir='ltr'>δρᾷν</span> <span class='ocrx_word' id='word_1_496' title='bbox 1287 3446 1657 3518; x_wconf 76' lang='grc' dir='ltr'>είςέτέρους,</span> <span class='ocrx_word' id='word_1_497' title='bbox 1691 3446 1853 3501; x_wconf 80' lang='grc' dir='ltr'>πάθοι</span> 
     </span>
    </p>
   </div>
   <div class='ocr_carea' id='block_1_67' title="bbox 282 3536 1103 3608">
    <p class='ocr_par' dir='ltr' id='par_1_67' title="bbox 282 3536 1103 3608">
     <span class='ocr_line' id='line_1_67' title="bbox 282 3536 1103 3608; baseline 0.001 -17"><span class='ocrx_word' id='word_1_498' title='bbox 282 3537 345 3591; x_wconf 79' lang='grc' dir='ltr'>ἂν</span> <span class='ocrx_word' id='word_1_499' title='bbox 365 3536 530 3594; x_wconf 73' lang='grc' dir='ltr'>αὐτὸς</span> <span class='ocrx_word' id='word_1_500' title='bbox 552 3538 645 3591; x_wconf 59' lang='grc' dir='ltr'><strong>καὶ⁵</strong></span> <span class='ocrx_word' id='word_1_501' title='bbox 684 3538 826 3608; x_wconf 85' lang='grc' dir='ltr'>μάλα</span> <span class='ocrx_word' id='word_1_502' title='bbox 855 3537 1103 3601; x_wconf 75' lang='grc' dir='ltr'>εἰκότως.</span> 
     </span>
    </p>
   </div>
   <div class='ocr_carea' id='block_1_68' title="bbox 352 3628 1856 3702">
    <p class='ocr_par' dir='ltr' id='par_1_68' title="bbox 352 3628 1856 3702">
     <span class='ocr_line' id='line_1_68' title="bbox 352 3628 1856 3702; baseline -0.001 -19"><span class='ocrx_word' id='word_1_503' title='bbox 352 3629 561 3684; x_wconf 79' lang='grc' dir='ltr'>ΠΑΛΔ.</span> <span class='ocrx_word' id='word_1_504' title='bbox 615 3629 702 3694; x_wconf 85' lang='grc' dir='ltr'>Ὠς</span> <span class='ocrx_word' id='word_1_505' title='bbox 728 3629 965 3702; x_wconf 82' lang='grc' dir='ltr'>ὀλέθριόν</span> <span class='ocrx_word' id='word_1_506' title='bbox 991 3647 1048 3684; x_wconf 90' lang='grc' dir='ltr'><strong>τε</strong></span> <span class='ocrx_word' id='word_1_507' title='bbox 1078 3628 1172 3683; x_wconf 76' lang='grc' dir='ltr'>καὶ</span> <span class='ocrx_word' id='word_1_508' title='bbox 1201 3629 1480 3683; x_wconf 72' lang='grc' dir='ltr'>πάνδεινον</span> <span class='ocrx_word' id='word_1_509' title='bbox 1509 3628 1723 3700; x_wconf 87' lang='grc' dir='ltr'>ἀληθῶς</span> <span class='ocrx_word' id='word_1_510' title='bbox 1748 3629 1856 3682; x_wconf 90' lang='grc' dir='ltr'><strong>τῶν</strong></span> 
     </span>
    </p>
   </div>
   <div class='ocr_carea' id='block_1_69' title="bbox 282 3714 1855 3794">
    <p class='ocr_par' dir='ltr' id='par_1_69' title="bbox 282 3714 1855 3794">
     <span class='ocr_line' id='line_1_69' title="bbox 282 3714 1855 3794; baseline -0.001 -20"><span class='ocrx_word' id='word_1_511' title='bbox 282 3721 531 3788; x_wconf 74' lang='grc' dir='ltr'>φενάκων</span> <span class='ocrx_word' id='word_1_512' title='bbox 574 3720 637 3774; x_wconf 81' lang='grc' dir='ltr'>τὸ</span> <span class='ocrx_word' id='word_1_513' title='bbox 680 3721 888 3792; x_wconf 80' lang='grc' dir='ltr'>χρῆμα,</span> <span class='ocrx_word' id='word_1_514' title='bbox 930 3721 1059 3794; x_wconf 79' lang='grc' dir='ltr'>περὶ</span> <span class='ocrx_word' id='word_1_515' title='bbox 1083 3714 1157 3775; x_wconf 83' lang='grc' dir='ltr'>ὧν</span> <span class='ocrx_word' id='word_1_516' title='bbox 1185 3717 1339 3792; x_wconf 77' lang='grc' dir='ltr'>οἶμαί</span> <span class='ocrx_word' id='word_1_517' title='bbox 1384 3738 1485 3774; x_wconf 84' lang='grc' dir='ltr'><strong>που</strong></span> <span class='ocrx_word' id='word_1_518' title='bbox 1533 3720 1627 3774; x_wconf 78' lang='grc' dir='ltr'>καὶ</span> <span class='ocrx_word' id='word_1_519' title='bbox 1692 3719 1855 3774; x_wconf 78' lang='grc' dir='ltr'>αὐτὸν</span> 
     </span>
    </p>
   </div>
   <div class='ocr_carea' id='block_1_70' title="bbox 281 3806 1859 3882">
    <p class='ocr_par' dir='ltr' id='par_1_70' title="bbox 281 3806 1859 3882">
     <span class='ocr_line' id='line_1_70' title="bbox 281 3806 1859 3882; baseline 0.003 -25"><span class='ocrx_word' id='word_1_520' title='bbox 281 3806 688 3878; x_wconf 77' lang='grc' dir='ltr'>προαγορεῦσαι</span> <span class='ocrx_word' id='word_1_521' title='bbox 722 3808 984 3879; x_wconf 86' lang='grc' dir='ltr'>Χριστόν·</span> <span class='ocrx_word' id='word_1_522' title='bbox 1022 3828 1042 3861; x_wconf 73' lang='grc' dir='ltr'>ι</span> <span class='ocrx_word' id='word_1_523' title='bbox 1085 3809 1389 3881; x_wconf 86' lang='grc' dir='ltr'>Προσέχετε</span> <span class='ocrx_word' id='word_1_524' title='bbox 1419 3809 1529 3863; x_wconf 80' lang='grc' dir='ltr'>ἀπὸ</span> <span class='ocrx_word' id='word_1_525' title='bbox 1562 3809 1673 3862; x_wconf 85' lang='grc' dir='ltr'><strong>τῶν</strong></span> <span class='ocrx_word' id='word_1_526' title='bbox 1702 3811 1859 3882; x_wconf 78' lang='grc' dir='ltr'>ἐρχο-</span> 
     </span>
    </p>
   </div>
   <div class='ocr_carea' id='block_1_71' title="bbox 285 3900 1856 3974">
    <p class='ocr_par' dir='ltr' id='par_1_71' title="bbox 285 3900 1856 3974">
     <span class='ocr_line' id='line_1_71' title="bbox 285 3900 1856 3974; baseline 0.001 -19"><span class='ocrx_word' id='word_1_527' title='bbox 285 3900 462 3970; x_wconf 84' lang='grc' dir='ltr'>μένων</span> <span class='ocrx_word' id='word_1_528' title='bbox 496 3901 633 3972; x_wconf 85' lang='grc' dir='ltr'>πρὸς</span> <span class='ocrx_word' id='word_1_529' title='bbox 660 3902 805 3973; x_wconf 80' lang='grc' dir='ltr'>ὑμᾶς</span> <span class='ocrx_word' id='word_1_530' title='bbox 841 3903 898 3956; x_wconf 76' lang='grc' dir='ltr'><strong>ἐν</strong></span> <span class='ocrx_word' id='word_1_531' title='bbox 929 3901 1186 3974; x_wconf 74' lang='grc' dir='ltr'>ἐνδύμασι</span> <span class='ocrx_word' id='word_1_532' title='bbox 1222 3901 1529 3974; x_wconf 80' lang='grc' dir='ltr'>προὸἀτων,</span> <span class='ocrx_word' id='word_1_533' title='bbox 1560 3901 1761 3956; x_wconf 79' lang='grc' dir='ltr'>ἔσωθεν</span> <span class='ocrx_word' id='word_1_534' title='bbox 1799 3903 1856 3956; x_wconf 88' lang='grc' dir='ltr'><strong>δέ</strong></span> 
     </span>
    </p>
   </div>
   <div class='ocr_carea' id='block_1_72' title="bbox 283 3991 925 4065">
    <p class='ocr_par' dir='ltr' id='par_1_72' title="bbox 283 3991 925 4065">
     <span class='ocr_line' id='line_1_72' title="bbox 283 3991 925 4065; baseline 0.003 -21"><span class='ocrx_word' id='word_1_535' title='bbox 283 3994 386 4045; x_wconf 83' lang='grc' dir='ltr'>είσι</span> <span class='ocrx_word' id='word_1_536' title='bbox 414 3991 570 4046; x_wconf 81' lang='grc' dir='ltr'>λύκοι</span> <span class='ocrx_word' id='word_1_537' title='bbox 598 3993 865 4065; x_wconf 74' lang='grc' dir='ltr'>ἅρπαγες.</span> <span class='ocrx_word' id='word_1_538' title='bbox 906 4012 925 4046; x_wconf 76' lang='grc' dir='ltr'>ι</span> 
     </span>
    </p>
   </div>
   <div class='ocr_carea' id='block_1_73' title="bbox 349 4077 1857 4154">
    <p class='ocr_par' dir='ltr' id='par_1_73' title="bbox 349 4077 1857 4154">
     <span class='ocr_line' id='line_1_73' title="bbox 349 4077 1857 4154; baseline 0.001 -19"><span class='ocrx_word' id='word_1_539' title='bbox 349 4082 514 4136; x_wconf 77' lang='grc' dir='ltr'>ΚΥΡ.</span> <span class='ocrx_word' id='word_1_540' title='bbox 569 4081 775 4152; x_wconf 85' lang='grc' dir='ltr'>Ὀρθῶς</span> <span class='ocrx_word' id='word_1_541' title='bbox 820 4077 911 4137; x_wconf 81' lang='grc' dir='ltr'><strong>οῦν</strong></span> <span class='ocrx_word' id='word_1_542' title='bbox 947 4084 975 4136; x_wconf 91' lang='lat'><strong>6</strong></span> <span class='ocrx_word' id='word_1_543' title='bbox 1001 4082 1165 4153; x_wconf 89' lang='grc' dir='ltr'>νόμος</span> <span class='ocrx_word' id='word_1_544' title='bbox 1191 4082 1267 4145; x_wconf 82' lang='grc' dir='ltr'><strong>ὡς</strong></span> <span class='ocrx_word' id='word_1_545' title='bbox 1300 4082 1482 4154; x_wconf 84' lang='grc' dir='ltr'>θηρῶν</span> <span class='ocrx_word' id='word_1_546' title='bbox 1528 4082 1754 4153; x_wconf 84' lang='grc' dir='ltr'>ἀγρίων,</span> <span class='ocrx_word' id='word_1_547' title='bbox 1795 4083 1857 4137; x_wconf 83' lang='grc' dir='ltr'>τὸ</span> 
     </span>
    </p>
   </div>
   <div class='ocr_carea' id='block_1_74' title="bbox 284 4170 1857 4241">
    <p class='ocr_par' dir='ltr' id='par_1_74' title="bbox 284 4170 1857 4241">
     <span class='ocr_line' id='line_1_74' title="bbox 284 4170 1857 4241; baseline 0.002 -19"><span class='ocrx_word' id='word_1_548' title='bbox 284 4171 600 4226; x_wconf 77' lang='grc' dir='ltr'>ἐκτεθνάναι</span> <span class='ocrx_word' id='word_1_549' title='bbox 633 4172 744 4225; x_wconf 86' lang='grc' dir='ltr'>δεῖν</span> <span class='ocrx_word' id='word_1_550' title='bbox 788 4172 986 4234; x_wconf 78' lang='grc' dir='ltr'>παντὸς</span> <span class='ocrx_word' id='word_1_551' title='bbox 1019 4170 1224 4224; x_wconf 80' lang='grc' dir='ltr'>τοιοῦδε</span> <span class='ocrx_word' id='word_1_552' title='bbox 1268 4170 1723 4241; x_wconf 75' lang='grc' dir='ltr'>καταψηφίζεται.</span> <span class='ocrx_word' id='word_1_553' title='bbox 1757 4172 1857 4225; x_wconf 85' lang='grc' dir='ltr'><strong>Γέ-</strong></span> 
     </span>
    </p>
   </div>
   <div class='ocr_carea' id='block_1_75' title="bbox 283 4259 1858 4332">
    <p class='ocr_par' dir='ltr' id='par_1_75' title="bbox 283 4259 1858 4332">
     <span class='ocr_line' id='line_1_75' title="bbox 283 4259 1858 4332; baseline -0.001 -19"><span class='ocrx_word' id='word_1_554' title='bbox 283 4275 524 4329; x_wconf 83' lang='grc' dir='ltr'>γραπται</span> <span class='ocrx_word' id='word_1_555' title='bbox 551 4259 660 4330; x_wconf 78' lang='grc' dir='ltr'><strong>γάρ</strong></span> <span class='ocrx_word' id='word_1_556' title='bbox 697 4260 755 4314; x_wconf 84' lang='grc' dir='ltr'><strong>ἐν</strong></span> <span class='ocrx_word' id='word_1_557' title='bbox 788 4259 887 4330; x_wconf 84' lang='grc' dir='ltr'>μὲν</span> <span class='ocrx_word' id='word_1_558' title='bbox 939 4262 1006 4331; x_wconf 80' lang='grc' dir='ltr'><strong>τῇ</strong></span> <span class='ocrx_word' id='word_1_559' title='bbox 1069 4259 1295 4330; x_wconf 77' lang='grc' dir='ltr'>Ἐξόδῳ·</span> <span class='ocrx_word' id='word_1_560' title='bbox 1338 4277 1358 4310; x_wconf 70' lang='grc' dir='ltr'>ι</span> <span class='ocrx_word' id='word_1_561' title='bbox 1409 4259 1534 4312; x_wconf 83' lang='grc' dir='ltr'>Ἐἀν</span> <span class='ocrx_word' id='word_1_562' title='bbox 1574 4259 1747 4332; x_wconf 70' lang='grc' dir='ltr'>κλέψῃ</span> <span class='ocrx_word' id='word_1_563' title='bbox 1775 4260 1858 4323; x_wconf 89' lang='grc' dir='ltr'><strong>τίς</strong></span> 
     </span>
    </p>
   </div>
   <div class='ocr_carea' id='block_1_76' title="bbox 281 4348 1859 4422">
    <p class='ocr_par' dir='ltr' id='par_1_76' title="bbox 281 4348 1859 4422">
     <span class='ocr_line' id='line_1_76' title="bbox 281 4348 1859 4422; baseline 0.001 -20"><span class='ocrx_word' id='word_1_564' title='bbox 281 4366 402 4406; x_wconf 85' lang='grc' dir='ltr'>τινα</span> <span class='ocrx_word' id='word_1_565' title='bbox 427 4350 539 4404; x_wconf 87' lang='grc' dir='ltr'><strong>τῶν</strong></span> <span class='ocrx_word' id='word_1_566' title='bbox 572 4350 707 4405; x_wconf 79' lang='grc' dir='ltr'>υἱῶν</span> <span class='ocrx_word' id='word_1_567' title='bbox 749 4350 984 4422; x_wconf 83' lang='grc' dir='ltr'>Ἰσραὴλ,</span> <span class='ocrx_word' id='word_1_568' title='bbox 1014 4350 1110 4404; x_wconf 75' lang='grc' dir='ltr'>καὶ</span> <span class='ocrx_word' id='word_1_569' title='bbox 1145 4348 1653 4413; x_wconf 88' lang='grc' dir='ltr'>καταδυναστεύσας</span> <span class='ocrx_word' id='word_1_570' title='bbox 1696 4350 1859 4404; x_wconf 83' lang='grc' dir='ltr'>αὐτὸν</span> 
     </span>
    </p>
   </div>
   <div class='ocr_carea' id='block_1_77' title="bbox 282 4440 1848 4512">
    <p class='ocr_par' dir='ltr' id='par_1_77' title="bbox 282 4440 1848 4512">
     <span class='ocr_line' id='line_1_77' title="bbox 282 4440 1848 4512; baseline -0.001 -17"><span class='ocrx_word' id='word_1_571' title='bbox 282 4441 579 4507; x_wconf 78' lang='grc' dir='ltr'>ἀποδῶται,</span> <span class='ocrx_word' id='word_1_572' title='bbox 613 4444 709 4495; x_wconf 78' lang='grc' dir='ltr'>καὶ</span> <span class='ocrx_word' id='word_1_573' title='bbox 732 4440 928 4512; x_wconf 79' lang='grc' dir='ltr'>εὑρεθῇ</span> <span class='ocrx_word' id='word_1_574' title='bbox 959 4443 1017 4495; x_wconf 81' lang='grc' dir='ltr'><strong>ἐν</strong></span> <span class='ocrx_word' id='word_1_575' title='bbox 1051 4440 1221 4511; x_wconf 82' lang='grc' dir='ltr'>αὐτῷ,</span> <span class='ocrx_word' id='word_1_576' title='bbox 1256 4441 1469 4512; x_wconf 84' lang='grc' dir='ltr'>θανάτῳ</span> <span class='ocrx_word' id='word_1_577' title='bbox 1494 4440 1848 4495; x_wconf 76' lang='grc' dir='ltr'>τελευτάτω.»</span> 
     </span>
    </p>
   </div>
   <div class='ocr_carea' id='block_1_78' title="bbox 293 4532 1858 4604">
    <p class='ocr_par' dir='ltr' id='par_1_78' title="bbox 293 4532 1858 4604">
     <span class='ocr_line' id='line_1_78' title="bbox 293 4532 1858 4604; baseline 0.001 -18"><span class='ocrx_word' id='word_1_578' title='bbox 293 4532 380 4586; x_wconf 88' lang='grc' dir='ltr'>Ἐν</span> <span class='ocrx_word' id='word_1_579' title='bbox 435 4532 496 4586; x_wconf 83' lang='grc' dir='ltr'><strong>δέ</strong></span> <span class='ocrx_word' id='word_1_580' title='bbox 543 4550 608 4601; x_wconf 86' lang='grc' dir='ltr'><strong>γε</strong></span> <span class='ocrx_word' id='word_1_581' title='bbox 663 4532 741 4603; x_wconf 79' lang='grc' dir='ltr'>τῷ</span> <span class='ocrx_word' id='word_1_582' title='bbox 789 4532 1219 4604; x_wconf 81' lang='grc' dir='ltr'>Δευτερονομίῳ·</span> <span class='ocrx_word' id='word_1_583' title='bbox 1267 4551 1286 4584; x_wconf 77' lang='grc' dir='ltr'>ι</span> <span class='ocrx_word' id='word_1_584' title='bbox 1347 4532 1472 4586; x_wconf 85' lang='grc' dir='ltr'>Ἐάν</span> <span class='ocrx_word' id='word_1_585' title='bbox 1514 4533 1573 4586; x_wconf 87' lang='grc' dir='ltr'>δὲ</span> <span class='ocrx_word' id='word_1_586' title='bbox 1614 4532 1727 4602; x_wconf 83' lang='grc' dir='ltr'><strong>ἁλῷ</strong></span> <span class='ocrx_word' id='word_1_587' title='bbox 1765 4533 1858 4587; x_wconf 62' lang='grc' dir='ltr'><strong>ἄν»</strong></span> 
     </span>
    </p>
   </div>
   <div class='ocr_carea' id='block_1_79' title="bbox 280 4624 1858 4698">
    <p class='ocr_par' dir='ltr' id='par_1_79' title="bbox 280 4624 1858 4698">
     <span class='ocr_line' id='line_1_79' title="bbox 280 4624 1858 4698; baseline 0.001 -21"><span class='ocrx_word' id='word_1_588' title='bbox 280 4625 500 4698; x_wconf 87' lang='grc' dir='ltr'>θρωπος</span> <span class='ocrx_word' id='word_1_589' title='bbox 539 4625 788 4679; x_wconf 83' lang='grc' dir='ltr'>κλέπτων</span> <span class='ocrx_word' id='word_1_590' title='bbox 817 4625 996 4696; x_wconf 80' lang='grc' dir='ltr'>ψυχὴν</span> <span class='ocrx_word' id='word_1_591' title='bbox 1025 4626 1090 4679; x_wconf 83' lang='grc' dir='ltr'>ὲκ</span> <span class='ocrx_word' id='word_1_592' title='bbox 1117 4624 1224 4679; x_wconf 88' lang='grc' dir='ltr'><strong>τῶν</strong></span> <span class='ocrx_word' id='word_1_593' title='bbox 1253 4624 1497 4693; x_wconf 86' lang='grc' dir='ltr'>ἀδελφῶν</span> <span class='ocrx_word' id='word_1_594' title='bbox 1530 4625 1716 4690; x_wconf 82' lang='grc' dir='ltr'>αὐτοῦ,</span> <span class='ocrx_word' id='word_1_595' title='bbox 1748 4624 1858 4678; x_wconf 88' lang='grc' dir='ltr'><strong>τῶν</strong></span> 
     </span>
    </p>
   </div>
   <div class='ocr_carea' id='block_1_80' title="bbox 279 4715 1856 4791">
    <p class='ocr_par' dir='ltr' id='par_1_80' title="bbox 279 4715 1856 4791">
     <span class='ocr_line' id='line_1_80' title="bbox 279 4715 1856 4791; baseline -0.002 -19"><span class='ocrx_word' id='word_1_596' title='bbox 279 4718 411 4773; x_wconf 68' lang='grc' dir='ltr'>υἱῶν</span> <span class='ocrx_word' id='word_1_597' title='bbox 459 4718 697 4791; x_wconf 81' lang='grc' dir='ltr'>Ἰσραὴλ,</span> <span class='ocrx_word' id='word_1_598' title='bbox 722 4717 817 4771; x_wconf 60' lang='grc' dir='ltr'><strong>καὶ¹</strong></span> <span class='ocrx_word' id='word_1_599' title='bbox 840 4716 1345 4780; x_wconf 85' lang='grc' dir='ltr'>καταδυναστεύσας</span> <span class='ocrx_word' id='word_1_600' title='bbox 1374 4716 1536 4771; x_wconf 80' lang='grc' dir='ltr'>αὐτὸν</span> <span class='ocrx_word' id='word_1_601' title='bbox 1562 4715 1856 4781; x_wconf 87' lang='grc' dir='ltr'>ἀποδῶται,</span> 
     </span>
    </p>
   </div>
   <div class='ocr_carea' id='block_1_81' title="bbox 280 4807 1858 4879">
    <p class='ocr_par' dir='ltr' id='par_1_81' title="bbox 280 4807 1858 4879">
     <span class='ocr_line' id='line_1_81' title="bbox 280 4807 1858 4879; baseline -0.003 -16"><span class='ocrx_word' id='word_1_602' title='bbox 280 4809 633 4864; x_wconf 80' lang='grc' dir='ltr'>ἀποθανεῖται</span> <span class='ocrx_word' id='word_1_603' title='bbox 666 4809 694 4862; x_wconf 88' lang='lat'><strong>6</strong></span> <span class='ocrx_word' id='word_1_604' title='bbox 741 4807 981 4878; x_wconf 83' lang='grc' dir='ltr'>κλέπτης</span> <span class='ocrx_word' id='word_1_605' title='bbox 1016 4809 1240 4871; x_wconf 79' lang='grc' dir='ltr'>ἐκεῖνος.</span> <span class='ocrx_word' id='word_1_606' title='bbox 1279 4826 1299 4862; x_wconf 76' lang='grc' dir='ltr'>ι</span> <span class='ocrx_word' id='word_1_607' title='bbox 1336 4808 1411 4861; x_wconf 77' lang='grc' dir='ltr'><strong>Οὐ</strong></span> <span class='ocrx_word' id='word_1_608' title='bbox 1451 4807 1560 4879; x_wconf 85' lang='grc' dir='ltr'><strong>γάρ</strong></span> <span class='ocrx_word' id='word_1_609' title='bbox 1591 4825 1672 4861; x_wconf 88' lang='grc' dir='ltr'><strong>τοι</strong></span> <span class='ocrx_word' id='word_1_610' title='bbox 1701 4808 1858 4878; x_wconf 88' lang='grc' dir='ltr'>θέμις</span> 
     </span>
    </p>
   </div>
   <div class='ocr_carea' id='block_1_82' title="bbox 279 4896 1860 4972">
    <p class='ocr_par' dir='ltr' id='par_1_82' title="bbox 279 4896 1860 4972">
     <span class='ocr_line' id='line_1_82' title="bbox 279 4896 1860 4972; baseline -0.001 -21"><span class='ocrx_word' id='word_1_611' title='bbox 279 4900 338 4952; x_wconf 72' lang='grc' dir='ltr'><strong>τὺ</strong></span> <span class='ocrx_word' id='word_1_612' title='bbox 364 4898 510 4972; x_wconf 74' lang='grc' dir='ltr'>ἱερὸν</span> <span class='ocrx_word' id='word_1_613' title='bbox 538 4900 596 4952; x_wconf 86' lang='grc' dir='ltr'><strong>ἐν</strong></span> <span class='ocrx_word' id='word_1_614' title='bbox 630 4898 854 4972; x_wconf 83' lang='grc' dir='ltr'>Χριστῷ</span> <span class='ocrx_word' id='word_1_615' title='bbox 883 4896 1285 4969; x_wconf 83' lang='grc' dir='ltr'>καταδῃοῦσθαι</span> <span class='ocrx_word' id='word_1_616' title='bbox 1308 4897 1481 4966; x_wconf 89' lang='grc' dir='ltr'>γένος,</span> <span class='ocrx_word' id='word_1_617' title='bbox 1505 4898 1601 4951; x_wconf 79' lang='grc' dir='ltr'>καὶ</span> <span class='ocrx_word' id='word_1_618' title='bbox 1630 4898 1710 4961; x_wconf 87' lang='grc' dir='ltr'><strong>είς</strong></span> <span class='ocrx_word' id='word_1_619' title='bbox 1738 4898 1860 4950; x_wconf 84' lang='grc' dir='ltr'>δου-</span> 
     </span>
    </p>
   </div>
   <div class='ocr_carea' id='block_1_83' title="bbox 279 4990 1856 5064">
    <p class='ocr_par' dir='ltr' id='par_1_83' title="bbox 279 4990 1856 5064">
     <span class='ocr_line' id='line_1_83' title="bbox 279 4990 1856 5064; baseline 0 -20"><span class='ocrx_word' id='word_1_620' title='bbox 279 4991 427 5046; x_wconf 84' lang='grc' dir='ltr'>λείαν</span> <span class='ocrx_word' id='word_1_621' title='bbox 453 4993 555 5046; x_wconf 79' lang='grc' dir='ltr'>οὐκ</span> <span class='ocrx_word' id='word_1_622' title='bbox 587 4994 809 5064; x_wconf 81' lang='grc' dir='ltr'>ἐντριδῆ</span> <span class='ocrx_word' id='word_1_623' title='bbox 846 4990 1311 5063; x_wconf 83' lang='grc' dir='ltr'>κατακομίζεσθαί</span> <span class='ocrx_word' id='word_1_624' title='bbox 1354 5009 1444 5045; x_wconf 90' lang='grc' dir='ltr'><strong>ποι</strong></span> <span class='ocrx_word' id='word_1_625' title='bbox 1472 4991 1626 5061; x_wconf 85' lang='grc' dir='ltr'>παρά</span> <span class='ocrx_word' id='word_1_626' title='bbox 1656 5007 1720 5060; x_wconf 88' lang='grc' dir='ltr'><strong>γε</strong></span> <span class='ocrx_word' id='word_1_627' title='bbox 1745 4990 1856 5045; x_wconf 87' lang='grc' dir='ltr'><strong>τῶν</strong></span> 
     </span>
    </p>
   </div>
   <div class='ocr_carea' id='block_1_84' title="bbox 277 5081 1857 5155">
    <p class='ocr_par' dir='ltr' id='par_1_84' title="bbox 277 5081 1857 5155">
     <span class='ocr_line' id='line_1_84' title="bbox 277 5081 1857 5155; baseline 0.002 -20"><span class='ocrx_word' id='word_1_628' title='bbox 277 5081 438 5136; x_wconf 88' lang='grc' dir='ltr'>τοῦτο</span> <span class='ocrx_word' id='word_1_629' title='bbox 480 5082 617 5155; x_wconf 80' lang='grc' dir='ltr'>δρᾷν</span> <span class='ocrx_word' id='word_1_630' title='bbox 659 5082 961 5138; x_wconf 70' lang='grc' dir='ltr'>εἰωθότων·</span> <span class='ocrx_word' id='word_1_631' title='bbox 1017 5083 1207 5153; x_wconf 84' lang='grc' dir='ltr'>ὥσπερ</span> <span class='ocrx_word' id='word_1_632' title='bbox 1263 5084 1371 5153; x_wconf 86' lang='grc' dir='ltr'><strong>γὰρ</strong></span> <span class='ocrx_word' id='word_1_633' title='bbox 1413 5084 1462 5136; x_wconf 70' lang='lat' dir='ltr'><strong>oi</strong></span> <span class='ocrx_word' id='word_1_634' title='bbox 1495 5083 1563 5137; x_wconf 82' lang='grc' dir='ltr'><strong>τά</strong></span> <span class='ocrx_word' id='word_1_635' title='bbox 1597 5083 1857 5155; x_wconf 84' lang='grc' dir='ltr'>μειράκια</span> 
     </span>
    </p>
   </div>
   <div class='ocr_carea' id='block_1_85' title="bbox 280 5171 1853 5245">
    <p class='ocr_par' dir='ltr' id='par_1_85' title="bbox 280 5171 1853 5245">
     <span class='ocr_line' id='line_1_85' title="bbox 280 5171 1853 5245; baseline 0.003 -19"><span class='ocrx_word' id='word_1_636' title='bbox 280 5171 684 5239; x_wconf 81' lang='grc' dir='ltr'>φενακίζοντες,</span> <span class='ocrx_word' id='word_1_637' title='bbox 724 5172 933 5238; x_wconf 84' lang='grc' dir='ltr'>πόλεώς</span> <span class='ocrx_word' id='word_1_638' title='bbox 971 5191 1032 5227; x_wconf 86' lang='grc' dir='ltr'><strong>τε</strong></span> <span class='ocrx_word' id='word_1_639' title='bbox 1063 5175 1159 5228; x_wconf 76' lang='grc' dir='ltr'>καὶ</span> <span class='ocrx_word' id='word_1_640' title='bbox 1193 5174 1380 5229; x_wconf 88' lang='grc' dir='ltr'>οἰκιῶν</span> <span class='ocrx_word' id='word_1_641' title='bbox 1409 5175 1853 5245; x_wconf 81' lang='grc' dir='ltr'>ἀπονοσφίζουσι,</span> 
     </span>
    </p>
   </div>
   <div class='ocr_carea' id='block_1_86' title="bbox 281 5263 1853 5340">
    <p class='ocr_par' dir='ltr' id='par_1_86' title="bbox 281 5263 1853 5340">
     <span class='ocr_line' id='line_1_86' title="bbox 281 5263 1853 5340; baseline 0.006 -26"><span class='ocrx_word' id='word_1_642' title='bbox 281 5264 374 5316; x_wconf 81' lang='grc' dir='ltr'>καὶ</span> <span class='ocrx_word' id='word_1_643' title='bbox 417 5263 752 5335; x_wconf 79' lang='grc' dir='ltr'>αὐχημάτων</span> <span class='ocrx_word' id='word_1_644' title='bbox 798 5265 939 5321; x_wconf 83' lang='grc' dir='ltr'><strong>αύτά</strong></span> <span class='ocrx_word' id='word_1_645' title='bbox 963 5265 1074 5319; x_wconf 86' lang='grc' dir='ltr'><strong>τῶν</strong></span> <span class='ocrx_word' id='word_1_646' title='bbox 1115 5264 1416 5337; x_wconf 81' lang='grc' dir='ltr'>ἐλευθέρων</span> <span class='ocrx_word' id='word_1_647' title='bbox 1456 5267 1853 5340; x_wconf 86' lang='grc' dir='ltr'>ἐκπέμποντες,</span> 
     </span>
    </p>
   </div>
   <div class='ocr_carea' id='block_1_87' title="bbox 280 5354 1857 5430">
    <p class='ocr_par' dir='ltr' id='par_1_87' title="bbox 280 5354 1857 5430">
     <span class='ocr_line' id='line_1_87' title="bbox 280 5354 1857 5430; baseline 0.004 -24"><span class='ocrx_word' id='word_1_648' title='bbox 280 5355 391 5416; x_wconf 73' lang='grc' dir='ltr'>τοῖς</span> <span class='ocrx_word' id='word_1_649' title='bbox 419 5354 519 5424; x_wconf 82' lang='grc' dir='ltr'>τῆς</span> <span class='ocrx_word' id='word_1_650' title='bbox 550 5356 854 5426; x_wconf 86' lang='grc' dir='ltr'>ἀναγκαίας</span> <span class='ocrx_word' id='word_1_651' title='bbox 884 5356 1127 5422; x_wconf 89' lang='grc' dir='ltr'>δουλείας</span> <span class='ocrx_word' id='word_1_652' title='bbox 1165 5357 1495 5430; x_wconf 81' lang='grc' dir='ltr'>ὑποφέρουσι</span> <span class='ocrx_word' id='word_1_653' title='bbox 1530 5358 1736 5428; x_wconf 69' lang='grc' dir='ltr'>ζυγοῖς*</span> <span class='ocrx_word' id='word_1_654' title='bbox 1768 5359 1857 5414; x_wconf 84' lang='grc' dir='ltr'>τὸν</span> 
     </span>
    </p>
   </div>
   <div class='ocr_carea' id='block_1_88' title="bbox 282 5443 1851 5522">
    <p class='ocr_par' dir='ltr' id='par_1_88' title="bbox 282 5443 1851 5522">
     <span class='ocr_line' id='line_1_88' title="bbox 282 5443 1851 5522; baseline 0.007 -27"><span class='ocrx_word' id='word_1_655' title='bbox 282 5443 461 5508; x_wconf 78' lang='grc' dir='ltr'>αὐτὸν,</span> <span class='ocrx_word' id='word_1_656' title='bbox 478 5445 656 5517; x_wconf 82' lang='grc' dir='ltr'>οἶμαι,</span> <span class='ocrx_word' id='word_1_657' title='bbox 680 5449 903 5518; x_wconf 87' lang='grc' dir='ltr'>τρόπον,</span> <span class='ocrx_word' id='word_1_658' title='bbox 934 5450 983 5503; x_wconf 88' lang='grc' dir='ltr'>οἱ</span> <span class='ocrx_word' id='word_1_659' title='bbox 999 5451 1124 5513; x_wconf 85' lang='grc' dir='ltr'>τοὺς</span> <span class='ocrx_word' id='word_1_660' title='bbox 1148 5448 1282 5520; x_wconf 87' lang='grc' dir='ltr'><strong>όρθά</strong></span> <span class='ocrx_word' id='word_1_661' title='bbox 1301 5453 1517 5520; x_wconf 85' lang='grc' dir='ltr'>φρονεῖν</span> <span class='ocrx_word' id='word_1_662' title='bbox 1542 5452 1851 5522; x_wconf 79' lang='grc' dir='ltr'>ἑλομένους,</span> 
     </span>
    </p>
   </div>
   <div class='ocr_carea' id='block_1_89' title="bbox 283 5533 1851 5612">
    <p class='ocr_par' dir='ltr' id='par_1_89' title="bbox 283 5533 1851 5612">
     <span class='ocr_line' id='line_1_89' title="bbox 283 5533 1851 5612; baseline 0.008 -27"><span class='ocrx_word' id='word_1_663' title='bbox 283 5533 375 5587; x_wconf 70' lang='grc' dir='ltr'>καὶ</span> <span class='ocrx_word' id='word_1_664' title='bbox 401 5533 492 5588; x_wconf 77' lang='grc' dir='ltr'><strong>τὸν</strong></span> <span class='ocrx_word' id='word_1_665' title='bbox 520 5536 825 5610; x_wconf 83' lang='grc' dir='ltr'>ἐλευθέροις</span> <span class='ocrx_word' id='word_1_666' title='bbox 856 5540 1135 5610; x_wconf 84' lang='grc' dir='ltr'>πρέποντα</span> <span class='ocrx_word' id='word_1_667' title='bbox 1159 5539 1264 5608; x_wconf 84' lang='grc' dir='ltr'>βίον</span> <span class='ocrx_word' id='word_1_668' title='bbox 1295 5541 1727 5612; x_wconf 77' lang='grc' dir='ltr'>ἐπιτηδεύοντας,</span> <span class='ocrx_word' id='word_1_669' title='bbox 1759 5545 1851 5597; x_wconf 81' lang='grc' dir='ltr'>ἐπὶ</span> 
     </span>
    </p>
   </div>
   <div class='ocr_carea' id='block_1_90' title="bbox 1955 3168 3537 3242">
    <p class='ocr_par' dir='ltr' id='par_1_90' title="bbox 1955 3168 3537 3242">
     <span class='ocr_line' id='line_1_90' title="bbox 1955 3168 3537 3242; baseline 0.002 -20"><span class='ocrx_word' id='word_1_670' title='bbox 1955 3185 2034 3233; x_wconf 89' lang='lat' dir='ltr'><strong>se,</strong></span> <span class='ocrx_word' id='word_1_671' title='bbox 2077 3168 2306 3238; x_wconf 87' lang='lat' dir='ltr'><strong>duplum</strong></span> <span class='ocrx_word' id='word_1_672' title='bbox 2348 3171 2662 3239; x_wconf 88' lang='lat' dir='ltr'><strong>persolvet:</strong></span> <span class='ocrx_word' id='word_1_673' title='bbox 2694 3187 2823 3226; x_wconf 88' lang='lat' dir='ltr'><strong>nam</strong></span> <span class='ocrx_word' id='word_1_674' title='bbox 2886 3171 3142 3227; x_wconf 88' lang='lat' dir='ltr'><strong>dominus</strong></span> <span class='ocrx_word' id='word_1_675' title='bbox 3169 3171 3349 3242; x_wconf 74' lang='lat' dir='ltr'><strong>gregis</strong></span> <span class='ocrx_word' id='word_1_676' title='bbox 3376 3186 3537 3227; x_wconf 91' lang='lat' dir='ltr'><strong>suum</strong></span> 
     </span>
    </p>
   </div>
   <div class='ocr_carea' id='block_1_91' title="bbox 1954 3259 3536 3333">
    <p class='ocr_par' dir='ltr' id='par_1_91' title="bbox 1954 3259 3536 3333">
     <span class='ocr_line' id='line_1_91' title="bbox 1954 3259 3536 3333; baseline 0.003 -22"><span class='ocrx_word' id='word_1_677' title='bbox 1954 3259 2203 3328; x_wconf 87' lang='lat' dir='ltr'><strong>recipiet,</strong></span> <span class='ocrx_word' id='word_1_678' title='bbox 2240 3268 2297 3314; x_wconf 92' lang='lat' dir='ltr'><strong>et</strong></span> <span class='ocrx_word' id='word_1_679' title='bbox 2348 3259 2443 3314; x_wconf 90' lang='lat' dir='ltr'><strong>ille</strong></span> <span class='ocrx_word' id='word_1_680' title='bbox 2482 3275 2706 3329; x_wconf 89' lang='lat' dir='ltr'><strong>quoque</strong></span> <span class='ocrx_word' id='word_1_681' title='bbox 2745 3261 3036 3315; x_wconf 89' lang='lat' dir='ltr'><strong>insidiator</strong></span> <span class='ocrx_word' id='word_1_682' title='bbox 3072 3276 3262 3330; x_wconf 74' lang='lat' dir='ltr'><strong>pmnas</strong></span> <span class='ocrx_word' id='word_1_683' title='bbox 3302 3262 3417 3316; x_wconf 89' lang='lat' dir='ltr'><strong>luet</strong></span> <span class='ocrx_word' id='word_1_684' title='bbox 3460 3260 3536 3333; x_wconf 88' lang='lat' dir='ltr'><strong>(id</strong></span> 
     </span>
    </p>
   </div>
   <div class='ocr_carea' id='block_1_92' title="bbox 1953 3348 3537 3419">
    <p class='ocr_par' dir='ltr' id='par_1_92' title="bbox 1953 3348 3537 3419">
     <span class='ocr_line' id='line_1_92' title="bbox 1953 3348 3537 3419; baseline 0.002 -18"><span class='ocrx_word' id='word_1_685' title='bbox 1953 3348 2101 3402; x_wconf 87' lang='lat' dir='ltr'><strong>enim</strong></span> <span class='ocrx_word' id='word_1_686' title='bbox 2118 3358 2204 3403; x_wconf 88' lang='lat' dir='ltr'><strong>est</strong></span> <span class='ocrx_word' id='word_1_687' title='bbox 2225 3348 2499 3419; x_wconf 88' lang='lat' dir='ltr'><strong>duplum),</strong></span> <span class='ocrx_word' id='word_1_688' title='bbox 2526 3364 2589 3402; x_wconf 89' lang='lat' dir='ltr'><strong>ac</strong></span> <span class='ocrx_word' id='word_1_689' title='bbox 2613 3350 2806 3404; x_wconf 89' lang='lat' dir='ltr'><strong>mortis</strong></span> <span class='ocrx_word' id='word_1_690' title='bbox 2830 3364 2989 3419; x_wconf 85' lang='lat' dir='ltr'><strong>pcena</strong></span> <span class='ocrx_word' id='word_1_691' title='bbox 3014 3349 3356 3403; x_wconf 87' lang='lat' dir='ltr'><strong>multabitur.</strong></span> <span class='ocrx_word' id='word_1_692' title='bbox 3380 3348 3537 3415; x_wconf 85' lang='lat' dir='ltr'><strong>Quod</strong></span> 
     </span>
    </p>
   </div>
   <div class='ocr_carea' id='block_1_93' title="bbox 1953 3439 3536 3511">
    <p class='ocr_par' dir='ltr' id='par_1_93' title="bbox 1953 3439 3536 3511">
     <span class='ocr_line' id='line_1_93' title="bbox 1953 3439 3536 3511; baseline 0.001 -17"><span class='ocrx_word' id='word_1_693' title='bbox 1953 3439 2102 3494; x_wconf 89' lang='lat' dir='ltr'><strong>enim</strong></span> <span class='ocrx_word' id='word_1_694' title='bbox 2134 3439 2256 3495; x_wconf 91' lang='lat' dir='ltr'><strong>aliis</strong></span> <span class='ocrx_word' id='word_1_695' title='bbox 2293 3439 2476 3495; x_wconf 86' lang='lat' dir='ltr'><strong>facere</strong></span> <span class='ocrx_word' id='word_1_696' title='bbox 2515 3439 2717 3506; x_wconf 89' lang='lat' dir='ltr'><strong>voluit,</strong></span> <span class='ocrx_word' id='word_1_697' title='bbox 2759 3439 2814 3495; x_wconf 92' lang='lat' dir='ltr'><strong>id</strong></span> <span class='ocrx_word' id='word_1_698' title='bbox 2847 3440 2964 3510; x_wconf 88' lang='lat' dir='ltr'><strong>ipse</strong></span> <span class='ocrx_word' id='word_1_699' title='bbox 3006 3441 3131 3511; x_wconf 89' lang='lat' dir='ltr'><strong>jure</strong></span> <span class='ocrx_word' id='word_1_700' title='bbox 3175 3440 3384 3510; x_wconf 82' lang='lat' dir='ltr'><strong>Optimo</strong></span> <span class='ocrx_word' id='word_1_701' title='bbox 3437 3456 3536 3511; x_wconf 79' lang='lat' dir='ltr'><strong>pa-</strong></span> 
     </span>
    </p>
   </div>
   <div class='ocr_carea' id='block_1_94' title="bbox 1955 3532 2147 3586">
    <p class='ocr_par' dir='ltr' id='par_1_94' title="bbox 1955 3532 2147 3586">
     <span class='ocr_line' id='line_1_94' title="bbox 1955 3532 2147 3586; baseline -0.005 0"><span class='ocrx_word' id='word_1_702' title='bbox 1955 3532 2147 3586; x_wconf 84' lang='lat' dir='ltr'><strong>tietur.</strong></span> 
     </span>
    </p>
   </div>
   <div class='ocr_carea' id='block_1_95' title="bbox 2026 3622 3535 3697">
    <p class='ocr_par' dir='ltr' id='par_1_95' title="bbox 2026 3622 3535 3697">
     <span class='ocr_line' id='line_1_95' title="bbox 2026 3622 3535 3697; baseline -0.001 -18"><span class='ocrx_word' id='word_1_703' title='bbox 2026 3624 2222 3680; x_wconf 70' lang='lat' dir='ltr'><strong>PALL</strong></span> <span class='ocrx_word' id='word_1_704' title='bbox 2269 3626 2651 3681; x_wconf 89' lang='lat' dir='ltr'><strong>Perniciosum</strong></span> <span class='ocrx_word' id='word_1_705' title='bbox 2675 3640 2806 3681; x_wconf 88' lang='lat' dir='ltr'><strong>sane</strong></span> <span class='ocrx_word' id='word_1_706' title='bbox 2848 3640 2912 3681; x_wconf 89' lang='lat' dir='ltr'><strong>ac</strong></span> <span class='ocrx_word' id='word_1_707' title='bbox 2958 3639 3122 3697; x_wconf 76' lang='lat' dir='ltr'><strong>grave</strong></span> <span class='ocrx_word' id='word_1_708' title='bbox 3143 3630 3228 3679; x_wconf 90' lang='lat' dir='ltr'><strong>est</strong></span> <span class='ocrx_word' id='word_1_709' title='bbox 3272 3622 3535 3693; x_wconf 89' lang='lat' dir='ltr'><strong>decepto-</strong></span> 
     </span>
    </p>
   </div>
   <div class='ocr_carea' id='block_1_96' title="bbox 1956 3713 3534 3790">
    <p class='ocr_par' dir='ltr' id='par_1_96' title="bbox 1956 3713 3534 3790">
     <span class='ocr_line' id='line_1_96' title="bbox 1956 3713 3534 3790; baseline -0.001 -19"><span class='ocrx_word' id='word_1_710' title='bbox 1956 3731 2078 3772; x_wconf 90' lang='lat' dir='ltr'><strong>rum</strong></span> <span class='ocrx_word' id='word_1_711' title='bbox 2104 3719 2337 3785; x_wconf 90' lang='lat' dir='ltr'><strong>crimen,</strong></span> <span class='ocrx_word' id='word_1_712' title='bbox 2391 3719 2461 3775; x_wconf 92' lang='lat' dir='ltr'><strong>de</strong></span> <span class='ocrx_word' id='word_1_713' title='bbox 2508 3719 2711 3790; x_wconf 91' lang='lat' dir='ltr'><strong>quibus</strong></span> <span class='ocrx_word' id='word_1_714' title='bbox 2753 3718 2934 3789; x_wconf 89' lang='lat' dir='ltr'><strong>ipsum</strong></span> <span class='ocrx_word' id='word_1_715' title='bbox 2991 3732 3212 3787; x_wconf 86' lang='lat' dir='ltr'><strong>quoque</strong></span> <span class='ocrx_word' id='word_1_716' title='bbox 3255 3713 3534 3770; x_wconf 71' lang='lat' dir='ltr'><strong>Chl-istum</strong></span> 
     </span>
    </p>
   </div>
   <div class='ocr_carea' id='block_1_97' title="bbox 1955 3806 3533 3880">
    <p class='ocr_par' dir='ltr' id='par_1_97' title="bbox 1955 3806 3533 3880">
     <span class='ocr_line' id='line_1_97' title="bbox 1955 3806 3533 3880; baseline -0.002 -17"><span class='ocrx_word' id='word_1_717' title='bbox 1955 3810 2275 3879; x_wconf 64' lang='lat' dir='ltr'><strong>prmdixisse</strong></span> <span class='ocrx_word' id='word_1_718' title='bbox 2313 3818 2484 3880; x_wconf 89' lang='lat' dir='ltr'><strong>puto:</strong></span> <span class='ocrx_word' id='word_1_719' title='bbox 2518 3830 2535 3862; x_wconf 71' lang='grc' dir='ltr'>ι</span> <span class='ocrx_word' id='word_1_720' title='bbox 2566 3810 2851 3865; x_wconf 85' lang='lat' dir='ltr'><strong>Attendite</strong></span> <span class='ocrx_word' id='word_1_721' title='bbox 2876 3809 2945 3864; x_wconf 89' lang='lat' dir='ltr'><strong>ab</strong></span> <span class='ocrx_word' id='word_1_722' title='bbox 2968 3809 3037 3864; x_wconf 87' lang='lat' dir='ltr'><strong>iis</strong></span> <span class='ocrx_word' id='word_1_723' title='bbox 3068 3808 3162 3878; x_wconf 89' lang='lat' dir='ltr'><strong>qui</strong></span> <span class='ocrx_word' id='word_1_724' title='bbox 3195 3808 3430 3863; x_wconf 88' lang='lat' dir='ltr'><strong>veniunt</strong></span> <span class='ocrx_word' id='word_1_725' title='bbox 3465 3806 3533 3862; x_wconf 87' lang='lat' dir='ltr'><strong>ad</strong></span> 
     </span>
    </p>
   </div>
   <div class='ocr_carea' id='block_1_98' title="bbox 1955 3900 3536 3965">
    <p class='ocr_par' dir='ltr' id='par_1_98' title="bbox 1955 3900 3536 3965">
     <span class='ocr_line' id='line_1_98' title="bbox 1955 3900 3536 3965; baseline -0.002 -11"><span class='ocrx_word' id='word_1_726' title='bbox 1955 3915 2052 3955; x_wconf 84' lang='lat' dir='ltr'><strong>vos</strong></span> <span class='ocrx_word' id='word_1_727' title='bbox 2079 3900 2136 3953; x_wconf 92' lang='lat' dir='ltr'><strong>in</strong></span> <span class='ocrx_word' id='word_1_728' title='bbox 2158 3901 2507 3956; x_wconf 86' lang='lat' dir='ltr'><strong>vestimentis</strong></span> <span class='ocrx_word' id='word_1_729' title='bbox 2563 3902 2784 3965; x_wconf 87' lang='lat' dir='ltr'><strong>ovium,</strong></span> <span class='ocrx_word' id='word_1_730' title='bbox 2822 3900 3160 3954; x_wconf 89' lang='lat' dir='ltr'><strong>intrinsecus</strong></span> <span class='ocrx_word' id='word_1_731' title='bbox 3187 3906 3371 3951; x_wconf 87' lang='lat' dir='ltr'><strong>autem</strong></span> <span class='ocrx_word' id='word_1_732' title='bbox 3405 3904 3536 3951; x_wconf 88' lang='lat' dir='ltr'><strong>sunt</strong></span> 
     </span>
    </p>
   </div>
   <div class='ocr_carea' id='block_1_99' title="bbox 1955 3992 2455 4062">
    <p class='ocr_par' dir='ltr' id='par_1_99' title="bbox 1955 3992 2455 4062">
     <span class='ocr_line' id='line_1_99' title="bbox 1955 3992 2455 4062; baseline -0.002 -17"><span class='ocrx_word' id='word_1_733' title='bbox 1955 3992 2070 4061; x_wconf 91' lang='lat' dir='ltr'><strong>lupi</strong></span> <span class='ocrx_word' id='word_1_734' title='bbox 2096 4007 2324 4062; x_wconf 87' lang='lat' dir='ltr'><strong>rapaces</strong></span> <span class='ocrx_word' id='word_1_735' title='bbox 2346 3993 2411 4046; x_wconf 72' lang='grc'><strong>⁵⁸.</strong></span> <span class='ocrx_word' id='word_1_736' title='bbox 2436 4011 2455 4043; x_wconf 75' lang='grc' dir='ltr'>ι</span> 
     </span>
    </p>
   </div>
   <div class='ocr_carea' id='block_1_100' title="bbox 2026 4076 3535 4151">
    <p class='ocr_par' dir='ltr' id='par_1_100' title="bbox 2026 4076 3535 4151">
     <span class='ocr_line' id='line_1_100' title="bbox 2026 4076 3535 4151; baseline -0.002 -16"><span class='ocrx_word' id='word_1_737' title='bbox 2026 4081 2186 4136; x_wconf 79' lang='lat' dir='ltr'><strong>CYR.</strong></span> <span class='ocrx_word' id='word_1_738' title='bbox 2208 4082 2377 4135; x_wconf 79' lang='lat' dir='ltr'><strong>Recte</strong></span> <span class='ocrx_word' id='word_1_739' title='bbox 2403 4081 2571 4151; x_wconf 77' lang='lat' dir='ltr'><strong>igitur</strong></span> <span class='ocrx_word' id='word_1_740' title='bbox 2590 4081 2678 4134; x_wconf 77' lang='lat' dir='ltr'><strong>lex</strong></span> <span class='ocrx_word' id='word_1_741' title='bbox 2692 4080 2759 4134; x_wconf 89' lang='lat' dir='ltr'><strong>de</strong></span> <span class='ocrx_word' id='word_1_742' title='bbox 2771 4077 3087 4149; x_wconf 87' lang='lat' dir='ltr'><strong>hujusmodi</strong></span> <span class='ocrx_word' id='word_1_743' title='bbox 3108 4076 3388 4143; x_wconf 87' lang='lat' dir='ltr'><strong>omnibus,</strong></span> <span class='ocrx_word' id='word_1_744' title='bbox 3409 4084 3535 4133; x_wconf 86' lang='lat' dir='ltr'><strong>tan-</strong></span> 
     </span>
    </p>
   </div>
   <div class='ocr_carea' id='block_1_101' title="bbox 1959 4167 3534 4240">
    <p class='ocr_par' dir='ltr' id='par_1_101' title="bbox 1959 4167 3534 4240">
     <span class='ocr_line' id='line_1_101' title="bbox 1959 4167 3534 4240; baseline -0.002 -16"><span class='ocrx_word' id='word_1_745' title='bbox 1959 4186 2122 4240; x_wconf 89' lang='lat' dir='ltr'><strong>quam</strong></span> <span class='ocrx_word' id='word_1_746' title='bbox 2145 4169 2214 4223; x_wconf 91' lang='lat' dir='ltr'><strong>de</strong></span> <span class='ocrx_word' id='word_1_747' title='bbox 2248 4168 2379 4223; x_wconf 86' lang='lat' dir='ltr'><strong>feris</strong></span> <span class='ocrx_word' id='word_1_748' title='bbox 2402 4169 2622 4233; x_wconf 90' lang='lat' dir='ltr'><strong>belluis,</strong></span> <span class='ocrx_word' id='word_1_749' title='bbox 2678 4177 2988 4223; x_wconf 85' lang='lat' dir='ltr'><strong>extremum</strong></span> <span class='ocrx_word' id='word_1_750' title='bbox 3023 4167 3361 4237; x_wconf 89' lang='lat' dir='ltr'><strong>supplicium</strong></span> <span class='ocrx_word' id='word_1_751' title='bbox 3404 4182 3534 4222; x_wconf 87' lang='lat' dir='ltr'><strong>san-</strong></span> 
     </span>
    </p>
   </div>
   <div class='ocr_carea' id='block_1_102' title="bbox 1957 4258 3535 4331">
    <p class='ocr_par' dir='ltr' id='par_1_102' title="bbox 1957 4258 3535 4331">
     <span class='ocr_line' id='line_1_102' title="bbox 1957 4258 3535 4331; baseline -0.002 -14"><span class='ocrx_word' id='word_1_752' title='bbox 1957 4264 2056 4318; x_wconf 82' lang='lat' dir='ltr'><strong>xit.</strong></span> <span class='ocrx_word' id='word_1_753' title='bbox 2084 4262 2362 4331; x_wconf 89' lang='lat' dir='ltr'><strong>Scriptum</strong></span> <span class='ocrx_word' id='word_1_754' title='bbox 2388 4270 2475 4317; x_wconf 90' lang='lat' dir='ltr'><strong>est</strong></span> <span class='ocrx_word' id='word_1_755' title='bbox 2506 4261 2656 4316; x_wconf 92' lang='lat' dir='ltr'><strong>enim</strong></span> <span class='ocrx_word' id='word_1_756' title='bbox 2682 4261 2737 4315; x_wconf 92' lang='lat' dir='ltr'><strong>in</strong></span> <span class='ocrx_word' id='word_1_757' title='bbox 2760 4258 2949 4315; x_wconf 78' lang='lat' dir='ltr'><strong>Exodo</strong></span> <span class='ocrx_word' id='word_1_758' title='bbox 2975 4259 3235 4329; x_wconf 90' lang='lat' dir='ltr'><strong>quidem:</strong></span> <span class='ocrx_word' id='word_1_759' title='bbox 3274 4279 3293 4311; x_wconf 77' lang='grc' dir='ltr'>ι</span> <span class='ocrx_word' id='word_1_760' title='bbox 3324 4259 3381 4315; x_wconf 86' lang='lat' dir='ltr'><strong>Si</strong></span> <span class='ocrx_word' id='word_1_761' title='bbox 3410 4259 3535 4329; x_wconf 92' lang='lat' dir='ltr'><strong>quis</strong></span> 
     </span>
    </p>
   </div>
   <div class='ocr_carea' id='block_1_103' title="bbox 1958 4351 3532 4424">
    <p class='ocr_par' dir='ltr' id='par_1_103' title="bbox 1958 4351 3532 4424">
     <span class='ocr_line' id='line_1_103' title="bbox 1958 4351 3532 4424; baseline -0.004 -13"><span class='ocrx_word' id='word_1_762' title='bbox 1958 4356 2176 4411; x_wconf 84' lang='lat' dir='ltr'><strong>furatus</strong></span> <span class='ocrx_word' id='word_1_763' title='bbox 2201 4354 2370 4410; x_wconf 84' lang='lat' dir='ltr'><strong>fuerit</strong></span> <span class='ocrx_word' id='word_1_764' title='bbox 2392 4355 2629 4424; x_wconf 90' lang='lat' dir='ltr'><strong>aliquem</strong></span> <span class='ocrx_word' id='word_1_765' title='bbox 2653 4353 2720 4409; x_wconf 91' lang='lat' dir='ltr'><strong>de</strong></span> <span class='ocrx_word' id='word_1_766' title='bbox 2761 4351 2889 4406; x_wconf 74' lang='lat' dir='ltr'><strong>filiis</strong></span> <span class='ocrx_word' id='word_1_767' title='bbox 2936 4353 3129 4416; x_wconf 89' lang='lat' dir='ltr'><strong>Israel,</strong></span> <span class='ocrx_word' id='word_1_768' title='bbox 3152 4359 3209 4407; x_wconf 91' lang='lat' dir='ltr'><strong>et</strong></span> <span class='ocrx_word' id='word_1_769' title='bbox 3241 4353 3294 4408; x_wconf 88' lang='lat' dir='ltr'><strong>vi</strong></span> <span class='ocrx_word' id='word_1_770' title='bbox 3343 4352 3532 4422; x_wconf 89' lang='lat' dir='ltr'><strong>oppri-</strong></span> 
     </span>
    </p>
   </div>
   <div class='ocr_carea' id='block_1_104' title="bbox 1890 4442 3532 4533">
    <p class='ocr_par' dir='ltr' id='par_1_104' title="bbox 1890 4442 3532 4533">
     <span class='ocr_line' id='line_1_104' title="bbox 1890 4442 3532 4533; baseline -0.003 -31"><span class='ocrx_word' id='word_1_771' title='bbox 1890 4479 1933 4533; x_wconf 75' lang='grc' dir='ltr'>υ</span> <span class='ocrx_word' id='word_1_772' title='bbox 1961 4463 2117 4504; x_wconf 89' lang='lat' dir='ltr'><strong>mens</strong></span> <span class='ocrx_word' id='word_1_773' title='bbox 2155 4461 2282 4502; x_wconf 91' lang='lat' dir='ltr'><strong>eum</strong></span> <span class='ocrx_word' id='word_1_774' title='bbox 2324 4446 2670 4511; x_wconf 84' lang='lat' dir='ltr'><strong>vendiderit,</strong></span> <span class='ocrx_word' id='word_1_775' title='bbox 2695 4453 2752 4500; x_wconf 87' lang='lat' dir='ltr'><strong>et</strong></span> <span class='ocrx_word' id='word_1_776' title='bbox 2791 4444 3052 4499; x_wconf 90' lang='lat' dir='ltr'><strong>inventus</strong></span> <span class='ocrx_word' id='word_1_777' title='bbox 3093 4442 3261 4499; x_wconf 89' lang='lat' dir='ltr'><strong>fuerit</strong></span> <span class='ocrx_word' id='word_1_778' title='bbox 3305 4443 3360 4496; x_wconf 91' lang='lat' dir='ltr'><strong>in</strong></span> <span class='ocrx_word' id='word_1_779' title='bbox 3391 4442 3532 4512; x_wconf 89' lang='lat' dir='ltr'><strong>ipso,</strong></span> 
     </span>
    </p>
   </div>
   <div class='ocr_carea' id='block_1_105' title="bbox 1962 4532 3531 4597">
    <p class='ocr_par' dir='ltr' id='par_1_105' title="bbox 1962 4532 3531 4597">
     <span class='ocr_line' id='line_1_105' title="bbox 1962 4532 3531 4597; baseline -0.005 0"><span class='ocrx_word' id='word_1_780' title='bbox 1962 4549 2139 4597; x_wconf 90' lang='lat' dir='ltr'><strong>morte</strong></span> <span class='ocrx_word' id='word_1_781' title='bbox 2173 4540 2444 4595; x_wconf 83' lang='lat' dir='ltr'><strong>moriatur</strong></span> <span class='ocrx_word' id='word_1_782' title='bbox 2471 4540 2536 4593; x_wconf 72' lang='lat'><strong>‘7.</strong></span> <span class='ocrx_word' id='word_1_783' title='bbox 2562 4557 2580 4591; x_wconf 68' lang='grc' dir='ltr'>ι</span> <span class='ocrx_word' id='word_1_784' title='bbox 2633 4538 2693 4593; x_wconf 86' lang='lat' dir='ltr'><strong>In</strong></span> <span class='ocrx_word' id='word_1_785' title='bbox 2746 4534 3177 4592; x_wconf 88' lang='lat' dir='ltr'><strong>Deuteronomio</strong></span> <span class='ocrx_word' id='word_1_786' title='bbox 3217 4548 3389 4590; x_wconf 91' lang='lat' dir='ltr'><strong>vero:</strong></span> <span class='ocrx_word' id='word_1_787' title='bbox 3423 4553 3441 4585; x_wconf 73' lang='grc' dir='ltr'>ς</span> <span class='ocrx_word' id='word_1_788' title='bbox 3472 4532 3531 4589; x_wconf 90' lang='lat' dir='ltr'><strong>Si</strong></span> 
     </span>
    </p>
   </div>
   <div class='ocr_carea' id='block_1_106' title="bbox 1962 4625 3534 4701">
    <p class='ocr_par' dir='ltr' id='par_1_106' title="bbox 1962 4625 3534 4701">
     <span class='ocr_line' id='line_1_106' title="bbox 1962 4625 3534 4701; baseline -0.005 -14"><span class='ocrx_word' id='word_1_789' title='bbox 1962 4641 2146 4688; x_wconf 91' lang='lat' dir='ltr'><strong>autem</strong></span> <span class='ocrx_word' id='word_1_790' title='bbox 2191 4631 2570 4701; x_wconf 87' lang='lat' dir='ltr'><strong>deprehensus</strong></span> <span class='ocrx_word' id='word_1_791' title='bbox 2592 4628 2765 4685; x_wconf 86' lang='lat' dir='ltr'><strong>fuerit</strong></span> <span class='ocrx_word' id='word_1_792' title='bbox 2790 4628 2958 4683; x_wconf 90' lang='lat' dir='ltr'><strong>homo</strong></span> <span class='ocrx_word' id='word_1_793' title='bbox 2981 4627 3155 4682; x_wconf 83' lang='lat' dir='ltr'><strong>furari</strong></span> <span class='ocrx_word' id='word_1_794' title='bbox 3188 4625 3423 4682; x_wconf 88' lang='lat' dir='ltr'><strong>animam</strong></span> <span class='ocrx_word' id='word_1_795' title='bbox 3466 4639 3534 4680; x_wconf 79' lang='lat' dir='ltr'><strong>ex</strong></span> 
     </span>
    </p>
   </div>
   <div class='ocr_carea' id='block_1_107' title="bbox 1958 4713 3530 4787">
    <p class='ocr_par' dir='ltr' id='par_1_107' title="bbox 1958 4713 3530 4787">
     <span class='ocr_line' id='line_1_107' title="bbox 1958 4713 3530 4787; baseline -0.004 -14"><span class='ocrx_word' id='word_1_796' title='bbox 1958 4718 2223 4775; x_wconf 83' lang='lat' dir='ltr'><strong>fratribus</strong></span> <span class='ocrx_word' id='word_1_797' title='bbox 2245 4721 2381 4784; x_wconf 91' lang='lat' dir='ltr'><strong>suis,</strong></span> <span class='ocrx_word' id='word_1_798' title='bbox 2410 4719 2539 4774; x_wconf 85' lang='lat' dir='ltr'><strong>ﬁliis</strong></span> <span class='ocrx_word' id='word_1_799' title='bbox 2562 4719 2754 4781; x_wconf 84' lang='lat' dir='ltr'><strong>Israel,</strong></span> <span class='ocrx_word' id='word_1_800' title='bbox 2779 4726 2835 4773; x_wconf 89' lang='lat' dir='ltr'><strong>et</strong></span> <span class='ocrx_word' id='word_1_801' title='bbox 2866 4718 2919 4771; x_wconf 88' lang='lat' dir='ltr'><strong>vi</strong></span> <span class='ocrx_word' id='word_1_802' title='bbox 2964 4717 3303 4787; x_wconf 88' lang='lat' dir='ltr'><strong>opprimens,</strong></span> <span class='ocrx_word' id='word_1_803' title='bbox 3350 4713 3530 4785; x_wconf 90' lang='lat' dir='ltr'><strong>ipsum</strong></span> 
     </span>
    </p>
   </div>
   <div class='ocr_carea' id='block_1_108' title="bbox 1961 4804 3534 4876">
    <p class='ocr_par' dir='ltr' id='par_1_108' title="bbox 1961 4804 3534 4876">
     <span class='ocr_line' id='line_1_108' title="bbox 1961 4804 3534 4876; baseline -0.005 -9"><span class='ocrx_word' id='word_1_804' title='bbox 1961 4812 2313 4876; x_wconf 83' lang='lat' dir='ltr'><strong>vendiderit,‘</strong></span> <span class='ocrx_word' id='word_1_805' title='bbox 2340 4811 2610 4865; x_wconf 91' lang='lat' dir='ltr'><strong>morietur</strong></span> <span class='ocrx_word' id='word_1_806' title='bbox 2638 4810 2727 4864; x_wconf 91' lang='lat' dir='ltr'><strong>fur</strong></span> <span class='ocrx_word' id='word_1_807' title='bbox 2750 4810 2843 4864; x_wconf 92' lang='lat' dir='ltr'><strong>ille</strong></span> <span class='ocrx_word' id='word_1_808' title='bbox 2866 4809 2932 4862; x_wconf 79' lang='grc'><strong>⁸⁸.</strong></span> <span class='ocrx_word' id='word_1_809' title='bbox 2966 4828 2984 4859; x_wconf 72' lang='grc' dir='ltr'>ι</span> <span class='ocrx_word' id='word_1_810' title='bbox 3012 4807 3133 4862; x_wconf 82' lang='lat' dir='ltr'><strong>Non</strong></span> <span class='ocrx_word' id='word_1_811' title='bbox 3156 4807 3305 4861; x_wconf 91' lang='lat' dir='ltr'><strong>enim</strong></span> <span class='ocrx_word' id='word_1_812' title='bbox 3329 4804 3412 4860; x_wconf 90' lang='lat' dir='ltr'><strong>fas</strong></span> <span class='ocrx_word' id='word_1_813' title='bbox 3447 4812 3534 4859; x_wconf 90' lang='lat' dir='ltr'><strong>est</strong></span> 
     </span>
    </p>
   </div>
   <div class='ocr_carea' id='block_1_109' title="bbox 1961 4896 3529 4971">
    <p class='ocr_par' dir='ltr' id='par_1_109' title="bbox 1961 4896 3529 4971">
     <span class='ocr_line' id='line_1_109' title="bbox 1961 4896 3529 4971; baseline -0.006 -13"><span class='ocrx_word' id='word_1_814' title='bbox 1961 4902 2098 4958; x_wconf 88' lang='lat' dir='ltr'><strong>illud</strong></span> <span class='ocrx_word' id='word_1_815' title='bbox 2144 4917 2364 4957; x_wconf 88' lang='lat' dir='ltr'><strong>sacrum</strong></span> <span class='ocrx_word' id='word_1_816' title='bbox 2411 4902 2468 4955; x_wconf 91' lang='lat' dir='ltr'><strong>in</strong></span> <span class='ocrx_word' id='word_1_817' title='bbox 2509 4900 2734 4956; x_wconf 88' lang='lat' dir='ltr'><strong>Christo</strong></span> <span class='ocrx_word' id='word_1_818' title='bbox 2777 4915 2951 4971; x_wconf 78' lang='lat' dir='ltr'><strong>genus</strong></span> <span class='ocrx_word' id='word_1_819' title='bbox 2977 4896 3175 4968; x_wconf 62' lang='lat' dir='ltr'><strong>praedae</strong></span> <span class='ocrx_word' id='word_1_820' title='bbox 3222 4896 3529 4967; x_wconf 82' lang='lat' dir='ltr'><strong>expositum</strong></span> 
     </span>
    </p>
   </div>
   <div class='ocr_carea' id='block_1_110' title="bbox 1960 4986 3531 5060">
    <p class='ocr_par' dir='ltr' id='par_1_110' title="bbox 1960 4986 3531 5060">
     <span class='ocr_line' id='line_1_110' title="bbox 1960 4986 3531 5060; baseline -0.006 -10"><span class='ocrx_word' id='word_1_821' title='bbox 1960 4996 2175 5060; x_wconf 81' lang='lat' dir='ltr'><strong>esse,‘et</strong></span> <span class='ocrx_word' id='word_1_822' title='bbox 2196 4994 2266 5049; x_wconf 90' lang='lat' dir='ltr'><strong>ad</strong></span> <span class='ocrx_word' id='word_1_823' title='bbox 2290 4993 2612 5049; x_wconf 86' lang='lat' dir='ltr'><strong>servitutem</strong></span> <span class='ocrx_word' id='word_1_824' title='bbox 2638 4992 2911 5047; x_wconf 89' lang='lat' dir='ltr'><strong>insuetam</strong></span> <span class='ocrx_word' id='word_1_825' title='bbox 2937 4990 3006 5046; x_wconf 92' lang='lat' dir='ltr'><strong>ab</strong></span> <span class='ocrx_word' id='word_1_826' title='bbox 3032 4989 3101 5044; x_wconf 92' lang='lat' dir='ltr'><strong>iis</strong></span> <span class='ocrx_word' id='word_1_827' title='bbox 3138 4987 3344 5059; x_wconf 90' lang='lat' dir='ltr'><strong>quibus</strong></span> <span class='ocrx_word' id='word_1_828' title='bbox 3363 4986 3420 5042; x_wconf 92' lang='lat' dir='ltr'><strong>id</strong></span> <span class='ocrx_word' id='word_1_829' title='bbox 3446 4987 3531 5041; x_wconf 86' lang='lat' dir='ltr'><strong>fa-</strong></span> 
     </span>
    </p>
   </div>
   <div class='ocr_carea' id='block_1_111' title="bbox 1959 5079 3535 5156">
    <p class='ocr_par' dir='ltr' id='par_1_111' title="bbox 1959 5079 3535 5156">
     <span class='ocr_line' id='line_1_111' title="bbox 1959 5079 3535 5156; baseline -0.006 -14"><span class='ocrx_word' id='word_1_830' title='bbox 1959 5101 2086 5142; x_wconf 89' lang='lat' dir='ltr'><strong>cere</strong></span> <span class='ocrx_word' id='word_1_831' title='bbox 2108 5086 2283 5142; x_wconf 87' lang='lat' dir='ltr'><strong>moris</strong></span> <span class='ocrx_word' id='word_1_832' title='bbox 2306 5093 2413 5151; x_wconf 88' lang='lat' dir='ltr'><strong>est,</strong></span> <span class='ocrx_word' id='word_1_833' title='bbox 2436 5084 2709 5156; x_wconf 89' lang='lat' dir='ltr'><strong>pertrahi.</strong></span> <span class='ocrx_word' id='word_1_834' title='bbox 2735 5084 2807 5141; x_wconf 88' lang='lat' dir='ltr'><strong>Ut</strong></span> <span class='ocrx_word' id='word_1_835' title='bbox 2839 5082 2990 5139; x_wconf 90' lang='lat' dir='ltr'><strong>enim</strong></span> <span class='ocrx_word' id='word_1_836' title='bbox 3014 5081 3109 5152; x_wconf 92' lang='lat' dir='ltr'><strong>qui</strong></span> <span class='ocrx_word' id='word_1_837' title='bbox 3159 5094 3364 5151; x_wconf 91' lang='lat' dir='ltr'><strong>pueros</strong></span> <span class='ocrx_word' id='word_1_838' title='bbox 3385 5079 3535 5135; x_wconf 83' lang='lat' dir='ltr'><strong>deci—</strong></span> 
     </span>
    </p>
   </div>
   <div class='ocr_carea' id='block_1_112' title="bbox 1960 5172 3533 5249">
    <p class='ocr_par' dir='ltr' id='par_1_112' title="bbox 1960 5172 3533 5249">
     <span class='ocr_line' id='line_1_112' title="bbox 1960 5172 3533 5249; baseline -0.007 -15"><span class='ocrx_word' id='word_1_839' title='bbox 1960 5179 2141 5249; x_wconf 87' lang='lat' dir='ltr'><strong>piunt,</strong></span> <span class='ocrx_word' id='word_1_840' title='bbox 2171 5193 2269 5235; x_wconf 91' lang='lat' dir='ltr'><strong>eos</strong></span> <span class='ocrx_word' id='word_1_841' title='bbox 2289 5194 2321 5244; x_wconf 89' lang='lat' dir='ltr'><strong>_a</strong></span> <span class='ocrx_word' id='word_1_842' title='bbox 2345 5178 2571 5234; x_wconf 88' lang='lat' dir='ltr'><strong>civitate</strong></span> <span class='ocrx_word' id='word_1_843' title='bbox 2596 5184 2655 5232; x_wconf 91' lang='lat' dir='ltr'><strong>et</strong></span> <span class='ocrx_word' id='word_1_844' title='bbox 2700 5176 2958 5233; x_wconf 90' lang='lat' dir='ltr'><strong>domibus</strong></span> <span class='ocrx_word' id='word_1_845' title='bbox 2995 5175 3111 5231; x_wconf 91' lang='lat' dir='ltr'><strong>suis</strong></span> <span class='ocrx_word' id='word_1_846' title='bbox 3153 5172 3455 5235; x_wconf 89' lang='lat' dir='ltr'><strong>abducunt,</strong></span> <span class='ocrx_word' id='word_1_847' title='bbox 3477 5179 3533 5225; x_wconf 88' lang='lat' dir='ltr'><strong>et</strong></span> 
     </span>
    </p>
   </div>
   <div class='ocr_carea' id='block_1_113' title="bbox 1961 5262 3601 5343">
    <p class='ocr_par' dir='ltr' id='par_1_113' title="bbox 1961 5262 3601 5343">
     <span class='ocr_line' id='line_1_113' title="bbox 1961 5262 3601 5343; baseline -0.008 -16"><span class='ocrx_word' id='word_1_848' title='bbox 1961 5272 2303 5327; x_wconf 81' lang='lat' dir='ltr'><strong>ornamentis</strong></span> <span class='ocrx_word' id='word_1_849' title='bbox 2324 5272 2600 5327; x_wconf 88' lang='lat' dir='ltr'><strong>libertatis</strong></span> <span class='ocrx_word' id='word_1_850' title='bbox 2641 5271 2994 5340; x_wconf 82' lang='lat' dir='ltr'><strong>exspoliatos,</strong></span> <span class='ocrx_word' id='word_1_851' title='bbox 3021 5275 3225 5324; x_wconf 58' lang='lat' dir='ltr'><strong>coactae</strong></span> <span class='ocrx_word' id='word_1_852' title='bbox 3247 5262 3533 5331; x_wconf 88' lang='lat' dir='ltr'><strong>servitutis</strong></span> <span class='ocrx_word' id='word_1_853' title='bbox 3596 5338 3601 5343; x_wconf 20' lang='grc' dir='ltr'>ι</span> 
     </span>
    </p>
   </div>
   <div class='ocr_carea' id='block_1_114' title="bbox 1958 5352 3530 5435">
    <p class='ocr_par' dir='ltr' id='par_1_114' title="bbox 1958 5352 3530 5435">
     <span class='ocr_line' id='line_1_114' title="bbox 1958 5352 3530 5435; baseline -0.011 -15"><span class='ocrx_word' id='word_1_854' title='bbox 1958 5365 2090 5435; x_wconf 78' lang='lat' dir='ltr'><strong>jugo</strong></span> <span class='ocrx_word' id='word_1_855' title='bbox 2116 5364 2441 5435; x_wconf 88' lang='lat' dir='ltr'><strong>subjiciunt,</strong></span> <span class='ocrx_word' id='word_1_856' title='bbox 2469 5363 2688 5429; x_wconf 88' lang='lat' dir='ltr'><strong>eodem,</strong></span> <span class='ocrx_word' id='word_1_857' title='bbox 2711 5371 2776 5417; x_wconf 90' lang='lat' dir='ltr'><strong>ut</strong></span> <span class='ocrx_word' id='word_1_858' title='bbox 2799 5363 3021 5432; x_wconf 81' lang='lat' dir='ltr'><strong>Opinor,</strong></span> <span class='ocrx_word' id='word_1_859' title='bbox 3052 5359 3237 5420; x_wconf 88' lang='lat' dir='ltr'><strong>modo,</strong></span> <span class='ocrx_word' id='word_1_860' title='bbox 3263 5355 3357 5425; x_wconf 91' lang='lat' dir='ltr'><strong>qui</strong></span> <span class='ocrx_word' id='word_1_861' title='bbox 3386 5352 3530 5406; x_wconf 88' lang='lat' dir='ltr'><strong>mul-</strong></span> 
     </span>
    </p>
   </div>
   <div class='ocr_carea' id='block_1_115' title="bbox 1959 5445 3535 5525">
    <p class='ocr_par' dir='ltr' id='par_1_115' title="bbox 1959 5445 3535 5525">
     <span class='ocr_line' id='line_1_115' title="bbox 1959 5445 3535 5525; baseline -0.009 -16"><span class='ocrx_word' id='word_1_862' title='bbox 1959 5456 2242 5525; x_wconf 89' lang='lat' dir='ltr'><strong>tiplicibus</strong></span> <span class='ocrx_word' id='word_1_863' title='bbox 2263 5463 2701 5511; x_wconf 89' lang='lat' dir='ltr'><strong>commcntorum</strong></span> <span class='ocrx_word' id='word_1_864' title='bbox 2724 5464 2951 5507; x_wconf 88' lang='lat' dir='ltr'><strong>suorum</strong></span> <span class='ocrx_word' id='word_1_865' title='bbox 2979 5445 3399 5516; x_wconf 89' lang='lat' dir='ltr'><strong>deceptionibus</strong></span> <span class='ocrx_word' id='word_1_866' title='bbox 3437 5456 3535 5496; x_wconf 89' lang='lat' dir='ltr'><strong>eos</strong></span> 
     </span>
    </p>
   </div>
   <div class='ocr_carea' id='block_1_116' title="bbox 1958 5533 3533 5617">
    <p class='ocr_par' dir='ltr' id='par_1_116' title="bbox 1958 5533 3533 5617">
     <span class='ocr_line' id='line_1_116' title="bbox 1958 5533 3533 5617; baseline -0.009 -15"><span class='ocrx_word' id='word_1_867' title='bbox 1958 5549 2050 5617; x_wconf 92' lang='lat' dir='ltr'><strong>qui</strong></span> <span class='ocrx_word' id='word_1_868' title='bbox 2079 5555 2229 5602; x_wconf 88' lang='lat' dir='ltr'><strong>recte</strong></span> <span class='ocrx_word' id='word_1_869' title='bbox 2256 5546 2529 5609; x_wconf 87' lang='lat' dir='ltr'><strong>sentiunt,</strong></span> <span class='ocrx_word' id='word_1_870' title='bbox 2574 5553 2632 5598; x_wconf 90' lang='lat' dir='ltr'><strong>et</strong></span> <span class='ocrx_word' id='word_1_871' title='bbox 2658 5543 2786 5597; x_wconf 73' lang='lat' dir='ltr'><strong>vita:</strong></span> <span class='ocrx_word' id='word_1_872' title='bbox 2830 5554 3002 5610; x_wconf 76' lang='lat' dir='ltr'><strong>genus</strong></span> <span class='ocrx_word' id='word_1_873' title='bbox 3041 5535 3299 5591; x_wconf 80' lang='lat' dir='ltr'><strong>excolunt</strong></span> <span class='ocrx_word' id='word_1_874' title='bbox 3338 5533 3533 5589; x_wconf 90' lang='lat' dir='ltr'><strong>liberis</strong></span> 
     </span>
    </p>
   </div>
   <div class='ocr_carea' id='block_1_117' title="bbox 390 5719 3364 5796">
    <p class='ocr_par' dir='ltr' id='par_1_117' title="bbox 390 5719 3364 5796">
     <span class='ocr_line' id='line_1_117' title="bbox 390 5719 3364 5796; baseline -0.002 -17"><span class='ocrx_word' id='word_1_875' title='bbox 390 5724 433 5755; x_wconf 84' lang='lat'><strong>&quot;</strong></span> <span class='ocrx_word' id='word_1_876' title='bbox 459 5723 661 5796; x_wconf 80' lang='lat' dir='ltr'><strong>Ephes.</strong></span> <span class='ocrx_word' id='word_1_877' title='bbox 684 5740 739 5793; x_wconf 91' lang='lat' dir='ltr'><strong>v,</strong></span> <span class='ocrx_word' id='word_1_878' title='bbox 760 5723 812 5779; x_wconf 90' lang='lat'><strong>8.</strong></span> <span class='ocrx_word' id='word_1_879' title='bbox 887 5723 976 5780; x_wconf 80' lang='lat'><strong>“1</strong></span> <span class='ocrx_word' id='word_1_880' title='bbox 1005 5722 1143 5780; x_wconf 87' lang='lat' dir='ltr'><strong>&#39;I&#39;im.</strong></span> <span class='ocrx_word' id='word_1_881' title='bbox 1168 5741 1206 5791; x_wconf 83' lang='grc' dir='ltr'>ι,</span> <span class='ocrx_word' id='word_1_882' title='bbox 1246 5726 1328 5780; x_wconf 76' lang='lat' dir='ltr'><strong>I5.</strong></span> <span class='ocrx_word' id='word_1_883' title='bbox 1392 5726 1434 5758; x_wconf 66' lang='grc'><strong>⁸⁸</strong></span> <span class='ocrx_word' id='word_1_884' title='bbox 1458 5723 1629 5792; x_wconf 80' lang='lat' dir='ltr'><strong>Isa.1,</strong></span> <span class='ocrx_word' id='word_1_885' title='bbox 1679 5726 1724 5781; x_wconf 89' lang='lat' dir='ltr'><strong>l.</strong></span> <span class='ocrx_word' id='word_1_886' title='bbox 1775 5724 1820 5755; x_wconf 77' lang='grc'><strong>⁸⁸</strong></span> <span class='ocrx_word' id='word_1_887' title='bbox 1845 5724 2032 5779; x_wconf 84' lang='lat' dir='ltr'><strong>Matth.</strong></span> <span class='ocrx_word' id='word_1_888' title='bbox 2062 5740 2151 5778; x_wconf 75' lang='lat' dir='ltr'><strong>vn.</strong></span> <span class='ocrx_word' id='word_1_889' title='bbox 2190 5722 2271 5778; x_wconf 77' lang='lat'><strong>15.</strong></span> <span class='ocrx_word' id='word_1_890' title='bbox 2342 5724 2383 5754; x_wconf 71' lang='grc'><strong>⁸⁷</strong></span> <span class='ocrx_word' id='word_1_891' title='bbox 2412 5721 2583 5777; x_wconf 76' lang='lat' dir='ltr'><strong>Exod.</strong></span> <span class='ocrx_word' id='word_1_892' title='bbox 2609 5736 2717 5785; x_wconf 75' lang='lat' dir='ltr'><strong>XXI,</strong></span> <span class='ocrx_word' id='word_1_893' title='bbox 2754 5719 2842 5777; x_wconf 82' lang='lat' dir='ltr'><strong>l6.</strong></span> <span class='ocrx_word' id='word_1_894' title='bbox 2894 5720 2935 5753; x_wconf 82' lang='lat'><strong>&quot;‘</strong></span> <span class='ocrx_word' id='word_1_895' title='bbox 2964 5720 3364 5785; x_wconf 74' lang='lat' dir='ltr'><strong>Deut.xx1v,&#39;l.</strong></span> 
     </span>
    </p>
   </div>
  </div>
