3990 6196
381 296 485 353 559

1403 290 1457 345 S.
1499 289 1773 346 CYRILLI
1813 290 2284 348 ALEXANDRINI
2325 287 2641 345 ARClllEP.

3543 285 3650 345 550

383 406 704 463 hominibus
729 406 976 477 dignum,
1006 402 1074 459 ad
1098 418 1255 459 suam
1298 404 1685 459 stultissimam
1731 412 1952 460 senten-

2066 406 2127 460 τὸ
2183 407 2365 475 σφίσιν
2405 406 2589 468 αὐτοῖς
2636 401 2972 473 ἀνοητότατα
3021 398 3236 467 δοκοῦν,
3286 399 3650 466 πολυπλόκοις

381 499 517 555 tiam
539 497 840 560 adducunt,
864 496 931 550 de
974 494 1124 550 furto
1147 511 1212 551 ac
1271 496 1563 552 latrocinio
1597 496 1964 553 humanarum

380 590 688 646 animarum
712 589 794 644 rei
815 588 1017 643 merito
1046 588 1200 653 ﬁent,
1229 605 1532 661 poenasque
1559 599 1806 647 extremo
1829 607 1962 661 sup-

382 678 550 745 plieio
576 678 756 733 luent.
812 677 1144 748 llujusmodi
1193 679 1516 736 hominibus
1564 696 1745 752 neque
1803 681 1964 736 «Ave

383 766 638 821 dixeritis
664 767 732 832 ",
766 786 783 818 ι
836 767 1019 837 inquit
1065 768 1365 824 Salvatoris
1398 769 1574 824 nostri
1617 770 1959 839 discipulus:

382 873 495 912 non
518 856 664 926 quod
691 856 1010 912 inhumanis
1034 873 1136 912 nos
1159 873 1283 914 esse
1315 859 1567 914 moribus
1619 859 1836 925 doceat,
1863 860 1961 915 sed

382 949 530 1020 quod
553 950 621 1006 ad
643 952 976 1007 commercia
1027 967 1154 1007 cum
1207 952 1338 1028 lupo
1382 953 1645 1020 ineunda,
1671 955 1862 1023 inepta
1884 955 1960 1009 sit

382 1043 525 1108 ovis,
576 1051 633 1099 et
682 1043 831 1098 inter
860 1059 978 1110 eos,
1030 1046 1125 1115 qui
1164 1045 1618 1100 animi‘sensibus
1675 1045 1957 1111 differunt,

379 1138 534 1193 nulla
556 1136 851 1191 conventio
873 1152 996 1191 esse
1025 1137 1200 1207 possit
1226 1156 1239 1190 :
1278 1156 1296 1188 ι
1322 1136 1453 1203 Quae
1482 1137 1633 1191 enim
1658 1153 1785 1207 pars
1811 1137 1959 1192 ﬁdeli

379 1242 505 1280 eum
530 1224 738 1280 inﬁdeli
753 1226 833 1279 7°?
852 1245 870 1277 ›
897 1226 1174 1281 Praeterea
1197 1241 1323 1280 cum
1345 1225 1775 1281 fornicatoribus
1795 1227 1960 1297 hujus

379 1315 571 1369 mundi
594 1330 706 1370 non
729 1316 1077 1370 commisceri
1099 1316 1292 1371 scribit
1304 1316 1500 1371 beatus
1522 1316 1747 1373 Paulus.
1796 1318 1961 1389 256

377 1406 458 1461 Ne
482 1407 576 1477 qui
623 1407 792 1477 igitur
820 1415 1080 1477 tanquam
1111 1424 1143 1462 e
1178 1409 1375 1479 patriis
1413 1408 1557 1464 focis
1598 1422 1663 1466 ex
1709 1410 1957 1465 Ecclesia

379 1498 477 1553 Dei
517 1500 825 1568 rapiantur,
860 1508 917 1554 et
964 1500 1022 1553 in
1070 1501 1332 1556 ecclesias
1364 1502 1781 1573 malignantium
1806 1503 1958 1558 defe-

380 1599 593 1656 rantur,
625 1590 757 1646 dum
789 1590 859 1645 ad
899 1590 1131 1647 vitiosos
1174 1609 1356 1649 mores
1402 1594 1756 1649 divertendos
1796 1610 1957 1649 suum

379 1680 623 1736 animum
636 1682 1045 1753 quodammodo
1066 1684 1342 1740 vendunt:
1375 1705 1392 1737 ι
1413 1686 1787 1756 Corrumpunt
1806 1688 1971 1742 enim.

379 1783 563 1825 mores
611 1750 787 1827 bonos
835 1772 1109 1843 colloquia
1157 1775 1300 1828 mala
1328 1775 1401 1827 τίς
1440 1794 1455 1826 ι
1490 1776 1685 1831 mortis
1736 1792 1958 1846 pmnam
1987 1750 2031 1810 Β

378 1859 469 1915 lex
490 1863 778 1918 constituit
798 1863 855 1917 in
878 1879 976 1918 eos
1002 1864 1099 1934 qui
1144 1863 1204 1920 id
1223 1863 1412 1920 facere
1437 1866 1647 1922 nefarie
1671 1868 1792 1923 ausi
1833 1869 1957 1925 fue-

379 1952 512 2006 rint.
543 1953 724 2009 Facile
751 1962 936 2009 autem
958 1956 1147 2011 videas
1174 1957 1281 2012 hoc
1303 1958 1486 2028 ipsum
1530 1959 1753 2030 oblique
1796 1961 1957 2016 nobis

379 2043 488 2098 alio
514 2059 735 2114 quoque
763 2062 1031 2117 responso
1051 2048 1228 2120 legem
1259 2066 1454 2106 rursus
1499 2051 1778 2108 indicare:
1828 2069 1956 2108 nam

379 2137 651 2205 apertiore
672 2140 911 2208 quadam
953 2141 1336 2214 intelligentia,
1367 2152 1426 2199 et
1452 2160 1574 2215 qua:
1599 2161 1630 2200 a
1666 2147 1957 2216 quibusvis

378 2226 538 2282 facile
562 2230 771 2300 percipi
795 2232 991 2301 possit,
1018 2249 1109 2289 res
1151 2234 1420 2293 humanas
1462 2239 1766 2307 componit,
1791 2247 1848 2294 et
1886 2239 1956 2295 ad

379 2328 594 2375 rectum
619 2329 824 2378 statum
868 2334 1119 2381 revocat:
1149 2342 1329 2397 neque
1372 2328 1522 2382 enim
1566 2328 1855 2386 historiam
1899 2332 1956 2386 in

376 2412 446 2467 iis
468 2422 622 2470 certe
670 2431 793 2486 qua:
816 2418 1057 2474 maximo
1078 2420 1209 2474 usui
1231 2428 1381 2485 sunt,
1408 2428 1671 2491 tanquam
1694 2422 1955 2494 frigidam

375 2519 440 2559 ac
465 2513 709 2562 veterem
746 2508 1004 2565 tollemus
1034 2528 1047 2563 :
1075 2512 1229 2566 utilis
1253 2521 1340 2567 est
1363 2514 1515 2568 enim
1557 2531 1955 2587 nonnunquam

376 2597 724 2654 auditoribus
743 2599 859 2669 ipsa
883 2617 1106 2672 quoque
1154 2603 1364 2671 littera,
1390 2606 1487 2661 sed
1513 2622 1580 2662 ea
1623 2615 1807 2665 tamen
1833 2618 1955 2666 tan-

377 2701 544 2754 quam
566 2689 626 2742 in
663 2689 939 2759 profundo
957 2692 1206 2748 continet
1249 2710 1341 2750 res
1381 2696 1717 2766 spirituales,
1741 2708 1798 2755 et
1819 2702 1955 2756 sub-

378 2772 621 2830 tiliorum
646 2791 908 2833 sensuum
933 2781 1043 2834 vim
1081 2789 1341 2852 tanquam
1370 2785 1427 2839 in
1453 2786 1715 2843 tenuibus
1745 2791 1955 2847 umbris

374 2866 780 2935 complectitur.
806 2870 954 2925 Dixit
975 2871 1142 2942 igitur
1166 2874 1223 2927 in
1246 2875 1435 2931 Exodo
1459 2893 1687 2934 rursus:
1722 2881 1808 2937 «Si
1830 2885 1954 2953 quis

374 2972 508 3012 vero
535 2958 815 3030 deceperit
837 2962 1109 3034 virginem
1151 2979 1262 3020 non
1307 2966 1718 3038 desponsatam,
1743 2980 1802 3028 et
1823 2973 1954 3029 dor-

2066 498 2282 552 ὲννοιῶν
2331 497 2567 560 ἀπάταις
2610 492 3060 564 ἀποκομίζοντες,
3117 492 3373 563 λῃστείας
3419 493 3653 558 εἰκότως

2063 589 2163 659 τῆς
2196 591 2287 643 ἐπὶ
2314 587 2514 659 ψυχαῖς
2546 583 2870 655 ἀνθρώπων,
2911 581 3243 653 ὑπομενοῦσι
3272 581 3371 653 τὴν
3399 582 3647 653 γραφήν·

2065 680 2222 750 ποινὴ
2247 680 2302 733 δὲ
2331 681 2514 743 αὐτοῖς
2533 681 2561 732 ό
2582 677 2827 740 θάνατος.
2853 675 2978 737 Τοῖς
2999 674 3279 739 τοιούτοις,
3308 673 3442 744 μηδὲ
3463 691 3481 725 ι
3510 673 3653 727 Χαί-
3750 686 3753 687 ⁷

2066 788 2180 844 ρειν
2209 770 2418 840 λέγετε,
2460 789 2480 823 ›
2518 768 2652 840 φησὶ
2681 766 2775 820 τοῦ
2805 765 3057 837 Σωτῆρος
3080 765 3109 816 ὁ
3137 763 3404 836 μαθητὴς,
3436 764 3538 817 οὐκ
3564 765 3653 826 είς

2061 865 2277 936 τρόπων
2325 864 2473 934 ἡμᾶς
2520 862 2823 933 ἀγριότητα
2873 857 3260 927 παιδαγωγῶν,
3292 855 3406 910 ἀλλ’
3439 857 3520 909 ὅτι
3566 853 3652 925 τῷ

2060 956 2211 1027 λύκῳ
2256 956 2318 1009 τὸ
2369 953 2642 1026 πρόϐατον
2699 954 2780 1017 εἰς
2831 951 3099 1015 διαθέσεις
3142 950 3246 1004 οὐκ
3302 949 3645 1021 ἐπιτήδειον

2061 1045 2353 1117 ἀσύμϐατα
2400 1045 2457 1099 δέ
2505 1044 2695 1115 ὥσπερ
2737 1042 3011 1113 ἀλλήλοιν,
3058 1040 3127 1094 τὰ
3186 1038 3650 1110 ἑτερογνωμονεῖν

2060 1136 2303 1191 εἰωθότα·
2345 1155 2363 1188 ι
2404 1135 2501 1199 Τίς
2546 1134 2657 1203 γὰρ
2714 1133 2872 1204 μερὶς
2907 1129 3085 1201 πιστῷ
3122 1129 3259 1200 μετά
3305 1128 3574 1192 ἀπίστου;
3619 1144 3644 1179 ι

2059 1229 2168 1281 Καὶ
2216 1227 2350 1298 πρός
2399 1243 2464 1295 γε
2495 1225 2558 1297 δὴ
2597 1225 2828 1288 τούτοις,
2875 1226 2989 1287 τοῖς
3034 1223 3256 1293 πόρνοις
3299 1221 3393 1274 τοῦ
3449 1220 3649 1285 αἰῶνος

2058 1317 2247 1370 τούτου
2275 1318 2348 1388 μὴ
2388 1314 2890 1369 συναναπλέκεσθαι
2915 1314 3045 1377 δεῖν,
3071 1315 3100 1368 ὁ
3125 1312 3408 1377 θεσπέσιος
3430 1312 3646 1377 Παῦλος

2057 1408 2283 1479 γράφει.
2326 1408 2444 1462 Ἵνα
2466 1407 2647 1461 τοίνυν
2677 1408 2752 1477 μὴ
2791 1404 3045 1476 καθάπερ
3069 1406 3136 1459 ἐκ
3168 1404 3430 1476 πατρῴας
3454 1403 3644 1468 ἑστίας

2056 1500 2157 1570 τῆς
2198 1498 2521 1571 Ἐκκλησίας
2566 1497 2663 1552 τοῦ
2694 1496 2828 1551 Θεοῦ
2873 1496 3308 1569 καθαρπάζοιντό
3356 1513 3518 1562 τινες,
3547 1496 3645 1549 καὶ

2057 1595 2137 1656 εἰς
2187 1590 2481 1662 ἐκκλησίας
2527 1590 2887 1661 ἀποφέροιντο
2917 1588 3387 1661 πονηρευομένων,
3413 1590 3533 1651 ταῖς
3559 1588 3645 1652 είς

2058 1685 2370 1755 φαυλότητα
2406 1684 2788 1755 παρατροπαῖς
2825 1681 2916 1735 τὸν
2949 1683 3148 1735 οἰκεῖον
3176 1680 3366 1751 ῶσπερ
3400 1697 3642 1734 καταπι-

2062 1777 2401 1848 πρὰσκοντες
2439 1773 2586 1838 νοῦν,
2622 1793 2641 1827 ι
2675 1773 2960 1845 Φθείρουσι
3005 1772 3116 1843 γὰρ
3138 1771 3241 1842 ἢθη
3273 1770 3488 1843 χρηστά
3510 1772 3639 1841 ὀμι-

2061 1869 2169 1922 λίαι
2198 1867 2387 1931 κακαὶ,
2426 1884 2445 1917 ι
2488 1865 2713 1923 θάνατον
2740 1863 2913 1936 ὁρίζει
2950 1863 3049 1935 τὴν
3085 1863 3240 1933 δίκην
3268 1865 3297 1917 ὁ
3334 1862 3500 1933 νόμος
3524 1864 3644 1926 τοῖς

2060 1960 2217 2015 τοῦτο
2263 1960 2396 2031 δρᾷν
2439 1956 2777 2013 ἀνοσιώτατα
2821 1955 3343 2027 προτεθυμημένοις.
3391 1954 3551 2018 Ἰδοις
3590 1955 3639 2007 δ’

2061 2051 2127 2107 ἂν
2150 2052 2282 2107 αὐτὸ
2303 2050 2547 2119 πλαγίως
2572 2051 2703 2120 ήμῖν
2736 2048 3100 2117 ὑποφαίνοντα
3135 2046 3298 2100 πάλιν
3321 2045 3509 2116 νόμον,
3540 2046 3645 2100 καὶ⁹

2060 2147 2127 2200 δι’
2159 2145 2347 2218 ἑτέρου
2398 2143 2896 2216 χρησμῳδήματος.
2940 2139 3353 2213 Καταρυθμίζει
3394 2139 3503 2210 γὰρ
3543 2139 3646 2193 ἐπὶ

2062 2238 2124 2293 τὸ
2150 2238 2272 2308 ἔχον
2318 2236 2495 2310 ὀρθῶς
2536 2236 2607 2290 τὰ
2636 2237 2693 2290 ἐν
2721 2235 2912 2306 κόσμῳ
2945 2234 3266 2305 πράγματα,
3295 2231 3385 2286 διὰ
3410 2232 3512 2302 τῆς
3540 2233 3645 2302 ἐμ-

2062 2329 2399 2400 φανεστέρας
2425 2329 2521 2382 καὶ
2549 2327 2769 2399 ἑτοίμης
2802 2326 2943 2380 ἐλεῖν
2969 2327 3079 2388 τοῖς
3102 2325 3346 2378 ἐθέλουσι
3378 2323 3639 2395 θεωρίας.

2061 2422 2135 2477 Οὐ
2165 2422 2273 2493 γάρ
2291 2439 2376 2474 τοι
2397 2419 2494 2492 τὴν
2515 2418 2753 2489 ἱστορίαν
2777 2416 2834 2471 ἐν
2854 2435 2919 2487 γε
2942 2420 3057 2479 τοῖς
3076 2418 3158 2470 ὅτι
3187 2415 3420 2488 μάλιστα
3443 2412 3644 2485 χρησί-

2064 2530 2185 2584 μοις
2211 2512 2287 2576 ῶς
2311 2512 2476 2566 ἕωλον
2520 2511 2908 2583 ἀναιρήσομεν.
2965 2509 3181 2578 Ὀνήσει
3231 2508 3342 2578 γὰρ
3388 2505 3501 2560 ἔσθ’
3544 2505 3643 2559 ὅτι

2062 2607 2154 2660 καὶ
2208 2604 2339 2659 αὐτὸ
2380 2604 2442 2657 τὸ
2484 2603 2719 2675 γράμμα
2761 2603 2890 2667 τοὺς
2927 2601 3337 2673 ἀκροωμένους,
3366 2598 3545 2653 ὠδίνει
3573 2598 3640 2651 δέ

2060 2697 2248 2767 ῶσπερ
2274 2698 2334 2752 ἐν
2363 2695 2517 2768 βάθει
2539 2695 2607 2749 τὰ
2635 2692 3004 2764 πνευματικὰ,
3036 2693 3130 2747 καὶ
3169 2690 3279 2745 τῶν
3311 2689 3640 2762 ίσχνοτέρων

2060 2784 2277 2839 ἐννοιῶν
2305 2786 2404 2856 τὴν
2420 2786 2651 2856 δύναμιν
2672 2785 2746 2848 ὡς
2773 2785 2831 2837 ἐν
2859 2784 3036 2846 σκιαῖς
3061 2781 3174 2853 ἔχει
3205 2780 3447 2843 λεπταῖς.
3482 2780 3637 2850 Ἔφη

2060 2878 2118 2932 δὲ
2148 2878 2206 2931 ἐν
2238 2882 2305 2950 τῇ
2348 2877 2543 2949 Ἐξόδῳ
2568 2877 2751 2932 πάλινο
2784 2892 2803 2928 ι
2854 2874 2978 2928 Ἐὰν
3011 2874 3070 2928 δέ
3098 2890 3180 2936 τις
3210 2873 3465 2943 ἀπατήσῃ
3489 2886 3637 2942 παρ-

2062 2967 2209 3022 θένον
2239 2968 2632 3040 ἁμνήστευτον,
2676 2967 2771 3020 καλ⁸
2803 2965 3040 3037 κοιμηθῇ
3077 2964 3195 3035 μετ’
3236 2963 3427 3034 αὐτῆς,
3458 2963 3633 3033 φερνῇ

374 3045 693 3103 mieritcum
715 3064 799 3115 ea,
825 3050 951 3108 dote
973 3053 1321 3110 dotabiteam
1334 3057 1439 3112 sibi
1460 3058 1514 3112 in
1531 3074 1757 3115 uxorem
1778 3064 1950 3133 :quod

2061 3062 2274 3132 φερνιεῖ
2322 3059 2490 3131 αὐτὴν
2539 3059 2720 3129 ἐαυτῷ
2775 3059 3028 3128 γυναῖκα.
3096 3055 3220 3110 Ἐἀν
3260 3055 3317 3108 δὲ
3353 3052 3634 3155 ἀνανεύων

372 3137 418 3190 si
444 3152 686 3194 renuens
724 3148 942 3206 renuat,
968 3149 1026 3196 et
1067 3143 1208 3198 nolit
1245 3151 1404 3214 pater
1449 3146 1600 3202 illius
1649 3149 1781 3206 dare
1806 3151 1952 3207 illam

372 3229 478 3285 sibi
513 3247 763 3298 uxorem,
814 3246 1101 3304 argentum
1149 3238 1331 3291 solvet
1381 3240 1524 3308 patri
1572 3242 1728 3312 juxta
1767 3244 1953 3301 dotem

371 3322 655 3392 virginum
678 3325 746 3380 ".
779 3345 799 3377 ι
855 3326 970 3382 Hoc
993 3328 1089 3384 Dei
1116 3338 1453 3400 praeceptum
1478 3332 1717 3390 dilatans
1758 3336 1953 3393 beatus

371 3412 584 3485 Moyses
626 3416 685 3472 in
727 3417 1191 3487 Deuteronomio,
1241 3422 1453 3494 inquit:
1488 3444 1506 3476 ι
1537 3424 1595 3481 Si
1630 3436 1815 3482 autem
1867 3428 1953 3483 in-

369 3514 571 3562 ventus
592 3507 758 3563 fuerit
778 3509 944 3566 homo
967 3511 1251 3569 dormiens
1284 3530 1411 3570 cum
1444 3515 1650 3573 femina
1684 3519 1949 3576 collocata

369 3595 510 3663 viro,
546 3600 812 3656 occidetis
837 3602 1050 3670 ambos,
1081 3606 1264 3661 virum
1304 3608 1671 3666 dormientem
1714 3627 1841 3668 cum
1864 3613 1947 3669 fe-

369 3684 537 3751 mina,
565 3697 622 3742 et
654 3690 941 3747 mulierem
966 3694 1177 3764 ipsam:
1204 3707 1261 3753 et
1293 3699 1512 3757 auferes
1554 3702 1759 3759 malum
1790 3705 1859 3761 de
1881 3706 1947 3761 ii-

370 3774 459 3830 liis
479 3775 665 3833 Israel.
693 3778 750 3834 Si
774 3790 958 3838 autem
992 3784 1161 3842 fuerit
1202 3790 1384 3858 puella
1427 3792 1584 3865 virgo
1620 3793 1948 3865 desponsata

368 3868 512 3935 viro,
543 3877 601 3926 et
626 3871 918 3932 inveniens
941 3892 1063 3932 eam
1090 3879 1258 3936 homo
1283 3882 1341 3937 in
1378 3884 1621 3951 civitate,
1656 3887 1948 3945 dormierit

367 3976 492 4014 cum
530 3960 677 4031 ipsa:
703 3964 954 4023 educetis
982 3969 1174 4027 ambos
1198 3973 1267 4028 ad
1290 3982 1506 4045 portam
1534 3979 1773 4036 civitatis
1795 3981 1946 4051 ipso-

369 4067 515 4117 rum,
540 4062 598 4108 et
620 4055 898 4126 lapidibus
920 4061 1251 4131 obruentur,
1276 4076 1334 4122 et
1370 4070 1717 4138 morientur;
1755 4072 1945 4127 adole-

367 4145 696 4213 scentulam,
741 4150 871 4219 quia
911 4168 1025 4209 non
1062 4154 1321 4214 clamavit
1353 4160 1409 4216 in
1440 4163 1699 4230 civitate;
1735 4171 1794 4219 et
1835 4165 1943 4220 ho-

367 4233 595 4303 minem,
645 4239 776 4308 quia
810 4241 1124 4301 humiliavit
1168 4265 1397 4306 uxorem
1443 4253 1677 4322 proximi
1721 4255 1837 4310 sui:
1886 4264 1946 4311 et

365 4325 626 4383 auferetis
647 4331 1090 4392 malumavobis
1118 4339 1271 4409 ipsis.
1320 4341 1417 4395 Sin
1468 4352 1652 4400 autem
1702 4346 1761 4401 in
1810 4363 1943 4417 agro

2054 3152 2354 3225 ἀνανεύσῃ,
2388 3153 2485 3206 καὶ
2523 3151 2598 3224 μὴ
2642 3151 2899 3222 βούληται
2951 3152 2981 3204 ὁ
3025 3148 3209 3220 πατὴρ
3236 3146 3407 3216 αὐτῆς
3446 3144 3632 3198 δοῦναι

2054 3245 2224 3316 αὐτὴν
2274 3244 2424 3315 αύτῷ
2454 3247 2711 3313 γυναῖκα,
2736 3241 3001 3316 ἀργύριον
3050 3240 3299 3296 ἀποτίσει
3334 3237 3413 3308 τῷ
3460 3237 3636 3306 πατρὶ

2053 3332 2172 3387 καθ’
2199 3335 2323 3388 ὅσον
2366 3335 2515 3386 ἐστὶν
2562 3336 2594 3404 ή
2634 3334 2804 3405 φερνή
2838 3333 2945 3388 τῶν
2975 3330 3278 3403 παρθένων.
3311 3347 3329 3381 ι
3372 3327 3636 3400 Ἀνευρύ-

2051 3442 2156 3479 νων
2206 3424 2265 3479 δὲ
2302 3425 2492 3496 ὥσπερ
2524 3427 2654 3496 ἡμῖν
2698 3426 2797 3497 τὴν
2828 3424 2977 3479 θείαν
3006 3422 3246 3495 ἐντολὴν,
3275 3424 3304 3475 ὁ
3341 3420 3632 3484 θεσπέσιος

2049 3516 2257 3586 Μωσῆς
2289 3518 2348 3570 ὲν
2386 3518 2463 3589 τῷ
2508 3518 2911 3591 Δευτερονομίῳ
2952 3518 3146 3591 φησίνο
3209 3536 3228 3572 ι
3274 3516 3400 3572 Ἐὰν
3442 3516 3499 3569 δὲ
3533 3516 3632 3569 εὐ-

2054 3609 2180 3681 ρεθῇ
2230 3608 2514 3681 ἄνθρωπος
2576 3611 2919 3683 κοιμώμενος
3007 3612 3148 3682 μετὰ
3201 3610 3457 3680 γυναικὸς
3497 3625 3627 3663 συν-

2048 3700 2358 3770 ῳκισμένης
2382 3700 2557 3773 ἀνδρὶ,
2588 3704 2935 3757 ἀποκτενεῖτε
2953 3703 3317 3775 ἀμφοτέρους,
3336 3701 3430 3756 τόν
3453 3701 3629 3772 ἄνδρα

2047 3796 2138 3850 τὸν
2161 3795 2505 3866 κοιμώμενον
2530 3794 2666 3866 μετὰ
2694 3796 2792 3866 τῆς
2822 3796 3099 3863 γυναικὸς,
3124 3795 3219 3850 καὶ
3239 3794 3340 3867 τὴν
3364 3796 3627 3864 γυναῖκα,

2047 3889 2143 3943 καὶ
2185 3886 2400 3960 ἐξαρεῖς
2442 3888 2505 3942 τὸ
2545 3889 2781 3959 πονηρὸν
2828 3886 2889 3952 ἐξ
2943 3887 3073 3941 υίῶν
3107 3885 3344 3958 Ἰσραήλ.
3389 3886 3518 3941 Ἐὰν
3565 3884 3628 3938 δὲ

2046 3980 2270 4051 γένηται
2297 3978 2568 4050 παρθένος
2603 3978 3060 4049 μεμνηστευμένη
3108 3978 3282 4050 ἀνδρὶ,
3322 3979 3417 4032 καὶ
3446 3977 3629 4048 εὑρὼν

2047 4074 2216 4144 αὐτὴν
2240 4071 2525 4143 ἄνθρωπος
2553 4073 2612 4125 ὲν
2655 4072 2835 4134 πόλει,
2872 4070 3110 4142 κοιμηθῇ
3140 4071 3255 4140 μετ’
3306 4068 3499 4139 αὐτῆς,
3536 4068 3627 4134 ἐξ-

2046 4163 2201 4230 ἀξετε
2230 4162 2574 4234 ἀμφοτέρους
2594 4162 2686 4216 ἐπὶ
2725 4162 2824 4234 τὴν
2851 4161 3028 4233 πύλην
3060 4162 3159 4231 τῆς
3181 4160 3392 4222 πόλεως
3412 4157 3623 4224 αὐτῶν,

2047 4256 2140 4310 καὶ
2165 4254 2678 4326 λιθοδοληθήσονται
2713 4256 2772 4309 ἐν
2809 4254 2999 4319 λίθοις,
3043 4254 3137 4308 καὶ
3180 4251 3619 4306 ἀποθανοῦνται·

2044 4347 2141 4420 τὴν
2171 4348 2372 4408 νεάνιν,
2398 4349 2481 4401 ὅτι
2505 4348 2605 4400 οὑκ
2631 4346 2856 4417 ἐϐόησεν
2884 4348 2941 4400 ἐν
2970 4349 3036 4417 τῇ
3076 4345 3251 4409 πόλει,
3283 4344 3378 4399 καὶ
3409 4342 3500 4398 τὸν
3523 4342 3627 4396 ἄν·

365 4415 643 4475 invenerit
665 4420 831 4479 homo
853 4427 1092 4495 puellam
1124 4428 1532 4499 desponsatam,
1581 4442 1639 4489 et
1667 4436 1721 4490 vi
1754 4415 1943 4507 oppri-

2053 4441 2285 4510 θρωπον,
2341 4439 2423 4492 ὅτι
2475 4438 2807 4492 ἐταπείνωσε
2844 4439 2944 4509 τὴν
2989 4438 3226 4507 γυναῖκα
3254 4435 3349 4490 τοῦ
3390 4434 3627 4505 πλησίον

364 4522 524 4565 mens
574 4511 867 4571 dormierit
909 4533 1036 4572 cum
1069 4534 1154 4583 ea,
1191 4521 1458 4576 occidetis
1500 4524 1798 4593 hominem,
1846 4530 1941 4599 qui

363 4601 629 4659 dormivit
658 4621 784 4662 cum
809 4624 896 4673 ea,
939 4610 1239 4679 duntaxat;
1295 4613 1718 4673 adolescentula:
1757 4630 1941 4677 autem

363 4694 505 4749 nihil
560 4696 805 4755 facietis:
853 4716 966 4756 non
1025 4704 1132 4758 erit
1193 4706 1615 4767 adolescentulaa
1657 4722 1942 4783 peccatum

363 4787 588 4856 mortis;
615 4792 746 4861 quia
789 4791 933 4848 sicut
984 4795 1030 4851 si
1055 4797 1179 4867 quis
1218 4799 1472 4873 insurgat
1516 4803 1683 4861 homo
1730 4806 1787 4861 in
1811 4823 1942 4878 pro-

362 4879 576 4936 ximum
620 4899 782 4940 suum
808 4926 823 4951 ,
852 4896 909 4942 et
936 4890 1152 4946 occidat
1175 4894 1296 4964 ejus
1318 4896 1579 4963 animam,
1622 4898 1703 4954 sic
1724 4899 1831 4956 hoc
1854 4902 1935 4963 fa-

362 4978 547 5040 ctum;
578 4977 711 5045 quia
739 4979 796 5033 in
820 4995 952 5050 agro
977 4981 1189 5038 invenit
1241 5001 1385 5054 eam,
1432 4989 1691 5045 clamavit
1746 4992 1937 5050 adole-

363 5065 614 5120 scentula
660 5068 1012 5139 desponsata,
1065 5082 1123 5129 et
1173 5090 1285 5131 non
1339 5078 1462 5143 fuit,
1507 5081 1603 5150 qui
1652 5082 1938 5153 adjuvaret

360 5156 568 5210 eam".
605 5176 624 5207 ι
653 5159 812 5232 257
865 5162 1023 5230 Quod
1048 5166 1215 5235 igitur
1237 5167 1304 5223 ad
1342 5170 1628 5226 historiam
1674 5176 1934 5243 pertinet,

361 5246 532 5311 nulla,
566 5256 629 5303 ut
655 5251 873 5321 opinor,
920 5258 1265 5326 expositione
1312 5260 1542 5331 indiget,
1570 5272 1631 5318 ut
1675 5266 1933 5335 cuiquam

360 5339 649 5408 perspicua
671 5342 797 5398 ﬁat:
824 5356 1013 5416 aperta
1035 5357 1167 5403 sunt
1186 5351 1332 5405 enim
1357 5354 1542 5410 omnia
1562 5364 1726 5427 atque
1754 5360 1931 5414 mani-

359 5428 527 5487 festa:
577 5438 937 5505 quamobrem
987 5440 1126 5509 haec,
1171 5451 1235 5498 ut
1276 5444 1413 5499 mihi
1478 5447 1715 5513 videtur,
1768 5451 1933 5508 nobis

360 5518 662 5579 omittenda
705 5535 834 5582 sunt
881 5527 950 5582 ad
1006 5546 1269 5601 praesens,
1301 5541 1357 5589 et
1382 5550 1481 5604 per
1522 5536 1843 5594 interiorem
1869 5542 1933 5595 il-

2039 4530 2242 4584 αὐτοῦ’
2292 4530 2383 4584 καὶ
2413 4527 2659 4600 ἐξαρεῖτε
2708 4528 2769 4583 τὺ
2819 4529 3052 4601 πονηρὸν
3102 4528 3162 4594 ἑξ
3211 4526 3366 4599 ὑμῶν
3411 4526 3620 4582 αὐτῶν.

2052 4623 2178 4676 Ἐὰν
2201 4621 2258 4675 δὲ
2281 4623 2340 4675 ἐν
2374 4621 2541 4692 πεδίῳ
2565 4620 2698 4693 εὕρῃ
2739 4620 3025 4693 ἄνθρωπος
3058 4621 3159 4691 τὴν
3198 4619 3628 4692 psum}va-

2039 4727 2157 4781 νην,
2197 4710 2295 4764 καὶ
2335 4709 2663 4780 βιασάμενος
2704 4708 2942 4781 κοιμηθῇ
2993 4709 3112 4779 μετ’
3156 4708 3347 4780 αὐτῆς,
3377 4708 3638 4792 huic“:

2040 4804 2180 4855 νεῖτε
2221 4801 2312 4856 τὸν
2363 4802 2669 4873 ἄνθρωπον,
2725 4803 2818 4856 τὸν
2865 4799 3208 4873 κοιμώμενον
3254 4800 3375 4872 μετ’
3418 4798 3621 4870 αὐτῆς.

2047 4896 2235 4966 μόνον’
2292 4893 2444 4966 τῇδὲ
2481 4893 2681 4948 νεάνιδι
2720 4895 2981 4964 ποιήσετε
3019 4892 3193 4958 οὐδὲν,
3227 4891 3330 4945 οὐκ
3366 4888 3520 4944 ἔσται
3547 4891 3619 4962 τῇ

2041 4985 2239 5039 νεάνιδι
2269 4985 2575 5055 ἁμάρτημα
2607 4982 2864 5049 θανάτου,
2894 4984 2976 5037 ὅτι
3014 4982 3090 5046 ὡς
3124 4981 3181 5035 ετ
3219 4997 3304 5045 τις
3336 4982 3620 5052 ἐπαναστῇ

2042 5076 2325 5148 ἅνθρωπος
2358 5075 2450 5128 ἐπὶ
2493 5074 2585 5129 τὸν
2626 5074 2854 5145 πλησίον
2897 5071 3085 5137 αὑτοῦ,
3124 5071 3221 5127 καὶ
3508 5069 3621 5127 αὖ·

2041 5171 2134 5225 τοῦ
2170 5170 2268 5241 τήν
2309 5169 2508 5241 ψυχὴν,
2547 5168 2721 5234 οὕτως
2756 5171 2818 5224 τὸ
2861 5171 3094 5241 πρᾶγμα
3129 5164 3504 5231 ecfatam-iv
3533 5161 3623 5235 τῷ

2043 5262 2198 5333 ἀγρῷ
2224 5255 2385 5333 εὗρεν
2412 5262 2601 5332 αὐτὴν,
2630 5262 2855 5332 ἐϐόησεν
2896 5263 2929 5332 ἡ
2959 5261 3140 5324 νεάνις
3178 5261 3214 5331 ἡ
3268 5270 3621 5330 μεμνηστευ-

2044 5356 2202 5425 μένη.
2232 5356 2327 5409 καὶ
2347 5356 2376 5407 ό
2402 5354 2684 5426 βοηθήσων
2704 5354 2805 5407 οὐκ
2831 5349 2900 5424 ἦν
2929 5352 3087 5423 αὐτῇ.
3130 5370 3149 5403 ι
3171 5350 3245 5404 Τὸ
3276 5349 3372 5421 μὲν
3402 5343 3619 5418 οὗντῆς

2042 5447 2296 5517 ἱστορίας,
2317 5445 2529 5509 οὐδενὸς
2556 5441 2711 5516 οἶμαί
2737 5461 2836 5498 που
2859 5444 3148 5516 δεήσεσθαι
3177 5442 3360 5511 λόγου,
3389 5439 3525 5512 πρὸς
3553 5438 3618 5493 τὸ

2042 5539 2277 5594 συνιέναι
2313 5536 2568 5591 δύνασθαί
2599 5553 2709 5590 τισι
2732 5553 2747 5568 ο
2786 5539 2929 5607 σαφῆ
2959 5536 3069 5606 γὰρ
3098 5533 3217 5588 λίαν
3242 5533 3337 5587 καὶ
3379 5529 3612 5603 ἐναργῆ.

467 5698 509 5784 ξ’
536 5698 600 5766 ll,
625 5701 892 5775 Joanaio.
956 5707 1002 5740 "
1027 5708 1073 5762 ll
1105 5710 1230 5766 Cor.
1253 5728 1323 5777 vr,
1368 5712 1449 5768 13.
1511 5716 1551 5748 ⁷³
1586 5716 1603 5770 l
1631 5718 1755 5774 Cor.
1787 5735 1874 5786 xv,
1902 5719 1987 5775 35.
2040 5721 2083 5753 ⁷³
2121 5721 2289 5777 Exod.
2318 5738 2450 5789 xm,
2484 5719 2569 5788 16,
2607 5720 2691 5774 l7.
2757 5720 2802 5753 ⁷³
2826 5702 2984 5776 Deut:
3012 5718 3238 5790 “11,23
3269 5729 3425 5791 seqq.
