3990 6196
267 320 360 377 ειι

974 317 1062 373 DE
1100 316 1539 375 ADORATIONE
1576 319 1644 373 IN
1684 317 1955 377 SPIIIITU
1997 322 2085 377 ΕΤ
2128 322 2497 378 νειιιτΑΤε.
2540 323 2668 378 LIB.
2711 326 2847 382 VIII.

3425 330 3532 386 5'52

270 434 361 486 Δεῖ
385 431 446 485 δὲ
477 428 648 501 ἡμᾶς,
684 426 760 492 ὡς
789 425 956 492 ἔοικε,
978 428 1137 480 ταυτὶ
1174 427 1434 497 μεθέντας
1453 430 1533 493 είς
1561 428 1622 484 τὸ
1656 429 1851 501 παρὸν,

1968 434 2064 487 lam
2090 432 2562 502 occultioremque
2623 436 2876 490 semitam
2939 443 3025 492 est
3052 424 3061 430 ’
3087 428 3528 511 ingrediendum.

269 524 365 596 τὴν
396 522 508 576 ἔσω
534 537 594 575 τε
637 519 732 573 καὶ
768 517 1163 589 κεκρυμμένην
1188 517 1326 571 ἰέναι
1359 517 1566 589 τρίϐον.

338 614 548 668 ΠΔΛΑ.
574 610 723 665 Πάνυ
751 610 850 680 μὲν
874 605 990 663 οὖν.

335 705 505 759 ΚΥΡ.
542 704 690 774 Φημὶ
717 701 781 772 δὴ
817 697 934 767 οὖν,
965 702 1047 756 ὅτι
1077 700 1267 773 ὥσπερ
1296 702 1354 755 ὲν
1386 704 1499 765 τοῖς
1520 703 1600 766 είς
1619 702 1854 771 γυναῖκα

273 793 738 867 πλημμελήμασι,
783 791 845 845 τὸ
898 791 1117 846 πάντων
1168 792 1235 847 ἂν
1267 793 1351 864 είη
1404 793 1780 863 παγχάλεπον,
1815 795 1849 864 ἡ

274 885 529 960 μοιχεία,ξ
555 885 648 939 τὸν
690 882 878 953 ἑτέρου
931 882 1076 946 τινὸς
1122 881 1476 954 παραλύουσα
1513 883 1712 954 γάμον,
1759 883 1855 937 καὶ

269 978 379 1032 τῶν
430 976 533 1048 ἠδη
569 974 932 1046 συνημμένων
963 973 1193 1028 ποιοῦσα
1241 973 1534 1042 διάζευξιν,
1586 975 1727 1029 κατὰ
1759 975 1855 1029 τὸν

270 1070 459 1135 αὑτὸν,
497 1065 674 1139 οἶμαι,
706 1068 920 1122 τουτονὶ
967 1066 1191 1138 τρόπον,
1237 1066 1346 1121 τῶν
1386 1069 1467 1131 εἰς
1510 1066 1856 1139 ἀνθρωπίνας

268 1162 452 1234 ψυχὰς
496 1160 858 1232 αίτιαμάτων,
893 1159 955 1212 τὸ
984 1159 1202 1213 πάντων
1250 1158 1488 1229 μάλιστά
1523 1161 1639 1213 ἐστι
1668 1159 1856 1212 δυσσε-

271 1252 530 1325 ειπερόν
560 1269 621 1307 τε
667 1252 760 1306 καὶ
789 1250 1213 1322 ἀφορητότερον.
1257 1251 1319 1303 τὸ
1359 1250 1713 1322 ἐπιτηδεῦσαι
1751 1250 1854 1319 τὴν

271 1343 651 1416 παραφθορὰν,
692 1342 792 1397 οὐκ
837 1344 917 1404 είς
938 1342 1038 1414 τὴν
1067 1341 1336 1412 τυχοῦσαν
1365 1340 1569 1405 ἁπλῶς,
1606 1341 1742 1395 ἀλλὰ
1776 1342 1856 1403 είς

272 1434 368 1505 τὴν
410 1434 513 1504 ἤδη
561 1432 766 1503 τρόπον
813 1431 937 1485 τινὰ
982 1431 1395 1502 συνῳκισμένην
1422 1431 1517 1485 καὶ
1566 1429 1856 1484 ένωθεῖσαν

270 1524 513 1596 Χριστῷ,
548 1521 625 1593 τῷ
650 1522 854 1576 ἄνωθέν
878 1539 937 1574 τε
961 1521 1057 1575 καὶ
1083 1521 1143 1587 ἐξ
1164 1520 1395 1593 οὐρανοῦ
1418 1523 1639 1593 νυμφίῳ
1658 1538 1672 1552 ·
1705 1518 1857 1573 ἐνού-

277 1615 417 1687 μεθα
459 1615 569 1686 γὰρ
611 1614 763 1685 αὐτῷ
812 1614 902 1668 διά
942 1631 1002 1667 τε
1030 1614 1131 1685 τῆς
1179 1614 1433 1679 πίστεως,
1479 1613 1574 1667 καὶ
1608 1611 1853 1683 προσέτι,

2022 612 2219 668 PALL.
2248 612 2390 669 Sane
2415 612 2661 683 quidem.

2020 704 2179 759 (ΝΒ.
2228 704 2488 760 Arbitror
2525 706 2694 776 igitur
2736 714 2797 762 ut
2828 708 2975 764 inter
3019 721 3243 781 peccata
3270 712 3327 768 in
3368 712 3531 770 femi-

1952 809 2080 849 nam
2136 795 2377 851 admissa
2419 798 2807 867 gravissimum
2850 808 2937 856 est
2985 801 3337 866 adulterium,
3383 807 3530 876 quod

1953 884 2173 956 nuptias
2187 886 2418 941 alterius
2442 887 2632 954 violet,
2661 896 2717 943 et
2741 891 2853 959 jam
2877 893 3487 967 conjunctosdisjungat
3514 913 3529 963 ;

1954 977 2037 1033 sic
2059 993 2287 1048 prorsus
2310 979 2605 1033 criminum
2630 980 2687 1034 in
2710 981 2979 1037 humanas
3014 984 3223 1039 animas
3252 996 3534 1058 perpetra-

1955 1076 2140 1122 torum
2165 1068 2413 1123 omnium
2462 1069 2699 1125 maxime
2742 1070 3041 1137 nefarium,
3080 1089 3146 1128 ac
3192 1076 3418 1133 minime
3448 1078 3527 1134 fe-

1955 1158 2192 1214 rendum
2223 1175 2366 1225 esse,
2393 1161 2577 1215 moliri
2598 1163 2987 1232 corruptelam,
3017 1180 3126 1218 non
3153 1165 3208 1219 in
3232 1170 3535 1236 quamlibet

1955 1250 2194 1306 animam
2223 1260 2452 1318 temere,
2470 1253 2568 1308 sed
2592 1254 2649 1308 in
2672 1269 2792 1308 eam
2832 1270 2954 1325 qua:
2970 1257 3082 1327 jam
3109 1257 3274 1313 modo
3296 1262 3531 1329 quodam

1956 1342 2221 1397 collocata
2266 1351 2386 1397 erat
2423 1351 2480 1397 et
2518 1345 2810 1415 conjuncta
2853 1345 3074 1403 Christo
3102 1388 3116 1414 ,
3166 1364 3409 1419 superno
3453 1351 3535 1406 illi

1963 1433 2286 1503 caelestique
2311 1448 2513 1504 sponso
2533 1452 2546 1488 :
2569 1435 2852 1506 iungimur
2876 1446 3061 1492 autem
3087 1439 3165 1493 illi
3212 1455 3311 1510 per
3335 1440 3498 1495 fidem
3518 1481 3534 1507 ,

1955 1536 2011 1581 et
2038 1534 2305 1595 praeterea
2340 1542 2440 1595 per
2492 1526 2732 1597 Spiritus
2782 1531 2956 1585 sancti
3008 1532 3534 1604 participationem:

1965 1636 1983 1670 ‹
2013 1615 2117 1683 Qui
2140 1617 2288 1672 enim
2311 1618 2556 1674 adhaeret
2582 1620 2835 1686 Domino,
2880 1639 3025 1679 unus
3052 1625 3281 1695 spiritus
3310 1627 3479 1685 est”.
3509 1645 3529 1679 ιι

272 1705 364 1760 τοῦ
394 1705 726 1777 μεταλαχεῖν
757 1705 913 1774 ἁγίου
944 1704 1262 1776 Πνεῦματος
1284 1722 1299 1736 ο
1339 1724 1358 1757 ι
1415 1704 1472 1758 '0
1503 1704 1614 1777 γὰρ
1652 1701 1855 1757 κολλώ-

1968 1709 2261 1765 secundum
2276 1709 2748 1781 ScripturasJure
2763 1714 2946 1784 itaque
2958 1717 3044 1771 lex
3062 1717 3224 1771 simul
3239 1732 3363 1772 cum
3376 1718 3544 1774 adul-

277 1816 436 1871 μενος
463 1798 542 1869 τῷ
576 1799 786 1869 Κυρίῳ,
817 1797 874 1851 ’ἐν
906 1798 1124 1870 πνεῦμά
1153 1800 1291 1865 ἐστι,
1334 1816 1353 1850 ι
1388 1796 1530 1852 κατὰ
1573 1798 1673 1861 τὰς
1712 1796 1854 1866 Γρα-

1968 1807 2170 1855 Lerante
2182 1798 2544 1855 adulteratam
2561 1818 2783 1873 quoque
2796 1814 2971 1859 morte
2994 1807 3193 1862 multat
3210 1826 3223 1860 :
3251 1809 3404 1862 illum
3417 1808 3540 1879 qui-

274 1892 401 1960 φάς.
440 1888 669 1960 Θανάτῳ
711 1888 775 1959 δὴ
808 1884 900 1943 οὖν
929 1889 959 1941 ὁ
1001 1888 1168 1958 νόμος
1212 1890 1439 1959 τιμᾶται
1469 1889 1693 1952 δικαίως
1717 1886 1855 1959 ὁμοῦ

273 1982 350 2053 τῷ
370 1981 719 2055 μοιχεύσαντι
765 1980 864 2051 τὴν
894 1980 1366 2052 πεπορνευμένην,
1394 1980 1490 2035 καὶ
1524 1980 1616 2033 τὸν
1641 1979 1739 2051 μὲν
1781 1977 1857 2041 ὡς

276 2073 492 2128 ὲνιέντα
528 2074 630 2142 τῆς
656 2072 883 2145 ἐνούσης
912 2072 1062 2144 αὐτῷ
1087 2071 1410 2135 δυσσεϐείας
1442 2071 1511 2125 τὰ
1542 2070 1856 2141 σπέρματα,

275 2173 373 2243 τὴν
402 2171 484 2237 δὲ,
522 2171 605 2225 ὅτι
631 2170 724 2224 τὸν
762 2171 863 2242 τῆς
894 2170 1247 2241 γνησιότητος
1279 2168 1625 2239 ἀτιμάζουσα
1669 2166 1856 2237 νόμον,

224 2244 239 2255 Δ
279 2262 448 2334 ἑτέρῳ
467 2262 680 2332 γέγονε,
707 2262 803 2316 καὶ
820 2264 939 2327 ταῖς
965 2260 1176 2315 ἑκείνου
1205 2260 1591 2332 παραφθοραῑς
1613 2255 1859 2312 ἁπλοῦσα

278 2358 367 2414 τὸν
398 2357 546 2425 νοῦν,
574 2356 667 2411 τὸν
693 2357 753 2424 ἐξ
785 2355 1144 2428 ἀνθρωπίνων
1184 2354 1517 2427 εὑρημάτων
1551 2351 1860 2419 εἰσεδέξατο

281 2449 578 2520 μολυσμόν.

346 2539 560 2595 ΠΔΛΛ.
601 2537 833 2602 Πιθανὸς
857 2539 886 2592 ὁ
912 2537 1093 2606 λόγος.

346 2630 510 2685 ΚΥΡ.
554 2630 778 2685 Γυναικὶ
827 2629 928 2701 μὲν
960 2624 1076 2693 οὖν,
1113 2626 1272 2698 ἀνδρὶ
1300 2624 1445 2679 κατὰ
1484 2625 1682 2695 νόμους
1733 2637 1862 2676 συν-

278 2722 581 2795 ῳκισμένῃ,
627 2718 1022 2792 παρεικαστέον
1068 2712 1128 2771 εῦ
1160 2716 1307 2788 μάλα
1347 2715 1449 2787 τὴν
1496 2714 1586 2768 διὰ
1624 2710 1862 2776 πίστεώς

280 2827 337 2868 τι
365 2814 463 2869 καὶ
482 2812 801 2883 Πνεῦματος
825 2809 1048 2883 Χριστῷ
1078 2808 1488 2880 συνῳκισμένην
1519 2807 1615 2860 καὶ
1647 2805 1863 2859 ὲνωθεϊ-

283 2923 380 2959 σαν
406 2905 611 2976 ψυχήν.
645 2903 922 2976 Παρθένον
953 2902 1011 2955 δὲ
1055 2897 1196 2956 εἶναι
1241 2898 1730 2972 μεμνηστευμένην
1775 2897 1864 2951 λο-

280 2999 569 3070 γιούμεθα,
605 2998 704 3069 τὴν
751 2995 1098 3067 κεκλημένην
1127 2996 1208 3058 είς
1235 2991 1413 3065 ἀρχὰς
1444 2991 1698 3061 γνώσεως
1724 2990 1862 3061 ἀλη-

1957 1889 2107 1956 dem,
2140 1900 2202 1945 ut
2246 1892 2345 1961 qui
2389 1892 2693 1963 impietatis
2739 1897 2948 1950 semina
2994 1912 3116 1966 qua:
3145 1897 3250 1952 sibi
3294 1899 3534 1963 inerant,

1958 1981 2255 2037 infuderit:
2282 1983 2433 2038 illam
2455 1999 2609 2049 vero,
2638 1985 2768 2055 quia
2793 1988 3125 2057 contemptis
3146 1986 3427 2043 ﬁdelitatis
3454 1987 3538 2041 le-

1958 2072 2137 2144 gibus,
2166 2073 2327 2129 alteri
2358 2074 2544 2144 juncta
2581 2075 2673 2139 sit,
2726 2075 2985 2146 illiusque
3022 2077 3356 2147 corruptelis
3380 2093 3539 2133 men-

1960 2170 2070 2217 tem
2107 2163 2389 2232 aperiens,
2446 2179 2516 2218 ex
2564 2162 2822 2220 humanis
2843 2167 3171 2223 commentis
3223 2167 3404 2224 labem
3437 2166 3539 2223 ad-

1958 2253 2198 2310 miserit.

2031 2540 2230 2597 PALL.
2252 2539 2563 2596 Probabilis
2599 2542 2796 2597 oratio.

2032 2633 2193 2689 (ΠΒ.
2217 2633 2434 2689 Mulieri
2465 2632 2653 2705 igitur,
2678 2634 2801 2690 viro
2835 2637 3142 2692 secundum
3171 2634 3321 2705 leges
3363 2630 3537 2689 collo-

1962 2723 2432 2793 cataz,persimilis
2454 2731 2540 2779 est
2566 2739 2632 2779 ea
2659 2725 2843 2781 anima
2884 2726 3132 2797 putanda
3176 2739 3297 2795 quae
3340 2740 3440 2795 per
3473 2722 3542 2780 ϐα

1962 2815 2086 2870 dem
2106 2829 2171 2870 ac
2196 2813 2464 2884 Spiritum
2512 2815 2735 2872 Christo
2756 2825 2841 2872 est
2898 2819 3162 2874 collocata
3202 2825 3364 2887 atque
3413 2832 3545 2876 con-

1957 2907 2170 2978 juncta.
2232 2906 2627 2976 Desponsatam
2672 2923 2808 2963 vero
2870 2908 3140 2980 virginem
3194 2906 3541 2978 putabimus,

1963 3011 2086 3066 qua:
2116 2995 2185 3050 ad
2224 2996 2382 3051 initia
2419 3012 2564 3052 verae
2590 2998 2923 3069 cognitionis
2946 3007 3139 3053 vocata
3189 3007 3275 3053 est
3302 2997 3394 3052 illa
3417 2998 3544 3067 qui-

282 3091 426 3156 θοῦς,
463 3088 619 3143 οὔπω
651 3088 711 3141 δὲ
738 3085 998 3151 ὁλοτελῶς
1033 3086 1330 3140 ἐνωθείσαν
1356 3083 1598 3156 Χριστῷ,
1631 3080 1863 3154 περιμέ-

1968 3087 2113 3156 dem,
2136 3104 2248 3142 non
2275 3096 2457 3143 tamen
2485 3089 2668 3144 adhuc
2690 3090 2935 3159 perfecte
2958 3090 3179 3147 Christo
3228 3093 3542 3161 conjuncta,

282 3182 479 3237 νουσάν
520 3197 581 3234 τε
631 3181 713 3233 ἔτι
758 3178 1011 3249 καθάπερ
1057 3176 1182 3232 τινὰ
1206 3176 1385 3247 γάμον
1428 3176 1525 3230 καὶ
1567 3173 1862 3244 συναφείας

280 3274 482 3347 τρόπον
516 3272 609 3327 τὸν
657 3269 1033 3342 ἀληθέστερον,
1064 3271 1162 3340 τὴν
1203 3268 1293 3323 διὰ
1324 3268 1420 3322 τοῦ
1479 3268 1637 3337 ἁγίου
1672 3267 1866 3337 βαπτί-

284 3380 489 3433 σματος
528 3362 707 3434 χάριν,
735 3361 831 3415 καὶ
852 3360 950 3432 τὴν
978 3358 1073 3413 τοῦ
1101 3359 1256 3428 ἁγίου
1283 3357 1599 3429 Πνεῦματος
1623 3355 1864 3428 μέθεξιν,

282 3452 583 3525 appaream
625 3469 688 3520 γε
736 3452 865 3522 μὴν,
907 3450 1004 3503 καὶ
1043 3448 1262 3519 ὁμιλίας
1300 3446 1490 3517 ὥσπερ
1531 3447 1727 3517 ἀρχὴν,
1774 3443 1867 3498 τὸν

283 3546 380 3616 τῆς
415 3545 775 3615 κατηχήσεως
804 3543 959 3612 λόγον
1005 3540 1437 3610 είσδεδεγμένην.
1472 3538 1629 3593 Οὕτω
1675 3538 1776 3609 τὴν
1808 3535 1867 3602 ὲξ

286 3635 456 3687 ἐθνῶν
496 3632 820 3704 Ἐκκλησίαν
844 3635 873 3686 ό
905 3633 1047 3695 θεῖος
1075 3633 1207 3701 ἡμῖν
1240 3629 1619 3701 μυσταγωγὸς,
1654 3627 1867 3692 Παῦλος

286 3727 342 3781 δὲ
370 3722 546 3793 οὗτος,
588 3726 927 3797 παρεκόμισε
953 3724 1030 3796 τῷ
1059 3723 1282 3796 Χριστῷ
1302 3740 1315 3754 ·
1356 3723 1552 3795 γράφει
1589 3721 1699 3793 γὰρ
1724 3714 1827 3776 ὧδε
1848 3737 1863 3753 ’

293 3838 314 3871 ι
364 3819 727 3890 ’Πρμοσάμην
754 3818 865 3889 γὰρ
904 3819 1049 3888 ὑμᾶς
1079 3816 1159 3870 ἐνὶ
1199 3815 1376 3886 ἀνδρὶ,
1402 3814 1674 3885 παρθένον
1698 3813 1867 3883 ἁγνὴν

290 3911 638 3982 παραστῆσαι
665 3910 743 3981 τῷ
779 3910 1018 3980 Χριστῷ.
1050 3928 1068 3961 ι
1102 3908 1212 3961 Καὶ
1243 3908 1407 3971 αὐτὸς
1433 3907 1489 3961 δέ
1512 3906 1613 3960 πού
1639 3923 1805 3977 φησιν
1838 3908 1867 3960 ὁ

289 4002 541 4075 Νυμφίος
568 4002 656 4057 διά
685 4002 871 4072 φωνῆς
900 4000 1227 4073 προφητῶνθ
1266 4016 1285 4050 ι
1320 3998 1431 4053 Καὶ
1461 3997 1867 4069 μνηστεύσομαί

290 4115 349 4150 σε
394 4096 618 4168 ἐμαυτῷ
661 4096 742 4159 είς
798 4095 890 4148 τδν
928 4093 1130 4157 αἰῶνα,
1185 4094 1245 4147 ὲν
1295 4091 1633 4163 δικαιοσύνῃ,
1674 4091 1768 4143 καὶ
1808 4090 1869 4143 ὲν

291 4191 537 4262 κρίματι,
574 4188 669 4242 καὶ
709 4188 766 4240 ὲν
796 4186 951 4254 ἐλέῳ,
999 4186 1093 4239 καὶ
1120 4186 1179 4239 ἐν
1208 4184 1545 4255 οίκτιρμοῖς’
1590 4181 1866 4261 καίλκμνη-

292 4281 590 4351 στεύσομαί
622 4297 680 4333 σε
705 4280 765 4332 ὲν
788 4277 992 4342 πίστει,
1022 4278 1117 4331 καὶ
1146 4275 1425 4347 ὲπιγνώσῃ
1452 4275 1544 4329 τὸν
1579 4274 1802 4345 Κύριον.
1844 4291 1863 4326 ι

292 4373 352 4426 Et
382 4372 564 4426 τοίνυν
603 4371 833 4440 γένοιτο,
870 4370 1024 4440 φησὶ,
1056 4369 1157 4440 τῆς
1186 4366 1545 4441 παραφθορᾶς
1568 4366 1640 4420 τὰ
1667 4365 1866 4438 ἐγκλή-

294 4481 462 4535 ματα,
490 4465 586 4518 καὶ
631 4463 724 4515 ὲπί
752 4479 859 4516 τινι
887 4460 1065 4533 τοιᾷδε
1107 4460 1276 4533 ψυχῇ,
1313 4460 1530 4531 μοιχείᾳ
1570 4458 1870 4531 γεγράφθω
1899 4446 1944 4503 Ῑ)

286 4556 350 4609 τὸ
399 4555 624 4627 χρῆμω
660 4554 945 4625 ὑπόχρεως
985 4551 1094 4623 γὰρ
1147 4554 1181 4624 ἡ
1245 4553 1722 4623 μεμνηστευμένη,
1776 4551 1871 4604 καὶ

291 4648 398 4703 ὑπὸ
437 4650 594 4719 χεῖρα
616 4646 804 4701 λοιπὸν
820 4644 916 4700 τοῦ
957 4645 1094 4717 μετὰ
1121 4645 1296 4716 βραχὺ
1331 4643 1587 4716 νυμφίου.
1637 4642 1778 4696 Ἀλλ’
1821 4643 1871 4695 ει

292 4742 392 4812 μὲν
412 4744 473 4795 ἐν
498 4741 652 4794 πόλει
675 4740 886 4809 γένοιτο
915 4740 977 4793 τὸ
1006 4739 1270 4809 ἀδίκημα,
1311 4739 1467 4809 φησὶ,
1493 4736 1793 4799 τουτέστιν,
1834 4734 1868 4807 ἢ

290 4830 348 4883 ὲν
388 4829 691 4901 Ἐκκλησία
715 4827 975 4899 Χριστοῦ,
1002 4828 1097 4882 καὶ
1125 4830 1183 4881 ὲν
1206 4827 1358 4881 πόλει
1393 4825 1533 4881 Θεοῦ
1558 4825 1777 4890 ζῶντος,
1802 4825 1871 4897 ἢν

291 4921 640 4977 κατοικοῦσιν
686 4921 931 4991 ἄγγελοι,
976 4923 1072 4977 καὶ
1102 4921 1293 4993 ἄνδρες
1339 4921 1508 4990 ἅγιοι,
1558 4917 1873 4987 καθηγηταὶ

290 5016 387 5068 καὶ
438 5014 750 5068 διδάσκαλοι
777 5017 890 5077 τοῖς
931 5013 1323 5077 κινδυνεύουσι,
1358 5013 1453 5067 καὶ
1491 5010 1875 5081 ἀπατωμένοις

291 5103 593 5175 ἐπαμύνειν
624 5099 728 5159 οἷοί
760 5121 839 5170 τε,
876 5103 1330 5159 συναποτεθνάτω
1364 5101 1445 5175 τῷ
1488 5102 1683 5171 φένακι
1719 5100 1872 5173 καὶὴ

294 5192 546 5246 παθοῦσα
570 5194 860 5265 παρθένος.
910 5193 1061 5259 Ἐξδν
1084 5180 1192 5265 γάρ
1216 5193 1449 5264 ἑτοίμως
1473 5192 1754 5263 διαδράναι
1774 5190 1874 5263 τὴν

297 5286 676 5357 παραφθορὰν,
714 5288 764 5341 εί
790 5289 903 5351 τοῖς
931 5287 1218 5351 διασώζειν
1247 5287 1412 5341 είδόσι
1446 5286 1874 5356 καταμεμήνυκε

292 5376 650 5444 διδασκάλοις,
690 5379 995 5433 ἐθελούσιον
1041 5378 1369 5452 ἡρρὠτησε
1409 5378 1471 5431 τὸ
1523 5377 1738 5439 παθεῖν,
1781 5375 1877 5429 καὶ

296 5468 395 5523 οὐκ
418 5469 480 5535 ἐξ
507 5471 755 5541 ἀνάγκης
784 5470 895 5541 ἔχει
913 5471 1011 5544 τὴν
1036 5473 1115 5536 εἰς
1136 5471 1198 5525 τὸ
1220 5471 1420 5541 φαῦλον
1451 5469 1771 5539 ἀπαγωγήν.
1811 5468 1875 5523 Et

296 5557 352 5612 δὲ
397 5559 464 5631 δὴ
513 5561 590 5632 μὴ
631 5560 875 5629 γένοιτο,
936 5564 1121 5635 φησὶν,
1176 5564 1236 5616 ὲν
1288 5559 1607 5632 Ἐκκλησία,
1648 5558 1783 5629 μηδὲ
1818 5560 1878 5612 έν

350 5736 442 5793 "1
467 5738 594 5794 Cor.
618 5756 691 5804 vr,
736 5740 815 5794 I7.
884 5741 991 5797 "ll
1013 5742 1137 5797 Cor.
1171 5758 1243 5810 χι,
1270 5741 1321 5797 Ξ,
1390 5739 1691 5805 "Oscam,
1728 5739 1903 5808 19,20.

1966 3179 2063 3234 sed
2104 3178 2287 3233 adhuc
2310 3179 2487 3233 sancti
2538 3178 2886 3248 baptismatis
2935 3181 3204 3251 gratiam,
3259 3181 3546 3250 sanctique

1967 3271 2205 3341 Spiritus
2235 3271 2683 3325 communionem
2707 3279 2968 3341 tanquam
2996 3272 3221 3342 nuptias
3256 3272 3543 3342 quasdam,

1965 3358 2346 3428 verioremque
2368 3356 2777 3429 conjunctionis
2807 3360 3032 3414 modum
3072 3369 3389 3429 exspectat:
3432 3361 3546 3430 jam

1966 3457 2148 3504 tamen
2171 3450 2325 3519 quasi
2362 3450 2732 3505 arrhabonem
2781 3459 2837 3506 et
2880 3450 3306 3506 consuetudinis
3345 3450 3546 3505 futurae

1966 3542 2207 3609 initium,
2236 3543 2546 3601 catecbesis
2567 3558 2880 3599 sermonem
2900 3544 3133 3614 accepit.
3161 3543 3254 3599 Sic
3297 3544 3443 3597 illam
3481 3558 3547 3597 ex

1966 3634 2221 3704 gentibus
2252 3635 2559 3691 Ecclesiam
2591 3635 2814 3691 divinus
2834 3635 2925 3690 ille
2946 3641 3137 3690 noster
3159 3635 3544 3707 mysteriorum

1967 3726 2181 3792 doctor,
2208 3727 2430 3794 Paulus,
2452 3729 2696 3798 inquam,
2716 3728 2946 3784 adduxit
2975 3728 3044 3782 ad
3064 3726 3380 3783 Christum:
3406 3731 3549 3782 scri-

1968 3819 2050 3873 bit
2071 3818 2221 3873 enim
2245 3818 2314 3872 ad
2334 3819 2485 3875 hunc
2501 3821 2764 3876 modum:
2803 3842 2821 3873 ‹
2839 3820 3118 3891 Despondi
3153 3820 3302 3874 enim
3330 3834 3429 3873 vos
3451 3818 3548 3873 uni

1967 3911 2108 3975 viro,
2157 3911 2425 3981 virginem
2477 3921 2684 3968 castam
2738 3913 3004 3968 exhibere
3047 3912 3267 3967 Christo
3322 3911 3429 3964 ⁷η.»
3481 3910 3552 3964 Et

1969 3999 2085 4068 ipse
2131 3998 2381 4069 Sponsus
2428 4011 2578 4058 certe
2633 4019 2737 4071 per
2768 4018 2959 4057 vocem
3000 4001 3394 4071 prophetarum
3436 4000 3545 4053 ait:

1977 4109 1995 4140 ι
2017 4087 2088 4141 Et
2110 4088 2461 4158 desponsabo
2490 4100 2542 4145 te
2564 4091 2702 4144 mihi
2728 4091 2832 4160 ipsi
2854 4092 2910 4144 in
2933 4099 3219 4155 aeternum,
3245 4090 3299 4144 in
3314 4089 3547 4161 justitia,

1969 4177 2103 4232 etin
2123 4178 2357 4249 judicio,
2382 4189 2438 4234 ct
2462 4180 2520 4234 in
2567 4180 2979 4245 misericordia,
3009 4189 3065 4235 et
3091 4181 3147 4235 in
3182 4180 3553 4235 miserationi-

1969 4274 2101 4342 bus;
2126 4283 2183 4330 et
2198 4272 2545 4344 desponsabo
2577 4280 2631 4327 te
2655 4272 2789 4337 mihi
2825 4273 2881 4327 in
2920 4272 3049 4336 ﬁde,
3081 4281 3137 4329 et
3176 4274 3317 4328 scies
3359 4273 3551 4328 Domi-

1974 4383 2108 4423 num
2130 4368 2196 4422 ⁷⁸.
2222 4386 2240 4419 ι
2285 4365 2452 4437 258
2475 4363 2533 4420 Si
2562 4364 2728 4436 igitur
2765 4364 2821 4419 in
2868 4364 3050 4435 aliqua
3085 4365 3397 4435 hujusmodi
3426 4365 3550 4419 ani-

1973 4475 2061 4514 ma
2095 4458 2423 4528 corruptela
2485 4457 2718 4522 crimen,
2761 4456 2961 4527 inquit,
3018 4456 3317 4511 admissum
3360 4455 3546 4521 fuerit,

1974 4551 2246 4621 ejusmodi
2274 4550 2479 4605 factum
2526 4557 2587 4604 ut
2614 4549 2951 4604 adulterium
2992 4549 3304 4604 habeatur:
3349 4548 3551 4603 obstri-

1975 4652 2060 4700 cta
2088 4644 2234 4698 enim
2269 4649 2355 4699 est
2391 4642 2720 4712 desponsata
2750 4642 2974 4706 femina,
3019 4649 3076 4695 et
3099 4641 3209 4711 jam
3258 4639 3361 4695 sub
3402 4639 3552 4695 illius

1974 4742 2245 4811 potestate
2291 4733 2388 4803 qui
2405 4748 2533 4788 mox
2552 4740 2637 4788 est
2662 4748 2897 4803 sponsus
2923 4732 3162 4786 futurus.
3187 4730 3478 4794 Caeterum,
3503 4729 3551 4785 si

1975 4829 2032 4883 in
2067 4828 2205 4882 urbe
2228 4827 2334 4881 hoc
2372 4826 2443 4881 sit
2464 4826 2676 4880 crimen
2700 4825 3022 4891 admissum,
3058 4824 3113 4879 id
3147 4831 3253 4890 est,
3281 4822 3340 4877 in
3361 4804 3580 4879 Eccle-.

1977 4922 2058 4977 sia
2082 4919 2288 4976 Christi
2309 4927 2365 4973 et
2388 4919 2443 4973 in
2461 4918 2686 4973 civitate
2728 4918 2824 4973 Dei
2847 4918 3105 4981 viventis,
3150 4917 3208 4971 in
3250 4931 3357 4986 qua
3392 4912 3554 4969 habi-

1979 5017 2097 5067 tant
2118 5011 2316 5082 angeli,
2349 5018 2405 5065 et
2427 5009 2533 5063 viri
2561 5009 2759 5074 sancti,
2792 5009 3118 5080 magistriet
3157 5007 3432 5071 doctores,
3456 5005 3552 5075 qui

1977 5102 2047 5158 iis
2089 5102 2183 5172 qui
2229 5101 2613 5173 periclitantur
2686 5111 2742 5157 et
2796 5100 3136 5155 seducuntur
3194 5113 3356 5168 opem
3409 5096 3554 5151 felre

1978 5198 2251 5264 possunt“:
2292 5191 2456 5247 simul
2494 5207 2619 5247 cum
2659 5191 2949 5269 seductore
2983 5190 3137 5260 virgo
3183 5202 3402 5259 quoque
3440 5185 3556 5239 vio-

1977 5287 2089 5341 lata
2115 5288 2416 5342 moriatur:
2465 5301 2594 5341 nam
2642 5301 2769 5341 cum
2826 5285 3023 5340 liceret
3060 5283 3321 5353 perfacile
3358 5291 3553 5333 corru-

1979 5378 2222 5448 ptionem
2245 5380 2511 5451 eﬁ‘ugerc,
2546 5378 2591 5433 si
2619 5378 2897 5448 magistris
2947 5375 3202 5430 servandi
3227 5369 3554 5442 peritisrem
3649 5409 3655 5416 .

1979 5469 2294 5534 indicasset,
2316 5468 2627 5523 voluntarie
2649 5466 2999 5523 violationem
3026 5476 3283 5532 perpessa
3307 5465 3412 5522 est,
3444 5472 3554 5513 non
3644 5470 3658 5533 ξ

1980 5568 2165 5615 coactc
2188 5560 2253 5615 ad
2276 5559 2689 5630 improbitatem
2723 5555 2981 5612 adducta.
3018 5552 3117 5609 Sin
3134 5558 3321 5605 autem
3354 5548 3408 5605 id
3441 5564 3552 5605 non
3648 5540 3658 5567 '
