3990 6196
380 327 487 389 545
1386 336 1443 392 s.
1485 337 1759 393 CYRILLI
1800 336 2267 395 ALEXANDle
2304 296 2643 395 ARCHIEPS
3521 330 3635 390 su

381 444 438 499 in
463 444 705 500 Ecclesia
720 444 1029 516 contigerit,
1054 462 1233 517 neque
1258 448 1315 502 in
1338 449 1559 505 civitate
1582 451 1679 506 Dei
1696 450 1950 516 viventis,

2059 452 2209 505 πόλει
2228 451 2362 506 Θεοῦ
2390 451 2608 517 ζῶντος,
2633 451 2749 505 ἀλλ’
2771 450 2960 522 ὥσπερ
2983 452 3041 505 ἐν
3068 450 3234 521 πεδίῳ
3254 450 3349 503 καὶ
3369 451 3426 503 ἂν
3448 450 3633 520 ἀγρῷ,

382 537 480 592 sed
510 537 565 590 in
591 551 782 604 campo
807 544 975 605 atque
999 538 1055 591 in
1078 555 1228 609 agro,
1257 539 1350 594 ubi
1370 540 1648 611 magister,
1674 541 1770 611 qui
1793 556 1953 613 opem

2059 539 2111 598 οὗ
2152 543 2507 614 μυσταγωγὸς
2541 546 2571 597 6
2598 542 2891 614 ὲπαμύνων
2918 543 3019 597 οὐκ
3059 538 3149 612 ἦν,
3182 541 3276 595 καὶ⁵
3308 541 3417 594 τῶν
3458 558 3631 612 μετα-

380 625 572 690 ferret,
604 628 788 684 nullus
820 636 961 695 erat,
999 629 1056 683 in
1095 646 1294 702 magna
1346 631 1642 687 solitudine
1667 632 1952 688 hominum

2059 633 2260 687 πείθειν
2297 634 2391 686 ἐπὶ
2423 633 2484 686 τὸ
2517 633 2740 703 ἄμεινον
2768 630 3039 687 εἰωθότων
3074 630 3280 700 ἐρημία
3309 629 3498 699 πολλὴ,
3532 629 3634 683 καὶ

378 718 472 786 qui
510 718 578 771 ad
612 719 898 774 meliorem
925 721 1248 781 sententiam
1273 723 1561 778 traducere
1606 733 1851 793 possent,
1897 734 1954 780 et

2059 721 2127 786 ὡς
2159 723 2217 775 ἐν
2243 721 2434 775 σπάνει
2455 719 2819 789 παιδαγωγῶν
2842 722 2871 773 6
2897 720 3248 790 φενακισμδς.
3272 718 3631 773 κινδυνευέτω

381 816 639 876 tanquam
666 810 722 862 in
755 811 983 879 penuria
1018 812 1436 883 pzedagogorutn
1485 814 1636 869 fraus
1672 822 1757 869 est
1807 831 1956 871 com-

380 898 576 952 missa:
605 900 694 955 ille
720 900 985 957 duntaxat
1032 904 1089 958 in
1133 904 1440 973 periculum
1465 906 1669 967 veniat,
1718 906 1813 975 qui
1840 906 1953 960 vim

380 986 594 1042 intulit:
621 1006 746 1044 nam
772 1006 861 1046 res
909 1000 1059 1063 gesta
1083 1009 1182 1062 per
1230 996 1643 1063 oppressionem
1674 994 1795 1060 fuit,
1839 1011 1957 1051 ma-

378 1078 603 1151 lumque
656 1083 803 1152 quod
847 1098 912 1139 ea
959 1100 1217 1155 perpessa
1263 1096 1347 1141 est
1394 1087 1666 1156 ejusmodi
1708 1087 1835 1150 fuit,
1894 1096 1956 1141 ut

379 1171 661 1232 subveniri
686 1174 763 1228 illi
809 1191 920 1229 non
958 1187 1171 1245 posset:
1222 1178 1409 1247 itaque
1439 1178 1522 1233 vis
1564 1179 1748 1243 allata,
1795 1181 1955 1251 cujus

2056 815 2213 884 μόνος
2235 816 2264 867 ό
2298 813 2626 883 βιασάμενος
2649 826 2663 840 ·
2694 809 2974 875 πλεονεξία
2999 809 3106 881 γὰρ
3133 810 3231 881 ἤδη
3262 809 3322 862 τὸ
3347 809 3631 886 δρώμενον

2054 905 2149 959 καὶ
2181 902 2353 967 πάθος
2381 901 2830 974 ἁνεπικούρητον,
2859 902 2953 954 καὶ
2976 902 3191 969 ἀνάγκη
3222 916 3305 963 τις
3331 899 3629 967 δυσδιάςρυ-

2053 1012 2204 1059 κτος,
2232 992 2674 1067 παρακρούσεται
2706 992 2804 1064 τὴν
2830 993 3079 1063 γραφήν
3109 991 3143 1062 ἢ
3171 993 3284 1054 τοῖς
3312 989 3630 1060 ἀδουλήτως

2053 1086 2507 1157 ἐπενηνεγμένοις
2549 1084 2626 1149 ὡς
2661 1083 2957 1149 ἁκουσίοις,
2994 1083 3252 1153 ἐπιτιμᾷν
3284 1083 3346 1135 οὑ
3373 1081 3631 1150 περιττὸν

2054 1176 2191 1232 εἶναι
2221 1179 2463 1249 φήσομεν
2479 1194 2493 1244 ;
3424 1192 3427 1193 ⁷

376 1262 614 1317 vitandae
648 1264 799 1319 nulla
845 1264 1077 1320 facultas
1117 1266 1242 1331 fuit,
1301 1268 1564 1322 amolitur
1622 1268 1852 1323 crimen.
1916 1269 1999 1322 An
2055 1284 2210 1333 vero,
2251 1283 2374 1337 qua:
2418 1276 2619 1338 praeter
2659 1267 2997 1322 voluntatem
3040 1280 3142 1320 nos
3177 1264 3513 1336 opprimunt,
3563 1279 3631 1318 ca

377 1354 605 1423 perinde
627 1370 692 1409 ac
719 1354 765 1409 si
781 1356 1090 1412 voluntarie
1116 1359 1356 1414 admissa
1383 1360 1513 1423 sint,
1548 1375 1828 1425 accusare,
1871 1375 1979 1413 non
2013 1359 2179 1413 nimis
2217 1359 2478 1413 acerbum
2505 1375 2627 1415 esse
2644 1358 2931 1414 dicemus?

447 1452 646 1506 PALL.
673 1452 787 1508 Iino
823 1469 956 1508 vero
980 1470 1242 1523 prorsus:
1260 1456 1410 1527 justa
1448 1463 1534 1510 est
1559 1456 1708 1509 enim
1732 1456 1839 1509 lex.

432 1543 608 1614 ,CYR.
641 1544 810 1598 Recte
858 1544 1018 1598 dicis.
1056 1544 1347 1599 Subtiliori
1372 1546 1554 1614 itaque
1582 1545 1831 1599 examine
1870 1543 1951 1598 fa—

380 1641 465 1687 cta
487 1633 776 1703 dijudicat,
803 1645 859 1690 et
880 1651 980 1705 pro
1004 1652 1262 1691 mensura
1285 1646 1635 1706 peccatorum
1655 1636 1953 1691 vindictam

382 1724 647 1780 adhibet:
676 1727 771 1792 ita,
798 1736 860 1781 ut
882 1744 1063 1797 neque
1104 1728 1162 1782 in
1186 1728 1355 1782 rebus
1399 1728 1700 1782 levioribus
1745 1727 1951 1781 admis—
1989 1755 2032 1815 Β

379 1828 500 1867 sum
526 1823 814 1883 peccatum
854 1817 1081 1871 omnino
1128 1817 1419 1881 condonet,
1446 1818 1741 1888 quominus
1765 1818 1957 1888 punia-

380 1912 504 1971 tur;
536 1922 717 1976 neque
738 1924 936 1962 rursus
961 1908 1312 1978 gravioribus
1341 1918 1624 1979 exaequet;
1649 1911 1744 1965 sed
1770 1925 1957 1980 parem

378 1996 705 2052 criminibus
727 1999 991 2053 ultionem
1013 2000 1297 2069 rependit:
1320 2001 1395 2055 ait
1416 2001 1562 2056 enim
1587 2001 1787 2056 iterum
1815 2018 1828 2055 :
1862 2022 1878 2051 ι
1900 2001 1957 2057 Si

381 2095 568 2142 autem
623 2088 902 2145 invenerit
942 2092 1215 2161 quispiam
1247 2093 1488 2161 puellam
1523 2092 1791 2163 virginem
1837 2108 1959 2163 quae

378 2190 488 2229 non
527 2177 972 2247 sitdesponsata,
1003 2187 1061 2234 et
1112 2181 1434 2251 opprimens
1479 2197 1621 2247 eam,
1670 2181 1959 2237 dormierit

377 2282 504 2321 cum
527 2284 611 2333 ea,
646 2276 703 2325 et
746 2269 1004 2326 inventus
1047 2271 1235 2339 fuerit,
1286 2273 1438 2327 dabit
1479 2274 1645 2327 homo
1694 2273 1790 2343 qui
1825 2272 1959 2327 dor-

378 2358 562 2414 rnierit
586 2375 711 2414 cum
737 2377 823 2425 ea,
856 2363 1001 2432 patri
1031 2364 1229 2433 puellae
1259 2364 1658 2435 quinquaginta
1682 2365 1848 2418 siclos
1870 2380 1959 2418 ar-

377 2452 545 2521 genti,
585 2460 642 2508 et
665 2454 771 2508 erit
802 2455 975 2524 ipsius
1016 2470 1187 2521 uxor;
1219 2470 1319 2525 pro
1341 2471 1407 2510 eo
1441 2455 1591 2524 quod
1637 2454 1954 2510 bumiliavit

378 2543 557 2597 illam:
590 2560 700 2598 non
724 2546 929 2614 poterit
954 2545 1236 2600 dimittere
1257 2561 1380 2600 eam
1401 2545 1553 2599 omni
1588 2547 1947 2615 tempore?»

377 2634 548 2703 Igitur
569 2634 823 2689 adulterii
853 2636 1085 2690 crimine
1117 2636 1291 2690 teneri
1318 2637 1517 2692 statuit
1556 2636 1807 2706 quisquis
1830 2652 1954 2692 cum

379 2726 708 2795 desponsata
746 2741 1074 2796 congressus
1100 2725 1288 2792 fuerit,
1320 2728 1389 2783 iis
1419 2736 1599 2784 tamen
1644 2728 1843 2793 modis,
1866 2727 1954 2783 ni-

380 2818 601 2883 mirum,
627 2834 766 2888 quos
790 2818 953 2874 modo
988 2820 1248 2875 diximus.
1298 2819 1405 2874 Sed
1439 2821 1483 2875 si
1523 2820 1732 2875 nemini
1774 2821 1958 2876 adhuc

378 2908 727 2978 coniunctam
751 2910 921 2965 fuisse
947 2917 1179 2976 constet,
1210 2911 1447 2966 necdum
1470 2896 1691 2967 Christo
1715 2910 1954 2981 despon-

379 3006 551 3054 satam
578 3015 675 3070 per
707 3000 892 3066 ﬁdem,
914 3010 1171 3071 tanquam
1218 3002 1401 3072 specie
1430 3002 1660 3072 virginis
1692 3002 1950 3067 animam,

2126 1454 2334 1507 ΠΛΛΛ.
2377 1456 2695 1508 Παντάπασι
2734 1454 2835 1525 μὲν
2857 1449 2980 1507 οὖν·
3014 1452 3158 1516 ὅσιος
3188 1450 3297 1523 γὰρ
3317 1454 3346 1506 6
3373 1454 3556 1523 νόμος.

2126 1546 2291 1599 ΚΥΡ.
2314 1541 2386 1598 Εὖ
2410 1545 2606 1613 λέγεις’
2634 1544 2947 1615 ίσχνοτέραν
2965 1544 3020 1597 δὲ
3045 1542 3153 1597 τῶν
3175 1543 3468 1614 δρωμένων
3484 1544 3633 1596 ποιεῖ

2056 1634 2155 1706 τὴν
2187 1634 2439 1706 βάσανον,
2476 1635 2574 1689 καὶ
2609 1637 2896 1705 ὲπιμετρεῑ
2926 1635 3129 1706 τρόπον
3160 1633 3280 1688 τινὰ
3306 1637 3420 1696 τοῖς
3447 1634 3630 1704 πλημ-

2062 1723 2195 1795 μελή
2204 1742 2335 1795 μασι
2354 1724 2452 1787 τὰς
2480 1724 2671 1796 ὀργὰς,
2704 1724 2826 1778 οὕτε
2848 1724 2941 1778 τοῦ
2967 1724 3291 1788 κολάζεσθαι
3319 1726 3429 1779 δεῖν
3455 1725 3633 1779 ἀπαλ-

2058 1816 2264 1870 λάττων
2293 1817 2528 1871 εἰσάπαν
2560 1817 2622 1870 τὸ
2658 1818 2750 1870 ἐπὶ
2784 1819 2898 1881 τοῖς
2925 1817 3104 1888 μείοσι
3135 1816 3473 1887 πλημμελὲς,
3504 1816 3629 1869 οὒτε

2060 1909 2167 1980 μὴν
2213 1910 2271 1962 ὲν
2317 1909 2416 1979 ἴσῳ
2447 1912 2559 1971 τοῖς
2610 1909 2749 1981 ὑπὲρ
2789 1909 2947 1963 τοῦτο
2986 1909 3185 1975 τιθεὶς,
3233 1908 3521 1980 ίσομεγέθη
3571 1909 3632 1963 δὲ

2055 1999 2244 2069 ὥσπερ
2286 2000 2396 2060 τοῖς
2443 1999 2765 2068 αἰτιάμασιν
2810 1998 3189 2069 ἀποτορνεύων
3234 1997 3333 2069 τὴν
3392 1997 3626 2064 κίνησιν.

2059 2090 2203 2160 Ἔφη
2228 2089 2337 2161 γὰρ
2371 2089 2530 2143 πάλιν
2549 2106 2563 2121 ο
2607 2108 2626 2141 ι
2675 2089 2800 2143 Ἐὰν
2820 2090 2891 2153 ίδέ
2935 2107 3019 2153 τις
3042 2088 3175 2162 εὕρῃ
3204 2089 3303 2161 τὴν
3333 2091 3499 2144 παῖδα
3530 2090 3632 2161 τὴν

2055 2180 2360 2251 παρθένον,
2406 2180 2529 2251 ἥτις
2563 2181 2626 2234 οὐ
2679 2182 3117 2252 μεμνήστευται,
3152 2182 3247 2235 καὶ
3298 2182 3639 2253 βιασάμενος

2055 2272 2226 2339 αὐτὴν
2263 2272 2499 2344 κοιμηθῇ
2530 2272 2645 2342 μετ’
2691 2272 2881 2343 αὐτῆς,
2911 2273 3003 2326 καὶ
3035 2272 3256 2344 εὑρεθῇ,
3283 2272 3443 2326 δώσει
3475 2275 3503 2326 ὁ
3538 2275 3634 2327 άν-

2055 2364 2270 2435 θρωπος
2295 2365 2325 2418 ό
2351 2364 2637 2435 κοιμηθεὶς
2671 2364 2787 2435 μετ’
2821 2365 2991 2434 αὐτῆς
3016 2364 3094 2435 τῷ
3123 2366 3288 2435 πατρὶ
3316 2365 3418 2435 τῆς
3445 2365 3631 2419 νεάνι-

2052 2454 2142 2518 δος
2180 2456 2518 2527 πεντήκοντα
2550 2455 2822 2526 δίδραχμα
2848 2458 3134 2528 ἀργυρίου,
3163 2458 3258 2511 καὶ
3282 2457 3448 2510 αὐτοῦ
3474 2458 3633 2512 ἔσται

2053 2546 2211 2616 γυνὴ,
2251 2547 2368 2600 ἀνθ’
2421 2540 2497 2601 ὧν
2547 2547 2912 2602 ἐταπείνωσεν
2961 2549 3167 2620 αὐτήν·
3231 2550 3292 2601 οὐ
3340 2549 3632 2620 δυνήσεται

2054 2635 2431 2700 ἐξαποστεῖλαι
2477 2637 2646 2709 αὐτὴν
2696 2638 2788 2691 τὸν
2823 2637 3038 2692 ᾶπαντα
3079 2638 3287 2710 χρόνον.
3328 2656 3348 2690 ι
3398 2638 3634 2709 Μοιχεία

2057 2726 2156 2800 μὲν
2199 2724 2293 2782 οὖν
2340 2728 2593 2800 ὑπόχρεω
2629 2728 3000 2799 κατεστήσατο
3027 2728 3120 2782 τὸν
3159 2728 3383 2783 συνόντα
3420 2744 3634 2799 μεμνη-

2055 2821 2346 2892 στευμένῃ,
2378 2821 2518 2874 κατὰ
2540 2820 2773 2892 τρόπους
2809 2818 2867 2872 δὲ
2893 2819 3135 2889 δηλονότι
3166 2819 3292 2883 τοὺς
3315 2818 3416 2891 ήδη
3443 2834 3632 2890 προει-

2054 2913 2346 2984 ρημένους.
2368 2914 2434 2966 Et
2458 2913 2516 2966 δὲ
2536 2912 2600 2985 δὴ
2626 2913 2887 2983 φαίνοιτο,
2919 2913 3074 2983 φησὶ,
3097 2912 3193 2965 καὶ
3218 2909 3497 2982 ἀσυναφὴς
3523 2909 3629 2977 ἔτι,

2054 3003 2490 3074 κατεγγυηθεῖσα
2537 3003 2595 3057 δὲ
2645 3002 2800 3057 οὔπω
2842 3001 3062 3073 Χριστῷ
3106 3002 3195 3056 διὰ
3239 3000 3338 3071 τῆς
3369 3001 3625 3064 πίστεως,

318 3090 327 3099 ’
379 3091 543 3161 259
586 3092 785 3148 deinde
808 3094 1080 3164 quispiam
1121 3094 1309 3150 verbis
1345 3094 1412 3148 ad
1461 3093 1798 3163 impietatem
1822 3108 1949 3163 per-

2059 3096 2127 3160 ὼς
2160 3098 2217 3149 ὲν
2246 3095 2376 3149 εῐδει
2407 3095 2678 3167 παρθένου
2706 3094 2876 3166 ψυχὴ,
2921 3089 3043 3148 εἶτά
3080 3108 3163 3156 τις
3201 3091 3372 3161 αὐτὴν
3399 3092 3513 3153 τοῖς
3547 3092 3631 3153 είς

379 3182 711 3240 ducentibus
755 3200 875 3239 eam
915 3186 1234 3256 inquinasse
1278 3185 1655 3255 deprehensus
1682 3184 1773 3249 sit,
1807 3193 1863 3239 et
1886 3199 1954 3240 ex

380 3290 492 3330 uno
516 3292 705 3332 errore
729 3277 796 3332 ad
829 3278 1064 3332 alterum
1112 3276 1443 3342 traduxisse,
1489 3284 1550 3331 ut
1590 3275 1834 3331 haeretici
1869 3275 1952 3330 fa-

379 3366 553 3431 ciunt,
572 3368 665 3438 qui
694 3370 987 3424 nonnullos
1010 3385 1078 3424 ex
1100 3369 1358 3440 gentibus
1380 3382 1797 3437 nonnunquam,
1813 3374 1869 3422 et
1886 3381 1953 3421 ex

378 3458 584 3515 ludatis
624 3462 868 3530 rapiunt,
915 3471 994 3527 et,
1034 3471 1096 3517 ut
1142 3470 1467 3533 sequantur,
1512 3460 1874 3531 persuadent:
1906 3459 1954 3515 is

378 3551 602 3618 quidem
631 3569 740 3607 non
761 3553 871 3608 erit
894 3569 1019 3609 eam
1049 3570 1167 3609 rem
1187 3555 1410 3624 impune
1446 3569 1650 3619 ausus;
1677 3553 1954 3623 persolvet

378 3641 526 3695 enim
551 3644 693 3711 patri
715 3644 1031 3712 spirituum,
1058 3645 1112 3698 id
1139 3652 1245 3710 est,
1266 3646 1395 3709 Deo,
1413 3645 1498 3699 sui
1513 3644 1720 3713 peccati
1742 3659 1949 3713 poenas,

378 3746 501 3800 quae.
530 3740 787 3801 tanquam
822 3734 877 3788 in
902 3750 967 3789 ea
1002 3736 1249 3804 pecuniae
1273 3735 1445 3789 multa
1483 3750 1593 3789 non
1628 3735 1866 3791 absurde
1892 3735 1955 3790 ﬁ—

379 3831 667 3893 gurantur.
716 3823 854 3880 Illud
911 3841 1079 3896 porro
1125 3844 1138 3879 :
1187 3827 1365 3897 Ipsius
1417 3828 1527 3881 erit
1583 3842 1741 3892 uxor,
1785 3828 1952 3883 etiam

374 3915 532 3984 juxta
555 3913 844 3970 historiam
876 3915 1010 3971 utile
1032 3924 1135 3971 est.

452 4002 648 4059 PALL.
672 4005 922 4076 Intelligo
946 4020 1078 4060 sane
1109 4005 1256 4075 quod
1281 4005 1450 4060 dicis:
1474 4004 1682 4075 duplex
1694 4013 1777 4062 est
1804 4006 1952 4061 enim

379 4095 486 4161 lex,
511 4099 746 4153 carnalis
773 4113 836 4153 ac
857 4098 1179 4169 spiritualis.

449 4189 606 4245 CYR.
658 4190 765 4246 Sed
819 4192 981 4246 velim
1039 4193 1302 4249 observes
1351 4209 1419 4249 ne
1472 4194 1678 4249 veteris
1729 4192 1952 4263 quidem

379 4281 620 4336 mandati
644 4297 952 4339 sermonem
973 4285 1273 4355 ignorasse,
1322 4286 1469 4355 quod
1518 4285 1771 4341 Christus
1815 4284 1954 4338 dixit

380 4372 449 4427 de
496 4371 616 4427 viro
656 4380 818 4443 atque
864 4375 1130 4430 muliere:
1194 4374 1388 4440 «Quod
1446 4375 1592 4429 Deus
1641 4372 1946 4444 conjunxit,

380 4463 544 4519 homo
566 4480 678 4520 non
700 4472 919 4534 separet
938 4466 1003 4520 ”.
1029 4484 1047 4517 ι
1078 4464 1256 4534 Ipsius
1276 4464 1446 4527 enim,
1474 4463 1673 4531 inquit,
1692 4463 1766 4517 sit
1790 4479 1946 4527 uxor,

380 4571 482 4624 pro
508 4571 576 4611 eo
597 4557 744 4627 quod
792 4557 1105 4611 bumiliavit
1128 4556 1316 4609 illam:
1366 4570 1475 4608 non
1518 4554 1723 4624 poterit
1761 4554 1949 4608 dimit-

381 4654 495 4701 tere
526 4661 648 4702 eam
670 4647 820 4702 omni
843 4654 1108 4715 tempore.
1127 4644 1263 4700 lllud
1288 4653 1550 4715 praeterea
1580 4645 1745 4700 velim
1771 4644 1950 4699 anim-

378 4735 652 4801 advertas,
688 4744 891 4806 quanta
925 4735 997 4790 sit
1020 4734 1376 4790 sanctissimae
1403 4734 1732 4805 virginitatis
1764 4734 1951 4804 gloriae

380 4826 721 4882 "sublimitas:
760 4843 885 4882 nam
910 4825 1056 4883 illius
1076 4826 1508 4892 deﬂorationem,
1532 4841 1702 4882 saera:
1727 4825 1953 4881 divinae-

379 4932 487 4986 que
516 4917 737 4975 Lilteraa
762 4934 874 4973 non
914 4918 1090 4973 solum
1133 4934 1253 4973 esse
1278 4919 1714 4974 humiliationem
1757 4932 1947 4972 sense-

380 5018 533 5075 runt,
566 5011 661 5067 sed
683 5013 849 5067 etiam
878 5012 1257 5082 appellandam
1282 5020 1621 5068 censuerunt
1649 5011 1807 5080 quasi
1853 5026 1947 5065 vc-

379 5101 681 5156 nerationis
700 5102 990 5171 quamdam
1019 5101 1387 5157 amissionem.

449 5188 646 5245 PALL.
673 5192 840 5247 Recte
869 5192 1024 5247 dicis.

447 5281 604 5339 CYB.
640 5282 778 5339 Cum
834 5285 1017 5355 itaque
1076 5285 1462 5340 haereticorum
1498 5285 1554 5339 in
1607 5286 1945 5356 decipiendis

380 5375 698 5431 hominibus
734 5374 1003 5432 fallaciam
1035 5386 1289 5446 tanquam
1342 5376 1452 5431 Deo
1509 5391 1730 5431 exosum
1757 5392 1822 5431 ac
1854 5393 1943 5433 re-

381 5481 509 5520 vera
564 5466 849 5534 nefariam,
901 5476 958 5522 et
1021 5482 1213 5523 eorum
1273 5466 1367 5537 qui
1418 5475 1567 5522 recte
1628 5467 1945 5524 incedentes

380 5567 733 5627 corrumpere
764 5565 1187 5623 consueverunt,
1236 5557 1479 5613 studium
1522 5558 1803 5614 avertendi
1836 5577 1942 5615 cae-

484 5733 529 5764 "
549 5731 706 5788 Deut.
743 5749 867 5803 xm,
891 5735 1076 5802 28,99.
1135 5738 1178 5770 ⁷³
1206 5737 1367 5793 Marc.
1400 5753 1453 5805 χ,
1474 5739 1527 5793 9.

2052 3186 2372 3240 δυσσέϐειαν
2400 3185 2581 3255 λόγοις
2615 3184 2954 3256 καταμιάνας
2985 3182 3118 3254 ἁλῷ,
3156 3183 3250 3237 καὶ
3279 3180 3643 3253 παρενεγκὼν-

2053 3277 2117 3330 ὲκ
2141 3277 2348 3348 πλάνης
2380 3279 2459 3342 εἰς
2487 3275 2772 3348 πλάνησιν,
2806 3273 2986 3328 ὁποῖόν
3008 3290 3062 3327 τι
3090 3272 3287 3344 δρῶσιν
3335 3273 3639 3344 αἱρετικοὶ,

2052 3366 2179 3429 τοὺς
2223 3364 2283 3431 ἐξ
2315 3365 2484 3420 ἐθνῶν
2530 3365 2644 3418 ἔσθ’
2679 3365 2769 3417 ὅτε
2808 3364 2901 3418 καὶ
2959 3362 3224 3416 Ἰουδαίων
3266 3361 3629 3431 ἁρπάζοντες,

2053 3457 2282 3512 ἕπεσθαί
2313 3475 2371 3511 τε
2400 3458 2582 3527 σφίσιν
2614 3457 2798 3518 αὐτοῖς
2832 3455 3232 3519 ἀναπείθοντες,
3267 3453 3369 3505 οὐκ
3393 3452 3639 3522 ἀζήμιον.

2024 3548 2279 3621 ,εὑρήσει
2301 3547 2362 3601 τὸ
2384 3547 2707 3618 ἐγχείρημα.
2753 3546 3031 3600 Ἀποτίσει
3063 3547 3172 3617 γὰρ
3209 3543 3288 3615 τῷ
3318 3545 3488 3615 πατρὶ
3517 3545 3629 3597 τῶν

2054 3640 2401 3705 πνευμάτων,
2454 3639 2729 3701 τουτέστι,
2777 3637 2855 3709 τῷ
2901 3636 3038 3708 Θεῷ,
3096 3636 3198 3706 τῆς
3252 3635 3629 3705 πλημμελείας

2051 3733 2178 3796 τοὺς
2207 3717 2420 3800 λόγους,
2447 3730 2523 3794 ὡς
2554 3732 2612 3784 ὲν
2642 3730 2815 3802 ζημίᾳ
2841 3730 3138 3802 χρημάτων
3176 3726 3633 3798 ὕποτυπουμένης

2054 3820 2114 3878 εὖ
2149 3823 2313 3895 μάλα.
2346 3823 2420 3877 Τὸ
2448 3823 2528 3890 δὲ,
2568 3822 2743 3877 Αὑτοῦ
2774 3822 2926 3877 ἔσται
2954 3820 3113 3892 γυνὴ,
3141 3822 3209 3892 τῇ
3240 3818 3449 3891 ἱστορίᾳ
3489 3820 3629 3891 χρή-

2055 3932 2236 3986 σιμον.

2123 4008 2332 4062 (IAM.
2384 4007 2614 4078 Συνίημι
2664 4006 2692 4060 ὃ
2745 4005 2888 4077 φής·
2934 4003 3153 4067 διπλοῦς
3200 4003 3309 4073 γὰρ
3356 4003 3387 4056 δ
3419 4001 3628 4071 νόμος⁸

2053 4099 2318 4171 σαρκικός
2352 4116 2412 4152 τε
2450 4099 2545 4153 καὶ
2569 4096 2959 4168 πνευματικός.

2122 4191 2285 4244 ΚΥΡ.
2326 4191 2605 4262 Ἐπιτήρει
2640 4189 2716 4254 δὲ,
2751 4189 2901 4253 ὅπως
2936 4186 3059 4240 οὐδὲ
3096 4188 3125 4240 6
3148 4186 3246 4255 τῆς
3273 4182 3504 4254 ἀρχαίας
3535 4182 3626 4235 ὲν-

2050 4282 2212 4352 τολῆς
2249 4281 2486 4352 ἠγνόησε
2518 4280 2698 4349 λόγος,
2729 4279 2868 4348 ὅπερ
2910 4277 3015 4348 ἔφη
3059 4277 3295 4349 Χριστὸς
3338 4273 3529 4344 ἀνδρὸς
3563 4288 3625 4325 τε

2053 4375 2178 4444 πέρι
2213 4373 2306 4426 καὶ
2331 4370 2588 4440 γυναικός
2613 4386 2626 4398 ’
2682 4388 2700 4421 ι
2746 4372 2810 4422 Ὃ
2838 4364 2930 4423 οὖν
2966 4368 3095 4432 Θεὸς
3139 4365 3455 4430 συνέζευξεν
3478 4401 3494 4427 ,
3521 4363 3625 4417 ἄν·

2052 4463 2266 4533 θρωπος
2287 4461 2360 4532 μὴ
2386 4458 2683 4531 χωριζέτω.
2722 4476 2743 4509 ι
2769 4457 2942 4512 Αὐτοῦ
2959 4457 3066 4529 γὰρ
3089 4456 3229 4509 ἔστω
3244 4454 3405 4523 γυνὴ,
3436 4451 3625 4522 φησὶν,

2051 4552 2167 4606 ἀνθ’
2207 4545 2282 4605 ὧν
2314 4550 2680 4605 ἐταπείνωσεν
2729 4549 2929 4619 αὑτήν·
2979 4548 3041 4601 οὐ
3086 4547 3377 4619 δυνήσεται
3422 4543 3627 4609 ἐξαπο-

2053 4642 2255 4696 στεῖλαι
2300 4641 2469 4712 αὐτὴν
2522 4639 2611 4695 τὸν
2660 4639 2875 4694 ἅπαντα
2929 4639 3140 4710 χρόνον.
3216 4638 3324 4692 Καὶ⁴
3376 4635 3512 4705 πρός
3558 4651 3626 4704 γε

2050 4735 2260 4805 τούτῳ,
2294 4732 2506 4787 διανοοῦ
2559 4734 2660 4804 τῆς
2712 4730 2988 4799 πανάγνου
3042 4729 3378 4802 παρθενίας,
3424 4727 3625 4781 ὁπόσαν

2053 4827 2170 4881 ἐστὶ
2201 4826 2262 4879 τὸ
2299 4826 2375 4888 ὡς
2417 4827 2474 4878 ὲν
2523 4825 2834 4896 αὐχήμασιν
2881 4823 3116 4895 ὑψηλόνο
3153 4821 3479 4877 ταπείνωσιν
3512 4819 3628 4890 γὰρ

2050 4912 2157 4970 οἶδέ
2192 4933 2253 4970 τε
2279 4917 2373 4970 καὶ
2400 4914 2683 4985 ὀνομάζειν
2713 4913 2854 4980 ἀξιοῖ
2883 4914 2983 4984 τῆς
3015 4913 3368 4966 θεοπνεύστου
3400 4910 3627 4981 Γραφῆς

2049 5012 2077 5062 ὁ
2109 5010 2283 5078 λόγος,
2318 5009 2416 5079 τὴν
2464 5004 2934 5076 διαπαρθένευσιν,
2974 5006 3068 5060 καὶ
3102 5005 3263 5059 οἱονεὶ
3294 5004 3391 5073 τῆς
3423 5000 3622 5072 σεμνό-

2050 5114 2210 5167 τητος
2236 5097 2334 5166 τὴν
2367 5096 2648 5152 ἀπόθεσιν.

2121 5189 2329 5242 ΠᾹΛΛ.
2374 5187 2578 5258 Ὀρθῶς
2609 5188 2767 5260 ἔφης.

2121 5281 2286 5334 ΚΥΡ.
2337 5280 2649 5352 Ἀποφήσας
2677 5282 2740 5351 δὴ
2780 5276 2871 5333 οὖν
2904 5278 2978 5341 ὼς
3007 5275 3236 5347 θεομισῆ
3270 5275 3363 5326 καὶ
3410 5270 3633 5324 ἀνόσιον

2051 5372 2266 5445 ἀληθῶς
2294 5370 2385 5425 τὸν
2413 5371 2521 5424 τῶν
2553 5371 2874 5443 ἑτεροδόξων
2902 5366 3261 5437 φενακισμὸν,
3291 5364 3384 5417 καὶ
3414 5362 3513 5432 τὴν
3541 5363 3624 5425 εἰς

2052 5465 2360 5535 φαυλότητα
2385 5463 2746 5535 παρατροπὴν
2774 5463 2882 5518 τῶν
2913 5458 3307 5530 παραφθείρειν
3351 5452 3627 5508 εἰωθότων

2049 5559 2175 5622 τοὺς
2204 5554 2514 5628 όρθοποδεῖν
2557 5554 2884 5627 ᾑρημένους,
2916 5553 3011 5608 καὶ
3048 5551 3146 5622 τὴν
3172 5550 3253 5619 ἐφ’
3281 5547 3320 5603 a
3354 5544 3429 5618 μὴ
3458 5558 3630 5614 προσ-
