3990 6196
294 220 439 321 ius

1008 266 1095 326 DE
1131 271 1571 329 ADORA'IIONE
1613 277 1678 332 IN
1719 276 1988 334 SPIRITU
2026 281 2115 337 ET
2155 285 2519 347 VERITATE.
2561 294 2688 349 LIB.
2731 296 2864 353 VIII.

3486 310 3590 369 546

339 379 480 449 ἧκεν
506 377 833 450 ἀπαγωγὴν,
870 377 1186 453 ὲπινενόηκέ
1216 404 1265 439 τι
1296 388 1390 442 καὶ
1437 389 1643 463 ἕτερον,
1677 393 1705 445 ὃ
1738 392 1800 464 δὴ
1826 411 1858 445 κ

1966 398 1989 454 I
2024 405 2170 455 teros
2190 401 2257 456 ad
2288 403 2718 474 improbitatem,
2759 418 2813 464 et
2847 410 2914 465 ad
2968 428 3031 468 ea
3083 430 3204 484 quae
3240 432 3351 474 non
3384 435 3587 479 conve-

326 468 491 529 αὐτὸς
514 469 646 539 ἡμῖν
672 470 700 521 ὀ
729 467 1016 534 θεσπέσιος
1056 473 1268 540 Παῦλος
1318 479 1664 551 μαθημάτων
1689 482 1908 554 ἄριστον

324 560 582 622 ἐποιεῖτο,
622 558 825 628 λέγων·
868 580 887 613 ι
929 563 1023 633 Μὴ
1063 563 1390 638 λογομαχεῖν
1426 573 1514 625 ἐπ’
1564 573 1740 625 ούδενὶ
1771 590 1907 643 χρη-

270 631 280 645 ’
325 650 492 721 σίμῳ,
524 650 557 720 ἢ
592 652 684 703 ἐπὶ
714 631 1065 725 καταστροφῇ
1243 631 1569 716 ἀκουόντων.
1622 683 1640 715 ι
1690 631 1905 736 Αίᾫὰρ

322 743 577 814 περιτταὶ
610 743 877 809 διαλέξεις
905 784 920 809 ,
953 748 1047 801 καὶ
1091 749 1154 801 τὸ
1197 751 1500 819 φιλόνεικον
1534 755 1730 826 κομιδῇ
1775 758 1904 828 περὶ

320 834 582 905 ζητήσεις
604 874 619 898 ,
668 837 767 889 οὐκ
822 840 1131 906 ἀναγκαίας
1158 842 1391 910 γεννῶσι
1433 846 1649 916 μάχας,
1689 849 1782 901 καὶ
1812 851 1902 902 τὸν

316 924 427 976 τῶν
453 926 819 994 ἀκροωμένων
846 926 1111 981 τύπτουσι
1136 929 1260 984 νοῦν
1285 948 1298 961 ’
1336 934 1384 986 οί
1415 934 1511 1003 μὲν
1539 935 1666 1005 γὰρ,
1690 936 1748 1002 ἐξ
1774 935 1901 989 ἐλα-

316 1016 488 1087 φρίας
509 1057 523 1079 ,
551 1017 613 1069 τὸ
646 1017 725 1087 μὴ
754 1017 931 1089 ὀρθῶς
964 1019 1087 1090 ἔχον
1119 1038 1180 1073 τε
1215 1023 1309 1075 καὶ
1339 1026 1626 1095 εἰρημένον
1670 1028 1781 1082 ἔσθ’
1810 1030 1899 1082 ὅτε

314 1107 571 1179 προαλῶς
597 1125 657 1161 τε
684 1109 779 1161 καὶ
811 1110 1037 1181 ἀμαθῶς
1081 1113 1420 1184 εἰσδέχονταί
1448 1134 1505 1170 τε
1528 1123 1622 1172 καί⁸
1657 1120 1897 1174 ἐπαινεῖν

314 1200 711 1266 σπουδάζουσιν
734 1216 748 1229 ·
778 1202 826 1255 οί
857 1202 931 1267 δὲ,
964 1207 1076 1267 τοῖς
1100 1206 1348 1274 ἀρίστοις
1373 1209 1470 1280 τὴν
1498 1211 1692 1281 αἰσχίω
1717 1212 1894 1283 ψῆφον

322 1293 647 1360 ἐπάγοντες,
675 1293 775 1364 τὴν
804 1293 925 1364 ἴσην
949 1297 1058 1359 τοῖς
1077 1295 1260 1360 ἄλλοις
1286 1300 1701 1371 ὴρρωστηκότες
1729 1304 1895 1357 άπαι-

314 1384 559 1446 δευσίαν,
595 1385 773 1438 ἁλοῖεν
808 1386 875 1440 ἄν
894 1403 905 1414 ·
940 1386 1109 1455 ὀλίγοι
1139 1388 1196 1442 δὲ
1223 1390 1499 1455 παντελῶς
1524 1396 1574 1447 οἱ
1599 1394 1892 1467 διακρίνειν

305 1477 528 1539 εἰδότες,
558 1478 653 1530 καί
680 1475 775 1531 τοῦ
809 1479 1196 1534 κατασίνεσθαι
1238 1484 1541 1551 πεφυκότος
1569 1487 1890 1557 προτάττειν

304 1568 367 1621 τὸ
409 1566 677 1637 ὠφελοῦν.
728 1568 984 1639 ’Δπληγα
1009 1569 1065 1623 δὲ
1099 1571 1190 1624 τὸν
1230 1572 1356 1626 νοῦν
1399 1569 1542 1629 οὗτοι
1569 1578 1886 1649 διατηροῦσι

309 1659 464 1730 μόλις
507 1661 567 1712 ὲν
613 1663 734 1723 ταῖς
768 1660 876 1713 τῶν
903 1660 1104 1731 ἑτέρων
1147 1662 1524 1736 λογομαχίαις.
1571 1669 1780 1723 Οὐκοῦν
1807 1670 1884 1735 ὠς

298 1751 456 1804 ἔσται
493 1751 555 1803 τὸ
600 1751 791 1822 χρῆμα
837 1755 947 1817 τοῖς
996 1754 1129 1825 δρᾷν
1159 1732 1432 1811 ἐθέλουσιν
1477 1760 1578 1813 οὐκ
1624 1732 1877 1832 ἀζήμιον,
1909 1732 1956 1792 Β

304 1842 674 1895 ὗπαινίττεται
700 1842 863 1896 πάλιν
880 1846 1010 1915 ἡμῖν
1032 1848 1060 1899 ὀ
1079 1846 1260 1916 νόμος,
1288 1848 1480 1918 λέγων·
1501 1870 1519 1903 ι
1542 1851 1667 1906 Ἐάν
1693 1853 1749 1906 δὲ
1779 1856 1881 1925 μά..

295 1946 502 2000 χωνται
539 1928 633 1982 δύο
661 1929 873 2001 ἄνδρες,
906 1931 1000 1985 καὶ
1029 1932 1310 1998 πατάξωσι
1332 1939 1566 2004 γυναῖκα
1589 1938 1647 1992 ὲν
1678 1939 1877 2011 γαστρὶ

295 2018 550 2088 ἔχουσαν,
586 2021 682 2073 καὶ
716 2021 907 2094 ἐξέλθῃ
938 2022 999 2075 τὸ
1042 2024 1253 2078 παιδίον
1308 2027 1479 2098 αὐτῆς
1512 2029 1587 2101 μὴ
1626 2030 1878 2096 ὲξεικονι-

298 2110 519 2180 σμένον,
552 2111 839 2183 ἐπιζήμιον
867 2114 1298 2186 ζημιωθήσεται,
1330 2119 1520 2174 καθότι
1542 2120 1609 2174 ἂν
1643 2124 1875 2197 ἐπιϐάλῃ

291 2202 321 2253 ὁ
363 2201 509 2272 ἀνὴρ
557 2202 655 2273 τῆς
688 2204 945 2270 γυναικὸς
969 2244 984 2267 ,
1029 2208 1124 2260 καὶ
1162 2207 1325 2263 δώσει
1361 2211 1501 2281 μετὰ
1541 2213 1870 2286 ἀξιώματος.

304 2293 431 2346 Ἐὰν
456 2293 513 2346 δὲ
544 2292 973 2366 ὲξεικονισμένον
996 2295 1052 2372 ᾖ,
1080 2298 1240 2354 δώσει
1265 2300 1443 2374 ψυχὴν
1468 2305 1587 2359 ἀντὶ
1617 2306 1812 2379 ψυχῆς.
1845 2326 1865 2362 ι

290 2389 460 2456 Λόγος
494 2389 592 2460 μὲν
616 2384 740 2456 οὖν,
773 2391 831 2444 ἐν
863 2393 1051 2464 μήτρᾳ.
1087 2394 1148 2447 τὸ
1177 2394 1435 2469 ἔμϐρυον,
1472 2398 1869 2470 άνθρωποειδὲς

288 2480 521 2550 ὁρᾶσθαι
558 2481 749 2552 μόλις,
790 2485 884 2537 καί¹
920 2487 1000 2548 εἰς
1036 2485 1206 2542 τύπον
1240 2488 1376 2542 ίέναι
1421 2490 1516 2544 τοῦ
1566 2492 1688 2546 καθ’
1722 2495 1869 2566 ἡμᾶς

291 2570 558 2649 σώματος.
577 2574 730 2639 τότε,
775 2576 863 2628 ὅτε
906 2578 997 2631 καὶ
1031 2580 1264 2651 ἀριθμὸς
1303 2582 1390 2634 ἐπ’
1418 2582 1567 2654 αύτῷ
1598 2602 1867 2659 τεσσαρα-

288 2664 715 2737 κοστῆςήμέρας
737 2667 1164 2740 διαπεραίνεται.
1196 2672 1463 2747 Ταύτῃτοί
1504 2693 1638 2746 φασι
1662 2679 1864 2735 Μωσέα

293 2755 395 2827 μὲν
420 2757 515 2810 τὸν
547 2760 880 2832 πανάριστον
902 2762 968 2816 ὲκ
991 2763 1090 2832 τῆς
1119 2764 1177 2818 ἐν
1201 2763 1465 2837 Αἰγύπτῳ
1493 2768 1702 2837 πλάνης
1725 2773 1863 2825 οίον-

287 2847 336 2901 εί
368 2865 488 2912 πως
519 2850 845 2905 ἀνωδίνοντά
878 2869 936 2905 τε
960 2854 1053 2906 καὶ
1078 2855 1497 2927 ἀναμορφοῦντα
1517 2858 1606 2912 τὸν
1645 2861 1861 2934 Ἰσραὴλ

218 3000 221 3003 δ
285 2940 364 3004 εἰς
395 2939 496 3010 τὴν
527 2941 585 2995 ἐν
614 2942 763 3013 νόμῳ
788 2942 955 3014 ζωὴν,
983 2945 1167 3000 σιτίων
1204 2947 1505 3018 ἀπέχεσθαι
1530 2952 1623 3005 καὶ
1647 2953 1825 3007 ποτῶν
1843 2971 1857 2985 ·

2012 492 2173 546 niunt
2211 494 2542 564 abducendi,
2572 502 2971 570 prohibuisset,
3004 506 3153 561 aliud
3182 509 3445 577 quiddam
3486 530 3587 570 ex-

2010 585 2290 654 cogitavit,
2318 589 2467 657 quod
2493 590 2670 660 ipsum
2707 592 2902 649 beatus
2949 611 3169 666 quoque
3204 600 3424 665 Paulus,
3461 614 3585 666 tan-

2007 691 2170 745 quam
2231 679 2493 747 Optimam
2552 682 2713 736 nobis
2766 683 3114 753 disciplinam
3162 689 3420 745 tradidit:
3464 694 3584 749 «Ne

2004 782 2310 837 pugnemus
2337 770 2544 837 verbis,
2580 787 2701 841 qua:
2742 773 2813 827 ad
2841 775 3080 830 nihilum
3113 780 3318 845 valent,
3356 782 3466 837 nisi
3511 784 3581 839 ad

2002 856 2424 913 subversionem
2484 861 2830 917 audientium
2867 867 2977 920 7°.»
3031 868 3168 923 Nam
3226 886 3581 942 supervacua:

2002 946 2108 1001 illa:
2134 948 2558 1018 disputationes,
2593 959 2650 1006 et
2698 955 2867 1010 nimia
2927 957 3072 1013 circa
3105 963 3441 1029 qumstiones
3470 966 3578 1018 mi-

1998 1036 2147 1092 nime
2164 1041 2503 1095 necessarias
2528 1044 2831 1110 contentio,
2859 1058 3129 1118 generant
3146 1067 3375 1123 pugnas,
3399 1065 3458 1111 et
3481 1073 3579 1111 au-

1996 1127 2266 1183 dientium
2301 1132 2513 1187 animos
2562 1133 2807 1190 feriunt:
2844 1153 2875 1192 e
2909 1140 3115 1208 quibus
3152 1146 3402 1200 nonnulli
3452 1149 3578 1217 qui-

1995 1217 2119 1273 dem
2150 1235 2218 1273 ex
2247 1219 2488 1287 levitate,
2533 1223 2679 1293 quod
2725 1241 2907 1296 neque
2966 1238 3116 1285 recte
3176 1231 3362 1299 habet,
3391 1252 3572 1305 neque

1994 1309 2204 1365 dictum
2234 1322 2337 1376 est,
2368 1321 2574 1369 temere
2614 1324 2671 1371 et
2722 1317 2920 1373 inscite
2970 1335 3368 1392 nonnunquam
3416 1331 3570 1383 exci~

1991 1402 2167 1471 piunt,
2193 1411 2249 1459 et
2274 1404 2531 1461 laudibus
2566 1408 2802 1463 tollunt:
2856 1411 2948 1465 alii
2980 1428 3174 1469 rursus
3226 1416 3295 1471 de
3347 1420 3572 1488 optimis

1988 1493 2124 1549 viris
2149 1502 2306 1565 turpe
2340 1497 2612 1567 judicium
2640 1499 2927 1570 facientes,
2984 1505 3199 1571 eadem,
3236 1525 3345 1578 qua
3376 1513 3565 1580 primi,

1989 1582 2208 1638 inscitia
2273 1584 2530 1643 laborare
2568 1589 3106 1660 deprehenduntur:
3160 1600 3319 1666 pauci
3378 1611 3565 1657 autem

1986 1674 2279 1730 admodum
2305 1677 2574 1747 judicare,
2603 1688 2659 1735 et
2690 1681 2856 1738 rebus
2888 1685 3068 1742 noxiis
3116 1688 3270 1744 utilia
3305 1692 3564 1760 praeferre

1986 1767 2204 1832 sciunt,
2261 1769 2464 1840 vixque
2493 1772 2531 1825 ii
2582 1772 2849 1830 duntaxat
2895 1777 2953 1831 in
3007 1779 3241 1835 aliorum
3275 1783 3563 1842 hominum

1984 1857 2281 1912 verborum
2326 1860 2525 1931 pugnis
2562 1862 2971 1921 invulneratum
3018 1870 3263 1926 animum
3314 1887 3556 1933 servant.

1968 1948 2174 2020 Itaque
2210 1950 2267 2005 id
2293 1950 2627 2009 facientibus
2663 1971 2774 2011 non
2815 1956 3147 2029 impunitum
3184 1963 3301 2019 fore
3350 1966 3559 2023 indicat

1983 2055 2203 2095 rursum
2232 2041 2340 2107 lex,
2371 2058 2498 2097 eum
2523 2043 2691 2101 dicit:
2739 2067 2757 2099 ι
2785 2047 2842 2104 Si
2867 2065 3000 2106 vero
3040 2052 3151 2107 duo
3180 2054 3285 2108 viri
3311 2073 3558 2128 pugnan-

1984 2138 2065 2186 tes
2117 2134 2493 2201 percusserint
2546 2137 2837 2195 mulierem
2897 2142 2953 2198 in
3023 2152 3183 2200 utero
3236 2147 3552 2213 habentem.

1980 2223 2144 2293 260
2197 2231 2253 2279 et
2296 2226 2496 2283 exierit
2548 2229 2726 2286 infans
2761 2233 2900 2302 ejus,
2960 2235 3205 2290 nondum
3262 2236 3550 2306 formatus,

1978 2317 2148 2371 multa
2176 2318 2517 2388 multabitur,
2564 2332 2831 2392 quantum
2878 2324 3139 2380 indixerit
3185 2327 3269 2382 vir
3306 2330 3554 2386 mulieris

1970 2394 2144 2475 illius,
2172 2408 2399 2464 etdabit
2428 2426 2552 2465 cum
2576 2413 2982 2482 postulatione;
3017 2417 3102 2471 sin
3124 2417 3392 2476 formatus
3428 2422 3549 2478 fue-

1974 2500 2066 2565 rit,
2091 2500 2243 2556 dabit
2287 2503 2526 2558 animam
2584 2520 2685 2575 pro
2722 2507 2905 2562 anima
2951 2510 3016 2563 ⁸⁸.
3048 2529 3067 2560 ι
3116 2509 3323 2565 Ferunt
3382 2513 3550 2584 igitur

1973 2589 2147 2647 fetum
2173 2594 2230 2649 in
2262 2604 2425 2651 utero
2442 2597 2532 2652 vix
2562 2599 2786 2654 tandem
2842 2600 2910 2655 ad
2973 2602 3270 2658 humanam
3306 2607 3545 2674 speciem

1971 2682 2210 2740 ei‘fictum
2242 2688 2440 2755 videri,
2473 2698 2532 2745 et
2556 2690 2630 2746 ad
2676 2689 2905 2762 ﬁguram
2948 2693 3121 2747 nostri
3161 2695 3414 2764 corporis
3442 2712 3536 2751 ac-

1970 2774 2187 2841 cedere,
2208 2793 2443 2833 numero
2474 2780 2835 2851 quadraginta
2863 2780 3079 2836 dierum
3116 2783 3333 2852 expleto
3390 2784 3542 2839 ideo-
3622 2816 3623 2819 η

1968 2879 2075 2934 que
2114 2865 2269 2920 aiunt
2307 2868 2547 2940 Moysen,
2573 2870 2757 2925 virum
2808 2872 3099 2941 optimum,
3153 2888 3277 2928 cum
3329 2874 3543 2929 Israelis

1967 2953 2232 3022 populum
2258 2970 2326 3010 ex
2362 2956 2454 3010 illo
2475 2956 2692 3029 Egypti
2723 2973 2914 3014 errore
2940 2958 3008 3013 ad
3037 2959 3205 3013 vitam
3235 2959 3539 3014 secundum

288 3051 307 3083 ι
358 3033 557 3105 ¹Ἄρτον
584 3034 714 3105 γάρ,
763 3036 947 3107 φησὶν,
1000 3038 1098 3091 οὐκ
1142 3037 1364 3108 ἔφαγον,
1416 3041 1510 3095 καὶ
1563 3041 1707 3115 ὕδωρ
1759 3045 1859 3099 οὐκ

1966 3044 2139 3115 legem
2165 3045 2473 3103 ducendam
2532 3050 2733 3105 iterum
2791 3050 3196 3121 quodammodo
3240 3053 3540 3122 parturiret

282 3126 437 3181 ἔπιον
464 3129 876 3200 τεσσαράκοντα
907 3131 1140 3202 ἡμέρας.
1179 3152 1198 3184 ι
1235 3134 1345 3187 Καὶ
1388 3136 1470 3199 είς
1501 3137 1645 3207 ἡμᾶς
1671 3137 1728 3191 δὲ
1760 3141 1860 3193 αὖα

278 3219 407 3281 τοὺς
429 3258 444 3283 ,
481 3219 855 3290 ύποτοπητέον
900 3221 1097 3293 δράσαι
1144 3239 1204 3275 τε
1238 3223 1391 3277 τοῦτο
1428 3227 1523 3279 καὶ
1571 3228 1856 3299 ὑπομεῖναι

277 3309 533 3380 Χριστόν.
577 3311 976 3382 Ἀνεμορφοῦτο
1009 3310 1116 3384 γάρ
1149 3314 1207 3368 ὲν
1231 3314 1380 3386 αὐτῷ
1418 3316 1553 3388 πρὸς
1584 3318 1857 3390 άγιασμδν

273 3400 339 3455 δι’
389 3402 725 3473 ἐγκρατείας
773 3404 807 3474 ἡ
844 3403 1041 3474 φύσις,
1090 3404 1151 3469 ἐξ
1191 3407 1467 3477 ἀκρατοῦς
1522 3409 1756 3479 ὀρέξεως
1797 3414 1855 3465 ὲν

273 3494 475 3562 ἀρχαῖς
526 3495 587 3546 ἐν
619 3494 698 3561 τῷ
743 3496 1157 3570 πρωτοπλάστῳ
1192 3499 1284 3552 τὸν
1314 3501 1395 3564 είς
1441 3500 1719 3571 ἁμαρτίαν
1761 3504 1854 3557 καὶ

274 3581 591 3652 παράϐασιν
627 3584 1027 3656 ἀρρωστήσασα
1063 3588 1357 3659 μολυσμόν.
1392 3590 1562 3643 Ταυτὶ
1588 3592 1686 3662 μὲν
1707 3595 1853 3665 ἡμᾶς

271 3677 373 3728 οὐκ
401 3675 666 3730 ἀπίθανον
706 3677 907 3730 ἐννοεῖν
933 3694 947 3708 ·
994 3678 1151 3749 πλὴν,
1187 3680 1334 3746 ὅπως
1365 3682 1484 3735 ποτ’
1521 3681 1588 3737 ἂν
1617 3684 1728 3755 ἔχοι
1753 3686 1852 3756 τῆς

273 3766 519 3837 ἱστορίας
545 3770 574 3821 ὀ
604 3767 782 3838 λόγος,
806 3770 1090 3842 παρείσθω
1119 3773 1237 3827 νυνί
1258 3791 1271 3805 ·
1304 3774 1421 3839 πῶς
1451 3776 1497 3830 δ’
1518 3776 1586 3831 ἂν
1608 3779 1847 3833 νοεῖσθαι

269 3857 472 3928 πρέποι
492 3901 508 3925 ,
534 3862 596 3913 τὸ
623 3863 858 3929 γυναῖκα
892 3862 1224 3933 πλήττεσθαι
1260 3867 1358 3937 τὴν
1388 3869 1445 3920 ὲν
1468 3869 1666 3940 γαστρὶ
1700 3869 1848 3940 ἔχουο

272 3964 393 4015 σαν,
430 3950 567 4022 πρὸς
599 3950 709 4004 τῶν
747 3951 1016 4006 εἰωθότων
1036 3953 1387 4026 λογομαχεῖν,
1423 3956 1555 4029 φέρε
1587 3958 1676 4030 δὴ,
1709 3960 1842 4031 φέρε

266 4040 723 4112 δωσκεπτώμεθα
742 4060 756 4074 ν
791 4042 854 4096 τὸ
873 4044 982 4116 γάρ
1005 4062 1087 4098 τοι
1108 4044 1229 4100 λίαν
1256 4047 1600 4117 ἰσχνομυθείν
1619 4049 1675 4101 ἐν
1696 4067 1761 4119 γε
1778 4050 1843 4122 δὴ

265 4127 475 4193 τούτοις
497 4168 513 4194 ,
552 4131 654 4183 οὐκ
698 4131 956 4201 ἀτερπές.
1003 4131 1213 4186 Οὐκοῦν
1261 4134 1473 4205 καρπὸς
1518 4134 1584 4189 ἂν
1631 4136 1718 4205 εἴη
1747 4138 1841 4190 καὶ

265 4217 457 4289 κύημα
489 4220 602 4285 νοῦ,
639 4221 822 4286 πίστις
854 4224 886 4293 ἡ
927 4223 1007 4286 εἰς
1039 4222 1293 4294 Χριστὸν,
1322 4225 1389 4278 δι’
1419 4225 1662 4289 ἐντελοῦς
1697 4230 1841 4298 ἡμᾶς

264 4308 520 4375 γνώσεως
569 4312 986 4367 άναπλάττουσα
1032 4316 1168 4386 πρὸς
1203 4316 1402 4383 αὐτὸν,
1454 4318 1549 4371 καὶ
1590 4320 1670 4382 εἰς
1699 4319 1840 4374 θεῖον

1961 3153 2026 3193 ac
2057 3139 2402 3206 reformaret,
2439 3142 2567 3197 cibo
2593 3150 2651 3197 et
2699 3150 2834 3212 potu
2878 3143 3213 3198 abstinuisse
3242 3162 3256 3198 :
3290 3164 3309 3196 ι
3332 3145 3536 3201 Panem

1959 3231 2129 3295 cnim,
2154 3231 2351 3302 inquit,
2386 3248 2498 3287 non
2524 3233 2760 3300 comedi,
2781 3242 2838 3289 et
2862 3250 3061 3304 aquam
3102 3252 3212 3291 non
3261 3236 3378 3292 bibi
3402 3254 3536 3308 qua-

1957 3322 2210 3394 draginta
2265 3325 2463 3379 diebus
2506 3326 2573 3380 ⁸¹.
2612 3346 2630 3376 ι
2695 3326 2843 3381 Idem
2887 3342 3105 3397 quoque
3157 3338 3382 3398 propter
3435 3346 3536 3385 nos

1957 3414 2105 3485 ipsos
2154 3416 2579 3471 existimandum
2634 3425 2719 3473 est
2773 3426 2830 3472 et
2876 3418 3093 3485 fecisse,
3122 3429 3181 3475 et
3239 3420 3533 3488 pertulisse

1952 3502 2235 3559 Christum
2257 3522 2271 3559 :
2294 3505 2700 3560 reformabatur
2724 3506 2872 3560 enim
2904 3508 2962 3562 in
2994 3522 3061 3562 eo
3109 3506 3178 3561 ad
3217 3508 3532 3565 sanctifica-

1956 3595 2160 3651 tionem
2192 3612 2290 3666 per
2309 3598 2724 3667 temperantiam
2783 3606 2972 3654 nostra
3028 3607 3245 3663 natura,
3291 3615 3414 3669 quae
3459 3600 3531 3655 ab

1952 3681 2111 3737 initio
2133 3682 2187 3736 in
2221 3684 2445 3739 homine
2471 3686 2709 3755 primum
2741 3686 2998 3753 formato,
3016 3703 3117 3757 per
3159 3687 3526 3760 intemperan-

1953 3780 2064 3829 tem
2096 3775 2424 3845 appetitum,
2455 3778 2668 3847 peccati
2701 3780 3264 3851 transgressionisque
3314 3783 3527 3838 macula

1948 3867 2131 3923 fuerat
2152 3868 2455 3940 inquinata.
2481 3870 2661 3941 Atque
2713 3870 2830 3926 bzec
2859 3886 2890 3925 a
2933 3872 3093 3926 nobis
3135 3872 3361 3942 quidem
3414 3890 3524 3929 non

1947 3961 2390 4032 improbabiliter
2433 3963 2866 4033 excogitantur:
2923 3971 3127 4026 tamen,
3193 3979 3522 4034 quocunque

1945 4052 2111 4107 modo
2144 4068 2204 4106 se
2233 4053 2434 4107 habeat
2464 4053 2708 4107 historiae
2742 4051 2904 4114 ratio,
2962 4052 3030 4105 ad
3080 4067 3323 4121 praesens
3354 4055 3519 4109 omit-

1947 4151 2121 4199 tatur:
2161 4143 2435 4212 quomodo
2488 4150 2674 4197 autem
2720 4141 2952 4211 intelligi
3004 4142 3298 4197 conveniat
3356 4144 3517 4207 illud.

1943 4232 2234 4288 mulierem
2286 4231 2341 4286 in
2384 4240 2544 4287 utero
2590 4230 2888 4286 habentem
2943 4231 3112 4286 abiis
3164 4234 3259 4303 qui
3306 4250 3518 4306 pugnas

1942 4323 2242 4379 verborum
2273 4336 2532 4377 exercere
2556 4330 2982 4384 consueverunt,
2999 4323 3238 4391 percuti,
3265 4339 3361 4394 age
3400 4326 3515 4395 jam

262 4398 637 4471 διαμορφοῦσα
672 4403 869 4457 τύπον·
904 4406 999 4458 καὶ
1037 4405 1168 4474 γοῦν
1196 4408 1245 4460 οί
1294 4410 1718 4476 πεπιστευκότες
1749 4411 1836 4466 διὰ

1966 4412 2378 4469 :onsideremus:
2405 4425 2531 4465 nam
2592 4410 2869 4466 subtiliter
2904 4412 3199 4467 admodum
3233 4414 3512 4470 disserere

261 4494 448 4559 φωνῆς
490 4493 734 4561 Ἠσαίου,
760 4495 940 4559 τοῦτο,
972 4493 1126 4567 οἶμαί
1152 4514 1281 4565 που,
1315 4504 1837 4573 κατασημαίνοντες,

258 4576 318 4634 εὖ
356 4582 503 4653 μάλα
535 4586 981 4657 κατακεκράγασι
1007 4599 1023 4619 ⁴
1059 4607 1079 4641 ι
1117 4589 1216 4643 Διὰ
1247 4591 1339 4645 τὸν
1370 4593 1533 4661 φόϐον
1568 4611 1662 4648 σου
1682 4638 1695 4657 ,
1727 4596 1839 4648 Κύ-

261 4689 387 4743 ριε,
423 4675 481 4726 ὲν
534 4677 730 4747 γαστρὶ⁹
784 4678 1049 4750 ἐλάϐομεν
1077 4720 1092 4744 ,
1144 4682 1237 4735 καὶ
1309 4682 1694 4755 ὡδινήσαμεν,
1743 4688 1837 4740 καὶ

257 4764 547 4835 ὲτέκομεν,
600 4767 817 4838 πνεῦμα
871 4770 1148 4843 σωτηρίας
1199 4788 1293 4825 σου
1350 4777 1690 4847 ἐποιήσαμεν
1741 4779 1835 4831 ἐπὶ

255 4852 355 4923 τῆς
381 4854 509 4923 γῆς.
542 4874 562 4906 ι
598 4857 807 4913 Οὐκοῦν
837 4862 1050 4932 καρπὸς
1075 4861 1143 4916 ἂν
1169 4863 1257 4934 εἴη
1279 4866 1373 4918 καλ¹
1414 4866 1603 4937 κύημα
1643 4868 1732 4921 νοῦ
1769 4869 1829 4922 τὸ

256 4947 630 5014 πνευματικὸν
661 4950 755 5003 καὶ
789 4953 1079 5023 σωτήριον,
1123 4956 1303 5019 πίστις
1331 4958 1362 5027 ἡ
1390 4958 1472 5019 εἰς
1508 4959 1760 5029 Χριστὸν,
1792 4961 1827 5031 ἢ

256 5035 350 5086 καὶ
397 5036 528 5100 τοὺς
596 5038 774 5105 θείους
824 5044 960 5113 ημῖν
1016 5047 1372 5119 χαρακτῆρας
1417 5049 1822 5120 ἐνσημαίνεται.

253 5121 379 5186 Τοῖς
419 5125 554 5194 γοῦν
583 5127 668 5181 ’ἐκ
705 5129 1040 5204 τελεωτέρας
1079 5133 1334 5202 γνώσεως
1397 5140 1826 5210 μετερρυηκόσιν

172 5278 188 5293 .
252 5215 481 5286 ἀμαθῶς
505 5219 588 5283 εἰς
625 5221 727 5291 τὴν
769 5224 909 5292 μείω
935 5241 996 5277 τε
1032 5225 1128 5278 καὶ
1158 5225 1520 5299 άτελεστέραν
1544 5270 1559 5295 ,
1591 5231 1827 5287 Γαλάται

251 5305 307 5358 δὲ
361 5303 508 5362 οῦτοι
534 5349 551 5375 ,
586 5313 927 5383 προσεφώνει
977 5315 1148 5385 λέγων
1187 5319 1217 5370 ὀ
1245 5316 1527 5384 θεσπέσιος
1575 5322 1784 5388 Παῦλος
1810 5338 1824 5353 ⁸

257 5413 275 5486 ι
325 5398 528 5455 Τεκνία
560 5420 687 5474 μου,
712 5405 807 5470 οὓς
833 5407 992 5462 πάλιν
1025 5408 1200 5463 ὠδίνω
1223 5450 1238 5475 ,
1270 5412 1429 5483 ἄχρις
1466 5409 1526 5467 οῦ
1562 5415 1823 5486 μορφωθῇ

251 5485 488 5554 Χριστὸς
519 5492 581 5546 ἐν
605 5494 756 5565 ὑμῖν.
796 5514 813 5549 ι
862 5494 1245 5569 Ἐναρξάμενοι
1269 5499 1377 5571 γάρ
1421 5501 1709 5573 πνεύματι,
1730 5485 1827 5574 τὴν

311 5675 430 5749 ’χιι
456 5677 678 5746 Tim.n,
705 5679 792 5736 14.
855 5681 902 5714 ⁸⁸
927 5678 1099 5738 Exod.
1133 5699 1241 5749 XXI,
1269 5685 1356 5751 2‘2,
1390 5687 1477 5743 23.
1537 5689 1577 5722 ⁸¹
1612 5689 1769 5744 Deut.
1801 5705 1872 5745 ix.

1945 4503 2000 4558 in
2024 4502 2111 4558 his
2138 4511 2289 4558 certe
2312 4501 2499 4566 rebus,
2535 4516 2647 4556 non
2672 4501 3029 4571 injucundum
3062 4512 3164 4557 est.
3203 4503 3300 4560 Est
3347 4506 3513 4577 igitur

1947 4589 2162 4645 fructus
2190 4604 2258 4645 ac
2304 4589 2454 4644 fetus
2486 4589 2709 4653 mentis,
2743 4589 2878 4645 fides
2927 4590 2981 4645 in
3039 4590 3341 4659 Christum,
3388 4611 3511 4665 qua:

1940 4694 2046 4734 nos
2095 4678 2339 4748 perfecta
2389 4678 2702 4749 cognitione
2754 4678 2825 4733 ad
2887 4679 3036 4736 illius
3091 4681 3507 4741 similitudinem

1937 4770 2164 4841 effingit,
2192 4779 2248 4825 et
2272 4771 2341 4825 ad
2371 4769 2598 4841 figuram
2653 4769 2894 4824 divinam
2951 4772 3240 4829 reformat:
3277 4776 3508 4847 ideoque

1939 4859 2131 4914 fideles
2157 4873 2256 4928 per
2298 4858 2451 4913 Isaia:
2504 4874 2694 4913 vocem
2737 4860 2863 4925 hoc,
2890 4869 2952 4915 ut
2977 4863 3194 4933 opinor,
3243 4865 3402 4935 plane
3429 4868 3509 4922 εἰ-

1936 4946 2276 5019 gnificantes,
2302 4948 2571 5004 clamant:
2606 4968 2623 4999 ι
2647 4949 2877 5019 Propter
2915 4951 3171 5007 timorem
3200 4955 3508 5019 tuum,‘Do-

1937 5039 2107 5104 mine,
2134 5039 2190 5094 in
2247 5047 2437 5094 ventre
2493 5041 2835 5111 accepimus,
2883 5050 2941 5098 et
2991 5042 3504 5112 parturivimus,et

1931 5131 2252 5201 peperimus
2292 5130 2546 5202 spiritum
2597 5133 2789 5189 salutis
2850 5143 2975 5203 tum,
3012 5151 3134 5206 quae
3183 5137 3415 5193 fecimus
3447 5139 3503 5195 in

1933 5231 2086 5279 terra
2115 5225 2181 5279 “.
2208 5244 2227 5277 ι
2267 5225 2501 5281 Fructus
2531 5226 2699 5297 igitur
2730 5227 2934 5282 mentis
2967 5244 3031 5283 ac
3066 5228 3212 5285 fetus
3236 5230 3496 5300 spiritua-

1928 5317 1998 5374 lis
2026 5325 2189 5388 atque
2219 5316 2476 5374 salutaris
2500 5328 2584 5375 est
2614 5319 2747 5376 fides
2771 5321 2826 5376 in
2855 5320 3159 5387 Christum,
3213 5340 3333 5392 quae
3363 5322 3500 5375 divi-

1928 5422 2029 5463 nos
2062 5424 2280 5479 quoque
2302 5410 2357 5467 in
2385 5411 2547 5467 nobis
2574 5412 2919 5468 characteres
2977 5415 3260 5484 imprimit.
3310 5414 3497 5481 Itaque

1927 5513 2024 5554 eos
2045 5506 2193 5554 certe
2219 5499 2314 5568 qui
2353 5515 2385 5555 e
2413 5501 2727 5570 perfectiori
2779 5502 3092 5572 cognitione
3115 5502 3183 5557 ad
3224 5502 3496 5560 minorem

1927 5689 2009 5746 18.
2074 5688 2118 5719 ⁸¹
2158 5688 2257 5743 Isa.
2288 5705 2428 5753 xxvi,
2454 5690 2539 5745 18.
