3990 6196
417 219 519 276 517

1407 213 1463 268 S.
1503 212 1776 268 CYRIILI
1818 209 2286 266 ALEXANDRINI
2325 207 2642 264 ARCIILEP.

3570 207 3679 266 ειε

417 339 474 385 ει
526 327 989 400 imperfectiorcm
1036 326 1202 380 stulte
1257 324 1603 379 deduxerant
1645 323 1871 394 (Galatae
1931 318 1988 374 hi

2094 320 2234 374 κατά
2265 319 2442 390 σάρκα
2475 317 2751 372 τελείωσιν
2781 314 3126 385 ἐπετήδευον,
3157 315 3236 378 είς
3265 315 3480 388 τὴντοῦ
3507 317 3679 388 νόμου

417 423 621 491 erant),
661 419 1046 490 alloquebatur
1064 416 1263 470 beatus
1288 415 1512 482 Paulus,
1565 415 1798 468 dicens:
1852 431 1867 463 ι
1899 411 1989 465 Fi-

418 513 530 567 lioli
577 512 718 574 mei,
775 523 915 578 quos
981 507 1183 560 iterum
1244 505 1515 574 parturio,
1569 503 1746 558 donec
1788 501 1990 556 forme-

420 617 509 662 tur
531 607 784 662 Christus
823 605 878 656 in
935 603 1092 657 vobis
1150 602 1216 655 ⁸³.
1248 620 1265 652 ›
1319 600 1456 656 Cum
1503 600 1651 654 enim
1700 599 1995 668 cmpissent

415 694 638 766 spiritu,
664 692 846 746 carnis
871 691 1266 761 perfectionem
1294 690 1362 743 ad
1386 689 1615 759 legalem
1644 689 1852 742 cultum
1886 698 1994 742 tra-

416 783 588 847 ducti,
616 781 988 843 sectabantur,
1008 780 1078 833 ob
1109 794 1339 847 eamque
1355 793 1574 832 causam
1599 776 1908 832 efficiebant
1935 786 1996 830 ut

419 876 476 930 in
509 873 707 944 seipsis
732 873 823 927 illa
852 871 1059 927 Christi
1091 869 1350 924 formatio
1389 868 1457 923 ad
1487 868 1650 923 ﬁnem
1705 869 1996 939 perfectio-

418 981 654 1036 nemque
681 964 906 1018 minime
934 962 1271 1032 perveniret,
1305 961 1509 1015 bonum
1564 959 1699 1014 illud
1741 960 1889 1030 quod
1939 960 1994 1014 in

397 1058 553 1127 ipsis
578 1065 835 1126 tanquam
870 1055 925 1108 in
983 1061 1140 1108 utero
1169 1054 1412 1123 positum
1460 1060 1600 1117 erat,
1634 1052 1787 1108 velut
1828 1053 1995 1107 abor-

417 1148 638 1202 tientes.
668 1146 841 1216 Igitur
876 1144 966 1196 illa
1009 1143 1340 1213 cognitionis
1394 1142 1678 1211 perfectio,
1733 1151 1790 1197 et
1836 1144 1992 1214 261

418 1237 704 1307 integritas
740 1235 886 1301 fidei,
932 1234 1235 1289 Salvatoris
1288 1233 1466 1288 nostri
1520 1233 1901 1289 formationem
1940 1235 1996 1288 in

415 1337 634 1381 nostros
662 1325 909 1379 omnium
935 1325 1148 1378 animos
1203 1322 1448 1388 inducet,
1479 1338 1653 1392 eaque
1697 1339 1786 1378 res
1837 1323 1997 1377 nobis

417 1420 592 1473 instar
624 1418 795 1472 divini
846 1417 1132 1486 cujusdam
1181 1415 1409 1470 seminis
1457 1416 1582 1470 erit.
1630 1414 1770 1470 Cum
1829 1415 1997 1486 igitur

413 1510 780 1580 quorumdam
855 1508 1150 1562 verborum
1218 1507 1668 1562 contentionibus
1746 1506 1996 1560 nonnulli

415 1599 892 1665 scandalizantnr;
927 1599 1126 1653 deinde
1157 1598 1340 1652 anima
1391 1598 1444 1652 id
1496 1613 1786 1668 perpessa,
1845 1598 1990 1652 illam

2093 410 2350 480 λατρείαν
2391 405 2878 479 μετενηνεγμένοι·
2922 404 3182 475 ταύτῃτοι
3240 405 3334 458 καὶ
3382 406 3685 476 ἀτελεσφόο

2097 518 2259 572 ρητον
2282 502 2339 554 ὲν
2371 502 2583 562 ἑαυτοῖς
2619 498 2718 569 τὴν
2742 497 2837 550 τοῦ
2885 496 3121 567 Χριστοῦ
3158 498 3442 567 μόρφωσιν
3471 499 3683 553 ἀπετέ-

2093 595 2240 659 λουν,
2289 592 2453 646 οίονεί
2486 608 2603 655 πως
2648 589 3125 661 ἀπαμϐλίσκοντες
3170 589 3230 642 τὸ
3270 589 3328 642 ἐν
3379 607 3444 659 γε
3490 591 3683 660 σφίσιν

2093 686 2276 748 αὐτοῖς
2304 685 2380 748 ὼς
2422 686 2480 737 ὲν
2534 682 2688 752 νηδύϊ
2733 681 2984 751 κείμενον
3013 680 3236 749 ἀγαθόν.
3283 681 3493 735 Οὐκοῦν
3523 683 3585 736 τὸ
3619 685 3684 736 ὲν

2092 772 2293 842 γνώσει
2333 773 2539 826 τέλειον
2591 771 2686 824 καὶ
2743 771 2804 824 τὸ
2852 772 3153 841 ἀκραιφνὲς
3197 774 3279 835 είς
3325 773 3528 838 πίστιν,
3582 773 3682 826 τοῦ

2095 865 2346 935 Σωτῆρος
2372 863 2471 934 τὴν
2497 863 2778 934 μόρφωσιν
2799 866 2916 927 ταῖς
2945 863 3200 916 ἁπάντων
3227 864 3385 934 ἡμῶν
3402 866 3685 919 είσοικιεῖ-

2093 971 2184 1006 ται
2221 954 2445 1024 ψυχαῖς,
2494 953 2786 1006 καὶτοῦτο
2837 955 2894 1006 ὲν
2933 955 3066 1024 ἡμῖν
3113 953 3189 1018 ὡς
3240 953 3362 1009 θεία
3409 973 3493 1019 τις
3523 955 3682 1010 ἔσται

2097 1045 2294 1116 σπορά.
2343 1045 2513 1096 Ὅταν
2541 1044 2719 1097 τοίνυν
2750 1044 2825 1107 ὡς
2875 1044 2982 1096 ἀπό
3013 1060 3076 1111 γε
3108 1044 3208 1115 τῆς
3237 1062 3397 1098 τινων
3441 1045 3681 1116 λογομα-

2095 1136 2218 1206 χίας
2271 1133 2705 1199 σκανδαλίζοιντό
2755 1151 2932 1198 τινες·
2979 1130 3097 1188 εἶτα
3146 1137 3180 1205 ὴ
3231 1135 3390 1190 τοῦτο
3428 1135 3681 1190 παθοῦσα

2095 1228 2262 1299 ψυχὴ,
2293 1228 2393 1299 τὴν
2431 1228 2506 1288 ὼς
2547 1229 2604 1281 έν
2635 1226 2789 1280 ὠδίσι
2828 1226 3115 1296 κειμένην,
3157 1227 3251 1280 καὶ
3289 1229 3368 1290 εἰς
3407 1227 3532 1281 νοῦν
3569 1226 3680 1280 ἔσω

2100 1317 2631 1388 τεθησαυρισμένην,
2678 1316 3052 1383 ἀπαμϐλίσκοι
3087 1317 3271 1369 πίστιν
3314 1334 3374 1370 τε
3413 1318 3513 1370 καὶ
3536 1317 3680 1386 γνῶ-

2101 1430 2203 1478 σιν,
2242 1413 2290 1464 εί
2322 1412 2418 1481 μὲν
2465 1411 2570 1480 εἴη,
2612 1409 2766 1477 φησι,
2801 1408 2875 1478 μὴ
2899 1407 3327 1478 ὲξεικονισμένη,
3368 1409 3670 1472 τουτέστιν,

2099 1506 2148 1557 εί
2203 1502 2400 1571 ἀτελὴς
2444 1501 2524 1554 ἔτι
2567 1502 2662 1554 καὶ
2715 1500 3090 1572 ἀκαλλεστέρα
3116 1540 3131 1563 ,
3174 1500 3376 1572 ζημίαν
3413 1502 3678 1572 ὑπομενεῖ

2103 1595 2279 1664 πάντη
2321 1610 2380 1645 τε
2416 1592 2509 1644 καὶ
2546 1591 2762 1653 πάντως
2811 1592 2839 1642 6
2872 1589 2966 1642 τοῦ
3019 1589 3314 1642 σκανδάλου
3349 1590 3676 1661 παραίτιος,

413 1707 579 1762 quam
607 1691 662 1744 in
691 1699 849 1744 utero
879 1691 1145 1760 gestabat,
1191 1695 1246 1743 et
1272 1689 1328 1742 in
1367 1690 1549 1743 animo
1575 1689 1766 1744 intime
1800 1704 1988 1743 recon-

2097 1690 2169 1758 ἣν
2197 1688 2262 1741 ἂν
2287 1685 2542 1756 ἐπιϐάλῃ,
2579 1683 2761 1753 φησιν,
2793 1685 2821 1736 6
2854 1683 3056 1753 ταύτης
3096 1683 3323 1752 νυμφίος
3347 1724 3362 1749 ,
3396 1683 3676 1746 τουτέστι,

414 1783 587 1837 ditam
621 1782 884 1844 habebat,
936 1780 1099 1835 ﬁdem
1133 1789 1191 1834 et
1218 1781 1587 1850 cognitionem
1643 1780 1987 1845 abortiverit,

414 1872 707 1942 siquidem,
761 1873 957 1941 inquit,
992 1871 1234 1926 nondum
1288 1872 1519 1926 formata
1572 1872 1758 1938 fuerit,
1794 1873 1848 1926 id
1885 1880 1987 1936 est,

415 1965 598 2018 adhuc
642 1962 963 2031 imperfecta
1018 1971 1074 2016 et
1126 1962 1418 2026 informis,
1485 1963 1716 2017 multam
1765 1963 1991 2017 omnino

413 2055 730 2121 sustinebit,
759 2055 853 2125 qui
896 2055 1141 2110 scandali
1167 2071 1388 2110 causam
1429 2055 1601 2121 dedit,
1650 2072 1814 2126 quam
1850 2056 1994 2111 indi-

414 2149 578 2212 xerit,
610 2148 811 2216 inquit,
855 2149 1005 2202 illius
1033 2163 1318 2218 ,sponsus,
1369 2165 1569 2219 nempe
1597 2148 1888 2216 Christus;
1937 2159 1993 2206 et

414 2238 566 2292 dabit
589 2251 714 2292 cum
740 2237 1136 2308 postulatione,
1169 2238 1369 2308 inquit,
1406 2239 1459 2293 id
1481 2246 1584 2304 est,
1623 2241 1826 2310 gratias
1849 2247 1988 2310 aget,

413 2326 562 2396 quod
600 2341 711 2380 non
749 2327 927 2396 plenae
965 2327 1295 2396 perditionis
1327 2343 1546 2398 paenam
1587 2331 1876 2384 sustineat.
1925 2331 1994 2384 At

414 2417 459 2470 si
485 2416 789 2486 spiritualis
815 2417 985 2469 animi
1045 2417 1192 2472 fetus
1219 2418 1541 2472 eiformatus
1585 2417 1774 2482 fuerit,
1799 2419 1853 2473 id
1887 2427 1990 2483 est,

413 2505 459 2560 si
489 2506 731 2576 cognitio
761 2521 827 2560 ac
874 2505 1010 2560 ﬁdes
1051 2506 1440 2562 formationem
1468 2507 1674 2562 Christi
1716 2509 1990 2575 habuerit,

412 2605 664 2650 extremo
716 2596 988 2665 supplicio
1021 2598 1346 2668 subjacebit,
1385 2607 1447 2653 ut
1505 2599 1600 2669 qui
1641 2601 1754 2670 jam
1818 2601 1995 2656 homi-

414 2688 535 2744 cida
567 2689 668 2743 sit:
696 2704 822 2742 nam
850 2689 1078 2759 integra:
1108 2688 1234 2744 ﬁdei
1259 2691 1504 2756 amissio,
1527 2701 1584 2746 et
1631 2692 1887 2761 perfecta:
1904 2708 1994 2748 co-

413 2780 933 2852 gnitionisjactura,
960 2796 1110 2836 mors
1154 2789 1239 2838 est
1265 2783 1479 2837 animae.
1529 2784 1718 2852 Itaque
1766 2785 1991 2852 partici-

413 2887 537 2943 pem
565 2888 687 2926 csse
740 2873 1073 2928 nefariarum
1100 2874 1542 2943 persuasionum,
1593 2891 1656 2929 ac
1679 2890 1994 2930 sermonum

2105 1778 2340 1849 Χριστός
2359 1794 2374 1810 ⁸
2411 1779 2506 1831 καὶ
2531 1776 2690 1829 δώσει
2721 1776 2859 1846 μετὰ
2888 1775 3193 1845 ἀξιώματος
3218 1819 3232 1841 ,
3260 1775 3508 1828 τουτέστι
3531 1818 3546 1841 ,
3578 1777 3676 1829 καὶ

2093 1869 2429 1940 ὁμολογείτω
2465 1868 2646 1937 χάριν,
2683 1867 2758 1936 μὴ
2795 1866 2894 1937 τὴν
2919 1867 2998 1928 είς
3033 1865 3252 1937 ὄλεθρον
3283 1866 3520 1937 παντελῆ
3547 1883 3672 1919 ποι-

2094 1959 2189 2031 νὴν
2211 1959 2468 2022 ὑποστάς.
2501 1959 2562 2011 Εἰ
2592 1958 2646 2009 δὲ
2671 1956 2755 2026 εἴη
2774 1997 2788 2020 ,
2819 1957 3003 2026 φησιν,
3039 1959 3468 2027 ἑξεικονισμένον
3488 1958 3550 2011 τὸ
3577 1957 3679 2027 τῆς

2093 2051 2274 2121 ψυχῆς
2327 2048 2516 2118 κύημα
2546 2048 2755 2117 νοητὸν,
2793 2047 3092 2110 τουτέστιν,
3144 2050 3190 2100 εί
3223 2048 3426 2115 γνῶσις
3464 2047 3552 2117 εἴη
3579 2047 3682 2101 καὶ

2095 2141 2276 2204 πίστις
2316 2139 2410 2193 τοῦ
2448 2138 2685 2210 Χριστοῦ
2733 2138 2971 2209 φοροῦσα
3033 2138 3330 2208 μόρφωσιν,
3379 2141 3490 2202 τοῖς
3545 2138 3682 2210 περὶ

2096 2233 2204 2286 τῶν
2233 2231 2476 2302 ἐσχάτων
2525 2230 2875 2283 ὑποκείσεται
2927 2229 3138 2296 λόγοις,
3181 2229 3255 2292 ὡς
3294 2230 3396 2301 ἤδη
3429 2231 3524 2282 καὶ
3572 2245 3676 2298 (po-

2096 2323 2278 2393 νευτή.
2307 2323 2496 2392 Ψυχῆς
2519 2321 2625 2392 γάρ
2655 2322 2902 2384 Θάνατος,
2922 2323 2955 2390 ὴ
2984 2322 3082 2390 τῆς
3113 2320 3415 2390 ἀμωμήτου
3439 2319 3682 2383 πίστεως

2095 2415 2371 2477 ἀπόθεσις,
2404 2415 2498 2466 καὶ
2529 2414 2627 2481 τῆς
2659 2413 2863 2483 ἀρτίως
2889 2412 3119 2482 ἐχούσης
3147 2411 3398 2480 γνώσεως
3419 2411 3454 2483 ἡ
3475 2411 3676 2482 ζημία.

2095 2506 2382 2575 Τοιγάρτοι
2409 2504 2471 2557 τὸ
2503 2507 2697 2574 χρῆναι
2731 2503 3054 2573 μεταλαχείν
3089 2503 3320 2556 ἀνοσίων
3352 2504 3670 2573 είσηγημά-

2094 2619 2225 2666 των,
2267 2599 2362 2653 καὶ
2400 2593 2474 2651 ὧν
2504 2597 2570 2650 ἂν
2600 2599 2806 2649 ποιοῖτο
2829 2596 3022 2663 λόγων,
3048 2595 3207 2666 ἀνὴρ,
3238 2593 3478 2663 γεγονὼς
3510 2595 3678 2648 κατά.-

2097 2691 2292 2762 6ρωμα
2337 2687 2666 2752 διαϐολικὸν,
2709 2688 2804 2740 καὶ
2837 2690 2936 2757 τῆς
2982 2688 3090 2740 τῶν
3135 2686 3430 2758 δαιμονίων
3469 2685 3678 2760 ἀγέλης

2094 2783 2254 2836 οἱονεί
2285 2799 2402 2843 πως
2429 2780 2625 2852 τροφὴ,
2661 2781 2936 2860 μολυσμὸν
2969 2776 3110 2834 εἷναί
3145 2796 3275 2850 φησι
3297 2797 3309 2810 ο
3336 2779 3432 2834 καὶ
3455 2780 3679 2849 ἀποφάο

2099 2894 2218 2930 σκει
2246 2875 2430 2938 πάλιν,
2455 2874 2531 2937 ὡς
2564 2877 2622 2927 έν
2653 2875 2935 2944 αἰνίγματι
2959 2873 3154 2942 λέγων,
3189 2893 3207 2925 ι
3245 2873 3356 2926 Καὶ
3385 2872 3552 2943 κρέας
3579 2873 3680 2944 θη-

412 2979 552 3033 quos
575 2964 834 3019 habuerit
860 2965 905 3019 is
963 2966 1058 3034 qui
1108 2981 1234 3020 esca
1290 2966 1562 3020 diabolica
1605 2966 1781 3022 factus
1803 2977 1907 3032 est,
1938 2977 1988 3022 et

2100 2969 2359 3042 ριάλωτον
2390 2968 2490 3021 οὐκ
2533 2967 2750 3034 ξδεσθεο
2787 2966 2865 3036 τῷ
2908 2968 3030 3020 κυνὶ
3065 2965 3408 3038 ἀπορρίψατε
3455 2966 3610 3019 αὑτό.
3652 2985 3671 3014 ι

413 3054 723 3108 daemonum
745 3056 924 3126 gregis
957 3056 1126 3110 veluti
1178 3057 1355 3121 cibus,
1405 3073 1520 3112 rem
1557 3057 1828 3127 impuram
1865 3074 1986 3114 esse

412 3147 521 3200 ait:
550 3147 714 3216 idque
755 3148 1012 3217 prohibet
1046 3165 1286 3214 rursum,
1314 3157 1572 3220 tanquam
1622 3166 1720 3220 per
1755 3151 1987 3222 aenigma

410 3238 634 3294 dicens:
669 3259 688 3292 ι
711 3241 779 3294 Ει
801 3255 1020 3295 carnem
1040 3250 1255 3310 captam
1287 3255 1318 3294 a
1348 3241 1524 3295 bestia
1572 3256 1684 3296 non
1727 3243 1986 3297 comede-

412 3329 483 3383 tis
517 3349 529 3383 :
560 3331 684 3386 cani
731 3331 982 3402 projicite
1027 3332 1174 3385 illam
1198 3329 1265 3384 δ”.
1301 3350 1319 3382 ι
1363 3331 1480 3386 Μοε
1522 3339 1606 3386 εει
1655 3333 1802 3387 enim
1841 3331 1990 3388 Scri-

412 3432 585 3489 ptum
637 3437 829 3475 canem
875 3423 1152 3492 appellare
1191 3422 1568 3492 impudentem
1605 3431 1662 3478 et
1706 3424 1985 3493 impurum

411 3512 690 3566 hominem
715 3531 726 3566 :
757 3514 1095 3568 conveniens
1114 3522 1199 3568 est
1229 3523 1414 3574 autem
1456 3515 1726 3584 ejusmodi
1751 3515 1981 3581 homini,

410 3604 710 3672 ut0pinor,
737 3603 921 3672 quivis
966 3619 1150 3657 sermo
1199 3604 1448 3672 impurus
1471 3620 1536 3658 ac
1559 3604 1782 3670 fetidus,
1816 3616 1872 3662 et
1913 3609 1982 3662 ab

411 3693 531 3762 ipso
559 3693 864 3746 Beelzebub
881 3694 1238 3760 compositus,
1263 3701 1521 3763 tanquam
1551 3710 1582 3749 a
1626 3695 1740 3750 fera
1777 3697 1980 3764 bellua,

409 3800 531 3853 quae
560 3784 836 3839 subditam
860 3784 966 3838 sibi
1012 3792 1068 3838 et
1090 3785 1143 3840 in
1169 3800 1235 3840 ea
1259 3801 1318 3840 re
1332 3785 1728 3856 obsequentem
1745 3791 1982 3846 animam

409 3881 565 3927 vorat
593 3892 605 3926 :
639 3893 656 3923 ι
688 3874 858 3927 Nemo
891 3873 1037 3927 enim
1058 3873 1213 3938 dicit,
1240 3872 1544 3929 Anatbema
1577 3877 1756 3941 Jesus,
1784 3879 1898 3934 nisi
1926 3879 1982 3934 in

405 3963 715 4019 Beelzebub
763 3965 830 4018 ⁸³.
858 3985 874 4015 ι
933 3965 978 4018 Α
1025 3966 1230 4020 sanctis
1289 3974 1474 4022 autem
1537 3969 1672 4023 viris
1709 3971 1980 4040 ejusmodi

2094 3062 2248 3116 Κύνα
2281 3061 2378 3130 μὲν
2413 3060 2540 3130 γὰρ,
2577 3059 2667 3110 τὸν
2697 3058 2890 3126 ἀναιδῆ
2918 3059 3011 3110 καὶ
3042 3057 3350 3128 ἀκάθαρτον
3384 3056 3677 3126 ἄνθρωπον

2094 3152 2378 3224 ὀνομάζειν
2405 3151 2525 3215 ἔθος
2560 3155 2627 3222 τῇ
2657 3151 2778 3222 θείᾳ
2811 3152 3022 3222 Γραφῇ.
3076 3151 3292 3222 Πρέπον
3317 3150 3362 3203 δ’
3394 3149 3460 3204 ἂν
3483 3149 3572 3220 εἴη
3592 3149 3678 3220 τῷ

2091 3243 2277 3314 τοιῷδε
2299 3243 2480 3314 τυχὸν,
2503 3245 2645 3306 ἄπας
2668 3261 2750 3304 τις
2779 3239 2892 3308 οὖν,
2915 3238 3090 3312 οἶμαι,
3111 3243 3266 3312 λόγος
3296 3243 3545 3314 βδελυρὸς
3577 3243 3678 3296 καί

2091 3334 2351 3406 δυσώδης,
2379 3338 2473 3390 καὶ
2511 3337 2571 3400 ἐξ
2598 3335 2760 3390 αὑτοῦ
2793 3336 3150 3404 συγκείμενος
3181 3336 3276 3389 τοῦ
3316 3334 3675 3400 Βεελζεσοὺλ,

2095 3427 2169 3490 ὼς
2217 3426 2383 3497 θηρὸς
2435 3427 2629 3498 ἀγρίου
2682 3428 3101 3499 κατεδηδοκότος
3143 3428 3241 3500 τὴν
3289 3426 3678 3482 ὑποπεσοῦσαν

2091 3518 2240 3588 αὑτῷ
2265 3518 2358 3572 καὶ
2385 3519 2761 3589 ὑπηρετοῦσαν
2792 3521 2869 3582 είς
2893 3519 3050 3572 τοῦτο
3077 3519 3252 3590 ψυχήν
3271 3536 3286 3551 ·
3327 3538 3345 3572 ι
3377 3518 3538 3587 Λέγει
3561 3517 3680 3590 γὰρ

2090 3609 2284 3674 οὐδεὶς,
2327 3611 2598 3682 Ἀνάθεμα
2650 3609 2886 3680 Ἰησοῦς,
2928 3614 2975 3664 εἰ
3013 3611 3086 3681 μὴ
3135 3613 3194 3664 ὲν
3243 3608 3588 3674 Βεελζεεούλ.
3651 3629 3672 3662 ι

2103 3701 2307 3770 Ἀγίοις
2343 3719 2408 3771 γε
2460 3707 2570 3774 μὴν
2601 3703 2663 3756 τὸ
2708 3705 2765 3756 ὲν
2811 3703 3028 3774 μεθέξει
3060 3702 3316 3771 γενέσθαι
3354 3702 3464 3756 τῶν
3491 3701 3677 3768 οὕτως

2091 3793 2395 3865 αίσχρῶνῆ
2438 3794 2938 3864 κεκιϐδηλευμένων
2979 3795 3195 3847 ἐννοιῶν
3225 3806 3284 3847 τε
3333 3793 3429 3846 καὶ
3469 3793 3676 3862 λόγων,

2089 3884 2430 3955 ἀνάρμοστον
2473 3885 2688 3956 κομιδῇ.
2732 3903 2749 3934 ι
2805 3885 3074 3939 Κοινωνία
3109 3884 3218 3955 γὰρ
3259 3884 3484 3956 οὐδεμία
3529 3885 3682 3954 φωτὶ

2091 3978 2227 4049 πρὸς
2252 3979 2461 4039 σκότος.
2503 3997 2520 4030 ι

408 4056 650 4124 turpium
697 4071 760 4109 ac
835 4055 1096 4111 falsarum
1151 4058 1549 4112 sententiarum
1591 4060 1754 4114 simul
1805 4070 1970 4134 atque
2042 4081 2356 4121 sermonum
2420 4068 2772 4138 participatio
2815 4082 3043 4137 prorsus
3078 4075 3164 4122 est
3210 4066 3418 4122 aliena:
3453 4085 3471 4118 ι
3500 4065 3676 4122 Nulla

403 4154 491 4199 est
521 4147 668 4199 enim
692 4147 985 4201 conventio
1012 4147 1154 4203 lucis
1176 4148 1244 4203 ad
1272 4150 1528 4205 tenebras
1560 4151 1625 4205 “.
1654 4171 1671 4202 ι

479 4236 671 4293 ΡΑΙᾸ..
722 4237 800 4290 Ita
820 4245 922 4290 est.

472 4328 630 4383 CYR.
676 4327 810 4382 Esse
857 4337 1039 4382 autem
1095 4328 1162 4384 iis
1221 4330 1559 4400 vigilandum
1602 4333 1697 4402 qui
1743 4334 1987 4403 magistri

404 4420 570 4475 creati
619 4419 729 4474 sint
758 4428 812 4473 et
859 4420 1029 4474 duces
1072 4436 1328 4490 gregum,
1377 4438 1573 4477 rursus
1617 4424 1809 4479 edixit.
1855 4427 1989 4492 Quis

402 4520 586 4566 autem
622 4511 677 4564 in
713 4527 775 4564 ea
807 4527 866 4565 re
901 4511 1196 4580 probitatis
1232 4512 1430 4566 modus
1474 4530 1505 4568 a
1542 4514 1702 4569 nobis
1739 4519 1988 4586 praestari

402 4602 620 4665 debeat,
657 4602 892 4655 latenter
940 4601 1146 4654 indicat
1178 4601 1231 4654 in
1263 4602 1527 4669 Levitico,
1553 4603 1744 4661 dicens
1782 4625 1793 4660 :
1844 4628 1861 4658 ‹
1883 4609 1988 4662 Pc-

401 4691 572 4745 cudes
619 4699 740 4744 tuas
794 4704 903 4743 non
953 4705 1230 4760 suppones
1271 4691 1492 4748 diverso
1538 4697 1724 4764 generi
1761 4715 1773 4749 :
1808 4707 1866 4752 et
1901 4698 1985 4752 vi-

401 4796 560 4835 neam
624 4789 771 4834 tuam
830 4794 940 4834 non
997 4795 1148 4835 seres
1213 4781 1448 4838 diversis
1507 4786 1809 4843 seminibus
1871 4789 1981 4843 ⁸⁷.»

405 4871 561 4940 262
591 4870 859 4942 Gregibus
891 4871 1037 4926 enim
1063 4888 1354 4942 caprarum
1385 4885 1439 4930 et
1465 4877 1671 4943 ovium,
1699 4889 1794 4934 aut
1819 4881 1990 4937 vineae

401 4963 698 5031 persimilis
749 4979 871 5018 esse
909 4963 1071 5032 plane
1101 4967 1375 5021 censenda
1400 4977 1485 5023 est
1537 4970 1768 5040 subjecti
1801 4975 1989 5043 populi

402 5047 714 5103 multitudo.
741 5052 958 5104 Dictum
1003 5060 1086 5106 est
1123 5054 1269 5108 enim
1304 5056 1465 5110 beato
1501 5058 1666 5113 Petro
1703 5077 1714 5112 :
1753 5081 1770 5110 ι
1799 5061 1989 5118 Simon

396 5137 570 5201 Jona,
616 5139 801 5210 diligis
845 5142 971 5196 me?
1013 5158 1172 5211 pasce
1217 5161 1387 5214 agnos
1413 5162 1598 5214 meos,
1651 5167 1810 5220 pasce
1849 5169 1978 5210 oves

399 5247 547 5286 meas
571 5233 633 5285 ⁸⁸.
668 5252 684 5282 ι
724 5233 994 5289 Praeterea
1041 5235 1107 5289 de
1158 5235 1284 5292 ﬁliis
1310 5237 1471 5292 Israel
1514 5243 1780 5311 propheta
1810 5245 1977 5301 Isaias

394 5322 535 5377 dixit
568 5342 580 5377 :
622 5343 638 5376 ι
664 5324 835 5380 Vinea
861 5325 1008 5381 enim
1046 5327 1260 5382 Domini
1288 5328 1557 5398 Sabaoth,
1593 5333 1973 5392 domuslsrael

392 5419 513 5480 est;
540 5421 595 5468 et
642 5414 806 5469 homo
836 5415 975 5471 Juda
996 5457 1010 5482 ,
1039 5433 1263 5488 germen
1301 5419 1561 5477 dilectum
1583 5425 1648 5479 ⁸³.
1681 5444 1700 5476 ι
1735 5427 1975 5484 Pastoris

441 5619 468 5634 υ
503 5552 996 5634 :1G31§.t._lv,19._
1034 5559 1080 5592 ⁸³
1110 5561 1428 5634 Exodxxn,
1461 5569 1547 5623 51.
1626 5571 1671 5603 ⁸⁵
1705 5572 1724 5625 Ι
1764 5572 1890 5628 Cor.
1921 5591 1991 5628 xu

377 5617 584 5716 ⁸κει-ι.
675 5625 719 5656 δ’
745 5617 846 5680 tsa;
872 5643 921 5692 ν,
966 5629 1014 5682 7.
1589 5651 1604 5653 η

2001 5615 2014 5638 ,
2055 5576 2107 5628 5.
2175 5577 2219 5608 ³⁸
2248 5577 2291 5631 ll
2319 5577 2444 5632 Cor.
2473 5597 2546 5645 vr,
2579 5581 2662 5636 15.

2028 4254 2077 4312 D
2175 4247 2379 4298 HAAA.
2442 4245 2683 4315 Ἀληθές.

2162 4337 2326 4388 ΚΥΡ.
2365 4334 2756 4404 Ἐγρηγορέναι
2775 4335 2831 4388 δὲ
2854 4336 2935 4388 ὅτι
2963 4335 3232 4405 προσήκει
3261 4336 3386 4398 τοὺς
3409 4333 3679 4405 καθηγεῖ-

2090 4425 2212 4478 σθαι
2240 4424 2505 4495 λαχόντας
2527 4461 2542 4487 ,
2578 4425 2671 4476 καὶ
2715 4426 3048 4496 ἡγουμένους
3076 4424 3360 4495 ποιμνίων,
3394 4440 3678 4494 κατεχρηο

2090 4517 2342 4587 σμῴδησε
2387 4515 2571 4572 πάλιν.
2617 4517 2713 4579 Τίς
2754 4517 2799 4570 δ’
2830 4516 2896 4572 ἂν
2942 4517 3154 4586 γένοιτο
3200 4517 3297 4587 τῆς
3336 4517 3470 4588 πρὸς
3503 4515 3677 4586 ἡμῶν

2089 4607 2388 4684 ἐπιεικείας
2425 4607 2505 4670 είς
2534 4605 2690 4661 τοῦτο
2723 4608 2954 4679 τρόπος,
2997 4607 3354 4678 ὑπεμφαίνει,
3399 4607 3574 4675 λέγων
3604 4608 3675 4661 ὲν

2086 4697 2166 4768 τῷ
2199 4698 2497 4768 Λευῖτικῲ·
2533 4717 2550 4749 ι
2582 4698 2660 4751 Τά
2684 4699 2855 4768 κτήνη
2887 4715 2979 4751 σου
2995 4698 3057 4751 οὐ
3094 4695 3448 4766 κατοχεύσεις
3471 4697 3674 4766 ἑτερο-

2089 4792 2236 4861 ζύγῳ
2257 4831 2270 4855 ,
2301 4792 2396 4846 καὶ
2439 4793 2530 4844 τὸν
2561 4790 2859 4862 ἀμπελῶνά
2891 4809 2985 4845 σου
3036 4791 3097 4844 οὐ
3139 4791 3503 4860 κατασπερεῖς
3543 4788 3674 4841 διὰ-

2093 4901 2278 4957 φορον.
2319 4902 2337 4933 ι
2363 4882 2544 4937 Πώεσι
2570 4884 2669 4953 μὲν
2691 4882 2798 4954 γάρ
2822 4883 2993 4950 αίγῶν
3027 4882 3121 4936 καὶ
3152 4880 3459 4952 προϐάτων,
3491 4880 3676 4950 ἧγουν

2089 4975 2375 5044 ἀμπελῶνι
2438 4975 2833 5046 παρεικαστέον
2879 4971 2938 5029 εὖ
2988 4973 3134 5046 μάλα
3182 4973 3280 5044 τὴν
3340 4973 3444 5026 ὑπὸ
3505 4975 3676 5042 χεῖρα

2089 5066 2319 5136 πληθύν.
2364 5067 2567 5120 Ἤκουε
2601 5067 2700 5136 μὲν
2729 5068 2835 5137 γὰρ
2875 5068 2904 5120 6
2933 5067 3218 5130 θεσπέσιος
3246 5064 3450 5134 Πέτρος
3471 5079 3484 5092 ·
3521 5083 3540 5115 ι
3577 5063 3675 5116 Σί-

2095 5173 2210 5226 μων
2280 5158 2436 5210 Ἰωνᾶ
2473 5199 2487 5221 ,
2546 5158 2721 5226 φιλεῖς
2785 5175 2888 5228 με;
2943 5157 3108 5228 βόσκε
3171 5156 3241 5210 τὰ
3298 5154 3463 5225 ἀρνία
3512 5171 3618 5224 μου
3651 5197 3667 5217 ,

2086 5248 2341 5318 ποίμαινε
2376 5250 2446 5302 τὰ
2477 5250 2724 5321 πρόϐατά
2752 5267 2874 5320 μου.
2910 5270 2929 5302 ι
2967 5250 3102 5321 Περὶ
3129 5249 3184 5302 δέ
3219 5265 3283 5316 γε
3321 5248 3430 5301 τῶν
3460 5248 3519 5313 ἐξ
3557 5247 3700 5299 Ἰσο.

2089 5341 2242 5411 ραὴλ,
2274 5343 2303 5394 6
2335 5343 2615 5413 προφήτης
2643 5342 2876 5412 ἔφασκεν
2908 5343 3164 5404 Ἡσαΐας·
3194 5360 3212 5392 ι
3260 5341 3316 5393 ⁸0
3337 5340 3444 5410 γὰρ
3474 5340 3667 5409 ἀμπεο

2081 5432 2188 5484 λὼν
2221 5433 2424 5504 Κυρίου
2473 5433 2698 5488 Σαϐαὼθ
2722 5475 2735 5500 ,
2775 5431 2924 5500 οἶκος
2964 5435 3057 5488 τοῦ
3111 5432 3326 5505 Ἰσραήλ
3361 5434 3478 5484 ἐστι
3503 5471 3518 5494 ,
3561 5429 3666 5482 καὶ

2735 5582 2780 5613 δ’
2802 5579 2978 5636 ιεγίι.
3004 5579 3204 5644 ειςΛθ.
3286 5580 3329 5610 ⁸⁸
3352 5578 3508 5635 Joan.
3541 5591 3664 5642 χιι,
