3990 6196
288 261 394 318 549

998 267 1087 323 DE
1123 266 1565 324 ADOBATIONE
1600 269 1665 323 IN
1702 268 1971 325 SPIRITU
2014 268 2101 323 ET
2137 267 2505 324 VEItITA'IE.
2546 268 2672 324 LIB.
2717 269 2851 326 VIII.

3453 277 3558 334 53’)

288 380 578 453 ἄνθρωπος
602 383 698 436 τοῦ
737 382 906 438 Ἰούδα
931 423 946 449 ,
983 387 1239 456 νεόφυτον
1278 391 1655 461 ἠγαπημένον.
1689 410 1710 443 ι
1744 393 1844 446 Ποι

1978 390 2144 459 igitur
2167 388 2345 444 virtus
2367 396 2449 442 est
2476 388 2673 444 ovibus
2693 405 2805 444 non
2834 388 3124 443 admittere
3150 388 3353 445 diversi
3390 405 3558 461 gent-

292 476 456 547 μένος
482 474 547 545 δή
575 469 670 527 οὖν
701 473 893 545 ἀρετὴ,
918 475 980 528 τὸ
1014 475 1088 547 μὴ
1111 476 1403 545 ἐπαφιέναι
1433 480 1725 551 προϐάτοις
1755 483 1871 535 ἑτε-

288 565 493 638 ροειδὲς
527 581 580 618 τι
610 563 771 628 ζῶον,
802 565 878 630 ὡς
904 569 1024 630 ταῖς
1057 566 1269 621 ὀθνείου
1296 569 1461 639 τυχὸν
1494 571 1702 641 ὀχείαις
1736 574 1869 626 ὐπο-

283 659 501 723 πεσεῖν,
553 656 640 710 ἴνα
690 656 764 728 μὴ
808 658 1101 729 ἑτεροφυὲς
1147 659 1304 733 τέκῃ,
1354 663 1448 716 καὶ
1501 663 1601 734 τῆς
1639 664 1868 737 ἐνούσης

281 750 430 823 αὐτῷ
460 752 697 822 φυσικῆς
727 752 1009 821 εὐγενείας
1047 755 1399 821 ὲκνενευκός·
1439 759 1779 830 ἀμπελώνων
1807 760 1865 815 δὲ

278 846 310 897 ὁ
345 843 664 914 μελεδωνδς,
685 844 846 916 εἴπερ
866 844 954 916 εἴη
972 847 1247 921 νουνεχής,
1267 850 1359 903 καὶ
1378 855 1637 921 γηπονεῖν
1666 853 1867 925 ἄριστα

280 937 714 1008 μεμελετηκὼς,
758 938 859 992 ούκ
890 938 958 993 ἂν
990 941 1280 1014 ἀνάσχοιτό
1308 961 1438 998 ποτε
1477 947 1546 998 τά
1587 945 1727 1018 ξηρά
1752 947 1861 1002 τῶν

279 1030 617 1099 σπερμάτων
661 1031 755 1084 ὑπ’
807 1033 1003 1097 αὐταῖς
1034 1034 1267 1104 φύεσθαι
1309 1040 1430 1102 ταῖς
1461 1039 1749 1109 ἀμπέλοις,
1775 1041 1860 1095 ἵνα

277 1119 357 1191 μὴ
377 1121 774 1194 δαπανωμένης
789 1124 980 1190 αὐταῖς
1008 1127 1107 1197 τῆς
1126 1127 1351 1198 ἰκμάδος
1371 1131 1451 1194 είς
1471 1131 1531 1183 τὸ
1558 1131 1855 1202 ἀλλότριον,

274 1212 615 1285 ὑστερίζοιεν
645 1207 806 1269 αὗται
840 1218 968 1288 περὶ
996 1219 1058 1271 τὸ
1090 1220 1308 1275 οίκεῖον.
1345 1220 1449 1275 Ἴθι
1472 1220 1535 1294 δὴ
1568 1219 1660 1277 οὖν
1691 1223 1766 1288 ὡς
1798 1224 1858 1289 ἐξ

273 1306 488 1370 εἰκόνος
528 1306 631 1379 ήδη
681 1310 830 1372 πως,
867 1311 960 1364 ἐπὶ
990 1311 1079 1365 τὸν
1122 1313 1524 1383 πνευματικὸν,
1567 1315 1635 1368 τά
1665 1315 1857 1384 λογικά

270 1395 591 1469 θρέμματα,
623 1399 697 1469 μὴ
730 1401 844 1464 τοῖς
875 1399 984 1453 τῶν
1023 1402 1517 1473 ἐτεροδιδασκάλων
1548 1405 1854 1474 ὑπάγεσθαι

271 1488 649 1561 συγχωρῶμεν
677 1491 909 1556 ἀνοσίως
939 1492 1126 1565 ὥσπερ
1155 1498 1612 1568 σπερματισμοῖς,
1646 1503 1856 1570 νοητοῖς

268 1580 532 1652 δηλονότι,
566 1583 661 1636 καὶ
683 1585 804 1647 ταῖς
833 1584 909 1648 ὡς
938 1589 995 1639 ὲν
1020 1586 1166 1658 λόγῳ
1194 1588 1548 1660 εἰσηγήσεσιν
1567 1605 1582 1623 ο
1614 1590 1854 1663 ἀκαλλὴς

1971 481 2048 535 ris
2081 479 2314 545 animal,
2340 480 2415 533 ita
2454 487 2515 534 ut
2541 480 2733 534 aliena).
2765 480 2993 549 pecudis
3021 480 3407 552 congressibus
3426 496 3560 553 sup-

1969 579 2275 640 ponantur,
2300 585 2375 625 ne
2403 570 2535 640 quid
2579 571 2896 642 ambiguum
2922 572 3171 642 pariant.
3197 580 3253 627 et
3292 572 3361 625 ab
3391 573 3562 628 insita

1967 662 2205 715 naturali
2257 661 2441 716 indole
2472 661 2750 716 diversum
2778 682 2791 716 :
2822 665 2999 718 cultor
3021 672 3204 719 autem
3245 664 3552 731 vinearum,

1966 752 2014 808 si
2056 753 2220 808 modo
2267 754 2513 823 prudens
2553 754 2754 821 fuerit,
2795 765 2852 811 et
2887 758 3094 827 Optime
3140 765 3343 811 terram
3387 766 3553 812 eXco-

1964 842 2079 898 lere
2130 844 2444 911 studuerit,
2486 861 2768 916 nunquam
2816 847 3089 916 patietur,
3122 855 3184 901 ut
3218 847 3555 903 exsiccanlia

1963 935 2173 990 semina
2197 936 2300 991 sub
2324 936 2458 1007 ipsis
2478 937 2686 992 vitibus
2711 946 3037 1005 nascantur;
3064 954 3132 993 ne
3163 938 3392 1005 humor,
3417 940 3551 993 dum

1962 1027 2126 1083 alieni
2152 1029 2413 1098 germinis
2459 1030 2651 1086 usibus
2681 1030 3059 1095 consumitur,
3085 1030 3206 1085 illas
3248 1031 3466 1087 deﬁciat
3492 1034 3548 1089 in

1962 1120 2096 1176 suis.
2124 1121 2295 1192 Perge
2339 1122 2506 1192 igitur
2523 1123 2636 1193 jam
2664 1131 2921 1192 tanquam
2952 1136 3021 1176 ex
3058 1122 3292 1193 imagine
3316 1126 3384 1179 ad
3418 1140 3549 1181 senv
3598 1146 3603 1151 ·

1960 1228 2080 1266 sum
2109 1212 2452 1282 spiritualem
2473 1254 2487 1277 ,
2521 1229 2590 1269 ne
2632 1214 2930 1268 rationales
2954 1228 3111 1278 oves,
3159 1215 3548 1285 magistrorum

1959 1304 2175 1360 diversa
2200 1306 2516 1360 docentium
2544 1306 2765 1361 nefariae
2792 1306 3139 1361 seminationi
3156 1347 3170 1372 ,
3197 1306 3546 1363 intellectua-

1958 1396 1995 1448 li
2021 1437 2035 1462 ,
2068 1396 2291 1467 inquam
2311 1438 2326 1461 ,
2354 1404 2410 1451 et
2433 1397 2611 1467 qualis
2649 1398 2705 1451 in
2749 1397 3100 1453 sermonibus
3136 1407 3300 1468 atque
3325 1414 3548 1469 persua-

1957 1486 2205 1542 sionibus
2251 1503 2369 1543 esse
2424 1489 2745 1554 consuevit,
2791 1488 3049 1559 subjungi
3119 1490 3546 1559 patiamur:est

1955 1578 2101 1634 enim
2136 1580 2294 1649 plane
2336 1579 2600 1635 deformis
2643 1579 2825 1635 editus
2857 1596 2925 1635 ex
2969 1581 3223 1635 dissimili
3272 1584 3546 1639 sententia

267 1672 376 1745 γὰρ
406 1674 526 1727 λίαν
555 1676 583 1728 ό
609 1673 669 1740 ἐξ
720 1677 977 1747 ἀνομοίου
1009 1679 1222 1750 καρπὸς
1254 1680 1508 1752 γνώμης,
1544 1681 1637 1736 καὶ
1666 1684 1713 1735 οἱ
1742 1682 1847 1737 τῶν

1954 1672 2169 1728 fructus
2191 1715 2204 1739 ,
2230 1685 2286 1729 et
2312 1676 2595 1729 hominum
2626 1675 2683 1728 in
2708 1674 2813 1730 ﬁde
2839 1674 3191 1730 dissimilium
3227 1690 3510 1732 sermones
3527 1719 3542 1742 ,

265 1743 366 1834 οὐκ
395 1764 715 1833 ὀμοπίστων
739 1743 908 1835 λόγοι,
937 1743 1156 1836 φαύλων
1188 1743 1515 1839 ἄν’γένοιντο
1552 1773 1847 1843 κυημάτων

1955 1761 2022 1816 iis
2060 1763 2154 1833 qui
2195 1764 2318 1819 illos
2360 1765 2689 1830 admittunt,
2728 1780 2928 1835 pravos
2969 1772 3161 1835 partus
3201 1766 3538 1821 conciliant:

266 1853 521 1925 πρόξενοι
555 1858 669 1919 τοῖς
706 1857 1137 1928 εἰσδεδεγμένοις
1174 1859 1370 1925 αύτούς
1392 1876 1405 1889 ·
1437 1861 1768 1932 ἀμπελῶνας
1795 1863 1849 1916 δὲ

265 1946 429 2011 ὂντας
457 1949 629 2019 ήμᾶς,
656 1950 752 2002 καὶ
776 1951 834 2002 ἐν
853 1950 1098 2022 ὀρχάτων
1125 1950 1275 2018 τάξει
1303 1953 1611 2024 κειμένους,
1640 1972 1850 2026 μονοει-

264 2038 349 2092 δεῖ
382 2040 586 2111 τρόπον
611 2040 735 2093 τινὰ
763 2044 1032 2114 προσήκει
1070 2042 1467 2111 στεφανοῦσθαι
1497 2045 1718 2117 καρπῷ,
1755 2050 1849 2102 καὶ

264 2129 356 2184 τὸν
377 2129 545 2199 διφυᾶ
572 2131 959 2202 παραιτεῖσθαι
987 2132 1205 2204 τρόπον.
1230 2135 1403 2203 Λόγος
1429 2134 1537 2208 γάρ
1562 2136 1737 2202 οὐδεὶς
1770 2139 1849 2205 είς

263 2221 559 2294 ὁμοιότητα
591 2223 849 2295 φυσικὴν,
894 2224 1025 2296 σίτῳ
1061 2224 1155 2277 καὶ
1200 2224 1473 2297 βότρυσιν.
1531 2230 1848 2302 Ἀλλοτρίων

268 2311 333 2383 δὴ
378 2309 473 2365 οὖν
506 2313 847 2384 σπερμάτων.
865 2314 1050 2386 μηδεὶς
1074 2316 1232 2387 ἡμῶν
1259 2315 1396 2371 ἔστω
1416 2318 1600 2384 τόπος.

336 2404 542 2457 ΠΑΛΛ.
582 2401 658 2459 Εὖ
682 2404 884 2475 λέγεις.

334 2495 501 2549 ΚΥΡ.
530 2497 641 2550 Καὶ
670 2498 793 2551 καθ’
827 2499 1015 2572 ἕτερον
1042 2499 1098 2554 δὲ
1126 2503 1327 2573 τρόπον
1359 2501 1436 2574 (I)
1473 2505 1723 2577 ἀσυναφῆ
1751 2506 1846 2560 καὶ

261 2590 554 2660 ἀσύμϐατα
581 2632 596 2655 ,
630 2592 727 2644 καὶ
749 2592 852 2662 τῆς
885 2595 1021 2665 πρὸς
1055 2596 1260 2667 ἄλληλα
1319 2599 1611 2662 κοινωνίας
1647 2598 1846 2669 διεσχι-

263 2681 440 2752 σμένα
479 2682 546 2735 τὰ
568 2684 1030 2756 ὲτεροτροποῦντα
1062 2687 1316 2753 δεικνύει,
1348 2689 1615 2762 παραθεὶς
1651 2692 1730 2755 εἰς
1752 2691 1846 2745 τύ-

263 2791 363 2828 πον
393 2774 496 2845 τὴν
536 2776 922 2850 ὲκτοπωτάτην
965 2780 1058 2835 καὶ
1092 2781 1382 2836 ἀλλόκοτον
1416 2783 1616 2855 κομιδῇ
1644 2782 1740 2837 τοῦ
1765 2783 1844 2837 λο-

263 2867 417 2935 γικοῦ
448 2867 587 2933 ζώου
618 2868 857 2935 σύνοδον,
890 2871 1030 2943 πρὸς
1067 2873 1129 2927 τὸ
1152 2874 1227 2946 μὴ
1254 2875 1514 2941 τοιοῦτον,
1548 2876 1845 2946 ἑτεροειδὲς

260 2957 315 3009 δὲ
348 2959 444 3011 καὶ
473 2958 726 3028 ἔκφυλον.
760 2961 870 3016 Καὶ
898 2960 963 3035 δή
984 2962 1076 3017 καί
1102 2981 1266 3035 φησιν
1290 2966 1349 3020 ὲν
1384 2966 1482 3037 μὲν
1512 2968 1578 3038 τῇ
1620 2965 1840 3038 Ἐξόδῳ·

267 3052 396 3112 ι·ος
428 3048 494 3104 ἂν
529 3051 765 3124 κοιμηθῇ
802 3052 940 3123 μετά
965 3054 1216 3125 κτήνους,
1251 3054 1464 3127 θανάτῳ
1493 3057 1841 3111 ἀποκτενεῖτε
1869 3087 1912 3145 C

260 3140 476 3194 αὐτόν.)
503 3142 843 3215 Σαφέστερον
870 3143 928 3198 δὲ
958 3144 1122 3198 πάλιν
1152 3146 1209 3199 ὲν
1244 3146 1322 3217 τῷ
1351 3147 1644 3218 Λευῖτικῷο
1678 3168 1697 3199 ι
1731 3150 1843 3203 Καὶ

259 3230 318 3296 ὃς
363 3232 463 3286 ὲάν
507 3231 582 3302 δῷ
616 3234 898 3288 κοιτασίαν
932 3232 1099 3288 αὐτοῦ
1149 3236 1207 3287 ἐν
1252 3236 1581 3305 τετράποδι,
1626 3235 1842 3310 θανάτῳ

261 3321 631 3387 θανατούσθω,
655 3324 833 3381 καὶτὸ
858 3324 1163 3395 τετράπουν
1188 3326 1558 3381 ἀποκτενεῖτε·
1588 3329 1682 3383 καὶ
1703 3329 1839 3401 γυνὴ

258 3413 377 3483 ήτις
401 3415 827 3485 προσελεύσεται
848 3415 987 3486 πρὸς
1009 3418 1117 3470 πᾶν
1138 3416 1336 3487 κτῆνος
1365 3415 1652 3490 βιασθῆναι
1670 3420 1840 3492 αὐτὴν

260 3506 350 3559 ὑπ’
376 3505 545 3560 αὑτοῦ
567 3548 584 3571 ,
621 3507 970 3562 ἀποκτενεῖτε
995 3509 1097 3580 τὴν
1117 3511 1373 3577 γυναῖκα,
1403 3510 1497 3563 καλ⁸
1519 3510 1579 3564 τὸ
1611 3511 1833 3582 κτῆνος·

261 3594 477 3673 θανάτῳ
518 3595 998 3651 θανατούσθωσαν·
1041 3598 1213 3670 ἔνοχοί
1259 3601 1415 3653 εἰσιν.
1449 3618 1468 3651 ι
1511 3600 1750 3674 Ὀμιλίαι
1778 3620 1837 3655 τε

258 3687 387 3758 γάρ,
420 3689 516 3741 xci.
548 3687 711 3741 οἱονεὶ
733 3687 908 3759 μίξεις
927 3691 981 3743 αἱ
1012 3692 1202 3761 νοηταὶ
1225 3691 1320 3745 καὶ
1352 3692 1589 3757 σύνοδοι,
1618 3694 1675 3747 αἱ
1701 3693 1837 3766 πρὸς

259 3777 349 3840 οὓς
377 3776 444 3832 ἂν
465 3779 671 3850 ἥκιστα
717 3781 938 3853 πρέποι,
968 3782 1063 3835 καὶ
1095 3778 1178 3845 οἷς
1210 3782 1645 3855 κατηῤῥώστησε
1698 3785 1835 3857 πρὸς

261 3869 482 3939 ἀλογίαν
513 3872 543 3924 ὁ
571 3869 696 3936 νοῦς
730 3873 832 3943 τὴν
869 3873 1139 3945 ἐσχάτην,
1173 3874 1404 3929 θανάτου
1440 3874 1714 3947 πρόξενοι,
1740 3877 1834 3930 καὶ

260 3962 439 4027 αὐτοῖς
470 3967 585 4027 τοῖς
607 3964 1064 4036 παραφθείρουσι,
1094 3966 1188 4020 καὶ
1218 3970 1331 4031 τοῖς
1358 3967 1664 4023 ἐθελούσιον
1699 3970 1835 4023 ὑπο-

263 4054 482 4122 μένουσι
505 4056 605 4128 τὴν
626 4059 1009 4133 παραφθοράν.

329 4234 535 4287 ΠΔΛΛ.
597 4234 895 4307 Ὀρθότατά
935 4253 995 4290 τε
1035 4238 1132 4291 καὶ
1186 4238 1329 4310 μάλα
1377 4237 1544 4303 ὁσίως
1590 4240 1618 4292 ὁ
1668 4240 1832 4311 νόμος

260 4339 411 4393 φησι·
1200 4357 1223 4365 -

1951 1854 2048 1909 sed
2083 1870 2206 1909 cum
2247 1857 2388 1912 vites
2423 1873 2523 1911 nos
2564 1856 2668 1927 ipsi
2718 1856 2919 1923 simus,
2953 1864 3009 1911 et
3043 1857 3356 1919 vinetorum
3395 1858 3544 1912 vices

1953 1949 2237 2000 teneamus
2256 1986 2270 2011 ,
2304 1946 2469 2000 unius
2493 1945 2643 1999 modi
2689 1944 2928 2015 quodam
2953 1945 3119 2000 modo
3148 1944 3329 2001 {metu
3356 1949 3542 2001 ornari

1954 2035 2249 2101 convenit,
2298 2045 2355 2090 et
2402 2036 2667 2090 biformes
2720 2050 2902 2090 mores
2948 2034 3157 2101 vitare;
3210 2037 3349 2090 nihil
3392 2037 3541 2093 enim

1950 2128 2135 2182 tritico
2167 2136 2224 2182 et
2266 2128 2426 2193 uvis,
2456 2128 2604 2198 quod
2649 2127 2717 2182 ad
2764 2128 3076 2182 naturalem
3122 2128 3540 2186 similitudinem

1946 2222 2252 2290 pertineat,
2278 2236 2569 2276 commune
2613 2229 2720 2275 est.
2747 2220 2943 2274 Nullus
2989 2219 3156 2290 igitur
3181 2222 3238 2275 in
3283 2223 3444 2279 nobis
3467 2224 3543 2279 sit

1947 2313 2143 2369 alienis
2178 2314 2485 2369 seminibus
2518 2315 2692 2369 locus.

2017 2405 2215 2459 l’ALL.
2246 2406 2415 2461 Recte
2440 2405 2601 2463 dicis.

2015 2497 2171 2552 ΟΥΕ.
2198 2498 2318 2553 Alia
2344 2513 2563 2569 quoque
2589 2498 2806 2554 ratione
2831 2500 2944 2556 nOn
2970 2503 3249 2558 cohaerere
3274 2501 3420 2557 inter
3441 2518 3498 2557 se
3518 2543 3534 2568 ,

1946 2606 2125 2660 neque
2150 2590 2446 2645 convenire
2491 2605 2681 2661 posse,
2732 2607 2854 2660 quae
2906 2592 3142 2649 diversis
3179 2593 3405 2666 praedita
3428 2593 3539 2649 sint

1946 2684 2223 2749 moribus,
2264 2693 2321 2738 et
2340 2670 2538 2738 'mutua
2565 2682 2709 2738 inter
2737 2699 2796 2739 se
2823 2686 3210 2742 communione
3241 2687 3537 2759 disiuncta,

1946 2772 2315 2837 demonstrat,
2358 2773 2427 2829 ad
2474 2775 2594 2845 ejus
2633 2774 2712 2829 rei
2749 2773 2980 2846 ﬁguram
3018 2792 3333 2847 proponens
3381 2777 3538 2834 illum

1948 2864 2347 2919 alienissimum
2382 2906 2397 2930 ,
2457 2873 2515 2920 et
2577 2865 2738 2936 plane
2803 2876 3183 2937 portentosum
3254 2870 3540 2926 rationalis

1944 2956 2241 3012 animantis
2276 2973 2400 3012 cum
2445 2973 2512 3012 eo
2558 2972 2947 3029 congressum,
2976 2960 3123 3031 quod
3167 2962 3287 3031 ejus
3325 2971 3538 3018 natura:

1944 3065 2055 3105 non
2082 3051 2189 3116 sit,
2227 3051 2326 3105 sed
2352 3050 2557 3105 diversi
2602 3052 2854 3122 generis,
2881 3058 2938 3107 et
2967 3060 3312 3108 extraneum.
3346 3053 3537 3123 Itaque

1948 3140 2001 3197 in
2027 3140 2218 3196 Exodo
2249 3140 2366 3195 ait:
2405 3160 2423 3191 ι
2467 3140 2731 3207 Omnem,
2768 3142 2863 3212 qui
2891 3142 3091 3197 coierit
3117 3159 3242 3198 cum
3289 3145 3533 3213 pecude,

1945 3242 2124 3287 morte
2148 3232 2398 3288 alﬁcietis
2419 3248 2546 3287 eum
2571 3234 2640 3289 ’°.
2671 3253 2691 3286 ι
2721 3234 2946 3290 Planius
2970 3244 3152 3290 autem
3179 3236 3235 3289 in
3256 3236 3533 3291 Levitico:

1953 3341 1971 3374 ι
2000 3323 2070 3377 Et
2093 3322 2345 3393 quisquis
2389 3322 2608 3377 dederit
2633 3323 2986 3378 cubationem
3029 3340 3186 3380 suam
3210 3325 3267 3379 in
3294 3326 3536 3396 quadru-

1942 3414 2082 3484 pede
2107 3454 2121 3479 ,
2151 3422 2329 3469 morte
2355 3413 2661 3483 moriatur;
2692 3422 2749 3469 et
2782 3415 3098 3487 quadrupes
3121 3416 3487 3473 interﬁcietur
3515 3437 3531 3486 ;

1943 3512 2000 3559 et
2036 3505 2234 3560 mulier
2278 3520 2622 3575 qurecunque
2672 3506 2969 3561 accesserit
3011 3506 3081 3561 ad
3126 3522 3288 3562 omne
3332 3524 3532 3579 pecus,

1942 3603 2003 3651 ut
2028 3596 2096 3651 ab
2121 3611 2188 3650 eo
2218 3596 2595 3662 inscendatur,
2629 3596 2976 3653 interﬁcietis
3010 3599 3301 3655 mulierem
3336 3610 3394 3655 et
3432 3618 3529 3673 pe-

1944 3704 2072 3755 cus;
2106 3699 2284 3743 morte
2309 3689 2743 3756 interﬁciantur;
2769 3690 2854 3745 rei
2880 3693 3094 3746 sunt".
3127 3711 3145 3744 ι
3193 3692 3354 3772 263
3391 3693 3535 3749 Con-

1941 3781 2265 3837 suetudines
2300 3783 2505 3847 animi,
2549 3791 2605 3837 et
2646 3782 2817 3837 veluti
2868 3784 3234 3840 admistiones
3271 3785 3533 3855 spiritua-

1939 3873 2023 3928 Ies
2064 3881 2120 3927 et
2155 3888 2510 3944 congressus,
2537 3890 2663 3928 cum
2715 3875 2918 3944 quibus
2962 3878 3190 3931 minime
3239 3881 3431 3944 decet,
3476 3888 3533 3932 ct

1938 3979 2173 4034 quorum
2231 3965 2448 4019 animus
2489 3965 2972 4021 irrationabilitate
3021 3954 3235 4021 summa
3283 3967 3528 4036 laborat,

1937 4054 2133 4108 mortis
2175 4069 2341 4107 causa
2382 4060 2511 4107 sunt
2567 4061 2683 4106 tum
2726 4054 2862 4124 ipsis
2905 4056 3363 4126 corruptoribus,
3408 4065 3527 4112 tum

1937 4144 2101 4197 etiam
2137 4143 2204 4197 iis
2237 4142 2327 4212 qui
2361 4158 2418 4197 se
2446 4150 2639 4211 sponte
2669 4145 2950 4213 corrumpi
2974 4145 3285 4215 patiuntur.

2008 4233 2203 4288 PALL.
2231 4233 2554 4288 Rectissime
2575 4274 2589 4298 ,
2615 4242 2671 4288 et
2714 4234 3018 4305 justissime
3044 4236 3131 4291 lex
3152 4236 3418 4295 decrevit.

528 4413 852 4483 Θαυμάσαις
879 4416 924 4468 δ’
963 4416 1030 4470 ἂν
1072 4416 1154 4471 ἔτι
1200 4418 1295 4471 καὶ
1319 4417 1439 4472 τόδε
1465 4437 1479 4450 ’
1512 4416 1581 4494 ἦν
1624 4419 1734 4493 γὰρ
1767 4422 1829 4496 δή

1953 4373 1958 4386 Γ
2006 4410 2162 4467 CYR.
2206 4410 2347 4482 Illud
2388 4411 2536 4465 enim
2562 4411 2927 4469 admiratione
2971 4413 3198 4485 dignum
3245 4425 3362 4485 est;
3389 4433 3523 4474 con-

256 4503 356 4556 πού
404 4522 578 4571 τινας,
612 4504 688 4569 ὡς
720 4506 781 4571 ἐξ
823 4507 1101 4579 ἀφορήτου
1148 4509 1483 4577 πλεονεξίας,
1518 4514 1612 4568 καὶ
1657 4515 1706 4567 εί
1756 4513 1831 4586 μὴ

256 4595 531 4666 βούλοιντο
572 4599 735 4670 τυχὸν
779 4600 879 4671 τὴν
923 4600 984 4667 ἐξ
1028 4601 1320 4674 ὀρθότητος
1367 4604 1588 4660 ἐννοιῶν
1629 4608 1724 4661 ἐπὶ
1771 4608 1833 4661 τὸ

256 4689 502 4759 πλαγίως
537 4689 658 4761 ἕχον
690 4692 980 4763 ὑπομεῖναι
1010 4695 1390 4768 παραφθορὰν,
1438 4699 1533 4751 καὶ
1578 4699 1830 4773 καθάπερ

253 4780 310 4847 ἐξ
333 4780 604 4851 ἀνάγκης,
631 4783 730 4835 οὐκ
761 4782 1025 4854 ἀδακρυτὶ
1042 4784 1184 4855 τάχα
1216 4803 1319 4839 που
1344 4787 1539 4842 παθεῖν
1569 4789 1668 4861 τὴν
1694 4790 1831 4844 πλά-

253 4888 428 4943 νησιν.
463 4873 577 4927 Ούκ
616 4874 1049 4946 ἀνεπικούρητον
1082 4876 1264 4933 τοίνυν
1294 4878 1324 4931 ὁ
1360 4878 1526 4951 νόμος
1569 4884 1830 4955 περιορᾷν

235 4961 406 5033 ¹ἠξίου
445 4963 543 5019 καὶ
570 4964 633 5019 τὸ
651 4965 891 5020 τοιοῦτον
916 4966 1093 5036 γένος.

322 5220 533 5275 IIAAA.
565 5221 638 5276 Τὸ
673 5224 901 5296 ποῖόνπι
927 5222 1036 5297 φῄς
1053 5225 1092 5293 ;Ἲ

323 5398 487 5454 ΚΥΡ.
522 5400 598 5454 Τὸ
642 5401 792 5473 ζυγῷ
823 5401 1069 5467 δουλείας
1103 5406 1538 5477 κατεσφιγμένον
1580 5411 1672 5463 καὶ
1710 5414 1831 5477 ταῖς

250 5487 359 5545 τῶν
388 5493 714 5564 πριαμένων
742 5493 1014 5560 ἐξουσίαις
1044 5497 1491 5568 κατησχοιμένον.

355 5601 403 5633 ’θ
430 5602 605 5659 Exod.
642 5620 773 5670 xm,
796 5605 882 5660 l9.
975 5607 1020 5640 ⁹¹
1054 5607 1230 5664 Levit.
1263 5610 1464 5678 xx,15,
1496 5612 1585 5671 I6.

326 5691 402 5763 (I)
436 5691 570 5751 Cod.
601 5694 800 5761 Vatic.,
826 5696 1004 5764 τόκον,
1037 5699 1306 5771 biformem
1341 5712 1576 5773 partum.

1935 4502 2147 4574 tingere
2189 4502 2340 4559 enim
2387 4502 2576 4573 utique
2619 4511 2865 4576 poterat,
2896 4514 2959 4560 ut
2991 4507 3243 4562 nonnulli
3290 4509 3525 4566 aliorum

1934 4594 1991 4650 vi
2015 4603 2073 4650 et
2092 4595 2337 4666 potentia
2362 4610 2473 4650 non
2495 4595 2721 4651 ferenda
2742 4597 3021 4667 superati,
3053 4598 3270 4655 etiamsi
3296 4601 3525 4658 minime

1934 4685 2166 4742 fortasse
2208 4687 2441 4752 vellent,
2471 4702 2503 4741 a
2551 4697 2701 4743 recto
2746 4705 2913 4745 sensu
2939 4690 3007 4746 ad
3033 4691 3310 4762 cbiiquam
3358 4702 3523 4765 atque

1935 4794 2252 4850 perversam
2292 4778 2609 4849 opinionem
2650 4781 2896 4851 corrupti
2940 4786 3432 4852 pertraherentur,
3461 4803 3525 4841 ac

1938 4870 2107 4925 veluti
2132 4871 2340 4936 coacti,
2365 4885 2474 4925 non
2517 4871 2635 4926 sine
2658 4871 2915 4944 lacrymis
2938 4874 3173 4931 fortasse
3196 4877 3252 4931 in
3276 4893 3522 4935 errorem

1937 4963 2357 5018 seducerentur.
2385 4962 2506 5018 Non
2541 4963 2725 5035 itaque
2768 4966 2853 5022 lex
2887 4967 2994 5023 hoc
3040 4985 3213 5041 genus
3235 4970 3521 5029 hominum

1936 5057 2055 5114 sine
2103 5059 2228 5114 ullis
2273 5062 2491 5118 auxiliis
2558 5064 2982 5136 relinquendum
3025 5084 3090 5124 ac
3136 5070 3523 5144 negligendum

1938 5149 2171 5203 censuit.

2005 5239 2202 5297 PALL.
2251 5243 2421 5310 Quale
2481 5246 2703 5304 tandem
2767 5249 2915 5307 istud
2971 5270 3146 5325 genus
3198 5262 3316 5320 est,
3370 5254 3516 5323 quod

1940 5329 2112 5387 dicis?

2008 5422 2164 5480 CYR.
2194 5427 2331 5484 Illud
2376 5433 2638 5489 nimirum
2662 5433 2948 5489 servitutis
2964 5434 3098 5504 jugo
3122 5432 3477 5492 constrictum
3494 5469 3517 5503 ,

1939 5520 1995 5567 et
2020 5514 2366 5576 dominorum
2395 5523 2627 5595 imperio
2650 5533 3070 5595 prazgravatum.
