3990 6196
436 258 532 315 55!

510 370 705 427 PALL.
731 369 843 436 Qua
879 368 1091 423 ratione
1120 366 1188 420 iis
1210 366 1299 419 lex
1324 381 1484 435 opem
1510 366 1673 420 tulit?

505 559 663 614 CYR.
695 555 871 611 Solvit
902 553 1050 608 enim
1088 551 1323 606 vinculis
1360 560 1418 606 et
1450 552 1732 607 coactione
1753 591 1768 617 ,
1797 552 1843 606 si
1866 551 2017 605 dam-

436 665 568 705 num
615 648 683 702 ad
723 646 958 700 animam
999 644 1303 714 pertineat,
1345 659 1409 698 ac
1452 643 1717 697 violatum
1756 642 2017 713 aufugere

439 742 485 795 si
532 739 698 804 velit,
735 738 955 791 nemine
1008 736 1370 806 impediente,
1420 734 1767 804 apertissime
1816 734 2014 787 sanxit.

440 831 531 886 Sic
552 831 697 885 enim
740 829 962 898 oblique
1007 828 1144 881 dixit
1167 827 1225 880 in
1249 825 1439 880 Exodo
1467 844 1478 879 :
1512 844 1530 876 ι
1562 825 1618 880 Si
1644 824 1768 894 quis
1791 839 2019 895 percus-

439 924 573 978 serit
597 922 817 976 oculum
844 920 988 974 servi
1015 920 1101 973 sui
1126 959 1139 984 ,
1166 918 1251 973 vel
1295 918 1515 972 oculum
1544 917 1756 971 ancilla:
1801 932 1941 981 suae,
1966 924 2023 971 et

440 1012 795 1068 excaecaverit
814 1052 827 1077 ,
858 1011 1065 1065 liberos
1088 1008 1329 1064 dimittet
1363 1024 1458 1064 eos
1472 1024 1582 1078 .pro
1604 1008 1764 1063 oculo
1785 1022 1976 1062 eorum
2006 1024 2018 1060 :

440 1105 486 1160 si
510 1114 692 1158 autem
719 1106 940 1158 dentem
970 1101 1117 1155 servi
1163 1100 1283 1165 sui,
1311 1101 1398 1155 vel
1423 1100 1642 1155 dentem
1669 1100 1881 1155 ancilla:
1911 1115 2024 1154 sua:

441 1193 781 1257 excusserit,
807 1192 1013 1245 liberos
1035 1190 1385 1244 dimitteteos
1401 1205 1501 1258 pro
1518 1190 1681 1244 dente
1707 1204 1899 1245 eorum
1918 1191 1983 1241 θ’.
1999 1208 2015 1237 ι

441 1283 596 1350 Quod
633 1283 781 1337 enim
816 1280 1291 1357 adjconspicuum
1329 1294 1582 1342 sensum,
1628 1286 1684 1333 et
1719 1278 2025 1348 expositam

442 1384 792 1444 apertamque
820 1370 1237 1442 intelligentiam
1275 1370 1550 1440 pertinet,
1575 1369 1832 1439 prohibet
1853 1369 2024 1423 auda-

442 1466 582 1521 ciam
610 1506 624 1530 ,
672 1474 728 1520 et
773 1464 1124 1518 dominorum
1171 1461 1269 1516 ira:
1319 1461 1545 1515 modum
1599 1461 1799 1531 ponit,
1846 1476 2026 1531 neque

442 1572 684 1626 eousque
706 1554 961 1625 progredi
986 1554 1137 1617 vult,
1186 1553 1333 1608 unde
1365 1562 1766 1623 consequatur,
1795 1562 1889 1619 ut,
1932 1554 2026 1625 qui

443 1653 786 1700 suntcorum
835 1644 1142 1698 dominatui
1188 1643 1450 1715 subjecti,
1494 1645 1763 1700 naturalis
1796 1646 2032 1719 integri-1

1418 247 1478 304 S.
1522 248 1797 305 CYRILLI
1836 246 2305 303 ALEXANDRINI
2343 242 2661 300 ARCHIEP.
2806 298 2809 299 ,

2043 373 2089 429 Α
2190 340 2398 419 ΠΑΛᾸ.
2428 359 2743 432 Βεϐοήθηκε
2767 356 2825 410 δὲ
2846 355 2968 409 τίνα
3003 355 3069 427 δὴ
3098 355 3206 426 ἄρα
3228 356 3429 425 τρόπον
3456 356 3550 411 καὶ
3570 359 3694 415 τού-

3587 238 3694 296 εδει

2117 474 2232 519 τοις
2265 458 2292 510 6
2322 456 2483 525 νόμος
2506 471 2520 518 ;

2192 548 2354 601 ΚΥΡ.
2400 545 2608 616 Ἀνίησι
2639 542 2747 615 γὰρ
2768 541 2969 611 δεσμοῦ
2992 541 3085 594 καὶ
3106 540 3374 611 ἀνάγκης,
3400 541 3450 594 εί
3472 540 3553 619 τὰ
3570 543 3698 615 βλά.

2124 637 2218 699 6ος
2250 637 2335 706 εἴη
2384 634 2513 704 περὶ
2547 633 2747 702 ψυχὴν,
2780 630 2878 684 καὶ
2924 629 3248 701 ἀποτρέχειν
3277 632 3326 684 εί
3369 630 3610 702 βούλοιτο
3638 633 3702 688 τδ

2120 727 2449 800 ἠδικημένον
2519 721 2980 796 παραποδίζοντος
3044 723 3255 787 οὐδενὸς
3277 764 3292 789 ,
3345 724 3702 780 δεδικαίωκεν

2123 818 2391 890 ἐναργῶς.
2450 819 2597 888 Ἔφη
2648 816 2759 887 γὰρ
2802 808 2904 868 ὧδε
2951 814 3198 884 πλαγίως
3235 817 3294 868 ὲν
3336 817 3405 887 τῇ
3462 816 3690 885 Ἐξόδῳο

2128 932 2149 965 Ι
2202 913 2328 966 Ἐὰν
2370 911 2427 965 δέ
2475 927 2560 974 τις
2611 907 2828 982 πατάξῃ
2872 908 2963 963 τὸν
3010 908 3288 979 ὀφθαλμὸν
3335 908 3431 963 τοῦ
3487 911 3704 965 οἰκέτου

2126 1004 2314 1068 αὐτοῦ,
2357 1003 2389 1073 ἢ
2428 1003 2519 1055 τὸν
2559 998 2836 1072 ὀφθαλμὸν
2879 1000 2978 1071 τῆς
3005 1000 3340 1072 θεραπαίνης
3370 999 3560 1064 αὐτοῦ,
3605 1002 3706 1055 xal.

2125 1094 2483 1167 ἐκτυφλώσῃ,
2535 1093 2877 1165 ἐλευθερίους
2912 1092 3266 1157 ὲξαποστελεῖ
3309 1094 3529 1157 αὐτοὺς,
3577 1095 3706 1148 ἀντὶ

2123 1188 2217 1242 τοῦ
2262 1186 2544 1258 ὀφθαλμοῦ
2590 1185 2801 1240 αὐτῶν*
2847 1185 2942 1238 ἐὰν
2970 1184 3026 1238 δὲ
3059 1182 3153 1238 τὸν
3186 1183 3377 1238 ὀδόντα
3406 1185 3505 1255 τῆς
3538 1184 3708 1254 θεραο

2128 1282 2328 1353 παίνης
2361 1278 2527 1333 αὐτοῦ
2559 1278 2788 1350 ἐκκόψῃ,
2821 1277 2854 1348 ἢ
2893 1278 2983 1331 τὸν
3014 1276 3200 1332 ὀδόντα
3232 1278 3326 1331 τοῦ
3361 1278 3573 1331 οἰκέτου
3604 1278 3708 1331 αὑ-

2127 1374 2243 1439 τοῦ,
2271 1372 2586 1441 ἐλευθέρους
2602 1370 2953 1439 ὲξαποστελεῖ
2974 1370 3193 1435 αὐτοὺς,
3223 1373 3343 1426 ἀντὶ
3369 1369 3464 1424 τοῦ
3489 1371 3708 1435 ὀδόντες

2128 1462 2333 1517 αὐτῶν.
2382 1481 2401 1515 ι
2436 1463 2600 1515 Ὅσον
2633 1460 2733 1533 μὲν
2773 1462 2878 1534 γὰρ
2906 1457 3042 1533 ἧκεν
3070 1463 3150 1526 είς
3188 1461 3421 1533 θεωρίαν
3450 1461 3708 1532 ὲξωφανῆ

2128 1556 2223 1609 καὶ
2254 1555 2544 1627 πρόχειρον
2573 1553 2721 1619 νοῦν,
2748 1552 3090 1607 κατακωλύει
3115 1552 3175 1607 τὸ
3201 1551 3420 1625 θράσος,
3438 1554 3534 1607 καλ⁸
3565 1569 3710 1622 συμ-

2134 1647 2368 1718 μέτρους
2392 1645 2651 1700 ἀποτελεῖ
2681 1646 2781 1710 τὰς
2810 1646 2920 1698 τῶν
2964 1645 3323 1717 κτησαμένων
3365 1643 3560 1717 ὀργὰς,
3603 1647 3711 1700 καὶ

445 1736 574 1791 tatis
609 1737 877 1807 jacturam
924 1735 1251 1804 patiantur:
1288 1713 1467 1805 neque
1522 1736 1635 1790 ullo
1691 1737 1857 1791 modo
1904 1713 2032 1808 per;

2136 1713 2193 1789 οὗ
2228 1713 2422 1808 μέχρις
2454 1735 2676 1789 ἐκείνων
2708 1736 2843 1790 ίέναι
2875 1713 3241 1807 βούλεταιξδΰ
3263 1729 3338 1790 ὧν
3368 1713 3711 1805 ἃνννγένοιτο,

445 1828 643 1893 mittit,
692 1836 752 1882 ut
797 1827 955 1882 furor
991 1827 1258 1882 effrenate
1302 1826 1547 1892 feratur,
1598 1836 2030 1899 exerceaturque

439 1925 553 1994 jam
579 1910 639 1976 in
662 1922 783 1992 ipsa
818 1929 1051 1983 natura,
1080 1921 1239 1991 cujus
1263 1920 1356 1975 ille
1393 1921 1659 1976 duntaxat
1686 1937 1807 1977 esse
1842 1923 2032 1978 Domi-

445 2029 551 2068 nus
573 2012 925 2082 intelligitur,
953 2012 1047 2080 qui
1071 2012 1297 2066 creavit.
1326 2012 1461 2068 Nam
1488 2014 1760 2079 servitus,
1787 2023 1873 2078 et,
1912 2030 2033 2084 qua:

448 2104 500 2157 in
526 2119 591 2159 ea
633 2104 918 2172 sequitur,
962 2102 1246 2158 calamitas
1286 2104 1511 2158 minime
1547 2105 1637 2158 illa
1683 2105 1905 2174 quidem
1948 2113 2035 2163 cst

447 2201 659 2249 natura:
702 2194 964 2259 morbus,
1010 2193 1107 2249 sed
1152 2192 1443 2263 iniquitate
1482 2196 1917 2265 opprimentium
1946 2198 2032 2251 in-

447 2293 659 2339 vectus.
685 2285 745 2338 In
769 2283 994 2339 Christo
1018 2284 1185 2354 igitur
1210 2284 1354 2339 Deus
1377 2300 1441 2340 ac
1482 2285 1644 2340 Pater
1666 2293 1837 2340 totam
1861 2288 2037 2342 conti-

448 2392 560 2432 nuo
606 2384 860 2431 naturam
904 2375 973 2430 ad
1025 2391 1152 2430 eum
1200 2384 1404 2431 statum
1465 2376 1761 2443 reformat,
1807 2394 1918 2448 quo
1963 2379 2034 2435 ab

448 2468 604 2524 initio
626 2468 825 2523 fuerat.
857 2487 875 2520 ι
907 2467 964 2522 Si
986 2467 1111 2538 quis
1125 2467 1273 2523 enim
1299 2468 1354 2521 in
1369 2467 1591 2523 Christo
1610 2510 1625 2534 ,
1649 2485 1790 2524 nova
1812 2480 2034 2526 creatu-

450 2575 511 2615 ra
536 2560 602 2614 “³.
636 2578 654 2610 ι
684 2559 872 2629 Itaque
897 2560 1112 2615 tollitur
1159 2559 1385 2615 omnino
1423 2560 1709 2616 servitutis
1749 2561 2031 2617 dedecus:

453 2651 650 2706 scribit
689 2650 837 2704 enim
859 2651 1063 2705 Paulus
1092 2668 1106 2704 :
1142 2670 1160 2701 ι
1191 2651 1253 2705 ln
1274 2649 1495 2707 Christo
1520 2652 1650 2707 Jesu
1675 2665 1785 2707 non
1810 2660 1894 2708 est
1915 2668 2034 2708 ser-

452 2758 582 2807 vus,
629 2757 807 2812 neque
840 2740 982 2797 liber
1034 2740 1100 2796 ⁸³.
1138 2761 1155 2794 ι
1205 2740 1367 2814 264
1413 2743 1642 2798 Interim
1713 2751 1897 2800 tamen
1948 2746 2035 2801 lex

452 2830 647 2902 puerili
673 2833 826 2903 prius
849 2831 1196 2887 institutione
1224 2848 1323 2886 nos
1346 2832 1413 2886 ad
1435 2832 1829 2901 perfectionem
1853 2835 2031 2890 dedu-

450 2938 610 2987 cens,
667 2921 847 2977 aufert
898 2922 1359 2993 intemperantem
1407 2939 1569 2978 usum
1617 2927 1930 2994 potestatis,
1976 2937 2033 2983 et

451 3010 730 3065 licentiam
747 3051 760 3077 ,
786 3027 910 3081 qua:
943 3010 1086 3065 ultra
1111 3010 1337 3065 modum
1360 3011 1778 3068 convenientem
1804 3030 2031 3085 progre—
2060 3045 2103 3103 ρ

453 3100 637 3167 ditur,
680 3103 1021 3173 multamque
1065 3103 1241 3158 sancit
1299 3103 1356 3158 in
1401 3111 1810 3174 contemptores
1861 3105 2031 3176 legis,

451 3191 713 3247 nimirum
764 3193 937 3263 ipsam
964 3208 1159 3248 eorum
1182 3194 1277 3264 qui
1302 3194 1491 3250 violati
1540 3203 1702 3261 sunt,
1731 3198 2036 3253 manumis-

452 3283 687 3339 sionem.
713 3284 919 3340 Verum
944 3285 1061 3339 haec
1084 3286 1307 3355 quidem
1331 3286 1399 3342 de
1440 3286 1612 3358 figura
1635 3295 1691 3342 et
1734 3288 1930 3343 umbra
1948 3328 1963 3349 .
1989 3288 2036 3343 si

452 3376 540 3432 cui
578 3376 747 3431 libeat
790 3377 895 3432 hac
940 3391 1159 3447 quoque
1198 3378 1413 3434 ratione
1455 3379 1802 3450 intelligere:
1831 3379 1927 3434 sed
1958 3379 2034 3443 si,

452 3468 600 3537 quod
635 3476 845 3539 spectat
892 3469 1011 3534 lex,
1052 3468 1107 3522 id
1158 3470 1522 3539 spiritualiter
1570 3471 2035 3539 interpretemur,

453 3559 562 3612 alio
586 3574 803 3628 quoque
830 3558 993 3612 modo
1013 3599 1027 3623 ,
1072 3559 1310 3624 Palladi,
1339 3560 1407 3612 ad
1434 3559 1582 3614 illius
1618 3559 2039 3628 contemplatio-

453 3662 581 3700 nem
637 3647 900 3701 accedere
969 3648 1219 3716 poteris:
1254 3648 1397 3702 hanc
1457 3648 1660 3717 quippe
1706 3648 2039 3703 mundanam

455 3738 636 3791 lucem
661 3738 910 3806 corporis
934 3738 1109 3793 oculis
1133 3739 1439 3808 excipimus
1461 3748 1516 3794 et
1540 3740 1878 3795 admiramur
1906 3760 1918 3794 :
1945 3742 2041 3795 lux

455 3837 640 3882 autem
670 3828 760 3881 illa
785 3825 1146 3900 intelligibilis
1163 3829 1217 3882 in
1242 3829 1448 3885 nostris
1473 3831 1735 3886 cordibus
1757 3834 2037 3887 exoritur:

456 3918 708 3988 corporis
746 3918 879 3973 item
906 3919 1064 3974 cibus
1097 3920 1356 3975 dentibus
1395 3920 1685 3977 conﬁcitur
1705 3963 1719 3987 ,
1763 3932 1955 3994 estque
1976 3939 2041 3977 ea

459 4023 551 4063 res
572 4008 640 4063 ad
683 4009 851 4063 vitam
878 4010 1138 4065 tuendam
1162 4011 1251 4066 via
1282 4029 1293 4065 :
1326 4012 1421 4067 sed
1446 4013 1754 4068 divinarum
1793 4023 2041 4070 contem-

460 4098 766 4166 plationum
813 4099 1064 4174 soliditas
1107 4107 1272 4170 atque
1326 4100 1616 4157 difﬁcultas
1659 4105 1859 4159 mentis
1904 4107 2042 4161 viri-

462 4190 565 4244 bus
606 4196 864 4258 tanquam
898 4190 1157 4246 dentibus
1192 4194 1589 4262 propemodum
1617 4197 2039 4263 comminuitur,

461 4286 520 4334 ct
562 4278 733 4349 pascit
770 4280 1247 4352 animum.ltaque
1272 4282 1549 4353 Sapientia
1597 4286 1759 4342 nobis
1803 4287 2042 4344 divinam

2132 1829 2231 1896 τὴν
2261 1828 2341 1889 είς
2366 1825 2429 1879 τὸ
2458 1820 2516 1879 εὖ
2543 1821 2681 1879 εἶναι
2702 1824 2906 1896 ζημίαν
2936 1826 3063 1888 τοὺς
3089 1824 3549 1896 ὁπεζευγμένους,
3574 1827 3718 1880 ἀπο-

2135 1917 2346 1987 στῆναι.
2394 1917 2613 1989 Ἐφίησι
2643 1917 2699 1970 δὲ
2731 1915 2983 1987 οὐδαμῶς
3026 1915 3296 1987 ἀχαλίνως
3348 1917 3484 1972 ίέναι
3531 1917 3603 1972 τὰ
3646 1921 3718 1972 ὲκ

2134 2008 2331 2080 θυμοῦ,
2363 2009 2459 2062 καὶ
2490 2010 2571 2073 είς
2599 2008 2768 2081 αὐτὴν
2795 2008 2897 2081 ἠδη
2932 2007 3267 2080 πράττεσθαι
3294 2008 3393 2080 τὴν
3431 2008 3616 2079 φύσιν,
3641 2006 3719 2085 ἧς

2132 2099 2199 2154 ἂν
2229 2102 2399 2154 νοοῖτο
2457 2103 2617 2172 μόνος
2650 2100 2910 2172 ὑπάρχων
2952 2101 3230 2173 Δεσπότης
3272 2102 3301 2154 6
3326 2103 3679 2174 Δημιουργός
3701 2120 3715 2133 ο

2134 2191 2346 2246 δουλεία
2374 2192 2483 2264 γὰρ
2513 2192 2605 2246 καὶ
2632 2194 2694 2246 τὸ
2737 2193 2831 2247 ἐπὶ
2868 2193 2993 2264 τῇδε
3033 2191 3202 2256 πάθος
3232 2193 3331 2248 οὐκ
3368 2193 3722 2266 ἀρρώστημα

2137 2286 2382 2355 φυσικὸν,
2417 2285 2531 2339 ἀλλ’
2560 2285 2870 2355 εἰσποιητὸν
2899 2287 2960 2338 ὲκ
2990 2283 3323 2351 πλεονεξίας.
3357 2287 3443 2339 Ἐν
3488 2287 3723 2358 Χριστῷ

2141 2378 2239 2448 μὲν
2286 2373 2378 2432 οὖν
2415 2380 2444 2432 6
2473 2377 2605 2440 Θεὸς
2652 2378 2746 2431 καὶ⁹
2789 2377 2975 2448 Πατὴρ
3017 2376 3147 2446 ὅλην
3176 2378 3504 2432 ἀναπλάττει
3548 2378 3721 2444 εὐθὺς

2138 2473 2277 2542 πρὸς
2307 2471 2368 2524 τὸ
2385 2472 2441 2523 ἐν
2466 2471 2662 2541 ἀρχαῖς
2683 2470 2782 2540 τὴν
2813 2470 2991 2539 φύσιν.
3019 2487 3037 2520 ι
3064 2470 3131 2522 Εἴ
3148 2487 3230 2533 τις
3245 2470 3352 2542 γάρ
3383 2471 3440 2525 ὲν
3462 2472 3716 2542 Χριστῷ,

2136 2563 2296 2633 καινὴ
2314 2563 2509 2626 κτίσις.
2538 2581 2556 2613 ι
2593 2563 2921 2632 Ἀναιρεῖται
2953 2560 3009 2613 δὲ
3038 2561 3311 2625 παντελῶς
3337 2563 3437 2631 τῆς
3463 2562 3721 2628 δουλείας

2134 2656 2195 2708 τὸ
2222 2651 2413 2726 αἶσχος
2435 2672 2447 2687 ·
2489 2653 2692 2724 γράφει
2722 2654 2832 2724 γὰρ
2856 2655 2884 2706 ὁ
2913 2652 3143 2720 Παῦλος,
3175 2653 3259 2707 ὅτι
3297 2672 3316 2705 ι
3371 2653 3457 2709 Ἐν
3489 2655 3721 2726 Χριστῷ

2153 2744 2351 2818 Ἰησοῦ,
2373 2747 2474 2800 οὐκ
2505 2746 2583 2800 ἔνι
2605 2745 2810 2811 δοῦλος,
2837 2744 2957 2799 οὐδὲ
2985 2744 3286 2819 ἐλεύθερος.
3319 2765 3337 2799 ι
3368 2748 3719 2819 Ἀφαιρεῖται

2134 2839 2192 2892 δὲ
2225 2839 2363 2902 τέως
2388 2840 2416 2891 6
2446 2839 2609 2907 νόμος
2650 2836 3159 2909 προσπαιδαγωγῶν
3209 2840 3289 2902 είς
3326 2837 3386 2892 τὸ
3417 2840 3622 2894 τέλειον
3653 2838 3720 2894 τὸ

2134 2932 2235 3001 τῆς
2281 2928 2531 2995 ἐξουσίας
2589 2930 2915 2995 ἀκάθεκτον,
2975 2929 3071 2983 καὶ
3111 2928 3173 2984 τδ
3210 2931 3465 2985 ἐπέκεινα
3510 2931 3718 3003 μέτρου

2134 3023 2230 3077 τοῦ
2258 3022 2619 3094 καθήκοντος,
2670 3020 2875 3093 ζημίαν
2931 3022 3193 3087 ἐπιτιθεὶς
3231 3026 3344 3087 τοῖς
3386 3021 3720 3095 ὀλιγωροῦσι

2136 3116 2229 3170 τοῦ
2270 3118 2459 3187 νόμου,
2487 3115 2594 3169 τῶν
2616 3116 2959 3186 ἠδικημένων
2987 3116 3084 3188 τὴν
3115 3117 3328 3184 ἄφεσιν.
3369 3117 3530 3171 Ἀλλὰ
3554 3120 3719 3171 ταυτὶ

2142 3205 2240 3275 μὲν
2274 3207 2352 3268 εἰς
2384 3205 2620 3275 γράμμα
2649 3205 2742 3259 καὶ
2764 3205 2943 3272 σκιὰν,
2977 3208 3137 3278 εἴπερ
3162 3206 3336 3261 ’ἐλοιτὸ
3356 3224 3440 3271 τις
3470 3208 3566 3261 καὶ
3586 3209 3719 3279 τῇδε

2138 3299 2311 3351 νοεῖν·
2353 3298 2402 3350 εί
2439 3296 2492 3350 δὲ
2527 3297 2592 3368 δὴ
2636 3297 3047 3368 διερμηνεύοιτο
3105 3300 3492 3370 πνευματικῶς
3541 3303 3570 3354 6
3618 3302 3720 3356 τοῦ

2139 3387 2306 3458 νόμου
2354 3387 2576 3450 σκοπὸς,
2631 3387 2991 3458 προσϐάλλοις
3042 3388 3128 3454 ἄν,
3179 3383 3224 3442 ὦ
3276 3387 3573 3451 Παλλάδιε,
3619 3391 3725 3445 καὶ

2140 3478 2264 3532 καθ’
2309 3479 2493 3550 ἕτερον
2530 3479 2730 3549 τρόπον
2761 3481 2871 3542 τοῖς
2904 3480 2961 3532 ἐν
3012 3479 3162 3551 αὑτῷ
3207 3480 3561 3552 θεωρήμασιο
3595 3485 3722 3551 φῶς

2144 3571 2244 3641 μὲν
2268 3570 2377 3641 γὰρ
2402 3570 2553 3624 τουτὶ
2578 3569 2639 3623 τὸ
2659 3570 2949 3641 έγκόσμιον
2978 3573 3091 3633 τοῖς
3112 3571 3205 3625 τοῦ
3237 3560 3489 3643 σώματος
3514 3573 3725 3642 6:901).-

2145 3664 2264 3732 μοῖς
2325 3659 2680 3731 είσδεχόμεθά
2721 3678 2781 3713 τε
2828 3661 2921 3715 καὶ
2963 3660 3341 3733 θαυμάζομενο
3393 3664 3510 3733 φῶς
3558 3663 3616 3717 δὲ
3657 3665 3723 3717 τὸ

2142 3749 2282 3803 θεῖον
2312 3751 2406 3804 καὶ
2434 3751 2624 3821 νοητὸν
2660 3752 2715 3803 ὲν
2745 3752 2867 3812 ταῖς
2889 3750 3185 3821 ἡμετέραις
3202 3752 3410 3822 ἀνίσχει
3427 3752 3719 3824 καρδίαις·

2143 3840 2239 3894 καὶ
2268 3842 2441 3912 τροφὴ
2470 3842 2567 3911 μὲν
2596 3844 2630 3910 ὴ
2658 3841 2751 3895 τοῦ
2779 3840 3049 3913 σώματος,
3071 3840 3248 3894 ὀδοῦσι
3278 3840 3723 3905 καταλεαίνεται,

2142 3932 2238 3986 καὶ
2271 3931 2423 3987 ἔσται
2450 3932 2513 3985 τὸ
2545 3934 2733 4004 χρῆμα
2774 3932 2908 4004 πρὸς
2946 3932 3091 4004 ζωὴν
3117 3932 3264 3996 ὁδόςο
3299 3932 3367 3986 τά
3398 3932 3455 3986 δέ
3492 3950 3558 4001 γε
3606 3933 3725 3987 τῶν

2145 4023 2302 4077 θείων
2331 4024 2722 4095 θεωρημάτων,
2758 4023 2989 4095 σκληρὰ,
3020 4025 3114 4077 καὶ
3133 4023 3427 4091 δυσέφικτα
3460 4022 3729 4096 καθάπερ

2143 4115 2317 4169 ὀδόντι
2346 4119 2410 4187 τῇ
2440 4116 2538 4185 τῆς
2557 4115 2795 4180 διανοίας
2831 4114 2975 4185 ίσχύῖ
3010 4114 3291 4186 μονονουχὶ
3320 4112 3730 4187 συνθρύπτεται

2142 4205 2237 4257 καὶ
2276 4204 2575 4274 ἀποτρέφει
2603 4202 2803 4274 ψυχήν.
2839 4204 2950 4258 Kal.
2994 4203 3124 4272 γοῦν
3162 4206 3196 4275 ἡ
3238 4203 3409 4272 Σοφία
3434 4203 3532 4274 τὴν
3566 4202 3728 4257 θείαν

2145 4296 2278 4366 ἡμῖν
2300 4295 2396 4348 καὶ
2422 4295 2801 4366 πνευματικὴν
2819 4292 3065 4349 ἀπλοῦσα
3079 4294 3380 4365 τράπεζαν,
3415 4311 3435 4345 ι
3468 4293 3724 4358 Ἔλθετε,

464 4370 915 4442 spiritualemque
962 4388 1209 4428 mensam
1249 4391 1559 4446 apponens,
1585 4378 1662 4431 ait
1696 4397 1709 4432 :
1757 4399 1775 4431 ι
1805 4381 2034 4445 Venite,

2149 4385 2354 4453 φάγετε
2394 4384 2486 4438 τὸν
2530 4384 2663 4454 ἐμὸν
2716 4386 2900 4454 ἄρτον,
2949 4403 2968 4436 ι
3022 4385 3209 4455 φησίν.
3261 4383 3467 4439 Οὐκοῦν
3514 4385 3620 4438 κᾶν
3672 4386 3728 4438 εἰ

461 4460 610 4516 edite
657 4477 855 4531 panem
890 4479 1071 4517 meum
1099 4465 1167 4517 ".
1201 4482 1219 4514 ι
1250 4465 1456 4535 Igitur,
1493 4469 1708 4524 etiamsi
1749 4486 1910 4527 servo
1931 4473 2046 4528 for-

463 4561 610 4608 tasse
637 4551 692 4604 in
727 4552 1044 4622 hujusmodi
1082 4552 1250 4606 rebus
1274 4554 1481 4624 aliquid
1508 4557 1691 4613 damni
1717 4562 2041 4633 contigerit,

463 4641 771 4695 insaniente
811 4641 1055 4706 domino,
1082 4650 1246 4712 atque
1289 4655 1517 4716 cogente
1550 4658 1610 4704 ut
1635 4650 1851 4708 simula
1892 4664 2041 4710 recta

463 4728 775 4799 dogrnatum
811 4730 997 4800 regula
1040 4731 1110 4785 ad
1140 4732 1411 4790 absurdos
1451 4753 1673 4797 errores
1715 4743 2040 4812 delabatur,

462 4821 736 4885 solvatur,
786 4820 995 4891 inquit,
1043 4838 1250 4889 nexus,
1295 4834 1352 4881 et
1397 4829 1514 4901 jugi
1575 4833 1826 4900 servilis,
1871 4845 2037 4907 atque

463 4927 562 4981 per
588 4911 700 4964 vim
725 4912 1000 4982 impositi,
1028 4915 1177 4969 nulla
1217 4919 1358 4974 ratio
1402 4920 1687 4979 habeatur.
1736 4926 2038 4997 Abjiciatur

462 5002 628 5055 etiam
672 5003 960 5071 potestatis
1003 5013 1211 5070 metus,
1256 5023 1432 5079 eoque
1478 5024 1670 5084 pergat
1713 5016 1804 5071 ille
1844 5018 2037 5074 alienae

463 5092 717 5160 potestati
741 5094 1048 5164 subjectus,
1075 5097 1389 5170 ubicunque
1413 5103 1532 5159 sine
1555 5121 1666 5161 sua:
1709 5107 2040 5179 integritatis

460 5179 795 5236 detrimento
817 5198 874 5237 sc
900 5199 1021 5239 esse
1045 5201 1205 5256 posse
1247 5194 1516 5259 repererit
1540 5212 1555 5262 ;
1600 5197 1780 5253 anima
1804 5215 2039 5271 namque

462 5275 808 5342 praestantius
833 5274 970 5328 nihil
1013 5283 1098 5331 est
1124 5295 1137 5330 :
1165 5294 1329 5349 quam
1354 5291 1413 5336 ut
1439 5295 1653 5351 servet,
1700 5304 1730 5343 a
1773 5292 2039 5349 servitute

2146 4475 2335 4545 οἰκέτῃ
2358 4473 2646 4544 συμϐαίνοι
2670 4474 2833 4545 τυχὸν
2850 4475 2977 4546 περί
3002 4491 3055 4527 τι
3084 4474 3193 4528 τῶν
3213 4474 3465 4528 τοιούτων
3494 4473 3725 4545 βλάΰος,

2148 4548 2552 4636 παραπαίοντος
2583 4564 2845 4617 δεσπότου
2876 4565 2973 4620 καὶ
3006 4552 3351 4636 παρολισθείν
3379 4565 3730 4633 ἀναγκάζον-

2143 4672 2232 4720 τος
2266 4655 2323 4722 ἐξ
2370 4654 2660 4727 ὀρθότητος
2694 4656 2982 4726 δογμάτων
3021 4658 3103 4719 είς
3151 4654 3381 4709 ἔκτοπον
3427 4655 3725 4727 πλάνησιν,

2144 4745 2407 4807 λελύσθω,
2455 4746 2641 4815 φησιν,
2679 4746 2708 4797 6
2736 4744 2955 4815 δεσμὸς,
2999 4744 3094 4797 καὶ
3131 4742 3288 4812 λόγος
3344 4741 3484 4796 ἔστω
3529 4743 3731 4813 μηδεὶς

2144 4837 2443 4906 ἀναγκαίου
2479 4836 2666 4904 ζυγοῦ.
2701 4834 3007 4907 Διερρίφθω
3028 4833 3084 4887 δέ
3116 4851 3207 4888 ποι
3230 4833 3325 4886 καὶ
3348 4833 3447 4903 τῆς
3467 4831 3731 4896 ἐξουσίας

2143 4929 2207 4982 τὸ
2240 4930 2423 5000 δεῖμα.
2460 4930 2558 4983 ῐτω
2595 4946 2652 4981 τε
2686 4928 2872 4982 λοιπὸν
2921 4929 2948 4980 6
3001 4925 3455 4996 κατεζευγμένος,
3485 4927 3731 4996 ὅποιπερ

2145 5017 2212 5072 ἂν
2242 5019 2390 5088 αὐτῴ
2441 5018 2502 5071 τὸ
2529 5017 2825 5087 άλωϐήτως
2847 5015 2990 5086 ἔχειν
3025 5015 3330 5086 εὑρίσκοιτο
3348 5028 3360 5043 ⁸
3401 5012 3584 5083 ψυχῆς
3613 5012 3732 5084 γὰρ

2141 5109 2362 5178 ἄμεινον
2379 5110 2530 5163 οὐδὲν
2559 5105 2646 5180 ἦν.
2684 5108 2794 5161 Καὶ
2822 5108 2908 5161 ἶνα
2942 5107 3112 5177 σώσῃ,
3147 5108 3335 5176 φησὶν,
3367 5102 3731 5158 ἀπολελύσθω

2140 5199 2411 5262 δουλείας.
2435 5201 2595 5263 Ἵδοις
2615 5199 2660 5252 δ’
2683 5199 2749 5253 ἂν
2769 5198 2943 5268 ἀληθῆ
2972 5198 3064 5250 τὸν
3091 5197 3270 5266 λόγον,
3294 5196 3387 5249 καὶ
3417 5197 3475 5247 ὲν
3504 5196 3732 5265 καιροῖς

2143 5292 2224 5345 ἔτι
2249 5295 2362 5356 τοῖς
2389 5290 2509 5345 καθ’
2540 5292 2687 5360 ἡμᾶς
2732 5289 3138 5361 πληρούμενον
3189 5287 3250 5340 οὑ
3290 5285 3399 5356 γάρ
3436 5285 3725 5354 ἀνέχονται

462 5363 723 5418 solvatur.
754 5365 893 5421 Vera
919 5375 1102 5422 autem
1119 5372 1285 5427 verba
1321 5374 1437 5429 haec
1460 5391 1580 5433 esse
1596 5420 1611 5443 ,
1639 5395 1813 5451 eaque
1836 5385 2034 5440 nostris

2143 5383 2419 5437 δεσποτῶν
2441 5383 2650 5436 οἰκέται
2682 5382 3171 5453 παρακομιζόντων
3199 5379 3277 5442 είς
3301 5376 3591 5446 πλάνησιν,
3618 5374 3729 5445 τῆς

463 5452 643 5509 adhuc
666 5456 1007 5526 temporibus
1031 5457 1243 5529 impleri
1268 5503 1281 5527 ,
1309 5462 1465 5520 facile
1490 5474 1571 5522 est
1612 5470 1797 5526 videre
1826 5489 1838 5524 :
1864 5488 2034 5544 neque

2146 5477 2251 5546 ἔπη
2261 5493 2358 5545 ρτη
2367 5475 2534 5545 μένης
2551 5474 2736 5537 αὐτοῖς
2758 5472 3003 5538 ἐξουσίας
3025 5467 3463 5537 ὑπεξαγαγόντες
3486 5463 3725 5536 γενικῶς

567 5636 798 5691 "Exod.
827 5656 934 5708 xxi,
969 5643 1057 5710 26,
1085 5644 1174 5699 ‘27.
1264 5649 1310 5683 ’⁸
1337 5648 1519 5704 llCor.
1551 5667 1603 5715 v,
1633 5650 1716 5703 l7.
1794 5651 2064 5706 “Coloss.
2098 5668 2176 5712 Ill.
2217 5653 2269 5706 ll
2379 5648 2601 5710 "Prov.
2628 5657 2773 5723 rx,5.
