3990 6196
297 261 409 318 553
1048 262 1137 319 DE
1173 264 1615 321 ADORATIONE
1653 266 1721 322 ΙΝ
1759 266 2027 324 SPIRITU
2066 270 2154 325 ET
2194 268 2560 327 V'EBITATE.
2603 271 2871 327 LIBNIII.
3454 287 3558 344 55.5

296 382 363 464 rb
390 374 449 429 ἐν
478 390 544 464 γε
570 376 744 464 τούτῳ
762 374 1043 446 πειθήνιον
1063 394 1075 407 ·
1104 376 1259 449 ἄχθει
1292 379 1389 450 μὲν
1412 379 1612 452 γὰρτῷ
1640 379 1872 445 δουλείας

1979 382 2126 437 enim
2152 384 2296 439 servi
2340 386 2612 441 sustinent
2655 385 2909 442 dominos
2950 391 3017 442 ad
3067 403 3313 449 errorem
3337 402 3555 464 pertra-

297 463 392 517 τδν
440 462 535 516 τοῦ
590 463 841 534 σώματος
893 466 1284 534 ύπενεγκόντες
1333 470 1553 540 αὐχένα,
1615 470 1873 542 τηροῦσιν

1980 473 2201 542 hcntes,
2236 484 2293 532 et
2332 492 2400 532 ex
2447 477 2701 548 impOsita
2745 479 2849 534 sibi
2895 479 3243 537 dominorum
3284 462 3556 555 potestate

299 554 571 609 ἀθόλωτον
619 557 679 608 ὲν
722 557 935 620 ἑαυτοῖς
966 557 1059 611 τὸν
1091 556 1238 624 νοῦν,
1288 562 1381 614 καὶ
1422 561 1484 614 rb
1528 561 1638 615 δεῖν
1675 561 1874 615 εἰδέναι

1982 565 2309 621 subtrahunt
2346 567 2584 638 ingenue
2624 568 2679 623 in
2710 569 2815 624 hac
2854 586 2913 626 re
2939 583 3088 628 certe
3131 554 3367 630 oﬁicium
3393 579 3558 635 obsea

298 647 492 716 σαφῶς
510 663 571 700 τε
606 647 703 701 καὶ
722 647 978 714 ἀπλανῶς
1005 649 1097 703 τὸν
1119 651 1249 722 περί
1274 652 1371 723 τῆς
1389 652 1623 724 ἀληθοῦς
1639 655 1874 719 πίστεως

1980 656 2215 725 quendi;
2243 673 2398 721 nam,
2426 673 2550 713 cum
2575 675 2715 714 onus
2762 661 3045 718 servitutis
3070 665 3280 721 cervice
3305 669 3556 739 corporis

294 738 478 807 λόγον,
514 738 710 792 πολλοῦ
758 739 822 810 δὴ
850 738 994 807 λίαν,
1041 742 1242 812 μᾶλλον
1279 743 1338 797 δὲ
1382 743 1475 798 τοῦ
1512 744 1710 809 παντὸς
1734 742 1870 798 εἶναι

1979 747 2240 814 subeant,
2285 765 2488 818 purum
2543 751 2601 804 in
2647 751 2845 822 seipsis
2886 755 3131 810 animum
3178 738 3451 827 retinent,
3499 773 3555 818 et

292 830 451 896 ἄξιον
485 830 908 895 πεπιστεύκασι,
938 832 1032 886 καὶ
1058 832 1263 904 τροφὴν
1295 833 1356 886 rb
1378 837 1566 906 χρῆμα
1594 834 1868 890 ποιοῦνται

1976 837 2133 908 plane
2157 853 2221 892 ac
2245 838 2479 895 ﬁrmiter
2498 855 2660 895 nosse
2680 857 2825 896 verae
2868 842 2995 899 ﬁdei
3040 847 3308 904 rationem
3331 851 3552 921 plurimi

294 922 701 993 πνευματικὴν,
740 917 829 977 οἷά
872 940 981 995 περ
1007 924 1181 978 ὀδόντι
1220 925 1299 996 τῷ
1347 925 1422 996 νῷ
1454 926 1870 999 κατατρίϐοντες

1980 926 2213 994 faciunt,
2239 928 2350 984 imo
2378 944 2510 985 vero
2536 930 2594 984 in
2619 946 2687 986 eo
2710 947 2978 987 summam
3003 943 3172 991 totam
3197 955 3318 995 esse
3331 917 3556 999 consti-

292 1015 361 1067 τὺ
390 1016 471 1077 εἰς
501 1010 594 1077 οῦς
619 1014 938 1085 ἐρχόμενον,
969 1015 1067 1068 καί
1104 1012 1204 1084 τὴν
1231 1017 1341 1069 τῶν
1386 1017 1545 1070 θείων
1588 1017 1868 1089 νοημάτων

1975 1026 2162 1085 tuunt,
2200 1035 2433 1091 eamque
2471 1037 2587 1077 rem
2609 1021 2669 1076 in
2695 1022 2881 1078 cibum
2926 1026 3267 1095 spiritualem
3292 1042 3551 1102 vertunt,

290 1107 725 1181 ἀναμασώμενοι
756 1106 1003 1178 δύναμιν.

1978 1111 2198 1181 etquod
2220 1112 2452 1167 auribus
2482 1121 2846 1183 acceperunt,
2887 1125 3070 1173 mente
3100 1126 3356 1190 tanquam
3391 1125 3554 1182 dente

1974 1203 2390 1270 comminuunt,
2439 1204 2863 1276 divinorumque
2898 1222 3159 1264 sensuum
3181 1211 3291 1266 vim
3334 1230 3555 1272 reman-

1588 1360 1592 1363 Δ
1973 1293 2131 1348 dunt.

372 1377 583 1431 ΠΛΛΛ.
637 1368 734 1440 Ὠς
785 1376 964 1448 σαφής
1010 1391 1071 1428 τε
1128 1375 1284 1446 ἡμῖν,
1336 1374 1431 1428 καί
1474 1372 1650 1447 ὀρθῶς
1683 1372 1872 1445 ἔχωνό

2044 1383 2243 1438 PALL.
2273 1383 2573 1454 Perspicua
2608 1400 2739 1441 sane
2765 1394 2880 1454 est,
2918 1404 2983 1444 ac
3025 1400 3173 1448 recte
3197 1393 3364 1450 habet
3384 1411 3555 1468 expo-
3610 1417 3614 1427 -

294 1470 480 1538 λόγος.
704 1472 715 1476 ’

1977 1473 2126 1529 sitio.
2881 1521 2893 1534 ο
2904 1509 2964 1532 ες..

372 1563 541 1616 ΚΥΡ.
573 1559 895 1633 Προσεθίζει
921 1559 979 1613 δὲ
1005 1558 1100 1614 καί
1133 1559 1339 1630 ἑτέρως
1362 1560 1390 1613 ὁ
1415 1558 1578 1630 νόμος
1618 1557 1768 1628 ἡμᾶς
1795 1559 1874 1622 εἰς

2043 1563 2200 1622 CYR.
2239 1566 2413 1623 Aliter
2434 1551 2653 1639 quoque
2698 1570 2785 1626 lex
2808 1585 2910 1627 nos
2952 1572 3275 1640 assuefacit,
3321 1585 3384 1631 ut
3410 1576 3555 1634 inter

294 1653 696 1726 φιλαλληλίαν,
733 1654 901 1724 τιμᾷν
955 1651 1265 1707 ἀναπείθων
1308 1651 1370 1705 rb
1412 1649 1870 1721 συγκαθίστασθαι

1978 1672 2079 1713 nos
2125 1674 2408 1727 amemus,
2454 1676 2579 1717 cum
2623 1664 2804 1719 colere
2848 1665 3044 1721 suadet
3064 1667 3405 1735 societatem,
3446 1689 3554 1743 qua

292 1747 412 1808 τοῖς
439 1745 627 1813 ἐγγὺς,
654 1743 750 1797 καί
771 1744 898 1807 τοὺς
916 1743 1015 1813 τῆς
1046 1742 1364 1811 ἀνισότητος
1391 1742 1868 1814 καταμυσαττόμεε

1975 1764 2096 1805 cum
2138 1752 2405 1822 proximis
2447 1756 2834 1826 congruimus,
2861 1766 2918 1813 et
2959 1758 3300 1830 inaequaliter
3333 1742 3551 1819 vivendi

290 1836 390 1899 νὸς
422 1853 483 1888 τε
511 1835 607 1888 καὶ
636 1834 881 1901 κολάζων
910 1834 1167 1907 τρόπους.

1976 1854 2159 1896 mores
2182 1840 2486 1897 detestatur
2508 1859 2572 1898 ac
2595 1845 2771 1914 punit.

366 1928 577 1981 IIAAA.
599 1927 722 1991 ιῐῶς
750 1928 813 2000 δὴ
840 1928 982 2000 φὴςς

2045 1931 2207 2002 265
2233 1932 2429 1989 PALL.
2463 1933 2582 2000 Quo
2607 1936 2828 1991 tandem
2856 1935 3002 1993 istud
3031 1940 3227 1998 modo?

368 2022 536 2076 ΚΥΡ.
576 2023 779 2075 Ἄκουε
807 2022 903 2093 δή⁸
935 2021 1139 2094 γράφει
1165 2020 1275 2093 γὰρ
1301 2021 1466 2076 πάλιν
1490 2037 1504 2051 ο
1547 2037 1566 2073 ι
1611 2019 1738 2074 Ἐὰν
1779 2035 1873 2073 κε-

2042 2021 2200 2077 CYR.
2258 2021 2459 2094 Accipe
2505 2026 2658 2095 jam;
2704 2027 2899 2082 scribit
2952 2029 3101 2084 enim
3154 2047 3349 2087 rursus
3388 2049 3402 2085 :
3436 2051 3456 2083 ι
3495 2031 3553 2090 Si

284 2114 498 2188 patriar}
539 2113 680 2179 τινὸς
727 2115 928 2186 ταῦρος
965 2114 1056 2168 τὸν
1099 2112 1300 2185 ταῦρον
1345 2111 1439 2167 τοῦ
1483 2110 1729 2183 πλησίον,
1778 2111 1860 2164 καί

1975 2130 2148 2170 cornu
2180 2116 2515 2185 percusserit
2540 2117 2773 2188 alicujus
2817 2126 3010 2176 taurus
3054 2128 3275 2178 taurum
3319 2125 3551 2195 proximi

287 2201 615 2277 τελευτήσῃ,
652 2203 1023 2258 ἀποδώσονται
1060 2204 1152 2258 τὸν
1180 2203 1382 2276 ταῦρον
1417 2202 1510 2257 τὸν
1544 2201 1745 2269 ζῶντα,
1778 2201 1863 2256 καὶ

1973 2205 2081 2266 sui,
2130 2214 2186 2262 et
2231 2215 2485 2261 mortuus
2509 2205 2698 2272 fuerit,
2724 2207 2968 2263 vendent
3006 2217 3224 2265 taurum
3251 2213 3548 2280 viventem,

282 2295 596 2350 διελοῦνται
643 2296 702 2350 rb
737 2296 998 2368 ἀργύριον
1041 2294 1233 2362 αὐτοῦ,
1263 2296 1359 2349 καὶ
1405 2295 1499 2349 τὸν
1542 2294 1743 2366 ταῦρον
1782 2294 1858 2348 rbi

1974 2304 2031 2350 et
2051 2295 2297 2352 divident
2320 2295 2561 2367 pretium
2586 2298 2706 2369 ejus
2734 2314 2749 2365 ;
2782 2304 2999 2352 taurum
3027 2314 3245 2371 quoque
3271 2309 3550 2358 mortuum

286 2388 595 2458 τεθνηκότα
627 2387 950 2443 διελοῦνται.
995 2388 1119 2442 Ἐἀν
1147 2387 1205 2441 δὲ
1242 2386 1579 2459 γνωρίζηται
1606 2387 1635 2440 ὁ
1670 2385 1862 2458 ταῦρος

1977 2388 2242 2445 divident.
2268 2389 2425 2457 Quod
2453 2390 2497 2446 si
2523 2390 2804 2463 cognitum
2832 2391 3019 2457 fuerit,
3044 2393 3188 2463 quod
3216 2400 3407 2449 taurus
3429 2410 3553 2450 cor-

280 2485 376 2539 ὂτι
409 2483 737 2555 κερατιστής
768 2484 885 2536 ἐστι
906 2482 1010 2553 πρὸ
1037 2483 1137 2553 τῆς
1158 2481 1284 2553 χθὲς
1308 2481 1402 2535 καί
1427 2482 1534 2550 πρὸ
1560 2479 1659 2551 τῆς
1683 2479 1856 2552 τρίτης

1973 2488 2178 2551 nupeta
2202 2490 2349 2537 esset
2378 2489 2506 2538 ante
2531 2481 2853 2538 hesternum
2891 2493 2948 2538 ct
2972 2492 3097 2539 ante
3121 2484 3346 2539 tertium
3380 2484 3546 2551 diem,

284 2574 537 2645 ἡμέρας·
582 2573 677 2627 καὶ
704 2572 1289 2645 διαμεμαρτυρημένα
1317 2566 1420 2626 ὧσι
1449 2570 1527 2643 τῷ
1569 2570 1743 2643 κυρίῳ
1775 2568 1860 2625 αύ-

1974 2581 2029 2628 ct
2055 2572 2327 2629 testiﬁcati
2354 2573 2564 2630 fuerint
2585 2573 2809 2630 domino
2832 2574 2971 2646 ejus,
2993 2582 3049 2630 et
3071 2589 3180 2629 non
3196 2575 3550 2633 absconderit

283 2666 412 2730 τοῦ,
443 2664 648 2736 καὶμὴ
678 2664 918 2738 ἀφανίσῃ
964 2664 1150 2729 αὐτὸν,
1195 2663 1445 2718 ἀποτίσει
1497 2663 1697 2734 ταῦρον
1748 2660 1859 2717 ἀντί

1974 2680 2100 2720 eum
2121 2707 2136 2724 .
2177 2664 2369 2720 reddet
2392 2672 2611 2721 taurum
2647 2681 2748 2736 pro
2775 2672 2965 2732 tauro,
3000 2674 3057 2721 et
3091 2675 3344 2722 mortuus
3376 2666 3550 2737 ipsius

282 2759 517 2832 ταύρου,
541 2762 571 2814 ὁ
598 2759 654 2813 δὲ
676 2756 1081 2829 τετελευτηκὼς
1105 2757 1255 2829 αύτῷ
1274 2756 1449 2813 ἔσται.
1481 2774 1500 2808 ι
1519 2757 1681 2828 Ὁρᾷς
1708 2754 1768 2809 rb
1786 2755 1858 2809 αί⁴

1972 2754 2165 2810 erit".
2212 2774 2230 2805 ι
2274 2754 2440 2810 Vides
2488 2756 2740 2826 aenigma,
2791 2761 2848 2810 et
2892 2753 3188 2825 Scriptura:
3238 2754 3340 2810 hac
3371 2754 3440 2810 de
3486 2771 3548 2813 re

283 2866 489 2921 νιγμα,
524 2849 621 2904 καὶ
635 2849 916 2911 οἱονείπως
941 2850 1072 2919 ἡμῖν
1095 2850 1158 2901 ὲκ
1182 2846 1624 2918 παραδείγματος
1646 2845 1859 2916 ἐναργεε

1971 2846 2142 2902 verba
2174 2845 2578 2916 quodammodo
2617 2861 2682 2901 ex
2722 2844 3140 2901 cvidentissimo
3183 2846 3434 2917 exemplo
3476 2847 3547 2903 ad

286 2943 494 2997 στάτου
526 2940 664 3013 πρὸς
688 2940 750 2994 rb
772 2940 903 2994 εύθὺ
929 2939 1303 3009 διαστείχοντα
1335 2937 1428 2991 τὸν
1468 2937 1563 2991 ἐπὶ
1610 2936 1746 3005 τῷδε
1784 2936 1862 2990 λό-

1972 2936 2028 2993 id
2069 2936 2317 3003 tendere,
2347 2936 2495 3008 quod
2526 2946 2736 2993 rectum
2758 2936 2882 2994 est?
2905 2935 2960 2993 Si
2986 2937 3156 3003 enim,
3186 2937 3384 3008 inquit,
3411 2953 3546 2994 con-

282 3052 426 3105 γονς
456 3035 521 3088 Εἰ
565 3034 674 3105 γὰρ
717 3032 931 3101 γένοιτο
971 3031 1248 3095 τεθνάναι,
1297 3031 1454 3101 φησί,
1479 3030 1572 3085 τὸν
1595 3028 1690 3083 τοῦ
1719 3029 1858 3082 δεῖνα

1972 3028 2159 3101 tigerit
2193 3031 2336 3086 mori
2359 3029 2665 3101 cujuspiam
2695 3039 2936 3097 taurum,
2962 3038 3018 3087 et
3044 3031 3113 3086 ab
3137 3032 3366 3087 alterius
3389 3040 3546 3088 tauro

298 3084 520 3105 ,ην-ν
578 3084 665 3105 ,ην
986 3084 1025 3086 π
1235 3084 1246 3095 .
1311 3084 1373 3101 ..
1439 3084 1454 3096 .
1553 3084 1557 3085 κ

276 3125 514 3199 ⁴¹εειιῦρον,
560 3128 655 3180 καὶ
689 3126 779 3195 ὑφ’
823 3124 1013 3197 ἑτέρου
1065 3122 1267 3196 ταύρου
1311 3125 1518 3190 πεσεῖν,
1563 3120 1852 3176 διελοῦνται

1971 3122 2171 3187 occidi,
2201 3122 2449 3178 divident
2473 3122 2750 3178 viventem
2781 3131 3022 3190 taurum,
3047 3133 3104 3179 et
3127 3122 3414 3179 amborum
3455 3124 3547 3180 iti-

279 3220 385 3275 τὸν
432 3218 636 3291 ταῦρον
678 3221 771 3274 τὸν
812 3217 1010 3285 ζῶντα,
1045 3218 1141 3272 καί
1188 3219 1392 3288 ἀμφοῖν
1437 3215 1591 3269 ἔσται
1635 3214 1794 3269 πάλιν
1835 3214 1855 3266 ἰ

1972 3215 2092 3270 dem
2114 3215 2221 3268 erit
2240 3214 2475 3276 occisus,
2502 3214 2557 3268 id
2572 3223 2655 3269 est
2680 3231 2693 3267 :
2720 3215 2765 3269 si
2790 3214 2933 3284 quod
2967 3215 3339 3285 oppressionis
3360 3224 3416 3269 et
3441 3214 3548 3270 ini-

281 3311 593 3383 τεθνηκὼς,
624 3313 923 3377 τουτέστιν,
964 3313 1013 3365 εί
1062 3308 1375 3374 πλεονεξίας
1423 3307 1725 3376 ἐπιγένοιτο
1772 3306 1857 3360 καί

1969 3307 2193 3377 quitatis
2217 3322 2390 3377 genus
2412 3307 2480 3361 ab
2500 3306 2684 3376 aliquo
2708 3322 2815 3360 non
2839 3307 3080 3371 volente,
3107 3305 3163 3360 in
3187 3307 3421 3361 alterum
3445 3306 3545 3361 de-

282 3404 509 3468 ἀδικίας
558 3404 759 3475 τρόπος
787 3402 917 3476 παρ’
950 3402 1051 3473 οὐχ
1081 3401 1303 3464 ἑκόντος
1348 3398 1492 3462 τινὸς
1541 3399 1620 3461 εἰς
1656 3397 1858 3467 ἕτερονΙ

1968 3402 2203 3456 rivatum
2229 3400 2320 3466 sit,
2346 3400 2484 3470 ejus,
2519 3398 2718 3468 inquit,
2765 3388 2928 3452 bonis
2968 3397 3062 3467 qui
3101 3398 3349 3463 offendit,
3379 3398 3425 3452 is
3449 3398 3544 3467 qui

280 3495 637 3567 ὲντρυφάτω,
661 3494 846 3565 φησὶν,
867 3495 899 3546 ὁ
925 3491 1255 3564 ἠδικημένος
1273 3494 1389 3555 τοῖς
1406 3489 1498 3544 τοῦ
1525 3490 1856 3562 λυπήσαντος

1971 3491 2206 3546 violatus
2277 3496 2382 3555 est,
2438 3487 2784 3559 perfruatur,
2837 3495 2893 3542 et
2942 3487 3251 3542 communia
3309 3486 3547 3542 habeant

281 3585 544 3655 ἀγαθοῖς,
575 3587 671 3640 καὶ
699 3584 884 3649 κοινὰς
899 3584 1079 3654 ’ἐχέτω
1103 3581 1204 3646 τὰς
1230 3581 1518 3653 θυμηδίας.
1540 3579 1710 3632 Τοῦτο
1734 3578 1857 3648 γόιρ¹

1969 3581 2250 3638 commoda
2274 3588 2439 3651 atque
2465 3579 2678 3636 solatia.
2722 3579 2838 3635 Hoc
2875 3579 3024 3635 enim
3068 3588 3172 3644 est,
3212 3579 3429 3649 opinor,
3458 3577 3545 3634 di-

280 3676 474 3750 ηἷμαι,
520 3677 662 3741 ἐστι,
718 3677 781 3730 τὸ
811 3675 1081 3730 διελέσθαι
1129 3676 1222 3730 τὸν
1271 3674 1472 3744 ταῦρον
1520 3670 1611 3725 τὸν
1649 3669 1856 3735 ζῶντα·

1967 3674 2162 3743 νὶόεδιτε⁴
2200 3673 2475 3728 viventem
2523 3679 2741 3727 taurum
2782 3688 2795 3725 :
2840 3686 3270 3741 communesque
3305 3670 3543 3738 habeat,

282 3768 498 3832 Κοινάς
540 3767 597 3820 δὲ
632 3767 873 3832 ποιείτω,
918 3767 1072 3837 φησί,
1107 3766 1202 3820 καὶ
1241 3765 1580 3836 ἀνεθελήτως
1628 3780 1858 3834 προσκε-

1972 3765 2164 3835 inquit,
2189 3765 2283 3835 qui
2316 3765 2405 3820 vel
2439 3764 2634 3819 nolens
2675 3762 2925 3827 oﬁ‘endit,
2963 3763 3084 3833 ejus
3108 3762 3201 3833 qui
3229 3763 3428 3818 damno
3463 3774 3548 3819 est

286 3860 551 3935 κρουκὼς
578 3862 677 3924 τὰς
705 3859 800 3913 τοῦ
846 3857 1178 3922 πεπονθότος
1227 3856 1542 3928 συμφοράς·
1574 3854 1727 3910 τουτὶ
1756 3854 1862 3926 γὰρ

1972 3858 2215 3923 aﬁectus,
2245 3856 2584 3912 calamitates
2611 3872 2626 3909 :
2672 3853 2728 3909 id
2748 3854 2898 3909 enim
2921 3868 2991 3907 ex
3012 3868 3082 3908 eo
3118 3851 3420 3923 signiﬁcari
3459 3869 3548 3908 ar-

278 3950 449 4023 οἶμαι
478 3950 844 4023 παραδηλοῦν,
862 3949 923 4003 rb
948 3947 1219 4002 διελέσθαι
1237 3948 1329 4001 τὸν
1351 3946 1669 4017 τεθνηκότα.
1705 3940 1854 4015 Ὁρᾷς

1970 3948 2164 4011 bitror,
2219 3945 2369 4015 quod
2416 3945 2594 4000 dividi
2630 3943 2859 4015 jubetur
2893 3942 3132 3997 occisus.
3175 3941 3343 3997 Vides
3379 3941 3546 4012 igitur

283 4038 385 4097 οῦν
431 4043 585 4105 ὅπως
608 4044 637 4095 ὁ
682 4040 845 4112 νόμος
875 4036 1292 4107 αἰνιγματωδῶς
1321 4036 1402 4090 ἔτι
1442 4034 1537 4089 καὶ
1575 4051 1859 4089 κατεσκια-

1970 4047 2030 4092 ιιι
2071 4037 2159 4090 lex
2187 4033 2477 4103 aenigmata
2501 4040 2559 4088 et
2577 4031 2804 4086 umbras
2828 4029 2895 4084 ad
2920 4035 3125 4084 mutuae
3149 4028 3546 4086 benevolentia:

289 4133 511 4205 σμένως
533 4134 628 4187 τὸν
652 4131 973 4203 φιλάλληλον
996 4131 1297 4201 εἰσηγεῖται
1316 4129 1544 4199 τρόπον;
1567 4128 1638 4180 Ἦ
1660 4125 1780 4196 ούχί
1801 4125 1865 4193 δὴ

1968 4141 2150 4181 mores
2188 4122 2485 4179 hortetur?
2528 4137 2709 4177 annon
2746 4121 2855 4176 hoc
2891 4120 3026 4176 illud
3064 4127 3189 4175 est:
3238 4140 3256 4172 ι
3289 4120 3542 4178 Gaudere

285 4226 452 4280 τοῦτό
482 4226 599 4278 ἐστι
626 4225 707 4289 τὸ,
742 4241 761 4274 ι
785 4223 1014 4296 Χαίρειν
1042 4223 1180 4296 μετὰ
1199 4221 1521 4294 χαιρόντων,
1551 4215 1861 4289 καιδκλαίειν

1749 4215 1866 4269 ιίειν
1969 4232 2093 4273 cum
2120 4214 2507 4288 gaudentibus,
2532 4222 2591 4269 et
2612 4212 2743 4269 ﬁere
2767 4227 2892 4268 cum
2916 4211 3272 4269 ﬂentibus"?
3306 4232 3325 4266 ι

293 4320 436 4391 μετά
471 4317 766 4394 κλαιόντων
785 4333 800 4382 ;
838 4335 857 4368 ι

360 4411 572 4465 ΠΔΔΛ.
609 4412 815 4464 Ἕοικε.
1899 4421 1936 4476 ι]

1899 4421 1944 4476 D
2038 4418 2237 4474 PALL.
2278 4418 2359 4472 Ita
2390 4416 2627 4472 videtur.

361 4502 529 4555 ΚΥΡ.
555 4502 618 4555 Εἰ
646 4501 703 4554 δὲ
729 4501 816 4572 δὴ,
839 4499 1025 4570 φησὶν,
1044 4502 1072 4554 ὁ
1103 4500 1435 4555 πλεονεκτῶν
1458 4501 1624 4574 εἰδείη
1655 4502 1861 4573 σαφῶς,

2035 4509 2193 4565 CVR.
2238 4508 2295 4563 Si
2333 4504 2467 4564 vero
2500 4509 2594 4564 ille
2622 4521 2913 4578 oppressor
2955 4506 3115 4577 plane
3156 4506 3325 4573 norit,
3352 4506 3399 4561 si
3425 4505 3540 4577 ipse

284 4600 372 4652 ὅτι
403 4596 658 4651 πείσεταί
690 4614 744 4649 τι
776 4595 951 4650 δεινὸν
982 4598 1011 4649 ό
1052 4595 1242 4660 πέλας,
1277 4594 1387 4649 τῶν
1416 4595 1517 4664 τῆς
1551 4593 1860 4660 πλεονεξίας

1966 4600 2339 4672 oppressionis
2381 4613 2494 4654 suae
2522 4613 2705 4653 mores
2749 4612 2861 4652 non
2919 4596 3250 4661 cohibuerit,
3291 4595 3542 4667 proximo

289 4694 510 4766 τρόπων
561 4693 663 4746 οὐκ
710 4690 1102 4762 ἀνῃρημένων,
1138 4688 1342 4759 ζημίαν
1385 4686 1547 4751 αὐτὸς
1586 4687 1685 4759 τὴν
1744 4686 1865 4758 ῐσην

1966 4692 2172 4762 aliquid
2217 4689 2550 4746 incommodi
2592 4689 2863 4754 futurum,
2908 4688 3027 4759 pari
3062 4688 3262 4744 damno
3282 4689 3542 4744 multabi-

291 4785 581 4856 ὑπομενεῖ,
615 4784 711 4838 καὶ
750 4771 849 4853 τὴν
888 4781 986 4836 τοῦ
1037 4781 1305 4844 παθόντος
1355 4779 1639 4851 συμφορὰν
1695 4781 1865 4832 ἐπαν-

1968 4793 2080 4847 tur,
2108 4791 2167 4837 et
2189 4783 2311 4851 ejus
2333 4780 2731 4836 detrimentum
2770 4782 2868 4851 qui
2895 4781 3134 4837 violatus
3156 4790 3259 4837 est.
3286 4797 3399 4836 sua:
3422 4780 3543 4836 ani-

284 4879 477 4949 τλήσει
509 4877 649 4951 μόνῃ
669 4879 737 4947 τῇ
772 4876 882 4947 ἰδίᾳ
909 4875 1077 4946 ψυχῇ.
1098 4873 1270 4927 Τοῦτο
1293 4872 1403 4944 γὰρ
1425 4869 1858 4941 αἰνιγματωδῶς,

1968 4892 2068 4932 mae
2122 4875 2296 4929 solius
2350 4873 2600 4944 periculo
2665 4874 2975 4930 exhauriet.
3040 4873 3156 4929 Hoc
3206 4873 3352 4929 enim
3408 4872 3544 4928 illud

282 4972 368 5035 rb,
406 4990 427 5022 ι
468 4970 743 5023 ’Δποτίσει
764 4967 964 5040 ταῦρον
996 4966 1117 5022 ἀντὶ
1147 4965 1372 5035 ταύρου,
1401 4966 1429 5018 ὁ
1456 4962 1515 5017 δὲ
1547 4962 1858 5033 τετελευτη-

1964 4969 2195 5040 aenigma
2242 4966 2513 5036 signiﬁcat
2559 4985 2572 5021 :
2625 4986 2643 5018 ι
2695 4965 2908 5025 Reddet
2950 4974 3172 5022 taurum
3214 4981 3316 5036 pro
3350 4973 3540 5033 tauro;

286 5060 403 5124 κὼς
429 5060 596 5115 αὐτοῦ
627 5059 802 5113 ἔσται.
840 5077 858 5109 ι
912 5058 986 5111 Ob
1025 5058 1133 5129 γὰρ
1172 5058 1333 5127 μέχρι
1381 5054 1473 5108 τοῦ
1512 5055 1623 5109 τῶν
1648 5054 1862 5108 οἰκείων

1964 5072 2215 5117 mortuus
2235 5069 2419 5116 autem
2451 5059 2626 5129 ipsius
2648 5060 2756 5115 erit
2778 5059 2846 5111 ".
2880 5077 2899 5110 ›
2920 5059 3108 5132 Neque
3129 5058 3279 5115 enim
3307 5073 3432 5113 cum
3453 5057 3540 5124 iis,

283 5151 514 5217 ἀγαθῶν
540 5152 838 5205 ἀποπεσεῖν
864 5151 975 5213 τοῖς
1005 5148 1283 5202 ἀδικοῦσιν
1310 5150 1338 5201 ὁ
1365 5146 1540 5217 λόγος,
1581 5146 1697 5202 ἀλλ’
1725 5146 1859 5200 ἰδίαν

1966 5154 2061 5224 qui
2088 5153 2345 5225 injuriam
2378 5151 2641 5215 inferunt,
2682 5151 2758 5205 ita
2792 5150 3060 5206 duntaxat
3095 5160 3310 5222 agetur,
3352 5160 3414 5205 ut
3444 5164 3542 5203 sua

279 5241 469 5308 ἐξουσι
504 5242 814 5312 συμφορὰν,
850 5243 944 5295 καὶ
970 5240 1148 5294 αὐτῶν
1178 5239 1331 5294 ἔσται
1355 5239 1544 5305 πάθος,
1571 5238 1633 5292 rb
1658 5237 1736 5309 τῷ
1761 5238 1855 5292 πέ-

1967 5242 2132 5297 modo
2176 5242 2319 5297 bona
2362 5241 2633 5304 amittant,
2671 5240 2766 5295 sed
2815 5239 3035 5310 propria
3075 5239 3298 5294 illorum
3320 5238 3427 5294 erit
3448 5250 3540 5290 ca-

278 5334 389 5397 λας
422 5335 787 5407 συμϐεϐηκός.

1968 5333 2184 5388 lamitas
2220 5350 2233 5385 :
2274 5340 2330 5387 et
2355 5330 2458 5401 ipsi
2482 5330 2686 5385 malum
2713 5329 2819 5384 hoc
2839 5330 3134 5399 patientur,
3164 5326 3312 5398 quod
3352 5321 3542 5395 proxio

1486 5500 1491 5507 .
1967 5439 2057 5478 mo
2086 5423 2337 5494 contigit.

366 5511 569 5567 ΠΑΛΛ.
613 5512 699 5576 Ὠς
724 5508 784 5566 εὖ
813 5528 876 5581 γε
906 5513 1037 5584 ἡμῖν
1064 5514 1092 5566 ὁ
1129 5511 1284 5581 λόγος
1314 5511 1445 5584 ἔχει.
1487 5505 1491 5507 ’

2040 5513 2237 5568 PALL.
2270 5513 2535 5569 Prmclare
2558 5526 2688 5566 sane
2722 5526 2780 5565 se
2810 5509 2977 5563 habet
2999 5505 3199 5562 oratio.

405 5628 982 5695 "Exod.xxi,55,56.
1056 5630 1100 5663 "
1134 5630 1291 5684 Rom.
1345 5645 1441 5697 ιη,
1493 5630 1578 5686 15.
1656 5631 1702 5664 ’³
1741 5630 1913 5686 Exod.
1960 5647 1981 5684 1

638 5630 982 5695 lxxi,55,56.
1056 5630 1100 5663 "
1134 5630 1291 5684 Rom.
1345 5645 1441 5697 ιη,
1493 5630 1578 5686 15.
1656 5631 1702 5664 ’³
1741 5630 1913 5686 Exod.
1960 5647 2067 5690 xxi,
2112 5629 2214 5684 56.

605 5724 882 5785 PATROL.
927 5725 1043 5785 Gn.
1092 5724 1347 5784 LXVIII.
1616 5814 1633 5825 ὀ

3188 5707 3257 5772 18
