3990 6196
433 353 537 411 555

1433 345 1490 400 S.
1531 343 1806 402 CYRILL‘I
1844 341 2315 402 ALEXANDRINI
2344 344 2659 404 ARCHIEP.

3575 346 3683 404 556

495 465 652 522 CYR.
678 456 1142 532 Sapientissimam
1174 471 1342 527 porro
1383 456 1546 512 nobis
1575 463 1778 514 mutue
1821 457 1983 512 chari‘

2181 459 2344 514 ΚΠ).
2396 460 2568 529 Σοφὸν
2609 459 2666 514 δὲ
2709 460 2839 532 ἡμῖν
2877 460 2976 530 τῆς
3029 459 3109 523 είς
3160 459 3422 531 ἀλλήλους
3457 461 3680 536 ἀγάπης

434 556 560 609 tatis
607 555 782 623 legem
829 550 952 603 tulit
996 549 1190 604 beatus
1239 547 1478 613 Paulus,
1531 563 1658 602 eum
1704 548 1780 603 ita
1821 547 2002 602 dixit:

2109 549 2272 602 ὲτίοει
2308 549 2472 620 νόμον
2501 551 2598 604 καὶ
2627 553 2656 603 6
2687 548 2971 613 θεσπέσιος
2995 549 3224 614 Παῦλος,
3263 549 3436 621 ῶδίπη
3465 550 3638 620 λέγων
3658 567 3675 582 ·

437 668 454 697 ι
487 643 605 699 Non
643 659 765 712 qua:
801 651 984 696 vestra
1026 641 1272 709 ipsorum
1318 646 1448 694 sunt
1481 647 1810 709 quaerentes,
1833 639 1928 694 sed
1951 653 1981 694 e

2115 661 2133 693 ι
2162 641 2251 710 Μὴ
2281 642 2352 696 τὰ
2391 642 2601 697 ἑαυτῶν
2631 641 2942 712 ζητοῦντες,
2975 641 3114 695 ἀλλά
3153 643 3247 695 καὶ
3283 641 3353 695 τά
3389 642 3611 714 ἑτέρων.
3647 659 3674 698 9

427 751 549 807 quae
569 734 801 789 aliorum
821 734 900 798 9°;
926 751 942 783 ι
965 731 1204 786 eharitas
1225 731 1372 787 enim
1396 745 1506 785 non
1527 731 1744 801 quaerit,
1767 739 1888 800 qua:
1907 745 2005 785 sua

428 836 557 883 sunt
575 827 664 891 π’,
694 822 789 881 sed
826 824 1009 894 potius
1035 823 1348 879 considerat
1369 823 1535 878 etiam
1559 838 1680 892 qua:
1707 827 1834 877 sunt
1863 821 2003 877 alio-

429 935 574 984 rum,
599 927 654 972 et
677 927 738 972 ut
760 933 881 987 quae
921 925 1048 971 sunt
1083 914 1335 981 fratrum,
1361 914 1502 970 bene
1526 930 1585 970 se
1609 915 1866 970 habeant.
1887 913 2004 969 Hoc

428 1015 606 1081 ipsum
631 1007 820 1062 itidem
843 1014 1058 1059 veteres
1076 1003 1298 1059 Litterae
1321 1003 1460 1059 clam
1488 1001 1751 1065 indicant,
1779 1013 1900 1071 qua:
1922 1001 2003 1056 sic

425 1102 632 1156 habent
666 1117 678 1151 :
731 1117 748 1150 ι
780 1095 836 1152 Si
868 1095 1129 1166 depastus
1166 1094 1290 1164 quis
1341 1093 1511 1148 fuerit
1565 1101 1755 1163 agrum
1791 1099 1893 1147 aut
1920 1091 2003 1146 vi-

423 1208 604 1257 neam,
647 1199 702 1246 et
750 1187 1023 1244 dimiserit
1051 1187 1364 1257 iumentum
1393 1200 1574 1248 suum,
1616 1185 1779 1256 266
1812 1193 1874 1238 ut
1906 1183 2001 1238 de-

423 1292 677 1355 pascatur
713 1295 904 1351 agrum
935 1278 1197 1342 alienum,
1232 1275 1426 1331 reddet
1451 1291 1517 1329 ex
1540 1289 1670 1346 agro
1708 1290 1810 1330 suo
1843 1276 1999 1346 juxta

423 1377 663 1430 fructum
699 1373 851 1444 ejus;
894 1371 942 1424 si
979 1377 1163 1424 autem
1194 1382 1414 1422 omnem
1445 1382 1639 1438 agrum
1683 1367 1804 1436 ejus
1827 1365 1996 1435 depa-

422 1472 568 1518 stum
598 1460 784 1523 fuerit,
813 1456 1019 1529 optima
1057 1457 1173 1528 agri
1209 1457 1318 1522 sui,
1352 1464 1410 1512 et
1437 1455 1644 1526 optima
1665 1455 1845 1510 vinea:
1885 1467 1998 1510 sua:

423 1553 615 1609 reddet
637 1554 676 1605 ί.
710 1571 727 1603 ι
762 1551 899 1606 Nam
933 1549 1030 1620 qui
1080 1549 1227 1620 agris
1271 1547 1472 1603 alienis
1501 1562 1662 1601 suum
1684 1548 1998 1617 iumentum

421 1643 690 1707 immittit,
717 1642 806 1696 ille
834 1640 950 1695 suis
972 1638 1195 1709 quidem
1223 1639 1390 1693 rebus
1415 1637 1708 1691 utilitatem
1732 1634 1910 1700 affert,
1939 1642 1997 1690 et

419 1748 518 1787 sua
542 1727 948 1802 quodammodo
978 1727 1194 1797 quzerit,
1238 1741 1348 1780 non
1378 1733 1562 1778 tamen
1587 1738 1650 1777 ea
1687 1737 1748 1776 re
1770 1721 1989 1792 quaerit,

2101 733 2180 786 Οὐ
2212 734 2365 803 ζητεῖ
2396 734 2504 804 γάρ
2528 735 2562 804 ἡ
2593 733 2784 804 ἀγάπη
2815 732 2885 786 τά
2907 732 3137 803 ἑαυτῆς·
3167 732 3592 804 περισκέπτεται
3617 732 3680 788 δὲ

2107 821 2309 892 μᾶλλον
2340 823 2434 876 καὶ
2470 820 2539 875 τὰ
2557 821 2780 892 ἑτέρων,
2805 819 2902 874 καὶ
2929 820 3078 882 ὅπως
3103 820 3170 873 ἂν
3197 820 3310 890 ἔχοι
3339 819 3406 872 τά
3432 819 3682 889 ἀδελφῶν

2103 909 2183 967 εὖ.
2230 912 2402 967 Τοῦτό
2439 930 2523 966 τοι
2559 913 2724 966 πάλιν
2772 912 2832 966 τὸ
2876 914 3100 984 ἀρχαῖον
3132 913 3263 983 ἡμῖν
3304 911 3678 965 ὑπαινίττεται

2101 1006 2355 1077 Γράμμα·
2395 1005 2508 1076 ἔχει
2536 1005 2594 1058 δὲ
2621 1003 2792 1069 οὕτως
2816 1022 2829 1036 ο
2859 1025 2879 1056 ‹
2917 1004 3044 1058 Ἐἀν
3068 1003 3125 1057 δὲ
3152 1002 3543 1075 καταὸοσκήσῃ
3587 1019 3679 1066 τις

2101 1100 2271 1169 ἀγρὸν
2308 1100 2341 1170 ἢ
2373 1099 2690 1171 ἀμπελῶνα,
2718 1100 2814 1154 καὶ
2842 1101 2954 1171 ἀφῇ
2982 1099 3044 1152 τὸ
3075 1099 3271 1170 κτῆνος
3299 1097 3484 1163 αὑτοῦ,
3509 1115 3678 1152 κατα-

2101 1190 2374 1260 δοσκῆσαι
2399 1189 2568 1263 ἀγρὸν
2593 1191 3066 1262 ἓτερον,ἀποτίσει
3089 1193 3152 1244 ὲκ
3178 1189 3271 1243 τοῦ
3307 1188 3474 1260 ἀγροῦ
3504 1189 3673 1246 αὑτοῦ

2099 1281 2240 1336 κατὰ
2280 1281 2344 1334 τὸ
2385 1283 2631 1354 γέννημα
2677 1283 2845 1336 αὑτοῦ
2868 1297 2883 1312 °
2929 1283 3024 1336 έάν
3056 1282 3113 1336 δὲ
3147 1282 3326 1336 πάντα
3363 1282 3456 1335 τὸν
3502 1282 3676 1353 ἀγρὸν

2098 1368 2508 1440 καταδοσκήσῃ,
2543 1369 2612 1424 τά
2646 1369 2899 1441 βέλτιστα
2929 1369 3020 1424 τοῦ
3053 1371 3224 1442 ἀγροῦ
3249 1369 3434 1437 αὐτοῦ,
3482 1372 3577 1424 καὶ
3601 1373 3671 1424 τὰ

2101 1457 2352 1527 βέλτιστοι
2383 1459 2478 1513 τοῦ
2521 1461 2846 1532 ἀμπελῶνος
2880 1459 3046 1514 αὑτοῦ
3087 1460 3354 1516 ἀποτίσει.
3398 1479 3416 1512 ι
3462 1461 3520 1514 '0
3571 1461 3675 1530 μὲν

2096 1549 2204 1620 γάρ
2226 1552 2413 1622 ἀγροῖς
2447 1552 2647 1621 ἑτέρων
2672 1552 2732 1606 τὸ
2768 1552 2898 1605 ἴδιον
2926 1553 3124 1623 κτῆνος
3162 1550 3434 1622 ἐπαφιεὶς,
3463 1553 3673 1623 ὀνίνησι

2099 1637 2200 1708 μὲν
2233 1639 2302 1692 τά
2331 1639 2453 1693 καθ’
2484 1641 2697 1706 ἑαυτὸν,
2737 1641 2830 1694 καὶ
2857 1639 3012 1711 ζητεῖ
3034 1658 3151 1704 πως
3189 1640 3259 1694 τὰ
3285 1641 3497 1705 ἑαυτοῦ,
3527 1642 3674 1712 πλὴν

2095 1728 2195 1783 οὐκ
2232 1730 2290 1796 ἐξ
2336 1724 2409 1784 ῶν
2452 1733 2481 1784 6
2531 1731 2725 1799 γείτων
2771 1733 3144 1804 εὐφραίνεται,
3197 1732 3319 1786 οὐδὲ
3351 1733 3438 1802 ἐφ’
3478 1727 3561 1797 οἷς
3600 1733 3673 1787 ἂν

417 1823 564 1879 unde
588 1823 725 1877 alter
748 1821 986 1884 lauetur,
1005 1826 1100 1872 aut
1119 1816 1270 1871 unde
1293 1815 1578 1886 proximus
1605 1812 1872 1883 gaudeat,
1895 1813 1983 1868 sed

2092 1818 2271 1889 ἦδοιτό
2299 1838 2382 1884 τις
2409 1821 2518 1875 τῶν
2553 1822 2740 1888 πέλας,
2764 1823 2880 1877 ἀλλ’
2901 1823 2959 1890 ἐξ
2988 1816 3064 1876 ὧν
3087 1823 3153 1877 ἀν
3175 1822 3459 1876 λυπεῖσθαί
3484 1840 3544 1876 τε
3571 1826 3674 1880 καὶ

419 1915 563 1968 unde
617 1928 744 1968 eum
789 1909 995 1964 offendi
1035 1923 1100 1963 ac
1147 1908 1270 1962 lardi
1303 1907 1600 1977 contingat.
1629 1904 1994 1972 Quazrendum

414 2015 499 2061 est
526 2005 691 2075 igitur
716 2001 864 2072 quod
904 2001 1064 2056 nobis
1087 2001 1285 2070 prosit,
1307 2000 1415 2054 hoc
1439 2006 1544 2062 est,
1569 1997 1716 2069 quod
1741 2005 1992 2052 nostrum

415 2108 518 2161 est,
566 2111 677 2151 non
723 2094 861 2149 alios
906 2091 1292 2164 opprimendo,
1353 2091 1448 2146 sed
1496 2092 1563 2146 iis
1615 2091 1849 2155 artibus,
1892 2105 1994 2160 per

413 2205 549 2260 quas
570 2187 762 2243 eodem
790 2185 1098 2257 pervenire,
1135 2184 1272 2238 nihil
1312 2184 1522 2254 peccati
1546 2181 1911 2246 admittendo,
1936 2190 1993 2238 et

412 2280 640 2335 alterius
661 2279 828 2333 animi
853 2276 1305 2348 tranquillitatem
1342 2275 1634 2340 servando,
1672 2274 1986 2345 possimus:

414 2371 466 2426 id
490 2370 637 2426 enim
661 2370 820 2440 plane
849 2375 935 2422 est
958 2381 1205 2437 quaerere
1232 2366 1396 2422 etiam
1421 2381 1542 2435 qum
1568 2375 1698 2420 sunt
1717 2365 1988 2431 aliorum;

410 2462 615 2532 alioqui
650 2456 818 2526 sciat,
863 2460 914 2515 si
957 2458 1096 2513 nihil
1139 2465 1315 2522 cavet,
1367 2471 1436 2511 ne
1486 2455 1686 2511 fratres
1722 2452 1986 2519 offendat,

413 2569 590 2624 neque
627 2551 739 2607 ulla
780 2559 866 2607 est
917 2550 993 2605 illi
1042 2549 1110 2604 de
1146 2548 1396 2619 proximo
1436 2560 1588 2612 cura,
1639 2546 1792 2612 dum,
1840 2545 1988 2616 quod

411 2659 572 2698 suum
601 2651 706 2708 est,
735 2643 998 2697 duntaxat
1024 2649 1254 2712 spectet,
1285 2656 1344 2696 se
1366 2653 1465 2712 par
1488 2639 1748 2694 damnum
1777 2639 1991 2694 subitu-

413 2750 556 2799 rum,
582 2744 638 2789 et
681 2734 831 2788 illam
863 2732 1012 2788 falsa:
1063 2731 1320 2787 utilitatis
1369 2733 1608 2804 speciem
1645 2730 1990 2786 charissimis

414 2827 579 2881 rebus
625 2825 910 2880 interitum
947 2824 1263 2878 allaturum.
1319 2822 1379 2877 Id
1425 2822 1573 2877 enim
1619 2830 1704 2876 est
1748 2821 1984 2890 opinor:

419 2937 436 2968 ι
474 2915 691 2972 Reddet
723 2915 931 2985 optima
959 2913 1074 2984 agri
1105 2913 1188 2966 sui
1233 2919 1290 2966 et
1312 2911 1484 2966 vinea:
1519 2926 1650 2964 suae.
1676 2929 1693 2960 ι
1722 2907 1990 2964 Convenit

409 3009 597 3074 etiam,
626 3017 688 3063 ut
711 3006 846 3061 mihi
881 3004 1104 3074 quidem
1131 3003 1370 3068 videtur,
1418 3003 1825 3073 propositorum
1859 3015 1986 3055 ver-

409 3102 606 3155 borum
628 3097 713 3152 vis
741 3097 797 3150 in
833 3095 1104 3150 haeresum
1147 3093 1500 3158 inventores;
1543 3105 1780 3162 quorum
1802 3091 1984 3161 impu-

2093 1911 2398 1966 ἀδικεῖσθαι
2451 1913 2756 1983 συμϐαίνοι.
2807 1914 3077 1984 Ζητητέον
3119 1913 3214 1969 οὖν
3261 1915 3371 1987 ἄρα
3407 1915 3468 1968 τὸ
3518 1918 3674 1987 ἡμᾶς

2091 2002 2357 2069 ὠφελοῦν,
2399 2004 2664 2065 τουτέστι,
2689 2005 2750 2058 τὸ
2776 2005 3004 2070 ἑαυτῶν,
3027 2006 3088 2058 οὐ
3113 2005 3199 2059 διά
3221 2006 3319 2076 τῆς
3343 2006 3423 2070 είς
3445 2007 3671 2078 ἑτέρους

2091 2088 2423 2158 πλεονεξίας,
2457 2091 2592 2146 ἀλλὰ
2623 2092 2690 2146 δι’
2717 2086 2791 2147 ὧν
2822 2092 2888 2148 ἂν
2917 2094 3128 2161 γένοιτο
3155 2094 3292 2165 πρὸς
3315 2095 3472 2149 τοῦτο
3503 2098 3670 2164 ἰέναι,

2090 2183 2546 2256 πλημμελοῦντας
2567 2186 2740 2250 οὐδὲν,
2773 2187 2981 2259 καὶτῆς
3011 2188 3106 2241 τοῦ
3139 2188 3378 2256 γείτονος
3399 2189 3672 2262 εὔθυμίας

2091 2278 2335 2348 ἑστώσης
2354 2278 2551 2349 ὀρθῶς.
2587 2279 2759 2332 Τοῦτο
2793 2280 2900 2352 γάρ
2929 2279 2996 2334 ἂν
3027 2281 3110 2351 εῐη
3142 2281 3352 2351 σαφῶς.
3389 2281 3453 2334 τὺ
3479 2280 3674 2352 ζητεῖν

2091 2369 2184 2422 καὶ
2214 2368 2283 2423 τά
2335 2368 2559 2441 ἑτέρων.
2593 2370 2665 2423 Ἢ
2697 2370 2830 2424 ίστω
2868 2385 2973 2433 τις,
3009 2371 3197 2440 φησὶν,
3242 2372 3291 2423 εί
3336 2371 3674 2440 ἀφυλάκτως

2089 2461 2264 2514 ἕλοιτο
2305 2461 2641 2514 καταλυπεῖν
2680 2459 2964 2530 ἀδελφοὺς,
3010 2461 3105 2514 καὶ
3155 2462 3506 2533 ἀπρονοήτως
3552 2460 3672 2531 ἔχοι

2088 2551 2183 2605 τοῦ
2214 2550 2404 2618 πέλας,
2429 2552 2509 2616 είς
2549 2550 2708 2623 μόνον
2737 2551 2878 2622 τάχα
2902 2566 3006 2604 που
3043 2551 3105 2604 τδ
3134 2550 3266 2606 ι’διον
3298 2551 3531 2622 βλέπων.
3563 2552 3672 2623 τὴν

2090 2645 2212 2715 ῐσην
2246 2645 2538 2715 ὑπομενεῖν
2581 2641 2808 2715 ζημίαν,
2845 2643 2936 2697 καὶ
2964 2641 3055 2698 τὸν
3097 2643 3196 2713 τῆς
3220 2642 3487 2714 δοκούσης
3516 2641 3671 2712 ὠφε-

2087 2734 2236 2798 λείας
2276 2734 2502 2806 τρόπον,
2542 2733 2650 2787 τῶν
2693 2733 2775 2787 ὅτι
2827 2732 3062 2803 μάλιστα
3119 2731 3450 2802 φιλαιτάτων
3510 2731 3671 2801 αὖτῷ

2088 2823 2436 2895 προξενήσων
2472 2824 2571 2895 τὴν
2613 2823 2906 2876 ἀπώλειαν.
2937 2818 3112 2892 ιΤουτὶ
3143 2821 3272 2894 γάρ,
3313 2818 3490 2892 οἶμαι,
3537 2820 3669 2873 ἐστι

2085 2915 2168 2983 τὸ,
2193 2934 2212 2968 ι
2257 2916 2532 2970 ’Δποτίσει
2561 2913 2629 2968 τά
2657 2915 2908 2986 βέλτιστα
2926 2913 3024 2968 τοῦ
3043 2913 3215 2985 ἀγροῦ
3244 2912 3430 2976 αὐτοῦ,
3454 2907 3666 2966 καὶτοῦ

2086 3008 2408 3079 ἀμπελῶνος
2441 3006 2628 3063 αὑτοῦ.
2666 3027 2684 3060 ι
2729 3008 2986 3080 ’Δρμὸζει
3013 3007 3058 3060 δ’
3085 3007 3174 3074 ἂν,
3206 3005 3283 3070 ῶς
3312 3005 3376 3075 γέ
3408 3022 3500 3076 μοι
3527 3003 3665 3073 φαί-

2088 3116 2260 3165 νεται,
2290 3100 2398 3153 τῶν
2439 3100 2819 3170 προκειμένων
2842 3101 2877 3170 ἡ
2908 3099 3136 3171 δύναμις
3161 3098 3258 3152 καὶ
3283 3099 3396 3161 τοῖς
3425 3095 3534 3151 τῶν
3566 3095 3663 3149 αε-

411 3191 610 3247 rissimi
647 3205 712 3244 ac
757 3187 1064 3244 stultissimi
1101 3184 1377 3258 discipuli,
1418 3185 1707 3240 brutorum
1732 3183 1982 3238 animan-

2092 3158 2289 3262 ρέσεων
2316 3158 2586 3262 εὑρεταῖς,
2617 3158 2692 3249 ῶν
2719 3194 2770 3245 οἱ
2797 3158 3166 3262 βδελυροίκαὶ
3189 3158 3508 3244 ἀνούστατοι
3548 3205 3663 3257 μα-

410 3284 546 3338 tium
575 3282 767 3346 instar,
793 3287 1005 3352 segetes
1029 3293 1093 3334 ac
1117 3277 1307 3333 vineas
1333 3276 1636 3333 dominicas
1671 3275 1981 3347 depascun-

410 3386 516 3440 tur,
555 3375 610 3429 in
654 3388 846 3429 eorum
896 3370 1164 3442 judicium
1202 3377 1367 3440 atque
1408 3369 1728 3432 vindictam,
1769 3367 1863 3436 qui
1896 3381 1985 3420 er-

409 3481 563 3522 rores
600 3468 967 3527 invenerunt;
1014 3461 1296 3531 continget
1341 3460 1490 3515 enim
1543 3459 1652 3513 illis
1696 3464 1760 3510 ut
1813 3457 1982 3510 rebus

405 3553 894 3628 praestantissimis,
928 3550 984 3604 id
1017 3559 1122 3616 est,
1145 3550 1322 3620 ipsius
1354 3548 1551 3602 animae
1575 3543 1803 3600 interitu
1843 3545 1982 3598 mul-

406 3656 621 3700 tentur:
653 3645 813 3699 vinea
841 3643 989 3698 enim
1029 3656 1092 3695 ac
1123 3648 1326 3710 segete,
1366 3646 1422 3692 et
1449 3636 1676 3692 omnino
1707 3635 1979 3690 universis

405 3737 590 3801 rebus,
619 3750 741 3806 qua:
763 3732 906 3804 apud
936 3745 1057 3796 nos,
1083 3729 1428 3800 praestantior
1448 3735 1532 3783 est
1564 3727 1765 3783 anima.

474 3910 670 3967 PALL.
705 3909 966 3964 Fructum
1005 3905 1172 3977 igitur
1203 3920 1268 3960 ac
1297 3907 1499 3958 munus
1540 3903 1825 3961 charitatis
1852 3919 1974 3959 esse

401 4003 670 4067 dicemus,
703 4011 950 4072 quaerere
993 4013 1056 4052 ea
1095 4011 1218 4068 qum
1260 3997 1496 4051 aliorum
1531 4004 1678 4062 sunt,
1726 4011 1835 4050 non
1874 4009 1970 4050 sua

401 4097 648 4166 ipsorum
669 4094 953 4148 duntaxat.

469 4185 626 4241 CYR.
655 4184 887 4239 Prorsus
934 4184 1010 4238 ita
1057 4191 1162 4248 est,
1193 4179 1399 4237 Palladi
1435 4197 1449 4233 :
1493 4189 1550 4234 et
1587 4179 1818 4250 implere
1851 4177 1970 4247 qui-

400 4277 524 4331 dem
557 4274 884 4330 charitatem
934 4274 989 4328 in
1024 4272 1244 4337 fratres,
1299 4273 1411 4327 Deo
1459 4286 1592 4326 sane
1627 4267 1968 4340 jucundissi-

400 4381 550 4422 mum
583 4373 668 4421 est
693 4382 708 4432 ;
734 4365 952 4420 onerari
982 4379 1114 4418 vero
1141 4379 1172 4417 a
1200 4361 1362 4416 nobis
1393 4359 1686 4414 immodico
1709 4375 1773 4413 ac
1796 4357 1965 4412 nimio

397 4458 573 4512 abusu
615 4456 938 4510 charitatem
981 4450 1216 4522 sapienti
1244 4449 1474 4504 consilio
1504 4463 1614 4502 non
1651 4447 1959 4518 permittit:

399 4565 522 4603 nam
569 4547 726 4602 facile
755 4545 924 4601 etiam
968 4544 1111 4598 bene
1145 4540 1365 4594 firmum
1410 4539 1651 4593 animum
1691 4538 1963 4603 concutit,

395 4639 648 4710 quamvis
677 4638 768 4692 ille
793 4636 860 4690 ad
883 4634 1200 4705 praeclaram
1224 4631 1282 4685 in
1309 4645 1528 4700 quoque
1559 4643 1758 4699 genere
1793 4628 1968 4683 virtu-

397 4742 506 4788 tem
541 4728 877 4801 pervenerit,
909 4737 1247 4796 quaecunque
1279 4723 1366 4777 vis
1395 4721 1632 4792 impulsu
1666 4720 1812 4776 haud
1841 4735 1962 4777 me-

394 4824 590 4888 diocri,
617 4821 713 4877 sed
739 4819 925 4891 potius
945 4818 1174 4888 impetu,
1204 4815 1294 4872 cui
1326 4814 1519 4871 obsisti
1541 4819 1656 4869 non
1687 4813 1880 4884 possit,
1905 4813 1961 4869 in

395 4915 548 4968 illum
593 4911 872 4982 irrumpit.

462 5003 655 5058 PALL.
695 4997 838 5068 Quid
884 4999 1038 5056 istud
1093 4999 1312 5054 tandem
1341 5005 1446 5063 est,
1481 4996 1630 5067 quod
1679 4994 1804 5051 ais?
1849 5011 1961 5052 non

391 5089 541 5146 enim
582 5092 715 5146 satis
748 5091 1013 5162 intelligo.

459 5183 614 5239 CYR.
657 5183 739 5237 An
767 5191 826 5237 tu
859 5181 1084 5236 minime
1120 5179 1311 5236 fateris
1341 5193 1462 5235 esse
1483 5178 1766 5244 virtutem,
1799 5193 1959 5234 man-

387 5274 738 5330 suetudinem
765 5283 928 5344 atque
965 5271 1330 5344 patientiam?

459 5366 653 5422 PALL.
683 5365 890 5432 Quidni
928 5364 1149 5419 fatear?

2085 3282 2265 3354 Θηταὶ,
2297 3283 2510 3356 κτηνῶν
2537 3283 2747 3354 ἀλόγων
2771 3285 2944 3354 δίκην,
2975 3284 3103 3356 λήῖά
3119 3301 3180 3337 τε
3209 3283 3304 3337 καὶ
3329 3280 3663 3353 ἀμπελῶνας

2083 3375 2479 3445 κατανέμονται
2499 3375 2628 3440 τοὺς
2655 3376 3028 3440 δεσποτικοὺς,
3053 3377 3134 3440 εἰς
3164 3374 3342 3448 κρίμα
3370 3373 3466 3426 καὶ
3496 3373 3661 3426 κόλα-

2084 3482 2167 3519 σιν
2216 3467 2325 3519 τῶν
2369 3466 2471 3538 τῆς
2515 3467 2782 3538 αἱρέσεως
2821 3466 3099 3539 εὑρετῶν·
3160 3465 3501 3536 συμσήσεται
3541 3464 3658 3532 γὰρ

2080 3554 2308 3618 ἐκείνοις
2351 3557 2387 3626 ή
2417 3555 2526 3609 τῶν
2563 3555 2862 3610 καλλίστων
2887 3555 3082 3627 ζημία,
3117 3554 3417 3617 τουτέστιν,
3460 3553 3490 3606 6
3524 3550 3656 3622 περὶ

2076 3645 2248 3717 αὐτὴν
2294 3645 2514 3718 ὄλεθρος
2557 3648 2657 3719 τὴν
2697 3647 2894 3718 ψυχήν·
2939 3645 3262 3718 ἀμπελῶνος
3303 3643 3434 3715 γάρ,
3484 3643 3655 3714 {now

2077 3734 2230 3806 ληΐου
2259 3736 2444 3806 τυχὸν,
2481 3737 2577 3792 καὶ
2611 3739 2715 3793 ἀνά
2748 3738 2914 3809 μέρος
2942 3737 3172 3791 ἑκάστου
3199 3735 3308 3789 τῶν
3341 3734 3467 3789 καθ’
3501 3733 3653 3804 ἡμᾶς

2076 3827 2384 3899 νοουμένων
2407 3829 2470 3882 τὸ
2497 3831 2556 3883 ὲν
2580 3828 2730 3900 αὐτῷ
2764 3829 3040 3900 βέλτιστον
3065 3828 3099 3898 ἡ
3122 3827 3267 3898 ψυχή
3301 3825 3397 3896 (l).

2141 3919 2354 3974 ΔΠΔΛΛ.
2389 3921 2618 3992 Καρπὺν
2639 3916 2734 3976 οῦν
2777 3923 2884 3993 ἄρα
2907 3924 3005 3992 τῆς
3049 3919 3268 3990 ἀγάπης
3299 3913 3441 3972 εἷναί
3468 3933 3654 3988 φαμεν

2072 4009 2132 4063 τὸ
2166 4009 2364 4080 χρῆναι
2406 4011 2589 4083 ζητεῖν
2619 4011 2687 4066 τὰ
2724 4011 2947 4082 ἑτέρων,
2989 4011 3083 4065 καὶ
3127 4011 3250 4082 οὐχὶ
3289 4009 3356 4080 δὴ
3391 4008 3551 4080 μόνον
3576 4008 3653 4064 τὰ

2071 4099 2298 4154 ἑαυτῶν.

2140 4189 2304 4245 ΚΥΡ.
2339 4189 2489 4244 Πάνυ
2523 4192 2623 4262 μὲν
2647 4186 2762 4256 οὖν,
2793 4186 2840 4248 ὧ
2870 4191 3158 4259 Παλλὰδιε,
3181 4192 3278 4246 καὶ
3303 4190 3367 4247 1:6
3390 4193 3489 4264 μὲν
3507 4190 3650 4263 χρῆο

2069 4295 2159 4333 ναι
2190 4280 2433 4352 πληροῦν
2461 4281 2560 4354 τὴν
2593 4284 2674 4347 είς
2702 4283 2965 4354 ἀδελφοὺς
2997 4283 3297 4354 ἀγάπησιν,
3319 4281 3402 4348 ὡς
3424 4283 3648 4354 ἥδιστον

2067 4366 2143 4438 τῷ
2165 4367 2303 4439 θεῷ,
2331 4370 2826 4439 καταφορτίζεσθαι
2858 4371 2914 4424 δὲ
2937 4371 3036 4443 τὴν
3055 4371 3278 4443 ἀγάπην
3305 4371 3384 4442 τῷ
3401 4369 3649 4442 περιττῷ

2068 4458 2162 4510 καὶ
2192 4457 2400 4511 πλείονι
2435 4458 2536 4528 τῆς
2564 4459 2700 4529 πρὸς
2741 4459 2899 4530 ἡμῶν
2924 4440 3336 4532 καταχρήσεως,
3356 4440 3647 4530 Ῠοίκονομιο

2072 4548 2186 4612 κῶς
2222 4549 2324 4602 οὐκ
2372 4550 2466 4620 ἐᾷ’
2511 4551 2860 4604 κατασίνεται
2895 4553 3002 4624 γάρ
3047 4553 3283 4616 εὐκόλως
3330 4551 3545 4606 καὶτὸν
3576 4546 3647 4606 εὖ

2073 4638 2345 4709 βεσηκότα
2381 4638 2526 4703 νοῦν,
2574 4639 2678 4695 κᾶν
2717 4642 2766 4694 εί
2799 4644 2856 4696 ὲν
2889 4642 3041 4714 καλῷ
3083 4643 3292 4714 γένοιτο
3334 4642 3496 4712 τυχὸν
3535 4641 3647 4712 τῆς

2069 4731 2155 4801 ἐφ’
2182 4731 2289 4801 ὅτῳ
2315 4727 2409 4786 οῦν
2435 4733 2656 4805 ἀρετῆς,
2683 4726 2844 4806 τὸμὴ
2865 4737 3099 4807 μετρίως
3118 4735 3288 4806 αὐτῷ,
3321 4734 3646 4806 δυσαντήτῳ

2065 4822 2121 4876 δὲ
2149 4823 2349 4894 μᾶλλον
2369 4825 2710 4896 ὲπιθρῶσκον
2743 4829 2909 4898 ὁρμῇ.

2137 5002 2348 5056 ΠΑΛΛ.
2413 5003 2581 5058 Ὅσον
2623 5004 2688 5076 δὴ
2734 5005 2787 5058 τί
2832 5007 2972 5078 φης;
3021 5007 3084 5061 οῦ
3125 5007 3234 5080 γάρ
3275 5016 3361 5061 τοι
3411 5005 3642 5077 συνίημι

2066 5093 2272 5162 σαφῶς.

2136 5185 2304 5239 ΚΥΡ.
2338 5186 2408 5240 Ἢ
2434 5187 2534 5241 οὐκ
2563 5189 2765 5261 ἀρετὴν
2796 5185 2936 5244 εἶναι
2977 5190 3106 5262 φὴς,
3137 5191 3199 5244 τὺ
3240 5189 3416 5263 πρᾶόν
3445 5205 3506 5244 τε
3541 5193 3640 5248 καὶ

2065 5273 2386 5341 ἀνεξίκακον
2406 5295 2421 5344 ;

2136 5367 2341 5422 ΠΑΔΛ.
2379 5369 2502 5434 Πῶς
2530 5371 2636 5441 γὰρ
2674 5371 2768 5437 οῦ;

461 5524 504 5555 ’⁸
536 5520 772 5591 Philipp.
812 5536 870 5586 ιι,
896 5519 960 5574 21
987 5536 1002 5586 ;
1031 5518 1077 5573 ll
1098 5517 1222 5573 Cor.
1272 5534 1366 5583 xu,
1397 5518 1480 5572 M.
1561 5518 1604 5549 ”
1630 5519 1646 5536 '
1673 5517 1692 5571 1
1727 5516 1854 5584 Cor,
1889 5533 1983 5574 xm

2127 5519 2343 5574 ‘Exod.
2386 5537 2514 5586 χχιι,
2553 5522 2605 5578 5.

455 5673 529 5741 (l)
563 5673 712 5728 Hanc
737 5673 1060 5733 sententiam
1097 5673 1164 5726 ad
1204 5673 1352 5728 hunc
1386 5672 1607 5727 modum
1654 5672 1820 5728 habet
1847 5687 1945 5728 co-

381 5741 486 5798 dex
512 5741 800 5797 Vaticanus
819 5783 831 5794 .
867 5742 1206 5813 ’Δμπελῶνος
1239 5742 1348 5812 γὰρ
1383 5743 1550 5812 ἠγουν
1581 5742 1734 5813 ληΐου
1758 5743 1938 5813 τυχὸν,

2053 5674 2145 5760 καὶ
2168 5674 2440 5760 ἀναμόρος
2461 5675 2692 5760 ἑκάστου
2715 5679 2836 5760 τῶν
2856 5681 2977 5735 καθ’
3001 5681 3146 5751 ἡμᾶς
3175 5683 3482 5755 νοουμένων
3505 5685 3641 5756 βελ-

2049 5748 2244 5799 τίστων
2273 5748 2597 5817 τιμιώτερον
2629 5750 2663 5818 η
2699 5748 2867 5821 ψυχή.
