3990 6196
193 335 295 390 3537

901 331 993 384 DE
1031 327 1471 384 ADORATIONE
1509 327 1574 381 IN
1617 323 1884 396 SPIRITU
1924 324 2011 378 ET
2051 324 2417 380 VERITATE.
2457 323 2584 380 LIB.
2625 313 2769 381 VIII-

3347 332 3451 388 558

267 451 436 508 KTP.
487 449 624 502 Ἀλλ’
655 448 814 519 εἴπερ
844 466 928 511 τις
966 449 1128 518 τυχὸν
1156 446 1234 517 τῷ
1263 445 1545 514 πραότητά
1588 461 1636 496 ιε
1683 443 1777 495 καὶ

1949 442 2110 514 267
2143 441 2299 512 CYB.
2330 443 2516 514 Atqui,
2555 445 2600 498 si
2634 444 2760 514 quis
2813 443 3042 501 fortasse
3080 447 3136 500 in
3172 461 3322 514 eum,
3357 453 3451 522 qui

196 541 555 607 ἀνεξικακίαν
596 539 991 609 ἐπιτηδεύοντι,
1025 539 1200 600 λύπας
1218 555 1278 590 τε
1310 537 1402 590 καὶ
1439 535 1625 605 ὕϐρεις
1658 535 1776 586 ἐπι-

199 632 526 704 σωρεύσειε,
583 629 676 682 καὶ
713 630 784 683 τὰ
819 629 884 681 δι’
910 623 984 683 ὦν
1011 631 1060 681 οἱ
1096 629 1276 700 θυμοὶ,
1321 627 1555 698 μετρίως
1600 625 1697 696 μὲν
1728 625 1775 676 εἰ

198 725 438 793 γένοιτο,
477 721 960 792 διακαρτερήσειεν
1005 720 1071 773 ἂν
1097 719 1206 772 ἐσθ’
1228 721 1316 786 ὅτε
1350 718 1443 770 καὶ
1477 717 1613 769 οἴσει
1651 732 1776 784 γεν-

195 814 391 877 νικῶς,
443 811 746 881 γύμνασμα
769 829 828 864 τε
891 811 1195 882 πραότητος
1234 809 1330 863 καὶ
1375 808 1674 880 ἀοργησίας
1719 809 1780 860 τὸ

199 907 392 977 χρῆμα
420 906 724 976 ποιήσεται.
752 905 817 957 Εἰ
841 904 897 957 δὲ
926 904 989 975 δή
1021 921 1106 968 τις
1136 905 1203 957 [at
1233 903 1327 956 τοῦ
1363 901 1589 973 μετρίου
1615 901 1777 971 πέρα,

200 1000 300 1053 καὶ
327 998 438 1051 τῶν
471 997 822 1061 ἀνεξικακίας
846 997 990 1066 ὅρων
1024 996 1281 1058 ἐπέκεινα
1299 995 1511 1066 τρέχοι,
1539 995 1600 1046 τὸ
1623 995 1782 1046 ἀπει-

197 1089 301 1152 κὸς
337 1087 517 1149 οὐδὲν,
571 1087 1030 1154 καταὸινασθείσαν
1057 1086 1249 1158 ὥσπερ
1295 1085 1395 1156 τὴν
1433 1085 1634 1155 ἀρετὴν
1687 1085 1782 1136 καὶ

201 1179 466 1249 ἁτονῆσαι
496 1177 690 1248 βραχύ.

273 1271 484 1324 ΠΑΛΛ.
507 1267 582 1324 Εὖ
617 1269 794 1338 λέγεις
819 1286 833 1299 ·
889 1268 1076 1339 μεθύει
1108 1268 1217 1338 γάρ
1248 1284 1364 1330 πως
1391 1269 1450 1320 ἐν
1471 1264 1784 1336 ἀνθρώποις

203 1360 266 1412 τὸ
302 1359 537 1428 ἀγαθὸν,
585 1359 678 1412 καὶ
709 1358 921 1422 οὐδενὸς
981 1358 1381 1422 κατασείοντος,
1435 1356 1633 1427 ἕστηκε
1684 1356 1782 1427 μό-

206 1450 310 1513 λις.
1509 1446 1521 1461 ⁸

289 1540 452 1594 ΚΥΡ.
494 1541 598 1595 Ἴθι
618 1541 682 1610 δὴ
713 1535 831 1604 οὖν,
863 1541 911 1593 εἰ
966 1539 1142 1607 δοκεῖ,
1200 1541 1294 1594 καὶ
1346 1542 1432 1593 ἐπ’
1479 1539 1648 1610 αὐτὴν
1687 1538 1784 1609 τὴν

208 1633 511 1703 ἀγάπησιν.
545 1632 738 1703 Ἀρετὴ
778 1632 885 1703 γὰρ
915 1633 948 1702 ὴ
979 1631 1308 1702 προῦχουσα,
1337 1633 1430 1685 καὶ
1462 1631 1569 1684 τῶν
1611 1632 1785 1686 ἄλλων

210 1725 360 1777 ἐστὶν
408 1726 442 1793 ἡ
473 1723 908 1793 προφερεστέρα.
942 1723 1055 1793 Τῆς
1094 1740 1156 1790 γε
1189 1721 1292 1793 μὴν
1342 1724 1480 1791 ἄγαν
1506 1725 1785 1794 καταχρή-

209 1832 348 1876 aeto;
368 1815 469 1866 οὑκ
511 1812 787 1883 ἀνέχεται.
822 1815 887 1865 Ὃ
929 1813 994 1884 δὴ
1033 1813 1196 1866 πάλιν
1250 1813 1500 1883 καθάπερ
1552 1815 1611 1866 ἐν
1655 1813 1782 1866 εἴδει

207 1906 528 1978 παραϐολῆς
559 1905 654 1968 καὶ
685 1905 891 1974 σαφοῦς
921 1905 1386 1974 παραδείγματος,
1413 1907 1442 1957 ὁ
1467 1905 1629 1975 νόμος
1649 1907 1783 1976 ἡμῖν

205 2001 504 2068 ὑφηγεῖται
542 1996 715 2066 λέγων
740 2014 754 2027 °
803 2015 822 2047 ι
872 1997 995 2050 Ἐὰν
1015 1996 1074 2056 δὲ
1105 1997 1352 2068 εἰσέλθῃς
1374 2000 1454 2060 εἰς
1491 1998 1582 2050 τὸν
1635 1999 1784 2067 ἀμησ-

201 2092 296 2144 τδν
336 2090 433 2143 τοῦ
477 2090 704 2161 πλησίον
755 2107 871 2153 σου,
907 2088 1002 2143 καὶ
1057 2087 1314 2160 συλλέξῃς
1361 2091 1418 2144 ἐν
1452 2092 1571 2153 ταῖς
1631 2090 1784 2160 χερσί

206 2199 301 2234 σου
338 2181 588 2250 στάχυςν
621 2179 717 2233 καὶ
768 2179 1037 2250 δρέπανον
1077 2181 1138 2233 οὑ
1164 2181 1238 2251 μὴ
1266 2180 1533 2253 ἐπιϐάλῃς
1571 2181 1663 2235 ἐπὶ¹
1694 2181 1785 2233 τὸν

204 2274 418 2343 ἁμητδν
445 2271 540 2325 τοῦ
575 2271 797 2342 πλησίον
822 2289 917 2325 σου
939 2288 951 2300 ⁸
987 2273 1082 2326 ἐὰν
1111 2273 1166 2326 δὲ
1195 2274 1440 2346 εἰσέλθῃς
1468 2277 1548 2338 εἰς
1569 2276 1659 2328 τὸν
1680 2277 1787 2342 ἀμ-

208 2362 430 2414 πελῶνα
455 2362 549 2414 τοῦ
585 2362 810 2432 πλησίον
839 2380 956 2430 σου,
988 2364 1081 2418 καὶ
1137 2360 1318 2434 φάγῃς
1361 2365 1635 2436 σταφυλὴν
1665 2366 1786 2418 ὅσον

207 2453 391 2523 ψυχήν
417 2470 510 2505 σου
532 2453 936 2524 ἐμπλησθῆναι,
974 2456 1052 2516 εἰς
1082 2454 1140 2507 δὲ
1162 2455 1329 2522 ἄγγος
1341 2456 1732 2526 οὑκὲμόαλεῖς.
1754 2476 1778 2506 ν

209 2543 284 2595 Τὸ
352 2542 452 2613 μὲν
511 2541 620 2612 γὰρ
677 2541 890 2609 ὀλίγους
944 2543 1102 2613 χερσί
1152 2545 1464 2612 συναγεῖραι
1525 2544 1786 2613 στάχυας,

211 2635 386 2702 ἤγουν
430 2633 722 2700 ἀποκεῖραι
769 2631 965 2705 βότρυν
999 2634 1078 2695 εἰς
1139 2631 1438 2700 ἐπιθυμίαν
1489 2631 1522 2702 ἢ
1558 2632 1784 2705 τροφὴν,

207 2723 362 2777 οὐδὲν
379 2723 445 2776 ἂν
474 2723 586 2793 ἔχοι
614 2723 674 2775 τὸ
704 2722 918 2792 βλάϐος.
944 2723 1090 2775 Οἴσει
1124 2723 1250 2792 γὰρ,
1277 2718 1450 2791 οἶμαι,
1481 2721 1578 2777 σὺν
1609 2721 1786 2793 θυμη-

208 2816 330 2885 δείᾳ
354 2833 367 2846 ο
414 2817 570 2868 ταυτὶ
601 2816 701 2884 τῆς
721 2816 944 2886 ἀγάπης
983 2817 1010 2868 ὁ
1048 2813 1229 2884 νόμος,
1266 2816 1360 2869 καὶ
1397 2815 1495 2869 οὑκ
1531 2815 1786 2868 ἐπέκεινα

207 2907 304 2961 τοῦ
341 2909 542 2978 μέτρου
589 2908 649 2960 τὸ
703 2910 887 2980 χρῆμα
929 2907 1195 2976 φαίνεται.
1234 2906 1306 2959 Τὸ
1325 2907 1380 2960 δὲ
1427 2908 1516 2960 καὶ
1563 2907 1788 2975 ἁμῶντα

211 2998 431 3069 σίδηρον
450 3003 562 3062 τοῖς
582 2997 675 3052 τοῦ
709 3000 878 3064 πέλας
917 2998 1641 3070 ὑπενεγκεῖν,λύπερνήχεταί
1672 3015 1788 3062 πως

1818 1779 1857 1832 Β

1879 531 2354 600 mansuetudinem
2378 547 2446 586 ac
2471 533 2790 602 patientiam
2827 544 3087 600 sectatur,
3119 536 3454 610 offensiones

1879 632 1934 677 ct
1960 623 2189 693 injurias
2229 632 2286 678 et
2316 639 2380 678 ea
2429 625 2630 694 quibus
2653 626 2733 680 ira
2758 638 3129 696 promovetur,
3166 630 3453 699 siquidem

1871 729 1943 786 ea
1975 715 2188 769 modice
2225 715 2388 780 fiant,
2433 725 2691 790 congerat
2713 757 2726 780 ,
2758 719 3016 773 tolerabit
3061 721 3359 788 interdum,
3398 736 3453 777 et

1880 802 2096 858 fortiter
2128 804 2288 868 feret,
2321 821 2552 876 eamque
2577 822 2688 862 rem
2712 808 2780 861 ad
2820 811 3256 867 mansuetudinis
3283 827 3349 866 ac
3372 814 3453 868 le-

1881 897 2072 951 nitatis
2099 897 2551 951 exercitationem
2583 908 2871 955 convertet
2902 916 2916 964 ;
2950 911 3024 963 at,
3076 901 3121 954 si
3165 903 3287 972 quis
3332 920 3453 960 mo-

1883 988 2012 1042 dum
2042 989 2363 1052 excesserit,
2409 996 2466 1042 et
2522 988 2666 1042 ultra
2704 989 2984 1058 patientiae
3025 995 3292 1052 terminos
3323 1011 3454 1068 pro-

1875 1092 2101 1150 gressus
2132 1078 2256 1142 erit,
2299 1077 2437 1132 nihil
2473 1078 2694 1142 mirum,
2730 1077 3078 1150 defatigatam
3112 1097 3456 1154 oppressam-

1883 1184 1990 1238 que
2019 1170 2280 1226 virtutem
2318 1171 2720 1239 aliquantulum
2763 1172 3138 1244 languescere.

1955 1259 2152 1333 PALL.
2202 1263 2371 1316 Recte
2415 1261 2498 1316 ais
2529 1279 2540 1314 :
2583 1269 2741 1316 nutat
2779 1262 2927 1318 enim
2961 1265 3364 1332 quodammodo
3401 1270 3456 1324 in

1886 1351 2202 1407 hominibus
2246 1352 2512 1422 probitas,
2543 1353 2634 1408 vix
2671 1354 2858 1421 etiam,
2899 1355 3118 1430 nemine
3155 1359 3458 1429 quatiente,

1885 1442 2155 1496 consistit.

1957 1530 2113 1586 CYR.
2147 1532 2319 1604 Perge
2363 1533 2550 1606 igitur,
2603 1535 2649 1589 si
2691 1535 2887 1606 placet,
2935 1538 3003 1591 ad
3038 1538 3210 1607 ipsam
3240 1555 3460 1610 quoque

1887 1621 2212 1677 charitatem
2247 1639 2262 1675 :
2295 1623 2470 1678 virtus
2508 1626 2655 1679 enim
2706 1637 2791 1682 est
2829 1629 3102 1684 excellens
3125 1670 3141 1694 ,
3195 1638 3252 1684 et
3317 1631 3461 1686 inter

1889 1721 2114 1768 caeteras
2149 1715 2630 1784 praastantissima;
2687 1728 2889 1782 tamen,
2949 1720 2995 1773 si
3056 1736 3121 1776 ea
3171 1721 3462 1777 immodice

1885 1804 2199 1869 abutamur,
2231 1821 2343 1860 non
2379 1807 2612 1862 sustinet
2646 1826 2659 1862 :
2697 1811 2844 1878 quod
2887 1811 3065 1880 ipsum
3105 1829 3299 1868 rursus
3338 1821 3461 1868 tan-

1879 1911 2050 1966 .quam
2087 1897 2360 1965 parabolae
2381 1907 2438 1952 et
2459 1901 2694 1972 exempli
2721 1903 2999 1972 perspicui
3026 1905 3210 1974 specie
3249 1906 3337 1960 lex
3366 1907 3464 1961 ad-

1887 1995 2092 2050 monet,
2118 1987 2310 2043 dicens
2339 2006 2352 2041 :
2381 2008 2398 2040 ‹
2431 1989 2487 2045 Si
2513 1991 2792 2064 ingressus
2821 1993 2993 2049 fueris
3023 2012 3255 2051 messem
3280 1999 3465 2066 proxi-

1887 2077 1962 2130 mi
2016 2077 2116 2154 tui,
2164 2087 2220 2134 et
2268 2080 2556 2151 eollegeris
2597 2085 2854 2140 manibus
2881 2086 2992 2141 tuis
3019 2088 3239 2156 spicas,
3267 2088 3462 2144 falcem

1887 2181 1997 2226 non
2040 2169 2302 2240 ,conjieies
2352 2170 2408 2225 in
2457 2187 2690 2228 messem
2736 2176 2972 2244 proximi
3014 2179 3123 2243 tui;
3181 2187 3258 2242 et,
3293 2180 3339 2235 si
3374 2181 3461 2234 in-

1887 2275 2110 2332 gressus
2133 2260 2305 2315 fueris
2329 2261 2544 2316 vineam
2576 2265 2811 2333 proximi
2847 2266 2949 2330 tui,
2981 2274 3038 2321 et
3062 2268 3244 2329 ederis
3276 2285 3460 2335 uvam,

1887 2361 2150 2423 quantum
2175 2353 2468 2422 impleatur
2489 2355 2670 2408 anima
2685 2363 2797 2422 tua;
2817 2357 2873 2410 in
2890 2371 2985 2412 vas
3015 2373 3145 2414 vero
3165 2375 3274 2414 non
3288 2362 3464 2432 conji-

1887 2447 2001 2500 cies
2019 2448 2059 2498 '.
2086 2465 2104 2496 ι
2129 2445 2264 2499 Nam
2288 2461 2489 2516 paucas
2514 2462 2678 2501 manu
2695 2448 2872 2518 spicas
2888 2449 3166 2521 colligere,
3183 2461 3278 2506 aut
3301 2469 3462 2508 uvam

1888 2538 2186 2609 decerpere
2219 2538 2572 2608 appetitionis
2610 2554 2795 2604 causa,
2829 2550 2926 2596 aut
2958 2542 3276 2612 voluptatis,
3313 2554 3463 2600 certe

1887 2629 2025 2686 nihil
2055 2645 2119 2684 ea
2141 2646 2230 2685 res
2260 2630 2445 2685 damni
2477 2630 2644 2685 habet
2671 2649 2684 2684 z
2729 2631 2871 2687 feret
2895 2633 3042 2688 enim
3075 2634 3212 2699 hac,
3249 2644 3306 2690 et
3337 2637 3462 2707 qui-

1887 2717 2010 2771 dem
2032 2718 2297 2788 jucunde,
2324 2720 2412 2774 lex
2443 2720 2762 2787 charitatis;
2807 2737 2988 2792 neque
3026 2723 3082 2778 id
3127 2725 3350 2781 modum
3378 2729 3462 2781 vi-

1889 2810 2051 2865 detur
2073 2811 2338 2866 excedere
2372 2830 2384 2864 :
2418 2822 2475 2867 at
2519 2829 2649 2867 vero
2678 2814 2844 2869 etiam
2874 2815 3263 2882 demetentem,
3292 2817 3348 2872 in
3374 2835 3464 2873 res

1889 2900 2122 2971 proximi
2177 2901 2374 2956 falcem
2433 2901 2636 2958 inferre
2661 2944 2675 2968 ,
2733 2905 2787 2959 id
2827 2920 2959 2961 vero
2995 2907 3235 2963 transilit
3270 2909 3381 2979 jam
3409 2918 3466 2964 et

1888 2995 2172 3066 egreditur
2205 3006 2411 3050 mutuae
2452 2996 2850 3054 benevolentia;
2893 3001 3050 3066 fines,
3082 3012 3138 3057 et
3175 3003 3243 3058 ad
3277 3004 3467 3058 termi-

207 3090 306 3142 καὶ
339 3089 719 3163 ὑπερθρώσκει
743 3090 929 3144 λοιπὸν
959 3091 1019 3144 τὸ
1044 3090 1385 3160 φιλάλληλον,
1411 3092 1504 3145 καὶ
1527 3093 1606 3154 εἰς
1625 3092 1782 3162 ὅρους

1894 3101 1990 3139 nos
2031 3086 2450 3155 intemperantis
2479 3090 2722 3145 avaritia:
2751 3092 3118 3163 progreditur.
3151 3093 3249 3148 Est
3298 3094 3466 3164 igitur

205 3182 312 3253 ἤδη
359 3184 490 3246 τοὺς
535 3186 632 3254 τῆς
685 3183 994 3250 πλεονεξίας
1037 3186 1264 3254 οἴχεται.
1313 3183 1520 3238 Οὐκοῦν
1577 3185 1786 3237 ὑπόδεια

203 3292 325 3345 γμα
352 3275 512 3328 τοῦτο
544 3277 714 3345 σαφὲς
751 3276 846 3330 τοῦ
895 3277 972 3348 μὴ
1016 3276 1465 3347 κατακεχρῆσθαι
1501 3276 1610 3330 δεῖν
1665 3281 1786 3342 ταῖς

205 3365 316 3418 τῶν
340 3366 588 3436 ἀδελφῶν
610 3368 949 3439 ἁγαπήσεσίν
985 3369 1119 3434 ἐστι,
1152 3369 1318 3439 τιμᾷν
1351 3369 1411 3424 δὲ
1437 3372 1556 3433 ταῖς
1582 3371 1784 3439 αὑταρ-

204 3458 388 3518 κείαις
453 3459 547 3511 καὶ
593 3458 655 3512 τὸ
705 3459 1048 3529 φιλάλληλον.
1087 3459 1201 3513 Οὑκ
1254 3459 1500 3530 ἄκομψον
1546 3461 1605 3513 δέ
1655 3461 1785 3514 καθ-

205 3547 354 3615 άπερ
380 3546 618 3614 ἐγῷμαι,
647 3545 743 3618 τὸν
772 3546 864 3598 ἐπὶ
883 3545 1018 3616 τῷδε
1047 3546 1208 3601 πάλιν
1238 3548 1317 3610 εἰς
1356 3549 1504 3618 ἡμᾶς
1531 3548 1624 3601 καὶ
1670 3548 1785 3600 ἐτέ-

209 3614 332 3703 ροις
355 3636 498 3687 τισὶν
523 3614 831 3705 ἐφαρμόσαι
856 3614 1032 3703 λόγον,
1057 3636 1106 3688 οἳ
1143 3636 1242 3699 τὰς
1284 3637 1342 3689 ὲν
1378 3614 1512 3699 -ταῖς
1555 3636 1777 3705 Ἐκκλη·

209 3727 356 3789 σίαις
372 3727 482 3780 τῶν
501 3726 856 3781 διδασκόντων
888 3728 1090 3798 φωνὰς,
1121 3727 1286 3799 αἵπερ
1308 3728 1372 3782 ἂν
1402 3730 1467 3781 ἐκ
1493 3728 1586 3782 τοῦ
1611 3747 1788 3801 παρα-

207 3817 406 3889 χρῆμα
428 3818 524 3871 κα)⁵
545 3818 837 3889 προχείρου
869 3818 1127 3887 γένοιντο,
1152 3818 1405 3888 καθάπερ
1431 3819 1549 3872 τινὰ
1579 3820 1787 3889 τροφὴν

205 3909 542 3980 δρεπόμενοι
571 3909 787 3979 νοητὴν,
826 3909 886 3962 οὑ
924 3909 1084 3980 μέχρι
1125 3908 1313 3962 τούτου
1345 3908 1525 3978 μένειν
1565 3908 1786 3978 ἀνέχον-

205 4019 323 4066 ται,
355 4003 498 4073 πέρα
530 4001 584 4054 δὲ
606 4001 794 4073 ὥσπερ
829 4003 1000 4066 ἰόντες
1026 4003 1121 4056 τοῦ
1162 4003 1384 4074 μέτρου,
1421 4003 1515 4056 καὶ
1549 3999 1636 4056 οἶά
1681 4019 1787 4073 περ

209 4096 293 4156 εἰς
318 4095 488 4162 ἄγγος
528 4093 888 4165 ἐμϐάλλοντες
910 4132 924 4157 ,
962 4094 1056 4147 καὶ
1107 4093 1311 4157 δέλτοις
1361 4093 1784 4154 ἐναποτίθενται,

210 4183 621 4254 χρηστομαθεῖς
653 4185 754 4252 μὲν
779 4183 930 4247 ὄντες
959 4184 1100 4248 λίαν,
1125 4182 1436 4246 ἀδικοῦντες
1468 4183 1524 4235 δέ
1559 4200 1673 4246 πως
1710 4184 1788 4244 εἰς

209 4274 480 4346 ὑπόληψιν
535 4275 818 4345 ἀδελφοὺς,
881 4277 963 4328 ὅτι
1014 4275 1077 4328 τὸ
1130 4274 1546 4344 ἐσχεδιασμένον
1607 4271 1787 4334 εὐθὺς,

1889 3178 1994 3232 hoc
2019 3178 2244 3232 evidens
2271 3179 2603 3249 exemplum,
2638 3197 2707 3236 ne
2738 3183 3030 3238 abutamur
3062 3184 3292 3240 fratrum
3324 3185 3466 3242 dile-

1887 3269 2068 3324 ctione
2093 3310 2108 3334 ,
2145 3269 2241 3323 sed
2288 3284 2377 3334 eo,
2417 3271 2562 3339 quod
2620 3273 2754 3328 satis
2807 3282 2911 3337 est,
2961 3283 3207 3330 mutuam
3243 3291 3464 3346 quoque

1888 3360 2334 3416 benevolentiam
2375 3361 2620 3416 colamus
2654 3380 2666 3416 :
2700 3380 2803 3420 nec
2833 3381 2965 3420 vero
2998 3366 3204 3435 inepte,
3249 3375 3310 3420 ut
3332 3367 3457 3438 opi-

1885 3471 2010 3517 nor,
2054 3454 2350 3526 Scripturze
2393 3457 2560 3510 verba
2600 3457 2703 3511 hac
2744 3457 2812 3511 de
2857 3472 2918 3512 re
2959 3459 3227 3528 exposita,
3269 3475 3465 3514 rursus

1887 3547 1956 3602 ad
1993 3547 2130 3602 alios
2163 3547 2429 3618 quosdam
2457 3548 2871 3604 accommodare
2903 3565 3213 3620 possumus,
3242 3550 3336 3622 qui
3363 3567 3462 3607 vo-

1888 3651 1980 3692 ecs
2015 3637 2072 3692 in
2120 3637 2382 3692 Ecclesiis
2420 3636 2757 3702 docentium,
2786 3653 2854 3694 ex
2878 3647 3126 3710 tempore
3155 3649 3213 3695 et
3235 3652 3463 3712 repente

1886 3724 2056 3792 fusas,
2107 3744 2231 3784 cum
2279 3739 2537 3799 tanquam
2572 3729 2911 3800 spiritualem
2948 3731 3244 3802 quamdam
3281 3749 3464 3789 escam

1888 3820 2208 3887 demetunt,
2249 3839 2359 3877 non
2420 3823 2706 3892 hucusque
2757 3823 3058 3878 consistere
3113 3825 3326 3890 volunt,
3368 3825 3464 3880 scd

1887 3913 2111 3967 modum
2145 3913 2546 3982 quodammodo
2587 3913 2934 3978 excedentes,
2978 3930 3043 3969 ac
3073 3915 3243 3968 veluti
3273 3915 3328 3968 in
3368 3931 3465 3970 vas

1886 4005 2264 4075 conjicientes,
2297 4006 2465 4059 etiam
2492 4006 2548 4058 in
2572 4005 2789 4058 libellos
2814 4005 3062 4059 referunt
3095 4022 3108 4058 :
3142 4021 3206 4060 ac
3232 4006 3464 4063 studiosi

1887 4097 2112 4167 quidem
2164 4095 2244 4149 illi
2274 4095 2570 4150 admodum
2604 4102 2751 4158 sunt,
2783 4095 2878 4148 sed
2907 4103 3091 4150 tamen
3117 4097 3466 4167 aliquatenus

1887 4187 2118 4242 fratrum
2151 4187 2467 4257 opinionem
2545 4185 2733 4240 :edunt
2764 4201 2887 4240 cum
2915 4185 2992 4252 id,
3021 4187 3169 4256 quod
3198 4189 3380 4244 subito
3401 4206 3468 4246 ac

1889 4280 2251 4334 tumultuarie
2281 4279 2486 4334 factum
2524 4284 2630 4342 est,
2666 4285 2923 4346 tanquam
2958 4286 3215 4334 accurate
3237 4295 3465 4350 compo-

209 4366 405 4438 ὥσπερ
427 4384 479 4420 τι
512 4366 619 4430 τῶν
649 4369 788 4436 ἄγαν
823 4367 1366 4436 κατεσκευασμένων,
1387 4363 1786 4418 ἐναποτίθενται

1894 4373 2055 4426 situm
2119 4371 2320 4426 litteris
2385 4369 2671 4424 mandant.
2733 4369 2900 4440 268
2947 4369 3124 4439 Atque
3170 4370 3259 4424 lex
3314 4371 3463 4441 ipsa,

218 4461 432 4529 γραφῇ,
449 4458 590 4511 Ἀλλ’
610 4460 637 4511 ὅ
657 4475 720 4526 γε
744 4460 929 4529 νόμος,
945 4453 991 4512 ὧ
1011 4458 1294 4528 βέλτιστοι,
1314 4457 1476 4527 φαίην
1497 4456 1562 4510 ἂν
1581 4456 1783 4518 αὑτοῖς,

1897 4463 2089 4533 optimi
2138 4463 2243 4516 viri
2285 4462 2564 4533 (equidem
2607 4461 2888 4532 dixerim),
2931 4460 3138 4516 diserte
3178 4462 3467 4532 prohibuit

217 4549 281 4601 τὸ
319 4550 486 4621 μηδὲν
527 4552 606 4613 εἰς
647 4550 818 4620 ἄγγος
875 4550 1165 4623 ἐμϐάλλειν
1212 4549 1576 4619 προστέταχεν
1631 4548 1786 4618 ἐναρ-

1897 4571 1966 4609 ne
1993 4555 2126 4625 quid
2165 4555 2219 4608 in
2252 4571 2348 4609 vas
2377 4554 2764 4626 conjiceretur.

249 4662 346 4695 ως.

249 4662 298 4695 ω
331 4681 346 4695 .

212 4660 248 4710 τ
286 4661 495 4796 ἧλΛΛ,
532 4731 808 4803 Σφαλερδν
828 4727 921 4786 οὖν
953 4730 1062 4803 ἄρα
1101 4729 1162 4782 τὸ
1187 4725 1574 4800 ἀναμοχλεὺειν
1609 4726 1798 4797 ὥσπερ

1967 4731 2164 4786 PALL.
2197 4731 2577 4785 Periculosum
2624 4739 2712 4785 est
2758 4729 2928 4800 igitur
2963 4731 3271 4786 convellere
3300 4729 3470 4786 animi

211 4824 395 4894 ψυχῆς
428 4823 652 4894 ἀρετὴν,
687 4824 896 4877 καὶτὸν
951 4819 1011 4876 εὖ
1046 4821 1317 4893 βεϐηκότα
1361 4819 1483 4873 νοῦν
1520 4820 1786 4889 μονονουχῖ

1895 4822 2180 4883 virtutem,
2211 4829 2269 4874 et
2320 4826 2558 4874 mentem
2597 4819 2738 4873 bene
2792 4819 3000 4874 firmam
3029 4821 3232 4875 audere
3270 4835 3472 4891 prope-

212 4915 530 4968 κατασείειν
597 4915 914 4986 ἀποτολμᾷν
965 4913 1045 4985 τῷ
1088 4916 1185 4984 τῆς
1231 4911 1622 4982 καταχρήσεως
1679 4926 1791 4962 πε-

1899 4910 2144 4976 modum,
2173 4908 2404 4963 nimium
2428 4907 2727 4971 abutendo,
2759 4916 3055 4962 concutere

209 5018 406 5076 ριττῳ.

285 5099 374 5150 K1
390 5099 455 5151 P.
503 5098 768 5169 Ἀτρεκὴς
817 5100 846 5152 ὁ
874 5097 1050 5166 λόγος.
1094 5096 1303 5168 Χρῆναι
1345 5093 1454 5165 γὰρ
1499 5093 1608 5146 δεῖν
1662 5091 1798 5145 δεδι-

203 5189 459 5243 καίωκεν
509 5191 754 5261 ἐναργῶς
803 5193 830 5244 ὁ
893 5190 1000 5243 τῶν
1029 5189 1166 5243 ὅλων
1211 5189 1362 5254 Θεὸς,
1422 5187 1521 5240 οὑκ
1579 5185 1797 5238 ἐπιδου-

204 5281 401 5334 λεύειν
433 5284 579 5352 ἡμᾶς
609 5284 800 5353 ἀρετῇ,
840 5282 1088 5353 μετέχειν
1143 5282 1202 5335 δὲ
1263 5280 1484 5351 μᾶλλον,
1523 5279 1572 5331 εἰ
1623 5278 1796 5346 τύχοι,

199 5373 328 5428 τῶν
358 5374 420 5437 ἐξ
447 5376 647 5445 ἀρετῆς
667 5374 908 5443 ἀγαθῶν.
937 5375 1046 5428 Καὶ
1065 5372 1305 5444 ἀμυδρὸν
1324 5373 1414 5424 ἐπὶ
1434 5369 1608 5440 τούτῳ
1634 5371 1802 5422 ποιεῖ-

200 5484 308 5520 ται
337 5465 398 5520 τὸ
428 5467 681 5538 αἴνιγμα,
715 5468 810 5521 καί⁵
836 5468 892 5520 ἐν
925 5470 1139 5539 μικροῖς
1185 5464 1381 5536 κομιδῆ
1434 5464 1502 5518 τὰ
1540 5461 1798 5532 ἀσυγκρίο

201 5576 334 5624 τως
376 5559 754 5631 ὑπερκείμενα
788 5559 1088 5632 ζωγραφεῖ.
1130 5559 1446 5630 Γέγραπται
1479 5554 1588 5628 γὰρ
1637 5557 1693 5608 ἐν
1726 5551 1801 5622 τῷ

1971 5088 2128 5145 CYR.
2155 5089 2295 5143 Vera
2329 5086 2486 5141 dicis.
2527 5085 2794 5157 Oportere
2822 5087 2970 5142 enim
3000 5086 3216 5142 censuit
3252 5085 3482 5142 univer—

1903 5196 2089 5238 sorum
2128 5181 2293 5243 Deus,
2316 5194 2426 5233 non
2460 5177 2689 5234 insidias
2736 5178 2931 5234 virtuti
2969 5185 3206 5244 struere,
3256 5177 3353 5232 sed
3383 5192 3480 5246 po-

1907 5274 2016 5327 tius
2040 5271 2300 5335 fructum,
2331 5270 2376 5325 si
2414 5270 2598 5336 liceat,
2634 5286 2828 5326 eorum
2858 5270 3130 5325 bonorum
3172 5269 3476 5338 percipere,

1901 5380 2023 5436 qua:
2052 5364 2119 5418 de
2154 5363 2359 5418 virtute
2398 5362 2824 5433 proficiscuntur
2847 5379 2862 5428 ;
2889 5361 3052 5430 idque
3081 5360 3318 5414 obscuro
3343 5357 3484 5410 aeni-

1902 5468 2081 5529 gmate
2119 5455 2406 5526 signiﬁcat,
2443 5464 2500 5510 et
2545 5455 2600 5509 in
2647 5454 2812 5509 rebus
2842 5450 3136 5506 admodum
3166 5448 3376 5518 exiguis
3415 5464 3486 5504 ea

1904 5565 2026 5622 qua:
2072 5554 2202 5604 sunt
2247 5547 2437 5602 multis
2484 5544 2733 5615 partibus
2773 5541 3172 5614 prmstantiora,
3214 5537 3479 5612 depingit.

305 5727 329 5756 ²
351 5743 509 5799 Deut.
543 5760 695 5806 χχιιι,
727 5743 817 5808 24,
849 5743 943 5799 25.
