3990 6196
532 349 636 405 559

1547 341 1601 397 S.
1644 340 1916 397 CYRILLI
1956 340 2422 396 ALEXANDRINI
2459 341 2772 398 ARCHIEP.

3671 342 3786 400 561)

528 461 804 531 Scriptum
861 465 946 514 est
994 458 1141 512 enim
1182 457 1236 510 in
1273 457 1738 513 Deuteronomio:
1774 477 1792 508 (
1830 458 1887 512 Si
1915 465 2086 511 autem

2201 458 2622 528 Δευτερονομίῳο
2663 476 2680 508 ι
2706 455 2831 509 Ἐἀν
2873 455 2928 508 δὲ
2973 454 3307 525 συναντήσῃς
3341 453 3531 526 νοσσιᾷ
3577 455 3783 526 ὀρνέων

527 553 833 610 occurreris
870 552 1002 607 nido
1031 552 1214 605 avium
1270 559 1396 606 ante
1441 559 1794 620 conspectum
1843 559 1995 602 tuum
2043 549 2086 602 in

2203 551 2310 620 πρὸ
2339 551 2631 621 προσώπου
2668 567 2759 602 σου
2789 551 2846 602 ἐν
2866 552 2930 620 τῇ
2970 548 3092 618 ὁδῷ,
3149 548 3182 618 ἦ
3215 547 3307 600 ἐπὶ
3365 549 3528 603 παντὶ
3556 549 3780 620 δένδρῳ,

527 645 636 708 via,
672 643 759 710 vel
800 643 854 696 in
894 642 1044 697 omni
1098 641 1320 705 arbore,
1343 641 1430 694 vel
1473 655 1638 716 super
1667 647 1892 703 terram,
1933 636 2098 707 pullis

524 740 611 793 vel
639 738 777 803 ovis,
811 745 1061 792 etmater
1092 735 1238 792 fovet
1259 750 1424 805 super
1439 734 1625 804 pullis,
1651 733 1738 788 vel
1776 747 1942 803 super
1957 731 2094 795 ovis,

525 819 635 884 nOn
693 828 928 899 accipies
965 834 1196 882 matrem
1255 841 1379 881 cum
1415 824 1583 890 ﬁliis;
1639 821 1966 878 dimittendo
2008 821 2096 876 di-

523 919 710 974 mittes
747 928 999 982 matrem,
1040 919 1182 973 filios
1209 930 1390 973 autem
1433 915 1670 986 accipies
1707 914 1823 978 tibi,
1865 921 1927 968 ut
1954 912 2094 968 bene

520 1011 594 1067 sit
619 1012 740 1077 tibi,
770 1019 826 1065 et
857 1011 1134 1080 longaevus
1159 1009 1235 1064 sis
1257 1010 1296 1063 ⁸.
1329 1029 1346 1060 ι

592 1104 786 1159 PALL.
811 1103 951 1170 Quid
979 1102 1197 1156 tandem
1228 1101 1374 1156 istud
1412 1101 1538 1155 est?
1569 1113 1746 1170 neque
1778 1097 1928 1154 enim
1956 1096 2092 1151 mihi

519 1196 873 1268 perspicuum
902 1200 985 1247 est
1006 1195 1111 1248 hoc
1137 1193 1386 1263 aenigma.

593 1287 750 1343 CYR.
778 1286 960 1352 Quid?
1003 1300 1186 1340 nonne
1220 1286 1324 1340 hoc
1352 1293 1539 1354 aperte
1571 1282 1871 1352 intelligis?
1894 1296 2092 1352 nempe

518 1379 563 1433 si
597 1379 720 1448 quis
769 1377 978 1446 ceperit
1024 1376 1209 1446 pullis,
1245 1384 1340 1430 aut
1375 1374 1494 1429 ovis
1517 1373 1877 1427 incubantem
1911 1387 2087 1437 avem,

517 1470 677 1525 liceat
745 1468 821 1522 illi
876 1465 1226 1522 commodum
1281 1475 1339 1519 et
1395 1465 1830 1520 emolumentum
1889 1479 1960 1518 ex
2003 1463 2091 1518 bis

516 1556 821 1626 percipere,
857 1570 979 1624 quae
1041 1569 1110 1608 ex
1169 1554 1260 1608 illa
1294 1561 1415 1608 orta
1458 1560 1617 1619 sunt;
1673 1552 1823 1606 illam
1882 1559 2086 1620 tamen,

517 1649 667 1703 nullo
699 1648 899 1702 damno
956 1646 1228 1710 affectam,
1265 1645 1524 1700 dimittat.

583 1741 779 1795 PALL.
817 1741 893 1794 Ita
936 1747 1060 1794 est:
1090 1753 1213 1792 nam
1258 1737 1363 1792 hoc
1399 1744 1481 1791 est
1515 1735 1813 1805 Scripturae
1843 1737 2090 1806 proposi-

519 1845 652 1888 tum.

580 1925 736 1979 CYR.
804 1922 997 1992 Aspice
1055 1921 1222 1991 igitur
1276 1919 1370 1983 id,
1432 1918 1577 1989 quod
1611 1917 1858 1972 abditum
1895 1926 1998 1983 est,
2032 1927 2089 1973 et

516 2014 667 2083 quasi
691 2013 908 2068 evoluto
945 2012 1154 2066 umbrae
1182 2009 1470 2073 velamine,
1503 2008 1794 2064 considera
1823 2008 2087 2078 spiritua-

514 2106 641 2160 liter
670 2103 978 2159 veritatem.
1014 2103 1148 2157 Nam
1175 2115 1516 2171 unaquaeque
1549 2099 1727 2154 virtus
1769 2100 1942 2155 veluti
1970 2115 2086 2154 ma-

517 2209 598 2252 ter
632 2204 793 2251 estet
829 2196 982 2265 origo
1010 2209 1201 2248 eorum
1240 2192 1534 2256 bonorum,
1565 2206 1684 2261 quae
1711 2207 1778 2246 ex
1813 2192 1928 2261 ipsa
1961 2207 2089 2262 pro-

514 2280 861 2351 ficiscuntur,
910 2285 1064 2338 verbi
1112 2283 1308 2355 gratia,
1351 2281 1696 2352 benignitas,
1753 2282 1995 2338 charitas
2027 2283 2086 2337 in

513 2393 804 2449 pauperes,
834 2375 1219 2439 mansuetudo,
1264 2375 1547 2445 patientia.
1580 2375 1676 2429 Est
1708 2375 1852 2429 enim
1888 2391 1997 2430 non
2030 2377 2087 2431 in

513 2484 571 2524 se
605 2467 897 2538 quisquam
929 2465 1099 2536 magis
1132 2463 1422 2534 benignus,
1459 2479 1622 2533 quam
1653 2463 1710 2516 in
1744 2472 1990 2530 caateros,
2031 2473 2088 2519 et

510 2576 577 2615 ex
600 2559 866 2614 charitate
905 2572 1033 2627 erga
1071 2571 1342 2626 pauperes
1385 2554 1422 2608 ii
1474 2553 1715 2608 fructum
1752 2555 2083 2626 percipiunt,

510 2653 606 2722 qui
637 2651 900 2721 indigent,
939 2659 996 2705 et
1037 2649 1230 2704 eodem
1268 2647 1431 2704 modo
1459 2663 1526 2703 ex
1554 2648 1978 2706 mansuetudine
2021 2665 2087 2707 ac

512 2743 790 2812 patientia.
832 2742 1180 2811 Unaquazque
1218 2741 1383 2812 igitur
1419 2741 1596 2795 virtus
1655 2751 1830 2796 mater
1857 2742 2085 2813 intelligi

512 2842 710 2904 potest,
735 2843 790 2889 et
818 2834 974 2904 quasi
1015 2832 1235 2887 initium
1263 2848 1456 2888 eorum
1483 2832 1776 2898 bonorum,
1809 2849 1930 2903 quae
1969 2841 2084 2888 tum

511 2927 613 2996 ipsi
665 2927 872 2992 insunt,
915 2933 1031 2979 tum
1065 2940 1133 2980 ex
1159 2939 1222 2978 ea
1253 2923 1680 2993 proficiscuntur
1708 2941 1724 2977 :
1755 2924 1870 2978 nidi
1897 2935 2082 2980 autem

510 3017 916 3088 quodammodo
943 3016 1208 3071 virtutum
1236 3016 1430 3071 animae
1457 3023 1605 3080 sunt,
1635 3031 1757 3085 qua:
1787 3016 1906 3071 illas
1935 3031 2086 3072 com-

511 3110 842 3178 plectuntur,
883 3116 940 3163 et
967 3109 1105 3163 intra
1138 3109 1344 3178 seipsas
1371 3107 1657 3163 continent
1702 3125 1716 3161 :
1747 3123 1886 3178 opus
1919 3108 2084 3180 igitur
2111 3131 2153 3189 ο

509 3217 628 3257 csse
675 3203 763 3256 lex
807 3203 882 3257 ait
907 3218 1026 3267 eos,
1065 3201 1160 3272 qui
1202 3201 1256 3256 in
1291 3201 1545 3256 homines
1577 3200 1852 3268 incidunt,
1877 3202 1936 3256 in
1957 3203 2085 3272 qui-

510 3295 613 3349 bus
663 3294 771 3348 sint
815 3295 1048 3349 virtutes
1099 3302 1359 3363 tanquam
1421 3293 1477 3347 in
1522 3293 1656 3349 nido
1693 3294 1992 3359 collocatae,
2019 3309 2087 3349 ex

508 3401 700 3441 eorum
739 3386 1011 3444 fructibus
1044 3385 1476 3440 emolumentum
1523 3385 1834 3454 percipere,
1867 3402 1977 3440 non
2000 3394 2085 3440 ta-

509 3495 630 3533 men
681 3479 972 3542 virtutem,
1016 3487 1164 3532 recte
1209 3477 1480 3531 factorum
1530 3483 1783 3540 matrem,
1834 3476 2081 3532 laedere:

509 3568 742 3622 violatur
783 3576 966 3621 autem
1001 3567 1069 3620 ab
1099 3567 1285 3635 aliquo
1317 3567 1495 3620 virtus
1528 3581 1793 3622 concussa
1828 3567 1894 3623 iis
1921 3569 2088 3624 ratio-

508 3657 688 3721 nibus,
714 3673 850 3727 quas
883 3658 1049 3712 modo
1083 3657 1341 3712 diximus.

573 3747 739 3817 269
763 3745 958 3801 PALL.
995 3745 1356 3800 Reconditum
1389 3755 1474 3802 est
1513 3763 1643 3802 sane
1685 3749 1791 3804 hoc
1831 3750 2081 3821 asnigma.

573 3837 729 3894 CYR.
753 3839 829 3893 Ita
857 3846 960 3902 est,
988 3846 1134 3892 recte
1159 3837 1317 3894 dicis.
1346 3839 1474 3905 Sed,
1500 3848 1558 3893 ut
1585 3840 1790 3910 aliquid
1837 3841 2086 3898 dicamus

508 3928 649 3983 beati
682 3927 834 3982 Pauli
859 3927 1088 3982 vocibus
1116 3928 1394 3997 persimile
1422 3947 1434 3982 :
1473 3948 1490 3979 ι
1522 3928 1778 3999 Nunquid
1806 3930 1873 3985 de
1900 3932 2086 3986 avicu-

507 4019 573 4073 lis
597 4034 728 4074 cura
761 4028 845 4074 est
881 4018 1028 4073 Deo?
1063 4035 1132 4073 an
1173 4027 1398 4089 propter
1436 4036 1537 4075 nos
1581 4021 1772 4091 utique
1811 4021 1945 4077 dicit
1983 4023 2076 4076 δῖ»

509 4112 742 4165 Mandati
779 4127 1012 4182 namque
1038 4129 1134 4182 per
1165 4112 1384 4183 Moysen
1408 4112 1522 4168 dati
1547 4114 1734 4179 verba,
1759 4113 1963 4172 formas
1986 4129 2086 4169 no-

506 4201 593 4254 bis
619 4216 823 4266 rerum,
849 4217 959 4255 non
1001 4201 1146 4271 ipsas
1177 4210 1365 4271 aperte
1403 4217 1494 4257 res
1532 4211 1831 4273 exponunt.
1862 4205 2083 4275 Perspi-

506 4307 628 4347 cere
669 4299 853 4346 autem
894 4292 1053 4348 facile
1081 4301 1258 4364 potes,
1305 4294 1766 4362 quemadmodum
1806 4295 1974 4350 etiam
2015 4297 2084 4352 ad

505 4398 730 4438 summae
753 4383 901 4438 illius
926 4383 1323 4439 benevolentia
1357 4399 1539 4440 mores
1570 4400 1671 4439 nos
1697 4387 1959 4455 paulatim
1984 4388 2082 4442 de-

2195 641 2233 712 ἢ
2270 642 2363 694 ἐπὶ
2389 643 2487 713 τῆς
2515 643 2638 712 γῆς,
2661 643 2923 704 νεοσσοῖς,
2956 641 2988 710 ἢ
3021 640 3167 703 ὼοῖς,
3191 640 3285 693 καὶ
3316 642 3350 710 ἡ
3376 641 3560 711 μήτηρ
3596 639 3780 712 θάλπῃ

2201 733 2294 786 ἐπὶ
2322 733 2430 785 τῶν
2461 733 2720 799 νεοσσῶν,
2756 733 2788 802 ἢ
2824 732 2916 785 ἐπὶ
2952 733 3062 786 τῶν
3092 731 3236 796 ὠῶν,
3270 734 3330 785 ού
3364 732 3509 805 λήψῃ
3537 732 3636 803 τὴν
3682 749 3781 803 μη-

2200 822 2332 892 τέρα
2366 823 2502 892 μετά
2555 822 2662 875 τῶν
2702 822 2926 875 τέκνων.
2974 821 3267 892 Ἀποστολῇ
3306 821 3624 886 ἀποστελεῖς
3678 823 3781 893 τὴν

2202 912 2435 984 μητέρα,
2463 913 2531 966 τὰ
2553 914 2610 967 δὲ
2634 913 2822 967 παιδία
2856 913 3000 985 λήψῃ
3035 913 3268 984 σεαυτῷ,
3302 915 3390 968 ἵνα
3418 910 3478 968 εὖ
3503 931 3589 968 σοι
3621 915 3780 986 γένη-

2195 1023 2308 1070 ται,
2337 1009 2432 1060 καὶ
2454 1007 2800 1078 πολυήμερος
2819 1005 2938 1078 ἔσῃ.
2975 1024 2996 1057 ο

2271 1099 2477 1153 ΠΑΛΛ.
2509 1099 2619 1152 Καὶ
2643 1097 2695 1151 τί
2730 1096 2795 1168 δὴ
2822 1097 2980 1150 τοῦτὸ
3009 1098 3191 1162 ἐστιν;
3231 1097 3292 1150 ού
3327 1097 3437 1168 γάρ
3473 1116 3563 1169 μοι
3603 1098 3779 1167 σαφὲς

2193 1190 2254 1243 τὸ
2275 1190 2415 1257 αῐνιγ
2425 1206 2520 1260 μα.

2264 1280 2430 1336 ΚΥΡ.
2459 1281 2528 1334 Ἦ
2561 1281 2660 1333 οὐκ
2697 1280 2946 1353 ἐναργῶς
2969 1281 3215 1345 ἐπαῖεις;
3246 1280 3322 1342 ὡς
3355 1280 3513 1352 εἴπερ
3540 1299 3626 1344 τις
3655 1278 3776 1334 ἱλοι

2193 1371 2579 1426 νεοττεύουσαν
2626 1372 2704 1425 ἔτι
2757 1372 2856 1443 τὴν
2918 1372 3086 1443 ὄρνιν,
3145 1371 3315 1442 ἤγουν
3379 1373 3770 1437 ἐπωάζουσαν,

2193 1463 2452 1516 ποιείσθω
2504 1462 2602 1532 μὲν
2645 1461 2828 1533 ὄνησίν
2867 1479 2926 1515 τε
2963 1461 3058 1514 καὶ
3099 1460 3316 1533 εὕρημα
3348 1463 3418 1516 τά
3462 1464 3521 1530 ἐξ
3560 1463 3772 1534 αύτῆςο

2191 1554 2565 1624 ἀποπεμπέτω
2589 1570 2651 1622 γε
2681 1554 2807 1625 μὴν,
2835 1553 2988 1607 οὐδὲν
3012 1552 3233 1625 ἐποίησε
3269 1553 3483 1625 βλάϐος.

2261 1735 2469 1790 ΠΑΛΛ.
2497 1733 2602 1789 Ναί
2624 1749 2637 1762 °
2679 1736 2707 1788 ὁ
2731 1734 2839 1805 γάρ
2888 1751 2970 1788 τοι
3007 1734 3102 1788 τοῦ
3137 1735 3470 1806 Γράμματος
3523 1729 3678 1800 οὗτος
3707 1736 3778 1789 ἂν

2193 1829 2277 1896 εἴη
2313 1827 2534 1890 σκοπός.

2261 1919 2424 1974 ΚΥΡ.
2444 1917 2655 1972 Ούκοῧν
2672 1918 2826 1990 ἄθρει
2846 1918 2908 1972 τὸ
2929 1919 3334 1991 κεκρυμμένον,
3358 1919 3452 1972 καὶ
3467 1919 3632 1972 οίονεὶ
3651 1920 3778 1973 δια-

2191 2008 2398 2074 πτύξας
2423 2009 2519 2082 τὴν
2550 2010 2730 2076 σκιὰν,
2750 2011 3129 2065 κατασκέπτου
3162 2010 3362 2082 νοητῶς
3379 2009 3478 2080 τὴν
3493 2011 3775 2081 ἀλήθειαν.

2201 2101 2434 2172 Ἐκάστη
2463 2101 2560 2172 μέν
2576 2101 2884 2175 γάράρετὴ,
2919 2104 3100 2174 μήτηρ
3115 2097 3296 2164 οἷάτίς
3322 2103 3435 2155 ἐστι
3461 2102 3570 2155 τῶν
3595 2103 3654 2167 ἐξ
3675 2104 3779 2156 αύ-

2187 2195 2285 2263 τῆς
2301 2191 2522 2260 ἀγαθῶν
2543 2194 2636 2244 καὶ
2661 2192 2894 2259 γένεσις,
2918 2186 3030 2245 οἷον
3046 2192 3199 2255 εἴτις
3225 2191 3372 2260 λέγοι
3404 2191 3500 2263 τὴν
3534 2195 3777 2264 χρηστό-

2185 2300 2344 2354 τητα,
2375 2282 2472 2354 τὴν
2515 2283 2932 2353 φιλοπτωχείαν,
2962 2285 3060 2355 τὴν
3098 2283 3403 2354 πραότητα,
3434 2287 3532 2356 τὴν
3572 2302 3779 2358 μακρο-

2188 2376 2405 2446 θυμίαν.
2441 2374 2814 2445 Χρηστεύεται
2860 2377 2968 2448 γάρ
3004 2393 3090 2438 τις
3127 2376 3225 2447 οὐχ
3256 2377 3435 2447 ἐαυτῷ
3489 2378 3694 2447 μᾶλλον
3737 2377 3774 2448 ἢ

2187 2471 2393 2540 ἑτέροις
2413 2486 2425 2499 ·
2459 2471 2781 2541 μετάσχοιεν
2823 2469 2866 2521 δ’
2895 2463 2959 2522 αὖ
2993 2469 3091 2538 τῆς
3123 2468 3538 2538 φιλοπτωχείας,
3565 2471 3613 2521 οἱ
3641 2469 3779 2522 ταύ-

2185 2580 2284 2633 της
2323 2562 2654 2633 δεδεημένοι,
2685 2562 2780 2615 καὶ
2819 2561 3127 2632 πραότητος
3168 2562 3368 2632 ὁμοίως
3408 2563 3502 2614 καὶ
3553 2578 3774 2632 μακρο-

2187 2654 2405 2724 θυμίας.
2436 2653 2645 2708 Οὐκοῦν
2669 2653 2838 2724 ἀρετὴ
2865 2653 2961 2724 μὲν
2995 2653 3200 2722 ἑκάστη
3244 2655 3426 2723 μήτηρ
3475 2653 3540 2706 ἂν
3566 2657 3774 2718 νοοῖτο,

2187 2747 2280 2800 καὶ
2311 2745 2474 2800 οἱονεί
2513 2762 2598 2808 τις
2638 2744 2779 2817 ἀρχὴ
2806 2729 2913 2797 τῶν
2954 2745 3010 2796 ἐν
3052 2743 3188 2815 αὐτῇ
3223 2760 3282 2796 τε
3329 2744 3424 2796 καὶ
3481 2744 3539 2808 ἐξ
3596 2745 3778 2815 αὐτῆς

2185 2836 2426 2906 ἀγαθῶν.
2461 2835 2690 2890 Νοσσιαὶ
2709 2836 2766 2890 δὲ
2814 2835 3004 2907 ὥσπερ
3032 2835 3263 2907 ἀρετῶν,
3297 2836 3352 2890 αἱ
3396 2836 3601 2899 ταύτας
3639 2837 3779 2890 ὣς-

2186 2946 2392 2994 νουσαι,
2434 2929 2526 2982 καὶ
2560 2931 2616 2982 ἐν
2647 2928 2831 2996 σφίσιν
2878 2926 3069 2991 αὑταῖς
3123 2925 3342 2980 ἐλοῦσαι
3380 2926 3568 2998 ψυχαί.
3617 2927 3776 3000 Χ·ρῆ-

2186 3037 2272 3073 ναι
2299 3017 2362 3090 δὴ
2399 3016 2490 3072 οὖν
2538 3019 2646 3089 ἄρα
2683 3017 2847 3089 φησὶν
2880 3018 2908 3070 ὁ
2959 3016 3143 3086 νόμος,
3179 3019 3307 3081 τοὺς
3347 3019 3567 3090 ἀνδράσι
3609 3036 3775 3091 περι-

2185 3109 2570 3180 τυγχάνοντας,
2632 3109 2690 3161 ἐν
2741 3104 2822 3171 οἷς
2863 3109 2928 3162 ἂν
2979 3102 3088 3162 εἷεν
3135 3110 3327 3181 ἀρεταὶ
3380 3111 3628 3182 καθάπρ
3686 3113 3775 3176 είς

2185 3201 2402 3254 νοσσιὰν
2446 3200 2969 3271 συγκεκομισμέναι,
3020 3201 3289 3253 ποιεῖσθαι
3343 3202 3440 3272 μὲν
3484 3202 3648 3274 κέρδη
3697 3203 3776 3258 τὰ

2184 3289 2243 3354 ἐξ
2270 3289 2469 3354 αὐτῶν,
2512 3290 2585 3360 μὴ
2622 3288 2728 3360 μὴν
2767 3289 2848 3340 ἔτι
2899 3288 3284 3342 κατασίνεσθαι
3336 3288 3512 3356 φιλεῖν
3541 3290 3772 3361 ἀρετὴν,

2184 3382 2280 3454 τὴν
2299 3382 2406 3434 τῶν
2436 3382 2674 3452 ἀρίστων
2692 3380 3128 3450 κατορθωμάτων
3155 3380 3385 3452 μητέρα·
3416 3381 3685 3434 ἀδικεῖται
3712 3383 3774 3436 δὲ

2184 3473 2376 3544 ἀρετὴ,
2407 3473 2801 3544 κατασειομένη
2842 3471 2981 3542 πρός
3017 3488 3179 3537 τινος,
3222 3473 3364 3527 κατά
3403 3489 3466 3540 γε
3509 3473 3634 3538 τοὺς
3662 3473 3770 3546 ήδη

2187 3563 2620 3636 προειρημένους
2653 3565 2906 3634 τρόπους.

2253 3747 2458 3801 ΠΛΛΛ.
2499 3746 2589 3810 Ὣς
2613 3745 2748 3816 βαθὺ
2776 3747 2836 3800 τὸ
2868 3747 3099 3818 αἴνιγμα
3123 3748 3136 3801 l

2253 3839 2418 3891 ΚΥΡ.
2443 3837 2577 3890 Ναί·
2603 3836 2784 3905 λέγεις
2817 3836 3011 3908 ὀρθῶς.
3043 3837 3209 3901 Ἀλλ’,
3241 3838 3327 3892 ἵνα
3348 3855 3401 3890 τι
3431 3837 3620 3908 φῶμεν
3642 3840 3771 3903 ταῖς

2183 3929 2276 3983 τοῦ
2318 3929 2588 4002 μακαρίου
2618 3928 2830 3984 Παύλου
2871 3929 3169 3999 συμϐαῖνον
3208 3932 3446 3999 φωναῖς,
3481 3950 3498 3982 ι
3532 3930 3622 4000 Μὴ
3652 3932 3770 3985 τῶν

2189 4022 2485 4095 στρουθίων
2516 4022 2666 4092 μέλει
2685 4021 2762 4092 τῷ
2787 4021 2937 4091 Θεῷ;
2961 4021 2993 4092 ἢ
3019 4022 3085 4074 δι’
3108 4025 3255 4094 ἡμᾶς
3280 4023 3496 4086 πάντως
3523 4023 3706 4090 λέγεις
3741 4042 3764 4075 ι

2182 4114 2388 4175 τύπους
2419 4110 2529 4182 γὰρ
2557 4113 2690 4181 ἡμῖν
2745 4110 3111 4181 πραγμάτων,
3156 4112 3255 4165 οὐκ
3293 4111 3433 4165 αὐτά
3463 4112 3645 4181 σαφῶς
3677 4110 3769 4178 ἐξ-

2183 4187 2398 4275 ηγεῖται
2417 4203 2487 4256 τὰ
2505 4203 2823 4274 πράγματα,
2837 4203 2934 4274 τῆς
2955 4202 3040 4256 διά
3052 4203 3292 4267 Μωσέως
3309 4204 3562 4276 ἐντολῆςὸ
3583 4205 3769 4274 λόγος’

2187 4297 2316 4360 ἴδοις
2350 4295 2394 4349 δ’
2425 4294 2512 4360 ἂν,
2542 4295 2690 4358 ὅπως
2712 4294 2859 4366 ἡμᾶς
2886 4294 2979 4346 καὶ
3004 4296 3082 4357 είς
3108 4295 3344 4366 τρόπους
3369 4295 3466 4366 ἤδη
3493 4297 3591 4366 τῆς
3621 4297 3773 4350 ἀνω-

2184 4389 2330 4443 τάτω
2356 4386 2707 4457 φιλαλληλίας
2739 4385 3060 4458 ἀνακομίζει
3090 4386 3233 4440 κατά
3263 4386 3458 4459 βραχύ.
3497 4388 3773 4459 Πειρᾶται

504 4473 707 4528 ducat:
750 4483 981 4529 conatur
1021 4475 1167 4527 enim
1195 4474 1549 4543 persuadere,
1582 4483 1642 4528 ut
1684 4475 1830 4544 ipsos
1864 4493 2083 4547 quoque

2196 4479 2295 4551 γὰρ
2341 4478 2678 4544 ἀναπείθειν,
2728 4479 2822 4532 καὶ
2865 4479 3065 4542 αὐτοὺς
3106 4479 3326 4550 ἀγαπᾷν
3355 4481 3482 4543 τοὺς
3520 4496 3771 4551 προσκε-

504 4565 812 4636 diligamus,
853 4564 946 4633 qui
990 4579 1089 4618 nos
1118 4563 1468 4618 offenderunt
1512 4573 1608 4618 :et
1651 4565 1811 4630 iram,
1841 4582 1947 4636 qua
1990 4568 2086 4622 ad-

504 4670 696 4710 versus
736 4654 988 4708 inimicos
1031 4654 1344 4718 incitamur,
1390 4670 1744 4724 superemus,
1775 4671 1844 4711 ne
1885 4673 1914 4711 a
1941 4659 2084 4714 malo

504 4746 809 4809 vincamur,
833 4745 927 4800 sed
949 4746 1131 4815 potius
1151 4745 1433 4802 vincamus
1457 4748 1512 4801 in
1533 4748 1678 4803 bono
1701 4749 1921 4804 malum.
1941 4750 2087 4804 Dixit

510 4840 656 4892 enim
681 4853 871 4892 rursus
901 4839 955 4891 in
980 4838 1413 4908 Exodo'quidem
1440 4859 1452 4893 :
1487 4859 1504 4892 ‹
1536 4841 1591 4899 Si
1617 4857 1748 4896 vero
1773 4843 2086 4899 oceurreris

509 4924 637 4979 bovi
681 4925 886 4980 inimici
917 4925 1017 4990 tui,
1058 4928 1143 4981 vel
1183 4928 1454 5000 subjugali
1495 4930 1633 5001 ejus,
1669 4933 1983 4989 errantibus
2026 4936 2081 4988 in

504 5013 610 5076 via,
638 5013 906 5068 reducens
933 5013 1130 5070 reddes
1156 5015 1259 5086 ipsi
1289 5035 1303 5083 ;
1338 5018 1382 5072 si
1405 5035 1538 5073 vero
1563 5019 1769 5075 videris
1797 5023 2079 5095 subjugale

509 5103 718 5158 inimici
755 5105 834 5158 tui
861 5106 1126 5161 cecidisse
1157 5109 1259 5162 sub
1297 5110 1509 5164 sarcina
1532 5113 1670 5182 ejus,
1713 5128 1822 5167 non
1849 5124 2078 5183 praeter-

505 5193 610 5249 ibis
634 5195 790 5260 illud,
817 5196 910 5251 sed
939 5197 1100 5252 simul
1135 5199 1395 5255 allevabis
1425 5217 1549 5256 cum
1584 5202 1701 5272 ipso
1723 5204 1763 5257 ⁸.
1798 5224 1814 5255 ι
1849 5205 1905 5259 1η
1933 5206 2077 5262 Deu-

506 5288 810 5341 teronomio
843 5297 1026 5344 autem
1053 5309 1066 5344 :
1099 5310 1116 5341 ‹
1145 5292 1224 5348 Ne
1245 5293 1436 5349 videns
1459 5295 1654 5351 bovem
1684 5297 1868 5355 fratris
1893 5302 2078 5359 tuich

504 5391 660 5431 ovem
676 5377 865 5447 ipsius,
882 5389 1130 5436 errantes
1145 5382 1200 5435 in
1217 5383 1323 5446 via,
1339 5383 1606 5454 despicias
1624 5386 1712 5441 illa
1736 5407 1747 5441 :
1768 5390 2080 5446 reducendo

505 5469 734 5524 reduces
751 5471 864 5540 ipsa
879 5470 1034 5527 fratri
1060 5481 1152 5528 tuo
1173 5475 1346 5544 :quod
1371 5475 1416 5530 si
1434 5475 1602 5532 frater
1629 5486 1755 5532 tuus
1781 5495 1889 5538 non
1912 5480 2081 5536 fuerit

506 5571 674 5628 prepe
698 5568 771 5626 te,
793 5579 970 5632 neque
992 5565 1215 5621 noveris
1235 5581 1383 5633 eum,
1408 5567 1578 5624 duces
1600 5584 1662 5624 ea
1691 5570 1835 5625 intra
1855 5571 2078 5627 domum

2187 4571 2523 4644 κρουκότας,
2579 4571 2674 4624 καὶ
2723 4569 2903 4641 λύπης
2942 4570 3202 4641 ἀμείνους
3252 4571 3481 4644 ὁρᾶσθαι
3531 4571 3633 4641 τῆς
3685 4574 3774 4634 είς

2186 4662 2433 4735 ἐχθροὺς,
2464 4661 2538 4734 μὴ
2564 4662 2670 4716 ὑπὸ
2696 4662 2788 4716 τοῦ
2815 4661 2987 4716 κακοῦ
3017 4664 3379 4734 νικωμένους,
3413 4664 3686 4728 νικῶντας
3710 4665 3773 4718 δὲ

2192 4754 2394 4826 μᾶλλον
2435 4754 2494 4807 ἐν
2531 4752 2608 4824 τῷ
2637 4753 2826 4825 ἀγαθῷ
2853 4755 2914 4806 τὸ
2941 4754 3130 4808 κακόν.
3178 4756 3319 4825 Ἔφη
3357 4756 3464 4826 γὰρ
3509 4755 3677 4808 πάλιν
3706 4759 3772 4807 ὲν

2189 4847 2287 4916 μὲν
2336 4848 2402 4916 τῇ
2449 4845 2674 4916 Ἐξὸδῳ·
2714 4865 2733 4898 ι
2786 4846 2911 4899 Ἐἀν
2964 4847 3022 4900 δέ
3069 4849 3407 4920 συναντήσῃς
3434 4847 3512 4918 τῷ
3552 4847 3638 4917 βοῒ
3668 4847 3767 4902 τοῦ

2188 4934 2382 5006 ἐχθροῦ
2411 4952 2505 4989 σου
2531 4977 2546 5003 ,
2576 4936 2610 5007 ἢ
2648 4935 2726 5006 τῷ
2756 4936 3036 5008 ὑποζυγίῳ
3064 4936 3227 4992 αὑτοῦ
3248 4979 3262 5002 ,
3292 4939 3670 5008 πλανωμένοις
3708 4941 3769 4992 ἐν

2187 5029 2253 5096 τῇ
2288 5024 2414 5095 ὁδῷ,
2437 5025 2786 5095 ἀποστρέψας
2811 5024 3111 5090 ἀποδώσεις
3143 5026 3294 5097 αύτῷ
3315 5044 3329 5058 ·
3356 5028 3451 5081 ἐὰν
3475 5029 3531 5082 δὲ
3564 5029 3682 5100 ἴδῃς
3707 5031 3772 5082 τὸ

2188 5115 2481 5184 ὑποζύγιον
2516 5114 2610 5169 τοῦ
2645 5116 2841 5187 ἐχθροῦ
2874 5135 2965 5170 σου
3010 5120 3298 5184 πεπτωκὸς
3329 5121 3434 5173 ὑπὸ
3470 5121 3561 5173 τὸν
3593 5120 3768 5189 γόμον

2185 5205 2370 5273 αὐτοῦ,
2412 5206 2473 5259 ού
2507 5206 2825 5279 παρελεύσῃ
2875 5207 3027 5274 αὐτὸ,
3077 5209 3215 5262 ἀλλά
3272 5212 3581 5280 συνεγερεῖς
3629 5211 3771 5264 αὐτὸ

2189 5301 2303 5369 μετ’
2329 5297 2513 5352 αὐτοῦ.
2532 5316 2550 5349 t
2588 5299 2675 5350 Ἐν
2703 5297 2760 5350 δὲ
2781 5298 2856 5369 τῷ
2882 5301 3284 5372 Δευτερονομίῳ
3304 5320 3317 5332 ·
3348 5321 3365 5353 ι
3396 5303 3486 5371 Μὴ
3513 5301 3638 5355 ἰδὼν
3673 5303 3769 5356 τὸν

2189 5391 2387 5461 μόσχον
2415 5389 2509 5443 τοῦ
2540 5389 2768 5458 ἀδελφοῦ
2799 5407 2914 5456 σου,
2945 5393 2978 5462 ἢ
3009 5393 3069 5446 τὸ
3107 5394 3379 5464 πρόϐατον
3405 5393 3594 5455 αὐτοῦ,
3623 5394 3769 5446 πλα-

2185 5481 2400 5552 νώμενα
2425 5483 2482 5535 ἐν
2513 5483 2580 5552 τῇ
2607 5481 2735 5551 ὁδῷ,
2772 5483 3035 5555 ὑπερίδῃς
3060 5487 3202 5540 αὑτά
3225 5503 3238 5516 ι
3267 5488 3590 5558 ἀποστροφῇ
3629 5487 3769 5539 ἀπο-

2187 5573 2438 5644 στρέψεις
2466 5575 2605 5630 αύτά
2652 5575 2731 5646 τῷ
2765 5576 2980 5648 ἀδελφῷ
3013 5595 3107 5630 σου
3129 5594 3142 5608 ·
3174 5577 3270 5632 ἐὰν
3302 5577 3358 5632 δὲ
3391 5577 3466 5648 μὴ
3492 5577 3700 5651 ἐγγίζει
3738 5587 3772 5640 ὁ

577 5728 599 5761 ⁸
623 5729 782 5785 Deut.
834 5749 962 5800 xm,
999 5737 1049 5800 6,
1086 5739 1134 5791 7.
1212 5741 1274 5794 ⁸1
1308 5741 1432 5796 Cor.
1473 5758 1544 5805 nt,
1578 5744 1631 5806 9,
1671 5743 1753 5797 10.
1834 5745 1853 5776 ⁸
1889 5745 2060 5799 Exod.

2196 5762 2262 5812 :n,
2301 5748 2410 5803 4-6.
