3990 6196
228 275 336 331 56f:

936 272 1024 328 DE
1060 272 1502 330 ADORATIONE
1541 274 1609 328 IN
1650 271 1922 328 SPIRITU
1964 271 2053 327 ET
2094 270 2460 328 VERITATE.
2505 269 2634 325 LIB.
2678 270 2809 324 VIII.

3374 273 3478 331 562

223 389 452 458 ἀδελφός
477 402 575 439 σου
604 387 742 456 πρὸς
768 385 850 450 σὲ,
873 387 1008 456 μηδὲ
1043 389 1309 458 ἐπιστήσῃ
1336 388 1519 452 αὑτὸν,
1556 385 1798 452 συνάξεις

1906 395 2078 450 tuam,
2113 394 2169 440 et
2197 393 2357 440 erunt
2382 393 2585 449 tecum,
2611 398 2897 454 quousque
2920 383 3199 452 qumsrerit
3221 397 3285 438 ea
3309 382 3478 436 frater

223 477 368 532 αύτά
404 476 551 529 ἐνδον
585 477 664 539 είς
690 475 789 544 τὴν
821 475 998 529 οἰκίαν
1032 493 1146 540 σου,
1181 477 1274 529 καὶ
1299 476 1450 529 ἔσται
1488 476 1627 546 μετὰ
1658 476 1752 529 σοῦ
1781 519 1795 542 ,

223 566 332 628 ἓως
375 565 440 618 ἂν
488 564 699 634 ζητήσῃ
739 562 877 616 αύτά
906 564 934 614 ὁ
968 563 1194 632 ἀδελφός
1227 581 1340 630 σου,
1377 567 1472 616 καὶ
1501 564 1800 629 ἀποδώσεις

224 656 366 710 αύτά
409 655 596 726 αὐτῷ·
639 654 812 719 οὕτως
864 658 1124 726 ποιήσεις
1160 656 1250 707 τὸν
1293 655 1413 709 δνον
1461 657 1627 710 αὐτοῦ
1653 698 1667 721 ,
1708 658 1802 710 καὶ

223 747 397 809 οὕτως
445 746 694 814 ποιήσεις
726 745 786 796 τὸ
820 745 1032 814 ἱμάτιον
1071 746 1269 810 αὑτοῦ,
1303 747 1398 800 καὶ
1435 747 1608 812 οὕτως
1651 749 1802 818 ποιή-

226 854 342 900 σεις
385 836 529 890 κατά
570 836 752 890 πᾶσαν
797 835 1082 889 ἀπώλειαν
1104 836 1196 889 τοῦ
1233 836 1466 906 ἀδελφοῦ
1519 855 1614 890 σου
1639 879 1654 903 ,
1702 839 1802 892 ὅσα

223 928 338 980 ἐὰν
376 928 648 997 ἀπόληται
691 928 818 996 παρ’
866 926 1031 980 αὐτοῦ
1059 967 1074 992 ,
1115 929 1213 980 καὶ
1263 927 1432 1000 εὕρῃς
1457 969 1471 994 ,
1504 932 1566 982 οὐ
1598 930 1804 1002 δυνήσῃ

225 1017 505 1088 ὑπεριδεῖν
549 1016 722 1071 αύτά·
760 1016 857 1086 οὐχ
905 1017 1167 1089 ύπερόψει
1203 1019 1295 1072 τὸν
1341 1019 1462 1074 ὖνον
1513 1020 1610 1074 τοῦ
1645 1021 1802 1076 ἀδελ-

224 1109 331 1178 φοῦ
385 1126 514 1174 σου,
566 1108 602 1180 ἢ
639 1109 732 1162 τὸν
785 1109 984 1179 μόσχον
1051 1109 1218 1163 αὐτοῦ
1259 1113 1585 1166 πεπτωκότα
1643 1114 1701 1167 ἐν
1737 1117 1802 1186 τῇ

223 1199 362 1270 aegr
421 1199 494 1271 μὴ
533 1199 832 1271 ύπερίδῃς,
865 1200 1098 1254 ἀνιστῶν
1137 1201 1465 1273 ἀναστήσεις
1506 1205 1646 1258 αὐτὰ
1684 1209 1802 1276 μετ’

224 1291 414 1346 αὐτοῦ.
435 1311 454 1344 ι
478 1292 671 1363 Συνίης
698 1288 812 1356 οὖν,
841 1293 989 1356 ὅπως
1010 1293 1156 1362 ἡμᾶς
1190 1293 1514 1348 ἀστειότατα
1531 1296 1804 1366 παιδαγω-

223 1385 315 1450 γεῖ
339 1383 473 1454 πρὸς
506 1383 570 1436 τὸ
594 1383 734 1451 ἄγαν
752 1383 852 1454 ἤδη
886 1400 1002 1446 πως
1034 1382 1130 1436 καὶ
1161 1382 1357 1447 τελέως
1385 1385 1610 1452 ἀγαθὸν,
1647 1387 1804 1458 μελέ-

224 1490 385 1542 τησιν
429 1473 617 1545 ὥσπερ
657 1472 1068 1545 ἀμνησικακίας
1115 1474 1384 1528 ποιεῖσθαι
1432 1477 1800 1546 προστάττων,

222 1563 328 1634 τὴν
357 1565 435 1628 εἰς
457 1565 528 1618 τὰ
553 1566 724 1635 κτήνη
756 1562 921 1634 φειδὼ
949 1562 1042 1616 τοῦ
1068 1562 1452 1634 λελυπηκότος,
1481 1565 1540 1619 ὃν
1571 1567 1664 1621 καὶ
1693 1570 1805 1623 ἀνω

223 1670 286 1705 τε
320 1652 416 1706 καὶ
451 1653 604 1706 κάτω
629 1652 707 1723 τῷ
742 1653 840 1723 τῆς
866 1652 1228 1723 ἀδελφότητος
1254 1654 1478 1725 ὀνόματι
1517 1662 1798 1727 στεφανοῖ,

1903 486 2049 542 tuus,
2077 487 2132 534 et
2159 478 2357 533 reddes
2385 493 2447 532 ea
2484 478 2621 547 ipsi;
2647 477 2726 532 sic
2754 477 2922 531 facies
2950 475 3104 530 asino
3127 477 3264 546 ejus,
3306 484 3363 530 et
3398 476 3477 531 sic

1901 569 2070 624 facies
2085 569 2223 624 vesti
2247 570 2386 639 ejus,
2411 576 2468 623 et
2487 569 2568 623 sic
2593 569 2758 622 facies
2779 567 2833 621 in
2858 582 3183 637 quacunque
3204 582 3284 630 re,
3311 583 3476 637 quam

1902 659 2204 729 perdiderit
2251 660 2420 714 frater
2462 667 2618 724 tuus;
2650 675 2988 729 quaecunque
3026 645 3478 760 perdita

1901 750 1970 804 ab
2013 751 2152 819 ipso,
2181 759 2237 804 et
2279 748 2576 812 inveneris,
2616 764 2725 803 non
2766 749 2973 818 poteris
3014 749 3288 822 negligere

1900 855 2012 895 non
2034 840 2306 910 despicies
2327 839 2543 894 asinum
2571 839 2758 894 fratris
2780 841 2880 904 tui,
2907 841 2993 894 vel
3015 839 3249 894 vitulum
3283 826 3474 910 ipsius,

1901 931 1997 1002 qui
2033 931 2293 986 ceciderit
2318 931 2374 984 in
2397 930 2484 985 via
2509 948 2522 984 :
2548 946 2618 986 ne
2645 931 2886 1000 negligas
2906 945 2990 993 ea,
3024 931 3317 986 sublevans
3341 932 3474 987 sub-

1901 1021 2109 1076 levabis
2145 1036 2210 1076 ea
2245 1036 2370 1076 cum
2395 1021 2514 1090 ipso
2538 1021 2578 1074 °.
2614 1040 2631 1071 ι
2665 1020 2930 1090 Intelligis
2973 1019 3160 1090 igitur,
3210 1023 3472 1091 quemad-

1902 1113 2125 1168 modum
2147 1113 2550 1184 elegantissime
2590 1127 2692 1166 nos
2721 1112 2834 1183 jam
2869 1112 2937 1166 ad
2967 1119 3316 1182 praestantem
3352 1128 3480 1182 per—

1901 1204 2206 1275 fectamque
2229 1204 2488 1260 virtutem
2526 1203 2716 1268 ducat,
2760 1203 2962 1274 jubens
3000 1212 3082 1268 ut,
3122 1219 3260 1258 cura
3283 1204 3334 1257 in
3359 1205 3477 1275 ejus

1896 1298 2160 1368 jumenta
2195 1297 2291 1367 qui
2323 1312 2426 1352 nos
2459 1295 2709 1360 offendit,
2748 1296 3193 1366 impensa,velut
3215 1297 3480 1351 exercita—

1902 1387 2050 1442 tione
2084 1387 2154 1441 ad
2193 1385 2599 1441 obliv—iscendas
2637 1386 2868 1456 injurias
2889 1393 3148 1440 utamur:
3174 1401 3337 1455 quem
3366 1385 3476 1441 fre-

1901 1477 2262 1548 quentissime
2305 1477 2499 1532 fratris
2547 1477 2767 1532 nomine
2831 1476 3084 1540 decorat,
3141 1477 3477 1547 prohibens.

1902 1576 1963 1622 ut
1987 1567 2202 1637 opinor,
2232 1566 2342 1621 iras
2365 1566 2738 1636 implacabiles
2786 1574 2841 1621 et
2870 1566 3096 1620 nimiam
3135 1567 3204 1621 ad
3235 1567 3481 1622 simulta-

1905 1663 1987 1710 tes
2006 1654 2450 1724 propensionem,
2478 1662 2534 1708 et
2555 1662 2766 1708 naturae
2792 1654 3272 1725 legem,tanquam
3296 1655 3478 1709 chari—

230 1743 608 1798 κατακωλύων
627 1784 641 1809 ,
673 1739 827 1815 οἶμαί
859 1762 988 1808 που,
1015 1744 1075 1796 τὸ
1100 1745 1311 1798 ἔντονον
1350 1724 1430 1810 εἰς
1462 1724 1663 1818 ὀργὰς,
1705 1752 1798 1805 καὶ

1907 1743 2033 1799 tatis
2047 1743 2330 1807 arbitram,
2355 1743 2538 1797 ferens
2563 1758 2575 1795 :
2599 1741 2655 1796 Si
2682 1742 2828 1796 enim
2853 1724 3147 1806 inveneris,
3175 1743 3372 1812 inquit,
3394 1758 3479 1797 er-
3509 1740 3513 1744 ’

222 1835 288 1888 τὸ
338 1835 590 1907 περιττὸν
638 1837 717 1898 είς
750 1836 1111 1908 μικροψυχίας
1135 1875 1149 1899 ,
1179 1837 1272 1890 καὶ
1309 1837 1399 1892 τὸν
1444 1838 1542 1910 τῆς
1585 1841 1799 1908 φύσεως

221 1925 413 1996 νόμον,
447 1926 750 1999 βραϐευτὴν
784 1927 972 2000 ὥσπερ
997 1929 1120 1983 τινὰ
1145 1929 1242 2000 τῆς
1267 1930 1487 2002 ἀγάπης
1507 1932 1795 2003 εἰσφέρων.

224 2018 330 2070 Ἀν
367 2018 477 2089 γὰρ
524 2017 708 2091 εὕρῃς,
749 2021 934 2092 φησὶν,
969 2020 1317 2092 πλανώμενον
1343 2024 1560 2094 κτῆνος,
1597 2025 1630 2096 ἢ
1665 2027 1800 2080 ἀπο-

220 2109 398 2173 λωλὸς
433 2110 668 2181 ἱμάτιον,
699 2111 1023 2183 περισώσεις
1043 2113 1182 2168 αύτά
1206 2113 1284 2185 τῷ
1304 2113 1518 2185 ἀδελφῷ
1544 2131 1660 2168 σουο
1697 2117 1799 2171 κᾶν

221 2206 274 2256 εἰ
299 2204 506 2272 γένοιτό
526 2221 577 2257 τι
612 2204 724 2257 τῶν
782 2205 1106 2277 ἀχθοφορεῖν
1153 2205 1421 2259 εἰωθότων
1479 2207 1799 2279 κατολισθῆ-

224 2311 330 2346 cm
358 2296 438 2356 εἰς
462 2296 565 2366 γῆν
589 2295 682 2348 ὑπ’
708 2296 856 2368 αὐτῷ
895 2296 1275 2368 συντρίϐεσθαι
1305 2298 1383 2370 τῷ
1403 2300 1608 2372 φορτίῳ
1626 2343 1642 2368 ,
1675 2319 1800 2355 συν-

221 2385 442 2454 εργὰσῃ
455 2385 548 2438 καὶ
568 2388 898 2456 συνεγερεῖς.
919 2387 1142 2457 Ἕτερον
1157 2387 1213 2441 δὲ
1229 2387 1386 2442 τοῦτό
1408 2391 1553 2444 ἐστιν
1574 2391 1748 2455 οὐδὲν,
1761 2391 1796 2462 ἢ

219 2473 321 2524 τὸν
348 2473 682 2544 κεκτημένον
712 2472 963 2543 ὠφελεῖν,
989 2476 1083 2528 καὶ
1119 2475 1318 2546 μελέτη
1351 2477 1486 2547 πρὸς
1507 2477 1676 2544 ἔλεον,
1707 2479 1801 2532 καὶ

222 2563 569 2633 παιδαγωγία
610 2566 744 2636 πρὸς
792 2567 1222 2638 φιλοικειότητα,
1269 2569 1363 2622 καὶ
1409 2570 1470 2623 τὸ
1517 2569 1800 2626 λυπεῖσθαι

224 2652 420 2723 μακρά
450 2652 822 2724 παρωθείσθαι
855 2653 1058 2726 ζητεῖν,
1083 2657 1178 2709 καὶ
1207 2657 1593 2727 παραιτεῖσθαι
1615 2659 1803 2729 διαφο-

225 2743 352 2813 ράς,
390 2742 528 2815 ὑπέρ
555 2760 619 2812 γε
664 2743 755 2798 τοῦ
799 2745 872 2815 μὴ
892 2745 1067 2799 δοκεῖν
1096 2747 1457 2819 προσκρούειν
1489 2749 1675 2821 ἀγάπῃ
1708 2751 1802 2804 καὶ

226 2831 379 2901 νόμῳ
407 2831 486 2901 τῷ
520 2833 597 2896 εἰς
633 2832 1006 2903 φιλαδελφίαν.
1047 2836 1206 2899 Εἰκὸς
1235 2837 1292 2890 δὲ
1322 2837 1384 2908 δή
1408 2855 1458 2891 τι
1488 2838 1579 2892 καὶ
1615 2839 1801 2911 ἕτερον

224 2921 674 2988 ύπαινίττεσθαι,
729 2923 792 2976 τὸ
843 2925 1262 2997 χρησμῴδημα·
1305 2928 1353 2979 εἰ
1402 2927 1511 2999 γὰρ
1563 2931 1801 3002 τοσαύτη

223 3013 421 3080 γέγονε
446 3012 524 3081 τῷ
549 3013 811 3086 νομοθέτῃ
847 3017 1068 3087 φροντὶς
1089 3055 1103 3080 ,
1145 3017 1222 3080 ὡς
1245 3019 1294 3070 εἰ
1321 3019 1412 3072 καί
1451 3036 1502 3072 τι
1537 3019 1644 3072 τῶν
1678 3020 1802 3073 ἁλό-

221 3123 339 3172 γων
367 3104 454 3175 εἴη
491 3107 552 3184 to
577 3107 845 3170 πεπονθὸς
868 3149 882 3172 ,
910 3107 1124 3176 ὀρέγειν
1151 3109 1295 3178 ἡμᾶς
1324 3108 1421 3180 τὴν
1453 3111 1797 3182 ἐπικουρίαν,

223 3197 345 3258 πῶς
361 3197 464 3249 οὐκ
483 3195 547 3250 ἂν
575 3197 723 3267 αὐτῷ
747 3198 1007 3268 μειζόνως
1028 3199 1276 3268 ἀρέσειεν
1309 3201 1342 3269 ἡ
1377 3202 1456 3263 είς
1479 3201 1799 3272 ἀνθρώπους

224 3283 416 3352 φειδὼ,
441 3287 534 3337 καὶ
562 3287 602 3356 ἡ
619 3289 730 3349 τοῖς
756 3286 1072 3356 όμογενέσιν
1091 3287 1415 3360 ὀφειλομένη
1441 3290 1762 3362 φιλαλληλία
1783 3309 1798 3358 ;

220 3378 421 3431 οὐκοῦν
452 3377 553 3431 κᾶν
579 3380 628 3432 εἰ
653 3379 846 3451 ἐχθρὸς
874 3379 1122 3450 πλανῷτο
1162 3381 1342 3451 τυχὸν,
1367 3383 1683 3452 μανθανέτω
1702 3383 1800 3454 τὴν

221 3466 312 3518 ἐπ’
339 3469 495 3532 εὐθὺ,
520 3472 614 3524 καὶ
638 3470 706 3524 δι’
734 3473 767 3541 ὴ
777 3470 894 3541 μῶν
920 3473 1122 3526 νευέτω
1153 3472 1228 3543 (l)
1259 3472 1394 3544 πρὸς
1420 3474 1480 3526 τὸ
1500 3475 1796 3545 συμφέρον.

221 3555 383 3610 Οὖιτω
419 3560 513 3612 καὶ
540 3562 568 3613 ὁ
606 3561 839 3632 Χριστὸς
857 3599 873 3626 ,
912 3560 1078 3625 λίθοις
1111 3563 1208 3632 μὲν
1233 3562 1486 3616 ἐϐάλλετο
1514 3565 1664 3636 παρὰ
1693 3566 1802 3621 τῶν

221 3647 283 3715 ἐξ
316 3650 556 3722 Ἰσραὴλ,
583 3653 848 3722 ἐπεφώνει
878 3653 936 3709 δὲ
963 3655 1112 3724 ὅμως
1131 3671 1145 3684 ·
1178 3674 1196 3708 ι
1228 3657 1369 3720 Ἕως
1397 3656 1457 3709 τὸ
1479 3657 1594 3726 φῶς
1627 3657 1800 3728 ἔχετε,

230 3745 596 3810 περιπατεῖτε
629 3744 688 3795 ἐν
722 3743 801 3814 τῷ
833 3745 990 3813 φωτὶ,
1023 3746 1109 3799 ἵνα
1141 3745 1216 3817 μὴ
1251 3747 1438 3801 σκοτία
1464 3748 1608 3818 ὑμᾶς
1631 3767 1800 3805 κατα-

221 3833 386 3902 λάϐῃ.
412 3851 432 3883 ι
460 3833 572 3886 Καὶ
587 3835 635 3886 εί
653 3835 800 3906 πόνῳ
823 3853 906 3898 τις
928 3837 1022 3889 καὶ
1050 3840 1373 3907 πειρασμοῖς
1389 3839 1682 3894 ἐνθλίϐοιτο
1695 3841 1802 3895 τῶν

221 3923 771 3993 προσκεκρουκότων,
804 3927 897 3979 καὶ
914 3925 1193 3989 οίονείπως
1221 3927 1300 3990 εἰς
1320 3927 1422 3998 γῆν
1450 3929 1800 4001 ἐρριμμένος,

221 4012 490 4081 ἀφύκτοις
507 4016 772 4085 ἀνάγκαις
789 4017 1190 4081 καταπιέζοιτο,
1209 4020 1396 4089 φησὶν,
1410 4021 1804 4093 ἐπικουρείσθω

222 4105 363 4175 πρὸς
390 4107 824 4177 ἡμῶν,κα“ιέστω
838 4109 1014 4180 λύπης
1038 4110 1333 4181 ἀμείνων,ό
1349 4113 1601 4184 διάφορος
1628 4115 1802 4184 (‘2).‘H

222 4198 346 4268 ούχὶ
368 4200 432 4270 δὴ
453 4200 612 4254 τοῦτό
645 4202 815 4267 ἐστιν,
847 4221 864 4253 ι
893 4199 966 4256 Εὖ
999 4206 1199 4256 ποιεῖτε
1224 4205 1348 4268 τοὺς
1373 4204 1600 4276 ἐχθροὺς
1627 4206 1799 4277 ὑμῶν,

223 4290 322 4341 καὶ
354 4291 719 4361 προσεύχεσθε
753 4293 894 4363 ὑπὲρ
914 4295 1021 4346 τῶν
1049 4293 1460 4365 ἐπηρεαζόντων
1487 4297 1628 4367 ὑμᾶς
1657 4315 1672 4362 ;
1723 4318 1740 4349 ι

295 4380 506 4432 ΠΑΛΛ.
549 4381 781 4452 Ἀριστα
818 4382 972 4452 ἔφης.

297 4470 464 4523 ΚΥΡ.
495 4470 854 4542 Ἀγιοπρεπὲς
882 4469 973 4527 οὖν
999 4473 1126 4544 ἄρα,
1151 4475 1212 4528 τὸ
1236 4479 1347 4540 τοῖς
1379 4476 1646 4548 κάμνουσι
1674 4494 1799 4530 συν-

223 4560 411 4628 αλγεῖν
435 4601 451 4626 ,
494 4562 589 4616 καὶ
620 4564 738 4634 οὐχ).
781 4563 844 4635 δὴ
884 4565 1080 4636 μᾶλλον
1116 4565 1186 4619 τὰ
1223 4567 1306 4636 ἐφ’
1351 4562 1433 4632 οἷς
1469 4564 1536 4638 ἦν
1575 4570 1798 4639 ἄμεινον

224 4653 664 4724 ἐποικτείρεσθαλ.
716 4655 862 4720 δεῖν,
896 4655 1232 4722 ,πλεονεξίας
1293 4657 1392 4727 τῆς
1443 4660 1562 4712 κατ’
1617 4659 1798 4713 αὐτῶν

223 4744 500 4799 ποιεῖσθαι
545 4745 838 4815 πρόφασιν,
880 4746 1321 4819 ἐπιθρώσκοντάς
1361 4766 1422 4802 τε
1463 4749 1555 4803 καὶ
1595 4751 1799 4823 ἐπιμηο

221 4835 456 4898 νιῶντας
485 4835 568 4888 ἔτι
589 4840 699 4916 τοῖς
732 4837 1104 4908 ἠδικημένοις.
1130 4839 1248 4892 Κᾶν
1283 4842 1330 4894 εί
1355 4838 1569 4893 δύναιτό
1593 4858 1677 4906 τις
1702 4843 1797 4895 λα-

222 4924 444 4994 θραίους
473 4927 757 4980 ἀποτελεῖν
783 4930 881 5000 τῆς
912 4929 1203 5001 ἐπιϐουλῆς
1236 4932 1363 4994 τοὺς
1393 4931 1646 5000 τρόπους,
1673 4932 1802 4985 ἀπορ

223 5015 446 5083 σχέσθαι
471 5019 580 5070 δεῖν
613 5019 640 5071 ό
666 5019 830 5089 νόμος
867 5016 927 5073 εὖ
973 5021 1115 5092 μάλα
1142 5021 1276 5092 φησὶ
1315 5021 1411 5074 καὶ·
1439 5021 1546 5073 τῶν
1569 5021 1662 5073 ἐπὶ
1691 5020 1794 5092 τῷ·

218 5106 272 5158 δε
290 5110 770 5179 κακουργημάτων
786 5128 797 5141 ·
820 5111 923 5182 ἔφη
945 5111 1054 5182 γὰρ
1082 5110 1275 5164 πάλιν·
1307 5131 1324 5162 ι
1353 5111 1424 5162 Ού
1446 5110 1628 5173 κακῶς
1653 5111 1799 5180 ἐρεῖς

221 5197 426 5266 κωφὸν,
467 5200 561 5252 κα)⁹
590 5201 850 5254 ἀπέναντι
893 5201 1096 5270 τυφλοῦ
1125 5202 1184 5254 ού
1215 5200 1542 5272 προσθήσεις
1566 5200 1795 5254 σκάνδα-

222 5286 330 5341 λον.
375 5305 396 5342 ι
431 5289 540 5343 Καί
563 5309 646 5345 τοι
667 5292 784 5358 πῶς
814 5293 914 5345 οὐκ
944 5292 1186 5363 ἄμεινον,
1211 5293 1436 5356 καὶτοῖς
1465 5292 1604 5360 ἄγαν
1631 5293 1795 5345 ἐπιει-

135 5418 149 5425 -
179 5453 182 5456 γ
221 5381 374 5436 κέσιν
395 5383 484 5436 ὅτι
511 5384 744 5454 μάλιστα
770 5386 972 5457 πρέπει
1010 5385 1071 5439 τό
1101 5384 1313 5456 χαλινὸν
1344 5383 1534 5454 ὥσπερ
1562 5384 1706 5456 ἔχειν
1737 5387 1792 5436 ἐν

1901 1851 2028 1891 rans
2056 1837 2369 1906 jumentum
2417 1843 2513 1889 aut
2538 1834 2816 1904 perditum
2842 1835 3228 1890 vestimentum
3247 1876 3260 1900 ,
3290 1851 3476 1890 serva-

1899 1926 1984 1982 bis
2009 1943 2074 1983 ea
2096 1926 2253 1981 fratri
2286 1935 2412 1993 tuo;
2437 1926 2606 1982 etiam
2640 1926 2686 1980 si
2705 1927 3014 1998 jumentum
3040 1927 3261 1996 aliquod
3293 1927 3478 1982 oneri-

1899 2017 2004 2073 bus
2042 2017 2286 2072 ferendis
2325 2024 2607 2072 assuetum
2638 2017 2692 2071 in
2731 2025 2936 2072 terram
2978 2018 3261 2084 ceciderit,
3290 2028 3346 2074 et
3376 2020 3480 2074 sub

1900 2110 2020 2179 ipso
2044 2124 2211 2164 onere
2255 2116 2593 2171 conteratur,
2635 2109 2798 2164 simul
2824 2109 3109 2180 adjuvabis
3135 2119 3190 2165 et
3213 2111 3392 2182 eriges
3416 2112 3486 2166 il-

1899 2199 2015 2254 lud.
2042 2199 2101 2253 Id
2125 2213 2256 2253 vero
2277 2198 2417 2252 nihil
2441 2198 2591 2252 aliud
2619 2206 2726 2263 est,
2752 2215 2916 2268 quam
2952 2199 3242 2254 Dominum
3263 2202 3479 2270 juvare.

1899 2298 1956 2346 et
1981 2290 2049 2345 ad
2083 2288 2518 2344 misericordiam
2559 2289 2825 2354 exerceri,
2853 2297 2908 2344 et
2932 2289 3001 2344 ad
3041 2290 3480 2347 benevolentiam

1900 2379 2133 2444 institui,
2160 2381 2323 2449 2'70
2346 2388 2403 2434 et
2432 2381 2698 2451 repellere
2723 2380 3400 2447 diuturnas-oﬂ'ensiones,
3424 2391 3480 2438 et

1899 2472 2075 2526 vitare
2098 2471 2347 2536 dissidia,
2374 2488 2442 2526 ne
2466 2471 2791 2527 cbaritatem
2829 2479 2886 2526 et
2922 2471 3283 2527 fraternitatis
3303 2473 3477 2544 legem

1899 2563 2108 2618 violare
2129 2561 2676 2618 videamur.Videtur
2692 2571 2876 2618 autem
2894 2563 2999 2618 hoc
3015 2563 3201 2618 divino
3217 2579 3480 2633 responso

1899 2655 2064 2709 etiam
2097 2654 2249 2708 aliud
2283 2654 2545 2724 quiddam
2572 2653 2869 2733 significari
2906 2673 2919 2708 :
2949 2655 2995 2709 si
3018 2655 3166 2709 enim
3193 2663 3353 2710 tantae
3376 2655 3482 2709 fuit

1899 2762 2047 2802 curae
2073 2745 2392 2816 legislatori,
2421 2755 2501 2811 ut,
2528 2745 2572 2801 si
2599 2747 2688 2801 cui
2721 2747 2985 2801 animanti
3019 2747 3248 2801 rationis
3268 2749 3479 2817 experti

1901 2832 2170 2902 ejusmodi
2208 2848 2368 2887 casus
2409 2833 2720 2898 accidisset,
2746 2850 2848 2890 nos
2887 2834 3157 2890 ferremus
3191 2836 3478 2902 auxilium,

1903 2923 2179 2993 quomodo
2203 2939 2314 2978 non
2338 2924 2513 2978 multo
2536 2925 2707 2995 magis
2728 2925 2808 2979 illi
2837 2933 3051 2996 gratum
3079 2926 3246 2982 fuerit
3271 2927 3485 2998 impen-

1903 3027 2024 3065 sum
2050 3013 2104 3066 in
2121 3011 2373 3068 homines
2389 3013 2792 3068 conservandos
2814 3014 3078 3080 studium,
3103 3025 3158 3070 et
3179 3016 3232 3070 in
3250 3031 3346 3071 eos
3386 3018 3479 3086 qui

1904 3101 2165 3156 societate
2200 3110 2412 3157 natura:
2452 3103 2740 3158 nobiscum
2783 3105 3058 3174 conjuncti
3101 3115 3254 3172 sunt,
3293 3107 3479 3162 debita

1902 3191 2108 3246 amoris
2151 3192 2506 3247 vicissitudo?
2543 3194 2733 3264 Igitur,
2780 3194 2996 3251 etiamsi
3037 3197 3292 3252 inimicus
3332 3207 3480 3253 erret

1901 3284 2151 3349 fortasse,
2177 3292 2392 3339 rectum
2432 3285 2537 3338 iter
2570 3284 2856 3350 doceatur,
2881 3295 2956 3350 et,
2996 3287 3156 3342 nobis
3195 3303 3478 3344 common-

1900 3375 2236 3441 strantibus,
2280 3390 2348 3430 eo
2391 3375 2579 3430 tendat
2637 3391 2746 3446 quo
2807 3376 3044 3446 expedit.
3099 3377 3189 3432 Sic
3226 3378 3480 3434 Christus

1899 3482 2119 3538 quoque
2167 3467 2446 3537 lapidibus
2487 3467 2709 3537 quidem
2756 3468 3047 3539 petebatur
3088 3469 3156 3522 ab
3197 3468 3478 3536 lsraelitis,

1899 3566 1956 3614 et
1981 3567 2164 3613 tamen
2197 3574 2294 3614 eos
2319 3558 2741 3629 alloquebatur:
2778 3577 2797 3610 ι
2845 3559 2984 3614 Dum
3026 3559 3203 3614 lucem
3241 3560 3476 3626 habetis,

1899 3652 2176 3709 ambulate
2195 3653 2250 3707 in
2267 3653 2412 3719 luce,
2431 3668 2501 3708 ne
2527 3652 2768 3708 tenebrat
2791 3668 2887 3708 vos
2903 3653 3426 3723 comprehendant’.
3452 3675 3471 3707 ι

1899 3745 1988 3810 Et,
2015 3744 2059 3800 si
2093 3745 2216 3815 quis
2251 3745 2508 3800 inimicus
2533 3744 2722 3800 labore
2748 3751 2804 3799 et
2839 3745 3232 3801 tentationibus
3255 3746 3481 3802 afﬂicte-

1898 3845 2008 3901 tur,
2036 3852 2099 3891 ac
2131 3837 2281 3891 velut
2304 3837 2458 3891 humi
2483 3845 2787 3906 prostratus
2806 3837 3006 3906 jaceat,
3035 3846 3092 3892 et
3115 3838 3264 3908 gravi
3289 3855 3481 3894 neces-

1900 3927 2061 3980 sitate
2096 3933 2400 3995 prematur,
2431 3925 2768 3989 sublevetur,
2798 3924 3000 3994 inquit,
3024 3941 3058 4002 _a
3092 3927 3278 3991 vobis;
3305 3935 3361 3981 et
3383 3934 3479 3996 qui

1900 4015 2221 4083 dissidebat,
2241 4016 2424 4070 vincat
2443 4015 2764 4070 offensionis
2796 4015 3138 4069 memoriam.
3159 4015 3357 4070 Annon
3374 4017 3480 4074 hoc

1902 4106 2035 4162 illud
2059 4115 2144 4162 est
2170 4125 2182 4160 :
2219 4125 2236 4157 ι
2269 4105 2580 4161 Benefacite
2605 4105 2842 4161 inimicis
2864 4106 3178 4172 vestris,.et
3201 4115 3356 4164 orate
3377 4125 3480 4181 pro

1901 4196 2358 4268 persequentibus
2379 4210 2477 4249 vos
2501 4195 2553 4247 3?
2583 4214 2602 4246 ι

1834 4401 1877 4456 ι)
1975 4374 2413 4446 PALL..0ptime
2442 4374 2616 4430 dicis..

1973 4465 2131 4521 (ΠΒ.
2162 4466 2328 4521 Decet
2349 4465 2517 4536 igitur
2539 4472 2758 4519 sanctos
2783 4463 2930 4518 viros
2953 4463 3332 4521 laborantibus
3350 4482 3480 4522 οοιιο

1904 4555 2121 4622 dolere;
2151 4571 2330 4626 neque
2351 4571 2417 4610 ea
2445 4555 2562 4625 ipsa
2585 4562 2810 4625 prepter
2832 4570 2953 4624 quae
2976 4555 3270 4610 miserandi
3295 4556 3481 4626 potius

1904 4653 2082 4710 erant,
2127 4646 2193 4700 ad
2237 4645 2583 4700 occasionem
2634 4644 2846 4715 injuria:
2883 4652 3047 4715 atque
3084 4645 3387 4704 insolentiae
3422 4648 3479 4702 in

1904 4752 2000 4792 eos
2022 4737 2339 4791 exercenda:
2364 4744 2703 4801 convertere,
2732 4736 2788 4788 in
2817 4751 3009 4790 eorum
3045 4735 3294 4792 miserias
3324 4737 3478 4794 insu—

1906 4844 2005 4899 per
2055 4827 2381 4882 insultantes
2413 4835 2468 4880 et
2509 4827 2862 4893 invehentes;
2894 4828 3028 4898 quin
3057 4829 3220 4883 etiam
3255 4829 3300 4884 si
3338 4829 3479 4885 clam

1902 4919 2181 4975 insidiosis
2204 4919 2312 4974 illis
2333 4918 2510 4973 modis
2533 4917 2612 4972 uti
2635 4917 2906 4988 quispiam
2922 4920 3078 4977 facile
3099 4921 3477 4992 possit,tamen

1901 5011 1970 5066 ab
1996 5010 2671 5082 ltujusmodi'malignitate
2698 5011 3086 5067 abstinendum
3114 5028 3255 5078 esse,
3281 5013 3369 5068 lex
3384 5015 3476 5085 ju-

1901 5106 1994 5161 bet
2017 5121 2029 5158 :
2055 5104 2134 5158 ait
2157 5104 2303 5159 enim
2329 5119 2555 5158 rursus:
2589 5122 2607 5154 ι
2634 5103 2752 5159 Non
2775 5104 3069 5162 malediecs
3085 5106 3272 5172 surdo,
3297 5122 3475 5178 neque

1900 5214 2083 5255 coram
2108 5212 2253 5253 caaco
2274 5211 2445 5267 pones
2466 5195 2859 5253 offendiculum
2886 5197 2927 5252 ν.
2967 5217 2984 5249 ι
3013 5198 3178 5269 Atqui
3201 5199 3476 5268 quomodo

1899 5304 2009 5344 non
2032 5287 2381 5359 praestantius
2399 5297 2502 5353 est,
2534 5296 2590 5343 et
2609 5288 2799 5358 probis
2826 5288 3142 5344 hominibus
3163 5304 3473 5360 congruen-

1901 5379 2030 5443 tius,
2057 5377 2111 5431 in
2135 5378 2322 5448 lingua
2345 5378 2559 5434 frenum
2583 5378 2806 5442 habere,
2831 5387 2995 5447 atque
3030 5393 3244 5442 cavere,
3269 5393 3337 5431 ne
3361 5391 3474 5432 ma-

299 5573 321 5603 ⁶
347 5572 511 5627 Deut.
537 5587 668 5636 χχιι,
707 5571 817 5624 1-4.
896 5571 915 5599 ⁷
949 5570 1103 5623 .loan.
1141 5585 1232 5634 xu,
1275 5569 1360 5623 55.
1438 5568 1457 5600 ⁸
1485 5567 1675 5622 Matth.
1709 5568 1762 5634 5,
1797 5605 1798 5611 η

1967 5569 1985 5599 ⁹
2010 5567 2188 5622 Levit.
2219 5583 2326 5630 xix,
2358 5567 2442 5618 Η.

296 5684 373 5756 (l)
413 5684 549 5741 Cod.
585 5684 784 5749 Vatia,
826 5679 882 5737 εὖ
910 5683 1038 5753 ἤτω.

1977 5682 2052 5755 (2)
2081 5681 2229 5737 Idem
2261 5680 2381 5735 cod.
2418 5678 2620 5735 omittit
2650 5678 2678 5729 ὁ
2707 5672 2980 5744 διάφορος.
