3990 6196
278 5447 291 5481 ι

272 255 382 312 ’δίῖῦ

982 257 1072 312 DE
1109 255 1552 314 ADORATIONE
1593 257 1659 312 IN
1699 252 1970 312 SPlRlTU
2009 253 2118 308 ET‘
2142 252 2508 309 VERlTATE.
2551 253 2678 307 LIB.
2723 253 2867 309 νιιῐ..

3449 255 3554 312 566

279 371 384 428 τῶν
411 371 471 424 ἐν
498 372 620 434 ταῖς
650 369 839 424 πόλεσι
867 388 983 436 σου,
1011 373 1378 446 αὐθημερινὺν
1409 375 1712 438 ἀποδώσεις
1748 376 1839 430 τὸν
1874 417 1879 434 .

1982 372 2029 427 el
2041 386 2109 426 ex
2124 371 2351 427 advenis
2363 371 2457 442 qui
2475 379 2604 425 sunt
2633 370 2688 425 in
2708 370 2939 426 urbibus
2957 371 3093 438 tuis;
3111 370 3304 426 eodem
3331 371 3421 445 die
3436 372 3556 428 red-

285 457 473 531 μισθὸν
501 455 691 511 αὑτοῦ.
723 458 836 512 Οὐκ
861 458 1178 519 ὲπιδύσεται
1203 464 1231 516 ὁ
1258 464 1411 534 ἥλιος
1447 465 1535 518 ἐπ’
1567 465 1749 537 αὐτῷ,
1777 468 1858 524 ὅτι

284 549 450 620 πένης
488 549 644 614 ἐστὶ,
674 550 771 607 καὶ
810 550 898 605 ἐπ’
943 552 1093 623 αὐτῷ
1131 553 1248 625 ἔχει
1285 555 1387 626 τὴν
1416 555 1636 611 ἐλπίδα·
1673 559 1768 612 καὶ
1797 560 1859 613 οὐ

285 639 680 712 ωταὸοήσεται
703 641 847 696 κατά
873 642 968 696 σοῦ
1001 644 1148 716 πρὸς.
1173 646 1401 718 Κύριον,
1439 649 1536 703 καὶ
1572 650 1674 704 οὐκ
1707 650 1864 706 ἔσται

285 735 339 787 ἰν
369 733 452 787 σοὶ
474 734 775 806 ἁμαρτία.»
808 734 1006 806 Συνίης
1028 735 1122 793 οὖν
1151 738 1234 792 ὅτι
1265 739 1358 794 τοῦ
1386 741 1619 813 πένητος
1643 742 1742 814 τὴν
1767 762 1863 798 κα-

283 825 488 897 ταϐοὴν
514 827 884 897 κατορῤωδεῖν
916 828 1222 896 ἀναπείθει,
1249 831 1592 888 συνελαύνων
1622 836 1704 898 είς
1733 836 1860 905 φιλ-

283 918 576 990 αλληλίαν;
604 920 704 975 καὶ
731 922 765 991 ή
797 920 900 991 μὲν
948 922 1044 975 νέα
1069 939 1128 974 τε
1159 923 1254 976 καὶ
1275 923 1367 978 διά
1387 925 1625 996 Χριστοῦ
1650 928 1863 999 Γραφὴ,

281 1012 343 1068 τὸ
361 1011 586 1076 τελείως
608 1011 813 1081 ἀγαθὸν
843 1012 1194 1084 εἰσφέρουσα,
1222 1032 1241 1066 ι
1265 1015 1565 1087 Πωλήσατε
1593 1017 1664 1072 τά
1691 1019 1866 1089 ὑπάρ-

281 1119 469 1173 χοντα,
498 1102 664 1176 φησι,
690 1103 786 1157 καὶ
821 1104 944 1158 δότε
975 1105 1370 1176 ἐλεημοσύνην,
1411 1109 1510 1162 καὶ
1543 1108 1652 1162 ἰδοὺ
1689 1110 1869 1166 πάντα

283 1195 444 1250 εὔοδα
472 1197 549 1264 (ί)
582 1198 711 1268 ὑμῖν
741 1197 924 1252 ἔσται’
953 1215 970 1249 ι
1002 1197 1030 1251 ὃ
1051 1197 1115 1268 δὴ
1134 1198 1229 1252 καὶ
1246 1199 1539 1270 δεδράκασι
1566 1201 1675 1254 τῶν
1705 1218 1870 1255 πεπι-

286 1290 592 1342 στευκότων
629 1289 792 1352 τινές.
830 1309 848 1339 ι
877 1289 1285 1360 Προσεκόμιξον
1311 1290 1420 1362 γὰρ
1451 1293 1670 1364 χωρίων
1690 1309 1750 1346 τε
1776 1294 1870 1348 καὶ

281 1379 476 1434 οἰκιῶν
518 1380 720 1452 τιμὰς,
754 1381 850 1438 καὶ
892 1381 1144 1436 ἐτίθεσαν
1189 1381 1346 1455 παρὰ
1389 1383 1520 1446 τοὺς
1562 1383 1732 1445 πόδας
1762 1384 1871 1439 τῶν

233 1508 236 1512 ~
282 1471 603 1526 ἀποστόλων
628 1512 644 1537 ,
696 1473 952 1528 διεδίδοτο
997 1474 1054 1528 δὲ
1116 1474 1336 1547 ἑκάστῳ
1364 1513 1380 1540 ,
1417 1475 1606 1530 καθότι
1663 1475 1730 1530 ἀν
1788 1494 1874 1539 τις

282 1563 476 1634 χρείαν
504 1559 704 1634 εἶχεν.)
744 1565 965 1636 Ἐπειδὴ
985 1565 1041 1620 δὲ
1077 1567 1429 1637 στοιχειωτής
1461 1568 1611 1621 ἐστιν
1633 1569 1661 1621 ὀ
1687 1567 1872 1639 νόμος,

282 1654 380 1708 καὶ
418 1655 500 1718 εἰς
531 1654 709 1724 ἀρχὰς
735 1654 1005 1726 ἀποφέρει
1041 1654 1150 1708 τῶν
1187 1655 1385 1724 λογίων
1417 1655 1512 1709 τοῦ
1545 1655 1704 1720 Θεοῦ,
1734 1673 1869 1728 προ-

285 1744 585 1816 μελέτησιν
611 1743 802 1817 ὥσπερ
834 1745 956 1799 τινὰ
989 1744 1091 1816 τῆς
1132 1747 1212 1810 εἰς
1256 1745 1444 1800 τοῦτον
1468 1747 1664 1819 τρίϐου
1696 1750 1862 1801 ποιεῖρ

283 1837 420 1891 σθαι
447 1838 776 1908 προστάττει
803 1838 866 1892 τὸ
889 1838 966 1902 ὠς
999 1839 1056 1890 ὲν
1090 1838 1292 1906 ὀλίγοις
1317 1837 1568 1908 ἄφθονον,
1597 1838 1686 1894 διὰ
1713 1839 1874 1894 τοῦτό

283 1943 454 1996 φησιν
476 1944 491 1958 ⁸
520 1945 540 1979 ‹
566 1925 691 1982 Ἐὰν
717 1927 774 1981 δὲ
793 1928 1014 2000 ἀμήσῃς
1041 1929 1369 1999 ἀμητόν-σου
1391 1929 1449 1982 ὲν
1480 1927 1558 1998 τῷ
1574 1928 1730 2000 ἀγρῷ
1755 1947 1871 1995 σου,

283 2018 384 2072 καὶ
411 2017 648 2090 ὲπιλάθῃ
674 2017 891 2090 δράχμα
926 2021 984 2072 έν
1013 2019 1093 2089 τῷ
1129 2019 1285 2091 ἀγρῷ
1317 2035 1434 2084 σου,
1465 2019 1566 2073 οὐκ
1597 2020 1871 2092 ἀναστρα-

284 2109 440 2179 φήσῃ
481 2107 666 2163 λαϐεῖν
692 2108 846 2162 αὐτό·
893 2109 972 2181 τῷ
1019 2109 1240 2181 πτωχῷ,
1292 2111 1388 2166 καὶ
1429 2110 1509 2181 τῷ
1551 2111 1875 2183 προσηλύτῳ

286 2202 388 2255 καὶ
423 2201 503 2273 τῷ
533 2202 755 2274 ὀρφανῷ
787 2201 882 2257 καὶ
912 2206 978 2274 τῇ
1009 2205 1155 2275 χήρᾳ
1181 2203 1356 2267 ἔσται,
1391 2205 1478 2258 ἵνα
1513 2205 1786 2278 εὐλογήσῃ
1815 2221 1875 2257 σε

287 2291 498 2365 Κύριος
522 2295 551 2346 ὀ
587 2293 720 2358 Θεός
753 2311 847 2348 σου
887 2295 946 2347 ὲν
978 2296 1112 2349 πᾶσι
1147 2297 1262 2359 τοῖς
1300 2294 1484 2367 ἔργοις
1515 2296 1625 2350 τῶν
1676 2297 1878 2368 χειρῶν

289 2398 410 2436 σοιν
444 2382 541 2437 ἐὰν
565 2383 621 2436 δὲ
649 2383 962 2456 ὲλαιολογῇς
991 2384 1088 2456 (2).
1119 2385 1221 2438 οὐκ
1249 2385 1685 2456 ὲπαναστρέψεις
1709 2385 1878 2440 καλα-

292 2472 579 2543 μὴσασθαι
631 2473 701 2528 τά
743 2474 918 2528 ὀπίσω
961 2493 1076 2540 σου,
1138 2475 1218 2547 τῷ
1282 2475 1609 2548 προσηλύτῳ
1655 2477 1752 2532 καὶ
1801 2475 1879 2547 τῷ

289 2564 514 2635 ὀρφανῷ
543 2566 640 2619 καὶ
659 2568 723 2637 τῇ
753 2567 898 2637 χήρᾳ
921 2566 1098 2634 ἔσται,
1127 2567 1220 2621 καὶ
1246 2568 1534 2640 μνησθήσῃ
1559 2569 1641 2622 ὅτι
1661 2569 1880 2638 οἰκέτης

288 2648 440 2722 ἦσθα
471 2655 530 2705 έν
563 2656 634 2724 γῇ
665 2655 964 2723 Αἰγύπτου,
998 2657 1086 2710 διὰ
1119 2655 1278 2710 τοῦτο
1307 2658 1418 2726 ἐγώ
1448 2674 1531 2711 σοι
1562 2658 1880 2728 ἐντέλλομαι

290 2743 471 2794 ποιεῖν
494 2741 555 2794 τὺ
577 2742 728 2813 ῥῆμα
743 2743 922 2800 τοῦτο.
949 2747 1075 2800 Ἐὰν
1093 2747 1150 2800 δὲ
1169 2749 1343 2820 τρυγνή
1353 2765 1450 2819 σῃς
1471 2748 1560 2803 τὸν
1581 2749 1884 2820 ἀμπελῶνά

294 2848 414 2895 σου,
444 2833 546 2886 οὐκ
581 2834 1042 2910 ὲπανατρυγήσῃς
1089 2838 1250 2892 αὐτὸν
1296 2839 1368 2893 τά
1415 2839 1590 2895 ὀπίσω
1639 2859 1754 2906 σου,
1797 2841 1877 2911 τῷ

292 2923 628 2997 προσηλύτῳ
657 2927 750 2980 καὶ
781 2927 859 2999 τῷ
900 2929 1122 3000 ὀρφανῷ
1167 2931 1261 2984 καὶ
1293 2933 1359 3002 τῇ
1399 2932 1548 3003 χήρᾳ
1583 2932 1758 2997 ἔσται,
1790 2935 1884 2988 καὶ

1962 462 2061 519 des
2075 461 2386 518 mercedem
2399 461 2570 532 ipsius
2585 479 2600 528 ;
2615 477 2728 516 non
2738 461 2952 516 occidet
2967 461 3048 516 sol
3063 476 3229 531 super
3243 461 3413 527 illam,
3429 463 3556 534 quia

1962 570 2170 626 pauper
2181 563 2284 618 est,
2298 564 2353 610 et
2368 555 2423 609 in
2435 554 2527 610 illa
2539 554 2706 609 habet
2717 569 2896 624 spem:
2912 561 2967 608 et
2978 569 3088 608 non
3099 553 3357 608 clamabit
3368 556 3557 616 contra

1967 653 2017 700 te
2031 646 2096 700 ad
2112 646 2432 712 Dominum;
2451 655 2633 701 etnon
2649 647 2758 700 erit
2771 645 2828 699 in
2847 654 2897 700 te
2915 654 3200 716 peccatum
3222 645 3286 699 ν’.
3313 665 3330 696 ι
3356 645 3557 701 Intelli-

1964 738 2046 807 gis
2067 736 2231 806 igitur
2263 736 2723 808 quemadmodum
2743 736 2812 792 ad
2846 737 3287 792 benevolentiam
3308 753 3409 793 nos
3438 753 3558 792 mu-

1967 836 2116 901 tuam
2157 828 2522 898 compellens,
2571 828 2831 899 pauperis
2871 829 3170 883 clamorem
3199 829 3558 884 extimescere

1966 919 2228 978 suadeat?
2245 917 2326 974 Ac
2351 933 2493 973 nova
2507 919 2730 987 quidem
2751 919 3056 990 Scriptura,
3077 929 3134 975 et
3158 936 3259 990 per
3276 920 3557 987 Christum

1967 1008 2188 1073 tradita,
2214 1007 2512 1077 perfectam
2536 1008 2799 1062 virtutem
2829 1007 3116 1063 inferens:
3147 1027 3164 1058 ‹
3195 1008 3449 1073 Vendite,
3470 1008 3556 1060 in-

1967 1102 2108 1172 quit,
2131 1115 2254 1173 qua:
2273 1099 2510 1165 habetis,
2535 1107 2589 1156 et
2610 1100 2734 1164 date
2756 1099 3191 1170 eleemosynam;
3215 1109 3270 1153 et
3294 1115 3420 1156 ecce
3444 1114 3560 1154 om-

1969 1190 2060 1260 nia
2082 1205 2348 1262 prospere
2367 1189 2568 1245 cedent
2587 1190 2744 1262 vobis
2773 1191 2838 1244 ¹⁸.
2869 1209 2888 1242 ι
2919 1188 3076 1256 Quod
3107 1190 3284 1260 ipsum
3314 1190 3560 1252 fecerunt

1968 1296 2042 1336 ex
2061 1281 2149 1347 iis,
2188 1281 2282 1352 qui
2317 1282 2671 1338 crediderant
2696 1283 2946 1338 nonnulli
2977 1301 2991 1336 :
3025 1302 3042 1334 ι
3073 1282 3393 1354 Alferebant
3413 1283 3559 1336 enim

1970 1387 2230 1446 agrorum
2265 1381 2322 1432 et
2352 1373 2641 1428 domorum
2676 1375 2875 1444 pretia,
2904 1383 2968 1429 et
2990 1375 3269 1444 ponebant
3298 1374 3365 1428 ad
3396 1375 3563 1445 pedes

1971 1466 2344 1538 apostolorum
2365 1484 2378 1518 :
2398 1465 2832 1523 distribuebatur
2859 1474 3042 1534 autem
3064 1467 3379 1537 unicuique,
3399 1477 3564 1537 prout

1973 1558 2174 1628 cuique
2197 1573 2339 1628 opus
2359 1565 2480 1613 erat
2514 1557 2577 1612 ίθ.
2611 1577 2629 1608 ι
2661 1556 2788 1623 Sed,
2815 1559 3073 1631 quoniam
3095 1559 3180 1618 lex
3207 1559 3563 1614 elementaria

1976 1659 2082 1714 est,
2115 1657 2173 1704 et
2199 1650 2280 1707 .ad
2309 1649 2466 1705 initia
2497 1650 2648 1706 ducit
2673 1666 2990 1708 sermonum
3022 1651 3141 1716 Dei,
3172 1651 3330 1722 jubet
3363 1663 3424 1705 ut
3462 1651 3567 1705 hac

1975 1738 2031 1796 in
2060 1740 2275 1812 exiguis
2299 1741 2467 1797 rebus
2491 1741 2846 1808 liberalitate,
2869 1740 3098 1815 perinde
3126 1757 3192 1796 ac
3209 1741 3408 1811 praevia
3433 1756 3568 1812 qua-

1974 1831 2100 1888 dam
2130 1833 2546 1898 exercitatione,
2573 1832 2828 1906 homines
2867 1841 3113 1898 utantur,
3155 1849 3264 1904 qua
3291 1833 3358 1887 ad
3383 1832 3565 1902 perfe-

1975 1924 2174 1980 ctionis
2205 1925 2325 1996 ejus
2351 1925 2602 1982 semitam
2635 1925 3106 1996 perducereutur;
3133 1933 3428 1995 propterea
3479 1924 3565 1978 in-

1974 2015 2097 2088 quit
2141 2033 2154 2071 :
2189 2033 2208 2068 ι
2255 2015 2312 2072 Si
2351 2016 2648 2072 messueris
2681 2032 2917 2074 messem
2971 2024 3119 2082 tuam
3164 2016 3220 2072 in
3258 2031 3389 2086 agro
3437 2024 3565 2080 tuo,

1976 2117 2034 2166 et
2065 2110 2291 2166 latuerit
2340 2118 2394 2166 te
2439 2109 2752 2180 manipulus
2795 2110 2852 2168 iu
2898 2125 3029 2180 agro
3073 2117 3189 2173 tuo,
3231 2124 3342 2164 non
3377 2123 3568 2162 rever-

1977 2199 2112 2268 teris
2167 2199 2359 2255 tollere
2397 2199 2586 2265 illum;
2637 2199 2902 2270 pauperi,
2952 2207 3008 2254 et
3040 2199 3320 2268 orphano,
3370 2207 3427 2252 et
3469 2194 3568 2251 ad-

1977 2287 2186 2357 venae,
2224 2300 2282 2348 et
2335 2290 2516 2347 vidua:
2561 2290 2697 2357 erit;
2760 2299 2826 2344 ut
2873 2290 3164 2346 benedicat
3216 2297 3268 2344 te
3304 2289 3572 2345 Dominus

1978 2385 2125 2441 Deus
2155 2393 2284 2440 tuus
2312 2384 2368 2445 in
2400 2383 2662 2455 operibus
2685 2398 2946 2444 manuum
2976 2392 3224 2448 tuarum;
3249 2390 3324 2444 et,
3354 2382 3398 2438 si
3423 2382 3571 2436 oleas

1980 2475 2284 2546 collegeris,
2299 2490 2408 2532 non
2425 2473 2718 2532 reverteris
2731 2473 2800 2527 ad
2820 2473 3057 2542 reliquas
3086 2470 3420 2540 colligendas
3449 2484 3571 2540 qua:

1981 2574 2110 2622 sunt
2140 2573 2264 2637 post
2298 2574 2384 2632 te;
2417 2565 2659 2630 advena,
2684 2574 2742 2620 et
2766 2565 3033 2635 orphano,
3059 2571 3116 2626 et
3143 2561 3322 2617 vidua:
3362 2568 3526 2616 erunt
3553 2578 3567 2614 :

1981 2664 2039 2710 et
2070 2656 2448 2718 recordaberis
2471 2655 2618 2726 quod
2642 2671 2836 2710 servus
2865 2653 3034 2709 fueris
3068 2653 3123 2706 in
3153 2663 3298 2710 terra
3313 2649 3566 2723 Egypti:

1983 2744 2110 2799 ideo
2138 2759 2240 2816 ego
2267 2745 2528 2818 praecipio
2561 2745 2662 2802 tibi
2694 2754 2755 2800 ut
2784 2744 2951 2800 facias
2983 2743 3216 2804 verbum
3259 2742 3381 2814 hoc.
3409 2743 3477 2797 Et
3525 2743 3568 2798 si

1983 2835 2410 2892 vindemiaveris
2432 2837 2646 2892 vineam
2673 2846 2842 2901 tuam,
2871 2851 2984 2889 non
3006 2834 3437 2892 revindemiabis
3453 2850 3574 2903 quae

1985 2937 2115 2982 sunt
2139 2936 2263 2999 post
2287 2937 2368 2995 te;
2388 2927 2632 2993 advenas,
2647 2936 2704 2983 et
2719 2928 3063 2998 orphano,.et
3084 2927 3263 2981 vidua:
3284 2934 3449 2981 erunt
3476 2943 3488 2980 :
3518 2931 3585 2980 et

296 3014 593 3088 μνησθήσῃ
630 3017 711 3071 ὄτι
761 3018 980 3090 οἰκέτης
1023 3015 1167 3090 ἦσθα
1219 3021 1278 3075 ὲν
1331 3023 1402 3092 γῇ
1454 3021 1735 3094 Αἰγύπτῳ.
1785 3023 1879 3078 Διά

1988 3018 2369 3075 recordaberis
2405 3021 2556 3090 quod
2593 3035 2787 3076 servus
2831 3019 3004 3074 fueris
3042 3019 3098 3074 in
3127 3026 3270 3074 terra
3311 3015 3526 3089 A‘Sgypti
3556 3034 3571 3069 :

293 3106 460 3161 τοῦτο
478 3107 590 3176 ἐγώ
613 3125 694 3163 σοι
722 3110 1036 3181 ἐντέλλομαι
1061 3113 1234 3165 ποιεῖν
1258 3113 1319 3166 τὸ
1350 3114 1500 3184 ῥῆμα
1528 3113 1738 3169 τοῦτο.»
1772 3117 1889 3169 Κα-

293 3195 393 3250 λὸν
425 3197 536 3270 γὰρ
579 3200 638 3252 ὲν
679 3200 968 3272 εὐθυμίαις
1012 3202 1074 3256 τὸ
1119 3204 1521 3275 διαμεμνῆσθαι
1561 3206 1761 3271 πόνων,
1793 3207 1889 3262 καὶ

295 3288 537 3358 θλίψεως
561 3290 664 3362 τῆς
687 3292 1047 3365 ἀρχαιοτέρας
1068 3310 1082 3325 ο
1115 3295 1274 3348 καλεῖ
1305 3295 1414 3368 γὰρ
1441 3297 1503 3351 τὸ
1535 3298 1725 3370 χρῆμα
1751 3299 1888 3370 πρὸς

297 3381 695 3453 φιλοπτωχίαν,
723 3385 819 3438 καὶ
860 3386 959 3456 τῆς
993 3387 1294 3458 εὐημερίας
1331 3388 1390 3441 τὸ
1435 3388 1655 3456 πλάτος,
1707 3391 1888 3464 ἀμνη-

301 3475 490 3544 μονεῖν
518 3474 620 3528 οὐκ
639 3475 704 3546 ἑᾷ
727 3475 835 3528 τῶν
864 3477 924 3530 ὲν
948 3475 1126 3549 ἐνδείᾳ
1151 3477 1358 3534 κακῶν.

375 3646 588 3704 num.
625 3647 873 3720 ’Δληθές.

378 3742 544 3797 ΚΥΡ.
581 3742 692 3798 Θέα
717 3743 775 3798 δὲ
809 3745 956 3812 ὅπως
1003 3745 1153 3814 ἡμᾶς
1197 3745 1596 3816 εὐτεχνέστατα
1635 3749 1727 3803 καὶ
1768 3748 1888 3804 λίαν

301 3832 540 3899 ἀστείως
577 3835 828 3899 ἀπεθίζει
867 3836 967 3907 μὲν
999 3837 1108 3890 τῶν
1149 3837 1432 3908 χειρόνων,
1475 3839 1568 3892 καὶ
1611 3839 1889 3896 ἀποσπου-

305 3925 492 3990 δᾶζειν
532 3925 815 3980 ἀναπείθει
849 3926 911 3980 τὺ
957 3925 1301 3997 ἀσυμπαθὲς,
1357 3929 1626 3997 προσάγει
1679 3929 1737 3982 δὲ
1774 3932 1888 3994 τοῖς

307 4014 578 4085 ἀμείνοσι,
614 4017 708 4072 καὶ
745 4019 857 4081 τοῖς
906 4020 1006 4087 τῆς
1050 4018 1404 4090 φιλαλληλίας
1440 4019 1728 4090 ὲμΰιϐάξει
1760 4020 1887 4091 τρό-

309 4124 432 4171 ποις
456 4124 472 4139 °
523 4107 824 4178 προτρέπει
877 4110 976 4180 μὲν
1013 4109 1124 4182 γὰρ
1157 4108 1302 4164 εἶτον
1341 4111 1546 4165 δέοιντο
1576 4112 1758 4182 τυχὸν,
1796 4113 1889 4164 ὲκ-

305 4183 571 4262 δανείζειν
600 4198 868 4267 ἀδελφοῖς,
919 4199 1174 4271 ἀπείργει
1220 4200 1276 4254 δὲ
1311 4201 1507 4265 τόκων,
1548 4201 1644 4255 καὶ
1683 4201 1889 4256 διωθεῖ-

312 4288 435 4341 σθαι
463 4291 792 4360 προστάττει
825 4289 1218 4361 πλεονασμούς.
1250 4291 1664 4362 Προσεπιτάξας
1687 4290 1744 4344 δὲ
1774 4290 1888 4344 δεῖν

1991 3110 2115 3165 ideo
2161 3127 2262 3182 ego
2304 3113 2564 3182 prtecipio
2607 3113 2717 3168 tibi-
2748 3120 2809 3168 ut
2846 3112 3012 3168 facias
3044 3113 3276 3182 verbum
3326 3111 3430 3165 hoc
3460 3112 3520 3163 ’⁷.
3547 3129 3565 3161 ι

1989 3201 2319 3256 Praeclarum
2341 3211 2426 3257 est
2444 3204 2591 3258 enim
2616 3204 2674 3258 in
2699 3203 2888 3260 laetitia
2909 3204 3224 3264 meminisse
3248 3203 3460 3258 laborm
3477 3217 3498 3256 ι
3519 3209 3575 3256 et

1988 3291 2298 3347 amictionis
2331 3294 2590 3364 antiquaa,
2632 3309 2758 3349 nam
2799 3309 2865 3350 ea
2903 3311 2992 3350 res
3023 3296 3090 3350 ad
3148 3295 3470 3350 charitatem
3514 3293 3568 3347 in

1987 3396 2259 3454 pauperes
2281 3383 2516 3438 excitat:
2544 3391 2600 3437 et
2621 3391 2848 3456 propter
2869 3384 3148 3440 felicitatis
3179 3383 3566 3441 abundantiam

1989 3472 2238 3528 oblivisci
2290 3489 2400 3528 non
2437 3475 2568 3531 sinit
2599 3474 2867 3540 malorum
2905 3491 3026 3546 quae
3065 3475 3414 3549 pertulimus,
3443 3491 3570 3534 cum

1989 3563 2047 3618 in
2073 3579 2258 3618 rerum
2283 3564 2468 3636 inopia
2490 3580 2863 3624 versaremur.

2059 3653 2258 3708 PALL.
2289 3653 2428 3710 Vera
2456 3653 2614 3715 dicis.
3431 3723 3434 3726 λ

2056 3745 2214 3804 CYR.
2242 3747 2376 3804 Vide
2400 3757 2586 3806 autem
2619 3764 2782 3822 quam
2811 3749 3104 3820 artificiose
3127 3761 3183 3812 et
3204 3751 3482 3825 eleganter
3502 3752 3573 3808 ab

1989 3839 2341 3909 improbitate
2373 3857 2590 3898 morum
2621 3858 2723 3900 nos
2755 3844 3000 3909 abducit,
3037 3852 3096 3900 et
3132 3844 3417 3899 dediscere
3444 3860 3572 3899 sua-

1988 3931 2082 3986 det
2110 3932 2602 4000 inbumanitatem;
2635 3935 2856 3991 adducit
2883 3937 3013 3990 item
3041 3935 3109 3990 ad
3143 3935 3571 3990 melioremfru-

1988 4039 2132 4093 gem,
2170 4031 2228 4078 et
2277 4023 2344 4078 ad
2399 4033 2652 4079 mutuum
2691 4040 2936 4081 amorem
2980 4026 3282 4082 transfert:
3321 4027 3573 4088 hortatur

1987 4115 2136 4170 enim
2167 4121 2228 4167 ut
2249 4113 2537 4180 fratribus,
2572 4115 2618 4170 si
2645 4130 2843 4185 quare
2869 4116 3164 4186 indigeant,
3204 4125 3518 4176 mutuemus
3553 4136 3570 4173 :

1988 4203 2249 4274 prohibet
2268 4212 2452 4259 autem
2477 4220 2693 4270 usuras,
2715 4213 2771 4259 et
2793 4205 3346 4274 superabundantiam
3369 4223 3434 4263 ac
3453 4223 3573 4263 sor-

1992 4295 2062 4350 tis
2083 4302 2434 4366 augmentum
2461 4295 2727 4365 repellere
2747 4294 2926 4366 jubet.
2952 4295 3034 4350 Ad
3069 4295 3206 4362 haec,
3232 4313 3357 4352 cum
3379 4297 3572 4368 jussis-

311 4379 389 4450 μὴ
427 4372 570 4432 εἶναι
598 4380 912 4448 φορτικοὺς,
942 4379 1078 4451 μήτε
1115 4379 1223 4449 μὴν
1253 4378 1534 4447 ἐγκεῖσθαι
1561 4379 1674 4441 τοῖς
1702 4378 1879 4448 ὠφλη-

1992 4391 2099 4450 set,
2128 4398 2199 4438 ne
2244 4384 2462 4440 molesti
2503 4384 2695 4449 simus,
2726 4399 2906 4454 neque
2943 4383 3222 4440 debitores
3255 4401 3566 4456 urgeamus,

314 4468 484 4535 κόσιν,
523 4470 720 4538 ἄφεσιν
761 4471 938 4542 χρεῶν
978 4472 1252 4525 ποιεῖσθαι
1299 4471 1532 4526 κελεύει.
1587 4471 1794 4543 Γράφει
1830 4471 1889 4525 δὲ

311 4561 483 4626 οὕτως
507 4578 521 4591 ο
559 4582 578 4616 σ
609 4562 726 4616 Οὐκ
773 4565 1038 4627 ἐκτοκιεῖς
1075 4562 1155 4634 τῷ
1194 4563 1414 4634 ἀδελφῷ
1466 4579 1561 4618 σου
1604 4563 1762 4618 τόκον
1793 4562 1890 4634 ἀρ⁴

311 4655 525 4724 γυρίου,
579 4655 676 4709 καὶ
731 4655 892 4709 τόκον
941 4655 1270 4726 βρωμάτων,
1336 4655 1430 4710 καὶ
1475 4655 1634 4710 τόκον
1689 4654 1890 4718 παντὸς

313 4744 660 4816 πράγματος,
700 4741 762 4804 οὗ
796 4747 892 4802 ὲάν
919 4747 1234 4818 ὲκδανείσῃς
1265 4746 1344 4817 τῷ
1364 4745 1648 4820 ἀλλοτρίῳ,
1673 4746 1774 4804 οὐκ
1799 4747 1892 4800 ἐκ·

314 4840 546 4900 τοκιεῖςο
590 4837 682 4890 ἵνα
730 4838 998 4910 εύλογήσῃ
1043 4837 1248 4908 Κύριος
1294 4838 1324 4891 ὁ
1366 4837 1500 4901 Θεός
1525 4855 1619 4890 σου
1652 4839 1710 4890 ὲν
1754 4837 1887 4891 πᾶσι

315 4931 423 4992 τοῖς
469 4929 652 5000 ἔργοις
693 4947 786 4983 σου
830 4929 922 4982 ἐπὶ
966 4929 1066 4998 τῆς
1116 4930 1252 4999 γῆς,
1302 4929 1374 4999 ἢν
1427 4928 1725 5000 εἰσπορεύῃ
1773 4930 1893 4982 ἐκεῖ

317 5019 720 5091 κληρονομῆσαι
745 5021 934 5091 αὑτήν.
973 5038 996 5071 ι
1030 5020 1196 5073 Ὅσον
1240 5019 1340 5090 μὲν
1382 5020 1494 5092 γάρ
1531 5014 1666 5091 ἧκεν
1703 5019 1785 5082 είς
1823 5034 1889 5088 γε

316 5111 410 5184 τὴν
441 5111 536 5165 τοῦ
557 5112 849 5182 νομοθέτου
882 5111 1158 5183 βούλησιν,
1191 5113 1483 5186 προῦκειτο
1511 5112 1578 5166 ἂν
1618 5109 1890 5181 ἀφθόνως,

320 5201 391 5266 ὡς
436 5203 626 5274 ὀθνείῳ
681 5221 740 5256 τε
777 5203 912 5274 ὁμοῦ
958 5203 1056 5257 καὶ
1094 5204 1342 5272 ἀδελφοῖς
1384 5202 1445 5256 τὸ
1472 5201 1580 5255 τῶν
1611 5203 1670 5256 ὲν
1701 5200 1893 5256 πλάτει

321 5295 655 5365 περιουσίας,
702 5295 875 5362 δεξιὸν
921 5295 1016 5350 καὶ
1045 5297 1327 5368 φιλότιμον
1354 5311 1368 5326 ο
1414 5314 1431 5346 ‹
1462 5295 1632 5349 Παντὶ
1673 5294 1783 5364 γὰρ
1815 5292 1894 5364 τῷ

319 5385 556 5444 αἰτοῦντί
610 5404 672 5441 σε
702 5387 866 5452 δίδου,
915 5388 1084 5459 φησιν
1125 5391 1154 5442 ὀ
1197 5387 1466 5460 Χριστὸς,
1514 5386 1608 5442 καὶ
1643 5387 1752 5442 ἀπὸ
1799 5385 1894 5439 τοῦ

331 5503 632 5627 ¹9¹⁵2136υι
660 5521 806 5570 xxiv,
849 5505 940 5571 14,
983 5506 1070 5561 15.
1177 5507 1218 5538 ⁸⁸
1258 5507 1392 5560 Luc.
1422 5522 1524 5570 xu,
1556 5505 1642 5560 53.

400 5689 473 5763 (ἰ)
507 5689 686 5750 Graeci
709 5693 893 5760 codd,
925 5692 1156 5766 καθαρά,
1198 5693 1412 5747 munda.

1748 5505 1792 5536 ¹⁶
1811 5504 1936 5566 Act.
1967 5519 2038 5569 Iv,
2082 5503 2171 5568 54,
2202 5503 2289 5558 55.

1992 4475 2154 4554 273
2197 4474 2579 4529 remissionem
2625 4491 2846 4548 quoque
2887 4477 3200 4534 debitorum
3243 4477 3362 4534 fieri
3389 4477 3567 4548 jubet.

1994 4563 2200 4620 Scribit
2219 4575 2405 4621 autem
2425 4565 2493 4622 ad
2515 4565 2664 4620 hunc
2685 4567 2907 4625 modum
2929 4586 2942 4623 :
2977 4587 2994 4620 ι
3024 4567 3142 4626 Non
3171 4567 3447 4623 fenerabis
3462 4567 3571 4622 fra-

1992 4655 2065 4709 tri
2099 4665 2192 4711 tuo
2219 4671 2442 4711 usuram
2467 4659 2698 4729 argenti,
2729 4669 2786 4714 et
2805 4674 3028 4718 usuram
3056 4659 3327 4724 ciborum,
3349 4667 3406 4714 et
3435 4671 3569 4713 usu-

1992 4761 2111 4800 ram
2145 4747 2519 4816 cujuscunque
2556 4748 2657 4814 rei,
2683 4763 2846 4818 quam
2885 4757 3078 4804 mutuo
3118 4748 3354 4813 dederis,
3387 4754 3569 4803 extra-

1992 4853 2101 4892 neo
2131 4853 2244 4892 non
2285 4837 2590 4906 fenerabis;
2615 4847 2676 4895 ut
2699 4840 2990 4896 benedicat
3016 4841 3118 4896 tibi
3141 4840 3405 4895 Dominus
3427 4840 3572 4894 Deus

1998 4937 2123 4985 tuus
2143 4929 2197 4984 in
2216 4929 2474 4985 omnibus
2497 4932 2758 5001 operibus
2778 4933 2887 4987 tuis
2903 4947 3069 5003 super
3087 4940 3308 4996 terram,
3323 4931 3390 4986 ad
3406 4945 3570 5002 quam

1995 5019 2301 5091 ingrederis
2328 5020 2714 5090 possidendam
2756 5022 2817 5076 ³⁸.
2855 5041 2874 5074 ι
2904 5022 3062 5088 Nam,
3098 5021 3261 5100 quod.
3279 5020 3477 5076 attinet
3503 5019 3572 5075 ad

1994 5108 2322 5179 legislatoris
2355 5111 2713 5177 voluntatem,
2754 5114 3033 5184 proposita
3073 5113 3296 5186 quidem
3326 5123 3436 5169 tam
3473 5129 3571 5169 ex-

1997 5210 2116 5255 tero
2143 5217 2307 5272 quam
2351 5201 2612 5270 fratribus
2653 5203 2848 5270 fuisset
2873 5221 3067 5261 eorum
3093 5206 3188 5275 qui
3221 5203 3573 5276 amplissimis

1997 5292 2196 5362 opibus
2207 5306 2409 5359 essent,
2427 5293 2735 5366 benignitas
2747 5303 2910 5366 atque
2926 5296 3354 5367 magnificentia:
3375 5314 3394 5346 ι
3413 5290 3572 5348 Omni

1998 5387 2168 5454 enim,
2195 5388 2377 5459 inquit
2400 5388 2673 5455 Christus,
2699 5390 2905 5458 petenti
2942 5397 3014 5453 te,
3056 5389 3264 5452 tribue;
3310 5395 3366 5440 et
3403 5382 3472 5438 ab
3503 5397 3572 5439 eo

2396 5504 2437 5536 ¹⁷
2468 5503 2627 5558 Deut.
2674 5519 2816 5565 xxrv,
2845 5501 3034 5557 19—21.
3141 5501 3186 5532 ⁸⁸
3212 5500 3370 5553 Deut.
3408 5513 3568 5565 χχιιι,

2077 5685 2150 5756 (:2)
2186 5684 2319 5740 Cod.
2365 5684 2557 5750 Vatic,
2594 5683 2689 5740 έάν
2720 5685 2777 5739 δε
2809 5683 2996 5740 ἐλαίαν
3033 5683 3287 5758 ἀλοὴσῃς.
