3990 6196
459 261 562 318 567

1482 268 1538 321 S.
1582 268 1856 323 CYRILLI
1895 267 2365 323 ALEXANDRINI
2403 268 2723 324 ARCHIEP.

3608 273 3715 335 563

455 378 552 448 qui
576 374 758 431 aufert
777 391 897 446 quae
920 384 1008 429 tua
1030 384 1177 441 sunt,
1202 391 1272 429 ne
1297 381 1597 447 repetas".
1626 379 1753 444 Sed,
1774 381 1903 451 quia
1927 396 2016 436 non

2139 381 2385 453 αἴροντος
2416 381 2481 435 τὰ
2528 381 2615 442 σά,
2652 380 2726 452 μὴ
2759 381 2998 435 ἀπαίτει.
3034 399 3053 431 ι
3104 370 3319 453 Ἐπειδῆ
3355 373 3542 437 δὲόὕκ
3569 386 3713 454 ἄγαν

454 478 577 525 erat
600 468 905 540 priscorum
929 467 1213 522 hominum
1236 469 1454 525 animus
1479 470 1533 525 in
1551 472 1765 543 iustitia
1788 474 1922 529 satis
1944 475 2037 529 lir-

344 556 430 587 ⁴”
456 576 608 626 mus,
642 559 712 614 ad
753 559 1017 614 virtutem
1061 558 1272 631 integre
1309 561 1698 630 perficiendam
1720 605 1734 630 ,
1770 566 2034 636 paulatim

454 647 801 720 progreditur
832 647 920 702 lex
949 648 1018 702 ad
1060 663 1183 704 eam
1223 666 1339 705 rem
1371 649 1681 719 instituens,
1717 663 1775 710 et
1806 656 2034 726 justitiae

454 741 676 796 modum
713 739 936 796 interim
960 741 1224 798 fratribus
1253 743 1560 815 vicinisque
1583 747 1809 802 metitur
1832 762 2035 804 :accu-

451 841 628 888 ratam
651 832 799 888 illam
826 832 1219 888 misericordia:
1237 833 1488 901 formam,
1509 843 1565 890 et
1586 836 1642 890 in
1662 845 1953 893 extraneos
1968 839 2034 895 li-

452 924 815 989 beralitatem,
842 932 898 979 et
919 924 973 978 in
999 939 1189 980 omnes
1212 926 1463 982 homines
1481 929 1922 984 communicandi
1948 930 2031 985 fa-

450 1015 738 1082 cilitatem,
760 1015 1076 1085 perfectiori
1100 1015 1431 1071 institutioni
1458 1033 1764 1083 reservans,
1790 1034 1914 1073 nam
1936 1034 2032 1074 us-

448 1119 559 1176 que
593 1105 663 1161 ad
696 1113 915 1176 tempus
948 1106 1311 1163 correctionis
1353 1107 1560 1163 umbrae
1595 1109 1887 1180 viguerunt
1924 1111 1970 1143 '°
2015 1128 2029 1165 :

448 1196 558 1252 hoc
586 1211 718 1252 vero
750 1204 967 1267 tempus
995 1197 1128 1251 illud
1153 1197 1277 1263 fuit,
1307 1213 1417 1268 quo
1441 1198 1693 1256 Christus
1717 1201 1958 1256 advenit.

518 1285 717 1341 PALL.
745 1285 1163 1357 Elegantissime
1180 1287 1389 1344 dixisti.

516 1375 674 1431 CYR.
702 1375 839 1431 Cum
874 1376 1059 1446 itaque
1084 1378 1360 1448 iussisset,
1404 1387 1464 1435 ut
1495 1388 1688 1437 mutuo
1723 1382 1940 1448 darent,
1975 1393 2033 1439 et

449 1468 701 1524 usuraria
724 1468 1061 1524 incrementa
1097 1470 1464 1540 praecidisset,
1504 1473 1701 1543 iisque,
1733 1476 1827 1545 qui
1867 1475 1923 1531 id
1948 1475 2034 1531 fa-

448 1571 658 1627 cerent,
716 1562 1163 1619 benedictionem
1219 1575 1366 1622 esset
1421 1568 1731 1638 pollicitus,
1797 1572 2031 1640 septimo

445 1663 570 1722 post
602 1669 678 1710 tes
713 1654 955 1710 alienum
992 1665 1334 1713 contractum
1367 1674 1512 1716 anno
1539 1669 1809 1726 vertente,
1839 1662 2030 1717 remit-

2135 469 2393 540 εύσθενὴς
2427 470 2535 523 τῶν
2575 471 2635 523 ἐν
2672 471 2869 540 ἀρχαῖς
2900 470 2992 523 ἐπὶ
3042 469 3357 542 δικαιοσύνῃ
3386 473 3416 525 6
3455 472 3611 538 νοῦς,
3633 475 3715 540 εἷς

2134 576 2199 628 γε
2247 558 2310 612 τὸ
2360 557 2639 630 περαίνειν
2689 558 3009 628 ἀμωμήτως
3057 555 3312 611 δύνασθαι
3361 557 3426 610 τὸ
3466 559 3713 629 ἀγαθὸν,

2134 646 2274 701 κατά
2307 644 2482 716 βραχὺ
2516 644 2763 716 πρόεισιν
2794 646 2879 697 ἐπ’
2912 643 3045 697 αὐτὸ
3072 645 3442 715 παιδαγωγῶν
3468 648 3498 700 6
3524 647 3720 718 νόμος,·

2133 737 2228 791 καὶ
2267 737 2360 790 τὸν
2402 736 2505 806 τῆς
2552 734 2901 806 δικαιοσύνης
2952 734 3152 807 τρόπον
3198 737 3598 807 ἐπιμετρεῖται·
3635 740 3713 803 ὡς

2134 828 2214 891 είς
2265 826 2529 896 ἀδελφοὺς
2579 826 2672 879 καὶ
2729 825 2975 893 γείτονας
2994 865 3009 889 ,
3057 824 3159 894 τῆς
3209 826 3611 897 εὐσπλαγχνίας
3653 830 3714 882 τὸ

2133 918 2388 990 ἀκριϐὲς,
2413 918 2508 972 καὶ
2531 917 2591 970 τὸ
2617 918 2697 981 είς
2717 915 2953 979 ὀθνείους
2972 915 3222 985 ἄφθονον,
3248 917 3339 970 καὶ⁵
3357 917 3418 971 τὸ
3444 920 3525 982 είς
3547 919 3715 972 amv-

2133 1025 2232 1071 τας
2263 1006 2600 1071 κοινωνικὸν,
2644 1005 2991 1077 παιδαγωγίᾳ
3035 1005 3217 1077 τηρῶν
3267 1009 3333 1078 τῇ
3382 1008 3710 1081 τελεωτέρα,

2136 1098 2298 1172 μέχρι
2319 1097 2431 1169 γὰρ
2465 1096 2655 1167 καιροῦ
2685 1095 3024 1168 διορθώσεως
3049 1097 3105 1149 αἱ
3126 1096 3294 1150 σκιαί’
3320 1097 3513 1167 καιρὸς
3544 1097 3604 1151 δέ
3640 1095 3709 1171 ἦν

2132 1183 2287 1252 οὗτος
2320 1192 2347 1243 6
2381 1189 2481 1258 τῆς
2517 1187 2754 1259 Χριστοῦ
2789 1187 3112 1258 παρουσίας.

2203 1281 2413 1335 ΠΑΛΛ.
2467 1279 2815 1333 Ἀστειότατα
2835 1278 2990 1349 ἔφης.

2203 1374 2366 1429 ΚΥΡ.
2410 1369 2822 1444 Προσεπιτάξας
2853 1368 2917 1440 δὴ
2948 1362 3041 1422 οὖν
3078 1368 3140 1422 τὸ
3171 1369 3367 1440 χρῆναι
3395 1369 3704 1442 διακιχρᾷνσ

2133 1466 2227 1519 καὶ
2284 1462 2658 1533 πλεονασμοὺς
2706 1456 3019 1529 ἀποτεμὼν,
3071 1459 3164 1512 καὶ
3204 1461 3316 1523 τοῖς
3356 1459 3515 1514 τοῦτο
3571 1462 3703 1533 δρᾷν

2132 1554 2411 1626 ἑλομένοις
2456 1552 2708 1621 εὐλογίαν
2741 1549 3188 1621 ὑπισχνούμενος,
3218 1551 3361 1604 ἐπτά
3390 1554 3504 1615 τοῖς
3539 1552 3706 1624 ὀφλή-

2136 1662 2299 1717 μασιν
2342 1643 2768 1715 ἐπελιττομένων
2798 1642 3081 1707 ἐνιαυτῶν,
3111 1644 3318 1697 ἀνεῖναι
3351 1645 3700 1714 προστάττει,

448 1753 565 1800 tere
587 1745 764 1817 jubet,
798 1755 1016 1818 tempus
1042 1748 1177 1805 illud
1208 1760 1556 1819 venerantes,
1592 1768 1702 1823 quo
1736 1754 2016 1808 universo-

2127 1738 2221 1791 τὸν
2246 1737 2346 1806 τῆς
2364 1736 2618 1790 ἁπάντων
2640 1735 2885 1804 ἀφέσεως
2903 1734 3180 1806 τιμῶντας
3199 1735 3410 1806 καιρὸν,
3434 1736 3699 1802 τουτέστι,

445 1851 567 1889 rum
606 1836 861 1893 remissio
882 1837 1069 1895 futura
1123 1848 1262 1905 erat,
1318 1840 1377 1896 id
1434 1851 1539 1907 est,
1587 1851 1807 1912 tempus
1825 1842 2031 1898 Christi

444 1924 736 1991 adventus,
769 1942 881 1998 quo
920 1944 1114 1985 omnes
1154 1929 1437 2000 iustificati
1476 1947 1667 1987 sumus
1708 1947 1808 2002 per
1828 1932 2027 1999 ﬁdem;

443 2026 502 2071 et
532 2026 787 2073 veterum
813 2028 1165 2089 peccatorum
1182 2020 1518 2078 oblivionem
1548 2022 1752 2094 adepti,
1786 2040 1912 2079 cum
1940 2025 2030 2081 ille

444 2122 559 2163 sua:
584 2110 734 2165 cruci
750 2110 1196 2182 chirographum,
1226 2114 1369 2183 quod
1385 2125 1503 2170 erat
1528 2112 1689 2171 nobis
1716 2115 2027 2183 adversum,

441 2198 677 2255 alliserit
698 2201 764 2265 εί,
798 2210 854 2257 et
889 2203 1154 2271 rationes,
1177 2220 1313 2275 quas
1342 2207 1775 2279 omniumjudici
1796 2208 2029 2268 reddere

441 2290 812 2358 debebamus,
861 2293 929 2349 de
985 2294 1168 2350 medio
1229 2296 1437 2352 tulerit.
1499 2298 1644 2353 Dicit
1700 2308 1886 2354 autem
1945 2302 2028 2358 sic

437 2395 635 2436 rursus
679 2381 733 2436 in
779 2383 1231 2453 Deuteronomio,
1277 2405 1298 2440 ι
1342 2387 1588 2460 Septimo
1624 2403 1843 2462 quoque
1880 2408 2026 2450 anno

438 2469 608 2526 facies
637 2472 1019 2529 remissionem
1056 2494 1070 2530 :
1124 2485 1179 2532 et
1212 2476 1526 2549 huiusmodi
1551 2489 1636 2535 est
1664 2481 1905 2536 edictum
1932 2499 2023 2539 re-

440 2562 739 2631 missionis,
776 2566 1046 2622 Remittes
1078 2581 1240 2625 omne
1277 2569 1526 2625 debitum
1553 2573 1850 2642 privatum,
1874 2575 2022 2645 quod

438 2653 607 2709 debet
648 2655 749 2710 tibi
778 2657 1093 2727 proximus;
1140 2669 1197 2716 et
1241 2675 1273 2715 a
1315 2660 1483 2716 fratre
1518 2671 1614 2717 tuo
1642 2678 1755 2719 non
1783 2673 2018 2736 repetes,

438 2747 568 2817 quia
595 2748 800 2805 indicta
815 2759 902 2807 est
928 2753 1179 2808 remissio
1206 2753 1437 2809 Domino
1458 2754 1569 2810 Deo
1595 2761 1689 2811 tuo
1716 2774 1729 2809 :
1753 2756 1822 2811 ab
1840 2757 2020 2813 alieno

438 2847 678 2909 repetes,
710 2856 1049 2913 quaecunque
1090 2851 1183 2899 tua
1229 2844 1437 2900 fuerint
1476 2846 1621 2916 apud
1651 2847 1836 2914 illum;
1864 2849 2017 2904 fratri

437 2936 620 2986 autem
647 2938 741 2987 tuo
773 2934 1153 2991 remissionem
1184 2936 1354 2991 facies
1381 2936 1575 3003 debiti,
1601 2938 1748 3007 quod
1787 2939 1886 2993 tibi
1924 2940 2018 2995 de-

435 3020 550 3085 bet,
569 3022 699 3093 quia
726 3041 835 3080 non
856 3027 964 3082 erit
990 3027 1045 3082 in
1074 3039 1127 3084 te
1146 3029 1547 3101 indigens,quia
1567 3029 1899 3087 benedicens
1916 3033 2015 3087 be-

2131 1826 2231 1895 τῆς
2255 1823 2349 1876 τοῦ
2380 1821 2617 1894 Χριστοῦ
2650 1822 2972 1892 παρουσίας,
3017 1822 3139 1875 καθ’
3165 1823 3224 1876 ὃν
3253 1824 3302 1876 οί
3336 1824 3534 1888 πάντες
3562 1824 3701 1878 δεδι-

2131 1911 2417 1984 ηιὼμεθα
2462 1914 2528 1983 τῇ
2564 1912 2766 1978 πίστει,
2806 1912 2915 1967 τῶν
2944 1914 3186 1984 ἀρχαίων
3214 1914 3701 1986 πλημμελημάτων

2131 2003 2229 2074 τὴν
2270 2004 2574 2074 ἀμνηστίαν
2609 2003 3079 2076 ἀποκερδαίοντες,
3116 2005 3565 2078 προσηλώσαντος
3604 2009 3702 2062 αύ-

2127 2094 2223 2148 τοῦ
2250 2094 2329 2165 τῷ
2372 2094 2485 2162 ίδίῳ
2516 2094 2732 2167 σταυρῷ
2764 2097 2825 2150 τὸ
2853 2096 2976 2150 καθ’
3002 2096 3160 2168 ἡμῶν
3190 2099 3574 2171 χειρόγραφον,
3605 2101 3701 2154 καὶ

2127 2190 2223 2255 οὓς
2240 2191 2570 2264 ὠφλήσαμεν
2594 2192 2784 2261 λόγους
2805 2192 2882 2264 τῷ
2907 2196 3090 2265 κριτῇ,
3126 2194 3483 2265 πεποιηκότος
3511 2197 3577 2249 ἐκ
3601 2194 3699 2264 μὲ-

2128 2300 2243 2337 σου.
2270 2283 2433 2353 Λέγει
2464 2283 2521 2337 δὲ
2550 2283 2692 2338 οὕτω
2717 2284 2878 2340 πάλιν
2904 2287 2962 2341 ἐν
2986 2286 3064 2356 τῷ
3099 2287 3507 2358 Δευτερονομίῳ
3527 2305 3540 2316 ·
3573 2306 3593 2339 ι
3617 2287 3697 2340 Δι’

2124 2375 2265 2429 ἐπτά
2286 2377 2420 2430 ἐτῶν
2438 2377 2682 2448 ποιήσεις
2709 2378 2920 2447 ἄφεσιν,
2954 2381 3047 2434 καὶ
3074 2380 3247 2443 οὕτως
3277 2380 3339 2433 τὸ
3367 2380 3700 2450 πρόσταγμα

2122 2462 2221 2534 τῆς
2248 2463 2496 2532 ἀφέσεως
2514 2482 2528 2497 ο
2561 2464 2817 2536 Ἀφήσεις
2847 2469 2956 2522 πᾶν
2984 2468 3141 2539 χρέος
3160 2470 3309 2534 ῐδιον,
3328 2469 3356 2522 6
3381 2468 3588 2538 ὀφείλει
3611 2485 3694 2522 σοι

2121 2555 2150 2607 6
2196 2554 2442 2624 πλησίον,
2478 2555 2574 2609 καὶ
2603 2555 2698 2610 τὸν
2722 2557 2949 2628 ἀδελφόν
2981 2576 3075 2614 σου
3107 2561 3207 2614 οὐκ
3246 2561 3587 2631 ἀπαιτήσεις,
3614 2561 3698 2614 ὅτι

2122 2646 2476 2718 ἐπικέκληται
2520 2648 2715 2718 ἄφεσις
2759 2651 2949 2724 Κυρίῳ
2993 2653 3071 2723 τῷ
3107 2654 3225 2726 Θεῷ
3253 2671 3367 2712 σου.
3405 2654 3509 2707 Τὸν
3535 2654 3697 2708 ἀλλόο

2118 2755 2268 2810 τριον
2304 2738 2630 2809 ἀπαιτήσεις
2675 2741 2774 2795 ὅσα
2806 2741 2902 2795 ἐάν
2939 2738 2973 2816 ᾖ
3008 2760 3090 2796 σοι
3130 2745 3259 2813 παρ’
3306 2744 3474 2815 αύτῷ.
3517 2745 3608 2815 Τῷ
3637 2744 3696 2799 δι

2119 2829 2331 2900 ἀδελφῷ
2364 2847 2459 2883 σου
2482 2829 2676 2900 ἄφεσιν
2705 2833 2954 2903 ποιήσεις
2977 2833 3071 2888 τοῦ
3095 2835 3290 2906 χρέους
3331 2851 3449 2899 σου,
3480 2836 3563 2888 ὅτι
3592 2837 3695 2890 οὐκ

2117 2920 2270 2975 ἔσται
2295 2923 2354 2975 ἐν
2378 2922 2460 2976 σοὶ
2487 2923 2695 2995 ἐνδεὴς,
2722 2924 2808 2978 ὅτι
2838 2926 3072 2995 εὐλογῶν
3098 2926 3381 2998 εύλογήσει
3407 2945 3464 2981 σε
3489 2928 3693 2997 Κύριος

2115 3012 2145 3064 6
2175 3012 2308 3077 Θεός
2334 3030 2426 3067 σου
2448 3015 2508 3066 ἐν
2537 3016 2602 3085 τῇ
2634 3018 2727 3087 γῇ,
2818 3016 3022 3089 Κύριος
3054 3018 3083 3070 6
3110 3016 3244 3081 Θεός
3274 3034 3367 3072 σου
3393 3019 3574 3073 δίδωσί
3610 3036 3693 3072 σοι

577 3074 699 3093 rm
728 3074 835 3080 ---η
859 3074 963 3082 -,,-
1077 3074 1127 3084 ,ν
1146 3074 1547 3101 ...ωουηυννη-
1569 3074 1899 3087 ..νην-,υνυς
1918 3074 1983 3087 ..υ

433 3112 656 3169 nedicet
685 3115 785 3170 tibi
819 3117 1084 3175 Dominus
1113 3121 1257 3177 Deus
1282 3131 1408 3176 tuus
1438 3122 1492 3176 in
1521 3130 1667 3177 terra
1715 3139 1877 3193 quam
1901 3126 2011 3179 Do-

2123 3105 2177 3157 ἐν
2208 3074 2394 3175 κλήρῳ
2421 3074 2965 3178 nubigenum;
2987 3074 3349 3179 utamur-Kal
3379 3108 3498 3180 μεθ’
3529 3110 3693 3183 ἔτερα

436 3202 622 3260 minus
670 3207 816 3263 Deus
871 3217 999 3266 tuus
1060 3211 1154 3266 dat
1207 3213 1306 3267 tibi
1359 3213 1413 3268 in
1468 3214 1901 3283 possessionem,
1949 3226 2011 3272 ut

433 3293 718 3363 possideas
772 3311 893 3352 eam
933 3300 999 3354 ".
1048 3318 1087 3351 »ν
1127 3300 1196 3354 Ει
1238 3309 1363 3370 post
1421 3302 1528 3356 alia
1585 3318 1779 3358 rursus
1819 3320 1832 3357 :
1895 3322 1915 3354 ι
1953 3302 2011 3358 Si

434 3392 619 3440 autem
648 3386 814 3443 fuerit
854 3388 911 3444 in
942 3396 996 3445 te
1026 3389 1279 3461 indigens
1306 3407 1373 3447 ex
1396 3392 1661 3449 fratribus
1690 3395 1798 3449 tuis
1822 3394 1877 3448 in
1903 3410 2010 3450 una

434 3477 720 3534 civitatum
768 3488 1010 3547 tuarum,
1062 3483 1117 3538 in
1152 3492 1297 3539 terra
1373 3500 1538 3555 quam
1580 3487 1843 3541 Dominus
1867 3487 2012 3542 Deus

436 3576 565 3624 tuus
594 3569 689 3625 dat
740 3570 863 3636 tibi,
900 3587 1011 3627 non
1057 3582 1272 3629 avertes
1314 3590 1411 3630 cor
1437 3584 1613 3640 tuum,
1634 3575 1798 3648 274
1832 3593 2010 3648 neque

436 3663 781 3733 constringes
824 3678 1047 3719 manum
1084 3671 1231 3719 tuam
1263 3681 1294 3721 a
1341 3666 1511 3724 fratre
1550 3677 1644 3722 tuo
1684 3668 2006 3740 indigente:

434 3751 691 3822 aperiens
710 3755 927 3824 aperies
954 3769 1175 3809 manum
1194 3762 1344 3811 tuam
1366 3756 1500 3827 ipsi;
1527 3763 1778 3811 mutuum
1795 3765 2010 3813 mutua-

436 3840 644 3912 bisipsi
674 3848 943 3913 quantum
972 3844 1306 3914 poposcerit,
1328 3852 1385 3899 et
1416 3852 1900 3917 quantumcunque
1926 3847 2010 3902 in-

433 3929 691 4001 diguerit.
723 3931 959 3989 Attende
1004 3933 1126 3998 tibi,
1172 3949 1242 3989 ne
1277 3934 1498 4003 quando
1544 3935 1616 3990 sit
1650 3936 1881 3991 verbum
1910 3953 2008 3993 oc-

433 4021 643 4077 cultum
677 4023 732 4079 in
757 4024 925 4080 corde
957 4031 1071 4091 tuo,
1106 4025 1389 4095 iniquitas,
1417 4025 1608 4083 dicens
1646 4045 1661 4081 :
1695 4030 2007 4101 Appropin-

433 4121 567 4182 quat
603 4115 870 4184 septimus
923 4132 1103 4173 annus
1156 4119 1518 4185 remissionis,
1568 4127 1624 4175 et
1656 4133 1892 4190 nequam
1937 4121 2009 4176 sit

435 4202 630 4258 oculus
652 4212 778 4259 tuus
810 4220 940 4277 erga
973 4206 1199 4262 fratrem
1240 4216 1394 4264 tuum
1424 4210 1788 4281 indigentem;
1818 4219 1874 4265 et
1895 4226 2004 4265 non

434 4292 532 4348 des
558 4293 660 4363 ipsi
691 4310 703 4346 ε
741 4304 798 4350 et
834 4295 1091 4352 clamabit
1124 4297 1414 4354 adversum
1439 4308 1490 4354 te
1522 4299 1590 4353 ad
1617 4300 1926 4362 Dominum,
1950 4307 2006 4353 et

2119 3195 2280 3248 πάλιν
2301 3212 2315 3226 ·
2344 3213 2363 3245 ι
2388 3196 2510 3250 Ἐἀν
2526 3195 2583 3250 δὲ
2610 3196 2834 3267 γένηται
2851 3200 2909 3253 ἐν
2927 3199 3011 3253 σοὶ
3026 3200 3207 3271 ἐνδεὴς
3223 3201 3288 3256 ἐκ
3312 3201 3425 3254 τῶν
3444 3202 3690 3271 ἀδελφῶν

2119 3298 2234 3348 σου,
2264 3284 2323 3337 ἐν
2364 3285 2465 3355 μιᾷ
2502 3284 2609 3338 τῶν
2646 3286 2854 3341 πόλεών
2883 3305 2998 3351 σου.
3036 3291 3096 3343 ἐν
3118 3292 3184 3361 τῇ
3227 3293 3296 3362 γῇ
3334 3292 3401 3363 ἦν
3428 3292 3632 3363 Κύριος
3663 3295 3693 3346 6

2116 3372 2248 3437 Θεός
2289 3391 2383 3427 σου
2428 3374 2609 3429 δίδωσί
2638 3395 2742 3441 σοι,
2774 3378 2875 3431 οὐκ
2917 3379 3275 3452 ἀποστρέψεις
3312 3384 3411 3454 τὴν
3458 3384 3690 3454 καρδίαν

2118 3481 2234 3532 σου,
2284 3464 2404 3518 οὐδὲ
2459 3464 2534 3536 μὴ
2586 3467 2887 3538 συσφίγξῃς
2937 3467 3034 3540 τὴν
3077 3471 3234 3541 χεῖρά
3283 3487 3376 3524 σου
3432 3472 3540 3524 ἀπὸ
3589 3472 3688 3525 τοῦ

2116 3554 2344 3623 ἀδελφοῦ
2373 3573 2487 3621 σου,
2511 3556 2603 3610 τοῦ
2632 3557 3000 3628 ἐπιδεομένου.
3050 3560 3305 3630 Ἀνοίγων
3334 3561 3564 3626 ἀνοίξεις
3587 3563 3689 3633 τὴν

2116 3646 2273 3717 χεῖρά
2303 3664 2396 3699 σου
2417 3647 2587 3719 αύτῷ,
2608 3649 2816 3704 δάνειον
2843 3650 3041 3715 δανιεῖς
3060 3651 3209 3722 αύτῷ
3232 3654 3354 3707 ὅσον
3376 3654 3443 3707 ἂν
3466 3655 3686 3724 ἐπιδέη-

2113 3754 2225 3803 ται,
2243 3739 2336 3792 καὶ
2350 3738 2472 3793 καθ’
2488 3740 2612 3794 ὅσον
2632 3741 2959 3813 ὑστέρείται.
2984 3742 3224 3814 Πρόσεχε
3247 3744 3456 3815 σεαυτῷ
3475 3746 3687 3816 μήποτε

2115 3828 2342 3900 γένηται
2370 3831 2521 3902 ῥῆμα
2545 3832 2788 3903 κρυπτὸν
2811 3835 2868 3887 ἐν
2889 3829 2954 3905 τῇ
2979 3834 3176 3906 καρδίᾳ
3197 3852 3290 3889 σου
3317 3837 3489 3908 ἀνόμη
3498 3855 3576 3907 μα
3604 3837 3688 3891 λέ-

2115 3936 2256 3988 γων·
2295 3921 2532 3991 Ἐγγίζει
2554 3922 2615 3976 τὸ
2640 3922 2759 3987 έτος
2785 3924 2848 3976 τὸ
2866 3924 3113 3995 ἓδδομον,
3140 3927 3259 3991 ἔτος
3283 3929 3383 3992 τῆς
3411 3929 3682 3997 ἀφέσεως,

2118 4011 2211 4065 καὶ
2240 4013 2642 4085 πονηρεύσηται
2666 4016 2696 4067 6
2714 4015 2992 4086 ὀφθαλμός
3018 4033 3111 4070 σου
3134 4018 3210 4089 τῷ
3233 4018 3447 4090 ἀδελφῷ
3477 4036 3572 4073 σου
3604 4018 3683 4090 τῷ

2114 4105 2468 4177 ἐπιδεομένῳ,
2501 4106 2594 4161 καὶ
2614 4107 2675 4160 ού
2695 4107 2800 4178 δῷς
2825 4108 2994 4180 αὐτῷ,
3023 4109 3115 4163 καὶ
3142 4109 3395 4180 βοήσεται
3415 4112 3556 4165 κατά
3588 4111 3683 4164 σοῦ

2114 4195 2250 4266 πρὸς
2276 4195 2497 4268 Κύριον,
2527 4198 2622 4251 καὶ
2655 4196 2807 4251 ἔσται
2844 4216 2926 4252 σοι
2950 4201 3196 4272 ἁμαρτία
3233 4202 3472 4273 μεγάληο
3506 4201 3682 4265 διδοὺς

2111 4287 2302 4351 δώσεις
2336 4287 2508 4359 αύτῷ,
2543 4289 2637 4341 καὶ
2676 4288 2885 4345 δάνειον
2907 4292 3104 4354 δανιείς
3142 4292 3292 4362 αὐτῷ
3313 4294 3437 4347 ὅσον
3458 4293 3525 4347 ἂν
3563 4295 3684 4346 ἐπι-
3787 4290 3799 4306 ⁹

434 4383 540 4438 erit
571 4384 672 4439 tibi
701 4396 988 4456 peccatum
1037 4403 1291 4457 magnum
1334 4404 1348 4440 :
1388 4388 1570 4443 dando
1607 4389 1765 4443 dabis
1796 4389 1919 4458 ipsi,
1950 4398 2005 4444 et

2123 4378 2295 4450 δέηταί
2329 4397 2445 4442 σου,
2487 4381 2579 4432 καὶ
2615 4380 2678 4432 οὐ
2711 4380 3000 4454 λυπηθήσῃ
3032 4386 3098 4455 τῇ
3134 4384 3332 4455 καρδίᾳ
3365 4402 3481 4449 σου,
3506 4385 3677 4438 διδόν-

437 4483 627 4529 mutuo
646 4476 924 4531 mutuabis
968 4476 1092 4546 ipsi,
1127 4483 1614 4545 quantumcunque
1643 4477 1742 4530 abs
1781 4484 1835 4531 te
1865 4493 2006 4546 opus

436 4565 693 4620 habuerit
724 4583 736 4619 :
770 4575 828 4621 et
862 4582 971 4621 non
1006 4565 1423 4619 contristaberis
1453 4565 1507 4620 in
1537 4567 1707 4622 corde
1733 4575 1848 4632 tuo,
1877 4584 2001 4623 cum

435 4656 534 4711 das
563 4657 695 4727 ipsi;
726 4657 856 4726 quia
888 4662 1111 4726 prOpter
1156 4655 1263 4709 hoc
1300 4654 1528 4710 verbum
1575 4657 1864 4713 bcnedicet
1900 4661 2001 4715 tibi

435 4752 697 4806 Dominus
715 4751 1022 4805 Deus-tuus
1038 4748 1091 4801 in
1116 4748 1372 4804 omnibus
1410 4748 1669 4819 operibus
1691 4749 1819 4815 tuis,
1855 4757 1913 4805 et
1944 4750 2000 4805 in

433 4843 708 4907 omnibus,
749 4841 817 4897 ad
846 4856 966 4911 qua:
1002 4840 1255 4910 injeceris
1287 4857 1509 4897 manum
1534 4853 1683 4899 tuam
1714 4843 1781 4896 ”.
1825 4863 1842 4895 ι
1880 4843 2009 4897 Non

434 4933 864 4998 contristaberis,
908 4933 1105 5003 inquit,
1142 4934 1197 4988 in
1228 4935 1394 4990 corde
1421 4942 1535 4999 tuo,
1570 4951 1695 4991 cum
1731 4936 1828 4990 das
1853 4935 1953 5005 ipsi
1985 4955 1997 4990 :

441 5044 459 5075 ι
488 5024 726 5081 Hilarem
769 5026 915 5081 enim
949 5025 1195 5081 datorem
1223 5026 1400 5098 diligit
1438 5027 1601 5091 Deus,
1656 5045 1676 5077 ι
1719 5034 1781 5080 ut
1813 5027 2004 5083 beatus

328 5170 329 5173 η
432 5114 634 5170 Paulus
657 5115 792 5170 dixit
814 5116 881 5169 “.

504 5205 700 5262 PALL.
732 5206 840 5263 Sed
863 5222 1102 5278 quonam
1125 5209 1288 5265 modo
1307 5210 1572 5280 septimus
1597 5226 1772 5265 annus
1798 5212 2000 5267 adven-

433 5306 550 5354 tum
571 5297 869 5355 Salvatoris
886 5299 1055 5354 nostri
1075 5299 1363 5371 signiﬁcat,
1382 5316 1491 5371 quo
1518 5310 1732 5372 tempus
1760 5305 2001 5358 omnium

433 5388 717 5443 hominum
746 5388 1087 5443 remissionis
1108 5390 1442 5446 declaratum
1477 5399 1580 5457 est,
1612 5407 1711 5449 seu
1734 5408 1913 5448 mores
1933 5400 1998 5449 ad

435 5480 736 5548 perfectum
774 5479 1065 5551 perducti?

518 5659 555 5694 ’⁹
585 5660 716 5715 Luc.
750 5679 820 5727 vt,
848 5664 933 5718 30.
1012 5667 1056 5698 ³³
1085 5666 1249 5721 Hebr.
1284 5683 1355 5734 lx,
1386 5667 1466 5721 l0.
1546 5668 1584 5698 ²¹
1618 5665 1711 5722 σοι
1769 5683 1824 5731 u,
1868 5668 1946 5721 ί-ί.

2108 4490 2198 4534 τος
2230 4471 2323 4524 σοῦ
2364 4471 2513 4541 αύτῷ
2534 4488 2547 4501 ’
2574 4472 2657 4525 ὅτι
2704 4474 2793 4527 διά
2824 4475 2885 4528 τὸ
2933 4476 3085 4546 ῥῆμα
3111 4476 3271 4530 τοῦτο
3300 4478 3582 4549 εύλογήσει
3615 4494 3674 4531 σε

2109 4562 2310 4632 Κύριος
2355 4564 2383 4615 6
2415 4563 2547 4627 Θεός
2577 4581 2693 4628 σου,
2729 4567 2787 4618 ἐν
2822 4567 2954 4620 πᾶσι
2977 4568 3089 4630 τοῖς
3131 4567 3313 4640 ἔργοις
3345 4587 3461 4636 σου,
3494 4571 3589 4623 καὶ
3618 4571 3675 4622 ἐν

2108 4652 2274 4705 πᾶσιν
2292 4645 2354 4705 οὗ
2376 4653 2441 4708 ἂν
2469 4656 2731 4730 ἐπιϐάλῃς
2756 4657 2855 4729 τὴν
2876 4661 3037 4731 χεῖρά
3053 4678 3169 4716 σου.
3202 4681 3219 4713 ι
3256 4663 3332 4715 Οὐ
3364 4662 3668 4733 λυπηθήσῃ,

2109 4743 2264 4813 φησὶ,
2285 4748 2351 4817 τῇ
2372 4747 2569 4818 καρδίᾳ
2583 4747 2812 4813 διδόντος
2832 4751 2927 4805 σοῦ
2948 4749 3114 4821 αὐτῷ’
3127 4770 3145 4805 ι
3173 4754 3379 4826 Ἱλαρὸν
3399 4755 3508 4826 γάρ
3520 4756 3672 4824 δότην

2108 4835 2296 4907 ἀγαπᾷ
2339 4837 2367 4888 6
2403 4837 2569 4903 Θεὸς,
2596 4858 2614 4890 ι
2653 4840 2792 4894 κατά
2846 4841 2943 4911 τὴν
2998 4841 3093 4896 τοῦ
3143 4844 3414 4915 μακαρίου
3462 4844 3671 4897 Παύλου

2107 4927 2310 4998 φωνήν.

2177 5214 2380 5268 ΠΛΔΛ.
2423 5210 2554 5267 Εἶτα
2588 5213 2704 5277 πῶς
2751 5215 2812 5267 τὸ
2854 5213 2971 5277 ἔτος
2997 5214 3059 5267 τὸ
3105 5212 3329 5283 ἓὸδομον
3373 5211 3530 5265 τοῦτο
3572 5210 3670 5281 τὴν

2102 5305 2196 5358 τοῦ
2225 5305 2474 5376 Σωτῆρος
2503 5304 2657 5376 ήμῶν
2698 5305 2992 5375 καταδηλοί
3037 5304 3358 5376 παρουσίαν,
3404 5303 3526 5357 καθ’
3551 5302 3616 5373 ἦν
3638 5303 3666 5354 6

2100 5400 2199 5466 τῆς
2224 5397 2477 5451 ἁπάντων
2517 5398 2762 5466 ἀφέσεως
2789 5396 3069 5467 ἀνεδείχθη
3114 5394 3325 5466 καιρὸς,
3376 5395 3495 5466 ἢτοι
3519 5405 3666 5448 τετε·

2100 5486 2317 5540 λείωται
2346 5486 2544 5556 τρόπος
2563 5504 2578 5553 ;
2733 5524 2737 5529 -
2798 5482 2802 5487 ’

2104 5668 2260 5723 Deut.
2296 5668 2378 5734 15,
2415 5667 2519 5721 l—5.
2601 5668 2644 5699 ³³
2676 5666 2810 5722 Ibid.
2850 5667 3001 5722 7—10.
3040 5668 3083 5701 “
3110 5668 3156 5724 ﬂ
3188 5669 3316 5725 Cor.
3352 5684 3428 5737 ut,
3454 5670 3508 5726 7.
