3990 6196
293 289 401 346 569

999 288 1089 343 DE
1125 287 1564 345 ADORATIONE
1602 290 1670 345 IN
1711 286 1979 344 SPlRlTU
2017 284 2107 342 ET
2140 286 2506 344 VERITATE.
2550 285 2677 341 LIB.
2713 287 2847 343 Vill.

3445 294 3553 349 510

365 401 532 456 ΚΥΡ.
578 400 649 453 Ἢ
688 400 749 453 ού
796 401 1051 473 μεμνήσῃ
1098 402 1452 473 διειρηκότων
1490 404 1645 476 ήμῶν
1690 405 1786 457 καὶ
1816 403 1855 455 ἐι

2045 401 2205 457 CYR.
2244 401 2325 456 An
2349 410 2409 456 tu
2434 401 2637 455 oblitus
2668 416 2748 467 es,
2780 416 2883 455 nos
2922 402 3178 470 superius
3198 417 3417 472 quoque
3435 405 3547 476 jam

291 494 406 556 τοῖς
434 491 536 563 ηδη
580 492 989 562 παρῳχηκόσιν,
1021 492 1104 545 ὅτι
1135 491 1363 564 σύνηθες
1394 496 1461 564 τῇ
1505 494 1625 565 θεία
1655 493 1693 545 Γ
1698 495 1866 564 ραφῇο

290 581 389 638 τοῦ
418 579 701 653 ,παρόντος
747 581 843 634 καὶ
889 583 1242 654 ἐνεστηκότος
1287 583 1482 647 αἰῶνος
1533 584 1594 636 τὸ
1651 583 1871 654 σύμπαν

290 674 566 744 διάστημα
589 671 924 743 παρομοιοῦν
952 672 1228 743 ἐδδομάδι,
1254 673 1343 726 διὰ
1372 675 1470 743 τὴν
1500 674 1579 736 εἰς
1605 673 1665 725 τὸ
1694 673 1871 742 ἀπαρ-

292 765 395 835 χῆς
432 763 540 817 τῶν
580 764 805 834 ἡμερῶν
841 762 1252 829 ἀνακύκλωσιν;
1296 764 1465 833 πέρας
1500 764 1609 834 γὰρ
1635 763 1867 834 ἐδδομά-

290 856 416 920 δος,
460 857 522 909 τὸ
557 848 857 919 Σάϐϐατον,
904 858 1000 908 καὶ
1038 854 1232 924 γείτων
1260 854 1421 918 εὐθὺς
1451 856 1484 926 ή
1523 856 1707 925 ὀγδόη,
1742 856 1868 908 νέαν

289 949 425 1017 ήμῖν
478 946 664 1018 ὥσπερ
712 947 906 1010 αἰῶνος
947 946 1122 1017 ἀρχὴν
1164 946 1572 1017 εἰσκομίσουσα,
1625 946 1711 1000 διὰ
1768 946 1867 1017 τῆς

287 1038 393 1091 ἀνα
401 1036 641 1099 στάσεως
667 1036 759 1090 τοῦ
791 1036 1054 1108 Χριστοῦ.

360 1129 569 1181 ΠΔΛΛ.
610 1129 692 1181 Με
702 1128 998 1198 μνήσομαι.

356 1218 527 1271 ΚΥΡ.
579 1216 977 1287 Ἐπιδεδήμηκε
1001 1216 1183 1270 τοίνυν
1204 1214 1348 1270 κατά
1370 1216 1467 1278 τὰς
1498 1215 1741 1288 Γραφάς,
1772 1216 1865 1269 ἐπὶ

286 1308 571 1382 συντελείᾳ
596 1309 689 1363 τοῦ
738 1310 1003 1379 παρόντος
1044 1309 1259 1372 αἰῶνος,
1306 1310 1399 1362 καὶ
1443 1308 1603 1361 οἱονεί
1649 1326 1765 1371 πως
1805 1310 1863 1361 ἐν

284 1401 553 1472 Σαὸϐάτῳ
577 1402 832 1473 Χριστὸς,
857 1403 946 1456 ὅτε
976 1403 1070 1456 κα)⁵
1114 1402 1316 1472 ἀνῆκεν
1358 1400 1623 1465 ἅπαντας,
1657 1402 1863 1471 σειραῖς

281 1488 391 1540 τῶν
421 1489 640 1544 οἰκείων
664 1489 948 1561 ἁμαρτιῶν
971 1490 1463 1560 κατεσφιγμένους,
1494 1489 1587 1542 καὶ
1616 1489 1863 1559 ἐπωφλη-

281 1577 450 1642 κότας
484 1579 635 1650 αὐτῷ
659 1583 783 1644 τοὺς
804 1582 905 1649 τῆς
930 1581 1299 1654 παραϐάσεως
1328 1583 1538 1651 λόγους.
1571 1581 1860 1651 Τοιγάρτοι

282 1672 377 1724 καὶ
399 1672 458 1723 ἐν
486 1674 598 1735 τοῖς
616 1673 1003 1751 Ἐύαγγελίοις,
1033 1673 1336 1743 ὀφειλέταις
1364 1674 1511 1744 ἡμᾶς
1539 1672 1860 1743 παρεικάζει

280 1760 485 1829 λέγων·
520 1779 541 1814 ι
569 1762 672 1817 Δύο
697 1764 1087 1834 χρεωφειλέται
1119 1759 1259 1836 ἦσαν
1288 1763 1560 1837 ἀνθρώπῳ
1582 1765 1660 1817 ἑνί
1683 1777 1696 1793 °
1725 1765 1754 1816 6
1778 1756 1859 1825 εἷς

281 1851 512 1921 ὤφειλεν
546 1853 695 1925 αύτῷ
721 1854 949 1927 δηνάρια
981 1856 1331 1920 πεντακόσια,
1361 1857 1391 1909 6
1418 1856 1475 1908 δὲ
1506 1855 1692 1927 ἐτερος
1724 1870 1856 1906 πεν-

281 1949 538 2015 τήκοντα.
576 1947 668 2018 Μή
696 1948 925 2018 ἐχόντων
954 1948 1012 2002 δὲ
1046 1948 1228 2003 αὐτῶν
1270 1948 1585 2014 ἀποδοῦναι,
1615 1946 1860 2018 ἀμφοτέ-

282 2054 397 2107 ροις
429 2039 744 2109 ἐχαρίσατο.
801 2058 821 2091 ι
874 2040 987 2094 Καὶ
1044 2040 1182 2111 πρὸς
1232 2042 1441 2103 τούτοις
1495 2039 1575 2091 ἔτι
1619 2038 1712 2090 τὸν
1760 2036 1858 2106 τῆς

280 2131 590 2199 προσευχῆς
638 2130 768 2200 ήμῑν
819 2130 1160 2184 διαπλάττων
1204 2130 1396 2194 τύπον,
1455 2147 1474 2181 ι
1528 2128 1717 2191 Οὕτως
1761 2123 1855 2179 οὖν

283 2220 443 2289 ὑμεῖς
478 2219 868 2291 προσεύχεσθε,
904 2223 1038 2292 φησι
1058 2239 1071 2253 ·
1105 2222 1287 2293 Πάτερ
1311 2221 1465 2293 ήμῶν
1492 2223 1521 2274 ὀ
1548 2221 1604 2272 ἐν
1631 2222 1737 2281 τοῖς
1763 2219 1855 2270 ού-

284 2313 486 2382 ρανοῖς,
522 2311 838 2383 ἁγιασθήτω
870 2312 933 2366 τὸ
958 2312 1131 2383 δνομά
1167 2330 1285 2377 σου,
1325 2311 1527 2366 ἐλθέτω
1551 2312 1584 2381 ή
1612 2309 1855 2380 βασιλεία

285 2416 398 2460 σου,
448 2399 737 2471 γενηθήτω
789 2399 1124 2471 τὸ.θέλημά
1176 2418 1269 2454 σου
1297 2401 1373 2465 ὠς
1407 2402 1466 2455 ἐν
1507 2398 1722 2471 οὐρανῷ
1761 2399 1857 2452 καὶ

282 2491 373 2543 ἐπὶ
398 2492 495 2564 τῆς
523 2492 646 2561 γῆς,
692 2490 784 2543 τὸν
814 2489 976 2562 ἄρτον
1009 2494 1043 2563 ή
1053 2492 1167 2561 μῶν
1193 2492 1283 2546 τὸν
1314 2491 1586 2546 ἐπιούσιον
1610 2491 1697 2555 δὸς
1722 2492 1855 2561 ἡμῖν

284 2582 541 2653 σήμερον,
587 2581 681 2635 καὶ
724 2582 862 2650 ἄφες
900 2583 1033 2653 ἡμῖν
1067 2583 1134 2636 τὰ
1173 2583 1517 2654 ὀφειλήματα
1564 2581 1741 2653 ήμῶν,
1779 2581 1855 2644 ὡς

282 2675 374 2727 καὶ
398 2674 558 2743 ἡμεῖς
602 2674 835 2746 ἀφίεμεν
866 2678 980 2739 τοῖς
1017 2675 1321 2744 ὀφειλέταις
1342 2674 1519 2747 ήμῶν.
1551 2693 1569 2725 ι
1605 2673 1855 2742 Πλαγίως

281 2760 373 2819 οὖν
419 2766 528 2837 ἄρα
567 2766 660 2819 καί⁵
696 2765 1109 2836 αἰνιγματωδῶς
1157 2766 1186 2818 6
1232 2765 1394 2835 νόμος
1441 2764 1504 2818 τὸ
1535 2763 1675 2817 θεῖον
1721 2764 1852 2833 ἡμῖν

283 2855 547 2926 ὑπεδήλου
590 2857 910 2927 μυστήριον,
949 2858 1141 2925 ἄφεσιν
1186 2854 1458 2908 ποιεῖσθαι
1500 2853 1854 2924 προστάττων

280 2948 374 3019 τήν
398 2947 465 3000 δι’
516 2948 653 3001 ἑτῶν
687 2948 848 3010 ἑπτὰ,
886 2948 976 3021 καὶ
1005 2950 1125 3010 ταῖς
1164 2946 1266 3016 τῆς
1292 2944 1659 3017 χρηστότητος
1693 2943 1851 3015 ἐμϐι-

1972 491 2194 556 dixisse,
2220 493 2390 547 moris
2439 508 2562 546 esse
2617 491 2817 547 divinae
2866 492 3187 562 Scripturaz,
3230 493 3548 550 universum

1970 584 2153 639 Steculi
2181 584 2467 654 prmsentis
2507 585 2764 661 spatium,
2792 572 3019 654 propter
3045 585 3197 639 illam
3234 585 3448 640 dierum
3478 588 3546 642 ad

1969 676 2188 730 initium
2229 676 2631 730 revolutionem
2678 675 3008 730 hebdomadi
3036 679 3394 747 comparare?
3420 679 3553 735 linis

1967 766 2114 820 enim
2142 766 2498 820 hebdomada:
2544 765 2846 821 Sabbatum
2884 776 2997 833 est;
3049 768 3212 838 eique
3262 771 3546 838 proximus

1967 856 2228 910 continuo
2253 866 2337 910 est
2370 857 2488 910 dies
2511 866 2754 923 octavus,
2790 859 2884 927 qui
2916 875 3119 913 novum
3144 862 3547 930 quodammodo

1967 948 2151 1002 smculi
2172 946 2390 1002 initium
2413 964 2511 1018 per
2535 948 2740 1003 Christi
2770 951 3229 1006 resurrectionem
3256 953 3434 1008 all‘ert.

2036 1120 2232 1175 PALL.
2268 1121 2510 1176 Memini.

2034 1210 2190 1265 CYR.
2218 1211 2457 1267 Advenit
2489 1212 2655 1282 igitur
2678 1212 2980 1269 secundum
3018 1212 3329 1284 Scripturas
3352 1215 3406 1270 in
3432 1216 3541 1271 fine

1962 1302 2247 1370 praesentis
2273 1303 2477 1368 saeculi,
2530 1319 2593 1359 ac
2646 1305 2802 1373 quasi
2854 1305 2908 1358 in
2950 1304 3191 1359 Sabbato
3244 1304 3535 1362 Christus:

1962 1408 2087 1447 cum
2113 1395 2277 1449 etiam
2327 1411 2518 1450 omnes
2558 1397 2813 1453 homines
2849 1397 3102 1461 exsolvit,
3136 1398 3371 1452 vinculis
3414 1414 3543 1467 pec-

1962 1492 2207 1539 catorum
2246 1502 2473 1541 suorum
2504 1489 2850 1552 constrictos,
2874 1497 2929 1542 et
2960 1490 3408 1559 transgressionis
3427 1506 3539 1544 sua:

1963 1570 2269 1626 rationibus
2304 1573 2598 1629 reddendis
2625 1576 2913 1629 obnoxios.
2962 1576 3151 1647 Itaque
3183 1587 3239 1632 et
3275 1580 3330 1632 in
3355 1579 3536 1632 Evan-

1962 1659 2117 1729 geliis
2142 1675 2245 1715 nos
2274 1660 2622 1716 debitoribus
2649 1671 2948 1732 comparat,
2978 1663 3171 1719 dicens
3196 1682 3209 1717 :
3244 1686 3260 1717 ι
3295 1667 3411 1721 Duo
3437 1668 3537 1721 de-

1891 1738 2171 1803 Bbitores
2228 1760 2386 1805 erant
2441 1752 2657 1805 cuidam
2708 1751 3039 1819 feneratori;
3101 1771 3243 1809 unus
3301 1755 3537 1810 debebat

1958 1839 2213 1896 denarios
2259 1842 2608 1913 quingentos,
2651 1844 2790 1898 alter
2840 1846 3232 1917 quinquaginta
3274 1865 3286 1900 :
3329 1855 3384 1902 et
3412 1864 3536 1902 cum

1956 1946 2066 1984 non
2094 1930 2361 1986 baberent
2389 1933 2534 1988 unde
2561 1933 2879 2001 redderent,
2898 1936 3121 1991 donavit
3144 1938 3390 2008 utrisque
3414 1940 3481 1994 ³⁸.
3510 1959 3529 1992 ι

1951 2021 2038 2078 Ad
2060 2022 2195 2087 haec,
2218 2039 2342 2077 cum
2366 2023 2595 2078 formam
2618 2041 2836 2095 quoque
2860 2026 3053 2081 orandi
3076 2028 3235 2083 nobis
3257 2029 3535 2085 traderet:

1964 2131 1982 2163 ι
2020 2110 2135 2176 Sic,
2165 2111 2373 2182 inquit,
2418 2129 2517 2167 vos
2568 2123 2721 2169 orate
2760 2134 2773 2169 :
2818 2117 2976 2171 Pater
3013 2126 3220 2182 noster,
3254 2118 3349 2187 qui
3381 2134 3441 2173 es
3478 2119 3535 2173 in

1956 2203 2131 2268 caelis,
2162 2204 2536 2259 sanetilicetur
2576 2221 2777 2260 nomen
2807 2215 2990 2274 tuum;
3028 2208 3281 2263 adveniat
3310 2226 3535 2280 regnum

1956 2302 2133 2362 tuum,
2175 2294 2269 2349 fiat
2294 2296 2549 2350 voluntas
2590 2303 2683 2350 tua
2712 2297 2856 2351 sicut
2900 2298 2957 2351 in
3002 2299 3142 2353 caalo
3169 2307 3225 2353 et
3262 2300 3317 2353 in
3358 2309 3534 2369 terra;

1955 2403 2150 2457 panem
2172 2395 2420 2443 nostrum
2444 2387 2824 2458 quotidianum
2853 2388 2923 2443 da
2952 2389 3115 2444 nobis
3142 2390 3335 2456 hodie,
3368 2401 3423 2445 et
3448 2392 3537 2446 di-

1955 2480 2111 2534 mitte
2140 2479 2301 2549 275
2333 2479 2491 2534 nobis
2514 2480 2700 2534 debita
2735 2487 2942 2545 nostra,
2972 2480 3115 2535 sicut
3139 2489 3194 2535 et
3215 2498 3314 2536 nos
3345 2483 3539 2539 dimit-

1957 2572 2130 2626 timus
2150 2572 2495 2627 debitoribus
2518 2570 2722 2626 nostris
2743 2572 2809 2625 ".
2845 2590 2863 2623 ι
2911 2570 3142 2642 Oblique
3165 2572 3331 2644 igitur
3359 2583 3415 2628 et
3437 2590 3536 2644 per

1928 2663 2181 2733 aenigma
2240 2654 2401 2719 nobis
2440 2663 2528 2719 lex
2565 2663 2812 2718 divinum
2866 2666 3189 2734 mysterium
3247 2665 3533 2733 indicavit;

1952 2770 2077 2809 cum
2094 2755 2328 2824 septimo
2347 2771 2564 2826 quoque
2589 2770 2732 2809 anno
2756 2755 3173 2811 remissionncm
3199 2754 3316 2809 ﬁeri
3337 2756 3531 2827 jussit:

1954 2854 2010 2898 et
2041 2846 2203 2901 simul
2234 2846 2300 2901 ad
2336 2846 2696 2918 benignitatis
2734 2849 2959 2902 semitas
2994 2847 3223 2910 inducit,
3252 2847 3381 2902 dum
3406 2850 3537 2904 cha-

1954 2941 2172 2998 ritatem
2207 2944 2261 2998 in
2282 2943 2483 2999 fratres
2512 2942 2723 2999 divitiis
2752 2960 3072 3015 praeponere
3102 2943 3280 3007 docet,
3304 2943 3535 3000 etfaeilc

282 3039 436 3104 ϐάζει
454 3038 681 3109 τρίδοις,
715 3038 1015 3111 χρημάτων
1041 3038 1250 3109 ἀμείνω
1273 3036 1542 3091 ποιεῖσθαι
1563 3035 1848 3131 διδάσκων,

1960 3035 2079 3090 aliis
2123 3036 2396 3107 impertiri
2445 3043 2609 3106 atque
2648 3037 3056 3093 communicare
3108 3037 3303 3091 suadet
3334 3045 3535 3107 :atque

280 3130 375 3200 τήν
411 3131 492 3195 εἰς
535 3129 795 3199 ἀδελφοὺς
845 3129 1146 3198 ἀγάπησιν,
1190 3126 1579 3199 εὐμεταδότους
1623 3143 1683 3178 τε
1712 3121 1852 3178 εῐναι

1960 3127 2097 3183 hanc
2125 3128 2347 3182 interim
2373 3128 2425 3181 in
2450 3126 2677 3182 fratrem
2705 3136 2760 3182 et
2784 3127 3097 3197 proximum
3130 3128 3533 3184 humanitatem

281 3224 374 3276 καὶ
426 3223 777 3286 κοινωνικούς
820 3221 1162 3280 ἀναπείθων.
1212 3222 1307 3275 καὶ
1351 3219 1516 3273 οἱονεὶ
1569 3217 1854 3289 μελέτησίν

279 3330 398 3366 τινα
439 3314 538 3383 τῆς
566 3314 647 3375 εἰς
694 3312 941 3375 ἅπαντας
975 3311 1362 3381 ἀφθονωτέρας
1396 3309 1599 3375 αἰδοῦς,
1642 3311 1742 3379 τὴν
1773 3309 1854 3372 είς

280 3404 502 3474 ἀδελφὸν
543 3406 637 3459 καὶ
678 3405 893 3473 γείτονα
917 3404 1055 3468 τέως
1083 3402 1399 3474 ἡμερότητα
1425 3401 1613 3464 τιθείς.

348 3497 554 3551 ΠΑΛΛ.
598 3489 727 3550 Ὧδε
760 3495 895 3567 ἔχει.
938 3495 1325 3566 Συναινέσαιμι
1366 3492 1476 3565 γὰρ
1508 3494 1852 3565 ἀριστοεπεῖν

281 3588 515 3643 ἐθέλοντι
545 3606 647 3643 σοι.

344 3679 506 3735 ΚΥΡ.
533 3681 643 3734 Καὶ
664 3679 726 3732 τὸ
746 3678 828 3733 ἔτι
856 3679 1064 3750 μεῖζον,
1088 3679 1137 3732 εί
1158 3677 1371 3750 μάθοις,
1401 3676 1855 3749 καταθαυμάσαις

280 3768 364 3836 ἃν,
397 3765 443 3824 ὧ
473 3771 762 3825 Παλλάδιε.

347 3859 559 3913 ΠΑΛΛ.
595 3859 671 3913 T6
702 3861 888 3925 ποῖον;

348 3951 511 4005 ΚΥΡ.
540 3950 921 4021 Χρηστότητος
947 3949 1057 4020 γάρ
1086 3948 1178 4003 καὶ
1207 3947 1558 4018 φιλαλληλίας
1588 3947 1667 4009 είς
1696 3945 1854 4000 τοῦτο

282 4043 544 4114 προήκειν
568 4041 717 4112 ἡμᾶς
744 4041 772 4092 ὀ
799 4039 963 4110 νόμος
997 4037 1266 4109 βούλεται,
1297 4037 1373 4100 ὡς
1402 4036 1554 4089 οὐδὲν
1580 4033 1849 4105 ἡγεῖσθαι,

278 4133 376 4202 τῆς
406 4134 487 4195 είς
511 4131 774 4201 ἀδελφοὺς
800 4130 1020 4201 ἀγάπης
1051 4130 1113 4182 τὸ
1144 4127 1477 4182 ἰσοστατοῦν.
1508 4124 1856 4180 Κατακολου-

280 4222 385 4277 θεῖν
430 4223 490 4276 δὲ
537 4222 679 4277 οὕτω
708 4221 970 4291 γεννικῶς
1011 4223 1131 4284 ταῖς
1179 4220 1265 4274 ἐπ’
1299 4218 1480 4281 αὐτοῖς
1511 4215 1851 4286 δυσθυμίαις,

278 4314 349 4378 ὡς
405 4315 503 4368 καὶ
548 4314 625 4385 tl)
664 4314 835 4386 ὀργῆς
885 4311 1118 4384 ὁρᾶσθαι
1150 4310 1497 4382 κρείττονας,
1550 4307 1651 4361 κᾶν
1691 4308 1738 4360 εί
1779 4305 1853 4377 μή

1954 3220 2110 3289 quasi
2136 3221 2587 3277 exercitationem
2615 3221 2912 3291 quamdam
2943 3224 3223 3292 proponit,
3250 3239 3347 3295 per
3368 3240 3532 3293 quam

1954 3311 2023 3365 ad
2051 3311 2423 3366 liberaliorem
2453 3311 2602 3367 illam
2627 3328 2757 3384 erga
2778 3329 2970 3369 omnes
2988 3314 3240 3369 homines
3271 3316 3531 3384 pietatem

1953 3398 2327 3468 perveniatur.

2023 3489 2219 3545 PALL.
2260 3490 2352 3546 Sic
2377 3506 2435 3546 se
2466 3507 2556 3547 res
2578 3491 2748 3546 habet
2778 3510 2791 3545 :
2813 3491 2911 3547 tibi
2932 3491 3080 3547 enim
3103 3493 3307 3563 optima
3328 3492 3530 3550 dicenti

1952 3582 2241 3637 assentior.

2022 3673 2179 3729 CYR.
2214 3673 2401 3744 Atqui,
2425 3675 2471 3730 si
2501 3674 2576 3743 id,
2614 3675 2761 3746 quod
2787 3676 2966 3748 majus
2989 3685 3097 3742 est,
3129 3676 3410 3741 didiceris,
3436 3675 3532 3732 ad-

1953 3764 2247 3832 mirabere,
2280 3766 2508 3821 Palladi.

2023 3856 2222 3912 PALL.
2255 3857 2397 3925 Quid
2423 3858 2567 3913 istud
2610 3859 2869 3915 tandem?

2030 3946 2295 4002 CYR.Ad
2335 3965 2454 4003 eam
2508 3950 2653 4003 enim
2702 3950 2790 4004 lex
2838 3949 3231 4020 benignitatem
3275 3949 3527 4019 progredi

1952 4055 2054 4094 nos
2076 4038 2213 4101 vult,
2236 4046 2297 4091 ut
2320 4038 2457 4091 nihil
2481 4038 2736 4092 eharitati
2762 4039 2818 4091 in
2854 4038 3053 4092 fratres
3072 4037 3397 4107 aequandum
3423 4053 3529 4106 pu-

1954 4141 2132 4186 temus
2162 4148 2174 4182 :
2202 4128 2340 4183 adeo
2356 4129 2520 4183 etiam
2543 4129 2609 4183 iis
2623 4129 2820 4183 cedere
2862 4143 2926 4182 ac
2948 4127 3163 4182 fortiter
3178 4128 3320 4182 ferre
3334 4144 3528 4182 eorum

1955 4223 2287 4277 inhumanos
2328 4228 2491 4289 atque
2527 4235 2752 4290 asperos
2795 4235 2999 4284 mores,
3039 4228 3100 4274 ut
3144 4220 3281 4274 iram
3307 4237 3528 4292 quoque

1954 4315 2259 4376 vincamus,
2282 4311 2534 4382 quamvis
2560 4310 2638 4365 illi
2667 4327 2776 4365 non
2800 4311 3070 4381 ejusmodi
3107 4312 3217 4366 sint
3241 4327 3369 4383 erga
3403 4328 3524 4379 nos,

278 4405 516 4473 γένοιντο
541 4406 678 4475 πρὸς
699 4406 845 4476 ἡμᾶς
867 4403 1084 4466 ὁποίους
1105 4398 1245 4456 εἷναί
1267 4420 1324 4455 τε
1350 4401 1446 4453 καὶ
1467 4399 1695 4471 ὁρᾶσθαι
1724 4399 1850 4471 χρὴ,

1960 4404 2147 4475 quales
2188 4418 2284 4457 eos
2324 4417 2444 4456 esse
2488 4416 2552 4455 ac
2595 4400 2769 4455 videri
2808 4400 3099 4454 conveniat
3141 4401 3315 4469 :quin
3360 4402 3525 4456 etiam

276 4499 368 4550 καὶ
411 4496 1003 4566 ταῖςάφιλοστοργίαις
1050 4494 1255 4548 ἕλοιντο
1292 4492 1501 4546 λυπεῖν.
1538 4492 1724 4561 Ἔχεις
1754 4491 1850 4544 καὶ

279 4589 429 4644 τοῦδε
467 4588 561 4643 τὸν
587 4588 756 4643 τύπον
783 4591 840 4642 ἐν
861 4590 974 4651 τοῖς
1014 4587 1321 4658 ’Δριθμοῖςο
1355 4605 1373 4639 ι
1402 4586 1512 4640 Καὶ
1560 4584 1845 4639 ἀπέστειλε

275 4683 404 4751 γὰρ,
421 4681 606 4753 φησὶν,
620 4682 649 4733 6
664 4681 866 4750 Μωσῆς
896 4680 1161 4751 ἀγγέλους
1190 4680 1255 4732 ἐκ
1273 4678 1454 4750 Κάδης
1474 4680 1610 4750 πρὸς
1622 4678 1847 4748 βασιλέα

287 4773 484 4844 Ἑδὼμ,
521 4772 695 4841 λέγων
715 4789 728 4802 ·
782 4772 921 4826 Τάδε
963 4771 1111 4841 λέγει
1143 4772 1172 4824 6
1200 4768 1427 4839 ἀδελφός
1459 4786 1552 4823 σου
1592 4769 1810 4839 Ἰσραήλ
1829 4784 1842 4798 ·

276 4861 346 4914 Σὺ
375 4861 575 4932 ἐπίστῃ
609 4859 785 4912 πάντα
816 4859 906 4912 τὸν
941 4858 1139 4929 μόχθον
1171 4857 1260 4911 τὸν
1293 4857 1523 4929 εὑρόντα
1555 4858 1722 4929 ἡμᾶς,
1754 4859 1848 4911 καὶ

274 4947 583 5019 κατέϐησαν
610 4949 657 5001 οἱ
692 4948 927 5022 πατέρες
952 4949 1111 5020 ήμῶν
1136 4949 1215 5012 είς
1253 4947 1547 5016 Αἴγυπτον,
1587 4950 1682 5003 καὶ
1704 4966 1845 5020 παρα

272 5040 462 5110 ῳκήσα
469 5056 567 5112 μεν
589 5040 647 5093 ὲν
672 5040 930 5111 Αἰγύπτῳ
944 5040 1156 5112 ὴμέρας
1179 5039 1415 5105 πλείους,
1443 5040 1537 5093 καὶ
1559 5039 1846 5093 ἐκάκωσαν

272 5131 419 5199 ἡμᾶς
472 5132 522 5183 oi
573 5129 862 5199 Αἰγύπτιοι
910 5131 1005 5184 καὶ¹
1049 5131 1176 5195 τοὺς
1219 5130 1464 5201 πατέρας
1516 5129 1709 5199 ήμῶν,
1751 5133 1845 5184 καὶ

269 5221 647 5293 ἀνεϐοήσαμεν
674 5221 808 5292 πρὸς
834 5221 1055 5293 Κύριον,
1082 5222 1175 5293 κα).
1203 5222 1490 5289 είσήκουσε
1517 5218 1720 5290 Κύριος
1746 5220 1845 5290 τῆς

275 5316 457 5383 φωνῆς
510 5313 698 5384 ήμῶν,
743 5313 839 5366 καὶ⁸
889 5312 1217 5375 ἀποστείλας
1268 5310 1522 5380 ἄγγελον,
1575 5309 1844 5380 ἐξήγαγεν

271 5398 417 5467 ἡμᾶς
446 5400 505 5466 ἐξ
529 5398 829 5469 Αἰγύπτου,
857 5400 951 5453 καὶ
978 5399 1072 5452 νῦν
1101 5401 1266 5470 ἐσμεν
1292 5401 1349 5451 ἐν
1377 5399 1560 5469 Κάδης
1583 5398 1752 5463 πόλει,
1780 5400 1844 5452 ἐκ

344 5558 389 5590 ⁸⁸
417 5557 553 5614 Luc.
588 5575 681 5624 vn,
718 5559 806 5625 41,
837 5559 923 5615 42.
1001 5560 1047 5591 ³⁸
1076 5558 1353 5627 Matthm,
1381 5561 1533 5618 9-15.

1953 4498 2136 4552 animo
2164 4511 2195 4549 a
2215 4494 2419 4567 pietate
2446 4507 2672 4562 prorsus
2712 4490 2913 4555 alieno,
2948 4489 3109 4544 nobis
3159 4490 3405 4544 dolorem
3444 4489 3530 4543 in-

1951 4604 2113 4643 urere
2132 4592 2348 4642 curent.
2364 4583 2545 4638 Habes
2567 4582 2730 4653 hujus
2752 4596 2969 4651 quoque
2983 4580 3060 4635 rei
3085 4580 3309 4650 figuram
3334 4580 3388 4634 in
3411 4580 3527 4634 Nu-

1950 4678 2148 4732 meris:
2180 4696 2198 4727 ι
2219 4676 2289 4730 Ει
2326 4673 2506 4740 misit,
2538 4672 2734 4742 inquit,
2778 4672 2988 4743 Moyses
3009 4669 3234 4724 nuntios
3261 4685 3328 4724 ex
3351 4669 3528 4725 Cades

1951 4768 2018 4823 ad
2058 4784 2242 4838 regem
2290 4766 2485 4830 Edom,
2538 4765 2728 4820 dicens
2775 4781 2787 4816 :
2837 4764 2963 4818 [hec
3004 4761 3139 4817 dicit
3181 4761 3349 4817 frater
3396 4768 3529 4819 tuus

1948 4860 2115 4916 Israel
2151 4858 2272 4911 :Tu
2297 4858 2406 4912 scis
2445 4873 2663 4912 omnem
2710 4856 2977 4921 laborem,
3029 4854 3122 4924 qui
3155 4854 3365 4909 invenit
3390 4871 3522 4922 nos;

1947 4958 2004 5005 et
2026 4948 2428 5005 descenderunt
2453 4958 2636 5019 patres
2656 4949 2830 5004 nostri
2854 4951 2908 5003 in
2926 4948 3245 5021 Egyptum,
3279 4957 3334 5003 et
3356 4949 3526 5004 adve-

1951 5057 2035 5096 na:
2057 5040 2262 5095 fuimus
2288 5039 2343 5092 in
2367 5038 2596 5111 Egypto
2620 5039 2737 5096 dies
2768 5040 3110 5110 complures;
3144 5048 3200 5093 et
3219 5038 3527 5094 afﬂixerunt

1952 5150 2053 5188 nos
2088 5131 2347 5204 Egyptii,
2389 5139 2446 5188 et
2480 5140 2663 5201 patres
2705 5141 2924 5187 nostros
2954 5148 2966 5184 :
2993 5140 3049 5186 et
3076 5130 3431 5186 clamavimus
3456 5131 3524 5186 ad

1952 5226 2265 5290 Dominum,
2290 5232 2346 5280 et
2366 5224 2647 5279 exaudivit
2669 5225 2934 5279 Dominus
2964 5239 3154 5279 vocem
3180 5230 3445 5286 nostram,
3469 5231 3528 5278 et

1952 5317 2177 5371 mittens
2200 5317 2473 5387 angelum,
2519 5315 2709 5371 eduxit
2746 5331 2847 5369 nos
2894 5331 2963 5371 ex
3011 5313 3261 5385 Egypto.
3287 5313 3356 5367 Et
3378 5327 3526 5365 nunc

1952 5418 2143 5459 sumus
2167 5404 2221 5458 in
2246 5404 2466 5459 civitate
2485 5404 2660 5461 Gades
2683 5420 2748 5459 ex
2771 5412 2927 5474 parte
2944 5402 3238 5460 confinium
3265 5409 3520 5454 tuorum:

347 5699 423 5771 (ί)
450 5701 586 5757 Cod.
613 5701 809 5765 Vatia,
844 5699 1259 5756 κατακολουθεῖν
1286 5697 1340 5753 δὲ
1370 5698 1509 5753 οὓτω
1536 5700 1628 5753 καὶ
1664 5696 1846 5771 φέρειν

1960 5697 2084 5762 ςέπ⁸
2124 5697 2306 5762 αὐτοῖς
2327 5695 2644 5767 δυσθυμίας,
2676 5694 2752 5759 ὡς
2788 5695 2898 5763 καί,
2931 5702 3039 5749 etc.
3086 5752 3089 5757 ,
