3990 6196
382 5555 438 5611 ι,

475 305 572 359 571

1600 304 1882 362 CYRILLI
1917 303 2390 360 ALEXANDRINI
2426 305 2739 360 ARCIIIEP.

3635 302 3736 358 572

477 418 834 478 transibimus
857 436 955 490 per
994 429 1191 473 terram
1229 424 1398 483 tuam,
1436 434 1547 473 non
1577 421 1934 476 transibimus
1957 435 2044 490 per

2160 419 2356 488 μέρους
2385 419 2492 471 τῶν
2524 417 2686 490 ὁρίων
2725 433 2839 469 σου.
2882 410 3338 483 Παρελευσόμεθα
3377 409 3467 464 διὰ
3499 411 3602 482 τῆς
3631 415 3736 483 γῆς

472 528 633 583 agros
656 519 798 574 tuos,
824 524 1003 578 neque
1019 508 1280 563 bibemus
1316 524 1512 578 aquam
1537 508 1605 564 de
1638 511 1895 565 cisternis
1917 511 2047 576 tuis,

470 605 560 659 via
583 604 730 674 regia
755 600 1088 672 gradiemur,
1112 616 1224 655 non
1239 601 1638 657 declinabimus
1658 602 1725 656 ad
1746 603 2047 668 dexteram,

470 709 648 764 neque
665 693 732 746 ad
753 692 1054 757 sinistram,
1087 707 1371 762 quousque
1406 694 1836 762 prazterierimus
1858 694 2048 748 termi-

467 801 571 840 nos
595 793 736 839 tuos.
763 784 831 838 Et
852 783 992 838 dixit
1017 783 1084 838 ad
1121 797 1249 837 eum
1286 783 1458 837 Edom
1488 784 1644 838 :Non
1690 783 2050 854 pertransibis

470 892 568 946 per
589 875 937 944 me;alioqui
966 875 1020 928 in
1059 873 1204 927 bello
1246 873 1409 928 exibo
1456 873 1512 927 in
1556 888 1847 929 occursum
1871 879 2045 927 tuum.

469 968 749 1022 Etdicunt
771 968 822 1022 ei
849 966 946 1020 filii
979 967 1146 1028 Israel
1189 985 1204 1020 :
1248 967 1425 1035 Prope
1464 974 1706 1020 montem
1736 965 2048 1035 praeteribi-

468 1071 624 1121 mus;
651 1056 798 1124 quod
823 1056 866 1109 si
895 1071 960 1110 ex
986 1071 1126 1124 aqua
1152 1064 1242 1109 tua
1267 1055 1575 1110 biberimus
1599 1071 1698 1125 ego
1729 1063 1784 1109 et
1800 1056 2048 1125 jumenta

469 1160 610 1208 mea,
642 1144 896 1197 dabimus
918 1144 1156 1212 pretium
1189 1142 1321 1208 tibi;
1358 1143 1454 1197 sed
1481 1159 1570 1198 res
1606 1143 1761 1212 parvi
1784 1142 2046 1196 momenti

466 1246 577 1300 est;
596 1250 764 1305 prope
789 1242 1029 1289 montem
1052 1234 1632 1304 pertransibimus.Ille
1658 1248 1789 1287 vero
1809 1233 2046 1287 ait:Non

467 1325 828 1395 pertransibis
861 1341 960 1394 per
997 1339 1104 1378 me.
1155 1324 1222 1377 Et
1249 1324 1382 1378 exiit
1412 1325 1586 1378 Edom
1635 1325 1691 1378 in
1749 1324 1912 1394 276
1949 1339 2047 1379 oc-

468 1425 691 1468 cursum
718 1414 795 1467 illi
835 1413 891 1466 in
931 1412 1283 1467 multitudine
1308 1413 1478 1484 gravi,
1509 1421 1565 1467 et
1606 1413 1663 1467 in
1693 1429 1857 1467 manu
1885 1412 2080 1479 forti;’

463 1503 725 1557 'etnoluit
757 1503 928 1556 Edom
972 1501 1290 1570 permittere
1332 1501 1543 1567 Israeli,
1593 1508 1652 1554 ut
1684 1501 2047 1570 pertransiret

469 1607 566 1660 per
591 1594 855 1647 terminos
897 1609 1062 1657 suos;
1102 1604 1158 1647 et
1202 1592 1500 1647 declinavit
1527 1591 1693 1646 Israel
1730 1592 1800 1647 ab
1821 1607 1889 1646 eo
1918 1592 1984 1644 ’⁷.
2017 1610 2036 1643 ι

465 1685 637 1739 Audis
665 1701 780 1751 eos,
806 1688 899 1756 qui
929 1687 996 1742 de
1022 1701 1223 1758 genere
1255 1695 1412 1740 erant
1441 1684 1629 1749 Israel,
1655 1684 1724 1738 iis
1761 1683 2041 1747 aerumnis,

2160 525 2274 572 σου,
2303 510 2363 562 οὺ
2389 507 2778 579 διελευσόμεθα
2806 507 2873 560 δι’
2899 505 3106 577 ἀγρῶν,
3126 504 3250 557 οὐδὲ
3276 502 3346 556 δι’
3371 503 3734 574 ἀμπελώνων,

2155 601 2276 654 οὐδὲ
2328 599 2565 671 πιόμεθα
2613 599 2759 668 ὕδωρ
2812 599 2878 650 ὲκ
2926 596 3129 649 λάκκου
3171 610 3294 658 σου,
3333 593 3437 662 ὁδῷ
3480 592 3737 663 βασιλικῇ

2157 690 2560 762 πορευσόμεθα,
2591 689 2692 741 οὐκ
2731 687 3086 756 ὲκκλινοῦμεν
3127 683 3278 750 δεξιά
3307 683 3428 734 οὐδὲ
3453 681 3736 752 εὐώνυμα,

2153 779 2259 843 ἕως
2288 780 2353 834 ἂν
2382 779 2743 851 παρέλθωμεν
2772 776 2842 830 τά
2871 777 2998 849 ὄριά
3027 793 3140 829 σου.
3177 776 3286 828 Καὶ
3313 770 3436 827 εἶπε
3466 773 3604 842 πρὸς
3637 775 3739 827 αὑ-

2153 870 2246 923 τόν
2280 869 2490 941 Ἐδώμ·
2519 870 2594 922 Οὐ
2629 868 2873 940 διελεύσῃ
2896 868 2962 921 δι’
2997 865 3154 938 ἐμοῦ,
3186 867 3233 918 εί
3266 865 3322 918 δὲ
3355 864 3452 934 μὴ,
3488 865 3546 917 ὲν
3575 863 3740 916 πολε-

2158 979 2243 1032 μῳ
2282 961 2634 1032 ὲξελεύσομαι
2682 963 2762 1024 είς
2807 958 3132 1028 συνάντησιν
3172 974 3273 1010 σοι.
3326 955 3436 1009 Καὶ
3483 955 3738 1022 λέγουσιν

2153 1052 2302 1123 αὑτῷ
2331 1054 2379 1105 οί
2405 1054 2511 1105 υἱοὶ
2549 1052 2765 1121 Ἰσραήλ
2785 1068 2798 1081 δ
2829 1048 2989 1120 Παρά
3015 1048 3076 1101 τὸ
3099 1048 3224 1118 ὅρος
3248 1045 3732 1117 παρελευσόμεθα·

2153 1142 2248 1194 ἐὰν
2279 1141 2334 1194 δὲ
2363 1139 2458 1194 τοῦ
2488 1140 2678 1204 ὖδατός
2709 1156 2801 1192 σου
2833 1138 3046 1207 πίωμεν
3074 1136 3184 1203 ἐγώ
3230 1151 3290 1187 τε
3323 1135 3416 1187 καὶ
3447 1134 3518 1186 τὰ
3552 1133 3732 1204 κτήνη

2156 1248 2278 1300 μου,
2306 1230 2461 1284 δώσω
2506 1231 2672 1301 τιμήν
2702 1247 2783 1282 σοι
2802 1243 2818 1260 ⁸
2863 1226 3025 1280 Ἀλλὰ
3054 1226 3115 1280 τὸ
3145 1227 3377 1297 πρᾶγμα
3406 1225 3556 1277 οὐδέν
3585 1226 3729 1290 ἐστι,

2152 1323 2302 1386 παρὰ
2344 1322 2406 1375 τὸ
2455 1320 2580 1391 ὅρος
2631 1317 3099 1390 παρελευσόμεθα.
3138 1315 3197 1370 '0
3230 1317 3287 1369 δὲ
3321 1312 3505 1369 εἶπενο
3533 1315 3608 1369 Οὐ
3644 1315 3732 1367 δι-

2151 1413 2345 1484 ελεύσῃ
2389 1411 2455 1465 δι’
2498 1409 2654 1482 ἐμοῦ.
2693 1411 2801 1463 Καὶ
2829 1409 3050 1481 ἐξῆλθεν
3093 1407 3272 1478 Ἐδὼμ
3295 1408 3377 1470 είς
3405 1405 3732 1476 συνάντησιν

2150 1502 2297 1573 αὐτῷ
2328 1505 2385 1558 ἐν
2425 1501 2566 1572 ὄχλῳ
2610 1500 2783 1572 βαρεῖ,
2813 1500 2907 1553 καὶ
2941 1501 3000 1552 ἐν
3029 1499 3174 1570 χειρὶ
3219 1497 3440 1568 ἰσχυρᾷ.
3480 1495 3590 1548 Καὶ
3623 1497 3733 1548 οὐκ

2147 1594 2413 1666 ἠθέλησεν
2467 1593 2647 1664 Ἐδὼμ
2685 1592 2866 1647 δοῦναι
2905 1591 2984 1662 τῷ
3041 1590 3260 1662 Ἰσραὴλ
3303 1587 3592 1659 παρελθεῖν
3634 1586 3733 1640 διὰ

2149 1687 2254 1740 τῶν
2277 1685 2440 1757 ὁρίων
2471 1685 2656 1752 αὐτοῦ,
2686 1684 2779 1737 καὶ
2806 1683 3075 1752 ἐξέκλινεν
3115 1680 3331 1754 Ἰσραὴλ
3357 1679 3450 1733 ἀπ’
3479 1677 3663 1732 αὐτοῦ.
3707 1697 3726 1728 ι

465 1794 602 1847 quas
624 1778 678 1832 in
700 1779 932 1850 Egypto
957 1781 1316 1848 pertulerant,
1347 1784 1654 1846 opportune
1686 1775 2042 1840 enumeratis,

2163 1779 2406 1841 Ἀκούεις
2433 1779 2581 1841 ὅπως
2600 1819 2615 1844 ,
2647 1778 2698 1830 οἱ
2736 1777 2832 1848 μὲν
2863 1778 2924 1841 ἐξ
2964 1777 3194 1848 αἵματος
3245 1773 3492 1846 ⁹ιςιραὴλ,
3531 1773 3632 1836 τάς
3663 1773 3731 1825 ὲν

464 1874 521 1918 et
545 1867 768 1936 superbi
801 1868 948 1922 illius
972 1867 1287 1922 dominatus
1330 1865 1507 1920 modis
1541 1864 1859 1936 frequenter
1881 1875 2047 1936 atque

466 1963 592 2024 apte
619 1958 1082 2022 commemoratis,
1109 1956 1459 2021 beneficium,
1498 1955 1642 2026 quod
1672 1957 1810 2010 nihil
1836 1956 2048 2011 incom-

466 2045 614 2098 modi
648 2046 890 2110 afI‘erret,
922 2055 1142 2116 petere;
1181 2046 1577 2117 propemodum
1601 2054 1886 2116 cognatam
1911 2062 2046 2117 gen-

466 2141 576 2188 tem
622 2135 945 2206 adjutricem
993 2138 1096 2192 sibi
1162 2137 1460 2208 adjungere
1509 2137 1796 2192 studentes
1867 2136 2047 2208 (erant

464 2226 612 2280 enim
637 2242 701 2281 ex
726 2227 868 2281 Esau
911 2228 1076 2283 fratre
1099 2228 1320 2299 Jacob);
1365 2228 1461 2282 sed
1485 2245 1623 2298 quos
1647 2230 1713 2283 ad
1737 2229 2048 2284 misericor-

465 2317 610 2372 diam
637 2335 832 2373 eorum
857 2321 1189 2376 commoveri
1213 2336 1429 2392 aequum
1464 2321 1661 2387 fuerat,
1702 2330 1758 2376 et
1788 2321 1896 2377 illis
1917 2337 2046 2392 per-

466 2409 706 2474 mittere,
734 2419 878 2466 utea
913 2411 1174 2478 facerent,
1213 2430 1334 2484 qua:
1370 2414 1475 2470 sibi
1503 2415 1656 2468 utilia
1682 2424 1737 2470 et
1759 2414 2045 2469 commoda

463 2515 584 2555 esse
610 2503 837 2569 scirent,
871 2520 967 2559 eos
991 2505 1158 2559 duros
1182 2505 1350 2561 fuisse
1394 2515 1450 2562 et
1485 2522 1727 2577 asperos,
1753 2516 1808 2562 et
1838 2523 1869 2561 a
1891 2523 2043 2562 com-

464 2595 818 2652 miseratione
867 2599 1094 2664 alienos,
1126 2600 1369 2670 ipsarum
1393 2617 1578 2656 rerum
1605 2602 1784 2656 exitus
1797 2616 2045 2670 compro-

463 2683 616 2738 bavit
645 2702 658 2738 :
685 2686 976 2756 prohibent
1003 2689 1148 2743 enim
1175 2705 1270 2745 eos
1293 2707 1323 2746 a
1351 2692 1461 2755 via,
1481 2693 1731 2762 quamvis
1749 2694 1840 2748 ille
1866 2709 2043 2763 popu-

466 2776 552 2830 lus
575 2785 760 2845 aperte
786 2778 1014 2844 diceret,
1041 2796 1100 2836 se
1146 2798 1327 2852 neque
1366 2783 1562 2849 vineis,
1591 2800 1768 2854 neque
1791 2800 2042 2855 agrorum

465 2867 738 2924 fructibus
781 2887 1012 2941 usquam
1061 2873 1322 2928 damnum
1369 2874 1688 2929 illaturum:
1725 2875 1856 2942 quin
1878 2875 2041 2930 etiam

467 2958 639 3027 ipsam
680 2977 898 3032 quoque
947 2979 1143 3033 aquam
1192 2980 1301 3018 non
1325 2965 1442 3019 sine
1483 2965 1659 3035 pretio
1691 2967 2036 3022 hausturum.

465 3049 561 3104 Ille
580 3067 732 3117 vero,
758 3053 862 3107 nisi
881 3054 949 3108 ab
970 3054 1056 3119 iis,
1080 3070 1200 3124 qua:
1224 3055 1503 3125 petebant,
1522 3055 1903 3120 abscederent,
1932 3073 2040 3112 non

2147 1868 2409 1940 Αἰγύπτῳ
2451 1869 2825 1938 ταλαιπωρίας
2873 1869 3159 1941 χρησίμως
3209 1865 3684 1938 ἀπαριθμούμενοι
3713 1907 3729 1931 ,

2149 1959 2244 2013 καὶ
2278 1959 2378 2030 τῆς
2421 1959 2734 2024 πλεονεξίας
2761 1962 2888 2022 τοὺς
2931 1963 3166 2032 τρόπους
3205 1959 3315 2014 ἀνω
3344 1975 3405 2010 τε
3439 1958 3533 2011 καὶ
3571 1956 3732 2010 κάτω

2150 2051 2513 2118 συντιθέντες,
2566 2053 2794 2116 ἀστείως
2831 2054 2929 2122 τὴν
2977 2053 3130 2106 οὐδὲν
3179 2050 3470 2105 ἀδικοῦσαν
3509 2047 3730 2102 αίτοῦοι

2145 2136 2326 2208 χάριν,
2361 2140 2642 2208 μονονουχὶ
2666 2139 3010 2212 συλλήπτορα
3038 2139 3306 2193 ποιεῖσθαι
3332 2137 3730 2201 σπουδάζοντες

2145 2229 2235 2280 τὸν
2261 2229 2514 2300 ὁμογενῆ·
2538 2232 2632 2285 καὶ
2657 2233 2765 2302 γὰρ
2789 2227 2930 2302 ἦσαν
2953 2231 3013 2297 ἐξ
3046 2231 3218 2286 Ἢσαῦ
3244 2231 3461 2300 ἀδελφοὶ
3499 2228 3726 2284 Ἰακώϐ·

2146 2319 2194 2371 οί
2247 2319 2302 2372 δὲ
2369 2322 2542 2376 καίτοι
2589 2327 2957 2397 κατοικτεῖραι
3007 2325 3146 2388 δέον,
3225 2323 3436 2394 ἐφεῖναι
3485 2341 3548 2377 τε
3587 2323 3728 2395 δρᾷν

2145 2411 2282 2484 ὅπερ
2318 2413 2383 2467 ἂν
2427 2415 2614 2469 εἰδεῖεν
2651 2417 2920 2488 χρήσιμόν
2951 2435 3011 2470 τε
3051 2419 3144 2471 καὶ
3183 2415 3459 2486 ὲπωφελὲς
3500 2414 3727 2479 αὐτῶν,

2147 2504 2372 2576 σκληροί
2399 2523 2456 2560 τε
2479 2508 2568 2560 καὶ
2591 2509 2922 2580 ἀτεράμονες
2952 2509 3047 2564 καὶ
3068 2511 3354 2579 συναλγεῖν
3372 2509 3472 2563 οὐκ
3495 2507 3724 2571 ειδότες,

2143 2593 2210 2646 δι’
2241 2594 2419 2649 αὐτῶν
2445 2597 2731 2666 ἠλέγχοντο
2757 2599 2865 2653 τῶν
2896 2601 3257 2672 πραγμάτων
3280 2598 3586 2672 ὲξείργουσι
3609 2597 3728 2670 γὰρ

2141 2684 2262 2738 ὀδοῦ
2286 2727 2300 2748 ,
2358 2686 2534 2741 καίτοι
2575 2688 2823 2758 λέγοντος
2853 2691 3096 2762 ὲναργῶς
3126 2689 3219 2744 τοῦ
3247 2689 3398 2752 λαοῦ,
3448 2691 3587 2760 μήτε
3610 2691 3724 2758 ἀμ·-

2144 2776 2347 2831 πελῶσι
2369 2819 2382 2839 ,
2416 2780 2552 2850 μήτε
2585 2780 2771 2851 ἀγρῶν
2820 2782 3144 2853 εὐκαρπίαις
3180 2779 3564 2835 κατασίνεσθαί
3595 2794 3722 2846 ποι,

2143 2868 2279 2922 ἀλλά
2325 2871 2418 2923 καὶ
2459 2871 2601 2942 ὕδωρ
2636 2873 2920 2944 ἀντλήσειν
2951 2875 3051 2927 οὐκ
3083 2873 3410 2943 ἀνάργυρον.
3464 2871 3524 2925 ’0
3559 2871 3643 2936 δὲ,
3671 2870 3727 2924 εί

2146 2959 2220 3030 μὴ
2254 2959 2526 3029 βούλοιντο
2566 2961 2674 3016 τῶν
2705 2962 3035 3033 αίτηθέντων
3070 2964 3413 3034 ἀποχωρεῖν,
3457 2961 3522 3014 οὐ
3552 2977 3724 3033 προσ-

2143 3051 2404 3122 ηπείλησε
2450 3053 2608 3123 μόνον
2645 3053 2746 3125 τὴν
2789 3055 2976 3123 ἔφοδον
2995 3094 3010 3119 ,
3041 3053 3156 3108 ἀλλ’
3192 3050 3260 3126 ἦν
3295 3054 3389 3107 καὶ
3427 3053 3486 3106 ὲν
3531 3053 3723 3117 ὅπλοις

473 3142 638 3196 modo
665 3159 722 3197 se
743 3159 839 3198 eos
865 3145 1185 3200 invasurqu
1211 3147 1576 3203 comminatus
1597 3156 1714 3214 est;
1741 3147 1834 3202 sed
1854 3148 1964 3218 jam
1993 3148 2044 3202 in

2151 3143 2272 3215 ἤδη,
2304 3145 2399 3198 καὶ
2442 3147 2768 3215 πανστρατὶ,
2817 3146 3203 3220 παρετάττετο.
3245 3145 3356 3198 Καὶ
3391 3143 3446 3196 τί
3485 3143 3551 3216 δὴ
3581 3141 3724 3214 πρὸς

466 3235 634 3288 armis
646 3240 852 3300 erat,et
875 3237 1143 3293 universis
1153 3238 1325 3308 copiis
1346 3239 1580 3304 eductis,
1604 3239 1773 3299 aciem
1791 3239 2044 3294 adversus

2151 3234 2304 3288 τοῦτο
2328 3251 2342 3301 ;
2374 3235 2637 3304 κρείττων
2658 3231 2726 3307 ἦν
2752 3236 3116 3308 μικροψυχίας
3143 3238 3172 3290 ό
3205 3234 3423 3306 Ἰσραήλ
3439 3251 3456 3266 ·
3477 3232 3727 3299 ἐξέκλινε

465 3343 562 3382 eos
588 3327 913 3383 instruebat.
939 3327 1080 3395 Quid
1105 3344 1270 3400 porro
1293 3331 1362 3385 ad
1388 3331 1504 3386 haec
1527 3331 1733 3387 Israel?
1753 3331 1886 3387 vicit
1909 3332 2050 3387 indi-

469 3419 747 3488 gnationis
791 3420 1295 3490 perturbationem;
1347 3422 1636 3477 declinavit
1663 3423 1812 3477 enim
1835 3423 1903 3478 ab
1928 3423 2043 3490 illo,

465 3510 666 3580 inquit,
692 3510 1099 3565 contentionem
1124 3511 1388 3566 adversus
1413 3511 1614 3567 fratres
1636 3512 1895 3567 nimirum
1919 3529 2044 3569 sus-

467 3601 652 3670 cipere
701 3602 900 3665 vitans,
928 3617 992 3656 ac
1023 3602 1450 3672 propinquitatis
1487 3604 1663 3671 legem
1705 3619 1919 3660 summa
1947 3622 2041 3674 pa-

471 3691 660 3744 tientia
699 3699 1010 3744 veneratus.
1041 3694 1125 3746 An
1159 3693 1275 3747 haec
1301 3708 1411 3747 non
1440 3693 1515 3748 ita
1539 3707 1597 3748 se
1621 3693 1823 3748 habere
1851 3696 2043 3764 putas?

539 3779 737 3833 PALL.
765 3780 844 3833 Ita
879 3796 1125 3856 prorsus.

538 3870 693 3924 CYR.
731 3870 902 3941 Igitur
931 3871 1364 3943 indignationem
1393 3873 1715 3944 reprimere,
1740 3882 1797 3929 et
1822 3875 1930 3932 iras
1945 3891 2042 3931 co-

474 3961 690 4026 hibere,
720 3978 782 4017 ac
805 3979 904 4034 pro
929 3964 1355 4034 uniuscujusque
1380 3969 1617 4034 peccatis
1631 3981 1804 4036 poena:
1819 3967 2041 4022 modum

469 4054 753 4116 adhibere,
803 4063 1065 4124 prmterea
1127 4057 1195 4112 de
1257 4073 1586 4126 unoquoque
1638 4067 1786 4113 recta
1828 4068 1884 4114 et
1923 4076 2043 4129 quae

465 4146 690 4199 omnino
713 4147 1039 4215 reprehendi
1064 4163 1174 4202 non
1211 4148 1444 4217 possint,
1471 4163 1500 4202 a
1518 4149 1677 4204 nobis
1700 4148 1815 4204 fieri
1835 4151 2042 4221 judicia

462 4235 706 4290 fructum
735 4236 790 4290 id
825 4252 946 4293 esse
971 4255 1035 4294 ac
1056 4255 1256 4294 munus
1281 4240 1567 4296 charitatis
1591 4242 1644 4295 in
1670 4242 1882 4307 fratres,
1909 4259 2041 4299 cen-

465 4327 695 4382 scndum
723 4335 827 4383 est.

535 4421 731 4476 PALL.
769 4421 835 4475 Et
856 4421 1078 4492 quidem
1103 4426 1226 4496 jure
1250 4427 1480 4494 optimo.

533 4511 689 4565 CYR.
722 4511 780 4564 In
807 4521 1064 4583 promptu
1089 4523 1174 4568 est
1199 4515 1366 4584 igitur
1395 4515 1609 4579 audire,
1636 4516 1680 4568 si
1704 4516 1858 4580 velis,
1891 4532 2037 4572 nunc

464 4602 685 4672 quidem
708 4603 985 4658 dicentem
1029 4621 1041 4658 :
1076 4622 1094 4655 ι
1123 4605 1193 4659 Et
1235 4620 1347 4659 non
1390 4606 1644 4661 irasceris
1683 4607 1812 4662 filiis
1848 4609 2033 4678 pepuli

467 4695 547 4748 tui
571 4695 636 4748 ⁸⁸.
661 4714 679 4746 ι
701 4695 850 4749 Alias
875 4702 1058 4749 autem
1084 4711 1098 4749 :
1129 4714 1148 4746 ι
1191 4695 1248 4751 Si
1277 4695 1446 4769 fuerit
1468 4699 1842 4754 controversia
1893 4701 2037 4754 inter

2147 3324 2256 3395 γὰρ
2285 3325 2379 3378 ἀπ’
2411 3324 2597 3392 αὑτοῦ,
2635 3326 2786 3396 φησὶ,
2815 3325 2875 3380 τὸ
2901 3326 3038 3397 πρὸς
3065 3325 3328 3395 ἀδελφοὺς
3359 3323 3547 3396 δύσερι
3573 3339 3723 3395 παρ-

2147 3415 2472 3488 ωθούμενος,
2504 3417 2598 3472 καὶ
2632 3417 2731 3488 τῆς
2763 3415 3079 3488 ἀγχιστείας
3109 3417 3200 3487 τὸν
3225 3415 3410 3486 νόμον,
3436 3415 3559 3478 ταῖς
3577 3413 3727 3482 ἄγαν

2146 3505 2521 3573 ἀνεξικακίαις
2563 3506 2956 3580 ὲκτετιμηκώς.
2999 3509 3071 3561 Ἦ
3107 3505 3206 3579 οὐχ
3242 3498 3344 3562 ὧδε
3373 3503 3518 3577 ἔχειν
3555 3503 3758 3577 οἰήσῃ”

2143 3601 2330 3668 ταυτίς

2217 3799 2426 3853 ΠΑΛΛ.
2454 3798 2565 3854 Καὶ
2591 3798 2753 3853 πάνυ.

2214 3891 2378 3945 ΚΥΡ.
2415 3889 2625 3944 Οὐκοῦν
2657 3881 2720 3944 rb
2751 3889 2957 3960 θυμοὺς
3000 3888 3324 3942 ἀνακόπτειν
3363 3886 3458 3941 καὶ
3496 3886 3716 3938 ἀνασει-

2147 3983 2330 4055 ράζειν
2377 3980 2566 4054 ὀργὰς,
2623 3980 2717 4035 καὶ
2765 3981 3079 4050 ὲπιμετρεῖν
3112 3977 3384 4047 ἀναλόγως
3424 3977 3520 4040 τὰς
3561 3973 3719 4039 δίκας

2141 4077 2253 4137 τοῖς
2283 4072 2513 4125 ἑκάστου
2553 4071 2898 4140 πταίσμασι,
2925 4072 3020 4123 καὶ
3059 4071 3165 4142 μὴν
3195 4070 3289 4122 καὶ
3319 4068 3380 4121 τὸ
3411 4067 3520 4120 δεῖν
3549 4065 3718 4137 ὀρθὰς

2142 4167 2236 4219 καὶ
2280 4164 2636 4233 ἀδιαϐλήτους
2677 4161 2953 4226 παντελῶς
3004 4161 3338 4230 πράττεσθαι
3381 4159 3517 4231 πρὸς
3558 4156 3718 4228 ⁴ἡμῶν

2140 4255 2237 4317 τὰς
2260 4255 2344 4323 ἐφ’
2369 4253 2584 4324 ἑκάστῳ
2605 4253 2837 4324 κρίσεις,
2866 4252 3086 4324 ἀγάπης
3108 4249 3245 4306 εἶναι
3267 4249 3597 4321 λογιούμεθα
3615 4250 3716 4319 τῆς

2141 4348 2219 4410 είς
2249 4346 2508 4414 ἀδελφοὺς
2536 4343 2746 4414 καρπόν
2778 4361 2837 4396 τε
2868 4344 2962 4397 καὶ
2990 4343 3357 4414 ἀποτέλεσμα.

2212 4437 2421 4490 ΠΑΛΑ.
2449 4435 2559 4488 Καὶ
2589 4434 2734 4504 μάλα
2761 4433 3009 4498 δικαίως.

2206 4527 2369 4580 ΚΥΡ.
2410 4526 2568 4597 Πάρα
2610 4525 2676 4595 δὴ
2732 4521 2824 4579 οὖν
2873 4524 3116 4580 ἐθέλοντι
3164 4541 3278 4586 σοι,
3337 4523 3716 4578 διαπείθεσθαι

2141 4616 2321 4677 πάλιν,
2353 4615 2481 4668 ποτὲ
2507 4614 2608 4686 μὲν
2630 4615 2900 4684 λέγοντος,
2933 4636 2950 4668 ι
2989 4615 3098 4668 Καὶ
3120 4615 3180 4668 οὐ
3211 4617 3422 4686 μηνιεῖς
3441 4617 3555 4678 τοῖς
3577 4617 3714 4678 υἱοῖς

2140 4705 2232 4759 τοῦ
2257 4706 2386 4760 λαοῦ
2404 4724 2495 4759 σου
2515 4707 2699 4760 ἰποτὲ
2719 4707 2774 4760 δὲ
2799 4703 2865 4762 αὖ
2887 4725 2933 4758 ἰ
2959 4707 3086 4761 Ἐὰν
3112 4707 3168 4760 δὲ
3192 4706 3416 4777 γένηται
3438 4707 3713 4775 ἀντιλογία

465 4785 735 4852 homines,
758 4793 814 4842 et
842 4787 1175 4842 accesserint
1189 4789 1258 4843 ad
1275 4788 1566 4860 judicium,
1581 4791 2037 4863 et‘judicaverint,

2151 4797 2245 4850 ἂινά
2275 4798 2438 4868 μέσον
2460 4797 2768 4868 ἀνθρώπων
2789 4839 2802 4861 ,
2849 4799 2942 4852 καὶ
2976 4796 3346 4869 προσέλθωσιν
3389 4799 3469 4861 είς
3506 4797 3711 4868 κρίσιν,

463 4873 840 4942 justificabunt
857 4878 1088 4948 justum,
1119 4887 1182 4944 et,
1218 4880 1662 4936 condemnabunt
1685 4882 1913 4952 impium
1945 4902 1956 4936 :
1985 4893 2042 4938 et

2151 4889 2236 4944 καὶ
2273 4888 2498 4960 κρίνωσι
2537 4889 2631 4943 καὶ
2682 4889 3010 4944 δικαιώσωσι
3049 4892 3140 4943 τὸν
3176 4890 3384 4943 δίκαιον
3434 4889 3528 4942 καὶ
3582 4905 3712 4941 κατ-

466 4961 594 5025 erit,
621 4963 666 5017 si
706 4964 871 5020 fuerit
903 4965 1101 5036 dignus
1142 4968 1337 5038 plagis,
1382 4969 1478 5039 qui
1523 4971 1858 5040 impietatem
1888 4971 2039 5036 fecit,

2151 4979 2348 5048 ιγνῶσι
2375 4979 2468 5034 τοῦ
2513 4980 2760 5043 ἀσεϐοῦς,
2796 4980 2891 5033 καὶ
2920 4979 3014 5034 ἐὰν
3040 4979 3188 5044 ἄξιος
3281 4977 3502 5049 πληγῶν
3533 4979 3562 5031 ό
3589 4978 3711 5030 ἀσε-

467 5062 783 5121 prosternes
804 5073 931 5111 eum
955 5073 1139 5112 coram
1156 5059 1452 5129 iudicibus,
1469 5068 1524 5115 et
1546 5061 1894 5131 ﬂagellabunt
1914 5078 2039 5117 eum

2151 5071 2274 5136 δῶν,
2317 5071 2412 5125 καὶ
2457 5072 2664 5137 καθιεὶς
2710 5070 2871 5126 αὑτὸν
2915 5071 3156 5125 ἐναντίον
3191 5071 3301 5124 τῶν
3351 5069 3587 5142 κριτῶν,
3620 5068 3714 5122 καὶ

468 5156 648 5196 coram
693 5145 845 5214 ipsis,
892 5149 1193 5203 secundum
1243 5149 1576 5220 impietatem
1622 5154 1760 5222 ejus,
1809 5168 2040 5208 numero

2151 5157 2578 5227 μαστιγώσουσιν
2647 5159 2807 5214 αὑτὸν
2865 5160 3106 5214 ἐναντίον
3158 5159 3356 5225 αὐτοῦ,
3413 5159 3555 5213 κατὰ
3617 5157 3713 5228 τὴν

469 5233 828 5306 quadraginta
852 5237 1204 5308 ﬂagellabant
1228 5256 1389 5306 eum;
1419 5257 1528 5296 non
1566 5243 1800 5296 addent:
1825 5243 1971 5312 quod
1994 5243 2040 5297 si

2151 5247 2396 5301 ἀσέϐειαν
2426 5248 2613 5313 αὐτοῦ,
2656 5249 2874 5321 ἀριθμῷ
2896 5250 3303 5321 τεσσαράκοντα
3335 5247 3712 5320 μαστιγώσου-

467 5325 782 5381 addiderint
808 5325 1082 5399 flagellare
1122 5345 1248 5385 eum
1284 5331 1424 5386 ultra
1460 5331 1557 5386 has
1601 5332 1786 5402 plagas
1832 5332 2038 5402 plures,

2151 5355 2232 5390 σιν
2277 5338 2472 5402 αὑτὸν,
2527 5340 2586 5392 οὐ
2633 5339 3066 5412 προσθήσουσιν,
3111 5340 3206 5394 ἐὰν
3251 5341 3309 5395 δὲ
3361 5339 3712 5411 προσθήσωσι

470 5416 852 5487 deturpabitur
874 5417 1042 5474 frater
1071 5426 1196 5474 tuus
1235 5435 1418 5474 coram
1458 5428 1512 5474 te
1540 5421 1607 5473 '9.
1641 5438 1659 5470 ι

2151 5428 2489 5497 μαστιγῶσαι
2518 5430 2700 5495 αὐτὸν,
2726 5430 2866 5501 ὑπὲρ
2890 5431 3094 5494 ταύτας
3115 5431 3214 5494 τὰς
3236 5431 3450 5502 πληγὰς
3474 5428 3708 5494 πλείους,

1054 5524 1058 5528 ’
2144 5518 2515 5587 ἀσχημονήσει
2537 5519 2811 5589 όάδελφός
2843 5537 2936 5574 σου
2971 5521 3210 5575 ἐναντίον
3238 5537 3357 5575 σου.
3403 5539 3422 5573 ι

549 5694 593 5727 ²⁷
626 5695 784 5750 Num.
820 5713 908 5763 xx,
945 5697 1121 5753 M—2I.
1203 5699 1246 5731 ³⁸
1277 5695 1452 5753 Levit.
1487 5712 1594 5764 xxx,
1621 5696 1706 5751 f7.
1786 5699 1828 5731 ”
1859 5699 2016 5752 Deut.
2045 5712 2164 5752 xxv.
2195 5696 2306 5751 1-4.
