3990 6196
342 314 448 371 575

1055 315 1141 370 OE
1177 314 1617 374 ADORATIONE
1657 319 1724 372 IN
1762 319 2030 376 SPIRITU
2072 317 2161 372 ET
2201 313 2570 373 VERITATE.
2610 314 2739 369 LIB.
2763 309 2915 370 ~Vlll.

3502 314 3606 372 574

418 427 634 482 ΠΑΛΛ.
667 429 778 480 Καὶ
815 428 900 491 τίς
923 430 990 481 ἂν
1019 428 1192 499 ὁρῷτο
1231 430 1392 484 πάλιν
1418 434 1551 502 ἡμῖν
1572 435 1600 486 ὁ
1631 433 1806 501 λόγος,
1831 433 1916 488 τοί

2100 433 2296 489 PALL.
2332 431 2464 498 Qua:
2502 438 2686 486 autem
2736 444 2928 484 rursus
2971 443 3236 499 apparere
3280 429 3438 484 nobis
3469 433 3608 486 ratio

348 520 539 590 χρῆναι
592 519 829 588 πληγαῖς
883 519 1102 590 ἀριθμῷ
1144 522 1554 592 τεσσαράκοντα
1591 524 1782 593 μόναις
1825 540 1925 578 κα-

346 610 674 666 ταπαίεσθαι
707 613 834 674 τοὺς
867 613 1382 683 κατεγνωσμένους;
1414 614 1661 685 αἰσχύνει
1689 615 1747 668 δὲ
1778 616 1927 680 ὅπως

345 700 516 764 τινας,
545 700 606 752 τὸ
640 700 777 770 ὑπὲρ
801 699 990 754 τούτου
1023 701 1252 772 φράσον.

419 879 583 932 ΚΥΡ.
630 878 790 932 Κατά
838 877 1066 941 πολλοὺς
1113 882 1247 951 ἡμῖν
1294 882 1530 952 τρόπους
1578 883 1638 936 τὸ
1687 881 1923 952 Χριστοῦ

353 971 654 1040 μυστήριον
695 973 1119 1040 σκιαγραφεῖται
1165 972 1348 1035 καλῶς
1398 973 1488 1026 διὰ
1535 974 1636 1042 τῆς
1691 975 1925 1044 ἀρχαίας

349 1057 591 1127 ἐντολῆς,
615 1057 792 1110 καὶτὸ
821 1059 1090 1129 σωτήριον
1116 1061 1248 1129 ἡμῖν
1280 1062 1445 1114 οἱονεὶ
1471 1062 1923 1134 πλαστουργεῖται

349 1146 537 1209 πάθος.
563 1148 624 1199 ἐν
646 1141 710 1214 ᾧ,
745 1147 840 1200 καὶ
867 1148 938 1201 δι’
967 1142 1027 1202 οὗ
1056 1149 1256 1212 παντὸς
1284 1151 1681 1220 ἀπηλλάγμεθα
1704 1150 1797 1203 τοῦ
1825 1169 1925 1227 κατ

347 1237 476 1290 κοῦν
509 1237 821 1308 ἰσχύοντος,
855 1239 950 1291 καὶ
978 1238 1296 1308 ἀνηκέστοις
1329 1241 1475 1311 ἡμᾶς
1508 1241 1740 1303 ἐνιέντος
1781 1257 1920 1311 συμ-

345 1329 536 1393 φοραῖς
559 1342 572 1355 ·
621 1327 714 1380 καὶ
747 1327 936 1398 ὥσπερ
962 1325 1190 1397 ἔναγχος
1229 1327 1386 1398 ἔφην,
1422 1329 1483 1381 τὸ
1517 1329 1584 1381 δι’
1609 1328 1748 1382 ἐπτά
1784 1328 1920 1382 ἐτῶν

343 1417 588 1470 ἀνεῖσθαι
628 1417 754 1481 τοὺς
776 1416 1096 1490 ὠφληκότας
1116 1459 1131 1484 ,
1154 1418 1244 1471 τὸν
1272 1418 1372 1488 τῆς
1397 1420 1650 1473 ἁπάντων
1671 1420 1922 1487 ἀφέσεως

343 1509 536 1580 καιρὸν
577 1509 970 1563 ύπαινίττεται.
1002 1508 1411 1579 Δεδικαιώμεθα
1443 1510 1550 1580 γὰρ
1572 1511 1628 1562 ἐν
1661 1510 1881 1580 Χριστῷ
1901 1550 1916 1573 ,

345 1603 438 1654 καὶ
458 1601 819 1671 δεδιδάγμεθα
839 1602 1020 1670 λέγειν
1039 1604 1097 1654 ἐν
1120 1604 1472 1672 προσευχαῖς,
1497 1602 1635 1672 πρὸς
1658 1603 1747 1655 τὸν
1763 1605 1820 1655 ἐν
1839 1605 1922 1656 ού·

346 1691 528 1759 ρανοῖς
549 1690 766 1760 Πατέρα
788 1691 882 1743 καὶ
907 1690 1059 1756 Θεὸν,
1087 1709 1104 1743 ι
1121 1691 1292 1759 Ἀφες
1326 1693 1455 1762 ἡμῖν
1476 1692 1544 1745 τά
1577 1693 1920 1762 ὀφειλήματα

2028 524 2222 594 possit,
2242 521 2524 591 curplagis
2536 521 2696 590 277
2720 535 2950 574 numero
2963 519 3321 590 quadraginta
3345 520 3612 582 duntaxat

2027 613 2379 670 condemnati
2409 611 2656 667 cadendi
2685 612 2830 666 sint?
2866 625 3043 680 quave
3071 610 3281 665 ratione
3312 610 3613 680 deturpen-

2027 712 2135 768 tur,
2164 705 2210 758 si
2235 704 2328 772 qui
2353 719 2518 772 supra
2541 703 2688 756 hunc
2716 718 3005 756 numerum
3031 702 3332 766 caedantur,
3368 703 3613 772 explices

2025 794 2212 848 velim.

2087 885 2242 940 CYR.
2271 883 2453 936 Multis
2479 881 2657 937 modis
2672 881 2877 936 Christi
2905 884 3225 953 mysterium
3251 892 3400 939 recte
3431 883 3605 938 veteri

2023 975 2282 1030 mandato
2311 974 2472 1028 nobis
2509 972 2894 1038 adumbratur,
2931 983 2987 1028 et
3023 974 3428 1044 quodammodo
3454 974 3609 1028 citin-

2023 1068 2171 1140 gitur
2186 1067 2365 1137 passio
2385 1066 2704 1131 Salvatoris,
2731 1067 2786 1120 in
2810 1083 2918 1136 qua
2965 1075 3022 1122 et
3045 1083 3145 1136 per
3173 1083 3338 1137 quam
3362 1069 3430 1122 ab
3455 1071 3607 1124 omni

2024 1160 2166 1212 malo
2195 1158 2412 1215 liberati
2461 1173 2652 1212 sumus
2693 1157 2839 1227 quod
2865 1173 2965 1211 nos
2989 1172 3184 1212 vexare
3204 1167 3440 1227 poterat,
3471 1170 3527 1215 et
3551 1162 3607 1215 in

2021 1263 2295 1302 mrumnas
2327 1247 2657 1300 insanabiles
2680 1247 3225 1316 conjecerat.Atque.
3252 1249 3395 1303 sicut
3419 1267 3602 1319 nuper

2022 1335 2154 1401 dixi,
2199 1336 2303 1390 hoc
2326 1336 2524 1404 ipsum,
2559 1336 2705 1404 quod
2740 1337 2972 1405 septimo
3013 1352 3234 1406 quoque
3257 1353 3400 1392 anno
3441 1339 3610 1394 ﬁebat

2021 1426 2330 1482 debitorum
2354 1429 2621 1492 remissio,
2657 1437 2871 1499 tempus
2908 1430 3297 1485 universorum
3324 1433 3606 1487 remissio»

2021 1517 2107 1571 nis
2133 1518 2356 1586 ﬁgurate
2382 1517 2692 1588 signiﬁcare
2759 1519 2776 1590 (
2809 1519 3091 1589 justiﬁcati
3131 1536 3368 1591 namque
3417 1537 3610 1578 sumus

2021 1604 2077 1658 in
2115 1605 2353 1669 Christo,
2380 1615 2438 1660 et
2477 1605 2771 1661 didicimus
2811 1607 2995 1662 dicere
3044 1609 3098 1662 in
3142 1611 3488 1666 orationibus
3531 1614 3601 1666 ad

2020 1695 2190 1749 Deum
2245 1705 2299 1750 et
2321 1697 2556 1759 Patrem,
2597 1696 2772 1765 quiin
2817 1698 2971 1754 cwlis
2994 1705 3150 1752 estzc
3179 1699 3399 1755 Dimitte
3444 1703 3608 1765 nobis

344 1780 517 1850 ἡμῶν
531 1800 549 1831 ι
573 1779 716 1834 οὕτω
739 1781 988 1846 κάνθάδε,
1007 1781 1068 1834 τὸ
1087 1781 1247 1852 μέχρι
1269 1782 1492 1853 πληγῶν
1513 1783 1916 1853 τεσσαράκοντα

2019 1788 2203 1842 debita
2235 1797 2422 1843 nostra
2445 1790 2490 1820 ³ο
2517 1787 2569 1861 ς)
2603 1807 2623 1841 ι
2657 1790 2737 1844 sic
2763 1791 2868 1845 hoc
2898 1807 3117 1861 quoque
3154 1792 3276 1845 loco
3302 1791 3450 1861 quod
3476 1808 3604 1847 ver-

344 1874 604 1943 προήκειν
655 1875 768 1936 τοῖς
816 1873 1106 1940 παίουσιν,
1152 1874 1270 1944 ήτοι
1321 1873 1638 1944 παιομένοις
1681 1874 1780 1938 τὰς
1826 1874 1915 1928 διὰ

347 1965 624 2034 μαστίγων
669 1965 881 2029 αἰκίας,
931 1965 1022 2019 τὸν
1075 1965 1399 2036 τριπόθητον
1441 1967 1573 2038 ἡμῖν
1627 1965 1729 2035 τῆς
1777 1965 1915 2036 μετά

347 2057 544 2126 σαρκὸς
568 2056 877 2126 οἰκονομίας
904 2056 998 2108 τοῦ
1024 2056 1362 2124 Μονογενοῦς
1385 2055 1676 2125 ἀποφαίνει
1698 2055 1908 2128 καιρὸν,

344 2145 463 2198 καθ’
499 2146 560 2198 ὃν
592 2145 669 2217 τῷ
709 2146 936 2217 μώλωπι
979 2146 1145 2200 αὑτοῦ
1189 2149 1352 2217 ἡμεῖς
1388 2146 1646 2217 ἰάθημεν,
1687 2147 1780 2199 καὶ
1819 2163 1916 2216 με-

347 2237 674 2306 μαλάκισται
707 2237 806 2308 μὲν
840 2237 1002 2302 αὐτὸς
1033 2238 1121 2291 διά
1156 2237 1254 2300 τὰς
1288 2239 1560 2308 ἁμαρτίας
1593 2236 1782 2308 ἡμῶν,
1813 2237 1915 2304 ἐμ-

345 2331 789 2401 παροινησάντων
824 2332 905 2393 εἰς
953 2331 1115 2384 αὑτὸν
1160 2330 1268 2384 τῶν
1318 2329 1376 2397 ἐξ
1422 2328 1657 2400 Ἰσραὴλ,
1695 2328 1914 2390 καὶτὰς

344 2420 484 2473 κατά
523 2420 707 2474 νώτων
739 2421 954 2491 πληγὰς
988 2421 1373 2489 ἐπενεγκόντος
1413 2421 1680 2486 Πιλάτου,
1722 2419 1914 2489 ποινῆς

343 2512 396 2565 δὲ
423 2515 584 2582 ἡμεῖς
618 2513 712 2566 καὶ
749 2514 1022 2576 κολάσεως
1056 2512 1388 2584 ἐξῃρήμεθα.
1430 2512 1606 2566 Πάλαι
1640 2511 1746 2581 γὰρ
1774 2506 1915 2581 ἦσαν

343 2605 532 2659 πολλαὶ
555 2608 608 2659 αἰ
633 2606 895 2676 μάστιγες
919 2605 1013 2658 τοῦ
1038 2603 1387 2676 ἀμαρτωλοῦ,
1412 2603 1552 2658 κατὰ
1578 2604 1640 2656 τὸ
1666 2619 1915 2673 γεγραμ-

345 2696 523 2764 μένον,
559 2696 672 2751 ἀλλ’
705 2696 848 2766 ὑπὲρ
882 2696 1039 2766 ήμῶν
1070 2695 1370 2765 ἐμαστίχθη
1413 2694 1646 2764 Χριστός
1670 2711 1686 2725 ο
1725 2693 1914 2764 ὥσπερ

342 2787 450 2855 γάρ
476 2786 616 2855 ὑπὲρ
650 2786 869 2839 πάντων
895 2785 1164 2839 ἀπέθανεν
1187 2824 1202 2848 ,
1233 2783 1375 2838 οὕτω
1404 2784 1496 2838 καὶ
1527 2784 1668 2850 ὑπὲρ
1698 2783 1915 2837 πάντων

343 2877 700 2947 ἐμαστιγοῦτο
741 2877 928 2942 πάλιν,
965 2874 1045 2940 εἷς
1082 2875 1156 2929 ὢν
1185 2876 1214 2927 ὁ
1252 2876 1465 2928 πάντων
1507 2873 1776 2938 ἀντάξιος.
1812 2873 1915 2926 Τὸν

341 2968 396 3021 δέ
433 2987 496 3037 γε
535 2968 1116 3040 τεσσαρακονθήμερον
1154 2966 1388 3039 ἀριθμὸν
1418 2968 1498 3030 εἰς
1540 2967 1629 3019 τὸν
1658 2964 1915 3027 πεντάκις

341 3058 483 3112 ὀκτὼ
511 3060 857 3132 κατατεμὼν,
896 3062 1168 3132 χρήσιμον
1195 3060 1450 3131 εὑρήσεις
1484 3061 1552 3130 τῇ
1589 3059 1682 3111 τοῦ
1712 3055 1911 3129 καιροῦ

344 3150 606 3220 σημασία,
637 3152 728 3203 τὸν
755 3151 912 3205 πέντε
938 3150 1032 3205 καὶ
1059 3149 1150 3203 τὸν
1191 3147 1338 3202 ὀκτὼ
1361 3187 1375 3212 ,
1405 3147 1769 3217 ἐπιδεδήμηκε
1804 3143 1911 3215 γὰρ

341 3242 369 3293 ό
398 3240 709 3311 Μονογενὴς
741 3242 800 3294 ἐν
836 3240 1075 3311 πέμπτῳ
1100 3237 1278 3308 καιρῷ
1297 3277 1312 3301 ,
1340 3237 1482 3290 κατά
1512 3252 1576 3303 γε
1603 3236 1704 3306 τὴν
1737 3235 1914 3302 Εὐαγ-

343 3331 564 3401 γελικὴν
591 3331 903 3404 παραϐολήν
921 3348 938 3364 ο
974 3330 1293 3403 Ἐμισθοῦτο
1324 3328 1432 3399 γάρ
1461 3345 1544 3392 τις
1573 3329 1651 3391 εἰς
1681 3327 1773 3380 τὸν
1802 3327 1912 3396 ἀμ-

341 3423 556 3476 πελῶνα
592 3426 719 3486 τοὺς
757 3426 994 3495 ἐργάτας
1017 3442 1031 3455 ο
1073 3423 1304 3491 ἐξελθὼν
1354 3423 1412 3476 δέ
1448 3422 1578 3492 περ).
1617 3420 1715 3492 τὴν
1765 3419 1912 3491 ὤραν

342 3513 562 3584 πρώτην
581 3554 595 3577 ,
639 3515 828 3586 τρίτην
851 3532 910 3568 τε
943 3515 1038 3570 καὶ
1059 3514 1225 3584 ἕκτην
1243 3555 1257 3578 ,
1282 3514 1376 3567 καὶ
1402 3513 1629 3582 ὲννάτην
1653 3511 1746 3564 καὶ
1765 3510 1912 3563 ἐνδε-

342 3606 541 3676 κάτην·
571 3607 865 3677 ἐγήγερται
890 3605 946 3660 δὲ
980 3607 1123 3660 κατὰ
1148 3606 1254 3677 τὴν
1281 3605 1473 3675 ὀγδόην
1497 3645 1512 3670 ,
1551 3605 1646 3657 τοῦ
1682 3602 1911 3658 θανάτου

340 3696 646 3760 καταλύσας
671 3698 731 3750 τὸ
753 3698 972 3770 κράτος,
997 3700 1092 3751 καὶ
1117 3699 1216 3768 τῆς
1239 3697 1565 3752 ἐπεισάκτου
1588 3695 1796 3766 φθορᾶς
1815 3694 1912 3765 τὴν

343 3788 554 3860 μητέρα
590 3790 901 3853 συνδιολλὺς
925 3788 1074 3860 αὐτῷ
1094 3828 1108 3852 ,
1132 3789 1278 3842 τοῦτ’
1301 3789 1470 3854 ἔστιν,
1499 3786 1775 3859 ἁμαρτίαν
1797 3828 1811 3848 ,
1843 3782 1910 3858 ἦς

339 3880 722 3950 ἀνῃρημένης,
751 3882 943 3951 ἀργεῖν
984 3880 1198 3950 ἀνάγκη
1234 3879 1328 3932 καὶ
1361 3879 1663 3949 μάστιγας,
1691 3877 1785 3931 καὶ
1813 3877 1910 3941 τὰς

337 3972 402 4025 δι’
440 3972 612 4041 αὐτὴν
648 3972 840 4035 ποινάς
879 3973 974 4025 καὶ
1011 3971 1280 4034 κολάσεις.
1328 3971 1441 4024 Ούκ
1467 3972 1532 4041 ἐᾷ
1559 3968 1847 4040 τοιγαροῦν
1885 3970 1914 4020 ό

339 4061 497 4131 νόμος
544 4061 898 4132 ύπερτρέχειν
938 4060 1019 4114 ἔτι
1045 4061 1146 4132 τὴν
1189 4061 1428 4130 μάστιγα
1457 4061 1548 4113 τὸν
1574 4076 1911 4132 τεσσαρακο-

337 4155 460 4208 στὸν
515 4154 776 4225 ἀριθμὸν,
840 4152 1002 4225 μέχρι
1041 4153 1139 4223 τῆς
1188 4151 1426 4224 Χριστοῦ
1480 4151 1780 4223 παρουσίας
1817 4151 1912 4204 καὶ

334 4247 495 4300 οἱονεί
519 4260 638 4309 πως
662 4245 813 4309 ίστάς
841 4244 911 4298 τά
937 4244 1288 4314 κολαστήρια,
1314 4243 1406 4297 καὶ
1431 4243 1521 4296 τὸν
1540 4243 1638 4314 τῆς
1663 4243 1912 4311 ἀφέσεως

339 4338 766 4409 κατασημαίνων
799 4338 1009 4408 καιρόν.
1043 4337 1154 4407 Τῆς
1179 4337 1289 4408 γάρ
1314 4335 1570 4406 ἀληθείας
1596 4337 1646 4388 οἰ
1667 4335 1826 4388 τύποι
1850 4335 1912 4388 τὸ

340 4427 533 4489 κάλλος
581 4427 882 4482 ὠδίνουσιν.
956 4425 1146 4479 ’ἰστέον
1199 4425 1256 4478 δὲ
1308 4425 1389 4478 ὅτι
1452 4422 1830 4495 προσκρούσας
1884 4425 1914 4477 ό
1945 4456 1988 4510 D

351 4519 587 4592 Ἰσραὴλ,
618 4518 1053 4591 τεσσαρακοστὸν
1089 4518 1206 4580 ἔτος
1237 4517 1503 4570 ἐπλανᾶτο
1534 4516 1631 4587 τὴν
1671 4515 1875 4586 ἔρημον
1896 4531 1910 4548 ο

335 4611 480 4682 ὅρκῳ
501 4612 610 4683 γάρ
641 4610 854 4680 ὤμοσεν
883 4611 912 4662 ό
935 4609 1088 4672 Θεὸς,
1125 4609 1203 4680 μὴ
1231 4607 1469 4673 εἰσάξειν
1494 4607 1691 4670 αὐτοὺς
1712 4609 1791 4670 εἰς
1815 4606 1913 4676 τὴν

336 4704 438 4771 γῆν
484 4703 585 4773 τῆς
619 4702 970 4770 ἐπαγγελίας.
1018 4702 1127 4756 Καὶ
1154 4697 1224 4772 ἦν
1256 4701 1380 4770 ὅρος
1411 4696 1567 4762 οὗτος
1599 4701 1780 4762 αὐτοῖς
1815 4701 1915 4770 τῆς

335 4793 537 4864 ὀργῆς,
583 4793 977 4865 παρῳχηκότος
1003 4793 1059 4844 δὲ
1098 4789 1194 4843 τοῦ
1227 4789 1418 4860 καιροῦ
1440 4828 1454 4853 ,
1489 4789 1706 4842 λέλυται
1741 4789 1839 4859 μὲν
1881 4790 1912 4859 ἡ

337 4884 473 4955 ὀργὴ
496 4923 512 4947 ,
554 4884 813 4954 διέϐησαν
844 4883 902 4936 δὲ
934 4883 1028 4935 τὸν
1075 4879 1342 4950 Ἰορδάνην
1389 4881 1438 4933 οἰ
1478 4879 1538 4943 ἐξ
1571 4879 1778 4942 αὐτῶν,
1823 4879 1917 4930 καὶ

337 4977 675 5046 εἰσέφρησαν
719 4975 800 5037 εἰς
840 4972 938 5044 τὴν
988 4972 1121 5042 γῆν,
1167 4971 1267 5041 ούχ
1316 4969 1774 5040 ὑπερδραμούσης
1820 4969 1918 5039 τῆς

336 5068 761 5137 ἀγανακτήσεως
804 5065 866 5117 τὸ
910 5062 1346 5133 τεσσαρακοστὸν
1403 5061 1542 5124 ἔτος.
1593 5060 1775 5123 Τύπος
1824 5056 1918 5114 οὗν

336 5159 441 5230 ἄρα
472 5159 566 5211 καὶ
588 5156 741 5210 τοῦδε
773 5155 972 5224 σαφὴς,
998 5153 1058 5206 τὸ
1080 5154 1242 5223 μέχρι
1265 5152 1490 5222 πληγῶν
1507 5151 1911 5221 τεσσαράκοντα

337 5248 738 5304 καταπαίεσθαι
769 5246 946 5309 τινὰς,
977 5245 1228 5311 ἀφέσεως
1261 5244 1368 5314 γάρ
1395 5244 1424 5295 ό
1453 5243 1590 5312 μετὰ
1615 5243 1770 5295 τοῦτο
1796 5260 1912 5294 και-

340 5342 462 5406 ρὸς,
490 5340 740 5394 διάϐασιν
770 5341 901 5408 ἡμῖν
939 5336 1206 5406 εἰσφέρων
1238 5335 1336 5405 τὴν
1375 5335 1468 5387 τοῦ
1514 5333 1773 5405 Ἰορδάνου
1813 5333 1910 5403 τήν

339 5430 638 5500 μυστικὴν,
668 5429 762 5482 καὶ
806 5429 913 5499 μὴν
947 5427 1042 5480 καὶ
1071 5425 1347 5497 μαχαίρας
1381 5424 1642 5494 πετρίνας
1662 5464 1676 5485 ,
1704 5424 1732 5476 ὃ
1761 5426 1873 5475 ἐστι
1893 5463 1908 5487 ,

335 5523 432 5593 τὴν
464 5523 522 5574 ἐν
553 5520 822 5591 πνεύματι
850 5517 1173 5591 περιτομὴν,
1204 5517 1296 5569 καὶ
1327 5516 1428 5587 τὴν
1470 5515 1645 5586 Ἰησοῦ
1678 5532 1910 5586 στρατη-

2014 1878 2207 1934 berum
2231 1880 2516 1948 supplicia,
2545 1890 2653 1935 tam
2676 1881 2832 1935 cassis
2853 1897 3017 1951 quam
3049 1882 3408 1947 caedentibus,
3430 1897 3606 1952 usque

2013 1971 2081 2025 ad
2136 1971 2627 2040 quadragenarium
2675 1973 2960 2042 plagarum
3022 1989 3314 2027 numerum
3377 1989 3604 2044 progre-

2013 2062 2258 2127 diuntur,
2292 2064 2344 2118 id
2393 2064 2538 2118 illius
2590 2064 2857 2135 unigeniti
2895 2063 3037 2129 Filii,
3087 2075 3367 2135 assumpta
3415 2081 3602 2130 carne,

2013 2153 2437 2224 dispensationis
2488 2165 2705 2224 tempus
2767 2155 2929 2211 nobis
2979 2157 3453 2226 exoptatissimum
3513 2158 3596 2211 in-

2013 2243 2177 2309 dicat,
2203 2262 2312 2314 quo
2330 2254 2572 2315 tempore
2591 2247 2763 2300 livore
2792 2249 2912 2317 ejus
2945 2263 3046 2302 nos
3083 2250 3258 2304 sanati
3291 2263 3519 2313 sumus;
3545 2254 3605 2300 et

2015 2334 2130 2405 ipse
2157 2336 2380 2404 quidem
2406 2336 2712 2390 inﬁrmatus
2739 2345 2823 2390 est
2846 2345 3071 2406 propter
3095 2347 3320 2407 peccata
3349 2349 3534 2394 nostra
3560 2339 3603 2372 ³³

2014 2438 2137 2478 cum
2183 2425 2401 2495 injuriis
2445 2440 2569 2479 eum
2614 2424 2939 2488 affecerunt,
2985 2426 3076 2494 qui
3126 2442 3195 2480 ex
3233 2427 3398 2482 Israel
3429 2444 3604 2497 genus

2014 2515 2315 2579 ducebant,
2347 2522 2513 2584 atque
2561 2517 2616 2570 in
2649 2517 2770 2587 ejus
2797 2523 3012 2586 tergum
3050 2517 3259 2571 Pilatus
3287 2518 3472 2588 plagas
3513 2517 3604 2572 in-

2014 2605 2186 2672 ﬂixit;
2238 2623 2339 2661 nos
2370 2606 2614 2661 vicissim
2640 2623 2670 2662 a
2697 2607 2876 2677 pcenis
2912 2615 3076 2676 atque
3107 2607 3376 2676 supplicio
3415 2622 3609 2664 sumus

2012 2698 2208 2767 erepti.
2248 2697 2388 2753 Olim
2416 2714 2651 2768 namque
2675 2699 2845 2752 multa
2864 2707 3021 2753 erant
3041 2699 3247 2769 ﬂagella
3271 2700 3600 2769 peccatoris,

2017 2801 2076 2844 ut
2094 2790 2357 2860 scriptum
2381 2800 2465 2845 est
2497 2790 2566 2856 ³⁸,
2591 2790 2686 2844 sed
2710 2806 2810 2860 pro
2833 2791 2993 2845 nobis
3016 2790 3316 2861 ﬁagellatus
3341 2799 3425 2846 est
3445 2790 3606 2847 Chri-

1983 2887 2135 2936 stus:
2164 2887 2225 2934 ut
2260 2881 2408 2935 enim
2442 2895 2541 2950 pro
2564 2881 2820 2935 omnibus
2852 2889 3102 2937 mortuus
3123 2890 3228 2947 est,
3256 2883 3328 2936 ita
3357 2899 3456 2952 pro
3477 2897 3595 2937 om-

2015 2970 2180 3024 nibus
2203 2985 2422 3040 quoque
2461 2969 2786 3040 ﬁagellatus,
2815 2987 2942 3025 cum
2983 2987 3125 3027 unus
3148 2973 3319 3026 instar
3350 2972 3598 3027 omnium

2015 3069 2182 3116 esset.
2207 3059 2528 3116 ‘Numerum
2571 3077 2736 3132 porro
2773 3063 3136 3133 quadraginta
3177 3064 3415 3127 dierum,
3474 3064 3518 3117 si
3548 3063 3606 3117 in

2016 3148 2307 3217 quinquies
2329 3160 2452 3204 octo
2487 3150 2858 3216 distribueris,
2893 3152 3212 3220 quinarium
3255 3152 3504 3221 reperies
3550 3161 3609 3208 ct

2011 3238 2370 3302 octonarium,
2395 3248 2550 3308 aptos
2582 3255 2845 3295 numeros
2881 3241 2948 3295 ad
2979 3244 3097 3312 ejus
3127 3243 3391 3311 temporis
3432 3241 3608 3313 signi-

2007 3328 2318 3406 ﬁcationem
2363 3347 2375 3382 :
2422 3330 2646 3384 advenit
2692 3330 2839 3385 enim
2888 3332 2978 3386 ille
3029 3331 3357 3402 Unigenitus
3408 3333 3609 3403 quinto

2012 3426 2273 3488 tempore,
2293 3421 2446 3490 juxta
2479 3419 2628 3473 illam
2651 3421 3023 3489 evangelicam
3065 3421 3380 3489 parabolam
3410 3440 3423 3474 :
3458 3421 3606 3477 Con-

2010 3511 2168 3565 dusit
2187 3512 2333 3566 enim
2358 3511 2581 3580 quidam
2595 3511 2881 3579 operarios
2906 3512 2961 3565 in
2989 3513 3226 3576 vineam,
3255 3527 3382 3566 cum
3403 3513 3610 3567 exisset

2009 3604 2156 3659 circa
2200 3603 2393 3657 horam
2435 3603 2692 3672 primam,
2739 3603 2978 3666 tertiam,
3024 3609 3233 3656 sextam
3282 3617 3505 3672 quoque
3543 3617 3610 3656 ac

2009 3711 2206 3750 nonam
2235 3705 2292 3751 et
2336 3694 2680 3750 undecimam
2712 3694 2758 3726 ³³
2791 3712 2804 3748 :
2854 3695 3157 3750 resurrexit
3180 3701 3361 3749 autem
3413 3703 3611 3750 octavo

2010 3787 2119 3851 die,
2142 3787 2426 3841 destructo
2457 3785 2651 3840 mortis
2689 3785 2942 3855 imperio,
2971 3793 3027 3840 et
3051 3800 3174 3840 cum
3202 3801 3269 3840 eo
3316 3785 3606 3842 adventitii

2011 3880 2268 3936 interitus
2316 3887 2544 3947 parente
2590 3879 2752 3934 simul
2814 3879 3172 3948 interempto,
3223 3887 3470 3948 peccato,
3518 3879 3608 3933 in-

2010 3985 2195 4040 quam,
2239 3981 2348 4038 quo
2391 3969 2629 4032 sublato,
2665 3969 2898 4022 verbera
2929 3983 3150 4036 quoque
3201 3983 3266 4021 ac
3314 3982 3504 4036 pmnas
3547 3976 3608 4021 et

2012 4058 2278 4127 supplicia
2330 4064 2553 4125 peccato
2584 4055 2770 4110 debita
2818 4071 3036 4109 cessare
3083 4069 3306 4109 necesse
3330 4062 3434 4108 est.
3480 4055 3604 4110 Fla-

2011 4150 2147 4220 gella
2173 4148 2342 4218 igitur
2371 4146 2876 4215 quadragenarium
2921 4145 3103 4199 adhuc
3130 4160 3424 4198 numerum
3446 4159 3606 4200 exce-

2012 4240 2141 4295 dere
2165 4255 2274 4293 non
2297 4237 2567 4308 permittit
2591 4237 2698 4301 lex,
2727 4237 2856 4306 quia
2880 4252 3053 4305 usque
3079 4240 3146 4291 ad
3167 4235 3374 4292 Christi
3400 4236 3608 4291 adven-

2015 4340 2129 4386 tum
2153 4328 2420 4399 supplicia
2437 4344 2507 4383 ne
2526 4327 2671 4381 ultra
2694 4327 3182 4398 progrederemur,
3206 4327 3607 4396 quodammodo

2013 4423 2176 4487 sistit,
2211 4437 2274 4476 ac
2299 4421 2460 4475 simul
2500 4419 2844 4475 remissionis
2897 4427 3118 4489 tempus
3166 4419 3608 4489 designatznam

2014 4511 2481 4582 pulchritudinem
2497 4509 2746 4564 veritatis
2771 4508 2956 4578 ﬁgura
2978 4506 3424 4562 continent.lllud
3443 4522 3608 4575 porro

2013 4603 2298 4658 sciendum
2321 4610 2405 4657 est
2443 4602 2721 4666 lsraelem,
2743 4598 3062 4670 278quod
3084 4599 3255 4653 Deum
3267 4597 3611 4664 offendisset,

2016 4693 2375 4763 quadraginta
2421 4703 2596 4746 annos
2632 4706 2731 4760 per
2767 4691 3050 4745 desertum
3090 4689 3406 4744 oberrasse:
3453 4689 3610 4758 jura-

2018 4796 2206 4841 mento
2231 4787 2380 4840 enim
2431 4783 2639 4854 juravit
2697 4784 2864 4848 Deus,
2911 4798 3024 4836 non
3065 4797 3123 4836 se
3166 4781 3610 4835 introducturum

2013 4893 2110 4932 eos
2129 4877 2185 4930 in
2231 4885 2442 4931 terram
2494 4874 2912 4945 promissionis;
2979 4875 3135 4942 isque
3185 4877 3304 4926 erat
3354 4871 3463 4926 illis
3513 4871 3610 4926 ira:

2019 4968 2286 5024 terminus
2325 4965 2706 5037 praestitutus:
2735 4981 2846 5034 quo
2861 4964 3046 5034 elapso
3072 4973 3335 5032 tempore,
3373 4962 3611 5016 cessavit

2016 5059 2117 5123 ira,
2154 5075 2219 5115 ac
2245 5058 2545 5114 Jordanem
2578 5059 2798 5112 illorum
2826 5056 3032 5128 posteri
3061 5056 3416 5127 trajecerunt,
3449 5061 3508 5110 et
3550 5053 3606 5108 in

2008 5164 2207 5211 terram
2240 5155 2471 5226 ingressi
2493 5161 2642 5218 sunt,
2670 5169 2795 5209 cum
2833 5153 2924 5207 illa
2953 5149 3259 5221 indignatio
3299 5150 3443 5204 ultra
3466 5162 3607 5216 qua-

2008 5247 2374 5318 dragesimum
2391 5262 2594 5301 annum
2623 5262 2734 5300 non
2789 5252 2937 5300 esset
2962 5255 3200 5314 egressa.
3232 5241 3402 5311 Igitur
3441 5238 3607 5306 hujus

2008 5353 2226 5406 quoque
2261 5337 2339 5391 rei
2362 5337 2590 5391 evidens
2627 5336 2798 5406 ﬁgura
2824 5333 2948 5397 fuit,
2985 5331 3138 5401 quod
3183 5343 3360 5397 usque
3389 5326 3456 5379 ad
3471 5339 3606 5393 qua-

2008 5427 2256 5497 draginta
2271 5428 2456 5498 plagas
2483 5426 2650 5496 aliqui
2674 5425 3027 5480 cmdebantur
3051 5439 3066 5474 :
3089 5415 3424 5474 remissionis
3455 5412 3600 5467 enim

2009 5524 2224 5586 tempus
2246 5525 2384 5582 erat,
2413 5517 2558 5587 quod
2579 5524 2704 5588 post
2737 5531 2866 5570 eum
2895 5524 3193 5570 numerum
3224 5501 3602 5576 consequeba-

410 5713 453 5744 ’°
486 5712 676 5768 Matth.
707 5728 781 5772 vi,
814 5711 902 5766 l2;
975 5711 1144 5766 “15a.
1180 5727 1289 5776 LIII,
1326 5711 1375 5765 5.
1456 5711 1498 5742 ³⁸
1527 5709 1667 5764 Psal.
1712 5725 1854 5771 xxxr,
1904 5707 1980 5762 l0.
2063 5707 2104 5738 ³³
2140 5707 2329 5763 Matth.
2377 5723 2466 5767 xx,
2506 5705 2646 5760 l-l6.
