3996 6212
393 304 502 360 575

1422 306 1479 361 S.
1521 306 1796 363 CYRILLI
1835 308 2309 366 ALEXANDRINI
2346 308 2663 367 ARCHIEP.

3542 303 3651 360 επ

393 431 506 489 tur,
541 421 830 477 transitum
879 422 1037 476 nobis
1064 422 1358 494 mysticum
1404 423 1660 479 Jordanis
1709 424 1967 499 atl‘erens,

2077 427 2202 496 γίαν
2221 442 2235 457 ’
2269 428 2459 496 γέγονε
2489 427 2597 499 γὰρ
2625 428 2758 499 ἡμῖν
2804 422 3123 497 καθηγητὴς
3158 423 3188 476 6
3219 420 3477 495 Χριστὸς,
3510 419 3646 491 μετὰ

390 528 605 568 necnon
652 511 895 581 lapideos
946 514 1173 578 cultros,
1213 513 1268 567 id
1310 522 1431 578 est,
1475 514 1623 568 illam
1671 515 1727 568 in
1765 515 1964 584 spiritu

2071 519 2275 572 Μωσέα
2298 520 2389 573 καὶ
2412 520 2596 590 νόμον.

390 601 886 665 circumeisionem,
913 608 969 655 et
1003 601 1153 655 illam
1207 601 1336 657 Jesu
1378 602 1788 672 imperatoriam
1824 609 2195 673 potestatem:
2241 606 2351 662 dux
2404 609 2607 679 quippe
2645 606 2809 662 nobis
2857 605 3033 661 factus
3075 613 3162 660 est
3223 604 3479 660 Christus
3525 600 3648 669 post

389 696 610 765 Moysen
628 707 694 746 ac
720 692 919 762 legem.

461 781 658 837 PALL.
680 781 987 836 Assentior.
1884 851 1891 857 .

457 873 616 929 CYR.
650 872 721 928 Ut
748 872 916 942 igitur
944 881 1094 927 recto
1116 880 1279 943 atque
1313 873 1632 943 incorrupto
1651 874 1882 945 judicio,
1921 873 1969 928 si

394 978 517 1033 qua:
543 963 669 1018 lites
705 962 1019 1028 inciderint,
1052 963 1400 1029 dirimantur,
1446 972 1506 1019 et
1537 964 1753 1035 injuriae
1806 972 1969 1032 atque

390 1055 692 1125 iniquitatis
718 1070 918 1126 genera
943 1056 1227 1110 tollantur:
1259 1074 1277 1107 ι
1297 1055 1538 1123 Judices,
1559 1057 1755 1126 inquit,
1780 1065 1835 1111 et
1858 1071 1971 1110 ma-

388 1146 586 1216 gistros
619 1147 924 1201 constitues
953 1147 1052 1202 tibi
1093 1147 1149 1201 in
1184 1148 1440 1203 omnibus
1501 1148 1818 1201 civitatibus
1862 1147 1971 1201 tuis

387 1250 525 1304 quas
552 1235 815 1289 Dominus
840 1237 984 1291 Deus
1015 1236 1109 1291 dat
1151 1236 1273 1302 tibi,
1296 1253 1395 1307 per
1428 1237 1637 1302 tribus;
1669 1245 1726 1291 et
1754 1236 1970 1307 judica-

387 1324 529 1379 bunt
552 1326 813 1395 populum
834 1327 982 1396 justo
1014 1326 1253 1397 judicio:
1296 1344 1406 1382 non
1436 1328 1794 1383 declinabunt
1819 1326 1970 1397 judi-

387 1416 553 1481 cium,
613 1433 792 1488 neque
839 1427 1138 1489 agnoscent
1191 1419 1410 1483 faciem,
1461 1434 1641 1488 neque
1699 1418 1971 1487 accipient

386 1521 615 1560 munera
636 1524 648 1560 :
670 1523 902 1562 munera
917 1509 1353 1563 enim'excaecant
1366 1508 1556 1562 oculos
1568 1507 1897 1577 sapientum,
1915 1514 1972 1561 et

386 1597 640 1652 auferunt
653 1612 935 1653 sermones
939 1600 1214 1669 jnstorum
1227 1599 1269 1630 “
1293 1618 1312 1650 ›
1331 1598 1569 1669 Equum
1582 1598 1729 1652 enim
1746 1598 1974 1668 putabat

385 1688 493 1751 lex,
516 1695 572 1741 et
599 1688 794 1744 merito
823 1690 1139 1759 quicunque
1162 1689 1229 1744 ad
1258 1689 1462 1760 judicia
1479 1688 1783 1743 exercenda
1804 1688 1975 1743 collo-

386 1778 492 1832 cati
515 1787 718 1846 essent,
752 1796 849 1836 eos
886 1783 1128 1837 suilucri
1154 1790 1319 1850 atque
1352 1781 1721 1835 emolumenti
1751 1779 1971 1849 cupidi-

388 1873 499 1921 tate
545 1868 771 1924 minime
819 1870 962 1940 capi,
1021 1886 1200 1940 neque
1242 1869 1476 1924 aliorum
1521 1869 1709 1939 gratia:
1758 1875 1972 1923 tantum

387 1960 654 2025 tribuere,
686 1969 746 2017 ut
778 1977 808 2015 a
849 1969 999 2015 recto
1038 1961 1359 2030 integroque
1383 1959 1560 2015 officio
1593 1959 1967 2023 declinarent;

2023 753 2025 756 ἰ
2135 780 2344 835 ΠΑΛΛ.
2374 780 2657 851 Πείθομαι.

2066 872 2097 923 ’.
2140 872 2305 927 ΚΥΡ.
2335 873 2450 926 Ἵνα
2478 873 2658 925 τοίνυν
2678 868 2857 942 ὀρθῶς
2873 886 2933 922 τε
2957 868 3050 923 καὶ
3074 867 3389 932 ἀδεκάστως
3411 868 3481 922 τὰ
3507 885 3621 941 παρ

2052 963 2414 1033 ἐμπίπτοντα
2433 963 2781 1035 διακρίνοιτο,
2810 961 2906 1017 καί¹
2931 964 2982 1014 οἰ
3006 960 3108 1030 τῆς
3135 959 3449 1024 πλεονεξίας
3473 962 3645 1030 ἀφαν-

2072 1052 2268 1117 ίζοιντο
2299 1054 2510 1125 τρόποι,
2547 1071 2566 1104 ι
2607 1051 2833 1123 Κριτὰς,
2875 1053 3039 1122 φησὶ,
3096 1052 3191 1104 καὶ
3236 1068 3647 1123 γραμιματοεισο

2069 1147 2308 1213 αγωγεῖς
2349 1146 2712 1214 καταστήσεις
2760 1143 2970 1214 σεαυτῷ
3008 1145 3066 1197 ὲν
3096 1144 3299 1208 πάσαις
3324 1146 3447 1207 ταῖς
3462 1146 3647 1199 πόλεσί

2071 1253 2187 1301 σου,
2217 1230 2307 1300 αἷς
2346 1236 2548 1307 Κύριος
2579 1238 2608 1289 6
2640 1234 2773 1297 Θεὸς
2788 1233 2969 1287 δίδωσί
3000 1250 3084 1286 σοι
3104 1270 3120 1297 ,
3151 1232 3295 1287 κατὰ
3333 1232 3508 1302 φυλὰς
3555 1235 3648 1287 καὶ

2070 1326 2319 1398 κρινοῦσι
2362 1326 2454 1380 τὸν
2498 1326 2625 1379 λαὸν
2662 1324 2879 1378 δικαίαν
2923 1324 3128 1395 κρίσιν.
3181 1325 3300 1379 Ούκ
3339 1324 3645 1378 ὲκκλινοῦσι

2071 1419 2279 1491 κρίσιν,
2312 1419 2434 1473 οὔδε
2462 1417 2855 1487 ἑπιγνὼσονται
2888 1417 3204 1488 πρόσωπον,
3234 1417 3357 1471 οὐδὲ
3384 1416 3645 1487 λήψονται

2069 1510 2219 1582 δῶρα
2239 1524 2255 1540 ⁸
2282 1510 2351 1563 τὰ
2379 1509 2487 1580 γὰρ
2513 1509 2664 1579 δῶρα
2693 1508 2952 1577 ὲκτυφλοῖ
2974 1506 3286 1577 ὀφθαλμοὺς
3312 1506 3495 1577 σοφῶν
3513 1547 3529 1570 ,
3554 1507 3647 1560 καὶ

2071 1599 2277 1671 ἐξαίρει
2310 1599 2504 1667 λόγους
2546 1599 2791 1653 δικαίων.
2840 1617 2859 1651 ι
2901 1598 3061 1669 ᾭετο
3102 1596 3211 1669 γὰρ
3242 1597 3354 1651 δεῖν
3390 1599 3420 1651 6
3450 1596 3643 1668 νόμος,

2071 1692 2167 1745 καὶ
2204 1690 2353 1762 μάλα
2379 1690 2604 1754 εἰκότως
2631 1691 2757 1755 τοὺς
2788 1690 2946 1761 οἵπερ
2972 1688 3040 1743 ἂν
3061 1685 3170 1744 εἶεν
3199 1690 3279 1753 εἰς
3306 1688 3370 1742 τὸ
3406 1688 3647 1753 δικάζειν

2070 1780 2322 1851 ἠγμένοι,
2351 1782 2446 1835 καὶ
2477 1781 2573 1834 τοῦ
2596 1778 3030 1851 χρηματίζεσθαι
3057 1779 3233 1847 φιλεῖν
3265 1777 3496 1850 ὁρᾶσθαι
3526 1778 3647 1847 βελ-

2070 1872 2240 1934 τίους,
2275 1871 2372 1924 καὶ
2395 1873 2461 1941 τῇ
2493 1872 2630 1941 πρός
2661 1888 2814 1935 τινας
2848 1870 2987 1925 αἰδοῖ
3015 1871 3089 1943 μὴ
3121 1871 3521 1943 χαριζομένους
3553 1870 3648 1925 τοῦ

2072 1960 2253 2023 καλῶς
2282 1964 2377 2016 καὶ
2405 1961 2742 2032 ἀδιαδλήτως
2778 1961 2992 2033 ἔχοντος
3029 1962 3126 2033 τὴν
3171 1961 3516 2033 παράϐασιν,
3558 1962 3650 2015 xal.

387 2050 481 2105 sed
521 2052 706 2121 potius
738 2053 887 2107 illam
924 2053 981 2106 in
1026 2052 1253 2107 alteram
1304 2059 1519 2122 partem
1562 2050 1973 2105 inclinationem

2078 2052 2185 2124 μὴν
2218 2054 2312 2106 καὶ
2354 2053 2416 2106 τὸ
2460 2043 2824 2124 ἑτεροκλινὲς,
2856 2053 2934 2116 ὡς
2974 2053 3188 2106 ἀνόσιον
3226 2052 3647 2124 ἀποσειομένους

387 2142 558 2196 veluti
584 2142 850 2198 nefariam
886 2143 1205 2215 rejiciendo,
1240 2158 1304 2198 ac
1340 2143 1581 2213 singulas
1606 2158 1696 2196 res
1727 2141 1967 2211 legitime

386 2235 764 2303 ponderando,
814 2236 1018 2292 imitari
1062 2237 1216 2290 illum
1266 2235 1656 2290 universorum
1699 2233 1968 2303 judicem,

385 2310 668 2379 Christum
715 2326 989 2391 videlicet,
1042 2341 1207 2396 quem
1240 2326 1359 2394 ipsa
1407 2339 1627 2395 quoque
1668 2324 1756 2377 lex
1781 2331 1970 2393 aperte

386 2418 795 2485 praenuntiavit,
828 2433 953 2474 cum
997 2419 1174 2483 illum,
1209 2426 1404 2488 utpote
1456 2416 1554 2486 qui
1605 2416 1752 2470 Deus
1802 2421 1968 2477 esset,

386 2508 555 2563 etiam
595 2509 838 2580 judicem
892 2512 1237 2580 agnOsceret.
1288 2508 1381 2563 Sic
1421 2508 1569 2562 enim
1613 2520 1827 2571 rursus,
1846 2505 1968 2558 ait:

395 2619 415 2652 ι
440 2598 497 2655 Si
529 2616 661 2657 vero
693 2602 972 2672 ingressus
997 2601 1173 2655 fueris
1204 2600 1262 2654 in
1288 2608 1492 2653 terram
1519 2612 1683 2668 quam
1705 2595 1971 2651 Dominus

387 2692 536 2747 Deus
564 2702 692 2747 tuus
716 2692 809 2747 dat
854 2692 955 2746 tibi
1005 2692 1064 2746 in
1114 2691 1540 2762 possessionem,
1575 2697 1632 2743 et
1659 2685 1972 2759 possederis

387 2799 534 2846 eam,
569 2791 626 2837 et
658 2783 991 2839 habitaveris
1026 2784 1084 2837 in
1124 2798 1212 2847 ea,
1252 2790 1309 2837 et
1341 2782 1545 2837 dixeris
1573 2798 1586 2834 :
1626 2778 1972 2835 Constituam

389 2874 526 2929 mihi
551 2874 872 2943 principem,
895 2883 957 2927 ut
980 2883 1037 2928 et
1063 2874 1183 2928 alite
1218 2882 1409 2943 gentes
1474 2887 1595 2941 qua:
1619 2878 1749 2926 sunt
1775 2871 1832 2924 in
1860 2870 1972 2924 cir-

390 2966 543 3022 cuitu
577 2980 727 3031 meo;
762 2966 1106 3021 constituens
1183 2963 1485 3020 constitues
1510 2962 1610 3017 tibi
1662 2961 1973 3031 principem

388 3072 556 3127 quem
586 3057 812 3128 elegerit
832 3057 1100 3113 Dominus
1123 3057 1269 3112 Deus
1296 3064 1455 3123 tuus;
1484 3057 1663 3126 ipsum
1692 3053 1760 3109 de
1787 3053 1972 3109 fratri-

390 3148 495 3203 bus
524 3148 633 3203 tuis
656 3146 958 3203 constitues
1000 3162 1164 3217 super
1194 3154 1246 3202 te
1266 3148 1567 3217 principem
1593 3163 1606 3198 :
1632 3160 1743 3199 non
1771 3142 1976 3214 poteris

391 3239 729 3293 constituere
772 3253 938 3308 super
965 3237 1021 3293 te
1053 3237 1360 3308 principem
1404 3237 1682 3291 hominem
1711 3235 1975 3307 alienige-

394 3342 542 3390 nam,
577 3327 704 3394 quia
728 3342 839 3382 non
865 3335 948 3381 est
970 3327 1138 3381 frater
1154 3326 1280 3382 tuus
1298 3326 1363 3380 ".
1395 3345 1413 3378 ι
1440 3324 1668 3396 Oportet
1698 3327 1847 3381 enim
1874 3340 1976 3380 nos

392 3434 424 3472 a
476 3419 742 3474 servitute
783 3425 1051 3473 creatura:
1094 3419 1277 3489 potius
1339 3434 1502 3490 quam
1545 3418 1810 3474 creatoris
1855 3418 1954 3473 Dei

393 3508 712 3579 longissime
750 3510 1109 3581 refugientes,
1139 3511 1207 3566 ad
1256 3512 1506 3568 veritatis
1531 3525 1815 3565 sermones
1846 3523 1978 3579 pro-

397 3614 598 3668 pensos
616 3594 757 3663 esse,
785 3608 842 3654 et
881 3615 1169 3655 accurrere
1202 3601 1609 3671 quodammodo
1643 3602 1701 3655 in
1733 3607 1980 3655 sanctam

400 3699 624 3753 terram,
653 3689 816 3759 279
835 3690 890 3743 id
908 3698 1012 3753 est,
1034 3690 1102 3744 ad
1140 3685 1685 3761 promissionemDei,
1704 3707 1804 3762 per
1818 3692 1979 3748 ﬁdem

396 3792 521 3846 quae
553 3786 638 3831 est
664 3778 721 3830 in
747 3776 986 3843 Christo,
1024 3789 1187 3848 atque
1214 3779 1291 3834 ita
1319 3781 1660 3837 constituere
1687 3799 1854 3854 super
1881 3802 1983 3843 nos

398 3868 703 3938 principem
715 3883 779 3924 ac
801 3868 1043 3941 judicem
1068 3870 1223 3924 illum
1257 3871 1352 3940 qui
1386 3887 1452 3926 ex
1470 3872 1583 3927 Deo
1606 3882 1761 3930 ortus
1781 3878 1982 3943 est,Fi—

400 3958 558 4023 lium,
589 3959 839 4028 quamvis
867 3974 992 4014 cum
1023 3975 1188 4015 carne
1218 3959 1577 4032 intelligatur,
1600 3964 1695 4033 qui
1729 3964 1799 4021 de
1825 3968 1987 4024 nobis

406 4053 541 4108 dicit
580 4069 593 4105 :
638 4071 658 4104 ι
694 4051 805 4123 Ego
828 4062 1008 4106 autem
1038 4051 1368 4109 constitutus
1399 4070 1519 4110 sum
1551 4071 1646 4112 rex
1675 4058 1743 4113 ab
1784 4075 1850 4115 eo
1882 4066 1975 4115 sli-'-

406 4158 505 4214 per
530 4143 660 4197 Sion
691 4152 929 4197 montem
959 4151 1206 4198 sanctum
1238 4145 1375 4215 ejus,
1407 4147 1709 4215 praedicans
1734 4166 1976 4221 praecep-

407 4243 521 4287 tum
556 4233 767 4287 Domini
792 4234 903 4287 “.t
944 4234 1123 4289 Alium
1162 4244 1342 4289 autem
1375 4236 1513 4291 ultra
1555 4237 1707 4292 illum
1750 4241 1977 4296 cinnino

406 4324 756 4379 admittemus
794 4326 1089 4391 neminem,
1130 4343 1306 4399 neque
1337 4339 1649 4385 exterorum
1686 4331 1818 4401 jugo
1854 4346 1975 4387 cer-

408 4416 581 4470 vicem
611 4415 1023 4473 submittemus:
1058 4435 1199 4475 unus
1235 4430 1318 4476 est
1338 4421 1483 4475 enim
1523 4421 1681 4476 nobis
1718 4423 1973 4492 magister

399 4504 729 4560 Christus".
770 4505 945 4561 Miseri
968 4517 1148 4562 autem
1171 4508 1341 4563 Judaei
1363 4508 1565 4562 exclusi
1594 4518 1722 4563 sunt
1750 4519 1971 4580 propter

406 4591 805 4657 infidelitatem,
828 4609 1004 4664 neque
1023 4594 1128 4649 sibi
1148 4593 1452 4663 principem
1487 4610 1551 4649 ac
1569 4595 1809 4666 judicem
1834 4614 1991 4655 acce-

2071 2142 2498 2207 ταλαντεύοντάς
2525 2161 2586 2197 τε
2619 2145 2897 2215 συννόμως
2922 2144 3129 2198 ἕκαστα
3155 2144 3264 2198 τῶν
3287 2145 3648 2215 πραγμάτων,

2071 2234 2165 2288 καὶ
2202 2234 2291 2287 τὸν
2322 2233 2431 2286 τῶν
2469 2234 2608 2287 ὅλων
2637 2234 3033 2304 ἀπομιμεῖσθαι
3062 2235 3287 2307 κριτὴν,
3326 2233 3471 2288 τοῦτ’
3513 2234 3649 2300 ἐστι,

2072 2324 2341 2395 Χριστὸν,
2379 2324 2440 2378 ὃν
2479 2324 2574 2378 καὶ
2607 2324 2771 2388 αὐτὸς
2794 2325 2849 2377 -6
2896 2325 3058 2396 νόμος
3107 2324 3651 2396 προαναπεφώνηκεν

2071 2415 2351 2487 ἐναργῶς,
2383 2416 2480 2469 καὶ
2519 2416 2713 2487 κριτὴν
2754 2415 2883 2471 ὅντα
2914 2416 3068 2480 εἰδὼς
3100 2418 3177 2481 ὼς
3216 2416 3369 2472 Θεόν.
3414 2418 3558 2486 Ἔφη
3596 2416 3652 2469 δὲ

2071 2508 2214 2563 οὕτω
2243 2509 2426 2563 πάλιν·
2469 2526 2488 2560 ι
2535 2506 2661 2562 Ἐὰν
2682 2509 2739 2562 δὲ
2759 2508 3007 2581 εἰσέλθῃς
3044 2509 3125 2569 εἰς
3155 2509 3254 2578 τὴν
3282 2509 3383 2578 γῆν
3401 2548 3417 2572 ,
3441 2508 3509 2579 ἢν
3536 2506 3654 2560 Κύ-

2077 2618 2190 2672 ριος
2227 2602 2256 2653 6
2301 2600 2435 2665 Θεός
2474 2617 2569 2653 σου
2612 2599 2794 2653 δίδωσί
2821 2602 2991 2655 σοιιὲν
3015 2599 3238 2670 κλήρῳ,
3273 2600 3369 2653 καὶ
3399 2599 3659 2670 κληρονο-

2075 2694 2257 2764 μήσῃς
2289 2692 2480 2763 αὐτὴν,
2513 2693 2608 2747 καὶ
2640 2693 2974 2763 κατοικήσῃς
3001 2693 3089 2745 ἐπ’
3109 2692 3303 2763 αὐτῆς,
3333 2692 3428 2745 καὶ
3452 2690 3615 2762 εἴπῃς
3636 2731 3652 2753 ,

2072 2786 2415 2855 Καταστήσω
2442 2785 2543 2838 ’ἐπ’
2569 2784 2804 2855 ἐμαυτὸν
2832 2784 3068 2855 ἄρχοντα
3099 2782 3248 2837 καθὰ
3275 2784 3368 2837 καὶ
3390 2781 3461 2835 τὰ
3491 2781 3661 2835 λοιπὰ

2073 2873 2199 2947 εθνη
2222 2876 2289 2929 τὰ
2319 2875 2503 2947 κύκλῳ
2537 2893 2662 2947 μου,
2694 2875 2798 2929 καθ
2808 2876 2968 2929 ιστῶν
2989 2876 3351 2945 καταστήσεις
3374 2874 3467 2927 ἐπὶ
3491 2890 3652 2928 σεαυ-

2072 2963 2164 3017 τὸν
2189 2963 2444 3035 ἄρχοντα,
2475 2964 2533 3017 δν
2561 2964 2627 3018 ἂν
2660 2962 2946 3035 ἐκλέξηται
2966 2954 3172 3035 Κύριος
3201 2966 3230 3018 6
3257 2963 3389 3027 Θεός
3412 2980 3530 3028 σου,
3562 2963 3665 3016 αὖ⁸

2073 3056 2165 3111 τὸν
2209 3058 2273 3110 ὲκ
2316 3056 2425 3110 τῶν
2462 3055 2706 3124 ἀδελφῶν
2746 3071 2841 3109 σου
2887 3056 3268 3126 καταστήσει(
3288 3055 3383 3108 ἐπὶ
3430 3054 3656 3109 σεαυτὸν

2075 3149 2314 3219 ἄρχοντα
2332 3161 2348 3179 ⁸
2377 3149 2437 3202 ού
2458 3147 2664 3220 δυνήσῃ
2692 3146 3038 3217 καταστῆσαι
3064 3147 3156 3200 ἐπὶ
3187 3147 3413 3200 σεαυτὸν
3444 3146 3656 3216 ἅνθρω-

2076 3257 2177 3295 πον
2208 3238 2504 3311 ἀλλότριον,
2540 3238 2619 3292 ὅτι
2650 3237 2750 3293 οὐκ
2787 3236 3017 3307 ἀδελφός
3061 3236 3156 3291 σού
3196 3238 3369 3292 ἐστιν.
3411 3254 3430 3288 ι
3467 3235 3545 3290 Οὐ
3577 3236 3663 3289 δεῖ

2078 3331 2188 3403 γὰρ
2225 3332 2374 3402 ἡμᾶς
2415 3333 2481 3402 τῇ
2525 3329 2702 3384 κτίσει
2747 3329 3033 3401 λατρεύειν
3072 3328 3223 3400 παρὰ
3260 3328 3353 3382 τὸν
3394 3325 3659 3381 κτίσαντα

2079 3422 2232 3487 Θεὸν,
2266 3422 2442 3485 ἰέντας
2473 3422 2547 3485 ὼς
2576 3420 2832 3475 ἐσωτάτω
2857 3422 2970 3483 τοῖς
2993 3421 3092 3489 τῆς
3114 3418 3374 3490 ἀληθείας
3400 3415 3661 3489 προσκλίι

2078 3512 2268 3568 νεσθαι
2291 3511 2470 3580 λόγοις
2494 3511 2571 3582 (l)
2590 3550 2606 3575 ,
2641 3512 2737 3565 καὶ
2757 3510 3069 3564 εἰσκαλέσαι
3104 3510 3201 3581 μὲν
3228 3508 3420 3580 ὥσπερ
3443 3510 3521 3571 εἰς
3554 3506 3660 3575 γῆν

2079 3602 2180 3672 τὴν
2207 3600 2388 3669 ἁγίαν,
2423 3599 2568 3654 τοῦτ’
2601 3599 2740 3663 ἔστι,
2773 3599 2872 3670 τὴν
2894 3597 3227 3668 ἐπαγγελίαν
3260 3596 3356 3669 τοῦ
3392 3596 3529 3650 Θεοῦ
3561 3595 3661 3665 τὴν

2080 3692 2170 3745 διὰ
2206 3691 2440 3756 πίστεως
2474 3691 2572 3762 τῆς
2609 3692 2668 3744 έν
2707 3688 2964 3761 Χριστῷ·
2998 3682 3340 3758 καταστῆσαι
3392 3686 3452 3741 δὲ
3486 3685 3662 3748 οὕτως

2082 3783 2167 3853 ἐφ’
2193 3784 2406 3848 ἑαυτοῖς
2429 3783 2665 3855 ἄρχοντα
2691 3782 2787 3836 καὶ
2807 3780 3002 3854 κριτὴν
3019 3782 3110 3836 τὸν
3138 3782 3204 3834 ὲκ
3223 3778 3357 3833 Θεοῦ
3378 3774 3663 3847 πεφυκότα

2083 3876 2236 3937 Υίδν,
2254 3872 2357 3927 κᾶν
2377 3876 2425 3927 εί
2447 3876 2622 3928 νοοῖτο
2644 3872 2779 3942 μετὰ
2803 3871 3006 3944 σαρκός
3024 3888 3039 3903 ο
3054 3871 3213 3939 λέγει
3236 3886 3297 3923 τε
3321 3867 3449 3939 περὶ
3476 3868 3658 3939 ἡμῶν

2092 3985 2108 4017 ι
2161 3962 2306 4033 Ἐγὼ
2331 3963 2388 4017 δὲ
2418 3962 2759 4033 κατεστάθην
2788 3958 3161 4031 βασιλεὺς.ὺπ’
3185 3958 3372 4023 αὑτοῦ,
3400 3960 3493 4011 ἐπὶ
3523 3956 3662 4009 Σιὼν

2079 4058 2211 4128 δρος
2242 4056 2305 4110 τὸ
2341 4054 2494 4124 ἆγιον
2520 4055 2706 4116 αὐτοῦ,
2741 4054 3074 4123 διαγγέλλων
3101 4052 3165 4106 τὸ
3188 4052 3516 4122 πρόσταγμα
3551 4050 3665 4102 Κυ-

2082 4144 2278 4221 ρίουλι»
2313 4145 2543 4218 Ἔτερόν
2580 4163 2643 4215 γε
2676 4146 2785 4217 μὴν
2816 4141 2902 4199 ὲιιε⁴
2924 4143 3083 4215 αὐτῷ
3108 4143 3170 4197 τὺ
3199 4141 3440 4213 σύμπαν,
3471 4139 3663 4194 οὐδένα

2090 4232 2545 4311 παραδεξόμεθα,
2570 4238 2669 4292 καὶ
2690 4239 2802 4299 τοῖς
2830 4232 3055 4290 ὖθνείων
3099 4234 3287 4303 ζυγοῖς
3317 4234 3416 4304 οὐχ
3448 4231 3665 4285 ύποίσο-

2093 4350 2194 4403 μεν
2222 4332 2314 4385 τδν
2340 4326 2545 4400 αὐχένα
2567 4347 2579 4361 ·
2607 4324 2688 4393 εἷς
2710 4328 2819 4401 γὰρ
2844 4330 2976 4399 ἡμῖν
3005 4329 3122 4381 ἔστι
3143 4325 3461 4397 καθηγητὴς
3478 4325 3506 4376 6
3528 4324 3662 4392 Χρι-

2091 4423 2236 4486 στός.
2294 4420 2536 4474 Ἰουδαῖοι
2569 4418 2679 4490 γὰρ
2714 4419 2764 4472 οἱ
2809 4417 3035 4481 τάλανες
3072 4416 3177 4481 ἔξω
3216 4415 3553 4486 μεμενήκασι
3596 4412 3662 4465 δι’

2092 4512 2367 4576 ἀπιστίαν,
2392 4512 2484 4566 καὶ
2502 4511 2702 4581 ἥκιστα
2727 4510 2829 4579 μὲν
2863 4510 2948 4578 ἐφ’
2980 4509 3194 4572 ἑαυτοῖς
3227 4508 3308 4570 εἰς
3344 4506 3579 4577 ἄρχοντά
3604 4520 3662 4556 τε

2092 4606 2188 4661 καὶ
2216 4605 2409 4677 κριτὴν
2448 4602 2803 4668 κατεδέξαντο
2845 4601 2941 4654 τὸν
2979 4600 3245 4670 Χριστὸν,
3278 4599 3373 4653 καί
3406 4615 3488 4651 τοι
3528 4612 3662 4649 κατ-

404 4682 1284 4753 peruntChristum,quamvisille
1307 4683 1375 4739 de
1402 4685 1542 4741 coelo
1571 4687 1667 4741 Dei
1692 4688 1869 4745 Patris
1896 4705 1973 4746 vo

2092 4695 2330 4768 ηγμένον
2357 4692 2418 4759 ἐξ
2443 4693 2677 4764 ούρανοῦ
2695 4734 2709 4759 ,
2735 4691 2950 4763 θελήσει
2975 4708 3036 4743 τε
3058 4690 3152 4744 καὶ
3177 4688 3393 4758 εὐδοκία
3416 4686 3507 4740 τοῦ
3527 4684 3662 4739 Θεοῦ

394 4773 615 4840 lluntate
633 4791 698 4829 ac
719 4776 1058 4845 bcneplacito
1073 4776 1463 4844 descendisset;
1481 4778 1577 4834 sed
1596 4778 1819 4851 insuper
1833 4782 2001 4840 homi-

405 4877 531 4917 nem
551 4865 931 4935 alienigenam,
953 4865 1169 4936 qui.sibi
1186 4868 1497 4938 imperaret,
1519 4871 1983 4941 elegerunt,illum

406 4952 734 5021 perditionis
750 4954 943 5022 filium,
973 4956 1373 5013 Antichristum
1397 4960 1542 5026 dico,
1574 4972 1893 5019 extraneum
1926 4974 1983 5021 et

406 5044 787 5116 alienigenam,
812 5064 987 5119 neque
1010 5064 1078 5103 ex
1100 5065 1299 5120 genere
1336 5051 1501 5108 Israel
1531 5061 1733 5119 ortum,
1761 5057 1980 5112 tametsi

286 5188 291 5193 .
407 5137 496 5191 lex
518 5146 709 5205 aperte
742 5140 1107 5212 prohibuerit,
1149 5160 1167 5192 ι
1202 5142 1320 5197 Νοιι
1348 5144 1575 5213 poteris,
1601 5145 1799 5214 inquit,
1845 5162 1981 5201 con-

408 5228 640 5291 stituere
667 5243 832 5297 super
866 5230 1111 5300 teipsum
1142 5232 1420 5287 hominem
1447 5232 1828 5305 alienigenam,
1851 5237 1982 5305 quia

410 5337 519 5377 non
540 5333 624 5378 est
647 5321 818 5378 frater
839 5329 966 5378 tuus
991 5324 1070 5390 ³⁸;
1113 5344 1132 5376 ι
1164 5334 1221 5380 et
1252 5326 1428 5395 ipsum
1455 5341 1676 5397 quoque
1699 5327 1980 5385 Christum

2086 4789 2181 4843 καὶ
2207 4785 2436 4856 Πατρὸς,
2469 4782 2717 4854 καὶπρὸς
2738 4781 2949 4845 τούτοις
2972 4782 3053 4834 ὅτι
3085 4782 3178 4833 καὶ
3196 4778 3482 4849 ἄνθρωπον
3510 4775 3659 4829 ἁλλό-

2085 4891 2235 4947 τριον
2265 4875 2347 4942 ἐφ’
2377 4873 2592 4935 ἑαυτοῖς
2624 4872 3104 4941 κεχειροτονήκασι
3133 4868 3226 4922 τὸν
3256 4868 3357 4938 τῆς
3389 4864 3664 4926 ἀπωλείας

2088 4966 2228 5032 υἱὸν,
2260 4962 2408 5017 τοῦτ’
2449 4962 2588 5025 ἐστι,
2624 4962 2716 5017 τὸν
2756 4962 3157 5033 Ἀντίχριστον,
3201 4958 3435 5027 ἔκφυλόν
3474 4973 3535 5009 τε
3575 4956 3667 5008 καὶ

2086 5055 2372 5124 ἀλλογενῆ,
2412 5055 2507 5108 καὶ
2530 5054 2637 5108 οὐδ’
2668 5053 2727 5118 ὲξ
2758 5054 2990 5124 αἵματος
3039 5049 3287 5122 Ἰσραὴλ,
3318 5049 3410 5103 καί
3452 5066 3533 5102 τοι
3572 5046 3665 5100 τοῦ

2086 5148 2252 5218 νόμου
2297 5146 2600 5209 διειπόντος
2645 5145 2853 5215 σαφῶς,
2886 5137 2921 5195 ἰ
2969 5144 3045 5197 Ού
3077 5142 3283 5215 δυνήσῃ
3327 5140 3668 5209 καταστῆσαι

2086 5242 2178 5294 ὲπί
2225 5240 2455 5293 σεαυτὸν
2485 5238 2770 5309 ἄνθρωπον
2821 5235 3135 5305 ἀλλότριον.
3174 5233 3255 5286 ὃτι
3303 5232 3405 5284 οὐκ
3443 5230 3668 5298 ἁδελφός

2088 5330 2182 5384 σού
2207 5332 2373 5384 ἐστιν.
2410 5349 2428 5381 ι
2463 5329 2701 5381 Ἤκουον
2732 5326 2788 5378 δὲ
2822 5325 3072 5393 λέγοντος
3101 5323 3197 5376 καὶ
3227 5320 3392 5375 αὐτοῦ
3415 5318 3511 5372 τοῦ
3538 5321 3580 5374 Χ
3590 5337 3671 5392 ρι-

483 5476 529 5509 ³⁸
554 5478 714 5533 Deut.
746 5493 855 5545 xvr,
890 5477 979 5546 18,
1020 5477 1107 5534 19.
1183 5480 1227 5513 ³⁸
1256 5480 1414 5535 Deut.
1439 5496 1568 5546 xvn,
1608 5482 1694 5549 l4,
1722 5482 1806 5539 t5.
1888 5483 1931 5515 "
1964 5485 1973 5539 l

2077 5485 2105 5541 Ι.
2133 5502 2191 5552 ιι,
2233 5484 2286 5539 6.
2364 5484 2406 5515 ³⁸⁷
2438 5481 2629 5537 Matth.
2666 5496 2814 5545 χχιιι,
2854 5478 2905 5533 8.
2983 5477 3028 5511 ⁸⁸
3060 5477 3220 5533 Deut.
3251 5493 3377 5542 xvn,
3416 5477 3503 5533 l5.

486 5629 565 5700 (ἰ)
597 5630 729 5686 Cod.
756 5636 930 5690 Vatic.
958 5654 971 5689 :
998 5639 1089 5690 Δεῖ
1118 5639 1227 5709 γὰρ
1280 5638 1426 5761 aud;
1454 5636 1516 5718 16
1548 5637 1742 5718 ,κτίσει
1773 5639 1967 5711 λατρεύ

486 5700 668 5761 nitela;
710 5706 898 5761 προκλ.
932 5706 1130 5761 λόγοις.
1171 5724 1279 5761 nuo
1350 5707 1587 5761 reddidit
1629 5719 1914 5761 interpres.

2096 5639 2244 5710 παρᾶ
2275 5639 2364 5692 τὸν
2404 5636 2663 5692 κτίσαντα
2706 5635 2837 5691 Θεὸν
2881 5637 3059 5699 ἱέντας
3105 5634 3396 5699 ἀπωτάτω,
3425 5635 3537 5698 τοῖς
3576 5638 3668 5705 τῆς

415 5700 668 5771 ἀληθείας
710 5706 898 5772 προκλ.
932 5700 1143 5775 λόγοις,
1171 5700 1331 5778 quod
1350 5707 1587 5762 reddidit
1629 5700 1914 5780 interpres.
