3996 6212
407 264 510 320 579

1427 270 1483 327 S.
1525 273 1800 331 CYRILLI
1842 279 2314 336 ALEXANDRINI
2353 282 2671 340 ARCHIEP.

3557 305 3667 361 580

406 377 686 434 servitutis
707 394 944 449 namque
974 379 1202 449 spiritus
1231 380 1287 435 in
1315 381 1424 438 illis
1457 394 1594 439 erat.
1641 388 1724 443 0b
1749 406 1941 462 eamqu

2040 395 2320 462 ,Emvmt,
2374 397 2516 452 καθὰ
2565 400 2659 452 καὶ
2714 400 2791 468 τῷ
2847 403 3016 457 πάλαι
3058 404 3220 478 νόμῳ.
3279 410 3576 481 Πρὸκειται
3608 416 3668 471 δέ

403 482 627 522 causam
653 469 855 525 Christi
894 471 1184 540 praeceptis
1233 487 1343 526 non
1393 475 1629 544 amplius
1684 480 1853 550 plaga:
1875 482 1978 535 ad-

399 559 605 627 juncta:
627 570 774 623 sunt,
805 569 865 614 ut
888 561 944 614 in
967 561 1082 630 lege
1109 563 1306 628 veteri,
1342 565 1438 619 sed
1462 568 1646 635 potius
1683 586 1747 625 ea
1774 588 1970 642 propo-

397 651 507 705 sita
527 692 541 714 ,
566 667 686 720 quae
707 651 912 708 liberos
934 653 1152 719 decent,
1175 655 1412 711 illustria
1435 657 1708 730 dignaque
1726 664 1971 731 praemia,

395 751 457 796 et
482 743 850 812 spiritualium
876 746 1150 800 bonorum
1193 748 1482 818 primitiae,
1510 761 1675 821 atque
1700 757 1944 824 pollicita
2007 804 2009 807 .

398 833 600 897 tiones,
637 842 693 888 et
740 835 1112 892 beatitudines
1135 845 1284 893 recte
1331 838 1490 894 factis
1539 846 1972 902 convenientes:

396 936 577 991 neque
599 922 782 979 adhuc
805 925 987 990 mina},
1013 927 1108 980 sed
1130 926 1548 984 adhortationes
1560 933 1744 1000 potius
1767 935 1836 989 ad
1859 935 1974 991 vir-

396 1019 592 1066 tutem.
617 1013 754 1068 Cum
780 1015 979 1084 priscis
1029 1017 1179 1070 enim
1213 1017 1664 1080 illisjiominibus
1712 1031 1969 1095 tanquam

389 1116 519 1155 cum
544 1101 783 1169 famulis,
820 1115 881 1159 ut
903 1106 1139 1160 famulus
1171 1118 1335 1176 atque
1381 1123 1680 1167 conservus
1700 1113 1969 1184 loqueba-

395 1197 486 1246 tur
516 1193 754 1265 Moyses;
781 1195 1036 1250 Christus
1072 1212 1206 1252 vero
1235 1214 1362 1252 cum
1411 1198 1559 1265 ﬁliis,
1587 1210 1647 1256 ut
1679 1205 1872 1272 Filius,
1913 1218 1969 1264 et

2087 485 2284 554 μᾶλλον
2316 487 2384 542 τά
2412 488 2723 560 ἐλευθέροις
2747 492 3046 562 πρέποντα,
3089 496 3343 570 λαμπραὶ
3381 503 3477 556 καὶ
3515 504 3668 568 ἀξιό-

2082 574 2275 645 ληπτοι
2311 578 2531 648 δωρεαὶ,
2580 585 2676 635 καὶ
2718 587 3105 656 πνευματικῶν
3140 590 3360 658 ἀγαθῶν
3413 596 3664 666 ἀπαρχαί

2082 685 2141 721 τε
2172 671 2264 722 καὶ
2302 672 2645 743 ὑποσχέσεις,
2672 677 2768 730 καὶ
2799 685 3139 753 μακαρισμοὶ
3157 687 3270 748 τοῖς
3299 687 3663 759 κατορθώμα-

2083 776 2137 812 σι
2169 762 2492 832 πρέποντες,
2548 767 2643 819 ut
2687 768 2884 841 ἀπειλὴ
2931 772 3029 841 μὲν
3079 775 3284 842 οὐκέτι,
3321 779 3661 850 προκλήσεις

2076 850 2133 903 δὲ
2176 853 2378 922 μᾶλλον
2417 856 2503 907 ἐπ’
2533 856 2754 929 ἀρετήν.
2797 862 3054 928 Οἰκέταις
3101 867 3200 937 μὲν
3242 868 3350 939 γὰρ
3391 869 3468 932 ὡς
3504 871 3658 925 οίκέ-

2074 957 2174 1012 της
2215 942 2310 996 καὶ
2350 945 2736 1016 συνομόδουλος
2782 951 3105 1021 προσελάλει
3152 957 3377 1028 Μωσῆς,
3401 961 3514 1024 τοῖς
3551 961 3663 1031 ἀρ-

2076 1033 2398 1105 χαιοτέροις,
2434 1037 2671 1107 Χριστὸς
2708 1040 2765 1093 δὲ
2798 1043 2935 1107 υἱοῖς
2970 1045 3046 1108 ὼς
3078 1046 3225 1110 Υἱὸς,
3266 1049 3358 1102 καὶ
3395 1050 3472 1112 ὡς
3495 1051 3655 1105 ἁδελ-

2170 1163 2192 1186 ἱ

2073 1231 2222 1280 τρος.

390 1294 652 1351 tanquam
697 1300 822 1338 cum
861 1285 1127 1341 fratribus
1170 1303 1268 1357 per
1301 1287 1677 1359 adoptionem,
1713 1297 1780 1361 is,
1813 1299 1905 1367 qui
1943 1317 2070 1358 vere
2105 1314 2160 1361 et
2205 1291 2498 1377 germanus
2529 1321 2650 1368 erat
2679 1331 2748 1371 ex
2785 1317 2898 1374 Deo
2932 1319 3094 1377 Patre
3125 1323 3322 1381 Filius.

459 1377 657 1430 PALL.
682 1379 848 1432 Recte
873 1395 931 1434 se
956 1380 1124 1434 habet
1147 1383 1343 1436 oratio.

454 1468 612 1523 CYR.
641 1471 814 1526 Morte
847 1472 1014 1541 igitur
1037 1473 1372 1531 homicidam
1399 1480 1577 1549 punit,
1596 1495 1659 1534 ac
1694 1497 1855 1551 pcena
1880 1491 1966 1537 ta-

387 1557 554 1613 lionis
583 1560 903 1614 eﬂrenatam
944 1562 1229 1617 audaciam
1275 1567 1520 1633 cohibet,
1553 1571 1712 1640 281
1755 1579 1812 1624 ct
1853 1588 1964 1627 non

385 1648 673 1705 ferendum
718 1651 964 1707 furorem
1006 1655 1484 1715 animadversione
1531 1663 1766 1716 maxima
1787 1670 1844 1718 et
1865 1680 1959 1718 ex-

385 1751 561 1795 tremo
587 1743 856 1812 supplicio
893 1745 1112 1813 plectit;
1140 1748 1294 1817 prius
1312 1761 1501 1805 autem
1541 1751 1836 1823 diligenter
1854 1770 1953 1810 ex-

376 1833 585 1886 aminat
623 1849 733 1903 quo
785 1837 970 1890 animo
1024 1837 1248 1905 fecerit;
1289 1856 1374 1906 ac,
1423 1843 1468 1896 si
1504 1851 1699 1912 sponte
1738 1845 1811 1899 sit
1852 1846 1952 1900 ad-

381 1925 608 1978 missum
635 1925 864 1992 crimen,
892 1928 1106 1981 nullum
1131 1930 1524 1989 misericordiae
1556 1935 1738 1989 locum
1781 1937 1950 1991 relin-

376 2016 519 2083 quit,
545 2032 723 2086 neque
751 2018 1186 2075 benevolentiam
1206 2024 1440 2093 turpiter
1459 2025 1814 2097 languescere
1829 2044 1952 2098 per-

376 2106 580 2172 mittit,
615 2109 1001 2179 intempestiva
1035 2112 1390 2171 miseratione
1413 2116 1667 2183 fractam,
1696 2128 1858 2189 atque
1893 2120 1948 2174 in

373 2197 444 2251 iis
471 2199 656 2264 rebus,
703 2201 758 2254 in
793 2202 995 2272 quibus
1018 2204 1246 2259 minime
1277 2214 1516 2276 oportet,
1541 2207 1609 2262 ad
1641 2209 1947 2266 molliorem

368 2288 630 2343 all‘ectum
657 2291 956 2346 detractam
983 2311 997 2360 ;
1037 2294 1113 2348 ita
1141 2296 1290 2350 enim
1330 2298 1497 2353 dixit:
1532 2320 1549 2349 ‹
1571 2299 1725 2366 Quod
1749 2301 1792 2355 si
1821 2303 1946 2372 quis

366 2393 660 2448 aggressus
682 2382 846 2437 fuerit
880 2383 1102 2440 fratrem
1150 2403 1332 2452 suum,
1381 2389 1448 2443 ad
1478 2391 1944 2459 “interﬁciendum

362 2484 493 2523 eum
519 2471 664 2534 dolo,
683 2483 738 2528 et
762 2476 1106 2552 confugerit;
1134 2479 1203 2532 ab
1224 2480 1382 2534 altari
1413 2498 1535 2537 meo
1556 2484 1794 2554 accipies
1814 2501 1942 2540 eum

367 2571 429 2615 ut
474 2563 772 2621 interﬁcias
815 2568 880 2621 “.
910 2589 926 2619 ι
963 2569 1059 2623 Sin
1105 2579 1291 2625 autem
1343 2574 1463 2643 ejus
1508 2575 1938 2645 incommodum,

359 2651 460 2720 qui
483 2651 737 2722 injuriam
760 2669 792 2709 a
813 2671 1134 2726 percussore
1156 2675 1351 2730 passus
1371 2671 1476 2727 est,
1507 2664 1773 2734 tantisper
1797 2667 1939 2722 dm-

367 2749 513 2797 taxat
544 2746 898 2813 processerit,
925 2756 987 2802 ut
1009 2748 1317 2820 langueret,
1347 2768 1523 2822 pmnae
1566 2756 1792 2810 modum
1837 2758 1939 2812 ad-

360 2835 608 2900 metitur,
656 2845 712 2891 et
754 2838 1014 2894 damnum
1067 2841 1202 2896 illud
1245 2845 1482 2913 pecunia
1528 2845 1791 2902 luendum
1814 2865 1937 2906 esse

359 2924 629 2982 decernit.
656 2928 733 2982 lta
757 2931 905 2985 enim
929 2947 1124 2987 rursus
1176 2934 1282 2987 ait:
1321 2953 1338 2984 ι
1369 2933 1522 3000 Quod
1569 2936 1615 2991 si
1639 2938 1932 2994 conviciati

2143 1401 2356 1456 ΠΑΛΛ.
2407 1404 2610 1474 Ὀρθῶς
2642 1409 2776 1478 ἔχει.

2143 1493 2307 1547 ΚΥΡ.
2349 1495 2573 1570 Θανάτῳ
2610 1516 2675 1568 γε
2721 1501 2828 1572 μὴν
2854 1503 2946 1557 τὸν
2977 1508 3269 1574 φονεύοντα
3297 1511 3505 1583 ζημιοῖ,
3544 1518 3640 1571 καὶ

2064 1584 2184 1645 ταῖς
2224 1583 2332 1639 τῶν
2383 1587 2512 1642 ίσων
2557 1590 2890 1661 ἐπαγωγαῖς,
2921 1596 2983 1649 τὺ
3009 1598 3262 1668 ἀχάλινον
3286 1602 3636 1675 άνασειράζει

1988 1705 2032 1766 Β
2062 1673 2281 1745 θράσος,
2315 1680 2410 1733 καὶ
2439 1680 2529 1734 τὸν
2560 1683 2746 1737 οὐκέτι
2784 1687 3019 1758 φορητὸν
3053 1692 3273 1757 κολάζει
3299 1673 3636 1768 θυμὸνῖάφο-

2060 1767 2209 1836 ρήτῳ
2228 1767 2351 1839 δίκῃ
2385 1772 2478 1825 καὶ
2514 1777 2627 1838 τοῖς
2656 1777 2737 1840 είς
2768 1776 2922 1845 λῆξιν
2949 1779 3092 1836 ίθῦσι
3119 1785 3312 1847 κακοῦ,
3348 1767 3630 1858 προϐασα-

2055 1858 2217 1922 νίζων
2247 1856 2306 1914 εὖ
2342 1863 2486 1932 μάλα
2544 1867 2636 1920 τοῦ
2679 1868 3000 1940 δεδρακότος
3036 1874 3128 1927 τὸν
3171 1856 3401 1931 σκοπόνλ
3450 1882 3546 1935 καὶ
3581 1884 3631 1936 εί

2056 1944 2154 2012 μὲν
2182 1945 2428 2002 ἑκούσιον
2465 1952 2548 2022 εἴη
2578 1953 2637 2006 τὺ
2670 1955 2776 2026 πλη
2787 1957 3082 2030 μμεληθὲν,
3106 1965 3321 2038 ἀναιρεί
3343 1969 3437 2022 τὸν
3457 1969 3626 2025 ἔλεον.

2064 2035 2412 2106 Ἀσχημονεῖν
2453 2041 2509 2094 δέ
2546 2045 2647 2098 οὐκ
2681 2049 2746 2118 ἐᾷ
2771 2051 2870 2120 τὴν
2897 2035 3270 2128 φιλαλληλίαν,
3318 2060 3625 2134 θρυπτομέο

2051 2143 2148 2196 νην
2171 2131 2272 2183 οὐκ
2305 2133 2364 2184 ἐν
2388 2136 2584 2207 καιρῷ,
2626 2140 2720 2192 καὶ
2769 2141 2854 2211 ἐφ’
2884 2143 2967 2208 οἷς
3011 2146 3213 2217 ἥκιστα
3269 2131 3402 2224 χρὴ,
3459 2131 3628 2212 κατα-

2049 2222 2341 2294 σπωμένην
2371 2223 2560 2297 ὥσπερ
2591 2228 2683 2283 ἐπὶ
2724 2231 2785 2284 τὸ
2829 2234 3276 2312 μαλθακώτερον.
3327 2222 3469 2318 Ἔφη
3514 2249 3626 2321 γάρ

2046 2311 2217 2376 οὕτως
2237 2331 2250 2344 ·
2281 2334 2300 2366 ι
2324 2315 2448 2371 Ἐὰν
2472 2317 2526 2371 δέ
2556 2337 2639 2384 τις
2676 2323 2928 2396 ἐπίθηται
2954 2329 3032 2399 τῷ
3052 2311 3280 2403 πλησίον
3307 2311 3624 2396 ἀποκτείναι

2045 2405 2206 2458 αὐτὸν
2246 2407 2402 2479 δόλῳ,
2431 2411 2525 2464 καὶ
2573 2415 2883 2488 καταφύγῃ,
2936 2421 3046 2474 ἀπὸ
3080 2424 3175 2477 τοῦ
3232 2425 3622 2502 ουσιαστηρίου

2048 2511 2149 2562 μου
2179 2494 2340 2568 λήψῃ,
2372 2497 2534 2553 αὐτὸν
2563 2501 2891 2561 θανατῶσαι.
2925 2527 2943 2560 ι
2967 2511 3102 2564 Εἱδὲ
3134 2513 3294 2586 μέχρι
3319 2516 3412 2570 τοῦ
3439 2494 3616 2591 ἀρἱρω-

2045 2585 2237 2656 στῆσαι
2277 2587 2438 2657 μόνον
2477 2593 2708 2663 προήκει
2750 2595 2829 2666 τῷ
2862 2599 3077 2654 παίοντι
3123 2604 3216 2657 τοῦ
3261 2585 3617 2680 βεόιασμένου

2040 2675 2103 2729 τὸ
2133 2677 2336 2742 πάθος’
2367 2682 2660 2754 ἐπιμετρεῖ
2697 2687 2798 2757 τὴν
2835 2689 3012 2761 δίκην,
3046 2694 3140 2746 καὶ
3183 2675 3347 2768 μέχρι
3393 2675 3614 2772 χρημά-

2039 2783 2146 2819 των
2186 2771 2513 2840 προστάττει
2548 2775 2802 2842 γενέσθαι
2848 2780 2908 2833 τὸ
2944 2781 3158 2851 βλάϐος.
3191 2789 3334 2861 ’Ἔφη
3375 2792 3482 2862 γάρ
3514 2771 3613 2846 ὧδε

2040 2859 2201 2912 πάλιν
2221 2877 2234 2890 ο
2275 2880 2293 2913 ι
2325 2861 2450 2916 Ἐὰν
2485 2865 2541 2918 δὲ
2590 2866 2932 2940 λοιδορῶνται
2963 2873 3058 2927 δύο
3080 2875 3290 2950 ἄνδρες,
3316 2859 3411 2934 καὶ
3433 2859 3608 2937 πατάν-

2041 2949 2106 3022 ξῃ
2136 2969 2219 3016 τις
2255 2953 2348 3007 τὸν
2389 2955 2616 3028 πλησίον
2649 2959 2801 3031 λίθῳ,
2834 2962 2866 3033 ἦ
2900 2969 3117 3038 πυγμῇ,
3156 2949 3248 3024 καὶ
3293 2973 3368 3044 μὴ
3404 2975 3611 3032 ἀποθά-

359 3017 565 3075 fuerint
597 3020 707 3074 duo
736 3021 866 3087 viri,
893 3030 948 3076 et
971 3026 1310 3092 percusserit
1351 3027 1475 3096 quis
1508 3029 1819 3098 proximum
1845 3030 1926 3086 la-

359 3110 482 3138 -ιζλιι
531 3121 621 3138 ...ιι
650 3127 829 3138 ...υ-..Α
889 3121 939 3138 As
972 3113 1061 3138 :IIA
1088 3125 1459 3138 m-_.-__--_-_
1490 3119 1595 3138 1|,__,
1617 3121 1650 3138 ο.
1787 3122 1802 3138 1
1845 3123 1859 3138 ι

2040 3017 2118 3110 vi},
2151 3042 2449 3115 κατακλιθῇ
2484 3017 2542 3099 δὲ
2567 3048 2660 3100 ἐπὶ
2681 3017 2885 3120 κοίτης,
2919 3017 3386 3126 έάνῖὲέιᾴᾇιζτάῖὶ

356 3110 505 3179 pide,
530 3121 624 3166 aut
649 3127 852 3182 pugno,
887 3121 943 3166 et
972 3113 1063 3168 ille
1088 3125 1341 3172 mortuus
1357 3134 1466 3172 non
1489 3119 1679 3186 fuerit,
1708 3122 1804 3178 sed
1827 3123 1926 3178 de-

351 3201 609 3255 cubuerit
647 3203 702 3254 in
729 3202 904 3268 lecto;
932 3203 978 3257 si
1005 3219 1307 3277 exsurgens
1333 3209 1499 3264 homo
1545 3211 1637 3266 ille
1681 3213 1929 3269 ambula-

355 3289 498 3342 verit
541 3288 677 3344 foris
720 3289 776 3344 in
823 3292 995 3362 virga,
1045 3293 1306 3352 immunis
1351 3299 1791 3370 eritpercussor,
1816 3304 1924 3360 nisi

353 3378 497 3445 quod
525 3394 624 3448 pro
652 3381 956 3437 cessatione
987 3383 1107 3453 ejus
1143 3390 1441 3455 persolvet,
1469 3399 1526 3446 et
1573 3409 1841 3464 expensas
1869 3397 1922 3450 in

351 3470 680 3525 medicinam
720 3471 890 3529 factas
917 3475 982 3530 ⁸³.
1005 3497 1024 3527 ι
1059 3477 1239 3549 Atque
1292 3481 1410 3536 haec
1455 3485 1677 3552 quidem
1712 3486 1800 3541 lex
1836 3489 1926 3558 ju-

349 3558 444 3612 bet
475 3577 490 3625 ;
519 3560 765 3616 Salvator
797 3572 1002 3629 autem,
1049 3569 1142 3636 qui
1191 3570 1448 3638 perfectae
1484 3574 1705 3630 virtutis
1747 3577 1923 3648 legem

351 3651 764 3718 promulgaret:
809 3671 828 3703 ι
860 3651 918 3707 Si
963 3656 1108 3722 quis,
1147 3657 1348 3727 inquit,
1395 3668 1447 3715 te
1491 3667 1828 3732 percusserit
1865 3669 1922 3724 in

349 3739 630 3794 dexteram
681 3743 977 3808 maxillam,
1021 3755 1177 3801 verte
1225 3750 1304 3802 illi
1335 3759 1392 3805 et
1434 3753 1665 3809 alteram
1693 3758 1760 3811 ⁸⁸.
1794 3777 1813 3810 ι
1843 3761 1920 3816 De

349 3830 522 3884 servis
537 3846 756 3902 quoque
784 3833 901 3889 haec
921 3837 1146 3892 statuit:
1189 3859 1206 3889 ‹
1225 3839 1382 3906 Quod
1406 3842 1448 3898 si
1482 3846 1607 3913 quis
1632 3863 1920 3917 percusse-

346 3922 422 3976 rit
469 3937 687 3978 servum
736 3941 918 3992 suum,
970 3938 1066 3984 aut
1111 3932 1369 3989 ancillam
1412 3951 1567 3992 suam
1617 3939 1836 4009 baculo,
1861 3954 1917 4000 et

347 4018 599 4067 mortuus
625 4012 912 4070 fueritsub
927 4018 1184 4076 manibus
1224 4024 1366 4094 ejus,
1392 4027 1664 4097 supplicio
1699 4033 1755 4087 in
1785 4049 1914 4090 eum

343 4103 843 4174 animadvertetur;
893 4108 979 4164 sin
1021 4119 1206 4166 autem
1271 4118 1641 4186 supervixerit
1684 4139 1796 4180 uno
1825 4125 1916 4182 die

341 4190 426 4244 vel
451 4190 687 4258 duobus,
713 4209 824 4249 non
851 4198 1322 4257 animadvertetur
1365 4205 1420 4259 in
1441 4221 1598 4276 eum;
1627 4222 1912 4282 argentum

337 4281 490 4336 enim
539 4283 713 4352 ipsius
740 4297 823 4341 est
859 4290 925 4343 ".
956 4309 973 4340 ι
1021 4290 1304 4349 Summam
1348 4298 1515 4369 igitur
1556 4302 1691 4356 iram
1733 4315 1911 4362 morte

339 4371 574 4426 multat:
628 4391 806 4446 neque
833 4381 1002 4445 enim,
1059 4385 1210 4453 quia,
1266 4402 1392 4442 cum
1439 4391 1562 4459 plus
1603 4409 1910 4464 possemus,
1946 4388 1990 4444 Β

337 4461 546 4518 domini
572 4465 700 4522 facti
728 4485 939 4537 sumus,
969 4475 1116 4540 ideo,
1164 4477 1258 4546 qui
1285 4479 1341 4531 in
1386 4490 1575 4536 nostra
1617 4461 1908 4554 potestate,

335 4563 393 4608 et
425 4556 528 4610 sub
546 4558 678 4627 jugo
701 4571 888 4615 nostro
905 4574 1054 4628 sunt,
1081 4581 1176 4621 eos
1199 4569 1366 4621 etiam
1396 4579 1455 4624 ut
1497 4573 1609 4628 vita
1658 4577 1909 4645 privare-

2040 4556 2353 4652 θήσεταιίτδ
2394 4556 2658 4665 αργὺριοζ
2699 4556 3016 4661 gemerem

334 4657 476 4706 mus,
503 4647 753 4714 permisit
777 4650 952 4716 Deus;
990 4653 1085 4707 sed
1109 4669 1234 4708 cum
1264 4656 1345 4710 ira
1386 4660 1822 4722 misericordiam
1851 4679 1910 4724 ut

334 4734 662 4793 misceamus
683 4741 896 4807 suadet,
926 4753 1170 4801 extremo
1195 4749 1466 4819 supplicio
1491 4753 1545 4808 in
1574 4755 1905 4817 homicidam

2036 3147 2134 3193 πος
2162 3135 2510 3208 περιπατήσῃ
2540 3136 2644 3201 ἔξω
2672 3140 2766 3194 ἐπ)⁵
2794 3143 3010 3213 ῥάϐδου,
3040 3149 3214 3214 ἀθῶος
3258 3152 3409 3207 ἔσται
3442 3159 3470 3210 ὁ
3502 3135 3610 3213 πα-

2033 3219 2220 3286 τάξας,
2279 3225 2418 3296 πλὴν
2454 3227 2554 3297 τῆς
2609 3230 2810 3301 ἀργίας
2857 3236 3023 3291 αὐτοῦ
3085 3241 3352 3310 ἀποτίσει,
3402 3248 3494 3302 καὶ
3542 3251 3610 3306 τά

2035 3310 2264 3382 ἰατρεῖα.
2290 3333 2308 3366 ι
2340 3317 2447 3369 Καὶ
2476 3319 2632 3373 ταυτὶ
2667 3323 2765 3391 μὲν
2801 3323 2830 3376 ὀ
2860 3326 3039 3397 νόμος.
3080 3331 3217 3385 Ἀλλ’
3244 3335 3273 3388 ὅ
3295 3354 3356 3404 γε
3397 3340 3608 3414 Σωτὴρ,

2028 3400 2089 3453 τὸ
2103 3403 2320 3468 τελείως
2343 3407 2548 3475 ἀγαθὸν
2585 3414 2876 3487 είσφέρωψ
2905 3435 2924 3468 ι
2951 3421 3040 3492 Τῷ
3057 3424 3268 3480 παίοντί
3290 3400 3400 3492 σε.»
3421 3400 3603 3505 φησίν,

2038 3511 2056 3541 ι
2068 3493 2158 3546 ἐπὶ
2172 3494 2272 3566 τὴν
2291 3495 2470 3561 δεξιὰν
2490 3504 2972 3580 σιαγόνα,στρέψον
2988 3513 3137 3587 αὐτῷ
3156 3520 3249 3573 καὶ
3269 3523 3368 3593 τὴν
3383 3493 3600 3597 ἄλλην.

2031 3583 2269 3638 υἰκετῶν
2296 3587 2354 3641 δέ
2383 3591 2508 3663 πέρι
2536 3597 2816 3665 νομοθετεῖ
2837 3601 2988 3657 τάδε·
3014 3625 3034 3658 ι
3059 3583 3182 3664 Ἐὰν
3203 3612 3261 3666 δέ
3289 3583 3373 3679 τίς
3393 3583 3606 3693 πατάξῃ

2027 3672 2118 3727 τὸν
2150 3678 2316 3732 παῖδα
2357 3681 2544 3745 αὑτοῦ,
2591 3685 2624 3756 ἢ
2663 3688 2762 3758 τὴν
2801 3694 3096 3767 παιδίσκην
3124 3702 3290 3756 αὐτοῦ
3316 3672 3374 3758 ἐν
3400 3672 3600 3781 ea“;

2028 3767 2122 3818 καὶ
2150 3767 2393 3843 ἀποθάνῃ
2429 3774 2534 3828 ὑπὸ
2575 3776 2675 3842 τὰς
2718 3784 2905 3852 χεῖρας
2941 3787 3127 3855 αὐτοϋ,
3155 3793 3280 3864 δίκῃ
3317 3767 3602 3874 ἐκδικηθῆζ

2028 3872 2201 3954 σεται,
2236 3859 2331 3913 ἐὰν
2367 3861 2424 3916 δὲ
2467 3865 2729 3943 διαϐιώσῃ
2765 3874 2978 3948 ἡμέραν
3021 3879 3207 3954 μίαν-ἢ
3235 3859 3348 3952 duo,
3381 3859 3602 3947 οὐχ’ἐκ-

2023 3943 2399 4056 διμηθῖλσεται·
2431 3954 2493 4008 τὸ
2515 3957 2624 4030 γὰρ
2650 3943 2911 4033 ἀργύριον
2940 3943 3105 4025 αὑτοῦ
3135 3943 3301 4030 ἐστιν.
3375 3943 3599 4056 eave}?

2028 4037 2128 4108 μὲν
2152 4035 2244 4094 οὖν
2279 4046 2506 4116 τιμᾶται
2533 4050 2634 4120 τὴν
2664 4055 2899 4111 είσάπαν
2921 4060 3090 4134 ὀργήν
3109 4081 3124 4096 '
3149 4067 3209 4120 οὐ
3237 4069 3345 4143 γὰρ
3369 4035 3596 4133 sust-1;

2023 4132 2326 4203 γεγόναμεν
2359 4137 2423 4190 ἐκ
2455 4139 2766 4211 πλεονεξίας
2793 4132 3072 4219 δεσπόται,
3099 4159 3195 4212 καὶ
3401 4167 3594 4241 ἀπείρ-

2021 4236 2139 4327 γειν
2178 4224 2349 4327 αὐτῇς
2386 4230 2559 4301 ἐφῆκε
2595 4233 2746 4304 Θεὸς,
2781 4239 2908 4304 τοὺς
2935 4243 3042 4298 ὑπὸ
3073 4224 3247 4320 χεῖρα
3280 4224 3372 4308 καί
3407 4224 3590 4327 ζυγόν.

2013 4311 2454 4373 Συναναπὶέκειν
2497 4322 2553 4376 δέ
2582 4328 2702 4390 ταῖς
2749 4329 2941 4401 ὀργαῖς
2982 4311 3267 4398 ἀναπείθει
3303 4345 3393 4400 τὸν

2011 4404 2534 4508 -Ξξοιῖὴῖκξιθορίζιον
2574 4416 2670 4468 τοῦ
2708 4423 3025 4491 φονεύοντος
3059 4430 3160 4501 τὴν
3201 4435 3454 4508 ἐσχάτην.
3488 4404 3589 4496 «Ei

2015 4487 2076 4602 fi
2103 4489 2350 4602 Guaﬁupq‘.
2383 4499 2567 4602 φησιν,
2600 4503 2810 4578 ἡμέραν
2861 4487 3053 4588 μίαννῆ
3082 4487 3195 4584 δίᾶο,

3019 4627 3066 4664 ν.
3093 4629 3113 4662 ι
3147 4614 3442 4691 Μονονουχὶ
3477 4624 3588 4698 γάρ

2015 4687 2196 4781 ﬂow,
2231 4677 2442 4781 Oti-ri;
2479 4685 2574 4739 τοῦ
2614 4689 2868 4759 παίοντος
2897 4697 3061 4770 ἔργον
3087 4701 3259 4776 ὀργῆς
3280 4707 3341 4762 τὸ
3365 4677 3442 4781 τ’ίξ)

2011 4759 2174 4870 ϐάντι..
2192 4769 2558 4842 συμϐεϐηκὸς,
2595 4780 2733 4849 μετά
2763 4800 2826 4852 γε
2966 4759 3580 4870 .ὄύ

333 4825 653 4881 constituto.
702 4849 720 4881 ς
750 4829 846 4884 Sin
892 4843 1074 4888 autem
1119 4841 1507 4908 supervixerit,
1547 4845 1745 4918 inquit,
1795 4869 1907 4909 uno

333 4909 422 4964 die
445 4922 539 4964 aut
562 4915 797 4964 duobus-
849 4935 957 4964 nnn
987 4921 1041 4964 in
1085 4939 1210 4964 mam
1268 4931 1765 4964 αηςσηηιινη...,.......
1815 4956 1876 4964 ..-

2263 4825 2276 4837 .
2429 4825 2440 4842 .
2595 4825 2733 4849 ,η-η-
2775 4825 2826 4852 .-
2877 4825 2941 4846 ω,
2966 4825 3309 4870 ιυρωυτησαι
3333 4825 3470 4868 πως.
3506 4825 3580 4863 υυ

2040 4853 2120 4925 -ὰρ
2147 4854 2213 4964 ἂν
2251 4859 2485 4964 ἠθέλησέ
2515 4885 2598 4934 τις
2629 4873 2926 4933 ἀποδαλεῖν
2959 4885 3049 4937 τὸν
3073 4886 3210 4941 ἴδιον
3240 4892 3476 4964 οἰκέτην,
3523 4898 3584 4952 δν

331 4909 422 4964 die
445 4922 539 4966 aut
562 4915 797 4984 duobus,
849 4921 1041 5001 nonin
1085 4939 1212 4980 eum
1267 4931 1767 5003 animadvertetur;
1814 4956 1905 4994 ar-

331 5007 554 5068 gentum
589 5003 762 5072 ipsius
784 4988 934 5062 est]:
976 5010 1378 5082 Propemodum
1406 5022 1553 5077 enim
1582 5024 1718 5080 dicit
1740 4988 1901 5085 :yNon

2007 4945 2291 5058 διργυρίοις
2333 4955 2590 5058 ἐπρίατο,
2643 4965 2739 5018 καὶ
2790 4971 3050 5042 χρήματα
3093 4978 3238 5047 δοὺς,
3291 4945 3579 5058 emisere.

2019 5036 2298 5142 :Axodctoc
2329 5045 2385 5099 δέ
2430 5051 2479 5104 εἰ
2520 5051 2731 5121 γένοιτο
2764 5036 2981 5132 ῴᾶνέὺς,
3037 5036 3270 5140 ζημιοδν

395 5642 440 5674 ⁸⁸
469 5643 641 5701 Exod.
676 5667 783 5716 xxi,
818 5657 900 5711 Μ.
979 5660 1022 5691 ⁸⁵
1051 5663 1216 5718 Exod.
1242 5683 1388 5736 xvm,
1434 5670 1516 5726 19.
1596 5675 1642 5708 ⁸⁰
1669 5676 1859 5735 Matth.
1901 5700 1941 5749 v1

2040 5687 2077 5742 ).
2157 5692 2196 5722 "
2224 5694 2392 5752 Exod.
2428 5717 2536 5770 xxi,
2569 5706 2656 5772 20,
2683 5709 2767 5766 9|.
