3996 6212
265 246 364 306 581

967 244 1059 302 DE
1095 244 1537 305 ADORATIONE
1576 245 1645 304 IN
1685 245 1958 305 SPIBITU
1998 247 2086 306 ET
2121 249 2492 308 VERITATE.
2532 250 2664 306 LIB.
2693 250 2828 308 VIII.

3442 251 3546 308 582

262 381 377 426 τως
431 361 553 414 ἐκεῖ
600 357 728 424 τοὺς
773 359 860 413 ἐπ’
894 359 1170 425 ἀκουσίως
1197 361 1504 432 πταίσμασι
1547 361 1862 432 φεύγοντας.

1974 363 2262 430 occiderit,
2287 378 2414 419 eum
2442 365 2525 420 lex
2557 379 2750 419 rursus
2772 371 3040 434 perpetuo
3067 363 3264 420 exsilio
3305 365 3548 421 multau-

265 454 385 507 Καὶ
413 451 608 523 καιρὸν
646 450 896 520 ἀφέσεως
932 451 1104 523 ὁρίζει
1139 451 1303 506 πάλιν
1341 454 1576 512 καὶτοῖς
1604 446 1708 508 ὦδε
1768 469 1868 506 πε-

267 544 548 614 πραχόσιν
598 541 818 607 ἀθλίως,
858 542 1049 612 ἱερέως
1092 541 1322 596 θάνατον
1346 542 1440 596 τοῦ
1467 543 1866 615 ὑπερκειμένου

269 635 368 688 καὶ
394 632 747 706 προύχοντος.
783 633 994 704 Γράφει
1019 633 1077 685 δὲ
1110 630 1285 696 οὕτως
1309 634 1368 685 ὲν
1398 635 1512 697 τοῖς
1555 631 1861 703 Ἀριθμοίςο

277 747 298 779 ι
335 725 464 782 Ἐὰν
493 726 550 779 δὲ
586 724 849 795 ἐξαπίνης
877 724 938 777 οὐ
962 723 1032 776 δι’
1052 723 1255 794 ἔχθραν
1294 722 1408 795 ὤσῃ
1437 723 1620 791 αὑτὸν,
1651 722 1866 794 ῆὲπιρ-

277 818 412 892 ῥίψῃ
438 821 529 872 ἐπ’
570 818 733 872 αὐτὸν
763 819 874 871 πᾶν
919 817 1132 882 σκεῦος,
1165 817 1267 871 οὐκ
1295 816 1357 881 ἐξ
1386 817 1602 888 ἐνέδρου
1636 816 1668 888 ἢ
1701 816 1865 870 παντὶ

277 913 434 982 λίθῳ,
468 914 528 965 ὲν
559 905 604 979 ᾧ
634 911 987 965 ἀποθανεῖται
1039 912 1098 963 ὲν
1159 911 1310 983 αὐτῷ
1361 912 1464 965 οὐκ
1531 910 1708 976 είδὼς,
1770 910 1866 964 καὶ

279 1005 521 1076 ἐπιπέσῃ
581 1005 666 1057 ἐπ’
723 1004 909 1070 αὐτὸν,
961 1003 1056 1057 καὶ
1101 1003 1392 1075 ἀποθάνῃ,
1446 1003 1609 1068 αὐτὸς
1649 1003 1714 1056 δὲ
1763 1003 1865 1057 οὐκ

283 1096 383 1167 ὲχθ
396 1096 488 1167 96;
508 1096 676 1150 αὑτοῦ
703 1090 793 1166 ἦν,
810 1096 929 1148 οὐδὲ
957 1093 1137 1165 ζητῶν
1164 1095 1554 1164 κακοποιῆσαι,
1575 1095 1669 1149 καὶ
1689 1096 1866 1166 κρινεῖ

281 1186 316 1254 ἡ
354 1185 663 1255 Συναγωγὴ
699 1185 806 1237 ἀνὰ
853 1185 1019 1255 μέσον
1067 1184 1166 1238 τοῦ
1205 1185 1568 1252 πατάξαντος,
1621 1185 1716 1238 καὶ
1758 1185 1864 1238 ἀνά

281 1276 446 1347 μέσον
474 1275 572 1329 τοῦ
603 1275 1028 1347 ἀγχιπεύοντος
1061 1276 1123 1328 τὸ
1161 1270 1302 1348 αἷμα
1354 1275 1496 1330 κατὰ
1519 1276 1588 1330 τὰ
1621 1277 1864 1347 κρίματα

277 1367 474 1433 ταῦτα,
502 1368 598 1421 καὶ
651 1368 913 1434 ὲξελεῑται
955 1370 988 1440 ἡ
1040 1369 1338 1438 Συναγωγὴ
1383 1369 1476 1421 τὸν
1526 1369 1862 1438 φονεύσαντα

281 1460 390 1515 ἀπὸ
415 1460 512 1514 τοῦ
549 1460 968 1531 ἀγχιστεύοντος
1017 1461 1081 1515 τὸ
1132 1457 1292 1532 αἷμα.
1335 1461 1444 1514 Καὶ
1477 1461 1863 1532 ἀποκαταστή-

284 1569 469 1606 σουσιν
501 1552 665 1606 αὐτὸν
695 1555 731 1624 ὴ
761 1554 1068 1625 Συναγωγὴ
1101 1555 1180 1619 εἰς
1213 1554 1311 1624 τὴν
1362 1554 1516 1608 πόλιν
1555 1552 1651 1607 τοῦ
1685 1570 1863 1623 φυγα-

1970 454 2102 508 dum
2125 464 2334 520 censet,
2361 470 2425 510 ac
2447 455 2732 510 moderata
2755 455 3048 509 clementia
3091 469 3308 524 pinnam
3342 464 3550 526 tempe-

1971 556 2075 611 rat,
2101 556 2176 611 et,
2201 547 2352 616 quod
2382 557 2586 616 praeter
2607 549 2952 602 voluntatem
2977 546 3280 602 admissum
3302 556 3408 612 est,
3437 564 3548 603 non

1969 639 2132 708 382
2155 639 2349 693 eodem
2373 640 2496 694 loco
2545 640 2732 704 habet,
2778 656 2890 709 quo
2927 641 3240 695 voluntaria
3289 641 3544 706 crimina,

1968 729 2135 800 idque
2155 732 2472 801 ιιιηυίεείωο
2498 734 2624 802 jure
2663 731 2814 786 facit.
2863 732 3040 788 Urbes
3078 743 3264 788 autem
3303 743 3414 789 tres
3453 735 3549 790 de-

1967 821 2119 874 cerni
2139 821 2322 890 juss'rt,
2348 836 2485 889 quas
2505 821 2690 884 etiam,
2733 821 2952 892 Refugii
2991 822 3060 887 ⁸³,
3089 823 3342 890 vocavit;
3368 839 3547 894 eoque

1967 912 2247 981 compellit
2275 927 2394 977 eos,
2435 913 2531 982 qui
2573 913 2645 967 ob
2685 912 2920 966 crimina
2946 928 3058 968 non
3104 915 3413 970 voluntarie
3442 916 3544 971 ad-

1966 1004 2132 1058 missa
2187 1005 2522 1059 exsularcnt.
2564 1004 2649 1058 Ac
2683 1005 2866 1059 denuo
2933 1015 3150 1074 tempus
3203 1007 3547 1064 remissionis

1965 1097 2278 1166 priescribit
2305 1098 2374 1152 iis
2427 1098 2616 1162 etiam,
2667 1097 2763 1167 qui
2808 1098 3124 1168 hujusmodi
3168 1098 3374 1154 infelici
3421 1101 3547 1156 vitae

1965 1188 2284 1242 conditione
2331 1196 2654 1244 uterentur:
2688 1188 2824 1242 illud
2847 1189 3132 1254 nimirum,
3165 1206 3277 1260 quo
3295 1207 3544 1248 summus

1964 1294 2029 1339 ac
2054 1281 2544 1349 praestantissimus
2572 1281 2834 1336 sacerdos
2868 1290 3200 1335 moreretur.
3229 1282 3319 1336 Sic
3361 1293 3544 1337 autem

1965 1372 2158 1427 scribit
2182 1374 2238 1426 in
2265 1373 2556 1428 Numeris:
2594 1393 2610 1424 ι
2635 1373 2692 1428 Si
2717 1375 3017 1444 derepente
3043 1391 3152 1429 non
3182 1383 3410 1444 propter
3434 1376 3542 1429 ini-

1964 1465 2200 1520 micitias
2237 1466 2518 1536 impulerit
2537 1481 2687 1530 eum,
2718 1478 2816 1520 aut
2837 1467 3135 1536 conjecerit
3158 1467 3214 1519 in
3235 1481 3361 1520 eum
3385 1481 3546 1521 omne

1962 1573 2081 1621 vas,
2110 1573 2220 1611 non
2245 1557 2578 1622 exinsidiis,
2605 1565 2701 1611 aut
2734 1557 2882 1611 omni
2931 1558 3138 1627 lapide,
3191 1559 3248 1612 in
3277 1573 3387 1626 quo
3424 1574 3544 1612 mo-

159 1648 176 1662 ‘
275 1646 584 1718 δευτηρίου,
624 1639 688 1699 οὗ
725 1647 1034 1716 κατέφυγε·
1073 1646 1165 1700 καὶ
1212 1647 1532 1716 κατοικήσει
1594 1648 1710 1700 ἐκεῖ
1757 1647 1862 1708 ἕως

1970 1649 2140 1703 rietur
2165 1649 2221 1702 in
2247 1648 2388 1718 ipso,
2416 1649 2690 1712 nesciens,
2742 1655 2798 1703 et
2849 1649 3114 1704 ceciderit
3155 1665 3321 1719 super
3341 1651 3542 1720 ipsum,

276 1737 340 1790 ἀν
394 1737 641 1809 ἀποθάνῃ
689 1741 718 1792 6
774 1739 953 1809 ἱερεὺς
995 1738 1190 1809 μέγας,
1224 1738 1283 1791 ὃν
1331 1738 1552 1809 ἔχρισαν
1587 1739 1748 1792 αὐτὸν
1779 1739 1858 1809 τῷ

1970 1749 2020 1795 et
2044 1747 2298 1793 mortuus
2321 1739 2512 1802 fuerit,
2530 1747 2586 1792 et
2611 1739 2726 1808 ipse
2745 1754 2857 1793 non
2886 1748 3008 1794 erat
3054 1740 3336 1806 inimicus,
3364 1753 3546 1810 neque

276 1829 442 1900 ἐλαίῳ
484 1830 565 1901 τῷ
608 1831 771 1901 ἁγίῳ.
799 1851 817 1884 ι
849 1827 984 1886 Εἶτα
1039 1832 1156 1902 μεθ’
1185 1832 1349 1903 ἕτερα
1373 1847 1387 1862 ο
1424 1849 1443 1883 ι
1473 1833 1583 1885 Καὶ
1633 1834 1768 1903 μετὰ
1794 1833 1858 1886 τὸ

1970 1847 2092 1887 eum
2118 1831 2400 1901 quaerebat
2429 1830 2712 1884 offendere
2743 1849 2756 1883 :
2779 1831 3052 1901 iudicabit
3093 1830 3376 1903 Synagoga
3399 1831 3544 1886 inter

274 1920 563 1976 ἀποθανεῖν
601 1923 696 1977 τὸν
729 1923 879 1994 ἱερέα
908 1924 996 1977 τὸν
1048 1923 1242 1995 μέγαν,
1275 1907 1675 1994 ἐπαναστρέψει
1707 1926 1737 1977 6
1767 1941 1858 1994 φο-

1970 1924 2384 1995 percutientem,
2426 1930 2483 1976 et
2504 1936 2632 1976 eum
2661 1921 2757 1991 qui
2802 1922 3088 1990 proximus
3132 1930 3218 1976 est
3269 1922 3543 1992 sanguini,

275 2011 470 2077 νεύσας
500 2015 582 2078 είς
609 2014 707 2087 τὴν
739 2018 844 2087 γῆν
866 2019 966 2087 τῆς
996 2015 1381 2086 κατασχέσως
1406 2015 1593 2070 αὐτοῦ.
1617 2035 1636 2068 ι

1970 2019 2113 2090 iuxta
2135 2017 2253 2070 haec
2272 2013 2480 2085 judicia
2501 2031 2513 2066 :
2536 2021 2592 2069 ct
2622 2022 2782 2068 eruet
2811 2013 3093 2085 Synagoga
3132 2029 3258 2070 eum
3281 2015 3374 2084 qui
3400 2015 3549 2070 occi-

276 2107 440 2173 derit,
465 2108 535 2162 ab
569 2124 637 2163 eo
675 2109 770 2179 qui
804 2107 1096 2178 proximus
1124 2117 1212 2163 est
1253 2108 1542 2179 sanguini;
1569 2117 1626 2164 et
1656 2112 1958 2168 constituet
1990 2125 2118 2166 eum
2157 2107 2438 2178 Synagoga
2476 2107 2534 2160 in
2574 2106 2769 2161 urbem
2812 2106 3030 2177 refugii,
3055 2121 3166 2176 quo
3198 2106 3461 2178 confugit,
3489 2112 3551 2162 et

277 2197 548 2252 habitabit
579 2197 676 2262 ibi,
699 2213 985 2268 quousque
1007 2198 1279 2252 moriatur
1311 2196 1571 2253 sacerdos
1593 2215 1844 2271 magnus,
1886 2217 2054 2272 quem
2094 2205 2374 2253 unxerunt
2415 2196 2539 2251 oleo
2587 2205 2778 2250 sancto
2819 2197 2885 2249 ⁸³.
2908 2215 2925 2247 ›
2962 2195 3173 2250 Deinde
3232 2207 3356 2266 post
3400 2198 3542 2253 alia:

285 2310 302 2343 ι
332 2285 398 2345 Et
423 2300 783 2361 posteaquam
837 2298 1095 2346 mortuus
1133 2289 1302 2346 fuerit
1325 2290 1586 2346 sacerdos
1602 2307 1856 2364 magnus,
1897 2300 2212 2351 revertetur
2238 2288 2517 2344 homicida
2569 2287 2626 2341 in
2653 2295 2855 2342 terram
2908 2287 3278 2356 possessionis
3303 2304 3417 2343 sua:
3441 2289 3539 2344 ³⁸.»

346 2382 556 2436 ΠΑΛΛ.
595 2382 764 2447 Λύσις
791 2379 885 2437 οὖν
918 2385 1028 2456 ἄρα
1047 2384 1147 2456 τῆς
1166 2384 1454 2454 ἀειφυγίας
1475 2385 1681 2451 αὐτοῖς,
1705 2388 1733 2440 6
1760 2387 1856 2440 τοῦ

280 2474 666 2547 πφλεχθέπος
686 2477 818 2546 ἡμῖν
847 2477 1051 2548 ἀρτίως
1077 2475 1266 2547 ἱερέως
1293 2475 1543 2543 Θάνατος.

347 2566 513 2621 ΚΥΡ.
552 2567 748 2638 Σχῆμα
795 2568 954 2621 τοῦτο
977 2571 1088 2633 τοῖς
1117 2567 1330 2634 τύποις.
1379 2570 1649 2625 Ὠδίνουσι
1686 2571 1745 2625 δὲ
1798 2571 1859 2624 τὸ

280 2657 374 2712 τοῦ
404 2656 643 2730 Χριστοῦ
672 2659 969 2730 μυστήριον
1000 2660 1056 2713 αί
1088 2659 1259 2714 σκιαί.

348 2749 560 2804 ΠΑΛΛ.
599 2751 736 2804 Τίνα
761 2749 987 2821 τρόπον;

348 2839 514 2895 ΚΥΡ.
556 2840 672 2894 Οὐκ
695 2839 976 2906 ἀπίθανον,
1017 2832 1062 2894 ὧ
1107 2839 1398 2910 Παλλάδιε,
1448 2842 1510 2896 τό
1553 2859 1617 2912 γε
1654 2843 1862 2897 οἴεσθαι

280 2933 437 3004 τυχδν
460 2933 588 2996 τοὺς
613 2935 734 2996 ταῖς
755 2933 1052 3005 ἁμαρτίαις
1071 2934 1632 3006 ὲγκατειλημμένους,
1671 2953 1861 3006 φονευ-

279 3026 375 3090 τὰς
399 3024 591 3097 ὥσπερ
618 3025 771 3089 τινὰς
797 3027 899 3096 τῆς
928 3027 1064 3090 ίδίας
1097 3027 1364 3099 ὑπάρχειν
1385 3027 1584 3099 ψυχῆς,
1610 3029 1703 3082 καί⁸
1730 3046 1861 3082 κατ-

283 3118 562 3189 ολισθῆσαι
610 3121 690 3183 είς
746 3119 905 3173 τοῦτο
947 3119 1322 3192 ταλαιπωρίας
1367 3122 1467 3174 οὐκ
1509 3122 1858 3190 ἐθελουσίως,

282 3209 742 3280 ὲκὸεὸιασμένους
761 3209 818 3263 δὲ
845 3210 1034 3280 ὥσπερ
1083 3213 1164 3274 είς
1205 3212 1539 3282 παράϐασιν,
1568 3216 1661 3268 καὶ
1694 3217 1774 3279 εἰς
1803 3217 1863 3269 τὸ

284 3301 653 3374 προσκροῦσαι
685 3301 825 3374 Θεῷ,
849 3303 939 3357 διὰ
962 3305 1023 3357 τὸ
1053 3304 1331 3373 ἐγκεῖσθαι
1359 3306 1458 3377 τὴν
1483 3306 1718 3360 διάνοιαν
1764 3307 1860 3360 τοῦ

281 3394 568 3465 ἀνθρώπου
598 3396 690 3449 ἐπὶ
711 3395 779 3448 τὰ
819 3395 1032 3468 πονηρά
1061 3397 1126 3450 ὲκ
1147 3396 1416 3468 νεότητος,
1441 3397 1534 3452 καὶ
1563 3398 1652 3452 διὰ
1681 3399 1774 3453 τὸν
1805 3401 1862 3454 ὲν

283 3486 389 3547 τοῖς
438 3485 626 3554 μέλεσι
663 3486 761 3556 τῆς
815 3487 1018 3558 σαρκὸς
1070 3488 1169 3559 τῆς
1200 3487 1493 3542 ἀτιθὰσσου
1529 3489 1859 3561 φιληδονίας,

281 3579 689 3647 τυραννήσαντα
717 3578 899 3649 νόμον.
931 3580 1080 3652 Φυγῇ
1111 3581 1398 3654 τοιγαροῦν
1421 3585 1488 3654 τῇ
1519 3583 1626 3637 ἀπὸ
1654 3584 1860 3655 κόσμου

283 3671 372 3723 καὶ
398 3669 651 3742 σώματος
678 3673 712 3743 ἡ
736 3672 895 3726 ἀθλία
914 3671 1058 3745 ψυχὴ
1090 3673 1184 3727 τοῦ
1211 3673 1498 3747 ἀνθρώπου
1541 3674 1858 3747 ζημιοῦται,

282 3763 373 3816 καὶ
405 3762 596 3836 ὥσπερ
620 3765 698 3828 είς
734 3765 886 3818 πόλιν
944 3767 1067 3819 τινὰ
1122 3766 1557 3839 φυγαδευτηρίου
1606 3769 1720 3832 τοῖς
1767 3768 1861 3822 τοῦ

283 3855 509 3910 θανάτου
535 3859 727 3928 μυχοῖς
749 3857 1066 3929 ὲνιζήσασα,
1093 3862 1338 3932 μακροὺς
1364 3861 1591 3915 διετέλει
1611 3863 1859 3935 χρόνους,

282 3947 466 4019 ἀνείθη
506 3947 566 4001 δὲ
625 3947 780 4019 μόλις
821 3949 1186 4013 ἀποθανόντος
1221 3950 1461 4022 Χριστοῦ
1500 3951 1594 4004 τοῦ
1620 3951 1861 4022 μεγάλου

285 4039 491 4109 ἱερέως,
521 4039 581 4102 ὃς
607 4040 700 4092 τὸν
725 4039 866 4111 ὑπὲρ
890 4040 1111 4094 πάντων
1139 4041 1368 4096 θάνατον
1413 4042 1670 4108 ἀνατλὰς,
1691 4060 1862 4098 κατα-

291 4131 589 4202 πεφοίτηκε
629 4132 730 4202 μὲν
756 4135 834 4197 είς
872 4132 1021 4204 ᾅδου,
1055 4133 1229 4198 πύλας
1253 4135 1309 4188 δὲ
1338 4134 1517 4206 ἧνοιξε
1545 4137 1658 4199 τοῖς
1687 4136 1860 4201 κάτω,

282 4225 372 4277 καὶ
396 4224 613 4293 δεσμῶν
641 4225 812 4295 ἠφίει,
849 4244 868 4277 ι
887 4225 1062 4295 λέγων
1082 4228 1194 4290 τοῖς
1215 4227 1272 4279 ἐν
1294 4225 1530 4297 δεσμοῖς,
1561 4225 1859 4294 Ἐξέλθετε,

281 4315 510 4380 καὶτοῖς
542 4317 600 4370 ὲν
623 4315 701 4387 τῷ
734 4317 937 4383 σκότει,
982 4316 1504 4372 Ἀνακαλύπτεσθε.›

348 4409 560 4462 ΠΑΛΛ.
613 4407 700 4472 Ὠς
734 4408 911 4478 σαφὴς
933 4410 962 4462 6
986 4406 1162 4478 λόγος.

345 4499 517 4553 ΚΥΡ.
560 4499 636 4552 υὺ
670 4499 793 4552 καθ’
832 4499 927 4552 ἕνα
951 4499 1008 4551 δὲ
1054 4499 1255 4570 τρόπον
1289 4499 1596 4570 εὐδοκιμεῖν
1635 4499 1864 4554 ἀναπεί-

281 4588 387 4642 θων
431 4591 562 4653 τοὺς
620 4591 1011 4662 ἀρχαιοτέρους
1053 4591 1082 4643 6
1130 4590 1314 4660 νόμος,
1349 4590 1464 4643 ἀλλ’
1493 4586 1551 4645 εὖ
1593 4590 1864 4644 συντεθεῖ-

283 4678 406 4732 σθαι
433 4678 522 4732 διὰ
552 4677 794 4743 πάντων,
842 4679 937 4732 καὶ
953 4679 1029 4742 ὡς
1061 4678 1260 4749 ἄριστα
1293 4678 1463 4749 ἔχειν,
1495 4679 1582 4732 ἴνα
1679 4681 1866 4751 ἄρτιος

278 4771 307 4822 6
335 4769 429 4824 τοῦ
455 4769 594 4824 θεοῦ
635 4769 732 4824 ἀνθ
742 4788 940 4841 ρωπος,
967 4770 1104 4841 πρὸς
1135 4772 1244 4824 πᾶν
1269 4769 1428 4841 ἔργον
1477 4769 1681 4839 ἀγαθὸν
1704 4771 1867 4844 ὲξηρ-

277 4863 536 4934 τημένος,
573 4863 670 4917 καὶ
708 4863 957 4928 συνόδους
977 4862 1223 4934 γαμικὰς
1265 4861 1699 4934 καταρρυθμίζει
1726 4862 1863 4934 πρὸς

277 4956 338 5008 τὸ
387 4957 608 5027 σεμνὸν,
654 4958 751 5011 καὶ
795 4957 873 5020 ὡς
909 4957 976 5010 ἂν
1019 4957 1337 5027 ἀμωμήτως
1366 4956 1658 5026 πράττοιτο
1704 4955 1863 5009 ταυτὶ

277 5049 430 5120 παρά
475 5065 536 5101 τε
579 5047 700 5118 Θεῷ
757 5049 852 5102 καὶ
894 5046 1226 5119 ἀνθρώποις,
1257 5047 1580 5118 καθίστησιν
1611 5047 1858 5119 ἐναργές.

280 5141 544 5211 Πορνείαν
589 5141 692 5212 μὲν
741 5135 837 5194 οὖν
882 5141 976 5194 καὶ
1025 5137 1368 5212 ἀκαθαρσίαν
1397 5136 1633 5210 ἐξορίζει
1666 5155 1864 5193 παντε-

279 5229 409 5291 λῶς.
464 5231 858 5303 ἀρρενομιξίαν
904 5230 962 5284 δὲ
1020 5231 1116 5286 καὶ
1159 5232 1426 5302 μοιχειαν,
1455 5231 1532 5295 ὡς
1589 5230 1863 5285 ἀπωτάτω

283 5323 536 5389 ποιεῖται,
579 5321 754 5391 λέγων
793 5323 854 5376 ὲν
904 5323 984 5394 τῷ
1029 5322 1332 5394 Λευιτικᾷν
1396 5341 1415 5376 ι
1443 5323 1554 5378 Καὶ
1599 5323 1736 5397 πρὸς
1760 5324 1862 5396 τὴν

282 5414 518 5478 γυναῖκα
540 5413 634 5468 τοῦ
684 5414 912 5486 πλησίον
947 5431 1040 5468 σου
1080 5414 1141 5467 οὺ
1170 5413 1362 5479 δώσεις
1385 5416 1574 5487 κοίτην
1610 5416 1862 5487 σπέρμα-

281 5500 372 5567 τός
398 5521 518 5573 σου,
548 5505 910 5577 ὲκμιανθῆναι
948 5505 1084 5575 πρὸς
1129 5505 1320 5578 αὐτὴν,
1375 5507 1471 5562 καὶ
1523 5508 1662 5578 μετὰ
1699 5508 1864 5580 ἀρσε-

363 5666 409 5698 ⁸¹
429 5691 590 5746 Deut.
616 5707 691 5759 IV,
718 5691 804 5746 ιι.
860 5690 906 5723 υ
927 5690 1087 5747 Num.
1113 5706 1271 5752 xxxv,
1295 5687 1485 5742 ara-25.
1546 5686 1592 5718 δι
1619 5684 1752 5740 ibid.
1787 5686 1877 5740 εδ.

2028 2386 2228 2444 PALL.
2254 2383 2407 2439 Finis
2430 2382 2600 2454 igitur
2623 2381 2804 2436 exsilii
2829 2381 2940 2436 illis
2971 2380 3082 2434 erit
3107 2395 3260 2436 mors
3283 2383 3546 2440 sacerdo-

1906 2494 1907 2497 ‘
1960 2481 2054 2545 tis,
2079 2493 2246 2549 quem
2290 2475 2456 2530 modo
2481 2474 2744 2530 diximus.

2027 2571 2521 2641 CYR.Figurarum
2551 2568 2775 2638 quidem
2796 2569 3038 2624 exterior
3063 2568 3286 2624 habitus
3301 2568 3545 2638 ejusmo—

1954 2665 2009 2719 di
2036 2661 2255 2719 est.Sed
2278 2660 2723 2729 complectuntur
2740 2659 2949 2714 umbrae
2971 2659 3178 2715 Christi
3194 2658 3542 2730 mysterium.

2029 2754 2228 2810 PALL.
2256 2753 2377 2820 Quo
2403 2752 2628 2807 tandem
2663 2752 2863 2806 modo?

2024 2848 2182 2905 CYR.
2208 2849 2326 2902 Non
2351 2855 2437 2902 est
2459 2846 2848 2916 improbabile,
2906 2845 3135 2910 Palladi,
3177 2853 3374 2915 putare
3420 2842 3540 2899 for-

1961 2940 2124 2996 tassis
2169 2955 2286 3003 eos,
2318 2939 2414 3009 qui
2462 2939 2707 3010 peccatis
2748 2938 3017 3009 implicati
3064 2945 3213 3002 sunt,
3259 2953 3371 2992 sua:
3415 2936 3544 2990 ani-

1963 3047 2065 3087 mae
2102 3032 2252 3086 velut
2273 3030 2582 3085 homicidas
2605 3045 2747 3095 esse,
2774 3039 2939 3100 atque
2983 3030 3053 3085 ad
3098 3046 3218 3086 eam
3266 3030 3545 3086 miseriam

1963 3142 2076 3199 non
2106 3133 2303 3194 sponte
2345 3123 2622 3193 delapsos,
2649 3123 2745 3178 sed
2791 3123 2861 3178 ad
2908 3125 3086 3194 legem
3131 3123 3443 3178 violandam
3490 3130 3548 3178 et

1963 3218 2138 3271 Deum
2163 3215 2558 3270 offendendum
2610 3224 2835 3269 coactos
2861 3231 2987 3270 esse
3039 3215 3447 3284 quodammodo
3491 3224 3548 3270 et

1965 3307 2250 3376 impulsos,
2275 3321 2343 3360 eo
2366 3305 2515 3374 quod
2537 3321 2714 3374 prona
2737 3305 2809 3359 sit
2833 3321 2991 3360 mens
3036 3306 3280 3360 hominis
3314 3307 3380 3360 ad
3405 3307 3546 3362 mala

1963 3411 2030 3450 ex
2048 3396 2338 3465 juventute
2355 3393 2426 3458 ⁸⁸,
2461 3402 2517 3448 et
2563 3392 2846 3447 indomita:
2886 3394 3348 3463 concupiscentiae
3374 3395 3461 3449 lex
3487 3395 3545 3448 in

1963 3487 2228 3544 membris
2249 3487 2433 3541 carnis
2453 3485 2791 3539 dominetur.
2819 3485 2992 3556 Igitur
3017 3486 3209 3556 procul
3249 3501 3278 3539 a
3335 3486 3544 3540 mundo

1963 3585 2019 3636 et
2039 3594 2069 3633 a
2093 3591 2324 3648 corpore
2349 3575 2590 3631 hominis
2612 3576 2797 3631 anima
2816 3576 3013 3631 infelix
3045 3577 3242 3631 exsilio
3266 3576 3544 3633 multaba-

1964 3682 2076 3736 tur,
2103 3679 2271 3741 atque
2293 3670 2353 3725 in
2373 3669 2579 3725 abditis
2600 3670 2800 3725 mortis
2848 3685 2913 3725 ac
2956 3670 3336 3740 penetralibus
3384 3670 3545 3737 locis,

1964 3769 2229 3831 tanquam
2268 3762 2325 3815 in
2354 3760 2495 3815 urbe
2540 3760 2777 3831 quadam
2828 3761 3025 3832 refugii
3070 3761 3338 3827 residens,
3381 3762 3548 3833 longo

1964 3865 2208 3924 tempore
2231 3854 2654 3924 perseverabat;
2687 3864 2909 3910 mortuo
2934 3861 3121 3909 autem
3148 3853 3379 3910 Christo
3425 3869 3546 3910 ma-

1964 3961 2071 4016 gno
2093 3945 2400 4010 sacerdote,
2439 3945 2533 3999 vix
2580 3946 2802 4000 tandem
2851 3945 3076 3999 dimissa
3113 3953 3216 3999 est.
3265 3945 3390 4011 Qui,
3419 3960 3547 4000 cum

1963 4051 2066 4106 pro
2131 4035 2389 4090 omnibus
2467 4035 2791 4103 pertulisset
2849 4042 3129 4097 mortem,
3190 4032 3258 4087 ad
3329 4033 3548 4108 inferna

1963 4125 2269 4189 descendit,
2294 4132 2458 4194 atque
2490 4132 2678 4194 portas
2729 4123 2921 4178 inferis
2966 4123 3204 4193 aperuit,
3243 4139 3548 4196 eorumque

1963 4218 2183 4273 vincula
2223 4215 2512 4282 relaxavit,
2563 4215 2798 4270 «dicens
2845 4215 2950 4281 eis,
3005 4215 3102 4286 qui
3151 4216 3545 4272 vinctierant:

1969 4311 2158 4376 Exite;
2183 4319 2239 4364 et
2277 4309 2347 4364 iis
2371 4307 2465 4378 qui
2494 4308 2550 4362 in
2572 4307 2819 4362 tenebris
2846 4325 2858 4360 :
2885 4307 3228 4363 Revelamini
3252 4311 3320 4365 “.
3343 4329 3363 4362 ι

2038 4399 2236 4456 PALL.
2266 4399 2474 4469 Aperta
2497 4413 2628 4452 sane
2649 4395 2943 4467 expositio.

2035 4493 2194 4550 CYR.
2224 4491 2519 4555 Cancrum,
2546 4490 2680 4560 quia
2703 4487 2868 4559 283
2893 4488 2983 4542 lex
3006 4501 3120 4542 non
3147 4503 3262 4544 uno
3282 4487 3549 4544 duntaxat

1973 4602 2179 4660 genere
2205 4583 2429 4639 virtutis
2455 4583 2713 4651 antiquos
2737 4581 2861 4634 illos
2884 4579 3259 4635 commendari
3307 4580 3546 4647 volebat,

1965 4679 2063 4735 sed
2089 4677 2153 4733 ad
2179 4676 2365 4732 omnia
2391 4674 2730 4743 compositos
2753 4688 2897 4738 esse,
2937 4680 2995 4728 et
3047 4671 3254 4742 optime
3301 4678 3545 4742 paratos,

1966 4777 2030 4825 ut
2060 4769 2337 4840 perfectus
2357 4773 2506 4821 esset
2529 4765 2696 4820 homo
2717 4765 2842 4831 Dei,
2868 4765 2936 4819 ad
2960 4780 3125 4820 omne
3168 4779 3307 4835 opus
3340 4765 3548 4821 bonum

1969 4869 2196 4934 paratus
2220 4861 2288 4925 ⁸⁷,
2314 4859 2440 4913 ideo
2466 4857 2784 4928 nuptiarum
2828 4857 3275 4928 conjunctionem
3313 4858 3381 4913 ad
3424 4875 3550 4915 mo-

1970 4969 2094 5008 rum
2151 4952 2497 5007 honestatem
2539 4948 2848 5018 componit:
2896 4957 2954 5004 et
3000 4965 3110 5019 qua
3159 4951 3376 5006 ratione
3434 4951 3550 5008 haec

1971 5047 2091 5102 ﬁeri
2115 5047 2189 5102 ita
2210 5045 2446 5116 possint,
2470 5050 2531 5098 ut
2551 5042 2987 5112 reprehensione
3017 5051 3137 5098 tum
3159 5045 3306 5114 apud
3351 5043 3548 5111 Deum,

1968 5147 2086 5194 tum
2133 5153 2266 5194 vero
2311 5135 2457 5208 apud
2496 5135 2748 5189 homines
2793 5142 3040 5200 careant,
3097 5138 3340 5207 exponit.
3380 5137 3550 5208 Igitur

1967 5231 2393 5287 fornicationem
2415 5226 2898 5283 etimmunditiam
2921 5243 3152 5298 prorsus
3184 5231 3395 5301 rejicit;
3430 5244 3549 5284 ma-

1969 5324 2247 5379 sculorum
2274 5336 2406 5376 vero
2431 5321 2788 5376 concubitum
2813 5327 2869 5376 et
2888 5319 3228 5376 adulterium
3252 5335 3415 5391 quam
3432 5321 3549 5374 lon-

1969 5416 2190 5487 gissime
2214 5413 2455 5483 repellit,
2478 5413 2668 5469 dicens
2694 5411 2752 5464 in
2775 5409 3054 5465 Levitico:
3091 5430 3110 5462 ‹
3128 5413 3198 5467 Ει
3220 5411 3288 5464 ad
3322 5423 3550 5465 uxorem

1970 5505 2204 5578 proximi
2234 5505 2313 5559 tui
2343 5519 2454 5560 non
2476 5504 2634 5560 dabis
2659 5503 2981 5558 cucubitum
3003 5501 3227 5558 seminis
3248 5498 3352 5565 tui,
3377 5507 3440 5555 ut
3462 5500 3551 5557 in-

1956 5685 2220 5741 ”Gcnes.
2245 5701 2358 5751 vm,
2399 5685 2487 5740 21.
2568 5683 2739 5739 "lsa.
2772 5700 2916 5754 xm,
2943 5685 2997 5744 9.
3076 5686 3121 5720 ⁵⁷
3148 5685 3193 5743 ll
3215 5685 3359 5744 Tim.
3379 5701 3440 5756 ιι,
3460 5687 3553 5744 ﬁt.
