3996 6212
316 316 428 374 535

992 305 1082 363 DE
1117 303 1557 360 ADORATIONE
1595 300 1663 358 ΙΝ
1699 298 1967 356 SPIRITU
2008 299 2098 353 ET
2136 297 2501 354 VERlTATE.
2544 300 2671 356 LIB.
2713 301 2845 357 VIII.

3459 305 3566 364 586
3618 353 3620 355 ,

318 444 504 483 σουσιν
530 425 693 480 αὐτὸν
723 420 918 477 ἑκατὸν
951 420 1188 486 σίκλους,
1220 419 1316 472 καὶ
1342 417 1573 470 δώσουσι
1612 415 1690 486 τῷ
1729 414 1896 484 πατρὶ

2000 412 2463 482 quemadmodum
2487 412 2630 468 haud
2646 414 2866 484 impune
2893 413 3095 469 dimitti
3129 431 3159 470 a
3200 417 3438 473 concilio
3450 423 3573 492 jus-

317 521 415 590 τῆς
445 517 708 581 νεάνιδος,
742 515 824 567 ὅτι
856 512 1147 583 ἐξήνεγκεν
1176 510 1349 580 ὄνομα
1377 508 1609 579 πονηρὸν
1638 507 1730 560 ἐπὶ
1758 523 1896 576 παρ-

317 613 470 665 θένον
504 607 851 680 Ίσραηλῖτιν,
889 605 982 656 καὶ
1024 601 1190 656 αὑτοῦ
1232 601 1386 654 ἐσται
1423 601 1582 671 γυνή.
1628 599 1703 652 Οὐ
1748 597 1900 669 δυνή-

317 719 470 755 σεται
501 698 878 765 ἐξαποστεῖλαι
902 693 1072 767 αὐτὴν
1087 694 1176 748 τὸν
1189 694 1402 748 ἅπαντα
1421 691 1629 762 χρόνον.
1662 711 1679 742 ι
1707 689 1900 760 Συνίης

317 788 411 845 οὖν
441 793 588 852 ὅπως
614 791 714 843 ούκ
752 785 984 859 ἀζήμιον
1012 783 1290 846 παντελῶς
1329 781 1762 837 ἀπαλλάττεσθαι
1789 781 1900 834 δεῖν

316 882 407 936 τοῦ
434 882 730 952 συνεδρίου,
765 877 1102 950 προστέταχε
1137 875 1228 929 τὸν
1254 875 1455 937 ἀδίκως
1479 873 1902 945 ὁλιγωρήσαντα

318 971 415 1040 τῆς
457 969 610 1022 οὔπω
643 966 1118 1036 κατεγνωσμένης.
1148 964 1361 1035 Χρῆναι
1407 963 1516 1034 γὰρ
1554 959 1708 1033 οἶμαι
1752 979 1902 1032 περι-

315 1061 475 1114 έπειν
501 1056 560 1114 εὖ
587 1059 732 1130 μάλα
762 1058 822 1110 τὸ
848 1055 1052 1124 ἀγαθὸν
1078 1053 1174 1124 (1),
1205 1053 1298 1106 καὶ
1323 1053 1397 1124 μὴ
1420 1053 1694 1124 ἀψικόρως
1725 1053 1900 1106 ἵεσθαι

315 1151 454 1220 πρὸς
488 1150 546 1202 τὸ
589 1147 778 1201 δοκοῦν
831 1145 891 1199 τὸ
927 1144 1124 1215 σεμνὸν
1160 1142 1237 1206 ὡς
1280 1143 1515 1212 ἀσεμνον
1549 1143 1902 1210 συκοφαντεῖν

312 1243 656 1314 ⁴ᾑρημένους·
691 1238 986 1308 πειρᾶσθαι
1037 1235 1109 1290 δὲ’
1145 1234 1344 1306 μᾶλλον
1388 1233 1572 1297 αἰδοῦς
1601 1232 1804 1298 ἀξιοῦν,
1841 1232 1902 1286 τὸ

313 1335 482 1385 παντὶ
516 1329 872 1402 προσκεῖσθαι
924 1327 1093 1397 καλῷ,
1125 1327 1221 1380 καὶ
1253 1328 1366 1389 τοῖς
1414 1325 1658 1396 ἀρίστοις
1705 1325 1786 1388 είς
1818 1324 1903 1377 eb-

314 1425 528 1495 φημίαν
579 1420 986 1476 συνδιαιτᾶσθαι
1034 1419 1227 1489 φιλεῖν.
1295 1418 1354 1470 '0
1394 1417 1504 1488 γάρ
1550 1434 1627 1469 τοι
1677 1415 1778 1481 τὰς
1814 1417 1903 1471 διά

313 1519 484 1588 μέσου
515 1515 622 1567 τῶν
674 1511 1018 1583 πραγμάτων
1045 1509 1276 1580 ἀκηδίας
1307 1508 1382 1579 (2)
1423 1509 1484 1561 οὐ
1521 1508 1898 1580 προσιέμενος,

311 1608 406 1660 τὸν
441 1606 526 1674 ἐφ’
556 1601 636 1666 οἷς
682 1604 747 1658 ἂν
783 1605 994 1674 γένοιτο
1028 1601 1209 1664 καλῶς
1258 1601 1618 1672 ἀποπεραίνει
1677 1599 1898 1654 σκοπόν.

315 1702 442 1753 ’Ότι
493 1700 550 1752 δὲ
599 1694 740 1753 εἶναι
788 1696 1056 1766 προσήκει
1111 1693 1385 1757 τοιούτους
1434 1694 1580 1764 ἡμᾶς
1638 1693 1900 1764 ὑπεδήλου

315 1789 484 1842 πάλιν
556 1790 584 1840 6
657 1787 822 1857 νόμος
889 1783 1190 1854 ὑποφωνῶν
1223 1799 1237 1814 ο
1283 1801 1300 1834 ι
1352 1783 1480 1836 Ἐἀν
1533 1782 1898 1856 οίκοδομήσῃς

2000 1771 2138 1828 lario
2204 1783 2299 1830 tuo
2343 1793 2356 1829 :

311 1883 496 1934 οἰκίαν
546 1879 760 1949 καινὴν,
798 1879 1043 1947 ποιήσεις
1093 1876 1362 1945 στεφάνην
1395 1873 1472 1945 τῷ
1517 1872 1726 1945 δὼματί
1781 1892 1896 1930 σου.

311 1973 426 2027 Καὶ
462 1971 523 2025 οὐ
557 1972 803 2042 ποιήσεις
851 1969 1010 2039 φόνον
1058 1968 1116 2020 ἐν
1169 1969 1236 2038 τῇ
1273 1965 1420 2039 οίκίᾳ
1462 1982 1576 2031 σου,
1626 1963 1722 2019 ἐὰν
1756 1966 1898 2038 πέσῃ

317 2067 350 2118 6
409 2063 590 2117 πεσὼν
643 2061 731 2114 ἐπ’
774 2060 961 2114 αὐτοῦ.
1015 2077 1036 2112 ι
1075 2059 1283 2130 Ὠσπερ
1313 2057 1422 2127 γάρ
1475 2057 1623 2112 ἐστιν
1659 2055 1901 2128 ἀκαλλὴς

311 2157 461 2212 οἰκία
527 2156 733 2217 ταινίας
777 2155 981 2224 ἐρήμη,
1037 2150 1130 2204 καὶ
1190 2147 1298 2202 τῶν
1367 2147 1766 2218 ὑστεροδομίων
1801 2146 1900 2199 οὐκ

311 2247 768 2318 ἐπενηνεγμένων
822 2245 960 2316 αὐτῇ
991 2285 1006 2310 ,
1046 2242 1137 2295 τὸν
1191 2239 1374 2305 αὑτὸν,
1440 2234 1616 2309 οἶμαι,
1659 2237 1896 2309 τρόπον,

311 2340 578 2393 ἀπίθανον
606 2336 802 2408 κομιδῆ
834 2336 942 2388 πᾶν
969 2335 1128 2406 ἔργον
1160 2335 1292 2403 ἡμῖν
1323 2330 1549 2399 ἀγαθὸν,
1579 2331 1626 2382 εί
1656 2330 1732 2402 μὴ
1761 2327 1901 2400 πρὸς

314 2435 489 2505 πέρας
522 2433 706 2500 ἄγοιτο
733 2431 793 2484 τὸ
823 2429 1031 2500 πρέπον
1056 2425 1226 2497 αὐτῷ’
1263 2426 1359 2478 καὶ
1389 2423 1450 2476 ού
1488 2423 1648 2494 μέχρι
1670 2419 1898 2488 τούτων,

309 2523 430 2578 ἀλλ’
463 2525 651 2594 ἕψεται
671 2524 784 2585 τοῖς
821 2518 1122 2595 ῥᾳθυμοῦσι
1147 2518 1242 2570 καὶ
1269 2515 1534 2579 κίνδυνος.
1567 2513 1737 2567 Τοῦτο
1767 2511 1896 2585 γὰρ,

320 2615 500 2688 οἶμαι,
534 2617 651 2668 ἐστι
685 2615 744 2667 τὸ
763 2612 1098 2667 κατολισθεῖν
1132 2612 1195 2663 ὲκ
1217 2608 1317 2678 τῆς
1348 2607 1526 2670 οἰκίας
1561 2606 1702 2660 τινά.
1723 2624 1741 2657 ι
1766 2604 1901 2658 Οὐαὶ

313 2709 480 2778 γὰρ.»
504 2708 720 2776 φησ“ιν,‹
754 2706 801 2757 οἱ
833 2701 1108 2764 ποιοῦντες
1126 2700 1187 2754 τὸ
1209 2699 1370 2772 ἔργον
1392 2697 1600 2766 Κυρίου
1625 2695 1893 2767 ἀμελῶς.»

312 2801 415 2853 Διὰ
445 2799 655 2870 μυρίων
679 2793 771 2852 οὖν
802 2797 940 2849 ὅσων
974 2794 1002 2847 6
1035 2796 1196 2866 νόμος
1226 2795 1372 2863 ἡμᾶς
1403 2791 1727 2863 ἁποκομίζει
1764 2789 1900 2860 πρὸς

311 2892 374 2945 τὸ
405 2891 702 2962 συμςέρον.
740 2888 844 2942 Καὶ
877 2887 1082 2960 τροφὴν
1114 2887 1213 2957 μὲν
1251 2885 1402 2939 ούπω
1433 2883 1769 2957 παρατίθησι
1801 2882 1900 2954 τήν

311 2973 767 3055 ἀνδροπρεπῆ’τε
795 2980 889 3032 καὶ
929 2979 1321 3050 στερεωτέραν,
1352 2977 1584 3045 γάλακτι
1613 2975 1670 3028 δὲ
1706 2974 1897 3046 ὥσπερ

310 3074 545 3147 νηπίους
578 3073 735 3134 ὄντας
783 3069 1125 3139 παιδοκομεῖ,
1166 3069 1292 3132 τοὺς
1343 3067 1737 3139 ἀρχαιοτέρους
1785 3065 1899 3118 δια-

1998 502 2156 567 serit,
2185 504 2437 574 quisquis
2460 505 2660 574 injuria
2703 505 2946 560 nondum
2977 507 3394 564 condemnatam
3436 527 3572 566 con-

2001 593 2354 664 tempsisset?
2385 594 2483 648 Est
2505 597 2653 650 enim
2680 597 2950 665 probitas,
2977 615 3096 654 mea
3125 604 3418 669 sententia,
3444 603 3575 661 dili-

1999 685 2319 754 gentissime
2373 687 2790 756 amplectenda,
2816 705 2995 760 neque
3027 691 3138 746 cito
3187 695 3440 752 satietate
3487 712 3578 753 ca-

2000 782 2125 845 ptos
2147 776 2199 831 id
2226 778 2383 847 sequi
2427 787 2665 847 oportet,
2691 781 2839 849 quod
2880 781 3095 837 libitum
3129 783 3318 853 fuerit,
3367 805 3432 843 ac
3460 807 3573 845 rem

2001 867 2314 932 honestam,
2367 875 2628 939 tanquam
2681 871 3027 929 inhonestam
3063 873 3428 948 calumniari;
3481 865 3614 938 sed]

2001 959 2189 1028 potius
2212 959 2558 1024 enitendum,
2602 969 2664 1014 ut
2694 962 2950 1018 omnibus
2971 967 3249 1034 przeclaris
3292 971 3458 1026 rebus
3478 974 3574 1027 ad-

2004 1050 2239 1116 haerere,
2288 1061 2347 1106 et
2386 1068 2510 1106 cum
2562 1053 2630 1108 iis
2674 1069 2795 1124 qua:
2822 1056 2888 1109 ad
2912 1056 3129 1113 laudem
3176 1064 3580 1121 conciliandam

2003 1149 2132 1196 sunt
2153 1142 2628 1210 prtestantissima,
2668 1147 3123 1203 consuetudinem
3177 1151 3402 1221 habere,
3452 1159 3578 1226 plu-

2002 1231 2126 1285 rimi
2149 1231 2456 1299 faciamus;
2494 1249 2622 1289 nam
2671 1235 2765 1306 qui
2809 1237 3053 1306 taedium,
3102 1242 3250 1310 quod
3296 1245 3351 1298 in
3395 1248 3579 1302 medio

2002 1323 2280 1378 actionum
2304 1340 2470 1380 cursu
2509 1341 2628 1382 sese
2653 1327 2953 1398 interponit
2978 1331 3203 1387 minime
3226 1334 3485 1403 admittit,
3509 1340 3578 1407 is,

2003 1431 2363 1486 quascunque
2398 1433 2489 1471 res
2535 1419 2774 1488 agendas
2798 1425 3125 1492 susceperit,
3164 1428 3394 1497 optime,
3430 1432 3578 1500 quod

2003 1507 2110 1561 sibi
2128 1509 2436 1577 proposuit,
2464 1509 2729 1564 absolvet.
2760 1511 2892 1566 Esse
2925 1521 3111 1569 autem
3130 1533 3232 1572 nos
3257 1519 3394 1574 tales
3418 1537 3582 1592 opor-

2004 1605 2160 1662 tere,
2222 1599 2310 1652 lex
2359 1599 2552 1654 eadem
2609 1617 2802 1656 rursus
2837 1602 3103 1659 indicavit
3151 1607 3425 1664 clamans:
3479 1611 3578 1667 «Si

2001 1685 2358 1744 mdificaveris
2401 1689 2624 1746 domum
2681 1707 2913 1760 novam,
2966 1695 3135 1752 facies
3190 1714 3447 1756 coronam
3486 1719 3580 1758 so»

2419 1785 2475 1832 et
2518 1794 2627 1833 non
2677 1780 2847 1836 facies
2895 1784 3100 1840 aedem
3146 1786 3202 1841 in
3244 1787 3408 1843 domo
3463 1797 3576 1857 tua,

2005 1862 2050 1916 si
2106 1864 2380 1935 quispiam
2449 1868 2698 1925 cadendo
2763 1873 3030 1929 ceciderit
3093 1875 3163 1932 ab
3229 1892 3297 1934 eo
3347 1881 3410 1937 ".
3445 1901 3462 1933 ι
3510 1883 3582 1940 Ut

2004 1956 2152 2010 enim
2219 1959 2418 2015 domus
2486 1976 2693 2018 corona
2757 1977 2990 2032 carens,
3055 1976 3112 2023 et
3166 1969 3399 2043 fastigiis
3469 1990 3580 2029 non

2005 2049 2316 2119 impositis,
2363 2049 2625 2111 deformis
2690 2065 2816 2125 est;
2873 2060 2954 2115 sic
3007 2060 3195 2118 itidem
3263 2065 3426 2137 285
3479 2069 3580 2122 ab-

2005 2143 2232 2198 surdum
2284 2161 2414 2202 sane
2463 2156 2547 2202 est
2606 2163 2771 2205 omne
2820 2160 3075 2208 nostrum
3116 2171 3256 2226 opus
3323 2158 3530 2214 bonum
3561 2198 3580 2225 ,

2005 2235 2110 2290 nisi
2141 2237 2209 2291 ad
2239 2236 2403 2293 ﬁnem
2434 2239 2539 2294 sibi
2562 2243 2982 2298 convenientem
3003 2246 3373 2315 perducatur;
3400 2265 3584 2321 neque

2005 2343 2138 2383 vero
2176 2329 2280 2386 hac
2322 2331 2376 2386 in
2415 2347 2475 2387 re
2504 2333 2720 2404 jactura
2769 2335 3054 2402 consistet,
3098 2338 3197 2392 sed
3243 2340 3584 2412 negligentes

2004 2420 2170 2475 etiam
2201 2422 2509 2492 periculum
2541 2436 2914 2497 consequetur
2946 2444 2959 2482 :
2992 2429 3098 2484 hoc
3123 2430 3270 2485 enim
3313 2439 3419 2498 est,
3459 2435 3583 2504 opi-

2004 2525 2126 2577 nor,
2154 2512 2266 2568 labi
2296 2514 2536 2585 aliquem
2567 2532 2634 2572 ex
2669 2516 2852 2573 domo.
2895 2537 2916 2569 ‹
2957 2519 3050 2575 Vae
3087 2521 3258 2586 enim,
3299 2541 3317 2574 ι
3378 2523 3580 2594 inquit,

2013 2621 2032 2653 ι
2064 2603 2158 2672 qui
2183 2603 2365 2660 facitis
2405 2622 2544 2677 opus
2566 2608 2663 2663 Dei
2704 2610 3131 2682 negligenter“.
3175 2632 3193 2664 ι
3227 2613 3583 2685 Quampluri-

2004 2694 2111 2749 mis
2147 2695 2315 2766 igitur
2345 2698 2453 2754 viis
2488 2700 2577 2753 lex
2615 2700 2683 2754 ad
2722 2700 2777 2754 id
2835 2703 2982 2772 quod
3025 2704 3269 2774 expedit,
3307 2722 3409 2762 nos
3450 2724 3582 2779 per-

2005 2785 2159 2842 ducit
2186 2805 2198 2841 :
2225 2797 2280 2844 et
2321 2805 2502 2845 escam
2535 2792 2757 2862 quidem
2796 2795 3041 2849 nondum
3079 2797 3309 2868 apponit
3336 2799 3458 2855 viro
3493 2801 3580 2856 di-

2005 2891 2165 2946 gnam
2191 2887 2247 2933 et
2284 2880 2536 2945 solidam,
2583 2882 2678 2937 sed
2711 2883 2850 2939 lacte
2884 2886 3288 2955 quodammodo
3321 2897 3580 2962 tanquam

2005 2967 2186 3023 adhuc
2211 2969 2467 3036 infantes,
2504 2973 2756 3029 homines
2793 2975 2920 3030 illos
2949 2985 3167 3034 veteres
3207 2981 3402 3047 nutrit,
3443 2998 3581 3052 pau-

2004 3056 2158 3112 latim
2185 3062 2495 3128 provehens
2519 3063 2588 3116 ad
2627 3063 2836 3119 Christi
2861 3067 3204 3138 mysterium.
3237 3071 3370 3127 Esse
3397 3081 3582 3128 autem

794 3161 968 3233 βραχὺ
1013 3123 1148 3232 πρές
1179 3160 1241 3213 τὸ
1289 3123 1526 3231 Χρίσιτοῦ
1575 3123 1895 3230 μυστήριον.

2001 3123 2575 3217 legem-spiritualem,
2603 3161 2679 3217 et,
2719 3154 2863 3224 quod
2900 3123 2966 3210 a‘d
3009 3157 3258 3212 umbram
3293 3167 3348 3215 et
3380 3160 3582 3232 figuras

314 3253 441 3311 Ὅτι
472 3254 582 3324 γὰρ
616 3251 983 3324 πνευματικὸς
1025 3253 1054 3304 ὁ
1101 3253 1284 3322 νόμος,
1319 3251 1413 3304 καὶ
1450 3251 1573 3304 ὅσον
1619 3251 1716 3320 μὲν
1765 3244 1900 3321 ἧκεν

310 3352 394 3412 είς
426 3349 584 3401 σκιάν
617 3349 711 3401 καὶ
741 3347 965 3409 τύπους,
999 3345 1160 3398 οίονεί
1191 3362 1305 3408 πως
1335 3345 1436 3397 οὐκ
1468 3342 1754 3414 ἐδώδιμος,
1775 3342 1899 3397 οὔτε

318 3444 428 3515 μὴν
462 3443 756 3509 ἀναγκαῖος
789 3441 868 3502 είς
902 3435 1280 3508 πνευματικὴν
1323 3435 1388 3488 ἂν
1421 3435 1630 3504 γένοιτο
1668 3435 1897 3507 τροφὴν,

314 3532 473 3584 ἔσται
501 3531 558 3583 δὲ
583 3528 844 3592 τοιοῦτος,
883 3529 932 3580 εί
965 3527 1095 3595 γοῦν
1131 3523 1558 3596 μεταπλάττοιτο
1587 3523 1724 3594 πρὸς
1765 3521 1900 3576 θεω-

317 3623 443 3695 ρίαν
482 3620 884 3691 εῦαγγελικὴν,
929 3618 1025 3672 καὶ
1061 3620 1141 3680 είς
1191 3616 1252 3668 τὸ
1295 3611 1531 3686 Χριστοῦ
1578 3614 1896 3686 μυστήριον,

315 3718 575 3786 συνήσεις
595 3711 656 3768 εὖ
686 3713 830 3785 μάλα
861 3709 1196 3783 γεγραφότος
1223 3708 1320 3761 ὡδὶ
1349 3707 1441 3760 τοῦ
1467 3705 1739 3776 πανσόφου
1771 3708 1900 3760 Μω-

320 3808 456 3869 σέως
473 3807 602 3876 περὶ
620 3804 807 3858 αὑτοῦ.
840 3805 983 3873 ’Ἔφη
1015 3801 1124 3872 γὰρ
1161 3801 1218 3852 ἐν
1247 3798 1326 3870 τῷ
1363 3795 1651 3866 Λευιτικῷ·
1687 3815 1705 3847 ι
1733 3797 1897 3850 Ὅταν

312 3899 373 3952 δὲ
394 3898 642 3969 εἰσέλθῃς
665 3899 744 3960 εἰς
770 3897 866 3968 τὴν
886 3893 1010 3966 γῆν,
1035 3895 1102 3965 ἢν
1128 3891 1328 3962 Κύριος
1355 3891 1384 3943 6
1410 3889 1541 3952 Θεός
1570 3905 1661 3941 σου
1685 3887 1896 3941 δίδωσιν

317 3989 470 4059 ὑμῖν,
504 3989 597 4041 καὶ
637 3985 1082 4057 καταφυτεύσητε
1121 3985 1226 4037 πᾶν
1272 3981 1428 4047 ξύλον
1463 3979 1760 4050 βρώσιμον,
1796 3996 1893 4079 7:3:

318 4081 694 4150 ρικαθαριεῖτε
723 4079 820 4147 τὴν
849 4075 1188 4146 ἀκαθαρσίαν
1221 4071 1406 4128 αὐτοῦ·
1437 4074 1465 4125 ὁ
1494 4070 1703 4141 καρπὸς
1732 4070 1894 4122 αὐτοῦ

314 4170 440 4240 τρία
466 4172 563 4240 ἔτη
597 4168 747 4221 ἔσται
774 4168 901 4237 ύμῖν
929 4162 1399 4258 ἁπερικάθαρτος,
1432 4162 1491 4258 οῦ
1528 4159 1891 4258 βρωθήσεταιί

313 4261 422 4314 Καὶ
452 4259 532 4329 τῷ
570 4258 679 4311 ἔτει
718 4255 793 4322 τῷ
825 4255 1072 4327 τετάρτῳ
1103 4253 1255 4305 ἔσται
1296 4252 1402 4313 πᾶς
1431 4252 1458 4302 ὁ
1492 4248 1702 4319 καρπὸς
1728 4248 1892 4300 αὐτοῦ

312 4353 485 4422 ἅγιος,
524 4351 733 4414 αίνετὸς
755 4348 831 4419 τῷ
852 4347 1060 4419 Κυρίῳ.
1103 4346 1190 4399 Ἐν
1223 4344 1279 4396 δὲ
1305 4342 1382 4412 τῷ
1410 4342 1519 4394 ἔτει
1545 4341 1624 4412 τῷ
1659 4339 1893 4409 πέμπτῳ

2000 3237 2216 3302 attinet,
2246 3241 2651 3308 quodammodo
2699 3244 2846 3299 haud
2894 3249 3254 3315 esculentam,
3301 3267 3480 3322 neque
3513 3255 3581 3308 ad

2001 3328 2343 3398 spiritualem
2394 3333 2579 3387 cibum
2615 3335 2840 3404 utilem;
2893 3340 3163 3408 ejusmodi
3211 3352 3394 3398 autem
3440 3345 3579 3411 fore,

2001 3421 2046 3475 si
2083 3423 2152 3476 ad
2180 3425 2700 3493 contemplationem
2732 3431 3126 3500 evangelicam,
3173 3441 3230 3488 et
3273 3434 3342 3488 ad
3376 3434 3579 3492 Christi

2000 3513 2321 3583 mysterium
2371 3515 2757 3586 transferatur,
2789 3528 2978 3590 aperte
3010 3521 3300 3595 intelliges,
3347 3542 3471 3581 cum
3511 3535 3579 3589 ml

1999 3603 2149 3659 hunc
2171 3605 2394 3660 modum
2430 3608 2522 3663 ille
2549 3610 2987 3680 sapientissimus
3010 3615 3221 3687 Moyses
3251 3615 3321 3672 de
3349 3633 3413 3674 ea
3442 3620 3585 3674 seri.-

1998 3696 2191 3764 pserit.
2228 3695 2320 3751 Ait
2353 3699 2502 3754 enim
2528 3699 2584 3754 in
2613 3699 2860 3758 Levitico
2897 3721 2908 3757 :
2955 3724 2973 3756 ‹
3016 3705 3154 3761 Cum
3190 3723 3323 3763 vero
3350 3709 3578 3780 ingressi

1997 3787 2216 3843 fueritis
2257 3790 2313 3844 in
2339 3799 2540 3846 terram
2593 3808 2757 3863 quam
2802 3795 3068 3852 Dominus
3108 3798 3254 3855 Deus
3309 3808 3439 3855 tuus
3487 3801 3581 3857 dat

1999 3878 2176 3941 vobis.
2203 3887 2258 3933 et
2274 3881 2658 3949 plantaveritis
2679 3899 2841 3939 omne
2865 3886 3075 3957 lignum
3098 3889 3462 3954 esculentum,
3486 3905 3580 3946 ex-

1997 3970 2307 4038 purgabitis
2357 3972 2732 4042 impuritatem
2781 3977 2926 4047 ejus;
2981 3977 3197 4032 fructus
3242 3980 3362 4049 ejus
3401 3980 3578 4036 tribus

1997 4061 2158 4114 annis
2212 4062 2321 4114 erit
2365 4065 2522 4118 vobis
2569 4065 2932 4121 immundus:
2969 4085 3079 4123 non
3116 4073 3473 4137 comedetur;
3520 4085 3577 4128 ct

1997 4166 2143 4206 anno
2177 4163 2374 4222 quarto
2402 4156 2510 4208 erit
2539 4157 2718 4211 omnis
2749 4156 2961 4213 fructus
3007 4161 3128 4230 ejus
3171 4170 3416 4230 sanctus,
3453 4166 3573 4220 lau-

1996 4241 2196 4297 dabilis
2251 4244 2516 4312 Domino;
2565 4261 2710 4301 anno
2773 4255 2956 4303 autem
3021 4250 3216 4321 quinto
3274 4256 3575 4313 comedetis

1996 4333 2235 4389 fructum
2283 4337 2421 4406 ejus.
2463 4338 2749 4408 Appositio
2792 4339 2948 4397 vobis
2983 4352 3148 4398 erunt
3191 4344 3403 4401 fructus
3434 4348 3572 4418 ejus.

311 4444 554 4514 φάγεσθε
585 4443 680 4498 τὸν
710 4441 924 4512 καρπὸν
967 4437 1154 4492 αὑτοῦ.
1186 4435 1478 4506 Πρόσθεμα
1509 4434 1634 4503 ὑμῖν
1667 4431 1738 4485 τά
1775 4448 1895 4500 γεν-

2000 4426 2112 4497 Ego
2140 4428 2407 4485 Dominus
2452 4431 2596 4486 Deus
2631 4440 2814 4488 vester
2856 4434 2918 4488 ".
2957 4454 2974 4486 ι
3026 4435 3212 4490 Hortis
3240 4437 3388 4492 enim
3419 4439 3576 4493 ferti-

311 4537 532 4606 νήματα
555 4531 741 4586 αὑτοῦ.
784 4529 926 4599 Ἐγὼ
951 4528 1203 4599 Κύριος·ὁ
1225 4525 1356 4587 Θεὸς
1376 4524 1550 4594 ὑμῶν.
1583 4542 1600 4575 ι
1629 4521 1892 4592 Παραδεί-

312 4643 426 4690 σοις
455 4626 558 4696 μὲν
582 4624 692 4694 γὰρ
717 4625 829 4685 τοῖς
851 4619 1257 4692 εὐερνεστάτοις
1278 4619 1310 4687 ἡ
1333 4617 1574 4678 Μωσέως
1592 4617 1727 4686 ἡμῖν
1751 4612 1893 4666 ἔοικε

309 4715 635 4786 Συγγραφὴ,
665 4713 915 4783 πολυειδῆ
935 4711 1321 4788 θεσπισμάτων
1344 4707 1603 4761 ὠδίνουσα
1630 4706 1889 4776 βλάστην,

309 4810 401 4861 καὶ
430 4806 609 4871 ξύλοις
633 4803 823 4877 ὥσπερ
848 4805 1182 4872 κατάκομος,
1203 4802 1312 4862 τοῖς
1335 4798 1420 4867 ἐφ’
1441 4797 1656 4867 ἑκάστῳ
1681 4796 1888 4866 νόμοις.

317 4897 465 4951 Ἀλλ’
505 4899 592 4966 ἐφ’
621 4897 836 4966 ἑκάστῳ
877 4894 1017 4966 ξύλῳ
1048 4891 1383 4963 καθαριεῖτε,
1415 4887 1601 4960 φησὶν,
1629 4885 1727 4958 τὴν
1759 4887 1893 4940 ἀκα-

311 4989 547 5062 θαρσίαν
580 4987 768 5054 αὑτοῦ,
804 4985 946 5039 τοῦτ’
977 4985 1122 5050 ἔστι,
1164 4982 1223 5035 τὸ
1258 4982 1356 5052 τῆς
1409 4977 1648 5049 ιστορίας
1690 4979 1892 5030 εἰκαῖον

309 5081 631 5149 ἀποτεμεῖς,
655 5078 749 5130 καὶ
775 5076 836 5129 τὸ
852 5076 1014 5129 οἱονεὶ
1038 5073 1269 5139 ξυλῶδες
1296 5068 1568 5141 περιελεῖς
1592 5065 1684 5120 τοῦ
1715 5066 1891 5138 γράμ-

315 5187 506 5242 ματος,
537 5169 624 5224 ἐπ’
671 5168 840 5239 αὐτὴν
887 5166 944 5220 δὲ
991 5163 1140 5236 ἥξεις
1174 5163 1266 5216 τοῦ
1309 5159 1476 5230 φυτοῦ
1509 5160 1608 5230 τὴν
1641 5157 1888 5228 καρδίαν,

312 5260 456 5315 τοῦτ’
471 5261 610 5324 ἐστι,
623 5261 716 5314 τοῦ
731 5256 1157 5326 τεθεσπισμένου
1176 5253 1266 5307 τὸν
1282 5253 1391 5307 ἔσω
1407 5252 1742 5325 περιεργάσῃ
1758 5268 1892 5322 καρ-

314 5352 529 5425 πὺνβ),
549 5352 643 5406 καὶ
663 5349 795 5405 αὐτὸ
819 5350 1018 5420 ποιήσῃ
1043 5347 1300 5419 τροφήν.‹
1326 5344 1464 5398 Ἀλλ’
1487 5343 1886 5413 ἑσται,›φησὶν,

1999 4517 2227 4574 lissimis
2257 4519 2430 4592 Moysi
2457 4522 2744 4593 Scriptura
2766 4523 2966 4579 similis
2991 4523 3154 4580 nobis
3191 4525 3434 4589 videtur,
3455 4543 3576 4597 qua:

2000 4613 2289 4683 multiplex
2347 4625 2748 4686 praeceptorum
2799 4633 3025 4688 germen
3072 4619 3477 4689 complectitur,
3519 4628 3574 4675 et

2001 4711 2260 4776 tanquam
2299 4707 2595 4762 arboribus
2627 4709 2815 4764 densis
2859 4718 3053 4765 ornata
3098 4717 3205 4776 est,
3229 4709 3464 4782 legibus,
3487 4711 3574 4767 in-

1998 4812 2184 4866 quam,
2209 4797 2278 4853 de
2313 4813 2531 4869 quaque
2553 4815 2612 4854 re
2636 4800 2970 4856 constitutis.
2999 4801 3104 4857 Sed
3143 4801 3576 4872 uniuscujusque

1999 4889 2233 4954 arboris,
2279 4891 2479 4960 inquit,
2517 4893 2895 4964 expurgabitis
2936 4894 3334 4966 impuritatem,
3380 4895 3435 4950 id
3469 4903 3574 4958 est,

1998 4981 2144 5050 quod
2164 4982 2216 5035 in
2243 4981 2475 5038 historia
2492 4983 2738 5054 ineptum
2756 4995 2859 5052 est,
2888 4986 3208 5053 abscindes;
3235 4987 3493 5058 quodque
3521 4987 3574 5042 in

1995 5073 2177 5128 littera
2238 5076 2404 5130 veluti
2462 5077 2798 5134 corticosum
2829 5121 2844 5146 ,
2885 5080 3270 5147 circumcides,
3301 5088 3466 5152 atque
3509 5079 3572 5133 ad

1995 5165 2175 5236 ipsum
2205 5182 2300 5222 cor
2330 5167 2546 5223 arboris
2581 5172 2897 5239 pervenies,
2931 5169 2986 5227 id
3014 5181 3119 5239 est,
3159 5173 3412 5229 intimum
3437 5187 3574 5243 pra»

1995 5256 2138 5325 cepti
2176 5257 2412 5312 fructum
2439 5262 2894 5330 perscrutaberis,
2934 5273 3096 5336 atque
3121 5265 3178 5320 in
3205 5263 3389 5319 cibum
3420 5275 3570 5314 assu-

1995 5362 2130 5401 mes.
2190 5369 2207 5398 ‹
2243 5348 2347 5404 Sed
2372 5350 2498 5415 erit,
2533 5371 2551 5402 ι
2580 5353 2781 5424 inquit,
2818 5374 2836 5407 ‹
2869 5357 2990 5429 ejus
3025 5355 3238 5415 fructus
3264 5354 3439 5408 tribus
3466 5365 3562 5404 2r:-

388 5472 433 5504 ⁸³
485 5473 645 5528 Deut.
676 5488 807 5536 uti,
845 5470 896 5524 8.
974 5468 1019 5500 “
1044 5468 1156 5524 Jer.
1195 5481 1377 5531 XLVIII,
1416 5463 1500 5518 10.
1580 5462 1822 5518 "Levit.
1856 5479 1966 5530 ιιι,
1993 5464 2184 5520 25-25.

491 5658 572 5714 Ita
605 5657 728 5713 cod.
775 5656 983 5720 Vatic.;
1036 5653 1224 5724 Sirleti
1278 5661 1462 5708 autem
1509 5652 1742 5716 ἀδικίας,
1781 5662 2059 5724 corrupte.

412 5589 443 5642 l-
493 5587 585 5644 Sic
612 5587 823 5651 Vatia;
850 5584 972 5641 cod.
998 5583 1206 5646 Sirleti,
1238 5583 1299 5636 τὸ
1334 5581 1550 5652 ἀληθές,
1577 5584 1792 5638 veritas.

491 5658 572 5714 Ita
605 5657 728 5713 cod.
775 5656 983 5720 Vatic.;
1036 5653 1224 5708 Sirleti
1278 5661 1462 5708 autem
1509 5652 1742 5716 ἀδικίας,
1781 5667 1792 5704 ε

387 5586 630 5800 ὲξβοά.
669 5726 876 5791 Sirleti,
908 5723 1127 5785 σκοπόν,
1156 5739 1390 5792 scopum.

474 5727 630 5801 _Cod.
669 5726 876 5791 Sirleti,
908 5723 1127 5785 σκοπόν,
1156 5739 1390 5792 scopum.

637 5819 909 5883 Panos.
958 5816 1074 5877 Gn.
1117 5813 1379 5876 LXVIII.
