  <div class='ocr_page' id='page_1' title='image "/cluster/home/n/w/nwhite01/storage/ocr_20150623/68/hvd.32044073501975/299.png"; bbox 0 0 3996 6212; ppageno 0'>
   <div class='ocr_carea' id='block_1_1' title="bbox 455 321 558 393">
    <p class='ocr_par' dir='ltr' id='par_1_1' title="bbox 455 321 558 393">
     <span class='ocr_line' id='line_1_1' title="bbox 455 321 558 393; baseline -0.01 0"><span class='ocrx_word' id='word_1_1' title='bbox 455 321 558 393; x_wconf 65' lang='lat'><strong>881</strong></span> 
     </span>
    </p>
   </div>
   <div class='ocr_carea' id='block_1_2' title="bbox 1485 288 2727 384">
    <p class='ocr_par' dir='ltr' id='par_1_2' title="bbox 1485 288 2727 384">
     <span class='ocr_line' id='line_1_2' title="bbox 1485 288 2727 384; baseline 0.003 -4"><span class='ocrx_word' id='word_1_2' title='bbox 1485 323 1540 380; x_wconf 88' lang='lat' dir='ltr'><strong>s.</strong></span> <span class='ocrx_word' id='word_1_3' title='bbox 1583 318 1859 381; x_wconf 74' lang='lat' dir='ltr'><strong>CYRILLI</strong></span> <span class='ocrx_word' id='word_1_4' title='bbox 1900 288 2374 381; x_wconf 76' lang='lat' dir='ltr'><strong>ALEXANDRINI</strong></span> <span class='ocrx_word' id='word_1_5' title='bbox 2409 318 2727 384; x_wconf 70' lang='lat' dir='ltr'><strong>ARCHIEP.</strong></span> 
     </span>
    </p>
   </div>
   <div class='ocr_carea' id='block_1_3' title="bbox 3617 332 3720 394">
    <p class='ocr_par' dir='ltr' id='par_1_3' title="bbox 3617 332 3720 394">
     <span class='ocr_line' id='line_1_3' title="bbox 3617 332 3720 394; baseline 0.019 -2"><span class='ocrx_word' id='word_1_6' title='bbox 3617 332 3720 394; x_wconf 74' lang='lat'><strong>538</strong></span> 
     </span>
    </p>
   </div>
   <div class='ocr_carea' id='block_1_4' title="bbox 457 445 2037 528">
    <p class='ocr_par' dir='ltr' id='par_1_4' title="bbox 457 445 2037 516">
     <span class='ocr_line' id='line_1_4' title="bbox 457 445 2037 516; baseline -0.008 -4"><span class='ocrx_word' id='word_1_7' title='bbox 457 457 546 512; x_wconf 86' lang='lat' dir='ltr'><strong>nis</strong></span> <span class='ocrx_word' id='word_1_8' title='bbox 575 455 912 516; x_wconf 76' lang='lat' dir='ltr'><strong>immundus,</strong></span> <span class='ocrx_word' id='word_1_9' title='bbox 957 463 1067 504; x_wconf 92' lang='lat' dir='ltr'><strong>non</strong></span> <span class='ocrx_word' id='word_1_10' title='bbox 1095 445 1543 500; x_wconf 69' lang='lat' dir='ltr'><strong>mandumbitur.</strong></span> <span class='ocrx_word' id='word_1_11' title='bbox 1579 463 1597 497; x_wconf 81' lang='grc' dir='ltr'><strong>ι</strong></span> <span class='ocrx_word' id='word_1_12' title='bbox 1641 445 1861 500; x_wconf 84' lang='lat' dir='ltr'><strong>Annum</strong></span> <span class='ocrx_word' id='word_1_13' title='bbox 1885 446 2037 515; x_wconf 80' lang='lat' dir='ltr'><strong>ponit</strong></span> 
     </span>
    </p>
   </div>
   <div class='ocr_carea' id='block_1_5' title="bbox 2143 445 3719 528">
    <p class='ocr_par' dir='ltr' id='par_1_5' title="bbox 2151 448 3719 528">
     <span class='ocr_line' id='line_1_5' title="bbox 2151 448 3719 528; baseline 0.006 -29"><span class='ocrx_word' id='word_1_14' title='bbox 2151 465 2169 498; x_wconf 74' lang='grc' dir='ltr'><strong>ι</strong></span> <span class='ocrx_word' id='word_1_15' title='bbox 2199 448 2227 500; x_wconf 99' lang='lat'><strong>6</strong></span> <span class='ocrx_word' id='word_1_16' title='bbox 2251 449 2460 520; x_wconf 79' lang='grc' dir='ltr'>καρπὸς</span> <span class='ocrx_word' id='word_1_17' title='bbox 2477 450 2666 516; x_wconf 82' lang='grc' dir='ltr'>αὑτοῦ,</span> <span class='ocrx_word' id='word_1_18' title='bbox 2686 451 2814 523; x_wconf 89' lang='grc' dir='ltr'>τρία</span> <span class='ocrx_word' id='word_1_19' title='bbox 2839 451 2932 523; x_wconf 71' lang='grc' dir='ltr'><strong>ἔτη</strong></span> <span class='ocrx_word' id='word_1_20' title='bbox 2959 451 3494 526; x_wconf 75' lang='grc' dir='ltr'>ἀπερικὰθαρτοςοοῦ</span> <span class='ocrx_word' id='word_1_21' title='bbox 3516 454 3719 528; x_wconf 72' lang='grc' dir='ltr'><strong>βρωθῆ-</strong></span> 
     </span>
    </p>
   </div>
   <div class='ocr_carea' id='block_1_6' title="bbox 457 538 2042 622">
    <p class='ocr_par' dir='ltr' id='par_1_6' title="bbox 457 538 2042 622">
     <span class='ocr_line' id='line_1_6' title="bbox 457 538 2042 622; baseline -0.01 -15"><span class='ocrx_word' id='word_1_22' title='bbox 457 566 556 622; x_wconf 87' lang='lat' dir='ltr'><strong>pro</strong></span> <span class='ocrx_word' id='word_1_23' title='bbox 584 559 866 618; x_wconf 89' lang='lat' dir='ltr'><strong>tempore;</strong></span> <span class='ocrx_word' id='word_1_24' title='bbox 893 543 999 597; x_wconf 88' lang='lat' dir='ltr'><strong>tria</strong></span> <span class='ocrx_word' id='word_1_25' title='bbox 1031 541 1179 595; x_wconf 89' lang='lat' dir='ltr'><strong>enim</strong></span> <span class='ocrx_word' id='word_1_26' title='bbox 1205 538 1386 610; x_wconf 86' lang='lat' dir='ltr'><strong>prima</strong></span> <span class='ocrx_word' id='word_1_27' title='bbox 1417 547 1668 610; x_wconf 89' lang='lat' dir='ltr'><strong>tempora</strong></span> <span class='ocrx_word' id='word_1_28' title='bbox 1701 538 1859 594; x_wconf 88' lang='lat' dir='ltr'><strong>fuere</strong></span> <span class='ocrx_word' id='word_1_29' title='bbox 1915 539 2042 608; x_wconf 90' lang='lat' dir='ltr'><strong>qui-</strong></span> 
     </span>
    </p>
   </div>
   <div class='ocr_carea' id='block_1_7' title="bbox 454 629 2043 700">
    <p class='ocr_par' dir='ltr' id='par_1_7' title="bbox 454 629 2043 700">
     <span class='ocr_line' id='line_1_7' title="bbox 454 629 2043 700; baseline -0.004 -8"><span class='ocrx_word' id='word_1_30' title='bbox 454 641 559 694; x_wconf 88' lang='lat' dir='ltr'><strong>bus</strong></span> <span class='ocrx_word' id='word_1_31' title='bbox 589 638 771 692; x_wconf 85' lang='lat' dir='ltr'><strong>adhuc</strong></span> <span class='ocrx_word' id='word_1_32' title='bbox 814 635 900 688; x_wconf 78' lang='lat' dir='ltr'><strong>lex</strong></span> <span class='ocrx_word' id='word_1_33' title='bbox 938 640 1058 688; x_wconf 86' lang='lat' dir='ltr'><strong>erat</strong></span> <span class='ocrx_word' id='word_1_34' title='bbox 1106 632 1346 700; x_wconf 86' lang='lat' dir='ltr'><strong>impura,</strong></span> <span class='ocrx_word' id='word_1_35' title='bbox 1385 629 1638 686; x_wconf 69' lang='lat' dir='ltr'><strong>historia:</strong></span> <span class='ocrx_word' id='word_1_36' title='bbox 1670 630 2043 686; x_wconf 81' lang='lat' dir='ltr'><strong>crassitudine</strong></span> 
     </span>
    </p>
   </div>
   <div class='ocr_carea' id='block_1_8' title="bbox 457 721 2042 800">
    <p class='ocr_par' dir='ltr' id='par_1_8' title="bbox 457 721 2042 800">
     <span class='ocr_line' id='line_1_8' title="bbox 457 721 2042 800; baseline -0.005 -16"><span class='ocrx_word' id='word_1_37' title='bbox 457 738 812 800; x_wconf 72' lang='lat' dir='ltr'><strong>praegravata,</strong></span> <span class='ocrx_word' id='word_1_38' title='bbox 839 735 896 782; x_wconf 89' lang='lat' dir='ltr'><strong>et</strong></span> <span class='ocrx_word' id='word_1_39' title='bbox 923 725 1174 780; x_wconf 81' lang='lat' dir='ltr'><strong>umbram</strong></span> <span class='ocrx_word' id='word_1_40' title='bbox 1201 732 1464 794; x_wconf 84' lang='lat' dir='ltr'><strong>tanquam</strong></span> <span class='ocrx_word' id='word_1_41' title='bbox 1501 721 1751 778; x_wconf 87' lang='lat' dir='ltr'><strong>inutilem</strong></span> <span class='ocrx_word' id='word_1_42' title='bbox 1781 721 2042 778; x_wconf 86' lang='lat' dir='ltr'><strong>corticem</strong></span> 
     </span>
    </p>
   </div>
   <div class='ocr_carea' id='block_1_9' title="bbox 454 813 2044 888">
    <p class='ocr_par' dir='ltr' id='par_1_9' title="bbox 454 813 2044 888">
     <span class='ocr_line' id='line_1_9' title="bbox 454 813 2044 888; baseline 0 -19"><span class='ocrx_word' id='word_1_43' title='bbox 454 816 908 888; x_wconf 80' lang='lat' dir='ltr'><strong>circumpositam</strong></span> <span class='ocrx_word' id='word_1_44' title='bbox 949 814 1211 871; x_wconf 81' lang='lat' dir='ltr'><strong>habebat.</strong></span> <span class='ocrx_word' id='word_1_45' title='bbox 1252 813 1383 870; x_wconf 86' lang='lat' dir='ltr'><strong>Tria</strong></span> <span class='ocrx_word' id='word_1_46' title='bbox 1416 828 1585 883; x_wconf 89' lang='lat' dir='ltr'><strong>porro</strong></span> <span class='ocrx_word' id='word_1_47' title='bbox 1633 821 1881 884; x_wconf 89' lang='lat' dir='ltr'><strong>tempora</strong></span> <span class='ocrx_word' id='word_1_48' title='bbox 1923 829 2044 869; x_wconf 88' lang='lat' dir='ltr'><strong>esse</strong></span> 
     </span>
    </p>
   </div>
   <div class='ocr_carea' id='block_1_10' title="bbox 455 900 2040 980">
    <p class='ocr_par' dir='ltr' id='par_1_10' title="bbox 455 900 2040 980">
     <span class='ocr_line' id='line_1_10' title="bbox 455 900 2040 980; baseline -0.001 -18"><span class='ocrx_word' id='word_1_49' title='bbox 455 909 563 974; x_wconf 83' lang='lat' dir='ltr'><strong>aio,</strong></span> <span class='ocrx_word' id='word_1_50' title='bbox 607 923 718 978; x_wconf 91' lang='lat' dir='ltr'><strong>quo</strong></span> <span class='ocrx_word' id='word_1_51' title='bbox 760 907 994 980; x_wconf 79' lang='lat' dir='ltr'><strong>Moyses,</strong></span> <span class='ocrx_word' id='word_1_52' title='bbox 1024 920 1135 976; x_wconf 88' lang='lat' dir='ltr'><strong>quo</strong></span> <span class='ocrx_word' id='word_1_53' title='bbox 1161 900 1349 972; x_wconf 74' lang='lat' dir='ltr'><strong>Iosue,</strong></span> <span class='ocrx_word' id='word_1_54' title='bbox 1385 921 1495 976; x_wconf 89' lang='lat' dir='ltr'><strong>quo</strong></span> <span class='ocrx_word' id='word_1_55' title='bbox 1516 904 1740 962; x_wconf 87' lang='lat' dir='ltr'><strong>Judiccs</strong></span> <span class='ocrx_word' id='word_1_56' title='bbox 1782 904 2040 973; x_wconf 90' lang='lat' dir='ltr'><strong>fuerunt;</strong></span> 
     </span>
    </p>
   </div>
   <div class='ocr_carea' id='block_1_11' title="bbox 455 997 2042 1070">
    <p class='ocr_par' dir='ltr' id='par_1_11' title="bbox 455 997 2042 1070">
     <span class='ocr_line' id='line_1_11' title="bbox 455 997 2042 1070; baseline -0.001 -16"><span class='ocrx_word' id='word_1_57' title='bbox 455 1009 713 1070; x_wconf 91' lang='lat' dir='ltr'><strong>quartum</strong></span> <span class='ocrx_word' id='word_1_58' title='bbox 737 1007 927 1070; x_wconf 85' lang='lat' dir='ltr'><strong>postea</strong></span> <span class='ocrx_word' id='word_1_59' title='bbox 951 997 1075 1064; x_wconf 89' lang='lat' dir='ltr'><strong>fuit,</strong></span> <span class='ocrx_word' id='word_1_60' title='bbox 1102 1013 1214 1068; x_wconf 91' lang='lat' dir='ltr'><strong>quo</strong></span> <span class='ocrx_word' id='word_1_61' title='bbox 1239 997 1473 1052; x_wconf 87' lang='lat' dir='ltr'><strong>illustris</strong></span> <span class='ocrx_word' id='word_1_62' title='bbox 1491 997 1884 1068; x_wconf 87' lang='lat' dir='ltr'><strong>prophetarum</strong></span> <span class='ocrx_word' id='word_1_63' title='bbox 1907 997 2042 1052; x_wconf 82' lang='lat' dir='ltr'><strong>cho-</strong></span> 
     </span>
    </p>
   </div>
   <div class='ocr_carea' id='block_1_12' title="bbox 457 1089 2042 1161">
    <p class='ocr_par' dir='ltr' id='par_1_12' title="bbox 457 1089 2042 1161">
     <span class='ocr_line' id='line_1_12' title="bbox 457 1089 2042 1161; baseline 0.001 -17"><span class='ocrx_word' id='word_1_64' title='bbox 457 1108 551 1146; x_wconf 88' lang='lat' dir='ltr'><strong>rus</strong></span> <span class='ocrx_word' id='word_1_65' title='bbox 575 1097 804 1146; x_wconf 78' lang='lat' dir='ltr'><strong>exortus</strong></span> <span class='ocrx_word' id='word_1_66' title='bbox 825 1098 940 1157; x_wconf 86' lang='lat' dir='ltr'><strong>est;</strong></span> <span class='ocrx_word' id='word_1_67' title='bbox 967 1098 1083 1145; x_wconf 90' lang='lat' dir='ltr'><strong>tum</strong></span> <span class='ocrx_word' id='word_1_68' title='bbox 1103 1089 1322 1145; x_wconf 89' lang='lat' dir='ltr'><strong>fructus</strong></span> <span class='ocrx_word' id='word_1_69' title='bbox 1359 1090 1498 1161; x_wconf 80' lang='lat' dir='ltr'><strong>legis</strong></span> <span class='ocrx_word' id='word_1_70' title='bbox 1520 1096 1745 1146; x_wconf 85' lang='lat' dir='ltr'><strong>sanctus</strong></span> <span class='ocrx_word' id='word_1_71' title='bbox 1763 1098 1847 1145; x_wconf 89' lang='lat' dir='ltr'><strong>est</strong></span> <span class='ocrx_word' id='word_1_72' title='bbox 1864 1089 2042 1146; x_wconf 89' lang='lat' dir='ltr'><strong>factus</strong></span> 
     </span>
    </p>
   </div>
   <div class='ocr_carea' id='block_1_13' title="bbox 454 1182 2042 1253">
    <p class='ocr_par' dir='ltr' id='par_1_13' title="bbox 454 1182 2042 1253">
     <span class='ocr_line' id='line_1_13' title="bbox 454 1182 2042 1253; baseline -0.001 -15"><span class='ocrx_word' id='word_1_73' title='bbox 454 1187 511 1238; x_wconf 88' lang='lat' dir='ltr'><strong>et</strong></span> <span class='ocrx_word' id='word_1_74' title='bbox 526 1182 818 1238; x_wconf 86' lang='lat' dir='ltr'><strong>laudabilis</strong></span> <span class='ocrx_word' id='word_1_75' title='bbox 844 1200 856 1234; x_wconf 89' lang='lat'>:</span> <span class='ocrx_word' id='word_1_76' title='bbox 874 1182 1040 1253; x_wconf 70' lang='lat'><strong>286</strong></span> <span class='ocrx_word' id='word_1_77' title='bbox 1053 1194 1181 1236; x_wconf 85' lang='lat' dir='ltr'><strong>nam</strong></span> <span class='ocrx_word' id='word_1_78' title='bbox 1197 1197 1227 1236; x_wconf 90' lang='lat' dir='ltr'><strong>a</strong></span> <span class='ocrx_word' id='word_1_79' title='bbox 1245 1182 1531 1252; x_wconf 86' lang='lat' dir='ltr'><strong>prophetis</strong></span> <span class='ocrx_word' id='word_1_80' title='bbox 1551 1183 1774 1248; x_wconf 84' lang='lat' dir='ltr'><strong>sanctis,</strong></span> <span class='ocrx_word' id='word_1_81' title='bbox 1785 1197 1908 1252; x_wconf 70' lang='lat' dir='ltr'><strong>quae</strong></span> <span class='ocrx_word' id='word_1_82' title='bbox 1922 1182 2042 1253; x_wconf 85' lang='lat' dir='ltr'><strong>lege</strong></span> 
     </span>
    </p>
   </div>
   <div class='ocr_carea' id='block_1_14' title="bbox 456 1273 2041 1345">
    <p class='ocr_par' dir='ltr' id='par_1_14' title="bbox 456 1273 2041 1345">
     <span class='ocr_line' id='line_1_14' title="bbox 456 1273 2041 1345; baseline 0 -17"><span class='ocrx_word' id='word_1_83' title='bbox 456 1274 906 1339; x_wconf 85' lang='lat' dir='ltr'><strong>continebantur,</strong></span> <span class='ocrx_word' id='word_1_84' title='bbox 937 1273 1194 1345; x_wconf 85' lang='lat' dir='ltr'><strong>abrogari</strong></span> <span class='ocrx_word' id='word_1_85' title='bbox 1219 1281 1346 1329; x_wconf 89' lang='lat' dir='ltr'><strong>sunt</strong></span> <span class='ocrx_word' id='word_1_86' title='bbox 1369 1281 1550 1345; x_wconf 63' lang='lat' dir='ltr'><strong>cepta</strong></span> <span class='ocrx_word' id='word_1_87' title='bbox 1574 1290 1589 1339; x_wconf 90' lang='lat'><strong>;</strong></span> <span class='ocrx_word' id='word_1_88' title='bbox 1625 1283 1773 1328; x_wconf 88' lang='lat' dir='ltr'><strong>etne</strong></span> <span class='ocrx_word' id='word_1_89' title='bbox 1797 1289 2041 1330; x_wconf 83' lang='lat' dir='ltr'><strong>comme-</strong></span> 
     </span>
    </p>
   </div>
   <div class='ocr_carea' id='block_1_15' title="bbox 455 1365 2040 1437">
    <p class='ocr_par' dir='ltr' id='par_1_15' title="bbox 455 1365 2040 1437">
     <span class='ocr_line' id='line_1_15' title="bbox 455 1365 2040 1437; baseline 0.001 -17"><span class='ocrx_word' id='word_1_90' title='bbox 455 1367 662 1420; x_wconf 86' lang='lat' dir='ltr'><strong>morari</strong></span> <span class='ocrx_word' id='word_1_91' title='bbox 695 1366 917 1437; x_wconf 88' lang='lat' dir='ltr'><strong>quidem</strong></span> <span class='ocrx_word' id='word_1_92' title='bbox 941 1381 1006 1421; x_wconf 88' lang='lat' dir='ltr'><strong>ea</strong></span> <span class='ocrx_word' id='word_1_93' title='bbox 1054 1381 1178 1436; x_wconf 67' lang='lat' dir='ltr'><strong>qua:</strong></span> <span class='ocrx_word' id='word_1_94' title='bbox 1199 1365 1256 1421; x_wconf 92' lang='lat' dir='ltr'><strong>in</strong></span> <span class='ocrx_word' id='word_1_95' title='bbox 1282 1365 1497 1420; x_wconf 86' lang='lat' dir='ltr'><strong>umbris</strong></span> <span class='ocrx_word' id='word_1_96' title='bbox 1529 1373 1710 1429; x_wconf 87' lang='lat' dir='ltr'><strong>erant,</strong></span> <span class='ocrx_word' id='word_1_97' title='bbox 1738 1375 2040 1436; x_wconf 86' lang='lat' dir='ltr'><strong>contraque</strong></span> 
     </span>
    </p>
   </div>
   <div class='ocr_carea' id='block_1_16' title="bbox 454 1456 2039 1529">
    <p class='ocr_par' dir='ltr' id='par_1_16' title="bbox 454 1456 2039 1529">
     <span class='ocr_line' id='line_1_16' title="bbox 454 1456 2039 1529; baseline -0.001 -16"><span class='ocrx_word' id='word_1_98' title='bbox 454 1457 661 1513; x_wconf 90' lang='lat' dir='ltr'><strong>veritas</strong></span> <span class='ocrx_word' id='word_1_99' title='bbox 684 1457 971 1529; x_wconf 63' lang='lat' dir='ltr'><strong>praedicari</strong></span> <span class='ocrx_word' id='word_1_100' title='bbox 993 1457 1194 1528; x_wconf 84' lang='lat' dir='ltr'><strong>palam,</strong></span> <span class='ocrx_word' id='word_1_101' title='bbox 1222 1465 1279 1512; x_wconf 89' lang='lat' dir='ltr'><strong>et</strong></span> <span class='ocrx_word' id='word_1_102' title='bbox 1299 1456 1505 1512; x_wconf 88' lang='lat' dir='ltr'><strong>Christi</strong></span> <span class='ocrx_word' id='word_1_103' title='bbox 1531 1458 1804 1512; x_wconf 86' lang='lat' dir='ltr'><strong>adventus</strong></span> <span class='ocrx_word' id='word_1_104' title='bbox 1833 1466 2039 1528; x_wconf 84' lang='lat' dir='ltr'><strong>myste-</strong></span> 
     </span>
    </p>
   </div>
   <div class='ocr_carea' id='block_1_17' title="bbox 455 1548 2040 1619">
    <p class='ocr_par' dir='ltr' id='par_1_17' title="bbox 455 1548 2040 1619">
     <span class='ocr_line' id='line_1_17' title="bbox 455 1548 2040 1619; baseline -0.002 -13"><span class='ocrx_word' id='word_1_105' title='bbox 455 1552 599 1606; x_wconf 83' lang='lat' dir='ltr'><strong>rium</strong></span> <span class='ocrx_word' id='word_1_106' title='bbox 637 1548 1030 1606; x_wconf 90' lang='lat' dir='ltr'><strong>commendari.</strong></span> <span class='ocrx_word' id='word_1_107' title='bbox 1083 1548 1195 1604; x_wconf 85' lang='lat' dir='ltr'><strong>Hos</strong></span> <span class='ocrx_word' id='word_1_108' title='bbox 1225 1549 1474 1619; x_wconf 77' lang='lat' dir='ltr'><strong>proxime</strong></span> <span class='ocrx_word' id='word_1_109' title='bbox 1501 1549 1649 1605; x_wconf 89' lang='lat' dir='ltr'><strong>illico</strong></span> <span class='ocrx_word' id='word_1_110' title='bbox 1695 1560 1919 1605; x_wconf 89' lang='lat' dir='ltr'><strong>secutus</strong></span> <span class='ocrx_word' id='word_1_111' title='bbox 1955 1559 2040 1604; x_wconf 87' lang='lat' dir='ltr'><strong>est</strong></span> 
     </span>
    </p>
   </div>
   <div class='ocr_carea' id='block_1_18' title="bbox 456 1642 2040 1714">
    <p class='ocr_par' dir='ltr' id='par_1_18' title="bbox 456 1642 2040 1714">
     <span class='ocr_line' id='line_1_18' title="bbox 456 1642 2040 1714; baseline -0.001 -17"><span class='ocrx_word' id='word_1_112' title='bbox 456 1644 548 1698; x_wconf 85' lang='lat' dir='ltr'><strong>ille</strong></span> <span class='ocrx_word' id='word_1_113' title='bbox 586 1658 920 1714; x_wconf 83' lang='lat' dir='ltr'><strong>praecursor,</strong></span> <span class='ocrx_word' id='word_1_114' title='bbox 951 1642 1196 1697; x_wconf 84' lang='lat' dir='ltr'><strong>clamans</strong></span> <span class='ocrx_word' id='word_1_115' title='bbox 1225 1655 1290 1698; x_wconf 89' lang='lat' dir='ltr'><strong>ac</strong></span> <span class='ocrx_word' id='word_1_116' title='bbox 1318 1642 1511 1698; x_wconf 87' lang='lat' dir='ltr'><strong>dicens</strong></span> <span class='ocrx_word' id='word_1_117' title='bbox 1539 1654 1551 1696; x_wconf 84' lang='lat'><strong>:</strong></span> <span class='ocrx_word' id='word_1_118' title='bbox 1603 1661 1621 1694; x_wconf 74' lang='grc' dir='ltr'><strong>ι</strong></span> <span class='ocrx_word' id='word_1_119' title='bbox 1651 1642 2040 1698; x_wconf 64' lang='lat' dir='ltr'><strong>Paenitentiam</strong></span> 
     </span>
    </p>
   </div>
   <div class='ocr_carea' id='block_1_19' title="bbox 455 1733 2031 1807">
    <p class='ocr_par' dir='ltr' id='par_1_19' title="bbox 455 1733 2031 1807">
     <span class='ocr_line' id='line_1_19' title="bbox 455 1733 2031 1807; baseline -0.004 -17"><span class='ocrx_word' id='word_1_120' title='bbox 455 1736 628 1806; x_wconf 86' lang='lat' dir='ltr'><strong>agite;</strong></span> <span class='ocrx_word' id='word_1_121' title='bbox 656 1734 1123 1807; x_wconf 84' lang='lat' dir='ltr'><strong>appropinquavit</strong></span> <span class='ocrx_word' id='word_1_122' title='bbox 1154 1733 1304 1790; x_wconf 89' lang='lat' dir='ltr'><strong>enim</strong></span> <span class='ocrx_word' id='word_1_123' title='bbox 1345 1749 1574 1805; x_wconf 87' lang='lat' dir='ltr'><strong>regnum</strong></span> <span class='ocrx_word' id='word_1_124' title='bbox 1618 1734 1966 1789; x_wconf 61' lang='lat' dir='ltr'><strong>caelorum&quot;.</strong></span> <span class='ocrx_word' id='word_1_125' title='bbox 2013 1750 2031 1784; x_wconf 86' lang='grc' dir='ltr'><strong>ι</strong></span> 
     </span>
    </p>
   </div>
   <div class='ocr_carea' id='block_1_20' title="bbox 2149 541 3721 621">
    <p class='ocr_par' dir='ltr' id='par_1_20' title="bbox 2149 541 3721 621">
     <span class='ocr_line' id='line_1_20' title="bbox 2149 541 3721 621; baseline 0.006 -28"><span class='ocrx_word' id='word_1_126' title='bbox 2149 557 2352 594; x_wconf 75' lang='grc' dir='ltr'>σεται.»</span> <span class='ocrx_word' id='word_1_127' title='bbox 2389 541 2461 595; x_wconf 84' lang='grc' dir='ltr'>Τὸ</span> <span class='ocrx_word' id='word_1_128' title='bbox 2489 542 2608 607; x_wconf 79' lang='grc' dir='ltr'>ἔτος</span> <span class='ocrx_word' id='word_1_129' title='bbox 2637 543 2854 616; x_wconf 79' lang='grc' dir='ltr'><strong>τίθησιν</strong></span> <span class='ocrx_word' id='word_1_130' title='bbox 2888 547 2966 609; x_wconf 73' lang='grc' dir='ltr'>εἰς</span> <span class='ocrx_word' id='word_1_131' title='bbox 2991 546 3200 619; x_wconf 83' lang='grc' dir='ltr'>καιρόν·</span> <span class='ocrx_word' id='word_1_132' title='bbox 3231 548 3412 619; x_wconf 79' lang='grc' dir='ltr'>καιροὶ</span> <span class='ocrx_word' id='word_1_133' title='bbox 3437 548 3546 620; x_wconf 83' lang='grc' dir='ltr'><strong>γὰρ</strong></span> <span class='ocrx_word' id='word_1_134' title='bbox 3573 549 3721 621; x_wconf 83' lang='grc' dir='ltr'><strong>πρῶ-</strong></span> 
     </span>
    </p>
   </div>
   <div class='ocr_carea' id='block_1_21' title="bbox 2145 630 3725 710">
    <p class='ocr_par' dir='ltr' id='par_1_21' title="bbox 2145 630 3725 710">
     <span class='ocr_line' id='line_1_21' title="bbox 2145 630 3725 710; baseline 0.008 -30"><span class='ocrx_word' id='word_1_135' title='bbox 2145 643 2226 681; x_wconf 87' lang='grc' dir='ltr'><strong>τοι</strong></span> <span class='ocrx_word' id='word_1_136' title='bbox 2258 630 2516 698; x_wconf 85' lang='grc' dir='ltr'>γεγόνασι</span> <span class='ocrx_word' id='word_1_137' title='bbox 2544 634 2691 702; x_wconf 77' lang='grc' dir='ltr'>τρεῖς</span> <span class='ocrx_word' id='word_1_138' title='bbox 2715 674 2730 699; x_wconf 88' lang='grc'><em>,</em></span> <span class='ocrx_word' id='word_1_139' title='bbox 2760 633 2881 688; x_wconf 87' lang='grc' dir='ltr'>καθ’</span> <span class='ocrx_word' id='word_1_140' title='bbox 2908 633 3002 699; x_wconf 83' lang='grc' dir='ltr'><strong>οὒς</strong></span> <span class='ocrx_word' id='word_1_141' title='bbox 3029 630 3098 706; x_wconf 80' lang='grc' dir='ltr'><strong>ἦν</strong></span> <span class='ocrx_word' id='word_1_142' title='bbox 3121 633 3151 688; x_wconf 83' lang='grc' dir='ltr'>ὁ</span> <span class='ocrx_word' id='word_1_143' title='bbox 3172 637 3336 707; x_wconf 81' lang='grc' dir='ltr'>νόμος</span> <span class='ocrx_word' id='word_1_144' title='bbox 3357 637 3725 710; x_wconf 79' lang='grc' dir='ltr'>ἀπερικάθαρ-</span> 
     </span>
    </p>
   </div>
   <div class='ocr_carea' id='block_1_22' title="bbox 2143 717 3723 799">
    <p class='ocr_par' dir='ltr' id='par_1_22' title="bbox 2143 717 3723 799">
     <span class='ocr_line' id='line_1_22' title="bbox 2143 717 3723 799; baseline 0.006 -27"><span class='ocrx_word' id='word_1_145' title='bbox 2143 735 2235 782; x_wconf 91' lang='grc' dir='ltr'>τος</span> <span class='ocrx_word' id='word_1_146' title='bbox 2264 717 2367 784; x_wconf 79' lang='grc' dir='ltr'>ἔτι,</span> <span class='ocrx_word' id='word_1_147' title='bbox 2399 719 2476 792; x_wconf 81' lang='grc' dir='ltr'>τῷ</span> <span class='ocrx_word' id='word_1_148' title='bbox 2507 721 2610 791; x_wconf 80' lang='grc' dir='ltr'>τῆς</span> <span class='ocrx_word' id='word_1_149' title='bbox 2645 722 2885 795; x_wconf 72' lang='grc' dir='ltr'><strong>ἱστορίας</strong></span> <span class='ocrx_word' id='word_1_150' title='bbox 2925 725 3088 796; x_wconf 83' lang='grc' dir='ltr'>πάχει</span> <span class='ocrx_word' id='word_1_151' title='bbox 3129 727 3596 799; x_wconf 79' lang='grc' dir='ltr'>κατηχθισμένος,</span> <span class='ocrx_word' id='word_1_152' title='bbox 3632 726 3723 782; x_wconf 78' lang='grc' dir='ltr'><strong>καὶ</strong></span> 
     </span>
    </p>
   </div>
   <div class='ocr_carea' id='block_1_23' title="bbox 2145 808 3720 889">
    <p class='ocr_par' dir='ltr' id='par_1_23' title="bbox 2145 808 3720 889">
     <span class='ocr_line' id='line_1_23' title="bbox 2145 808 3720 889; baseline 0.008 -28"><span class='ocrx_word' id='word_1_153' title='bbox 2145 808 2334 882; x_wconf 83' lang='grc' dir='ltr'>ὥσπερ</span> <span class='ocrx_word' id='word_1_154' title='bbox 2383 812 2589 865; x_wconf 73' lang='grc' dir='ltr'>εἰκαῖον</span> <span class='ocrx_word' id='word_1_155' title='bbox 2641 812 2906 886; x_wconf 80' lang='grc' dir='ltr'>συρφετὸν</span> <span class='ocrx_word' id='word_1_156' title='bbox 2957 815 3339 888; x_wconf 85' lang='grc' dir='ltr'>περικείμενος</span> <span class='ocrx_word' id='word_1_157' title='bbox 3390 817 3491 889; x_wconf 81' lang='grc' dir='ltr'><strong>τὴν</strong></span> <span class='ocrx_word' id='word_1_158' title='bbox 3540 819 3720 874; x_wconf 80' lang='grc' dir='ltr'>σκιάν.</span> 
     </span>
    </p>
   </div>
   <div class='ocr_carea' id='block_1_24' title="bbox 2143 901 3720 981">
    <p class='ocr_par' dir='ltr' id='par_1_24' title="bbox 2143 901 3720 981">
     <span class='ocr_line' id='line_1_24' title="bbox 2143 901 3720 981; baseline 0.006 -27"><span class='ocrx_word' id='word_1_159' title='bbox 2143 902 2385 973; x_wconf 83' lang='grc' dir='ltr'>Χρόνους</span> <span class='ocrx_word' id='word_1_160' title='bbox 2409 903 2464 958; x_wconf 86' lang='grc' dir='ltr'><strong>δὲ</strong></span> <span class='ocrx_word' id='word_1_161' title='bbox 2484 907 2634 978; x_wconf 82' lang='grc' dir='ltr'>τρεῖς</span> <span class='ocrx_word' id='word_1_162' title='bbox 2656 901 2792 960; x_wconf 81' lang='grc' dir='ltr'>εἷναί</span> <span class='ocrx_word' id='word_1_163' title='bbox 2814 925 2976 980; x_wconf 82' lang='grc' dir='ltr'>φημι,</span> <span class='ocrx_word' id='word_1_164' title='bbox 2999 908 3091 961; x_wconf 83' lang='grc' dir='ltr'><strong>τὸν</strong></span> <span class='ocrx_word' id='word_1_165' title='bbox 3115 909 3378 973; x_wconf 78' lang='grc' dir='ltr'><strong>Μωσέως,</strong></span> <span class='ocrx_word' id='word_1_166' title='bbox 3397 909 3491 963; x_wconf 79' lang='grc' dir='ltr'><strong>τὸν</strong></span> <span class='ocrx_word' id='word_1_167' title='bbox 3525 910 3720 981; x_wconf 84' lang='grc' dir='ltr'><strong>Ἰησοῦ,</strong></span> 
     </span>
    </p>
   </div>
   <div class='ocr_carea' id='block_1_25' title="bbox 2144 994 3722 1072">
    <p class='ocr_par' dir='ltr' id='par_1_25' title="bbox 2144 994 3722 1072">
     <span class='ocr_line' id='line_1_25' title="bbox 2144 994 3722 1072; baseline 0.004 -25"><span class='ocrx_word' id='word_1_168' title='bbox 2144 994 2236 1049; x_wconf 79' lang='grc' dir='ltr'>τὸν</span> <span class='ocrx_word' id='word_1_169' title='bbox 2255 995 2500 1064; x_wconf 79' lang='grc' dir='ltr'><strong>Κριτῶν⁴</strong></span> <span class='ocrx_word' id='word_1_170' title='bbox 2537 997 2726 1069; x_wconf 80' lang='grc' dir='ltr'>καιρὸς</span> <span class='ocrx_word' id='word_1_171' title='bbox 2774 1000 2889 1069; x_wconf 80' lang='grc' dir='ltr'>μετ’</span> <span class='ocrx_word' id='word_1_172' title='bbox 2927 999 3168 1063; x_wconf 77' lang='grc' dir='ltr'><strong>ἐκείνους</strong></span> <span class='ocrx_word' id='word_1_173' title='bbox 3192 999 3446 1072; x_wconf 74' lang='grc' dir='ltr'><strong>τέταρτος</strong></span> <span class='ocrx_word' id='word_1_174' title='bbox 3474 995 3564 1072; x_wconf 82' lang='grc' dir='ltr'><strong>ἦν,</strong></span> <span class='ocrx_word' id='word_1_175' title='bbox 3602 1000 3722 1055; x_wconf 78' lang='grc' dir='ltr'>καθ’</span> 
     </span>
    </p>
   </div>
   <div class='ocr_carea' id='block_1_26' title="bbox 2143 1084 3720 1164">
    <p class='ocr_par' dir='ltr' id='par_1_26' title="bbox 2143 1084 3720 1164">
     <span class='ocr_line' id='line_1_26' title="bbox 2143 1084 3720 1164; baseline 0.006 -26"><span class='ocrx_word' id='word_1_176' title='bbox 2143 1084 2202 1140; x_wconf 81' lang='grc' dir='ltr'><strong>ὃν</strong></span> <span class='ocrx_word' id='word_1_177' title='bbox 2249 1084 2280 1137; x_wconf 85' lang='lat'><strong>6</strong></span> <span class='ocrx_word' id='word_1_178' title='bbox 2317 1085 2567 1158; x_wconf 82' lang='grc' dir='ltr'>λαμπρὸς</span> <span class='ocrx_word' id='word_1_179' title='bbox 2618 1087 2727 1142; x_wconf 85' lang='grc' dir='ltr'>τῶν</span> <span class='ocrx_word' id='word_1_180' title='bbox 2773 1089 2944 1160; x_wconf 84' lang='grc' dir='ltr'><strong>ἁγίων</strong></span> <span class='ocrx_word' id='word_1_181' title='bbox 2979 1090 3277 1163; x_wconf 84' lang='grc' dir='ltr'><strong>προφητῶν</strong></span> <span class='ocrx_word' id='word_1_182' title='bbox 3321 1091 3492 1161; x_wconf 79' lang='grc' dir='ltr'>ἀνέφυ</span> <span class='ocrx_word' id='word_1_183' title='bbox 3540 1093 3720 1164; x_wconf 83' lang='grc' dir='ltr'>χορός.</span> 
     </span>
    </p>
   </div>
   <div class='ocr_carea' id='block_1_27' title="bbox 2145 1177 3726 1253">
    <p class='ocr_par' dir='ltr' id='par_1_27' title="bbox 2145 1177 3726 1253">
     <span class='ocr_line' id='line_1_27' title="bbox 2145 1177 3726 1253; baseline 0.004 -24"><span class='ocrx_word' id='word_1_184' title='bbox 2145 1177 2280 1230; x_wconf 82' lang='grc' dir='ltr'><strong>Τότε</strong></span> <span class='ocrx_word' id='word_1_185' title='bbox 2312 1177 2533 1247; x_wconf 81' lang='grc' dir='ltr'><strong>γέγονεν</strong></span> <span class='ocrx_word' id='word_1_186' title='bbox 2559 1180 2587 1234; x_wconf 91' lang='lat'><strong>6</strong></span> <span class='ocrx_word' id='word_1_187' title='bbox 2609 1179 2704 1234; x_wconf 78' lang='grc' dir='ltr'><strong>τοῦ</strong></span> <span class='ocrx_word' id='word_1_188' title='bbox 2746 1180 2913 1252; x_wconf 83' lang='grc' dir='ltr'>νόμου</span> <span class='ocrx_word' id='word_1_189' title='bbox 2953 1181 3163 1253; x_wconf 82' lang='grc' dir='ltr'>καρπὸς</span> <span class='ocrx_word' id='word_1_190' title='bbox 3191 1181 3344 1250; x_wconf 77' lang='grc' dir='ltr'>ἅγιός</span> <span class='ocrx_word' id='word_1_191' title='bbox 3367 1199 3426 1236; x_wconf 88' lang='grc' dir='ltr'><strong>τε</strong></span> <span class='ocrx_word' id='word_1_192' title='bbox 3456 1184 3552 1236; x_wconf 77' lang='grc' dir='ltr'><strong>καὶ</strong></span> <span class='ocrx_word' id='word_1_193' title='bbox 3582 1186 3726 1236; x_wconf 80' lang='grc' dir='ltr'>αἰνε-</span> 
     </span>
    </p>
   </div>
   <div class='ocr_carea' id='block_1_28' title="bbox 2144 1263 3724 1342">
    <p class='ocr_par' dir='ltr' id='par_1_28' title="bbox 2144 1263 3724 1342">
     <span class='ocr_line' id='line_1_28' title="bbox 2144 1263 3724 1342; baseline 0.002 -21"><span class='ocrx_word' id='word_1_194' title='bbox 2144 1263 2252 1332; x_wconf 80' lang='grc' dir='ltr'>τός.</span> <span class='ocrx_word' id='word_1_195' title='bbox 2281 1266 2524 1342; x_wconf 77' lang='grc' dir='ltr'><strong>Ἠρξατο</strong></span> <span class='ocrx_word' id='word_1_196' title='bbox 2540 1268 2649 1342; x_wconf 85' lang='grc' dir='ltr'><strong>γὰρ</strong></span> <span class='ocrx_word' id='word_1_197' title='bbox 2677 1270 2742 1323; x_wconf 84' lang='grc' dir='ltr'>ὲκ</span> <span class='ocrx_word' id='word_1_198' title='bbox 2768 1269 3065 1342; x_wconf 74' lang='grc' dir='ltr'><strong>προφητῶν</strong></span> <span class='ocrx_word' id='word_1_199' title='bbox 3093 1269 3284 1339; x_wconf 79' lang='grc' dir='ltr'><strong>ἁγίων,</strong></span> <span class='ocrx_word' id='word_1_200' title='bbox 3311 1269 3626 1324; x_wconf 82' lang='grc' dir='ltr'><strong>ἀθετεῖσθαι</strong></span> <span class='ocrx_word' id='word_1_201' title='bbox 3655 1272 3724 1325; x_wconf 76' lang='grc' dir='ltr'><strong>τὰ</strong></span> 
     </span>
    </p>
   </div>
   <div class='ocr_carea' id='block_1_29' title="bbox 2144 1361 3724 1438">
    <p class='ocr_par' dir='ltr' id='par_1_29' title="bbox 2144 1361 3724 1438">
     <span class='ocr_line' id='line_1_29' title="bbox 2144 1361 3724 1438; baseline 0.001 -23"><span class='ocrx_word' id='word_1_202' title='bbox 2144 1361 2202 1416; x_wconf 83' lang='grc' dir='ltr'><strong>ὲν</strong></span> <span class='ocrx_word' id='word_1_203' title='bbox 2233 1362 2404 1435; x_wconf 84' lang='grc' dir='ltr'>νόμῳ,</span> <span class='ocrx_word' id='word_1_204' title='bbox 2433 1363 2530 1417; x_wconf 71' lang='grc' dir='ltr'>καὶ</span> <span class='ocrx_word' id='word_1_205' title='bbox 2563 1363 2685 1416; x_wconf 82' lang='grc' dir='ltr'><strong>οὐδὲ</strong></span> <span class='ocrx_word' id='word_1_206' title='bbox 2712 1363 3072 1438; x_wconf 76' lang='grc' dir='ltr'>ὀνομάζεσθαι</span> <span class='ocrx_word' id='word_1_207' title='bbox 3101 1364 3170 1417; x_wconf 79' lang='grc' dir='ltr'><strong>τὰ</strong></span> <span class='ocrx_word' id='word_1_208' title='bbox 3203 1363 3278 1429; x_wconf 83' lang='grc' dir='ltr'>ὡς</span> <span class='ocrx_word' id='word_1_209' title='bbox 3305 1364 3364 1417; x_wconf 84' lang='grc' dir='ltr'><strong>ὲν</strong></span> <span class='ocrx_word' id='word_1_210' title='bbox 3396 1365 3598 1426; x_wconf 79' lang='grc' dir='ltr'><strong>σκιαῖς,</strong></span> <span class='ocrx_word' id='word_1_211' title='bbox 3627 1379 3724 1433; x_wconf 88' lang='grc' dir='ltr'>κη-</span> 
     </span>
    </p>
   </div>
   <div class='ocr_carea' id='block_1_30' title="bbox 2146 1453 3724 1528">
    <p class='ocr_par' dir='ltr' id='par_1_30' title="bbox 2146 1453 3724 1528">
     <span class='ocr_line' id='line_1_30' title="bbox 2146 1453 3724 1528; baseline -0.002 -18"><span class='ocrx_word' id='word_1_212' title='bbox 2146 1455 2436 1528; x_wconf 83' lang='grc' dir='ltr'>ρύττεσθαι</span> <span class='ocrx_word' id='word_1_213' title='bbox 2469 1456 2527 1510; x_wconf 83' lang='grc' dir='ltr'><strong>δὲ</strong></span> <span class='ocrx_word' id='word_1_214' title='bbox 2561 1455 2810 1527; x_wconf 80' lang='grc' dir='ltr'>φανερῶς</span> <span class='ocrx_word' id='word_1_215' title='bbox 2858 1456 2893 1526; x_wconf 78' lang='grc' dir='ltr'><strong>ἡ</strong></span> <span class='ocrx_word' id='word_1_216' title='bbox 2931 1454 3189 1527; x_wconf 79' lang='grc' dir='ltr'>ἀλήθεια,</span> <span class='ocrx_word' id='word_1_217' title='bbox 3231 1454 3326 1509; x_wconf 77' lang='grc' dir='ltr'><strong>καὶ</strong></span> <span class='ocrx_word' id='word_1_218' title='bbox 3359 1455 3458 1525; x_wconf 80' lang='grc' dir='ltr'><strong>τῆς</strong></span> <span class='ocrx_word' id='word_1_219' title='bbox 3485 1453 3724 1526; x_wconf 78' lang='grc' dir='ltr'><strong>Χριστοῦ</strong></span> 
     </span>
    </p>
   </div>
   <div class='ocr_carea' id='block_1_31' title="bbox 2146 1546 3726 1620">
    <p class='ocr_par' dir='ltr' id='par_1_31' title="bbox 2146 1546 3726 1620">
     <span class='ocr_line' id='line_1_31' title="bbox 2146 1546 3726 1620; baseline -0.002 -20"><span class='ocrx_word' id='word_1_220' title='bbox 2146 1547 2448 1620; x_wconf 79' lang='grc' dir='ltr'>παρουσίας</span> <span class='ocrx_word' id='word_1_221' title='bbox 2494 1547 2836 1601; x_wconf 75' lang='grc' dir='ltr'>ἐπαινεῖσθαι</span> <span class='ocrx_word' id='word_1_222' title='bbox 2882 1547 2944 1601; x_wconf 81' lang='grc' dir='ltr'><strong>τὸ</strong></span> <span class='ocrx_word' id='word_1_223' title='bbox 3009 1547 3327 1620; x_wconf 76' lang='grc' dir='ltr'>μυστήριον.</span> <span class='ocrx_word' id='word_1_224' title='bbox 3371 1546 3482 1601; x_wconf 77' lang='grc' dir='ltr'><strong>Καὶ</strong></span> <span class='ocrx_word' id='word_1_225' title='bbox 3524 1546 3726 1613; x_wconf 80' lang='grc' dir='ltr'><strong>γείτων</strong></span> 
     </span>
    </p>
   </div>
   <div class='ocr_carea' id='block_1_32' title="bbox 2144 1635 3722 1712">
    <p class='ocr_par' dir='ltr' id='par_1_32' title="bbox 2144 1635 3722 1712">
     <span class='ocr_line' id='line_1_32' title="bbox 2144 1635 3722 1712; baseline -0.004 -18"><span class='ocrx_word' id='word_1_226' title='bbox 2144 1640 2306 1705; x_wconf 78' lang='grc' dir='ltr'>εὐθὺς</span> <span class='ocrx_word' id='word_1_227' title='bbox 2333 1639 2362 1692; x_wconf 88' lang='lat'><strong>6</strong></span> <span class='ocrx_word' id='word_1_228' title='bbox 2397 1639 2701 1712; x_wconf 83' lang='grc' dir='ltr'>πρόδρομος</span> <span class='ocrx_word' id='word_1_229' title='bbox 2738 1635 2829 1711; x_wconf 76' lang='grc' dir='ltr'><strong>ἦν,</strong></span> <span class='ocrx_word' id='word_1_230' title='bbox 2861 1640 3255 1710; x_wconf 81' lang='grc' dir='ltr'>ἀνακεκραγώς</span> <span class='ocrx_word' id='word_1_231' title='bbox 3292 1656 3353 1692; x_wconf 83' lang='grc' dir='ltr'><strong>τε</strong></span> <span class='ocrx_word' id='word_1_232' title='bbox 3393 1639 3484 1691; x_wconf 75' lang='grc' dir='ltr'><strong>καὶ</strong></span> <span class='ocrx_word' id='word_1_233' title='bbox 3523 1636 3722 1705; x_wconf 71' lang='grc' dir='ltr'><strong>λέγων⁴</strong></span> 
     </span>
    </p>
   </div>
   <div class='ocr_carea' id='block_1_33' title="bbox 2151 1728 3721 1803">
    <p class='ocr_par' dir='ltr' id='par_1_33' title="bbox 2151 1728 3721 1803">
     <span class='ocr_line' id='line_1_33' title="bbox 2151 1728 3721 1803; baseline -0.001 -21"><span class='ocrx_word' id='word_1_234' title='bbox 2151 1749 2169 1782; x_wconf 79' lang='grc' dir='ltr'><strong>ι</strong></span> <span class='ocrx_word' id='word_1_235' title='bbox 2195 1732 2524 1785; x_wconf 84' lang='grc' dir='ltr'><strong>Μετανοεῖτε</strong></span> <span class='ocrx_word' id='word_1_236' title='bbox 2545 1748 2557 1760; x_wconf 81' lang='grc'><em>’</em></span> <span class='ocrx_word' id='word_1_237' title='bbox 2596 1731 2797 1803; x_wconf 77' lang='grc' dir='ltr'>ἦγγικε</span> <span class='ocrx_word' id='word_1_238' title='bbox 2819 1730 2928 1802; x_wconf 85' lang='grc' dir='ltr'><strong>γὰρ</strong></span> <span class='ocrx_word' id='word_1_239' title='bbox 2947 1733 2982 1803; x_wconf 81' lang='grc' dir='ltr'><strong>ἡ</strong></span> <span class='ocrx_word' id='word_1_240' title='bbox 3013 1730 3259 1803; x_wconf 78' lang='grc' dir='ltr'>βασιλεία</span> <span class='ocrx_word' id='word_1_241' title='bbox 3283 1729 3392 1784; x_wconf 88' lang='grc' dir='ltr'>τῶν</span> <span class='ocrx_word' id='word_1_242' title='bbox 3407 1728 3674 1802; x_wconf 77' lang='grc' dir='ltr'>οὐρανῶν.</span> <span class='ocrx_word' id='word_1_243' title='bbox 3701 1746 3721 1780; x_wconf 84' lang='grc' dir='ltr'><strong>ι</strong></span> 
     </span>
    </p>
   </div>
   <div class='ocr_carea' id='block_1_34' title="bbox 456 1817 2037 1899">
    <p class='ocr_par' dir='ltr' id='par_1_34' title="bbox 456 1825 2036 1899">
     <span class='ocr_line' id='line_1_34' title="bbox 456 1825 2036 1899; baseline -0.003 -17"><span class='ocrx_word' id='word_1_244' title='bbox 456 1829 626 1899; x_wconf 80' lang='lat' dir='ltr'><strong>igitur</strong></span> <span class='ocrx_word' id='word_1_245' title='bbox 645 1837 840 1899; x_wconf 89' lang='lat' dir='ltr'><strong>quarto</strong></span> <span class='ocrx_word' id='word_1_246' title='bbox 866 1840 1134 1899; x_wconf 85' lang='lat' dir='ltr'><strong>tempore,</strong></span> <span class='ocrx_word' id='word_1_247' title='bbox 1161 1842 1283 1896; x_wconf 70' lang='lat' dir='ltr'><strong>quae</strong></span> <span class='ocrx_word' id='word_1_248' title='bbox 1325 1826 1382 1882; x_wconf 91' lang='lat' dir='ltr'><strong>in</strong></span> <span class='ocrx_word' id='word_1_249' title='bbox 1405 1827 1525 1898; x_wconf 89' lang='lat' dir='ltr'><strong>lege</strong></span> <span class='ocrx_word' id='word_1_250' title='bbox 1563 1825 1764 1882; x_wconf 88' lang='lat' dir='ltr'><strong>tradita</strong></span> <span class='ocrx_word' id='word_1_251' title='bbox 1795 1825 2036 1890; x_wconf 82' lang='lat' dir='ltr'><strong>fuerant,</strong></span> 
     </span>
    </p>
   </div>
   <div class='ocr_carea' id='block_1_35' title="bbox 2143 1817 3728 1899">
    <p class='ocr_par' dir='ltr' id='par_1_35' title="bbox 2143 1819 3728 1896">
     <span class='ocr_line' id='line_1_35' title="bbox 2143 1819 3728 1896; baseline -0.003 -19"><span class='ocrx_word' id='word_1_252' title='bbox 2143 1822 2349 1878; x_wconf 82' lang='grc' dir='ltr'>Οὐκοῦν</span> <span class='ocrx_word' id='word_1_253' title='bbox 2372 1824 2430 1877; x_wconf 84' lang='grc' dir='ltr'><strong>ὲν</strong></span> <span class='ocrx_word' id='word_1_254' title='bbox 2451 1823 2697 1896; x_wconf 81' lang='grc' dir='ltr'><strong>τετάρτῳ</strong></span> <span class='ocrx_word' id='word_1_255' title='bbox 2726 1822 2906 1896; x_wconf 84' lang='grc' dir='ltr'>χρόνῳ</span> <span class='ocrx_word' id='word_1_256' title='bbox 2943 1823 3080 1895; x_wconf 77' lang='grc' dir='ltr'><strong>πρὸς</strong></span> <span class='ocrx_word' id='word_1_257' title='bbox 3109 1822 3284 1895; x_wconf 80' lang='grc' dir='ltr'>ἀρχὰς</span> <span class='ocrx_word' id='word_1_258' title='bbox 3317 1821 3411 1876; x_wconf 83' lang='grc' dir='ltr'><strong>τοῦ</strong></span> <span class='ocrx_word' id='word_1_259' title='bbox 3439 1819 3728 1876; x_wconf 79' lang='grc' dir='ltr'>διακαθαίο</span> 
     </span>
    </p>
   </div>
   <div class='ocr_carea' id='block_1_36' title="bbox 455 1920 2037 1993">
    <p class='ocr_par' dir='ltr' id='par_1_36' title="bbox 455 1920 2037 1993">
     <span class='ocr_line' id='line_1_36' title="bbox 455 1920 2037 1993; baseline 0 -17"><span class='ocrx_word' id='word_1_260' title='bbox 455 1921 749 1993; x_wconf 84' lang='lat' dir='ltr'><strong>expurgari</strong></span> <span class='ocrx_word' id='word_1_261' title='bbox 778 1929 1098 1990; x_wconf 86' lang='lat' dir='ltr'><strong>coeperunt;</strong></span> <span class='ocrx_word' id='word_1_262' title='bbox 1125 1928 1355 1990; x_wconf 83' lang='lat' dir='ltr'><strong>eratque</strong></span> <span class='ocrx_word' id='word_1_263' title='bbox 1374 1921 1488 1992; x_wconf 89' lang='lat' dir='ltr'><strong>jam</strong></span> <span class='ocrx_word' id='word_1_264' title='bbox 1511 1927 1736 1976; x_wconf 87' lang='lat' dir='ltr'><strong>sanctus</strong></span> <span class='ocrx_word' id='word_1_265' title='bbox 1766 1920 2037 1992; x_wconf 81' lang='lat' dir='ltr'><strong>quodam—</strong></span> 
     </span>
    </p>
   </div>
   <div class='ocr_carea' id='block_1_37' title="bbox 455 2013 2039 2086">
    <p class='ocr_par' dir='ltr' id='par_1_37' title="bbox 455 2013 2039 2086">
     <span class='ocr_line' id='line_1_37' title="bbox 455 2013 2039 2086; baseline -0.001 -16"><span class='ocrx_word' id='word_1_266' title='bbox 455 2015 622 2070; x_wconf 89' lang='lat' dir='ltr'><strong>modo</strong></span> <span class='ocrx_word' id='word_1_267' title='bbox 669 2015 788 2086; x_wconf 84' lang='lat' dir='ltr'><strong>ejus</strong></span> <span class='ocrx_word' id='word_1_268' title='bbox 823 2014 1037 2069; x_wconf 89' lang='lat' dir='ltr'><strong>fructus</strong></span> <span class='ocrx_word' id='word_1_269' title='bbox 1073 2029 1086 2066; x_wconf 89' lang='lat'>:</span> <span class='ocrx_word' id='word_1_270' title='bbox 1135 2021 1520 2070; x_wconf 78' lang='lat' dir='ltr'><strong>verumtamen</strong></span> <span class='ocrx_word' id='word_1_271' title='bbox 1569 2013 1764 2083; x_wconf 90' lang='lat' dir='ltr'><strong>quinto</strong></span> <span class='ocrx_word' id='word_1_272' title='bbox 1791 2021 2039 2084; x_wconf 86' lang='lat' dir='ltr'><strong>tempore</strong></span> 
     </span>
    </p>
   </div>
   <div class='ocr_carea' id='block_1_38' title="bbox 456 2100 2041 2176">
    <p class='ocr_par' dir='ltr' id='par_1_38' title="bbox 456 2100 2041 2176">
     <span class='ocr_line' id='line_1_38' title="bbox 456 2100 2041 2176; baseline -0.001 -17"><span class='ocrx_word' id='word_1_273' title='bbox 456 2104 525 2159; x_wconf 87' lang='lat' dir='ltr'><strong>ad</strong></span> <span class='ocrx_word' id='word_1_274' title='bbox 557 2105 742 2160; x_wconf 90' lang='lat' dir='ltr'><strong>cibum</strong></span> <span class='ocrx_word' id='word_1_275' title='bbox 788 2104 892 2161; x_wconf 91' lang='lat' dir='ltr'><strong>fuit</strong></span> <span class='ocrx_word' id='word_1_276' title='bbox 935 2114 1119 2176; x_wconf 86' lang='lat' dir='ltr'><strong>aptus,</strong></span> <span class='ocrx_word' id='word_1_277' title='bbox 1153 2121 1264 2176; x_wconf 90' lang='lat' dir='ltr'><strong>quo</strong></span> <span class='ocrx_word' id='word_1_278' title='bbox 1292 2114 1538 2175; x_wconf 86' lang='lat' dir='ltr'><strong>tempore</strong></span> <span class='ocrx_word' id='word_1_279' title='bbox 1566 2100 1773 2159; x_wconf 87' lang='lat' dir='ltr'><strong>Christi</strong></span> <span class='ocrx_word' id='word_1_280' title='bbox 1809 2105 2041 2176; x_wconf 77' lang='lat' dir='ltr'><strong>contigit</strong></span> 
     </span>
    </p>
   </div>
   <div class='ocr_carea' id='block_1_39' title="bbox 453 2195 2038 2267">
    <p class='ocr_par' dir='ltr' id='par_1_39' title="bbox 453 2195 2038 2267">
     <span class='ocr_line' id='line_1_39' title="bbox 453 2195 2038 2267; baseline 0 -17"><span class='ocrx_word' id='word_1_281' title='bbox 453 2195 745 2262; x_wconf 84' lang='lat' dir='ltr'><strong>adventus,</strong></span> <span class='ocrx_word' id='word_1_282' title='bbox 779 2196 1106 2253; x_wconf 83' lang='lat' dir='ltr'><strong>testiﬁcatus</strong></span> <span class='ocrx_word' id='word_1_283' title='bbox 1127 2209 1161 2253; x_wconf 74' lang='grc' dir='ltr'><strong>α</strong></span> <span class='ocrx_word' id='word_1_284' title='bbox 1185 2196 1306 2267; x_wconf 85' lang='lat' dir='ltr'><strong>lege</strong></span> <span class='ocrx_word' id='word_1_285' title='bbox 1320 2202 1378 2251; x_wconf 91' lang='lat' dir='ltr'><strong>et</strong></span> <span class='ocrx_word' id='word_1_286' title='bbox 1400 2195 1704 2266; x_wconf 87' lang='lat' dir='ltr'><strong>prophetis.</strong></span> <span class='ocrx_word' id='word_1_287' title='bbox 1737 2195 2038 2266; x_wconf 84' lang='lat' dir='ltr'><strong>Propterea</strong></span> 
     </span>
    </p>
   </div>
   <div class='ocr_carea' id='block_1_40' title="bbox 457 2285 2038 2360">
    <p class='ocr_par' dir='ltr' id='par_1_40' title="bbox 457 2285 2038 2360">
     <span class='ocr_line' id='line_1_40' title="bbox 457 2285 2038 2360; baseline 0.001 -18"><span class='ocrx_word' id='word_1_288' title='bbox 457 2285 680 2358; x_wconf 86' lang='lat' dir='ltr'><strong>inquit:</strong></span> <span class='ocrx_word' id='word_1_289' title='bbox 721 2308 738 2340; x_wconf 74' lang='grc' dir='ltr'><strong>ι</strong></span> <span class='ocrx_word' id='word_1_290' title='bbox 775 2288 896 2343; x_wconf 86' lang='lat' dir='ltr'><strong>Erit</strong></span> <span class='ocrx_word' id='word_1_291' title='bbox 932 2287 1146 2345; x_wconf 87' lang='lat' dir='ltr'><strong>fructus</strong></span> <span class='ocrx_word' id='word_1_292' title='bbox 1179 2289 1301 2360; x_wconf 86' lang='lat' dir='ltr'><strong>ejus</strong></span> <span class='ocrx_word' id='word_1_293' title='bbox 1330 2287 1604 2358; x_wconf 90' lang='lat' dir='ltr'><strong>appositio</strong></span> <span class='ocrx_word' id='word_1_294' title='bbox 1624 2288 1803 2344; x_wconf 91' lang='lat' dir='ltr'><strong>vobis.</strong></span> <span class='ocrx_word' id='word_1_295' title='bbox 1847 2307 1866 2339; x_wconf 80' lang='grc' dir='ltr'><strong>ι</strong></span> <span class='ocrx_word' id='word_1_296' title='bbox 1902 2287 2038 2343; x_wconf 90' lang='lat' dir='ltr'><strong>Nam</strong></span> 
     </span>
    </p>
   </div>
   <div class='ocr_carea' id='block_1_41' title="bbox 455 2379 2038 2453">
    <p class='ocr_par' dir='ltr' id='par_1_41' title="bbox 455 2379 2038 2453">
     <span class='ocr_line' id='line_1_41' title="bbox 455 2379 2038 2453; baseline 0.003 -19"><span class='ocrx_word' id='word_1_297' title='bbox 455 2391 656 2450; x_wconf 67' lang='lat' dir='ltr'><strong>praeter</strong></span> <span class='ocrx_word' id='word_1_298' title='bbox 695 2381 1042 2453; x_wconf 86' lang='lat' dir='ltr'><strong>evangelicas</strong></span> <span class='ocrx_word' id='word_1_299' title='bbox 1066 2379 1512 2452; x_wconf 71' lang='lat' dir='ltr'><strong>praedicationes,</strong></span> <span class='ocrx_word' id='word_1_300' title='bbox 1551 2381 1667 2452; x_wconf 89' lang='lat' dir='ltr'><strong>ipsa</strong></span> <span class='ocrx_word' id='word_1_301' title='bbox 1691 2396 1910 2452; x_wconf 89' lang='lat' dir='ltr'><strong>quoque</strong></span> <span class='ocrx_word' id='word_1_302' title='bbox 1955 2382 2038 2439; x_wconf 88' lang='lat' dir='ltr'><strong>le-</strong></span> 
     </span>
    </p>
   </div>
   <div class='ocr_carea' id='block_1_42' title="bbox 453 2470 2038 2542">
    <p class='ocr_par' dir='ltr' id='par_1_42' title="bbox 453 2470 2038 2542">
     <span class='ocr_line' id='line_1_42' title="bbox 453 2470 2038 2542; baseline -0.002 -16"><span class='ocrx_word' id='word_1_303' title='bbox 453 2471 592 2541; x_wconf 80' lang='lat' dir='ltr'><strong>galis</strong></span> <span class='ocrx_word' id='word_1_304' title='bbox 611 2471 854 2528; x_wconf 90' lang='lat' dir='ltr'><strong>eruditio</strong></span> <span class='ocrx_word' id='word_1_305' title='bbox 890 2471 960 2527; x_wconf 84' lang='lat' dir='ltr'><strong>ad</strong></span> <span class='ocrx_word' id='word_1_306' title='bbox 989 2470 1515 2542; x_wconf 83' lang='lat' dir='ltr'><strong>contemplationem</strong></span> <span class='ocrx_word' id='word_1_307' title='bbox 1554 2470 1900 2540; x_wconf 89' lang='lat' dir='ltr'><strong>spiritualem</strong></span> <span class='ocrx_word' id='word_1_308' title='bbox 1925 2479 2038 2525; x_wconf 87' lang='lat' dir='ltr'><strong>tra-</strong></span> 
     </span>
    </p>
   </div>
   <div class='ocr_carea' id='block_1_43' title="bbox 453 2561 2039 2633">
    <p class='ocr_par' dir='ltr' id='par_1_43' title="bbox 453 2561 2039 2633">
     <span class='ocr_line' id='line_1_43' title="bbox 453 2561 2039 2633; baseline -0.001 -16"><span class='ocrx_word' id='word_1_309' title='bbox 453 2563 638 2629; x_wconf 89' lang='lat' dir='ltr'><strong>ducta,</strong></span> <span class='ocrx_word' id='word_1_310' title='bbox 706 2565 972 2622; x_wconf 89' lang='lat' dir='ltr'><strong>studiosis</strong></span> <span class='ocrx_word' id='word_1_311' title='bbox 1027 2565 1324 2622; x_wconf 84' lang='lat' dir='ltr'><strong>utilissima</strong></span> <span class='ocrx_word' id='word_1_312' title='bbox 1361 2573 1467 2631; x_wconf 87' lang='lat' dir='ltr'><strong>est,</strong></span> <span class='ocrx_word' id='word_1_313' title='bbox 1529 2563 1768 2633; x_wconf 85' lang='lat' dir='ltr'><strong>ideoque</strong></span> <span class='ocrx_word' id='word_1_314' title='bbox 1820 2561 2039 2617; x_wconf 89' lang='lat' dir='ltr'><strong>dicebat</strong></span> 
     </span>
    </p>
   </div>
   <div class='ocr_carea' id='block_1_44' title="bbox 454 2653 2037 2727">
    <p class='ocr_par' dir='ltr' id='par_1_44' title="bbox 454 2653 2037 2727">
     <span class='ocr_line' id='line_1_44' title="bbox 454 2653 2037 2727; baseline 0 -18"><span class='ocrx_word' id='word_1_315' title='bbox 454 2653 704 2714; x_wconf 87' lang='lat' dir='ltr'><strong>Salvator</strong></span> <span class='ocrx_word' id='word_1_316' title='bbox 740 2670 753 2708; x_wconf 90' lang='lat'>:</span> <span class='ocrx_word' id='word_1_317' title='bbox 795 2675 813 2708; x_wconf 79' lang='grc' dir='ltr'><strong>ι</strong></span> <span class='ocrx_word' id='word_1_318' title='bbox 856 2655 1048 2712; x_wconf 88' lang='lat' dir='ltr'><strong>Omnis</strong></span> <span class='ocrx_word' id='word_1_319' title='bbox 1091 2658 1274 2713; x_wconf 86' lang='lat' dir='ltr'><strong>scriba</strong></span> <span class='ocrx_word' id='word_1_320' title='bbox 1307 2658 1505 2719; x_wconf 86' lang='lat' dir='ltr'><strong>doctus</strong></span> <span class='ocrx_word' id='word_1_321' title='bbox 1549 2656 1604 2710; x_wconf 92' lang='lat' dir='ltr'><strong>in</strong></span> <span class='ocrx_word' id='word_1_322' title='bbox 1665 2669 1833 2727; x_wconf 85' lang='lat' dir='ltr'><strong>regno</strong></span> <span class='ocrx_word' id='word_1_323' title='bbox 1867 2654 2037 2710; x_wconf 68' lang='lat' dir='ltr'><strong>caelo-</strong></span> 
     </span>
    </p>
   </div>
   <div class='ocr_carea' id='block_1_45' title="bbox 454 2746 2038 2820">
    <p class='ocr_par' dir='ltr' id='par_1_45' title="bbox 454 2746 2038 2820">
     <span class='ocr_line' id='line_1_45' title="bbox 454 2746 2038 2820; baseline 0.001 -17"><span class='ocrx_word' id='word_1_324' title='bbox 454 2763 603 2815; x_wconf 88' lang='lat' dir='ltr'><strong>rum,</strong></span> <span class='ocrx_word' id='word_1_325' title='bbox 639 2748 835 2804; x_wconf 89' lang='lat' dir='ltr'><strong>similis</strong></span> <span class='ocrx_word' id='word_1_326' title='bbox 859 2757 943 2804; x_wconf 91' lang='lat' dir='ltr'><strong>est</strong></span> <span class='ocrx_word' id='word_1_327' title='bbox 981 2749 1192 2805; x_wconf 91' lang='lat' dir='ltr'><strong>homini</strong></span> <span class='ocrx_word' id='word_1_328' title='bbox 1227 2750 1410 2815; x_wconf 87' lang='lat' dir='ltr'><strong>diviti,</strong></span> <span class='ocrx_word' id='word_1_329' title='bbox 1448 2749 1543 2820; x_wconf 91' lang='lat' dir='ltr'><strong>qui</strong></span> <span class='ocrx_word' id='word_1_330' title='bbox 1578 2747 1788 2820; x_wconf 82' lang='lat' dir='ltr'><strong>profert</strong></span> <span class='ocrx_word' id='word_1_331' title='bbox 1813 2746 1881 2804; x_wconf 93' lang='lat' dir='ltr'><strong>de</strong></span> <span class='ocrx_word' id='word_1_332' title='bbox 1916 2747 2038 2804; x_wconf 87' lang='lat' dir='ltr'><strong>the-</strong></span> 
     </span>
    </p>
   </div>
   <div class='ocr_carea' id='block_1_46' title="bbox 452 2837 2038 2908">
    <p class='ocr_par' dir='ltr' id='par_1_46' title="bbox 452 2837 2038 2908">
     <span class='ocr_line' id='line_1_46' title="bbox 452 2837 2038 2908; baseline 0.001 -17"><span class='ocrx_word' id='word_1_333' title='bbox 452 2852 620 2892; x_wconf 88' lang='lat' dir='ltr'><strong>sauro</strong></span> <span class='ocrx_word' id='word_1_334' title='bbox 675 2853 776 2894; x_wconf 91' lang='lat' dir='ltr'><strong>suo</strong></span> <span class='ocrx_word' id='word_1_335' title='bbox 825 2854 969 2894; x_wconf 86' lang='lat' dir='ltr'><strong>nova</strong></span> <span class='ocrx_word' id='word_1_336' title='bbox 1017 2849 1073 2896; x_wconf 90' lang='lat' dir='ltr'><strong>et</strong></span> <span class='ocrx_word' id='word_1_337' title='bbox 1125 2847 1314 2895; x_wconf 79' lang='lat' dir='ltr'><strong>vetera</strong></span> <span class='ocrx_word' id='word_1_338' title='bbox 1367 2841 1455 2893; x_wconf 70' lang='grc' dir='ltr'><strong>’τι</strong></span> <span class='ocrx_word' id='word_1_339' title='bbox 1498 2858 1517 2891; x_wconf 81' lang='grc' dir='ltr'><strong>ι</strong></span> <span class='ocrx_word' id='word_1_340' title='bbox 1571 2853 1714 2893; x_wconf 86' lang='lat' dir='ltr'><strong>nova</strong></span> <span class='ocrx_word' id='word_1_341' title='bbox 1755 2837 2038 2908; x_wconf 87' lang='lat' dir='ltr'><strong>appellans</strong></span> 
     </span>
    </p>
   </div>
   <div class='ocr_carea' id='block_1_47' title="bbox 449 2927 2033 3000">
    <p class='ocr_par' dir='ltr' id='par_1_47' title="bbox 449 2927 2033 3000">
     <span class='ocr_line' id='line_1_47' title="bbox 449 2927 2033 3000; baseline -0.001 -18"><span class='ocrx_word' id='word_1_342' title='bbox 449 2928 786 2999; x_wconf 88' lang='lat' dir='ltr'><strong>evangelica,</strong></span> <span class='ocrx_word' id='word_1_343' title='bbox 823 2938 1011 2986; x_wconf 86' lang='lat' dir='ltr'><strong>vetera</strong></span> <span class='ocrx_word' id='word_1_344' title='bbox 1030 2938 1236 2995; x_wconf 87' lang='lat' dir='ltr'><strong>autem,</strong></span> <span class='ocrx_word' id='word_1_345' title='bbox 1260 2945 1383 3000; x_wconf 72' lang='lat' dir='ltr'><strong>quae</strong></span> <span class='ocrx_word' id='word_1_346' title='bbox 1405 2929 1463 2985; x_wconf 90' lang='lat' dir='ltr'><strong>in</strong></span> <span class='ocrx_word' id='word_1_347' title='bbox 1485 2928 1604 3000; x_wconf 83' lang='lat' dir='ltr'><strong>lege</strong></span> <span class='ocrx_word' id='word_1_348' title='bbox 1627 2927 1985 2983; x_wconf 89' lang='lat' dir='ltr'><strong>continentur</strong></span> <span class='ocrx_word' id='word_1_349' title='bbox 2019 2945 2033 2981; x_wconf 89' lang='lat'><strong>:</strong></span> 
     </span>
    </p>
   </div>
   <div class='ocr_carea' id='block_1_48' title="bbox 448 3017 2036 3089">
    <p class='ocr_par' dir='ltr' id='par_1_48' title="bbox 448 3017 2036 3089">
     <span class='ocr_line' id='line_1_48' title="bbox 448 3017 2036 3089; baseline 0.001 -19"><span class='ocrx_word' id='word_1_350' title='bbox 448 3032 571 3087; x_wconf 73' lang='lat' dir='ltr'><strong>qua:</strong></span> <span class='ocrx_word' id='word_1_351' title='bbox 591 3017 752 3074; x_wconf 89' lang='lat' dir='ltr'><strong>nobis</strong></span> <span class='ocrx_word' id='word_1_352' title='bbox 775 3019 926 3073; x_wconf 90' lang='lat' dir='ltr'><strong>illam</strong></span> <span class='ocrx_word' id='word_1_353' title='bbox 971 3018 1029 3074; x_wconf 91' lang='lat' dir='ltr'><strong>in</strong></span> <span class='ocrx_word' id='word_1_354' title='bbox 1057 3017 1278 3074; x_wconf 87' lang='lat' dir='ltr'><strong>Christo</strong></span> <span class='ocrx_word' id='word_1_355' title='bbox 1303 3017 1674 3089; x_wconf 79' lang='lat' dir='ltr'><strong>cognitionem</strong></span> <span class='ocrx_word' id='word_1_356' title='bbox 1716 3031 1828 3072; x_wconf 86' lang='lat' dir='ltr'><strong>non</strong></span> <span class='ocrx_word' id='word_1_357' title='bbox 1861 3017 2036 3072; x_wconf 89' lang='lat' dir='ltr'><strong>inele-</strong></span> 
     </span>
    </p>
   </div>
   <div class='ocr_carea' id='block_1_49' title="bbox 447 3108 2034 3189">
    <p class='ocr_par' dir='ltr' id='par_1_49' title="bbox 447 3108 2034 3189">
     <span class='ocr_line' id='line_1_49' title="bbox 447 3108 2034 3189; baseline 0.002 -26"><span class='ocrx_word' id='word_1_358' title='bbox 447 3118 641 3189; x_wconf 85' lang='lat' dir='ltr'><strong>ganter</strong></span> <span class='ocrx_word' id='word_1_359' title='bbox 668 3112 986 3177; x_wconf 90' lang='lat' dir='ltr'><strong>conciliant,</strong></span> <span class='ocrx_word' id='word_1_360' title='bbox 1008 3127 1173 3182; x_wconf 91' lang='lat' dir='ltr'><strong>quem</strong></span> <span class='ocrx_word' id='word_1_361' title='bbox 1209 3110 1370 3167; x_wconf 88' lang='lat' dir='ltr'><strong>decet</strong></span> <span class='ocrx_word' id='word_1_362' title='bbox 1397 3109 1590 3181; x_wconf 82' lang='lat' dir='ltr'><strong>gloria,</strong></span> <span class='ocrx_word' id='word_1_363' title='bbox 1640 3109 1819 3164; x_wconf 90' lang='lat' dir='ltr'><strong>honor</strong></span> <span class='ocrx_word' id='word_1_364' title='bbox 1841 3117 1897 3165; x_wconf 92' lang='lat' dir='ltr'><strong>et</strong></span> <span class='ocrx_word' id='word_1_365' title='bbox 1933 3108 2034 3166; x_wconf 87' lang='lat' dir='ltr'><strong>ad-</strong></span> 
     </span>
    </p>
   </div>
   <div class='ocr_carea' id='block_1_50' title="bbox 2142 1912 3728 1989">
    <p class='ocr_par' dir='ltr' id='par_1_50' title="bbox 2142 1912 3728 1989">
     <span class='ocr_line' id='line_1_50' title="bbox 2142 1912 3728 1989; baseline -0.001 -21"><span class='ocrx_word' id='word_1_366' title='bbox 2142 1913 2333 1986; x_wconf 84' lang='grc' dir='ltr'>ρεσθαι</span> <span class='ocrx_word' id='word_1_367' title='bbox 2358 1913 2428 1969; x_wconf 80' lang='grc' dir='ltr'>τὰ</span> <span class='ocrx_word' id='word_1_368' title='bbox 2459 1917 2517 1969; x_wconf 84' lang='grc' dir='ltr'><strong>ὲν</strong></span> <span class='ocrx_word' id='word_1_369' title='bbox 2543 1916 2694 1989; x_wconf 86' lang='grc' dir='ltr'>νόμῳ</span> <span class='ocrx_word' id='word_1_370' title='bbox 2721 1917 2939 1987; x_wconf 81' lang='grc' dir='ltr'><strong>γέγονε,</strong></span> <span class='ocrx_word' id='word_1_371' title='bbox 2973 1918 3070 1972; x_wconf 79' lang='grc' dir='ltr'>καὶ</span> <span class='ocrx_word' id='word_1_372' title='bbox 3097 1912 3166 1989; x_wconf 80' lang='grc' dir='ltr'><strong>ἦν</strong></span> <span class='ocrx_word' id='word_1_373' title='bbox 3186 1916 3286 1988; x_wconf 74' lang='grc' dir='ltr'><strong>ήδη</strong></span> <span class='ocrx_word' id='word_1_374' title='bbox 3310 1933 3425 1980; x_wconf 90' lang='grc' dir='ltr'>πως</span> <span class='ocrx_word' id='word_1_375' title='bbox 3452 1916 3481 1968; x_wconf 87' lang='lat'><strong>6</strong></span> <span class='ocrx_word' id='word_1_376' title='bbox 3511 1912 3728 1984; x_wconf 77' lang='grc' dir='ltr'>καρπὸς</span> 
     </span>
    </p>
   </div>
   <div class='ocr_carea' id='block_1_51' title="bbox 2141 2002 3727 2081">
    <p class='ocr_par' dir='ltr' id='par_1_51' title="bbox 2141 2002 3727 2081">
     <span class='ocr_line' id='line_1_51' title="bbox 2141 2002 3727 2081; baseline -0.003 -19"><span class='ocrx_word' id='word_1_377' title='bbox 2141 2006 2314 2076; x_wconf 76' lang='grc' dir='ltr'>ἅγιος.</span> <span class='ocrx_word' id='word_1_378' title='bbox 2347 2007 2516 2080; x_wconf 84' lang='grc' dir='ltr'>Πλὴν,</span> <span class='ocrx_word' id='word_1_379' title='bbox 2534 2009 2592 2062; x_wconf 83' lang='grc' dir='ltr'><strong>ὲν</strong></span> <span class='ocrx_word' id='word_1_380' title='bbox 2612 2008 2850 2081; x_wconf 79' lang='grc' dir='ltr'>πέμπτῳ</span> <span class='ocrx_word' id='word_1_381' title='bbox 2875 2008 3176 2081; x_wconf 86' lang='grc' dir='ltr'>βρώσιμσς,</span> <span class='ocrx_word' id='word_1_382' title='bbox 3198 2008 3321 2063; x_wconf 88' lang='grc' dir='ltr'>καθ’</span> <span class='ocrx_word' id='word_1_383' title='bbox 3343 2002 3402 2062; x_wconf 82' lang='lat' dir='ltr'><strong>6v</strong></span> <span class='ocrx_word' id='word_1_384' title='bbox 3425 2008 3460 2080; x_wconf 77' lang='grc' dir='ltr'><strong>ἡ</strong></span> <span class='ocrx_word' id='word_1_385' title='bbox 3484 2002 3727 2076; x_wconf 76' lang='grc' dir='ltr'><strong>Χριστοῦ</strong></span> 
     </span>
    </p>
   </div>
   <div class='ocr_carea' id='block_1_52' title="bbox 2140 2097 3728 2174">
    <p class='ocr_par' dir='ltr' id='par_1_52' title="bbox 2140 2097 3728 2174">
     <span class='ocr_line' id='line_1_52' title="bbox 2140 2097 3728 2174; baseline -0.002 -22"><span class='ocrx_word' id='word_1_386' title='bbox 2140 2099 2412 2171; x_wconf 78' lang='grc' dir='ltr'><strong>παρουσία</strong></span> <span class='ocrx_word' id='word_1_387' title='bbox 2443 2102 2863 2174; x_wconf 80' lang='grc' dir='ltr'><strong>μαρτυρουμένη</strong></span> <span class='ocrx_word' id='word_1_388' title='bbox 2887 2101 2977 2158; x_wconf 81' lang='grc' dir='ltr'>διά</span> <span class='ocrx_word' id='word_1_389' title='bbox 2994 2120 3054 2156; x_wconf 82' lang='grc' dir='ltr'><strong>τε</strong></span> <span class='ocrx_word' id='word_1_390' title='bbox 3073 2101 3167 2156; x_wconf 70' lang='grc' dir='ltr'><strong>τοῦ</strong></span> <span class='ocrx_word' id='word_1_391' title='bbox 3188 2101 3354 2174; x_wconf 86' lang='grc' dir='ltr'>νόμου</span> <span class='ocrx_word' id='word_1_392' title='bbox 3378 2099 3472 2153; x_wconf 74' lang='grc' dir='ltr'>καὶ</span> <span class='ocrx_word' id='word_1_393' title='bbox 3495 2097 3592 2151; x_wconf 82' lang='grc' dir='ltr'>διὰ</span> <span class='ocrx_word' id='word_1_394' title='bbox 3624 2097 3728 2150; x_wconf 89' lang='grc' dir='ltr'>τῶν</span> 
     </span>
    </p>
   </div>
   <div class='ocr_carea' id='block_1_53' title="bbox 2141 2187 3726 2265">
    <p class='ocr_par' dir='ltr' id='par_1_53' title="bbox 2141 2187 3726 2265">
     <span class='ocr_line' id='line_1_53' title="bbox 2141 2187 3726 2265; baseline -0.002 -21"><span class='ocrx_word' id='word_1_395' title='bbox 2141 2190 2455 2264; x_wconf 85' lang='grc' dir='ltr'>προφητῶν.</span> <span class='ocrx_word' id='word_1_396' title='bbox 2481 2192 2581 2247; x_wconf 84' lang='grc' dir='ltr'><strong>Διὰ</strong></span> <span class='ocrx_word' id='word_1_397' title='bbox 2596 2192 2756 2247; x_wconf 80' lang='grc' dir='ltr'>τοῦτό</span> <span class='ocrx_word' id='word_1_398' title='bbox 2776 2211 2963 2265; x_wconf 79' lang='grc' dir='ltr'>φησιν,</span> <span class='ocrx_word' id='word_1_399' title='bbox 2992 2215 3008 2247; x_wconf 82' lang='grc' dir='ltr'><strong>ι</strong></span> <span class='ocrx_word' id='word_1_400' title='bbox 3039 2195 3233 2248; x_wconf 84' lang='grc' dir='ltr'>Ἔσται</span> <span class='ocrx_word' id='word_1_401' title='bbox 3270 2195 3298 2246; x_wconf 90' lang='lat'><strong>6</strong></span> <span class='ocrx_word' id='word_1_402' title='bbox 3320 2191 3530 2264; x_wconf 75' lang='grc' dir='ltr'>καρπὸς</span> <span class='ocrx_word' id='word_1_403' title='bbox 3553 2187 3726 2243; x_wconf 79' lang='grc' dir='ltr'>αὑτοῦ</span> 
     </span>
    </p>
   </div>
   <div class='ocr_carea' id='block_1_54' title="bbox 2140 2276 3728 2356">
    <p class='ocr_par' dir='ltr' id='par_1_54' title="bbox 2140 2276 3728 2356">
     <span class='ocr_line' id='line_1_54' title="bbox 2140 2276 3728 2356; baseline -0.003 -21"><span class='ocrx_word' id='word_1_404' title='bbox 2140 2279 2428 2354; x_wconf 84' lang='grc' dir='ltr'>πρόσθεμα</span> <span class='ocrx_word' id='word_1_405' title='bbox 2457 2284 2606 2354; x_wconf 80' lang='grc' dir='ltr'>ὑμῖν.</span> <span class='ocrx_word' id='word_1_406' title='bbox 2634 2302 2654 2334; x_wconf 77' lang='grc' dir='ltr'><strong>ι</strong></span> <span class='ocrx_word' id='word_1_407' title='bbox 2681 2276 2826 2356; x_wconf 72' lang='grc' dir='ltr'>Πρὸς</span> <span class='ocrx_word' id='word_1_408' title='bbox 2847 2282 2956 2356; x_wconf 79' lang='grc' dir='ltr'><strong>γὰρ</strong></span> <span class='ocrx_word' id='word_1_409' title='bbox 3005 2285 3118 2348; x_wconf 82' lang='grc' dir='ltr'>τοῖς</span> <span class='ocrx_word' id='word_1_410' title='bbox 3145 2280 3523 2351; x_wconf 63' lang='grc' dir='ltr'>εὐαηελικοῖς</span> <span class='ocrx_word' id='word_1_411' title='bbox 3555 2277 3728 2349; x_wconf 80' lang='grc' dir='ltr'>κηρύ-</span> 
     </span>
    </p>
   </div>
   <div class='ocr_carea' id='block_1_55' title="bbox 2138 2370 3726 2447">
    <p class='ocr_par' dir='ltr' id='par_1_55' title="bbox 2138 2370 3726 2447">
     <span class='ocr_line' id='line_1_55' title="bbox 2138 2370 3726 2447; baseline -0.004 -18"><span class='ocrx_word' id='word_1_412' title='bbox 2138 2391 2314 2446; x_wconf 84' lang='grc' dir='ltr'>γμασι</span> <span class='ocrx_word' id='word_1_413' title='bbox 2343 2375 2437 2429; x_wconf 80' lang='grc' dir='ltr'>καὶ</span> <span class='ocrx_word' id='word_1_414' title='bbox 2467 2376 2502 2447; x_wconf 77' lang='grc' dir='ltr'>ἡ</span> <span class='ocrx_word' id='word_1_415' title='bbox 2535 2374 2736 2446; x_wconf 82' lang='grc' dir='ltr'>νομικὴ</span> <span class='ocrx_word' id='word_1_416' title='bbox 2763 2374 3044 2436; x_wconf 81' lang='grc' dir='ltr'>παίδευσις</span> <span class='ocrx_word' id='word_1_417' title='bbox 3085 2373 3220 2446; x_wconf 76' lang='grc' dir='ltr'>πρὸς</span> <span class='ocrx_word' id='word_1_418' title='bbox 3246 2373 3478 2445; x_wconf 84' lang='grc' dir='ltr'>θεωρίαν</span> <span class='ocrx_word' id='word_1_419' title='bbox 3506 2370 3726 2440; x_wconf 74' lang='grc' dir='ltr'>ἠγμένη</span> 
     </span>
    </p>
   </div>
   <div class='ocr_carea' id='block_1_56' title="bbox 2140 2461 3728 2539">
    <p class='ocr_par' dir='ltr' id='par_1_56' title="bbox 2140 2461 3728 2539">
     <span class='ocr_line' id='line_1_56' title="bbox 2140 2461 3728 2539; baseline -0.003 -21"><span class='ocrx_word' id='word_1_420' title='bbox 2140 2467 2515 2536; x_wconf 82' lang='grc' dir='ltr'>πνευματικὴν</span> <span class='ocrx_word' id='word_1_421' title='bbox 2535 2469 2649 2531; x_wconf 83' lang='grc' dir='ltr'>τοῖς</span> <span class='ocrx_word' id='word_1_422' title='bbox 2681 2467 3003 2538; x_wconf 79' lang='grc' dir='ltr'>φιλομαθέσι</span> <span class='ocrx_word' id='word_1_423' title='bbox 3023 2465 3444 2539; x_wconf 82' lang='grc' dir='ltr'><strong>χρειωδεστάτη’</strong></span> <span class='ocrx_word' id='word_1_424' title='bbox 3475 2463 3574 2516; x_wconf 77' lang='grc' dir='ltr'><strong>καὶ</strong></span> <span class='ocrx_word' id='word_1_425' title='bbox 3601 2461 3728 2530; x_wconf 78' lang='grc' dir='ltr'><strong>γοῦν</strong></span> 
     </span>
    </p>
   </div>
   <div class='ocr_carea' id='block_1_57' title="bbox 2139 2555 3726 2632">
    <p class='ocr_par' dir='ltr' id='par_1_57' title="bbox 2139 2555 3726 2632">
     <span class='ocr_line' id='line_1_57' title="bbox 2139 2555 3726 2632; baseline -0.003 -21"><span class='ocrx_word' id='word_1_426' title='bbox 2139 2557 2375 2630; x_wconf 73' lang='grc' dir='ltr'>ἔφασκεν</span> <span class='ocrx_word' id='word_1_427' title='bbox 2397 2560 2750 2632; x_wconf 78' lang='grc' dir='ltr'><strong>ὀΣωτὴρ,ὃτι</strong></span> <span class='ocrx_word' id='word_1_428' title='bbox 2775 2580 2793 2613; x_wconf 76' lang='grc' dir='ltr'><strong>ι</strong></span> <span class='ocrx_word' id='word_1_429' title='bbox 2827 2561 2941 2624; x_wconf 77' lang='grc' dir='ltr'><strong>Πᾶς</strong></span> <span class='ocrx_word' id='word_1_430' title='bbox 2971 2559 3334 2632; x_wconf 81' lang='grc' dir='ltr'>γραμματεὺς</span> <span class='ocrx_word' id='word_1_431' title='bbox 3364 2555 3726 2627; x_wconf 77' lang='grc' dir='ltr'>μαθητευθεὶς</span> 
     </span>
    </p>
   </div>
   <div class='ocr_carea' id='block_1_58' title="bbox 2137 2646 3727 2725">
    <p class='ocr_par' dir='ltr' id='par_1_58' title="bbox 2137 2646 3727 2725">
     <span class='ocr_line' id='line_1_58' title="bbox 2137 2646 3727 2725; baseline 0 -23"><span class='ocrx_word' id='word_1_432' title='bbox 2137 2652 2202 2722; x_wconf 80' lang='grc' dir='ltr'><strong>τῇ</strong></span> <span class='ocrx_word' id='word_1_433' title='bbox 2255 2649 2504 2722; x_wconf 82' lang='grc' dir='ltr'>βασιλείᾳ</span> <span class='ocrx_word' id='word_1_434' title='bbox 2549 2652 2656 2706; x_wconf 92' lang='grc' dir='ltr'>τῶν</span> <span class='ocrx_word' id='word_1_435' title='bbox 2699 2651 2966 2725; x_wconf 83' lang='grc' dir='ltr'>οὐρανῶν,</span> <span class='ocrx_word' id='word_1_436' title='bbox 3015 2650 3202 2722; x_wconf 81' lang='grc' dir='ltr'>ὅμοιός</span> <span class='ocrx_word' id='word_1_437' title='bbox 3247 2650 3398 2702; x_wconf 78' lang='grc' dir='ltr'>ἐστιν</span> <span class='ocrx_word' id='word_1_438' title='bbox 3449 2646 3727 2718; x_wconf 80' lang='grc' dir='ltr'>ἀνθρώπῳ</span> 
     </span>
    </p>
   </div>
   <div class='ocr_carea' id='block_1_59' title="bbox 2138 2737 3724 2812">
    <p class='ocr_par' dir='ltr' id='par_1_59' title="bbox 2138 2737 3724 2812">
     <span class='ocr_line' id='line_1_59' title="bbox 2138 2737 3724 2812; baseline -0.003 -19"><span class='ocrx_word' id='word_1_439' title='bbox 2138 2739 2418 2812; x_wconf 83' lang='grc' dir='ltr'>πλουσίῳ,</span> <span class='ocrx_word' id='word_1_440' title='bbox 2469 2742 2618 2806; x_wconf 83' lang='grc' dir='ltr'>ὅστις</span> <span class='ocrx_word' id='word_1_441' title='bbox 2677 2742 2927 2797; x_wconf 76' lang='grc' dir='ltr'>ἐκϐάλλει</span> <span class='ocrx_word' id='word_1_442' title='bbox 2973 2743 3038 2795; x_wconf 77' lang='grc' dir='ltr'>ἐκ</span> <span class='ocrx_word' id='word_1_443' title='bbox 3104 2740 3197 2795; x_wconf 80' lang='grc' dir='ltr'><strong>τοῦ</strong></span> <span class='ocrx_word' id='word_1_444' title='bbox 3241 2737 3517 2812; x_wconf 76' lang='grc' dir='ltr'>θησαυροῦ</span> <span class='ocrx_word' id='word_1_445' title='bbox 3553 2738 3724 2792; x_wconf 82' lang='grc' dir='ltr'><strong>αὐτοῦ</strong></span> 
     </span>
    </p>
   </div>
   <div class='ocr_carea' id='block_1_60' title="bbox 2137 2830 3723 2902">
    <p class='ocr_par' dir='ltr' id='par_1_60' title="bbox 2137 2830 3723 2902">
     <span class='ocr_line' id='line_1_60' title="bbox 2137 2830 3723 2902; baseline -0.001 -18"><span class='ocrx_word' id='word_1_446' title='bbox 2137 2831 2299 2885; x_wconf 87' lang='grc' dir='ltr'>καινὰ</span> <span class='ocrx_word' id='word_1_447' title='bbox 2333 2833 2683 2901; x_wconf 62' lang='grc' dir='ltr'>καὶῖπαὶαιά·</span> <span class='ocrx_word' id='word_1_448' title='bbox 2709 2852 2728 2886; x_wconf 82' lang='grc' dir='ltr'><strong>ι</strong></span> <span class='ocrx_word' id='word_1_449' title='bbox 2756 2834 2916 2888; x_wconf 80' lang='grc' dir='ltr'>καινὰ</span> <span class='ocrx_word' id='word_1_450' title='bbox 2944 2833 3140 2902; x_wconf 80' lang='grc' dir='ltr'><strong>λέγων,</strong></span> <span class='ocrx_word' id='word_1_451' title='bbox 3169 2833 3238 2886; x_wconf 81' lang='grc' dir='ltr'>τὰ</span> <span class='ocrx_word' id='word_1_452' title='bbox 3267 2830 3600 2900; x_wconf 80' lang='grc' dir='ltr'>Εὐαγγέλια,</span> <span class='ocrx_word' id='word_1_453' title='bbox 3631 2832 3723 2884; x_wconf 82' lang='grc' dir='ltr'>καὶ</span> 
     </span>
    </p>
   </div>
   <div class='ocr_carea' id='block_1_61' title="bbox 2138 2921 3723 2998">
    <p class='ocr_par' dir='ltr' id='par_1_61' title="bbox 2138 2921 3723 2998">
     <span class='ocr_line' id='line_1_61' title="bbox 2138 2921 3723 2998; baseline -0.002 -20"><span class='ocrx_word' id='word_1_454' title='bbox 2138 2923 2346 2979; x_wconf 80' lang='grc' dir='ltr'>παλαιὰ</span> <span class='ocrx_word' id='word_1_455' title='bbox 2372 2923 2450 2988; x_wconf 82' lang='grc' dir='ltr'><strong>δὲ,</strong></span> <span class='ocrx_word' id='word_1_456' title='bbox 2491 2925 2560 2980; x_wconf 83' lang='grc' dir='ltr'><strong>τὰ</strong></span> <span class='ocrx_word' id='word_1_457' title='bbox 2596 2927 2653 2978; x_wconf 84' lang='grc' dir='ltr'><strong>ὲν</strong></span> <span class='ocrx_word' id='word_1_458' title='bbox 2681 2924 2853 2998; x_wconf 78' lang='grc' dir='ltr'>νόμῳ,</span> <span class='ocrx_word' id='word_1_459' title='bbox 2895 2925 2990 2997; x_wconf 79' lang='grc' dir='ltr'><strong>τὴν</strong></span> <span class='ocrx_word' id='word_1_460' title='bbox 3017 2927 3074 2979; x_wconf 81' lang='grc' dir='ltr'><strong>ὲν</strong></span> <span class='ocrx_word' id='word_1_461' title='bbox 3100 2923 3322 2996; x_wconf 82' lang='grc' dir='ltr'>Χριστῷ</span> <span class='ocrx_word' id='word_1_462' title='bbox 3357 2921 3557 2992; x_wconf 84' lang='grc' dir='ltr'>γνῶσιν</span> <span class='ocrx_word' id='word_1_463' title='bbox 3591 2922 3723 2992; x_wconf 79' lang='grc' dir='ltr'><strong>ἡμῖν</strong></span> 
     </span>
    </p>
   </div>
   <div class='ocr_carea' id='block_1_62' title="bbox 2135 3013 3722 3090">
    <p class='ocr_par' dir='ltr' id='par_1_62' title="bbox 2135 3013 3722 3090">
     <span class='ocr_line' id='line_1_62' title="bbox 2135 3013 3722 3090; baseline -0.003 -19"><span class='ocrx_word' id='word_1_464' title='bbox 2135 3017 2238 3071; x_wconf 82' lang='grc' dir='ltr'>οὐκ</span> <span class='ocrx_word' id='word_1_465' title='bbox 2267 3016 2507 3086; x_wconf 84' lang='grc' dir='ltr'>ἀγεννῶς</span> <span class='ocrx_word' id='word_1_466' title='bbox 2557 3020 3004 3090; x_wconf 83' lang='grc' dir='ltr'>συνεισφέροντα·</span> <span class='ocrx_word' id='word_1_467' title='bbox 3049 3015 3197 3087; x_wconf 80' lang='grc' dir='ltr'><strong>αὺτῷ</strong></span> <span class='ocrx_word' id='word_1_468' title='bbox 3239 3017 3272 3086; x_wconf 82' lang='grc' dir='ltr'>ἠ</span> <span class='ocrx_word' id='word_1_469' title='bbox 3315 3015 3440 3080; x_wconf 77' lang='grc' dir='ltr'><strong>δόξα</strong></span> <span class='ocrx_word' id='word_1_470' title='bbox 3481 3016 3562 3077; x_wconf 82' lang='grc' dir='ltr'><strong>είς</strong></span> <span class='ocrx_word' id='word_1_471' title='bbox 3601 3013 3722 3076; x_wconf 68' lang='grc' dir='ltr'>τοὺς</span> 
     </span>
    </p>
   </div>
   <div class='ocr_carea' id='block_1_63' title="bbox 2136 3107 2993 3182">
    <p class='ocr_par' dir='ltr' id='par_1_63' title="bbox 2136 3107 2993 3182">
     <span class='ocr_line' id='line_1_63' title="bbox 2136 3107 2993 3182; baseline 0.002 -20"><span class='ocrx_word' id='word_1_472' title='bbox 2136 3107 2342 3173; x_wconf 78' lang='grc' dir='ltr'>αἰῶνας</span> <span class='ocrx_word' id='word_1_473' title='bbox 2372 3109 2484 3163; x_wconf 87' lang='grc' dir='ltr'><strong>τῶν</strong></span> <span class='ocrx_word' id='word_1_474' title='bbox 2514 3108 2749 3174; x_wconf 80' lang='grc' dir='ltr'>αἰώνων,</span> <span class='ocrx_word' id='word_1_475' title='bbox 2797 3110 2993 3182; x_wconf 81' lang='grc' dir='ltr'><strong>Ἀμήν.</strong></span> 
     </span>
    </p>
   </div>
   <div class='ocr_carea' id='block_1_64' title="bbox 448 3173 3750 3274">
    <p class='ocr_par' dir='ltr' id='par_1_64' title="bbox 448 3173 3750 3274">
     <span class='ocr_line' id='line_1_64' title="bbox 448 3173 3750 3274; baseline -0.002 -18"><span class='ocrx_word' id='word_1_476' title='bbox 448 3173 664 3269; x_wconf 71' lang='lat' dir='ltr'><strong>oratio,</strong></span> <span class='ocrx_word' id='word_1_477' title='bbox 706 3218 833 3260; x_wconf 89' lang='lat' dir='ltr'><strong>cum</strong></span> <span class='ocrx_word' id='word_1_478' title='bbox 871 3173 1068 3270; x_wconf 70' lang='lat' dir='ltr'><strong>Patre,</strong></span> <span class='ocrx_word' id='word_1_479' title='bbox 1120 3203 1214 3274; x_wconf 93' lang='lat' dir='ltr'><strong>qui</strong></span> <span class='ocrx_word' id='word_1_480' title='bbox 1268 3173 1704 3274; x_wconf 46' lang='lat' dir='ltr'><strong>sine&#39;principio</strong></span> <span class='ocrx_word' id='word_1_481' title='bbox 1722 3211 1828 3269; x_wconf 85' lang='lat' dir='ltr'><strong>est,</strong></span> <span class='ocrx_word' id='word_1_482' title='bbox 1858 3209 1914 3258; x_wconf 90' lang='lat' dir='ltr'><strong>et</strong></span> <span class='ocrx_word' id='word_1_483' title='bbox 1952 3215 2078 3258; x_wconf 89' lang='lat' dir='ltr'><strong>cum</strong></span> <span class='ocrx_word' id='word_1_484' title='bbox 2113 3201 2482 3267; x_wconf 87' lang='lat' dir='ltr'><strong>sanctissimo,</strong></span> <span class='ocrx_word' id='word_1_485' title='bbox 2531 3210 2588 3256; x_wconf 88' lang='lat' dir='ltr'><strong>et</strong></span> <span class='ocrx_word' id='word_1_486' title='bbox 2626 3173 2794 3268; x_wconf 89' lang='lat' dir='ltr'><strong>bono,</strong></span> <span class='ocrx_word' id='word_1_487' title='bbox 2847 3173 2904 3258; x_wconf 75' lang='lat' dir='ltr'><strong>et</strong></span> <span class='ocrx_word' id='word_1_488' title='bbox 2927 3173 3250 3258; x_wconf 42' lang='lat' dir='ltr'><strong>&#39;viviﬁcante</strong></span> <span class='ocrx_word' id='word_1_489' title='bbox 3288 3197 3520 3271; x_wconf 87' lang='lat' dir='ltr'><strong>Spiritu,</strong></span> <span class='ocrx_word' id='word_1_490' title='bbox 3572 3173 3750 3252; x_wconf 78' lang='lat' dir='ltr'><strong>nunc</strong></span> 
     </span>
    </p>
   </div>
   <div class='ocr_carea' id='block_1_65' title="bbox 446 3295 1787 3366">
    <p class='ocr_par' dir='ltr' id='par_1_65' title="bbox 446 3295 1787 3366">
     <span class='ocr_line' id='line_1_65' title="bbox 446 3295 1787 3366; baseline -0.001 -14"><span class='ocrx_word' id='word_1_491' title='bbox 446 3309 505 3352; x_wconf 62' lang='lat' dir='ltr'><strong>es</strong></span> <span class='ocrx_word' id='word_1_492' title='bbox 527 3309 768 3366; x_wconf 88' lang='lat' dir='ltr'><strong>semper,</strong></span> <span class='ocrx_word' id='word_1_493' title='bbox 802 3305 860 3353; x_wconf 93' lang='lat' dir='ltr'><strong>et</strong></span> <span class='ocrx_word' id='word_1_494' title='bbox 891 3296 949 3352; x_wconf 91' lang='lat' dir='ltr'><strong>in</strong></span> <span class='ocrx_word' id='word_1_495' title='bbox 970 3297 1171 3354; x_wconf 65' lang='lat' dir='ltr'><strong>sacula</strong></span> <span class='ocrx_word' id='word_1_496' title='bbox 1211 3295 1561 3353; x_wconf 63' lang='lat' dir='ltr'><strong>saeculorum.</strong></span> <span class='ocrx_word' id='word_1_497' title='bbox 1591 3297 1787 3351; x_wconf 84' lang='lat' dir='ltr'><strong>Amen.</strong></span> 
     </span>
    </p>
   </div>
   <div class='ocr_carea' id='block_1_66' title="bbox 464 3409 1698 3478">
    <p class='ocr_par' dir='ltr' id='par_1_66' title="bbox 464 3409 1698 3478">
     <span class='ocr_line' id='line_1_66' title="bbox 464 3409 1698 3478; baseline 0.001 -14"><span class='ocrx_word' id='word_1_498' title='bbox 464 3414 469 3418; x_wconf 83' lang='grc'><strong>”</strong></span> <span class='ocrx_word' id='word_1_499' title='bbox 520 3413 567 3444; x_wconf 77' lang='grc'><strong>⁸⁸</strong></span> <span class='ocrx_word' id='word_1_500' title='bbox 625 3411 1032 3478; x_wconf 72' lang='lat' dir='ltr'><strong>Matth.tv,l7.</strong></span> <span class='ocrx_word' id='word_1_501' title='bbox 1111 3413 1156 3446; x_wconf 81' lang='grc'><strong>⁸⁷</strong></span> <span class='ocrx_word' id='word_1_502' title='bbox 1191 3411 1386 3468; x_wconf 85' lang='lat' dir='ltr'><strong>Matth.</strong></span> <span class='ocrx_word' id='word_1_503' title='bbox 1437 3426 1554 3477; x_wconf 76' lang='lat' dir='ltr'><strong>xm,</strong></span> <span class='ocrx_word' id='word_1_504' title='bbox 1608 3409 1698 3466; x_wconf 77' lang='lat'><strong>52.</strong></span> 
     </span>
    </p>
   </div>
   <div class='ocr_carea' id='block_1_67' title="bbox 471 3587 3708 3635">
    <p class='ocr_par' dir='ltr' id='par_1_67' title="bbox 471 3587 3708 3635">
     <span class='ocr_line' id='line_1_67' title="bbox 471 3587 3708 3635; baseline -0.001 -9"><span class='ocrx_word' id='word_1_505' title='bbox 471 3587 3708 3635; x_wconf 51' lang='lat' dir='ltr'><strong>mw</strong></span> 
     </span>
    </p>
   </div>
   <div class='ocr_carea' id='block_1_68' title="bbox 1027 3695 3160 3906">
    <p class='ocr_par' dir='ltr' id='par_1_68' title="bbox 1027 3695 3160 3906">
     <span class='ocr_line' id='line_1_68' title="bbox 1027 3695 3160 3906; baseline -0.008 2"><span class='ocrx_word' id='word_1_506' title='bbox 1027 3773 1424 3906; x_wconf 80' lang='grc' dir='ltr'><strong>ΠΕΡΙ</strong></span> <span class='ocrx_word' id='word_1_507' title='bbox 1525 3767 1868 3899; x_wconf 79' lang='grc' dir='ltr'><strong>ΤΗΣ</strong></span> <span class='ocrx_word' id='word_1_508' title='bbox 1970 3765 2178 3892; x_wconf 82' lang='grc' dir='ltr'><strong>ΕΝ</strong></span> <span class='ocrx_word' id='word_1_509' title='bbox 2281 3695 3160 3895; x_wconf 72' lang='grc' dir='ltr'><strong>ΠΝΕΥΜΑΤῙ</strong></span> 
     </span>
    </p>
   </div>
   <div class='ocr_carea' id='block_1_69' title="bbox 1659 3998 2387 4093">
    <p class='ocr_par' dir='ltr' id='par_1_69' title="bbox 1659 3998 2387 4093">
     <span class='ocr_line' id='line_1_69' title="bbox 1659 3998 2387 4093; baseline -0.012 0"><span class='ocrx_word' id='word_1_510' title='bbox 1659 4004 1853 4093; x_wconf 87' lang='grc' dir='ltr'><strong>ΚΑΙ</strong></span> <span class='ocrx_word' id='word_1_511' title='bbox 1899 3998 2387 4090; x_wconf 84' lang='grc' dir='ltr'><strong>ΑΛΗΘΕΙΑ</strong></span> 
     </span>
    </p>
   </div>
   <div class='ocr_carea' id='block_1_70' title="bbox 864 4133 3329 4323">
    <p class='ocr_par' dir='ltr' id='par_1_70' title="bbox 864 4133 3329 4323">
     <span class='ocr_line' id='line_1_70' title="bbox 864 4133 3329 4323; baseline -0.005 -2"><span class='ocrx_word' id='word_1_512' title='bbox 864 4133 2084 4323; x_wconf 82' lang='grc' dir='ltr'><strong>ΠΡΟΣΚΥΝΗΣΕΩΣ</strong></span> <span class='ocrx_word' id='word_1_513' title='bbox 2199 4197 2474 4309; x_wconf 84' lang='grc' dir='ltr'><strong>ΚΑΙ</strong></span> <span class='ocrx_word' id='word_1_514' title='bbox 2587 4187 3329 4310; x_wconf 84' lang='grc' dir='ltr'><strong>ΑΑΤΡΕΙΑΣ</strong></span> 
     </span>
    </p>
   </div>
   <div class='ocr_carea' id='block_1_71' title="bbox 1616 4414 2593 4506">
    <p class='ocr_par' dir='ltr' id='par_1_71' title="bbox 1616 4414 2593 4506">
     <span class='ocr_line' id='line_1_71' title="bbox 1616 4414 2593 4506; baseline -0.008 1"><span class='ocrx_word' id='word_1_515' title='bbox 1616 4417 1982 4506; x_wconf 89' lang='grc' dir='ltr'><strong>ΛΟΓΟΣ</strong></span> <span class='ocrx_word' id='word_1_516' title='bbox 2057 4414 2593 4504; x_wconf 85' lang='grc' dir='ltr'><strong>ΕΝΝΑΤΟΣ.</strong></span> 
     </span>
    </p>
   </div>
   <div class='ocr_carea' id='block_1_72' title="bbox 529 4685 3642 4810">
    <p class='ocr_par' dir='ltr' id='par_1_72' title="bbox 529 4685 3642 4810">
     <span class='ocr_line' id='line_1_72' title="bbox 529 4685 3642 4810; baseline 0.002 -7"><span class='ocrx_word' id='word_1_517' title='bbox 529 4691 708 4804; x_wconf 88' lang='lat' dir='ltr'><strong>DE</strong></span> <span class='ocrx_word' id='word_1_518' title='bbox 821 4685 1753 4802; x_wconf 83' lang='lat' dir='ltr'><strong>ADORATIONE</strong></span> <span class='ocrx_word' id='word_1_519' title='bbox 1897 4691 2080 4802; x_wconf 87' lang='lat' dir='ltr'><strong>ET</strong></span> <span class='ocrx_word' id='word_1_520' title='bbox 2197 4689 2675 4806; x_wconf 90' lang='lat' dir='ltr'><strong>CULTU</strong></span> <span class='ocrx_word' id='word_1_521' title='bbox 2783 4691 2936 4805; x_wconf 92' lang='lat' dir='ltr'><strong>IN</strong></span> <span class='ocrx_word' id='word_1_522' title='bbox 3058 4691 3642 4810; x_wconf 85' lang='lat' dir='ltr'><strong>SPIRITU</strong></span> 
     </span>
    </p>
   </div>
   <div class='ocr_carea' id='block_1_73' title="bbox 1605 4927 2543 5034">
    <p class='ocr_par' dir='ltr' id='par_1_73' title="bbox 1605 4927 2543 5034">
     <span class='ocr_line' id='line_1_73' title="bbox 1605 4927 2543 5034; baseline 0.002 -2"><span class='ocrx_word' id='word_1_523' title='bbox 1605 4929 1775 5032; x_wconf 91' lang='lat' dir='ltr'>ET</span> <span class='ocrx_word' id='word_1_524' title='bbox 1882 4929 2194 5033; x_wconf 71' lang='lat' dir='ltr'><strong>VBRI</strong></span> <span class='ocrx_word' id='word_1_525' title='bbox 2221 4927 2543 5034; x_wconf 85' lang='grc' dir='ltr'><strong>ΓΑΤΕ</strong></span> 
     </span>
    </p>
   </div>
   <div class='ocr_carea' id='block_1_74' title="bbox 1721 5149 2474 5231">
    <p class='ocr_par' dir='ltr' id='par_1_74' title="bbox 1721 5149 2474 5231">
     <span class='ocr_line' id='line_1_74' title="bbox 1721 5149 2474 5231; baseline -0.008 -3"><span class='ocrx_word' id='word_1_526' title='bbox 1721 5149 2021 5228; x_wconf 79' lang='lat' dir='ltr'><strong>LIBER</strong></span> <span class='ocrx_word' id='word_1_527' title='bbox 2093 5153 2302 5231; x_wconf 87' lang='lat' dir='ltr'><strong>NON</strong></span> <span class='ocrx_word' id='word_1_528' title='bbox 2322 5153 2474 5231; x_wconf 91' lang='lat' dir='ltr'><strong>US.</strong></span> 
     </span>
    </p>
   </div>
   <div class='ocr_carea' id='block_1_75' title="bbox 443 5479 2026 5558">
    <p class='ocr_par' dir='ltr' id='par_1_75' title="bbox 443 5479 2026 5558">
     <span class='ocr_line' id='line_1_75' title="bbox 443 5479 2026 5558; baseline -0.001 -15"><span class='ocrx_word' id='word_1_529' title='bbox 443 5483 605 5558; x_wconf 75' lang='lat'><strong>287</strong></span> <span class='ocrx_word' id='word_1_530' title='bbox 638 5483 716 5540; x_wconf 88' lang='lat' dir='ltr'><strong>De</strong></span> <span class='ocrx_word' id='word_1_531' title='bbox 757 5493 941 5542; x_wconf 77' lang='lat' dir='ltr'><strong>sancto</strong></span> <span class='ocrx_word' id='word_1_532' title='bbox 976 5486 1336 5551; x_wconf 83' lang='lat' dir='ltr'><strong>tabernaculo,</strong></span> <span class='ocrx_word' id='word_1_533' title='bbox 1365 5486 1502 5557; x_wconf 85' lang='lat' dir='ltr'><strong>quod</strong></span> <span class='ocrx_word' id='word_1_534' title='bbox 1543 5481 1738 5542; x_wconf 79' lang='lat' dir='ltr'><strong>Christi</strong></span> <span class='ocrx_word' id='word_1_535' title='bbox 1778 5479 2026 5542; x_wconf 73' lang='lat' dir='ltr'><strong>Ecclesiw</strong></span> 
     </span>
    </p>
   </div>
   <div class='ocr_carea' id='block_1_76' title="bbox 1043 5559 1409 5630">
    <p class='ocr_par' dir='ltr' id='par_1_76' title="bbox 1043 5559 1409 5630">
     <span class='ocr_line' id='line_1_76' title="bbox 1043 5559 1409 5630; baseline 0.003 -19"><span class='ocrx_word' id='word_1_536' title='bbox 1043 5568 1196 5630; x_wconf 73' lang='lat' dir='ltr'><strong>typus</strong></span> <span class='ocrx_word' id='word_1_537' title='bbox 1227 5559 1409 5629; x_wconf 77' lang='lat' dir='ltr'><strong>fuerit.</strong></span> 
     </span>
    </p>
   </div>
   <div class='ocr_carea' id='block_1_77' title="bbox 517 5647 2028 5721">
    <p class='ocr_par' dir='ltr' id='par_1_77' title="bbox 517 5647 2028 5721">
     <span class='ocr_line' id='line_1_77' title="bbox 517 5647 2028 5721; baseline 0.004 -21"><span class='ocrx_word' id='word_1_538' title='bbox 517 5647 816 5705; x_wconf 87' lang='lat' dir='ltr'><strong>Charitatis</strong></span> <span class='ocrx_word' id='word_1_539' title='bbox 843 5651 1030 5721; x_wconf 80' lang='lat' dir='ltr'><strong>igitur,</strong></span> <span class='ocrx_word' id='word_1_540' title='bbox 1061 5661 1118 5705; x_wconf 91' lang='lat' dir='ltr'><strong>et</strong></span> <span class='ocrx_word' id='word_1_541' title='bbox 1153 5651 1273 5721; x_wconf 88' lang='lat' dir='ltr'><strong>ejus</strong></span> <span class='ocrx_word' id='word_1_542' title='bbox 1316 5667 1437 5720; x_wconf 71' lang='lat' dir='ltr'><strong>qua.</strong></span> <span class='ocrx_word' id='word_1_543' title='bbox 1472 5650 1526 5705; x_wconf 89' lang='lat' dir='ltr'><strong>in</strong></span> <span class='ocrx_word' id='word_1_544' title='bbox 1578 5650 1773 5714; x_wconf 87' lang='lat' dir='ltr'><strong>Deum,</strong></span> <span class='ocrx_word' id='word_1_545' title='bbox 1812 5659 1869 5705; x_wconf 86' lang='lat' dir='ltr'><strong>et</strong></span> <span class='ocrx_word' id='word_1_546' title='bbox 1905 5665 2028 5719; x_wconf 62' lang='lat' dir='ltr'><strong>qua</strong></span> 
     </span>
    </p>
   </div>
   <div class='ocr_carea' id='block_1_78' title="bbox 447 5737 2024 5813">
    <p class='ocr_par' dir='ltr' id='par_1_78' title="bbox 447 5737 2024 5813">
     <span class='ocr_line' id='line_1_78' title="bbox 447 5737 2024 5813; baseline 0 -19"><span class='ocrx_word' id='word_1_547' title='bbox 447 5737 502 5796; x_wconf 90' lang='lat' dir='ltr'><strong>in</strong></span> <span class='ocrx_word' id='word_1_548' title='bbox 530 5738 730 5795; x_wconf 79' lang='lat' dir='ltr'><strong>fratres</strong></span> <span class='ocrx_word' id='word_1_549' title='bbox 756 5741 1087 5807; x_wconf 85' lang='lat' dir='ltr'><strong>ostenditur,</strong></span> <span class='ocrx_word' id='word_1_550' title='bbox 1121 5741 1350 5813; x_wconf 84' lang='lat' dir='ltr'><strong>insignia</strong></span> <span class='ocrx_word' id='word_1_551' title='bbox 1380 5743 1640 5810; x_wconf 79' lang='lat' dir='ltr'><strong>praeclara</strong></span> <span class='ocrx_word' id='word_1_552' title='bbox 1659 5751 1808 5800; x_wconf 76' lang='lat' dir='ltr'><strong>sunt.</strong></span> <span class='ocrx_word' id='word_1_553' title='bbox 1840 5750 1896 5796; x_wconf 84' lang='lat' dir='ltr'><strong>et</strong></span> <span class='ocrx_word' id='word_1_554' title='bbox 1927 5742 2024 5795; x_wconf 91' lang='lat' dir='ltr'><strong>ha-</strong></span> 
     </span>
    </p>
   </div>
   <div class='ocr_carea' id='block_1_79' title="bbox 2131 5460 3723 5568">
    <p class='ocr_par' dir='ltr' id='par_1_79' title="bbox 2131 5460 3723 5568">
     <span class='ocr_line' id='line_1_79' title="bbox 2131 5460 3723 5568; baseline -0.001 -26"><span class='ocrx_word' id='word_1_555' title='bbox 2131 5486 2274 5556; x_wconf 78' lang='grc' dir='ltr'><strong>Περι</strong></span> <span class='ocrx_word' id='word_1_556' title='bbox 2315 5486 2427 5557; x_wconf 83' lang='grc' dir='ltr'>τῆς</span> <span class='ocrx_word' id='word_1_557' title='bbox 2461 5460 2642 5568; x_wconf 60' lang='grc' dir='ltr'><strong>ἀγίαξς</strong></span> <span class='ocrx_word' id='word_1_558' title='bbox 2666 5474 2961 5568; x_wconf 64' lang='grc' dir='ltr'>σκηνῆς,</span> <span class='ocrx_word' id='word_1_559' title='bbox 3009 5490 3101 5568; x_wconf 64' lang='grc' dir='ltr'>ᾂτι</span> <span class='ocrx_word' id='word_1_560' title='bbox 3138 5491 3340 5568; x_wconf 35' lang='grc' dir='ltr'><strong>,τύπος</strong></span> <span class='ocrx_word' id='word_1_561' title='bbox 3379 5489 3462 5562; x_wconf 71' lang='grc' dir='ltr'><strong>ἢν</strong></span> <span class='ocrx_word' id='word_1_562' title='bbox 3499 5485 3615 5559; x_wconf 77' lang='grc' dir='ltr'><strong>τῆς</strong></span> <span class='ocrx_word' id='word_1_563' title='bbox 3651 5487 3723 5541; x_wconf 73' lang='grc' dir='ltr'><strong>ἐν</strong></span> 
     </span>
    </p>
   </div>
   <div class='ocr_carea' id='block_1_80' title="bbox 2583 5560 3245 5630">
    <p class='ocr_par' dir='ltr' id='par_1_80' title="bbox 2583 5560 3245 5630">
     <span class='ocr_line' id='line_1_80' title="bbox 2583 5560 3245 5630; baseline 0.009 -20"><span class='ocrx_word' id='word_1_564' title='bbox 2583 5560 2817 5627; x_wconf 82' lang='grc' dir='ltr'>Χριστῷ</span> <span class='ocrx_word' id='word_1_565' title='bbox 2865 5561 3245 5630; x_wconf 72' lang='grc' dir='ltr'>Ἐκκλησίας.</span> 
     </span>
    </p>
   </div>
   <div class='ocr_carea' id='block_1_81' title="bbox 2219 5645 3720 5721">
    <p class='ocr_par' dir='ltr' id='par_1_81' title="bbox 2219 5645 3720 5721">
     <span class='ocr_line' id='line_1_81' title="bbox 2219 5645 3720 5721; baseline -0.001 -18"><span class='ocrx_word' id='word_1_566' title='bbox 2219 5649 2466 5721; x_wconf 78' lang='grc' dir='ltr'><strong>Ἀγάπης</strong></span> <span class='ocrx_word' id='word_1_567' title='bbox 2501 5651 2600 5721; x_wconf 86' lang='grc' dir='ltr'>μὲν</span> <span class='ocrx_word' id='word_1_568' title='bbox 2641 5645 2734 5703; x_wconf 78' lang='grc' dir='ltr'><strong>οὖν</strong></span> <span class='ocrx_word' id='word_1_569' title='bbox 2764 5653 2846 5714; x_wconf 79' lang='grc' dir='ltr'><strong>είς</strong></span> <span class='ocrx_word' id='word_1_570' title='bbox 2877 5649 3008 5706; x_wconf 84' lang='grc' dir='ltr'><strong>Θεόν</strong></span> <span class='ocrx_word' id='word_1_571' title='bbox 3046 5669 3106 5706; x_wconf 82' lang='grc' dir='ltr'><strong>τε</strong></span> <span class='ocrx_word' id='word_1_572' title='bbox 3137 5654 3232 5708; x_wconf 81' lang='grc' dir='ltr'><strong>καὶ</strong></span> <span class='ocrx_word' id='word_1_573' title='bbox 3261 5652 3525 5721; x_wconf 75' lang='grc' dir='ltr'><strong>ἀδελφοὺς</strong></span> <span class='ocrx_word' id='word_1_574' title='bbox 3551 5666 3720 5719; x_wconf 81' lang='grc' dir='ltr'>περι·</span> 
     </span>
    </p>
   </div>
   <div class='ocr_carea' id='block_1_82' title="bbox 2131 5743 3720 5820">
    <p class='ocr_par' dir='ltr' id='par_1_82' title="bbox 2131 5743 3720 5820">
     <span class='ocr_line' id='line_1_82' title="bbox 2131 5743 3720 5820; baseline -0.011 -9"><span class='ocrx_word' id='word_1_575' title='bbox 2131 5743 2272 5814; x_wconf 77' lang='grc' dir='ltr'><strong>φανῆ</strong></span> <span class='ocrx_word' id='word_1_576' title='bbox 2290 5743 2359 5800; x_wconf 71' lang='grc' dir='ltr'><strong>τὰ</strong></span> <span class='ocrx_word' id='word_1_577' title='bbox 2378 5743 2516 5815; x_wconf 74' lang='grc' dir='ltr'><strong>αὗχή</strong></span> <span class='ocrx_word' id='word_1_578' title='bbox 2527 5757 2691 5813; x_wconf 77' lang='grc' dir='ltr'>ματα,</span> <span class='ocrx_word' id='word_1_579' title='bbox 2722 5744 2814 5800; x_wconf 71' lang='grc' dir='ltr'><strong>καὶ</strong></span> <span class='ocrx_word' id='word_1_580' title='bbox 2841 5746 3017 5802; x_wconf 83' lang='grc' dir='ltr'>ἀποπε</span> <span class='ocrx_word' id='word_1_581' title='bbox 3028 5746 3270 5818; x_wconf 85' lang='grc' dir='ltr'>ραίνεται</span> <span class='ocrx_word' id='word_1_582' title='bbox 3299 5745 3400 5820; x_wconf 77' lang='grc' dir='ltr'><strong>μὲν</strong></span> <span class='ocrx_word' id='word_1_583' title='bbox 3420 5745 3486 5798; x_wconf 88' lang='grc' dir='ltr'><strong>δι’</strong></span> <span class='ocrx_word' id='word_1_584' title='bbox 3508 5744 3720 5812; x_wconf 77' lang='grc' dir='ltr'>ἀμφοῖν</span> 
     </span>
    </p>
   </div>
  </div>
