3996 6212
324 370 426 428 589

1073 367 1161 426 DE
1194 365 1640 427 ADORATlONE
1679 367 1745 426 ΙΝ
1787 367 2054 426 SPIRITL'
2097 367 2186 426 ΕΤ
2225 367 2590 428 VEl'll'l'ATE.
2633 369 2760 428 LIB.
2788 363 2879 428 1X.

3481 369 3582 432 590

321 484 548 555 δνόμος.
570 482 832 546 Εὐκλείας
861 499 925 551 γε
955 483 1060 555 μὴν
1087 486 1168 548 εἰς
1200 484 1360 538 τοῦτο
1382 485 1737 556 κατηντηκὼς
1766 485 1891 540 ἄπας

2015 502 2136 541 rum
2173 498 2404 558 utraque
2436 487 2526 542 lex
2570 487 2856 558 perﬁcitur
2890 505 2902 540 :
2941 502 3023 552 ac,
3061 487 3310 558 quisquis
3348 487 3416 542 ad
3457 502 3585 542 eum

323 592 403 636 τις
433 571 551 638 οὖν,
577 572 831 644 λαμπρός
861 589 920 625 τε
957 573 1049 626 καὶ
1084 572 1436 642 ἀξιάγαστος,
1472 575 1566 627 καὶ
1597 575 1654 628 ὲν
1683 577 1795 637 τοῖς
1825 575 1904 628 ὅτι

323 667 560 738 μάλιστα
597 663 847 734 γνησίοις
890 663 1354 731 κατατετάξεται,
1403 665 1639 736 Χριστοῦ
1675 664 1905 735 βοῶντος

320 757 415 810 καὶ
439 755 762 825 λέγοντοςίι
781 749 880 819 Εὖ,
911 754 1062 808 δοῦλε
1093 755 1265 824 ἀγαθὲ
1295 755 1390 808 καὶ
1415 756 1594 820 πιστὲ,
1625 755 1717 809 ἐπὶ
1747 755 1904 824 ὀλίγα

317 847 385 924 ῆς
411 851 626 916 πιστὸς,
645 851 738 903 ἐπὶ
761 848 974 902 πολλῶν
996 866 1054 902 σε
1085 854 1434 920 καταστήσων
1467 849 1672 902 εἴσελθε
1698 849 1778 911 είς
1803 849 1902 919 τὴν

317 944 494 1014 χαρὰν
533 941 627 995 τοῦ
666 941 873 1014 Κυρίου
909 959 1026 995 σου.
1067 961 1088 994 ι
1124 939 1506 994 Είσελεύσεται
1545 941 1654 1012 γὰρ
1698 941 1762 1010 δὴ
1809 941 1903 994 καὶ

322 1034 469 1105 μάλα
497 1034 732 1104 ἑτοίμως
759 1034 842 1097 είς
893 1033 990 1104 τὴν
1020 1031 1337 1103 ἐπουράνιον
1394 1032 1744 1104 Ἰερουσαλὴμ
1764 1075 1779 1100 ,
1808 1032 1902 1085 καὶ

315 1127 438 1188 ταῖς
468 1124 579 1178 ἄνω
608 1126 796 1195 μοναῖς
841 1123 1257 1194 ὲνδιαιτήσεται,
1307 1124 1418 1185 τοῖς
1463 1122 1600 1192 ὑπὲρ
1645 1122 1768 1175 νοῦν
1806 1122 1900 1174 καὶ

317 1215 476 1283 λόγον
498 1214 776 1286 ἐντρυφῶν
801 1213 1042 1284 ἀγαθοῖς.
1067 1213 1344 1265 Τοιουτονί
1365 1229 1416 1265 τι
1442 1212 1536 1265 καὶ
1561 1215 1588 1266 ὁ
1614 1212 1898 1282 προφήτης

325 1309 558 1370 Ἦσαῖας
587 1307 769 1377 φησίνο
809 1326 827 1358 ι
860 1307 921 1360 Οί
952 1305 1219 1377 ὀφθαλμοί
1247 1323 1339 1358 σου
1366 1303 1605 1374 ὄψονται,
1628 1303 1897 1375 Ἰερουσα-

314 1398 450 1470 λὴμ,
485 1397 665 1458 πόλεις
701 1395 982 1459 πλουσίας,
1021 1395 1258 1466 σκηνὰς,
1286 1395 1340 1448 αἲ
1373 1394 1433 1449 οὐ
1477 1395 1550 1464 μὴ
1588 1393 1893 1457 σεισθῶσιν,

313 1490 436 1544 οὐδὲ
470 1489 545 1561 μὴ
573 1489 868 1558 κινηθῶσιν
908 1490 956 1540 οἱ
985 1487 1252 1542 πάσσαλοι
1280 1489 1380 1556 τῆς
1410 1485 1642 1556 σκηνῆς,
1679 1485 1798 1539 οὐδὲ
1827 1486 1896 1539 τὰ

317 1579 526 1651 σχοινία
547 1580 718 1649 αὐτῆς
741 1579 803 1632 οὐ
838 1579 911 1649 μὴ
937 1577 1295 1650 διαρραγῶσι.
1336 1593 1358 1628 ι
1391 1576 1636 1646 Παράγει
1666 1576 1764 1647 μὲν
1785 1575 1894 1648 γὰρ

313 1670 374 1723 τὸ
423 1670 606 1741 σχῆμα
647 1668 739 1722 τοῦ
789 1669 996 1738 κόσμου
1037 1666 1252 1732 τούτου,
1305 1665 1446 1719 κατὰ
1488 1664 1588 1730 τὰς
1647 1666 1890 1736 Γραφάς.

324 1748 677 1833 Ἑδραιοτάτη
722 1759 778 1812 δὲ
828 1757 1030 1827 σφόδρα
1068 1756 1165 1810 καὶ
1211 1754 1545 1825 ἀκράδαντος
1590 1754 1808 1817 πάντως
1857 1755 1889 1824 ἡ

2008 579 2196 649 gloriae
2235 579 2463 650 gradum
2494 579 2830 649 pervenerit,
2860 578 3092 634 illustris
3117 579 3225 634 erit
3253 587 3308 634 et
3340 578 3584 633 admira-

2008 669 2154 733 bilis,
2186 679 2242 724 et
2267 671 2415 724 inter
2452 670 2804 726 ﬁdelissimos
2835 671 2932 726 Dei
2961 685 3153 725 servos
3179 671 3582 736 numerabitur,

2007 777 2132 814 cum
2157 761 2410 815 clamabit
2429 760 2701 827 Christus,
2725 777 2790 816 ac
2806 761 2983 816 dicet:
3016 781 3033 814 ι
3056 762 3226 833 Euge,
3255 778 3412 818 serve
3441 763 3584 819 boue

2005 861 2060 905 et
2111 851 2306 915 ﬁdelis,
2337 853 2393 906 in
2423 869 2595 923 pauca
2645 853 2799 908 fuisti
2846 853 3057 920 ﬁdelis,
3117 870 3280 926 supra
3323 857 3493 910 multa
3529 864 3584 910 te

2004 941 2369 1006 constituam;
2409 941 2553 996 intra
2589 941 2646 996 in
2684 942 2945 1013 gaudium
2980 942 3198 998 Domini
3228 944 3308 998 tui
3334 945 3396 996 ⁵⁸.
3440 964 3458 996 ›
3489 944 3580 998 ln-

2001 1032 2282 1102 gradietur
2313 1033 2481 1096 enim,
2512 1040 2569 1087 et
2615 1032 2839 1112 quidem
2877 1033 3153 1104 expedite,
3196 1034 3252 1090 in
3298 1034 3443 1088 illam
3472 1049 3584 1089 cce-

2001 1122 2194 1178 lestem
2227 1121 2558 1190 Jerusalem,
2598 1113 2656 1179 et
2693 1125 2751 1178 in
2790 1123 3046 1195 supernis
3075 1124 3182 1180 illis
3205 1125 3583 1180 mansionibus

2001 1213 2182 1286 deget,
2214 1223 2269 1270 et
2309 1215 2470 1270 bonis
2512 1230 2635 1284 qua:
2678 1231 2900 1271 omnem
2952 1215 3331 1286 intelligentiae
3373 1218 3582 1272 oratio-

1997 1307 2195 1377 nisque
2245 1306 2562 1362 facultatem
2607 1316 2898 1378 superant,
2935 1307 3268 1378 perfruetur.
3299 1307 3579 1378 Ejusmodi

1997 1396 2164 1465 288
2217 1397 2498 1466 quidpiam
2549 1397 2717 1451 etiam
2780 1397 3050 1468 pr0pheta
3104 1397 3270 1452 Isaias
3330 1397 3512 1467 inquit
3563 1414 3579 1453 :

2005 1505 2023 1537 ι
2055 1485 2211 1541 Oculi
2248 1487 2327 1541 tui
2352 1487 2616 1542 videbunt
2645 1489 2968 1553 Jerusalem,
2999 1489 3248 1544 civitates
3271 1490 3580 1559 opulentas,

1996 1575 2350 1632 tabernacula
2379 1591 2501 1647 quae
2544 1593 2894 1648 nequaquam
2945 1579 3352 1643 concutientur,
3399 1593 3580 1648 neque

1995 1667 2365 1723 movebuntur
2389 1669 2574 1739 paxilli
2605 1669 2967 1734 tabernaculi,
3001 1683 3182 1738 neque
3217 1667 3378 1724 funes
3407 1669 3581 1739 ipsius

1997 1759 2416 1828 disrttmpentur
2456 1760 2540 1825 ⁶⁹;
2604 1778 2622 1810 ι
2683 1759 2930 1829 praeterit
2973 1757 3122 1812 enim
3183 1757 3356 1828 ﬁgura
3413 1757 3579 1828 hujus

220 1829 225 1834 Ι
313 1823 432 1905 τῶν.
457 1823 728 1920 ἐσομένων
757 1823 929 1911 ἐλπίς.
963 1823 1134 1900 -Ἃλλά
1173 1823 1376 1901 τούτων
1407 1845 1662 1900 ἁπάντων
1690 1823 1888 1915 λυομὲέ

1995 1849 2187 1905 mundi
2215 1823 2291 1914 λ,
2325 1857 2388 1904 ιιι
2435 1823 2732 1920 Scriptura:
2779 1848 3006 1914 dicunt;
3041 1847 3132 1902 illa
3160 1823 3294 1902 vero
3333 1862 3457 1917 spes
3486 1823 3575 1901 l‘u-

312 1961 441 2008 νων,
472 1941 610 1996 καθά
645 1941 740 1995 καὶ
775 1939 866 1993 τοῦ
904 1939 1156 2010 Σωτῆρος
1187 1938 1558 2009 διισχυρίσατο
1600 1934 1884 2006 μαθητὴς,

313 2034 594 2102 ποταμοὺς
636 2031 717 2084 δεῖ
743 2030 1031 2101 εὑρεθῆναι
1068 2029 1244 2100 ἡμᾶς,
1273 2028 1462 2096 ἁγίους
1501 2026 1594 2081 καὶ
1627 2023 1889 2096 ἀμώμους

310 2124 436 2176 κατ’
464 2121 692 2175 ἐνώπιον
731 2119 930 2183 αὐτοῦ,
972 2120 1367 2189 πνευματικαῖς
1415 2109 1511 2188 μὲν
1538 2115 1752 2179 θυσίαις
1787 2131 1888 2167 κα-

311 2215 740 2288 ταγεραίροντας
777 2211 851 2273 ὡς
889 2208 1122 2280 Σωτῆρα
1165 2207 1256 2263 καὶ
1294 2207 1608 2279 Λυτρωτὴν,
1650 2207 1801 2279 ίεράν
1831 2204 1890 2260 δὲ

312 2307 408 2361 καὶ
440 2305 755 2367 ἀπόλεκτον,
797 2301 892 2355 καὶ
923 2303 1037 2364 τοῖς
1076 2299 1449 2368 εὐαγγελικοῐς
1487 2297 1888 2370 συμϐαίνουσαν

309 2397 494 2466 νᾶμοις
535 2393 954 2464 ἐπιτηδεύοντας
1025 2389 1334 2444 πολιτείανο
1391 2387 1640 2460 καθάπερ
1697 2387 1890 2458 ἀμέλει

311 2491 422 2550 τοῖς
464 2483 839 2557 ἀρχαιοτέροις
877 2484 906 2536 ὁ
948 2481 1111 2552 νόμος
1151 2479 1251 2552 τὴν
1285 2477 1428 2532 οὕτω
1465 2479 1670 2549 σεπτήν
1707 2495 1765 2531 τε
1797 2479 1891 2532 καὶ

309 2579 636 2648 ἀξιὸληπτον
678 2571 1037 2642 ὲσκιαγράφει
1065 2571 1232 2642 ζωήν*
1265 2569 1636 2641 μηλοσφαγεῖν
1669 2569 1891 2622 ἐπιτάτ-

308 2689 442 2731 των,
485 2668 581 2720 καὶ
617 2665 718 2728 τάς
759 2665 827 2718 δι’
871 2662 1119 2734 αἱμάτων
1168 2659 1444 2714 ποιεῖσθαι
1489 2659 1886 2731 προσαγωγὰς,

309 2763 548 2822 δεκάτας
569 2777 628 2812 τε
660 2757 754 2812 καὶ
787 2753 1042 2827 ἀπαρχὰς
1068 2752 1329 2823 ἀφιεροῦν
1357 2751 1436 2822 τῷ
1465 2751 1604 2822 Θεῷ,
1633 2751 1728 2805 καὶ
1753 2753 1890 2822 πρὸς

314 2854 521 2916 τούτοις
539 2850 616 2903 ἔτι
635 2848 982 2920 χαριστήρια.
1006 2843 1174 2914 Πλὴν,
1196 2842 1296 2896 οὐκ
1313 2841 1418 2907 ἔξω
1435 2841 1592 2896 ταυτὶ
1611 2842 1707 2913 τῆς
1727 2843 1891 2911 ἀγίας

316 2941 647 3017 πράττεσθαι
677 2940 784 2993 δεῖν
808 2935 1114 3008 ἐνομοθέτει
1141 2935 1365 3006 σκηνῆς.
1403 2934 1726 2987 Ἀπόλεκτον
1747 2933 1803 2987 δὲ
1830 2935 1890 2988 τὸ

1991 1948 2246 1995 turorum
2288 1941 2560 1996 bonorum
2613 1939 2928 1995 ﬁrmissima
2967 1947 3087 2004 est‘,
3135 1953 3316 2008 neque
3353 1939 3575 1995 concuti

1991 2031 2103 2085 ullo
2129 2031 2292 2086 modo
2340 2039 2539 2100 potest.
2591 2031 2718 2096 Sed,
2759 2045 2886 2086 cum
2948 2031 3066 2085 haec
3102 2031 3288 2085 omnia
3347 2030 3570 2085 solvan-

2005 2127 2098 2176 tur
2129 2123 2212 2191 (ut
2266 2121 2565 2176 Salvatoris
2613 2122 2788 2176 nostri
2838 2135 3059 2191 quoque
3086 2120 3389 2190 discipulus
3431 2120 3575 2176 δαιτ-

1994 2212 2211 2282 mavit),
2247 2213 2438 2283 quales
2470 2228 2570 2267 nos
2606 2211 2840 2268 inveniri
2875 2220 3096 2283 oportet
3133 2215 3177 2245 "
3200 2253 3215 2278 ,
3263 2223 3483 2272 sanctos
3517 2223 3575 2271 et

1990 2304 2368 2359 immaculatos
2405 2304 2461 2358 in
2486 2312 2783 2374 conspectu
2815 2305 2966 2376 ejus;
3014 2303 3208 2359 hostiis
3248 2319 3376 2359 eum
3406 2305 3570 2376 spiri-

1990 2397 2235 2452 tualibus
2268 2405 2330 2452 ut
2369 2396 2709 2452 Salvatorem
2745 2411 2810 2452 ac
2839 2395 3266 2464 Redemptorem
3297 2411 3572 2452 veneran-

1991 2492 2096 2550 tes,
2144 2502 2209 2541 ac
2239 2501 2449 2540 sacram
2489 2493 2546 2540 et
2571 2485 2844 2556 egregiam
2870 2483 3374 2549 conversationem,
3407 2500 3573 2541 cvan-

1991 2577 2286 2648 gelicisque
2328 2578 2541 2648 legibus
2583 2584 2978 2648 congruentem
3011 2579 3306 2644 sequentes
3339 2592 3352 2628 :
3382 2577 3568 2646 cujus-

1990 2667 2138 2720 modi
2169 2667 2387 2722 vivendi
2423 2682 2595 2738 genus
2631 2665 2774 2721 adeo
2803 2665 3177 2721 venerandum
3213 2675 3268 2720 et
3296 2665 3446 2720 omni
3473 2667 3570 2720 ads-

1991 2758 2285 2812 miratione
2325 2759 2556 2828 dignum
2605 2758 2692 2813 lex
2748 2757 2947 2828 priscis
2988 2757 3099 2811 illis
3126 2755 3443 2812 hominibus
3467 2757 3568 2811 ad-

1991 2849 2288 2914 umbravit,
2327 2866 2453 2904 cum
2489 2849 2729 2921 pecudes
2774 2849 3006 2915 caedere,
3039 2855 3098 2904 et
3131 2856 3386 2904 cruentas
3411 2849 3566 2903 obla-

1991 2939 2172 2995 tiones
2197 2939 2429 3006 oﬁ‘erre,
2465 2941 2710 2997 decimas
2737 2948 3025 3011 pre-terea,
3056 2945 3114 2995 et
3158 2938 3431 3009 primitias
3457 2939 3566 2994 Deo

312 3037 376 3089 ὲκ
409 3030 540 3087 Λευῖ
563 3030 719 3098 γένος
755 3025 991 3081 ἀνετίθει
1033 3024 1112 3095 τῷ
1157 3025 1296 3096 Θεῷ,
1321 3023 1490 3077 τύπον
1517 3027 1648 3094 ἡμῖν
1691 3025 1786 3078 καὶ
1809 3027 1890 3089 είς

1995 3046 2336 3094 consecrare,
2377 3048 2607 3089 munera
2645 3031 2906 3102 denique,
2954 3030 3160 3100 quibus
3205 3030 3273 3086 de
3329 3030 3567 3099 acceptis

311 3129 456 3198 ἡμᾶς
494 3123 688 3185 αὐτοὺς
725 3120 786 3173 τὸ
822 3121 1010 3190 χρῆμα
1040 3117 1230 3182 τιθείς.
1277 3116 1606 3188 Κεκλήμεθα
1637 3115 1748 3189 γὰρ
1791 3117 1885 3170 καὶ

1995 3124 2274 3180 beneﬁciis
2307 3125 2495 3195 gratiae
2537 3131 2854 3195 agerentur,
2903 3121 3100 3178 aﬁ‘erre
3137 3122 3379 3194 juberet.
3441 3121 3567 3176 limo

308 3220 467 3289 ἡμεῖς
498 3214 648 3286 παρά
672 3231 735 3282 γε
766 3213 883 3271 ταῖς
907 3209 1072 3272 θείαις
1099 3208 1343 3278 Γραφαῖς
1373 3225 1391 3257 ι
1426 3208 1580 3274 γένος
1603 3207 1880 3274 ἐκλεκτὸν,

1995 3223 2169 3271 tamen
2207 3216 2412 3281 omnia,
2446 3231 2516 3270 ne
2544 3224 2696 3270 extra
2729 3223 2979 3270 sanctum
3012 3213 3430 3268 tabernaculum
3464 3213 3564 3268 ﬁeo

309 3309 578 3382 βασίλειον
604 3305 922 3377 ίεράτευμα,
955 3301 1105 3364 ἔθνος
1135 3302 1306 3369 ἅγιον,
1332 3301 1459 3364 λαὸς
1481 3303 1561 3361 είς
1593 3301 1882 3372 περιποίη-

1995 3314 2129 3368 rent,
2161 3305 2468 3359 constituit.
2500 3304 2775 3359 Selectum
2827 3317 2993 3372 porro
3034 3302 3354 3358 Levitarum
3392 3301 3566 3374 genus

311 3415 413 3451 σιν.
449 3415 466 3446 ι
507 3393 897 3463 Εἰσελαύνομεν
925 3391 982 3444 δὲ
1013 3390 1107 3442 καὶ
1133 3391 1211 3453 εἰς
1234 3389 1434 3460 σκηνὴν
1465 3388 1565 3460 τὴν
1591 3389 1883 3460 ἀληθεστέ-

1995 3398 2094 3452 Deo
2131 3397 2364 3462 dicavit;
2398 3409 2505 3466 qua
2543 3395 2768 3466 quidem
2817 3395 2873 3448 in
2929 3410 2988 3449 re
3033 3394 3194 3448 nobis
3231 3394 3458 3464 ﬁguram
3493 3395 3559 3450 ad

309 3504 432 3560 ραν,
461 3488 527 3554 ἣν
568 3485 766 3555 ἔπηξεν
804 3486 833 3536 ὁ
866 3481 1068 3552 Κύριος
1104 3480 1200 3533 καὶ
1244 3480 1344 3532 οὐκ
1381 3479 1700 3551 ἄνθρωπος,
1738 3479 1882 3534 τοῦτ⁹

1995 3503 2082 3542 nos
2107 3487 2254 3557 ipsos
2275 3485 2641 3557 pertinentem
2669 3483 2822 3538 dedit
2854 3499 2868 3535 :
2901 3497 3029 3537 nam
3075 3481 3130 3536 in
3179 3483 3380 3538 divinis
3419 3482 3564 3538 Scri-

309 3579 422 3632 ἔστι
491 3576 589 3646 τὴν
643 3573 985 3644 Ἐκκλησίαν,
1030 3573 1092 3626 οὐ
1130 3571 1216 3625 διά
1263 3571 1479 3642 μόσχων
1536 3572 1628 3625 καὶ
1664 3572 1882 3642 τράγων

1995 3580 2165 3650 pturis
2203 3593 2304 3633 nos
2331 3591 2551 3647 quoque
2582 3589 2776 3630 sumus
2815 3593 2834 3626 ι
2878 3589 3053 3645 genus
3089 3573 3350 3639 electum,
3382 3575 3562 3645 regale

309 3667 777 3740 ἐκμειλισσόμενοι
798 3667 890 3718 τὸν
911 3663 1019 3718 τῶν
1041 3663 1176 3718 ὅλων
1201 3663 1560 3734 Δημιουργδν,
1587 3663 1702 3717 ἀλλ’
1725 3663 1800 3727 ὡς
1822 3665 1881 3717 ὲν

1995 3667 2376 3732 sacerdotium,
2396 3681 2530 3738 gens
2557 3673 2766 3730 sancta,
2793 3663 3030 3735 populus
3058 3663 3438 3733 aoquisitionis
3460 3665 3507 3695 ⁷³
3537 3684 3554 3715 ι

307 3757 441 3830 ὀρθῇ
495 3774 554 3808 τε
602 3756 696 3808 καὶ
741 3755 1027 3825 ἀμωμήτῳ
1085 3753 1265 3806 πίστει
1310 3753 1734 3824 διαπρέποντες,
1785 3754 1880 3808 καὶ

1995 3760 2286 3831 appellati;
2323 3759 2418 3830 qui
2467 3758 2635 3814 etiam
2675 3757 2864 3813 verius
2909 3755 3363 3822 tabernaculum,
3414 3758 3560 3827 quod

307 3848 699 3917 πνευματικαῖς
751 3844 1150 3916 καρποφορίαις
1213 3842 1415 3913 νοητῶς
1476 3841 1877 3906 εὐωδιάζοντες.

1995 3851 2105 3906 ﬁxit
2137 3853 2301 3916 Deus,
2333 3859 2390 3907 et
2425 3866 2537 3905 non
2578 3849 2746 3904 homo
2785 3846 2852 3911 ⁷³,
2892 3845 2948 3900 id
2993 3853 3078 3902 est
3111 3846 3434 3911 Ecelesiam,
3474 3846 3561 3901 ina-

312 3950 330 3982 ι
365 3935 653 4000 Τοιαύταις
682 3937 790 4008 γάρ
815 3935 879 4006 δὴ
904 3934 1115 3999 θυσίαις
1139 3933 1515 4004 εὐαρεστεῖται
1547 3932 1702 3998 Θεὸς,
1735 3953 1756 3986 ι
1784 3933 1879 3987 καὶ

1995 3941 2302 4012 gredimur';
2337 3956 2447 3997 non
2472 3939 2620 4010 quod
2653 3939 3038 3993 universarum
3075 3951 3261 3990 rerum
3293 3935 3559 3991 Condito-

305 4031 430 4094 τούς
469 4027 909 4100 προσκυνοῦντας
942 4026 1123 4091 αὐτὸν,
1154 4027 1211 4079 ὲν
1237 4025 1505 4095 πνεύματι
1527 4025 1622 4079 καὶ
1653 4025 1879 4098 ἀληθείᾳ

1995 4047 2099 4086 rem
2125 4032 2312 4087 vitulis
2352 4039 2409 4087 et
2455 4031 2623 4086 hircis
2650 4030 2950 4100 placemus,
2983 4026 3080 4082 sed
3115 4037 3263 4082 recta
3293 4027 3561 4083 immacu-

302 4121 385 4176 δεῖ
406 4123 752 4194 προσκυνεῖν,
779 4119 922 4174 κατά
939 4119 1037 4190 τὴν
1054 4118 1146 4172 τοῦ
1177 4118 1428 4188 Σωτῆρος
1456 4119 1662 4189 φωνήν.

1995 4126 2200 4192 lataque
2235 4121 2341 4178 ﬁde
2373 4123 2546 4178 simus
2607 4119 2808 4185 ornati,
2859 4132 2925 4174 ac
2963 4119 3278 4188 spirituaies
3323 4120 3558 4176 oblatio-

309 4226 424 4285 hes,
471 4215 831 4289 intelligentia
877 4214 1202 4282 sublimiori,
1255 4215 1312 4269 in
1357 4214 1585 4270 odorem
1650 4216 1936 4273 suavitatis
2011 4218 2385 4275 incendamus.
2421 4237 2440 4270 ι
2494 4217 2720 4273 Talibus
2770 4205 2918 4272 enim
2965 4215 3164 4271 hostiis
3215 4226 3562 4288 promeretur

307 4312 452 4368 Deus
475 4312 526 4343 ⁷⁵
551 4329 564 4364 :
605 4331 623 4364 ›
659 4318 715 4365 et
740 4321 838 4365 eos
865 4309 960 4379 qui
997 4308 1230 4364 adorant
1257 4324 1405 4374 eum,
1435 4317 1494 4362 ut
1523 4308 1774 4364 Salvator
1795 4318 1983 4367 noster
2020 4310 2178 4375 dixit,
2231 4311 2289 4366 in
2344 4310 2544 4381 spiritu
2579 4317 2634 4364 et
2653 4308 2886 4364 veritate
2916 4306 3146 4362 adorare
3171 4317 3387 4377 Oportet
3416 4310 3484 4362 ⁷⁵.

374 4407 584 4460 ΠΑΛΛ.
635 4404 839 4476 Ὀρθῶς
872 4403 1026 4475 ἔφης.
1064 4405 1170 4458 Καὶ
1212 4404 1426 4466 θυσίαις
1468 4403 1566 4474 μὲν
1591 4407 1712 4468 ταῖς
1742 4405 1880 4477 ὑπὲρ

2055 4406 2250 4463 PALL.
2285 4407 2452 4462 Recte
2479 4421 2609 4461 sane
2641 4403 2798 4460 dicis.
2825 4403 3031 4458 Verum
3059 4401 3254 4456 hostiis
3301 4403 3558 4473 equidem

305 4500 466 4567 νόμον
488 4499 571 4550 ὅτι
593 4495 868 4566 προσῆκεν
889 4495 1034 4564 ἡμᾶς
1055 4493 1380 4563 εὐδοκιμεῖν,
1405 4493 1571 4563 φαίην
1593 4493 1660 4548 ἀν
1683 4494 1876 4563 ἔγωγε

1995 4512 2099 4571 [um
2129 4501 2239 4556 sint
2264 4499 2532 4571 legalibus
2559 4498 2669 4553 illis
2696 4494 3125 4568 prastantiores,
3148 4509 3250 4548 nos
3280 4509 3560 4550 commen-

308 4593 644 4663 συνθήσομαι
682 4591 808 4658 γάρ.
841 4588 1008 4659 Πλὴν,
1053 4590 1230 4642 ἐκεῖνο
1257 4587 1484 4659 φράσον·
1532 4586 1622 4660 ἆρ’
1660 4590 1760 4644 οὐκ
1802 4592 1882 4656 είς

1995 4589 2095 4644 lari
2120 4602 2377 4661 oportere
2400 4590 2625 4644 minime
2653 4585 2974 4652 abnuerim;
3017 4583 3117 4640 tibi
3148 4584 3296 4639 enim
3321 4584 3558 4640 libenter

306 4684 471 4739 τύπον
501 4683 633 4752 ἡμῖν
655 4683 752 4750 τῆς
781 4681 839 4748 ἐξ
879 4679 1048 4734 ἐθνῶν
1092 4678 1417 4748 Ἐκκλησίας
1445 4681 1478 4742 ἡ
1513 4679 1716 4734 παλαιὰ
1743 4681 1882 4735 κατά

1995 4681 2268 4737 tssentior.
2312 4680 2420 4736 Sed
2461 4690 2642 4735 tamen
2668 4677 2806 4733 illud
2849 4677 3090 4747 explices
3113 4676 3300 4740 velim,
3339 4693 3406 4731 an
3447 4693 3555 4732 non

305 4774 400 4846 τὴν
426 4773 632 4844 ἔρημον
650 4771 973 4841 διεπήγνυτο
998 4770 1192 4840 σκηνὴ,
1222 4771 1321 4840 τῆς
1350 4764 1882 4842 ἀληθεστέραξάμυ-

2001 4791 2036 4827 ιι
2068 4773 2244 4844 ﬁgura
2291 4771 2551 4828 Ecclesia:
2595 4787 2662 4826 ex
2699 4771 2958 4842 gentibus
2991 4781 3150 4825 vetus
3189 4770 3322 4824 illud
3371 4769 3556 4822 taber.

1980 4864 2236 4919 naculum
2271 4879 2370 4933 per
2410 4878 2658 4919 eremum
2693 4862 2765 4917 sit
2801 4861 2990 4925 ﬁxum,
3015 4860 3163 4930 quod
3191 4861 3340 4914 illius
3371 4861 3555 4915 vei-ius

1981 4955 2060 5011 ris
2099 4955 2473 5011 obscuriorem
2508 4953 2912 5026 quodammodo
2953 4952 3136 5008 adhuc
3167 4953 3403 5022 speciem
3445 4969 3556 5022 prta

1979 5061 2039 5100 se
2073 5045 2276 5101 ferret?

2049 5135 2205 5192 CYR.
2232 5136 2460 5191 Maxime
2488 5151 2621 5190 vero
2652 5151 2666 5188 :
2697 5134 2809 5188 dixi
2842 5133 3010 5189 etiam
3041 5131 3204 5204 paulo
3232 5139 3379 5194 ante,
3410 5129 3463 5184 in
3490 5146 3557 5186 eo

1981 5229 2127 5298 quod
2167 5229 2234 5284 ad
2287 5245 2441 5285 sacra
2487 5229 2750 5299 obsequia
2800 5228 2838 5283 ii
2884 5227 2988 5282 rite
3022 5225 3336 5281 assumendi
3374 5230 3551 5283 erant,

1982 5321 2078 5390 qui
2110 5321 2179 5375 de
2207 5337 2407 5391 genere
2436 5321 2569 5376 Levi
2609 5321 2717 5376 orti
2755 5327 2962 5383 essent,
2995 5333 3190 5372 rursus
3223 5328 3414 5371 eorum
3457 5311 3552 5380 qui

1981 5410 2048 5464 ad
2094 5427 2305 5465 sacram
2363 5411 2880 5480 immaculatamque
2924 5408 3130 5472 vitam,
3185 5404 3447 5460 nimirum
3495 5401 3550 5457 in

1981 5499 2223 5567 Christo,
2250 5503 2429 5557 vocati
2489 5512 2694 5565 essent,
2753 5500 2921 5570 289
2982 5498 3209 5568 ﬁguram
3261 5491 3552 5548 contineri.

304 4864 426 4939 δρόν
453 4881 570 4927 πως
607 4864 686 4916 ἔτι
716 4864 777 4917 τδ
803 4863 998 4926 κάλλος
1022 4861 1383 4931 ἐκφαίνουσας

373 5127 538 5186 ΚΥΡ.
575 5127 722 5184 Πάνυ
788 5127 886 5199 μὲν
945 5123 1060 5182 οὗνι
1126 5127 1304 5199 Ἐφην
1346 5127 1404 5181 δὲ
1463 5129 1559 5182 καὶ
1619 5128 1823 5200 ἀρτίως
1859 5170 1876 5197 ,

305 5206 385 5277 δἐἰ
455 5223 549 5276 καὶ
590 5222 652 5276 τὸ
696 5222 895 5292 ἄριστα
928 5219 1038 5274 δεῖν
1089 5219 1343 5289 εἰλῆφθαι
1386 5219 1518 5290 πρὸς
1566 5220 1716 5290 ίεράς
1773 5221 1880 5275 λει.

302 5316 558 5386 τουργίας
613 5315 740 5378 τούς
793 5312 852 5378 ἐξ
909 5313 1134 5382 αἵματος
1173 5309 1340 5374 Λευῖ,
1382 5308 1476 5364 καὶ
1507 5313 1876 5384 ’κεκλημένων

304 5407 364 5460 ιν
417 5407 595 5460 πίστει
658 5404 795 5469 πρὸς
847 5403 1000 5475 ἱερὰν
1056 5403 1150 5456 καὶ
1195 5401 1496 5473 ἀμώμητον
1550 5403 1718 5474 ζωὴν,
1773 5423 1877 5477 φη-

309 5498 370 5570 μὶ
414 5499 476 5569 δὴ
521 5497 618 5569 τὴν
667 5499 726 5550 ὲν
766 5494 1018 5568 Χριστῷ,
1059 5492 1224 5557 τύπος
1281 5493 1347 5546 ἂν
1404 5493 1491 5564 εἴη
1550 5495 1731 5550 πάλιν.

373 5676 417 5706 ⁸³⁵
440 5673 630 5728 Matth.
685 5689 808 5736 xxv,
863 5671 953 5727 21.
1028 5676 1071 5709 ⁶⁹
1115 5674 1216 5730 lsa.
1260 5688 1446 5736 χχχιιι,
1485 5672 1574 5726 νο.
1650 5673 1891 5730 "lCor.

1995 5675 2142 5743 ι,31.
2219 5677 2262 5708 "
2292 5677 2337 5732 ll
2360 5677 2474 5732 Pet.
2513 5691 2593 5732 ιιι.
2639 5675 2723 5733 li.
2809 5676 2896 5732 "l
2935 5675 3050 5732 Pet.
3085 5686 3142 5738 ιι,
3172 5670 3224 5727 9.
3299 5667 3346 5701 ’³
3378 5663 3509 5723 Heb'

308 5757 419 5809 vin,
452 5743 502 5798 Ξ.
581 5745 626 5775 ⁷⁸
658 5743 823 5799 Hebr.
849 5759 962 5814 xm,
1001 5745 1087 5800 l6.
1163 5743 1382 5799 "Joan.
1414 5758 1487 5809 tv,
1515 5743 1610 5798 ‘26.
