  <div class='ocr_page' id='page_1' title='image "/cluster/home/n/w/nwhite01/storage/ocr_20150623/68/hvd.32044073501975/301.png"; bbox 0 0 3996 6212; ppageno 0'>
   <div class='ocr_carea' id='block_1_1' title="bbox 399 337 495 396">
    <p class='ocr_par' dir='ltr' id='par_1_1' title="bbox 399 337 495 396">
     <span class='ocr_line' id='line_1_1' title="bbox 399 337 495 396; baseline -0.021 0"><span class='ocrx_word' id='word_1_1' title='bbox 399 337 495 396; x_wconf 71' lang='grc'><strong>591</strong></span> 
     </span>
    </p>
   </div>
   <div class='ocr_carea' id='block_1_2' title="bbox 1422 329 2664 393">
    <p class='ocr_par' dir='ltr' id='par_1_2' title="bbox 1422 329 2664 393">
     <span class='ocr_line' id='line_1_2' title="bbox 1422 329 2664 393; baseline -0.004 -5"><span class='ocrx_word' id='word_1_2' title='bbox 1422 335 1478 388; x_wconf 88' lang='lat' dir='ltr'><strong>S.</strong></span> <span class='ocrx_word' id='word_1_3' title='bbox 1518 331 1796 392; x_wconf 70' lang='lat' dir='ltr'><strong>CYRILLI</strong></span> <span class='ocrx_word' id='word_1_4' title='bbox 1834 333 2304 393; x_wconf 74' lang='lat' dir='ltr'><strong>ALEXANDRINI</strong></span> <span class='ocrx_word' id='word_1_5' title='bbox 2347 329 2664 387; x_wconf 79' lang='lat' dir='ltr'><strong>ARCHIEP.</strong></span> 
     </span>
    </p>
   </div>
   <div class='ocr_carea' id='block_1_3' title="bbox 3557 327 3670 384">
    <p class='ocr_par' dir='ltr' id='par_1_3' title="bbox 3557 327 3670 384">
     <span class='ocr_line' id='line_1_3' title="bbox 3557 327 3670 384; baseline -0.035 1"><span class='ocrx_word' id='word_1_6' title='bbox 3557 327 3670 384; x_wconf 75' lang='lat'><strong>599.</strong></span> 
     </span>
    </p>
   </div>
   <div class='ocr_carea' id='block_1_4' title="bbox 466 439 1983 522">
    <p class='ocr_par' dir='ltr' id='par_1_4' title="bbox 466 449 1977 522">
     <span class='ocr_line' id='line_1_4' title="bbox 466 449 1977 522; baseline -0.002 -11"><span class='ocrx_word' id='word_1_7' title='bbox 466 453 662 511; x_wconf 82' lang='lat' dir='ltr'><strong>PALL.</strong></span> <span class='ocrx_word' id='word_1_8' title='bbox 706 454 870 508; x_wconf 73' lang='lat' dir='ltr'><strong>Visne</strong></span> <span class='ocrx_word' id='word_1_9' title='bbox 902 451 1066 522; x_wconf 83' lang='lat' dir='ltr'><strong>igitur</strong></span> <span class='ocrx_word' id='word_1_10' title='bbox 1098 449 1348 505; x_wconf 86' lang='lat' dir='ltr'><strong>nonnihil</strong></span> <span class='ocrx_word' id='word_1_11' title='bbox 1390 450 1458 506; x_wconf 90' lang='lat' dir='ltr'><strong>de</strong></span> <span class='ocrx_word' id='word_1_12' title='bbox 1501 464 1691 507; x_wconf 88' lang='lat' dir='ltr'><strong>sancto</strong></span> <span class='ocrx_word' id='word_1_13' title='bbox 1719 452 1977 509; x_wconf 88' lang='lat' dir='ltr'><strong>taberna—</strong></span> 
     </span>
    </p>
   </div>
   <div class='ocr_carea' id='block_1_5' title="bbox 2092 439 3669 522">
    <p class='ocr_par' dir='ltr' id='par_1_5' title="bbox 2156 439 3669 518">
     <span class='ocr_line' id='line_1_5' title="bbox 2156 439 3669 518; baseline -0.004 -14"><span class='ocrx_word' id='word_1_14' title='bbox 2156 450 2364 505; x_wconf 80' lang='lat' dir='ltr'><strong>IIAAA.</strong></span> <span class='ocrx_word' id='word_1_15' title='bbox 2407 447 2593 502; x_wconf 85' lang='grc' dir='ltr'>Βούλει</span> <span class='ocrx_word' id='word_1_16' title='bbox 2643 446 2708 518; x_wconf 82' lang='grc' dir='ltr'>δὴ</span> <span class='ocrx_word' id='word_1_17' title='bbox 2757 439 2848 500; x_wconf 77' lang='grc' dir='ltr'>οὖν</span> <span class='ocrx_word' id='word_1_18' title='bbox 2893 443 3050 514; x_wconf 82' lang='grc' dir='ltr'>ὀλίγα</span> <span class='ocrx_word' id='word_1_19' title='bbox 3097 443 3230 499; x_wconf 77' lang='grc' dir='ltr'>ἀττα</span> <span class='ocrx_word' id='word_1_20' title='bbox 3283 443 3411 515; x_wconf 86' lang='grc' dir='ltr'>περί</span> <span class='ocrx_word' id='word_1_21' title='bbox 3458 461 3519 497; x_wconf 84' lang='grc' dir='ltr'>τε</span> <span class='ocrx_word' id='word_1_22' title='bbox 3559 444 3669 515; x_wconf 80' lang='grc' dir='ltr'>τῆς</span> 
     </span>
    </p>
   </div>
   <div class='ocr_carea' id='block_1_6' title="bbox 395 541 1979 615">
    <p class='ocr_par' dir='ltr' id='par_1_6' title="bbox 395 541 1979 615">
     <span class='ocr_line' id='line_1_6' title="bbox 395 541 1979 615; baseline -0.001 -13"><span class='ocrx_word' id='word_1_23' title='bbox 395 547 540 610; x_wconf 89' lang='lat' dir='ltr'><strong>culo,</strong></span> <span class='ocrx_word' id='word_1_24' title='bbox 567 545 718 599; x_wconf 89' lang='lat' dir='ltr'><strong>etde</strong></span> <span class='ocrx_word' id='word_1_25' title='bbox 757 543 913 614; x_wconf 90' lang='lat' dir='ltr'><strong>legali</strong></span> <span class='ocrx_word' id='word_1_26' title='bbox 946 541 1254 598; x_wconf 86' lang='lat' dir='ltr'><strong>sacerdotio</strong></span> <span class='ocrx_word' id='word_1_27' title='bbox 1309 542 1578 609; x_wconf 87' lang='lat' dir='ltr'><strong>dicamus,</strong></span> <span class='ocrx_word' id='word_1_28' title='bbox 1630 545 1704 600; x_wconf 84' lang='lat' dir='ltr'><strong>ita</strong></span> <span class='ocrx_word' id='word_1_29' title='bbox 1749 553 1809 599; x_wconf 90' lang='lat' dir='ltr'><strong>ut</strong></span> <span class='ocrx_word' id='word_1_30' title='bbox 1849 560 1979 615; x_wconf 79' lang='lat' dir='ltr'><strong>quae</strong></span> 
     </span>
    </p>
   </div>
   <div class='ocr_carea' id='block_1_7' title="bbox 395 633 1977 702">
    <p class='ocr_par' dir='ltr' id='par_1_7' title="bbox 395 633 1977 702">
     <span class='ocr_line' id='line_1_7' title="bbox 395 633 1977 702; baseline -0.002 -10"><span class='ocrx_word' id='word_1_31' title='bbox 395 636 733 692; x_wconf 75' lang='lat' dir='ltr'><strong>sanctissime</strong></span> <span class='ocrx_word' id='word_1_32' title='bbox 763 642 892 688; x_wconf 83' lang='lat' dir='ltr'><strong>sunt</strong></span> <span class='ocrx_word' id='word_1_33' title='bbox 919 641 1153 702; x_wconf 89' lang='lat' dir='ltr'><strong>utraque</strong></span> <span class='ocrx_word' id='word_1_34' title='bbox 1190 633 1259 690; x_wconf 90' lang='lat' dir='ltr'><strong>de</strong></span> <span class='ocrx_word' id='word_1_35' title='bbox 1301 651 1362 690; x_wconf 85' lang='lat' dir='ltr'><strong>re</strong></span> <span class='ocrx_word' id='word_1_36' title='bbox 1397 635 1627 702; x_wconf 87' lang='lat' dir='ltr'><strong>sancita,</strong></span> <span class='ocrx_word' id='word_1_37' title='bbox 1656 646 1846 692; x_wconf 87' lang='lat' dir='ltr'><strong>nostra</strong></span> <span class='ocrx_word' id='word_1_38' title='bbox 1881 651 1977 691; x_wconf 83' lang='lat' dir='ltr'><strong>ex-</strong></span> 
     </span>
    </p>
   </div>
   <div class='ocr_carea' id='block_1_8' title="bbox 393 726 820 798">
    <p class='ocr_par' dir='ltr' id='par_1_8' title="bbox 393 726 820 798">
     <span class='ocr_line' id='line_1_8' title="bbox 393 726 820 798; baseline -0.009 -15"><span class='ocrx_word' id='word_1_39' title='bbox 393 727 578 798; x_wconf 91' lang='lat' dir='ltr'><strong>quirat</strong></span> <span class='ocrx_word' id='word_1_40' title='bbox 605 726 820 782; x_wconf 79' lang='lat' dir='ltr'><strong>oratio?</strong></span> 
     </span>
    </p>
   </div>
   <div class='ocr_carea' id='block_1_9' title="bbox 458 882 1979 952">
    <p class='ocr_par' dir='ltr' id='par_1_9' title="bbox 458 882 1979 952">
     <span class='ocr_line' id='line_1_9' title="bbox 458 882 1979 952; baseline -0.001 -14"><span class='ocrx_word' id='word_1_41' title='bbox 458 882 617 938; x_wconf 82' lang='lat' dir='ltr'><strong>CYR.</strong></span> <span class='ocrx_word' id='word_1_42' title='bbox 663 883 761 937; x_wconf 88' lang='lat' dir='ltr'><strong>Est</strong></span> <span class='ocrx_word' id='word_1_43' title='bbox 790 882 1014 952; x_wconf 85' lang='lat' dir='ltr'><strong>quidem</strong></span> <span class='ocrx_word' id='word_1_44' title='bbox 1057 897 1120 936; x_wconf 89' lang='lat' dir='ltr'><strong>ea</strong></span> <span class='ocrx_word' id='word_1_45' title='bbox 1173 897 1264 939; x_wconf 92' lang='lat' dir='ltr'><strong>res</strong></span> <span class='ocrx_word' id='word_1_46' title='bbox 1311 883 1456 938; x_wconf 89' lang='lat' dir='ltr'><strong>haud</strong></span> <span class='ocrx_word' id='word_1_47' title='bbox 1489 883 1666 944; x_wconf 77' lang='lat' dir='ltr'><strong>facilis</strong></span> <span class='ocrx_word' id='word_1_48' title='bbox 1702 900 1715 936; x_wconf 90' lang='lat'><strong>:</strong></span> <span class='ocrx_word' id='word_1_49' title='bbox 1745 882 1979 937; x_wconf 77' lang='lat' dir='ltr'><strong>maxima</strong></span> 
     </span>
    </p>
   </div>
   <div class='ocr_carea' id='block_1_10' title="bbox 391 973 1979 1044">
    <p class='ocr_par' dir='ltr' id='par_1_10' title="bbox 391 973 1979 1044">
     <span class='ocr_line' id='line_1_10' title="bbox 391 973 1979 1044; baseline -0.001 -16"><span class='ocrx_word' id='word_1_50' title='bbox 391 989 629 1043; x_wconf 85' lang='lat' dir='ltr'><strong>namque</strong></span> <span class='ocrx_word' id='word_1_51' title='bbox 657 974 817 1028; x_wconf 90' lang='lat' dir='ltr'><strong>nobis</strong></span> <span class='ocrx_word' id='word_1_52' title='bbox 851 990 1018 1044; x_wconf 85' lang='lat' dir='ltr'><strong>opera</strong></span> <span class='ocrx_word' id='word_1_53' title='bbox 1041 983 1098 1030; x_wconf 89' lang='lat' dir='ltr'><strong>et</strong></span> <span class='ocrx_word' id='word_1_54' title='bbox 1126 974 1336 1041; x_wconf 89' lang='lat' dir='ltr'><strong>labore,</strong></span> <span class='ocrx_word' id='word_1_55' title='bbox 1360 975 1588 1040; x_wconf 89' lang='lat' dir='ltr'><strong>Palladi,</strong></span> <span class='ocrx_word' id='word_1_56' title='bbox 1611 973 1677 1028; x_wconf 88' lang='lat' dir='ltr'><strong>ad</strong></span> <span class='ocrx_word' id='word_1_57' title='bbox 1713 974 1829 1028; x_wconf 85' lang='lat' dir='ltr'><strong>haec</strong></span> <span class='ocrx_word' id='word_1_58' title='bbox 1861 981 1979 1028; x_wconf 91' lang='lat' dir='ltr'><strong>tum</strong></span> 
     </span>
    </p>
   </div>
   <div class='ocr_carea' id='block_1_11' title="bbox 391 1062 1977 1134">
    <p class='ocr_par' dir='ltr' id='par_1_11' title="bbox 391 1062 1977 1134">
     <span class='ocr_line' id='line_1_11' title="bbox 391 1062 1977 1134; baseline -0.001 -16"><span class='ocrx_word' id='word_1_59' title='bbox 391 1063 767 1134; x_wconf 85' lang='lat' dir='ltr'><strong>intelligenda,</strong></span> <span class='ocrx_word' id='word_1_60' title='bbox 793 1071 911 1118; x_wconf 92' lang='lat' dir='ltr'><strong>tum</strong></span> <span class='ocrx_word' id='word_1_61' title='bbox 949 1065 1116 1119; x_wconf 90' lang='lat' dir='ltr'><strong>etiam</strong></span> <span class='ocrx_word' id='word_1_62' title='bbox 1141 1065 1484 1129; x_wconf 82' lang='lat' dir='ltr'><strong>disserenda,</strong></span> <span class='ocrx_word' id='word_1_63' title='bbox 1513 1080 1652 1134; x_wconf 86' lang='lat' dir='ltr'><strong>opus</strong></span> <span class='ocrx_word' id='word_1_64' title='bbox 1687 1065 1813 1119; x_wconf 88' lang='lat' dir='ltr'><strong>erit.</strong></span> <span class='ocrx_word' id='word_1_65' title='bbox 1847 1062 1977 1127; x_wconf 88' lang='lat' dir='ltr'><strong>Sed,</strong></span> 
     </span>
    </p>
   </div>
   <div class='ocr_carea' id='block_1_12' title="bbox 391 1155 1980 1228">
    <p class='ocr_par' dir='ltr' id='par_1_12' title="bbox 391 1155 1980 1228">
     <span class='ocr_line' id='line_1_12' title="bbox 391 1155 1980 1228; baseline -0.001 -19"><span class='ocrx_word' id='word_1_66' title='bbox 391 1155 440 1209; x_wconf 76' lang='lat' dir='ltr'><strong>si</strong></span> <span class='ocrx_word' id='word_1_67' title='bbox 465 1155 540 1210; x_wconf 86' lang='lat' dir='ltr'><strong>ita</strong></span> <span class='ocrx_word' id='word_1_68' title='bbox 568 1155 804 1219; x_wconf 88' lang='lat' dir='ltr'><strong>videtur,</strong></span> <span class='ocrx_word' id='word_1_69' title='bbox 838 1156 934 1210; x_wconf 85' lang='lat' dir='ltr'><strong>Dei</strong></span> <span class='ocrx_word' id='word_1_70' title='bbox 967 1156 1170 1210; x_wconf 80' lang='lat' dir='ltr'><strong>auxilio</strong></span> <span class='ocrx_word' id='word_1_71' title='bbox 1220 1156 1368 1218; x_wconf 80' lang='lat' dir='ltr'><strong>freti,</strong></span> <span class='ocrx_word' id='word_1_72' title='bbox 1399 1156 1776 1228; x_wconf 85' lang='lat' dir='ltr'><strong>aggrediamur</strong></span> <span class='ocrx_word' id='word_1_73' title='bbox 1815 1172 1827 1207; x_wconf 90' lang='lat'>:</span> <span class='ocrx_word' id='word_1_74' title='bbox 1878 1170 1980 1208; x_wconf 90' lang='lat' dir='ltr'><strong>au-</strong></span> 
     </span>
    </p>
   </div>
   <div class='ocr_carea' id='block_1_13' title="bbox 395 1246 1982 1317">
    <p class='ocr_par' dir='ltr' id='par_1_13' title="bbox 395 1246 1982 1317">
     <span class='ocr_line' id='line_1_13' title="bbox 395 1246 1982 1317; baseline -0.001 -16"><span class='ocrx_word' id='word_1_75' title='bbox 395 1247 526 1302; x_wconf 89' lang='lat' dir='ltr'><strong>disti</strong></span> <span class='ocrx_word' id='word_1_76' title='bbox 557 1247 706 1302; x_wconf 89' lang='lat' dir='ltr'><strong>enim</strong></span> <span class='ocrx_word' id='word_1_77' title='bbox 736 1248 888 1302; x_wconf 91' lang='lat' dir='ltr'><strong>illum</strong></span> <span class='ocrx_word' id='word_1_78' title='bbox 925 1255 1118 1317; x_wconf 87' lang='lat' dir='ltr'><strong>aperte</strong></span> <span class='ocrx_word' id='word_1_79' title='bbox 1148 1247 1423 1303; x_wconf 89' lang='lat' dir='ltr'><strong>dicentem</strong></span> <span class='ocrx_word' id='word_1_80' title='bbox 1471 1265 1482 1299; x_wconf 93' lang='lat'><strong>:</strong></span> <span class='ocrx_word' id='word_1_81' title='bbox 1526 1267 1543 1298; x_wconf 74' lang='grc' dir='ltr'><strong>ι</strong></span> <span class='ocrx_word' id='word_1_82' title='bbox 1575 1246 1710 1312; x_wconf 87' lang='lat' dir='ltr'><strong>Quis</strong></span> <span class='ocrx_word' id='word_1_83' title='bbox 1735 1246 1888 1300; x_wconf 85' lang='lat' dir='ltr'><strong>dedit</strong></span> <span class='ocrx_word' id='word_1_84' title='bbox 1919 1262 1982 1300; x_wconf 91' lang='lat' dir='ltr'><strong>os</strong></span> 
     </span>
    </p>
   </div>
   <div class='ocr_carea' id='block_1_14' title="bbox 396 1338 1979 1410">
    <p class='ocr_par' dir='ltr' id='par_1_14' title="bbox 396 1338 1979 1410">
     <span class='ocr_line' id='line_1_14' title="bbox 396 1338 1979 1410; baseline -0.002 -16"><span class='ocrx_word' id='word_1_85' title='bbox 396 1340 607 1395; x_wconf 89' lang='lat' dir='ltr'><strong>homini</strong></span> <span class='ocrx_word' id='word_1_86' title='bbox 631 1340 654 1392; x_wconf 88' lang='lat'><strong>?</strong></span> <span class='ocrx_word' id='word_1_87' title='bbox 677 1348 734 1395; x_wconf 94' lang='lat' dir='ltr'><strong>et</strong></span> <span class='ocrx_word' id='word_1_88' title='bbox 761 1341 885 1410; x_wconf 90' lang='lat' dir='ltr'><strong>quis</strong></span> <span class='ocrx_word' id='word_1_89' title='bbox 915 1340 1048 1394; x_wconf 84' lang='lat' dir='ltr'><strong>fecit</strong></span> <span class='ocrx_word' id='word_1_90' title='bbox 1102 1348 1318 1394; x_wconf 90' lang='lat' dir='ltr'><strong>mutum</strong></span> <span class='ocrx_word' id='word_1_91' title='bbox 1380 1348 1437 1394; x_wconf 88' lang='lat' dir='ltr'><strong>et</strong></span> <span class='ocrx_word' id='word_1_92' title='bbox 1492 1338 1744 1402; x_wconf 91' lang='lat' dir='ltr'><strong>surdum,</strong></span> <span class='ocrx_word' id='word_1_93' title='bbox 1780 1338 1979 1392; x_wconf 89' lang='lat' dir='ltr'><strong>viden-</strong></span> 
     </span>
    </p>
   </div>
   <div class='ocr_carea' id='block_1_15' title="bbox 397 1430 1982 1501">
    <p class='ocr_par' dir='ltr' id='par_1_15' title="bbox 397 1430 1982 1501">
     <span class='ocr_line' id='line_1_15' title="bbox 397 1430 1982 1501; baseline -0.001 -16"><span class='ocrx_word' id='word_1_94' title='bbox 397 1439 508 1486; x_wconf 87' lang='lat' dir='ltr'><strong>tem</strong></span> <span class='ocrx_word' id='word_1_95' title='bbox 539 1440 594 1486; x_wconf 89' lang='lat' dir='ltr'><strong>ct</strong></span> <span class='ocrx_word' id='word_1_96' title='bbox 619 1432 869 1488; x_wconf 73' lang='lat' dir='ltr'><strong>caecum?</strong></span> <span class='ocrx_word' id='word_1_97' title='bbox 891 1446 1075 1486; x_wconf 89' lang='lat' dir='ltr'><strong>nonne</strong></span> <span class='ocrx_word' id='word_1_98' title='bbox 1109 1446 1209 1501; x_wconf 85' lang='lat' dir='ltr'><strong>ego</strong></span> <span class='ocrx_word' id='word_1_99' title='bbox 1237 1430 1504 1484; x_wconf 90' lang='lat' dir='ltr'><strong>Dominus</strong></span> <span class='ocrx_word' id='word_1_100' title='bbox 1537 1431 1720 1486; x_wconf 85' lang='lat' dir='ltr'><strong>Deus?</strong></span> <span class='ocrx_word' id='word_1_101' title='bbox 1743 1430 1811 1484; x_wconf 87' lang='lat' dir='ltr'><strong>Et</strong></span> <span class='ocrx_word' id='word_1_102' title='bbox 1834 1444 1982 1484; x_wconf 92' lang='lat' dir='ltr'><strong>nunc</strong></span> 
     </span>
    </p>
   </div>
   <div class='ocr_carea' id='block_1_16' title="bbox 396 1523 1482 1595">
    <p class='ocr_par' dir='ltr' id='par_1_16' title="bbox 396 1523 1482 1595">
     <span class='ocr_line' id='line_1_16' title="bbox 396 1523 1482 1595; baseline -0.004 -18"><span class='ocrx_word' id='word_1_103' title='bbox 396 1523 556 1588; x_wconf 83' lang='lat' dir='ltr'><strong>vade,</strong></span> <span class='ocrx_word' id='word_1_104' title='bbox 591 1530 649 1578; x_wconf 87' lang='lat' dir='ltr'><strong>et</strong></span> <span class='ocrx_word' id='word_1_105' title='bbox 689 1539 790 1595; x_wconf 90' lang='lat' dir='ltr'><strong>ego</strong></span> <span class='ocrx_word' id='word_1_106' title='bbox 814 1523 1057 1594; x_wconf 88' lang='lat' dir='ltr'><strong>aperiam</strong></span> <span class='ocrx_word' id='word_1_107' title='bbox 1087 1538 1149 1578; x_wconf 93' lang='lat' dir='ltr'><strong>os</strong></span> <span class='ocrx_word' id='word_1_108' title='bbox 1177 1531 1331 1577; x_wconf 90' lang='lat' dir='ltr'><strong>tuum</strong></span> <span class='ocrx_word' id='word_1_109' title='bbox 1357 1523 1423 1575; x_wconf 78' lang='grc' dir='ltr'><strong>τσ.</strong></span> <span class='ocrx_word' id='word_1_110' title='bbox 1466 1540 1482 1572; x_wconf 69' lang='grc' dir='ltr'><strong>ι</strong></span> 
     </span>
    </p>
   </div>
   <div class='ocr_carea' id='block_1_17' title="bbox 467 1768 1982 1842">
    <p class='ocr_par' dir='ltr' id='par_1_17' title="bbox 467 1768 1982 1842">
     <span class='ocr_line' id='line_1_17' title="bbox 467 1768 1982 1842; baseline 0 -18"><span class='ocrx_word' id='word_1_111' title='bbox 467 1769 664 1825; x_wconf 81' lang='lat' dir='ltr'><strong>PALL.</strong></span> <span class='ocrx_word' id='word_1_112' title='bbox 698 1771 868 1842; x_wconf 81' lang='lat' dir='ltr'><strong>Perge</strong></span> <span class='ocrx_word' id='word_1_113' title='bbox 899 1771 1084 1842; x_wconf 80' lang='lat' dir='ltr'><strong>igitur,</strong></span> <span class='ocrx_word' id='word_1_114' title='bbox 1119 1779 1176 1825; x_wconf 89' lang='lat' dir='ltr'><strong>et</strong></span> <span class='ocrx_word' id='word_1_115' title='bbox 1220 1770 1373 1824; x_wconf 91' lang='lat' dir='ltr'><strong>illum</strong></span> <span class='ocrx_word' id='word_1_116' title='bbox 1427 1768 1709 1839; x_wconf 68' lang='lat' dir='ltr'><strong>sapientiae</strong></span> <span class='ocrx_word' id='word_1_117' title='bbox 1758 1768 1982 1840; x_wconf 88' lang='lat' dir='ltr'><strong>largito-</strong></span> 
     </span>
    </p>
   </div>
   <div class='ocr_carea' id='block_1_18' title="bbox 286 1858 1518 1930">
    <p class='ocr_par' dir='ltr' id='par_1_18' title="bbox 286 1858 1518 1930">
     <span class='ocr_line' id='line_1_18' title="bbox 286 1858 1518 1930; baseline 0 -18"><span class='ocrx_word' id='word_1_118' title='bbox 286 1901 298 1912; x_wconf 79' lang='lat'><strong>.</strong></span> <span class='ocrx_word' id='word_1_119' title='bbox 401 1875 516 1914; x_wconf 83' lang='lat' dir='ltr'><strong>rem</strong></span> <span class='ocrx_word' id='word_1_120' title='bbox 550 1859 618 1914; x_wconf 91' lang='lat' dir='ltr'><strong>ad</strong></span> <span class='ocrx_word' id='word_1_121' title='bbox 647 1875 766 1914; x_wconf 88' lang='lat' dir='ltr'><strong>eam</strong></span> <span class='ocrx_word' id='word_1_122' title='bbox 799 1876 915 1915; x_wconf 91' lang='lat' dir='ltr'><strong>rem</strong></span> <span class='ocrx_word' id='word_1_123' title='bbox 949 1860 1258 1930; x_wconf 86' lang='lat' dir='ltr'><strong>adjutorem</strong></span> <span class='ocrx_word' id='word_1_124' title='bbox 1297 1858 1518 1914; x_wconf 87' lang='lat' dir='ltr'><strong>adhibe.</strong></span> 
     </span>
    </p>
   </div>
   <div class='ocr_carea' id='block_1_19' title="bbox 466 1994 1984 2067">
    <p class='ocr_par' dir='ltr' id='par_1_19' title="bbox 466 1994 1984 2067">
     <span class='ocr_line' id='line_1_19' title="bbox 466 1994 1984 2067; baseline 0 -17"><span class='ocrx_word' id='word_1_125' title='bbox 466 1995 622 2050; x_wconf 82' lang='lat' dir='ltr'><strong>CYR.</strong></span> <span class='ocrx_word' id='word_1_126' title='bbox 664 1995 893 2066; x_wconf 79' lang='lat' dir='ltr'><strong>Pergam</strong></span> <span class='ocrx_word' id='word_1_127' title='bbox 926 1995 1206 2065; x_wconf 88' lang='lat' dir='ltr'><strong>equidem,</strong></span> <span class='ocrx_word' id='word_1_128' title='bbox 1246 2005 1412 2066; x_wconf 91' lang='lat' dir='ltr'><strong>atque</strong></span> <span class='ocrx_word' id='word_1_129' title='bbox 1445 1997 1558 2067; x_wconf 88' lang='lat' dir='ltr'><strong>jam</strong></span> <span class='ocrx_word' id='word_1_130' title='bbox 1591 1994 1876 2066; x_wconf 85' lang='lat' dir='ltr'><strong>aggrediar</strong></span> <span class='ocrx_word' id='word_1_131' title='bbox 1915 1995 1984 2050; x_wconf 88' lang='lat' dir='ltr'><strong>ad</strong></span> 
     </span>
    </p>
   </div>
   <div class='ocr_carea' id='block_1_20' title="bbox 397 2085 1988 2156">
    <p class='ocr_par' dir='ltr' id='par_1_20' title="bbox 397 2085 1988 2156">
     <span class='ocr_line' id='line_1_20' title="bbox 397 2085 1988 2156; baseline 0.001 -18"><span class='ocrx_word' id='word_1_132' title='bbox 397 2085 712 2150; x_wconf 83' lang='lat' dir='ltr'><strong>dicendum,</strong></span> <span class='ocrx_word' id='word_1_133' title='bbox 748 2101 813 2141; x_wconf 92' lang='lat' dir='ltr'><strong>ac</strong></span> <span class='ocrx_word' id='word_1_134' title='bbox 845 2085 913 2140; x_wconf 92' lang='lat' dir='ltr'><strong>de</strong></span> <span class='ocrx_word' id='word_1_135' title='bbox 959 2086 1132 2142; x_wconf 88' lang='lat' dir='ltr'><strong>sacris</strong></span> <span class='ocrx_word' id='word_1_136' title='bbox 1165 2085 1388 2140; x_wconf 88' lang='lat' dir='ltr'><strong>Litteris</strong></span> <span class='ocrx_word' id='word_1_137' title='bbox 1422 2085 1716 2156; x_wconf 79' lang='lat' dir='ltr'><strong>diligenter</strong></span> <span class='ocrx_word' id='word_1_138' title='bbox 1739 2085 1988 2140; x_wconf 88' lang='lat' dir='ltr'><strong>testimo-</strong></span> 
     </span>
    </p>
   </div>
   <div class='ocr_carea' id='block_1_21' title="bbox 399 2175 1985 2249">
    <p class='ocr_par' dir='ltr' id='par_1_21' title="bbox 399 2175 1985 2249">
     <span class='ocr_line' id='line_1_21' title="bbox 399 2175 1985 2249; baseline 0.001 -20"><span class='ocrx_word' id='word_1_139' title='bbox 399 2178 488 2231; x_wconf 85' lang='lat' dir='ltr'><strong>nia</strong></span> <span class='ocrx_word' id='word_1_140' title='bbox 518 2176 788 2247; x_wconf 86' lang='lat' dir='ltr'><strong>colligam.</strong></span> <span class='ocrx_word' id='word_1_141' title='bbox 825 2176 1121 2232; x_wconf 90' lang='lat' dir='ltr'><strong>Descendit</strong></span> <span class='ocrx_word' id='word_1_142' title='bbox 1162 2177 1332 2249; x_wconf 84' lang='lat' dir='ltr'><strong>igitur</strong></span> <span class='ocrx_word' id='word_1_143' title='bbox 1362 2176 1504 2248; x_wconf 88' lang='lat' dir='ltr'><strong>ignis</strong></span> <span class='ocrx_word' id='word_1_144' title='bbox 1529 2175 1713 2246; x_wconf 87' lang='lat' dir='ltr'><strong>specie</strong></span> <span class='ocrx_word' id='word_1_145' title='bbox 1739 2175 1796 2230; x_wconf 91' lang='lat' dir='ltr'><strong>in</strong></span> <span class='ocrx_word' id='word_1_146' title='bbox 1825 2190 1985 2230; x_wconf 92' lang='lat' dir='ltr'><strong>mon-</strong></span> 
     </span>
    </p>
   </div>
   <div class='ocr_carea' id='block_1_22' title="bbox 400 2267 1986 2338">
    <p class='ocr_par' dir='ltr' id='par_1_22' title="bbox 400 2267 1986 2338">
     <span class='ocr_line' id='line_1_22' title="bbox 400 2267 1986 2338; baseline -0.001 -15"><span class='ocrx_word' id='word_1_147' title='bbox 400 2280 509 2325; x_wconf 87' lang='lat' dir='ltr'><strong>tem</strong></span> <span class='ocrx_word' id='word_1_148' title='bbox 544 2269 674 2324; x_wconf 88' lang='lat' dir='ltr'><strong>Sina</strong></span> <span class='ocrx_word' id='word_1_149' title='bbox 696 2269 844 2324; x_wconf 91' lang='lat' dir='ltr'><strong>Deus</strong></span> <span class='ocrx_word' id='word_1_150' title='bbox 879 2269 972 2325; x_wconf 91' lang='lat' dir='ltr'><strong>ille</strong></span> <span class='ocrx_word' id='word_1_151' title='bbox 1001 2270 1390 2324; x_wconf 87' lang='lat' dir='ltr'><strong>universorum</strong></span> <span class='ocrx_word' id='word_1_152' title='bbox 1427 2267 1700 2333; x_wconf 88' lang='lat' dir='ltr'><strong>conditor,</strong></span> <span class='ocrx_word' id='word_1_153' title='bbox 1729 2267 1986 2338; x_wconf 88' lang='lat' dir='ltr'><strong>legesque</strong></span> 
     </span>
    </p>
   </div>
   <div class='ocr_carea' id='block_1_23' title="bbox 399 2358 1984 2433">
    <p class='ocr_par' dir='ltr' id='par_1_23' title="bbox 399 2358 1984 2433">
     <span class='ocr_line' id='line_1_23' title="bbox 399 2358 1984 2433; baseline -0.001 -19"><span class='ocrx_word' id='word_1_154' title='bbox 399 2361 523 2416; x_wconf 92' lang='lat' dir='ltr'><strong>tulit</strong></span> <span class='ocrx_word' id='word_1_155' title='bbox 574 2360 778 2431; x_wconf 88' lang='lat' dir='ltr'><strong>quibus</strong></span> <span class='ocrx_word' id='word_1_156' title='bbox 823 2361 1021 2416; x_wconf 88' lang='lat' dir='ltr'><strong>liceret</strong></span> <span class='ocrx_word' id='word_1_157' title='bbox 1075 2361 1322 2433; x_wconf 86' lang='lat' dir='ltr'><strong>singulas</strong></span> <span class='ocrx_word' id='word_1_158' title='bbox 1371 2360 1618 2415; x_wconf 89' lang='lat' dir='ltr'><strong>actiones</strong></span> <span class='ocrx_word' id='word_1_159' title='bbox 1666 2358 1735 2414; x_wconf 90' lang='lat' dir='ltr'><strong>ad</strong></span> <span class='ocrx_word' id='word_1_160' title='bbox 1779 2367 1984 2414; x_wconf 89' lang='lat' dir='ltr'><strong>rectam</strong></span> 
     </span>
    </p>
   </div>
   <div class='ocr_carea' id='block_1_24' title="bbox 397 2451 1988 2525">
    <p class='ocr_par' dir='ltr' id='par_1_24' title="bbox 397 2451 1988 2525">
     <span class='ocr_line' id='line_1_24' title="bbox 397 2451 1988 2525; baseline -0.001 -20"><span class='ocrx_word' id='word_1_161' title='bbox 397 2468 694 2524; x_wconf 80' lang='lat' dir='ltr'><strong>veramque</strong></span> <span class='ocrx_word' id='word_1_162' title='bbox 727 2468 976 2508; x_wconf 90' lang='lat' dir='ltr'><strong>normam</strong></span> <span class='ocrx_word' id='word_1_163' title='bbox 1015 2452 1276 2525; x_wconf 85' lang='lat' dir='ltr'><strong>dirigere.</strong></span> <span class='ocrx_word' id='word_1_164' title='bbox 1312 2452 1542 2515; x_wconf 91' lang='lat' dir='ltr'><strong>Deinde,</strong></span> <span class='ocrx_word' id='word_1_165' title='bbox 1583 2460 1644 2505; x_wconf 90' lang='lat' dir='ltr'><strong>ut</strong></span> <span class='ocrx_word' id='word_1_166' title='bbox 1683 2451 1805 2506; x_wconf 87' lang='lat' dir='ltr'><strong>illos</strong></span> <span class='ocrx_word' id='word_1_167' title='bbox 1831 2467 1862 2504; x_wconf 91' lang='lat' dir='ltr'><strong>a</strong></span> <span class='ocrx_word' id='word_1_168' title='bbox 1895 2467 1988 2505; x_wconf 82' lang='lat' dir='ltr'><strong>ve-</strong></span> 
     </span>
    </p>
   </div>
   <div class='ocr_carea' id='block_1_25' title="bbox 397 2542 2017 2623">
    <p class='ocr_par' dir='ltr' id='par_1_25' title="bbox 397 2542 2017 2623">
     <span class='ocr_line' id='line_1_25' title="bbox 397 2542 2017 2623; baseline -0.001 -23"><span class='ocrx_word' id='word_1_169' title='bbox 397 2546 501 2600; x_wconf 80' lang='lat' dir='ltr'><strong>teri</strong></span> <span class='ocrx_word' id='word_1_170' title='bbox 530 2562 722 2602; x_wconf 90' lang='lat' dir='ltr'><strong>errore</strong></span> <span class='ocrx_word' id='word_1_171' title='bbox 768 2546 1073 2602; x_wconf 88' lang='lat' dir='ltr'><strong>abduceret</strong></span> <span class='ocrx_word' id='word_1_172' title='bbox 1095 2585 1110 2612; x_wconf 92' lang='lat'><strong>,</strong></span> <span class='ocrx_word' id='word_1_173' title='bbox 1147 2554 1313 2616; x_wconf 88' lang='lat' dir='ltr'><strong>atque</strong></span> <span class='ocrx_word' id='word_1_174' title='bbox 1337 2561 1368 2600; x_wconf 88' lang='lat' dir='ltr'><strong>a</strong></span> <span class='ocrx_word' id='word_1_175' title='bbox 1402 2545 1541 2599; x_wconf 86' lang='lat' dir='ltr'><strong>falso</strong></span> <span class='ocrx_word' id='word_1_176' title='bbox 1576 2544 1729 2598; x_wconf 88' lang='lat' dir='ltr'><strong>cultu</strong></span> <span class='ocrx_word' id='word_1_177' title='bbox 1777 2542 1985 2614; x_wconf 89' lang='lat' dir='ltr'><strong>longis-</strong></span> <span class='ocrx_word' id='word_1_178' title='bbox 2014 2621 2017 2623; x_wconf 86' lang='lat'><em>_</em></span> 
     </span>
    </p>
   </div>
   <div class='ocr_carea' id='block_1_26' title="bbox 396 2635 1986 2707">
    <p class='ocr_par' dir='ltr' id='par_1_26' title="bbox 396 2635 1986 2707">
     <span class='ocr_line' id='line_1_26' title="bbox 396 2635 1986 2707; baseline -0.003 -14"><span class='ocrx_word' id='word_1_179' title='bbox 396 2637 534 2693; x_wconf 88' lang='lat' dir='ltr'><strong>sime</strong></span> <span class='ocrx_word' id='word_1_180' title='bbox 578 2647 906 2702; x_wconf 84' lang='lat' dir='ltr'><strong>removeret,</strong></span> <span class='ocrx_word' id='word_1_181' title='bbox 973 2639 1193 2693; x_wconf 90' lang='lat' dir='ltr'><strong>locutus</strong></span> <span class='ocrx_word' id='word_1_182' title='bbox 1240 2645 1327 2693; x_wconf 91' lang='lat' dir='ltr'><strong>est</strong></span> <span class='ocrx_word' id='word_1_183' title='bbox 1389 2636 1456 2691; x_wconf 93' lang='lat' dir='ltr'><strong>ad</strong></span> <span class='ocrx_word' id='word_1_184' title='bbox 1515 2635 1758 2707; x_wconf 84' lang='lat' dir='ltr'><strong>Moysen,</strong></span> <span class='ocrx_word' id='word_1_185' title='bbox 1791 2635 1887 2704; x_wconf 88' lang='lat' dir='ltr'><strong>qui</strong></span> <span class='ocrx_word' id='word_1_186' title='bbox 1919 2649 1986 2689; x_wconf 90' lang='lat' dir='ltr'><strong>eo</strong></span> 
     </span>
    </p>
   </div>
   <div class='ocr_carea' id='block_1_27' title="bbox 402 2726 1983 2798">
    <p class='ocr_par' dir='ltr' id='par_1_27' title="bbox 402 2726 1983 2798">
     <span class='ocr_line' id='line_1_27' title="bbox 402 2726 1983 2798; baseline -0.002 -14"><span class='ocrx_word' id='word_1_187' title='bbox 402 2743 645 2798; x_wconf 87' lang='lat' dir='ltr'><strong>tempore</strong></span> <span class='ocrx_word' id='word_1_188' title='bbox 718 2728 994 2782; x_wconf 90' lang='lat' dir='ltr'><strong>mediator</strong></span> <span class='ocrx_word' id='word_1_189' title='bbox 1041 2736 1181 2782; x_wconf 90' lang='lat' dir='ltr'><strong>erat.</strong></span> <span class='ocrx_word' id='word_1_190' title='bbox 1226 2748 1245 2781; x_wconf 88' lang='grc'><strong>‹</strong></span> <span class='ocrx_word' id='word_1_191' title='bbox 1291 2729 1418 2784; x_wconf 70' lang='lat' dir='ltr'><strong>Haec</strong></span> <span class='ocrx_word' id='word_1_192' title='bbox 1473 2727 1665 2791; x_wconf 86' lang='lat' dir='ltr'><strong>dices,</strong></span> <span class='ocrx_word' id='word_1_193' title='bbox 1712 2747 1730 2779; x_wconf 75' lang='grc' dir='ltr'><strong>ι</strong></span> <span class='ocrx_word' id='word_1_194' title='bbox 1769 2726 1983 2798; x_wconf 89' lang='lat' dir='ltr'><strong>inquit,</strong></span> 
     </span>
    </p>
   </div>
   <div class='ocr_carea' id='block_1_28' title="bbox 405 2816 1989 2883">
    <p class='ocr_par' dir='ltr' id='par_1_28' title="bbox 405 2816 1989 2883">
     <span class='ocr_line' id='line_1_28' title="bbox 405 2816 1989 2883; baseline 0.003 -15"><span class='ocrx_word' id='word_1_195' title='bbox 405 2835 424 2868; x_wconf 70' lang='grc' dir='ltr'><strong>ι</strong></span> <span class='ocrx_word' id='word_1_196' title='bbox 450 2816 641 2872; x_wconf 90' lang='lat' dir='ltr'><strong>domui</strong></span> <span class='ocrx_word' id='word_1_197' title='bbox 678 2818 871 2883; x_wconf 86' lang='lat' dir='ltr'><strong>Jacob,</strong></span> <span class='ocrx_word' id='word_1_198' title='bbox 903 2826 960 2872; x_wconf 89' lang='lat' dir='ltr'><strong>et</strong></span> <span class='ocrx_word' id='word_1_199' title='bbox 980 2818 1338 2873; x_wconf 86' lang='lat' dir='ltr'><strong>annuntiabis</strong></span> <span class='ocrx_word' id='word_1_200' title='bbox 1364 2819 1492 2874; x_wconf 83' lang='lat' dir='ltr'><strong>filiis</strong></span> <span class='ocrx_word' id='word_1_201' title='bbox 1527 2820 1692 2874; x_wconf 84' lang='lat' dir='ltr'><strong>Israel</strong></span> <span class='ocrx_word' id='word_1_202' title='bbox 1731 2837 1744 2872; x_wconf 74' lang='grc' dir='ltr'>ε</span> <span class='ocrx_word' id='word_1_203' title='bbox 1773 2820 1884 2875; x_wconf 77' lang='lat' dir='ltr'><strong>Vos</strong></span> <span class='ocrx_word' id='word_1_204' title='bbox 1907 2820 1989 2873; x_wconf 90' lang='lat' dir='ltr'><strong>vi-</strong></span> 
     </span>
    </p>
   </div>
   <div class='ocr_carea' id='block_1_29' title="bbox 398 2910 1984 2980">
    <p class='ocr_par' dir='ltr' id='par_1_29' title="bbox 398 2910 1984 2980">
     <span class='ocr_line' id='line_1_29' title="bbox 398 2910 1984 2980; baseline 0.001 -15"><span class='ocrx_word' id='word_1_205' title='bbox 398 2911 560 2967; x_wconf 83' lang='lat' dir='ltr'><strong>distis</strong></span> <span class='ocrx_word' id='word_1_206' title='bbox 620 2910 767 2980; x_wconf 92' lang='lat' dir='ltr'><strong>quod</strong></span> <span class='ocrx_word' id='word_1_207' title='bbox 795 2925 826 2964; x_wconf 93' lang='lat' dir='ltr'><strong>e</strong></span> <span class='ocrx_word' id='word_1_208' title='bbox 865 2911 1006 2966; x_wconf 74' lang='lat' dir='ltr'><strong>ccelo</strong></span> <span class='ocrx_word' id='word_1_209' title='bbox 1046 2911 1268 2966; x_wconf 92' lang='lat' dir='ltr'><strong>locutus</strong></span> <span class='ocrx_word' id='word_1_210' title='bbox 1301 2911 1405 2965; x_wconf 90' lang='lat' dir='ltr'><strong>sim</strong></span> <span class='ocrx_word' id='word_1_211' title='bbox 1435 2911 1592 2966; x_wconf 85' lang='lat' dir='ltr'><strong>vobis</strong></span> <span class='ocrx_word' id='word_1_212' title='bbox 1625 2929 1637 2964; x_wconf 89' lang='lat'><strong>:</strong></span> <span class='ocrx_word' id='word_1_213' title='bbox 1674 2928 1786 2966; x_wconf 89' lang='lat' dir='ltr'><strong>non</strong></span> <span class='ocrx_word' id='word_1_214' title='bbox 1814 2911 1984 2967; x_wconf 88' lang='lat' dir='ltr'><strong>facie-</strong></span> 
     </span>
    </p>
   </div>
   <div class='ocr_carea' id='block_1_30' title="bbox 403 3001 1987 3072">
    <p class='ocr_par' dir='ltr' id='par_1_30' title="bbox 403 3001 1987 3072">
     <span class='ocr_line' id='line_1_30' title="bbox 403 3001 1987 3072; baseline 0.001 -17"><span class='ocrx_word' id='word_1_215' title='bbox 403 3005 470 3058; x_wconf 82' lang='lat' dir='ltr'><strong>tis</strong></span> <span class='ocrx_word' id='word_1_216' title='bbox 501 3002 658 3056; x_wconf 82' lang='lat' dir='ltr'><strong>vobis</strong></span> <span class='ocrx_word' id='word_1_217' title='bbox 678 3002 812 3056; x_wconf 90' lang='lat' dir='ltr'><strong>deos</strong></span> <span class='ocrx_word' id='word_1_218' title='bbox 837 3008 1150 3072; x_wconf 89' lang='lat' dir='ltr'><strong>argenteos,</strong></span> <span class='ocrx_word' id='word_1_219' title='bbox 1187 3009 1242 3056; x_wconf 90' lang='lat' dir='ltr'><strong>et</strong></span> <span class='ocrx_word' id='word_1_220' title='bbox 1265 3001 1400 3056; x_wconf 89' lang='lat' dir='ltr'><strong>deos</strong></span> <span class='ocrx_word' id='word_1_221' title='bbox 1422 3017 1622 3057; x_wconf 88' lang='lat' dir='ltr'><strong>aureos</strong></span> <span class='ocrx_word' id='word_1_222' title='bbox 1641 3018 1754 3058; x_wconf 91' lang='lat' dir='ltr'><strong>non</strong></span> <span class='ocrx_word' id='word_1_223' title='bbox 1775 3001 1987 3057; x_wconf 84' lang='lat' dir='ltr'><strong>facietis</strong></span> 
     </span>
    </p>
   </div>
   <div class='ocr_carea' id='block_1_31' title="bbox 395 3091 1987 3165">
    <p class='ocr_par' dir='ltr' id='par_1_31' title="bbox 395 3091 1987 3165">
     <span class='ocr_line' id='line_1_31' title="bbox 395 3091 1987 3165; baseline 0.004 -20"><span class='ocrx_word' id='word_1_224' title='bbox 395 3093 554 3146; x_wconf 81' lang='lat' dir='ltr'><strong>vobis</strong></span> <span class='ocrx_word' id='word_1_225' title='bbox 591 3092 725 3162; x_wconf 90' lang='lat' dir='ltr'><strong>ipsis</strong></span> <span class='ocrx_word' id='word_1_226' title='bbox 749 3093 813 3146; x_wconf 83' lang='grc'><strong>⁷⁷.</strong></span> <span class='ocrx_word' id='word_1_227' title='bbox 849 3111 868 3143; x_wconf 74' lang='grc' dir='ltr'><strong>ι</strong></span> <span class='ocrx_word' id='word_1_228' title='bbox 896 3092 1041 3147; x_wconf 91' lang='lat' dir='ltr'><strong>Deos</strong></span> <span class='ocrx_word' id='word_1_229' title='bbox 1064 3091 1212 3146; x_wconf 91' lang='lat' dir='ltr'><strong>enim</strong></span> <span class='ocrx_word' id='word_1_230' title='bbox 1236 3091 1374 3148; x_wconf 89' lang='lat' dir='ltr'><strong>falso</strong></span> <span class='ocrx_word' id='word_1_231' title='bbox 1410 3093 1634 3148; x_wconf 92' lang='lat' dir='ltr'><strong>nomine</strong></span> <span class='ocrx_word' id='word_1_232' title='bbox 1685 3094 1987 3165; x_wconf 85' lang='lat' dir='ltr'><strong>appellatos</strong></span> 
     </span>
    </p>
   </div>
   <div class='ocr_carea' id='block_1_32' title="bbox 379 3183 1982 3260">
    <p class='ocr_par' dir='ltr' id='par_1_32' title="bbox 379 3183 1982 3260">
     <span class='ocr_line' id='line_1_32' title="bbox 379 3183 1982 3260; baseline 0 -22"><span class='ocrx_word' id='word_1_233' title='bbox 379 3184 578 3260; x_wconf 83' lang='lat' dir='ltr'><strong>colere</strong></span> <span class='ocrx_word' id='word_1_234' title='bbox 607 3199 719 3239; x_wconf 92' lang='lat' dir='ltr'><strong>non</strong></span> <span class='ocrx_word' id='word_1_235' title='bbox 751 3183 1140 3253; x_wconf 85' lang='lat' dir='ltr'><strong>permittebat;</strong></span> <span class='ocrx_word' id='word_1_236' title='bbox 1181 3183 1278 3239; x_wconf 90' lang='lat' dir='ltr'><strong>sed</strong></span> <span class='ocrx_word' id='word_1_237' title='bbox 1303 3183 1355 3238; x_wconf 91' lang='lat' dir='ltr'><strong>ei</strong></span> <span class='ocrx_word' id='word_1_238' title='bbox 1376 3183 1478 3239; x_wconf 91' lang='lat' dir='ltr'><strong>soli</strong></span> <span class='ocrx_word' id='word_1_239' title='bbox 1512 3184 1779 3240; x_wconf 64' lang='lat' dir='ltr'><strong>inhaerere</strong></span> <span class='ocrx_word' id='word_1_240' title='bbox 1804 3186 1982 3256; x_wconf 89' lang='lat' dir='ltr'><strong>jubet,</strong></span> 
     </span>
    </p>
   </div>
   <div class='ocr_carea' id='block_1_33' title="bbox 395 3274 1985 3348">
    <p class='ocr_par' dir='ltr' id='par_1_33' title="bbox 395 3274 1985 3348">
     <span class='ocr_line' id='line_1_33' title="bbox 395 3274 1985 3348; baseline 0.003 -20"><span class='ocrx_word' id='word_1_241' title='bbox 395 3275 491 3345; x_wconf 85' lang='lat' dir='ltr'><strong>qui</strong></span> <span class='ocrx_word' id='word_1_242' title='bbox 542 3275 609 3330; x_wconf 91' lang='lat' dir='ltr'><strong>de</strong></span> <span class='ocrx_word' id='word_1_243' title='bbox 649 3275 866 3344; x_wconf 88' lang='lat' dir='ltr'><strong>superis</strong></span> <span class='ocrx_word' id='word_1_244' title='bbox 906 3274 1042 3329; x_wconf 91' lang='lat' dir='ltr'><strong>locis</strong></span> <span class='ocrx_word' id='word_1_245' title='bbox 1081 3289 1145 3329; x_wconf 92' lang='lat' dir='ltr'><strong>ac</strong></span> <span class='ocrx_word' id='word_1_246' title='bbox 1189 3274 1257 3330; x_wconf 92' lang='lat' dir='ltr'><strong>de</strong></span> <span class='ocrx_word' id='word_1_247' title='bbox 1298 3275 1440 3330; x_wconf 71' lang='lat' dir='ltr'><strong>cmlo</strong></span> <span class='ocrx_word' id='word_1_248' title='bbox 1480 3284 1729 3342; x_wconf 82' lang='lat' dir='ltr'><strong>venerat,</strong></span> <span class='ocrx_word' id='word_1_249' title='bbox 1778 3277 1985 3348; x_wconf 91' lang='lat' dir='ltr'><strong>quique</strong></span> 
     </span>
    </p>
   </div>
   <div class='ocr_carea' id='block_1_34' title="bbox 397 3365 1984 3439">
    <p class='ocr_par' dir='ltr' id='par_1_34' title="bbox 397 3365 1984 3439">
     <span class='ocr_line' id='line_1_34' title="bbox 397 3365 1984 3439; baseline 0.003 -19"><span class='ocrx_word' id='word_1_250' title='bbox 397 3381 590 3422; x_wconf 84' lang='lat' dir='ltr'><strong>revera</strong></span> <span class='ocrx_word' id='word_1_251' title='bbox 679 3366 850 3421; x_wconf 89' lang='lat' dir='ltr'><strong>rebus</strong></span> <span class='ocrx_word' id='word_1_252' title='bbox 909 3365 1184 3422; x_wconf 90' lang='lat' dir='ltr'><strong>universis</strong></span> <span class='ocrx_word' id='word_1_253' title='bbox 1239 3366 1665 3433; x_wconf 89' lang='lat' dir='ltr'><strong>dominabatur,</strong></span> <span class='ocrx_word' id='word_1_254' title='bbox 1719 3368 1984 3439; x_wconf 86' lang='lat' dir='ltr'><strong>cujusque</strong></span> 
     </span>
    </p>
   </div>
   <div class='ocr_carea' id='block_1_35' title="bbox 396 3457 1984 3530">
    <p class='ocr_par' dir='ltr' id='par_1_35' title="bbox 396 3457 1984 3530">
     <span class='ocr_line' id='line_1_35' title="bbox 396 3457 1984 3530; baseline 0.001 -18"><span class='ocrx_word' id='word_1_255' title='bbox 396 3457 656 3527; x_wconf 86' lang='lat' dir='ltr'><strong>splendor</strong></span> <span class='ocrx_word' id='word_1_256' title='bbox 680 3473 794 3513; x_wconf 90' lang='lat' dir='ltr'><strong>non</strong></span> <span class='ocrx_word' id='word_1_257' title='bbox 826 3457 1099 3513; x_wconf 89' lang='lat' dir='ltr'><strong>materiali</strong></span> <span class='ocrx_word' id='word_1_258' title='bbox 1136 3459 1320 3530; x_wconf 89' lang='lat' dir='ltr'><strong>specie</strong></span> <span class='ocrx_word' id='word_1_259' title='bbox 1366 3467 1532 3528; x_wconf 91' lang='lat' dir='ltr'><strong>atque</strong></span> <span class='ocrx_word' id='word_1_260' title='bbox 1582 3460 1767 3514; x_wconf 91' lang='lat' dir='ltr'><strong>colore</strong></span> <span class='ocrx_word' id='word_1_261' title='bbox 1805 3460 1984 3516; x_wconf 88' lang='lat' dir='ltr'><strong>conti-</strong></span> 
     </span>
    </p>
   </div>
   <div class='ocr_carea' id='block_1_36' title="bbox 395 3547 1985 3618">
    <p class='ocr_par' dir='ltr' id='par_1_36' title="bbox 395 3547 1985 3618">
     <span class='ocr_line' id='line_1_36' title="bbox 395 3547 1985 3618; baseline 0.003 -15"><span class='ocrx_word' id='word_1_262' title='bbox 395 3547 671 3614; x_wconf 86' lang='lat' dir='ltr'><strong>nebatur;</strong></span> <span class='ocrx_word' id='word_1_263' title='bbox 709 3547 805 3604; x_wconf 92' lang='lat' dir='ltr'><strong>sed</strong></span> <span class='ocrx_word' id='word_1_264' title='bbox 841 3547 899 3602; x_wconf 92' lang='lat' dir='ltr'><strong>in</strong></span> <span class='ocrx_word' id='word_1_265' title='bbox 931 3563 998 3603; x_wconf 94' lang='lat' dir='ltr'><strong>eo</strong></span> <span class='ocrx_word' id='word_1_266' title='bbox 1036 3548 1184 3618; x_wconf 92' lang='lat' dir='ltr'><strong>quod</strong></span> <span class='ocrx_word' id='word_1_267' title='bbox 1216 3564 1378 3604; x_wconf 88' lang='lat' dir='ltr'><strong>suum</strong></span> <span class='ocrx_word' id='word_1_268' title='bbox 1409 3565 1532 3605; x_wconf 90' lang='lat' dir='ltr'><strong>esse</strong></span> <span class='ocrx_word' id='word_1_269' title='bbox 1570 3551 1771 3606; x_wconf 86' lang='lat' dir='ltr'><strong>coelum</strong></span> <span class='ocrx_word' id='word_1_270' title='bbox 1795 3559 1985 3607; x_wconf 89' lang='lat' dir='ltr'><strong>osten-</strong></span> 
     </span>
    </p>
   </div>
   <div class='ocr_carea' id='block_1_37' title="bbox 399 3637 1982 3710">
    <p class='ocr_par' dir='ltr' id='par_1_37' title="bbox 399 3637 1982 3710">
     <span class='ocr_line' id='line_1_37' title="bbox 399 3637 1982 3710; baseline 0.003 -18"><span class='ocrx_word' id='word_1_271' title='bbox 399 3637 583 3694; x_wconf 86' lang='lat' dir='ltr'><strong>debat.</strong></span> <span class='ocrx_word' id='word_1_272' title='bbox 629 3639 763 3694; x_wconf 89' lang='lat' dir='ltr'><strong>Erat</strong></span> <span class='ocrx_word' id='word_1_273' title='bbox 806 3646 990 3694; x_wconf 90' lang='lat' dir='ltr'><strong>autem</strong></span> <span class='ocrx_word' id='word_1_274' title='bbox 1028 3639 1435 3710; x_wconf 88' lang='lat' dir='ltr'><strong>quodammodo</strong></span> <span class='ocrx_word' id='word_1_275' title='bbox 1479 3643 1872 3709; x_wconf 87' lang='lat' dir='ltr'><strong>necessarium,</strong></span> <span class='ocrx_word' id='word_1_276' title='bbox 1900 3651 1982 3708; x_wconf 90' lang='lat' dir='ltr'><strong>ut,</strong></span> 
     </span>
    </p>
   </div>
   <div class='ocr_carea' id='block_1_38' title="bbox 397 3732 1983 3806">
    <p class='ocr_par' dir='ltr' id='par_1_38' title="bbox 397 3732 1983 3806">
     <span class='ocr_line' id='line_1_38' title="bbox 397 3732 1983 3806; baseline 0.006 -23"><span class='ocrx_word' id='word_1_277' title='bbox 397 3732 600 3804; x_wconf 74' lang='lat' dir='ltr'><strong>quibus</strong></span> <span class='ocrx_word' id='word_1_278' title='bbox 622 3733 839 3804; x_wconf 75' lang='lat' dir='ltr'><strong>iussum</strong></span> <span class='ocrx_word' id='word_1_279' title='bbox 875 3739 1014 3799; x_wconf 92' lang='lat' dir='ltr'><strong>erat,</strong></span> <span class='ocrx_word' id='word_1_280' title='bbox 1065 3748 1097 3786; x_wconf 88' lang='lat' dir='ltr'><strong>a</strong></span> <span class='ocrx_word' id='word_1_281' title='bbox 1126 3733 1300 3788; x_wconf 90' lang='lat' dir='ltr'><strong>veteri</strong></span> <span class='ocrx_word' id='word_1_282' title='bbox 1343 3733 1624 3804; x_wconf 88' lang='lat' dir='ltr'><strong>impietate</strong></span> <span class='ocrx_word' id='word_1_283' title='bbox 1661 3735 1983 3806; x_wconf 87' lang='lat' dir='ltr'><strong>nefarioque</strong></span> 
     </span>
    </p>
   </div>
   <div class='ocr_carea' id='block_1_39' title="bbox 399 3822 1983 3888">
    <p class='ocr_par' dir='ltr' id='par_1_39' title="bbox 399 3822 1983 3888">
     <span class='ocr_line' id='line_1_39' title="bbox 399 3822 1983 3888; baseline 0.004 -10"><span class='ocrx_word' id='word_1_284' title='bbox 399 3823 549 3878; x_wconf 92' lang='lat' dir='ltr'><strong>cultu</strong></span> <span class='ocrx_word' id='word_1_285' title='bbox 585 3822 876 3888; x_wconf 87' lang='lat' dir='ltr'><strong>recedere,</strong></span> <span class='ocrx_word' id='word_1_286' title='bbox 931 3823 969 3876; x_wconf 91' lang='lat' dir='ltr'><strong>ii</strong></span> <span class='ocrx_word' id='word_1_287' title='bbox 1023 3822 1090 3877; x_wconf 90' lang='lat' dir='ltr'><strong>ad</strong></span> <span class='ocrx_word' id='word_1_288' title='bbox 1140 3825 1598 3881; x_wconf 89' lang='lat' dir='ltr'><strong>consuetudinem</strong></span> <span class='ocrx_word' id='word_1_289' title='bbox 1627 3827 1790 3881; x_wconf 88' lang='lat' dir='ltr'><strong>aliam</strong></span> <span class='ocrx_word' id='word_1_290' title='bbox 1833 3827 1983 3884; x_wconf 91' lang='lat' dir='ltr'><strong>illico</strong></span> 
     </span>
    </p>
   </div>
   <div class='ocr_carea' id='block_1_40' title="bbox 399 3916 1981 3986">
    <p class='ocr_par' dir='ltr' id='par_1_40' title="bbox 399 3916 1981 3986">
     <span class='ocr_line' id='line_1_40' title="bbox 399 3916 1981 3986; baseline 0.006 -18"><span class='ocrx_word' id='word_1_291' title='bbox 399 3916 719 3981; x_wconf 70' lang='lat' dir='ltr'><strong>transirent,</strong></span> <span class='ocrx_word' id='word_1_292' title='bbox 760 3931 823 3970; x_wconf 91' lang='lat' dir='ltr'><strong>ac</strong></span> <span class='ocrx_word' id='word_1_293' title='bbox 876 3916 973 3971; x_wconf 92' lang='lat' dir='ltr'><strong>Dei</strong></span> <span class='ocrx_word' id='word_1_294' title='bbox 1013 3916 1160 3971; x_wconf 89' lang='lat' dir='ltr'><strong>illius</strong></span> <span class='ocrx_word' id='word_1_295' title='bbox 1220 3918 1313 3986; x_wconf 91' lang='lat' dir='ltr'><strong>qui</strong></span> <span class='ocrx_word' id='word_1_296' title='bbox 1376 3919 1680 3975; x_wconf 88' lang='lat' dir='ltr'><strong>secundum</strong></span> <span class='ocrx_word' id='word_1_297' title='bbox 1727 3929 1981 3977; x_wconf 86' lang='lat' dir='ltr'><strong>naturam</strong></span> 
     </span>
    </p>
   </div>
   <div class='ocr_carea' id='block_1_41' title="bbox 397 4010 1983 4084">
    <p class='ocr_par' dir='ltr' id='par_1_41' title="bbox 397 4010 1983 4084">
     <span class='ocr_line' id='line_1_41' title="bbox 397 4010 1983 4084; baseline 0.004 -20"><span class='ocrx_word' id='word_1_298' title='bbox 397 4011 544 4064; x_wconf 87' lang='lat' dir='ltr'><strong>Deus</strong></span> <span class='ocrx_word' id='word_1_299' title='bbox 566 4018 670 4076; x_wconf 89' lang='lat' dir='ltr'><strong>est,</strong></span> <span class='ocrx_word' id='word_1_300' title='bbox 710 4010 942 4074; x_wconf 88' lang='lat' dir='ltr'><strong>cultum,</strong></span> <span class='ocrx_word' id='word_1_301' title='bbox 989 4019 1248 4081; x_wconf 89' lang='lat' dir='ltr'><strong>tanquam</strong></span> <span class='ocrx_word' id='word_1_302' title='bbox 1282 4013 1474 4084; x_wconf 85' lang='lat' dir='ltr'><strong>jugum</strong></span> <span class='ocrx_word' id='word_1_303' title='bbox 1515 4014 1813 4084; x_wconf 88' lang='lat' dir='ltr'><strong>quoddam,</strong></span> <span class='ocrx_word' id='word_1_304' title='bbox 1852 4015 1983 4070; x_wconf 91' lang='lat' dir='ltr'><strong>sub-</strong></span> 
     </span>
    </p>
   </div>
   <div class='ocr_carea' id='block_1_42' title="bbox 399 4101 1979 4172">
    <p class='ocr_par' dir='ltr' id='par_1_42' title="bbox 399 4101 1979 4172">
     <span class='ocr_line' id='line_1_42' title="bbox 399 4101 1979 4172; baseline 0.006 -18"><span class='ocrx_word' id='word_1_305' title='bbox 399 4103 545 4155; x_wconf 88' lang='lat' dir='ltr'><strong>irent</strong></span> <span class='ocrx_word' id='word_1_306' title='bbox 576 4119 588 4153; x_wconf 89' lang='lat'>:</span> <span class='ocrx_word' id='word_1_307' title='bbox 618 4101 833 4156; x_wconf 88' lang='lat' dir='ltr'><strong>animus</strong></span> <span class='ocrx_word' id='word_1_308' title='bbox 863 4101 1065 4172; x_wconf 90' lang='lat' dir='ltr'><strong>quippe</strong></span> <span class='ocrx_word' id='word_1_309' title='bbox 1091 4103 1234 4159; x_wconf 90' lang='lat' dir='ltr'><strong>liber</strong></span> <span class='ocrx_word' id='word_1_310' title='bbox 1266 4120 1330 4160; x_wconf 89' lang='lat' dir='ltr'><strong>ac</strong></span> <span class='ocrx_word' id='word_1_311' title='bbox 1356 4106 1571 4162; x_wconf 90' lang='lat' dir='ltr'><strong>solutus</strong></span> <span class='ocrx_word' id='word_1_312' title='bbox 1594 4107 1840 4163; x_wconf 89' lang='lat' dir='ltr'><strong>cohiberi</strong></span> <span class='ocrx_word' id='word_1_313' title='bbox 1865 4124 1979 4163; x_wconf 91' lang='lat' dir='ltr'><strong>non</strong></span> 
     </span>
    </p>
   </div>
   <div class='ocr_carea' id='block_1_43' title="bbox 393 4192 1978 4270">
    <p class='ocr_par' dir='ltr' id='par_1_43' title="bbox 393 4192 1978 4270">
     <span class='ocr_line' id='line_1_43' title="bbox 393 4192 1978 4270; baseline 0.004 -23"><span class='ocrx_word' id='word_1_314' title='bbox 393 4199 602 4262; x_wconf 84' lang='lat' dir='ltr'><strong>potest,</strong></span> <span class='ocrx_word' id='word_1_315' title='bbox 648 4192 1013 4264; x_wconf 87' lang='lat' dir='ltr'><strong>facillimeque</strong></span> <span class='ocrx_word' id='word_1_316' title='bbox 1062 4195 1131 4250; x_wconf 89' lang='lat' dir='ltr'><strong>ad</strong></span> <span class='ocrx_word' id='word_1_317' title='bbox 1160 4195 1555 4254; x_wconf 88' lang='lat' dir='ltr'><strong>absurdissima</strong></span> <span class='ocrx_word' id='word_1_318' title='bbox 1581 4216 1810 4270; x_wconf 56' lang='lat' dir='ltr'><strong>quasque</strong></span> <span class='ocrx_word' id='word_1_319' title='bbox 1834 4215 1978 4270; x_wconf 67' lang='lat' dir='ltr'><strong>prae-</strong></span> 
     </span>
    </p>
   </div>
   <div class='ocr_carea' id='block_1_44' title="bbox 2088 534 3672 612">
    <p class='ocr_par' dir='ltr' id='par_1_44' title="bbox 2088 534 3672 612">
     <span class='ocr_line' id='line_1_44' title="bbox 2088 534 3672 612; baseline -0.004 -17"><span class='ocrx_word' id='word_1_320' title='bbox 2088 542 2249 612; x_wconf 87' lang='grc' dir='ltr'>ἀγίας</span> <span class='ocrx_word' id='word_1_321' title='bbox 2285 541 2490 611; x_wconf 82' lang='grc' dir='ltr'>σκηνῆς</span> <span class='ocrx_word' id='word_1_322' title='bbox 2509 580 2523 606; x_wconf 90' lang='grc'><strong>,</strong></span> <span class='ocrx_word' id='word_1_323' title='bbox 2552 539 2766 610; x_wconf 74' lang='grc' dir='ltr'>καὶτῆς</span> <span class='ocrx_word' id='word_1_324' title='bbox 2795 537 2939 592; x_wconf 87' lang='grc' dir='ltr'><strong>κατά</strong></span> <span class='ocrx_word' id='word_1_325' title='bbox 2968 537 3131 608; x_wconf 86' lang='grc' dir='ltr'>νόμον</span> <span class='ocrx_word' id='word_1_326' title='bbox 3169 535 3473 607; x_wconf 74' lang='grc' dir='ltr'><strong>ἱερωσύνης</strong></span> <span class='ocrx_word' id='word_1_327' title='bbox 3495 534 3672 604; x_wconf 83' lang='grc' dir='ltr'>λέγω·</span> 
     </span>
    </p>
   </div>
   <div class='ocr_carea' id='block_1_45' title="bbox 2091 627 3672 705">
    <p class='ocr_par' dir='ltr' id='par_1_45' title="bbox 2091 627 3672 705">
     <span class='ocr_line' id='line_1_45' title="bbox 2091 627 3672 705; baseline -0.003 -19"><span class='ocrx_word' id='word_1_328' title='bbox 2091 651 2224 705; x_wconf 85' lang='grc' dir='ltr'>μεν,</span> <span class='ocrx_word' id='word_1_329' title='bbox 2265 633 2645 704; x_wconf 80' lang='grc' dir='ltr'><strong>βασανίζοντος</strong></span> <span class='ocrx_word' id='word_1_330' title='bbox 2693 631 2826 702; x_wconf 80' lang='grc' dir='ltr'>ἡμῖν</span> <span class='ocrx_word' id='word_1_331' title='bbox 2866 630 2960 684; x_wconf 89' lang='grc' dir='ltr'><strong>τοῦ</strong></span> <span class='ocrx_word' id='word_1_332' title='bbox 3010 629 3170 698; x_wconf 82' lang='grc' dir='ltr'>λόγου</span> <span class='ocrx_word' id='word_1_333' title='bbox 3211 630 3280 683; x_wconf 69' lang='grc' dir='ltr'><strong>τὰ</strong></span> <span class='ocrx_word' id='word_1_334' title='bbox 3330 627 3416 688; x_wconf 78' lang='grc' dir='ltr'><strong>ἐπ’</strong></span> <span class='ocrx_word' id='word_1_335' title='bbox 3458 629 3672 700; x_wconf 73' lang='grc' dir='ltr'>ἀμφοῖν</span> 
     </span>
    </p>
   </div>
   <div class='ocr_carea' id='block_1_46' title="bbox 2086 723 2718 796">
    <p class='ocr_par' dir='ltr' id='par_1_46' title="bbox 2086 723 2718 796">
     <span class='ocr_line' id='line_1_46' title="bbox 2086 723 2718 796; baseline -0.003 -16"><span class='ocrx_word' id='word_1_336' title='bbox 2086 727 2249 790; x_wconf 82' lang='grc' dir='ltr'><strong>ὁσίως</strong></span> <span class='ocrx_word' id='word_1_337' title='bbox 2275 723 2679 796; x_wconf 83' lang='grc' dir='ltr'>τεθεσπισμένα</span> <span class='ocrx_word' id='word_1_338' title='bbox 2702 739 2718 788; x_wconf 88' lang='grc'><strong>;</strong></span> 
     </span>
    </p>
   </div>
   <div class='ocr_carea' id='block_1_47' title="bbox 2158 873 3674 952">
    <p class='ocr_par' dir='ltr' id='par_1_47' title="bbox 2158 873 3674 952">
     <span class='ocr_line' id='line_1_47' title="bbox 2158 873 3674 952; baseline -0.002 -18"><span class='ocrx_word' id='word_1_339' title='bbox 2158 880 2326 934; x_wconf 86' lang='grc' dir='ltr'>ΚΥΡ.</span> <span class='ocrx_word' id='word_1_340' title='bbox 2372 879 2486 932; x_wconf 75' lang='grc' dir='ltr'>Οὐκ</span> <span class='ocrx_word' id='word_1_341' title='bbox 2529 879 2738 952; x_wconf 82' lang='grc' dir='ltr'>ἄτραχυ</span> <span class='ocrx_word' id='word_1_342' title='bbox 2771 877 2869 948; x_wconf 82' lang='grc' dir='ltr'>μὲν</span> <span class='ocrx_word' id='word_1_343' title='bbox 2898 875 2959 930; x_wconf 75' lang='grc' dir='ltr'><strong>τὸ</strong></span> <span class='ocrx_word' id='word_1_344' title='bbox 2989 877 3197 948; x_wconf 82' lang='grc' dir='ltr'>χρῆμα·</span> <span class='ocrx_word' id='word_1_345' title='bbox 3235 876 3401 930; x_wconf 88' lang='grc' dir='ltr'>πόνου</span> <span class='ocrx_word' id='word_1_346' title='bbox 3426 875 3561 948; x_wconf 85' lang='grc' dir='ltr'>γὰρ.</span> <span class='ocrx_word' id='word_1_347' title='bbox 3589 873 3674 931; x_wconf 59' lang='lat' dir='ltr'><strong>ol-</strong></span> 
     </span>
    </p>
   </div>
   <div class='ocr_carea' id='block_1_48' title="bbox 2091 961 3670 1043">
    <p class='ocr_par' dir='ltr' id='par_1_48' title="bbox 2091 961 3670 1043">
     <span class='ocr_line' id='line_1_48' title="bbox 2091 961 3670 1043; baseline -0.003 -18"><span class='ocrx_word' id='word_1_348' title='bbox 2091 989 2212 1043; x_wconf 86' lang='grc' dir='ltr'><strong>μαι,</strong></span> <span class='ocrx_word' id='word_1_349' title='bbox 2242 971 2424 1043; x_wconf 81' lang='grc' dir='ltr'><strong>δεήσει</strong></span> <span class='ocrx_word' id='word_1_350' title='bbox 2462 968 2698 1041; x_wconf 79' lang='grc' dir='ltr'>μακροῦ,</span> <span class='ocrx_word' id='word_1_351' title='bbox 2738 969 2833 1022; x_wconf 59' lang='grc' dir='ltr'><strong>καλ⁵</strong></span> <span class='ocrx_word' id='word_1_352' title='bbox 2860 967 3081 1040; x_wconf 79' lang='grc' dir='ltr'>ἱδρῶτος</span> <span class='ocrx_word' id='word_1_353' title='bbox 3109 968 3260 1038; x_wconf 81' lang='grc' dir='ltr'>ἡμῖν,</span> <span class='ocrx_word' id='word_1_354' title='bbox 3291 961 3337 1021; x_wconf 82' lang='grc' dir='ltr'>ὧ</span> <span class='ocrx_word' id='word_1_355' title='bbox 3373 968 3670 1034; x_wconf 85' lang='grc' dir='ltr'>Παλλάδιε,</span> 
     </span>
    </p>
   </div>
   <div class='ocr_carea' id='block_1_49' title="bbox 2089 1059 3674 1134">
    <p class='ocr_par' dir='ltr' id='par_1_49' title="bbox 2089 1059 3674 1134">
     <span class='ocr_line' id='line_1_49' title="bbox 2089 1059 3674 1134; baseline -0.003 -18"><span class='ocrx_word' id='word_1_356' title='bbox 2089 1062 2224 1134; x_wconf 89' lang='grc' dir='ltr'>πρός</span> <span class='ocrx_word' id='word_1_357' title='bbox 2265 1079 2325 1113; x_wconf 84' lang='grc' dir='ltr'><strong>τε</strong></span> <span class='ocrx_word' id='word_1_358' title='bbox 2361 1060 2422 1113; x_wconf 82' lang='grc' dir='ltr'><strong>τὸ</strong></span> <span class='ocrx_word' id='word_1_359' title='bbox 2467 1059 2726 1114; x_wconf 88' lang='grc' dir='ltr'>δύνασθαι</span> <span class='ocrx_word' id='word_1_360' title='bbox 2771 1059 3010 1113; x_wconf 85' lang='grc' dir='ltr'>συνιέναι</span> <span class='ocrx_word' id='word_1_361' title='bbox 3049 1059 3240 1124; x_wconf 76' lang='grc' dir='ltr'>ταυτὶ,</span> <span class='ocrx_word' id='word_1_362' title='bbox 3289 1059 3385 1112; x_wconf 80' lang='grc' dir='ltr'>καὶ</span> <span class='ocrx_word' id='word_1_363' title='bbox 3424 1059 3534 1131; x_wconf 83' lang='grc' dir='ltr'>μὴν</span> <span class='ocrx_word' id='word_1_364' title='bbox 3574 1060 3674 1113; x_wconf 75' lang='grc' dir='ltr'>καὶ</span> 
     </span>
    </p>
   </div>
   <div class='ocr_carea' id='block_1_50' title="bbox 2089 1150 3674 1222">
    <p class='ocr_par' dir='ltr' id='par_1_50' title="bbox 2089 1150 3674 1222">
     <span class='ocr_line' id='line_1_50' title="bbox 2089 1150 3674 1222; baseline -0.002 -16"><span class='ocrx_word' id='word_1_365' title='bbox 2089 1153 2314 1222; x_wconf 84' lang='grc' dir='ltr'>φράσαι.</span> <span class='ocrx_word' id='word_1_366' title='bbox 2363 1151 2549 1222; x_wconf 83' lang='grc' dir='ltr'>Ἀτάρ,</span> <span class='ocrx_word' id='word_1_367' title='bbox 2583 1152 2717 1204; x_wconf 86' lang='grc' dir='ltr'>εῐτοι</span> <span class='ocrx_word' id='word_1_368' title='bbox 2752 1151 2920 1214; x_wconf 86' lang='grc' dir='ltr'>δοκεῖ,</span> <span class='ocrx_word' id='word_1_369' title='bbox 2950 1150 3069 1220; x_wconf 84' lang='grc' dir='ltr'>θεῷ</span> <span class='ocrx_word' id='word_1_370' title='bbox 3107 1150 3322 1205; x_wconf 84' lang='grc' dir='ltr'>πίσυνοι</span> <span class='ocrx_word' id='word_1_371' title='bbox 3350 1151 3674 1222; x_wconf 79' lang='grc' dir='ltr'>διαστείχωο</span> 
     </span>
    </p>
   </div>
   <div class='ocr_carea' id='block_1_51' title="bbox 2091 1240 3672 1315">
    <p class='ocr_par' dir='ltr' id='par_1_51' title="bbox 2091 1240 3672 1315">
     <span class='ocr_line' id='line_1_51' title="bbox 2091 1240 3672 1315; baseline -0.001 -19"><span class='ocrx_word' id='word_1_372' title='bbox 2091 1261 2213 1315; x_wconf 84' lang='grc' dir='ltr'>μεν·</span> <span class='ocrx_word' id='word_1_373' title='bbox 2249 1243 2504 1296; x_wconf 84' lang='grc' dir='ltr'>διεπύθου</span> <span class='ocrx_word' id='word_1_374' title='bbox 2540 1240 2649 1312; x_wconf 85' lang='grc' dir='ltr'><strong>γὰρ</strong></span> <span class='ocrx_word' id='word_1_375' title='bbox 2705 1241 2958 1310; x_wconf 85' lang='grc' dir='ltr'>λέγοντος</span> <span class='ocrx_word' id='word_1_376' title='bbox 3000 1241 3279 1312; x_wconf 76' lang='grc' dir='ltr'>ἐναργῶς,</span> <span class='ocrx_word' id='word_1_377' title='bbox 3315 1259 3334 1292; x_wconf 70' lang='grc' dir='ltr'><strong>ι</strong></span> <span class='ocrx_word' id='word_1_378' title='bbox 3377 1242 3474 1306; x_wconf 88' lang='grc' dir='ltr'>Τίς</span> <span class='ocrx_word' id='word_1_379' title='bbox 3500 1242 3672 1295; x_wconf 71' lang='grc' dir='ltr'>ἔδωκε</span> 
     </span>
    </p>
   </div>
   <div class='ocr_carea' id='block_1_52' title="bbox 2091 1332 3675 1407">
    <p class='ocr_par' dir='ltr' id='par_1_52' title="bbox 2091 1332 3675 1407">
     <span class='ocr_line' id='line_1_52' title="bbox 2091 1332 3675 1407; baseline -0.004 -17"><span class='ocrx_word' id='word_1_380' title='bbox 2091 1336 2265 1407; x_wconf 82' lang='grc' dir='ltr'>στόμα</span> <span class='ocrx_word' id='word_1_381' title='bbox 2319 1333 2622 1405; x_wconf 75' lang='grc' dir='ltr'>ἀνθρώπως</span> <span class='ocrx_word' id='word_1_382' title='bbox 2675 1333 2769 1387; x_wconf 71' lang='grc' dir='ltr'>καὶ</span> <span class='ocrx_word' id='word_1_383' title='bbox 2820 1332 2901 1396; x_wconf 88' lang='grc' dir='ltr'><strong>τίς</strong></span> <span class='ocrx_word' id='word_1_384' title='bbox 2959 1333 3183 1404; x_wconf 82' lang='grc' dir='ltr'>ἐποίησε</span> <span class='ocrx_word' id='word_1_385' title='bbox 3239 1333 3525 1402; x_wconf 80' lang='grc' dir='ltr'>δύσκωφον</span> <span class='ocrx_word' id='word_1_386' title='bbox 3576 1333 3675 1386; x_wconf 79' lang='grc' dir='ltr'>καὶ</span> 
     </span>
    </p>
   </div>
   <div class='ocr_carea' id='block_1_53' title="bbox 2088 1425 3675 1496">
    <p class='ocr_par' dir='ltr' id='par_1_53' title="bbox 2088 1425 3675 1496">
     <span class='ocr_line' id='line_1_53' title="bbox 2088 1425 3675 1496; baseline -0.002 -15"><span class='ocrx_word' id='word_1_387' title='bbox 2088 1427 2302 1496; x_wconf 66' lang='grc' dir='ltr'>κωφὸν,</span> <span class='ocrx_word' id='word_1_388' title='bbox 2353 1425 2617 1496; x_wconf 84' lang='grc' dir='ltr'>βλέποντα</span> <span class='ocrx_word' id='word_1_389' title='bbox 2665 1426 2761 1480; x_wconf 80' lang='grc' dir='ltr'>καὶ</span> <span class='ocrx_word' id='word_1_390' title='bbox 2805 1425 3038 1494; x_wconf 84' lang='grc' dir='ltr'>τυφλόν;</span> <span class='ocrx_word' id='word_1_391' title='bbox 3084 1425 3185 1479; x_wconf 82' lang='grc' dir='ltr'>οὐκ</span> <span class='ocrx_word' id='word_1_392' title='bbox 3230 1425 3343 1494; x_wconf 84' lang='grc' dir='ltr'>ἐγὼ</span> <span class='ocrx_word' id='word_1_393' title='bbox 3389 1425 3596 1496; x_wconf 83' lang='grc' dir='ltr'>Κύριος</span> <span class='ocrx_word' id='word_1_394' title='bbox 3645 1427 3675 1478; x_wconf 84' lang='grc' dir='ltr'>ὁ</span> 
     </span>
    </p>
   </div>
   <div class='ocr_carea' id='block_1_54' title="bbox 2089 1515 3672 1590">
    <p class='ocr_par' dir='ltr' id='par_1_54' title="bbox 2089 1515 3672 1590">
     <span class='ocr_line' id='line_1_54' title="bbox 2089 1515 3672 1590; baseline -0.002 -17"><span class='ocrx_word' id='word_1_395' title='bbox 2089 1519 2250 1584; x_wconf 86' lang='grc' dir='ltr'>Θεός;</span> <span class='ocrx_word' id='word_1_396' title='bbox 2307 1520 2402 1573; x_wconf 77' lang='grc' dir='ltr'>καὶ</span> <span class='ocrx_word' id='word_1_397' title='bbox 2441 1518 2536 1572; x_wconf 91' lang='grc' dir='ltr'><strong>νῦν</strong></span> <span class='ocrx_word' id='word_1_398' title='bbox 2582 1517 2816 1590; x_wconf 81' lang='grc' dir='ltr'>πορεύου</span> <span class='ocrx_word' id='word_1_399' title='bbox 2870 1517 2963 1570; x_wconf 77' lang='grc' dir='ltr'>καὶ</span> <span class='ocrx_word' id='word_1_400' title='bbox 3007 1515 3118 1586; x_wconf 85' lang='grc' dir='ltr'>ἐγὼ</span> <span class='ocrx_word' id='word_1_401' title='bbox 3157 1517 3356 1584; x_wconf 82' lang='grc' dir='ltr'>ἀνοίξω</span> <span class='ocrx_word' id='word_1_402' title='bbox 3395 1517 3458 1571; x_wconf 82' lang='grc' dir='ltr'>τὸ</span> <span class='ocrx_word' id='word_1_403' title='bbox 3490 1517 3672 1588; x_wconf 81' lang='grc' dir='ltr'>στόμα</span> 
     </span>
    </p>
   </div>
   <div class='ocr_carea' id='block_1_55' title="bbox 1999 1626 2268 1668">
    <p class='ocr_par' dir='ltr' id='par_1_55' title="bbox 1999 1626 2268 1668">
     <span class='ocr_line' id='line_1_55' title="bbox 1999 1626 2268 1668; baseline 0.007 -8"><span class='ocrx_word' id='word_1_404' title='bbox 1999 1665 2003 1668; x_wconf 49' lang='grc'><strong>,</strong></span> <span class='ocrx_word' id='word_1_405' title='bbox 2091 1626 2204 1664; x_wconf 87' lang='grc' dir='ltr'>σου.</span> <span class='ocrx_word' id='word_1_406' title='bbox 2249 1628 2268 1662; x_wconf 73' lang='grc' dir='ltr'><strong>ι</strong></span> 
     </span>
    </p>
   </div>
   <div class='ocr_carea' id='block_1_56' title="bbox 2162 1760 3672 1834">
    <p class='ocr_par' dir='ltr' id='par_1_56' title="bbox 2162 1760 3672 1834">
     <span class='ocr_line' id='line_1_56' title="bbox 2162 1760 3672 1834; baseline -0.001 -19"><span class='ocrx_word' id='word_1_407' title='bbox 2162 1763 2371 1816; x_wconf 81' lang='grc' dir='ltr'><strong>ΠΑΛΛ.</strong></span> <span class='ocrx_word' id='word_1_408' title='bbox 2412 1763 2514 1817; x_wconf 85' lang='grc' dir='ltr'>Ἴθι</span> <span class='ocrx_word' id='word_1_409' title='bbox 2546 1761 2610 1833; x_wconf 82' lang='grc' dir='ltr'>δὴ</span> <span class='ocrx_word' id='word_1_410' title='bbox 2633 1760 2749 1826; x_wconf 81' lang='grc' dir='ltr'>οὖν,</span> <span class='ocrx_word' id='word_1_411' title='bbox 2777 1762 3120 1834; x_wconf 82' lang='grc' dir='ltr'>συλλήπτορα</span> <span class='ocrx_word' id='word_1_412' title='bbox 3150 1763 3243 1816; x_wconf 76' lang='grc' dir='ltr'>καὶ</span> <span class='ocrx_word' id='word_1_413' title='bbox 3267 1761 3403 1832; x_wconf 89' lang='grc' dir='ltr'>πρός</span> <span class='ocrx_word' id='word_1_414' title='bbox 3426 1777 3491 1829; x_wconf 82' lang='grc' dir='ltr'><strong>γε</strong></span> <span class='ocrx_word' id='word_1_415' title='bbox 3519 1761 3672 1815; x_wconf 76' lang='grc' dir='ltr'>τουτὶ</span> 
     </span>
    </p>
   </div>
   <div class='ocr_carea' id='block_1_57' title="bbox 2088 1851 3172 1925">
    <p class='ocr_par' dir='ltr' id='par_1_57' title="bbox 2088 1851 3172 1925">
     <span class='ocr_line' id='line_1_57' title="bbox 2088 1851 3172 1925; baseline 0.001 -21"><span class='ocrx_word' id='word_1_416' title='bbox 2088 1851 2178 1906; x_wconf 83' lang='grc' dir='ltr'>τὸν</span> <span class='ocrx_word' id='word_1_417' title='bbox 2201 1853 2298 1923; x_wconf 85' lang='grc' dir='ltr'><strong>τῆς</strong></span> <span class='ocrx_word' id='word_1_418' title='bbox 2327 1853 2523 1922; x_wconf 86' lang='grc' dir='ltr'>σοφίας</span> <span class='ocrx_word' id='word_1_419' title='bbox 2565 1852 2888 1923; x_wconf 84' lang='grc' dir='ltr'>ποιούμενος</span> <span class='ocrx_word' id='word_1_420' title='bbox 2917 1853 3172 1925; x_wconf 84' lang='grc' dir='ltr'>χορηγόν.</span> 
     </span>
    </p>
   </div>
   <div class='ocr_carea' id='block_1_58' title="bbox 2157 1981 3676 2059">
    <p class='ocr_par' dir='ltr' id='par_1_58' title="bbox 2157 1981 3676 2059">
     <span class='ocr_line' id='line_1_58' title="bbox 2157 1981 3676 2059; baseline -0.001 -18"><span class='ocrx_word' id='word_1_421' title='bbox 2157 1987 2325 2041; x_wconf 83' lang='grc' dir='ltr'>ΚΥΡ.</span> <span class='ocrx_word' id='word_1_422' title='bbox 2357 1987 2565 2041; x_wconf 82' lang='grc' dir='ltr'>Οὐκοῦν</span> <span class='ocrx_word' id='word_1_423' title='bbox 2615 1981 2731 2059; x_wconf 76' lang='grc' dir='ltr'>εἶμί</span> <span class='ocrx_word' id='word_1_424' title='bbox 2773 2004 2888 2052; x_wconf 86' lang='grc' dir='ltr'>τοι,</span> <span class='ocrx_word' id='word_1_425' title='bbox 2927 1987 3022 2041; x_wconf 78' lang='grc' dir='ltr'>καὶ</span> <span class='ocrx_word' id='word_1_426' title='bbox 3073 1987 3137 2058; x_wconf 82' lang='grc' dir='ltr'>δὴ</span> <span class='ocrx_word' id='word_1_427' title='bbox 3185 1986 3281 2040; x_wconf 70' lang='grc' dir='ltr'>καὶ</span> <span class='ocrx_word' id='word_1_428' title='bbox 3330 1986 3463 2058; x_wconf 90' lang='grc' dir='ltr'>ἐρῶ,</span> <span class='ocrx_word' id='word_1_429' title='bbox 3498 1985 3568 2040; x_wconf 79' lang='grc' dir='ltr'><strong>τά</strong></span> <span class='ocrx_word' id='word_1_430' title='bbox 3611 1985 3676 2052; x_wconf 77' lang='grc' dir='ltr'>ἐξ</span> 
     </span>
    </p>
   </div>
   <div class='ocr_carea' id='block_1_59' title="bbox 2063 2075 3675 2152">
    <p class='ocr_par' dir='ltr' id='par_1_59' title="bbox 2063 2075 3675 2152">
     <span class='ocr_line' id='line_1_59' title="bbox 2063 2075 3675 2152; baseline -0.001 -19"><span class='ocrx_word' id='word_1_431' title='bbox 2063 2079 2250 2152; x_wconf 82' lang='grc' dir='ltr'>-ίερῶν</span> <span class='ocrx_word' id='word_1_432' title='bbox 2301 2080 2649 2152; x_wconf 87' lang='grc' dir='ltr'>Γραμμάτων</span> <span class='ocrx_word' id='word_1_433' title='bbox 2694 2075 2753 2134; x_wconf 74' lang='grc' dir='ltr'>εὖ</span> <span class='ocrx_word' id='word_1_434' title='bbox 2803 2079 2949 2152; x_wconf 82' lang='grc' dir='ltr'>μάλα</span> <span class='ocrx_word' id='word_1_435' title='bbox 2991 2078 3348 2149; x_wconf 84' lang='grc' dir='ltr'>συνενεγκών.</span> <span class='ocrx_word' id='word_1_436' title='bbox 3391 2078 3675 2152; x_wconf 79' lang='grc' dir='ltr'>Κατέθορε</span> 
     </span>
    </p>
   </div>
   <div class='ocr_carea' id='block_1_60' title="bbox 2092 2169 3678 2244">
    <p class='ocr_par' dir='ltr' id='par_1_60' title="bbox 2092 2169 3678 2244">
     <span class='ocr_line' id='line_1_60' title="bbox 2092 2169 3678 2244; baseline -0.001 -18"><span class='ocrx_word' id='word_1_437' title='bbox 2092 2173 2190 2244; x_wconf 81' lang='grc' dir='ltr'>μὲν</span> <span class='ocrx_word' id='word_1_438' title='bbox 2234 2173 2343 2244; x_wconf 80' lang='grc' dir='ltr'>γὰρ</span> <span class='ocrx_word' id='word_1_439' title='bbox 2390 2175 2447 2226; x_wconf 86' lang='grc' dir='ltr'><strong>ἐν</strong></span> <span class='ocrx_word' id='word_1_440' title='bbox 2494 2171 2624 2225; x_wconf 80' lang='grc' dir='ltr'>εῖδει</span> <span class='ocrx_word' id='word_1_441' title='bbox 2673 2171 2846 2244; x_wconf 79' lang='grc' dir='ltr'>πυρὸς</span> <span class='ocrx_word' id='word_1_442' title='bbox 2885 2172 2979 2225; x_wconf 78' lang='grc' dir='ltr'>ἐπὶ</span> <span class='ocrx_word' id='word_1_443' title='bbox 3019 2170 3143 2242; x_wconf 76' lang='grc' dir='ltr'>ὅρος</span> <span class='ocrx_word' id='word_1_444' title='bbox 3194 2170 3256 2224; x_wconf 88' lang='grc' dir='ltr'><strong>τό</strong></span> <span class='ocrx_word' id='word_1_445' title='bbox 3300 2169 3432 2224; x_wconf 79' lang='grc' dir='ltr'>Σινᾶ</span> <span class='ocrx_word' id='word_1_446' title='bbox 3467 2169 3602 2234; x_wconf 82' lang='grc' dir='ltr'>Θεὸς</span> <span class='ocrx_word' id='word_1_447' title='bbox 3645 2171 3678 2224; x_wconf 87' lang='grc' dir='ltr'><strong>ό</strong></span> 
     </span>
    </p>
   </div>
   <div class='ocr_carea' id='block_1_61' title="bbox 2090 2255 3677 2336">
    <p class='ocr_par' dir='ltr' id='par_1_61' title="bbox 2090 2255 3677 2336">
     <span class='ocr_line' id='line_1_61' title="bbox 2090 2255 3677 2336; baseline -0.004 -15"><span class='ocrx_word' id='word_1_448' title='bbox 2090 2266 2308 2320; x_wconf 85' lang='grc' dir='ltr'>πάντων</span> <span class='ocrx_word' id='word_1_449' title='bbox 2333 2264 2689 2336; x_wconf 80' lang='grc' dir='ltr'>δημιουργὸς,</span> <span class='ocrx_word' id='word_1_450' title='bbox 2725 2263 2820 2317; x_wconf 73' lang='grc' dir='ltr'>καὶ</span> <span class='ocrx_word' id='word_1_451' title='bbox 2870 2263 3067 2335; x_wconf 88' lang='grc' dir='ltr'>νόμους</span> <span class='ocrx_word' id='word_1_452' title='bbox 3105 2261 3297 2327; x_wconf 83' lang='grc' dir='ltr'>ἐτίθει,</span> <span class='ocrx_word' id='word_1_453' title='bbox 3329 2260 3453 2316; x_wconf 84' lang='grc' dir='ltr'>καθ’</span> <span class='ocrx_word' id='word_1_454' title='bbox 3480 2260 3577 2327; x_wconf 82' lang='grc' dir='ltr'>οὓς</span> <span class='ocrx_word' id='word_1_455' title='bbox 3601 2255 3677 2333; x_wconf 71' lang='grc' dir='ltr'>ἦν</span> 
     </span>
    </p>
   </div>
   <div class='ocr_carea' id='block_1_62' title="bbox 2087 2352 3673 2426">
    <p class='ocr_par' dir='ltr' id='par_1_62' title="bbox 2087 2352 3673 2426">
     <span class='ocr_line' id='line_1_62' title="bbox 2087 2352 3673 2426; baseline -0.003 -14"><span class='ocrx_word' id='word_1_456' title='bbox 2087 2359 2295 2412; x_wconf 74' lang='grc' dir='ltr'>ἕκαστα</span> <span class='ocrx_word' id='word_1_457' title='bbox 2334 2356 2444 2410; x_wconf 87' lang='grc' dir='ltr'><strong>τῶν</strong></span> <span class='ocrx_word' id='word_1_458' title='bbox 2487 2355 2778 2425; x_wconf 82' lang='grc' dir='ltr'>πρακτέων</span> <span class='ocrx_word' id='word_1_459' title='bbox 2824 2354 3196 2426; x_wconf 79' lang='grc' dir='ltr'>ἀποφέρεσθαι</span> <span class='ocrx_word' id='word_1_460' title='bbox 3242 2353 3375 2425; x_wconf 79' lang='grc' dir='ltr'>πρὸς</span> <span class='ocrx_word' id='word_1_461' title='bbox 3429 2354 3491 2407; x_wconf 77' lang='grc' dir='ltr'>τὸ</span> <span class='ocrx_word' id='word_1_462' title='bbox 3537 2352 3673 2408; x_wconf 81' lang='grc' dir='ltr'>εὐθὺ</span> 
     </span>
    </p>
   </div>
   <div class='ocr_carea' id='block_1_63' title="bbox 2087 2443 3677 2520">
    <p class='ocr_par' dir='ltr' id='par_1_63' title="bbox 2087 2443 3677 2520">
     <span class='ocr_line' id='line_1_63' title="bbox 2087 2443 3677 2520; baseline -0.003 -16"><span class='ocrx_word' id='word_1_463' title='bbox 2087 2451 2182 2504; x_wconf 75' lang='grc' dir='ltr'>καὶ</span> <span class='ocrx_word' id='word_1_464' title='bbox 2228 2448 2532 2520; x_wconf 77' lang='grc' dir='ltr'>ἀκιόδήλως</span> <span class='ocrx_word' id='word_1_465' title='bbox 2562 2447 2704 2518; x_wconf 74' lang='grc' dir='ltr'>ἕχον.</span> <span class='ocrx_word' id='word_1_466' title='bbox 2753 2443 2887 2502; x_wconf 75' lang='grc' dir='ltr'>Εἶτα</span> <span class='ocrx_word' id='word_1_467' title='bbox 2920 2448 3018 2520; x_wconf 69' lang='grc' dir='ltr'>τῆς</span> <span class='ocrx_word' id='word_1_468' title='bbox 3070 2447 3439 2520; x_wconf 82' lang='grc' dir='ltr'>ἀρχαιοτέρας</span> <span class='ocrx_word' id='word_1_469' title='bbox 3470 2447 3677 2511; x_wconf 79' lang='grc' dir='ltr'>αὐτοὺς</span> 
     </span>
    </p>
   </div>
   <div class='ocr_carea' id='block_1_64' title="bbox 2088 2538 3673 2612">
    <p class='ocr_par' dir='ltr' id='par_1_64' title="bbox 2088 2538 3673 2612">
     <span class='ocr_line' id='line_1_64' title="bbox 2088 2538 3673 2612; baseline -0.002 -16"><span class='ocrx_word' id='word_1_470' title='bbox 2088 2539 2439 2611; x_wconf 77' lang='grc' dir='ltr'>ἁποκομίζων</span> <span class='ocrx_word' id='word_1_471' title='bbox 2473 2539 2703 2612; x_wconf 84' lang='grc' dir='ltr'>πλάνης,</span> <span class='ocrx_word' id='word_1_472' title='bbox 2739 2541 2836 2596; x_wconf 71' lang='grc' dir='ltr'>καὶ</span> <span class='ocrx_word' id='word_1_473' title='bbox 2879 2540 2977 2612; x_wconf 82' lang='grc' dir='ltr'><strong>τῆς</strong></span> <span class='ocrx_word' id='word_1_474' title='bbox 3015 2541 3074 2593; x_wconf 82' lang='grc' dir='ltr'><strong>ἐν</strong></span> <span class='ocrx_word' id='word_1_475' title='bbox 3107 2539 3369 2610; x_wconf 76' lang='grc' dir='ltr'>Αἰγύπτῳ</span> <span class='ocrx_word' id='word_1_476' title='bbox 3401 2538 3673 2608; x_wconf 82' lang='grc' dir='ltr'>ψευδολα·</span> 
     </span>
    </p>
   </div>
   <div class='ocr_carea' id='block_1_65' title="bbox 2086 2631 3677 2705">
    <p class='ocr_par' dir='ltr' id='par_1_65' title="bbox 2086 2631 3677 2705">
     <span class='ocr_line' id='line_1_65' title="bbox 2086 2631 3677 2705; baseline -0.001 -19"><span class='ocrx_word' id='word_1_477' title='bbox 2086 2632 2272 2705; x_wconf 85' lang='grc' dir='ltr'>τρείας</span> <span class='ocrx_word' id='word_1_478' title='bbox 2318 2631 2395 2697; x_wconf 81' lang='grc' dir='ltr'>ὡς</span> <span class='ocrx_word' id='word_1_479' title='bbox 2444 2631 2720 2687; x_wconf 78' lang='grc' dir='ltr'>ἀπωτάτω</span> <span class='ocrx_word' id='word_1_480' title='bbox 2759 2633 2963 2699; x_wconf 75' lang='grc' dir='ltr'>τιθεὶς,</span> <span class='ocrx_word' id='word_1_481' title='bbox 2997 2632 3324 2703; x_wconf 85' lang='grc' dir='ltr'>προσελὰλει</span> <span class='ocrx_word' id='word_1_482' title='bbox 3371 2633 3544 2704; x_wconf 83' lang='grc' dir='ltr'>Μωσῇ</span> <span class='ocrx_word' id='word_1_483' title='bbox 3591 2631 3677 2703; x_wconf 76' lang='grc' dir='ltr'>τῷ</span> 
     </span>
    </p>
   </div>
   <div class='ocr_carea' id='block_1_66' title="bbox 2086 2723 3674 2797">
    <p class='ocr_par' dir='ltr' id='par_1_66' title="bbox 2086 2723 3674 2797">
     <span class='ocr_line' id='line_1_66' title="bbox 2086 2723 3674 2797; baseline 0.001 -21"><span class='ocrx_word' id='word_1_484' title='bbox 2086 2724 2341 2794; x_wconf 85' lang='grc' dir='ltr'>τηνικάδε</span> <span class='ocrx_word' id='word_1_485' title='bbox 2365 2723 2727 2795; x_wconf 88' lang='grc' dir='ltr'>μεσιτεύοντι.</span> <span class='ocrx_word' id='word_1_486' title='bbox 2765 2744 2783 2776; x_wconf 78' lang='grc' dir='ltr'><strong>ι</strong></span> <span class='ocrx_word' id='word_1_487' title='bbox 2807 2725 2947 2779; x_wconf 82' lang='grc' dir='ltr'>Τάδε</span> <span class='ocrx_word' id='word_1_488' title='bbox 2979 2725 3182 2797; x_wconf 79' lang='grc' dir='ltr'>ἐρεῖς,›</span> <span class='ocrx_word' id='word_1_489' title='bbox 3214 2725 3375 2795; x_wconf 79' lang='grc' dir='ltr'>φησὶ,</span> <span class='ocrx_word' id='word_1_490' title='bbox 3399 2724 3508 2795; x_wconf 79' lang='grc' dir='ltr'>«τῷ</span> <span class='ocrx_word' id='word_1_491' title='bbox 3536 2725 3674 2793; x_wconf 77' lang='grc' dir='ltr'>οτκῳ</span> 
     </span>
    </p>
   </div>
   <div class='ocr_carea' id='block_1_67' title="bbox 2101 2815 3674 2888">
    <p class='ocr_par' dir='ltr' id='par_1_67' title="bbox 2101 2815 3674 2888">
     <span class='ocr_line' id='line_1_67' title="bbox 2101 2815 3674 2888; baseline -0.002 -18"><span class='ocrx_word' id='word_1_492' title='bbox 2101 2815 2319 2883; x_wconf 77' lang='grc' dir='ltr'>Ἰακὼϐ,</span> <span class='ocrx_word' id='word_1_493' title='bbox 2364 2817 2460 2870; x_wconf 76' lang='grc' dir='ltr'>καὶ</span> <span class='ocrx_word' id='word_1_494' title='bbox 2501 2817 2823 2886; x_wconf 88' lang='grc' dir='ltr'>ἀναγγελεῖς</span> <span class='ocrx_word' id='word_1_495' title='bbox 2865 2820 2980 2881; x_wconf 89' lang='grc' dir='ltr'>τοῖς</span> <span class='ocrx_word' id='word_1_496' title='bbox 3021 2819 3156 2880; x_wconf 84' lang='grc' dir='ltr'>υἱοῖς</span> <span class='ocrx_word' id='word_1_497' title='bbox 3200 2816 3436 2888; x_wconf 76' lang='grc' dir='ltr'>Ἰσραήλο</span> <span class='ocrx_word' id='word_1_498' title='bbox 3481 2816 3674 2887; x_wconf 84' lang='grc' dir='ltr'>Ὑμεῖς</span> 
     </span>
    </p>
   </div>
   <div class='ocr_carea' id='block_1_68' title="bbox 2088 2907 3670 2981">
    <p class='ocr_par' dir='ltr' id='par_1_68' title="bbox 2088 2907 3670 2981">
     <span class='ocr_line' id='line_1_68' title="bbox 2088 2907 3670 2981; baseline 0.001 -19"><span class='ocrx_word' id='word_1_499' title='bbox 2088 2909 2391 2981; x_wconf 76' lang='grc' dir='ltr'>ἑωράκατε,</span> <span class='ocrx_word' id='word_1_500' title='bbox 2426 2909 2508 2963; x_wconf 77' lang='grc' dir='ltr'>ὅτι</span> <span class='ocrx_word' id='word_1_501' title='bbox 2540 2910 2606 2962; x_wconf 86' lang='grc' dir='ltr'><strong>ἐκ</strong></span> <span class='ocrx_word' id='word_1_502' title='bbox 2639 2907 2736 2964; x_wconf 88' lang='grc' dir='ltr'><strong>τοῦ</strong></span> <span class='ocrx_word' id='word_1_503' title='bbox 2764 2909 2996 2981; x_wconf 80' lang='grc' dir='ltr'>οὐρανοῦ</span> <span class='ocrx_word' id='word_1_504' title='bbox 3028 2909 3302 2981; x_wconf 86' lang='grc' dir='ltr'>λελάληκα</span> <span class='ocrx_word' id='word_1_505' title='bbox 3328 2908 3464 2979; x_wconf 78' lang='grc' dir='ltr'>πρὸς</span> <span class='ocrx_word' id='word_1_506' title='bbox 3501 2908 3670 2979; x_wconf 79' lang='grc' dir='ltr'>ὑμᾶς,</span> 
     </span>
    </p>
   </div>
   <div class='ocr_carea' id='block_1_69' title="bbox 2089 3000 3676 3075">
    <p class='ocr_par' dir='ltr' id='par_1_69' title="bbox 2089 3000 3676 3075">
     <span class='ocr_line' id='line_1_69' title="bbox 2089 3000 3676 3075; baseline 0 -21"><span class='ocrx_word' id='word_1_507' title='bbox 2089 3001 2151 3054; x_wconf 81' lang='grc' dir='ltr'>οὐ</span> <span class='ocrx_word' id='word_1_508' title='bbox 2183 3001 2440 3072; x_wconf 85' lang='grc' dir='ltr'>ποιήσετε</span> <span class='ocrx_word' id='word_1_509' title='bbox 2469 3002 2686 3066; x_wconf 85' lang='grc' dir='ltr'>ἐαυτοῖς</span> <span class='ocrx_word' id='word_1_510' title='bbox 2719 3001 2876 3066; x_wconf 80' lang='grc' dir='ltr'>θεοὺς</span> <span class='ocrx_word' id='word_1_511' title='bbox 2906 3000 3204 3075; x_wconf 81' lang='grc' dir='ltr'>ἀργυροῦς,</span> <span class='ocrx_word' id='word_1_512' title='bbox 3239 3002 3336 3054; x_wconf 74' lang='grc' dir='ltr'>καὶ</span> <span class='ocrx_word' id='word_1_513' title='bbox 3360 3000 3517 3064; x_wconf 83' lang='grc' dir='ltr'>θεοὺς</span> <span class='ocrx_word' id='word_1_514' title='bbox 3545 3017 3676 3072; x_wconf 84' lang='grc' dir='ltr'>χρυ-</span> 
     </span>
    </p>
   </div>
   <div class='ocr_carea' id='block_1_70' title="bbox 2090 3092 3668 3166">
    <p class='ocr_par' dir='ltr' id='par_1_70' title="bbox 2090 3092 3668 3166">
     <span class='ocr_line' id='line_1_70' title="bbox 2090 3092 3668 3166; baseline 0.001 -20"><span class='ocrx_word' id='word_1_515' title='bbox 2090 3092 2217 3157; x_wconf 89' lang='grc' dir='ltr'>σοῦς</span> <span class='ocrx_word' id='word_1_516' title='bbox 2258 3093 2318 3146; x_wconf 87' lang='grc' dir='ltr'><strong>οὐ</strong></span> <span class='ocrx_word' id='word_1_517' title='bbox 2363 3096 2620 3166; x_wconf 82' lang='grc' dir='ltr'>ποιήσετε</span> <span class='ocrx_word' id='word_1_518' title='bbox 2669 3094 2798 3165; x_wconf 83' lang='grc' dir='ltr'>ὑμῖν</span> <span class='ocrx_word' id='word_1_519' title='bbox 2853 3095 3087 3158; x_wconf 80' lang='grc' dir='ltr'>ἑαυτοῖς.</span> <span class='ocrx_word' id='word_1_520' title='bbox 3145 3112 3165 3146; x_wconf 74' lang='grc' dir='ltr'><strong>ι</strong></span> <span class='ocrx_word' id='word_1_521' title='bbox 3204 3093 3358 3157; x_wconf 84' lang='grc' dir='ltr'>Θεοῖς</span> <span class='ocrx_word' id='word_1_522' title='bbox 3406 3093 3506 3165; x_wconf 84' lang='grc' dir='ltr'>μὲν</span> <span class='ocrx_word' id='word_1_523' title='bbox 3555 3093 3668 3164; x_wconf 77' lang='grc' dir='ltr'><strong>γὰρ</strong></span> 
     </span>
    </p>
   </div>
   <div class='ocr_carea' id='block_1_71' title="bbox 2088 3176 3674 3260">
    <p class='ocr_par' dir='ltr' id='par_1_71' title="bbox 2088 3176 3674 3260">
     <span class='ocr_line' id='line_1_71' title="bbox 2088 3176 3674 3260; baseline -0.001 -19"><span class='ocrx_word' id='word_1_524' title='bbox 2088 3187 2188 3241; x_wconf 79' lang='grc' dir='ltr'>οὐκ</span> <span class='ocrx_word' id='word_1_525' title='bbox 2219 3187 2372 3258; x_wconf 71' lang='grc' dir='ltr'>ἠφίει</span> <span class='ocrx_word' id='word_1_526' title='bbox 2409 3191 2526 3252; x_wconf 90' lang='grc' dir='ltr'>τοῖς</span> <span class='ocrx_word' id='word_1_527' title='bbox 2553 3187 2928 3258; x_wconf 84' lang='grc' dir='ltr'>ψευδωνύμοις</span> <span class='ocrx_word' id='word_1_528' title='bbox 2959 3176 3264 3260; x_wconf 77' lang='grc' dir='ltr'>λατρεύειν.</span> <span class='ocrx_word' id='word_1_529' title='bbox 3307 3186 3674 3259; x_wconf 84' lang='grc' dir='ltr'>Προσκεῖσθαι</span> 
     </span>
    </p>
   </div>
   <div class='ocr_carea' id='block_1_72' title="bbox 2085 3278 3674 3351">
    <p class='ocr_par' dir='ltr' id='par_1_72' title="bbox 2085 3278 3674 3351">
     <span class='ocr_line' id='line_1_72' title="bbox 2085 3278 3674 3351; baseline 0 -19"><span class='ocrx_word' id='word_1_530' title='bbox 2085 3279 2143 3332; x_wconf 81' lang='grc' dir='ltr'>δὲ</span> <span class='ocrx_word' id='word_1_531' title='bbox 2171 3278 2282 3332; x_wconf 86' lang='grc' dir='ltr'>δεῖν</span> <span class='ocrx_word' id='word_1_532' title='bbox 2323 3279 2604 3334; x_wconf 73' lang='grc' dir='ltr'>ἐπιτάττει</span> <span class='ocrx_word' id='word_1_533' title='bbox 2637 3279 2783 3351; x_wconf 83' lang='grc' dir='ltr'>μόνῳ</span> <span class='ocrx_word' id='word_1_534' title='bbox 2805 3279 2884 3349; x_wconf 84' lang='grc' dir='ltr'>τῷ</span> <span class='ocrx_word' id='word_1_535' title='bbox 2907 3279 3116 3334; x_wconf 77' lang='grc' dir='ltr'>ἀνωθεν</span> <span class='ocrx_word' id='word_1_536' title='bbox 3145 3280 3332 3350; x_wconf 74' lang='grc' dir='ltr'>ἥκοντι</span> <span class='ocrx_word' id='word_1_537' title='bbox 3364 3279 3458 3333; x_wconf 77' lang='grc' dir='ltr'>καὶ</span> <span class='ocrx_word' id='word_1_538' title='bbox 3490 3279 3551 3345; x_wconf 80' lang='grc' dir='ltr'>ἐξ</span> <span class='ocrx_word' id='word_1_539' title='bbox 3575 3280 3674 3332; x_wconf 83' lang='grc' dir='ltr'><strong>ού-</strong></span> 
     </span>
    </p>
   </div>
   <div class='ocr_carea' id='block_1_73' title="bbox 2088 3365 3674 3440">
    <p class='ocr_par' dir='ltr' id='par_1_73' title="bbox 2088 3365 3674 3440">
     <span class='ocr_line' id='line_1_73' title="bbox 2088 3365 3674 3440; baseline 0.001 -20"><span class='ocrx_word' id='word_1_540' title='bbox 2088 3365 2278 3438; x_wconf 86' lang='grc' dir='ltr'>ρανοῦ,</span> <span class='ocrx_word' id='word_1_541' title='bbox 2324 3368 2421 3420; x_wconf 73' lang='grc' dir='ltr'>καὶ</span> <span class='ocrx_word' id='word_1_542' title='bbox 2468 3367 2548 3439; x_wconf 82' lang='grc' dir='ltr'>τῷ</span> <span class='ocrx_word' id='word_1_543' title='bbox 2595 3369 2738 3422; x_wconf 86' lang='grc' dir='ltr'><strong>κατά</strong></span> <span class='ocrx_word' id='word_1_544' title='bbox 2785 3368 3004 3422; x_wconf 83' lang='grc' dir='ltr'>πάντων</span> <span class='ocrx_word' id='word_1_545' title='bbox 3046 3367 3323 3432; x_wconf 84' lang='grc' dir='ltr'>οὐσιωδῶς</span> <span class='ocrx_word' id='word_1_546' title='bbox 3369 3368 3674 3440; x_wconf 78' lang='grc' dir='ltr'>ἀνημμένῳ</span> 
     </span>
    </p>
   </div>
   <div class='ocr_carea' id='block_1_74' title="bbox 2084 3457 3675 3531">
    <p class='ocr_par' dir='ltr' id='par_1_74' title="bbox 2084 3457 3675 3531">
     <span class='ocr_line' id='line_1_74' title="bbox 2084 3457 3675 3531; baseline 0.002 -22"><span class='ocrx_word' id='word_1_547' title='bbox 2084 3457 2147 3509; x_wconf 87' lang='grc' dir='ltr'>τὸ</span> <span class='ocrx_word' id='word_1_548' title='bbox 2193 3457 2397 3529; x_wconf 85' lang='grc' dir='ltr'>κράτος</span> <span class='ocrx_word' id='word_1_549' title='bbox 2416 3499 2431 3524; x_wconf 92' lang='grc'><strong>,</strong></span> <span class='ocrx_word' id='word_1_550' title='bbox 2461 3458 2565 3511; x_wconf 84' lang='grc' dir='ltr'>οὐκ</span> <span class='ocrx_word' id='word_1_551' title='bbox 2610 3459 2668 3511; x_wconf 88' lang='grc' dir='ltr'><strong>ἐν</strong></span> <span class='ocrx_word' id='word_1_552' title='bbox 2718 3458 2996 3528; x_wconf 83' lang='grc' dir='ltr'>εὐχροίαις</span> <span class='ocrx_word' id='word_1_553' title='bbox 3042 3459 3186 3512; x_wconf 85' lang='grc' dir='ltr'>ὑλῶν</span> <span class='ocrx_word' id='word_1_554' title='bbox 3217 3458 3393 3530; x_wconf 78' lang='grc' dir='ltr'>ἔχοντι</span> <span class='ocrx_word' id='word_1_555' title='bbox 3423 3458 3488 3513; x_wconf 83' lang='grc' dir='ltr'>τὸ</span> <span class='ocrx_word' id='word_1_556' title='bbox 3517 3477 3675 3531; x_wconf 80' lang='grc' dir='ltr'>περι-</span> 
     </span>
    </p>
   </div>
   <div class='ocr_carea' id='block_1_75' title="bbox 2085 3548 3670 3625">
    <p class='ocr_par' dir='ltr' id='par_1_75' title="bbox 2085 3548 3670 3625">
     <span class='ocr_line' id='line_1_75' title="bbox 2085 3548 3670 3625; baseline 0.003 -24"><span class='ocrx_word' id='word_1_557' title='bbox 2085 3548 2275 3618; x_wconf 77' lang='grc' dir='ltr'>φανὲς,</span> <span class='ocrx_word' id='word_1_558' title='bbox 2308 3549 2423 3602; x_wconf 88' lang='grc' dir='ltr'>ἀλλ’</span> <span class='ocrx_word' id='word_1_559' title='bbox 2453 3551 2510 3602; x_wconf 86' lang='grc' dir='ltr'><strong>ἐν</strong></span> <span class='ocrx_word' id='word_1_560' title='bbox 2546 3549 2627 3620; x_wconf 82' lang='grc' dir='ltr'>τῷ</span> <span class='ocrx_word' id='word_1_561' title='bbox 2657 3550 2925 3605; x_wconf 82' lang='grc' dir='ltr'>δεικνύειν</span> <span class='ocrx_word' id='word_1_562' title='bbox 2971 3550 3102 3604; x_wconf 77' lang='grc' dir='ltr'>ἴδιον</span> <span class='ocrx_word' id='word_1_563' title='bbox 3143 3551 3271 3605; x_wconf 73' lang='grc' dir='ltr'>ὄντα</span> <span class='ocrx_word' id='word_1_564' title='bbox 3301 3551 3390 3606; x_wconf 80' lang='grc' dir='ltr'>τὸν</span> <span class='ocrx_word' id='word_1_565' title='bbox 3416 3552 3670 3625; x_wconf 83' lang='grc' dir='ltr'>οὐρανόν.</span> 
     </span>
    </p>
   </div>
   <div class='ocr_carea' id='block_1_76' title="bbox 2085 3637 3674 3718">
    <p class='ocr_par' dir='ltr' id='par_1_76' title="bbox 2085 3637 3674 3718">
     <span class='ocr_line' id='line_1_76' title="bbox 2085 3637 3674 3718; baseline 0.003 -23"><span class='ocrx_word' id='word_1_566' title='bbox 2085 3637 2193 3695; x_wconf 87' lang='grc' dir='ltr'>Ἦν</span> <span class='ocrx_word' id='word_1_567' title='bbox 2223 3641 2282 3696; x_wconf 86' lang='grc' dir='ltr'><strong>δέ</strong></span> <span class='ocrx_word' id='word_1_568' title='bbox 2314 3661 2430 3707; x_wconf 86' lang='grc' dir='ltr'><strong>πως</strong></span> <span class='ocrx_word' id='word_1_569' title='bbox 2473 3643 2720 3714; x_wconf 84' lang='grc' dir='ltr'>ἀνάγκη,</span> <span class='ocrx_word' id='word_1_570' title='bbox 2749 3644 2878 3708; x_wconf 76' lang='grc' dir='ltr'>τοὺς</span> <span class='ocrx_word' id='word_1_571' title='bbox 2918 3645 3017 3716; x_wconf 82' lang='grc' dir='ltr'><strong>τῆς</strong></span> <span class='ocrx_word' id='word_1_572' title='bbox 3053 3643 3286 3716; x_wconf 82' lang='grc' dir='ltr'>ἀρχαίας</span> <span class='ocrx_word' id='word_1_573' title='bbox 3321 3645 3674 3718; x_wconf 84' lang='grc' dir='ltr'>ἀνοσιότητος</span> 
     </span>
    </p>
   </div>
   <div class='ocr_carea' id='block_1_77' title="bbox 2085 3732 3669 3809">
    <p class='ocr_par' dir='ltr' id='par_1_77' title="bbox 2085 3732 3669 3809">
     <span class='ocr_line' id='line_1_77' title="bbox 2085 3732 3669 3809; baseline 0.004 -24"><span class='ocrx_word' id='word_1_574' title='bbox 2085 3734 2180 3786; x_wconf 75' lang='grc' dir='ltr'>καὶ</span> <span class='ocrx_word' id='word_1_575' title='bbox 2227 3732 2455 3806; x_wconf 80' lang='grc' dir='ltr'>βεϐήλου</span> <span class='ocrx_word' id='word_1_576' title='bbox 2505 3734 2763 3806; x_wconf 78' lang='grc' dir='ltr'>λατρείας</span> <span class='ocrx_word' id='word_1_577' title='bbox 2815 3737 3121 3807; x_wconf 82' lang='grc' dir='ltr'>ἀποφοιτᾷν</span> <span class='ocrx_word' id='word_1_578' title='bbox 3179 3736 3669 3809; x_wconf 80' lang='grc' dir='ltr'>ἐπιτεταγμένους,</span> 
     </span>
    </p>
   </div>
   <div class='ocr_carea' id='block_1_78' title="bbox 2084 3823 3670 3900">
    <p class='ocr_par' dir='ltr' id='par_1_78' title="bbox 2084 3823 3670 3900">
     <span class='ocr_line' id='line_1_78' title="bbox 2084 3823 3670 3900; baseline 0.004 -21"><span class='ocrx_word' id='word_1_579' title='bbox 2084 3828 2170 3896; x_wconf 81' lang='grc' dir='ltr'>ἐφ’</span> <span class='ocrx_word' id='word_1_580' title='bbox 2199 3827 2392 3898; x_wconf 85' lang='grc' dir='ltr'>ἐτέραν</span> <span class='ocrx_word' id='word_1_581' title='bbox 2424 3827 2588 3892; x_wconf 79' lang='grc' dir='ltr'>εὐθὺς</span> <span class='ocrx_word' id='word_1_582' title='bbox 2634 3823 3043 3900; x_wconf 60' lang='grc' dir='ltr'>μταχωρῆσαί</span> <span class='ocrx_word' id='word_1_583' title='bbox 3074 3829 3385 3900; x_wconf 88' lang='grc' dir='ltr'>συνήθειαν,</span> <span class='ocrx_word' id='word_1_584' title='bbox 3422 3831 3518 3884; x_wconf 77' lang='grc' dir='ltr'><strong>καὶ</strong></span> <span class='ocrx_word' id='word_1_585' title='bbox 3555 3830 3670 3885; x_wconf 85' lang='grc' dir='ltr'><strong>ῶσ-</strong></span> 
     </span>
    </p>
   </div>
   <div class='ocr_carea' id='block_1_79' title="bbox 2084 3918 3673 3994">
    <p class='ocr_par' dir='ltr' id='par_1_79' title="bbox 2084 3918 3673 3994">
     <span class='ocr_line' id='line_1_79' title="bbox 2084 3918 3673 3994; baseline 0.004 -23"><span class='ocrx_word' id='word_1_586' title='bbox 2084 3935 2190 3990; x_wconf 86' lang='grc' dir='ltr'><strong>περ</strong></span> <span class='ocrx_word' id='word_1_587' title='bbox 2223 3918 2349 3972; x_wconf 89' lang='grc' dir='ltr'><strong>τινά</strong></span> <span class='ocrx_word' id='word_1_588' title='bbox 2391 3919 2558 3989; x_wconf 85' lang='grc' dir='ltr'>ζυγὸν</span> <span class='ocrx_word' id='word_1_589' title='bbox 2587 3920 2838 3974; x_wconf 83' lang='grc' dir='ltr'>ὑπελθεῖν</span> <span class='ocrx_word' id='word_1_590' title='bbox 2867 3921 2968 3992; x_wconf 78' lang='grc' dir='ltr'>τὴν</span> <span class='ocrx_word' id='word_1_591' title='bbox 3011 3921 3118 3974; x_wconf 81' lang='grc' dir='ltr'><strong>ὑπὸ</strong></span> <span class='ocrx_word' id='word_1_592' title='bbox 3144 3922 3265 3993; x_wconf 87' lang='grc' dir='ltr'><strong>Θεῷ</strong></span> <span class='ocrx_word' id='word_1_593' title='bbox 3291 3921 3370 3994; x_wconf 88' lang='grc' dir='ltr'>τῷ</span> <span class='ocrx_word' id='word_1_594' title='bbox 3396 3923 3539 3978; x_wconf 87' lang='grc' dir='ltr'><strong>κατά</strong></span> <span class='ocrx_word' id='word_1_595' title='bbox 3567 3924 3673 3993; x_wconf 79' lang='grc' dir='ltr'>φύ-</span> 
     </span>
    </p>
   </div>
   <div class='ocr_carea' id='block_1_80' title="bbox 2085 4011 3673 4086">
    <p class='ocr_par' dir='ltr' id='par_1_80' title="bbox 2085 4011 3673 4086">
     <span class='ocr_line' id='line_1_80' title="bbox 2085 4011 3673 4086; baseline 0.003 -22"><span class='ocrx_word' id='word_1_596' title='bbox 2085 4028 2190 4076; x_wconf 86' lang='grc' dir='ltr'>σιν,</span> <span class='ocrx_word' id='word_1_597' title='bbox 2222 4011 2502 4086; x_wconf 83' lang='grc' dir='ltr'>λατρείαν.</span> <span class='ocrx_word' id='word_1_598' title='bbox 2540 4013 2848 4085; x_wconf 74' lang='grc' dir='ltr'>’Δνειμένος</span> <span class='ocrx_word' id='word_1_599' title='bbox 2875 4014 2984 4086; x_wconf 78' lang='grc' dir='ltr'>γὰρ</span> <span class='ocrx_word' id='word_1_600' title='bbox 3026 4013 3173 4080; x_wconf 90' lang='grc' dir='ltr'>νοῦς,</span> <span class='ocrx_word' id='word_1_601' title='bbox 3215 4014 3542 4080; x_wconf 82' lang='grc' dir='ltr'>ἀκάθεκτος,</span> <span class='ocrx_word' id='word_1_602' title='bbox 3572 4018 3673 4069; x_wconf 82' lang='grc' dir='ltr'>καὶ</span> 
     </span>
    </p>
   </div>
   <div class='ocr_carea' id='block_1_81' title="bbox 2082 4103 3670 4177">
    <p class='ocr_par' dir='ltr' id='par_1_81' title="bbox 2082 4103 3670 4177">
     <span class='ocr_line' id='line_1_81' title="bbox 2082 4103 3670 4177; baseline 0.003 -21"><span class='ocrx_word' id='word_1_603' title='bbox 2082 4103 2217 4157; x_wconf 80' lang='grc' dir='ltr'>πολὺ</span> <span class='ocrx_word' id='word_1_604' title='bbox 2248 4103 2369 4158; x_wconf 90' lang='grc' dir='ltr'>λίαν</span> <span class='ocrx_word' id='word_1_605' title='bbox 2402 4103 2621 4175; x_wconf 76' lang='grc' dir='ltr'>ἕτοιμος</span> <span class='ocrx_word' id='word_1_606' title='bbox 2649 4105 2729 4169; x_wconf 85' lang='grc' dir='ltr'>είς</span> <span class='ocrx_word' id='word_1_607' title='bbox 2764 4105 3070 4177; x_wconf 80' lang='grc' dir='ltr'>ἀποφορὰν,</span> <span class='ocrx_word' id='word_1_608' title='bbox 3099 4107 3201 4177; x_wconf 79' lang='grc' dir='ltr'>τὴν</span> <span class='ocrx_word' id='word_1_609' title='bbox 3238 4108 3318 4170; x_wconf 87' lang='grc' dir='ltr'><strong>είς</strong></span> <span class='ocrx_word' id='word_1_610' title='bbox 3347 4109 3457 4161; x_wconf 78' lang='grc' dir='ltr'><strong>πᾶν</strong></span> <span class='ocrx_word' id='word_1_611' title='bbox 3485 4107 3670 4162; x_wconf 79' lang='grc' dir='ltr'>ὁτιοῦν</span> 
     </span>
    </p>
   </div>
   <div class='ocr_carea' id='block_1_82' title="bbox 2081 4196 3669 4272">
    <p class='ocr_par' dir='ltr' id='par_1_82' title="bbox 2081 4196 3669 4272">
     <span class='ocr_line' id='line_1_82' title="bbox 2081 4196 3669 4272; baseline 0.001 -21"><span class='ocrx_word' id='word_1_612' title='bbox 2081 4196 2190 4251; x_wconf 89' lang='grc' dir='ltr'><strong>τῶν</strong></span> <span class='ocrx_word' id='word_1_613' title='bbox 2218 4197 2614 4252; x_wconf 85' lang='grc' dir='ltr'>ἐκτοπωτάτων</span> <span class='ocrx_word' id='word_1_614' title='bbox 2642 4197 2914 4270; x_wconf 85' lang='grc' dir='ltr'>δειμάτων</span> <span class='ocrx_word' id='word_1_615' title='bbox 2953 4214 3013 4252; x_wconf 89' lang='grc' dir='ltr'><strong>τε</strong></span> <span class='ocrx_word' id='word_1_616' title='bbox 3055 4198 3151 4253; x_wconf 79' lang='grc' dir='ltr'>καὶ</span> <span class='ocrx_word' id='word_1_617' title='bbox 3181 4199 3460 4270; x_wconf 82' lang='grc' dir='ltr'>φροντίδος</span> <span class='ocrx_word' id='word_1_618' title='bbox 3491 4201 3669 4272; x_wconf 78' lang='grc' dir='ltr'>ἐπηρο</span> 
     </span>
    </p>
   </div>
   <div class='ocr_carea' id='block_1_83' title="bbox 396 4283 1979 4361">
    <p class='ocr_par' dir='ltr' id='par_1_83' title="bbox 396 4283 1979 4361">
     <span class='ocr_line' id='line_1_83' title="bbox 396 4283 1979 4361; baseline 0.004 -23"><span class='ocrx_word' id='word_1_619' title='bbox 396 4297 529 4353; x_wconf 83' lang='lat' dir='ltr'><strong>ceps</strong></span> <span class='ocrx_word' id='word_1_620' title='bbox 556 4283 732 4338; x_wconf 83' lang='lat' dir='ltr'><strong>fertur</strong></span> <span class='ocrx_word' id='word_1_621' title='bbox 761 4303 772 4338; x_wconf 90' lang='lat'><strong>:</strong></span> <span class='ocrx_word' id='word_1_622' title='bbox 805 4285 972 4352; x_wconf 90' lang='lat' dir='ltr'><strong>idem,</strong></span> <span class='ocrx_word' id='word_1_623' title='bbox 1021 4289 1068 4343; x_wconf 90' lang='lat' dir='ltr'><strong>si</strong></span> <span class='ocrx_word' id='word_1_624' title='bbox 1105 4298 1288 4344; x_wconf 89' lang='lat' dir='ltr'><strong>metus</strong></span> <span class='ocrx_word' id='word_1_625' title='bbox 1316 4298 1482 4361; x_wconf 84' lang='lat' dir='ltr'><strong>atque</strong></span> <span class='ocrx_word' id='word_1_626' title='bbox 1527 4291 1842 4346; x_wconf 90' lang='lat' dir='ltr'><strong>sollicitudo</strong></span> <span class='ocrx_word' id='word_1_627' title='bbox 1871 4291 1979 4344; x_wconf 90' lang='lat' dir='ltr'><strong>im-</strong></span> 
     </span>
    </p>
   </div>
   <div class='ocr_carea' id='block_1_84' title="bbox 393 4373 1980 4448">
    <p class='ocr_par' dir='ltr' id='par_1_84' title="bbox 393 4373 1980 4448">
     <span class='ocr_line' id='line_1_84' title="bbox 393 4373 1980 4448; baseline 0.004 -20"><span class='ocrx_word' id='word_1_628' title='bbox 393 4373 623 4439; x_wconf 85' lang='lat' dir='ltr'><strong>mineat,</strong></span> <span class='ocrx_word' id='word_1_629' title='bbox 666 4374 818 4430; x_wconf 89' lang='lat' dir='ltr'><strong>nullo</strong></span> <span class='ocrx_word' id='word_1_630' title='bbox 850 4378 1069 4448; x_wconf 86' lang='lat' dir='ltr'><strong>negotio</strong></span> <span class='ocrx_word' id='word_1_631' title='bbox 1098 4377 1166 4432; x_wconf 90' lang='lat' dir='ltr'><strong>ad</strong></span> <span class='ocrx_word' id='word_1_632' title='bbox 1193 4385 1405 4432; x_wconf 89' lang='lat' dir='ltr'><strong>rectum</strong></span> <span class='ocrx_word' id='word_1_633' title='bbox 1449 4379 1554 4433; x_wconf 90' lang='lat' dir='ltr'><strong>iter</strong></span> <span class='ocrx_word' id='word_1_634' title='bbox 1597 4379 1876 4444; x_wconf 79' lang='lat' dir='ltr'><strong>accurrit,</strong></span> <span class='ocrx_word' id='word_1_635' title='bbox 1923 4388 1980 4434; x_wconf 89' lang='lat' dir='ltr'><strong>et</strong></span> 
     </span>
    </p>
   </div>
   <div class='ocr_carea' id='block_1_85' title="bbox 394 4465 1983 4550">
    <p class='ocr_par' dir='ltr' id='par_1_85' title="bbox 394 4465 1977 4536">
     <span class='ocr_line' id='line_1_85' title="bbox 394 4465 1977 4536; baseline 0.005 -18"><span class='ocrx_word' id='word_1_636' title='bbox 394 4466 460 4519; x_wconf 81' lang='lat' dir='ltr'><strong>ad</strong></span> <span class='ocrx_word' id='word_1_637' title='bbox 520 4465 572 4521; x_wconf 89' lang='lat' dir='ltr'><strong>id</strong></span> <span class='ocrx_word' id='word_1_638' title='bbox 611 4467 758 4536; x_wconf 91' lang='lat' dir='ltr'><strong>quod</strong></span> <span class='ocrx_word' id='word_1_639' title='bbox 807 4469 941 4524; x_wconf 90' lang='lat' dir='ltr'><strong>utile</strong></span> <span class='ocrx_word' id='word_1_640' title='bbox 981 4477 1067 4523; x_wconf 91' lang='lat' dir='ltr'><strong>est</strong></span> <span class='ocrx_word' id='word_1_641' title='bbox 1109 4470 1468 4525; x_wconf 87' lang='lat' dir='ltr'><strong>convertitur.</strong></span> <span class='ocrx_word' id='word_1_642' title='bbox 1521 4469 1791 4536; x_wconf 86' lang='lat' dir='ltr'><strong>Quoniam</strong></span> <span class='ocrx_word' id='word_1_643' title='bbox 1844 4487 1977 4526; x_wconf 86' lang='lat' dir='ltr'><strong>vero</strong></span> 
     </span>
    </p>
   </div>
   <div class='ocr_carea' id='block_1_86' title="bbox 2092 4465 3669 4550">
    <p class='ocr_par' dir='ltr' id='par_1_86' title="bbox 2092 4471 3669 4547">
     <span class='ocr_line' id='line_1_86' title="bbox 2092 4471 3669 4547; baseline 0.002 -22"><span class='ocrx_word' id='word_1_644' title='bbox 2092 4472 2351 4543; x_wconf 82' lang='grc' dir='ltr'>πρόσιμεν</span> <span class='ocrx_word' id='word_1_645' title='bbox 2379 4471 2458 4543; x_wconf 83' lang='grc' dir='ltr'>τῷ</span> <span class='ocrx_word' id='word_1_646' title='bbox 2489 4473 2681 4546; x_wconf 86' lang='grc' dir='ltr'>Πατρί·</span> <span class='ocrx_word' id='word_1_647' title='bbox 2727 4493 2746 4526; x_wconf 72' lang='grc' dir='ltr'><strong>ι</strong></span> <span class='ocrx_word' id='word_1_648' title='bbox 2781 4475 2970 4540; x_wconf 75' lang='grc' dir='ltr'>Οὐδεὶς</span> <span class='ocrx_word' id='word_1_649' title='bbox 3002 4475 3112 4547; x_wconf 89' lang='grc' dir='ltr'><strong>γάρ</strong></span> <span class='ocrx_word' id='word_1_650' title='bbox 3157 4476 3375 4547; x_wconf 77' lang='grc' dir='ltr'>ἔρχεται</span> <span class='ocrx_word' id='word_1_651' title='bbox 3404 4476 3540 4543; x_wconf 84' lang='grc' dir='ltr'>πρὸς</span> <span class='ocrx_word' id='word_1_652' title='bbox 3569 4475 3669 4528; x_wconf 83' lang='grc' dir='ltr'>τὸν</span> 
     </span>
    </p>
   </div>
   <div class='ocr_carea' id='block_1_87' title="bbox 393 4551 1983 4637">
    <p class='ocr_par' dir='ltr' id='par_1_87' title="bbox 393 4551 1975 4623">
     <span class='ocr_line' id='line_1_87' title="bbox 393 4551 1975 4623; baseline 0.004 -16"><span class='ocrx_word' id='word_1_653' title='bbox 393 4571 493 4623; x_wconf 81' lang='lat' dir='ltr'><strong>per</strong></span> <span class='ocrx_word' id='word_1_654' title='bbox 538 4551 736 4609; x_wconf 88' lang='lat' dir='ltr'><strong>Filium</strong></span> <span class='ocrx_word' id='word_1_655' title='bbox 769 4555 1082 4610; x_wconf 85' lang='lat' dir='ltr'><strong>recedimus</strong></span> <span class='ocrx_word' id='word_1_656' title='bbox 1121 4557 1190 4611; x_wconf 89' lang='lat' dir='ltr'><strong>ad</strong></span> <span class='ocrx_word' id='word_1_657' title='bbox 1227 4558 1447 4612; x_wconf 88' lang='lat' dir='ltr'><strong>Patrem</strong></span> <span class='ocrx_word' id='word_1_658' title='bbox 1489 4576 1500 4610; x_wconf 89' lang='lat'><strong>:</strong></span> <span class='ocrx_word' id='word_1_659' title='bbox 1549 4577 1566 4609; x_wconf 79' lang='grc' dir='ltr'><strong>ι</strong></span> <span class='ocrx_word' id='word_1_660' title='bbox 1614 4558 1787 4614; x_wconf 89' lang='lat' dir='ltr'><strong>Nemo</strong></span> <span class='ocrx_word' id='word_1_661' title='bbox 1826 4560 1975 4614; x_wconf 89' lang='lat' dir='ltr'><strong>enim</strong></span> 
     </span>
    </p>
   </div>
   <div class='ocr_carea' id='block_1_88' title="bbox 2092 4551 3671 4637">
    <p class='ocr_par' dir='ltr' id='par_1_88' title="bbox 2092 4563 3671 4637">
     <span class='ocr_line' id='line_1_88' title="bbox 2092 4563 3671 4637; baseline 0.004 -22"><span class='ocrx_word' id='word_1_662' title='bbox 2092 4563 2357 4634; x_wconf 80' lang='grc' dir='ltr'>Πατέρα,›</span> <span class='ocrx_word' id='word_1_663' title='bbox 2395 4565 2613 4635; x_wconf 81' lang='grc' dir='ltr'>φησὶν,«</span> <span class='ocrx_word' id='word_1_664' title='bbox 2641 4566 2688 4618; x_wconf 80' lang='grc' dir='ltr'><strong>εί</strong></span> <span class='ocrx_word' id='word_1_665' title='bbox 2723 4564 2799 4636; x_wconf 79' lang='grc' dir='ltr'>μὴ</span> <span class='ocrx_word' id='word_1_666' title='bbox 2815 4565 2883 4620; x_wconf 83' lang='grc' dir='ltr'><strong>δι’</strong></span> <span class='ocrx_word' id='word_1_667' title='bbox 2905 4565 3094 4637; x_wconf 79' lang='grc' dir='ltr'>ἐμοῦ.»</span> <span class='ocrx_word' id='word_1_668' title='bbox 3125 4567 3326 4621; x_wconf 75' lang='grc' dir='ltr'>Λοιπὸν</span> <span class='ocrx_word' id='word_1_669' title='bbox 3344 4566 3671 4636; x_wconf 84' lang='grc' dir='ltr'>ἀναγκαίως</span> 
     </span>
    </p>
   </div>
   <div class='ocr_carea' id='block_1_89' title="bbox 390 4644 1983 4730">
    <p class='ocr_par' dir='ltr' id='par_1_89' title="bbox 390 4644 1975 4716">
     <span class='ocr_line' id='line_1_89' title="bbox 390 4644 1975 4716; baseline 0.004 -17"><span class='ocrx_word' id='word_1_670' title='bbox 390 4645 544 4700; x_wconf 88' lang='lat' dir='ltr'><strong>venit</strong></span> <span class='ocrx_word' id='word_1_671' title='bbox 567 4645 634 4698; x_wconf 86' lang='lat' dir='ltr'><strong>ad</strong></span> <span class='ocrx_word' id='word_1_672' title='bbox 662 4645 880 4700; x_wconf 87' lang='lat' dir='ltr'><strong>Patrem</strong></span> <span class='ocrx_word' id='word_1_673' title='bbox 902 4685 916 4708; x_wconf 92' lang='lat'><strong>,</strong></span> <span class='ocrx_word' id='word_1_674' title='bbox 949 4663 967 4694; x_wconf 78' lang='grc' dir='ltr'><strong>ι</strong></span> <span class='ocrx_word' id='word_1_675' title='bbox 1007 4644 1214 4713; x_wconf 91' lang='lat' dir='ltr'><strong>inquit,</strong></span> <span class='ocrx_word' id='word_1_676' title='bbox 1245 4665 1263 4696; x_wconf 72' lang='grc' dir='ltr'><strong>ι</strong></span> <span class='ocrx_word' id='word_1_677' title='bbox 1291 4646 1397 4701; x_wconf 86' lang='lat' dir='ltr'><strong>nisi</strong></span> <span class='ocrx_word' id='word_1_678' title='bbox 1423 4662 1520 4716; x_wconf 93' lang='lat' dir='ltr'><strong>per</strong></span> <span class='ocrx_word' id='word_1_679' title='bbox 1559 4662 1646 4702; x_wconf 90' lang='lat' dir='ltr'><strong>me</strong></span> <span class='ocrx_word' id='word_1_680' title='bbox 1687 4649 1766 4714; x_wconf 77' lang='grc'><strong>⁷⁸;</strong></span> <span class='ocrx_word' id='word_1_681' title='bbox 1795 4668 1812 4699; x_wconf 75' lang='grc' dir='ltr'><strong>ι</strong></span> <span class='ocrx_word' id='word_1_682' title='bbox 1851 4649 1975 4705; x_wconf 91' lang='lat' dir='ltr'><strong>ideo</strong></span> 
     </span>
    </p>
   </div>
   <div class='ocr_carea' id='block_1_90' title="bbox 2092 4644 3670 4730">
    <p class='ocr_par' dir='ltr' id='par_1_90' title="bbox 2092 4654 3670 4730">
     <span class='ocr_line' id='line_1_90' title="bbox 2092 4654 3670 4730; baseline 0.003 -23"><span class='ocrx_word' id='word_1_683' title='bbox 2092 4655 2175 4725; x_wconf 71' lang='grc' dir='ltr'>τὴν</span> <span class='ocrx_word' id='word_1_684' title='bbox 2211 4654 2279 4708; x_wconf 84' lang='grc' dir='ltr'><strong>δι’</strong></span> <span class='ocrx_word' id='word_1_685' title='bbox 2311 4654 2443 4707; x_wconf 87' lang='grc' dir='ltr'>Υἱοῦ</span> <span class='ocrx_word' id='word_1_686' title='bbox 2478 4656 2738 4728; x_wconf 86' lang='grc' dir='ltr'>πρόσοδον</span> <span class='ocrx_word' id='word_1_687' title='bbox 2758 4657 2851 4711; x_wconf 76' lang='grc' dir='ltr'>καὶ</span> <span class='ocrx_word' id='word_1_688' title='bbox 2892 4657 2994 4728; x_wconf 84' lang='grc' dir='ltr'><strong>τῆς</strong></span> <span class='ocrx_word' id='word_1_689' title='bbox 3016 4659 3072 4710; x_wconf 89' lang='grc' dir='ltr'><strong>ἐν</strong></span> <span class='ocrx_word' id='word_1_690' title='bbox 3103 4656 3252 4728; x_wconf 78' lang='grc' dir='ltr'>αὐτῷ</span> <span class='ocrx_word' id='word_1_691' title='bbox 3279 4658 3670 4730; x_wconf 80' lang='grc' dir='ltr'>καρποφορίας</span> 
     </span>
    </p>
   </div>
   <div class='ocr_carea' id='block_1_91' title="bbox 387 4732 1983 4819">
    <p class='ocr_par' dir='ltr' id='par_1_91' title="bbox 387 4732 1970 4803">
     <span class='ocr_line' id='line_1_91' title="bbox 387 4732 1970 4803; baseline 0.004 -16"><span class='ocrx_word' id='word_1_692' title='bbox 387 4747 616 4788; x_wconf 82' lang='lat' dir='ltr'><strong>necesse</strong></span> <span class='ocrx_word' id='word_1_693' title='bbox 646 4732 751 4786; x_wconf 89' lang='lat' dir='ltr'><strong>fuit</strong></span> <span class='ocrx_word' id='word_1_694' title='bbox 775 4741 836 4786; x_wconf 90' lang='lat' dir='ltr'><strong>ut</strong></span> <span class='ocrx_word' id='word_1_695' title='bbox 857 4733 1036 4802; x_wconf 91' lang='lat' dir='ltr'><strong>ipsum</strong></span> <span class='ocrx_word' id='word_1_696' title='bbox 1059 4747 1160 4802; x_wconf 89' lang='lat' dir='ltr'><strong>per</strong></span> <span class='ocrx_word' id='word_1_697' title='bbox 1181 4733 1379 4788; x_wconf 88' lang='lat' dir='ltr'><strong>Filium</strong></span> <span class='ocrx_word' id='word_1_698' title='bbox 1415 4750 1716 4803; x_wconf 89' lang='lat' dir='ltr'><strong>accessum,</strong></span> <span class='ocrx_word' id='word_1_699' title='bbox 1735 4745 1791 4791; x_wconf 91' lang='lat' dir='ltr'><strong>et</strong></span> <span class='ocrx_word' id='word_1_700' title='bbox 1816 4739 1970 4794; x_wconf 89' lang='lat' dir='ltr'><strong>obla-</strong></span> 
     </span>
    </p>
   </div>
   <div class='ocr_carea' id='block_1_92' title="bbox 2092 4732 3669 4819">
    <p class='ocr_par' dir='ltr' id='par_1_92' title="bbox 2092 4745 3669 4819">
     <span class='ocr_line' id='line_1_92' title="bbox 2092 4745 3669 4819; baseline 0.003 -20"><span class='ocrx_word' id='word_1_701' title='bbox 2092 4745 2205 4809; x_wconf 76' lang='grc' dir='ltr'>τοὺς</span> <span class='ocrx_word' id='word_1_702' title='bbox 2238 4745 2465 4814; x_wconf 87' lang='grc' dir='ltr'>τύπους,</span> <span class='ocrx_word' id='word_1_703' title='bbox 2499 4745 2848 4818; x_wconf 82' lang='grc' dir='ltr'>ἐθεσμοθέτει</span> <span class='ocrx_word' id='word_1_704' title='bbox 2877 4746 3074 4815; x_wconf 76' lang='grc' dir='ltr'>λέγων’</span> <span class='ocrx_word' id='word_1_705' title='bbox 3117 4767 3136 4800; x_wconf 76' lang='grc' dir='ltr'><strong>ι</strong></span> <span class='ocrx_word' id='word_1_706' title='bbox 3169 4747 3564 4819; x_wconf 85' lang='grc' dir='ltr'>Θυσιαστήριον</span> <span class='ocrx_word' id='word_1_707' title='bbox 3592 4747 3669 4804; x_wconf 83' lang='grc' dir='ltr'><strong>ἐκ</strong></span> 
     </span>
    </p>
   </div>
   <div class='ocr_carea' id='block_1_93' title="bbox 389 4821 1983 4910">
    <p class='ocr_par' dir='ltr' id='par_1_93' title="bbox 389 4821 1974 4901">
     <span class='ocr_line' id='line_1_93' title="bbox 389 4821 1974 4901; baseline 0.008 -27"><span class='ocrx_word' id='word_1_708' title='bbox 389 4821 624 4886; x_wconf 82' lang='lat' dir='ltr'><strong>tionum,</strong></span> <span class='ocrx_word' id='word_1_709' title='bbox 674 4836 796 4892; x_wconf 68' lang='lat' dir='ltr'><strong>quae</strong></span> <span class='ocrx_word' id='word_1_710' title='bbox 840 4837 938 4892; x_wconf 93' lang='lat' dir='ltr'><strong>per</strong></span> <span class='ocrx_word' id='word_1_711' title='bbox 970 4822 1152 4892; x_wconf 89' lang='lat' dir='ltr'><strong>ipsum</strong></span> <span class='ocrx_word' id='word_1_712' title='bbox 1197 4824 1493 4882; x_wconf 77' lang='lat' dir='ltr'><strong>offerenda:</strong></span> <span class='ocrx_word' id='word_1_713' title='bbox 1540 4837 1727 4893; x_wconf 88' lang='lat' dir='ltr'><strong>erant,</strong></span> <span class='ocrx_word' id='word_1_714' title='bbox 1769 4828 1974 4901; x_wconf 82' lang='lat' dir='ltr'><strong>figuras</strong></span> 
     </span>
    </p>
   </div>
   <div class='ocr_carea' id='block_1_94' title="bbox 2092 4821 3665 4910">
    <p class='ocr_par' dir='ltr' id='par_1_94' title="bbox 2092 4836 3665 4910">
     <span class='ocr_line' id='line_1_94' title="bbox 2092 4836 3665 4910; baseline -0.009 -4"><span class='ocrx_word' id='word_1_715' title='bbox 2092 4836 2179 4908; x_wconf 66' lang='grc' dir='ltr'><strong>τῆς</strong></span> <span class='ocrx_word' id='word_1_716' title='bbox 2226 4839 2475 4908; x_wconf 86' lang='grc' dir='ltr'>ποιήσεις</span> <span class='ocrx_word' id='word_1_717' title='bbox 2506 4855 2628 4909; x_wconf 89' lang='grc' dir='ltr'>μοι,</span> <span class='ocrx_word' id='word_1_718' title='bbox 2666 4840 2763 4894; x_wconf 74' lang='grc' dir='ltr'><strong>καὶ</strong></span> <span class='ocrx_word' id='word_1_719' title='bbox 2791 4838 2984 4894; x_wconf 86' lang='grc' dir='ltr'>θύσετε</span> <span class='ocrx_word' id='word_1_720' title='bbox 3019 4839 3106 4893; x_wconf 87' lang='grc' dir='ltr'><strong>ἐπ’</strong></span> <span class='ocrx_word' id='word_1_721' title='bbox 3151 4837 3299 4910; x_wconf 83' lang='grc' dir='ltr'><strong>αὑτῷ</strong></span> <span class='ocrx_word' id='word_1_722' title='bbox 3327 4838 3398 4892; x_wconf 89' lang='grc' dir='ltr'><strong>τά</strong></span> <span class='ocrx_word' id='word_1_723' title='bbox 3433 4839 3665 4893; x_wconf 84' lang='grc' dir='ltr'>ὁλοκαυ-</span> 
     </span>
    </p>
   </div>
   <div class='ocr_carea' id='block_1_95' title="bbox 381 4911 1983 5002">
    <p class='ocr_par' dir='ltr' id='par_1_95' title="bbox 381 4911 1964 4985">
     <span class='ocr_line' id='line_1_95' title="bbox 381 4911 1964 4985; baseline 0.007 -21"><span class='ocrx_word' id='word_1_724' title='bbox 381 4911 507 4981; x_wconf 81' lang='lat' dir='ltr'><strong>lege</strong></span> <span class='ocrx_word' id='word_1_725' title='bbox 533 4913 794 4977; x_wconf 86' lang='lat' dir='ltr'><strong>sanciret,</strong></span> <span class='ocrx_word' id='word_1_726' title='bbox 820 4912 1011 4968; x_wconf 90' lang='lat' dir='ltr'><strong>dicens</strong></span> <span class='ocrx_word' id='word_1_727' title='bbox 1037 4930 1050 4967; x_wconf 92' lang='lat'><strong>:</strong></span> <span class='ocrx_word' id='word_1_728' title='bbox 1091 4933 1109 4966; x_wconf 79' lang='grc' dir='ltr'><strong>ι</strong></span> <span class='ocrx_word' id='word_1_729' title='bbox 1135 4916 1320 4970; x_wconf 81' lang='lat' dir='ltr'><strong>Altare</strong></span> <span class='ocrx_word' id='word_1_730' title='bbox 1343 4933 1411 4971; x_wconf 80' lang='lat' dir='ltr'><strong>ex</strong></span> <span class='ocrx_word' id='word_1_731' title='bbox 1435 4928 1582 4972; x_wconf 90' lang='lat' dir='ltr'><strong>terra</strong></span> <span class='ocrx_word' id='word_1_732' title='bbox 1611 4919 1780 4974; x_wconf 82' lang='lat' dir='ltr'><strong>facies</strong></span> <span class='ocrx_word' id='word_1_733' title='bbox 1804 4921 1964 4985; x_wconf 87' lang='lat' dir='ltr'><strong>mihi,</strong></span> 
     </span>
    </p>
   </div>
   <div class='ocr_carea' id='block_1_96' title="bbox 2092 4911 3667 5002">
    <p class='ocr_par' dir='ltr' id='par_1_96' title="bbox 2092 4927 3667 5002">
     <span class='ocr_line' id='line_1_96' title="bbox 2092 4927 3667 5002; baseline 0.003 -20"><span class='ocrx_word' id='word_1_734' title='bbox 2092 4927 2327 5000; x_wconf 76' lang='grc' dir='ltr'>ςώματα,</span> <span class='ocrx_word' id='word_1_735' title='bbox 2362 4930 2457 4983; x_wconf 76' lang='grc' dir='ltr'>καὶ</span> <span class='ocrx_word' id='word_1_736' title='bbox 2489 4931 2588 4994; x_wconf 84' lang='grc' dir='ltr'>τὰς</span> <span class='ocrx_word' id='word_1_737' title='bbox 2619 4930 2811 4994; x_wconf 88' lang='grc' dir='ltr'>θυσίας</span> <span class='ocrx_word' id='word_1_738' title='bbox 2836 4931 3014 5002; x_wconf 84' lang='grc' dir='ltr'>ὑμῶν,</span> <span class='ocrx_word' id='word_1_739' title='bbox 3039 4931 3109 4984; x_wconf 81' lang='grc' dir='ltr'>τὰ</span> <span class='ocrx_word' id='word_1_740' title='bbox 3134 4930 3381 5002; x_wconf 71' lang='grc' dir='ltr'>πρόὸατα</span> <span class='ocrx_word' id='word_1_741' title='bbox 3411 4931 3505 4985; x_wconf 77' lang='grc' dir='ltr'>καὶ</span> <span class='ocrx_word' id='word_1_742' title='bbox 3530 4931 3667 4996; x_wconf 78' lang='grc' dir='ltr'>τοὺς</span> 
     </span>
    </p>
   </div>
   <div class='ocr_carea' id='block_1_97' title="bbox 387 5000 1983 5093">
    <p class='ocr_par' dir='ltr' id='par_1_97' title="bbox 387 5000 1967 5073">
     <span class='ocr_line' id='line_1_97' title="bbox 387 5000 1967 5073; baseline 0.005 -18"><span class='ocrx_word' id='word_1_743' title='bbox 387 5000 552 5070; x_wconf 73' lang='lat'><strong>200</strong></span> <span class='ocrx_word' id='word_1_744' title='bbox 569 5010 626 5056; x_wconf 91' lang='lat' dir='ltr'><strong>et</strong></span> <span class='ocrx_word' id='word_1_745' title='bbox 645 5002 1004 5057; x_wconf 89' lang='lat' dir='ltr'><strong>immolabitis</strong></span> <span class='ocrx_word' id='word_1_746' title='bbox 1022 5017 1188 5073; x_wconf 91' lang='lat' dir='ltr'><strong>super</strong></span> <span class='ocrx_word' id='word_1_747' title='bbox 1212 5003 1331 5073; x_wconf 89' lang='lat' dir='ltr'><strong>ipso</strong></span> <span class='ocrx_word' id='word_1_748' title='bbox 1357 5004 1673 5060; x_wconf 89' lang='lat' dir='ltr'><strong>holocausta</strong></span> <span class='ocrx_word' id='word_1_749' title='bbox 1689 5015 1744 5061; x_wconf 90' lang='lat' dir='ltr'><strong>et</strong></span> <span class='ocrx_word' id='word_1_750' title='bbox 1760 5007 1967 5064; x_wconf 87' lang='lat' dir='ltr'><strong>hostias</strong></span> 
     </span>
    </p>
   </div>
   <div class='ocr_carea' id='block_1_98' title="bbox 2092 5000 3667 5093">
    <p class='ocr_par' dir='ltr' id='par_1_98' title="bbox 2092 5000 3667 5093">
     <span class='ocr_line' id='line_1_98' title="bbox 2092 5000 3667 5093; baseline 0.001 -21"><span class='ocrx_word' id='word_1_751' title='bbox 2092 5018 2206 5084; x_wconf 69' lang='grc' dir='ltr'>Βόας</span> <span class='ocrx_word' id='word_1_752' title='bbox 2255 5020 2430 5090; x_wconf 83' lang='grc' dir='ltr'>ὑμῶν,</span> <span class='ocrx_word' id='word_1_753' title='bbox 2479 5021 2536 5075; x_wconf 88' lang='grc' dir='ltr'><strong>ἐν</strong></span> <span class='ocrx_word' id='word_1_754' title='bbox 2589 5023 2754 5075; x_wconf 77' lang='grc' dir='ltr'>παντὶ</span> <span class='ocrx_word' id='word_1_755' title='bbox 2815 5000 2967 5093; x_wconf 82' lang='grc' dir='ltr'>τόπῳ</span> <span class='ocrx_word' id='word_1_756' title='bbox 3017 5016 3062 5091; x_wconf 84' lang='grc' dir='ltr'><strong>ᾧ</strong></span> <span class='ocrx_word' id='word_1_757' title='bbox 3109 5000 3187 5076; x_wconf 70' lang='grc' dir='ltr'>ἂν</span> <span class='ocrx_word' id='word_1_758' title='bbox 3225 5022 3552 5093; x_wconf 84' lang='grc' dir='ltr'>ἐπονομάσω</span> <span class='ocrx_word' id='word_1_759' title='bbox 3597 5022 3667 5075; x_wconf 79' lang='grc' dir='ltr'><strong>τὺ</strong></span> 
     </span>
    </p>
   </div>
   <div class='ocr_carea' id='block_1_99' title="bbox 384 5094 1983 5185">
    <p class='ocr_par' dir='ltr' id='par_1_99' title="bbox 384 5094 1968 5171">
     <span class='ocr_line' id='line_1_99' title="bbox 384 5094 1968 5171; baseline 0.008 -28"><span class='ocrx_word' id='word_1_760' title='bbox 384 5103 618 5156; x_wconf 76' lang='lat' dir='ltr'><strong>vestras,</strong></span> <span class='ocrx_word' id='word_1_761' title='bbox 650 5095 782 5149; x_wconf 78' lang='lat' dir='ltr'><strong>oves</strong></span> <span class='ocrx_word' id='word_1_762' title='bbox 809 5103 865 5149; x_wconf 90' lang='lat' dir='ltr'><strong>et</strong></span> <span class='ocrx_word' id='word_1_763' title='bbox 901 5095 1071 5150; x_wconf 87' lang='lat' dir='ltr'><strong>boves</strong></span> <span class='ocrx_word' id='word_1_764' title='bbox 1101 5102 1313 5150; x_wconf 86' lang='lat' dir='ltr'><strong>vestros</strong></span> <span class='ocrx_word' id='word_1_765' title='bbox 1333 5094 1391 5149; x_wconf 92' lang='lat' dir='ltr'><strong>in</strong></span> <span class='ocrx_word' id='word_1_766' title='bbox 1419 5097 1568 5150; x_wconf 92' lang='lat' dir='ltr'><strong>omni</strong></span> <span class='ocrx_word' id='word_1_767' title='bbox 1603 5097 1724 5152; x_wconf 81' lang='lat' dir='ltr'><strong>loco</strong></span> <span class='ocrx_word' id='word_1_768' title='bbox 1774 5098 1828 5152; x_wconf 92' lang='lat' dir='ltr'><strong>in</strong></span> <span class='ocrx_word' id='word_1_769' title='bbox 1856 5115 1968 5171; x_wconf 94' lang='lat' dir='ltr'><strong>quo</strong></span> 
     </span>
    </p>
   </div>
   <div class='ocr_carea' id='block_1_100' title="bbox 2092 5094 3661 5185">
    <p class='ocr_par' dir='ltr' id='par_1_100' title="bbox 2092 5110 3661 5185">
     <span class='ocr_line' id='line_1_100' title="bbox 2092 5110 3661 5185; baseline 0.004 -23"><span class='ocrx_word' id='word_1_770' title='bbox 2092 5110 2248 5181; x_wconf 64' lang='grc' dir='ltr'>ἄνομά</span> <span class='ocrx_word' id='word_1_771' title='bbox 2271 5127 2372 5180; x_wconf 89' lang='grc' dir='ltr'><strong>μου</strong></span> <span class='ocrx_word' id='word_1_772' title='bbox 2405 5111 2540 5164; x_wconf 89' lang='grc' dir='ltr'>ἐκεῖ·</span> <span class='ocrx_word' id='word_1_773' title='bbox 2576 5114 2670 5166; x_wconf 79' lang='grc' dir='ltr'>καὶ</span> <span class='ocrx_word' id='word_1_774' title='bbox 2714 5112 2830 5184; x_wconf 76' lang='grc' dir='ltr'><strong>ἥξω</strong></span> <span class='ocrx_word' id='word_1_775' title='bbox 2863 5113 3000 5185; x_wconf 83' lang='grc' dir='ltr'>πρὸς</span> <span class='ocrx_word' id='word_1_776' title='bbox 3031 5113 3111 5178; x_wconf 90' lang='grc' dir='ltr'><strong>σέ,</strong></span> <span class='ocrx_word' id='word_1_777' title='bbox 3139 5115 3234 5168; x_wconf 74' lang='grc' dir='ltr'>καὶ</span> <span class='ocrx_word' id='word_1_778' title='bbox 3261 5114 3544 5185; x_wconf 78' lang='grc' dir='ltr'>εὐλογήσω</span> <span class='ocrx_word' id='word_1_779' title='bbox 3574 5131 3661 5169; x_wconf 84' lang='grc' dir='ltr'>σε.</span> 
     </span>
    </p>
   </div>
   <div class='ocr_carea' id='block_1_101' title="bbox 386 5185 1983 5275">
    <p class='ocr_par' dir='ltr' id='par_1_101' title="bbox 386 5185 1971 5256">
     <span class='ocr_line' id='line_1_101' title="bbox 386 5185 1971 5256; baseline 0.005 -18"><span class='ocrx_word' id='word_1_780' title='bbox 386 5197 658 5238; x_wconf 75' lang='lat' dir='ltr'><strong>vocavere</strong></span> <span class='ocrx_word' id='word_1_781' title='bbox 691 5199 897 5240; x_wconf 88' lang='lat' dir='ltr'><strong>nomen</strong></span> <span class='ocrx_word' id='word_1_782' title='bbox 947 5198 1136 5240; x_wconf 86' lang='lat' dir='ltr'><strong>meum</strong></span> <span class='ocrx_word' id='word_1_783' title='bbox 1187 5185 1263 5239; x_wconf 90' lang='lat' dir='ltr'><strong>ibi</strong></span> <span class='ocrx_word' id='word_1_784' title='bbox 1295 5202 1307 5237; x_wconf 91' lang='lat'><strong>:</strong></span> <span class='ocrx_word' id='word_1_785' title='bbox 1337 5194 1394 5240; x_wconf 93' lang='lat' dir='ltr'><strong>et</strong></span> <span class='ocrx_word' id='word_1_786' title='bbox 1439 5187 1656 5242; x_wconf 89' lang='lat' dir='ltr'><strong>veniam</strong></span> <span class='ocrx_word' id='word_1_787' title='bbox 1699 5189 1767 5243; x_wconf 86' lang='lat' dir='ltr'><strong>ad</strong></span> <span class='ocrx_word' id='word_1_788' title='bbox 1806 5198 1882 5256; x_wconf 89' lang='lat' dir='ltr'><strong>te,</strong></span> <span class='ocrx_word' id='word_1_789' title='bbox 1915 5200 1971 5246; x_wconf 93' lang='lat' dir='ltr'><strong>et</strong></span> 
     </span>
    </p>
   </div>
   <div class='ocr_carea' id='block_1_102' title="bbox 2092 5185 3664 5275">
    <p class='ocr_par' dir='ltr' id='par_1_102' title="bbox 2092 5198 3664 5275">
     <span class='ocr_line' id='line_1_102' title="bbox 2092 5198 3664 5275; baseline 0.002 -23"><span class='ocrx_word' id='word_1_790' title='bbox 2092 5200 2212 5252; x_wconf 85' lang='grc' dir='ltr'><strong>Ἐὰν</strong></span> <span class='ocrx_word' id='word_1_791' title='bbox 2241 5198 2299 5252; x_wconf 85' lang='grc' dir='ltr'><strong>δέ</strong></span> <span class='ocrx_word' id='word_1_792' title='bbox 2327 5200 2393 5253; x_wconf 85' lang='grc' dir='ltr'>ὲκ</span> <span class='ocrx_word' id='word_1_793' title='bbox 2424 5199 2589 5256; x_wconf 91' lang='grc' dir='ltr'>λίθων</span> <span class='ocrx_word' id='word_1_794' title='bbox 2628 5199 3017 5275; x_wconf 87' lang='grc' dir='ltr'>θυσιαστήριον</span> <span class='ocrx_word' id='word_1_795' title='bbox 3043 5206 3205 5274; x_wconf 83' lang='grc' dir='ltr'>ποιῇς</span> <span class='ocrx_word' id='word_1_796' title='bbox 3239 5220 3349 5274; x_wconf 89' lang='grc' dir='ltr'>μοι,</span> <span class='ocrx_word' id='word_1_797' title='bbox 3376 5204 3476 5256; x_wconf 81' lang='grc' dir='ltr'>οὐκ</span> <span class='ocrx_word' id='word_1_798' title='bbox 3507 5203 3664 5255; x_wconf 80' lang='grc' dir='ltr'>οἰκο-</span> 
     </span>
    </p>
   </div>
   <div class='ocr_carea' id='block_1_103' title="bbox 384 5274 1983 5367">
    <p class='ocr_par' dir='ltr' id='par_1_103' title="bbox 384 5274 1967 5349">
     <span class='ocr_line' id='line_1_103' title="bbox 384 5274 1967 5349; baseline 0.004 -17"><span class='ocrx_word' id='word_1_799' title='bbox 384 5274 711 5332; x_wconf 81' lang='lat' dir='ltr'><strong>benedicam</strong></span> <span class='ocrx_word' id='word_1_800' title='bbox 760 5275 881 5331; x_wconf 90' lang='lat' dir='ltr'><strong>tibi.</strong></span> <span class='ocrx_word' id='word_1_801' title='bbox 922 5274 980 5331; x_wconf 90' lang='lat' dir='ltr'><strong>Si</strong></span> <span class='ocrx_word' id='word_1_802' title='bbox 1009 5284 1194 5333; x_wconf 86' lang='lat' dir='ltr'><strong>autem</strong></span> <span class='ocrx_word' id='word_1_803' title='bbox 1227 5279 1295 5334; x_wconf 93' lang='lat' dir='ltr'><strong>de</strong></span> <span class='ocrx_word' id='word_1_804' title='bbox 1323 5277 1600 5349; x_wconf 89' lang='lat' dir='ltr'><strong>lapidibus</strong></span> <span class='ocrx_word' id='word_1_805' title='bbox 1623 5279 1795 5338; x_wconf 87' lang='lat' dir='ltr'><strong>altare</strong></span> <span class='ocrx_word' id='word_1_806' title='bbox 1817 5282 1967 5339; x_wconf 89' lang='lat' dir='ltr'><strong>fece-</strong></span> 
     </span>
    </p>
   </div>
   <div class='ocr_carea' id='block_1_104' title="bbox 2092 5274 3663 5367">
    <p class='ocr_par' dir='ltr' id='par_1_104' title="bbox 2092 5274 3663 5367">
     <span class='ocr_line' id='line_1_104' title="bbox 2092 5274 3663 5367; baseline 0 -25"><span class='ocrx_word' id='word_1_807' title='bbox 2092 5292 2333 5360; x_wconf 77' lang='grc' dir='ltr'>ῐομήσεις</span> <span class='ocrx_word' id='word_1_808' title='bbox 2377 5291 2580 5356; x_wconf 80' lang='grc' dir='ltr'>αὐτοὺς</span> <span class='ocrx_word' id='word_1_809' title='bbox 2630 5274 2996 5365; x_wconf 51' lang='grc' dir='ltr'>τμητούςίτδ</span> <span class='ocrx_word' id='word_1_810' title='bbox 3031 5293 3138 5367; x_wconf 83' lang='grc' dir='ltr'><strong>γὰρ</strong></span> <span class='ocrx_word' id='word_1_811' title='bbox 3187 5291 3512 5364; x_wconf 88' lang='grc' dir='ltr'>ἐγχειρίδιόν</span> <span class='ocrx_word' id='word_1_812' title='bbox 3561 5307 3663 5344; x_wconf 85' lang='grc' dir='ltr'>σου</span> 
     </span>
    </p>
   </div>
   <div class='ocr_carea' id='block_1_105' title="bbox 385 5368 1983 5455">
    <p class='ocr_par' dir='ltr' id='par_1_105' title="bbox 385 5368 1965 5455">
     <span class='ocr_line' id='line_1_105' title="bbox 385 5368 1965 5455; baseline 0.005 -32"><span class='ocrx_word' id='word_1_813' title='bbox 385 5371 464 5425; x_wconf 86' lang='lat' dir='ltr'><strong>ris</strong></span> <span class='ocrx_word' id='word_1_814' title='bbox 493 5368 652 5435; x_wconf 88' lang='lat' dir='ltr'><strong>mihi,</strong></span> <span class='ocrx_word' id='word_1_815' title='bbox 693 5384 804 5455; x_wconf 75' lang='lat' dir='ltr'><strong>non</strong></span> <span class='ocrx_word' id='word_1_816' title='bbox 829 5368 1138 5426; x_wconf 65' lang='lat' dir='ltr'><strong>aediﬁcabis</strong></span> <span class='ocrx_word' id='word_1_817' title='bbox 1169 5385 1266 5428; x_wconf 90' lang='lat' dir='ltr'><strong>eos</strong></span> <span class='ocrx_word' id='word_1_818' title='bbox 1309 5380 1520 5438; x_wconf 89' lang='lat' dir='ltr'><strong>sectos;</strong></span> <span class='ocrx_word' id='word_1_819' title='bbox 1558 5373 1770 5428; x_wconf 90' lang='lat' dir='ltr'><strong>cultum</strong></span> <span class='ocrx_word' id='word_1_820' title='bbox 1816 5375 1965 5430; x_wconf 90' lang='lat' dir='ltr'><strong>enim</strong></span> 
     </span>
    </p>
   </div>
   <div class='ocr_carea' id='block_1_106' title="bbox 2092 5368 3666 5455">
    <p class='ocr_par' dir='ltr' id='par_1_106' title="bbox 2092 5375 3666 5452">
     <span class='ocr_line' id='line_1_106' title="bbox 2092 5375 3666 5452; baseline 0.004 -24"><span class='ocrx_word' id='word_1_821' title='bbox 2092 5375 2441 5447; x_wconf 80' lang='grc' dir='ltr'>;πι6έ6ληκας</span> <span class='ocrx_word' id='word_1_822' title='bbox 2467 5379 2556 5431; x_wconf 84' lang='grc' dir='ltr'><strong>ἐπ’</strong></span> <span class='ocrx_word' id='word_1_823' title='bbox 2585 5379 2738 5445; x_wconf 77' lang='grc' dir='ltr'>αὐτὸ,</span> <span class='ocrx_word' id='word_1_824' title='bbox 2783 5383 2877 5434; x_wconf 76' lang='grc' dir='ltr'><strong>καὶ</strong></span> <span class='ocrx_word' id='word_1_825' title='bbox 2908 5381 3232 5452; x_wconf 89' lang='grc' dir='ltr'>μεμίανται.</span> <span class='ocrx_word' id='word_1_826' title='bbox 3272 5399 3292 5433; x_wconf 73' lang='grc' dir='ltr'><strong>ι</strong></span> <span class='ocrx_word' id='word_1_827' title='bbox 3331 5381 3526 5452; x_wconf 83' lang='grc' dir='ltr'>Γήῖνον</span> <span class='ocrx_word' id='word_1_828' title='bbox 3556 5378 3666 5450; x_wconf 75' lang='grc' dir='ltr'>μὲν</span> 
     </span>
    </p>
   </div>
   <div class='ocr_carea' id='block_1_107' title="bbox 385 5463 1983 5546">
    <p class='ocr_par' dir='ltr' id='par_1_107' title="bbox 385 5463 1958 5536">
     <span class='ocr_line' id='line_1_107' title="bbox 385 5463 1958 5536; baseline 0.004 -22"><span class='ocrx_word' id='word_1_829' title='bbox 385 5468 541 5516; x_wconf 78' lang='lat' dir='ltr'><strong>tuum</strong></span> <span class='ocrx_word' id='word_1_830' title='bbox 571 5463 812 5534; x_wconf 88' lang='lat' dir='ltr'><strong>injecisti</strong></span> <span class='ocrx_word' id='word_1_831' title='bbox 862 5478 1029 5534; x_wconf 89' lang='lat' dir='ltr'><strong>super</strong></span> <span class='ocrx_word' id='word_1_832' title='bbox 1083 5463 1265 5536; x_wconf 88' lang='lat' dir='ltr'><strong>ipsos,</strong></span> <span class='ocrx_word' id='word_1_833' title='bbox 1307 5473 1364 5519; x_wconf 88' lang='lat' dir='ltr'><strong>et</strong></span> <span class='ocrx_word' id='word_1_834' title='bbox 1404 5463 1678 5535; x_wconf 88' lang='lat' dir='ltr'><strong>inquinati</strong></span> <span class='ocrx_word' id='word_1_835' title='bbox 1707 5469 1958 5522; x_wconf 64' lang='lat' dir='ltr'><strong>sunt&quot;.»</strong></span> 
     </span>
    </p>
   </div>
   <div class='ocr_carea' id='block_1_108' title="bbox 2092 5463 3662 5546">
    <p class='ocr_par' dir='ltr' id='par_1_108' title="bbox 2092 5467 3662 5546">
     <span class='ocr_line' id='line_1_108' title="bbox 2092 5467 3662 5546; baseline -0.001 -23"><span class='ocrx_word' id='word_1_836' title='bbox 2092 5467 2179 5539; x_wconf 62' lang='grc' dir='ltr'><strong>πὰρ</strong></span> <span class='ocrx_word' id='word_1_837' title='bbox 2211 5467 2468 5539; x_wconf 76' lang='grc' dir='ltr'>ὀνομάζει</span> <span class='ocrx_word' id='word_1_838' title='bbox 2513 5470 2903 5546; x_wconf 80' lang='grc' dir='ltr'>θυσιαστήριον</span> <span class='ocrx_word' id='word_1_839' title='bbox 2947 5473 3041 5528; x_wconf 82' lang='grc' dir='ltr'>τὸν</span> <span class='ocrx_word' id='word_1_840' title='bbox 3095 5471 3464 5544; x_wconf 86' lang='grc' dir='ltr'>Ἐμμανουήλ·</span> <span class='ocrx_word' id='word_1_841' title='bbox 3503 5488 3520 5522; x_wconf 78' lang='grc' dir='ltr'><strong>ι</strong></span> <span class='ocrx_word' id='word_1_842' title='bbox 3561 5470 3662 5523; x_wconf 76' lang='grc' dir='ltr'><strong>Γέ-</strong></span> 
     </span>
    </p>
   </div>
   <div class='ocr_carea' id='block_1_109' title="bbox 385 5551 1983 5637">
    <p class='ocr_par' dir='ltr' id='par_1_109' title="bbox 385 5551 1960 5630">
     <span class='ocr_line' id='line_1_109' title="bbox 385 5551 1960 5630; baseline 0.005 -26"><span class='ocrx_word' id='word_1_843' title='bbox 385 5551 690 5610; x_wconf 83' lang='lat' dir='ltr'><strong>Terrenum</strong></span> <span class='ocrx_word' id='word_1_844' title='bbox 716 5556 865 5612; x_wconf 89' lang='lat' dir='ltr'><strong>enim</strong></span> <span class='ocrx_word' id='word_1_845' title='bbox 895 5555 1091 5624; x_wconf 88' lang='lat' dir='ltr'><strong>altare,</strong></span> <span class='ocrx_word' id='word_1_846' title='bbox 1123 5557 1304 5628; x_wconf 90' lang='lat' dir='ltr'><strong>ipsum</strong></span> <span class='ocrx_word' id='word_1_847' title='bbox 1331 5557 1654 5614; x_wconf 90' lang='lat' dir='ltr'><strong>Emmanuel</strong></span> <span class='ocrx_word' id='word_1_848' title='bbox 1683 5559 1923 5630; x_wconf 89' lang='lat' dir='ltr'><strong>appellat</strong></span> <span class='ocrx_word' id='word_1_849' title='bbox 1948 5579 1960 5612; x_wconf 89' lang='lat'><strong>:</strong></span> 
     </span>
    </p>
   </div>
   <div class='ocr_carea' id='block_1_110' title="bbox 2092 5551 3666 5637">
    <p class='ocr_par' dir='ltr' id='par_1_110' title="bbox 2092 5560 3666 5637">
     <span class='ocr_line' id='line_1_110' title="bbox 2092 5560 3666 5637; baseline 0.003 -25"><span class='ocrx_word' id='word_1_850' title='bbox 2092 5576 2193 5626; x_wconf 65' lang='grc' dir='ltr'>πονε</span> <span class='ocrx_word' id='word_1_851' title='bbox 2219 5560 2330 5632; x_wconf 83' lang='grc' dir='ltr'>γὰρ</span> <span class='ocrx_word' id='word_1_852' title='bbox 2358 5561 2495 5633; x_wconf 82' lang='grc' dir='ltr'>σάρξ</span> <span class='ocrx_word' id='word_1_853' title='bbox 2529 5565 2558 5615; x_wconf 80' lang='grc' dir='ltr'><strong>ό</strong></span> <span class='ocrx_word' id='word_1_854' title='bbox 2585 5563 2778 5632; x_wconf 87' lang='grc' dir='ltr'>Λόγος.</span> <span class='ocrx_word' id='word_1_855' title='bbox 2803 5582 2822 5616; x_wconf 71' lang='grc' dir='ltr'><strong>ι</strong></span> <span class='ocrx_word' id='word_1_856' title='bbox 2861 5564 2937 5635; x_wconf 82' lang='grc' dir='ltr'><strong>Γῆ</strong></span> <span class='ocrx_word' id='word_1_857' title='bbox 2961 5563 3020 5617; x_wconf 82' lang='grc' dir='ltr'>δὲ</span> <span class='ocrx_word' id='word_1_858' title='bbox 3042 5565 3106 5618; x_wconf 86' lang='grc' dir='ltr'><strong>ἐκ</strong></span> <span class='ocrx_word' id='word_1_859' title='bbox 3131 5565 3235 5636; x_wconf 85' lang='grc' dir='ltr'>γῆς</span> <span class='ocrx_word' id='word_1_860' title='bbox 3262 5565 3296 5637; x_wconf 79' lang='grc' dir='ltr'>ἡ</span> <span class='ocrx_word' id='word_1_861' title='bbox 3320 5563 3522 5636; x_wconf 80' lang='grc' dir='ltr'>σαρκός</span> <span class='ocrx_word' id='word_1_862' title='bbox 3538 5564 3666 5617; x_wconf 78' lang='grc' dir='ltr'>ἐστι</span> 
     </span>
    </p>
   </div>
   <div class='ocr_carea' id='block_1_111' title="bbox 2077 4289 3667 4365">
    <p class='ocr_par' dir='ltr' id='par_1_111' title="bbox 2077 4289 3667 4365">
     <span class='ocr_line' id='line_1_111' title="bbox 2077 4289 3667 4365; baseline 0.003 -23"><span class='ocrx_word' id='word_1_863' title='bbox 2077 4306 2144 4361; x_wconf 74' lang='grc' dir='ltr'><strong>τη</strong></span> <span class='ocrx_word' id='word_1_864' title='bbox 2155 4290 2350 4360; x_wconf 86' lang='grc' dir='ltr'>μένων,</span> <span class='ocrx_word' id='word_1_865' title='bbox 2380 4289 2783 4363; x_wconf 86' lang='grc' dir='ltr'>ἀταλαιπώρως</span> <span class='ocrx_word' id='word_1_866' title='bbox 2807 4291 3006 4363; x_wconf 85' lang='grc' dir='ltr'>κομιδῆ</span> <span class='ocrx_word' id='word_1_867' title='bbox 3031 4292 3235 4347; x_wconf 85' lang='grc' dir='ltr'>διάττει</span> <span class='ocrx_word' id='word_1_868' title='bbox 3261 4293 3397 4365; x_wconf 80' lang='grc' dir='ltr'>πρὸς</span> <span class='ocrx_word' id='word_1_869' title='bbox 3422 4293 3484 4346; x_wconf 81' lang='grc' dir='ltr'>τὸ</span> <span class='ocrx_word' id='word_1_870' title='bbox 3504 4293 3667 4357; x_wconf 86' lang='grc' dir='ltr'>εὐθὺ,</span> 
     </span>
    </p>
   </div>
   <div class='ocr_carea' id='block_1_112' title="bbox 2079 4380 3669 4456">
    <p class='ocr_par' dir='ltr' id='par_1_112' title="bbox 2079 4380 3669 4456">
     <span class='ocr_line' id='line_1_112' title="bbox 2079 4380 3669 4456; baseline 0.003 -23"><span class='ocrx_word' id='word_1_871' title='bbox 2079 4380 2174 4434; x_wconf 76' lang='grc' dir='ltr'>καὶ</span> <span class='ocrx_word' id='word_1_872' title='bbox 2205 4381 2460 4434; x_wconf 87' lang='grc' dir='ltr'>ἀπονεύει</span> <span class='ocrx_word' id='word_1_873' title='bbox 2503 4381 2638 4453; x_wconf 84' lang='grc' dir='ltr'>πρὸς</span> <span class='ocrx_word' id='word_1_874' title='bbox 2666 4382 2727 4436; x_wconf 80' lang='grc' dir='ltr'>τὸ</span> <span class='ocrx_word' id='word_1_875' title='bbox 2753 4384 3052 4454; x_wconf 83' lang='grc' dir='ltr'>συμφέρον.</span> <span class='ocrx_word' id='word_1_876' title='bbox 3099 4384 3318 4456; x_wconf 82' lang='grc' dir='ltr'>Ἐπειδὴ</span> <span class='ocrx_word' id='word_1_877' title='bbox 3345 4385 3401 4438; x_wconf 83' lang='grc' dir='ltr'><strong>δέ</strong></span> <span class='ocrx_word' id='word_1_878' title='bbox 3437 4385 3503 4438; x_wconf 82' lang='grc' dir='ltr'><strong>δι’</strong></span> <span class='ocrx_word' id='word_1_879' title='bbox 3529 4383 3669 4438; x_wconf 80' lang='grc' dir='ltr'>Υίοῦ</span> 
     </span>
    </p>
   </div>
   <div class='ocr_carea' id='block_1_113' title="bbox 457 5723 3024 5818">
    <p class='ocr_par' dir='ltr' id='par_1_113' title="bbox 457 5723 3024 5818">
     <span class='ocr_line' id='line_1_113' title="bbox 457 5723 3024 5818; baseline 0.005 -32"><span class='ocrx_word' id='word_1_880' title='bbox 457 5723 698 5788; x_wconf 72' lang='lat' dir='ltr'><strong>&quot;Exod.</strong></span> <span class='ocrx_word' id='word_1_881' title='bbox 733 5751 804 5801; x_wconf 81' lang='lat' dir='ltr'><strong>tv,</strong></span> <span class='ocrx_word' id='word_1_882' title='bbox 844 5737 930 5802; x_wconf 79' lang='grc' dir='ltr'>Η,</span> <span class='ocrx_word' id='word_1_883' title='bbox 961 5739 1046 5793; x_wconf 73' lang='lat' dir='ltr'><strong>l2.</strong></span> <span class='ocrx_word' id='word_1_884' title='bbox 1125 5741 1169 5772; x_wconf 80' lang='grc'>⁷⁷</span> <span class='ocrx_word' id='word_1_885' title='bbox 1195 5740 1363 5797; x_wconf 78' lang='lat' dir='ltr'><strong>Exod.</strong></span> <span class='ocrx_word' id='word_1_886' title='bbox 1399 5757 1487 5807; x_wconf 79' lang='lat' dir='ltr'><strong>xx,</strong></span> <span class='ocrx_word' id='word_1_887' title='bbox 1521 5739 1722 5805; x_wconf 67' lang='lat'><strong>22,23.</strong></span> <span class='ocrx_word' id='word_1_888' title='bbox 1768 5741 2023 5818; x_wconf 76' lang='lat' dir='ltr'><strong>_&quot;Joan.</strong></span> <span class='ocrx_word' id='word_1_889' title='bbox 2049 5759 2155 5810; x_wconf 69' lang='lat' dir='ltr'><strong>xxv,</strong></span> <span class='ocrx_word' id='word_1_890' title='bbox 2190 5743 2241 5800; x_wconf 82' lang='lat'><strong>6.</strong></span> <span class='ocrx_word' id='word_1_891' title='bbox 2321 5743 2366 5776; x_wconf 72' lang='grc' dir='ltr'><strong><em>τ’</em></strong></span> <span class='ocrx_word' id='word_1_892' title='bbox 2430 5742 2602 5799; x_wconf 81' lang='lat' dir='ltr'><strong>Exod.</strong></span> <span class='ocrx_word' id='word_1_893' title='bbox 2662 5758 2754 5812; x_wconf 76' lang='lat' dir='ltr'><strong>xx,</strong></span> <span class='ocrx_word' id='word_1_894' title='bbox 2804 5743 2897 5814; x_wconf 69' lang='lat'><strong>9.4,</strong></span> <span class='ocrx_word' id='word_1_895' title='bbox 2932 5743 3024 5798; x_wconf 76' lang='lat'><strong>25.</strong></span> 
     </span>
    </p>
   </div>
  </div>
