3996 6212
309 256 420 316 893

1060 256 1146 312 DE
1181 253 1626 312 ADORATIONE
1663 254 1732 310 IN
1773 251 2046 309 SPlRlTU
2089 251 2174 306 ET
2213 248 2580 305 VERITATE.
2621 249 2749 304 LIB.
2791 249 2911 305 lX.'

3455 247 3563 310 593

313 369 500 440 φύσις.
557 368 646 422 Ἑν
673 367 892 441 Χριστῷ
919 369 983 441 δὴ
1013 367 1108 424 οὖν
1135 372 1169 441 ή
1209 372 1362 425 πᾶσα
1407 370 1756 443 καρποφορία
1793 370 1887 424 καὶ

2011 387 2014 419 ;
2064 366 2302 422 Verbum
2350 368 2497 422 enim
2547 380 2678 422 caro
2723 366 2930 422 factum
2967 375 3054 423 est
3074 365 3140 419 “.
3185 383 3204 416 ι
3251 363 3418 420 Terra
3464 381 3565 426 au-

315 463 469 514 πᾶσα
500 462 836 532 προσαγωγή
863 477 878 491 ο
931 463 1065 532 φησι
1097 463 1206 534 γὰρ
1245 463 1431 529 αὐτὸς,
1463 480 1484 516 ι
1522 463 1705 535 Χωρὶς
1731 461 1888 534 ἐμοῦ,

317 553 380 604 οὐ
411 549 644 604 δύνασθε
698 553 872 604 ποιεῖν
918 551 1092 605 οὐδέν.
1147 571 1167 604 ι
1208 553 1420 624 Ὠσπερ
1465 552 1575 624 γὰρ
1622 553 1693 606 δι’
1725 551 1891 607 αὑτοῦ

317 642 417 714 τὴν
457 640 823 712 προσαγωγὴν
851 643 1184 713 ἐσχήκαμεν,
1217 641 1362 697 οὕτω
1399 643 1496 698 καὶ
1541 645 1693 698 πᾶσα
1731 641 1894 696 θυσία

316 735 480 804 δεκτὴ
526 732 594 785 δι’
650 732 848 796 αὐτοῦ,
901 733 1010 786 τῶν
1055 733 1153 806 τήν
1200 734 1387 789 πίστιν
1447 733 1888 804 είσδεδεγμένων.

333 823 767 892 Ἐπαγγέλλεται
795 825 851 877 δὲ
894 827 1008 888 τοῖς
1033 825 1095 878 τὸ
1138 827 1204 880 ἐκ
1233 826 1337 896 γῆς
1388 827 1567 880 ἱστᾶσι
1597 826 1893 897 θυσιαστή-

321 932 469 986 ριον,
515 915 698 984 ἄφιξίν
739 931 800 968 τε
832 915 925 968 καὶ
947 915 1216 984 εὐλογίαν.
1251 935 1272 969 ι
1309 917 1461 982 Ἦξω
1497 919 1606 991 γὰρ
1629 957 1643 982 ,
1687 936 1706 970 ι
1733 918 1890 988 φησι,

326 1024 348 1056 σ
386 1006 522 1078 πρὸς
564 1006 646 1071 σὲ,
671 1007 766 1060 καὶ
797 1007 1076 1078 εὐλογήσω
1106 1025 1188 1063 σε.
1232 1028 1252 1060 ι
1274 1007 1748 1081 Παραδεξαμένοις
1783 1007 1893 1082 γὰρ

321 1098 456 1168 ἡμῖν
475 1095 564 1148 διὰ
599 1095 696 1149 τοῦ
739 1097 1019 1165 πανσόφου
1059 1098 1301 1162 Μωσέως
1331 1089 1433 1170 τῆς
1469 1082 1729 1170 ἀληθείας
1766 1100 1896 1164 τοὺς

319 1186 660 1250 τύπους,καὶ
675 1185 816 1258 αῦτη
844 1187 986 1241 κατὰ
1006 1178 1229 1260 καιροὺς
1252 1190 1564 1260 ἐπέλαμψεν
1590 1193 1622 1261 ἡ
1646 1190 1891 1261 ἀλήθεια,

321 1277 470 1330 τοῦτ’
504 1277 622 1331 ἐστι
667 1279 901 1350 Χριστὸς
923 1319 938 1342 ,
969 1281 1038 1332 δι’
1065 1272 1127 1333 οὗ
1161 1282 1254 1334 καὶ
1293 1282 1352 1334 ἐν
1377 1275 1422 1349 ᾧ
1450 1281 1547 1353 τὴν
1573 1281 1777 1335 ἄνωθεν
1806 1283 1896 1335 εὐ-

323 1368 513 1438 λογίαν
540 1369 635 1422 xal
662 1371 816 1440 παρὰ
843 1371 1058 1442 Πατρδς
1079 1373 1895 1445 πεπλουτήκαμεν,κατεσφρα-

325 1462 576 1534 γισμένοι
629 1463 768 1533 πρὸς
837 1464 1111 1517 υἱοθεσίαν
1166 1468 1224 1519 ἐν
1279 1466 1420 1536 ἁγίῳ
1477 1466 1789 1536 Πνεύματι,
1837 1467 1896 1519 ἐν

328 1553 550 1624 Χριστῷ
575 1552 632 1606 δὲ
655 1552 719 1624 δὴ
747 1552 908 1607 πάλιν
949 1556 1044 1608 καὶ
1072 1554 1228 1608 τοῦτο
1253 1554 1682 1629 διαπεραίνεται.
1719 1575 1737 1608 ι
1773 1557 1898 1629 Ἐὰν

328 1643 384 1698 δὲ
422 1641 804 1714 θυσιαστήριον
835 1645 897 1696 ἐκ
927 1643 1089 1699 λίθων
1121 1648 1281 1715 ποιῇς
1309 1626 1476 1717 μοιβ»
1512 1647 1699 1717 φησιν,
1732 1665 1750 1697 ι
1787 1626 1898 1699 ,οὐκ

328 1735 711 1804 οἰκοδομήσεις
763 1735 960 1798 αὐτοὺς
1011 1737 1271 1807 τμητούς.
1328 1757 1347 1789 ι
1409 1739 1523 1792 Οὐκ
1573 1741 1638 1810 ἐᾷ
1697 1740 1901 1810 σιδήρῳ

330 1823 868 1893 κατατιτρώσκεσθαι
891 1825 1019 1888 τοὺς
1038 1827 1446 1896 ὰφιερωμένους
1466 1827 1540 1898 τῷ
1559 1827 1678 1898 Θεῷ
1699 1828 1899 1891 λίθους.

332 1911 494 1976 Λίθος
534 1912 650 1985 γὰρ
698 1908 767 1984 ἦν
809 1914 1066 1978 ἐκλεκτὸς
1088 1955 1105 1980 ,
1148 1917 1572 1989 ἀκρογωνιαῖος,
1598 1918 1846 1990 ἔντιμος,
1875 1921 1904 1973 ὁ

330 2005 588 2076 Χριστὸς,
622 2007 864 2077 ἄτρωτος
892 2007 990 2078 μὲν
1013 2009 1328 2082 ἁμαρτίαις,
1355 2011 1456 2075 τὰς
1478 2011 1536 2064 δὲ
1562 2013 1626 2066 ἐκ
1657 2012 1903 2066 διαϐόλου

333 2097 546 2169 πληγὰς
581 2098 776 2153 παθεῖν
817 2101 920 2154 οὐκ
951 2101 1126 2168 εἰδὼς,
1157 2105 1217 2156 οὐ
1259 2106 1656 2176 μεμερισμένος
1693 2105 1813 2177 Θεῷ
1845 2123 1904 2158 τε

333 2189 428 2241 καὶ
452 2187 663 2260 κόσμῳ,
697 2191 791 2244 καὶ⁹
820 2193 867 2244 εί
908 2192 1099 2261 γέγονε
1122 2193 1278 2266 σὰρξ,
1310 2195 1424 2248 ἀλλ’
1449 2197 1570 2260 ὅλος
1609 2195 1684 2250 ὢν
1727 2198 1905 2266 ἅγιος,

333 2280 395 2331 οὐ
443 2279 820 2351 διαιρούμενος
865 2284 945 2346 εἰς
996 2284 1130 2337 Θεὸν
1189 2275 1342 2356 ἰδία,
1373 2289 1468 2340 καὶ
1501 2288 1582 2349 είς
1623 2287 1908 2359 ἄνθρωπον

339 2371 521 2434 ἰδικῶς
561 2372 702 2443 μετὰ
749 2372 848 2455 τὴν
901 2373 1138 2446 ἄρρητον
1184 2375 1410 2442 ἕνωσιν,
1455 2380 1574 2450 ήτοι
1623 2379 1722 2450 τὴν
1772 2380 1908 2450 πρὸς

339 2462 516 2534 σάρκα
566 2462 804 2529 σύνοδον,
833 2456 1056 2531 ἀλλ’ἐῖς
1092 2467 1352 2539 ὑπάρχων
1375 2468 1529 2533 Θεὸς,
1562 2470 1657 2522 καὶ
1693 2468 1908 2540 ἄνθρω-

351 2570 450 2616 πος
474 2556 502 2607 ὁ
536 2554 721 2618 αὐτός.
759 2555 1104 2626 Μεμέρισται
1127 2559 1236 2629 γὰρ
1259 2559 1510 2632 οὐδαμῶς
1529 2599 1544 2626 ,
1584 2560 1729 2616 καθὰ
1751 2562 1844 2615 καὶ
1880 2563 1910 2615 ό

342 2646 504 2715 σοφὸς
529 2645 736 2717 γράφει
764 2645 993 2712 Παῦλος.
1466 2662 1468 2664 '

409 2823 621 2877 HAAA.
654 2824 730 2878 Τὺ
753 2826 817 2878 ἐκ
840 2827 943 2898 γῆς
971 2821 1066 2880 οὖν
1099 2827 1207 2899 ἄρα
1237 2828 1620 2901 θυσιαστήριον
1639 2871 1653 2896 ,
1685 2833 1779 2889 καὶ
1804 2833 1912 2905 μὴν

342 2915 436 2968 καὶ
471 2916 524 2968 οἱ
572 2916 819 2988 ἀπλῆγες
864 2917 1035 2983 λίθοι,
1093 2921 1416 2990 σημαίνουσι
1469 2924 1735 2992 Χριστὸν,
1772 2926 1913 2980 κατὰ

341 3007 467 3068 τοὺς
493 3006 596 3078 ήδη
628 3009 1060 3081 προειρημένους
1095 3011 1329 3081 τρόπους
1353 3031 1379 3079 ;-

414 3096 580 3154 ΚΥΡ.
611 3097 768 3156 Οὕτω
797 3100 964 3170 φημί’
992 3102 1366 3171 πνευματικὸς
1387 3103 1538 3175 γὰρό
1565 3103 1752 3175 νόμος,
1768 3106 1912 3162 κατὰ

341 3188 439 3250 τὰς
468 3188 711 3259 Γραφάς.
765 3189 982 3261 Ἐπειδὴ
1011 3191 1069 3243 δέ
1098 3191 1158 3244 τὸ
1196 3193 1434 3263 Χριστοῦ
1463 3197 1784 3266 μυστήριον,
1817 3197 1912 3250 καὶ

341 3277 442 3350 τὴν
485 3279 552 3331 δι’
601 3279 768 3334 αὐτοῦ
826 3281 1087 3351 πρόσοδον
1147 3283 1561 3354 αἰνιγματωδῶς
1607 3286 1911 3352 ύπετύπου,

342 3366 465 3420 τότε
483 3366 568 3439 δὴ,
614 3368 738 3426 τότε
779 3371 875 3423 καὶ
913 3370 1016 3440 τῆς
1055 3371 1385 3442 Ἐκκλησίας
1429 3375 1808 3445 προαναδεῖξαι
1853 3377 1914 3431 τὸ

345 3458 530 3526 σχῆμα
559 3455 694 3521 Θεὸς
737 3460 1052 3514 ἐσκέπτετο.
1095 3462 1301 3518 Μωσέα
1342 3463 1441 3534 μὲν
1476 3461 1569 3520 οὖν
1597 3467 1779 3521 ἐκάλει
1821 3469 1914 3522 καὶ

347 3549 444 3600 σὺν
491 3549 652 3620 αὐτῷ
685 3551 780 3604 τὸν
831 3553 1038 3621 Ἰησοῦν
1081 3554 1175 3607 ἐπὶ
1224 3556 1285 3609 τὸ
1334 3557 1460 3627 ὄρος
1499 3559 1560 3612 τὸ
1608 3561 1758 3615 Σινᾶ.
1804 3562 1914 3616 Kal

345 3636 506 3701 σύνες
529 3638 803 3705 ἐντεῦθεν,
825 3641 908 3694 δτι
941 3644 1036 3696 καὶ
1058 3645 1244 3709 αὐτοῖς
1272 3648 1384 3710 τοῖς
1413 3649 1589 3716 ἁγίοις
1613 3652 1916 3722 προφήταις

345 3727 413 3783 δι’
433 3729 565 3783 Υἱοῦ
591 3732 847 3803 προσιτὸς
874 3735 902 3787 ὁ
934 3735 1143 3806 Πατήρ·
1177 3737 1589 3809 ἀναθρώσκουσι
1619 3741 1725 3812 γὰρ
1750 3741 1915 3814 ἀλλή-

347 3821 460 3886 λοις
486 3824 696 3896 Μωσῆς
723 3842 784 3908 τε
825 3827 920 3880 καὶ
957 3827 1181 3898 Ἰησοῦς.
1211 3830 1522 3903 Γέγραπται
1571 3835 1712 3905 7&9,
1758 3854 1777 3886 ι
1805 3836 1916 3889 Καὶ

347 3913 578 3984 ἐλάλησε
606 3916 811 3988 Κύριος
835 3917 974 3988 πρὸς
998 3919 1207 3990 Μωσῆν
1234 3921 1426 3990 λέγων·
1451 3918 1618 3977 Εἶπον
1645 3929 1757 3988 τοῖς
1781 3928 1916 3991 υἱοῖς

359 4004 594 4077 Ἰσραὴλ,
629 4008 725 4060 καὶ
751 4007 945 4062 λάδετέ
977 4027 1068 4081 μοι
1099 4012 1354 4084 ἀπαρχὰς
1385 4016 1538 4086 παρὰ
1567 4016 1814 4085 πάντων,
1835 4013 1917 4082 οἷς

347 4099 412 4154 ἂν
439 4100 571 4174 δόξῃ
605 4104 673 4174 τῇ
713 4103 943 4175 καρδίᾳ,
975 4104 1211 4175 λήψεσθε
1240 4108 1338 4172 τὰς
1371 4109 1625 4181 ἀπαρχάς
1663 4129 1782 4181 μου,
1822 4113 1917 4166 καὶ

347 4191 482 4263 αῦτη
541 4194 702 4248 ἐστὶν.
729 4196 765 4265 ἡ
819 4196 1072 4267 ἀπαρχὴ,
1128 4199 1196 4268 ἢν
1244 4199 1476 4270 λήψεσθε
1527 4202 1660 4273 παρ’
1701 4203 1913 4272 αὐτῶν,

347 4285 568 4355 χρυσίον
612 4286 709 4339 καὶ
744 4287 1029 4360 ἀργύριον,
1063 4289 1265 4359 χαλκὸν
1293 4293 1388 4345 καὶ
1422 4293 1749 4360 ὑακίνθινον,
1784 4312 1918 4366 πορ-

1994 467 2105 513 tem
2135 465 2356 524 eterra,
2382 458 2498 528 ipsa
2527 459 2711 520 carnis
2737 466 2935 514 natura
2979 465 3082 514 est.
3115 457 3176 512 In
3208 456 3428 518 Christo
3461 456 3570 527 igi-

1994 558 2084 604 tur
2106 551 2286 606 omnis
2313 550 2540 616 oblatio,
2571 559 2628 605 et
2653 552 2832 607 omnis
2857 566 3112 607 accessus
3144 560 3267 615 est;
3308 550 3386 606 ait
3420 549 3576 603 enim.

1994 641 2110 710 ipse
2141 659 2158 693 ε
2195 661 2213 692 ‹
2257 641 2386 698 Sine
2420 657 2508 697 me
2535 641 2673 696 nihil
2702 642 2935 712 potestis
2956 641 3139 696 facere
3163 641 3228 695 ⁸³.
3263 660 3281 694 ι
3321 641 3394 698 Ut
3420 639 3571 695 enim

1992 747 2092 801 per
2125 731 2305 802 ipsum
2354 747 2636 787 accessum
2669 733 2984 799 habuimus,
3025 735 3105 789 sic
3145 733 3326 792 omnis
3350 747 3602 803 quoque,

1994 823 2172 878 hostia
2195 838 2390 879 eorum
2447 823 2542 894 qui
2588 823 2749 878 ﬁdem
2777 833 3160 898 perceperunt,
3198 832 3418 896 accepta
3447 840 3570 893 gra-

1994 924 2157 988 taque
2203 933 2304 988 per
2353 917 2531 986 ipsum
2575 925 2679 971 est.
2722 916 3020 971 Pollicetur
3057 927 3240 975 autem
3291 918 3361 977 iis
3417 917 3572 986 quie

1995 1021 2142 1067 terra
2175 1009 2346 1064 altare
2377 1008 2799 1074 constituerent,
2826 1024 2884 1063 se
2911 1017 3225 1074 venturum,
3253 1020 3310 1064 et
3337 1010 3444 1063 illis
3473 1008 3573 1062 be-

1993 1100 2342 1156 nedicturum
2364 1141 2376 1154 .
2402 1119 2421 1152 ι
2452 1099 2680 1155 Veniam
2707 1099 2879 1164 enim,
2904 1118 2922 1149 ›
2958 1099 3158 1169 inquit,
3185 1118 3203 1150 ι
3244 1109 3301 1154 et
3339 1099 3572 1153 benedi-

1995 1208 2114 1247 cam
2147 1192 2266 1246 tibi.
2319 1211 2336 1243 ›
2367 1191 2504 1246 Cum
2550 1191 2698 1246 enim
2739 1206 2838 1260 per
2879 1189 3342 1260 sapientissimum
3393 1192 3575 1252 virum

1996 1284 2216 1355 Moysen
2245 1284 2497 1338 veritatis
2520 1283 2723 1354 ﬁguras
2756 1282 3178 1353 accepissemus,
3205 1282 3327 1352 ipsa
3354 1282 3575 1336 tandem

1995 1375 2200 1431 veritas
2232 1375 2471 1440 aﬁ‘ulsit,
2529 1374 2583 1429 id
2625 1383 2711 1428 est
2755 1374 3048 1438 Christus,
3085 1389 3183 1443 per
3219 1389 3382 1442 quem
3421 1381 3477 1426 et
3520 1373 3578 1427 in

1998 1481 2107 1535 quo
2130 1480 2367 1536 superna
2403 1465 2499 1519 illa
2531 1464 2915 1520 benedictione
2963 1465 3126 1519 etiam
3167 1481 3198 1518 a
3229 1465 3388 1521 Patre
3419 1463 3575 1518 ditati

1998 1572 2208 1621 sumus,
2239 1557 2514 1628 obsignati
2563 1558 2620 1611 in
2651 1556 2860 1626 Spiritu
2903 1564 3093 1611 sancto
3121 1557 3184 1611 in
3224 1557 3578 1626 adoptionem

2001 1648 2237 1703 ﬁliorum
2267 1648 2360 1701 "-:
2395 1648 2544 1718 quod
2590 1649 2771 1718 ipsum
2809 1649 2974 1703 etiam
3015 1649 3069 1702 in
3108 1648 3328 1702 Christo
3355 1648 3576 1717 perﬁci-

2003 1750 2112 1795 tur.
2163 1759 2181 1791 ‹
2213 1740 2270 1795 Si
2307 1749 2493 1794 autem
2533 1741 2707 1794 altare
2730 1755 2796 1794 ex
2825 1739 3100 1812 lapidibus
3128 1738 3327 1794 feceris
3365 1739 3520 1803 mihi,
3553 1759 3572 1790 ι

2003 1831 2200 1902 inquit,
2234 1851 2252 1882 ι
2274 1846 2385 1885 non
2425 1830 2730 1886 aadiﬁcabis
2751 1845 2847 1884 eos
2870 1836 3066 1883 sectos.
3105 1848 3123 1880 ι
3164 1829 3283 1883 Non
3313 1828 3584 1898 permittit-

2002 1922 2114 1976 Deo
2164 1929 2515 1976 consecratos
2569 1907 2778 1989 lapides
2819 1917 2966 1972 ferro
3025 1918 3194 1983 caedi;
3246 1917 3384 1986 lapis
3431 1917 3581 1971 enim

2003 2020 2121 2068 erat
2161 2013 2391 2077 electus,
2451 2009 2749 2080 angularis,
2790 2006 3086 2078 pretiosus,
3137 2006 3430 2071 Christus,
3484 2006 3581 2075 qui

2004 2115 2182 2172 neque
2217 2100 2460 2170 peccatis
2486 2099 2787 2165 vulnerari,
2823 2114 3001 2169 neque
3039 2099 3242 2154 diaboli
3267 2099 3452 2169 plagas
3482 2113 3580 2151 ex-

2006 2195 2189 2263 cipere
2216 2198 2436 2262 posset;
2484 2205 2588 2244 nec
2632 2190 2744 2245 Deo
2790 2197 2846 2244 et
2878 2189 3084 2244 mundo
3132 2189 3340 2244 divisus
3387 2196 3580 2252 esset;

2006 2297 2154 2347 nam,
2182 2282 2286 2336 etsi
2311 2297 2442 2336 caro
2473 2279 2649 2335 factus
2693 2287 2796 2346 est,
2837 2288 2988 2336 totus
3015 2289 3202 2335 tamen
3225 2288 3310 2335 est
3337 2290 3579 2344 sanctus,

2007 2371 2104 2442 qui
2131 2379 2256 2442 post
2283 2371 2432 2426 illam
2459 2370 2787 2426 ineffabilem
2827 2371 3109 2436 unionem,
3137 2387 3235 2426 seu
3269 2386 3393 2426 cum
3418 2387 3582 2426 carne

2008 2479 2381 2535 congressum,
2409 2477 2518 2519 non
2555 2463 2613 2517 in
2638 2464 2810 2518 Deum
2832 2472 2916 2518 est
2940 2463 3232 2534 separatim
3271 2462 3582 2516 hominem-

2009 2572 2117 2626 que
2156 2573 2404 2613 seorsum
2431 2556 2661 2622 divisus,
2689 2557 2784 2612 sed
2824 2572 2968 2611 unus
3006 2564 3310 2626 permanet,
3343 2556 3488 2610 Deus
3525 2565 3583 2612 et
3646 2623 3650 2627 ι

2010 2645 2176 2702 homo
2214 2647 2380 2702 idem.
2414 2647 2603 2716 Neque
2636 2647 2784 2702 enim
2823 2647 2936 2701 ullo
2965 2646 3128 2701 modo
3153 2645 3363 2702 divisus
3391 2655 3495 2711 est,
3523 2656 3584 2700 ut

2011 2736 2206 2793 scribit
2232 2738 2426 2793 beatus
2454 2739 2658 2794 Paulus
2684 2739 2750 2792 ⁸³.

2081 2827 2280 2882 PALL.
2308 2829 2480 2899 Igitur
2513 2829 2685 2883 altare
2713 2827 2780 2882 de
2809 2836 2952 2883 terra
2975 2836 3373 2894 constructum,
3400 2837 3458 2884 et
3479 2829 3584 2883 mi-

2013 2917 2160 2971 nime
2202 2917 2370 2972 dolati
2395 2917 2633 2988 lapides,
2665 2917 2753 2984 iis,
2784 2933 2923 2987 quos
2964 2917 3171 2985 dixisti,
3194 2919 3401 2984 modis,
3422 2919 3583 2975 Chri-

2012 3017 2156 3064 stum
2183 3008 2528 3080 signiﬁcant?

2083 3103 2240 3158 CYR.
2289 3104 2368 3159 lta
2418 3106 2596 3161 sentio
2648 3122 2662 3160 :
2708 3105 2795 3160 lex
2830 3104 2978 3160 enim
3017 3105 3318 3175 spiritualis
3363 3111 3478 3168 est,
3525 3111 3587 3158 ut

2013 3193 2311 3263 Scriptum
2348 3195 2589 3250 tradunt.
2635 3195 2826 3266 Igitur,
2867 3203 3220 3266 posteaquam
3243 3194 3449 3251 Christi
3473 3210 3589 3265 my-

2012 3285 2266 3349 sterium,
2314 3294 2371 3339 et
2411 3286 2565 3340 illum
2617 3303 2715 3356 per
2752 3303 2885 3342 eum
2921 3302 3203 3342 accessum
3245 3286 3585 3357 aenigmatice

2013 3375 2418 3446 praeﬁguravit,
2466 3383 2583 3430 tum
2637 3392 2769 3432 vero
2815 3376 2981 3430 etiam
3038 3376 3296 3430 Ecclesia),
3353 3375 3587 3430 formam

2013 3465 2156 3520 Deus
2190 3467 2348 3537 longe
2395 3474 2522 3521 ante
2563 3467 2857 3528 ostendere
2899 3465 3204 3520 constituit.
3234 3465 3457 3536 Moysen
3482 3463 3584 3534 igi-

2013 3565 2125 3624 tur,
2169 3568 2374 3614 etcum
2412 3575 2479 3614 eo
2510 3559 2696 3615 Jesum
2737 3559 2806 3612 ad
2831 3567 3100 3626 gmontem
3145 3557 3277 3613 Sina
3315 3557 3582 3611 evocavit.

2013 3649 2193 3720 Atque
2237 3651 2368 3706 hinc
2422 3651 2697 3722 intelligas
2743 3650 2928 3717 velim,
2961 3635 3096 3722 ipsis
3127 3664 3345 3720 quoque
3384 3647 3592 3702 sanctis

2014 3741 2300 3812 prophetis
2355 3758 2455 3813 per
2509 3743 2709 3796 Filium
2759 3749 2950 3813 patere
3019 3741 3090 3798 ad
3139 3742 3356 3797 Patrem
3400 3753 3588 3794 acces-

2017 3848 2138 3888 sum
2195 3852 2208 3886 :
2265 3834 2426 3888 simul
2480 3834 2629 3888 enim
2689 3833 2996 3888 ascendunt
3044 3833 3256 3905 Moyses
3306 3839 3363 3887 et
3401 3830 3578 3886 Jesus.

2015 3923 2174 3994 29],
2195 3923 2469 3994 Scriptum
2496 3933 2582 3986 est
2604 3924 2752 3979 enim
2781 3942 2794 3978 :
2831 3943 2848 3977 ι
2879 3925 2946 3978 Et
2971 3925 3190 3978 locutus
3212 3931 3296 3978 est
3327 3922 3594 3976 Dominus

2017 4012 2084 4066 ad
2129 4013 2369 4084 Moysen,
2417 4013 2606 4069 dicens
2643 4031 2656 4066 :
2690 4013 2789 4068 Dic
2832 4013 2961 4068 ﬁliis
3010 4013 3178 4068 israel
3207 4031 3220 4066 :
3246 4013 3315 4066 Et
3355 4013 3590 4080 accipite

2017 4106 2151 4160 mihi
2175 4106 2445 4176 primitias
2473 4105 2542 4159 ab
2572 4105 2850 4170 omnibus,
2877 4119 3111 4174 quorum
3148 4102 3304 4158 cordi
3339 4102 3592 4166 libuerit,

2016 4196 2086 4250 ab
2113 4195 2182 4250 iis
2211 4194 2492 4265 accipietis
2519 4192 2792 4262 primitias
2819 4207 2968 4247 meas
2994 4200 3111 4247 :.et.
3129 4192 3222 4256 hac,
3240 4199 3368 4250 sunt
3394 4190 3596 4269 primi-5,

2020 4288 2109 4342 tiae
2153 4301 2290 4356 quas
2331 4284 2614 4354 accipietis
2656 4284 2726 4339 ab
2763 4283 2915 4354 ipsis,
2948 4299 3143 4340 aurum
3187 4292 3244 4339 et
3281 4290 3598 4354 argentum,

347 4375 525 4447 φύραν
553 4377 648 4430 καὶ
687 4378 941 4432 κόκκινον
968 4380 1209 4448 διπλοῦν,
1243 4384 1335 4437 καὶ
1365 4383 1563 4454 βυσσὸν
1594 4365 1916 4458 κεκλωσμέ-
1950 4365 1992 4419 D
2019 4393 2094 4432 ωε
2120 4384 2176 4431 ει
2202 4375 2580 4446 Ῑὶῖθοίηῑὶιιιιῐι,
2615 4389 2916 4444 purpuram
2956 4381 3012 4428 εί
3049 4373 3332 4428 οοοοίηυῐη
3366 4371 3589 4442 duplex,

347 4481 472 4537 νην,
501 4467 598 4520 καὶ
629 4467 822 4539 τρίχας
860 4470 1109 4539 αἰγείοις,
1137 4473 1232 4526 καὶ
1277 4473 1523 4545 δέρματα
1575 4477 1744 4547 κριῶν
1784 4480 1921 4548 ἠρυ-

349 4557 775 4629 θροδανωμένα,
831 4562 926 4617 καὶ
983 4563 1230 4633 δέρματα
1287 4565 1600 4632 ὑακίνθινα,
1648 4568 1742 4621 καὶ
1789 4567 1921 4633 ξύλα

348 4650 600 4722 ἄσηπτα,
652 4654 748 4711 xal
797 4654 979 4719 λίθους
1029 4655 1281 4728 σαρδίου,
1320 4658 1416 4711 καὶ
1467 4659 1648 4723 λίθους
1695 4662 1774 4724 είς
1821 4661 1920 4732 τὴν

348 4740 584 4814 γλυφὴν,
613 4743 695 4806 είς
743 4743 840 4815 τὴν
878 4745 1150 4816 ἐπωμίδα,
1183 4746 1278 4800 καὶ
1311 4748 1391 4811 είς
1427 4746 1519 4800 τὸν
1550 4748 1781 4819 ποδήρη,
1824 4749 1919 4802 καὶ

348 4834 594 4904 ποιήσεις
626 4850 716 4904 μοι
763 4834 1042 4905 ἁγίασμα,
1074 4835 1169 4889 καὶ
1194 4834 1504 4908 ὀφθήσομαι
1537 4839 1593 4890 ὲν
1629 4837 1777 4907 ὑμῖν.
1810 4837 1920 4891 Καὶ

348 4925 599 4996 ποιήσεις
640 4943 731 4998 μοι
773 4927 917 4981 κατὰ
961 4927 1139 4982 πάντα
1187 4928 1290 4982 ὅσα
1327 4929 1392 4984 ἄν
1435 4946 1518 4983 σοι
1557 4929 1716 4994 δείξω
1749 4932 1806 4982 ἐν
1844 4927 1921 4999 τῷ

347 5016 465 5087 δρει
488 5017 551 5071 τὸ
575 5019 926 5092 παράδειγμα
953 5020 1056 5091 τῆς
1081 5021 1308 5093 σκηνῆς,
1346 5021 1441 5076 καὶ
1467 5021 1529 5074 τὸ
1571 5020 1922 5091 παράδειγμα

349 5108 568 5163 πάντων
591 5109 704 5163 τῶν
732 5111 945 5164 σκευῶν
975 5111 1166 5181 αὐτῆς,
1187 5109 1361 5177 οὕτως
1389 5111 1656 5183 ποιήσεις.
1693 5129 1734 5166 θ.
1761 5110 1922 5180 Ὁρᾷς

349 5200 497 5262 ὅπως
541 5201 635 5254 ἐπὶ
675 5202 738 5255 τὸ
781 5203 980 5274 χρῆναι
1022 5205 1394 5275 καρποφορεῖν
1437 5203 1498 5256 τὸ
1543 5201 1820 5266 λυσιτελές
1864 5217 1922 5254 τε

350 5291 445 5343 καὶ
497 5292 942 5364 χρειωδέστατον,
991 5295 1436 5366 εἰςἘκκλησίας
1485 5294 1745 5348 σύστασιν
1782 5311 1915 5366 προ-

349 5380 542 5451 τρέπει
571 5382 757 5449 λαοὺς,
785 5385 1254 5456 προσκομίζοντας
1285 5385 1484 5458 ἱλαρῶς
1510 5387 1578 5440 τὰ
1610 5385 1730 5439 κατ’
1762 5385 1918 5456 ἰσχύν

351 5487 408 5524 τε
439 5474 534 5526 καὶ
580 5472 842 5545 γνὼμηνς
877 5478 952 5530 Οὐ
986 5477 1096 5548 γάρ
1147 5494 1228 5531 τοι
1279 5476 1478 5547 χρυσὸν
1505 5474 1690 5546 ἐζήτει
1737 5476 1916 5545 μόνον,

2015 4478 2073 4526 et
2097 4471 2319 4542 byssum
2344 4474 2550 4533 netam,
2578 4476 2635 4523 et
2665 4467 2807 4538 pilos
2836 4483 3145 4538 caprarum,
3171 4475 3226 4522 et
3251 4465 3421 4536 pelles
3443 4465 3591 4522 ariec

2018 4570 2133 4616 tum
2165 4560 2495 4624 rubricatas,
2521 4565 2577 4614 et
2605 4559 2778 4630 pelles
2802 4557 3204 4630 hyacinthinas,
3232 4563 3288 4612 et
3311 4557 3458 4628 ligna
3482 4556 3592 4612 im-

2017 4651 2322 4721 putribilia,
2346 4659 2402 4705 et
2426 4649 2643 4720 lapides
2661 4648 2894 4714 sardios,
2921 4656 2978 4703 et
3002 4647 3210 4719 lapides
3249 4649 3315 4702 ad
3342 4648 3592 4717 sculptu-V

2017 4758 2157 4807 ram,
2196 4741 2267 4796 ad
2305 4739 2758 4810 superhumerale
2798 4747 2854 4794 et
2886 4738 2953 4793 ad
2989 4739 3232 4793 tunicam
3264 4737 3511 4802 talarem,
3536 4752 3596 4799 et

2016 4831 2185 4892 facies
2209 4831 2345 4893 mihi
2372 4829 2768 4896 sanctuarium,
2791 4841 2848 4886 et
2875 4829 3152 4900 apparebo
3181 4827 3337 4882 vobis
3369 4843 3382 4879 :
3412 4832 3469 4879 et
3506 4826 3590 4880 fa-

2018 4923 2132 4979 cies
2153 4921 2288 4977 mihi
2319 4922 2475 4993 juxta
2503 4921 2688 4975 omnia
2713 4934 3052 4991 quaecunque
3076 4925 3454 4973 monstravero
3489 4917 3595 4976 tibi

2018 5018 2074 5072 in
2122 5024 2308 5072 monte
2348 5014 2625 5085 exemplar
2662 5014 3022 5079 tabernaculi,
3059 5020 3114 5068 et
3152 5012 3433 5082 exemplar
3470 5029 3592 5069 om-

2018 5111 2171 5168 nium
2203 5123 2466 5164 vasorum
2496 5106 2691 5176 ipsius,
2723 5106 2803 5161 sic
2843 5105 3014 5162 facies
3036 5105 3099 5159 “.
3135 5123 3154 5156 ι
3203 5103 3371 5159 Vides
3423 5112 3484 5159 ut
3523 5103 3592 5158 ad

2020 5217 2085 5261 ea
2129 5217 2250 5272 qua
2276 5200 2345 5255 ad
2375 5199 2803 5256 exstructionem
2831 5197 3088 5252 Ecclesiae
3114 5195 3510 5261 conducerent,
3537 5203 3596 5267 et

2024 5295 2147 5350 usui
2177 5294 2413 5352 maximo
2444 5291 2630 5347 futura
2663 5298 2848 5346 essent
2883 5287 3184 5352 offerenda,
3212 5287 3464 5341 hortetur
3492 5297 3591 5352 po:

2024 5383 2182 5454 pulos
2206 5381 2454 5447 hilariter
2491 5396 2592 5451 pro
2635 5380 2796 5436 modo
2822 5378 3046 5443 virium,
3078 5374 3441 5444 etcxanimi
3465 5387 3595 5426 seu-

2027 5475 2195 5530 tentia
2227 5473 2608 5528 conferentes?
2632 5471 2819 5541 Neque
2843 5470 2989 5525 enim
3015 5482 3208 5522 aurum
3242 5464 3404 5520 modo
3443 5477 3595 5534 quas

423 5652 468 5692 κιο
494 5653 710 5721 JoanJ,
738 5654 824 5717 M.
902 5655 945 5689 ⁸¹
984 5654 1249 5721 Joan.xv,
1277 5655 1328 5711 5.
1407 5656 1450 5688 "
1475 5655 1732 5734 Ephesi,
1771 5653 1821 5708 5.
1901 5652 1908 5684 ³

2024 5650 2156 5713 Cor,
2204 5666 2276 5704 x1.
2319 5647 2555 5703 “Exod.
2601 5662 2720 5709 xw,
2759 5644 2872 5698 1-9.
