3996 6212
450 86 507 119 /

373 192 481 268 itas

1367 204 1424 263 s.
1463 202 1739 265 crtum
1774 203 2241 272 ALEXANDRINI
2278 203 2597 275 secatur.

3517 204 3623 265 596

369 324 550 390 rebat,
576 331 673 380 aut
703 338 768 382 ea
801 321 1030 381 fortasse
1092 336 1216 392 qua:
1242 321 1406 392 vulgo
1436 319 1780 405 suppeditari
1803 319 1938 386 difﬁ-

2049 322 2217 398 ἧγουν
2246 321 2313 376 τὰ
2343 322 2559 388 πολλοῖς
2581 320 2916 393 δυσπόριστα
2944 320 3130 391 τυχὸν,
3150 320 3290 385 ἀλλὰ
3313 324 3410 387 καὶ
3425 325 3625 399 τρίχας

370 416 477 471 cile
505 422 747 487 possent,
782 412 877 471 sed
912 412 1077 467 etiam
1121 410 1263 484 pilos
1292 425 1586 483 caprarum
1623 418 1681 467 et
1712 411 1947 479 arietum

366 506 561 577 pelles,
601 513 665 559 ut
704 502 1022 560 ostenderet
1070 500 1328 571 exiguum
1376 515 1443 557 ac
1484 501 1593 569 vile
1638 517 1860 568 munus,
1898 502 1947 571 si

368 597 510 653 nihil
544 597 592 651 is
636 594 729 666 qui
762 593 966 650 otl'erre
988 591 1319 657 decreverit,
1346 592 1699 666 praestantius
1725 591 1945 657 habeat,

367 685 593 745 minime
629 699 662 739 a
701 683 815 738 Deo
856 681 1066 753 respui,
1091 690 1258 752 atque
1290 681 1455 736 etiam
1494 679 1730 739 fortasse
1783 678 1948 737 rebus

365 792 488 849 quae
513 776 572 830 in
594 776 833 831 maximo
858 774 1037 845 pretio
1063 783 1212 838 sunt,
1235 772 1464 843 aequari,
1492 783 1588 839 aut
1614 772 1789 844 magis
1811 787 1947 844 quo-

364 883 473 940 que
496 867 735 934 laudari,
760 874 825 923 ut
851 874 1004 929 certe
1027 865 1283 931 Christus
1311 865 1463 931 fecit,
1489 880 1616 921 cum
1647 865 1794 934 haud
1826 865 1946 921 sine

362 959 730 1015 admiratione
751 958 973 1014 viduam
999 957 1149 1013 illam
1183 958 1420 1035 excepit,
1447 973 1568 1028 qua:
1592 957 1948 1029 .lerosolymis

363 1052 421 1107 in
467 1051 919 1124 gazophylacium
958 1050 1218 1121 exiguum
1256 1048 1394 1115 illud
1430 1049 1676 1125 quidem,
1706 1057 1764 1109 et
1798 1051 1947 1121 quod

362 1143 622 1200 facillime
660 1141 969 1213 comparari
991 1147 1198 1212 posset,
1228 1140 1434 1206 intulit,
1460 1140 1558 1203 sed
1590 1155 1845 1212 magnum
1877 1142 1947 1198 iis

361 1235 598 1292 fortasse
642 1234 739 1306 qui
773 1234 830 1289 in
872 1247 1087 1303 summa
1118 1232 1305 1303 inopia
1336 1240 1650 1298 versantur,
1675 1247 1816 1303 quos
1846 1249 1944 1291 νεα

361 1324 593 1381 risimile
634 1331 720 1389 est
766 1324 931 1391 etiam
976 1321 1367 1392 vilissimarum
1413 1336 1599 1376 rerum
1648 1322 1944 1385 amissione

359 1415 567 1471 vexari.
592 1414 848 1486 Acceptis
868 1430 1000 1486 ergo
1024 1413 1309 1495 primitiis,
1342 1431 1361 1463 ι
1389 1411 1775 1479 sanctuarium
1806 1414 1942 1477 mihi

370 1507 617 1574 «facies,»
657 1507 892 1578 inquit,t
919 1515 976 1562 et
996 1504 1276 1576 apparebo
1293 1505 1452 1565 vobis
1478 1522 1492 1559 :
1523 1524 1539 1556 ι
1564 1504 1754 1575 illucet
1792 1506 1941 1561 enim

362 1596 419 1651 in
473 1597 723 1675 Eeclesia
750 1586 1051 1665 Christus,
1101 1603 1160 1652 et
1215 1596 1286 1663 iis
1341 1596 1529 1667 quiin
1579 1612 1645 1655 ea
1695 1604 1939 1664 manent,

2051 415 2299 484 αἰγείας,
2340 415 2436 471 καὶ
2481 413 2652 486 κριῶν
2698 413 2982 485 δέρματα.
3026 413 3242 480 δεικνὺς
3290 416 3374 477 ὅτι
3419 417 3515 473 καὶ
3559 419 3627 483 τὰ

2049 503 2224 576 βραχύ
2256 521 2315 559 τε
2345 504 2439 559 καὶ
2467 494 2704 569 εὐτελὲς,
2739 505 2788 557 εί
2837 503 3003 575 μηδὲν
3041 503 3154 574 ἔχοι
3182 504 3567 578 λαμπρότερον
3592 511 3626 563 6

2046 597 2416 673 καρποφορεῖν
2465 594 2772 669 ᾑρημένος,
2805 593 2908 649 οὐκ
2947 592 3256 666 ᾁπόδλητον
3288 594 3368 667 τῷ
3413 595 3553 668 Θείξν

2045 686 2186 761 τάχα
2230 703 2331 739 που
2370 686 2464 740 καὶ
2507 688 2566 740 ὲν
2616 684 2715 756 ἴσῳ
2760 688 2872 749 τοῖς
2918 686 3296 756 τιμιωτάτοις,
3332 686 3367 758 ἢ
3420 687 3519 741 καὶ
3568 691 3629 741 ὲν

2047 775 2255 851 ἐπαίνῳ
2284 778 2510 847 μείζονι,
2541 777 2789 849 καθάπερ
2826 776 3018 847 ἀμέλει
3048 776 3146 835 καὶ
3180 777 3210 829 6
3250 777 3485 847 Χριστὸς
3524 777 3630 831 οὐκ

2045 868 2396 940 ἀθαύμαστον
2434 869 2587 945 ἠφίει
2621 868 2722 939 τὴν
2766 870 2823 924 ὲν
2855 871 2966 932 τοῖς
3003 867 3396 939 Ἰεροσολύμοις
3422 871 3626 940 χήραν,

2043 958 2123 1029 τῷ
2166 957 2550 1030 γαζοφυλακίῳ
2597 956 2981 1034 προσάγουσαν
3021 953 3195 1027 βραχύ
3236 972 3290 1017 τι
3319 955 3414 1021 καὶ
3456 954 3626 1008 εὐπό-

2045 1066 2230 1121 ριστον
2268 1049 2498 1120 κομιδῆ,
2531 1051 2674 1119 μέγα
2709 1048 2754 1102 δ’
2803 1047 2932 1113 ἴσως
2963 1049 3076 1111 τοῖς
3106 1049 3166 1101 ὲν
3195 1049 3400 1119 ἐσχάτῃ
3433 1044 3621 1116 πενίᾳ,

2043 1141 2135 1206 οὓς
2163 1141 2229 1213 δὴ
2260 1143 2355 1203 καὶ
2383 1140 2746 1213 κατατρύχειν
2785 1139 2933 1205 είκδς
2970 1140 3065 1194 καὶ
3099 1139 3209 1194 τῶν
3235 1140 3374 1208 ἄγαν
3401 1135 3621 1191 εὐτελες

2048 1234 2258 1293 στᾴτων
2299 1232 2399 1305 τὴν
2444 1232 2791 1304 άπεμπολήν.
2838 1229 3165 1303 Ληφθεισῶν
3196 1230 3255 1286 δὲ
3295 1228 3404 1289 τῶν
3439 1230 3619 1299 ᾁπαρτ

2044 1324 2177 1394 χῶν,
2210 1342 2228 1375 ι
2273 1323 2549 1395 Ἀγίασμά
2575 1340 2667 1395 μοι
2698 1321 2963 1393 ποιήσεις,
3001 1339 3022 1374 ι
3061 1321 3216 1392 φησὶ,
3264 1339 3284 1373 ι
3320 1321 3417 1375 καὶ
3444 1319 3617 1391 ὁφθήτ-

2046 1432 2211 1485 σομαι
2260 1418 2319 1470 ὲν
2367 1416 2515 1486 ὑμῖν.
2565 1434 2585 1471 ι
2627 1413 3000 1484 Ἐπιφαίνεται
3050 1413 3159 1484 γάρ
3205 1414 3264 1468 ὲν
3319 1411 3619 1484 Ἐκκλησία

2043 1505 2295 1576 Χριστὸς,
2329 1505 2423 1566 καὶ
2468 1505 2770 1574 ὲπιλᾴμπει
2805 1505 2917 1567 τοῖς
2969 1504 3028 1556 ὲν
3070 1503 3245 1575 αὐτῇ.
3276 1502 3419 1563 κατά
3456 1519 3519 1571 γε
3555 1502 3619 1562 τὸ

2044 1599 2102 1650 ὲν
2133 1597 2412 1668 Ψαλμοῖς.
2445 1616 2463 1650 ι
2516 1595 2647 1660 Θεὸς
2699 1594 2925 1666 Κύριος,
2965 1593 3060 1649 καὶ
3096 1593 3366 1664 ὲπέφανεν
3396 1595 3549 1665 ἡμῖν.
3589 1612 3613 1649 ι

361 1672 605 1760 atl‘ulget,
632 1696 695 1759 ut
728 1696 816 1757 est
850 1689 907 1745 in
935 1688 1167 1752 Psalmis
1193 1706 1207 1743 :
1244 1709 1261 1740 ι
1291 1665 1439 1753 Deus
1466 1690 1752 1756 Dominus,
1782 1696 1839 1746 et
1868 1689 1937 1744 il-

2057 1665 2333 1759 Ἐπιτήρει
2377 1687 2434 1741 δὲ
2475 1688 2659 1750 ὅπως.
2706 1665 2886 1751 καίτοι
2960 1683 3356 1758 καταϐεϐηκὼς
3414 1687 3509 1739 ἐπὶ
3553 1688 3618 1749 τὰ

364 1779 499 1836 luxit
525 1780 686 1849 nobis
706 1782 772 1836 ⁸⁸.
805 1801 824 1834 ι
859 1782 1001 1853 Illud
1031 1791 1216 1838 autem
1247 1781 1511 1852 observes
1532 1780 1719 1847 velim,
1742 1795 1938 1851 quam-.-

361 1875 446 1929 vis
478 1874 571 1931 ille
608 1875 751 1946 ignis
793 1875 975 1947 specie
1012 1874 1390 1931 descendisset
1430 1874 1487 1931 in
1529 1882 1792 1938 montem,
1820 1881 1876 1928 et
1906 1889 1939 1930 a

363 1966 566 2036 pepulo
588 1967 848 2037 universo
875 1966 1028 2023 visus
1048 1975 1196 2023 esset
1224 1965 1326 2039 (sic
1348 1965 1495 2021 enim
1519 1965 1784 2038 scriptum
1807 1963 1936 2035 est);

364 2066 545 2114 tamen
575 2057 658 2121 sic
680 2072 809 2117 eum
841 2057 1048 2125 dicere,
1068 2057 1360 2129 Apparebo
1381 2057 1558 2122 vobis,
1582 2064 1939 2127 posteaquam

360 2155 704 2219 exstructum
736 2148 906 2215 fuerit
942 2149 1341 2214 sanctuarium,
1370 2148 1527 2220 quasi
1565 2147 1812 2204 nondum
1837 2163 1937 2220 aps

360 2240 632 2309 paruisset
659 2257 675 2309 ι
704 2254 847 2311 pene
889 2240 1040 2299 enim
1080 2250 1269 2310 aperte
1313 2240 1554 2297 clamare
1590 2239 1811 2296 videtur
1857 2240 1939 2295 νίς

360 2330 547 2399 siones
580 2332 703 2397 illas
733 2348 876 2389 verte
911 2333 1060 2389 illius
1102 2333 1197 2389 Dei
1226 2332 1457 2389 visionis
1480 2332 1704 2388 umbras
1731 2331 1935 2399 fuisse;

358 2435 549 2486 veram
578 2431 765 2491 autem
799 2424 1170 2479 ostensiouem
1197 2422 1379 2492 ipsum
1400 2437 1459 2477 se
1484 2420 1764 2478 Christum
1792 2435 1936 2487 esse,

360 2510 420 2582 iu
449 2527 560 2583 quo
594 2512 772 2583 ipsum
811 2528 1033 2589 quoque
1061 2513 1279 2573 Patrem
1304 2510 1709 2580 conspeximus.
1750 2510 1938 2581 Itaque

357 2588 610 2676 Judteos,
649 2603 745 2679 qui
783 2619 843 2665 se
886 2603 1299 2663 arbitrabantur
1332 2617 1517 2661 rerum
1554 2602 1937 2659 universarum

359 2694 534 2765 θεαω
564 2695 622 2755 in
655 2703 841 2754 monte
881 2694 1010 2760 Sina
1048 2710 1174 2749 vere
1215 2695 1589 2764 conspexisse,
1618 2694 1939 2759 stultissime

361 2785 418 2850 id
453 2785 561 2851 sibi
595 2784 935 2857 persuasisse
971 2786 1242 2856 coarguit,
1275 2785 1467 2843 dicens
1499 2802 1511 2841 :
1551 2805 1569 2837 ‹
1601 2787 1792 2858 Neque
1835 2802 1936 2841 νος

360 2891 481 2932 cem
524 2878 646 2948 eius
686 2877 941 2948 audistis,
969 2878 1133 2949 292
1169 2894 1348 2949 neque
1384 2880 1623 2949 speciem
1648 2881 1769 2950 ejus
1792 2878 1936 2933 vidi—

361 2966 480 3037 stis,
506 2974 563 3025 et
587 2983 901 3035 sermonem
926 2969 1047 3039 eius
1064 2957 1179 3023 non
1209 2956 1426 3050 habetis
1449 2968 1505 3023 in
1526 2968 1686 3025 vobis
1709 2984 1938 3024 manen-

362 3064 505 3125 tem,
546 3057 698 3129 quia,
740 3074 904 3133 quem
945 3058 1037 3113 ille
1080 3058 1252 3124 misit,
1295 3058 1427 3114 huic
1469 3072 1568 3119 vos
1606 3074 1719 3115 non
1760 3059 1941 3117 credi-

363 3143 433 3200 tis
458 3144 527 3211 εδ,
559 3164 579 3203 ι
610 3145 724 3217 ligo
769 3147 1047 3217 apparebo
1095 3146 1150 3215 in
1195 3144 1374 3213 vobis,
1416 3148 1617 3219 inquit,
1663 3158 1945 3208 exstructo

360 3237 677 3304 sanctuario
707 3254 723 3299 ;
748 3235 803 3292 id
825 3245 1009 3294 autem
1035 3236 1211 3309 ﬁgura
1241 3246 1364 3308 erat
1391 3238 1672 3306 Ecclesiae,
1699 3239 1768 3296 ad
1797 3240 1947 3299 illius

358 3342 617 3396 superum
656 3327 1076 3397 similitudinem
1116 3328 1293 3385 factae.
1343 3328 1432 3384 Ait
1474 3330 1623 3387 enim
1655 3348 1670 3384 :
1706 3349 1724 3383 ι
1753 3331 1945 3389 Facies

361 3419 498 3491 mihi
526 3421 685 3493 juxta
720 3421 905 3483 omnia
953 3436 1297 3493 quaecunque
1341 3428 1721 3479 monstravero
1749 3422 1846 3481 tibi
1885 3423 1943 3483 in

360 3520 578 3579 monte,
625 3513 709 3569 sic
749 3513 939 3570 facies.
993 3533 1012 3567 ι
1066 3511 1363 3571 Ostensum
1412 3522 1498 3575 est
1544 3514 1690 3579 enim
1732 3514 1943 3584 aliquid

360 3604 528 3665 beato,
545 3606 738 3678 Moysi,
767 3606 942 3678 ﬁgura
970 3607 1256 3672 nimirum,
1283 3616 1346 3664 ut
1370 3607 1534 3662 modo
1559 3606 1696 3672 dixi,
1724 3617 1943 3664 sanctae

360 3712 486 3752 rum
530 3697 938 3770 Ecclesiarum,
987 3704 1045 3753 et
1088 3698 1205 3768 ipse
1248 3698 1340 3754 ille
1382 3698 1535 3754 varie
1580 3706 1838 3770 tanquam
1886 3701 1942 3757 in

360 3788 556 3843 umbra
589 3788 934 3855 ell‘ormatus,
965 3788 1061 3859 qui
1092 3803 1196 3859 pro
1225 3789 1388 3845 nobis
1425 3798 1513 3845 est
1547 3790 1712 3846 homo
1743 3789 1941 3851 factus.

358 3878 437 3937 De
470 3880 701 3952 singulis
741 3890 926 3941 autem
965 3883 1370 3954 exemplaribus
1398 3885 1445 3943 si
1477 3884 1663 3941 dicere
1697 3886 1936 3943 volueri-

360 3989 503 4040 mus,
535 3974 786 4044 prolixus
812 3974 921 4030 erit
965 3982 1021 4029 et
1050 3974 1247 4045 longus
1278 3990 1480 4041 sermo,
1505 3985 1561 4033 et
1589 3977 1773 4033 nimiae
1801 3978 1936 4034 sub?

359 4063 576 4120 tilitatis
617 4064 832 4135 plenus.
879 4064 988 4120 Sed
1017 4065 1278 4136 quoniam
1319 4066 1582 4126 nonnulla
1622 4074 1752 4121 sunt
1813 4081 1937 4137 quae

2044 1781 2167 1852 ὅρος
2192 1782 2249 1839 ἐν
2282 1779 2411 1832 εἴδει
2439 1776 2628 1849 πυρδς,
2654 1775 2840 1846 ὀφθείς
2861 1793 2922 1831 τε
2949 1775 3026 1847 τῷ
3057 1775 3172 1850 λαῷ
3204 1775 3386 1831 παντίο
3413 1776 3619 1848 γεγρα-ι

2046 1890 2178 1928 πται
2215 1872 2322 1942 γὰρ
2361 1871 2563 1935 οὕτως,
2591 1869 2667 1934 ὼς
2698 1867 2854 1923 οὔπω
2894 1870 3116 1938 φανεὶς,
3150 1866 3212 1921 τὸ
3252 1867 3618 1941 Ὀφθήσομαι,

2044 1962 2230 2036 φησιν,
2263 1964 2320 2016 ὲν
2350 1962 2498 2033 ὑμῖν,
2533 1959 2904 2032 ὲγηγερμένου
2927 1958 3025 2020 τοῦ
3048 1958 3406 2031 ἁγιάσματος.
3439 1959 3620 2020 Μόνον

2043 2054 2153 2126 γὰρ
2171 2054 2292 2127 οὐχὶ
2314 2050 2692 2126 διακεκραγὼς
2722 2052 2919 2123 δρᾶται
2955 2050 3172 2123 σαφῶς,
3202 2052 3284 2105 ὃτι
3310 2053 3462 2103 σκιαὶ
3492 2051 3617 2121 μὲν,

2044 2145 2102 2207 αί
2146 2145 2405 2200 δπτασίαι
2451 2146 2658 2200 ὲκείναι
2709 2142 2810 2215 τῆς
2851 2141 3085 2214 ἀληθοῦς
3129 2141 3397 2206 θεοπτίᾳς.
3447 2142 3514 2195 Ἥ
3561 2143 3623 2209 δὲ,

2043 2237 2251 2309 ἀληθὴς
2277 2237 2575 2305 ἀνάδειξις,
2611 2240 2640 2291 6
2672 2236 2927 2309 Χριστὸς,
2961 2237 3018 2291 ὲν
3041 2227 3086 2303 ᾧ
3114 2233 3209 2287 καὶ
3248 2233 3408 2289 αὐτὸν
3428 2232 3623 2289 τεθεάτ

2046 2329 2191 2402 μεθα
2228 2330 2320 2384 τὸν
2369 2330 2611 2402 Πατέρα.
2661 2328 2772 2384 Καὶ
2816 2328 2947 2398 γοῦν
2996 2326 3284 2391 Ἰουδαίους
3337 2326 3621 2396 οἰομένους

2042 2421 2124 2480 ὅτι
2164 2419 2450 2476 τεθέανται
2484 2420 2626 2482 κατὰ
2662 2419 2725 2475 τὸ
2759 2420 2961 2492 ἀληθὲς
2991 2420 3050 2472 ὲν
3077 2417 3157 2490 τῷ
3195 2418 3311 2490 δρει
3353 2419 3485 2474 Σινᾶ
3523 2418 3621 2479 τὸν

2041 2511 2152 2565 τῶν
2181 2511 2319 2566 ὅλων
2349 2510 2514 2579 Θεδν,
2549 2510 2855 2570 άνούστατα
2883 2508 3292 2580 διατιθεμένους
3339 2508 3617 2580 διήλεγχε,

2041 2602 2247 2672 λέγων’
2290 2621 2311 2655 ι
2363 2602 2500 2656 Οὔτε
2533 2602 2717 2676 φωνὴν
2765 2600 2929 2656 αὑτοῦ
2958 2601 3234 2673 ἀκηκόατε
3252 2641 3269 2669 ,
3313 2599 3438 2655 οὔτε
3477 2600 3619 2673 εἶδος

2041 2695 2209 2751 αὐτοῦ
2242 2693 2522 2765 ἑωράκατε
2542 2734 2558 2761 ,
2599 2695 2696 2749 καὶ
2730 2693 2821 2748 τὸν
2852 2693 3010 2763 λόγον
3034 2694 3198 2751 αὑτοῦ
3231 2694 3334 2747 οὐκ
3376 2692 3530 2764 ἔχετε
3557 2694 3620 2748 ἔν

2044 2788 2173 2860 ὑμῖν
2221 2785 2484 2857 μένοντα,
2537 2785 2619 2841 δτι
2677 2784 2738 2842 δν
2789 2785 3112 2848 ἀπέστειλεν
3160 2787 3391 2852 ἐκεῖνος,
3437 2785 3618 2856 τούτῳ

2043 2878 2203 2949 ὑμεῖς
2232 2877 2294 2933 οὐ
2335 2875 2641 2933 πιστεύετε.
2667 2896 2687 2931 ι
2721 2876 2929 2933 Οὐκοῦν
2959 2878 3271 2950 ὀφθήσομαι
3290 2918 3307 2945 ,
3341 2880 3526 2950 φησιν,
3555 2880 3619 2939 tv

2042 2969 2170 3040 ὑμῖν
2228 2968 2600 3041 ὲγηγερμᾶνου
2658 2968 2755 3024 τοῦ
2810 2967 3171 3040 ἁγιάσματος.
3218 2968 3390 3033 Τοῦτο
3435 2969 3493 3023 δὲ
3544 2963 3619 3037 ἦν

2055 3062 2381 3133 Ἐκκλησίας
2429 3060 2634 3127 τύπος,
2676 3060 2798 3119 καθ’
2841 3060 3137 3132 ὁμοιότητα
3177 3059 3477 3132 γενομένης
3514 3060 3617 3130 τῆς

2039 3154 2171 3211 ἂνω.
2210 3153 2323 3209 Καὶ
2349 3153 2458 3225 γάρ
2480 3170 2564 3207 τοι
2614 3152 2769 3224 φησὶ,
2805 3171 2824 3207 ι
2865 3152 3117 3224 Ποιήσεις
3151 3169 3241 3225 μοι
3273 3151 3413 3208 κατὰ
3436 3153 3617 3209 πάντα

2038 3247 2139 3302 ὅσα
2165 3245 2394 3300 δεικνύω
2413 3263 2496 3301 σοι
2519 3249 2577 3301 ἐν
2595 3245 2674 3318 τῷ
2692 3246 2829 3318 δρει,
2853 3245 2998 3300 οὕτω
3022 3247 3289 3317 ποιήσεις.
3313 3264 3334 3299 ι
3351 3244 3618 3317 mpetu.

2039 3338 2143 3411 χθη
2180 3338 2290 3410 γάρ
2327 3354 2412 3392 τοι
2451 3336 2530 3409 τῷ
2568 3337 2824 3411 μακαρίῳ
2854 3339 3027 3408 Μωσῇ
3086 3336 3277 3401 τύπος,
3321 3335 3397 3400 ὡς
3454 3334 3615 3406 ἔφην,

2038 3431 2149 3487 τῶν
2179 3430 2355 3500 ἁγίων
2400 3429 2759 3502 Ἐκκλησιῶν,
2787 3429 2885 3484 καὶ
2910 3429 3208 3492 πολυειδῶς
3246 3428 3411 3493 αὐτὸς
3450 3427 3530 3491 ὡς
3557 3429 3618 3481 ὲν

2041 3524 2171 3595 σκιᾷ
2206 3521 2573 3594 πλαττόμενος
2613 3523 2642 3576 6
2680 3520 2750 3576 δι’
2784 3521 2935 3593 ἡμᾶς
2974 3520 3265 3591 γενόμενος
3302 3518 3616 3588 ἄνθρωπος.

2051 3616 2170 3685 Ἐφ’
2199 3616 2414 3686 ἑκάστῳ
2442 3630 2506 3683 γε
2551 3613 2660 3685 μὴν
2700 3612 2810 3668 τῶν
2851 3612 3316 3685 παραδειγμάτων
3343 3611 3515 3677 πολὺς
3547 3612 3617 3666 ἂν

2038 3702 2248 3770 γένοιτο
2282 3701 2376 3756 καὶ⁸
2419 3700 2633 3771 μακρὸς
2676 3703 2706 3755 6
2746 3700 2934 3770 λόγος,
2964 3701 3061 3754 καὶ
3110 3698 3469 3770 ίσχνομυθίας
3509 3698 3616 3770 ἐμ-

2039 3794 2237 3858 πλεως.
2282 3793 2503 3865 Ἐπειδὴ
2528 3793 2588 3848 δέ
2615 3795 2732 3854 ἔστι
2763 3792 2834 3848 τὰ
2860 3792 2961 3864 μιν
2996 3792 3107 3848 ἴδιά
3126 3809 3186 3846 τε
3212 3792 3309 3847 καὶ
3334 3791 3617 3864 πρέποντα

2039 3887 2106 3957 τῇ
2138 3885 2246 3940 τῶν
2270 3885 2572 3955 γεγονότων
2617 3886 2956 3955 κατασκευῇ,
2998 3884 3065 3938 τὰ
3089 3883 3146 3938 δὲ
3195 3883 3332 3955 πρὸς
3372 3882 3473 3955 τήν
3502 3882 3616 3945 τῶν

2041 3976 2412 4048 θεωρημάτων
2444 3975 2773 4031 ἅπονένευκε
2806 3974 3019 4046 χρείαν,
3054 3974 3217 4046 φέρε,
3253 3973 3499 4045 λέγωμεν
3543 3972 3617 4041 τὰ

2040 4066 2121 4130 είς
2153 4081 2217 4134 γε
2246 4064 2402 4119 τοῦτο
2424 4063 2701 4135 λυσιτελῆ,
2731 4063 2987 4136 μεθέντες
3014 4063 3084 4118 τὰ
3114 4063 3301 4135 ἔτερα.

359 4158 583 4231 proprie
620 4157 690 4217 ad
725 4159 946 4227 illorum
987 4174 1218 4229 operum
1261 4160 1734 4235 constructionem
1768 4160 2068 4232 pertinent,
2131 4160 2240 4220 alia
2285 4175 2420 4218 vero
2460 4159 2529 4217 ad
2572 4159 3055 4233 contemplationis
3112 4175 3275 4216 usum
3336 4167 3613 4231 spectant,

359 4269 479 4326 age,
517 4270 639 4324 qua:
666 4255 734 4311 ad
758 4271 892 4311 eam
932 4272 1050 4311 rem
1089 4257 1245 4312 utilia
1281 4269 1430 4324 sunt,
1454 4257 1525 4314 de
1565 4257 1633 4313 iis
1670 4258 1938 4322 dicamus,
1978 4258 2298 4314 omittamus
2325 4265 2542 4319 caetera.
3490 4254 3497 4260 ’

427 4349 626 4405 PALL.
664 4349 785 4405 Non
811 4350 943 4406 satis
963 4350 1111 4421 quod
1138 4351 1278 4407 dicis
1303 4350 1568 4423 intelligo.

426 4440 584 4515 (ΝΒ.
628 4440 865 4512 Adverte
902 4441 1072 4513 igitur
1104 4441 1251 4512 quod
1289 4441 1541 4507 dicturus
1566 4458 1685 4497 sum
1716 4460 1730 4496 :
1769 4442 1932 4498 intel-

355 4535 496 4607 liges
519 4535 690 4600 enim,
723 4542 780 4593 et
810 4534 1033 4604 quidem
1069 4532 1351 4603 perfacile,
1380 4542 1442 4588 ut
1482 4534 1697 4604 opinor.
1734 4534 1931 4590 Arcam

356 4625 478 4684 ﬂeri
511 4625 678 4698 jussit
703 4624 772 4680 de
798 4623 961 4696 lignis
996 4620 1450 4692 imputribilibus,
1507 4631 1565 4678 et
1600 4623 1935 4680 intrinsecus

354 4727 414 4776 et
434 4718 780 4774 extrinsecus
812 4728 952 4769 auro
984 4712 1191 4767 mundo
1216 4718 1415 4767 tectam
1438 4713 1507 4778 υ,
1531 4728 1654 4783 qua;
1680 4714 1931 4770 contine-

356 4822 442 4867 ret
478 4812 588 4876 illa,
623 4824 745 4879 quae
770 4806 1111 4863 vocabantur
1144 4804 1478 4869 testimonia,
1514 4804 1569 4859 id
1599 4812 1684 4860 est
1731 4804 1930 4878 legem,

358 4910 420 4956 ut
469 4903 526 4957 in
566 4900 769 4956 tabulis
810 4896 1207 4971 parturientem
1239 4914 1252 4950 :
1287 4912 1467 4969 neque
1507 4912 1641 4954 vero
1680 4898 1773 4955 hic
1809 4897 1933 4953 linis

356 4993 477 5063 eius
515 4991 906 5048 exstructionis
945 4988 1084 5056 fuit;
1130 5004 1255 5055 nam
1294 4995 1352 5044 et
1391 4995 1580 5046 vectes
1617 4986 1735 5044 ﬁeri
1777 4988 1934 5060 jubet

357 5098 552 5141 rursus
592 5099 659 5138 ex
686 5083 849 5153 lignis
887 5078 1323 5150 imputribilibus
1351 5096 1506 5152 atque
1537 5081 1850 5145 deauratos,
1877 5087 1934 5134 et

356 5188 555 5231 aureos
584 5174 838 5249 annulos.
864 5182 921 5231 et
944 5171 1224 5242 versatilia
1257 5172 1720 5243 circumquaque;
1754 5170 1931 5243 longi-

356 5266 606 5339 tudinem
656 5280 896 5339 quoque,
940 5280 1006 5323 ac
1048 5262 1419 5330 latitudinem,
1457 5273 1515 5320 et
1556 5262 1929 5325 altitudinem,

356 5369 561 5435 quanta
589 5360 772 5421 futura
798 5368 947 5418 esset
988 5358 1043 5427 in
1086 5374 1156 5415 eo
1191 5356 1434 5430 opiﬁcio,
1495 5355 1762 5414 deﬁnivit.
1821 5356 1928 5410 Ve-

356 5466 503 5522 rum,
529 5454 574 5508 si
600 5452 727 5523 quis
763 5451 900 5524 velit
932 5450 1249 5524 huiusmodi
1304 5465 1393 5507 res
1423 5450 1650 5522 mystice
1675 5449 1732 5503 et
1760 5460 1924 5505 accc-

1963 4353 2009 4413 D
2104 4354 2308 4419 IIAAA.
2340 4353 2414 4407 Οὐ
2451 4352 2675 4423 συνίημι
2710 4351 2739 4406 δ
2771 4351 2895 4424 φής.

2110 4444 2276 4497 ΚΥΡ.
2308 4441 2497 4513 Ἀθρει
2528 4441 2593 4514 δὴ
2625 4437 2720 4497 οὖν
2744 4442 2774 4497 ὃ
2798 4457 2963 4515 φημι·
2992 4443 3251 4515 συνήσεις
3274 4443 3404 4517 γὰρ,
3432 4443 3613 4519 οἶμαι,

2039 4535 2133 4600 καὶ
2181 4533 2301 4587 λίαν
2345 4533 2603 4606 ἀμογητί·
2653 4533 2889 4588 κιὸωτδν
2934 4534 3194 4604 γενέσθαι
3248 4538 3616 4610 προστέταχεν

2038 4627 2102 4678 ὲκ
2148 4623 2320 4689 ξύλων
2347 4625 2637 4694 ἁσήπτων,
2669 4625 2874 4681 ἔσωθέν
2915 4644 2974 4680 τε
3030 4627 3126 4682 καὶ
3168 4625 3366 4695 ἔξωθεν
3400 4630 3616 4703 χρυσίῳ

2039 4714 2266 4788 καθαρῷ
2296 4715 2846 4789 διαπεπυκασμένην,
2879 4718 2975 4772 καὶ
3016 4717 3086 4772 τὰ
3119 4718 3427 4791 καλούμενα
3468 4738 3614 4792 μοιρ-

2036 4807 2220 4880 τύρια,
2243 4805 2388 4862 τοῦτ’
2414 4806 2554 4873 ἔστι,
2587 4807 2682 4861 τὸν
2706 4807 2871 4878 νόμον
2885 4808 2963 4872 ὡς
2986 4811 3048 4864 ἐν
3075 4808 3269 4877 πλαξὶν
3296 4809 3612 4876 ὠδίνουσαν,

2038 4899 2134 4953 καὶ
2174 4899 2236 4953 οὗ
2284 4898 2447 4970 μέχρι
2477 4897 2684 4961 τούτων
2715 4898 2785 4953 τὰ
2822 4900 2914 4954 ἐπ’
2942 4899 3135 4973 αὑτήνο
3168 4901 3471 4974 ἀναφορέας
3502 4904 3615 4975 γὰρ

2035 4991 2101 5061 δὴ
2144 4991 2397 5059 γενέσθαι
2430 4990 2758 5063 προστάττει
2811 4991 2974 5046 πάλιν
3019 4991 3079 5059 ἑξ
3125 4992 3385 5064 ἀσήπτων
3417 4991 3614 5061 ξύλων,

2036 5082 2097 5134 ὲν
2128 5082 2228 5151 ἴσῳ
2259 5079 2711 5152 κεχρυσωμένους
2731 5118 2746 5144 ,
2782 5079 3016 5152 χρυσοῦς
3058 5098 3119 5134 τε
3155 5080 3471 5145 δακτυλίους
3514 5084 3617 5136 καὶ

2039 5171 2282 5244 στρεπτὰ
2306 5171 2512 5242 κύκλῳ.
2548 5170 2741 5243 Μῆθςὸς
2762 5189 2823 5226 τε
2843 5172 2939 5227 καὶ
2969 5171 3171 5237 πλάτος
3200 5171 3292 5226 καὶ
3317 5169 3452 5240 ὕψος
3481 5170 3617 5242 ὡρί-

2042 5238 2173 5318 σατο
2199 5280 2277 5334 τῳ
2310 5238 2640 5335 τεχνήματι..
2661 5238 2817 5318 ’Ἃλγ
2849 5264 2900 5320 εἱ
2940 5261 3185 5335 βούλοιτό
3212 5279 3295 5326 τις
3328 5238 3641 5333 troius-tria:

2037 5355 2262 5424 γμονεῖν
2289 5348 2350 5406 εὖ
2399 5352 2546 5424 μάλα
2585 5353 2655 5415 τά
2692 5352 2869 5409 τοιάδε
2901 5353 3208 5423 μυστικῶς,
3255 5352 3478 5425 εὑρήσει
3515 5353 3616 5422 μὲν

2039 5445 2190 5510 ἴσως,
2232 5446 2261 5498 ὅ
2289 5446 2341 5497 τί
2392 5446 2523 5522 ποτέ
2565 5448 2714 5525 ἐστιν
2754 5448 2788 5518 ή
2830 5444 3097 5522 κιϐωτὸς,
3145 5445 3240 5520 καὶ
3280 5444 3349 5503 τὰ
3380 5444 3443 5499 ἐν
3471 5441 3613 5514 αὐτῇ

429 5622 477 5669 ³⁸
526 5624 669 5697 i’sal.
699 5643 858 5692 cxvii,
882 5626 969 5682 27.
1042 5627 1087 5657 '"’
1113 5626 1267 5682 Joan.
1302 5639 1357 5689 ν,
1389 5623 1477 5689 57,
1528 5622 1619 5695 38.~
1656 5622 1703 5655 "
1732 5621 1938 5677 Exod.‘

2043 5636 2067 5696 ἠ
2096 5618 2185 5686 ω’
2226 5619 2314 5695 ηε
