3996 6212
283 259 394 314 597

1001 254 1087 310 DE
1124 254 1568 314 ADORATIONE
1604 253 1674 310 IN
1713 248 1985 308 SPIRITU
2035 250 2122 306 ET
2163 253 2530 311 VERlTATE.
2573 257 2704 312 LIB.
2746 257 2862 341 lX.‘

3457 265 3564 326 598

289 366 592 443 μαρτύρια,
623 365 720 418 καὶ
762 363 844 426 τίς
874 364 907 434 ἡ
943 359 1118 430 ξύλων
1159 366 1420 437 ἀσήπτων
1459 365 1651 436 γέγονε
1693 365 1872 438 χρεία.

1980 367 2095 416 rate
2138 364 2544 436 pervestigare,
2591 365 2843 423 fortassis
2889 368 3135 427 inveniet
3198 371 3290 430 ille
3337 377 3559 448 quidem

288 459 358 514 Τί
382 458 430 512 δ’
463 457 532 512 ἂν
567 453 810 526 βούλοιτο
834 455 1048 526 δηλοῦν,
1084 457 1180 510 καὶ
1202 459 1269 530 τῇ
1303 457 1520 531 κιϐωτῷ
1544 458 1606 512 τὸ
1627 459 1872 531 χρυσίον,

289 551 360 606 τὰ
381 549 520 611 τέως
541 549 599 602 ἐν
623 546 777 614 τάξει
802 547 991 618 χρείας
1011 565 1072 600 τε
1099 549 1194 602 καὶ
1219 549 1427 620 κόσμου
1459 549 1872 620 συντεθειμένα,

293 639 537 712 κυμάτια
575 637 641 706 δὴ
673 635 838 707 λέγω,
877 636 1154 710 στρεπτὰ,
1187 638 1414 712 κρίκους
1453 657 1512 694 τε
1543 640 1635 695 καὶ
1667 641 1874 710 άναφο-

295 732 443 805 ρέας,
489 731 538 782 εί
580 726 1002 800 περιεργάζοιτο
1032 728 1235 801 τυχὸν,
1282 730 1520 803 σκληρὸν
1558 731 1782 803 εὑρήσει
1813 731 1875 785 τὸ

292 820 502 893 χρῆμα.
543 818 654 874 Καὶ
699 816 858 887 λόγον
900 817 1080 882 αὐτοῖς
1127 817 1440 890 ἐφαρμόσαι
1471 818 1562 872 τὸν
1613 817 1876 890 μυστικὸν

290 914 392 966 οὐκ
420 911 594 980 ἔχων,
634 909 1057 981 περιττοεπήσει
1093 910 1235 982 τάχα
1269 928 1372 966 που
1397 950 1414 975 ,
1459 911 1554 964 καὶ
1594 911 1750 983 ὄχλον
1793 913 1874 966 εί-

293 1002 463 1058 καίων
486 1000 849 1073 ὲπισωρεύσει
881 999 1165 1072 ῥημάτων,
1200 1003 1321 1066 ταῖς
1347 1000 1458 1055 τῶν
1481 1000 1876 1072 φιλομαθεστέ-

293 1113 403 1168 ρων
447 1095 661 1157 ἀκοαῖς.
710 1091 940 1164 Ἀληθὴς
983 1092 1042 1146 δὲ
1086 1093 1220 1165 ἡμῖν
1247 1094 1276 1147 6
1318 1093 1477 1163 λόγος
1523 1094 1625 1149 οὐκ
1674 1095 1765 1149 ἐπί
1794 1113 1875 1151 τοι

295 1188 464 1258 μόνης
503 1186 602 1258 τῆς
631 1183 867 1240 κιϐωτοῦ
897 1184 1079 1257 τυχὸν,
1116 1183 1412 1256 προσθείην
1445 1185 1490 1239 δ’
1534 1185 1602 1240 ἂν
1650 1186 1733 1240 ὅτι
1778 1189 1874 1244 καὶ

292 1279 383 1333 turi
416 1297 481 1349 γε
504 1279 616 1334 τῶν
643 1277 843 1344 ἄλλων,
877 1277 913 1332 ἀ
943 1276 1008 1349 δὴ
1033 1277 1286 1346 γενέσθαι
1310 1281 1700 1352 προστέταχεν.

361 1534 574 1588 ΠΛΛΛ.
623 1534 738 1589 Οὐκ
781 1535 1022 1591 ἀπίθανά
1070 1555 1164 1609 μοι
1216 1538 1393 1606 δοκεῖς
1440 1542 1771 1599 διανοεῖσθαί
1815 1565 1874 1602 τε

293 1627 385 1680 καὶ
420 1626 618 1695 λέγειν.
662 1628 952 1699 Τοιγάρτοι
1002 1631 1186 1701 μεθεὶς
1223 1632 1282 1686 τό
1313 1651 1377 1702 γε
1419 1631 1584 1707 ἧκον,
1631 1639 1706 1702 ὡς
1743 1640 1873 1711 φὴς,

291 1722 370 1782 είς
405 1720 755 1791 συμμετρίαν
791 1738 850 1774 τε
887 1723 979 1776 καὶ
1005 1724 1215 1795 χρείαν,
1237 1727 1404 1798 ἡγουν
1424 1731 1506 1792 είς
1533 1730 1739 1801 κόσμον
1763 1733 1872 1786 τῶν

289 1812 780 1885 ἀποτελεσμάτων,
824 1815 913 1869 ἐπ’
958 1817 1092 1871 αὐτὸ
1121 1819 1359 1875 διάττειν
1399 1822 1623 1891 ἐπείγου
1661 1824 1722 1878 τὸ
1760 1829 1874 1890 τοῖς

289 1903 673 1976 θεωρήμασιν,
720 1907 1039 1976 ἀναγκαῖον,
1093 1909 1238 1965 τοῦτ’
1292 1911 1440 1980 ἐστι,
1491 1915 1614 1969 τίνα
1670 1919 1873 1988 τρόπον

287 1997 455 2060 αὐτὸς
485 1999 617 2069 ἡμῖν
664 1999 693 2052 6
725 2001 962 2072 Χριστὸς
997 2005 1327 2075 σημαίνεται
1357 2005 1446 2060 διά
1485 2007 1594 2061 τῶν
1627 2010 1871 2082 παραδεο

285 2088 622 2160 δειγμένων,
678 2092 797 2163 ἦτοι
852 2099 1413 2169 κατεσκευασμένων,
1471 2100 1704 2172 ἀμελητὶ
1755 2103 1872 2157 δια-

289 2193 474 2247 σαφει.

358 2270 524 2325 ΚΥΡ.
583 2273 812 2340 Οὐκοῦν,
872 2275 985 2346 ἐγὼ
1017 2279 1136 2351 μὲν,
1163 2280 1240 2345 ὡς
1277 2281 1354 2338 ἔνι
1415 2286 1623 2354 φράσαι
1659 2304 1718 2340 τε
1780 2289 1874 2343 καὶ

290 2360 454 2421 νοεῖν,
485 2362 838 2434 πειράσομαι,
873 2368 1304 2440 Διαμαρτάνοντι
1325 2372 1384 2426 δέ
1423 2375 1468 2428 τ’
1496 2375 1749 2447 ἀληθοῦς.
1777 2379 1874 2433 καὶ

292 2453 443 2520 μεῖον
477 2451 509 2522 ἢ
543 2452 650 2526 χρὴ
695 2458 762 2528 τῇ
815 2458 925 2511 τῶν
965 2459 1257 2530 νοημάτων
1313 2464 1556 2537 ὑπεροχῇ
1600 2469 1875 2539 προσϐάλ-

288 2542 452 2610 λοντι,
509 2547 850 2620 συγγνώμων
897 2551 1008 2607 ἔσο.
1040 2552 1114 2606 Τὸ
1148 2553 1258 2626 γάρ
1285 2555 1343 2609 ὲν
1389 2558 1640 2631 ἐσόπτρῳ
1685 2578 1743 2615 τε
1776 2565 1873 2617 καὶ

288 2635 575 2706 αἰνίγματι
599 2638 844 2710 βλέπειν,
879 2643 1249 2716 ἀποσφήλειεν
1277 2647 1343 2701 ἂν
1375 2647 1488 2702 ἔσθ’
1513 2651 1602 2705 ὅτε
1647 2654 1743 2707 καὶ
1781 2656 1872 2710 τὸν

289 2725 493 2798 ἀκριϐῆ
528 2745 586 2781 τε
610 2730 703 2784 καὶ
730 2731 979 2805 ἔμφρονα
1009 2735 1156 2793 νοῦν.

361 2818 571 2875 ΠΛΛΛ.
608 2817 682 2874 Εὖ
713 2821 912 2891 λέγεις.

358 2911 524 2967 ΚΥΡ.
569 2913 633 2967 Ἦ
662 2915 894 2981 κιϐωτὸς
922 2919 1078 2989 ἡμῖν,
1105 2913 1152 2974 ὧ
1181 2919 1468 2991 Παλλάδιε,
1495 2926 1664 2994 τόπος
1688 2930 1754 2985 ἂν
1785 2933 1870 3005 εἴη

1977 452 2108 520 quid
2145 453 2217 509 sit
2253 471 2401 521 arca,
2433 457 2636 527 quidve
2675 459 2989 516 testimonia
3023 478 3146 534 quae
3184 464 3243 521 in
3279 481 3344 522 ea
3381 471 3562 527 conti-

1976 543 2272 612 nebantur,
2297 547 2499 618 quidve
2529 565 2662 606 usus
2685 551 3110 623 imputribilium
3139 555 3416 629 lignorum
3443 563 3565 620 fue-

1978 637 2068 691 rit.
2096 637 2204 693 Sed
2231 648 2412 696 tamen
2437 641 2570 712 quid
2601 643 2708 699 sibi
2744 644 2878 700 velit
2911 645 3046 702 illud
3083 648 3140 705 in
3178 667 3307 708 arca
3337 669 3576 724 aurum,‘

1975 727 2179 798 quidve
2215 746 2280 786 ea
2306 747 2428 802 quae
2471 731 2696 788 interim
2740 735 2811 791 ad
2856 753 3018 793 usum
3047 741 3168 813 ejus
3207 751 3265 799 et
3299 755 3556 815 ornatum

1976 820 2278 890 composita
2310 831 2458 890 sunt,
2486 825 2739 896 cymatia,
2768 826 3010 900 inquam,
3037 841 3091 887 et
3120 836 3417 904 versatilia,
3445 841 3557 895 cir-

1976 910 2088 965 culi
2121 911 2288 968 etiam
2310 930 2374 970 ac
2397 923 2604 984 vectes,
2626 917 2674 974 si
2700 920 2973 977 curiosius
2999 925 3273 995 exquirat,
3321 928 3558 985 arduum

1977 1016 2042 1058 ac
2076 1002 2295 1060 diﬂicile
2321 1021 2460 1076 opus
2484 1007 2746 1064 inveniet.
2772 1010 2908 1068 Cum
2931 1013 3116 1084 itaque
3141 1018 3426 1089 mysticam
3477 1036 3565 1074 ra-

1977 1093 2183 1151 tionem
2221 1096 2332 1154 illis
2367 1107 2556 1170 aptare
2585 1112 2844 1186 nequeat,
2870 1121 3278 1176 supervacaneo
3305 1126 3566 1169 sermone
3616 1170 3622 1186 λ

1978 1185 2313 1244 redundabit
2355 1189 2607 1257 fortasse,
2655 1204 2712 1250 et
2766 1177 3013 1251 inanium
3056 1199 3351 1257 verborum
3396 1201 3563 1260 turba

1977 1279 2351 1336 studiosorum
2377 1298 2542 1340 aures
2584 1286 2859 1341 onerabit.
2899 1287 3089 1360 quue,
3115 1292 3264 1361 quod
3303 1293 3559 1364 dicimus,

1977 1387 2088 1427 non
2114 1374 2172 1428 in
2203 1389 2332 1430 arca
2355 1377 2468 1431 sola
2491 1393 2683 1433 verum
2709 1387 2814 1446 est,
2845 1380 2939 1436 sed
2970 1381 3024 1436 in
3055 1383 3183 1439 aliis
3221 1386 3387 1442 etiam
3439 1404 3562 1458 quae

1978 1463 2098 1520 ﬁeri
2117 1466 2302 1535 jussit.

2047 1555 2244 1611 PALL.
2286 1557 2418 1613 Mihi
2451 1575 2584 1615 vero
2619 1577 2733 1618 non
2771 1563 3011 1622 absurde
3040 1571 3247 1626 sentire
3282 1587 3348 1627 ac
3377 1573 3566 1634 dicere

1977 1639 2204 1697 videris.
2231 1643 2392 1716 293
2417 1645 2608 1718 Igitur,
2646 1650 2716 1706 iis
2753 1656 3138 1721 praetermissis
3172 1675 3295 1729 qua:
3325 1659 3392 1716 ad
3426 1679 3560 1724 con-

1976 1735 2287 1804 gruentiam
2329 1746 2387 1793 et
2425 1756 2607 1807 usum,
2643 1750 2706 1797 ut
2730 1743 2891 1811 dicis,
2917 1763 3014 1802 seu
3044 1759 3301 1806 ornatum
3331 1768 3562 1823 operum

1977 1826 2278 1895 pertinent,
2306 1830 2374 1884 ad
2411 1847 2475 1886 ea
2511 1834 2698 1902 potius
2733 1838 3054 1907 explicanda
3080 1858 3267 1914 perge,
3290 1861 3411 1914 quae
3434 1855 3564 1901 sunt

1975 1917 2044 1973 ad
2089 1922 2611 1992 contemplationem
2659 1931 2994 1996 necessaria,
3038 1932 3092 1987 id
3140 1943 3244 2001 est,
3286 1938 3564 2006 quomodo

1976 2009 2138 2064 nobis
2177 2009 2432 2069 Christus
2477 2015 2594 2086 ipse
2637 2033 2738 2088 per
2776 2035 2841 2075 ea
2885 2037 3027 2092 quae,
3065 2025 3152 2079 vel
3193 2035 3433 2093 ostensa,
3475 2029 3564 2085 vel

1975 2115 2144 2170 opere
2171 2103 2420 2172 perfecta
2449 2116 2600 2173 sunt,
2631 2109 2996 2181 signiﬁcetur,
3027 2114 3080 2169 id
3114 2132 3246 2172 vero
3272 2117 3392 2175 sine
3423 2136 3564 2174 cun-

1975 2191 2217 2247 ctatione
2250 2196 2482 2264 explica.

1975 2468 2160 2524 minus
2184 2485 2350 2538 quam
2387 2482 2662 2542 oporteat,
2695 2492 2957 2532 sensuum
3001 2484 3373 2549 praestantiam
3416 2500 3569 2541 asse-
3601 2539 3606 2542 .

1976 2568 2139 2616 cutus
2164 2559 2342 2629 fuero,
2368 2565 2587 2619 veniam
2617 2566 2778 2622 dabis
2805 2586 2817 2621 :
2846 2585 2974 2623 nam
2997 2571 3124 2640 quia
3154 2571 3209 2625 in
3257 2575 3479 2644 speculo
3505 2581 3567 2631 et

1974 2653 2264 2724 aenigmate
2307 2655 2582 2723 videmus,
2626 2657 2864 2714 eilicitur
2907 2677 3302 2734 nonnunquam
3375 2676 3434 2722 ut
3474 2673 3563 2728 vel

1975 2745 2222 2816 prudens
2247 2755 2304 2802 et
2329 2747 2563 2820 diligens
2591 2749 2809 2806 animus
2838 2751 3076 2808 labatur.

2046 2837 2246 2894 PALL.
2289 2839 2458 2896 Recte
2486 2840 2646 2898 dicis.

2048 2927 2206 2983 CYR.
2247 2928 2390 2984 Area
2432 2929 2623 3002 igitur,
2651 2933 2884 3001 Palladi,
2914 2944 2976 2992 ut
3010 2953 3114 3008 ego
3158 2940 3358 3006 sentio,
3384 2941 3562 3014 imago

287 3006 382 3059 καὶ
429 3005 594 3060 εἰκὼν
637 3007 731 3064 τοῦ
762 3009 1023 3078 Χριστοῦ.
1061 3013 1166 3068 Τδν
1210 3015 1320 3088 γάρ
1364 3019 1464 3090 τῆς
1513 3023 1867 3096 ἐνανθρωπή-

1975 3034 2040 3074 ac
2088 3018 2260 3090 ﬁgura
2301 3018 2508 3076 Christi
2552 3031 2676 3078 est:
2709 3040 2858 3091 nam,
2911 3028 2956 3081 si
3007 3029 3422 3088 consideremus
3455 3049 3566 3104 qua

289 3115 427 3164 σεως
455 3099 550 3154 τοῦ
577 3099 920 3172 Μονογενοῦς
945 3105 1414 3179 ἀνασκοπούμενοι
1447 3115 1670 3184 τρόπον,
1693 3119 1870 3176 καθά-

288 3207 397 3263 περ
447 3193 506 3248 ὲν
541 3193 760 3266 κιϐωτῷ
803 3195 882 3266 τῷ
917 3199 981 3250 ἐκ
1021 3198 1300 3271 Παρθένου
1351 3205 1463 3275 ναῷ
1502 3207 1592 3260 τὸν
1625 3211 1689 3264 ὲκ
1736 3212 1871 3266 Θεοῦ

290 3284 504 3354 Πατρὸς
530 3279 702 3352 Λόγον
748 3286 1136 3359 ὲνηυλισμένον
1203 3291 1466 3366 ὀψόμεθα.
1508 3318 1526 3351 ι
1564 3300 1870 3374 Κατῴκησε

287 3375 397 3446 γὰρ
451 3377 510 3429 ἐν
556 3374 708 3448 αὐτῷ
756 3380 866 3434 πᾶν
908 3381 970 3433 τὸ
1003 3381 1276 3454 πλήρωμα
1327 3389 1426 3459 τῆς
1465 3387 1718 3463 θεότητος
1769 3411 1872 3448 cm-

290 3468 560 3540 ματικῶς,
595 3488 613 3520 ι
666 3470 810 3525 κατά
840 3471 941 3536 τὰς
977 3473 1220 3544 Γραφάς.
1246 3478 1419 3548 Λόγος
1437 3481 1492 3536 δὲ
1515 3477 1584 3554 ἦν
1616 3483 1774 3549 Θεοῦ,
1804 3487 1872 3542 τὰ

286 3562 345 3617 ἐν
371 3564 439 3632 τῇ
471 3561 690 3633 κιϐωτῷ
733 3563 1033 3635 μαρτύρια.
1070 3567 1180 3620 Καὶ
1210 3569 1431 3640 άσηπτα
1463 3573 1562 3643 μὲν
1607 3571 1674 3648 ἦν
1700 3577 1871 3648 αὐτῆς

285 3652 356 3706 τά
397 3653 550 3720 ξύλα,
598 3654 788 3726 χρυσῷ
835 3655 892 3708 δὲ
941 3657 1022 3729 τῷ
1076 3660 1303 3733 καθαρῷ
1359 3665 1453 3718 καὶ
1513 3665 1871 3744 δοκιμωτάτῳ

287 3746 739 3812 κατεκαλλύνετο,
789 3748 994 3804 ἐσωθέν
1045 3769 1107 3806 τε
1153 3755 1250 3807 καὶ
1303 3755 1522 3821 ἔξωθεν.
1560 3761 1870 3836 ’Δφθαρτον

286 3839 392 3909 γὰρ
423 3839 484 3892 τὸ
510 3840 669 3912 σῶμα
708 3842 969 3912 Χριστοῦ,
1005 3845 1258 3920 καθάπερ
1292 3852 1400 3905 τινὶ
1430 3854 1640 3926 χρυσῷ,
1665 3860 1733 3928 τῇ
1772 3858 1868 3914 τοῦ

285 3931 619 3997 ἐνοικοῦντος
663 3933 840 4004 Λόγου
890 3935 1118 4008 δυνάμει
1177 3940 1273 3994 καὶ
1335 3940 1726 4017 λαμπρότητι,
1773 3950 1870 4006 καὶ

284 4025 348 4094 τῇ
407 4022 500 4077 τοῦ
571 4024 728 4095 άγίου
797 4027 1116 4099 Πνεῦματος
1193 4033 1354 4101 φύσει
1436 4035 1530 4089 καὶ
1607 4038 1863 4112 ἐνεργείᾳ

286 4113 572 4187 ζωοποιῷ,
632 4117 772 4188 πρὸς
825 4119 1137 4193 ἀφθαρσίαν
1202 4124 1692 4200 διακρατούμενον.
1767 4133 1868 4188 Διά

284 4205 390 4276 γάρ
419 4221 501 4258 τοι
538 4205 696 4260 τοῦτο
725 4206 822 4262 καὶ
868 4208 1156 4274 ζωοποιεῖν
1198 4211 1415 4280 λέγεται
1445 4215 1703 4286 Χριστός.
1742 4219 1866 4290 Ζωὴ

281 4292 390 4363 γάρ
422 4291 498 4349 ὦν
528 4295 669 4348 κατά
699 4295 860 4366 φύσιν
887 4299 916 4351 6
948 4299 1013 4352 ἐκ
1039 4297 1178 4353 Θεοῦ
1206 4301 1419 4374 Πατρὸς
1451 4305 1643 4374 Λόγος,
1675 4309 1742 4380 τῇ
1772 4309 1866 4362 δυο

1974 3109 2188 3165 ratione
2213 3109 2308 3166 ille
2332 3110 2662 3182 Unigenitus
2683 3113 2757 3168 sit
2784 3113 2950 3170 homo
2973 3116 3170 3183 factus,
3196 3118 3330 3174 illud
3355 3136 3424 3177 ex
3450 3121 3566 3178 Deo

1973 3199 2134 3255 Patre
2163 3199 2406 3254 Verbum
2441 3201 2498 3256 in
2527 3217 2596 3257 eo
2626 3205 2850 3274 templo,
2879 3206 3026 3275 quod
3059 3223 3127 3262 ex
3161 3206 3386 3282 Virgine
3414 3227 3566 3268 sum-

1972 3291 2101 3361 psit,
2124 3299 2382 3361 tanquam
2415 3293 2472 3348 in
2497 3309 2626 3349 arca
2649 3295 2988 3352 diversatum
3010 3299 3183 3356 fuisse
3204 3302 3519 3361 videbimus
3544 3323 3561 3361 :

1979 3402 1998 3433 ι
2041 3383 2320 3438 Habitavit
2351 3385 2500 3441 enim
2540 3386 2598 3441 in
2632 3401 2702 3442 eo
2737 3389 2919 3446 omnis
2940 3391 3228 3461 plenitudo
3255 3393 3564 3452 divinitatis

1971 3475 2336 3545 corporaliter
2361 3476 2428 3543 ⁸⁸,
2462 3496 2480 3528 ι
2527 3485 2589 3532 ιιι
2619 3480 2890 3550 scriptum
2939 3492 3046 3538 est.
3087 3483 3331 3540 Verbum
3374 3495 3564 3543 autem

1970 3565 2070 3620 Dei
2097 3574 2258 3622 erant
2297 3566 2390 3623 illa
2437 3569 2494 3623 in
2537 3585 2666 3625 arca
2696 3571 3046 3641 testimonia;
3075 3589 3144 3630 ac
3169 3575 3314 3647 ligna
3335 3578 3563 3648 quidem

1970 3673 2114 3714 arca:
2149 3659 2512 3731 imputribilia
2555 3669 2734 3728 erant,
2765 3679 2902 3720 auro
2930 3665 3097 3720 etiam
3139 3670 3438 3738 purissimo
3494 3682 3563 3728 ac

1970 3753 2364 3824 probatissimo
2410 3756 2650 3812 interius
2713 3766 2770 3813 et
2813 3759 3057 3815 exterius
3100 3768 3290 3817 ornata
3324 3780 3338 3815 :
3375 3763 3560 3818 incor-

1971 3846 2235 3916 ruptibile
2278 3863 2518 3919 namque
2558 3858 2682 3905 erat
2720 3849 2928 3906 Christi
2959 3868 3187 3923 corpus,
3214 3854 3361 3924 quod
3392 3855 3447 3910 vi
3478 3863 3563 3910 at-

1969 3953 2076 4007 que
2135 3939 2431 4010 splendore
2479 3940 2650 3996 Verbi
2709 3941 3093 4009 inhabitantis,
3130 3953 3188 4000 et
3244 3945 3565 4010 viviﬁcante-

1969 4031 2145 4086 sancti
2190 4030 2434 4102 Spiritus
2473 4040 2673 4088 natura
2719 4041 2886 4104 atque
2923 4035 3251 4102 eﬂicientia,
3296 4043 3560 4108 tanquam

1968 4139 2104 4179 auro
2149 4123 2388 4194 quodam
2430 4123 2487 4179 in
2525 4126 2942 4195 incorruptione
2976 4128 3398 4185 contineretur:
3426 4147 3566 4196 nam,

1967 4217 2040 4272 ob
2083 4231 2208 4271 eam
2253 4229 2476 4271 causam
2513 4215 2796 4279 vivificare
2837 4219 3005 4274 etiam
3037 4217 3292 4277 Christus
3319 4222 3562 4290 dicitur;

1969 4324 2096 4364 cum
2125 4308 2276 4364 enim
2312 4307 2447 4362 illud
2485 4323 2553 4363 ex
2584 4307 2698 4362 Deo
2732 4309 2895 4364 Patre
2937 4311 3183 4367 Verbum
3223 4323 3415 4385 suapte
3453 4332 3558 4373 na-,

281 4383 443 4454 νάμει
492 4383 588 4438 τοῦ
665 4384 794 4441 ἰδίου
849 4387 1162 4460 πνεύματος
1209 4391 1302 4446 τὸν
1353 4391 1484 4449 ἴδιον
1528 4396 1693 4460 αὐτὸς
1765 4399 1862 4453 άν-

1975 4407 2094 4453 tura
2121 4398 2233 4453 vita
2259 4404 2427 4463 esset,
2461 4397 2548 4453 sui
2575 4396 2804 4468 spiritus
2834 4397 2890 4453 vi
2918 4414 3081 4455 suum
3118 4403 3382 4472 templum
3410 4404 3558 4459 vivi-

168 4548 176 4557 ἱ
279 4471 566 4537 εζωοποίει
588 4475 738 4541 ναὸν,
757 4476 964 4551 φθορᾶς
987 4479 1250 4556 ἀνωτέρω
1270 4483 1488 4550 τιθείς.ι
1511 4487 1575 4540 Ἦ
1591 4487 1700 4561 γάρ
1727 4490 1864 4563 σὰρξ

280 4566 446 4620 αὐτοῦ
497 4569 598 4622 οὐκ
641 4566 752 4623 οἶδε
807 4570 1148 4652 διαφθορὰν,
1197 4593 1217 4628 ›
1267 4577 1412 4632 κατὰ
1437 4579 1536 4651 τὴν
1568 4581 1662 4639 τοῦ
1703 4583 1860 4652 ἁγίου

280 4659 494 4713 Παύλου
540 4663 747 4734 φωνήν.
789 4650 1138 4735 Προσεφώνει
1186 4666 1243 4721 δέ
1282 4686 1384 4723 που
1433 4650 1528 4731 καὶ
1567 4650 1858 4740 Ἰουδαίοις,

280 4753 407 4821 περὶ
438 4751 533 4806 τοῦ
571 4753 704 4808 ίὸίου
755 4754 1029 4826 σώματος·
1064 4777 1083 4810 ι
1107 4759 1326 4815 Λύσατε
1369 4761 1463 4817 τὸν
1498 4763 1625 4817 ναὸν
1647 4765 1860 4832 τοῦτον,

279 4844 368 4915 καὶ
415 4845 472 4897 έν
499 4846 678 4916 τρισὶν
706 4847 942 4920 ἡμέραις
977 4851 1156 4923 ἐγερῶ
1199 4852 1394 4907 αὐτόν’
1440 4873 1458 4906 ι
1493 4854 1588 4910 καὶ
1631 4855 1739 4927 μὴν
1773 4857 1865 4910 καὶ

277 4935 306 4987 6
344 4934 552 5007 Πέτρος
591 4937 1001 5007 τεθανατῶσθαι
1051 4943 1149 5015 μὲν
1215 4946 1400 5017 σαρκὶ,
1451 4949 1634 5017 φησὶν,
1677 4949 1862 5014 αὐτὸν,

277 5025 682 5099 ἐζωοποιῆσθαι
731 5031 790 5085 δὲ
841 5034 1137 5105 πνεύματι.
1191 5036 1468 5108 Σύμϐολον
1497 5034 1590 5094 οὖν
1617 5041 1726 5111 ἄρα
1760 5041 1863 5111 τῆς

278 5117 674 5192 ὑπερλάμπρου
733 5121 1013 5195 θεότητος,
1060 5129 1089 5180 6
1115 5129 1339 5198 χρυσὸς,
1378 5130 1860 5205 ὲπαληλειμμένης

277 5206 465 5280 ὥσπερ
495 5211 574 5281 τῷ
604 5213 747 5284 ἁγίῳ
799 5213 1037 5287 σώματι,
1071 5220 1166 5273 καὶ
1207 5221 1308 5292 τὴν
1358 5221 1493 5276 ίδίαν
1523 5224 1690 5278 αὐτοῦ
1727 5224 1863 5297 λαμ-

279 5298 529 5370 πρότητά
554 5319 613 5355 τε
644 5304 741 5358 καὶ
771 5305 1084 5378 ἀφθαρσίαν
1109 5309 1350 5382 ένιείσης
1381 5314 1734 5387 ἀπορρήτως,
1764 5317 1863 5370 καὶ

281 5389 355 5452 ὡς
400 5393 538 5465 αὐτή
584 5412 688 5449 που
727 5397 861 5469 μόνη
891 5400 984 5452 καὶ
1007 5401 1129 5454 καθ’
1173 5402 1373 5474 ἑαυτὴν
1431 5407 1464 5473 ἡ
1514 5407 1632 5461 θεία
1679 5427 1738 5462 τε
1771 5409 1863 5462 καὶ

283 5481 419 5554 ὑπὲρ
449 5487 574 5539 νοῦν
601 5489 887 5545 ἐπίσταται
909 5492 1089 5561 φύσις.
1113 5493 1175 5546 Εἰ
1208 5494 1314 5566 γὰρ
1355 5514 1372 5546 ι
1407 5498 1470 5550 Οἱ
1490 5499 1689 5553 δίκαιοι
1723 5503 1860 5555 κατᾶ

351 5664 397 5696 ⁸⁸
432 5667 639 5723 Coloss.
670 5685 726 5734 ιι,
746 5669 796 5722 9.

1970 4488 2190 4553 ﬁcabat,
2218 4494 2384 4557 atque
2421 4494 2485 4542 ut
2519 4487 2894 4558 corruptionis
2928 4503 3128 4560 expers
3157 4499 3323 4556 esset,
3348 4492 3556 4549 etlicie-

1969 4580 2082 4636 bat.
2120 4599 2138 4632 ι
2170 4579 2312 4637 Caro
2348 4580 2496 4636 enim
2532 4581 2654 4652 ejus
2683 4596 2795 4636 non
2819 4580 2960 4637 vidit
2990 4582 3404 4653 corruptionem
3427 4586 3496 4652 ⁸⁸,
3527 4605 3558 4639 ι,

1963 4673 2120 4743 juxta
2160 4672 2309 4728 beati
2344 4672 2495 4728 Pauli
2526 4688 2740 4728 vocem.
2769 4673 3126 4745 Loquebatur
3155 4674 3324 4730 etiam
3354 4676 3423 4732 ad
3453 4678 3564 4734 Ju-.

1966 4767 2114 4822 dzeos
2136 4765 2205 4821 de
2232 4780 2465 4838 corpore
2490 4781 2593 4821 suo
2620 4783 2634 4820 :
2669 4785 2688 4817 ι
2721 4765 2929 4823 Solvite
2963 4769 3228 4838 templum
3263 4768 3392 4836 hoc,
3416 4780 3473 4826 et
3499 4771 3563 4834 in.

1967 4858 2150 4912 tribus
2180 4856 2382 4913 diebus
2420 4856 2676 4912 excitabo
2699 4857 2835 4913 illud
2862 4859 2926 4914 ’°.
2951 4879 2988 4911 ξ»
3018 4859 3328 4928 Quinetiam
3354 4862 3555 4927 Petrus

1966 4949 2122 5006 illum
2153 4949 2378 5020 quidem
2418 4964 2589 5005 carne
2632 4950 3022 5007 mortiﬁcatum
3054 4953 3152 5020 ait,
3183 4954 3278 5010 sed
3309 4955 3554 5021 viviﬁcag

1965 5053 2084 5098 tum
2122 5043 2319 5113 spiritu
2346 5043 2412 5098 “.
2459 5041 2778 5114 Symbolum
2817 5053 2904 5098 est
2940 5045 3108 5116 igitur
3132 5061 3330 5103 aurum
3368 5049 3550 5122 ipsum

1964 5136 2422 5208 Splendidissimae
2443 5135 2771 5202 divinitatis,
2789 5153 2896 5209 qua
2918 5147 3167 5194 sanctum
3191 5141 3326 5196 illud
3349 5159 3566 5214 corpus.

1967 5229 2139 5284 veluti
2174 5227 2373 5283 illitum
2400 5235 2539 5294 erat,
2567 5244 2800 5299 quaeque
2831 5247 2994 5286 suum
3030 5230 3149 5302 ipsa
3196 5234 3547 5304 splendorem

1966 5328 2024 5376 et
2061 5319 2530 5390 incorruptionem
2569 5321 2926 5378 ineil'abilitcr
2959 5323 3310 5388 immittebat,
3342 5331 3402 5378 ut
3433 5324 3568 5392 ipsa.

1967 5411 2216 5482 profecto
2245 5413 2384 5479 sola,
2409 5423 2465 5469 et
2491 5415 2713 5483 quidem
2749 5430 2849 5484 per
2877 5431 2934 5470 se
2961 5415 3114 5470 novit
3139 5415 3325 5470 divina
3358 5415 3469 5477 illa,
3494 5424 3548 5470 et

1969 5523 2088 5574 quae
2121 5506 2540 5576 intelligentiam
2584 5524 2803 5565 omnem
2845 5490 3088 5577 superat,
3129 5516 3345 5562 natura.
3386 5507 3548 5574 Nam,

877 5668 1065 5727 “Art.
1111 5691 1166 5738 ιι,
1202 5675 1288 5728 51.
1369 5675 1588 5743 "’Joan.
1633 5695 1692 5744 ιι,
1729 5679 1812 5741 19,
1897 5680 1935 5710 ⁹¹
1994 5679 2186 5748 U‘etr.
2233 5679 2433 5745 "1,18.
