3996 6212
404 290 505 350 599

1431 274 1484 331 S.
1526 269 1799 330 CYRILLI
1841 256 2310 321 ALEXANDBINI
2349 248 2668 310 ARClllEP.

3558 238 3660 298 ϐω

403 411 449 464 si
485 431 501 462 ι
534 407 674 464 Justi
701 386 997 477 aliquando
1038 397 1325 470 fulgebunt
1374 402 1434 450 ut
1472 394 1553 449 sol
1592 393 1649 446 in
1687 404 1858 461 regno
1880 387 1981 442 Pa-

2105 379 2309 450 ιαιροίις
2343 370 2714 443 ἐκλάμψουσιν
2753 365 2831 429 ὡς
2852 365 2894 418 -ό
2923 363 3073 434 ἣλιος
3105 361 3162 414 ἐν
3192 362 3258 432 τῇ
3289 357 3541 431 βασιλείᾳ
3566 357 3667 413 τοῦ

2105 471 2129 477 _
2241 467 2255 477 .
2396 465 2408 477 .
2461 463 2487 476 ..
2695 459 2708 477 ν
2791 457 2940 477 ..-μη
2997 454 3182 477 π---ι-,
3227 455 3257 477 ,ι
3312 451 3476 477 _.~__-.-_
3539 451 3664 477 υς,

403 502 506 556 tris
544 501 630 557 sui
659 501 726 560 ",
762 517 780 550 ι
817 498 928 568 jam
952 500 1156 563 quanta
1193 490 1300 544 erit
1337 486 1512 558 ipsius
1533 483 1740 541 Christi
1775 479 1915 553 glori

1919 478 1983 534 a?
2085 467 2297 540 Πατρδς
2349 463 2550 527 αὐτῶν,
2600 481 2618 512 ι
2655 459 2750 523 τίς.
2791 457 2945 510 ἔσται
2997 454 3182 508 λοιπὸν
3227 455 3261 524 ή
3308 451 3478 506 αὐτοῦ
3537 451 3672 516 δόξα

402 590 567 664 294
590 541 875 657 Quomodo
910 541 1019 640 ndn
1053 593 1109 638 et
1142 578 1558 652 intelligentiam
1589 586 1644 632 et
1675 575 1982 631 orationem

2105 556 2358 632 (ptotoﬁ;
2415 553 2541 618 Πῶς
2583 551 2639 606 δέ
2677 551 2740 603 οὐ
2777 547 2872 601 νοῦ
2903 546 2997 600 καὶ
3033 544 3192 613 λόγου
3227 542 3373 614 πέρα
3402 541 3603 605 παντὸς
3631 543 3668 612 ἡ

2105 654 2109 664 ι
2149 653 2166 664 .
2275 650 2288 664 ι
2434 648 2479 664 υ
2566 645 2644 664 --ν
2692 641 2745 664 9L
2791 639 2889 664 -.ιη
2936 637 3044 664 --.Ω-
3061 635 3169 664 .-λη
3211 633 3424 664 κιιλιιορρ
3463 635 3668 664 λιιι-,ηιμ

401 701 623 743 omnem
661 681 835 737 vincit
870 679 962 734 ille
992 674 1204 747 fulgor?
1235 672 1403 729 Aurei
1428 670 1592 725 etiam
1619 676 1750 723 sunt
1774 674 1981 730 vectes,

401 779 497 848 qui
525 790 711 831 arcam
733 771 1031 835 sustinent,
1057 766 1211 824 aurei
1233 773 1290 821 et
1312 763 1526 823 circuli,
1556 775 1723 817 aurea
1745 757 1983 827 denique

401 872 458 925 in
497 886 562 925 ea
599 876 731 924 sunt
765 865 951 922 omnia
979 881 992 917 :
1017 859 1316 934 participes
1345 869 1584 924 namque
1619 853 1769 906 illius
1801 849 1986 921 gloria:

403 969 532 1017 sunt
602 960 697 1031 qui
749 958 906 1014 illum
951 955 1332 1015 circumstant,
1385 947 1574 1017 illique
1621 942 1885 1000 charitate
1931 949 1987 995 et

403 1053 698 1108 sanctitate
735 1060 996 1120 tanquam
1041 1043 1186 1100 aflixi
1224 1049 1374 1105 sunt,
1414 1046 1471 1094 et
1509 1052 1670 1092 usum
1716 1034 1981 1105 praebent.

403 1145 606 1211 Quales
635 1143 714 1198 illi
743 1139 918 1196 sancti
962 1134 1219 1206 discipuli
1261 1138 1442 1196 erant,
1475 1131 1568 1208 qui
1604 1128 1715 1183 vim
1744 1127 1988 1181 divinam

405 1236 474 1290 ab
519 1251 587 1291 eo
641 1230 1006 1304 accipiebant,
1054 1235 1110 1282 et
1161 1239 1413 1296 supernae
1463 1223 1611 1276 illius
1653 1219 1989 1274 excellentiae

407 1326 757 1397 splendorem
806 1332 964 1378 erant
1010 1317 1390 1391 participando
1433 1311 1738 1372 consecuti.
1804 1312 1989 1380 Itaque

409 1415 593 1470 divina
629 1415 783 1486 signa
805 1413 876 1468 ob
898 1427 1020 1467 eam
1046 1423 1268 1464 causam
1293 1406 1551 1462 edebant.

481 1505 681 1561 PALL.
722 1505 892 1559 Recte
915 1517 1047 1557 sane
1072 1500 1232 1557 dicis.

479 1598 638 1653 CYR.
687 1615 706 1647 ι
744 1596 813 1650 Et
833 1601 1035 1664 praeter
1059 1608 1241 1647 arcam
1278 1591 1468 1654 facies,
1504 1608 1520 1637 ›
1558 1586 1766 1658 inquit,
1811 1605 1827 1636 ι
1860 1601 1991 1656 ιιι-ο-Δ

413 1687 777 1758 pitiatorium,
819 1683 1320 1758 superpositionem
1345 1697 1409 1735 ex
1435 1695 1571 1734 auro
1592 1694 1733 1749 puro
1756 1677 1992 1733 duorum

414 1779 730 1834 cubitorum
767 1785 823 1832 et
854 1776 1068 1831 dimidii
1108 1773 1473 1845 longitudine,
1502 1780 1558 1825 et
1599 1769 1769 1825 cubiti
1811 1777 1869 1824 et
1907 1767 1994 1822 di-

416 1869 574 1924 midii
624 1867 939 1923 latitudine.
982 1867 1052 1920 Et
1097 1864 1266 1920 facies
1315 1864 1425 1920 duo
1458 1861 1781 1925 Cherubim,
1827 1874 1996 1913 aurea

415 1961 730 2027 tornatilia;
776 1969 833 2016 et
868 1961 1120 2030 impones
1151 1974 1214 2012 ea
1246 1973 1314 2013 ex
1343 1964 1578 2026 utroque
1607 1955 1778 2009 latere
1805 1952 1995 2022 propi-

418 2051 651 2116 tiatorii,
677 2049 901 2106 Cberub
932 2063 1076 2108 unus
1119 2063 1187 2101 ex
1212 2049 1406 2109 latere,
1433 2054 1488 2100 et
1510 2044 1732 2100 Cberub
1763 2059 1906 2096 unus
1930 2058 1997 2097 ex

416 2145 592 2200 latere
616 2143 791 2198 altero
815 2141 1203 2213 propitiatorii.
1223 2140 1291 2194 Et
1313 2139 1482 2194 facies
1506 2139 1609 2194 bos
1635 2138 1776 2192 duos
1788 2136 2001 2192 Cheru-

417 2236 535 2292 bim
569 2250 741 2306 supra
761 2233 870 2290 duo
903 2234 1101 2299 latera,
1129 2231 1490 2288 extendentes
1515 2246 1710 2289 manus
1739 2244 1998 2299 superne,

418 2328 819 2385 obumbrantes
843 2325 947 2381 alis
972 2324 1087 2380 suis
1113 2339 1283 2394 supra
1307 2324 1773 2395 propitiatorium,
1799 2330 1855 2376 et
1878 2324 2000 2377 vul-

421 2430 513 2476 tus
533 2433 730 2476 eorum,
754 2416 984 2472 alterius
1026 2415 1083 2470 in
1124 2415 1359 2470 alterum
1396 2414 1679 2478 obversos,
1720 2413 1786 2468 ad
1817 2413 2004 2484 propi-

401 2511 706 2566 ‘tiatorium
746 2513 912 2569 erunt
932 2506 1118 2562 vultus
1153 2504 1474 2571 Cberubim,
1499 2514 1556 2560 et
1596 2505 1846 2575 impones
1870 2520 2000 2575 pro-

421 2602 767 2672 pitiatorium
803 2599 862 2653 in
898 2613 1084 2654 arcam
1128 2613 1387 2671 superne,
1413 2605 1469 2651 et
1513 2598 1568 2651 in
1604 2613 1732 2652 arca
1768 2611 2004 2667 repones

422 2694 741 2749 testimonia
779 2707 902 2763 quae
927 2691 1027 2746 tibi
1065 2690 1208 2749 dabo
1241 2699 1336 2744 :et
1373 2706 1674 2761 COgnoscar
1706 2707 1737 2745 a
1770 2697 1822 2744 te
1852 2690 2000 2756 inde,

423 2796 480 2840 et
501 2787 695 2856 loquar
721 2793 905 2840 tecum
941 2799 1108 2854 super
1140 2781 1526 2853 prOpitiatorio
1563 2782 1706 2836 inter
1728 2781 1837 2837 duo
1859 2781 2004 2838 Che-

426 2877 612 2934 rubim
658 2893 782 2952 quas
832 2885 964 2932 sunt
1005 2890 1174 2950 supra
1237 2890 1421 2930 arcam
1465 2874 1806 2940 testimonii,
1849 2876 2005 2946 juxta

426 2966 611 3022 omnia
711 2981 1053 3042 quacunque
1142 2965 1478 3030 mandavero
1557 2964 1660 3020 tibi
1717 2960 1813 3026 ad
1862 2964 2007 3023 ﬁlios

427 3060 593 3116 Israel
615 3058 681 3113 ”.
719 3078 736 3112 ι

499 3304 698 3361 PALL.
735 3303 880 3371 Quid
911 3317 1044 3374 ergo
1073 3302 1516 3373 propitiatorium
1558 3317 1681 3358 esse
1714 3318 1906 3360 censes
1926 3306 1953 3358 ?

498 3398 657 3456 CYR.
699 3397 856 3466 Quod
886 3396 1110 3467 quidem
1142 3396 1208 3452 ad
1238 3395 1477 3452 litteram
1508 3396 1754 3468 pertinet
1797 3407 1855 3453 et
1885 3414 2009 3451 urn-

428 3496 608 3558 bram,
633 3508 702 3549 ex
727 3506 864 3547 auro
895 3505 1038 3561 puro
1063 3489 1270 3545 factum
1302 3499 1442 3553 erat,
1480 3497 1536 3544 et
1573 3489 1833 3560 subjectae
1871 3505 2014 3545 arcas

429 3593 552 3640 erat
586 3584 904 3652 impositum
931 3598 944 3634 :
971 3581 1044 3635 ob
1077 3595 1199 3634 eam
1238 3580 1441 3649 quippe
1471 3593 1690 3633 causam
1741 3593 2010 3648 superpo-

433 3676 562 3732 sitio
591 3676 800 3730 dictum
833 3680 937 3736 est,
967 3671 1036 3725 ad
1068 3670 1218 3740 quod
1257 3685 1382 3724 cum
1427 3669 1680 3724 conversi
1723 3678 1930 3735 essent,
1957 3679 2014 3724 et

434 3767 570 3823 illud
629 3766 977 3836 aspicerent,
1030 3763 1124 3832 qui
1183 3762 1477 3817 sacerdotii
1541 3763 1717 3832 gloria
1772 3763 2015 3834 insignes

433 3864 614 3924 erant,
660 3856 729 3912 ad
770 3855 946 3910 Deum
994 3853 1176 3923 ipsum
1214 3851 1451 3917 obverti,
1483 3868 1723 3924 eumque
1769 3855 2014 3924 aspicere

435 3948 784 4004 videbantur.
839 3944 901 4002 ld
948 3959 1084 4000 vero
1131 3943 1179 3999 si
1233 3943 1596 4013 spiritualiter
1656 3944 2013 4017 intelligatur,

434 4039 882 4112 propitiatorium
913 4053 1034 4094 esse
1056 4037 1305 4094 dicemus
1332 4052 1460 4092 eum
1507 4037 1602 4108 qui
1630 4053 1730 4108 pro
1753 4039 1913 4093 nobis
1934 4048 2018 4095 est

437 4134 604 4187 homo
627 4131 823 4196 factus,
853 4147 872 4182 ι
897 4144 1062 4201 quem
1089 4129 1377 4200 proposuit
1401 4131 1547 4185 Deus
1570 4133 2016 4202 propitiationem

2085 650 2386 723 ἐκλαμψις;
2434 645 2644 716 Χρυσοϊ
2689 641 2747 695 δέ
2789 639 2889 712 τὴν
2936 635 3169 693 κιϐωτὸν
3209 633 3424 705 ἔχοντες
3461 635 3672 701 ἀναφο-

2088 747 2222 817 ρεϊς,
2269 740 2462 812 χρυσοῖ
2495 736 2589 790 καὶ
2645 735 2695 787 οί
2736 731 2939 803 κρίκοι,
2983 728 3077 783 καὶ
3105 726 3283 780 πάντα
3316 725 3386 778 τὰ
3405 726 3464 777 ἐν
3490 724 3654 794 αὐτῇ*

2091 814 2309 909 μέτοχοι
2362 830 2472 900 γὰρ
2527 827 2626 897 τῆς
2669 824 2828 896 δόξης
2853 824 2902 876 ot
2959 821 3098 892 ἀμφ’
3132 818 3313 881 αὑτὸν,
3341 816 3440 909 καὶ
3484 814 3562 879 ὡς
3611 816 3673 867 ἐν

2089 907 2276 998 ἀγάπῃ
2306 925 2400 978 καὶ
2426 917 2686 993 ἁγιασμῷ
2714 910 3255 998 προσερηρεισμένοι-
3267 908 3362 962 καὶ
3380 907 3666 998 χρήσιμοι,

2089 993 2330 1070 Τοιοῦτοί
2355 1026 2498 1074 τινες
2517 1004 2657 1080 ἦσαν
2681 1005 2775 1059 καὶ
2799 1004 2848 1056 οἱ
2869 1001 3129 1073 μακάριοι
3157 996 3419 1068 μαθηταὶ,
3436 993 3674 1064 δύναμιν

2088 1109 2185 1181 τὴν
2224 1106 2354 1178 παρ’
2409 1101 2575 1158 αὑτοῦ
2627 1099 2726 1171 τὴν
2779 1093 3061 1165 θεοπρεπῆ
3113 1090 3416 1161 δεχόμενοι,
3449 1089 3544 1140 καὶ
3569 1086 3676 1155 τῆς
3714 1125 3722 1139 .

2089 1178 2296 1258 ἄνωθεν
2329 1193 2605 1268 ὑπεροχῆς
2653 1191 2751 1261 τὴν
2793 1185 3159 1262 λαμπρότητα
3206 1178 3481 1252 μεθεκτῶς
3507 1180 3673 1232 ἐκπε-

2092 1290 2478 1363 πλουτηκότες,
2532 1285 2628 1339 καὶ
2675 1279 3010 1353 πληροῦντες
3037 1274 3125 1329 διὰ
3156 1272 3314 1327 τοῦτο
3350 1270 3450 1334 τὰς
3481 1269 3674 1340 θεοση.

2095 1387 2242 1458 μίας.

2157 1477 2366 1537 ΠΑΛΛ.
2413 1468 2618 1542 Ὀρθῶς
2649 1466 2804 1538 ἔφης.

2161 1570 2326 1624 ΚΥΡ.
2363 1586 2379 1617 ι
2419 1563 2530 1619 Καὶ
2550 1560 2687 1632 πρός
2715 1575 2780 1627 γε
2807 1558 2873 1626 τῇ
2900 1550 3137 1621 κιϐωτῷ,
3169 1544 3672 1620 ποιήσεις,ιφησὶν,

2101 1682 2119 1715 ι
2157 1660 2495 1729 ἱλαστήριον,
2530 1652 2768 1721 ἐπίθεμα
2804 1645 3028 1720 χρυσίου
3065 1641 3310 1712 καθαροῦ
3338 1640 3430 1693 δύο
3457 1639 3680 1710 πήχεων

2029 1727 2067 1782 Β
2097 1754 2194 1809 καὶ
2259 1727 2492 1823 ήμίσους
2545 1745 2607 1797 τὸ
2645 1741 2840 1814 μῆκος,
2874 1737 2967 1792 καὶ
2997 1736 3219 1806 πήχεως
3243 1732 3336 1784 καὶ
3360 1729 3588 1802 ἡμίσους
3615 1727 3682 1781 τδ

2100 1819 2322 1904 πλάτος.
2352 1836 2462 1891 Καὶ
2491 1835 2738 1905 ποιήσεις
2765 1829 2859 1884 δύο
2881 1824 3163 1898 Χερουϐὶμ
3185 1823 3365 1895 χρυσᾶ
3392 1819 3678 1890 τορνευτά·

2099 1937 2194 1990 καὶ
2241 1932 2540 2002 ἐπιθήσεις.
2577 1925 2714 1980 αὐτὰ
2748 1923 2808 1988 ἐξ
2833 1920 3162 1994 ἀμφοτέρων
3194 1916 3305 1970 τῶν
3349 1913 3547 1969 κλιτῶν
3584 1912 3681 1966 τοῦ

2102 2025 2436 2098 ίλαστηρίου.
2491 2018 2888 2090 Ποιηθήσονται
2963 2011 3246 2098 Χερουϐὶμ
3319 2007 3399 2073 εἷς
3469 2008 3534 2060 ἐκ
3586 2003 3684 2060 τοῦ

2100 2097 2319 2180 κλίτους
2380 2113 2605 2175 τούτου,
2657 2108 2753 2163 καὶ
2828 2103 3114 2176 Χερουϐὶμ
3164 2097 3245 2166 εἷς
3302 2101 3366 2153 ἐκ
3423 2097 3518 2152 τοῦ
3567 2097 3688 2151 κλι-

2100 2226 2228 2272 τους
2272 2205 2367 2260 τοῦ
2415 2202 2668 2272 δευτέρου
2721 2197 2816 2253 τοῦ
2872 2194 3209 2266 ίλαστηρίου.
3273 2191 3385 2247 Καὶ
3433 2191 3685 2260 ποιήσεις

2101 2303 2227 2364 τοὺς
2267 2298 2360 2354 δύο
2393 2293 2675 2366 Χερουϐὶμ
2725 2289 2818 2344 ἐπὶ
2849 2287 2920 2342 τὰ
2974 2285 3068 2341 δύο
3123 2285 3302 2355 κλίτη.
3339 2285 3596 2336 Ἔσονται
3635 2281 3687 2334 οι

2102 2389 2385 2465 Χερουϐὶμ
2433 2385 2764 2447 ἐκτείνοντες
2793 2380 2902 2444 ἐτᾶς
2947 2378 3224 2450 πτέρυγας
3268 2372 3545 2429 ἐπάνωθεν
3592 2389 3687 2425 συ-

2106 2485 2423 2548 σκιάζοντες
2451 2481 2572 2542 ταῖς
2593 2473 2850 2546 πτέρυξιν
2879 2470 3058 2526 αὐτῶν
3091 2470 3184 2524 ἐπὶ
3216 2468 3310 2522 τοῦ
3349 2465 3692 2537 ίηλαστηρίου,

2102 2576 2200 2632 καὶ
2228 2573 2297 2628 τὰ
2325 2571 2592 2644 πρόσωπα
2620 2565 2798 2621 αὐτῶν
2825 2562 3140 2633 είσάλληλα,
3175 2563 3256 2626 είς
3280 2561 3341 2614 τὸ
3372 2559 3693 2629 ἱλαστήριον

2105 2670 2319 2724 ἔσονται
2349 2664 2417 2719 τὰ
2447 2661 2716 2735 πρόσωπα
2760 2657 2867 2712 τῶν
2902 2653 3200 2728 Χερουϐίμ.
3243 2652 3353 2707 Καὶ
3406 2650 3691 2722 ἐπιθήσεις

2105 2762 2166 2815 τὺ
2195 2759 2506 2829 ἱλαστήριον
2533 2753 2627 2808 ἐπὶ
2657 2751 2754 2823 τὴν
2783 2749 3028 2820 κεφαλὴν
3055 2747 3280 2811 ἄνωθεν,
3323 2746 3416 2799 καὶ
3455 2745 3540 2808 είς
3589 2742 3694 2814 τὴν

2107 2851 2338 2907 κιϐωτὸν
2371 2846 2628 2919 ἐμϐαλεῖς
2666 2843 2736 2896 τὰ
2788 2840 3064 2914 μαρτύρια
3105 2838 3140 2893 ἃ
3189 2837 3255 2892 ἂν
3305 2835 3381 2890 δῶ
3419 2853 3523 2888 σοι.
3580 2833 3692 2886 Καὶ

2109 2936 2500 3011 γνωσθήσομαί
2553 2952 2635 2988 σοι
2685 2931 2918 2994 ἐκεῖθεν,
2959 2928 3054 2984 καὶ
3102 2927 3321 2998 λαλήσω
3356 2941 3439 2978 σοι
3476 2920 3690 2978 ἄνωθεν

2039 3059 2082 3120 c
2114 3033 2210 3089 τοῦ
2263 3029 2576 3102 ἱλαστηρίου
2613 3025 2718 3081 ἀνὰ
2774 3023 2937 3094 μέσον
2977 3021 3085 3075 τῶν
3129 3017 3223 3120 δύο
3272 3013 3698 3120 Χερουφμπῶν

2113 3125 2282 3180 ὄντων
2309 3121 2402 3176 ἐπὶ
2438 3121 2537 3190 τῆς
2588 3114 2822 3172 κιϐωτοῦ
2859 3113 2954 3168 τοῦ
2986 3109 3308 3183 μαρτυρίου,
3339 3106 3482 3162 κατὰ
3515 3105 3697 3161 πάντα

2109 3217 2211 3272 ὅσα
2239 3215 2306 3270 ἂν
2343 3208 2664 3281 ἐντείλωμαί
2707 3225 2790 3261 σοι
2817 3205 2953 3278 πρὸς
2974 3203 3101 3267 τοὺς
3133 3202 3282 3266 υἱοὺς
3312 3197 3552 3270 Ἰσραήλ.
3593 3215 3615 3250 ι

2180 3304 2390 3360 ΠΑΛΛ.
2425 3297 2558 3355 Εἶτα
2591 3298 2644 3352 τί
2678 3296 2738 3350 τδ
2763 3295 3073 3366 ἱλαστήριον
3101 3288 3240 3345 εἶναι
3271 3290 3410 3361 φήςς

2182 3397 2348 3451 ΚΥΡ.
2383 3395 2547 3447 Ὅσον
2584 3390 2682 3463 μὲν
2729 3369 2977 3461 ἧκεν-ἐίς
3001 3402 3060 3439 τε
3097 3383 3332 3455 γράμμα
3382 3380 3476 3434 καὶ
3513 3378 3695 3441 σκιὰν,

2111 3490 2178 3542 ἐκ
2221 3485 2424 3558 χρυσοῦ
2471 3482 2767 3552 ἐπεποίητο
2809 3475 3088 3549 καθαροῦ,
3123 3476 3218 3529 καὶ
3259 3471 3540 3544 ἐπήρτητό
3581 3485 3698 3533 πως

2114 3578 2438 3650 ἐπικειμένη
2481 3577 2548 3648 τῇ
2602 3571 2860 3642 κιϐωτῷ·
2913 3568 3130 3640 εἴρηται
3167 3565 3277 3644 γὰρ
3327 3563 3565 3633 ἐπίθεμα
3610 3560 3698 3614 διὰ

2112 3670 2288 3726 τοῦτο.
2323 3666 2705 3739 Τετραμμένοι
2746 3665 2805 3718 δέ
2842 3663 2924 3724 είς
2958 3659 3091 3713 αὐτὸ
3140 3658 3234 3711 καὶ
3275 3656 3596 3726 βλέποντες,
3649 3653 3702 3703 ol-

2114 3764 2228 3826 τοῖς
2268 3761 2366 3830 τῆς
2391 3756 2693 3830 ἱερωσύνης
2730 3755 3015 3825 αὐχήμασι
3044 3746 3529 3820 κατηγλαῖσμένοι,
3565 3742 3698 3813 πρὸς

2115 3855 2250 3907 Θεὸν
2279 3853 2498 3906 ἐδόκουν
2519 3850 2824 3922 τετράφθαι
2859 3847 2956 3901 καὶ
2985 3844 3224 3916 βλέπειν.
3257 3839 3440 3909 Φαμὲν
3476 3837 3534 3889 δὲ
3559 3830 3702 3888 εἶναι

2115 3946 2178 3999 τὸ
2223 3945 2556 4015 ἱλαστήριον,
2589 3943 2638 3994 εί
2676 3942 2849 3993 νοοῖτο
2895 3934 3300 4007 πνευματικῶς,
3331 3931 3420 3985 τὸν
3447 3931 3512 3983 δι’
3551 3930 3704 4000 ἡμᾶς

2118 4037 2407 4109 γενόμενον
2431 4033 2736 4106 ἄνθρωπον,
2760 4049 2778 4081 ι
2799 4030 2858 4083 ὃν
2873 4027 3135 4101 προέθετο
3163 4027 3192 4079 ό
3217 4024 3347 4088 Θεὸς
3388 4022 3701 4092 ἱλαστήριον

2117 4133 2205 4186 διὰ
2235 4131 2470 4192 πίστεως
2501 4129 2561 4182 ἐν
2596 4125 2674 4198 τῷ
2693 4123 2858 4178 αὑτοῦ
2889 4122 3103 4194 αἵματι,
3135 4121 3214 4182 είς
3236 4115 3458 4180 ἔνδειξιν
3479 4116 3581 4183 τῆς
3618 4112 3700 4165 δι-

437 4239 538 4294 per
561 4221 725 4277 fidem
745 4221 801 4276 in
827 4220 1090 4290 sanguine
1113 4220 1287 4291 ipsius
1310 4220 1377 4275 ad
1401 4223 1773 4279 ostensionem
1791 4225 1998 4296 justitia

2121 4226 2415 4296 καιοσύνης
2437 4223 2625 4280 αὑτοῦ.
2648 4242 2666 4274 ι
2704 4221 2911 4284 Παῦλος
2935 4220 3042 4290 γὰρ
3062 4211 3166 4272 ὧδέ
3193 4232 3374 4287 φησιν.
3423 4210 3704 4266 Ἐπιστέ-λ-

437 4330 552 4382 suae
588 4314 654 4368 ".
696 4332 716 4365 ι
768 4313 975 4369 Paulus
1029 4314 1178 4370 enim
1236 4313 1344 4369 hoc
1399 4314 1554 4370 dicit.
1601 4315 1806 4371 Scribit
1852 4318 1998 4372 etian

2120 4319 2201 4372 λει
2260 4318 2317 4372 δέ
2377 4319 2511 4388 ήμῖν
2567 4315 2664 4370 καὶ
2697 4315 2947 4383 Ἰωάννης
2989 4313 3019 4364 ό
3068 4307 3378 4378 σοφώτατος
3427 4302 3696 4376 μαθητής·

439 4407 507 4462 ad
565 4420 667 4461 nos
721 4405 960 4462 Joannes
1014 4405 1107 4461 ille
1164 4405 1606 4476 sapientissimus
1658 4406 1964 4478 discipulus

2130 4430 2147 4463 ι
2175 4409 2395 4471 Τεκνία,
2429 4407 2602 4461 ταῦτα
2642 4405 2839 4478 γράφω
2872 4405 3022 4475 ὑμῖν,
3050 4403 3137 4456 ἵνα
3171 4400 3245 4472 μὴ
3273 4400 3579 4470 ἁμάρτητε,
3606 4393 3703 4448 καὶ

447 4515 467 4546 ι
509 4495 723 4562 Filioli,
775 4496 894 4552 haec
956 4496 1140 4552 scribo
1188 4495 1376 4559 vobis,
1431 4504 1493 4550 ut
1559 4512 1670 4550 non
1727 4499 1968 4568 peccetis

2125 4503 2220 4556 ἐὰν
2243 4519 2326 4565 τις
2356 4500 2413 4555 δὲ
2439 4500 2682 4571 ἁμάρτῃ,
2709 4497 3060 4570 παράκλητον
3081 4494 3278 4567 ἔχομεν
3311 4489 3446 4563 πρὸς
3469 4489 3558 4543 τὸν
3585 4489 3700 4543 Πα-

438 4586 601 4660 295
661 4588 708 4642 si
768 4595 952 4643 autem
1013 4589 1326 4658 peccaverit
1393 4586 1627 4656 aliquis,
1691 4587 1998 4646 advocatun

2124 4592 2279 4664 τέρα,
2336 4589 2542 4663 Ἰησοῦν
2589 4588 2826 4661 Χριστὸν
2875 4588 3106 4651 δίκαιον,
3152 4585 3246 4639 καὶ
3279 4583 3441 4646 αὐτὸς
3473 4578 3703 4648 ἱλασμός

437 4679 710 4736 habemus
723 4677 791 4734 ad
811 4679 1053 4744 Patrem,
1071 4677 1259 4734 Iesum
1273 4675 1554 4733 Christum
1569 4676 1802 4747 justum,
1824 4686 1881 4733 et
1900 4679 1998 4749 ἰῃει

2125 4685 2241 4738 ἐστι
2299 4683 2427 4755 περὶ
2463 4680 2573 4736 τῶν
2617 4681 2904 4753 ἁμαρτιῶν
2934 4677 3114 4751 ἡμῶν,
3157 4676 3217 4729 οὐ
3258 4674 3387 4744 περὶ
3427 4670 3534 4724 τῶν
3564 4671 3702 4740 ἠμε-

436 4779 523 4828 est
550 4771 869 4844 propitiatio
887 4774 1004 4842 [pro
1028 4769 1271 4842 peccatis
1294 4768 1530 4833 nostris;
1555 4784 1666 4823 non
1694 4784 1794 4840 pro
1813 4771 1998 4825 nostri:

2121 4777 2296 4848 τέρων
2324 4776 2382 4830 δὲ
2425 4775 2625 4846 μόνων,
2654 4773 2790 4828 ἀλλὰ
2824 4772 2919 4827 καὶ
2963 4771 3093 4842 περὶ
3119 4769 3242 4823 ὅλου
3287 4764 3380 4820 τοῦ
3418 4762 3647 4828 κόσμου.
3676 4778 3694 4810 ι

439 4873 623 4921 autem
666 4872 914 4930 tantum,
973 4863 1072 4919 sed
1111 4863 1278 4919 etiam
1317 4877 1421 4933 pro
1458 4861 1626 4918 totius
1661 4863 1852 4918 mundi
1885 4864 1951 4916 ”.
1991 4883 1998 4913 ι

2124 4869 2200 4923 Δι’
2238 4868 2404 4924 αὐτοῦ
2447 4867 2556 4938 γὰρ
2587 4865 2834 4937 ἱλασμος,
2881 4864 3013 4935 εὐχή
3051 4879 3110 4915 τε
3153 4862 3322 4921 πᾶσα,
3361 4856 3454 4910 καὶ
3483 4853 3701 4922 αἴτησις

439 4959 547 5016 Per
585 4958 766 5028 ipsum
794 4960 943 5014 enim
980 4956 1322 5028 propitiatio,
1349 4955 1788 5027 supplicatioque
1814 4957 2011 5021 omnis,

436 5064 502 5103 ac
523 5049 798 5104 bonorum
823 5048 1018 5120 petitio
1051 5063 1064 5099 :
1105 5063 1231 5102 nam
1262 5065 1280 5098 ι
1317 5045 1504 5116 Usque
1527 5047 1710 5111 modo,
1754 5068 1771 5098 ι
1810 5048 2010 5118 inquit,

2124 4961 2366 5031 ἀγαθῶν.
2405 4981 2423 5014 ι
2464 4961 2609 5023 Ἕως
2651 4959 2758 5033 γὰρ
2793 4959 2961 5029 ἄρτι,
2996 4975 3015 5007 ι
3053 4954 3235 5024 rgno-ly:
3275 4970 3294 5002 ι
3335 4949 3436 5002 οὐκ
3462 4947 3699 5018 ᾐτήσατε

2119 5056 2272 5109 οὐδὲν
2296 5055 2390 5108 ἐπὶ
2420 5053 2496 5124 τῷ
2533 5051 2758 5122 ὀνόματί
2808 5067 2910 5121 μου
2937 5065 2951 5080 ⁸
3004 5048 3201 5101 αἰτεῖτε
3226 5086 3241 5110 ,
3289 5041 3384 5096 καὶ
3417 5039 3700 5110 δοθήσεται

448 5157 466 5188 σ
489 5154 600 5194 non
625 5139 862 5208 petiistis
901 5139 1202 5210 quidquam
1232 5136 1288 5193 in
1314 5138 1537 5193 nomine
1573 5153 1725 5203 meo;
1755 5139 1943 5209 petite,
1967 5155 1998 5193 e

2120 5149 2268 5218 ὑμῖν.
2307 5166 2326 5198 ι
2368 5147 2538 5209 Αὐτὸς
2567 5139 2662 5198 οὖν
2700 5144 2808 5213 ἄρα
2834 5139 2894 5193 τὸ
2925 5139 3254 5208 ἱλαστήριον.
3291 5133 3370 5186 Δι’
3397 5128 3564 5214 αὐτοῦ
3595 5125 3699 5195 γὰρ

443 5229 668 5288 dabitur
695 5229 854 5284 vobis
872 5209 962 5283 ⁸⁸³.
1006 5249 1024 5281 ι
1056 5209 1178 5301 ipse
1218 5230 1385 5300 igitur
1423 5238 1510 5283 est
1540 5216 2019 5301 propitiaétorium;
2120 5209 2249 5310 ἡμῖν
2283 5238 2441 5300 ἵλεως
2475 5237 2503 5287 ό
2537 5209 2749 5304 Πατὴρ,
2789 5229 2884 5284 καὶ
2925 5231 3004 5291 είς
3047 5227 3212 5280 αὐτὸν
3262 5209 3562 5291 καταλήγει
3595 5219 3700 5271 πᾶν

442 5336 540 5391 per
574 5321 757 5393 ipsum
788 5334 1027 5390 namque
1057 5319 1117 5375 [it
1157 5319 1316 5374 nobis
1350 5319 1622 5390 propitius
1658 5320 1841 5384 Pater,
1875 5329 1932 5374 et
1966 5320 1998 5374 ὶι

2122 5306 2294 5400 πέρας
2341 5326 2526 5395 εὐχῆς,
2563 5324 2658 5376 καὶ
2690 5321 2758 5375 δι’
2803 5317 2970 5373 αὐτοῦ
3015 5317 3319 5388 πρόσιμεν,
3354 5311 3454 5378 οὐχ
3499 5306 3698 5378 ἐτέρως

443 5413 622 5481 ipsum
644 5411 850 5470 desinit
875 5413 1055 5468 omnis
1087 5413 1420 5484 precationis
1455 5410 1596 5474 finis,
1625 5421 1681 5467 et
1713 5427 1810 5483 per
1841 5411 1998 5483 ipsun

2121 5397 2272 5482 ὄντες
2301 5417 2497 5471 ὁεκτοί.
2528 5415 2817 5484 Τοιγάρτοι
2848 5412 3039 5484 φησὶν,
3071 5426 3089 5459 ι
3136 5405 3277 5473 Ἐγώ
3304 5404 3419 5472 είμι
3449 5403 3482 5471 ή
3505 5397 3645 5460 ὁδός·
3676 5413 3692 5446 ι

445 5504 777 5571 accedimus,
797 5522 921 5563 cum
946 5504 1094 5562 haud
1115 5505 1221 5562 alia
1240 5506 1453 5561 ratione
1480 5505 1692 5562 admitti
1725 5507 1998 5562 possimus

2123 5507 2234 5573 καὶ,
2257 5527 2276 5560 ι
2314 5505 2453 5574 Ἐγώ
2478 5504 2765 5576 εἱμιθύρα,
2796 5522 2812 5554 ι
2829 5503 2946 5565 καὶ,
2971 5518 2991 5551 ι
3011 5498 3200 5559 Οὐδεὶς
3221 5494 3442 5564 ἔρχεται
3464 5488 3599 5560 πρὸς
3614 5485 3699 5540 τὸν

518 5675 562 5710 ’³
583 5679 775 5739 Hatth.
818 5699 931 5751 xm,
957 5684 1042 5740 45.
1120 5684 1164 5716 ⁸³
1186 5683 1356 5739 Exod.
1389 5698 1508 5748 xxv,
1547 5681 1730 5737 17-22.
1815 5684 1859 5714 ”
1886 5681 1998 5738 llon

2105 5697 2154 5746 ιι,
2191 5682 2277 5736 25.
2356 5682 2400 5712 ’³⁵
2433 5681 2450 5735 l
2483 5697 2637 5735 .oan.
2668 5695 2726 5743 ιι,
2765 5677 2814 5741 l,
2845 5678 2900 5730 9..
2978 5673 3046 5707 ”-°
3070 5673 3228 5742 Joan.
3268 5683 3383 5739 xvi,
3416 5663 3510 5738 24.
