3996 6212
360 326 458 383 601

1104 326 1191 381 DE
1228 323 1670 381 ADORATIONE
1707 321 1772 378 lN
1808 320 2078 377 SPIRITU
2119 321 2208 376 ET
2253 318 2617 376 VERITATE.
2656 319 2786 374 LIB.
2829 320 2919 375 lx.

3521 321 3628 379 602

359 442 602 513 Πατέρα,
636 442 685 495 εἰ
731 439 807 512 μὴ
833 440 899 494 δι’
937 440 1094 512 ἐμοῦ.
1142 460 1162 494 ι
1201 441 1348 512 Πλὴν
1393 441 1440 494 εἰ
1468 441 1563 494 καὶ
1592 439 1783 509 γέγονε
1811 436 1934 493 καθ’

2049 436 2223 506 Itaque
2259 436 2370 492 ait:
2401 456 2418 487 ι
2445 435 2558 506 Ego
2577 451 2697 490 sum
2721 435 2846 502 via;
2876 455 2894 487 ι
2919 443 3010 490 et:
3044 453 3061 486 ι
3086 437 3198 506 Ego
3225 449 3346 490 sum
3359 433 3560 506 janua;
3597 455 3618 488 ι

358 536 529 607 ἡμᾶς,
565 533 773 594 καθιεὶς
806 533 1000 587 ἑαυτὸν
1053 533 1132 595 είς
1169 530 1567 603 ἀνθρωπότητά
1618 547 1676 583 τε
1716 530 1812 583 καὶ
1841 529 1936 582 κέ-

358 637 526 674 νωσιν
575 620 604 672 ὁ
639 619 936 689 μονογενὴς
976 617 1072 672 τοῦ
1114 618 1250 672 Θεοῦ
1291 620 1484 689 Δόγος,
1534 618 1650 674 ἀλλ’
1687 617 1802 671 ἔστι
1843 617 1939 670 καὶ

361 705 490 758 ῐδιον
522 703 687 759 αὑτοῦ
730 705 975 776 φυσικῶς
1002 705 1064 759 τὸ
1090 708 1148 760 ἐν
1176 705 1303 778 δόξῃ
1328 707 1566 760 νοεῖσθαι
1607 709 1675 778 τῇ
1706 707 1936 778 θεοπρεο

359 800 470 862 πεῖ,
503 797 597 850 καὶ
623 797 682 848 ἑν
727 797 1024 870 ὑπεροχαῖς
1065 798 1330 872 ὑπάρχειν
1363 801 1482 862 ταῖς
1519 799 1658 872 ὑπὲρ
1689 797 1784 870 τὴν
1822 795 1940 850 κτί-

358 899 464 944 σιν,
504 882 755 954 καθάπερ
779 883 970 954 ἀμέλει
992 884 1087 939 καὶ
1112 886 1219 960 πρὸ
1255 887 1356 956 τῆς
1388 889 1608 958 σαρκός.
1650 885 1752 941 Διά
1775 885 1939 939 τοῦτο

355 975 424 1028 τὰ
456 974 740 1047 Χερουϐὶμ
792 979 1113 1046 περιεστᾶσι
1149 979 1212 1031 τὸ
1260 979 1591 1052 ἱλαστήριον,
1626 978 1942 1043 πυκάζοντα

356 1069 482 1131 ταῖς
515 1067 770 1140 πτέρυξι,
807 1069 902 1123 καὶ
933 1069 1070 1145 πρὸς
1106 1071 1238 1125 αὐτὸ
1267 1073 1657 1145 τετραμμένα,
1709 1074 1805 1127 καὶ
1852 1073 1941 1128 ἀεὶ

356 1159 418 1213 τὸ
456 1160 762 1231 πρόσωπον
789 1163 1164 1235 ὲπερείδοντα,
1194 1164 1288 1217 καὶ
1316 1165 1640 1237 δορυφορίας
1684 1165 1782 1236 μὲν
1805 1165 1941 1219 ἀπό.

355 1250 522 1316 δειξις
553 1252 810 1325 ἐναργὴς,
840 1255 872 1325 ἡ
900 1256 978 1318 εἰς
1021 1253 1173 1322 δεξιά
1221 1274 1278 1309 τε
1311 1257 1404 1310 καὶ
1432 1256 1688 1327 εὐώνυμα
1730 1255 1938 1319 στάσις.

358 1339 434 1394 Τὸ
467 1340 523 1394 δὲ
552 1341 660 1394 τῶν
689 1343 950 1396 ἀνωτάτω
976 1343 1258 1414 δυνάμεων
1281 1344 1442 1398 οἱονεί
1487 1363 1605 1408 πως
1645 1344 1854 1398 ἔντονόν
1881 1361 1941 1397 τε

358 1432 454 1485 καὶ
491 1433 787 1504 ἀκόρεστον
819 1433 899 1497 είς
942 1433 1219 1497 θεοπτίαν,
1267 1433 1630 1504 ὑπεμφαίνειν
1660 1433 1851 1498 ἔοικεν,
1882 1434 1943 1487 τὸ

281 1504 306 1530 ’
361 1523 580 1591 βλέπειν
606 1524 694 1576 ἀεὶ
721 1523 790 1577 τὰ
818 1524 1100 1595 Χερουϐὶμ
1131 1526 1224 1578 ἐπὶ
1254 1527 1316 1578 τὸ
1353 1525 1684 1598 ἱλαστήριον.
1740 1528 1830 1580 Ἐν
1855 1528 1934 1599 τῷ

363 1613 478 1686 ἰδίῳ
514 1615 572 1667 δὲ
611 1616 850 1687 σχήματι
891 1617 1092 1686 γράφει
1132 1617 1223 1670 τὸν
1274 1617 1402 1672 Υἱὺν
1441 1618 1536 1671 καὶ
1581 1621 1609 1671 ὁ
1661 1620 1944 1690 προφήτης

372 1706 831 1777 Ἡσαΐας,λέγων·
872 1727 889 1759 ι
921 1707 1073 1762 Εἶδον
1096 1709 1190 1762 τὸν
1221 1709 1424 1780 Κύριον
1453 1709 1680 1764 Σαϐαὼθ
1697 1710 1941 1782 καθήμε-

2039 537 2096 583 et
2122 546 2134 582 :
2165 547 2182 578 ι
2212 528 2384 582 Nemo
2404 527 2557 581 venit
2583 525 2652 581 ad
2679 527 2920 590 Patrem,
2947 525 3052 579 nisi
3078 541 3176 596 per
3201 541 3288 580 me
3303 526 3371 579 “.
3403 544 3422 577 ι
3447 521 3624 580 Caele-

2037 633 2181 684 rum,
2222 616 2439 672 tametsi
2491 616 2665 670 nostri
2712 615 2909 670 similis
2945 614 3122 670 factus
3143 614 3234 679 sit,
3263 630 3386 668 cum
3410 629 3529 669 sese
3556 613 3626 670 ad

2039 707 2440 762 humanitatem
2464 705 3006 774 exinanitionemque
3035 705 3255 759 demisit
3276 704 3410 758 illud
3432 707 3627 776 unige-

2037 797 2216 852 nitum
2254 795 2350 851 Dei
2383 795 2658 860 Verbum;
2689 802 2773 849 est
2805 802 2988 848 tamen
3024 793 3102 848 illi
3138 793 3496 847 nihilominus
3532 809 3628 848 na,

2038 895 2176 943 tura:
2197 903 2309 941 sua:
2343 885 2551 940 ratione
2569 885 2874 956 proprium,
2899 885 2956 938 in
2981 900 3042 939 ea
3065 885 3234 955 gloria
3263 900 3326 939 ac
3375 885 3630 954 majesta-

2041 989 2096 1036 te
2133 995 2256 1052 quze
2275 981 2448 1034 Deum
2486 978 2701 1042 deceat,
2725 977 2985 1048 intelligi;
3011 988 3066 1030 et
3093 977 3147 1030 in
3189 993 3256 1031 ea
3302 976 3626 1032 excellentia

2039 1087 2146 1142 qua
2169 1071 2436 1126 creaturis
2461 1069 2716 1125 omnibus
2740 1076 2982 1140 praestat,
3001 1067 3627 1138 permanere,quemad-

2041 1163 2264 1218 modum
2281 1163 2398 1217 sine
2416 1162 2586 1216 dubio
2602 1170 2722 1217 erat
2756 1171 3053 1232 antequam
3069 1177 3287 1215 carnem
3303 1160 3624 1229 accepisset.

2040 1256 2123 1313 Ob
2153 1271 2274 1310 eam
2303 1255 2469 1326 igitur
2515 1269 2734 1310 causam
2761 1253 3059 1309 Cherubim
3106 1253 3460 1307 circumstant
3493 1265 3626 1321 pro-

2042 1346 2405 1418 pitiatorium,
2447 1353 2504 1400 et
2537 1353 2729 1416 tegunt
2767 1344 2911 1410 alis,"
2932 1352 2988 1399 et
3014 1344 3082 1399 ad
3112 1341 3247 1397 illud
3283 1357 3440 1395 versa
3475 1349 3626 1407 sunt,

2043 1449 2210 1508 atque
2231 1439 2414 1493 vultus
2446 1437 2502 1491 in
2533 1437 2669 1492 illud
2694 1437 2900 1508 ﬁgunt;
2936 1431 3007 1491 'ae
3049 1435 3369 1490 satellitium
3405 1433 3627 1502 quidem

2043 1527 2330 1583 evidenter
2353 1525 2596 1581 ostendit
2645 1525 2737 1580 illa
2787 1525 2855 1579 ad
2897 1524 3179 1578 dexteram
3234 1522 3625 1590 sinistramque

2045 1619 2210 1674 statio
2245 1637 2257 1670 :
2291 1615 2437 1686 quod
2464 1632 2594 1670 vero
2621 1631 2836 1686 semper
2857 1615 3156 1670 Cherubim
3182 1613 3625 1684 propitiatorium

2045 1711 2337 1781 aspiciunt,
2373 1709 2506 1763 illud
2545 1724 2907 1778 supernarum
2943 1709 3210 1762 virtutum
3252 1707 3542 1770 intentum,
3569 1713 3626 1759 et

360 1814 451 1851 νον
479 1798 574 1851 ἐπὶ
611 1798 799 1869 θρόνου
835 1798 1039 1869 ὑψηλοῦ
1078 1801 1172 1853 καὶ
1201 1779 1534 1872 ἐπηρμένου,
1567 1803 1659 1854 καὶ
1692 1779 1944 1872 Σεραέρὶμ

2049 1801 2380 1872 inexplebile
2421 1801 2517 1855 Dei
2562 1799 2782 1854 videndi
2810 1799 3145 1854 desiderium
3201 1797 3443 1853 indicare
3472 1797 3627 1851 vide-

359 1890 685 1960 εἱστήκεσαν
722 1889 906 1961 κύκλῳ
938 1891 1127 1956 αὑτοῦ,
1170 1911 1187 1942 ι
1223 1895 1318 1946 καὶ
1359 1894 1417 1960 ἓξ
1454 1895 1551 1963 μὲν
1577 1895 1790 1964 ἑκάστῳ
1819 1895 1946 1947 πτέο

363 1997 535 2052 ρυγας
565 1983 953 2050 ἐκπεφυκέναι,
988 1984 1120 2053 φησὶ
1139 2027 1152 2049 ,
1194 1983 1492 2039 καλύπτειν
1517 1985 1575 2039 δὲ
1620 1985 1761 2040 αὐτὰ
1780 2027 1795 2050 ,
1826 1988 1947 2048 ταῖς

365 2071 466 2143 μὲν
503 2071 626 2125 δυσὶ
651 2073 778 2135 τοὺς
804 2072 991 2136 πόδας,
1022 2077 1142 2136 ταῖς
1181 2075 1236 2128 δὲ
1271 2075 1392 2128 δυσὶ
1421 2075 1491 2129 τά
1519 2076 1806 2146 πρόσωπα,
1845 2075 1943 2128 πέ-

361 2161 551 2216 τεσθαι
573 2161 630 2216 δὲ
663 2164 783 2226 ταῖς
821 2163 1059 2235 ἑτέραις.
1099 2164 1209 2217 Καὶ
1243 2166 1287 2217 εί
1326 2165 1423 2236 μὲν
1454 2165 1619 2218 οἴοιτό
1657 2181 1741 2228 τις
1776 2163 1946 2218 ὅτιτὸ

363 2252 455 2307 τοῦ
487 2251 624 2306 Θεοῦ
656 2254 969 2325 πρόσωπον,
1003 2255 1095 2307 καὶ
1120 2255 1224 2326 μὴν
1255 2255 1349 2309 καλ.
1375 2258 1502 2320 τοὺς
1528 2257 1692 2319 πόδας
1715 2255 1943 2310 κατεκά⁹

364 2345 565 2399 λυπτον
586 2345 656 2399 τά
683 2347 956 2418 Σεραφὶμ,
987 2346 1142 2400 οὐδὲν
1182 2347 1407 2410 ἀπεικὸς
1443 2351 1644 2402 ἐννοεῖν
1683 2365 1730 2400 τι
1771 2346 1946 2400 τοιοῦ-

362 2455 472 2490 τον.
509 2439 959 2509 Μετατρέποντες
994 2438 1102 2510 γὰρ
1143 2439 1223 2502 εἰς
1268 2437 1540 2508 Ἑλλήνων
1591 2439 1796 2509 φωνὴν,
1848 2436 1943 2491 τοῦ

365 2530 614 2601 Σεραφὶμ
661 2528 757 2601 τὴν
792 2529 1044 2600 δήλωσιν,
1071 2527 1324 2597 γνώσεως
1353 2529 1671 2601 πληθυσμδν
1700 2531 1821 2601 ἤτοι
1854 2547 1945 2584 σο-

365 2620 492 2690 φίας
526 2621 681 2692 χύσιν
709 2621 1118 2696 σημαινομένην
1148 2622 1476 2694 εὑρήσομεν.
1513 2621 1943 2692 ’Υπεμφαίνουσι

363 2710 652 2783 τοιγαροῦν
687 2711 765 2781 τῷ
805 2713 1046 2784 σχήματι
1080 2713 1173 2766 καὶ
1193 2712 1333 2783 μάλα
1359 2711 1564 2782 σαφῶς,
1599 2713 1654 2773 αἱ
1682 2711 1944 2779 πάνσοφοί

363 2817 422 2854 τε
457 2802 551 2856 καὶ
598 2802 857 2856 ἀνωτάτω
897 2803 1156 2874 δυνάμεις
1184 2843 1198 2868 ,
1245 2805 1328 2856 ὅτι
1362 2802 1496 2855 Θεοῦ
1549 2803 1840 2874 πρόσωπον
1879 2802 1942 2854 οὐ

366 2891 525 2962 θέμις
555 2894 784 2964 ὁρᾶσθαι
831 2894 968 2964 πρός
1009 2911 1174 2958 τινος.
1220 2896 1495 2956 Ἀποπτος
1529 2895 1638 2968 γὰρ
1670 2891 1942 2956 παντελῶς

366 2987 398 3056 ἡ
433 2985 574 3057 ὑπὲρ
604 2987 782 3040 πάντα
819 2985 945 3040 νοῦν
989 2988 1105 3040 ἐστι
1135 2987 1316 3056 φύσις,
1363 2986 1456 3039 καὶ
1505 2985 1619 3055 φῶς
1651 2986 1944 3058 ἀπρόσιτον

2046 1902 2136 1948 tur
2171 1912 2183 1948 :
2215 1892 2659 1948 describitetiam
2686 1891 2949 1960 propheta
2984 1890 3148 1944 Isaias
3183 1889 3378 1943 Filium
3406 1887 3629 1957 preprio

2046 1985 2281 2057 quodam
2320 1985 2535 2050 habitu,
2573 1984 2764 2038 dicens
2795 2001 2810 2037 ι
2854 2003 2871 2034 ι
2912 1982 3036 2037 Vidi
3066 1981 3356 2035 Dominum
3388 1979 3624 2035 Sabaoth

2047 2084 2332 2139 sedentem
2360 2099 2527 2153 super
2544 2082 2805 2136 thronum
2841 2081 3117 2136 excelsum
3171 2087 3227 2133 et
3251 2079 3545 2141 elevatum,
3573 2088 3630 2133 et

2047 2173 2336 2243 Seraphim
2366 2173 2584 2227 stabant
2630 2173 2774 2226 circa
2831 2171 2985 2224 illum
3016 2188 3028 2221 :
3078 2189 3095 2221 ι
3131 2178 3187 2224 et
3213 2185 3371 2224 senas
3407 2167 3628 2237 quidem

2045 2264 2156 2318 alas
2195 2263 2373 2333 inquit
2417 2263 2616 2331 cuique
2666 2262 2866 2327 fuisse;
2915 2263 3090 2330 iisque
3149 2270 3359 2330 tegere,
3415 2257 3631 2312 duabus

2045 2350 2266 2422 quidem
2294 2351 2480 2420 pedes,
2507 2349 2722 2404 duabus
2750 2348 2936 2413 facies,
2963 2348 3177 2402 exteris
3225 2347 3408 2400 volare
3438 2347 3504 2398 ’⁷.
3530 2345 3628 2409 Ac,

2046 2442 2091 2497 si
2123 2440 2248 2512 quis
2271 2448 2426 2515 putet
2454 2440 2552 2496 Dei
2610 2437 2803 2492 faciem
2849 2451 2912 2492 ac
2941 2437 3110 2507 pedes
3141 2443 3432 2505 contegere
3467 2433 3630 2488 Sera-

2045 2533 2218 2604 phim,
2272 2532 2410 2587 nihil
2432 2531 2656 2586 absurdi
2709 2537 2794 2584 est
2835 2529 2911 2583 ita
2954 2529 3291 2582 existimare.
3347 2526 3521 2588 Nam,
3581 2524 3630 2590 si

2047 2624 2212 2694 hujus
2239 2623 2478 2678 nominis
2506 2620 2792 2696 Seraphim
2819 2617 3270 2690 signiﬁcationem
3307 2615 3363 2668 in
3387 2613 3629 2669 Graecam

2044 2729 2238 2770 vocem
2264 2712 2676 2774 transferamus,
2704 2709 2948 2766 scientia:
2974 2705 3396 2783 plenitudinem,
3428 2712 3521 2757 aut
3548 2701 3632 2756 ef-

2045 2804 2315 2862 fusionem
2341 2805 2642 2875 sapientiaa,
2670 2802 2980 2874 signiﬁcare
3018 2796 3512 2869 deprehendemus.
3537 2795 3634 2850 Sa-

2045 2897 2400 2967 pientissimaa
2452 2895 2618 2964 igitur
2669 2893 2772 2947 illa:
2835 2907 2899 2946 ac
2960 2903 3232 2960 supremae
3293 2889 3527 2942 virtutes
3565 2902 3633 2943 eo

2047 2989 2236 3043 habitu
2262 2987 2395 3042 illud
2427 2985 2836 3042 evidentissime
2878 2999 2988 3054 pra
3015 2998 3072 3036 se
3098 2980 3302 3044 ferunt,
3337 2979 3482 3034 haud
3514 2994 3632 3034 esse

365 3073 524 3138 οἰκεῖ,
555 3073 699 3128 κατὰ
735 3073 833 3145 τὴν
859 3075 953 3130 τοῦ
984 3076 1252 3147 μακαρίου
1309 3075 1520 3129 Παύλου
1569 3076 1774 3148 φωνὴν,
1842 3075 1938 3129 καὶ

2049 3082 2126 3137 fas
2152 3097 2182 3136 a
2219 3095 2493 3150 quoquam
2523 3079 2618 3133 Dei
2654 3077 2846 3132 faciem
2879 3069 3461 3144 conspici.lnvisibilis
3486 3068 3633 3124 enim

371 3185 390 3219 ι
417 3167 607 3230 οὐδεὶς
633 3165 978 3236 δψεταιΘεοῦ
1012 3167 1323 3237 πρόσωπον,
1353 3168 1446 3220 καὶ
1467 3167 1712 3238 ζήσεται,
1742 3188 1758 3220 ι
1802 3170 1947 3223 κατὰ

367 3274 431 3324 γε
472 3257 534 3311 τὸ
582 3257 713 3329 παρ’
745 3257 909 3311 αὑτοῦ
947 3243 1082 3329 πρός
1114 3257 1318 3312 Μωσέα
1341 3257 1434 3311 τὸν
1470 3257 1762 3330 ἱερώτατον
1793 3261 1948 3332 εἰρη-

369 3347 528 3418 μένον
557 3347 756 3418 όρθῶς.
801 3347 942 3401 Ἀλλ’
967 3348 1080 3401 οὐδ’
1106 3348 1172 3402 ἀν
1200 3366 1284 3412 τις
1308 3349 1463 3420 γνοίη
1499 3351 1566 3404 τά
1602 3368 1663 3404 τε
1705 3351 1823 3422 ἴχνη
1854 3355 1948 3406 καὶ

367 3440 466 3504 τὰς
496 3440 650 3504 ὀδοὺς
680 3439 866 3496 αὑτοῦ.
909 3441 1220 3512 Γέγραπται
1253 3441 1382 3512 γὰρ,
1420 3461 1440 3495 ι
1491 3438 1562 3495 Ὦ
1593 3442 1758 3512 βάθος
1787 3444 1950 3499 πλού-

366 3547 482 3595 του,
525 3532 618 3583 καὶ
656 3532 868 3600 σοφίας,
904 3531 1001 3585 καὶ¹
1025 3531 1282 3600 γνώσεως
1341 3532 1476 3587 Θεοῦ
1503 3550 1517 3566 ·
1553 3533 1629 3598 ὡς
1667 3534 1950 3606 ἀνεξερεύ-

368 3637 506 3703 νητα
531 3621 600 3675 τά
635 3622 881 3693 κρίματα
913 3623 1100 3688 αὐτοῦ,
1129 3626 1224 3678 καὶ
1278 3625 1673 3696 ἀνεξιχνίαστοι
1727 3629 1784 3682 αἱ
1840 3628 1950 3683 ὁδοὶ

369 3713 568 3768 αὑτοῦί
609 3733 628 3767 ι
666 3714 874 3768 1Ῡέιλλει
899 3715 956 3769 δὲ
987 3716 1083 3770 καὶ⁹
1110 3717 1140 3768 ό
1171 3715 1441 3788 μακάριος
1480 3717 1665 3783 Δαόὶδ,
1717 3721 1813 3774 καὶ
1865 3738 1952 3774 σο-

372 3804 469 3873 φὸν
492 3805 784 3877 ἀνακρούει
817 3805 996 3877 μέλος·
1039 3826 1058 3858 ι
1108 3808 1196 3861 Ἐν
1223 3811 1288 3880 τῇ
1330 3808 1573 3882 θαλάσσῃ
1612 3812 1645 3882 ἡ
1679 3810 1796 3876 ὁδός
1829 3829 1946 3877 σου,

371 3895 464 3949 καὶ
489 3898 546 3951 αἱ
591 3895 772 3968 τρίσοι
808 3913 902 3951 σου
929 3898 988 3952 ὲν
1021 3897 1178 3952 ὕδασι
1209 3899 1444 3964 πολλοῖς,
1485 3903 1582 3954 καὶ
1613 3901 1681 3954 τά
1706 3901 1823 3975 ῐχνη
1855 3920 1948 3957 σου

371 3986 432 4040 οὺ
457 3987 886 4060 γνωσθήσονται.
936 4008 954 4041 ι
991 3990 1203 4060 Ὠσπερ
1229 3990 1336 4063 γάρ
1363 3992 1463 4046 οὐκ
1487 3993 1552 4045 ἄν
1580 4011 1663 4056 τις
1687 3993 1785 4052 ίδοι
1808 3996 1952 4066 ἴχνος

374 4079 432 4130 ὲν
471 4077 679 4144 ὕδασιν,
712 4079 746 4148 ἢ
773 4079 1062 4150 ἀνθρώπου
1096 4082 1257 4152 τυχὸν
1285 4081 1317 4152 ἢ
1365 4081 1520 4147 νεὼς,
1557 4083 1590 4154 ἢ
1629 4085 1738 4138 τῶν
1766 4086 1824 4138 ὲν
1855 4087 1953 4144 αὐ-

373 4172 482 4233 τοῖς
514 4170 848 4241 νηχομένων,
879 4170 1050 4237 οὕτως
1069 4173 1170 4227 οὐκ
1189 4173 1254 4228 ἂν
1283 4173 1652 4246 καταθρήσειέ
1679 4193 1764 4241 τις
1803 4176 1952 4242 θείας

374 4277 433 4314 τε
473 4262 566 4315 καὶ
604 4263 950 4334 ἀπορρήτους
986 4263 1164 4329 ὁδούς.
1204 4258 1302 4318 Ὧν
1333 4266 1400 4319 ἂν
1438 4263 1548 4319 εἷεν
1585 4268 1664 4330 είς
1707 4267 1876 4321 τύπον
1902 4268 1952 4321 οἱ

377 4352 553 4417 πόδες.
589 4353 653 4406 Εἰ
689 4353 746 4407 δὲ
783 4352 848 4424 δὴ
880 4353 974 4408 καὶ
1006 4356 1074 4408 τὰ
1108 4355 1318 4410 ἑαυτῶν
1361 4357 1629 4429 πρόσωπα
1675 4357 1769 4411 καὶ
1826 4359 1953 4422 τοὺς

378 4443 541 4507 πόδας
571 4444 980 4510 καταπυκάζειν
1008 4448 1126 4510 ταῖς
1159 4446 1416 4518 πτέρυξιν
1450 4449 1848 4521 ὑποτοπήσαιτό
1870 4467 1952 4512 τις
1983 4437 2029 4492 Ῐ)

377 4535 445 4589 τὰ
479 4535 612 4606 ἀγια
657 4535 934 4607 Σεραφὶμ,
974 4537 1242 4608 ἐννοῶμεν
1273 4539 1353 4592 ὅτι
1399 4539 1500 4609 τῆς
1541 4541 1669 4612 περὶ
1699 4539 1834 4594 Θεοῦ
1868 4557 1954 4592 σο-

381 4625 526 4694 φίας,
566 4625 682 4696 ητοι
715 4623 969 4693 γνώσεως
996 4627 1171 4698 ἀρχὴν
1217 4627 1249 4700 ἢ
1307 4629 1458 4692 τέλος
1503 4631 1632 4686 ἰδεῖν
1662 4632 1722 4684 οὐ
1769 4630 1948 4702 θέμις.

393 4716 802 4786 Ἀκατάληπτος
829 4716 939 4790 γὰρ
961 4717 1057 4771 καὶ
1085 4718 1246 4790 αὑτὴ,
1283 4721 1375 4774 καὶ
1400 4722 1538 4795 ὑπὲρ
1567 4723 1690 4777 νοῦν
1717 4725 1832 4777 ἐστι
1863 4724 1952 4778 τὸν

380 4808 738 4880 ἀνθρώπινον.
777 4809 947 4882 Ἀρχὴ
976 4810 1032 4864 δὲ
1060 4813 1259 4876 παντὸς
1291 4815 1561 4885 σώματος,
1599 4816 1828 4889 κεφαλίγ
1864 4817 1954 4870 τέ-

377 4901 467 4966 λος
505 4901 563 4955 δὲ
603 4902 654 4954 οἱ
696 4901 876 4966 πόδες.
899 4901 973 4956 Τὸ
1001 4902 1312 4976 ἱλαστήριον
1345 4902 1438 4960 οὖν
1466 4905 1575 4978 ἄρα
1614 4909 1868 4980 Χριστὸς,
1900 4909 1958 4974 ὃς

379 4993 471 5046 καὶ
528 4995 588 5047 ὲν
638 4993 802 5066 σαρκὶ
834 4994 1116 5066 πεφηνὼς,
1150 4997 1305 5050 οὐδὲν
1335 4992 1496 5068 ἧττόν
1534 5001 1650 5053 ἐστι
1685 5000 1838 5065 Θεὸς,
1866 5002 1960 5055 καὶ

383 5082 608 5157 Κύριος,
641 5084 801 5153 φύσει
827 5101 887 5137 τε
916 5085 1012 5138 καὶ
1037 5087 1272 5157 ἀληθῶς,
1299 5090 1667 5161 περιεστῶσας
1689 5092 1748 5143 ἐν
1776 5091 1959 5162 κύκλῳ

383 5173 766 5244 δουλοπρεπῶς
826 5175 924 5230 καὶ
979 5176 1148 5241 αὑτὰς
1188 5177 1326 5249 ἔχων
1386 5181 1483 5244 τὰς
1514 5181 1773 5236 ἀνωτάτω
1803 5185 1962 5238 δυνά-

389 5283 527 5335 μεις.
564 5266 706 5336 Ἔφη
735 5264 792 5318 δέ
826 5282 927 5320 που
951 5268 1044 5322 καὶ
1077 5269 1234 5338 λόγος
1267 5271 1397 5342 ἡμῖν
1422 5273 1585 5343 ἱερὸς,
1610 5273 1686 5339 ὠς
1716 5277 1855 5346 μετά
1898 5295 1963 5346 γε

387 5357 447 5411 τὸ
487 5359 746 5431 ἐκστῆναι
782 5359 876 5414 τὸν
911 5361 1156 5416 Σατανᾶν
1203 5362 1301 5434 τὴν
1353 5367 1410 5418 ὲν
1470 5367 1690 5438 Χριστῷ
1732 5369 1965 5440 μεθέντα

391 5453 604 5520 πεῖραν,
632 5454 721 5506 ὅτε
734 5453 1090 5522 νενήστευκεν
1109 5454 1248 5526 ὑπὲρ
1285 5457 1461 5526 ἡμῶν,
1489 5458 1707 5527 ἄγγελοι
1729 5461 1964 5532 προσῆλο

390 5541 480 5594 θον
518 5545 613 5595 καὶ
637 5543 913 5614 διηκόνουν
947 5544 1117 5616 αὐτῷ’
1181 5566 1200 5600 ι
1240 5547 1534 5618 ιῐνεύματα
1572 5552 1680 5622 γάρ
1715 5555 1821 5606 εἰσι
1857 5554 1964 5606 λει-

2048 3179 2133 3228 est
2164 3171 2387 3226 omnino
2419 3175 2614 3223 natura
2640 3167 2731 3222 illa
2787 3180 2909 3236 quae
2935 3171 3156 3234 superat
3182 3177 3398 3216 omnem
3433 3159 3633 3215 intelli-

2049 3263 2385 3335 gentiam,et
2427 3261 2606 3314 lucem
2654 3257 3092 3316 inaeeessibilem
3133 3254 3367 3318 habitat,
3401 3263 3461 3306 ut
3486 3251 3633 3309 beati

2050 3352 2204 3410 Pauli
2224 3367 2357 3406 voce
2393 3359 2518 3406 utar
2549 3351 2623 3415 ἐς
2662 3357 2720 3404 et
2751 3367 2764 3403 :
2804 3367 2822 3400 ι
2856 3347 3028 3404 Nemo
3057 3344 3268 3400 videbit
3290 3343 3484 3400 faciem
3511 3340 3630 3404 Dei,

2049 3452 2104 3498 et
2139 3441 2304 3521 296
2330 3440 2480 3503 vivet
2503 3438 2570 3503 ",
2611 3457 2630 3488 ι
2675 3444 2738 3491 ut
2777 3436 2895 3506 ipse
2934 3434 3080 3489 idem
3118 3432 3422 3487 rectissime
3470 3431 3634 3484 beato

2050 3533 2218 3607 Moysi
2282 3519 2440 3589 dixit.
2500 3529 2691 3599 Neque
2745 3541 2879 3582 vero
2935 3524 3224 3606 quisquam
3274 3527 3456 3591 potest
3487 3519 3636 3573 illius

2049 3604 2276 3699 vestigia
2303 3632 2360 3680 et
2383 3623 2501 3678 vias
2526 3637 2706 3676 nosse.
2750 3604 3028 3689 Scriptum
3059 3625 3143 3676 est
3183 3613 3332 3669 enim
3363 3629 3377 3665 :
3418 3631 3436 3662 ι
3465 3610 3508 3666 Ο
3531 3610 3635 3665 ali-

2050 3725 2185 3780 tudo
2243 3722 2578 3784 divitiarum,
2629 3726 2685 3772 et
2735 3714 3038 3785 sapientiai,
3098 3718 3155 3766 et
3207 3707 3451 3766 scientiae
3500 3705 3630 3761 Dei!

2051 3834 2216 3891 quam
2232 3810 2810 3884 incomprehensibilia
2837 3815 2966 3864 sunt
2995 3805 3203 3880 judicia
3223 3804 3364 3874 ejus,
3388 3810 3444 3856 et
3488 3799 3639 3854 inve-

2057 3889 2344 3981 stigabiles
2370 3905 2473 3960 via:
2493 3905 2614 3974 ejus
2649 3902 2698 3956 ‘l
2734 3920 2752 3953 ι
2783 3899 2976 3956 Psallit
3020 3897 3184 3952 etiam
3208 3895 3404 3949 beatus
3443 3889 3634 3953 David,

2051 4009 2107 4058 et
2138 4000 2355 4070 sapiens
2381 4011 2601 4051 carmen
2647 3990 2891 4049 concinit
2925 4006 2939 4048 :
2984 4007 3000 4039 ι
3030 3988 3091 4051 In
3139 3984 3280 4046 mari
3319 3983 3406 4037 via
3435 3989 3549 4045 tua,
3579 3986 3637 4033 et

2053 4093 2261 4150 semita:
2286 4100 2390 4144 tua:
2434 4089 2491 4142 in
2522 4085 2679 4155 aquis
2711 4083 2920 4145 multis,
2948 4087 3004 4136 et
3028 4077 3257 4148 vestigia
3283 4083 3378 4134 tua
3403 4087 3514 4126 non
3539 4086 3633 4125 co-

2053 4188 2385 4257 gnoscentur
2397 4181 2439 4232 ⁸.
2471 4198 2489 4228 ›
2510 4177 2580 4232 Ut
2603 4175 2751 4230 enim
2779 4174 2835 4227 in
2852 4170 3009 4241 aquis
3023 4169 3212 4226 videre
3229 4164 3516 4236 vestigium
3542 4169 3638 4220 aut

2055 4256 2292 4333 hominis
2327 4271 2582 4334 fortasse,
2636 4275 2733 4322 aut
2765 4264 2940 4328 navis,
2985 4269 3082 4318 aut
3128 4259 3493 4322 innatantium
3518 4256 3636 4312 bel-

2054 4369 2272 4424 luarum
2296 4378 2458 4419 nemo
2478 4367 2688 4432 potest;
2731 4359 2812 4414 sic
2834 4371 2996 4412 nemo
3021 4355 3236 4411 divinas
3255 4361 3312 4408 et
3334 4349 3637 4408 ineffabiles

2057 4460 2174 4516 vias
2200 4456 2468 4528 aspicere,
2489 4466 2722 4524 quarum
2774 4449 3004 4521 ﬁguram
3032 4447 3202 4517 pedes
3227 4444 3508 4515 aptissime
3540 4455 3635 4512 ge-

2059 4562 2206 4609 runt.
2235 4551 2391 4619 Quod
2419 4549 2466 4605 si
2495 4547 2620 4618 quis
2665 4543 2941 4600 existimet
2978 4555 3106 4597 suas
3156 4538 3324 4593 facies
3373 4551 3438 4590 ac
3468 4533 3637 4605 pedes

2057 4647 2160 4702 alis
2174 4655 2466 4715 contegere
2489 4647 2674 4696 sancta
2693 4635 3001 4706 Seraphim,
3024 4631 3160 4687 illud
3184 4629 3504 4700 cogitemus,
3525 4639 3636 4715 non

2058 4755 2182 4795 esse
2210 4738 2289 4793 fas
2312 4713 2408 4792 Dei
2432 4731 2735 4804 sapientiae,
2769 4744 2866 4784 seu
2901 4723 3141 4782 scientia:
3180 4721 3400 4776 initium
3433 4723 3530 4772 aut
3570 4713 3638 4769 ﬁ-

2058 4847 2185 4886 nem
2214 4829 2400 4884 videre
2443 4844 2456 4879 :
2492 4833 2578 4881 est
2597 4821 2746 4878 enim
2779 4821 2894 4890 ipsa
2927 4831 3145 4888 quoque
3166 4806 3638 4881 incomprehensi-

2060 4922 2208 4985 bilis,
2233 4928 2290 4975 et
2317 4917 2560 4972 hominis
2590 4911 3012 4983 intelligentiam
3039 4911 3285 4978 superat.
3325 4902 3422 4958 Est
3455 4909 3638 4955 autem

2059 5013 2230 5068 totius
2270 5008 2520 5079 corporis
2554 5006 2771 5061 initium
2806 5008 2990 5072 caput,
3025 5006 3089 5054 ut
3131 4995 3256 5052 finis
3287 4993 3474 5065 pedes.
3504 4991 3638 5046 Pro-

2061 5100 2400 5172 pitiatorium
2427 5097 2594 5168 igitur
2640 5103 2727 5150 est
2783 5091 3058 5152 Christus,
3109 5087 3225 5159 qui,
3254 5083 3506 5156 quamvis
3549 5097 3642 5152 ap-

2059 5195 2242 5265 paruit
2273 5194 2328 5247 in
2363 5205 2551 5254 carne,
2579 5185 2940 5243 nihilominus
2969 5193 3150 5240 tamen
3179 5195 3332 5239 vere.
3358 5194 3423 5232 ac
3449 5183 3642 5230 natura

2059 5285 2204 5338 Deus
2230 5291 2334 5343 est,
2375 5288 2430 5335 et
2459 5277 2722 5334 Dominus
2752 5292 2765 5327 ε
2798 5289 2924 5329 cum
2952 5286 3238 5343 supremas
3264 5268 3386 5323 illas
3413 5265 3646 5320 virtutes

2060 5377 2263 5432 circum
2289 5391 2346 5428 se
2376 5372 2632 5427 servilem
2666 5369 2722 5424 in
2746 5367 2968 5423 modum
2997 5371 3203 5419 stantes
3225 5361 3440 5416 habeat.
3469 5355 3647 5412 Sacra:

2060 5469 2222 5522 etiam
2242 5467 2462 5521 Litterae
2491 5469 2763 5518 testantur
2788 5460 2828 5523 ³,
2857 5466 3214 5528 posteaquam
3239 5447 3464 5506 recessit
3495 5445 3648 5502 Sata-

2061 5571 2181 5622 nas,
2214 5556 2305 5610 illa
2334 5555 2657 5616 tentatione,
2709 5563 2874 5620 quam
2908 5546 3130 5602 Christo
3180 5539 3386 5604 intulit,
3419 5536 3646 5604 omissa,

465 5699 514 5778 ῗ⁶
546 5699 702 5778 ³9³2·
729 5713 836 5778 ἕΨν
872 5698 924 5752 δ·
978 5698 1045 5778 _'_’
1087 5701 1206 5778 _lsa.
1242 5721 1315 5771 vi,
1359 5705 1467 5770 1,52.
1547 5707 1800 5764 "lTim.
1831 5725 1902 5778 vt,
1935 5709 2019 5766 16.
2086 5710 2131 5743 ⁹⁹
2165 5708 2313 5774 Exod
2362 5719 2550 5774 xxxm,
2576 5702 2665 5760 20.
2722 5701 2738 5734 ¹
2760 5701 2919 5757 Rom.
2950 5711 3023 5763 ιι,
3047 5693 3135 5750 33.
3213 5693 3232 5725 ’
3260 5689 3405 5751 Psal.
3467 5702 3643 5756 Luvl,

403 5766 490 5833 20.
569 5768 589 5800 ⁸
641 5766 830 5823 Matth.
864 5783 938 5835 iv,
972 5768 1094 5836 l-l.‘
