3996 6212
324 152 428 208 60:5

1340 147 1395 209 s.
1438 146 1710 203 evrum
1753 145 2226 205 namnam
2262 130 2611 211 Ancum;

3461 144 3561 205 606

316 284 449 325 eum
479 270 570 326 ille
592 284 693 340 pro
720 271 879 327 nobis
905 270 1225 342 jejunasset,
1247 267 1472 337 angelos
1500 263 1817 328 accessisse,
1844 271 1894 318 et

2003 266 2269 336 τουργικὰ
2332 268 2413 331 εἰς
2467 265 2747 321 διακονίαν
2792 265 3253 339 ἀποστελλόμενα,
3300 258 3391 324 διὰ
3441 272 3568 334 τοὺς

325 360 405 415 illi
445 360 827 417 ministrasse:
874 378 894 412 ι
934 358 1172 431 Spiritus
1209 371 1445 428 namque
1484 355 1896 413 administrato-

324 468 412 507 res
432 459 580 523 sunt,
608 452 664 506 in
688 450 1051 508 ministerium
1068 448 1220 505 missi
1244 456 1468 525 propter
1501 463 1596 503 eos
1615 448 1710 519 qui
1728 448 1900 503 haere-

323 543 548 598 ditatem
572 532 797 612 capiunt
819 540 1012 597 salutis
1029 540 1070 596 ‘.
1098 559 1117 593 ι
1144 540 1321 611 Supra
1342 539 1782 613 propitiatorium
1805 555 1902 593 au—

325 646 431 689 tem
460 647 757 703 cognoscar
785 647 816 686 a
842 638 919 696 te,
947 630 1145 701 inquit,
1169 637 1225 685 et
1245 630 1439 700 loquar
1466 636 1665 689 tecum,
1690 628 1901 695 Quibus

323 722 526 787 verbis,
558 729 618 777 ut
650 738 751 794 ego
777 721 1036 785 arbitror,
1083 721 1192 775 duo
1245 719 1496 791 quadam
1548 719 1896 790 signiﬁcavit,

320 822 415 869 aut
436 813 738 881 Christum,
764 815 1013 885 quamvis
1042 815 1207 870 homo
1238 822 1384 871 esset
1413 815 1503 874 ille
1537 815 1779 885 quidem,
1815 824 1898 870 ta-

321 922 449 961 men
494 921 660 976 supra
714 905 953 962 hominis
1017 913 1270 961 naturam
1323 905 1667 971 locuturum,
1719 920 1898 975 neque

321 996 464 1051 intra
480 996 869 1052 exinanitionis
893 995 1115 1051 modum
1139 997 1400 1051 duntaxat
1415 1012 1534 1052 esse
1555 1012 1894 1063 mansurum,

319 1104 447 1142 cum
479 1088 625 1143 Deus
648 1087 738 1152 sit,
770 1092 826 1142 et
848 1102 915 1142 ex
939 1087 1052 1141 Deo
1083 1084 1384 1141 secundum
1416 1091 1699 1143 naturam:
1736 1104 1754 1136 ι
1785 1084 1897 1156 Ego

320 1180 520 1244 enim,»
542 1178 780 1245 dicebat,
801 1186 886 1234 «et
915 1178 1074 1233 Pater
1103 1192 1273 1230 unum
1300 1176 1557 1242 sumus“;
1583 1195 1601 1227 ›
1635 1184 1691 1231 et
1716 1194 1729 1229 :
1758 1196 1774 1226 ι
1793 1175 1896 1243 Qui

319 1272 456 1328 vidit
482 1287 588 1336 me,
618 1271 757 1327 vidit
787 1277 844 1325 et
886 1268 1101 1324 Patrem
1136 1282 1318 1322 meum
1358 1267 1398 1320 ⁸.
1439 1285 1457 1318 ›
1491 1266 1601 1322 Aut
1626 1267 1757 1321 illud
1786 1266 1901 1321 for.-

323 1362 881 1433 tasse:cognoscitur
928 1358 1074 1414 enim
1115 1373 1283 1429 super
1330 1357 1793 1427 propitiatorium,
1842 1366 1899 1415 et

321 1469 487 1523 super
515 1452 835 1517 Cherubim,
864 1451 920 1506 id
945 1459 1064 1514 est,
1113 1449 1169 1504 in
1228 1448 1554 1504 excellentia
1600 1455 1657 1503 et
1703 1448 1895 1520 gloria,

321 1558 486 1613 supra
516 1542 795 1597 hominem
846 1549 904 1596 et
928 1539 1198 1610 quidquid
1231 1546 1316 1593 est
1341 1546 1545 1602 ortum,
1578 1538 1634 1593 in
1664 1553 1775 1609 quo
1801 1555 1896 1610 ge-

2005 355 2300 431 μέλλοντας
2338 356 2691 428 κληρονομεῖν
2724 354 3020 428 σωτηρίας.
3064 376 3084 408 ι
3131 356 3371 414 Ἀνωθεν
3394 357 3451 412 δέ
3472 358 3567 421 τοῦ

2002 446 2337 519 ἱλαστηρίου,
2370 445 2881 519 γνωσθήσομαῖισοι,
2906 447 3060 519 φησι,
3097 464 3192 504 και
3213 446 3434 519 λαλήσω
3462 466 3567 515 σοι,

1997 537 2089 591 δύο
2126 554 2251 603 που,
2291 537 2541 609 καθάπερ
2578 530 2813 610 ἐγῷμαι,
2857 540 2951 592 καὶ
2990 537 3080 592 διὰ
3127 537 3319 594 τούτου
3367 538 3566 611 δηλῶν.

2000 627 2071 681 ’Ἡ
2100 627 2210 705 γὰρ
2238 629 2320 683 ὃτι
2352 629 2637 701 ἄνθρωπος
2665 629 2786 683 ὣνό
2811 629 3062 700 Χριστὸς,
3087 628 3158 683 τά
3188 629 3328 703 ὑπὲρ
3361 629 3571 703 ἀνθρώ-

1999 736 2102 773 που
2137 706 2361 791 λαλήσει
2417 719 2602 790 φύσιν,
2652 722 2747 776 καὶ
2800 722 2921 792 οὐχὶ
2982 721 3166 792 μόνοις
3203 723 3431 793 ἐμμενεῖ
3459 725 3572 785 τοῖς

1997 810 2096 879 τῆς
2127 809 2411 876 κενώσεως
2452 811 2692 884 μέτροις,
2722 812 2811 872 διά
2847 830 2912 881 γε
2941 813 3004 867 τὸ
3040 808 3178 867 εἶναι
3216 813 3346 878 Θεὸς
3379 815 3479 871 καὶ
3507 817 3571 876 ἐκ

1997 898 2132 954 Θεοῦ
2168 899 2311 955 κατὰ
2337 900 2519 970 φύσιν.
2550 920 2570 953 ι
2616 900 2756 970 Ἐγὼ
2775 900 2903 972 γὰρ,
2936 899 3165 969 ἔφασκε,
3206 902 3300 955 καὶ
3322 902 3351 953 6
3376 901 3572 971 Πατὴρ

1998 994 2057 1051 ἐν
2075 995 2263 1065 ἐσμεν,
2298 1015 2316 1047 ι
2338 996 2450 1058 καὶ,
2482 1016 2500 1047 ι
2535 997 2594 1049 '0
2610 995 2870 1067 ἑωρακὼς
2890 996 3011 1067 ἐμὲ,
3034 993 3246 1068 ἑώρακε
3282 995 3371 1049 τὸν
3395 995 3571 1049 Πατέ-

2003 1102 2093 1156 ρα.
2123 1104 2141 1137 ι
2174 1086 2242 1140 Ἢ
2259 1086 2435 1140 ἐκεῖνό
2453 1105 2555 1141 που
2570 1087 2712 1158 τάχα
2731 1103 2746 1117 ’
2768 1086 3094 1156 γινώσκεται
3112 1086 3228 1158 γὰρ
3244 1086 3451 1141 ἄνωθεν
3473 1086 3567 1141 τοῦ

2002 1176 2313 1250 ἱλαστηρίου
2336 1176 2432 1232 καὶ
2460 1177 2569 1232 τῶν
2595 1178 2894 1250 Χερουϐὶμ,
2923 1178 3218 1240 τουτέστιν,
3245 1179 3303 1230 ἐν
3326 1177 3566 1248 ὑπεροχῇ

1997 1270 2093 1323 καὶ
2127 1268 2251 1341 δόξῃ
2282 1272 2347 1341 τῇ
2394 1270 2533 1341 ὑπὲρ
2568 1270 2888 1340 ἄνθρωπον,
2935 1270 3029 1324 καὶ
3074 1269 3274 1334 παντὸς
3313 1268 3566 1323 ἐπέκεινα

1998 1360 2230 1430 γενητοῦ
2252 1400 2267 1424 ,
2295 1354 2370 1413 ὧν
2397 1362 2459 1415 τὸ
2494 1362 2790 1434 ἁκρότατόν
2827 1378 2887 1415 τε
2926 1361 3021 1415 καὶ
3048 1361 3351 1433 ὑπέρτατον
3380 1360 3449 1413 τὰ
3476 1360 3569 1415 Σεφ
3646 1362 3659 1377 ⁵

2003 1452 2196 1522 ραφὶμ,
2215 1453 2263 1505 εἰ
2287 1452 2381 1507 καὶ
2411 1451 2601 1521 γέγονε
2633 1452 2789 1524 σάρξ.
2824 1450 2921 1506 Ἐκ
2942 1451 3143 1524 χρυσοῦ
3184 1451 3242 1509 δὲ
3267 1451 3332 1505 τὸ
3360 1450 3569 1521 ἱλαστή-

2002 1560 2152 1614 ριον,
2185 1541 2279 1599 καὶ
2316 1543 2455 1597 αὐτὰ
2507 1544 2576 1597 τὰ
2627 1544 2895 1615 Σεραφίμ.
2943 1544 3008 1598 Ἥ
3062 1544 3159 1615 μὲν
3197 1542 3306 1615 γὰρ
3342 1541 3569 1613 εὐκλεής

320 1649 451 1689 nere
477 1634 715 1704 primum
758 1648 823 1688 ac
856 1648 1131 1688 summum
1166 1632 1348 1686 locum
1372 1636 1559 1685 tenent
1586 1629 1894 1700 Seraphim,

2003 1647 2058 1684 τε
2111 1632 2208 1684 καὶ
2250 1631 2716 1704 περικαλλεστάτη
2758 1631 2941 1702 φύσις,
2992 1631 3146 1697 Θεός.
3191 1633 3279 1687 Ἐν
3310 1630 3569 1701 ὁμοιώσει

319 1724 570 1794 quamvis
608 1738 739 1781 caro
777 1723 852 1781 sit
900 1723 1095 1778 factus.
1138 1722 1237 1778 Est
1281 1729 1466 1779 autem
1504 1736 1572 1776 ex
1610 1736 1746 1776 auro
1772 1736 1900 1790 pro-

319 1815 742 1885 pitiatorium,et
761 1816 878 1886 ipsa
900 1829 1118 1884 quoque
1135 1811 1421 1889 Seraphim
1450 1829 1464 1865 :
1483 1820 1679 1866 natura
1697 1812 1898 1882 quippe

319 1903 734 1972 praeclarissima
782 1910 947 1973 atque
985 1900 1359 1973 pulcherrima
1405 1901 1551 1956 Deus
1605 1908 1691 1955 est
1725 1917 1741 1966 ;
1777 1916 1900 1973 qua:

319 2003 501 2051 autem
526 2005 647 2051 orta
682 2005 829 2061 sunt,
866 2010 932 2051 ea
955 1994 1373 2051 similitudinem
1397 1996 1517 2066 ejus
1548 2010 1648 2066 per
1672 1996 1900 2066 partici-

317 2085 596 2155 pationem
651 2086 912 2146 retinent.
965 2086 1036 2141 Iis
1091 2100 1258 2155 porro
1306 2085 1402 2155 qui
1448 2085 1610 2155 297
1660 2086 1806 2149 circa
1837 2100 1902 2147 ac

2001 1720 2059 1777 δέ
2088 1723 2155 1792 τῇ
2196 1721 2334 1793 πρὸς
2367 1720 2530 1775 αὑτὸν
2561 1722 2703 1777 κατὰ
2742 1719 2980 1792 μέθεξιν,
3006 1720 3076 1775 τὰ
3111 1720 3334 1791 γενητὰ.
3359 1720 3484 1782 Τοῖς
3512 1718 3571 1775 δὲ

2002 1812 2061 1865 ἐν
2086 1811 2269 1883 κύκλῳ
2302 1813 2395 1866 καὶ
2421 1811 2591 1883 ἀγχοῦ
2628 1812 2908 1882 γεγονόσιν
2937 1810 3124 1880 αὑτοῦ,
3154 1810 3253 1883 τὴν
3296 1810 3396 1883 τῆς
3437 1807 3571 1874 ἰδίας

2003 1905 2100 1963 καὶ⁸
2139 1905 2378 1975 φυσικῆς
2407 1905 2761 1975 φαιδρότητος
2825 1903 3135 1977 ἐπιμεριζει
3198 1901 3452 1975 μέθεξιν,
3496 1901 3574 1966 ὥς

2004 1994 2180 2065 φωτὸς
2213 1994 2305 2048 ἐπί
2333 2013 2387 2056 τι
2421 1996 2529 2050 τῶν
2570 1996 2738 2060 πέλας
2775 1995 3291 2067 άντανακλωμένου,
3312 1995 3410 2049 καὶ
3434 1992 3575 2065 λαμει

2006 2085 2240 2157 πρότητι
2274 2088 2341 2158 τῇ
2377 2086 2481 2158 ἰδίᾳ
2497 2087 2558 2140 τὸ
2594 2087 2898 2159 προστυχὸν
2938 2086 3431 2157 καταυγάζοντοςη

317 2192 486 2248 prope
515 2178 695 2260 ipsum
721 2186 869 2246 sunt,
914 2194 1028 2234 suze
1078 2180 1344 2235 naturalis
1382 2180 1648 2236 claritatis
1674 2181 2011 2236 consortium
2066 2182 2399 2252 impertitur,
2422 2190 2484 2237 ut
2517 2182 2765 2249 luminis,
2789 2198 2915 2240 cum
2937 2181 3008 2243 ad
3045 2181 3321 2253 objectum
3347 2181 3571 2253 aliquod

316 2282 518 2338 corpus
548 2270 837 2339 appulsum
859 2268 1179 2335 reﬂectitur,
1203 2278 1260 2325 et
1296 2286 1397 2326 suo
1419 2270 1730 2341 splendore,
1758 2271 2025 2343 quidquid
2053 2273 2279 2329 obvium
2303 2281 2407 2340 est,
2438 2273 2726 2332 illuminat.

386 2361 585 2419 PALL.
620 2362 788 2421 Recte
812 2377 943 2418 sane
985 2361 1173 2429 habet,
1201 2370 1258 2418 et
1288 2371 1373 2419 est
1396 2362 1465 2417 ad
1497 2362 1788 2418 veritatem
1808 2378 1903 2419 ex-

317 2453 488 2529 polita
521 2454 722 2510 oratio.

385 2542 543 2598 CYR.
572 2544 691 2600 Jam
746 2560 902 2610 vero,
956 2553 1239 2600 exstructo
1292 2544 1698 2615 propitiatorio,
1735 2547 1901 2602 aliter

317 2649 536 2704 quoque
568 2635 729 2691 nobis
750 2635 956 2691 Christi
978 2635 1300 2708 mysterium
1325 2636 1637 2710 adumbrat,
1669 2638 1895 2694 dicens:

326 2742 344 2775 α
383 2723 451 2779 Et
479 2722 647 2780 facies
673 2739 917 2780 mensam
969 2740 1035 2779 ex
1081 2741 1218 2781 auro
1269 2726 1477 2781 mundo
1501 2728 1544 2787 ⁷.
1579 2748 1596 2780 ι
1647 2728 1894 2801 Cumque

312 2815 566 2887 jussisset
596 2826 657 2869 ut
677 2815 861 2870 annuli
886 2831 1088 2871 mensa:
1103 2815 1476 2887 ailigerentur,
1501 2817 1557 2872 in
1584 2835 1722 2888 quos
1741 2821 1895 2877 aurei

319 2909 503 2958 vectes
549 2902 1000 2969 immitterentur,
1038 2920 1271 2974 cumque
1299 2921 1586 2967 mensuras
1625 2909 1792 2963 etiam
1826 2910 1893 2965 il-

2073 2364 2282 2419 IIAAA.
2332 2364 2537 2437 Ὀρθῶς
2569 2364 2690 2436 ,ἔχει
2715 2404 2731 2431 ,
2781 2364 2876 2421 καὶ
2909 2363 3278 2436 ἀπεξεσμινος
3328 2365 3460 2436 ἡμῖν
3490 2366 3573 2432 εἰς

2002 2444 2257 2527 τάληθὲς,
2289 2457 2317 2509 ὁ
2345 2456 2522 2525 λόγος.

2072 2540 2239 2597 ΚΥΡ.
2268 2542 2423 2596 Μετὰ
2459 2542 2518 2596 δέ
2560 2541 2660 2614 τὴν
2694 2541 2786 2597 τοῦ
2840 2542 3156 2616 ἱλαστηριου
3204 2544 3572 2617 κατασκευὴν¹
3604 2582 3613 2590 .

1998 2629 2093 2685 καὶ
2119 2630 2324 2703 ἑτέρως
2358 2632 2492 2704 ⁴ἡμῖν
2520 2632 2583 2687 τὸ
2606 2632 2844 2704 Χριστοῦ
2883 2635 3182 2709 μυστήριον
3217 2637 3572 2705 σκιαγραφεῖ,

2008 2719 2213 2788 λέγων⁶
2244 2741 2261 2772 ι
2292 2723 2402 2776 Καὶ
2450 2723 2695 2794 ποιήσεις
2722 2723 2999 2796 τράπεζαν
3023 2725 3223 2797 χρυσοῦ
3253 2725 3512 2798 καθαροῦ.
3545 2744 3570 2780 ο

1997 2810 2328 2875 Δακτυλίους
2359 2828 2418 2865 τε
2461 2813 2598 2884 αὐτῇ
2630 2814 3094 2886 προσερειρῗβθαι
3134 2815 3245 2870 δεῖν
3289 2814 3571 2882 ἐπιτάξας,

2002 2902 2098 2955 καὶ
2123 2901 2359 2975 χρυσοῦς
2388 2904 2412 2955 ἐ
2421 2903 2758 2974 μϐάλλεσθαι
2779 2904 2909 2969 τοὺς
2950 2907 3281 2979 άναφορέας,
3314 2907 3491 2981 μέτρα
3512 2925 3575 2962 τε

319 2993 446 3057 lius,
473 3000 530 3047 et
565 2993 785 3051 artiﬁcii
814 2994 1102 3059 rationem,
1135 3012 1244 3066 qua
1280 2997 1348 3053 ad
1387 3013 1654 3053 summam
1676 2999 1894 3072 elegan-

2003 2989 2167 3061 ιύτῆς
2203 2991 2298 3044 καὶ
2331 2991 2614 3063 εὐτεχνίας
2662 2993 2789 3058 τοὺς
2825 2995 3081 3066 τρόπους,
3109 2996 3231 3052 καθ’
3267 2995 3361 3062 οὓς
3390 2998 3460 3052 ἂν
3486 2998 3577 3066 γέρ-

319 3083 712 3155 tiam“‘insignis
739 3085 915 3151 ﬁeret,
944 3087 1285 3161 apertissime
1324 3089 1767 3160 praescripsisset,
1793 3091 1892 3147 de-

319 3172 484 3242 nique
514 3189 528 3226 :
562 3173 667 3229 «Et
699 3174 1239 3245 impones,»inquit,c
1264 3192 1430 3246 super
1452 3193 1696 3233 mensam
1726 3195 1894 3249 panes

319 3264 711 3334 propositionis
738 3281 923 3321 coram
946 3282 1033 3322 me
1053 3278 1322 3338 perpetuo
1346 3270 1386 3324 ⁸.
1412 3289 1431 3322 ι
1463 3270 1751 3342 Aureaque
1778 3274 1897 3345 ejus

317 3370 467 3423 vasa,
490 3365 547 3411 et
570 3358 876 3425 acetabula,
922 3365 979 3414 et
1024 3360 1365 3425 mortariola,
1395 3368 1451 3417 et
1481 3362 1726 3434 cyathos,
1753 3373 1808 3420 et
1832 3366 1897 3419 li-

318 3450 529 3506 batoria
560 3449 679 3507 ﬁeri
718 3451 901 3524 jussit.
948 3450 1032 3506 An
1078 3466 1213 3507 vero
1255 3467 1450 3522 parum
1491 3454 1777 3510 evidenter
1803 3455 1895 3512 ille

316 3542 474 3613 panis
494 3558 526 3598 e
557 3544 697 3599 caalo
740 3543 902 3598 nobis
940 3542 1438 3609 demonstrabatur,
1477 3546 1571 3615 qui
1601 3545 1895 3616 aliquando

317 3632 373 3687 in
400 3631 606 3688 sanctis
651 3632 1009 3691 ecclesiarum
1047 3633 1253 3689 mensis
1303 3635 1692 3708 proponendus
1726 3646 1892 3704 esset,

311 3732 370 3787 et
412 3724 583 3782 vitam
624 3724 831 3784 mundo
861 3724 1131 3782 daturus?

384 3902 582 3959 PALL.
611 3903 726 3959 [me
749 3919 881 3960 vero
901 3906 1158 3961 maxime.

383 3993 538 4051 CYR.
586 3995 883 4051 Aeetabula
937 4011 1133 4066 porro,
1186 4004 1243 4052 et
1291 3996 1646 4064 mortariola,
1714 3998 1895 4071 cyathi

314 4104 533 4161 quoque
567 4091 915 4158 etlibatoria,
940 4101 997 4147 et
1020 4108 1084 4148 ea
1119 4092 1303 4148 omnia
1350 4108 1587 4163 quorum
1622 4092 1691 4149 ad
1740 4109 1898 4149 men-

316 4197 433 4236 sam
458 4180 606 4236 illam
626 4196 840 4236 saeram
892 4198 955 4238 ac
983 4185 1266 4257 mysticam
1314 4196 1448 4242 usus
1509 4195 1646 4252 erat,
1691 4203 1894 4255 nonne,

318 4272 540 4337 Palladi,
588 4272 899 4331 divinorum
930 4274 1310 4332 thesaurorum
1334 4277 1505 4349 ﬁgura
1529 4278 1711 4333 sunt?

384 4364 587 4419 PALL.
622 4364 765 4421 Sane
794 4381 947 4423 vero.

380 4455 537 4512 CYR.
588 4456 695 4513 Sed
740 4457 858 4514 haec
906 4459 1128 4529 quidem
1178 4459 1235 4514 in
1284 4459 1474 4515 Exodo
1524 4478 1538 4513 :
1593 4458 1663 4514 de
1706 4475 1896 4516 mensa

311 4563 445 4604 vero
473 4557 528 4606 et
555 4551 788 4619 panibus
818 4551 1213 4623 propositionis
1247 4550 1530 4621 legislator
1567 4551 1625 4606 in
1647 4551 1894 4610 Levitico

312 4640 511 4707 sanxit,
536 4648 702 4711 atque
730 4642 804 4696 ibi
827 4640 1228 4712 quodammodo
1249 4640 1486 4711 explicat
1530 4640 1639 4696 hoc
1680 4656 1892 4713 praece-

313 4736 490 4796 ptum,
531 4737 589 4785 et
642 4731 1108 4801 quemadmodum
1153 4731 1456 4802 propositio
1503 4731 1621 4787 ﬁeri
1670 4732 1889 4801 debeat,

313 4819 473 4887 plane
497 4819 658 4876 docet
685 4823 774 4879 his
808 4823 995 4879 verbis
1031 4840 1046 4878 :
1081 4843 1100 4879 ι
1135 4822 1203 4879 Et
1232 4823 1514 4894 accipietis
1549 4824 1806 4892 similam,
1829 4834 1887 4882 et

311 4906 525 4962 facietis
560 4923 627 4963 ex
672 4925 738 4966 ea
785 4910 1078 4967 duodecim
1103 4927 1300 4983 panes;
1342 4926 1373 4966 e
1398 4911 1615 4970 duabus
1654 4912 1886 4969 decimis

309 4996 417 5053 erit
443 4998 602 5068 panis
623 5016 800 5069 unus;
843 5011 902 5058 et
935 5002 1227 5073 imponetis
1262 5018 1359 5060 eos
1385 5003 1524 5059 duas
1559 5002 1881 5074 positiones,

310 5097 368 5145 et
385 5105 482 5146 sex
501 5104 670 5161 panes
698 5110 808 5149 una
846 5093 1048 5164 positio
1091 5111 1258 5166 super
1289 5110 1535 5150 mensam
1564 5111 1757 5165 puram
1786 5109 1883 5150 co-

312 5194 429 5235 ram
450 5178 701 5241 Domino.
718 5183 788 5237 Et
805 5183 1098 5255 imponetis
1119 5185 1185 5241 ad
1213 5185 1542 5256 positionem
1569 5202 1733 5241 unam
1755 5187 1885 5242 thus

312 5271 578 5328 mundum
600 5288 726 5329 cum
760 5275 892 5341 sale,
919 5284 977 5331 et
1013 5285 1177 5333 erunt
1200 5277 1257 5333 in
1285 5291 1453 5348 panes
1484 5276 1883 5334 recordationis

317 5361 597 5433 proposita
637 5362 900 5432 Domino;
937 5365 1028 5424 die
1054 5367 1414 5424 Sabbatorum
1450 5375 1754 5439 apponetur
1784 5382 1878 5422 co-

1997 3100 2140 3136 νοιτο
2185 3083 2426 3155 λαχοῦσα
2469 3085 2531 3139 τὸ
2587 3088 2866 3159 ἐκπρεπὲς
2910 3090 2992 3154 εἰς
3042 3084 3184 3154 εῐδος
3221 3089 3282 3143 τὸ
3313 3090 3577 3144 ἀνωτάτω

2000 3174 2311 3243 σαφέστατα
2356 3175 2597 3238 διειπὼν,
2650 3196 2669 3229 ι
2715 3180 2825 3235 Καὶ
2861 3180 3144 3253 ἐπιθήσεις
3171 3220 3188 3248 ,
3239 3181 3425 3253 φησὶν,
3480 3182 3574 3242 ἐπὶ

1994 3265 2094 3338 τὴν
2127 3266 2404 3336 τράπεζαν
2466 3269 2665 3340 ἄρτους
2710 3271 2998 3339 ἐνωπεους,
3043 3271 3286 3327 ἐναντιον
3335 3290 3437 3345 μου
3485 3273 3577 3334 διὰ

1997 3357 2216 3423 παντός.
2253 3377 2274 3411 ι
2304 3359 2499 3432 Χρυσᾶ
2520 3360 2576 3414 δὲ
2599 3361 2771 3433 αὐτῆς
2800 3362 2873 3423 τὰ
2901 3362 3094 3435 σκεύη,
3126 3364 3353 3436 τρυϐλία
3387 3382 3449 3419 τε
3477 3366 3574 3420 καὶ

1997 3450 2248 3515 θυίσκας,
2268 3452 2365 3507 καὶ
2394 3453 2503 3524 μὴν
2528 3456 2623 3514 καὶ
2643 3456 2899 3521 κυάθους,
2926 3457 3019 3511 καὶ
3036 3459 3290 3513 σπονδεῖα
3316 3458 3573 3528 γενέσθαι

1996 3541 2384 3613 προστέταχεν.
2422 3540 2548 3618 1Ἃρ*
2593 3547 2695 3602 οὐκ
2740 3548 2987 3618 ἐναργῶς
3014 3551 3043 3603 6
3083 3549 3248 3622 ἄρτος
3291 3551 3423 3622 ἡμῖν
3445 3552 3476 3604 6
3508 3550 3575 3617 ἐξ

1995 3631 2226 3704 οὐρανοῦ
2272 3634 2690 3703 κατεδείκνυτο,
2720 3638 3145 3709 προκεισόμενος
3174 3640 3316 3694 κατὰ
3345 3641 3575 3712 καιροὺς

1995 3724 2055 3777 ἐν
2088 3723 2270 3793 ἁγίαις
2299 3725 2601 3797 τραπέζαις
2635 3730 2963 3803 ἐκκλησιῶν,
2992 3730 3090 3786 καὶ
3122 3730 3267 3804 ζωὴν
3295 3731 3472 3799 διδοὺς
3488 3731 3573 3802 τῷ

1995 3812 2186 3884 κόσμῳ
2200 3831 2217 3880 ς

2068 3907 2278 3962 ΠΑΛΛ.
2312 3908 2420 3962 Καὶ
2455 3908 2620 3980 μάλα.

2068 3998 2234 4057 ΚΥΡ,
2290 3998 2532 4071 Τρυϐλία
2582 4018 2642 4055 τε
2693 4004 2790 4057 καὶ
2840 4002 3081 4070 θυίσκαι,
3118 4001 3313 4058 κύαθοι
3358 4020 3421 4056 τε
3473 4004 3571 4057 καὶ

1998 4091 2271 4155 σπονδεῖα,
2304 4093 2398 4146 καὶ
2430 4093 2496 4146 τὰ
2513 4093 2578 4147 δι’
2597 4088 2672 4147 ὧν
2696 4094 2793 4164 τῆς
2812 4094 2971 4162 ἁγίας
2995 4094 3315 4167 τραπέζηςή
3334 4094 3569 4169 μυστικὴ

1998 4180 2091 4235 καὶ
2121 4181 2393 4254 ἱερωτάτη
2423 4182 2725 4255 πληροῦται
2751 4184 2936 4256 χρεία,
2965 4185 3025 4240 οὐ
3053 4185 3161 4241 τῶν
3180 4185 3339 4241 θείων
3369 4201 3569 4259 κειμη-

2000 4272 2131 4325 λίων
2164 4272 2332 4337 τύπος
2364 4273 2430 4328 ἂν
2464 4270 2592 4334 εἷεν.
2623 4268 2668 4326 ὧ
2694 4276 2831 4342 τᾶν;

2066 4365 2274 4419 ΠΔΛΛ.
2307 4366 2453 4419 Πάνυ
2488 4364 2585 4435 μὲν
2619 4363 2734 4422 οῦν.

2066 4454 2230 4509 ΚΥΡ.
2279 4453 2438 4511 Ἀλλὰ
2476 4455 2632 4508 ταυτὶ
2665 4454 2763 4526 μὲν
2806 4455 2864 4507 ἐν
2893 4456 2962 4527 τῇ
3025 4453 3239 4526 Ἐξόδῳ.
3274 4453 3567 4527 Τραπέξης

1993 4544 2050 4597 δέ
2084 4544 2210 4616 πέρι
2234 4545 2327 4599 καὶ
2355 4543 2460 4615 μὴν
2483 4546 2577 4599 καὶ
2599 4545 2908 4616 προθέσεως
2936 4544 3140 4618 ἄρτων,
3175 4544 3567 4616 κεχρησμῴδητ

1993 4652 2086 4689 κεν
2107 4637 2135 4688 6
2164 4634 2458 4707 νομοθέτης
2477 4637 2533 4689 ἐν
2561 4636 2636 4707 τῷ
2656 4635 2926 4707 Λευιτικῷ
2945 4653 2960 4669 ο
2983 4632 3268 4709 ἀνευρύνει
3292 4636 3348 4690 δὲ
3374 4634 3566 4708 ῶσπερ

1999 4725 2098 4798 τὴν
2113 4724 2351 4799 ἐντολὴν,
2365 4727 2487 4781 τίνα
2500 4745 2558 4781 τε
2576 4728 2777 4800 τρόπον
2801 4730 2835 4801 ἡ
2864 4727 3119 4799 πρόθεσις
3134 4728 3302 4793 ἐσται,
3325 4726 3566 4795 διδάσκει

1991 4818 2200 4887 σαφῶς,
2231 4818 2407 4888 λέγων
2442 4817 2633 4884 οὕτως·
2677 4838 2696 4871 ι
2720 4819 2831 4873 Kal.
2865 4819 3099 4892 λήψεσθε
3134 4817 3429 4890 σεμίδαλιν,
3471 4818 3564 4886 καὶ

1988 4910 2243 4980 ποιήσετε
2264 4910 2432 4982 αὐτὴν
2462 4908 2670 4974 δώδεκα
2697 4911 2915 4983 ἄρτους.
2946 4910 3051 4964 Δύο
3081 4910 3322 4964 δεκάτων
3353 4908 3504 4967 ἔσται
3534 4910 3565 4963 6

1990 5001 2155 5071 ἄρτος
2174 5002 2204 5054 6
2229 4995 2330 5066 εἷς.
2359 5002 2471 5056 Καὶ
2503 5002 2793 5074 ἐπιϐήσετε
2838 5002 3038 5067 αὐτοὺς
3067 5001 3162 5056 δύο
3199 5000 3434 5074 θέματα,
3464 4998 3562 5052 καὶ

1988 5091 2047 5158 ἒξ
2083 5092 2282 5163 ἄρτους
2312 5092 2374 5145 τὸ
2395 5092 2453 5160 ἓν
2486 5092 2628 5165 θέμα
2645 5091 2740 5146 ἐπὶ
2762 5091 2863 5163 τὴν
2884 5092 3163 5165 τράπεζαν
3191 5091 3289 5160 τὴν
3314 5088 3560 5161 καθαρὰν

1990 5183 2171 5237 ἔναντι
2212 5183 2440 5255 Κυρίου.
2473 5184 2586 5239 Καὶ
2630 5185 2925 5257 ἐπιϐήσετε
2955 5184 3047 5238 ἐπὶ
3079 5183 3139 5237 τὸ
3168 5181 3313 5252 θέμα
3341 5181 3560 5235 λίϐανον

1986 5275 2229 5347 καθαρὸν
2257 5275 2350 5329 καὶ
2374 5274 2493 5334 ἅλα,
2532 5276 2627 5329 καὶ
2654 5275 2870 5329 ἔσονται
2889 5277 2969 5339 εἰς
2991 5275 3188 5345 ἄρτους
3212 5275 3293 5337 εἰς
3321 5271 3559 5341 ἀνάμνηο

1990 5384 2074 5420 σιν
2116 5368 2452 5438 προκείμενα
2479 5366 2556 5439 τῷ
2581 5368 2791 5439 Κυρίῳ,
2818 5370 2883 5437 τῇ
2912 5368 3096 5439 ἡμέρᾳ
3124 5367 3231 5419 τῶν
3268 5362 3557 5433 σαϐϐάτων

387 5531 411 5585 ἱ
444 5531 679 5613 [lebatll
720 5539 799 5595 Η.
879 5542 898 5574 ⁸
931 5536 1088 5615 Joa'n.
1112 5558 1167 5610 Χ,
1203 5541 1289 5598 50.
1361 5542 1380 5568 “
1411 5542 1566 5599 Joan.
1597 5559 1701 5608 xw,
1742 5543 1803 5616 9._
1866 5546 1885 5574 ⁷

2003 5542 2081 5596 πά.
2122 5558 2243 5605 xxv,
2280 5541 2363 5613 11.
2444 5542 2464 5573 ⁸
2494 5540 2654 5611 [Μόη
2681 5538 2779 5615 30.⁸
