3996 6212
342 190 450 250 ωε

1085 186 1172 240 DE
1210 183 1653 247 ADORATIONE
1688 187 1756 242 ΙΝ
1796 186 2066 245 SPIRITU
2105 188 2194 244 ET
2235 187 2603 244 VERITATE.
2650 188 2778 244 LIB.
2817 187 2909 244 1X.

3479 193 3590 254 608

341 299 714 373 προσθήσεται
760 296 939 349 εναντι
972 295 1180 365 Κυρίου
1225 296 1516 360 διαπαντὸς
1549 296 1778 352 ἐνώπιον
1807 298 1914 351 τῶν

2023 314 2133 354 ram
2171 299 2403 355 Domino
2454 309 2722 371 perpetuo
2754 316 2786 356 a
2825 299 2953 355 ﬁliis
2996 300 3163 356 Israel
3205 308 3591 361 testamentum

345 393 475 446 υίῶν
529 388 769 461 Ἰσραὴλ,
799 388 1068 460 διαθήκην
1093 387 1312 443 αἰώνιον
1335 405 1349 420 °
1383 390 1477 442 καὶ
1515 388 1665 444 ἔσται
1706 389 1916 460 Ἀαρὼν

344 483 436 536 καὶ
466 480 580 541 τοῖς
629 478 768 541 υίοίς
806 477 994 532 αὑτοῦ.
1028 477 1139 530 Καὶ
1185 476 1452 548 φάγονται
1479 477 1620 534 αὐτὰ
1657 479 1717 531 ἐν
1766 479 1916 549 τόπῳ

343 570 504 640 ἁγίῳ·
533 567 650 621 ἔστι
673 569 783 640 γὰρ
797 567 1081 638 Ἃγιατῶν
1103 568 1273 636 ἁγίων
1291 569 1450 623 τοῦτο
1478 569 1677 633 αὐτῶν,
1702 570 1795 623 καὶ
1809 571 1916 623 ἀπὸ

342 661 450 714 τῶν
492 658 899 730 θυσιαζομένων
942 658 1021 729 τῷ
1072 659 1282 730 Κυρίῳ,
1319 660 1550 731 νόμιμον
1596 659 1831 714 αἰώνιον.
1890 680 1910 713 ι

357 753 444 805 Ἐν
471 751 528 804 δέ
549 767 612 818 γε
633 753 746 815 τοῖς
780 750 1081 821 Ἀριθμοίς,
1097 751 1173 814 ὡς
1191 752 1287 806 ἕνα
1303 751 1460 806 πάλιν
1486 752 1650 824 ἄρτον
1674 756 1805 824 ἡμῖν
1827 753 1916 805 τὸν

344 843 406 908 ἐξ
437 842 668 916 ούρανοῦ
704 844 798 898 καὶ
829 843 890 910 ἐξ
919 844 1097 914 ήμῶν·
1134 843 1327 912 γέγονε
1361 845 1471 916 γὰρ
1501 845 1630 908 Θεὸς
1648 844 1723 898 ὢν
1758 845 1916 913 φύσει

347 935 474 989 καθ’
497 937 529 1004 ή
540 936 646 1006 μᾶς
661 935 893 1003 όΛόγος,
918 937 1012 988 καὶ
1029 937 1338 1007 ἐσκήνωσεν
1361 937 1418 988 ἐν
1434 938 1584 1007 ἡμῖν,
1603 937 1916 995 κατεδείκνυ

343 1027 521 1095 λέγων
554 1027 692 1098 πρὸς
719 1027 813 1081 τὸν
842 1029 1162 1099 ἱεροφάντην
1185 1027 1445 1082 Μωῦσέαο
1479 1047 1497 1080 ι
1536 1028 1782 1099 Λάλησον
1805 1031 1919 1092 τοῖς

345 1119 484 1182 υίοῖς
528 1117 764 1190 Ἰσραὴλ,
803 1118 897 1172 καὶ
930 1119 1075 1190 ἐρεῖς
1115 1119 1250 1189 πρὸς
1293 1119 1510 1182 αύτούς*
1566 1121 1652 1172 Ἐν
1698 1121 1774 1190 τῷ
1825 1138 1919 1173 πο-

349 1211 604 1282 ρεύεσθαι
659 1213 802 1282 ὑμᾶς
843 1212 923 1275 είς
956 1209 1056 1282 τὴν
1091 1211 1195 1282 γῆν
1248 1213 1312 1283 ῆν
1358 1211 1469 1280 ἐγὼ
1515 1214 1720 1282 εἰσάγω
1776 1215 1920 1284 ὑμᾶς

345 1307 483 1368 ἐκεῖ,
522 1307 616 1358 καὶ⁵
654 1305 827 1370 ἔσται,
858 1305 986 1360 ὅταν
1033 1305 1250 1376 ἐσθίητε
1281 1306 1438 1376 ὑμεῖς
1480 1307 1591 1360 ἀπὸ
1611 1307 1719 1360 τῶν
1740 1307 1920 1374 ἄρτων

343 1396 448 1465 τῆς
476 1396 603 1465 γῆς,
628 1396 913 1466 ἀφαιρεῖτε
939 1395 1137 1466 ἀφαίρε
1147 1413 1220 1466 μα
1238 1395 1518 1466 ἀφόρισμα
1535 1397 1721 1466 Κυρίῳ
1740 1397 1919 1466 ἀπαρ-

345 1489 448 1559 χὴν
494 1486 814 1556 φυράματος
855 1487 1046 1557 ὑμῶν·
1083 1487 1246 1558 ἄρτον
1296 1487 1581 1558 ἀφαίρεμα
1642 1489 1918 1558 ἀφοριείτε

347 1577 480 1630 αὐτὸ
524 1578 600 1638 ὡς
639 1577 922 1646 ἁφαίρεμα
969 1576 1077 1630 ἀπὸ
1115 1576 1342 1640 ἅλωνος,
1369 1576 1543 1642 οὕτως
1579 1579 1920 1649 ἀφαιρήσετε

346 1667 602 1736 ἀπαρχὴν
649 1666 969 1738 φυράματος
1005 1666 1182 1737 ὑμῶν,
1226 1668 1320 1720 καὶ⁸
1366 1665 1566 1720 δώσετε
1601 1667 1678 1738 τῷ
1732 1669 1920 1739 Κυρίῳ

345 1759 632 1830 ἀφαίρεμα
662 1761 742 1824 είς
765 1759 864 1823 τὰς
895 1759 1088 1828 γενεὰς
1141 1761 1316 1831 ὑμῶν.
1347 1781 1365 1814 ι
1409 1763 1520 1816 Καὶ
1563 1761 1791 1832 ἀπονητὶ
1823 1761 1920 1832 μὲν

344 1850 434 1904 διὰ
452 1851 654 1903 τούτων
677 1849 990 1920 καταθεῷτό
1021 1867 1102 1914 τις
1121 1851 1188 1904 ἂν
1215 1851 1274 1904 τὸ
1292 1851 1394 1922 τῆς
1425 1851 1685 1923 ἀληθείας
1715 1853 1920 1924 μυστή-

352 1957 485 2009 ριον.
518 1939 809 2004 Λελέξεται
832 1940 888 1994 δὲ
922 1941 1059 2013 πρὸς
1083 1941 1244 2012 ήμῶν
1273 1944 1329 1996 ἐν
1368 1942 1481 2012 ίδίῳ
1507 1943 1684 2014 καιρῷ
1710 1943 1922 2007 λεπτῶς

347 2033 442 2086 καὶ
469 2032 965 2102 ἀπηκριϐωμένως,
995 2034 1075 2094 είς
1095 2033 1282 2103 ἕτερον
1308 2034 1438 2105 ήμτν
1466 2033 1662 2107 ἱδρῶτα
1683 2051 1922 2106 συγγρα-

349 2124 455 2193 φῆς
487 2125 889 2195 μετερρηκότος
909 2122 1003 2176 τοῦ
1023 2121 1207 2191 λόγου.
1232 2124 1378 2195 Πλὴν
1396 2127 1591 2186 ἐκεῖνο.
1620 2122 1773 2195 οἶμαί
1794 2143 1918 2192 που,

349 2214 718 2286 κατατεθήποι
749 2232 831 2279 τις
873 2214 939 2268 ἂν
982 2215 1062 2280 εἴς
1099 2231 1162 2284 γε
1205 2216 1266 2269 τὸ
1292 2216 1465 2289 παρὸν
1505 2220 1659 2289 ήμίν,
1694 2213 1738 2270 ὧ
1782 2218 1921 2272 Παλ-

351 2306 515 2360 λάδιε.

418 2399 628 2453 ΠΑΛΛ.
662 2399 735 2452 Τὸ
767 2399 915 2453 ποῖόν
940 2417 994 2453 τι
1019 2401 1164 2471 φήςς

421 2490 584 2544 ΚΥΡ.
638 2489 936 2554 Πολυειδῶς
965 2493 1072 2562 γὰρ
1107 2493 1238 2562 ήμῖν
1269 2491 1487 2561 ἐμφανῆ
1532 2491 1796 2556 καθιστὰς
1831 2493 1921 2548 τὸν

363 2583 729 2654 Ἐμμανουὴλ,
767 2585 858 2638 καὶ
882 2585 949 2638 δι’
981 2585 1170 2655 ἐτέρου
1202 2585 1362 2638 πάλιν
1397 2585 1560 2638 αὐτὸν
1593 2585 1922 2640 ἀναπλάττει

346 2675 527 2743 λόγου.
560 2675 706 2745 Πρὸς
733 2677 840 2747 γάρ
879 2693 960 2769 τρι
995 2675 1234 2729 Μωῦσὲα
1266 2675 1397 2745 φησί
1423 2693 1437 2708 ο
1476 2695 1495 2729 ι
1539 2677 1650 2730 Kal
1679 2679 1924 2746 ποιήσεις

356 2767 578 2836 λυχνίαν
632 2768 700 2822 ἐκ
748 2766 974 2837 χρυσίου
1015 2766 1278 2835 καθαροῦ,
1332 2769 1630 2839 τορνευτὴν
1675 2769 1923 2837 ποιήσεις

350 2856 448 2925 τὴν
470 2855 711 2927 λυχνίανη
752 2859 781 2911 ὁ
803 2857 1000 2921 καυλὸς
1040 2858 1213 2928 αὐτῆς
1248 2858 1341 2910 καὶ
1365 2859 1417 2910 οἱ
1445 2858 1792 2928 καλαμίσκοι,
1830 2858 1921 2911 καὶ

351 2947 398 3002 οἱ
430 2946 728 3016 κρατῆρες,
767 2947 862 3000 καὶ
900 2947 951 3000 oi
983 2950 1385 3020 σφαιρωτῆρες,
1429 2951 1524 3002 καὶ
1567 2951 1634 3003 τὰ
1660 2950 1822 3020 κρίνα
1863 2949 1923 3016 ἐξ
1950 2977 1990 3032 C

352 3037 522 3108 αὐτῆς
557 3037 728 3092 ἐσται.
753 3037 852 3104 Ἓξ
881 3039 1212 3111 καλαμίσκοι
1243 3043 1307 3095 ἐκ
1329 3042 1424 3096 τοῦ
1456 3043 1669 3106 κλίτους
1694 3043 1786 3097 τοῦ
1810 3043 1925 3096 δευ-

352 3129 534 3200 τέρου.
567 3150 586 3183 ι
632 3131 742 3184 Καὶ
787 3126 856 3185 αὖ
893 3131 987 3184 ἐπὶ
1020 3131 1232 3197 τούτοις
1263 3133 1331 3188 τὰ
1362 3135 1441 3197 είς
1489 3133 1692 3204 κόσμον
1728 3150 1789 3187 τε
1833 3134 1928 3188 καὶ

355 3221 541 3292 χρείαν
566 3220 646 3292 τῷ
672 3222 974 3293 τεχνήματι
1005 3221 1263 3277 τελοῦντα
1299 3223 1720 3294 προστεθεικὼς,
1766 3225 1926 3297 κρίνα

353 3311 413 3366 τέ
446 3331 519 3384 φη
529 3331 614 3384 μι,
643 3315 736 3367 καὶ
757 3314 1142 3386 σφαιρωτῆρας
1167 3323 1260 3368 και
1284 3314 1633 3386 καρυίσκους,
1659 3317 1926 3384 ἐπεφώνει

358 3403 544 3457 πάλινο
581 3424 599 3456 ι
636 3403 773 3474 Ὀλη
819 3405 1104 3476 τορνευτὴ,
1148 3403 1209 3469 ἐξ
1237 3405 1356 3468 ἐνὸς
1401 3405 1622 3476 χρυσίου
1657 3405 1922 3476 καθαροῦ’

355 3496 450 3547 καὶ
474 3496 721 3566 ποιήσεις
742 3495 868 3559 τοὺς
893 3494 1122 3565 λύχνους
1147 3496 1316 3566 αὐτῆς
1335 3497 1496 3558 ἑπτὰ,
1527 3497 1618 3550 καὶ
1646 3495 1928 3566 ἐπιθήσεις

354 3586 478 3649 τοὺς
509 3585 735 3656 λύχνους
751 3588 940 3660 αὐτῆς.
964 3588 1074 3642 Καὶ
1103 3589 1364 3656 φανοῦοιν
1381 3589 1446 3640 ἐκ
1471 3587 1562 3642 τοῦ
1597 3587 1716 3650 ἐνὸς
1749 3605 1926 3658 προσ-

355 3674 525 3728 ώπου.
567 3677 680 3730 Καὶ
725 3675 817 3729 τὸν
860 3679 1221 3749 ἐπαρυστῆρα
1264 3677 1457 3748 αὐτῆς,
1499 3676 1688 3732 καὶτὰ
1728 3676 1928 3731 ὑποθέ-

360 3783 506 3836 ματα
536 3768 710 3838 αὐτῆς
747 3769 812 3822 ἐκ
839 3769 1061 3840 χρυσίου
1091 3769 1356 3840 καθαροῦ,
1382 3771 1630 3841 ποιήσεις
1655 3770 1834 3824 πάντα
1859 3768 1928 3822 τὰ

358 3860 529 3930 σκεύη
580 3859 757 3912 ταῦτα
824 3859 1091 3914 ταλάντου
1143 3861 1367 3932 χρυσίου
1424 3859 1687 3932 καθαροῦ.
1751 3861 1926 3930 Ὅρα,

356 3952 603 4020 ποιήσεις
649 3951 792 4004 κατὰ
827 3951 917 4004 τὸν
949 3951 1117 4005 τύπον
1158 3953 1250 4006 τὸν
1297 3952 1574 4022 δειχθέντα
1613 3969 1697 4004 σοι
1747 3953 1806 4004 ἐν
1850 3949 1928 4020 τῷ

357 4042 491 4113 ὄρει.
531 4062 552 4096 ι
589 4043 780 4113 Χρυσῆ
815 4043 914 4113 μὲν
940 4039 1033 4096 οὖν
1059 4046 1091 4114 ή
1124 4043 1317 4114 λυχνία
1343 4045 1513 4097 τύπον
1536 4044 1805 4112 ἐπέχουσα
1832 4040 1927 4096 τοῦ

359 4132 614 4205 Χριστοῦ.
649 4133 811 4188 Φύσει
841 4133 950 4204 γὰρ
981 4137 1074 4188 καὶ
1102 4134 1329 4206 ἀληθείᾳ
1357 4135 1491 4196 Θεὸς
1521 4137 1548 4188 ό
1577 4134 1718 4196 Υἱός·
1745 4132 1929 4206 χρυσῷ

363 4225 417 4277 δὲ
455 4227 875 4294 παρεικαστέον,
921 4223 1063 4278 καθὰ
1103 4227 1198 4278 καὶ
1225 4227 1282 4278 ἐν
1314 4226 1427 4286 τοῖς
1460 4223 1717 4294 ἀνωτέρω
1745 4225 1928 4296 διωρι-

364 4315 586 4386 ζόμεθα,
620 4317 719 4387 τὴν
751 4316 900 4370 θείαν
928 4317 1287 4387 λαμπρότητα
1332 4318 1428 4369 καὶ
1464 4316 1752 4387 ὑπεροχήν.
1791 4316 1927 4384 Τορ-

364 4406 520 4475 νευτὴ
548 4405 606 4459 δὲ
634 4408 715 4459 ὅτι
745 4406 1076 4478 περικαλλὴς
1117 4408 1212 4460 καὶ
1239 4406 1380 4478 πέρα
1417 4407 1574 4475 λόγου
1618 4407 1835 4470 παντὸς,
1865 4407 1928 4461 τό

365 4511 425 4560 γε
457 4489 593 4566 ἧκον
637 4497 716 4559 είς
762 4495 1065 4566 εὐμορφίαν
1095 4495 1192 4565 τὴν
1237 4495 1454 4566 νοητὴν,
1493 4499 1521 4550 ὁ
1557 4496 1924 4566 Ἐμμανουήλ.

361 4585 674 4657 Γέγραπται
697 4585 804 4658 γὰρ
830 4588 911 4642 ὅτι
939 4607 956 4639 ι
1007 4588 1218 4658 Ὠραῖος
1241 4587 1424 4642 κάλλει
1453 4587 1603 4658 παρά
1629 4589 1751 4652 τοὺς
1780 4589 1928 4652 υἱοὺς

359 4676 466 4729 τῶν
518 4677 844 4748 ἀνθρώπων.
903 4697 922 4731 ι
973 4679 1182 4732 Οὐκοῦν
1228 4679 1289 4732 τὸ
1331 4680 1776 4750 ἐκτετορνεῦσθαι
1825 4679 1923 4752 τὴν

361 4768 600 4840 λυχνίαν,
627 4769 690 4824 τδ
717 4772 798 4834 είς
833 4766 975 4836 εἶδος
1009 4770 1308 4842 ἐκπρεπὲς,
1346 4771 1500 4843 δῆλον
1531 4772 1586 4825 δὲ
1611 4773 1690 4825 ὅτι
1717 4773 1778 4825 τὸ
1807 4772 1926 4826 θεο-

361 4861 592 4931 πρεπὲς,
623 4862 1004 4918 κατεδείκνυεν
1043 4863 1110 4918 ἂν
1139 4859 1200 4917 εὖ
1242 4864 1391 4934 μάλα
1425 4863 1517 4918 τοῦ
1559 4865 1928 4935 Ἐμμανουήλ.

362 4953 453 5016 El;
474 4953 648 5019 δεξιὸν
677 4955 734 5008 δὲ
767 4955 862 5009 καὶ
883 4956 1186 5028 εὐώνυμον,
1207 4950 1408 5026 οἷάπερ
1436 4957 1500 5008 ἐκ
1520 4955 1741 5026 δένδρου
1765 4953 1934 5008 καλαο

365 5043 594 5113 μίσκους
627 5046 1026 5115 ἐκπεφυκότας,
1073 5046 1543 5118 συναναθρώσκειν
1571 5045 1631 5098 δὲ
1671 5044 1750 5115 τῷ
1781 5045 1932 5115 μέσῳ

362 5137 545 5208 καυλῷ
567 5179 582 5202 ,
615 5141 708 5194 καὶ
740 5141 822 5204 είς
865 5140 998 5210 ὕψος
1040 5140 1288 5210 αἴρεσθαί
1327 5155 1462 5210 φησι
1490 5138 1551 5191 τὸ
1593 5137 1928 5191 ίσοστατοῦν.

364 5225 452 5290 Εἷς
485 5225 594 5302 γὰρ
617 5231 693 5286 ὢν
715 5233 858 5286 κατὰ
882 5233 1042 5298 φύσιν
1058 5233 1086 5282 ὁ
1116 5232 1446 5300 Μονογενὴς,
1468 5230 1559 5282 καὶ
1581 5231 1637 5281 ἐν
1666 5227 1932 5297 ἁπλότητι

361 5321 426 5388 τῇ
452 5323 572 5376 κατ’
594 5323 803 5386 ούσίαν,
834 5324 908 5385 ὡς
929 5322 1081 5386 Θεὸς,
1111 5321 1387 5393 διαφόροις
1420 5323 1718 5392 ἐνεργείαις
1741 5321 1932 5374 πολλο-

367 5411 486 5476 στὸς
512 5410 652 5468 εἶναι
695 5415 862 5480 δοκεῖ,
896 5413 1012 5469 ἀλλ’
1037 5415 1190 5469 οὐδὲν
1224 5413 1632 5485 είσκεκριμένον
1665 5413 1698 5481 ἢ
1731 5413 1933 5468 ὀθνεῖον

478 5525 654 5597 Levit.
691 5546 836 5597 xxiv,
862 5529 973 5587 5-9.
1046 5532 1090 5564 “’
1109 5530 1261 5586 Joan.
1289 5547 1327 5597 ι,
1355 5529 1440 5585 Μ.
1488 5530 1525 5563 ¹¹
1554 5531 1714 5587 Num.
1745 5547 1830 5597 xv,
1857 5528 2042 5584 17-21.
2122 5521 2358 5580 "Exod.
2408 5535 2530 5586 xxv;
2555 5521 2644 5586 5i,
2685 5521 2772 5575 52.

360 5605 504 5664 Iuv,
527 5596 580 5650 5.

2013 399 2316 457 aeternum;
2346 398 2402 446 et
2421 401 2584 447 erunt
2609 392 2790 450 Aaron
2837 401 2894 447 et
2916 391 3044 448 ﬁliis
3063 395 3201 464 ejus,
3229 403 3286 449 et
3305 395 3594 452 comedent

2015 493 2078 533 ea
2109 479 2164 534 in
2194 479 2316 535 loco
2353 489 2542 536 sancto
2571 499 2584 536 :
2617 489 2701 536 est
2736 481 2883 538 enim
2924 481 3123 540 Sancta
3149 492 3462 539 sanctorum
3487 484 3595 542 hoc

2016 571 2169 641 ipsis,
2197 579 2253 625 et
2274 570 2343 627 ab
2381 573 2674 628 immolatis
2704 573 2933 629 Domino
2961 575 3266 646 legitimum
3303 580 3595 649 sempiter-

2015 677 2147 714 num
2174 663 2215 716 ’.
2255 681 2274 712 ι
2316 662 2376 716 ln
2406 661 2663 718 Numeris
2700 678 2833 718 vero
2863 672 2920 718 ut
2959 681 3128 719 unum
3155 683 3344 723 rursus
3372 683 3590 738 panem,

2015 753 2109 823 qui
2131 751 2198 807 de
2229 753 2387 816 caelo,
2430 765 2486 806 et
2529 769 2596 809 ex
2638 753 2796 808 nobis
2832 763 2916 810 est
2961 757 3220 825 (Verbum
3269 759 3437 823 enim,
3467 775 3592 813 cum

2016 843 2163 898 Deus
2186 843 2490 898 secundum
2511 852 2765 902 naturam
2789 854 2956 910 esset,
2982 845 3185 902 factum
3215 858 3297 903 est
3323 851 3498 904 nostri
3523 851 3597 905 si-

2016 935 2167 999 mile,
2191 945 2246 990 et
2267 935 2533 994 habitavit
2574 937 2629 991 in
2656 938 2814 992 nobis
2841 937 2926 1007 ³ο),
2961 946 3217 1008 tanquam
3241 958 3407 997 unum
3435 943 3596 999 nobis

2016 1038 2212 1094 panem
2241 1023 2656 1089 demonstravit,
2686 1041 2810 1080 cum
2845 1026 2926 1080 sic
2949 1027 3087 1080 dixit
3110 1028 3276 1098 Moysi
3313 1031 3390 1083 illi
3413 1047 3596 1086 sacro-

2018 1127 2141 1166 rum
2169 1113 2334 1184 298
2356 1112 2644 1184 interpreti
2674 1131 2686 1168 :
2738 1132 2756 1164 ι
2785 1112 3035 1182 Loquere
3063 1116 3130 1170 ad
3162 1116 3302 1173 ﬁlios
3333 1119 3514 1184 Israel,
3540 1126 3598 1175 et

2018 1200 2169 1261 dices
2203 1202 2284 1256 eis
2324 1220 2335 1256 :
2375 1202 2513 1264 Cum
2561 1202 2942 1274 ingrediemini
2980 1204 3036 1258 in
3085 1213 3285 1260 terram
3331 1210 3386 1262 in
3431 1226 3595 1278 quam

2018 1307 2118 1362 ego
2143 1293 2342 1348 induco
2367 1309 2483 1358 vos,
2519 1301 2576 1348 ct
2610 1294 2738 1359 erit,
2771 1310 2898 1352 cum
2937 1295 3164 1350 cderitis
3188 1313 3285 1352 vos
3309 1313 3340 1352 e
3363 1300 3598 1368 panibus

2022 1393 2200 1446 teme,
2243 1385 2571 1454 separabitis
2606 1388 3008 1456 separationem
3039 1390 3466 1459 segregationem
3493 1391 3598 1444 Do-

2020 1473 2170 1527 mino
2195 1474 2465 1544 primitias
2492 1490 2681 1530 massa:
2712 1485 2942 1543 vestras;
2973 1492 3168 1546 panem
3196 1480 3598 1547 separationem

2021 1565 2377 1634 segregabitis
2400 1566 2598 1635 ipsum,
2629 1575 2886 1636 tanquam
2911 1569 3315 1637 separationem
3349 1571 3416 1624 ab
3446 1585 3593 1632 area,

2024 1656 2104 1710 sic
2138 1657 2464 1726 separabitis
2507 1657 2705 1728 ipsum,
2745 1657 3020 1728 primitias
3065 1675 3255 1715 massae
3286 1667 3498 1725 vestrae,
3537 1666 3596 1714 et

2022 1747 2223 1808 dabitis
2259 1749 2489 1804 Domino
2537 1748 2937 1819 separationem
2978 1750 3033 1804 in
3071 1751 3453 1820 generationes
3497 1765 3596 1804 ve-

2022 1847 2163 1895 stras
2210 1841 2271 1894 “.
2324 1861 2341 1892 ι
2376 1839 2530 1895 Licet
2578 1855 2646 1895 ex
2689 1839 2776 1896 his
2813 1841 2999 1898 verbis
3052 1841 3311 1894 facillime
3349 1839 3599 1894 veritatis

2021 1932 2340 2002 mysterium
2371 1931 2688 2002 perspicere
2707 1971 2722 1996 ,
2751 1931 2818 1986 de
2844 1947 2953 2001 quo
2980 1939 3164 1986 tamen
3187 1947 3218 1985 a
3239 1930 3399 1985 nobis
3426 1929 3600 1985 subti‘

2021 2021 2146 2081 liter
2178 2032 2233 2077 et
2267 2030 2520 2078 accurate
2570 2037 2672 2076 suo
2703 2023 2825 2080 loco
2848 2022 3085 2087 dicetur,
3115 2022 3366 2092 hancque
3391 2021 3600 2074 oratio-

2020 2114 2108 2168 nis
2149 2123 2359 2183 partem
2419 2114 2474 2167 in
2521 2113 2753 2174 alterius
2813 2114 3296 2170 commentationis
3352 2113 3599 2168 laborem

2023 2205 2434 2260 transferamus.
2456 2203 2595 2258 Illud
2621 2213 2823 2269 tamen,
2851 2213 2912 2260 ut
2939 2205 3156 2279 opinor,
3186 2205 3448 2260 admirari
3469 2204 3601 2263 licet

2024 2294 2079 2349 in
2112 2309 2370 2364 praesens,
2402 2293 2629 2354 Palladi,

2091 2408 2288 2464 PALL.
2327 2409 2469 2476 Quid
2508 2408 2655 2464 istud
2685 2408 2944 2466 tandem?

2089 2500 2246 2557 CYR.
2271 2500 2408 2556 Cum
2449 2502 2655 2557 etenim
2693 2501 2846 2557 varie
2888 2499 3049 2554 nobis
3080 2497 3232 2553 illum
3279 2499 3600 2554 Emmanuel

2023 2590 2380 2660 spectandum
2411 2591 2809 2662 proposuisset,
2841 2583 3036 2645 rursus
3072 2589 3196 2644 aliis
3232 2605 3451 2659 quoque
3477 2604 3604 2643 ver—

2023 2679 2109 2733 bis
2131 2679 2387 2735 eumdem
2427 2678 2663 2750 efllngit;
2706 2679 2876 2750 Moysi
2900 2679 3048 2734 enim
3074 2678 3208 2733 dicit
3237 2697 3250 2731 :
3293 2698 3310 2730 ι
3339 2678 3408 2734 Ει
3432 2678 3604 2734 facies

2023 2770 2409 2826 candelabrum
2433 2785 2501 2826 ex
2539 2787 2676 2825 auro
2713 2769 2954 2835 mundo;
3001 2770 3260 2824 tornatile
3280 2769 3449 2824 facies
3471 2784 3605 2825 can-

2023 2859 2338 2926 delabrum;
2371 2861 2568 2916 hastile
2602 2860 2795 2930 ipsius,
2820 2868 2876 2916 et
2911 2861 3127 2924 calami,
3171 2867 3228 2914 et
3257 2868 3518 2924 crateres,
3544 2866 3603 2916 et

2023 2950 2327 3020 sphin-ulte,
2370 2959 2426 3005 et
2475 2951 2587 3005 lilia
2629 2967 2700 3006 ex
2748 2951 2868 3020 ipso
2908 2957 3073 3005 erunt
3099 2968 3113 3004 :
3139 2966 3234 3006 sex
3255 2949 3448 3004 calami
3478 2965 3606 3019 proe

2023 3041 2256 3098 deuntes
2289 3058 2356 3097 ex
2379 3042 2647 3108 adverso;
2684 3041 2822 3114 [tres
2849 3042 3043 3098 calami
3077 3041 3386 3096 candelabri
3428 3056 3493 3095 ex
3527 3041 3605 3094 la—

2023 3142 2141 3190 tere
2167 3150 2294 3197 uno,
2312 3141 2368 3189 et
2391 3142 2506 3188 tres
2529 3133 2724 3190 calami
2752 3149 2819 3188 ex
2843 3135 3014 3189 latere
3037 3133 3234 3204 altero]
3257 3133 3440 3188 ¹².›Α‹1
3465 3133 3600 3198 hac,

2023 3240 2147 3279 cum
2171 3224 2509 3294 adjunxisset
2541 3241 2608 3280 ea
2645 3240 2767 3293 qua:
2791 3225 2859 3280 ad
2891 3234 3145 3280 ornatum
3179 3235 3236 3280 et
3284 3241 3442 3280 usum
3469 3239 3606 3294 ope-

2024 3315 2102 3369 ris
2126 3315 2490 3385 pertinerent,
2521 3317 2656 3378 lilia,
2685 3315 2929 3384 inquam,
2966 3325 3022 3370 et
3047 3317 3371 3385 sphaerulas,
3396 3325 3453 3370 et
3479 3330 3603 3385 scy-

2025 3408 2182 3476 phos,
2231 3421 2450 3460 rursum
2488 3406 2689 3476 adjecit
2725 3425 2738 3460 :
2780 3425 2798 3457 ι
2841 3407 3040 3460 Totum
3076 3406 3332 3460 tornatile
3379 3421 3446 3459 ex
3494 3421 3604 3460 uno

2023 3514 2160 3552 auro
2196 3498 2508 3563 mundo;et
2531 3497 2697 3553 facies
2718 3499 2768 3554 ei
2798 3499 3050 3552 lucernas
3077 3505 3307 3567 septem,
3342 3505 3397 3551 et
3425 3496 3602 3566 impo-

2024 3590 2396 3645 neslucernas
2444 3590 2637 3660 ipsius,
2689 3599 2744 3644 et
2777 3590 3044 3644 lucebunt
3094 3605 3163 3644 ex
3207 3603 3316 3643 una
3361 3588 3521 3653 facie,
3547 3595 3606 3644 et

2023 3678 2429 3733 cmunctorium
2466 3677 2607 3748 ejus,
2647 3687 2704 3732 et
2747 3677 3158 3748 suppositioncs
3197 3679 3318 3747 ejus
3353 3693 3422 3732 ex
3467 3691 3605 3732 auro

2025 3770 2231 3824 mundo
2266 3787 2279 3823 :
2315 3769 2482 3825 facies
2500 3770 2684 3825 omnia
2710 3785 2837 3824 vasa
2860 3771 2983 3840 ejus
3005 3769 3273 3825 talentum
3298 3769 3416 3832 auri
3441 3784 3606 3822 mum-

2025 3861 2102 3914 di.
2147 3859 2302 3924 Vide,
2344 3859 2514 3918 facies
2555 3860 2741 3915 omnia
2791 3861 2944 3930 juxta
2999 3859 3228 3930 ﬁguram
3267 3875 3388 3927 quae
3412 3858 3513 3912 tibi
3548 3858 3603 3912 in

2023 3961 2210 4008 monte
2233 3960 2452 4007 ostensa
2478 3960 2563 4007 est
2591 3951 2655 4006 “.
2685 3971 2704 4004 ι
2737 3952 2980 4006 Aureum
3004 3951 3170 4021 igitur
3192 3949 3603 4012 candelabrum,

2027 4043 2235 4100 Christi
2277 4043 2506 4114 ﬁguram
2537 4048 2718 4106 tenet;
2752 4041 2926 4095 Filius
2971 4041 3118 4094 enim
3149 4049 3345 4093 natura
3381 4053 3445 4092 ac
3477 4053 3606 4092 vere

2025 4136 2169 4190 Deus
2194 4142 2298 4188 est.
2320 4132 2470 4187 Auro
2500 4137 2684 4186 autem
2721 4129 2916 4185 similis
2943 4145 3064 4185 esse
3087 4129 3326 4200 putanda
3350 4135 3454 4192 est,
3472 4127 3604 4182 utin

2027 4225 2409 4296 superioribus
2435 4222 2852 4286 deﬁniebamus,
2874 4223 2966 4276 illa
2996 4222 3180 4277 divina
3205 4222 3422 4278 claritas
3445 4230 3609 4291 atque

1956 4292 2014 4346 θ·
2028 4292 2368 4388 praestantia;
2390 4313 2647 4367 tornatile
2663 4320 2868 4376 autem,
2891 4313 3019 4382 quia
3054 4312 3489 4382 speciosissimus
3502 4319 3608 4377 est,

2031 4408 2320 4478 plusquam
2378 4403 2565 4459 verbis
2596 4404 2859 4473 explicari
2898 4404 3088 4473 possit,
3129 4404 3218 4457 ille
3253 4401 3608 4466 Emmanuel,

2033 4499 2080 4554 si
2113 4495 2580 4569 pulchritudinem
2608 4496 2793 4550 animo
2819 4495 3173 4565 spectabilem
3209 4493 3434 4562 cogites.
3463 4491 3611 4546 Scri—

2032 4601 2184 4662 ptum
2206 4598 2292 4646 est
2328 4589 2476 4644 enim
2510 4607 2523 4643 :
2559 4608 2577 4640 ι
2608 4587 2901 4658 Speciosus
2928 4585 3102 4640 forma
3129 4600 3242 4654 prae
3269 4582 3397 4636 ﬁliis
3422 4581 3612 4635 homi-

2023 4679 2224 4735 num“.
2237 4698 2254 4728 ι
2265 4677 2420 4744 Quod
2442 4677 2608 4748 igitur
2621 4675 3011 4732 candelabrum
3027 4673 3280 4728 tornatile
3289 4671 3489 4725 factum
3504 4676 3610 4735 est,

2027 4763 2082 4824 id
2098 4783 2231 4823 vero
2247 4769 2394 4822 illam
2418 4766 2844 4838 pulchritudinis
2862 4765 3252 4836 praestantiam,
3272 4761 3327 4817 id
3357 4769 3442 4817 est
3473 4757 3615 4814 divis

2028 4875 2156 4916 nam
2193 4859 2340 4913 illam
2367 4857 2542 4914 nostri
2567 4857 2941 4913 Emmanuelis
2965 4855 3307 4927 dignitatem,
3333 4853 3614 4923 aptissime

2032 4950 2394 5023 signiﬁcabat.
2443 4949 2695 5012 Calamos
2757 4964 2925 5020 porro
2961 4963 3028 5003 ex
3051 4947 3244 5002 dextro
3281 4946 3615 5013 sinistroque

2033 5042 2205 5096 latere
2247 5048 2507 5110 tanquam
2537 5055 2606 5095 ex
2639 5039 2835 5094 arbore
2855 5037 3210 5109 prodeuntes,
3248 5034 3448 5104 inquit,
3487 5047 3612 5088 cum

2034 5133 2219 5190 medio
2251 5132 2435 5202 stipite
2458 5131 2620 5186 simul
2638 5144 2951 5201 exsurgere,
2976 5137 3033 5184 et
3051 5126 3118 5184 ad
3148 5142 3334 5198 parem
3361 5123 3610 5182 altitudi-

2035 5243 2160 5283 nem
2181 5226 2319 5281 tolli.
2355 5225 2616 5292 Quamvis
2649 5224 2796 5280 enim
2835 5221 3162 5293 Unigenitus
3191 5222 3282 5276 ille
3313 5216 3614 5275 secundum

2035 5327 2285 5374 naturam
2315 5333 2456 5372 unus
2495 5317 2585 5381 sit,
2616 5316 2782 5387 ποθ
2819 5323 2877 5368 ει
2919 5323 2983 5369 ιιι
3015 5315 3160 5369 Deus
3188 5311 3491 5379 simplicem
3514 5305 3615 5359 hac

2037 5411 2165 5467 beat
2208 5408 2523 5473 essentiam,
2580 5407 2898 5463 diversitate
2967 5414 3146 5460 tamen
3211 5399 3612 5471 operationum,

2877 5518 2918 5550 ¹⁸
2942 5516 3106 5582 Ibid.,
3135 5512 3316 5570 36-40.
3397 5511 3438 5542 ”
3467 5510 3609 5568 Psal.
