3996 6212
439 235 543 295 607

1444 246 1499 302 S.
1543 246 1819 303 CYRILLI
1865 251 2337 308 ALEXANDRINI
2375 254 2695 312 ARCHIEP.
3585 259 3683 318 608

433 352 589 422 quasi
628 355 911 424 multiplex
944 371 1062 411 esse
1091 355 1308 412 videtur
1350 377 1363 412 :
1415 376 1597 431 neque
1635 379 1766 418 vero
1799 366 1980 436 aliqui.

2113 371 2171 423 ἐν
2195 369 2364 440 αύτῷ,
2405 366 2506 423 κᾶν
2533 371 2580 423 εί
2615 370 2786 424 νοοῖτό
2817 388 2930 436 πως
2977 374 3086 436 τοῖς
3117 372 3477 445 θεοπρεπὲσιν
3515 374 3684 441 άξιὼ-

431 459 491 500 in
513 461 580 501 eo
607 454 893 502 externum
924 456 1007 501 est
1048 457 1104 500 et
1131 447 1516 516 adventitium,
1559 455 1770 509 tametsi
1802 456 2006 513 divinis

429 538 712 592 attributis
746 537 1144 606 quodammodo
1184 538 1331 594 haud
1363 541 1593 612 simplex
1615 545 1953 616 intelligatur
1988 566 2001 602 :

428 627 521 681 lux
556 628 722 691 enim,
749 635 805 681 et
829 626 959 692 vita,
982 629 1157 693 etvis,
1193 639 1249 684 et
1270 630 1611 703 incorruptio
1640 651 1760 691 esse
1797 638 2005 692 intelli-

428 718 596 788 gitur.
629 718 762 772 Nam
797 734 921 774 cum
955 721 1152 776 docere
1179 723 1344 779 vellet
1371 725 1510 779 nihil
1556 743 1677 783 esse
1716 730 1772 783 in
1805 745 1875 784 eo
1903 731 2003 785 ad-

427 807 714 873 scititium,
740 811 944 876 intulit,
981 818 1040 865 ut
1069 813 1286 883 opinor,
1320 815 1454 870 illud
1491 834 1505 870 :
1545 837 1562 868 ι
1593 819 1915 888 Sphaerulae,
1947 831 2004 876 et

425 897 638 962 calami,
667 907 722 954 et
747 899 856 953 lilia
891 917 959 955 ex
983 901 1100 971 ipso
1119 902 1248 967 sint,
1284 910 1456 958 totum
1486 908 1740 962 tornatile
1766 923 1832 962 ex
1866 925 2002 964 auro

424 1003 564 1056 puro
591 990 656 1055 ¹⁵,
700 1009 719 1042 ι
753 990 809 1045 id
836 998 938 1055 est,
977 999 1126 1048 totus
1167 994 1408 1065 undique
1436 997 1598 1061 Deus,
1625 1014 1735 1052 non
1773 1001 2002 1070 perinde

423 1085 586 1147 atque
615 1095 682 1134 ea
736 1097 858 1150 qua:
897 1091 1015 1137 orta
1065 1092 1228 1151 sunt,
1286 1088 1657 1143 sanctificatus
1689 1108 1700 1144 :
1731 1107 1909 1162 neque
1943 1101 2003 1148 ut

423 1169 623 1238 angeli,
649 1171 742 1240 qui
772 1186 896 1225 cum
922 1172 976 1226 in
1000 1189 1095 1229 sua
1119 1175 1352 1245 quadam
1378 1187 1574 1232 natura
1597 1181 1996 1251 intelligantur,

423 1259 570 1314 illius
599 1261 769 1330 gratia
811 1271 867 1317 et
924 1265 1096 1334 gloria
1157 1265 1400 1322 decorati
1445 1278 1594 1334 sunt,
1645 1285 1709 1324 ac
1742 1277 1999 1342 tanquam

421 1364 557 1404 auro
585 1353 810 1418 mundo,
855 1355 1081 1424 spiritus
1123 1373 1352 1412 munere
1407 1361 1811 1430 quodammodo
1838 1364 1998 1430 illiti;

2112 476 2279 530 μασιν
2307 461 2406 529 οὐχ
2436 459 2661 525 ἁπλοῦς.
2684 461 2802 525 Φῶς
2829 460 2936 532 γὰρ
2965 464 3056 515 καὶ
3082 463 3214 535 ζωὴ,
3234 465 3327 519 καὶ
3347 464 3576 535 δύναμις
3594 467 3686 520 καὶ

2107 550 2382 622 ἁφθαρσία
2407 555 2627 606 νοεῖται.
2663 551 2780 605 Ὅτι
2811 553 2918 624 γάρ
2942 555 3094 606 οῦδὲν
3115 555 3426 625 εἰσποιητὸν
3450 558 3507 609 ἐν
3536 557 3683 627 αὐτῷ

2109 640 2318 706 διδάξαι
2344 641 2760 712 βεϐουλημένος,
2784 645 3249 713 προσεπήνεγκεν,
3274 643 3426 716 οἶμαί
3444 663 3568 706 που,
3600 647 3681 710 τὸ,

2113 745 2131 778 ι
2173 727 2234 779 Ol
2269 728 2651 798 σφαιρωτῆρες
2681 728 2774 782 καὶ¹
2801 731 2851 782 οί
2887 731 3214 801 καλαμίσκοι
3244 732 3302 797 ἐξ
3323 734 3493 804 αὐτῆς
3514 733 3684 788 ἐστωο

2107 834 2243 870 σαν*
2290 818 2384 888 ὅλη
2430 817 2687 889 τορνευτὴ
2737 820 2801 871 ἐκ
2855 821 3080 890 χρυσίου
3124 822 3407 894 καθαροῦ,
3465 841 3484 874 ι
3536 825 3682 878 τοῦτ’

2104 908 2270 974 ἔστιν,
2301 909 2420 973 ὅλος
2469 911 2649 963 διόλου
2685 911 2838 976 Θεὸς,
2893 912 2992 966 ούκ
3034 914 3092 966 ἐν
3125 913 3225 984 ἴσῳ
3278 917 3390 978 τοῖς
3434 919 3682 986 γενητοῖς

2103 1001 2454 1071 ἡγιασμένος,
2483 1001 2602 1054 ούδέ
2633 1001 2820 1073 ὥσπερ
2848 1004 3065 1072 ἄγγελοι
3103 1004 3262 1074 τυχὸν
3287 1006 3344 1058 ἐν
3390 1005 3494 1076 ἰδίᾳ
3527 1007 3675 1059 νοούο

2107 1109 2258 1162 μενοι
2293 1091 2471 1160 φύσει,
2504 1093 3031 1163 κατηγλαῖσμένοιδέ
3060 1094 3268 1147 ἐκείνου
3292 1094 3477 1165 χάριτί
3497 1112 3556 1148 τε
3587 1098 3679 1149 καὶ

2101 1181 2251 1255 δόξῃ,
2297 1182 2390 1235 καὶ
2418 1179 2614 1253 οἷάπερ
2643 1183 2850 1252 χρυσίῳ
2879 1182 3124 1253 καθαρῷ.
3153 1187 3219 1255 τῇ
3250 1183 3343 1237 τοῦ
3374 1185 3678 1256 πνεύματος

2101 1273 2246 1327 δόσει
2272 1271 2782 1343 κατακεχρισμένοι,
2806 1272 2923 1325 ἀλλ’
2946 1273 3077 1325 αὐτὸ
3103 1275 3169 1343 τῇ
3193 1273 3352 1342 φύσει
3372 1274 3433 1326 τὸ
3466 1276 3674 1344 χρῆμα,

2103 1363 2254 1427 Θεὸς,
2287 1366 2321 1433 ἡ
2352 1363 2714 1435 καθαρωτάτη
2752 1381 2812 1417 τε
2846 1363 2940 1417 καὶ
2970 1363 3248 1434 ὑπερτάτη
3283 1364 3462 1432 φύσις.
3506 1366 3675 1418 Ἑπτά

424 1441 521 1494 sed
567 1443 712 1511 quod
770 1455 960 1515 suapte
1014 1457 1212 1502 natura
1260 1450 1331 1504 sit
1383 1451 1475 1504 illa
1520 1453 1769 1522 ipsa'res,
1802 1470 1980 1525 nempe

2101 1448 2158 1502 δέ
2191 1450 2241 1501 οί
2291 1449 2494 1519 λύχνοιο
2544 1450 2688 1504 κατὰ
2736 1451 2966 1515 πολλοὺς
3018 1453 3128 1522 γὰρ
3174 1453 3411 1523 τρόπους
3445 1456 3474 1506 ὁ
3523 1455 3673 1525 παρὰ

419 1528 584 1595 Deus,
611 1532 702 1587 illa
750 1535 1011 1589 nimirum
1064 1538 1358 1606 purissima
1399 1549 1454 1594 et
1489 1555 1742 1610 suprema
1780 1553 1974 1599 natura

2103 1540 2340 1613 Χριστοῦ
2364 1544 2660 1612 φωτισμός.
2690 1544 2822 1610 Καὶ,
2855 1563 2874 1595 ι
2909 1539 2980 1615 ’ᾯ
3016 1545 3114 1614 μὲν
3155 1545 3366 1599 δέδοται
3394 1546 3549 1616 λόγος
3580 1565 3668 1600 σου

419 1618 634 1689 Septem
679 1637 845 1692 porro
906 1625 1144 1682 lucernae
1191 1638 1348 1694 sunt;
1405 1633 1596 1688 multis
1627 1651 1861 1706 namque
1884 1655 1980 1693 mo

2102 1633 2252 1703 φίας,
2288 1634 2462 1704 ἑτέρῳ
2489 1634 2546 1688 δὲ
2574 1633 2728 1703 λόγος
2752 1633 3024 1704 γνώσεως,
3057 1635 3328 1707 διάκρισίς
3355 1654 3413 1690 τε
3439 1640 3673 1710 πνευμά-

417 1710 503 1764 dis
527 1727 558 1765 a
595 1713 814 1770 Christo
852 1717 1181 1775 illuminatio
1218 1723 1484 1785 tribuitur
1519 1735 1638 1791 :et,
1683 1745 1702 1778 ς
1733 1701 1980 1800 Aliiqui-

2098 1701 2227 1791 των,
2267 1744 2286 1777 ι
2341 1701 2444 1780 καὶ*
2480 1727 2548 1780 τὰ
2589 1701 2774 1781 λοιπά.
2843 1701 3198 1795 Τελειότητος
3243 1727 3299 1781 δέ
3357 1701 3602 1798 σημεῖον,
3642 1733 3672 1784 ὸ

416 1800 540 1855 dem
576 1803 736 1858 datur
757 1822 937 1863 sermo
968 1812 1267 1881 sapientiae,
1292 1814 1382 1868 alii
1410 1822 1594 1870 autem
1613 1825 1794 1874 sermo
1814 1821 1980 1877 scien-

2097 1818 2237 1871 ἑπτὰ
2273 1816 2434 1871 πάλιν
2465 1816 2614 1870 ἐστὶν
2643 1816 2897 1890 ἀριθμός.
2953 1817 3270 1882 Παντέλειος
3301 1818 3358 1872 δέ
3401 1821 3495 1872 καὶ
3529 1821 3669 1874 κατὰ

417 1889 525 1953 tiae,
557 1902 614 1946 et
639 1893 902 1950 discretio
941 1899 1232 1966 spirituum
1267 1902 1333 1968 ¹⁶,
1364 1922 1382 1955 ι
1441 1912 1498 1959 et
1529 1907 1760 1977 reliqua.
1807 1910 1980 1966 Perfe-

2097 1909 2259 1979 φύσιν
2297 1908 2434 1962 ἰδίαν
2467 1911 2494 1962 ό
2532 1889 2901 1979 Ἐμμανουὴλ,
2937 1908 3014 1971 ὡς
3050 1907 3203 1972 Θεὸς,
3251 1910 3345 1962 καὶ
3385 1911 3494 1964 τῶν
3536 1916 3670 1981 παρ’

413 1980 613 2035 ctionis
664 1991 848 2039 autem
907 1987 1120 2057 signum
1181 1999 1264 2058 est
1293 2007 1558 2050 numerus
1605 2000 1980 2068 septenarius;

2094 1999 2259 2061 αὐτοῦ
2288 1997 2645 2070 χαρισμάτων
2673 2000 2730 2051 ἐν
2762 1998 3014 2070 διανομῇ,
3038 1998 3257 2062 τελείως
3281 1999 3526 2067 ἔγκειται
3555 1980 3668 2063 τοῖς

412 2071 847 2139 perfectissimus
898 2094 1027 2133 vero
1077 2089 1162 2135 est
1201 2092 1394 2154 suapte
1451 2095 1646 2143 natura
1668 2089 1980 2148 Emmanuel

2094 2092 2234 2145 ἐλεῖν
2256 2091 2444 2156 ἀξίοις.
2472 2091 2547 2144 Οὐ
2569 2089 2678 2160 γὰρ
2703 2108 2723 2141 ι
2758 2090 2854 2143 Ἐκ
2882 2089 3083 2162 μέτρου
3099 2089 3279 2143 δίδωσι
3298 2090 3357 2143 τὸ
3384 2091 3618 2160 πνεῦμα,
3644 2111 3663 2146 ι

414 2169 673 2232 tanquam
721 2167 884 2233 Deus,
927 2179 982 2224 et
1013 2172 1406 2230 charismatum
1435 2178 1504 2232 ab
1545 2179 1662 2250 ipso
1702 2179 1980 2238 fluentium

2093 2183 2234 2239 κατὰ
2263 2183 2363 2253 τὴν
2403 2180 2498 2235 τοῦ
2542 2180 2790 2234 Ἰωάννου
2824 2179 3029 2250 φωνὴν,
3079 2181 3192 2234 ἀλλ’
3228 2199 3247 2232 ι
3283 2182 3346 2233 ἐκ
3398 2181 3495 2235 τοῦ
3527 2181 3668 2252 πλη-

413 2248 734 2308 distributio
757 2255 997 2324 perfecte
1015 2259 1082 2314 iis
1101 2264 1382 2332 proposita
1399 2248 1590 2342 estqui
1607 2279 1889 2326 merentur
1904 2288 1980 2328 ac-

2095 2248 2346 2346 ρώματος
2377 2275 2537 2344 ἡμεῖς
2565 2272 2768 2335 πάντες
2798 2248 3080 2339 ἐλάϐομεν.
3115 2290 3133 2323 ι
3153 2267 3284 2325 Εἷτά
3315 2289 3446 2342 φησι
3472 2289 3486 2303 ο
3514 2290 3532 2323 ι
3558 2248 3667 2326 Kal

408 2339 628 2410 cipere;
653 2360 830 2415 neque
847 2348 995 2402 enim
1021 2368 1039 2400 ι
1061 2351 1143 2406 Ad
1159 2368 1472 2411 mensuram
1492 2339 1586 2413 dat
1608 2361 1864 2431 spiritum
1887 2364 1950 2431 ",
1964 2383 1980 2416 ι

2091 2339 2372 2436 ἐπιθήσεις
2399 2339 2542 2425 ’τοὺς
2582 2360 2828 2432 λύχνους,
2881 2361 2977 2414 καὶ
3007 2360 3267 2429 φανοῦσιν
3295 2339 3495 2414 ἐκτοῦ
3545 2361 3667 2425 ἐνὸς

409 2438 470 2485 ιιι
491 2430 683 2489 beatus
707 2434 946 2509 Joannes
969 2440 1075 2508 ait;
1102 2442 1198 2498 sed
1231 2463 1249 2494 ι
1279 2461 1347 2500 ex
1370 2448 1489 2519 ejus
1517 2430 1860 2520 plenitudine
1887 2430 1987 2511 nOs

404 2537 597 2582 omnes
638 2530 951 2610 accepimus
1001 2533 1063 2588 ⁸⁸.
1123 2553 1142 2586 ι
1196 2537 1404 2594 Deinde
1434 2541 1554 2596 ait:
1595 2561 1614 2594 ι
1646 2544 1715 2599 Ει
1741 2545 1988 2617 impones

403 2614 678 2684 lucernas,
700 2630 756 2674 et
778 2621 1042 2678 lucebunt
1061 2641 1130 2680 ex
1156 2642 1265 2682 una
1286 2629 1426 2686 facie
1452 2633 1514 2692 ¹⁹.
1548 2653 1566 2686 ι
1595 2634 1781 2702 Qualis
1804 2614 1986 2693 autem

401 2705 477 2760 sit
497 2706 613 2762 haec
637 2709 860 2777 positio,
903 2713 960 2767 in
991 2714 1246 2773 Numeris
1283 2720 1503 2790 planius
1543 2726 1858 2795 explicavit,
1907 2731 1985 2785 sic

402 2794 592 2853 dicens
626 2816 638 2852 :
675 2817 693 2850 ι
732 2800 800 2855 Ει
840 2802 1058 2860 locutus
1097 2815 1180 2862 est
1229 2809 1493 2870 Dominus
1517 2815 1584 2870 ad
1622 2817 1863 2890 Moysen,
1896 2823 1983 2877 di-

399 2899 532 2942 cens
565 2904 577 2940 :
609 2888 1073 2962 LoquereAaron,
1104 2906 1159 2952 et
1174 2898 1324 2955 dices
1356 2901 1423 2957 ad
1455 2919 1602 2971 eum,
1635 2888 1772 2963 Cum
1806 2911 1984 2983 impo-

2090 2455 2405 2526 προσώπου.
2462 2472 2481 2505 ι
2529 2451 2693 2505 Ἀλλὰ
2722 2450 2805 2513 τίς
2838 2449 2904 2504 ἂν
2942 2449 3154 2518 γένοιτο
3199 2451 3359 2520 τυχὸν
3405 2452 3437 2520 ἡ
3486 2450 3664 2504 τοιάδε

2089 2551 2256 2614 θέσις,
2287 2551 2344 2601 ἐν
2375 2547 2487 2610 τοῖς
2525 2543 2804 2616 Ἀριθμοῖς
2837 2542 3020 2614 ἐδήλου
3051 2542 3257 2610 σαφῶς,
3286 2542 3428 2595 οὕτω
3449 2543 3656 2610 λέγων·

2095 2659 2112 2693 ι
2159 2638 2270 2693 Kal
2301 2636 2531 2705 ἐλάλησε
2562 2633 2768 2706 Κύριος
2789 2632 2928 2705 πρὸς
2952 2633 3160 2702 Μωσῆν
3184 2632 3358 2701 λέγων
3379 2649 3394 2664 ο
3414 2635 3662 2704 Λάλησον

2100 2730 2330 2802 Ἀαρὼν,
2364 2728 2458 2782 καὶ
2485 2728 2630 2797 ἐρεῖς
2679 2725 2815 2798 πρὸς
2846 2725 3031 2778 αὐτόν’
3082 2723 3254 2803 ξοταν
3303 2724 3498 2794 ἐπιθῇς
3535 2726 3661 2788 τοὺς

2085 2823 2311 2893 λύχνους
2344 2821 2405 2872 ἐκ
2431 2817 2630 2888 μέρους
2655 2814 2797 2870 κατὰ
2829 2814 3118 2886 πρόσωπον
3144 2813 3242 2884 τῆς
3270 2813 3512 2884 λυχνίας,
3542 2832 3658 2884 φωο

2084 2917 2292 2971 τιοῦσιν
2315 2914 2362 2965 οἱ
2395 2910 2536 2964 ἑπτὰ
2563 2909 2774 2978 λύχνοιο
2809 2907 2906 2960 καὶ
2943 2905 3197 2976 ἐποίησεν
3233 2905 3404 2970 οὕτως
3448 2907 3658 2977 Ἀαρὼν

397 2977 578 3035 sueris
599 2978 874 3049 lucernas,
911 3000 979 3039 ex
1004 2996 1159 3056 parte
1200 2992 1502 3047 secundum
1537 2994 1732 3052 faciem
1768 2977 1971 3060 cande-

397 3061 533 3085 I-L._:
565 3066 617 3085 I__
635 3083 648 3085 _
668 3067 716 3085 _L
810 3079 821 3085 _
963 3081 971 3085 -
1103 3076 1117 3085 .
1527 3082 1540 3085 Α

2087 3021 2140 3071 ὲκ
2171 3009 2264 3063 τοῦ
2289 3007 2405 3070 ἐνὸς
2439 3003 2636 3075 μέρους
2658 2977 2810 3054 κατὰ
2837 2999 3126 3072 πρόσωπον
3146 3000 3245 3068 τῆς
3276 2998 3519 3068 λυχνίας,
3563 2999 3658 3052 καὶ

395 3061 535 3118 labri
565 3066 827 3124 lucebunt
858 3081 1069 3143 septem
1101 3076 1341 3133 lucernae
1371 3098 1385 3133 :
1419 3089 1473 3134 et
1519 3082 1647 3140 fecit
1675 3087 1754 3142 sic
1791 3089 1973 3148 Aaron

393 3167 463 3208 ex
487 3171 592 3212 una
609 3169 765 3229 parte
794 3165 1096 3220 secundum
1118 3167 1313 3224 faciem
1339 3173 1674 3244 candelabri,
1700 3189 1758 3234 et
1783 3197 1976 3239 accen-

391 3243 477 3300 dit
498 3247 750 3307 lucernas
777 3254 966 3324 ipsius,
993 3265 1055 3311 ut
1076 3261 1361 3318 constituit
1388 3265 1841 3344 DominusMoysi
1871 3275 1966 3330 ²⁶.›

393 3335 639 3412 lntellige
658 3359 789 3415 ergo
817 3354 1027 3417 septem
1063 3349 1188 3407 illas
1235 3353 1490 3412 lucernas
1530 3359 1598 3414 ad
1625 3335 1820 3419 faciem
1845 3382 1974 3422 can-

393 3427 603 3487 delabri
652 3450 859 3504 versas,
916 3439 1102 3497 lumen
1162 3443 1218 3498 in
1267 3446 1595 3516 aspicientes
1645 3452 1972 3525 immittere;

394 3534 506 3576 non
528 3523 676 3580 enim
718 3529 864 3596 quia
899 3537 1053 3603 tergo
1086 3544 1234 3600 sunt,
1275 3552 1340 3592 ac
1367 3540 1772 3608 quodammodo
1797 3562 1828 3602 a
1861 3523 1972 3604 Deo

389 3614 590 3679 aversi,
616 3630 714 3672 eos
748 3618 994 3675 divinum
1028 3623 1161 3678 illud
1185 3641 1250 3680 ac
1273 3627 1557 3696 spirituale
1609 3633 1796 3689 lumen
1847 3637 1973 3693 illu-

391 3708 559 3769 strat;
587 3705 683 3759 sed
712 3721 808 3762 eos
845 3709 940 3778 qui
969 3711 1025 3764 in
1054 3712 1202 3768 illius
1234 3729 1587 3788 conspectum
1611 3739 1710 3794 per
1733 3730 1971 3784 sanctiﬁ-

390 3792 664 3848 cationem
689 3797 942 3866 perducti
967 3809 1115 3869 sunt,
1152 3819 1215 3860 ac
1229 3806 1340 3878 jam
1366 3825 1466 3880 per
1489 3792 1966 3889 fideirlibertatem,

387 3891 446 3935 et
512 3883 854 3945 honestatem
901 3901 1053 3949 recte
1112 3896 1337 3954 vivendi
1387 3904 1705 3970 praeclaram
1749 3923 1844 3964 ora
1889 3883 1968 3968 illi

388 3969 744 4031 obverterunt
763 3995 775 4032 :
793 3981 1006 4035 utenim
1023 3983 1372 4042 abominandi
1389 3969 1536 4057 sunt,
1551 4001 1605 4048 et
1618 4001 1936 4055 exsecrandi
1949 4042 1964 4067 ,

387 4063 482 4132 qui
509 4065 567 4119 in
599 4069 842 4138 nequitia
901 4081 957 4127 et
988 4077 1294 4143 pervicacia
1325 4090 1633 4150 versantur,
1660 4087 1736 4142 ita
1776 4106 1968 4147 rursus

387 4153 561 4220 chari,
608 4167 665 4212 et
719 4160 775 4214 in
814 4163 912 4218 Dei
961 4178 1255 4237 conspectu
1298 4173 1463 4240 positi
1524 4175 1970 4250 obtemperantes

385 4253 549 4343 atque
568 4251 899 4343 tractabiles.
914 4256 1468 4332 aooludaaisenim,
1487 4269 1581 4338 qui
1603 4270 1968 4343 intemperan-

2083 3107 2248 3180 ἐξῆψε
2277 3102 2403 3164 τοὺς
2429 3097 2654 3168 λύχνους
2674 3094 2864 3164 αὐτῆς,
2887 3091 3032 3145 καθὰ
3061 3089 3316 3157 συνέταξε
3349 3088 3552 3161 Κύριος
3576 3087 3657 3162 τῷ

2081 3199 2274 3268 Μωσῇ.
2320 3213 2338 3246 ι
2375 3189 2541 3251 Σύνες
2571 3186 2636 3257 δὴ
2667 3180 2781 3248 οὖν,
2808 3184 2890 3237 ὅτι
2931 3181 3072 3236 κατὰ
3106 3182 3397 3253 πρόσωπον
3425 3180 3526 3250 τῆς
3559 3180 3654 3232 λυ-

2081 3252 2256 3362 ita“:
2289 3286 2340 3340 οῑ
2371 3281 2511 3336 ἑπτὰ
2535 3252 2899 3348 τετραμμένοι
2923 3273 3129 3344 λύχνοι,
3152 3252 3213 3325 τὸ
3237 3271 3354 3340 φῶς
3380 3269 3652 3362 τοῖςόρῶ-

2083 3361 2167 3434 σιν
2212 3377 2442 3431 ἐνίεσαν.
2478 3371 2552 3425 οὐ
2593 3369 2703 3439 γὰρ
2733 3369 2844 3430 τοῖς
2873 3365 3100 3419 κατόπιν
3124 3362 3219 3417 καὶ
3257 3362 3420 3415 οἱονεί
3447 3378 3560 3424 πως
3593 3361 3652 3412 ἐν

2079 3467 2394 3540 ἀποστροφῇ
2430 3460 2704 3532 κειμένοις
2741 3460 2808 3528 τῇ
2844 3455 2996 3527 παρὰ
3033 3453 3170 3525 Θεῷ,
3199 3452 3260 3535 τὸ
3287 3452 3430 3506 θεῖόν
3455 3467 3514 3504 τε
3554 3452 3649 3505 καὶ

2079 3561 2268 3633 νοητὸν
2306 3555 2604 3626 ἐπιλάμπει
2643 3550 2778 3620 φῶς,
2813 3547 2949 3602 ἀλλὰ
2975 3549 3087 3610 τοῖς
3120 3547 3200 3610 εἰς
3235 3543 3358 3615 ὄψιν
3389 3543 3649 3613 ἠγμένοις

2077 3651 2145 3705 δι’
2191 3644 2486 3718 ἁγιασμοῦ,
2527 3642 2622 3697 καὶ⁵
2659 3636 3097 3735 άντιπροσώποις
3127 3636 3225 3735 ἤδη
3271 3635 3525 3735 γεγονρσι
3559 3633 3649 3735 aia

2076 3743 2175 3812 τῆς
2203 3741 2260 3793 ἐν
2311 3737 2492 3790 πίστει
2531 3730 2866 3804 παρρησίας,
2897 3728 2991 3782 καὶ
3035 3727 3134 3797 τῆς
3180 3726 3237 3780 ἐν
3277 3742 3340 3792 γε
3379 3724 3457 3795 τῷ
3497 3723 3647 3794 βιοῦν

2075 3831 2251 3902 ὀρθῶς
2280 3826 2562 3897 παγκάλου
2604 3822 2954 3895 σεμνότητος.
2993 3817 3255 3890 Βδελυρδν
3292 3816 3390 3888 μὲν
3413 3816 3522 3886 γάρ
3551 3815 3646 3867 καὶ

2075 3919 2462 3991 ἀπηχθημένον
2503 3917 2614 3969 πᾶν
2661 3915 2785 3968 ὅσον
2840 3911 2988 3965 ἐστὶν
3028 3913 3086 3964 ἐν
3116 3906 3419 3979 φαυλότητί
3441 3923 3503 3958 τε
3550 3906 3645 3958 καὶ

2074 4012 2318 4083 ἀπειθίᾳ.
2360 4011 2553 4082 Τίμιον
2581 4009 2638 4062 δέ
2667 4007 2762 4060 καὶ
2791 4007 2849 4059 ἐν
2871 4002 3153 4072 ἐπισκέψει
3178 3998 3335 4063 Θεοῦ,
3366 3997 3427 4051 τὸ
3457 3998 3642 4050 εὐπει-

2074 4105 2163 4169 θές
2184 4105 2276 4158 καὶ
2298 4105 2532 4174 εὐήνιον.
2571 4099 2849 4160 Ἰουδαίοις
2885 4096 2984 4167 μὲν
3012 4093 3122 4165 γὰρ
3153 4091 3505 4162 ἐμπαροινεῖν
3531 4086 3641 4140 ἐλοο

2077 4195 2256 4266 μένοις
2283 4193 2601 4254 ἁκαθέκτως
2629 4188 2798 4259 αὐτῷ,
2836 4187 2931 4240 καὶ
2954 4185 3040 4239 διὰ
3069 4183 3251 4254 φωνῆς
3289 4180 3507 4233 Ἡσαΐου
3538 4193 3640 4247 φηο

2075 4286 2178 4340 σίν’
2219 4304 2239 4338 ι
2281 4287 2456 4339 Ὅταν
2489 4284 2589 4346 τὰς
2621 4285 2808 4352 χεῖρας
2853 4278 3129 4346 ἐκτείνητε
3174 4272 3310 4344 πρὸς
3366 4272 3454 4342 μὲ,
3501 4270 3640 4322 ἁπο-

385 4341 472 4392 ter
489 4337 641 4393 illum
657 4341 852 4413 injuria
875 4346 1078 4405 violare
1095 4337 1530 4423 constituissent,
1547 4375 1644 4429 per
1664 4337 1812 4419 Isaiae
1836 4382 1971 4435 quo-

2087 4337 2295 4449 ιτρὲψω
2312 4337 2764 4445 τοὺςόφθαλμούς
2788 4337 2889 4442 μου
2911 4369 3003 4437 ἀφ’
3024 4337 3196 4439 ὑμῶν.
3218 4337 3247 4418 ἰ
3278 4383 3296 4416 ι
3342 4337 3639 4431 ’ὀφθαλμοὶ

384 4441 494 4497 que
515 4445 705 4487 vocem
735 4433 871 4491 dicit
900 4454 913 4490 :
949 4457 967 4490 ι
1001 4439 1138 4495 Cum
1159 4446 1520 4501 extenderitis
1543 4466 1736 4507 manus
1768 4455 1836 4507 ad
1854 4433 1963 4523 ine,

383 4529 626 4576 avertam
652 4526 841 4581 oculos
862 4545 1014 4585 meos
1041 4547 1074 4587 a
1097 4532 1256 4587 vobis
1274 4535 1317 4566 ιι
1346 4552 1359 4586 :
1392 4553 1412 4586 ι
1442 4567 1514 4576 -
1549 4557 1567 4588 ι
1599 4538 1754 4596 Oculi
1783 4554 1965 4602 autem

381 4608 599 4668 Domini
635 4629 803 4686 super
824 4619 1005 4689 justos
1035 4623 1103 4686 ”,
1139 4641 1159 4673 ι
1191 4631 1253 4677 ut
1290 4623 1347 4677 in
1379 4625 1608 4684 Psalmis
1629 4633 1865 4688 canitur.

451 4701 648 4758 PALL.
679 4707 881 4762 Verum
911 4717 1014 4764 est.

447 4792 606 4850 CYR.
642 4796 815 4867 Hujus
842 4800 1018 4855 sancti
1047 4801 1361 4860 candelabri
1391 4807 1561 4864 etiam
1615 4811 1810 4871 beatus
1857 4819 1959 4874 Za-

378 4881 596 4940 charias
616 4896 804 4958 aperte
827 4891 1108 4958 meminit;
1146 4893 1228 4950 sic
1263 4898 1414 4953 enim
1438 4900 1576 4956 dixit
1612 4922 1624 4957 :
1667 4925 1684 4957 ι
1724 4906 1962 4966 Conver-

2065 4468 2121 4520 δέ
2173 4468 2375 4538 Κυρίου
2425 4466 2516 4518 ἐπὶ
2576 4462 2842 4525 δικαίους,
2901 4478 2920 4513 ι
2986 4455 3129 4511 κατὰ
3180 4455 3240 4508 τὸ
3286 4453 3344 4507 ἐν
3390 4450 3637 4522 Ψαλμοῖς

2066 4558 2417 4629 ὑμνούμενον.

2134 4730 2339 4783 ΠΑΛΑ.
2386 4728 2626 4801 Ἀληθές.

2130 4822 2295 4876 ΚΥΡ.
2328 4822 2438 4893 Ἰλῆς
2467 4822 2628 4892 ἁγίας
2642 4821 2872 4893 ταυτησὶ
2897 4821 3118 4892 λυχνίας
3143 4820 3415 4893 μέμνηται
3443 4821 3629 4891 σαφῶς

2056 4914 2150 4967 καὶ
2177 4916 2204 4966 ό
2229 4913 2511 4977 θεσπέσιος
2538 4913 2844 4984 Ζαχαρίας⁶
2889 4912 2990 4984 ἔφη
3017 4912 3145 4983 γὰρ,
3185 4912 3266 4966 ὅτι
3322 4931 3342 4966 ι
3381 4913 3492 4967 Kal
3527 4916 3628 4967 ἐπ-

377 4986 472 5027 sus
508 4982 594 5029 est
648 4981 875 5050 angelus
902 4983 996 5052 qui
1034 4984 1366 5055 loquebatur
1398 4990 1454 5046 in
1476 5009 1584 5061 me,
1621 5005 1678 5052 et
1701 5002 1959 5058 excitavit

2089 5003 2319 5075 στρεψεν
2334 5005 2363 5057 ὁ
2388 4981 2670 5073 ἄγγελοςνδ
2691 4981 2873 5056 λαλῶν
2894 5003 2951 5056 ἐν
2976 4981 3120 5072 ἐμοί,
3149 5003 3243 5056 καὶ
3268 5003 3514 5074 ἐξήγειρέ
3535 5021 3624 5074 με,

377 5077 487 5130 me,
525 5065 669 5122 sicut
695 5073 968 5129 excitatur
1010 5075 1173 5132 homo
1196 5094 1227 5133 a
1253 5095 1444 5138 somno
1469 5099 1590 5152 suo,
1630 5098 1687 5143 et
1723 5092 1860 5147 dixit
1885 5097 1960 5151 ad

2087 5109 2111 5146 ν
2141 5065 2343 5166 τρόπον
2383 5065 2651 5166 ἐξηγέρθη
2682 5093 2968 5164 ἄνθρωπος
3009 5065 3073 5147 ἐκ
3110 5093 3206 5146 τοῦ
3435 5065 3624 5158 αὑτοῦ,

376 5169 466 5211 me
494 5173 508 5209 :
536 5155 676 5223 Quid
702 5168 760 5216 tu
781 5164 972 5220 vides?
1001 5167 1070 5222 Et
1097 5168 1209 5224 dixi
1233 5189 1245 5224 :
1271 5173 1416 5238 Vidi,
1441 5184 1498 5230 et
1519 5193 1647 5234 ecce
1687 5185 1947 5242 candela-

378 5247 542 5305 brum
564 5265 815 5319 aureum,
848 5257 1131 5330 etlampas
1161 5276 1326 5332 super
1351 5265 1507 5331 illud,
1539 5279 1595 5324 et
1633 5284 1842 5344 septem
1867 5279 1952 5334 lu-

2050 5185 2144 5238 καὶ
2171 5181 2292 5237 εἷπε
2321 5185 2453 5256 πρὸς
2475 5186 2564 5256 μὲ,
2595 5185 2741 5239 Τίσὺ
2763 5183 3016 5254 βλέπεις;
3046 5183 3155 5238 Kal
3171 5177 3320 5247 εἶπα,
3349 5184 3622 5254 Ἑώρακα,

2054 5278 2147 5332 καὶ
2182 5278 2290 5332 ἰδοὺ
2317 5277 2507 5348 λυχνία
2533 5279 2710 5350 χρυσῆ
2737 5277 2853 5347 ὅλη,
2886 5276 2980 5330 καὶ
3005 5276 3068 5329 τὸ
3101 5275 3402 5346 λαμπάδιον
3431 5277 3623 5346 αὐτῆς,

376 5355 557 5399 cernae
587 5359 752 5415 super
776 5347 932 5416 illud,
965 5359 1022 5407 et
1042 5351 1164 5409 duae
1192 5354 1326 5411 olea;
1347 5373 1514 5428 super
1537 5361 1714 5432 ipsum
1741 5408 1754 5431 ,
1790 5385 1894 5424 una
1919 5389 1950 5426 a

2087 5370 2145 5424 al
2168 5370 2314 5424 ἐπτὰ
2335 5347 2736 5442 λύχνοι
2761 5369 2952 5438 αὐτῆς,
2987 5369 3079 5421 καὶ
3106 5367 3200 5421 δύο
3229 5367 3404 5420 ἐλαῖαι
3437 5369 3624 5422 ἐπάνω

377 5428 583 5488 dextris
613 5434 882 5506 lampadis
905 5439 1045 5511 ejus,
1067 5451 1123 5497 et
1145 5459 1252 5498 una
1281 5460 1312 5499 a
1344 5428 1598 5506 sinistris.
1629 5453 1698 5509 Et
1739 5428 1944 5529 rogavi,

2087 5463 2236 5535 ύτῆς·
2281 5463 2381 5534 μία
2405 5428 2472 5518 ἐκ
2497 5463 2686 5533 δεξιῶν
2709 5463 2803 5517 τοῦ
2830 5428 3136 5534 λαμπαδίου
3161 5461 3349 5530 αὺτῆς,
3386 5461 3480 5512 καὶ
3521 5461 3619 5531 μία

449 5529 493 5630 ξ’
515 5547 684 5630 Exod.
714 5569 837 5619 xxv,
1043 5559 1086 5591 ¹⁶
1117 5560 1290 5618 ICor.
1334 5582 1428 5630 xu,
1461 5567 1512 5623 8.

379 5608 500 5678 Hs.
565 5620 604 5650 ι·
643 5621 746 5678 lsa.
788 5608 962 5692 ιζιὲῗ
1016 5608 1577 5706 ηιῑεεῦἶ’ὲιίὶὶἱ,”ἱε.

1587 5573 1627 5606 "
1658 5577 1813 5637 Joan.
1859 5597 1939 5649 ιιι,

2146 5569 2368 5651 “han.
2397 5604 2434 5655 ι,
2460 5588 2545 5644 l6.
2623 5589 2669 5622 ¹⁹
2698 5589 2870 5657 Exod.
2911 5607 3034 5657 xxv,
3063 5590 3150 5644 57.
3230 5586 3275 5618 ’³
3304 5585 3618 5657 Num-Nl".
