3996 6212
321 319 421 376 Γθθ

1063 319 1150 372 DE
1191 315 1635 372 ADORATIONE
1678 316 1743 370 ΙΝ
1786 315 2061 371 SPlRlTU
2105 317 2189 370 ET
2231 317 2596 372 VERITATE.
2641 318 2766 372 LIB.
2807 319 2896 373 IX.

3472 323 3576 380 010

321 428 378 494 ἐξ
406 428 726 497 εὐωνύμων.
769 430 878 483 Καὶ
924 429 1278 500 ἐπηρώτησα,
1325 429 1419 482 καὶ
1457 423 1586 481 εἶπα
1629 429 1764 499 πρὸς
1807 429 1896 480 τὸν

2003 439 2054 482 et
2099 429 2209 482 dixi
2243 429 2310 482 ad
2337 431 2589 500 angelum
2621 431 2711 500 qui
2745 431 3071 501 loquebatur
3109 432 3162 486 in
3207 446 3315 496 me,
3347 431 3572 487 dicens=

320 519 548 589 ἄγγελον
575 519 665 572 τὸν
694 517 955 571 λαλοῦντα
990 522 1046 572 ἐν
1075 521 1218 590 ἐμοὶ,
1261 519 1454 587 λέγων,
1480 519 1673 590 Κύριε,
1697 520 1748 572 τί
1776 521 1892 572 ἐστι

321 612 528 677 rauca;
567 611 662 665 καὶ
695 607 814 664 εἷπε
853 612 988 682 πρὸς
1025 611 1112 682 μὲ,
1152 611 1346 680 λέγων,
1380 611 1454 664 Οὐ
1502 610 1791 680 γινώσκεις
1839 610 1893 662 τί

325 705 444 758 ἐστι
473 699 688 766 reﬁxa;
734 698 843 754 Καὶ
888 695 1035 765 εἶπα,
1069 702 1222 772 Οὐχὶ,
1258 702 1450 774 Κύριε.
1495 721 1512 753 ι
1559 701 1616 754 '0
1651 702 1745 771 μὲν
1801 696 1892 754 οὖν

321 794 588 866 μακάριος
635 795 922 865 προφήτης
985 789 1366 847 διεπυνθάνετο
1403 794 1598 862 λέγων,
1653 793 1718 846 Τί
1771 794 1889 845 ἐστι

317 883 510 946 ⁴ταῦτα,
536 883 740 953 Κύριε;
771 883 955 955 Βραχὺ
985 885 1041 937 δὲ
1067 885 1312 955 διήγημα
1337 886 1622 956 παρενθεὶς
1649 888 1676 938 6
1699 884 1895 938 θεσπέ-

322 986 436 1038 σιος
481 973 708 1043 ἄγγελος
757 975 1100 1046 διερμηνεύει
1143 975 1240 1046 τὴν
1274 976 1485 1046 ὅρασιν,
1539 977 1630 1028 καὶ
1671 976 1766 1046 τὴν
1791 977 1893 1046 τῆς

316 1063 539 1136 λυχνίας
568 1065 912 1137 κατασκευὴν
932 1069 1011 1130 εἰς
1037 1066 1271 1138 Χριστὸν
1292 1068 1553 1136 ἀναφέρει
1579 1067 1750 1136 λέγων
1768 1067 1894 1137 περὶ

317 1159 427 1210 τῶν
456 1160 512 1210 ἐν
547 1155 684 1229 αὐτῇ
713 1157 922 1228 λύχνων
955 1159 1118 1223 ἑπτὰ,
1163 1175 1182 1209 ι
1226 1154 1385 1213 Οὗτοι
1408 1159 1457 1211 oi
1488 1157 1754 1228 ὀφθαλμοὶ
1778 1159 1891 1208 Κυ-

321 1249 460 1320 ρίου,
481 1249 866 1313 ἐπιϐλέποντες
888 1251 978 1303 ἐπί
994 1237 1172 1302 πᾶσαν
1191 1251 1288 1319 τὴν
1308 1251 1430 1320 γῆν.
1462 1267 1479 1300 ι
1505 1249 1566 1301 Εἰ
1585 1248 1694 1318 γὰρ
1723 1248 1826 1317 χρή
1841 1263 1892 1298 τι

320 1341 541 1396 καὶτῶν
559 1341 880 1412 παχυτέρων
902 1343 1095 1404 εἰπεῖν,
1129 1341 1342 1411 μυρίοις
1367 1341 1511 1402 ὅσοις
1527 1340 1672 1409 ἡμᾶς
1696 1337 1893 1406 ὀφθαλ-

323 1437 445 1502 μοῖς
473 1434 533 1486 τὸ
566 1434 707 1486 θεῖον
736 1435 837 1504 ὁρᾷ
866 1433 960 1486 καὶ
984 1433 1420 1486 κατασκέπτεται
1449 1431 1518 1484 τὰ
1554 1429 1889 1502 ἀνθρώπινα.

319 1525 602 1594 γινώσκων
631 1525 698 1578 τὰ
733 1527 790 1578 ἐν
833 1524 910 1594 τῷ
946 1525 1146 1589 σκότει,
1190 1525 1332 1578 κατὰ
1379 1525 1439 1578 τὸ
1486 1523 1889 1594 γεγραμμένον,

328 1634 346 1664 ι
385 1615 495 1668 Καὶ
511 1614 571 1666 τὸ
591 1614 705 1682 φῶς
731 1616 846 1684 μετ’
873 1613 1038 1666 αὑτοῦ
1066 1614 1232 1666 ἐστιν.
1261 1632 1278 1662 ι
1307 1614 1370 1668 Et
1387 1613 1495 1684 γὰρ
1517 1614 1610 1667 καὶ
1631 1615 1765 1683 ἡμῖν
1782 1614 1892 1676 τοῖς

319 1706 380 1758 ἐν
419 1706 608 1774 κόσμῳ
652 1705 712 1757 τὸ
744 1704 858 1774 φῶς
893 1704 1068 1774 ἐνίησι
1105 1705 1257 1768 Θεὸς,
1293 1704 1789 1775 καταπλουτήσειεν
1824 1702 1889 1756 ἂν

321 1796 456 1851 αὐτὸ
475 1762 703 1866 καὶθπρό
728 1762 792 1864 γέ
814 1762 922 1848 τῶν
954 1762 1130 1850 ἄλλων
1156 1762 1354 1866 ἐννίδίᾳ
1388 1795 1547 1863 φύσει
1584 1762 1782 1866 λαχών.
1818 1795 1888 1846 Ἦ
1926 1762 1966 1820 Β

321 1887 480 1958 εἴπερ
501 1887 598 1958 οὐχ
619 1881 722 1940 ὧδε
752 1886 895 1958 ἔχειν
919 1887 1282 1940 ὑποπτεύουσί
1308 1904 1473 1950 τινες,
1495 1886 1612 1957 ὥρα
1639 1903 1738 1940 που
1751 1885 1893 1954 τάχα

319 1980 436 2041 τοῖς
465 1973 568 2031 ὦδε
609 1982 825 2049 φρονεῖν
860 1979 1138 2049 ἑλομένοις
1181 1978 1495 2046 ἐπιφωνεῖν,
1539 1995 1557 2029 ι
1592 1976 1785 2030 Σύνετε
1829 1975 1893 2047 δὴ

321 2069 552 2140 ἄφρονες
581 2071 638 2121 ἐν
665 2068 742 2140 τῷ
771 2067 904 2140 λαῷ,
944 2070 1040 2123 καὶ
1094 2068 1267 2140 μωροί
1301 2085 1431 2121 ποτε
1460 2069 1783 2139 φρονήσατε.
1837 2068 1894 2120 Ὁ

323 2160 597 2229 φυτεύσας
622 2161 682 2214 τὸ
703 2157 816 2224 οὖς,
845 2160 967 2231 οὐχὶ
993 2161 1213 2226 ἀκούει;
1236 2161 1268 2232 ἢ
1295 2162 1323 2213 6
1341 2160 1551 2222 πλάσας
1577 2159 1669 2212 τὸν
1697 2158 1895 2227 ὀφθαλ-

327 2251 447 2320 μὸν,
473 2252 595 2322 οὐχὶ
625 2242 916 2317 κατανοεῖ;
959 2251 1078 2305 Ζῶν
1103 2251 1212 2322 γάρ
1235 2253 1263 2305 6
1295 2251 1450 2320 λόγος
1487 2251 1582 2304 τοῦ
1619 2250 1774 2315 Θεοῦ,
1802 2251 1896 2305 καὶ

324 2342 575 2413 ἐνεργὴς,
599 2343 694 2396 καὶ
714 2342 1049 2413 ὴκονημένος
1087 2343 1287 2412 μᾶλλον
1323 2343 1594 2414 μαχαίρας
1621 2344 1892 2414 διστόμου,

322 2434 690 2506 διικνούμενος
725 2435 887 2506 μέχρι
919 2433 1191 2506 μερισμοῦ
1222 2434 1400 2506 ψυχῆς
1427 2436 1519 2488 καὶ
1567 2437 1893 2506 πνεύματος,

324 2526 517 2597 ἁρμῶν
537 2544 597 2580 τε
629 2528 720 2580 καὶ
757 2525 989 2598 μυελῶν,
1031 2527 1124 2580 καὶ
1162 2527 1407 2598 κριτικὸς
1431 2527 1778 2599 ἐνθυμήσεων
1804 2529 1898 2581 καὶ

323 2617 542 2671 ἐννοιῶν
570 2618 816 2690 καρδίας,
847 2618 940 2671 καὶ
964 2619 1064 2672 οὐκ
1095 2617 1209 2670 ἔστι
1239 2618 1415 2679 κτίσις
1437 2619 1648 2689 ἀφανὴς
1669 2618 1898 2674 ἐνώπιον

323 2707 511 2760 αὐτοῦ.
561 2707 748 2760 Πάντα
789 2705 847 2758 δὲ
893 2705 1080 2776 γυμνὰ
1137 2706 1231 2760 καὶ
1281 2705 1748 2777 τετραχηλισμένα
1788 2708 1899 2768 τοῖς

326 2798 623 2868 ὀφθαλμοῖς
655 2797 842 2852 αὐτοῦ.
870 2817 888 2849 ι
923 2797 1150 2862 Φωτίζει
1190 2797 1255 2868 δὴ
1299 2793 1391 2850 οὖν
1415 2797 1509 2850 καὶ
1531 2799 1702 2869 ἐφορᾷ
1725 2798 1899 2851 πάντα

327 2890 582 2961 Χριστός.
615 2889 904 2959 Τοιγάρτοι
933 2891 1028 2943 καὶ
1062 2889 1268 2959 ἔφασκε
1301 2889 1368 2941 δι’
1404 2889 1523 2952 ἐνὸς
1555 2887 1665 2941 τῶν
1692 2905 1901 2960 προφη-

323 2982 450 3034 τῶνο
487 3000 505 3032 ‹
536 2981 665 3044 Θεὸς
689 2981 925 3049 ἐγγίζων
943 2980 1053 3048 ἐγώ
1072 2982 1207 3052 εἰμι,
1237 2979 1384 3048 λέγει
1408 2979 1633 3052 Κύριος,
1664 2979 1760 3032 καὶ
1781 2978 1900 3049 οὐχὶ

325 3071 455 3132 Θεὸς
475 3071 780 3142 πόρρωθεν.
800 3070 893 3141 Μὴ
917 3071 1010 3123 ἀπ’
1029 3069 1163 3140 ἐμοῦ
1201 3069 1536 3142 κρυϐήσεταί
1563 3087 1650 3136 τι;
1685 3088 1704 3121 ι
1731 3070 1898 3124 Λάθοι
1925 3097 1966 3153 C

325 3160 434 3233 γὰρ
465 3160 530 3214 ἂν
557 3159 712 3213 οὐδὲν
744 3159 836 3213 τὸν
878 3159 1055 3212 πάντα
1088 3159 1265 3213 εἰδότα
1289 3158 1434 3216 νοῦν.
1471 3159 1541 3212 Ἦ
1572 3160 1670 3213 οὐκ
1699 3160 1900 3230 ἄριστά

329 3268 408 3306 σοι
437 3252 610 3307 ταῦτα
629 3250 944 3320 διεσκέφθαι
972 3249 1141 3315 δοκῶ;

397 3424 601 3477 ΠΑΛΛ.
646 3424 965 3478 Παντάπασι
1000 3424 1097 3494 μὲν
1126 3418 1238 3478 οὖν.

397 3516 559 3569 ΚΥΡ.
602 3516 894 3586 Ἀσύνηθες
926 3517 983 3569 δέ
1015 3533 1068 3569 τι
1097 3519 1224 3588 περὶ
1251 3516 1348 3587 τὴν
1381 3518 1598 3589 λυχνίαν
1633 3521 1660 3573 6
1689 3521 1904 3592 προφή-

325 3622 425 3676 της
452 3604 617 3676 ὁρῶν,
653 3606 844 3659 ἐλαιῶν
873 3606 983 3677 γὰρ
1010 3602 1150 3678 ἦσαν
1181 3607 1386 3674 κλάδοι,
1427 3611 1902 3681 προσεπυνθάνετο

328 3695 521 3764 λέγων,
552 3715 570 3747 ι
603 3697 670 3749 Τί
704 3698 760 3750 αἱ
783 3697 875 3750 δύο
899 3697 1074 3751 ἐλαῖαι
1105 3690 1263 3752 αὗται
1294 3701 1351 3752 ai
1381 3703 1444 3754 ἐκ
1473 3701 1661 3766 δεξιῶν
1689 3702 1788 3773 τῆς
1811 3703 1902 3756 λυ-

329 3789 479 3860 χνίας
496 3787 594 3842 καὶ
615 3787 674 3852 ἐξ
690 3786 1014 3856 εὐωνύμων;
1053 3788 1162 3839 Καὶ
1191 3789 1542 3858 ὲπηρώτησα,
1558 3809 1576 3842 ι
1596 3793 1810 3862 φησὶν,ι
1839 3792 1903 3845 ἐκ

327 3879 600 3949 δευτέρου,
639 3879 733 3932 καὶ
763 3874 889 3931 εἶπα
918 3877 1054 3947 πρὸς
1080 3878 1260 3931 αὐτόν’
1293 3879 1357 3929 Τί
1387 3881 1434 3931 οἱ
1456 3879 1548 3932 δύο
1577 3881 1758 3934 κλάδοι
1795 3883 1904 3936 τῶν

328 3970 546 4031 ἐλαιῶν,
591 3971 640 4021 oi.
683 3970 740 4021 ἐν
782 3971 902 4032 ταῖς
943 3969 1099 4039 χερσλ⁹
1139 3968 1245 4020 τῶν
1285 3967 1378 4021 δύο
1422 3971 1755 4042 μυξωτήρων
1798 3972 1905 4025 τῶν

330 4061 569 4132 χρυσῶν,
600 4059 708 4114 τῶν
748 4060 1075 4131 ἐπιχεόντων
1108 4061 1202 4114 καὶ
1239 4061 1622 4130 ἐπαναγόντων
1647 4064 1744 4128 τὰς
1771 4065 1905 4116 ἐπα-

333 4152 616 4223 ρυστρίδας
641 4152 739 4215 τάς
765 4155 998 4223 χρυσᾶς;
1019 4152 1128 4205 Καὶ
1156 4148 1275 4205 εἷπε
1297 4154 1432 4224 πρός
1461 4173 1549 4225 με,
1566 4175 1583 4206 ι
1603 4157 1903 4227 φησὶν,ιυύ

330 4242 620 4310 γινώσκεις
658 4243 710 4296 τί
750 4244 867 4296 ἐστι
903 4243 1113 4309 mina;
1171 4246 1278 4298 Kal.
1319 4242 1470 4309 εἶπα,
1503 4248 1669 4317 Οὐχὶ,
1710 4248 1900 4318 Κύριε.

329 4336 437 4388 Καὶ
466 4332 589 4389 εἶπέ
624 4353 732 4406 μοι·
781 4332 938 4390 Οὗτοι
976 4339 1024 4390 οἱ
1063 4339 1156 4392 δύο
1185 4339 1288 4392 υἱοὶ
1333 4340 1431 4410 τῆς
1480 4341 1731 4409 πιότητος
1765 4356 1906 4410 παρ-

330 4429 595 4498 εστήκασι
616 4428 691 4497 τῷ
714 4429 902 4498 Κυρίῳ
927 4430 1106 4498 πάσης
1129 4429 1224 4498 τῆς
1245 4430 1368 4498 γῆς.
1401 4449 1418 4479 ι

399 4522 611 4574 ΠΑΛΛ.
671 4521 767 4584 Τίς
805 4517 898 4574 οὖν
938 4521 1045 4591 ἄρα
1088 4514 1280 4590 γέγονε
1331 4523 1486 4592 χρεία
1524 4521 1602 4591 τῷ
1653 4523 1906 4594 μακαρίῳ

332 4609 612 4679 προφήτῃ,
634 4607 728 4661 τοῦ
760 4607 855 4661 καὶ
871 4611 950 4671 είς
976 4603 1133 4671 αὖθις
1185 4609 1556 4663 ἀναπυθέσθαι
1585 4610 1736 4676 δεῖν;
1781 4613 1908 4666 Ἐπ-

331 4697 589 4772 ηρώτησα
617 4699 746 4771 γὰρ,
776 4701 959 4770 φησιν,
984 4702 1048 4753 ἐκ
1071 4699 1342 4772 δευτέρου.

399 4791 563 4846 ΚΥΡ.
605 4791 675 4842 Ἢ
716 4791 824 4860 γάρ
855 4791 977 4860 οὐχὶ
1013 4789 1179 4860 φαίης
1215 4790 1302 4854 ἂν,
1336 4785 1380 4844 ὦ
1413 4791 1697 4854 Παλλάδιε,
1744 4793 1906 4862 σοφόν

332 4899 390 4936 τε
422 4881 563 4936 εἶναι
588 4883 681 4935 καὶ
704 4881 933 4953 πρέπον,
960 4883 1073 4944 τοῖς
1104 4898 1169 4949 γε
1197 4881 1331 4944 ὅλως
1359 4881 1494 4953 ὀρθὰ
1519 4883 1735 4952 φρονεῖν
1765 4885 1907 4952 ᾑρη-

337 4972 536 5042 μένοις,
577 4971 826 5042 ἀκριϐεῖς
856 4970 952 5024 καὶ
984 4971 1387 5042 άπεξεσμένους
1430 4971 1528 5035 τὰς
1560 4972 1643 5040 ἐφ’
1680 4972 1786 5042 ὅτῳ
1814 4967 1906 5026 οὖν

337 5062 440 5114 τῶν
469 5062 785 5130 ἀναγκαίων
814 5062 1085 5115 ποιεῖσθαι
1113 5063 1364 5128 πεύσεις;

401 5153 613 5206 ΠΔΛΛ.
643 5151 812 5221 Φημί.

407 5241 569 5295 ΚΥΡ.
610 5242 838 5304 Κλῶνας
857 5241 922 5313 δὴ
943 5237 1036 5296 οὖν
1053 5243 1248 5296 ἐλαιῶν
1273 5242 1418 5312 θαλῷ
1440 5243 1700 5314 βρύοντας
1721 5243 1912 5314 ἁπαλῷ

340 5333 432 5385 καὶ
455 5332 697 5388 νεοθαλεῖ
727 5332 1055 5404 τεθεαμένος
1082 5336 1110 5387 6
1141 5337 1446 5405 προφήτης,
1479 5335 1662 5398 ἐλαίας
1694 5336 1910 5401 αὐτοὺς,

341 5422 434 5475 καὶ
469 5423 569 5477 οὐκ
596 5425 653 5492 ἔξ
691 5425 888 5479 ἐλαιῶν
913 5425 1161 5496 ὠνόμαζε
1190 5426 1435 5489 κλάδους.
1469 5423 1597 5480 Εἶτα
1636 5427 1907 5498 σεσιώπη-

341 5529 434 5570 κεν
479 5517 508 5568 6
546 5515 829 5581 θεσπέσιος
871 5517 1102 5586 ἄγγελος
1127 5559 1142 5584 ,
1190 5518 1289 5587 τὴν
1335 5519 1775 5590 ἐμφρονεστέραν
1815 5520 1910 5572 καλ⁸

445 5627 491 5658 ’³
521 5627 802 5712 ἐξειλλνε-
822 5629 931 5712 μβ.
1292 5631 1376 5686 10.
1454 5635 1497 5666 ’⁵
1527 5634 1658 5688 Dan.
1705 5649 1762 5697 ιι,
1803 5631 1889 5686 29.

2003 5633 2016 5663 ⁵
2046 5630 2186 5684 Psal.
2230 5644 2374 5692 xcm,
2401 5628 2451 5692 8,
2483 5628 2536 5681 9.
2614 5626 2656 5657 "
2692 5621 2858 5677 Hebr.
2898 5633 2968 5681 Iv,
3000 5616 3086 5679 12,
3120 5615 3204 5668 15.

346 5712 491 5764 xxm,
523 5696 612 5755 25.
687 5701 733 5733 "
767 5700 1022 5769 Zach.1v,
1055 5700 1235 5754 H-M.

1997 519 2243 584 Domine,
2269 522 2399 590 quid
2427 532 2555 576 sunt
2579 524 2724 578 haec?
2747 525 2813 577 Et
2843 524 2980 578 dixit
3008 523 3074 576 ad
3102 539 3187 577 me
3220 542 3232 576 :
3258 525 3378 579 Non
3432 527 3575 580 nosti

1996 612 2126 679 quid
2165 611 2275 665 sint
2305 612 2460 666 haec?
2488 614 2556 667 Et
2607 613 2742 678 dixi,
2789 616 2930 679 Non,
2968 615 3197 668 Domine
3237 616 3304 667 ³⁸.
3349 635 3366 668 ι
3398 615 3578 686 Atque

1996 703 2086 758 ille
2129 704 2352 773 quidem
2407 704 2601 759 beatus
2635 707 2904 775 propheta
2969 714 3326 776 percontatus
3357 718 3462 772 est,
3495 707 3578 762 di-

1995 809 2148 858 cens,
2177 794 2320 860 Quid
2347 804 2474 850 sunt
2503 797 2660 850 hac?
2687 796 2794 850 Sed
2815 798 2904 852 ille
2922 798 3117 854 beatus
3143 799 3390 870 angelus,
3421 799 3572 855 brevi

1994 886 2312 941 narratione
2352 887 2678 955 interposita
2701 928 2714 952 ,
2763 889 3030 944 visionem
3064 889 3480 960 interpretatur,
3519 899 3577 946 et

1995 976 2308 1030 candelabri
2343 979 2808 1032 constructionem
2835 979 2903 1032 ad
2940 979 3221 1034 Christum
3252 981 3454 1046 refert,
3486 981 3574 1036 di-

1995 1081 2125 1120 ccns
2147 1066 2213 1120 de
2237 1073 2464 1134 septem
2490 1067 2732 1123 lucernis
2751 1085 2871 1138 quae
2902 1068 2956 1122 in
2988 1084 3054 1123 eo
3083 1079 3212 1124 sunt
3249 1089 3261 1124 :
3296 1091 3314 1122 ‹
3351 1073 3414 1126 Hi
3446 1081 3576 1128 sunt

1993 1158 2136 1211 oeuli
2167 1158 2382 1211 Domini
2423 1160 2752 1228 aspicientes
2786 1161 2842 1214 in
2891 1176 3108 1215 omnem
3136 1170 3336 1218 terram
3360 1165 3424 1218 ".
3459 1185 3476 1216 ›
3504 1166 3575 1220 Ut

1992 1249 2137 1302 enim
2174 1250 2422 1303 nonnihil
2469 1250 2690 1306 rudiore
2741 1267 2904 1306 sensu
2947 1252 3192 1308 dicamus
3217 1294 3230 1317 ,
3268 1255 3576 1311 innumeris

1992 1355 2092 1393 nos
2115 1341 2290 1395 oculis
2325 1342 2470 1396 Deus
2497 1343 2719 1412 aspicit,
2744 1355 2799 1398 et
2822 1360 2910 1398 res
2943 1344 3214 1400 humanas
3237 1347 3571 1411 considerat,

1992 1439 2047 1484 et
2083 1433 2362 1501 cognoscit
2385 1448 2506 1502 qua:
2532 1434 2846 1488 intenebris
2884 1443 3032 1493 sunt.
3067 1445 3128 1489 ut
3152 1437 3420 1506 scriptum
3444 1445 3568 1499 est:

2001 1538 2017 1570 ι
2062 1520 2130 1573 Ει
2159 1521 2253 1574 lux
2287 1536 2412 1575 cum
2443 1522 2562 1591 ipso
2591 1530 2676 1583 est
2703 1524 2768 1576 ⁸⁸.
2805 1544 2822 1575 ι
2858 1525 2992 1578 Nam
3013 1564 3026 1588 ,
3060 1526 3104 1579 si
3134 1527 3294 1582 nobis
3331 1543 3572 1597 quoque,

1993 1611 2086 1679 qui
2112 1611 2165 1665 in
2192 1612 2297 1667 hoc
2324 1615 2528 1669 mundo
2551 1630 2759 1680 sumus,
2785 1616 2971 1670 lumen
3003 1617 3226 1670 immitit
3247 1618 3413 1682 Deus,
3447 1635 3576 1688 pro-

1995 1701 2085 1755 cul
2137 1702 2306 1758 dubio
2335 1704 2527 1758 eodem
2572 1721 2682 1774 pra:
2719 1707 2932 1760 cmteris
2973 1707 3231 1762 omnibus
3290 1709 3572 1763 abundare

1993 1805 2059 1844 ex
2083 1799 2294 1847 natura:
2317 1809 2429 1847 sua:
2467 1794 2781 1849 conditione
2809 1796 3116 1851 credendus
3142 1806 3253 1862 est;
3291 1807 3384 1852 aut
3408 1800 3452 1853 si
3478 1801 3572 1869 qui

1991 1896 2104 1935 non
2157 1882 2230 1936 ita
2285 1898 2342 1938 se
2381 1899 2496 1938 rem
2550 1884 2754 1940 habere
2787 1886 3159 1955 suspicantur,
3180 1889 3290 1958 jam
3335 1906 3468 1945 vero
3499 1892 3573 1946 ita

1993 1973 2294 2029 sentientes
2331 1975 2443 2031 illis
2472 1976 2657 2030 verbis
2695 1976 2901 2045 alloqui
2942 1977 3130 2032 licebit
3166 1996 3178 2030 :
3224 1997 3241 2029 ι
3285 1979 3573 2050 lntelligite

1995 2065 2317 2136 insipientes
2353 2068 2408 2120 in
2437 2069 2672 2137 populo,
2712 2075 2766 2122 et
2803 2068 2982 2133 stulti,
3031 2070 3326 2139 aliquando
3352 2071 3525 2141 sapite
3555 2090 3570 2136 ;

1995 2158 2087 2226 qui
2113 2157 2380 2227 plantavit
2414 2173 2634 2224 aurem,
2663 2174 2772 2213 non
2797 2159 2988 2215 audit?
3014 2169 3108 2216 aut
3131 2163 3223 2231 qui
3254 2162 3408 2216 tinxit
3438 2178 3575 2218 ocu-

1993 2246 2129 2312 lum,
2154 2262 2264 2302 non
2285 2249 2596 2304 considerat
2618 2249 2697 2301 "‘I
2723 2248 2892 2304 Vivus
2919 2257 3004 2304 est
3051 2252 3196 2305 enim
3235 2267 3417 2306 sermo
3451 2254 3572 2317 Dei,

1996 2347 2054 2394 et
2093 2338 2302 2404 efﬁcax,
2353 2347 2410 2395 et
2449 2348 2642 2396 acutus
2670 2339 2844 2410 magis
2883 2356 3046 2409 quam
3093 2341 3306 2412 gladius
3339 2358 3574 2413 anceps;

1997 2431 2422 2502 pertingensque
2454 2447 2627 2501 usque
2673 2432 2739 2486 ad
2772 2431 3096 2486 divisionem
3127 2433 3323 2487 animae
3357 2448 3420 2488 ac
3459 2433 3576 2505 spi-

1997 2520 2154 2587 ritus,
2179 2537 2500 2593 compagum
2534 2537 2753 2592 quoque
2788 2531 2843 2576 et
2870 2522 3254 2587 medullarum,
3291 2531 3348 2577 et
3371 2524 3579 2580 discre-

1999 2618 2085 2666 tor
2113 2614 2502 2684 cogitationum
2537 2621 2594 2668 et
2625 2614 2987 2668 intentionum
3031 2615 3231 2670 cordis.
3268 2616 3336 2670 Et
3359 2632 3466 2670 non
3493 2625 3579 2674 est

1999 2712 2253 2759 creatura
2291 2705 2473 2776 aliqua
2499 2705 2788 2760 invisibilis
2815 2706 2867 2760 in
2886 2712 3181 2774 conspectu
3209 2707 3363 2776 ejus:
3390 2707 3574 2762 omnia

1999 2799 2182 2846 autem
2211 2793 2360 2847 nuda
2413 2801 2469 2848 et
2490 2801 2678 2864 aperta
2714 2803 2842 2847 sunt
2875 2793 3051 2848 oculis
3087 2793 3206 2863 ejus
3222 2795 3286 2847 ³⁷.
3315 2813 3331 2846 ι
3373 2795 3580 2848 lilumi-

2000 2893 2094 2938 nat
2131 2884 2296 2955 igitur
2318 2885 2570 2940 Christus
2613 2891 2670 2941 et
2711 2885 2906 2955 aspicit
2935 2884 3150 2938 omnia:
3175 2885 3406 2955 ideoque
3439 2886 3580 2941 dixit

2000 2990 2098 3044 per
2129 2976 2421 3046 quemdam
2443 2991 2474 3030 e
2507 2977 2792 3047 prophetis
2823 2994 2835 3030 :
2887 2996 2905 3027 ‹
2945 2976 3088 3030 Deus
3119 2991 3148 3029 e
3183 2976 3431 3045 proximo
3455 2992 3576 3031 sum

2001 3082 2122 3136 ego,
2162 3067 2295 3122 dicit
2318 3067 2618 3133 Dominus,
2661 3075 2718 3123 et
2761 3083 2871 3121 non
2919 3067 3064 3121 Deus
3090 3066 3350 3136 alonge;
3391 3082 3578 3121 numa

2000 3174 2084 3212 me
2104 3159 2468 3212 occultabitur
2484 3159 2691 3228 aliquid
2717 3159 2805 3210 ἐξ)
2837 3177 2854 3208 ι
2890 3157 3036 3211 Nihil
3052 3156 3199 3211 enim
3224 3158 3382 3226 301
3406 3157 3578 3214 latere

2000 3258 2178 3318 potest
2199 3257 2434 3302 mentem
2464 3249 2608 3302 illam
2629 3249 2810 3303 omnia
2833 3249 3117 3303 scientem.
3147 3247 3228 3300 An
3255 3247 3356 3301 tibi
3382 3263 3577 3317 parum

2000 3339 2342 3393 considerate
2369 3339 2485 3393 haec
2515 3339 2697 3393 dicere
2731 3340 2956 3394 videor?

2070 3427 2267 3480 PALL.
2299 3428 2413 3481 lmo
2448 3443 2579 3481 vero
2611 3428 2864 3482 maxime.

2070 3517 2226 3572 CYR.
2259 3517 2361 3572 Sed
2403 3519 2692 3588 propheta,
2721 3533 2846 3573 cum
2881 3518 3202 3572 inusitatum
3233 3518 3492 3587 quiddam
3521 3518 3578 3573 in

2003 3612 2333 3667 candelabro
2371 3611 2585 3666 videret
2629 3610 2914 3681 (olearum
2969 3609 3114 3663 enim
3152 3609 3208 3662 in
3261 3624 3327 3662 eo
3368 3609 3579 3665 inerant

2004 3701 2188 3773 rami),
2214 3702 2396 3756 denuo
2409 3700 2731 3756 sciscitatus
2755 3706 2858 3763 est,
2877 3698 3066 3753 dicens
3093 3716 3104 3750 :
3141 3718 3158 3747 ‹
3189 3684 3327 3765 Quid
3349 3707 3476 3752 sunt
3499 3699 3582 3753 ha-

2005 3793 2128 3847 dua:
2155 3791 2312 3846 olivze
2336 3807 2365 3846 a
2395 3790 2605 3845 dextris
2631 3788 2978 3851 candelabri,
3025 3796 3080 3842 et
3125 3803 3152 3841 a
3202 3787 3483 3842 sinistris?
3518 3787 3578 3840 Et

2008 3881 2211 3951 rogavi,
2239 3901 2256 3932 ι
2289 3881 2488 3950 inquit,
2520 3899 2537 3930 ‹
2570 3880 2773 3943 denuo,
2801 3886 2856 3932 et
2888 3878 2997 3932 dixi
3028 3878 3094 3931 ad
3119 3893 3272 3930 eum:
3302 3877 3441 3943 Quid
3459 3887 3579 3931 sunt

2007 3974 2084 4027 illi
2113 3973 2222 4026 duo
2259 3973 2396 4025 rami
2436 3971 2680 4025 olearum
2734 3968 2825 4037 qui
2856 3977 2984 4022 sunt
3013 3969 3066 4021 in
3112 3983 3307 4021 manus
3350 3968 3580 4021 duarum

2007 4063 2226 4116 narium
2279 4075 2575 4114 aurearum
2603 4057 3008 4112 infundentium
3034 4098 3047 4122 ,
3084 4067 3139 4111 et
3187 4057 3581 4112 retrahentium

2009 4151 2300 4205 sutl'usoria
2326 4150 2530 4204 aurea?
2557 4149 2623 4202 Et
2647 4146 2784 4201 dixit
2811 4145 2876 4200 ad
2903 4161 3010 4206 me,
3046 4166 3062 4196 ι
3105 4146 3312 4216 inquit:
3354 4166 3370 4197 ι
3399 4147 3580 4203 Nescis

2009 4243 2139 4313 quid
2169 4242 2278 4296 sint
2315 4241 2470 4295 hazc?
2508 4240 2576 4294 Et
2602 4238 2737 4301 dixi,
2775 4236 2893 4291 Non
2921 4277 2936 4301 ,
2970 4238 3222 4292 Domine.
3253 4238 3321 4293 Et
3361 4238 3499 4293 dixit
3517 4240 3581 4293 ad

2011 4348 2096 4387 me
2123 4352 2135 4386 :
2165 4334 2229 4388 Ili
2261 4333 2369 4387 duo
2402 4331 2498 4384 ﬁlii
2523 4329 2875 4400 pinguedinis
2907 4336 3088 4383 astant
3137 4339 3262 4384 ante
3293 4331 3580 4385 Dominum

1943 4447 1987 4501 ι)
2019 4423 2287 4478 universa:
2305 4430 2463 4476 terrae
2487 4421 2552 4472 ’⁸.
2597 4439 2614 4470 ι

2082 4515 2280 4571 PALL.
2307 4515 2450 4581 Quid
2475 4512 2695 4568 tandem
2720 4526 2858 4582 opus
2873 4509 2980 4565 fuit
3009 4509 3171 4566 beato
3203 4511 3483 4582 propheta:
3527 4523 3579 4566 ut

2012 4608 2214 4662 iterum
2254 4604 2654 4676 interrogaret?
2701 4600 3037 4671 Interrogavi
3066 4616 3334 4670 namque,
3372 4601 3582 4670 inquit,

2012 4700 2215 4756 denuo.

2079 4790 2236 4844 ΟΥΕ.
2252 4789 2332 4842 An
2363 4796 2444 4851 tu,
2469 4786 2700 4849 Palladi,
2725 4785 2950 4840 minime
2979 4793 3142 4854 putas
3159 4797 3279 4838 esse
3305 4781 3582 4852 sapientis,

2008 4890 2065 4936 et
2092 4881 2160 4935 ad
2183 4895 2278 4935 eos
2302 4878 2396 4949 qui
2424 4886 2570 4932 recte
2598 4876 2805 4931 sentire
2827 4874 3020 4940 velint,
3056 4889 3167 4928 non
3200 4873 3438 4928 maxime
3461 4887 3583 4943 per.

2007 4971 2183 5026 tinere
2206 4984 2416 5033 censes,
2442 4968 2510 5023 de
2531 4981 2856 5036 unaquaque
2873 4980 2931 5019 re
2947 4963 3252 5018 necessaria
3300 4961 3591 5034 diligenter

2010 5071 2068 5119 et
2090 5068 2343 5117 accurate
2369 5060 2710 5128 interrogare
2734 5057 2758 5109 ?

2081 5154 2278 5209 PALL.
2304 5154 2442 5208 Puto
2467 5150 2740 5222 equidem.

2087 5244 2244 5299 (ΝΒ.
2303 5245 2507 5298 Ramos
2577 5241 2746 5311 igitur
2810 5239 3054 5292 olearum
3107 5246 3296 5290 tenero
3352 5234 3584 5288 recenti.

2017 5353 2122 5406 que
2165 5335 2411 5407 germine
2457 5333 2705 5388 virentes
2753 5344 2877 5384 cum
2921 5328 3226 5397 aspexisset
3269 5325 3536 5394 propheta
3569 5362 3585 5386 ,

2017 5429 2186 5491 oleas,
2225 5443 2336 5482 non
2403 5427 2649 5482 olearum
2678 5437 2864 5476 ramos
2925 5419 3236 5488 appellavit.
3281 5416 3468 5482 Itaque
3511 5421 3584 5467 ta-

2017 5519 2132 5573 cuit
2173 5519 2367 5572 beatus
2427 5517 2692 5586 angelus,
2739 5525 2863 5566 cum
2928 5507 3342 5576 prudentiorem
3394 5516 3457 5556 ac
3493 5518 3584 5558 ve—

3311 5613 3355 5646 ²⁹
3384 5613 3583 5672 Jerem.
