3996 6212
473 343 565 400 ﬁll

1489 326 1544 392 s.
1585 325 1858 393 eruum
1900 323 2366 392 ALEXANDRINI
2406 325 2725 394 manner.

3614 340 3709 396 (ili

465 464 671 512 rnorem
723 446 1205 524 interrogationem
1258 463 1599 524 exspectaret
1633 473 1644 507 :
1683 463 1873 523 postea
1909 469 2040 507 vero

2149 453 2316 524 ἀληθῆ
2349 459 2661 524 περιμένων
2689 453 2878 507 πεῦσιν
2900 471 2913 484 ·
2956 453 3143 525 ἐπειδὴ
3189 453 3242 506 δὲ
3269 452 3709 524 διεγηγερμένος,

464 561 627 616 quam
651 547 918 600 excitatus
937 546 1069 614 jam,
1089 545 1239 608 ,duos
1255 562 1433 600 ramos
1452 547 1697 601 olearum
1732 546 2039 616 appellavit,

465 649 521 690 ct
550 652 606 690 sc
637 635 822 689 doceri
837 634 1100 704 ﬂagitavit
1153 638 1310 707 cujus
1344 637 1425 692 rei
1458 647 1643 693 essent
1666 637 1757 691 illa
1775 639 2039 709 symbola,

465 725 660 779 didicit
692 725 862 788 illico,
890 725 1110 780 dicente
1137 729 1330 798 angelo
1361 746 1372 781 :
1411 747 1428 778 ‹
1469 728 1534 784 Hi
1565 728 1676 782 duo
1695 727 1790 781 ﬁlii
1819 729 2044 798 pingues

466 815 614 870 dinis
645 824 826 871 astant
842 828 969 872 ante
1005 817 1298 872 Dominum
1330 818 1601 874 universae
1627 827 1808 873 terrae.
1849 838 1867 870 ι
1897 820 2044 875 Duos

464 922 631 979 porro
663 908 1012 978 pinguedinis
1054 909 1196 964 ﬁlios
1240 918 1358 963 tum
1391 910 1548 965 illum
1585 926 1654 965 ex
1683 911 1870 976 lsrael,
1925 920 2041 965 tum

464 1014 598 1054 vero
624 1000 860 1054 alterum
889 1015 957 1054 ex
986 1001 1246 1070 gentibus
1267 1001 1527 1070 populum
1553 1002 1867 1071 appellavit,
1905 1016 2044 1071 quos

465 1093 634 1147 etiam
664 1099 792 1146 ante
819 1091 1109 1147 Dominum
1135 1093 1410 1147 universae
1439 1100 1601 1148 terra:
1638 1101 1816 1148 astare
1859 1093 1994 1148 dicit
2027 1108 2040 1147 :

467 1181 522 1236 in
546 1199 656 1252 quo
677 1181 966 1237 manifeste
983 1183 1334 1238 etevidenter
1368 1182 1503 1236 illud
1537 1183 1856 1239 candelabri
1882 1185 2042 1255 opiﬁ-

466 1273 615 1328 cium
642 1288 744 1343 pro
770 1274 975 1329 Christi
1026 1273 1198 1346 ﬁgura
1250 1275 1457 1344 posuit,
1504 1275 1571 1330 ad
1597 1277 1754 1346 cujus
1797 1276 2044 1331 dextram

466 1365 854 1435 sinistramque
901 1373 1113 1435 partem
1141 1366 1415 1421 olivarum
1457 1369 1594 1422 rami
1647 1375 1908 1438 tanquam
1941 1370 2048 1424 cir-

467 1471 591 1510 cum
619 1455 751 1510 illud
780 1463 965 1510 essent
985 1457 1260 1522 collocati,
1289 1457 1704 1528 impinguantur
1725 1459 1866 1523 oleo,
1899 1453 2045 1528 quod

467 1549 638 1603 sancti
666 1539 905 1617 Spiritus
948 1547 1178 1617 ﬁguram
1219 1550 1400 1619 gerit;
1432 1558 1672 1605 mentem
1701 1551 2045 1606 credentium

468 1640 766 1710 irrigantis,
794 1639 951 1709 juxta
1000 1638 1137 1694 illud
1165 1656 1177 1668 ·
1218 1658 1237 1691 ι
1271 1637 1632 1712 impinguasti
1659 1642 1713 1696 in
1740 1641 1861 1696 oleo
1883 1648 2048 1712 caput

465 1745 649 1785 meum
686 1730 754 1782 ³ο.
776 1749 794 1781 ι

2143 545 2236 598 δύο
2270 545 2491 609 κλάδους
2530 545 2728 598 ἐλαιῶν
2768 545 3018 614 ὠνόμαζε
3059 545 3265 609 λοιπὸν,
3295 545 3389 598 καὶ
3421 543 3714 614 άναμαθεῖν

2145 635 2412 704 ἐλιπάρει,
2453 635 2598 697 τίνος
2621 636 2684 687 ἂν
2710 633 2794 704 εἴη
2830 634 3072 705 σύμϐολα
3094 634 3251 688 ταυτὶ
3281 633 3588 688 ἐδιδάσκετο
3619 653 3717 690 πα-

2145 726 2426 797 ραχρῆμα,
2456 726 2549 778 τοῦ
2586 725 2820 795 ἀγγέλου
2853 726 3123 795 λέγοντοςδ
3172 745 3190 776 ι
3225 718 3384 778 Οῦτοι
3422 726 3468 797 οἱ
3498 725 3590 778 δύο
3619 725 3718 779 υίολ⁵

2142 817 2242 885 τῆς
2264 818 2515 888 πιότητος
2529 818 2914 888 παρεστήκασι
2930 817 3008 888 τῷ
3025 817 3216 888 Κυρίῳ
3234 817 3413 886 πάσης
3429 815 3528 885 τῆς
3549 816 3671 887 γῆς.
3695 837 3710 867 ι

2143 904 2304 970 Υίοὺς
2331 905 2386 958 δέ
2413 905 2667 977 πιότητος
2690 905 2802 968 δύο,
2829 903 2922 959 τόν
2943 923 3004 958 τε
3035 905 3094 971 ἐξ
3133 905 3373 976 Ἰσραὴλ,
3400 906 3496 958 καὶ
3519 905 3618 975 μέν
3641 898 3734 956 τοι⁴

2145 998 2234 1051 τὸν
2288 995 2347 1062 ἐξ
2403 995 2574 1049 ἐθνῶν
2624 995 2888 1050 ἀπεκάλει
2925 993 3073 1059 λαὸν,
3119 993 3212 1057 οὓς
3265 994 3359 1046 καὶ
3409 992 3488 1062 τῷ
3532 993 3718 1062 Κυρίῳ

2144 1088 2323 1158 πάσης
2346 1087 2446 1156 τῆς
2465 1089 2568 1156 γῆς
2590 1085 2929 1155 παρεστάναι
2961 1086 3116 1154 φησὶ,
3145 1083 3328 1153 σαφῶς
3355 1099 3416 1136 τε
3446 1084 3539 1136 καὶ
3568 1085 3718 1150 ἐναρ·

2143 1173 2255 1241 γῶς
2299 1175 2378 1236 είς
2417 1172 2582 1226 τύπον
2613 1171 2878 1244 Χριστοῦ,
2913 1173 2974 1225 τὸ
3011 1173 3104 1226 ἐπὶ
3144 1175 3211 1244 τῇ
3254 1171 3445 1244 λυχνίᾳ
3479 1173 3719 1243 τέχνημα

2144 1262 2332 1325 τιθεὶς,
2364 1257 2430 1333 ἧς
2450 1263 2499 1315 οἱ
2525 1262 2708 1316 κλάδοι
2726 1261 2836 1316 τῶν
2864 1263 3080 1327 ἐλαιῶν,
3110 1264 3188 1326 εἰς
3210 1263 3362 1330 δεξιά
3380 1281 3438 1316 τε
3469 1266 3563 1317 καὶ
3587 1263 3718 1316 εὐώ-

2145 1369 2289 1422 νυμα
2309 1392 2324 1415 ,
2355 1356 2448 1407 καὶ
2491 1355 2655 1408 οἱονεὶ
2684 1354 2782 1426 τὴν
2813 1355 2871 1407 ἐν
2911 1353 3094 1424 κύκλῳ
3122 1354 3376 1424 λαχόντες
3419 1355 3607 1407 στάσιν
3643 1355 3717 1424 τῷ

2148 1441 2312 1513 ἐλαίῳ
2326 1443 2792 1508 καταπιαίνονται,
2811 1443 2839 1497 ὅ
2859 1446 3004 1498 ἐστιν
3021 1445 3173 1512 ἁγίου
3193 1443 3333 1500 Πνεύ
3341 1462 3506 1515 ματος
3529 1445 3713 1510 τύπος,

2145 1533 2238 1587 τὸν
2257 1534 2365 1588 τῶν
2387 1535 2751 1590 πιστευόντων
2769 1537 3126 1608 κατάρδοντας
3145 1536 3288 1602 νοῦν,
3314 1536 3456 1589 κατὰ
3475 1537 3553 1598 τὸ,
3577 1557 3596 1587 ε
3635 1538 3718 1589 Ἐν

2148 1623 2315 1695 ἐλαίῳ
2349 1623 2608 1688 ἐλίπανας
2629 1625 2728 1696 τὴν
2753 1626 2996 1696 κεφαλήν
3021 1642 3146 1696 μου.
3182 1642 3201 1676 ι

534 1819 730 1875 PALL.
765 1819 871 1874 Sed
897 1833 994 1874 cur
1022 1835 1133 1874 non
1157 1819 1306 1875 oleas
1328 1829 1421 1874 eas
1446 1821 1631 1891 potius
1677 1830 1842 1890 quam
1864 1835 2043 1876 ramos

2226 1794 2432 1856 ῙῙΑΔΛ.
2467 1795 2600 1857 Εἶτα
2626 1804 2681 1856 τί
2720 1799 2792 1874 μὴ
2830 1803 3028 1872 μᾶλλον
3063 1803 3248 1867 ἐλαίας
3289 1803 3477 1867 αὐτάς,
3514 1803 3722 1866 κλῶνας

462 1911 711 1965 olearum
752 1909 970 1963 vocavit
1002 1908 1026 1961 ?

531 1999 689 2054 CYR.
723 1998 807 2054 0b
829 2014 951 2054 eam
985 2013 1207 2054 causam
1231 2041 1244 2064 ,
1295 1998 1524 2067 Palladi,
1557 2001 1684 2071 quia
1709 1996 1896 2056 fideles
1923 2006 2044 2056 t‘an;

463 2105 627 2159 quam
661 2105 729 2145 ex
756 2090 893 2146 oleis
946 2091 1143 2146 tenues
1163 2132 1177 2156 ,
1209 2106 1274 2147 ac
1303 2093 1669 2162 pubescentes
1705 2096 1911 2150 surculi
1946 2096 2044 2150 dc-

464 2179 622 2232 tracti
647 2187 808 2244 sunt,
835 2188 892 2233 et
921 2179 1084 2233 simul
1131 2195 1254 2234 cum
1310 2181 1415 2236 ﬁde
1458 2183 1527 2236 ad
1571 2185 1830 2252 pietatem
1876 2200 2045 2256 prope

463 2268 930 2338 transplantantur
966 2286 979 2322 :
1029 2268 1122 2323 alii
1162 2269 1384 2339 quidem
1425 2287 1492 2326 ex
1542 2269 1858 2329 Judmorum
1922 2293 2047 2348 syw

467 2360 659 2427 ‘agoga,
683 2357 777 2410 alii
827 2364 1012 2411 autem
1059 2372 1127 2412 ex
1153 2359 1397 2427 gentium
1437 2361 1599 2415 turba
1634 2361 1911 2418 detracti:
1943 2380 2045 2417 ne-

464 2462 576 2515 quc
619 2448 767 2501 enim
821 2463 1014 2504 omnes
1060 2449 1156 2518 qui
1183 2460 1312 2504 sunt
1338 2467 1405 2505 ex
1432 2452 1617 2519 Israel,
1645 2453 2041 2521 crediderunt;

461 2537 805 2608 302neque
822 2539 1082 2594 universa
1099 2540 1396 2596 multitudo
1411 2543 1654 2613 gentium
1678 2554 1762 2599 est
1778 2545 2040 2615 ingressa.

463 2627 618 2682 Rami
653 2638 780 2684 sunt
805 2630 970 2700 igitur
999 2632 1268 2697 olearum,
1303 2634 1396 2704 qui
1439 2636 1527 2689 vel
1569 2651 1636 2690 ex
1685 2638 2041 2695 multitudine

461 2719 799 2783 Judaeurum,
829 2722 914 2775 vel
959 2722 1127 2776 etiam
1159 2740 1191 2778 e
1226 2726 1386 2779 turba
1413 2727 1658 2796 gentium
1695 2738 1953 2799 tanquam
1977 2747 2045 2787 ex

463 2809 754 2866 arboribus
781 2812 1050 2878 detracti,
1091 2823 1148 2870 et
1192 2816 1260 2870 ad
1295 2816 1543 2872 divinum
1581 2819 1767 2875 lumen
1809 2823 2042 2878 traducti

463 2910 609 2965 sunt,
631 2911 686 2956 et
707 2903 1108 2961 abundantiore
1132 2907 1243 2977 jam
1287 2907 1525 2977 Spiritus
1549 2911 1724 2966 sancti
1774 2912 2043 2970 effusione

462 2989 866 3058 quodammodo
913 2992 1211 3048 luxuriant.
1248 2994 1306 3048 ld
1343 2994 1493 3049 enim
1541 2996 1848 3067 signiﬁcare
1890 2995 2042 3055 arbi-

2146 1895 2203 1950 δὲ
2242 1895 2440 1966 μᾶλλον
2471 1895 2666 1948 ἐλαιῶν
2693 1895 2982 1962 ἀπεκάλεις

2218 1979 2382 2040 ΚΥΡ.
2421 1985 2565 2050 Ὅτι,
2599 1982 2644 2038 ii)
2673 1987 2877 2058 ἑταῖρε,
2918 1986 3172 2058 καθάπερ
3201 1986 3259 2052 ἐξ
3286 1986 3480 2042 ἐλαιῶν
3523 1988 3722 2058 μόσχια

2145 2076 2316 2130 λεπτὰ
2355 2077 2449 2130 καὶ
2495 2075 2806 2146 ἀρτιθαλεϊς
2852 2075 3146 2149 ἐξῄρηνται
3189 2077 3409 2143 κλάδοι,
3452 2077 3616 2149 μόνον
3666 2077 3722 2130 δὲ

2145 2170 2268 2238 οὐχὶ
2311 2167 2798 2240 μεταϐοθρεύονται
2843 2170 2982 2241 μετὰ
3032 2171 3270 2234 πίστεως
3309 2171 3390 2235 είς
3439 2171 3722 2224 εὐσέϐειαν

2145 2261 2193 2314 oi
2220 2260 2665 2324 πεπιστευκότες,
2689 2261 2738 2314 οἱ
2763 2261 2861 2331 μὲν
2885 2263 2950 2314 ἐκ
2981 2262 3080 2332 τῆς
3112 2255 3378 2316 Ἰουδαίων
3417 2261 3570 2326 ὅντες
3599 2279 3721 2315 συν-

2146 2351 2400 2422 αγωγῆς,
2439 2351 2489 2403 οἱ
2525 2349 2604 2412 δέ,
2645 2351 2745 2421 τῆς
2787 2351 2846 2418 ἐξ
2889 2350 3058 2405 ἐθνῶν
3095 2351 3330 2424 πληθύος
3369 2352 3719 2426 ἐξῃρημένον

2145 2441 2541 2496 πεπιστεύκασι
2567 2442 2677 2513 γάρ
2697 2443 2817 2514 οὐχὶ
2838 2443 3040 2507 πάντες
3061 2445 3110 2497 oi
3135 2444 3195 2508 ἐξ
3231 2442 3592 2516 Ἰσραὴλ,οὖτε
3617 2446 3724 2516 μὴν

2145 2532 2330 2586 άπασα
2349 2533 2456 2586 τῶν
2476 2531 2645 2586 ἐθνῶν
2666 2533 2991 2603 εἰσέφρησεν
3015 2536 3048 2604 ἡ
3076 2533 3304 2603 πληθύς.
3327 2532 3524 2589 Κλάδοι
3545 2534 3722 2587 τοίνυν

2145 2626 2362 2690 ἐλαιῶν,
2410 2625 2460 2678 οί
2499 2625 2576 2688 ὼς
2621 2626 2685 2678 ἐκ
2739 2623 2970 2694 δένδρων
3017 2626 3428 2696 ἀπεσπασμένοι
3483 2624 3722 2694 πληθύος

2156 2716 2471 2786 Ἰουδαϊκῆς,
2503 2717 2596 2769 καὶ
2627 2717 2734 2787 μὴν
2765 2716 3214 2788 καὶἘλληνικῆς,
3246 2719 3338 2772 καὶ
3377 2720 3434 2772 ἐν
3474 2719 3614 2785 φωτὶ
3645 2717 3721 2787 τῷ

2145 2807 2274 2877 θείῳ
2314 2807 2692 2877 γεγενημένοι,
2740 2809 2834 2862 καὶ
2875 2809 3320 2872 ἐνσπαταλῶντες
3355 2810 3454 2879 ἤδη
3510 2825 3626 2871 πως
3655 2812 3716 2879 τῇ

2143 2897 2238 2950 τοῦ
2265 2899 2428 2966 ἁγίου
2482 2898 2798 2969 Πνεύματος
2834 2899 3180 2970 ἀφθονωτέρα
3212 2899 3384 2971 χύσειδ
3417 2899 3586 2952 Τοῦτο
3613 2900 3718 2969 γάρ

2145 2985 2294 3058 οἶμαι
2327 2989 2539 3059 δηλοῦν,
2567 2987 2648 3055 τὸ,
2682 2989 2755 3052 ὡς
2784 2990 2841 3042 ἐν
2873 2989 3185 3060 μυξωτῆρσι
3217 2987 3326 3042 τῶν
3362 2989 3567 3060 λύχνων
3596 2990 3720 3051 τοῦς

463 3089 614 3143 tror,
675 3082 822 3150 quod
873 3091 1132 3153 tanquam
1181 3085 1236 3138 in
1285 3086 1515 3141 naribus
1555 3087 1908 3144 lucernarum
1933 3091 2043 3146 sint

2149 3079 2254 3134 τῶν
2277 3081 2469 3134 ἐλαιῶν
2495 3081 2708 3134 κεῖσθαι
2730 3080 2976 3145 κλάδους,
3000 3074 3074 3133 ὧν
3097 3083 3190 3134 καὶ
3216 3083 3245 3136 6
3274 3081 3542 3152 μακάριος
3570 3081 3718 3134 Ψαλ·
3743 3085 3746 3087 ’

463 3168 708 3224 olearum
751 3173 886 3226 rami
939 3174 1230 3239 collocati,
1281 3191 1520 3244 quorum
1571 3178 1768 3235 beatus
1825 3195 2044 3252 quoque

464 3261 802 3317 I’salmorum
835 3271 1027 3319 auctor
1048 3266 1321 3333 meminit,
1355 3282 1481 3322 cum
1513 3269 1581 3323 ad
1620 3269 1905 3327 Christum
1928 3287 2046 3328 om-

464 3354 618 3405 nium
646 3350 985 3409 Salvatorem
1030 3370 1254 3410 carmen
1301 3367 1682 3424 converteret,
1723 3377 1788 3416 ac
1830 3369 1946 3416 tum
1977 3363 2045 3418 de

466 3436 664 3512 sponsa
713 3459 836 3513 quae
881 3444 960 3498 illi
1001 3447 1293 3517 conjuncta
1318 3455 1402 3501 est
1428 3487 1443 3511 ,
1499 3447 1605 3502 hoc
1645 3459 1731 3504 est
1765 3451 2005 3506 Ecclesia
2029 3491 2044 3517 ,

468 3541 582 3585 tum
611 3533 777 3587 etiam
806 3533 874 3588 de
905 3533 1052 3590 illius
1075 3551 1174 3604 per
1198 3535 1360 3590 ﬁdem
1392 3535 1520 3590 ﬁliis
1546 3537 1754 3593 diceret
1781 3557 1794 3591 :
1840 3559 1858 3590 ι
1901 3541 2048 3596 Uxor

465 3631 559 3676 tua
581 3622 722 3677 sicut
753 3623 882 3679 vitis
927 3625 1214 3680 abundans
1257 3626 1313 3680 in
1345 3627 1615 3684 lateribus
1663 3629 1860 3685 domus
1897 3640 2044 3698 tuae;

467 3707 564 3760 ﬁlii
589 3709 666 3761 tui
698 3708 842 3763 sicut
881 3711 1112 3766 novellae
1149 3713 1419 3766 olivarum
1462 3713 1518 3768 in
1570 3715 1808 3772 circuitu
1846 3735 2049 3775 mensa:

468 3804 576 3850 tua:
593 3785 660 3852 ³³.
703 3819 721 3849 ι
758 3801 1144 3870 Participando
1167 3819 1402 3874 namque
1434 3805 1722 3874 Spiritum,
1766 3819 1822 3863 et
1857 3824 2046 3866 sancta

465 3885 670 3944 Christi
701 3905 889 3946 mensa
915 3892 1171 3961 fruendo,
1206 3895 1571 3964 viviﬁcamur,
1597 3908 1955 3971 posteaquam
1981 3905 2048 3958 il-

467 3980 577 4035 lius
604 3979 769 4037 ﬁdem
797 3983 1034 4054 amplexi
1059 4000 1269 4041 sumus.

538 4069 735 4126 PALL.
790 4073 957 4128 Recte
995 4073 1132 4128 vero
1180 4074 1320 4130 dicis
1355 4094 1367 4128 :
1403 4095 1421 4128 ι
1458 4077 1570 4148 Ego
1594 4079 1764 4144 enim,
1798 4099 1815 4131 ι
1849 4081 2047 4152 inquit,

477 4179 496 4210 ι
521 4175 643 4214 sum
669 4162 826 4230 panis
846 4161 1025 4227 vivus,
1055 4163 1148 4234 qui
1166 4163 1234 4218 de
1258 4166 1398 4220 coelo
1414 4165 1695 4234 descendi,
1713 4177 1768 4224 et
1795 4170 1957 4224 vitam
1982 4171 2051 4225 do

471 4253 678 4307 nmndo
703 4254 768 4306 “.
807 4273 825 4304 ι

538 4341 696 4398 CYR.
723 4343 802 4399 Ac
824 4344 892 4400 de
915 4346 1270 4414 candelabro,
1320 4357 1377 4403 et
1423 4351 1492 4406 iis
1537 4367 1659 4422 quae
1702 4353 1758 4407 in
1785 4369 1852 4408 eo
1900 4362 2046 4418 s'unt,

2153 3173 2324 3242 μῳδὸς
2355 3172 2716 3243 διαμέμνηταί
2748 3189 2874 3232 που.
2905 3172 3040 3243 πρὸς
3073 3172 3163 3224 τὸν
3195 3172 3300 3225 τῶν
3330 3171 3465 3226 ὅλων
3493 3171 3718 3242 Σωτῆρα

2147 3265 2380 3335 Χριστὸν
2410 3263 2767 3335 ἀναμελῳδῶν
2808 3281 2866 3316 τε
2901 3265 2995 3317 καὶ
3022 3263 3196 3333 λέγων
3222 3264 3346 3334 περί
3375 3281 3433 3315 τε
3459 3263 3560 3333 τῆς
3601 3279 3717 3314 συν-

2147 3357 2498 3427 ηρμοσμένης
2524 3355 2671 3427 αὐτῷ
2697 3356 2936 3427 νύμφης,
2958 3358 3223 3420 τουτέστι,
3247 3357 3344 3426 τῆς
3377 3353 3718 3425 Ἐκκλησίας,

2149 3448 2243 3501 καὶ
2269 3447 2376 3501 τῶν
2409 3448 2467 3500 ἐν
2513 3448 2693 3500 πίστει
2725 3448 2928 3500 τέκνων
2959 3447 3148 3518 αὐτῆςσ
3187 3465 3206 3499 ι
3255 3447 3317 3500 Ἡ
3349 3449 3481 3517 γυνή
3524 3463 3618 3499 σου
3648 3446 3722 3507 ὡς

2148 3537 2392 3608 ἄμπελος
2435 3537 2736 3608 εὐθηνοῦσα
2773 3537 2832 3590 ὲν
2863 3541 2974 3602 τοῖς
3011 3536 3216 3590 κλίτεσι
3251 3538 3350 3607 τῆς
3382 3535 3558 3598 οίκίας
3606 3551 3718 3588 σου.

2149 3631 2212 3682 Οί
2243 3630 2346 3682 υἱοί
2376 3646 2489 3692 σου,
2520 3629 2594 3692 ὡς
2623 3629 2860 3696 νεόφυτα
2887 3629 3078 3682 ἐλαιῶν
3102 3627 3286 3699 κύκλῳ
3312 3628 3411 3698 τῆς
3443 3625 3722 3697 τραπέζης

2152 3736 2264 3773 σου.
2294 3739 2312 3771 ι
2345 3719 2764 3790 Ζωοποιούμεθα
2792 3719 2901 3789 γάρ
2930 3720 2989 3772 ὲν
3015 3717 3230 3788 μεθέξει
3258 3717 3593 3786 Πνεύματος,
3630 3715 3725 3768 καὶ

2149 3812 2206 3864 ἐν
2245 3810 2374 3881 ἁγίᾳ
2405 3810 2652 3883 τραπέζῃ
2683 3809 2942 3882 Χριστοῦ,
2977 3811 3076 3880 τὴν
3101 3811 3180 3873 είς
3207 3809 3366 3864 αὑτὸν
3401 3807 3582 3861 πίστιν
3613 3808 3723 3859 εἰσ·-

2148 3901 2476 3972 δεδεγμένοι.

2220 4077 2428 4133 ΙῙΑΛΛ.
2467 4077 2573 4130 Ναὶ
2589 4076 2766 4144 λέγεις
2791 4066 2984 4147 ὀρθῶς·
3024 4093 3042 4126 ι
3072 4074 3216 4143 Ἐγὼ
3249 4074 3358 4145 γάρ
3383 4075 3520 4146 εἰμι,
3564 4092 3582 4124 ι
3615 4090 3720 4142 φη·-

2153 4169 2260 4233 civ,
2291 4187 2309 4219 ι
2343 4169 2372 4220 6
2398 4167 2561 4239 άρτος
2589 4170 2617 4221 6
2653 4167 2782 4234 ζῶν,
2813 4171 2842 4221 6
2869 4169 2934 4220 ἐκ
2961 4166 3055 4220 τοῦ
3084 4164 3316 4238 ούρανοῦ
3341 4164 3603 4229 καταϐὰς,
3632 4164 3719 4217 καὶ

2156 4261 2302 4330 ζωὴν
2329 4260 2504 4323 διδοὺς
2535 4259 2613 4330 τῷ
2641 4261 2848 4330 κόσμῳ.
2891 4277 2909 4310 ι

2223 4354 2384 4407 ΚΥΡ.
2433 4351 2594 4404 Ἀλλὰ
2635 4353 2856 4422 λυχνίας
2893 4353 2987 4422 μὲν
3017 4352 3144 4422 πέρι
3164 4392 3178 4415 ,
3213 4350 3437 4404 καὶτῶν
3462 4351 3520 4402 ἐν
3549 4349 3714 4418 αὐτῇ,

471 4434 736 4490 hactenus
767 4435 833 4490 ad
857 4453 1096 4506 praesens
1144 4439 1347 4495 dixisse
1381 4441 1636 4496 sufﬁciat.
1668 4443 1788 4497 Jam
1808 4460 1943 4498 vero
1981 4445 2043 4498 ad

2152 4443 2310 4495 ταυτὶ
2360 4443 2493 4512 πρὸς
2539 4441 2697 4510 ἡμῶν
2751 4443 2831 4505 εἰς
2875 4441 3048 4513 παρὸν
3082 4442 3377 4510 εἰρήσεται.
3431 4439 3555 4492 Ἰτω
3597 4437 3654 4490 δὲ
3693 4439 3721 4488 6

470 4526 641 4581 altare
668 4543 880 4582 aeneum
907 4539 1096 4599 pergat
1119 4530 1318 4596 oratio,
1350 4532 1507 4601 cujus
1531 4547 1664 4587 usus
1693 4532 1750 4586 in
1773 4533 1868 4588 illo
1890 4535 2046 4605 legali

471 4617 622 4671 cultu
646 4618 913 4671 maximus
935 4627 1071 4672 erat.
1107 4638 1125 4670 ι
1154 4619 1224 4673 Et
1243 4619 1466 4685 facies,»
1493 4621 1693 4691 inquit,
1725 4643 1742 4674 ι
1772 4624 1942 4680 altare
1977 4625 2045 4682 de

468 4707 631 4777 lignis
702 4710 1135 4780 imputribilibus
1195 4730 1208 4766 :
1262 4714 1506 4785 quinque
1552 4717 1864 4773 cubitorum
1921 4721 2041 4776 lon-

469 4798 679 4867 gitudo,
707 4809 762 4853 et
785 4799 1030 4869 quinque
1062 4801 1376 4858 cubitorum
1419 4801 1684 4874 latitudo;
1710 4809 2040 4879 quadratum

469 4893 577 4946 erit
597 4895 788 4960 altare,
811 4903 866 4949 et
891 4895 1059 4950 trium
1104 4897 1419 4954 cubitorum
1448 4901 1680 4958 altitudo
1707 4905 1853 4974 ejus;
1885 4918 1941 4961 et
1966 4906 2043 4962 fa~

470 4989 583 5043 cies
620 5004 825 5045 cornua
853 4990 908 5044 in
939 4999 1180 5061 quatuor
1209 4995 1443 5064 angulis,
1485 5011 1554 5050 ex
1592 4997 1712 5067 ipso
1732 5010 1895 5054 erunt
1917 5017 2041 5054 cor-

470 5094 578 5132 nua
606 5097 619 5132 :
653 5089 709 5135 et
731 5081 945 5150 operies
985 5081 1076 5136 illa
1106 5098 1212 5138 tere
1241 5101 1252 5137 :
1279 5093 1335 5139 et
1358 5085 1526 5142 facies
1555 5103 1810 5143 coronam
1841 5092 1997 5146 altari
2026 5134 2039 5156 ,

469 5178 526 5223 et
550 5177 924 5238 tegumentum
947 5172 1066 5242 ejus
1089 5212 1104 5236 ,
1151 5184 1208 5228 et
1236 5174 1446 5243 phialas
1471 5179 1608 5248 ejus,
1645 5188 1701 5232 et
1743 5180 2043 5237 fuscinulas

469 5261 584 5329 ejus
619 5300 632 5323 ,
682 5267 737 5314 et
771 5258 953 5314 focum
1005 5263 1122 5332 ejus
1149 5304 1163 5328 ,
1212 5265 1394 5321 omnia
1442 5283 1570 5323 vasa
1603 5270 1723 5340 ejus
1763 5271 1931 5327 facies
1974 5290 2041 5328 ex

468 5349 650 5406 mre”.
689 5367 706 5401 ι
738 5349 990 5420 Quinque
1037 5351 1206 5422 igitur
1246 5354 1558 5411 cubitorum
1601 5369 1685 5414 est
1733 5360 1903 5416 altare
1943 5379 2042 5432 per

469 5439 864 5512 longitudinem
906 5457 969 5497 ac
996 5441 1362 5500 latitudinem.
1392 5446 1524 5503 Erat
1547 5450 1695 5504 enim
1741 5466 1880 5521 opus
1907 5467 2039 5522 pro~

471 5529 611 5587 fccto
643 5542 704 5588 ut
750 5533 976 5590 haberet
1027 5549 1351 5604 mensuras,
1398 5547 1454 5594 et
1497 5555 1590 5596 eas
1631 5543 2034 5612 amplissimas:

2151 4534 2307 4603 λόγος
2346 4533 2438 4585 ἐπὶ
2478 4529 2540 4585 16
2578 4533 2812 4603 χαλκοῦν
2862 4531 2961 4604 ἤδη
3008 4532 3410 4603 θυσιαστήριον,
3448 4530 3546 4600 τῆς
3580 4526 3722 4582 κατὰ

2156 4625 2322 4694 νόμον
2341 4623 2616 4694 λατρείας,
2639 4624 2699 4676 16
2725 4625 3165 4695 χρειωδέστατον.
3211 4642 3228 4674 σ
3267 4624 3517 4691 Ποιήσεις
3549 4620 3712 4690 γὰρ,ι

2149 4717 2318 4786 φησὶ,
2353 4735 2370 4767 ι
2418 4715 2802 4786 θυσιαστήριον
2849 4718 2913 4768 ἐκ
2964 4714 3135 4779 ξύλων
3205 4715 3481 4786 άσήπτων.
3549 4712 3719 4766 Πέντε

2147 4809 2366 4879 πήχεων
2409 4807 2470 4861 τὸ
2521 4809 2728 4880 μῆκος,
2784 4810 2878 4863 καὶ
2926 4809 3086 4862 πέντε
3139 4809 3361 4879 πήχεων
3413 4804 3474 4857 16
3538 4799 3716 4874 εὖρος.

2141 4901 2488 4970 Τετράγωνον
2536 4900 2691 4955 ἔσται
2742 4897 2802 4954 16
2839 4899 3242 4970 θυσιαστήριον,
3275 4897 3371 4951 καὶ
3410 4893 3577 4967 τριῶν
3624 4895 3723 4964 πή·

2142 5008 2278 5061 χεων
2324 4991 2385 5044 16
2423 4989 2552 5059 ὕψος
2591 4989 2775 5045 αὐτοῦ·
2811 4990 2906 5043 καὶ
2963 4991 3210 5058 ποιήσεις
3255 4987 3324 5040 τὰ
3353 4986 3580 5058 κέρατα
3627 4984 3714 5036 ἐπ’ό

2143 5085 2251 5137 τῶν
2315 5085 2595 5156 τεσσάρων
2648 5084 2882 5154 γωνιῶν,
2957 5082 3017 5148 ἐξ
3081 5082 3248 5136 αὐτοῦ
3296 5079 3450 5134 ἔσται
3497 5079 3569 5132 τὰ
3628 5087 3682 5131 κι

2150 5195 2286 5248 ρατα
2308 5217 2321 5239 ,
2352 5178 2445 5231 καὶ
2487 5175 2746 5246 καλύψαις
2771 5176 2910 5231 αὐτὰ
2932 5173 3118 5248 χαλκῶ
3140 5215 3154 5240 ,
3187 5173 3280 5227 καὶ
3326 5172 3576 5240 ποιήσεις
3607 5183 3714 5219 ate-

2149 5268 2324 5338 φάνην
2357 5267 2434 5337 τῷ
2480 5268 2856 5340 θυσιαστηρίῳ
2874 5308 2888 5332 ,
2921 5269 3017 5322 καὶ
3041 5267 3133 5320 τὸν
3159 5263 3485 5334 καλυπτῆρα
3513 5257 3678 5313 αὐτοῦ
3701 5298 3716 5322 ,

2150 5360 2242 5412 καὶ
2269 5358 2367 5423 τὰς
2405 5360 2600 5427 φιάλας
2629 5359 2814 5424 αὐτοῦ,
2842 5360 2936 5415 καὶ
2971 5359 3070 5422 τὰς
3101 5357 3379 5428 κρεάγρας
3409 5351 3596 5417 αὑτοῦ,
3625 5349 3719 5405 καὶ

2147 5451 2209 5503 16
2239 5453 2458 5521 πυρεῖον
2488 5449 2652 5504 αὑτοῦ
2673 5490 2688 5515 ,
2733 5451 2911 5504 πάντα
2949 5449 3016 5503 τά
3049 5447 3221 5518 σκεύη
3259 5444 3427 5501 αὐτοῦ
3474 5445 3718 5513 ποιήσεις

2147 5541 2340 5612 χαλκᾶ.
2374 5561 2392 5594 ι
2426 5543 2748 5614 Πεντάπηχυ
2781 5542 2878 5614 μὲν
2915 5537 3006 5596 οὖν
3038 5543 3118 5606 είς
3148 5535 3304 5612 εὖρός
3332 5555 3391 5592 τε
3422 5537 3518 5592 καὶ
3546 5535 3716 5607 μῆκος

542 5704 588 5739 ⁸⁸
615 5707 755 5762 Psal.
789 5677 917 5777 χιιι,
943 5714 994 5766 5.
1068 5714 1112 5748 “
1147 5713 1288 5771 P'sal.
1324 5732 1519 5781 cum,
1570 5717 1624 5772 5.
1703 5719 1745 5750 ³¹
1785 5718 1939 5774 Joan.
1981 5735 2043 5784 τι,

2149 5721 2175 5774 ἱ.
2209 5720 2251 5752 ³³
2281 5720 2448 5774 Exod.
2479 5730 2640 5784 xxvii,
2678 5721 2792 5775 1-4.
