3996 6212
393 203 448 230 ο

309 335 416 401 613

1020 333 1108 397 De
1146 335 1594 398 ADORATIONE
1633 332 1697 394 lN
1742 327 2013 394 SPlRl'l‘U
2054 329 2140 394 ET
2184 328 2554 394 VERITATE.
2597 337 2728 395 LIB.
2762 341 2853 395 1x.

3465 350 3560 404 ΒΗ

304 459 368 510 τδ
395 455 801 525 θυσιαστήριον.
841 453 986 506 Ἔδει
1019 455 1148 522 γὰρ,
1181 453 1288 506 ἔδει
1319 453 1533 523 μέτρων
1577 451 1746 520 αὐτῷ,
1790 451 1882 504 καὶ

1988 465 2224 520 namque
2256 459 2312 504 et
2337 450 2504 504 scissa
2537 451 2689 521 signa
2715 467 2880 520 super
2914 449 3080 515 illud,
3106 464 3161 509 ct
3197 454 3363 509 boum
3401 472 3569 513 c3330-

303 548 422 600 λίαν
454 544 874 614 ἀφθονωτάτων.
908 543 1095 613 Σχίσαι
1125 561 1183 596 τε
1208 543 1317 614 γὰρ
1345 543 1435 595 ἐπ’
1458 543 1608 611 αὐτῷ
1631 543 1724 596 καὶ
1748 543 1886 611 βοῶν

307 637 530 709 εμελλον
568 633 936 706 ἀναφέρεσθαι
975 636 1276 705 τμήματα,
1324 633 1420 689 καὶ
1455 632 1883 696 ὁλοκαυτώσεις,

303 727 434 786 οίῶν
469 744 527 780 τε
561 727 657 780 καὶ
698 726 918 796 τράγων
957 727 1228 797 ἀναφοραὶ
1268 725 1715 798 καθιερουμένων
1745 723 1884 794 Θεῷ.

303 815 573 888 Ταύτῃτοι
621 813 795 885 Χαλκῆ
856 815 949 868 καὶ
1013 817 1222 886 ἐσχάρα
1273 816 1367 869 καὶ
1430 818 1650 886 πυρεῖον
1701 811 1882 883 αύτῷ,

300 929 332 962 κ
343 907 574 977 ρεάγραι
599 923 657 958 τε
687 906 780 958 καὶ
811 905 1020 974 φιάλαι,
1063 906 1156 958 καὶ
1185 906 1362 959 πάντα
1389 905 1552 958 αὐτοῦ
1581 904 1649 957 τά
1677 901 1848 972 σκεύη
1869 944 1884 969 ,

299 1008 375 1062 ὼς
406 999 471 1053 ἂν
504 998 749 1051 δύναιντο
779 1001 901 1062 ταῖς
943 997 1084 1050 κατὰ
1130 998 1295 1068 νόμον
1326 997 1541 1060 θυσίαις
1563 1036 1577 1060 ,
1609 997 1706 1068 τὴν
1735 995 1889 1065 παρά

304 1106 364 1156 γε
396 1088 548 1157 σφῶν
575 1087 753 1141 αὐτῶν
797 1088 1184 1157 είσκομίζοντα
1226 1087 1434 1158 χρείαν,
1468 1091 1589 1150 ταῖς
1617 1087 1710 1140 τοῦ
1739 1103 1888 1157 παμ-

302 1181 477 1249 φάγου
512 1179 683 1250 πυρὸς
715 1178 789 1250 μὴ
811 1178 1274 1249 καταφθείρεσθαι
1307 1179 1653 1252 προσϐολαῖς.
1683 1178 1887 1248 Στεφά-

300 1290 399 1343 νην
427 1273 481 1326 δὲ
516 1272 611 1326 κα)⁸
635 1272 705 1325 τὰ
735 1273 826 1325 ἐπὶ
855 1274 977 1335 ταῖς
1005 1272 1232 1340 γωνίαις
1262 1272 1491 1344 κέρατα,
1532 1273 1608 1342 τῷ
1635 1273 1726 1326 τοῦ
1753 1275 1886 1344 σχή-

304 1380 476 1434 ματος
504 1363 690 1417 κάλλει
727 1363 1129 1434 προσθήσομεν.
1178 1365 1377 1435 Ἀχαρι
1412 1367 1519 1435 γάρ
1557 1365 1708 1417 οὐδὲν
1737 1365 1887 1437 παρὰ

300 1454 380 1525 τῷ
413 1454 675 1524 πανσόφῳ
716 1455 855 1524 Θεῷ.
902 1453 1069 1526 Πλὴν,
1113 1457 1288 1508 ἐκεῖνο
1334 1456 1492 1509 πάλιν
1521 1457 1582 1526 δὴ
1624 1458 1754 1527 φέρε
1797 1459 1885 1511 λέ-

300 1562 507 1615 γωμεν,
531 1544 735 1614 ἀκριϐῆ
764 1541 854 1597 τὸν
883 1543 1008 1598 νοῦν
1032 1546 1402 1615 ἐπερείδοντες
1431 1549 1544 1609 τοῖς
1565 1547 1649 1614 ἐφ’
1675 1537 1886 1620 ἑκάστῳ

300 1634 763 1704 τεθεσπισμένοις.
795 1633 1189 1706 Θυσιαστήριον
1221 1636 1552 1706 προστέταχε
1595 1639 1712 1700 ταῖς
1747 1637 1887 1692 κατὰ

299 1726 464 1796 νόμον
488 1726 698 1790 θυσίαις
725 1726 900 1788 ἐοικὸς
923 1725 1016 1778 καὶ
1059 1726 1289 1796 πρέπον,
1331 1725 1444 1779 ἀλλ’
1470 1726 1622 1780 οὐδὲν
1653 1728 1711 1780 ὲν
1739 1726 1886 1798 αὐτῷ

1989 553 2112 595 rum
2173 540 2380 605 frusta,
2417 550 2474 595 et
2509 542 2855 605 holocausta,
2890 543 3185 614 oviumque
3207 555 3262 599 ει
3291 547 3569 603 hircorum

1986 629 2100 684 Deo
2157 638 2605 685 consecratorum
2642 630 2950 686 oblationes
3002 642 3162 686 erant
3205 633 3562 705 imponendae.

1987 717 2140 772 Hanc
2173 719 2246 773 ob
2273 732 2497 774 causam
2525 729 2581 774 et
2603 721 2886 786 craticula,
2905 731 2959 777 et
2983 723 3158 789 locus,
3184 734 3239 779 et
3262 725 3567 789 fuscinulae,
3637 777 3660 790 κ

1989 814 2046 863 et
2072 809 2292 878 phialae,
2328 811 2580 865 etomnia
2622 811 2858 881 denique
2886 814 3007 884 ejus
3050 830 3178 870 vasa
3216 831 3366 871 aenea
3399 827 3567 883 sunt;

1987 905 2050 953 ut
2071 898 2337 970 legalibus
2358 899 2644 954 sacriﬁciis
2679 915 2840 955 suum
2871 918 3030 956 usum
3053 904 3296 973 praebere
3323 915 3567 975 possent,

1986 1011 2168 1066 neque
2197 1004 2383 1050 tamen
2407 996 2621 1050 voracis
2645 993 2786 1067 ignis
2823 997 3056 1066 appulsu
3089 1007 3565 1055 consumerentur.

1986 1085 2257 1143 Coronam
2291 1103 2442 1153 vero,
2485 1094 2541 1142 et
2575 1089 2896 1158 angulorum
2933 1105 3136 1144 cornua
3163 1091 3337 1160 ipsius
3381 1092 3569 1164 ﬁgurae

1986 1178 2388 1249 pulchritudini
2419 1178 2729 1234 tribuemus
2763 1197 2776 1233 :
2803 1196 2928 1234 nam
2967 1181 3110 1250 apud
3133 1181 3286 1236 illum
3319 1186 3566 1238 omnium

1987 1269 2458 1340 sapientissimum
2483 1271 2656 1326 Deum
2675 1272 2923 1326 deforme
2955 1272 3094 1326 nihil
3128 1281 3230 1327 εει.
3251 1275 3408 1344 303
3427 1275 3568 1330 lllud

1988 1368 2170 1417 tamen
2199 1379 2391 1417 rursus
2419 1363 2653 1434 agedum
2673 1363 2941 1428 dicamus,
2977 1364 3045 1418 iis
3096 1373 3217 1434 qnae
3248 1363 3314 1418 de
3345 1380 3402 1419 re
3430 1381 3568 1436 qua-

1986 1466 2094 1521 que
2147 1460 2420 1523 prazcepta
2460 1461 2607 1518 sunt,
2652 1463 2906 1509 accurate
2949 1457 3192 1510 animum
3227 1456 3565 1528 adjicientes.

1985 1542 2172 1598 Altare
2198 1544 2462 1614 praecepit
2491 1544 2608 1600 ﬁeri
2667 1547 2813 1616 quod
2839 1547 3106 1617 legalibus
3131 1548 3328 1604 hostiis
3371 1565 3571 1606 conve-

1986 1633 2132 1689 niret
2165 1643 2330 1705 atque
2376 1644 2562 1706 aptum
2607 1646 2789 1704 esset;
2822 1637 2916 1691 sed
2952 1654 3178 1693 aureum
3211 1639 3266 1693 in
3305 1655 3371 1694 eo
3405 1642 3565 1708 nihil,

1987 1723 2148 1792 quale
2179 1724 2429 1794 profecto
2452 1734 2508 1780 et
2535 1726 2590 1780 in
2616 1742 2762 1789 arca,
2790 1735 2846 1782 et
2885 1728 3234 1795 candelabro,
3271 1738 3329 1784 et
3358 1747 3564 1800 mensa,

299 1816 554 1889 χρυσοῦν,
590 1817 842 1890 καθάπερ
878 1817 1090 1888 ἀμέλει,
1121 1818 1430 1888 καταθεῷτό
1452 1836 1532 1881 τις
1566 1818 1631 1871 ἂν
1660 1818 1751 1870 ἐπὶ
1786 1819 1882 1904 τῆς

1988 1820 2043 1868 ει
2073 1812 2142 1870 iis
2169 1828 2291 1886 quae
2319 1815 2376 1870 in
2416 1815 2510 1871 illa
2529 1824 2712 1885 erant,
2736 1816 2926 1873 videre
2953 1817 3102 1872 licet.

297 1909 552 1975 κιϐωτοῦ,
575 1910 797 1981 λυχνίας
821 1925 883 1964 τε
921 1904 988 1964 αῦ
1017 1911 1111 1963 καὶ
1135 1908 1415 1981 τραπέζης
1432 1952 1446 1978 ,
1478 1910 1572 1963 καὶ
1599 1908 1709 1963 τῶν
1746 1909 1881 1981 ἀμφ’

296 2001 490 2072 αὐτήν.

369 2093 578 2146 ΠΔΛΛ.
611 2092 677 2146 Τί
697 2090 761 2162 δὴ
781 2086 874 2145 οῦν
913 2089 1022 2162 ἄρα
1064 2089 1160 2144 καὶ
1190 2088 1346 2143 τοῦτό
1382 2091 1528 2156 km;

368 2183 533 2238 ΚΥΡ.
562 2184 635 2237 Ού
661 2183 768 2255 γάρ
792 2184 855 2256 δὴ
877 2182 978 2252 τῆς
1000 2180 1147 2245 θείας
1170 2198 1228 2233 τε
1251 2180 1345 2234 καλ⁸
1367 2181 1645 2252 ἀκηράτου
1668 2181 1882 2249 φύσεως

296 2274 396 2346 τὴν
427 2274 569 2328 κατὰ
595 2275 813 2329 πάντων
839 2274 1136 2346 ὑπεροχὴν,
1166 2271 1262 2326 καὶ
1284 2270 1616 2342 ἀσύγκριτον
1635 2271 1883 2341 λαμπρό-

295 2383 453 2437 τητα,
485 2367 562 2432 ὡς
594 2369 652 2422 ὲν
682 2367 865 2437 νοήσει
896 2363 1042 2436 λέγω
1061 2409 1074 2431 ,
1107 2367 1169 2419 τὸ
1210 2364 1434 2438 χρυσίον
1459 2358 1520 2418 εὖ
1547 2363 1693 2437 μάλα
1720 2381 1884 2418 κατα-

292 2459 484 2531 δηλοῦν
514 2459 798 2531 ἐλέγομεν,
831 2453 878 2514 ὧ
907 2457 1205 2524 Παλλάδιε;

368 2630 578 2693 ΠΛΛΛε
611 2630 740 2693 ’Ὧδε
771 2637 906 2708 ἔχει.

365 2731 530 2788 ΚΥΡ.
591 2723 784 2802 Ἀθρει
827 2730 892 2800 δὴ
939 2726 1057 2794 οῦν,
1105 2727 1422 2800 ἀχρύσωτον
1463 2725 1741 2792 παντελῶς
1781 2727 1883 2799 τῆς

293 2822 437 2877 κατά
464 2821 629 2892 νόμον
659 2819 916 2893 λατρείας
952 2819 1016 2873 τὸ
1057 2817 1466 2889 θυσιαστήριον,
1506 2819 1738 2889 αἴνιγμά
1775 2831 1880 2872 που

292 2916 356 2968 τὸ
380 2915 573 2987 χρῆμα
598 2909 842 2976 τιθέντος
869 2911 1000 2982 ήμϊν
1026 2909 1121 2963 τοῦ
1163 2909 1298 2964 Θεοῦ
1317 2949 1332 2974 ,
1364 2909 1459 2964 καλ⁵
1495 2909 1641 2982 μάλα
1670 2909 1880 2979 σαφῶς,

293 3005 378 3061 δτι
425 3004 742 3076 Πνεύματος
784 3003 943 3071 ἁγίου
973 3000 1233 3074 πρόξενος
1271 3001 1471 3073 ἥκιστα
1503 3001 1602 3072 μὲν
1631 3003 1660 3055 ό
1683 3001 1881 3072 νόμος,

291 3098 585 3169 τετίμηται
628 3095 686 3150 δὲ
725 3094 848 3165 οὐχὶ
884 3091 1111 3165 τοιαύτῃ
1147 3092 1332 3162 χάριτι
1363 3091 1464 3163 τῆς
1506 3095 1564 3146 ὲν
1599 3093 1754 3164 τύπῳ
1788 3092 1883 3146 λα-

590 3148 840 3257 δύναμιὲ.
870 3148 1111 3255 Πνεῦμα.
1267 3177 1336 3254 ἦν
1369 3148 1615 3247 δουλείας
1659 3148 1752 3235 ίεπλ⁸
1789 3182 1881 3235 τὸν
1909 3148 1952 3208 C

307 3280 549 3351 Ἰσραήλ·
584 3281 716 3350 ἡμῖν
753 3278 810 3331 δὲ
853 3278 915 3331 τὸ
949 3276 1122 3348 δῶρον
1151 3274 1474 3346 ἀπενεμήθη
1518 3274 1607 3329 διὰ
1642 3273 1879 3344 Χριστοῦ

299 3371 440 3440 μετά
477 3370 578 3442 τὴν
621 3371 686 3422 ὲκ
733 3369 944 3440 νεκρῶν
983 3368 1302 3423 ἀναϐίωσιν.
1358 3367 1692 3437 Ἐνιφύσησε
1734 3367 1878 3438 γὰρ,

296 3463 521 3532 λέγων,‹
547 3462 754 3517 Λάϐετε
767 3461 994 3530 Πνεῦμα
1010 3461 1184 3530 ἅγιον.
1211 3480 1228 3512 ι
1250 3459 1540 3530 Τοιγάρτοι
1562 3459 1656 3511 καὶ
1673 3457 1879 3522 Παῦλος

297 3552 640 3625 προσεφώνει
702 3551 814 3616 τοῖς
868 3553 1310 3614 πεπιστευκόσιν,
1341 3570 1359 3602 ι
1389 3551 1462 3605 Ού
1504 3549 1613 3620 γάρ
1661 3548 1880 3602 ἐλάϐετε

295 3645 517 3716 πνεῦμα
537 3644 776 3706 δουλείας
798 3641 958 3698 πάλιν
981 3643 1062 3706 είς
1087 3642 1272 3710 φόϐον,
1289 3641 1404 3694 ἀλλ’
1421 3639 1643 3694 ἐλάϐετε
1665 3639 1884 3708 πνεῦμα

304 3736 600 3802 υἱοθεσίας,
629 3736 688 3788 ὲν
710 3729 754 3803 ᾧ
794 3733 1091 3806 κράζομεν,
1127 3730 1298 3786 Ἀϐϐᾶ
1321 3735 1349 3785 ὁ
1374 3733 1585 3802 Πατήρ.
1622 3749 1643 3783 ›
1675 3731 1796 3783 Ὅτι
1823 3727 1883 3781 δὲ

297 3829 395 3899 τῆς
436 3829 580 3882 κατά
620 3826 785 3898 νόμον
819 3824 1071 3897 λατρείας
1109 3825 1142 3896 ἡ
1185 3823 1417 3893 δύναμις
1453 3821 1552 3893 τὴν
1591 3819 1684 3873 τοῦ
1724 3820 1882 3887 ἁγίου

299 3927 438 3979 Πνεύ
449 3943 617 3996 ματος
639 3925 740 3978 οῦκ
775 3922 1024 3977 ἐπλούτει
1055 3919 1290 3991 μέθεξιν,
1333 3918 1571 3972 δέδονται
1598 3916 1654 3968 δὲ
1681 3914 1882 3984 μᾶλλον

298 4021 410 4081 τοῖς
448 4020 506 4072 ὲν
548 4017 728 4070 πίστει
757 4011 1229 4085 δεδικαιωμένοις,
1262 4009 1671 4080 πληροφορήσει
1708 4005 1883 4074 λέγων

299 4111 327 4161 ό
355 4109 515 4177 σοφὸς
559 4109 832 4180 Ἰωάννης·
869 4127 886 4158 ι
923 4106 1091 4160 Οῦπω
1111 4104 1220 4175 γὰρ
1249 4101 1316 4174 ἦν
1341 4101 1564 4170 Πνεῦμα
1597 4100 1770 4168 ἀγιον,
1800 4099 1882 4150 ὅτι

310 4201 520 4272 Ἰησοῦς
556 4200 768 4254 οῦδέπω
794 4199 1077 4269 ἐδοξάσθη.
1114 4217 1132 4249 ι
1177 4194 1343 4250 Οῦπω
1373 4194 1482 4264 γὰρ
1519 4190 1718 4246 ἀνεϐίω
1745 4191 1882 4260 Χρι·

310 4295 458 4356 στόςθ
481 4293 762 4362 μονονουχὶ
791 4291 898 4362 γὰρ
924 4290 1044 4343 τότε
1067 4284 1458 4356 κατεχρυσώθη
1483 4282 1561 4352 τῷ
1581 4279 1878 4350 Πνεύματι,

299 4384 390 4439 καὶ
413 4383 667 4454 κοινωνίᾳ
691 4385 756 4452 τῇ
789 4381 924 4454 πρὸς
948 4379 1130 4444 αὑτὸν,
1155 4381 1188 4449 ή
1218 4376 1502 4446 ἀνθρώπου
1527 4373 1706 4444 φύσις.
1739 4373 1884 4440 Χρυ-

2056 2087 2253 2154 ΡΑιΙ..
2278 2097 2409 2166 Qua:
2442 2094 2662 2156 tandem
2691 2109 2779 2158 est
2803 2103 2884 2157 rei
2908 2103 3072 2159 istius
3099 2105 3307 2159 causa?

2056 2187 2212 2243 CYR.
2238 2193 2320 2243 An
2352 2205 2502 2254 vero,
2534 2190 2763 2256 Palladi,
2803 2207 2912 2246 non
2945 2193 3094 2248 illius
3125 2192 3327 2249 divinas
3376 2205 3432 2249 et
3462 2195 3567 2250 im-
3651 2239 3653 2242 ‹

1987 2279 2236 2334 mortalis
2260 2290 2490 2346 naturae,
2534 2296 2700 2351 supra
2733 2298 2822 2337 res
2849 2297 3041 2338 omnes
3084 2287 3453 2353 praestantiam
3503 2302 3570 2344 ac
3642 2347 3646 2350 ,

1987 2367 2338 2437 splendorem
2367 2369 2851 2440 incomparabilem
2889 2371 2978 2443 (de
3001 2387 3068 2427 eo
3105 2373 3302 2446 loquor
3334 2375 3430 2445 qui
3471 2391 3568 2445 po—

1987 2467 2097 2514 test
2147 2459 2432 2516 intellectu
2478 2460 2711 2533 percipi)
2757 2477 2890 2517 auro
2924 2462 3244 2520 dicebamus
3285 2465 3567 2534 aptissime

1988 2539 2326 2622 signiﬁcari?
2391 2549 2394 2551 Α
2419 2547 2426 2552 ’

2052 2641 2249 2698 ΡΑιι.
2282 2642 2495 2697 Fateor.-

2057 2732 2213 2789 CYR.
2246 2733 2543 2789 Considera
2578 2734 2762 2804 igitur,
2790 2733 2927 2789 illud
2955 2735 3146 2807 legalis
3183 2736 3364 2792 cultus
3397 2738 3568 2793 altare

1988 2839 2188 2894 expers
2223 2826 2449 2880 omnino
2482 2825 2604 2879 auri
2649 2826 2818 2881 fuisse
2855 2844 2868 2880 :
2898 2843 3005 2896 qua
3032 2827 3087 2881 in
3115 2842 3172 2882 re
3224 2829 3568 2898 apertissime

1987 2916 2150 2971 nobis
2166 2916 2344 2970 innuit
2377 2916 2522 2971 Deus
2562 2916 2700 2988 legis
2724 2916 2993 2972 beneﬁcio
3014 2917 3281 2987 Spiritum
3317 2928 3566 2975 sanctum

1989 3007 2214 3062 minime
2247 3008 2529 3063 conciliari
2570 3009 2751 3072 nobis,
2797 3025 2978 3078 neque
3019 3009 3129 3063 vim
3163 3011 3311 3065 illam
3355 3011 3569 3082 ﬁgurati

1991 3099 2172 3153 cultus
2237 3115 2358 3155 esse
2399 3101 2670 3170 ejusmodi
2718 3101 2894 3170 gratia
2944 3101 3278 3155 decoratam.
3330 3102 3570 3173 Spiritus

1983 3187 2130 3241 enim
2165 3189 2453 3245 servitutis
2489 3201 2611 3245 erat
2635 3206 2800 3260 super
2819 3191 3025 3258 lsracl;
3059 3191 3219 3247 nobis
3245 3201 3428 3248 autem
3463 3194 3570 3250 hoc

1983 3279 2188 3333 donum
2231 3297 2329 3350 per
2367 3280 2646 3336 Christum
2692 3282 2963 3336 tributum
2992 3290 3076 3336 est
3103 3322 3116 3346 ,
3157 3291 3510 3352 posteaquam
3534 3301 3565 3340 a

1981 3371 2216 3424 mortuis
2239 3369 2456 3436 revixit;
2481 3370 2782 3425 insufﬂavit
2800 3370 2971 3436 enim,
3001 3370 3190 3426 dicens
3217 3389 3231 3424 :
3263 3391 3282 3422 ‹
3318 3372 3566 3443 Accipite

1985 3458 2255 3532 Spiritum
2289 3461 2622 3516 sanctum“.
2657 3480 2675 3512 ›
2705 3461 2896 3532 Itaque
2942 3463 3145 3517 Paulus
3183 3463 3565 3533 alloquebatur

1983 3551 2272 3607 credentes
2308 3569 2320 3605 :
2356 3570 2374 3603 ι
2407 3551 2529 3607 Νοη
2575 3551 2724 3606 enim
2766 3552 3059 3622 accepistis
3096 3553 3350 3623 spiritum
3386 3555 3564 3607 servi-

1982 3643 2119 3698 tutis
2174 3643 2375 3698 iterum
2419 3642 2476 3698 in
2523 3643 2760 3709 timore,
2813 3643 2911 3699 sed
2963 3643 3252 3713 accepistis
3311 3644 3566 3713 spiritum

1983 3733 2293 3803 adoptionis
2345 3733 2604 3800 ﬁliorum,
2657 3733 2713 3789 in
2741 3750 2851 3805 quo
2888 3735 3188 3790 clamamus
3217 3753 3230 3789 :
3256 3735 3432 3800 Abba,
3460 3737 3563 3791 Pa-

1984 3827 2150 3888 ter".
2183 3846 2201 3878 ι
2253 3826 2405 3882 Illam
2423 3843 2589 3897 porro
2627 3827 2811 3882 cultus
2850 3827 3039 3898 legalis
3086 3827 3399 3883 facultatem
3454 3843 3566 3884 non

1983 3918 2152 3975 fuisse
2166 3920 2340 3976 sancti
2373 3919 2616 3988 Spiritus
2644 3919 3064 3988 participatione
3084 3919 3389 3988 praeditam,
3407 3935 3564 3973 cum-

1984 4026 2089 4080 que
2126 4011 2193 4065 iis
2213 4012 2398 4081 potius
2421 4011 2612 4064 datum
2648 4025 2771 4064 esse
2820 4009 2916 4079 qui
2955 4009 3061 4062 ﬁde
3093 4009 3376 4079 justificati
3414 4019 3562 4076 sunt,

1983 4099 2274 4156 conﬁrmat
2302 4098 2742 4168 sapientissimus
2758 4097 3018 4161 Joannes,
3034 4111 3158 4152 cum
3183 4098 3350 4154 dicit:
3374 4117 3392 4148 ι
3415 4098 3564 4153 Non-

1984 4191 2115 4246 dum
2133 4191 2282 4246 enim
2297 4198 2416 4244 erat
2437 4189 2678 4260 Spiritus
2701 4195 2945 4253 sanctus,
2975 4189 3105 4258 quia
3127 4188 3287 4244 Jesus
3320 4189 3562 4244 nondum

1982 4293 2102 4338 erat
2118 4281 2528 4353 gloriﬁcatus".
2577 4298 2596 4331 ι
2626 4279 2881 4334 Nondum
2917 4279 3064 4333 enim
3102 4279 3375 4334 revixerat
3402 4277 3562 4334 Chri-

1985 4383 2103 4431 stus
2131 4392 2144 4428 :
2171 4384 2286 4428 tum
2306 4373 2452 4428 enim
2476 4370 2715 4427 hominis
2730 4379 2927 4424 natura
2949 4370 3178 4439 Spiritu,
3197 4379 3253 4424 et
3267 4371 3386 4440 ejus
3412 4385 3562 4424 com-

298 4473 392 4528 σοῦ
434 4475 536 4545 μὲν
577 4473 642 4543 δή
683 4471 804 4544 δίχα
828 4513 841 4534 ,
883 4469 1137 4543 ταύτῃτοι
1169 4467 1419 4536 γενέσθαι
1462 4462 1795 4536 προστέταχε
1828 4471 1882 4525 ta

1997 4465 2369 4522 municatione
2401 4463 2800 4535 propemodum
2828 4462 3080 4516 inaurata
3114 4469 3218 4516 est.
3250 4461 3366 4515 .Ilac
3400 4460 3561 4531 igitur

297 4566 704 4636 θυσιαστήριον,
737 4565 990 4635 καθάπερ
1017 4561 1255 4632 ἐγῷμαι,
1286 4559 1376 4613 τὸν
1395 4559 1450 4612 δὲ
1476 4559 1568 4610 ἐπὶ
1597 4555 1674 4626 τῷ
1693 4553 1876 4625 χαλκῷ

297 4659 473 4726 λόγον,
511 4657 571 4721 ἐξ
614 4652 675 4712 οῦ
703 4658 798 4710 καὶ
836 4655 1128 4726 πεποίητο,
1161 4653 1563 4725 παραδραμεῖν,
1602 4649 1678 4711 ὡς
1711 4646 1873 4710 ἔοικε,

295 4752 403 4812 τοῖς
446 4747 802 4819 φιλομαθέσιν
838 4749 938 4801 οὐκ
986 4746 1235 4817 ἀζήμιον.
1295 4742 1536 4797 Ἐκτέκοι
1573 4740 1682 4808 γὰρ
1721 4739 1786 4793 άν
1822 4754 1875 4789 τι

299 4839 400 4892 τῶν
439 4840 758 4908 ἀναγκαίων
789 4841 823 4910 ἡ
860 4839 1108 4909 βάσανος,
1144 4836 1396 4908 καθάπερ
1429 4834 1490 4888 τὸ
1520 4833 1622 4887 ὑπό
1661 4849 1752 4885 του
1789 4847 1876 4884 σου

298 4930 409 4998 φῶς
429 4932 736 5003 εἰρημένον,
763 4931 851 4984 Ἐν
874 4930 1034 4984 παντὶ
1057 4947 1122 5000 με
1130 4928 1388 5000 ριμνῶντι
1410 4927 1582 4979 ἔνεστι
1600 4942 1664 4976 πε
1676 4923 1870 4995 ριττόν.

368 5108 576 5161 ΠΑΛΛ.
613 5106 678 5159 Τί
706 5100 798 5161 οὖν
815 5104 880 5160 ἂν
903 5105 1046 5176 ἔχοις
1059 5086 1232 5157 εἰπεῖν
1256 5103 1348 5157 καὶ
1376 5103 1466 5154 ἐπὶ
1495 5100 1628 5169 τῷδε
1679 5098 1874 5160 πάλινς

369 5198 529 5252 ΚΥΡ.
587 5200 785 5252 Ἀκουε
825 5197 913 5268 δήο
945 5197 1110 5266 ψήφῳ
1159 5195 1258 5266 μὲν
1301 5194 1409 5264 γὰρ
1456 5194 1520 5263 τῇ
1561 5190 1765 5244 ἄνωθεν
1800 5188 1878 5251 είς

300 5289 450 5360 ἱερέα
483 5291 577 5343 καὶ
609 5289 909 5360 ἡγούμενον
941 5288 1031 5340 τὸν
1060 5287 1346 5340 θεσπέσιον
1389 5281 1596 5355 Ἀαρὼν
1624 5297 1870 5351 κεχειρο-

296 5381 551 5451 ωνῆσθαί
596 5398 730 5452 φησι
769 5380 831 5432 τὸ
877 5379 1116 5452 Γράμμα
1157 5375 1217 5431 τὸ
1262 5375 1424 5446 ίερόν.
1478 5374 1619 5445 Κορέ
1652 5388 1716 5440 γε
1765 5369 1871 5441 μὴν

299 5470 392 5523 καὶ
432 5469 632 5534 Δαθάν,
677 5469 772 5523 καὶ
818 5471 928 5531 τοῖς
957 5467 1094 5537 ἀμφ’
1127 5465 1344 5530 αὐτοὺς,
1379 5465 1412 5535 ἡ
1458 5463 1624 5534 ἀγρία
1663 5461 1871 5532 πληθὺς

297 5559 396 5629 τῆς
437 5560 644 5615 ἀνωθεν
690 5560 873 5631 ψήφου
926 5558 1302 5630 προαλέστατα
1351 5555 1742 5622 καταθέοντες,
1778 5554 1872 5607 καὶ

1979 4559 2046 4615 de
2089 4573 2254 4613 causa
2289 4556 2408 4611 sine
2451 4571 2589 4611 auro
2616 4554 2736 4610 ﬁeri
2776 4553 2943 4625 jussit
2983 4553 3186 4617 altare,
3234 4562 3296 4606 ut
3344 4553 3561 4622 opinor.

1974 4649 2252 4705 Caeterum
2301 4647 2570 4701 rationem
2608 4645 2736 4700 aeris
2757 4684 2771 4710 ,
2813 4659 2882 4700 ex
2915 4658 3026 4713 quo
3051 4641 3188 4696 illud
3219 4650 3558 4697 exstructum

1976 4740 2101 4806 fuit,
2132 4738 2556 4811 praetermittere
2599 4753 2712 4793 non
2760 4736 2879 4791 sine
2921 4734 3316 4800 studiosorum,
3350 4744 3411 4790 ut
3441 4737 3562 4806 opi-

1976 4846 2100 4894 nor,
2122 4831 2337 4900 jactura
2359 4841 2653 4897 possumus
2683 4843 2696 4879 :
2731 4841 2858 4880 nam
2887 4825 3003 4880 haec
3035 4823 3316 4894 inquisitio
3354 4825 3560 4897 aliquid

1978 4919 2234 4975 utilitatis
2249 4917 2450 4989 pariet,
2477 4923 2642 4972 utest
2671 4931 2702 4970 a
2729 4915 2968 4985 quodam
3005 4916 3284 4985 sapienter
3303 4916 3514 4974 dictum
3545 4937 3560 4975 :

1977 5009 2038 5064 In
2060 5010 2209 5064 omni
2244 5009 2481 5064 sollicito
2504 5007 2649 5063 inest
2679 5006 2909 5061 utilitas.

2050 5101 2247 5156 PALL.
2283 5099 2424 5168 Quid
2448 5100 2619 5171 igitur
2651 5099 2756 5154 hac
2780 5098 2848 5153 de
2879 5114 2939 5153 re
2961 5098 3148 5154 dicere
3175 5099 3387 5155 habes?

2049 5190 2207 5247 (ΠΒ.
2245 5190 2390 5246 Audi
2425 5190 2594 5262 igitur
2623 5207 2637 5243 :
2673 5192 2858 5244 Aaron
2889 5189 3036 5244 enim
3068 5190 3247 5245 virum
3272 5189 3428 5245 illum
3466 5191 3560 5245 ad-

1977 5281 2320 5348 mirabilem,
2348 5281 2559 5338 ctelesti
2589 5280 2848 5354 suffragio
2879 5281 3219 5336 sacerdotem
3244 5296 3309 5335 ac
3347 5279 3556 5350 princi-

1976 5388 2101 5443 pem
2129 5375 2365 5430 electum
2405 5373 2597 5441 fuisse,
2630 5391 2797 5431 sacrae
2825 5375 3048 5429 Litterae
3095 5380 3383 5429 testantur.
3417 5369 3557 5425 Core

1976 5473 2161 5521 tamen
2197 5475 2254 5522 et
2302 5468 2553 5532 Dathan,
2603 5481 2908 5535 eorumque
2961 5465 3239 5520 sociorum
3289 5461 3556 5517 effrenata

1978 5555 2072 5612 illa
2097 5557 2396 5615 multitudo
2425 5565 2616 5614 contra
2638 5570 2938 5628 supernum
2971 5554 3106 5610 illud
3142 5554 3421 5610 decretum
3455 5567 3555 5625 pe-

367 5733 412 5766 “
435 5734 591 5791 Joan.
642 5752 732 5802 xx,
762 5735 851 5790 22.
932 5735 974 5768 ⁸³
998 5736 1279 5799 Rommu,
1311 5733 1398 5788 l5.
1477 5733 1524 5765 "
1559 5729 1715 5787 Joan.
1748 5745 1844 5798 vn,
1884 5729 1974 5786 39.
