3996 6212
454 308 558 364 616

1483 296 1538 352 S.
1579 295 1852 352 CYRILLI
1892 288 2362 352 ALEXANDRINI
2401 289 2714 349 ARCHIEP.

3551 185 3611 214 ο.

3611 291 3670 352 61
3682 293 3713 354 6

455 419 824 480 tulantissime
855 417 1075 479 obnixa,
1104 425 1158 467 et
1189 413 1451 467 adversus
1468 412 1685 467 divinas
1719 415 1866 484 leges
1881 413 2030 467 exci-

2142 410 2241 464 τῶν
2275 409 2430 463 θείων
2451 407 2972 478 κατεξανιστάμενοι
2992 407 3189 478 νόμων,
3220 407 3420 478 πυρεῖα
3444 407 3720 479 προσῆγον

458 525 590 577 tata,
632 511 914 567 thuribula
953 507 1305 570 detulerunt,
1354 523 1479 561 cum
1517 505 1776 570 invocati,
1827 521 2034 575 suaque

453 603 616 673 30h
643 608 835 670 sponte
874 598 941 652 ad
967 597 1021 650 id
1066 611 1265 649 munus
1303 603 1684 664 properarent,
1736 595 2033 647 honorem—

454 708 561 759 que
591 691 693 744 sibi
727 687 950 742 minime
988 687 1251 741 tributum
1291 685 1620 754 arriperent,
1676 700 1739 738 ac
1766 683 2034 738 sacerdoti

452 781 714 852 principi,
739 789 874 834 ctex
907 778 1178 832 universis
1201 777 1344 831 lecto
1370 777 1535 830 nimis
1555 775 1820 846 praecipiti
1851 774 2034 828 furore

454 886 607 927 suam
640 869 932 923 amentiam
977 876 1144 936 atque.
1162 867 1447 921 audaciam
1475 865 1893 935 opponerent".
1926 865 2032 919 De-

452 961 775 1030 signabatur
806 968 988 1012 autem
1020 959 1123 1012 hoc
1151 957 1294 1011 facto
1337 956 1527 1010 futura
1576 956 1843 1010 adversus
1877 954 2037 1009 Chri-

453 1060 599 1105 stum
622 1051 934 1110 Judmorum
959 1049 1184 1103 audacia
1212 1067 1223 1101 :
1253 1050 1368 1119 ipse
1397 1049 1542 1102 enim
1570 1056 1654 1103 est
1673 1057 1859 1102 noster
1882 1062 2033 1100 sum-

455 1156 576 1194 mus
606 1139 882 1203 sacerdos,
909 1139 1003 1208 qui
1043 1139 1111 1192 ad
1139 1139 1242 1193 hoc
1276 1139 1559 1208 dignitatis
1597 1139 1817 1191 culmen
1853 1135 2034 1190 Patris

454 1233 713 1302 sullragio
740 1239 824 1285 est
848 1240 1168 1300 provectus;
1206 1239 1370 1299 atque
1398 1229 1477 1282 illi
1496 1229 1718 1298 quidem
1737 1235 2032 1282 conatuum

454 1321 592 1374 adeo
637 1319 880 1388 turpium
933 1335 1120 1388 poenas
1157 1318 1452 1381 dederunt,
1501 1317 1818 1387 dabuntque
1868 1318 2033 1370 etiam

455 1421 577 1481 post
605 1427 701 1465 eos
731 1410 926 1477 Judzei,
965 1428 1089 1465 cum
1132 1411 1325 1465 iisdem
1354 1410 1682 1464 criminibus
1722 1418 2030 1464 teneantur.

453 1503 598 1556 Deus
619 1510 800 1556 autem
832 1501 1021 1572 Moysi,
1056 1508 1167 1555 tum
1201 1509 1256 1556 et
1283 1501 1546 1555 Eleazaro
1578 1501 1759 1553 Aaron
1788 1498 1918 1561 lilio,
1971 1511 2036 1551 ac

453 1594 726 1651 sacerdoti
758 1593 897 1646 dixit
931 1611 943 1646 ε
972 1612 988 1644 ι
1017 1592 1228 1648 Sumite
1265 1591 1548 1646 thuribula
1576 1605 1724 1644 aenea
1755 1588 1820 1642 de
1854 1587 2034 1642 medio

453 1686 885 1748 combustorum,
921 1693 976 1738 et
995 1685 1174 1754 ignem
1204 1684 1354 1737 hunc
1401 1683 1640 1736 alienum
1685 1695 1877 1750 sparge
1929 1679 2030 1743 ibi,

2138 499 2361 570 ἄκλητοι
2393 501 2487 552 καὶ
2517 498 2802 568 αύτόμολοι
2837 498 2972 568 πρὸς
3005 495 3162 550 τοῦτο
3203 498 3395 560 ἰόντες,
3432 497 3526 548 καὶ
3553 499 3720 570 τιμὴν

2136 590 2494 662 ἁρπάζοντες,
2525 590 2583 642 οὐ
2611 589 2936 660 νεμηθεῖσαν
2962 589 3164 652 αὐτοῖς,
3192 587 3720 657 ἀντιπαρεξάγοντες

2136 681 2232 734 καὶ
2262 680 2406 751 μάλα
2434 679 2671 750 θερμῶς,
2709 681 2775 732 τὰ
2805 679 2864 744 ἐξ
2893 678 3149 742 ἀπονοίας
3176 678 3268 732 καὶ
3301 677 3553 748 θράσους,
3586 681 3717 750 ἱερεῖ

2134 775 2212 846 τῷ
2255 774 2580 846 προύχοντι,
2633 776 2726 828 καὶ
2760 776 2866 829 τῶν
2909 775 3084 830 ἄλλων
3121 775 3375 828 ἁπάντων
3407 773 3718 845 ἀπολέγδην

2137 865 2476 936 ἐξῃρημένῳ.
2519 865 2968 934 Ἑσκιαγραφεῖτο
2991 866 3045 918 δὲ
3071 865 3160 918 διὰ
3186 864 3388 917 τούτων
3419 866 3453 934 ἡ
3484 865 3713 935 ἐσομένη

2135 957 2274 1010 κατά
2323 955 2559 1027 Χριστοῦ
2598 957 2707 1009 τῶν
2769 957 3036 1010 Ἰουδαίων
3091 956 3338 1010 ἀπόνοια.
3384 955 3558 1018 Αὐτὸς
3609 955 3715 1024 γὰρ

2135 1047 2289 1118 ἡμῶν
2322 1047 2629 1118 ἀρχιερεὺς,
2663 1047 2824 1118 ψήφῳ
2859 1047 2993 1118 πρὸς
3024 1047 3180 1101 τοῦτο
3205 1046 3441 1117 ἠγμένος
3463 1050 3529 1117 τῇ
3565 1049 3712 1116 παρὰ

2136 1139 2368 1202 Πατρδς,
2398 1140 2492 1192 καὶ
2520 1140 2567 1190 οί
2605 1139 2702 1209 μὲν
2734 1138 2838 1190 τῶν
2871 1138 3043 1203 οῦτως
3072 1138 3312 1210 αἰσχρῶν
3340 1136 3706 1208 ἐπιχειρημά-

2132 1246 2241 1281 των
2280 1229 2584 1282 ὲκτετίκασι
2615 1230 2787 1293 δίκας·
2821 1227 3138 1282 ἇποτίσουσι
3164 1230 3220 1282 δὲ
3245 1229 3341 1283 καὶ
3374 1227 3491 1300 μετ’
3518 1229 3710 1290 αὐτοὺς

2147 1319 2384 1372 Ἰουδαῖοι
2416 1322 2525 1382 τοῖς
2559 1321 2690 1383 ἴσοις
2717 1321 3022 1392 ἐγκλήμασι
3051 1323 3332 1390 γεγονότες
3356 1320 3552 1392 ἔνοχοι.
3579 1321 3708 1384 Θεὸς

2133 1409 2190 1462 δὲ
2225 1410 2288 1480 δὴ
2320 1409 2439 1462 τότε
2470 1410 2603 1481 πρὸς
2647 1412 2850 1464 Μωσέα
2883 1429 2942 1464 τε
2986 1412 3079 1465 τὸν
3126 1410 3290 1483 ἱερὸν,
3332 1413 3427 1466 καὶ
3471 1412 3574 1484 μὴν
3615 1415 3706 1465 καὶ

2135 1499 2269 1569 πρὸς
2310 1499 2572 1570 Ἐλεάζαρ
2600 1499 2724 1570 ἔφη,
2751 1500 2838 1552 τὸν
2867 1499 2924 1566 ἐξ
2965 1499 3174 1572 Ἀαρὼν
3190 1500 3280 1552 τὸν
3320 1500 3489 1572 ἱερέα·
3525 1520 3545 1551 ι
3591 1501 3707 1554 ’Δνο

2135 1591 2317 1644 ἐλεσθε
2338 1592 2404 1646 τὰ
2427 1594 2624 1662 πυρεῖα
2648 1592 2714 1645 τά
2736 1592 2911 1661 χαλκᾶ
2927 1593 2991 1646 ὲκ
3017 1593 3180 1664 μέσου
3202 1592 3307 1644 τῶν
3333 1593 3705 1662 κεκαυμένων,

2137 1685 2232 1735 καὶ
2275 1682 2336 1735 τὸ
2371 1683 2481 1753 πῦρ
2533 1682 2595 1735 τὸ
2649 1683 2928 1755 ἀλλότριον
2975 1683 3134 1736 τοῦτο
3175 1685 3398 1754 σπεῖρον
3437 1687 3584 1748 ἐκεῖ,
3627 1685 3707 1736 ὅτι

455 1776 584 1848 quia
635 1775 1120 1831 sanctiﬁcaverunt
1147 1773 1429 1827 thuribula
1457 1773 1653 1826 horum
1689 1780 2036 1839 peccatorum

2142 1774 2330 1846 ήγίασε
2373 1774 2441 1827 τά
2490 1778 2689 1844 πυρεῖα
2721 1774 2829 1827 τῶν
2859 1775 3201 1846 ἁμαρτωλῶν
3241 1773 3442 1827 τούτων
3489 1777 3544 1826 ὲν
3593 1779 3708 1838 ταῖς

456 1869 512 1922 in
542 1866 830 1921 animabus
867 1867 980 1920 suis
1015 1883 1030 1930 ;
1064 1874 1120 1918 et
1161 1865 1414 1919 fecerunt
1440 1864 1552 1933 ipsa
1588 1864 1818 1918 laminas
1854 1861 2035 1916 ducti-

454 1961 557 2023 les,
607 1957 1143 2027 circumpositionem
1191 1957 1375 2020 altari,
1429 1957 1557 2026 quia
1591 1958 1752 2011 allata
1789 1963 1916 2009 sunt
1947 1969 2038 2008 co-

461 2067 577 2105 ram
612 2049 865 2113 Domino,
896 2057 952 2103 et
971 2046 1305 2102 sanctiﬁcata
1339 2058 1488 2112 sunt,
1534 2056 1590 2102 et
1643 2047 1780 2102 facta
1822 2054 1949 2100 sunt
1979 2046 2036 2100 in

460 2143 672 2211 signum
705 2139 829 2194 ﬁliis
857 2139 1022 2194 Israel
1047 2139 1110 2192 ³⁸.
1150 2158 1166 2188 ι
1195 2138 1372 2208 Atque
1398 2139 1514 2193 haec
1553 2139 1772 2208 quidem
1803 2153 1869 2192 eo
1894 2145 2033 2192 tem-

456 2244 587 2297 pore
620 2226 760 2280 dixit
785 2227 944 2280 Deus.
979 2225 1038 2278 In
1071 2225 1258 2279 Exodo
1301 2236 1483 2280 autem
1523 2226 1790 2297 scriptum
1837 2235 1921 2280 est
1966 2225 2036 2279 de

456 2317 720 2382 Beseleel,
767 2317 858 2386 qui
895 2325 1048 2386 patre
1084 2316 1306 2386 quidem
1338 2323 1459 2371 erat
1484 2315 1634 2380 Uria,
1661 2315 1756 2370 sed
1788 2315 1855 2370 de
1886 2315 2036 2369 tribu

455 2409 591 2472 Dan,
623 2416 679 2462 et
706 2407 947 2462 universi
993 2409 1178 2478 operis
1214 2407 1512 2478 princeps:
1550 2427 1567 2459 ι
1597 2408 1695 2463 Hic
1716 2407 2036 2462 fecitaltare

455 2516 666 2555 mneum
715 2515 784 2554 ex
826 2499 1123 2554 thuribulis
1175 2501 1341 2555 aeneis
1400 2515 1522 2570 qua:
1583 2497 1800 2554 fuerant
1861 2496 2038 2552 homi-

459 2605 586 2644 num
615 2591 708 2660 qui
745 2590 1074 2644 seditionem
1131 2589 1546 2645 concitaverunt
1583 2605 1707 2644 cum
1768 2602 2037 2662 synagoga

457 2678 598 2733 Core
631 2680 695 2732 θ’.
737 2699 754 2729 ι

530 2771 724 2826 PALL.
757 2769 895 2837 Quid
923 2771 1091 2842 igitur
1117 2771 1260 2826 istud
1287 2773 1406 2827 est?

529 2864 685 2918 CYR.
733 2863 1019 2917 Maximam
1070 2863 1124 2917 id
1170 2879 1302 2918 vero
1327 2865 1622 2918 utilitatem
1678 2864 1942 2930 continet,
1992 2864 2040 2920 si

457 2951 1028 3015 animadverterimus,
1091 2967 1275 3005 arcam
1304 2952 1550 3021 quidem,
1583 2968 1704 3021 qua:
1739 2952 1944 3007 Christi
1971 2952 2035 3004 li-

457 3060 649 3114 guram
703 3049 937 3114 gereret,
987 3043 1092 3096 alia
1145 3051 1434 3112 praetcrea,
1499 3043 1911 3105 candelabrum,
1955 3043 2036 3096 in-

458 3145 645 3200 quam,
679 3137 733 3183 et
762 3129 1227 3198 propitiatorium,
1268 3137 1323 3184 et
1359 3147 1425 3185 cx
1449 3147 1584 3185 auro
1613 3146 1876 3194 mensam,
1919 3131 2034 3185 haec

459 3220 600 3274 facta
621 3234 740 3274 esse
775 3220 956 3273 omnia
974 3220 1240 3275 offerente
1262 3223 1464 3292 populo
1486 3263 1500 3287 ,
1531 3222 1783 3294 singulis,
1807 3225 1953 3293 quod
1980 3224 2032 3276 in

459 3310 712 3365 manibus
737 3319 873 3375 erat,
923 3312 1034 3365 Deo
1079 3311 1391 3368 dicantibus
1423 3330 1434 3365 :
1464 3313 1673 3384 accepti
1720 3314 1866 3368 enim
1907 3329 2035 3368 sane

459 3411 587 3457 svnt
622 3403 674 3456 in
705 3403 930 3472 gloriam
978 3403 1096 3467 Dei,
1123 3411 1179 3457 et
1203 3403 1402 3468 Patris,
1442 3406 1535 3475 qui
1569 3405 1846 3460 Christum
1879 3405 2038 3460 donis

459 3502 815 3554 venerantur,
837 3503 892 3550 et
917 3496 1229 3565 spirituales
1256 3497 1561 3552 oblationes
1600 3498 1858 3560 oll‘erunt,
1898 3513 2036 3566 quo-

461 3598 582 3635 rum
613 3583 690 3636 illi
729 3583 912 3651 ﬁgurae
957 3583 1274 3652 umbraeque
1295 3593 1453 3638 erant
1479 3605 1491 3637 :
1533 3585 1627 3639 sed
1655 3585 1788 3638 illud
1811 3585 2039 3641 cultura:

462 3673 650 3741 legalis
711 3672 883 3725 altare
941 3672 1266 3726 irritationis
1330 3683 1495 3744 atque
1555 3675 2036 3740 contradictionis,

463 3761 888 3829 conspirationis
920 3762 1040 3830 ejus
1078 3761 1338 3832 denique,
1377 3772 1436 3817 ut
1462 3765 1536 3819 ita
1575 3765 1774 3830 dicam,
1797 3782 1920 3835 qua:
1939 3767 2038 3821 ad-

462 3865 658 3904 versus
685 3849 1023 3906 sacerdotem
1043 3866 1317 3907 summum
1351 3853 1490 3910 facta
1523 3865 1626 3920 est,
1665 3857 1838 3911 veluti
1861 3858 2038 3911 moni-

464 3949 710 3996 mentum
742 3941 1014 4011 quoddam
1045 3957 1167 3998 esse
1191 3953 1352 4014 atque
1375 3945 1783 4016 prazdictionem
1837 3947 1894 4002 in
1921 3948 2038 4018 ipsa

465 4033 654 4088 altaris
677 4033 1085 4089 constructione
1124 4037 1379 4105 positam,
1408 4038 1636 4108 mystice
1683 4046 1741 4092 et
1762 4038 2042 4108 dispensa-

465 4119 577 4172 tive
618 4119 977 4189 signiﬁcatur.
1021 4121 1212 4178 Nonne
1257 4125 1356 4179 tibi
1407 4125 1576 4196 ﬁgura
1608 4128 1894 4198 perspicua
1922 4129 2043 4183 est?

466 4209 669 4264 Christi
692 4226 927 4279 namque
958 4211 1186 4283 ﬁguram
1228 4223 1377 4270 tenet
1413 4218 1613 4272 Aaron.
1645 4218 1918 4274 Adversus
1946 4236 2042 4274 au-

470 4309 579 4354 tem
607 4298 813 4354 Christi
841 4301 1070 4372 gloriam
1096 4308 1449 4362 contentione
1479 4324 1692 4362 summa
1712 4309 2040 4379 Judaziquo—

2062 3089 2109 3152 Ο

2134 1863 2329 1932 ψυχαῖς
2360 1861 2561 1916 αὐτῶν.
2607 1863 2716 1914 Kal.
2751 1863 3010 1933 ἐποίησαν
3053 1863 3190 1915 αὐτὰ
3227 1863 3446 1926 λεπίόας
3476 1863 3667 1924 ὲλατάς
3691 1901 3705 1922 ,

2135 1955 2406 2028 περίθεμα
2430 1955 2507 2024 τῷ
2536 1955 2927 2026 θυσιαστηρίῳ,
2953 1955 3035 2008 ὅτι
3067 1955 3510 2027 προσηνέχθησαν
3534 1957 3708 2009 ἔναντι

2135 2047 2364 2118 Κυρίου,
2397 2048 2488 2099 καὶ
2532 2045 2890 2116 ήγιάσθησαν.
2936 2047 3045 2100 Kal.
3094 2047 3338 2115 ἐγένοντο
3374 2050 3452 2109 εἰς
3489 2049 3709 2117 σημεῖον

2136 2140 2246 2200 τοῖς
2273 2139 2405 2200 υἱοῖς
2450 2135 2688 2207 Ἰσραήλ.
2729 2154 2747 2188 ι
2787 2135 2970 2206 Ταύτῃ
3003 2135 3101 2206 μὲν
3131 2130 3221 2189 οῦν
3243 2136 3346 2206 ἔφη
3369 2133 3428 2188 τὸ
3459 2135 3709 2206 τηνικάδε

2135 2229 2289 2292 Θεὸς.
2347 2229 2434 2281 Ἐν
2461 2231 2528 2300 τῇ
2584 2227 2778 2298 Ἐξόδῳ
2805 2227 2862 2281 δὲ
2889 2228 3200 2299 γέγραπται
3245 2229 3372 2299 περὶ
3409 2227 3505 2282 τοῦ
3548 2230 3708 2281 Beas-

2135 2317 2282 2390 λεὴλ,
2331 2317 2390 2379 ὃς
2437 2312 2505 2388 ἦν
2554 2316 2618 2368 ὲκ
2657 2315 2862 2387 πατρὸς
2911 2315 3007 2385 μὲν
3052 2314 3284 2385 Οὐρίου,
3329 2315 3500 2385 φυλῆς
3526 2315 3583 2367 δὲ
3612 2315 3709 2384 τῆς

2135 2409 2243 2462 Δὰν
2291 2408 2392 2479 (l),
2443 2407 2537 2460 καὶ
2585 2406 2765 2476 πάσης
2815 2405 3094 2476 εὐτεχνίας
3133 2405 3452 2476 ήγούμενθς·
3488 2424 3508 2457 ι
3545 2395 3710 2468 Οὗτος

2134 2500 2356 2570 ἐποίησε
2388 2499 2450 2552 τὸ
2478 2495 2854 2568 θυσιαστήριον
2888 2497 2948 2550 τὸ
2979 2495 3208 2568 χαλκοῦν
3239 2499 3304 2550 ὲκ
3325 2497 3432 2551 τῶν
3477 2498 3710 2569 πυρείων

2134 2592 2242 2646 τῶν
2267 2590 2502 2662 χαλκῶν,
2541 2571 2576 2642 ὅ.
2605 2585 2670 2659 ἦν
2695 2593 2806 2652 tot;
2840 2589 3064 2660 ἀνδράσι
3093 2591 3207 2653 τοῖς
3241 2590 3710 2646 καταστασιάσασι

2139 2681 2277 2751 μετά
2303 2680 2402 2751 τῆς
2430 2680 2572 2750 Κορὲ
2601 2678 2946 2749 συναγωγῆς.
2991 2697 3009 2732 ι

2210 2772 2421 2825 ΠΑΛΛ.
2463 2771 2527 2822 Τί
2557 2763 2649 2822 οῦν
2679 2768 2837 2822 τοῦτό
2865 2785 2949 2837 γε;

2207 2861 2369 2916 ΚΥΡ.
2419 2860 2625 2932 Πολλὴν
2663 2859 2728 2912 ἂν
2764 2859 2878 2930 ἔχοι
2921 2859 3018 2930 τὴν
3048 2861 3254 2931 ὄνησιν,
3281 2860 3330 2915 εἰ
3378 2863 3608 2917 ὲννοοῖτο
3632 2863 3712 2916 ὅτι

2139 2951 2430 3021 πεποίηται
2455 2951 2552 3020 μὲν
2582 2952 2615 3019 ή
2646 2950 2880 3013 κιϐωτὸς
2900 2953 2978 3014 είς
3005 2951 3174 3006 τύπον
3205 2953 3467 3023 Χριστοῦ,
3496 2954 3591 3007 καὶ
3616 2954 3711 3024 μέν

2138 3059 2218 3094 τοι
2253 3042 2346 3094 καὶ
2373 3042 2441 3093 τὰ
2467 3040 2648 3119 ἕτερα,
2681 3039 2892 3111 λυχνία,
2925 3043 3098 3112 φημὶ,
3135 3043 3232 3096 καὶ
3276 3043 3338 3096 τὸ
3384 3043 3708 3115 ἱλαστήριον,

2143 3133 2237 3186 καὶ
2271 3135 2333 3185 ὲκ
2366 3132 2590 3202 χρυσίου
2619 3132 2865 3201 τράπεζα
2889 3171 2905 3196 ,
2951 3133 3416 3204 προσκομίσαντος
3450 3135 3543 3188 τοῦ
3585 3131 3711 3188 λαοῦ

2141 3225 2236 3278 καὶ
2268 3224 2554 3286 ἀναθέντος
2583 3224 2810 3278 ἑκάστου
2855 3223 2918 3276 τδ
2959 3225 3018 3276 ὲν
3040 3225 3216 3296 χερσί.
3258 3227 3444 3279 Δεκτοὶ
3471 3227 3579 3296 γὰρ
3599 3225 3712 3278 λίαν

2142 3317 2220 3378 εἰς
2239 3314 2393 3378 δόξαν
2416 3313 2547 3367 Θεοῦ
2567 3315 2658 3367 καὶ
2682 3313 2911 3386 Πατρὸς,
2929 3317 2976 3369 οἱ
2988 3316 3457 3389 καρποφοροῦντες
3477 3316 3711 3388 Χριστῷ,

2143 3405 2240 3457 καὶ
2273 3405 2607 3476 δωροφορίας
2650 3409 3016 3477 προσάγοντες
3061 3408 3162 3471 τὰς
3201 3408 3609 3478 πνευματικὰς,
3642 3401 3714 3462 ὧν

2143 3491 2281 3566 ἦσαν
2313 3498 2508 3550 ἐκεῖνοι
2535 3497 2694 3550 τύποι
2729 3496 2822 3552 καὶ
2855 3499 3024 3552 σκιαί.
3057 3499 3168 3570 Τῆς
3195 3500 3253 3552 δὲ
3283 3501 3422 3553 κατὰ
3443 3501 3604 3570 νόμον
3626 3499 3717 3552 λα-

2143 3587 2330 3658 τρείας
2352 3588 2410 3641 τὸ
2434 3587 2836 3660 Θυσιαστήριον,
2870 3589 3219 3661 παροξυσμοῦ
3266 3592 3360 3645 καὶ
3388 3592 3714 3661 ἀντιλογίας,

2146 3675 2240 3728 καὶ
2270 3675 2334 3727 ἵν’
2373 3674 2543 3738 οὕτως
2572 3677 2707 3729 είπω
2735 3676 2940 3741 λοιπὸν,
2976 3678 3287 3749 ἀντάρσεως
3331 3683 3428 3751 τῆς
3462 3680 3584 3733 καθ’
3643 3681 3714 3732 ἱε-

2151 3765 2286 3834 ρέως
2313 3763 2406 3818 τοῦ
2426 3766 2659 3836 μεγάλου
2679 3769 3069 3840 γεγενημένης,
3098 3770 3258 3823 οἱονεί
3277 3785 3392 3834 πως
3421 3773 3718 3842 ὑπόμνημα

2111 3869 2117 3874 ’
2147 3858 2240 3911 καὶ
2262 3857 2734 3930 προαναφὼνησις,
2767 3861 2825 3913 ἐν
2863 3863 2998 3932 αὐτῇ
3031 3862 3260 3933 κειμένη
3287 3866 3350 3934 τῇ
3386 3867 3716 3934 κατασκευῇ,

2151 3951 2427 4022 μυστικῶς
2457 3968 2516 4004 τε
2548 3953 2641 4005 καὶ
2671 3953 3026 4023 οἰκονομικῶς
3069 3954 3412 4026 σημαίνεται.
3457 3953 3609 4026 *Αρά
3639 3973 3719 4010 σοι

2149 4041 2318 4110 σαφὲς
2339 4040 2400 4095 τὸ
2423 4041 2654 4112 αἴνιγμα
2677 4059 2691 4108 ;
2722 4042 2958 4116 Χριστοῦ
2989 4043 3098 4116 γὰρ
3123 4047 3204 4108 είς
3231 4046 3398 4098 τύπον
3417 4047 3446 4098 ὁ
3488 4046 3716 4117 ’Λαρώνο

2149 4133 2626 4202 πεφιλονεικήκασι
2667 4133 2722 4186 δὲ
2765 4137 2830 4204 τῇ
2863 4134 2954 4187 τοῦ
2998 4135 3235 4207 Χριστοῦ
3275 4136 3397 4207 δόξῃ
3437 4137 3530 4188 καὶ
3589 4137 3716 4190 ’1ουο

2145 4225 2306 4289 δαῖοι,
2331 4225 2426 4278 καὶ
2447 4223 2782 4292 ἀντιλέγεται
2806 4225 2893 4278 διὰ
2917 4225 3074 4280 τοῦτο
3095 4227 3154 4279 τὸ
3185 4228 3323 4280 κατὰ
3350 4227 3513 4298 νόμον
3535 4227 3720 4282 θυσια-

2151 4313 2388 4382 στήριον.
2443 4313 2728 4366 Πέπαυται
2777 4314 2883 4385 γὰρ
2935 4317 2968 4384 ἡ
3016 4315 3091 4377 ὼς
3140 4317 3197 4367 ὲν
3250 4319 3428 4379 σκιαῖς
3474 4316 3716 4386 λατρεία·

468 4406 576 4458 que
627 4398 980 4447 certaverunt.
1015 4413 1027 4447 :
1069 4411 1342 4466 causaque
1383 4398 1794 4452 contradicendi
1833 4407 1917 4453 est
1960 4400 2038 4454 cis

2148 4406 2246 4457 καὶ
2268 4407 2326 4456 ὲν
2361 4405 2583 4475 Χριστῷ
2607 4404 2671 4476 δὴ
2699 4405 2898 4475 μᾶλλον
2928 4407 3290 4477 εύωδιάζομεν
3317 4406 3394 4476 τῷ
3420 4407 3594 4477 Πατρὶ
3625 4407 3722 4477 τὴν

468 4481 638 4552 legale
677 4482 780 4537 hoc
806 4483 1006 4551 altare;
1035 4486 1249 4541 ablatus
1285 4495 1368 4541 est
1401 4489 1548 4542 enim
1580 4489 1668 4542 ille
1703 4497 1959 4558 tanquam
1987 4490 2043 4544 in

471 4571 663 4626 umbra
698 4573 896 4638 cultus,
929 4574 1088 4644 305
1117 4583 1171 4628 et
1202 4575 1255 4628 in
1281 4574 1500 4630 Christo
1531 4577 1714 4646 potius
1744 4579 1898 4631 illum
1927 4580 2042 4648 spi-

471 4662 723 4716 ritualem
753 4662 975 4717 odorem
994 4665 1139 4718 Patri
1169 4664 1472 4720 adolemus.
1513 4667 1682 4737 quue
1719 4685 1914 4725 rursus
1933 4679 2051 4725 tan-

471 4769 635 4823 qnam
684 4752 738 4806 in
801 4753 1032 4817 umbris,
1066 4753 1391 4825 designavit,
1441 4757 1674 4812 dicens:
1723 4778 1740 4808 ι
1776 4760 1844 4814 Et
1887 4761 2052 4816 facies

475 4845 608 4896 mihi
631 4843 801 4897 altare
826 4843 1196 4915 thymiamatis
1226 4861 1293 4900 ex
1317 4847 1476 4918 lignis
1503 4849 1969 4918 imputribilibus;
1996 4861 2054 4906 et

475 4932 641 4986 facies
675 4933 807 4986 illud
837 4933 1008 4988 cubiti
1039 4934 1400 5004 longitudine,
1440 4947 1495 4992 et
1523 4938 1692 4992 cubiti
1720 4939 2043 5006 latitudine;

476 5021 798 5088 quadratum
825 5024 950 5087 erit,
991 5031 1047 5078 et
1080 5023 1315 5079 duorum
1369 5028 1682 5083 cubitorum
1734 5029 2044 5084 altitudine.

478 5110 555 5167 Ex
591 5112 706 5180 ipso
735 5122 898 5168 erunt
921 5129 1127 5169 cornua
1157 5117 1277 5186 ejus
1309 5136 1320 5170 :
1355 5127 1410 5172 et
1436 5120 1720 5175 inaurabis
1757 5122 1891 5175 illud
1914 5139 2050 5178 auro

479 5218 639 5272 puro,
672 5203 990 5259 craticulam
1034 5208 1171 5278 ejus,
1203 5218 1258 5262 et
1289 5210 1530 5278 parietes
1553 5213 1674 5283 ejus
1701 5213 2050 5284 circumqua-

478 5303 606 5360 que,
627 5297 684 5346 et
715 5305 921 5346 cornua
943 5294 1062 5366 ejus
1083 5295 1150 5350 ⁸ο.
1183 5315 1201 5348 ι
1247 5297 1492 5369 Cumque
1529 5301 1606 5356 illi
1627 5301 1840 5368 amites,
1873 5305 2055 5359 etcir—

2149 4497 2344 4566 νοητὴν
2373 4495 2632 4566 εὐοσμίαν
2653 4515 2664 4526 ·
2691 4497 2786 4552 καὶ
2810 4498 2966 4551 τοῦτο
3001 4501 3133 4570 ἡμῖν
3162 4500 3237 4562 ὼς
3266 4501 3324 4554 ὲν
3357 4502 3532 4564 σκιαῖς
3561 4499 3721 4553 πάλιν

2151 4583 2449 4648 ύπετύπου,
2474 4584 2669 4653 λέγων·
2695 4605 2713 4638 ι
2734 4586 2844 4642 Καὶ
2865 4590 3110 4660 ποιήσεις
3130 4607 3219 4660 μοι
3242 4591 3622 4662 θυσιαστήριον
3640 4589 3723 4643 θυ-

2151 4673 2424 4744 μιάματος
2456 4674 2521 4726 ὲκ
2559 4673 2732 4740 ξύλων
2755 4675 3036 4748 άσήπτων,
3066 4683 3161 4734 καὶ
3193 4683 3438 4753 ποιήσεις
3463 4680 3598 4734 αύτό
3629 4683 3724 4752 πή-

2150 4781 2288 4834 χεως
2329 4763 2389 4816 τὸ
2438 4763 2640 4833 μῆκος,
2689 4765 2784 4818 καὶ
2813 4769 3032 4837 πήχεως
3061 4769 3121 4822 τὸ
3171 4766 3345 4841 εὖρος⁹
3387 4769 3723 4837 τετράγωνον

2151 4854 2324 4917 ἔσται,
2354 4855 2448 4908 καὶ
2482 4855 2575 4908 δύο
2605 4858 2824 4928 πήχεων
2863 4861 2922 4911 τὸ
2953 4859 3106 4929 ῦψυς.
3151 4861 3240 4924 Ἐξ
3267 4860 3430 4914 αὐτοῦ
3474 4860 3630 4913 ἔσται
3659 4861 3724 4913 τὰ

2153 4947 2358 5018 κέρατα
2393 4946 2581 5011 αὐτοῦ,
2613 4949 2707 5001 καὶ
2735 4950 3178 5022 καταχρυσώσεις
3215 4952 3348 5004 αὐτὸ
3386 4952 3593 5022 χρυσίῳ
3632 4968 3728 5004 καο

2156 5036 2324 5108 θαρῷ,
2358 5037 2455 5107 τὴν
2503 5037 2742 5108 ἐσχάραν
2772 5039 2937 5092 αὑτοῦ
2959 5079 2973 5104 ,
3019 5040 3114 5094 καὶ
3149 5045 3275 5104 τοὺς
3310 5042 3523 5111 τοίχους
3562 5039 3726 5096 αὑτοῦ

2157 5127 2360 5198 κύκλῳ,
2381 5128 2472 5180 καὶ
2493 5127 2560 5180 τὰ
2584 5128 2790 5199 κέρατα
2821 5129 3006 5183 αὐτοῦ.
3033 5150 3051 5182 ι
3086 5131 3364 5195 Σκυτάλας
3383 5132 3439 5185 δὲ
3460 5129 3609 5202 αῦτῷ
3638 5131 3727 5184 καὶ

2157 5217 2381 5288 κρίκους
2400 5257 2414 5282 ν
2457 5222 2551 5274 καὶ
2578 5221 2906 5292 ἀναφορέας.
2944 5222 3109 5295 ἕτερά
3146 5242 3206 5278 τε
3243 5225 3468 5280 τοιαῦτα
3501 5239 3724 5293 προστε-

2160 5307 2375 5374 θεικὼς,
2394 5312 2487 5364 καὶ
2510 5311 2695 5382 θήσεις
2711 5311 2864 5376 αὐτὸ,
2885 5311 3070 5382 φησιν,
3091 5335 3113 5370 ‹
3132 5318 3350 5372 Ἐναντι
3373 5314 3470 5369 τοῦ
3491 5327 3729 5368 καταπε·

544 5446 587 5478 ³⁷
608 5443 770 5501 Num.
803 5460 912 5512 xvr,
963 5447 989 5500 1
1021 5462 1173 5517 seqq.
1250 5447 1295 5480 ³⁸
1320 5448 1479 5516 lbid.,
1508 5449 1597 5518 37,
1620 5451 1710 5507 38.
1785 5453 1830 5486 ⁸⁸
1861 5453 2030 5510 Exod.

2142 5473 2254 5526 tvn,
2285 5458 2373 5515 25.
2451 5461 2499 5495 ⁸⁸
2521 5463 2692 5520 Exod.
2728 5483 2853 5535 ιιι,
2880 5469 2998 5524 με.

547 5617 626 5740 Ἥ)
667 5622 860 5677 Mirum
912 5626 1188 5706 quomodo
1232 5628 1314 5712 de_
1356 5630 1502 5712 tribu
1542 5631 1654 5686 Dan
1686 5634 1786 5690 tuis

482 5685 554 5741 ιιιὶ
597 5701 630 5741 ιι
661 5689 830 5741 Iuda:
861 5707 1071 5741 socium
1106 5711 1237 5741 ναι-η
1268 5715 1388 5741 mm
1414 5701 1570 5741 Elmh
1623 5702 1692 5741 da
1719 5706 1786 5741 n-i

597 5701 630 5741 ιι
661 5689 830 5757 luds;
861 5689 1073 5749 socium
1106 5711 1237 5752 vero
1268 5700 1388 5773 ejus
1414 5701 1591 5768 Eliab,
1623 5702 1692 5758 de
1719 5689 1869 5762 tribu
1895 5689 2033 5764 Dan.

912 5626 1854 5720 qppmodpudegntri'bgPangfuisse
1893 5635 2042 5720 dicat
2080 5637 2344 5709 Beseleel,
2379 5661 2542 5715 quem
2589 5647 2872 5720 Scriptura
2905 5651 3194 5709 mnifesto
3253 5653 3390 5710 dicit
3436 5653 3606 5711 fuisse
3674 5650 3736 5706 de
