3996 6212
389 201 430 226 Ο

297 334 398 389 CI‘I

995 316 1084 383 DE
1121 326 1561 382 ADOIIATIONE
1598 326 1662 380 IN
1706 315 1975 380 srinITU
2015 322 2102 377 ET
2143 309 2514 379 VERITATE.
2555 312 2682 378 LIB.
2722 314 2812 379 rx.

3447 322 3550 378 618

296 449 574 518 τάσματος
597 443 690 497 τοῦ
719 443 868 507 ὄντος
897 444 989 496 ἐπὶ
1018 447 1116 514 τῆς
1145 443 1376 496 κιϐωτοῦ
1411 443 1506 498 τοῦ
1544 443 1867 514 μαρτυρίου,

1995 443 2145 507 :ulos,
2177 453 2232 497 et
2260 453 2464 508 vectes,
2499 451 2553 497 et
2580 453 2774 498 czetcra
2799 442 3065 513 ejusmodi
3098 440 3409 511 adjecisset,
3439 441 3548 496 ait:

301 545 356 594 ἐν
404 535 489 600 οἷς
541 534 930 607 γνωσθήσομαί
979 552 1060 587 σοι
1105 537 1218 587 ἐκεῖ
1277 527 1428 598 Θεόςο
1483 536 1576 588 καὶ
1621 534 1874 603 θυμιάσει

300 633 384 685 ἐπ’
411 628 580 682 αὐτοῦ
615 625 826 696 Ἀαρὼν
853 625 1105 696 θυμίαμα
1134 625 1386 678 σύνθετον
1407 625 1601 678 λεπτὸν
1623 624 1682 676 τὸ
1709 623 1873 694 πρωῒ,

301 720 483 790 πρωῒ·
517 719 648 770 ὅταν
694 715 988 786 ἐπισκιάζῃ
1029 716 1157 778 τοὺς
1193 715 1452 784 λύχνους,
1494 714 1746 784 θυμιάσει
1791 713 1876 765 ἐπ’

301 808 486 864 αὑτοῦ.
516 807 626 861 Καὶ
645 807 775 860 ὅταν
801 805 1011 877 ἐξάπτῃ
1047 803 1256 876 Ἀαρὼν
1271 805 1396 868 τοὺς
1424 803 1648 874 λύχνους
1678 804 1738 856 τὸ
1757 802 1874 872 ὀψὲ,

301 900 556 970 θυμιάσει
585 900 671 951 ἐπ’
710 897 876 951 αὐτοῦ
913 897 1165 968 θυμίαμα
1205 895 1582 966 ἐνδελεχισμοῦ
1617 895 1706 947 διὰ
1745 911 1879 948 παν-

299 990 390 1051 τὸς
422 989 601 1042 ἔναντι
652 986 860 1058 Κυρίου
894 988 973 1050 εἰς
1009 987 1107 1049 τὰς
1144 985 1338 1054 γενεὰς
1387 984 1586 1039 αὐτῶν.
1628 983 1738 1038 Καὶ
1780 984 1880 1036 οὐκ

301 1081 537 1142 ἀνοίσεις
567 1081 651 1132 ἐπ’
686 1079 834 1150 αὐτῷ
856 1079 1102 1149 θυμίαμα
1125 1078 1331 1149 ἓτερονθ
1359 1078 1638 1148 κάρπωμα
1669 1075 1877 1142 θυσίας,

301 1174 398 1226 καὶ
433 1172 661 1242 σπονδὴν
693 1171 753 1223 οὐ
789 1170 1030 1234 σπείσεις
1077 1171 1162 1224 ἐπ’
1206 1169 1393 1224 αὑτοῦ.
1438 1169 1548 1221 Καὶ
1577 1167 1878 1234 ἐξιλάσεται

303 1265 390 1317 ἐπ’
421 1262 587 1316 αὑτοῦ
638 1261 847 1331 Ἀαρὼν
876 1263 966 1316 ἐπὶ
991 1262 1098 1315 τῶν
1125 1261 1373 1334 κεράτων
1396 1259 1583 1325 αὑτοῦ,
1615 1258 1762 1323 ἅπαξ
1786 1258 1878 1311 τοῦ

304 1355 554 1410 ἐνιαυτοῦ
583 1354 690 1408 ἀπὸ
715 1353 808 1407 τοῦ
837 1354 1072 1425 αἵματος
1097 1354 1190 1408 τοῦ
1209 1352 1552 1424 καθαρισμοῦ
1569 1351 1678 1406 τῶν
1707 1353 1882 1422 ἁμαρ-

304 1447 437 1500 τιῶν
456 1445 551 1500 τοῦ
569 1444 884 1516 ἐξιλασμοῦ.
901 1445 1085 1510 "Arrcti
1105 1445 1198 1498 τοῦ
1220 1444 1468 1499 ἐνιαυτοῦ
1488 1443 1739 1516 καθαριεῖ
1752 1441 1883 1495 αύτὺ

305 1539 386 1601 εἷς
428 1538 528 1601 τὰς
568 1536 762 1606 γενεὰς
795 1536 994 1591 αὐτῶν
1027 1536 1216 1606 Ἀγιον
1257 1539 1366 1600 τῶν
1417 1537 1588 1606 ἁγίων
1639 1536 1757 1589 ἐστὶ
1803 1533 1882 1605 τῷ

309 1627 519 1698 Κυρίῳ.
565 1643 584 1678 ι
667 1649 676 1668 κ

379 1719 588 1772 ΠΔΛΛ.
616 1718 711 1782 El;
745 1718 914 1772 τύπον
945 1717 1054 1790 ἄρα
1086 1715 1321 1788 Χριστοῦ
1355 1717 1448 1770 καὶ
1503 1715 1660 1769 τοῦτο
1709 1720 1884 1787 παρα-

304 1811 568 1881 δεξόμεθα
589 1828 605 1876 ;

306 1989 390 2042 δτι
421 1988 482 2041 τὸ
508 1989 694 2058 χρῆμά
723 1989 860 2052 ἐστι,
888 1987 948 2042 τὸ
975 1988 1152 2058 τίμιον
1181 1988 1343 2042 αὐτοῦ
1371 1989 1465 2042 καλ⁸
1506 1987 1637 2058 βαθὺ
1679 1991 1884 2060 μυστή-

309 2095 426 2149 ριον
447 2077 780 2150 ἐνδείξ[ει]εν
808 2078 874 2132 ἂν
892 2079 983 2132 καὶ
999 2078 1144 2150 μάλα
1167 2079 1361 2150 ῥᾳδίως
1377 2082 1488 2143 τοῖς
1505 2095 1567 2148 γε
1589 2080 1884 2151 ᾑρημένοις

309 2169 378 2223 τὰ
421 2169 598 2223 τοιάδε
631 2170 1108 2242 πολυπραγμονεῖν
1160 2168 1358 2242 ἰσχνῶς
1395 2189 1455 2224 τε
1497 2172 1592 2227 καὶ
1632 2174 1885 2245 κατερρι-

309 2261 578 2331 νημένως.
615 2262 888 2332 Πεποίητο
929 2262 1027 2332 μὲν
1085 2261 1190 2333 γὰρ
1251 2265 1316 2316 ἐκ
1370 2262 1542 2330 ξύλων
1594 2265 1875 2332 ἁσήπτων,

311 2351 496 2430 χρυσῷ
519 2351 575 2404 δὲ
603 2351 724 2406 ὅλον
751 2351 1113 2425 ἀλήλιεᾙπτο.
1133 2353 1478 2425 Ἀδιάφθορον
1511 2353 1618 2426 γὰρ
1641 2354 1702 2406 τὸ
1729 2353 1885 2424 σῶμα

311 2443 570 2515 Χριστοῦ,
613 2445 706 2498 καὶ
735 2443 896 2513 φύσιν
951 2447 1008 2521 ἐν
1036 2445 1214 2516 ἐαυτῷ
1246 2446 1344 2516 τὴν
1382 2444 1532 2498 θείαν
1577 2445 1886 2498 καταπλουο

321 2534 468 2588 τοῦνο
510 2547 529 2586 t
568 2536 764 2604 Γέγονε
792 2535 901 2606 γὰρ
935 2535 1070 2605 σὰρξ
1099 2537 1126 2589 6
1149 2535 1340 2604 Λόγος,
1374 2536 1470 2590 καὶ
1493 2535 1802 2607 ἐσκήνωσεν
1829 2537 1888 2590 ἐν

312 2627 464 2696 ἡμῖν.
512 2641 530 2676 ι
585 2625 832 2696 Ἀπαρχὴ
879 2625 936 2678 δὲ
963 2624 1120 2696 ἡμῶν
1147 2626 1175 2677 6
1211 2624 1466 2694 Χριστὸς,
1495 2624 1588 2678 καὶ
1619 2622 1743 2694 ῥίζα
1791 2624 1887 2680 τοῦ

314 2717 507 2785 γένους
570 2715 998 2788 άνακτιζομένου
1068 2715 1206 2788 πρὸς
1271 2715 1578 2786 ἀφθαρσίαν
1634 2715 1722 2770 διὰ
1789 2716 1888 2788 τῆς

316 2809 450 2880 πρὸς
474 2807 608 2862 Θεὸν
642 2807 907 2876 ἐνώσεως,
938 2809 988 2862 εί
1037 2809 1131 2862 καὶ
1177 2807 1467 2877 ἐξαιρέτως
1502 2809 1589 2861 ἐπ’
1622 2807 1786 2862 αὐτοῦ
1829 2808 1890 2861 τὸ

313 2903 504 2972 χρῆμα
531 2903 725 2954 νοοῖτο.
757 2901 981 2972 Κέρατα
1003 2900 1060 2954 δὲ
1092 2899 1170 2970 τῷ
1199 2899 1588 2970 Θυσιαστηρῐῳ,
1617 2901 1709 2953 καὶ
1727 2900 1890 2953 οἱονεὶ

317 2993 497 3061 χεῖρες
537 2990 1034 3060 ἐκπεπετασμέναι,
1071 2989 1284 3044 καὶτοῦ
1321 2990 1500 3061 τιμίου
1546 2990 1780 3062 σταυροῦ
1829 2991 1891 3044 τὸ

1986 553 2003 584 ‹
2036 534 2102 587 Et
2128 549 2298 602 pones
2325 534 2458 588 illud
2480 543 2669 588 contra
2703 533 2884 588 velum
2913 531 3057 601 quod
3084 541 3167 586 est
3190 547 3354 601 super
3372 547 3553 585 arcam

1981 624 2441 688 testimoniorum,
2469 625 2523 677 in
2549 624 2750 694 quibus
2769 637 3064 693 cognoscar
3083 637 3114 676 a
3142 630 3192 676 te
3217 621 3342 675 inde
3368 621 3511 675 Deus
3537 637 3550 672 :

1978 724 2036 769 et
2089 716 2346 770 incendet
2385 729 2550 785 super
2580 715 2700 784 ipso
2737 716 2918 769 Aaron
2951 714 3234 768 incensum
3277 711 3552 780 composi-

1982 814 2095 859 tum
2125 815 2285 860 tenue
2314 821 2495 868 mane,
2540 820 2735 870 mane;
2783 819 2905 858 cum
2954 810 3246 872 componet
3277 801 3550 864 lucernas,

1980 897 2222 952 adolebit
2249 913 2414 966 super
2437 896 2575 965 ipso.
2606 897 2674 950 Et
2705 910 2827 948 cum
2863 893 3122 948 accendet
3158 893 3340 946 Aaron
3372 891 3554 944 lucer-

1981 1005 2080 1043 nas
2093 989 2328 1059 vesperi,
2354 987 2786 1057 incendetsuper
2810 986 2942 1040 illud
2969 987 3250 1040 incensum
3272 985 3559 1039 continua~

1983 1081 2148 1136 tionis
2176 1081 2229 1134 in
2266 1088 2593 1151 perpetuum
2619 1095 2801 1134 coram
2832 1079 3062 1134 Domino
3090 1081 3144 1132 in
3177 1079 3559 1148 generationes

1981 1189 2211 1239 eorum;
2242 1182 2298 1228 et
2327 1189 2434 1227 non
2469 1173 2717 1242 impones
2751 1185 2916 1240 super
2948 1185 3014 1224 eo
3055 1171 3335 1224 incensum
3361 1170 3508 1224 aliud
3538 1187 3554 1224 :

1984 1264 2315 1318 oblationem
2351 1263 2563 1327 hostiae,
2596 1273 2652 1317 et
2690 1263 3005 1316 Iibationem
3035 1277 3145 1315 non
3172 1261 3370 1314 lihabis
3395 1277 3560 1330 super

1985 1354 2125 1424 ipso.
2157 1356 2226 1409 Et
2254 1354 2646 1424 prOpitiabitur
2673 1369 2836 1423 super
2860 1353 2976 1422 ipso
3005 1354 3182 1406 Aaron
3216 1352 3270 1406 in
3300 1353 3562 1407 cornibus

1983 1447 2122 1516 ejus,
2145 1444 2312 1498 semel
2344 1459 2442 1512 per
2469 1459 2673 1496 annum
2707 1443 2774 1497 de
2798 1441 3058 1512 sanguine
3077 1441 3411 1512 purgationis
3436 1458 3564 1511 pec-

1984 1543 2231 1591 catorum
2254 1534 2680 1606 propitiationis.
2702 1533 2881 1589 Semel
2907 1533 2961 1586 in
2981 1548 3123 1586 anno
3153 1548 3222 1602 pu
3233 1533 3406 1604 rgabit
3426 1533 3560 1588 illud

1985 1627 2040 1682 in
2075 1628 2452 1699 generationes
2484 1643 2674 1682 eorum
2705 1627 2996 1681 :Sanctum
3027 1633 3335 1679 sanctorum
3355 1638 3438 1680 cst
3457 1627 3565 1680 Do-

1984 1718 2138 1772 mino
2155 1718 2219 1770 ".
2257 1737 2274 1769 ι

1916 1781 1955 1836 Β
2049 1805 2247 1860 PALL.
2278 1804 2337 1860 In
2367 1805 2596 1876 ﬁguram
2635 1821 2766 1877 ergo
2815 1806 3020 1862 Christi
3049 1808 3154 1862 hoc
3189 1808 3563 1878 accipiemus?

372 1900 540 1954 ΚΥΡ.
593 1899 738 1953 Πάνυ
788 1899 884 1969 μὲν
930 1891 1043 1964 οὖν,
1091 1891 1135 1951 ὦ
1173 1897 1456 1953 Παλλάδιε.
1519 1897 1740 1968 Ἀληθές
1773 1896 1882 1970 γὰρ
1980 1898 1988 1906 ’

2052 1894 2210 1951 CYR.
2253 1896 2483 1952 Maxime
2511 1912 2666 1961 vero,
2690 1897 2915 1952 Palladi.
2941 1898 3076 1952 Nam
3111 1898 3165 1952 id
3190 1915 3380 1952 verum
3419 1914 3562 1962 esse,

1981 2005 2047 2045 ex
2075 1991 2335 2062 praeclaro
2356 2000 2411 2047 et
2442 1991 2662 2047 sublimi
2684 1993 2801 2064 ejus
2829 1993 3086 2064 mysterio
3116 2001 3325 2063 patere,
3358 2001 3413 2047 et
3439 1992 3564 2062 qui-

1984 2081 2108 2137 dem
2146 2081 2402 2139 facillime
2435 2084 2657 2154 poterit,
2703 2085 2748 2139 si
2788 2085 2881 2154 qui
2915 2084 3193 2138 subtiliter
3244 2094 3298 2138 ct
3337 2084 3568 2139 solerter

1983 2174 2296 2244 hujusmodi
2380 2190 2468 2230 res
2539 2176 2905 2246 pervestigare
2973 2176 3264 2230 voluerint.
3342 2176 3568 2230 Factum

1985 2256 2133 2320 enim
2161 2272 2281 2319 erat
2317 2281 2383 2319 ex
2413 2265 2578 2336 lignis
2608 2266 3067 2336 imputribilibus,
3102 2275 3388 2334 totumque
3428 2281 3582 2319 auro

1986 2363 2222 2420 tectum;
2262 2355 2686 2425 incorruptibile
2721 2371 2956 2425 namque
2998 2364 3081 2410 est
3105 2355 3309 2410 Christi
3344 2369 3564 2424 corpus,

1987 2454 2046 2501 et
2089 2447 2332 2501 divinam
2381 2448 2438 2502 in
2481 2463 2539 2502 se
2578 2447 2696 2517 ipso
2729 2455 2982 2502 naturam
3025 2447 3230 2500 habet:
3272 2459 3290 2498 ι
3327 2447 3568 2501 Verbum

1989 2555 2117 2597 caro
2141 2541 2343 2597 factum
2369 2552 2472 2607 est,
2508 2551 2563 2598 et
2593 2543 2859 2597 habitavit
2891 2544 2946 2596 in
2986 2543 3221 2598 nobis".
3261 2563 3278 2594 ι
3306 2543 3569 2597 Primitias

1988 2648 2154 2704 porro
2175 2640 2394 2698 nostra},
2410 2641 2572 2703 atque
2589 2633 2742 2687 radix
2759 2633 2930 2687 nostri
2949 2634 3166 2703 generis
3185 2633 3437 2688 Christus
3455 2642 3564 2688 cst:

1990 2725 2136 2798 quod
2166 2742 2360 2797 genus,
2399 2727 2505 2780 hoe.
2532 2725 2652 2796 ipso
2688 2726 2834 2797 quod
2870 2741 2994 2779 eum
3025 2726 3137 2779 Deo
3173 2727 3425 2796 junctum
3461 2733 3567 2789 est,

1989 2821 2056 2875 ad
2079 2820 2542 2890 incorruptionem
2577 2826 2897 2884 recreatur;
2927 2818 3176 2888 quamvis
3216 2818 3272 2872 in
3303 2818 3398 2873 illo
3427 2835 3569 2889 pra:-

1991 2913 2152 2984 cipue
2183 2928 2247 2967 ea
2264 2928 2354 2967 res
2385 2913 2741 2983 intelligatur.
2779 2911 2919 2966 Sunt
2948 2913 3113 2966 etiam
3147 2912 3306 2967 altari
3343 2928 3568 2978 cornua,

1991 3007 2241 3062 acveluti
2279 3021 2477 3060 manus
2527 3013 2780 3069 cxtcntm,
2818 3004 3066 3074 gloriosa:
3104 3004 3284 3059 crucis
3321 3004 3572 3058 habitum

320 3083 508 3154 σχῆμα
551 3082 1087 3153 προαναπλάττοντα.
1132 3083 1195 3135 Εἰ
1221 3081 1276 3135 δὲ
1307 3082 1371 3152 δὴ
1425 3083 1662 3156 τέτταρά
1687 3101 1771 3147 τις
1817 3079 1892 3136 εἵ-

1995 3097 2424 3169 praeﬁgurantes.
2461 3095 2615 3162 Quod
2646 3095 2691 3150 si
2745 3094 2869 3164 quis
2917 3105 3154 3164 quatuor
3199 3109 3320 3150 esse
3365 3111 3570 3150 cornua

318 3191 405 3227 ναι
429 3173 578 3241 λέγοι
616 3173 685 3227 τὰ
727 3174 958 3247 κέρατα,
1006 3172 1227 3228 ἀδικοῦν
1259 3173 1433 3239 οὐδὲν,
1461 3175 1544 3238 γεῖς
1574 3190 1636 3242 γε
1668 3174 1728 3228 τὸ
1756 3177 1894 3228 νοεῖν

1997 3189 2215 3252 dixerit,
2268 3187 2405 3241 nihil
2434 3186 2812 3255 impedimenti
2853 3184 3102 3240 studioso
3140 3198 3204 3239 ea
3255 3201 3343 3240 res
3379 3186 3570 3250 aﬁ‘ert,

315 3265 491 3337 ὀρθῶς
510 3264 600 3319 τὸν
616 3265 908 3336 φιλομαθῆ.
929 3266 1280 3337 Τετραγὼνου
1306 3282 1365 3318 τε
1387 3265 1494 3336 γάρ
1522 3266 1616 3318 καὶ
1646 3265 1896 3319 ἰσοπλεύ-

321 3371 413 3424 ρου
474 3355 725 3424 πανταχῆ
771 3353 864 3407 τοῦ
917 3354 1300 3426 θυσιαστηρίου
1346 3354 1704 3424 τυγχάνοντος
1735 3395 1749 3420 ,
1807 3355 1894 3426 ἴση

321 3445 661 3515 πανταχόθεν
717 3445 824 3499 τῶν
887 3445 1194 3516 κεράτωνή
1234 3445 1370 3498 θέαο
1402 3446 1496 3498 καὶ
1542 3445 1625 3509 τίς
1685 3447 1713 3500 6
1746 3445 1896 3499 τοῦδε

321 3535 507 3604 λόγος;
538 3537 595 3590 ἐν
626 3537 788 3590 παντὶ
810 3535 919 3606 γάρ
947 3536 1096 3606 τόπῳ
1128 3537 1361 3607 Χριστὸς
1384 3537 1750 3606 ογινώσκεται,
1806 3538 1899 3590 καὶ

323 3624 478 3690 οὗτος
523 3628 961 3699 ἐσταυρωμένος·
1019 3626 1244 3699 αὔχημα
1321 3628 1380 3682 δὲ
1447 3628 1605 3682 τοῦτο
1648 3629 1898 3700 λαμπρὸν

323 3723 433 3782 τοῖς
463 3717 811 3771 πιστεύουσιν
855 3719 933 3782 εἰς
966 3717 1154 3772 αὐτόν.
1210 3718 1320 3771 Καὶ
1365 3719 1498 3788 γοῦν
1537 3721 1566 3772 6
1617 3718 1900 3782 θεσπέσιος

325 3794 562 3870 Παῦλος,
599 3825 618 3856 ‹
659 3807 814 3876 Ἐμοὶ
833 3805 890 3858 δὲ
921 3805 996 3876 μὴ
1020 3805 1228 3874 γένοιτο
1259 3806 1584 3876 καυχᾶσθαι,
1629 3808 1678 3859 εί
1715 3806 1790 3878 μὴ
1842 3809 1900 3860 ἐν

326 3897 403 3968 τῷ
442 3897 660 3968 σταυρῷ
685 3897 778 3950 τοῦ
804 3897 1064 3968 Χριστοῦ,
1099 3897 1166 3950 δι’
1222 3891 1282 3952 οῦ
1312 3897 1436 3966 ἐμοὶ
1464 3897 1665 3968 κόσμος
1707 3898 1902 3951 ἐσταύ-

335 4004 526 4058 ρωται,
555 3987 717 4056 κάγὼ
749 3987 826 4058 τῷ
850 3987 1060 4059 κόσμῳ.
1091 4007 1109 4040 ι
1151 3988 1478 4060 Πρόσκειται
1505 3990 1563 4044 δὲ
1592 3989 1672 4061 τῷ
1710 3991 1904 4061 τεχνή-

335 4097 480 4149 ματι,
516 4080 586 4133 τά
621 4079 876 4133 τελοῦντα
906 4079 1044 4151 πρὸς
1082 4081 1306 4152 κόσμον,
1352 4081 1590 4153 στεφάνη
1637 4083 1900 4154 στρεπτὴ·

334 4171 425 4222 καὶ
469 4170 578 4240 γάρ
613 4172 756 4222 ἐστιν
781 4170 996 4242 άληθῶς
1035 4188 1054 4221 ι
1091 4172 1304 4242 Ὠραῐος
1338 4173 1522 4227 κάλλει
1568 4173 1720 4244 παρὰ
1775 4175 1903 4236 τοὺς

335 4257 481 4319 υἱοὺς
511 4255 618 4309 τῶν
651 4256 952 4327 ἀνθρώπων
981 4277 1000 4310 ι
1037 4261 1065 4312 6
1103 4260 1473 4332 Ἐμμανουήλ.
1516 4263 1904 4334 Ἐπενήνεκται

1995 3279 2288 3349 quominus
2309 3286 2455 3332 recte
2493 3277 2847 3346 intelligatur.
2880 3275 3035 3339 Nam,
3059 3291 3183 3329 cum
3223 3277 3395 3331 altare
3434 3293 3571 3345 qua-

1997 3371 2214 3425 dratum
2247 3369 2338 3433 sit,
2373 3377 2430 3423 et
2462 3367 2764 3437 aequalibus
2808 3367 3052 3435 undique
3088 3367 3374 3430 lateribus,
3409 3379 3573 3437 atquc

1997 3477 2065 3516 ex
2100 3460 2248 3515 omni
2283 3469 2437 3530 parte
2457 3475 2661 3514 cornua
2688 3459 3100 3529 conspiciantur
3122 3475 3135 3524 ;
3157 3459 3259 3512 hoc
3284 3470 3415 3512 vero
3439 3460 3573 3529 quid

2000 3552 2302 3624 signiﬁcat?
2352 3553 2514 3623 306
2545 3567 2740 3621 nempe
2804 3552 2860 3605 in
2920 3551 3068 3604 omni
3128 3550 3248 3605 loco
3292 3551 3574 3606 Christum

2001 3645 2242 3716 agnosci,
2276 3659 2512 3714 cumque
2537 3644 2856 3698 cruciﬁxum
2883 3661 2894 3696 :
2923 3644 2974 3697 id
3004 3651 3187 3697 autem
3217 3643 3270 3697 in
3295 3660 3420 3698 eum
3454 3660 3573 3698 cre-

2000 3734 2260 3789 dentibus
2295 3735 2524 3790 illustris
2553 3742 2636 3789 est
2662 3735 2936 3806 gloriatio.
2970 3735 3158 3804 Itaque
3197 3735 3390 3790 beatus
3432 3737 3574 3791 Pau-

2001 3826 2130 3879 lus:
2173 3845 2191 3877 ι
2236 3825 2365 3879 Mihi
2417 3834 2620 3892 autem,
2654 3844 2672 3876 ›
2698 3827 2894 3896 inquit,
2955 3846 2971 3876 ι
3005 3826 3146 3880 absit
3183 3827 3427 3898 gloriari,
3468 3828 3574 3882 nisi

2003 3915 2062 3969 in
2093 3932 2256 3970 cruce
2285 3915 2511 3981 Christi,
2555 3931 2654 3986 per
2677 3932 2838 3985 quem
2861 3917 2994 3970 mihi
3024 3917 3261 3970 mundus
3285 3916 3579 3972 crucifixus

2005 4013 2108 4070 est,
2167 4015 2223 4060 et
2275 4022 2376 4076 ego
2399 4008 2604 4061 mundo
2639 4007 2704 4058 ⁸³.
2748 4025 2766 4058 ι
2800 4008 3067 4078 Adjuncta
3117 4017 3244 4063 sunt
3313 4018 3578 4078 praeterea

2006 4095 2136 4149 huic
2158 4097 2310 4165 operi
2361 4113 2482 4166 quae
2526 4097 2594 4152 ad
2644 4105 2895 4151 ornatum
2926 4099 3224 4166 pertinent,
3247 4116 3444 4170 nempe
3482 4116 3577 4154 co-

2007 4203 2139 4240 rona
2166 4187 2386 4253 tortilis;
2423 4195 2506 4242 est
2528 4189 2674 4243 enim
2700 4204 2830 4244 sane
2873 4189 3188 4245 Emmanuel
3238 4212 3255 4242 ‹
3287 4193 3580 4262 Speciosus

2009 4279 2182 4333 forma
2229 4294 2339 4349 prae
2370 4278 2494 4332 ﬁliis
2519 4279 2803 4333 hominum
2831 4281 2893 4334 “.
2937 4302 2956 4332 ι
2990 4282 3187 4338 Addita
3235 4295 3363 4340 sunt
3391 4285 3578 4349 etiam,

335 4348 391 4400 δὲ
443 4348 544 4401 καὶ
580 4348 650 4401 τὰ
693 4350 774 4412 είς
812 4350 1000 4421 χρείαν
1049 4351 1218 4421 αύτῷ,
1268 4355 1316 4406 οἱ
1369 4354 1658 4426 ἀναφορείς
1709 4373 1769 4408 τε
1812 4357 1896 4409 ml

2008 4383 2128 4439 quae
2155 4369 2221 4425 ad
2250 4371 2369 4439 ejus
2397 4385 2554 4424 usum
2591 4371 2963 4440 pertinerent,
3008 4383 3209 4438 vectes,
3254 4375 3496 4445 inquam,
3525 4389 3581 4432 et

335 4438 402 4490 τὰ
443 4438 626 4539 λοιπά.
665 4440 929 4511 Φέρεσθαι
964 4442 1072 4512 γὰρ
1104 4445 1162 4496 ἐν
1212 4445 1398 4514 κόσμῳ
1449 4446 1592 4500 κατὰ
1625 4447 1751 4511 τοὺς
1800 4448 1896 4500 τῶι

2011 4463 2219 4532 reliqua
2248 4464 2632 4517 instrumenta.
2663 4464 2795 4518 Nam
2818 4465 3062 4519 divinum
3096 4467 3229 4521 illud
3262 4469 3450 4533 altare,
3473 4486 3582 4539 quo

337 4525 676 4592 ὰναζεύξεων
723 4530 948 4600 καιροὺς
1015 4529 1078 4582 τὸ
1149 4530 1289 4585 θεῖον
1351 4532 1458 4585 ἔδει
1507 4532 1907 4605 θυσιαστήριον.

343 4617 552 4688 Ἔδρων
586 4617 641 4670 δὲ
670 4620 828 4672 τοῦτο
855 4621 948 4672 καὶ
977 4622 1026 4673 οἱ
1075 4613 1350 4676 θεσπέσιοι
1381 4623 1645 4694 μαθηταὶ,
1678 4625 1911 4695 Χριστὸν

342 4709 730 4779 περιφέροντες
781 4711 868 4764 διὰ
912 4712 1005 4765 τοῦ
1054 4713 1408 4784 κηρύγματος
1460 4717 1810 4787 εὐσχημόνως
1853 4734 1912 4768 τε

341 4800 433 4853 καὶ
489 4801 635 4854 κατὰ
683 4801 855 4868 τάξιν,
903 4804 978 4868 ὠς
1033 4805 1169 4857 Θεοῦ
1207 4806 1442 4859 διάκονοι
1498 4806 1590 4858 καὶ
1645 4807 1914 4875 οἰκονόμοι

347 4893 658 4961 μυστηρῖων
685 4893 940 4960 Χριστοῦ.
976 4912 992 4943 ι
1025 4895 1218 4964 Θήσεις
1247 4895 1324 4959 δὲ,
1349 4915 1366 4947 ι
1394 4896 1546 4966 φησι,
1583 4914 1601 4946 ι
1636 4896 1698 4948 τὸ
1727 4897 1912 4949 θυσια-

345 4985 564 5053 στήριον
598 4983 857 5037 ἀπέναντι
880 4984 974 5037 τοῦ
999 4987 1481 5057 καταπετάσματος
1507 4986 1596 5040 τοῦ
1637 4987 1786 5049 ὄντος
1823 4988 1914 5039 ἐπὶ

342 5075 438 5145 τῆς
486 5075 720 5128 κιϐωτοῦ
763 5076 873 5129 τῶν
927 5079 1241 5150 μαρτυρίων
1303 5082 1360 5132 ἐν
1406 5075 1487 5146 οἷς
1531 5081 1915 5152 γνωσθήσομαί

345 5181 424 5218 σοι
447 5167 677 5222 ἐκεῖθεν.
721 5186 740 5218 ι

412 5257 624 5312 ΠΑΛΛ.
669 5255 804 5314 Εἶτα
844 5260 898 5313 τί
929 5261 989 5314 τὸ
1021 5261 1312 5330 ἀναγκαῖον
1348 5261 1442 5314 καὶ
1479 5260 1669 5333 χώρων
1707 5262 1887 5318 αὐτῶν
1953 5235 1962 5244 ὁ

346 5336 516 5413 οἶμαι,
554 5345 666 5399 τῶν
700 5348 1046 5420 τεταγμένων
1066 5367 1079 5416 ;

415 5435 580 5492 ΚΥΡ.
623 5437 711 5501 Ὠς
738 5438 903 5510 βαθὺς
933 5442 1031 5511 μὲν
1057 5443 1086 5494 6
1111 5441 1288 5511 λόγος,
1322 5443 1414 5497 καὶ
1434 5443 1694 5517 ῐάμυδρὸς
1730 5447 1870 5515 ἄγαν
1900 5465 1921 5480 ‘-

346 5526 454 5598 ιρῶ
478 5529 536 5582 δὲ
563 5529 638 5594 ὡς
662 5531 763 5599 ἐνι,
796 5533 914 5604 Θεῷ
937 5534 1161 5599 πίσυνος
1192 5535 1269 5607 τῷ
1300 5538 1394 5591 καὶ
1435 5539 1634 5603 αὐτοὺς
1665 5540 1917 5609 σοφοῦντι

2009 4560 2253 4620 tempore
2277 4549 2732 4620 proﬁciscendum
2761 4560 2900 4613 erat,
2932 4553 3188 4608 decenter
3214 4555 3343 4608 ferri
3367 4564 3585 4624 oporte-

2009 4644 2119 4697 bat.
2156 4644 2213 4697 ld
2245 4660 2376 4698 vero
2409 4644 2681 4699 faciebant
2709 4645 2854 4698 beati
2889 4646 2964 4700 illi
2997 4646 3270 4716 discipuli,
3295 4664 3418 4702 eum
3445 4664 3581 4718 przr-

2011 4733 2247 4787 dieando
2282 4734 2560 4788 Christum
2597 4735 3098 4792 circumferebant:
3129 4739 3356 4793 honeste
3400 4749 3582 4792 autem

2011 4833 2067 4876 ct
2088 4823 2360 4888 ordinate,
2392 4826 2561 4879 utDei
2583 4827 2843 4892 ministri,
2867 4838 2923 4883 et
2951 4829 3356 4899 dispensatores
3381 4843 3585 4903 myste-

2020 4915 2228 4967 riorum
2264 4915 2466 4970 Christi
2493 4918 2560 4970 ⁸⁵.
2623 4937 2640 4966 ι
2672 4919 2848 4973 Pones
2889 4931 3070 4975 autem
3102 4922 3294 4986 altare,
3328 4942 3345 4973 ι
3386 4923 3584 4992 inquit.

2027 5013 2241 5058 «contra
2255 5006 2433 5060 velum
2460 5008 2706 5077 quodest
2729 5026 2892 5080 super
2917 5028 3095 5067 arcam
3125 5014 3585 5078 testimoniorum,

2018 5093 2074 5146 in
2105 5096 2308 5165 quibus
2335 5112 2634 5168 cognosear
2667 5110 2772 5155 ate
2809 5101 2936 5157 inde
2959 5104 3024 5157 “.
3063 5124 3081 5156 ι

2094 5273 2288 5327 PALL.
2316 5273 2422 5329 Sed
2447 5277 2580 5346 quid
2605 5278 2822 5336 tandem
2861 5297 3000 5353 opus
3029 5285 3132 5342 fuit
3154 5288 3287 5344 locis
3316 5300 3468 5345 certa
3504 5305 3588 5342 ra-

2021 5365 2168 5419 tione
2203 5365 2484 5421 deﬁnitis?

2087 5453 2244 5509 CYR.
2273 5455 2428 5512 Latet
2455 5460 2676 5528 quidem
2720 5463 2775 5518 in
2805 5465 3100 5534 profundo,
3145 5479 3201 5524 et
3246 5470 3478 5524 obscura
3508 5472 3593 5526 ni-

2019 5545 2126 5599 mis
2149 5553 2233 5598 est
2261 5545 2424 5618 hujus
2458 5550 2538 5603 rei
2571 5551 2710 5606 ratio
2744 5571 2756 5605 :
2793 5553 2971 5607 dicam
3011 5563 3212 5622 tamen,
3242 5558 3354 5614 Deo
3394 5558 3589 5624 fretus,

395 5679 440 5713 “
483 5683 660 5742 Exod.
680 5703 806 5754 nx,
843 5687 992 5745 7-10.
1037 5691 1263 5749 “Joan.
1293 5711 1330 5758 ι,
1363 5696 1448 5750 14.
1523 5696 1766 5753 “Calat.
1810 5717 1882 5764 vr,

1995 5750 1996 5753 η
2072 5702 2114 5732 ⁸⁸
2141 5702 2280 5756 Psal.
2307 5720 2448 5772 κων,
2472 5706 2524 5760 5.
2602 5707 2692 5764 ⁸⁸1
2723 5709 2847 5766 Cor.
2880 5728 2952 5781 IV,
2979 5714 3030 5772 I.
3105 5715 3152 5746 “
3181 5716 3353 5773 Exod.
3386 5735 3512 5785 xxx,
3537 5717 3591 5773 6.

583 5804 859 5869 ΡΑτιιοῐ..
904 5810 1017 5870 Gn.
1062 5815 1312 5872 LXVIII.

3163 5835 3237 5897 20
