3996 6212
435 315 537 369 (H9

1458 306 1514 361 S.
1547 304 1821 361 CYRILLI
1862 300 2327 357 ALEXANDRINI
2360 298 2677 355 ARCHIEP.

3576 290 3670 346 (ἲΞο

435 427 528 495 qui
552 423 686 495 ipsis
710 437 925 493 quoque
949 419 1105 475 caecis
1121 417 1442 487 sapientiam
1469 417 1678 471 tribuit.
1717 417 1910 470 Arcam
1933 430 1999 468 ex

2114 412 2224 471 τοὺς
2269 409 2520 478 τυφλούς.
2556 406 2801 460 Κιϐωτὸν
2829 403 3075 472 γενέσθαι
3106 405 3168 456 ὲκ
3208 401 3379 466 ξύλων
3424 400 3675 471 ἀσήπτων

435 516 598 587 lignis
623 510 1073 584 imputribilibus,
1097 519 1152 563 et
1165 524 1301 563 auro
1325 507 1529 563 mundo
1550 508 1747 562 factam
1772 521 1893 561 esse
1905 505 2002 558 ait:

441 608 495 660 in
519 620 622 676 qua
643 604 726 658 lex
743 610 883 667 erat,
915 598 969 655 id
997 609 1102 664 est,
1130 597 1354 654 divinus
1375 613 1577 663 sermo,
1617 613 1713 652 seu
1758 596 2005 652 testimo-

441 698 551 751 nia.
578 694 778 764 Figura
800 687 1005 762 quippe
1027 706 1092 745 ea
1116 706 1205 745 res
1226 699 1345 744 erat
1374 690 1541 745 Verbi
1564 705 1631 744 ex
1668 690 1779 744 Deo
1815 687 2005 758 geniti,

434 785 579 858 quod
625 783 894 839 habitavit
930 783 986 836 in
1020 779 1200 846 nobis,
1233 790 1289 834 et
1320 781 1376 834 in
1420 780 1605 834 carnis
1646 778 2007 834 similitudine

432 879 636 932 factum
670 886 773 939 est,
804 883 863 928 ut
905 872 1203 944 Scripturae
1239 880 1533 927 testantur.
1582 873 1790 927 Deinde
1826 874 2006 927 velum

434 965 706 1037 quoddam
733 964 789 1019 in
816 972 1052 1034 quatuor
1076 961 1347 1017 columnis
1382 978 1681 1032 expansum
1716 979 1881 1033 supra
1916 978 2006 1017 ar-

434 1072 551 1113 eam
574 1055 815 1127 pendere
831 1056 1015 1125 jussit,
1046 1055 1211 1125 idque
1236 1056 1417 1110 velum
1442 1056 1885 1126 prepitiatorium
1909 1071 1998 1125 ap-

434 1147 759 1219 pellabatur.
781 1144 935 1211 Quod
961 1146 1129 1200 etiam
1168 1146 1446 1201 Christum
1471 1147 1777 1216 signiﬁcat:
1818 1166 1835 1198 ‹
1871 1146 2008 1201 Nam

436 1239 551 1310 ipse
574 1246 656 1294 est
676 1238 971 1308 propitatio
995 1253 1095 1307 pro
1126 1238 1363 1308 peccatis
1388 1238 1592 1292 nostris
1619 1237 1661 1268 ⁵⁷
1691 1278 1705 1303 ,
1730 1245 1786 1291 et
1820 1237 2008 1307 propi-

436 1330 713 1386 tiatorium
739 1346 836 1400 per
862 1326 1024 1384 ﬁdem
1056 1348 1068 1382 :
1103 1350 1119 1380 ι
1150 1329 1230 1384 sic
1264 1328 1408 1385 enim
1426 1328 1576 1384 illum
1601 1328 1802 1384 Paulus
1824 1329 2010 1399 appel-

435 1420 570 1475 lavit
592 1419 657 1473 t‘.
686 1419 909 1488 Depicta
939 1432 1106 1487 porro
1134 1426 1285 1471 erant
1309 1460 1322 1482 ,
1348 1434 1410 1472 ac
1444 1417 1614 1471 veluti
1639 1418 1844 1472 circum
1883 1431 2010 1487 pro-

436 1509 771 1580 pitiatorium
815 1506 1133 1571 Cherubim,
1170 1522 1290 1576 quae
1326 1522 1704 1577 supremarum
1740 1506 2008 1561 virtutum

437 1600 779 1663 servitutem,
833 1614 995 1668 quam
1046 1598 1157 1652 Deo
1193 1599 1457 1653 exhibent
1504 1599 1671 1670 (Deus
1721 1598 1869 1653 enim
1923 1605 2009 1654 est

436 1688 700 1761 Verbum)
735 1690 841 1743 hoc
875 1688 1013 1759 ipso,
1043 1687 1192 1758 quod
1230 1704 1398 1759 prope
1438 1697 1586 1753 sunt,
1632 1696 1795 1758 atque
1839 1689 2006 1743 etiam

2108 501 2201 553 καὶ
2231 501 2451 572 χρυσίου
2486 496 2747 568 καθαροῦ,
2786 495 2941 565 φησὶ,
2974 494 3067 548 καὶ
3106 488 3172 562 ἦν
3194 494 3222 544 6
3252 491 3414 561 νόμος
3437 491 3495 543 ὲν
3521 490 3676 560 αὑτῇ,

2107 592 2401 652 τουτέστιν,
2441 591 2469 641 6
2504 588 2645 651 θεῖος
2679 586 2857 653 λόγος,
2892 585 3009 656 ἤτοι
3042 583 3110 636 τὰ
3164 580 3463 653 μαρτύρια.
3499 580 3679 644 Τὺπος

2107 682 2217 753 γὰρ
2261 676 2330 752 ἦν
2361 680 2421 733 τὸ
2459 682 2666 751 χρῆμα,
2705 676 2800 729 τοῦ
2845 678 2909 729 ὲκ
2937 674 3070 728 Θεοῦ
3103 674 3298 743 φύντος
3334 671 3528 739 Λόγου,
3551 687 3680 725 κατ-

2106 775 2425 843 οικήσαντος
2464 773 2522 824 ὲν
2566 772 2718 841 ἡμῖν,
2772 769 2866 821 καὶ
2909 767 3111 839 σαρκὸς
3152 768 3210 820 ὲν
3238 765 3544 836 ὁμοιώματι
3589 781 3677 833 γε·

2108 864 2343 932 γονὸτος,
2382 862 2521 915 κατὰ
2574 862 2673 925 τὰς
2706 861 2949 931 Γραφάς.
2983 855 3129 912 ιΕἷτα
3182 856 3577 927 καταπέτασμα
3626 873 3680 910 τι

2108 951 2373 1020 τέσσαρσι
2433 948 2646 1013 στύλοις
2700 947 3228 1017 ὲπιτετανυσμὲνον,
3283 945 3680 1015 ἀπαιωρείσθαι

2107 1045 2173 1113 τῇ
2202 1040 2418 1111 κιϐωτῷ
2454 1041 2561 1094 δεῖν
2603 1040 2729 1110 ἔφη.
2761 1041 2971 1109 ὐνομα
3009 1037 3065 1091 δὲ
3098 1036 3176 1107 τῷ
3207 1035 3677 1105 καταπετάσματι,

2106 1134 2167 1187 τὸ
2199 1133 2522 1204 ἱλαστήριον.
2548 1129 2778 1202 Χριστὸς
2808 1130 2866 1183 δὲ
2899 1127 3170 1183 καὶτοῦτο
3189 1142 3201 1156 ·
3250 1144 3269 1177 ι
3299 1125 3545 1195 Ἱλασμδς
3574 1127 3681 1195 γάρ

2110 1226 2256 1277 ἐστιν
2284 1224 2422 1295 ὑπὲρ
2450 1223 2556 1277 τῶν
2594 1223 2874 1296 ἁμαρτιῶν
2918 1222 3094 1293 ἡμῶν,
3128 1220 3219 1273 καὶ
3248 1218 3557 1289 ἱλαστήριον
3595 1218 3680 1270 διὰ

2107 1316 2361 1377 πίστεως.
2389 1334 2406 1366 ι
2454 1314 2710 1383 Ὠνόμαζε
2739 1313 2849 1385 γὰρ
2880 1312 3053 1375 οῦτως
3079 1313 3108 1364 6
3136 1310 3344 1373 Παῦλος
3372 1309 3531 1363 αὑτόν
3549 1326 3562 1338 °
3589 1326 3679 1378 γε-

2109 1405 2355 1477 γράςςατο
2382 1404 2438 1457 δὲ
2459 1403 2551 1457 καὶ
2571 1403 2732 1457 οἱονεί
2763 1421 2877 1466 πως
2898 1405 2954 1455 ὲν
2973 1401 3152 1472 κύκλῳ
3175 1400 3268 1454 τοῦ
3292 1399 3598 1470 ίλαστηρίου
3613 1398 3681 1451 τὰ

2109 1501 2409 1571 Χερουϐὶμ,
2437 1501 2546 1553 τῶν
2574 1500 2833 1554 ἀνωτάτω
2866 1498 3147 1568 δυνάμεων
3172 1497 3270 1566 τὴν
3297 1496 3401 1549 ὑπὸ
3427 1493 3546 1564 Θεῷ
3572 1493 3681 1546 ὅου·

2107 1592 2255 1645 λείαν
2279 1608 2292 1622 ·
2324 1592 2453 1655 Θεὸς
2486 1592 2595 1662 γὰρ
2624 1594 2651 1644 6
2670 1590 2840 1658 Λόγος
2858 1605 2871 1618 ·
2904 1590 2996 1642 καὶ
3024 1588 3083 1642 τὸ
3109 1588 3279 1658 ἀγχοῦ
3307 1587 3371 1659 δὴ
3399 1586 3564 1656 μάλα,
3586 1584 3680 1638 καὶ

2112 1684 2217 1754 μὴν
2238 1682 2409 1736 καὶτὸ
2437 1684 2767 1751 παρεστάναι
2790 1679 3193 1751 λειτουργικῶς,
3228 1674 3287 1732 εὖ
3322 1676 3676 1748 μάλασημαί-

436 1781 583 1854 quod
614 1780 680 1836 ad
722 1779 1149 1834 ministrantium
1189 1781 1426 1849 speciem
1472 1780 1760 1844 assistunt,
1804 1779 2007 1850 optime

2114 1789 2284 1827 νοντα.
2308 1767 2441 1823 Εἶτα
2459 1770 2589 1832 Θεὸς
2614 1769 2715 1839 ἔφη
2738 1769 2871 1840 πρὸς
2890 1767 3144 1822 Μωσέαοι
3167 1767 3274 1820 Καὶ
3298 1764 3678 1835 γνωσθήσομαι

437 1871 764 1943 signiﬁcant.
812 1869 951 1925 Tum
984 1869 1121 1924 dixit
1151 1870 1318 1940 Moysi
1362 1887 1375 1923 :
1423 1889 1439 1920 ι
1472 1871 1537 1924 Ει
1560 1886 1856 1942 cognosear
1882 1886 1914 1924 a
1954 1878 2006 1925 te

438 1964 588 2029 inde,
611 1969 669 2021 et
698 1962 893 2032 loquar
919 1969 1100 2017 tecum
1137 1959 1373 2031 desuper
1398 1963 1839 2032 propitiatorium
1864 1964 2010 2020 inter

437 2054 547 2109 duo
567 2051 888 2118 Cherubim,
915 2066 1036 2123 quze
1051 2057 1180 2105 sunt
1204 2067 1366 2121 supra
1380 2067 1561 2107 arcam
1581 2053 1878 2108 testimonii
1893 2054 1956 2107 “.
1982 2073 2001 2105 ›

437 2144 578 2200 Area
605 2142 847 2215 quidem,
902 2149 962 2196 ut
1006 2141 1140 2206 dixi,
1184 2141 1436 2196 Christus
1468 2150 1605 2208 erat,
1652 2151 1913 2214 tanquam
1953 2144 2009 2198 in

438 2233 842 2305 ineorruptibili
866 2248 1092 2303 corpore
1127 2234 1271 2288 Deus
1286 2232 1555 2301 Verbum;
1582 2234 1678 2289 sed
1700 2242 1880 2290 tamen
1941 2234 1999 2289 in

440 2335 585 2380 terra
611 2325 713 2385 sita
740 2331 824 2379 est
848 2339 995 2389 arca,
1029 2323 1096 2378 ad
1120 2332 1363 2379 nostram
1412 2325 1559 2378 enim
1589 2326 2011 2380 submissionem

438 2424 495 2470 et
516 2415 880 2469 humilitatem
909 2414 1191 2469 descendit
1217 2415 1306 2469 ille
1332 2414 1653 2486 Unigenitus
1684 2434 1695 2468 :
1728 2432 1853 2470 nam
1891 2432 2009 2471 ser-

438 2504 603 2559 vilem
641 2503 874 2559 formam
908 2503 1099 2569 subiit,
1126 2511 1181 2557 et
1215 2504 1567 2575 semetipsum
1617 2507 1915 2561 exinanivit
1942 2508 2007 2562 ⁸⁰.

438 2593 599 2665 307
630 2592 751 2662 Ipse
788 2600 874 2646 est
904 2598 1169 2661 prmterea
1204 2592 1643 2661 propitiatorium
1694 2592 1751 2648 in
1792 2593 2013 2648 sublimi

439 2685 701 2755 positum,
719 2692 774 2739 et
790 2698 819 2737 a
837 2698 897 2736 su
907 2683 1091 2752 pernis
1102 2682 1410 2738 Virtutibus
1429 2684 1875 2755 circumseptum.
1892 2686 2013 2740 No‘n

439 2776 587 2830 enim
610 2790 641 2830 e
668 2775 785 2829 solo
810 2773 970 2828 nobis
995 2772 1259 2829 duntaxat
1277 2775 2015 2834 exinanitionismodonotus

440 2872 524 2921 est
539 2863 732 2928 Filius,
764 2861 860 2916 sed
897 2861 1062 2915 etiam
1093 2877 1160 2916 ex
1183 2877 1250 2917 eo
1279 2865 1424 2932 quod
1462 2866 1607 2922 Deus
1638 2874 1741 2932 est,
1784 2874 1841 2922 et
1887 2867 2014 2922 uni-

442 2971 726 3013 versorum
747 2955 1011 3009 Dominus
1048 2971 1060 3007 :
1095 2954 1197 3009 etsi
1238 2955 1386 3008 enim
1428 2970 1496 3010 ex
1538 2955 1776 3011 humana
1817 2965 2014 3013 natura

442 3049 707 3119 seipsum
731 3045 1060 3111 humiliavit,
1110 3054 1273 3117 atque
1329 3046 1563 3117 sapienti
1614 3047 2012 3118 gubernatione

2110 1878 2191 1915 σοι
2232 1861 2457 1925 ἐκεῖθεν,
2488 1862 2580 1914 καὶ
2627 1860 2846 1931 λαλήσω
2886 1877 2965 1912 σοι
3000 1858 3202 1914 ἄνωθεν
3237 1857 3330 1911 τοῦ
3368 1856 3675 1927 ίλαστηρίου

2108 1952 2377 2023 ἀναμέσον
2411 1953 2517 2005 τῶν
2534 1951 2625 2004 δύο
2642 1950 2923 2023 Χερουϐὶμ
2944 1950 3049 2003 τῶν
3072 1950 3238 2004 ὅντων
3260 1949 3355 2002 ἐπὶ
3380 1948 3481 2017 τῆς
3509 1947 3678 2000 κιϐω-

2107 2043 2199 2095 τοῦ
2253 2041 2344 2095 τοῦ
2399 2042 2717 2114 μαρτυρίου.
2759 2061 2776 2092 ι
2814 2036 2921 2095 Ἦν
2979 2040 3057 2103 δὲ,
3093 2040 3172 2104 ὡς
3231 2040 3389 2109 ἔφην,
3431 2040 3464 2108 ἠ
3520 2037 3679 2090 κιϐω-

2109 2136 2199 2199 τδς
2229 2134 2257 2186 6
2286 2136 2543 2207 Χριστὸς,
2578 2134 2653 2197 ὼς
2688 2136 2745 2189 ὲν
2782 2132 3044 2204 ἀφθάρτῳ
3079 2131 3291 2202 σώματι
3331 2130 3461 2194 Θεὸς
3490 2129 3676 2198 Λόγος,

2110 2226 2247 2299 πλὴν
2287 2228 2366 2290 είς
2408 2226 2575 2298 γῆνή
2616 2224 2876 2288 κιϐωτός·
2920 2225 3108 2293 γέγονε
3151 2225 3206 2278 δὲ
3242 2224 3334 2276 καὶ
3381 2224 3439 2274 ὲν
3493 2221 3680 2290 ὑφέσει

2110 2317 2202 2370 καὶ
2253 2317 2310 2369 ὲν
2357 2315 2722 2388 χθαμαλότητι
2763 2317 2830 2386 τῇ
2887 2314 3008 2368 καθ’
3068 2315 3215 2384 ἡμᾶς
3256 2314 3285 2367 6
3351 2312 3678 2381 Μονογενής.

2111 2409 2341 2481 Μορψὴν
2368 2408 2477 2480 γὰρ
2518 2408 2691 2461 ὑπέδυ
2737 2406 2835 2479 τὴν
2863 2407 3233 2478 δουλοπρεπῆ,
3264 2405 3357 2459 καὶ
3380 2404 3681 2459 κεκένωκεν

2111 2500 2326 2555 ἑαυτόν.
2349 2500 2521 2564 Αὐτὸς
2553 2500 2609 2553 δὲ
2639 2499 2799 2553 πάλιν
2834 2500 2949 2553 ἐστὶ
3004 2498 3063 2552 τὸ
3091 2498 3414 2569 ἱλαστήριον,
3454 2495 3516 2548 τὸ
3547 2492 3681 2564 ὑψοῦ

2113 2590 2381 2664 κείμενον,
2432 2590 2525 2643 καὶ
2573 2590 2677 2643 ὑπὸ
2721 2588 2829 2642 τῶν
2872 2589 2983 2644 ἅνω
3026 2587 3317 2659 Δυνάμεων
3358 2585 3685 2658 δορυφοροὺο

2116 2699 2297 2753 μενον.
2340 2682 2415 2735 Οὑ
2456 2681 2564 2753 γὰρ
2609 2682 2673 2733 ὲκ
2712 2681 2887 2751 μόνων
2927 2682 3057 2751 ἡμῖν
3103 2678 3213 2732 τῶν
3253 2678 3354 2747 τῆς
3403 2677 3683 2741 κενώσεως

2110 2774 2325 2845 τρόπων
2363 2772 2631 2845 γνώριμος
2669 2774 2698 2826 6
2722 2772 2870 2838 Υἱὸς,
2902 2771 3040 2826 ἀλλὰ
3084 2772 3177 2826 καὶ
3210 2770 3270 2835 ἐξ
3299 2764 3373 2825 ὧν
3407 2772 3522 2824 ἐστι
3554 2769 3683 2833 Θεὸς

2113 2866 2206 2919 καί
2234 2864 2342 2918 τῶν
2370 2864 2505 2918 ὅλων
2525 2864 2748 2935 Κύριος.
2780 2865 2843 2917 Εἰ
2881 2864 2990 2936 γὰρ
3018 2864 3111 2917 καὶ
3138 2863 3534 2918 τεταπείνωκεν
3555 2863 3681 2915 tau-

2114 2957 2206 3011 τὸν
2235 2956 2323 3010 διὰ
2358 2956 2419 3009 τὸ
2448 2954 2810 3026 ἀνθρώπινον,
2841 2956 2897 3008 ὲν
2927 2957 3038 3018 τοῖς
3068 2953 3189 3008 καθ’
3218 2955 3365 3025 ἡμᾶς
3413 2954 3683 3021 οἰκονομι-

2116 3048 2223 3112 κῶς
2248 3046 2661 3119 καταϐεϐηκὼς,
2702 3046 2815 3100 ἀλλ’
2855 3066 2874 3099 ι
2919 3046 2977 3100 '0
3010 3046 3141 3111 Θεὸς
3172 3047 3330 3099 αὑτὸν
3360 3045 3681 3116 ὑπερύψωσε

449 3142 515 3195 ad
544 3116 782 3205 nostram
810 3137 1182 3193 conditionem
1203 3136 1507 3204 descendit,
1563 3116 1802 3193 attamen
1826 3158 1843 3190 ‹
1870 3140 2012 3195 Deus

2115 3135 2208 3188 καὶ
2241 3116 2529 3206 ἐχαρίσατο
2577 3133 2726 3206 αὑτῷ
2769 3135 2959 3206 ὄνομα,
2992 3135 3052 3189 τὸ
3088 3137 3228 3207 ὑπὲρ
3272 3137 3382 3189 πᾶν
3429 3136 3620 3205 ὄνομα.
3656 3154 3675 3185 ι

442 3230 597 3287 illum
633 3229 1078 3300 superexaltavit,
1114 3235 1169 3284 et
1192 3228 1343 3284 dedit
1383 3229 1461 3284 illi
1507 3245 1708 3284 nomen
1750 3230 1897 3300 quod
1934 3240 2018 3286 est

443 3336 610 3393 super
630 3336 792 3377 omne
819 3335 1018 3376 nomen
1049 3320 1114 3373 ⁹¹.
1148 3339 1166 3371 ι
1207 3319 1382 3390 Hujus
1444 3328 1627 3374 autem
1667 3321 1744 3375 rei
1776 3336 1887 3375 non
1917 3321 2016 3375 ab-

443 3412 611 3467 surde
650 3412 823 3484 ﬁgura
880 3420 984 3477 est,
1048 3411 1194 3480 quod
1228 3412 1284 3465 in
1345 3411 1581 3467 sublime
1636 3412 1874 3483 positum
1934 3420 2019 3466 est

444 3501 920 3572 propitiatorium,
959 3499 1256 3556 Cherubim
1308 3502 1375 3556 ad
1414 3504 1533 3574 ejus
1584 3503 1830 3558 dextram
1888 3503 2020 3558 sini-

443 3598 723 3659 stramque
766 3598 976 3659 partem
1009 3588 1241 3659 depictis
1278 3608 1290 3643 :
1328 3605 1476 3654 nam,
1520 3591 1613 3644 ubi
1649 3591 2017 3646 ministerium

443 3680 557 3734 Deo
599 3680 822 3752 proprie
858 3680 1193 3734 conveniens
1230 3679 1421 3735 adesse
1461 3682 1726 3747 cernitur,
1763 3683 1839 3737 ibi
1887 3700 2015 3754 pro-

446 3767 589 3823 fecto
621 3768 926 3822 divinitatis
955 3782 1174 3837 quoque
1199 3768 1370 3838 gloria
1409 3786 1635 3840 prorsus
1665 3773 1838 3840 adest,
1875 3782 1929 3830 et
1952 3791 2016 3832 ea

444 3845 725 3932 dignitatis
754 3860 1076 3915 excellentia
1136 3876 1257 3930 qua:
1274 3862 1576 3918 orationem
1612 3880 1829 3921 omnem
1859 3883 2020 3937 supe-

445 3960 548 4007 ret.
587 3970 606 4002 ‹
643 3952 887 4022 Desuper
915 3962 1097 4006 autem
1125 3951 1423 4007 Cherubim
1452 3969 1748 4026 cognoscar
1774 3972 1806 4012 a
1832 3964 1883 4012 te
1903 3959 1966 4025 ",
1993 3979 2010 4011 ι

448 4042 624 4113 inquit
640 4042 729 4098 ille
748 4042 1131 4097 universorum
1152 4042 1436 4110 Dominus,
1461 4045 1515 4099 in
1534 4059 1643 4115 quo
1665 4047 1809 4102 illam
1824 4047 2017 4104 inetia-

447 4133 614 4189 bilem
660 4144 915 4190 naturam
958 4149 1070 4189 non
1108 4134 1254 4189 inter
1310 4149 1590 4193 creaturas
1620 4141 1787 4210 quaeri
1821 4142 2014 4212 jussit;

447 4223 543 4279 sed
574 4223 715 4278 ultra
748 4224 804 4278 id
836 4239 997 4280 omne
1024 4241 1271 4295 prorsus,
1304 4228 1573 4298 quidquid
1593 4239 1652 4284 ut
1680 4232 2015 4287 sitvocatum

446 4319 551 4370 est.
577 4313 673 4370 Dei
706 4314 875 4379 enim,
922 4315 1018 4384 qui
1046 4323 1241 4370 natura
1270 4316 1415 4373 Deus
1443 4326 1548 4384 est,
1582 4321 1741 4386 ratio,
1778 4329 1834 4375 et
1865 4320 2019 4376 locus

446 4415 533 4462 est
558 4404 652 4461 ille
681 4404 1123 4472 decentissimus,
1154 4418 1373 4478 praeter,
1433 4426 1496 4465 ae
1525 4427 1689 4480 supra
1742 4412 1797 4466 id
1854 4428 2015 4467 omne

446 4514 589 4563 esse,
621 4497 767 4569 quod
797 4505 977 4553 ortum
1026 4508 1129 4554 est.
1180 4500 1351 4570 Igitur
1384 4500 1472 4554 ille
1525 4516 1687 4569 supra
1716 4501 2013 4557 Cherubim

446 4594 602 4647 locus
636 4591 698 4655 in
723 4590 819 4646 illo
849 4599 1038 4646 sancto
1070 4591 1420 4645 tabernaculo
1458 4593 1661 4647 nostris
1695 4593 1858 4648 etiam
1889 4610 2015 4649 sen-

446 4684 601 4740 sibus
624 4681 864 4739 divinam
892 4696 1061 4752 prope
1085 4689 1339 4736 naturam
1366 4683 1624 4748 ostendit,
1673 4685 1743 4738 ob
1786 4700 2015 4756 eamque

447 4787 668 4827 causam
691 4773 862 4827 altare
883 4770 1019 4825 illud
1046 4786 1293 4837 aureum,
1321 4773 1466 4842 quod
1495 4773 1550 4829 in
1576 4773 1801 4845 ﬁguram
1814 4775 2013 4831 Christi

449 4862 658 4916 factum
693 4861 896 4924 fuerat,
929 4874 960 4914 e
993 4860 1213 4930 regione
1258 4862 1377 4932 ejus
1409 4862 1664 4917 collocari
1692 4863 1873 4933 jussit,
1930 4864 2023 4934 qui

450 4969 614 5022 supra
646 4953 944 5009 Cherubim
980 4960 1036 5006 et
1064 4952 1261 5008 edebat
1299 4956 1539 5020 oracula,
1572 4962 1627 5009 et
1688 4955 2024 5027 intelligeba—

453 5053 542 5095 tur
576 5058 710 5112 :qua
731 5044 787 5097 in
809 5059 867 5098 re
884 5042 1168 5112 locusipse
1198 5043 1555 5114 signiﬁcabat,
1583 5045 1639 5100 in
1666 5045 1761 5100 Dei
1792 5046 2024 5115 quodam

453 5138 617 5190 modo
675 5146 1051 5207 conspectum,
1111 5147 1167 5192 et
1236 5146 1362 5193 ante
1388 5141 1575 5194 oculos
1620 5139 1797 5195 Patris
1835 5154 1935 5194 nos
1970 5140 2025 5193 in

448 5226 669 5281 Christo
716 5241 835 5281 esse
875 5225 1170 5296 perductos
1200 5246 1212 5280 :
1246 5228 1526 5283 hominem
1556 5227 1727 5293 enim,
1780 5243 1905 5284 cum
1960 5228 2016 5282 in

450 5317 738 5373 aversione
767 5324 932 5381 esset,
963 5332 1027 5371 ac
1051 5328 1277 5389 propter
1305 5318 1789 5388 transgressionem
1821 5334 2018 5389 pecea-

453 5424 744 5479 torumque
784 5407 1190 5464 multitudinem
1235 5409 1405 5463 Deum
1445 5408 1779 5473 oﬂ'endisset,
1831 5425 2020 5464 rursus

451 5498 510 5553 iu
536 5512 595 5552 se
626 5499 765 5568 ipso,
804 5513 870 5553 ac
909 5497 1087 5569 primo
1135 5496 1384 5553 Christus
1415 5498 1467 5551 in
1518 5505 1809 5567 conspectu
1846 5499 2021 5553 Patris

559 5675 600 5706 δ’
635 5674 761 5728 loan
833 5693 889 5741 ιι,
933 5677 984 5729 2.
1067 5679 1106 5707 ⁴⁸
1136 5679 1288 5731 noui.
1322 5696 1395 5743 tu,
1428 5680 1515 5734 9.5.

1594 5680 1633 5710 δ’
1668 5679 1835 5734 Exod.
1877 5696 1995 5743 xxv,
2021 5680 2107 5733 22.
2186 5682 2229 5711 '°
2257 5680 2490 5751 Phitipp.
2525 5697 2581 5745 ll,
2611 5681 2661 5735 7.

2117 3228 2298 3292 Τὺπος
2325 3228 2369 3281 δ’
2402 3226 2467 3282 ἂν
2512 3228 2595 3299 εἴη
2631 3229 2725 3283 καὶ
2763 3228 2936 3294 τοῦδε,
2971 3229 3033 3283 τὸ
3096 3227 3231 3298 ὑψοῦ
3292 3227 3563 3281 τεθεῖσθαι
3623 3227 3683 3280 τὸ

2119 3320 2431 3391 ἱλαστήριον
2477 3322 2555 3383 είς
2609 3319 2782 3385 δεξιὸν
2839 3321 2935 3374 καὶ
2997 3318 3274 3390 εὐώνυμον
3327 3320 3680 3390 ἀναγεγραμ-

2121 3413 2295 3478 μένων
2334 3413 2442 3466 τῶν
2487 3413 2793 3483 Χερουϐίμ.
2840 3411 3009 3466 Ἔνθα
3045 3412 3155 3483 γὰρ
3197 3412 3262 3467 ἂν
3312 3414 3346 3483 ἡ
3388 3410 3507 3480 θεῷ
3554 3410 3684 3481 πρέ-

2119 3523 2297 3561 πουσα
2374 3506 2520 3576 μόνῳ
2560 3506 2801 3574 φαίνοιτο
2847 3505 3174 3577 λειτουργία,
3215 3506 3331 3557 ἐκεῖ
3373 3504 3543 3575 δήπου
3597 3504 3682 3571 εῐη

2115 3597 2181 3652 ἂν
2216 3597 2429 3660 πάντως
2457 3596 2546 3650 καὶ
2592 3597 2624 3667 ὴ
2667 3596 2766 3666 τῆς
2803 3594 3054 3664 θεότητος
3086 3594 3234 3659 δόξα,
3267 3594 3361 3648 καὶ
3401 3592 3511 3646 τῶν
3544 3592 3685 3663 ὑπὲρ

2115 3687 2271 3757 λόγον
2299 3686 2621 3758 ἀξιωμάτων
2646 3688 2679 3757 ἡ
2713 3687 2976 3757 ὑπεροχή.
3018 3705 3037 3738 ι
3074 3684 3313 3738 Ἀνωθεν
3343 3684 3399 3737 δὲ
3434 3683 3546 3736 τῶν
3576 3682 3683 3735 Χε-

2118 3778 2337 3851 ρουϐὶμ,
2398 3776 2783 3847 γνωσθήσομαὶ
2824 3794 2945 3842 σοι,
2978 3795 2993 3828 ι
3030 3775 3211 3846 φησὶν,
3252 3779 3280 3828 ὁ
3327 3774 3543 3828 πάντων
3585 3778 3683 3826 As-

2118 3869 2341 3941 σπότης,
2379 3868 2476 3940 τὴν
2502 3868 2737 3939 ἄρρητον
2774 3865 2940 3936 φύσιν
2977 3865 3050 3937 μὴ
3095 3867 3153 3919 ὲν
3181 3860 3262 3928 οἷς
3298 3867 3332 3937 ή
3375 3863 3549 3927 κτίσις
3590 3862 3688 3935 ζη-

2114 3960 2321 4014 τεῖσθαι
2376 3960 2761 4032 προστάττων,
2836 3958 2950 4013 ἀλλ’
3005 3958 3258 4012 ἐπέκεινα
3311 3956 3527 4020 πάντως
3590 3955 3685 4009 τοῦ

2118 4049 2453 4121 κεκλημένου
2484 4050 2617 4122 πρὸς
2653 4048 2904 4122 ὓπαρξινο
2936 4047 3071 4100 Θεοῦ
3106 4048 3214 4119 γὰρ
3241 4047 3399 4117 φύσει
3441 4046 3596 4114 λόγος
3623 4059 3684 4097 τι

2116 4139 2209 4193 καὶ
2252 4140 2415 4203 τόπος
2455 4142 2483 4194 6
2516 4140 2991 4211 πρεπωδέστατος,
3039 4137 3099 4191 τὸ
3131 4139 3270 4209 πέρα
3315 4155 3375 4191 τε
3430 4139 3525 4192 καὶ
3574 4139 3686 4192 ἄνω

2118 4229 2314 4292 παντὸς
2335 4230 2581 4299 γενητοῦ.
2607 4229 2816 4283 Οὐκοῦν
2837 4230 2864 4281 6
2891 4230 3145 4301 ὑπεράνω
3168 4229 3273 4282 τῶν
3298 4229 3577 4299 Χερουϐὶμ
3602 4229 3688 4281 τό-

2117 4337 2238 4385 πος,
2270 4322 2362 4374 καὶ
2389 4320 2661 4389 αἰσθητῶς
2697 4323 2754 4375 ὲν
2786 4324 2852 4392 τῇ
2885 4322 3014 4392 ἁγίᾳ
3064 4324 3235 4392 σκηνῇ
3285 4322 3564 4391 μονονουχὶ
3588 4320 3685 4388 τὴν

2119 4412 2268 4466 θείαν
2305 4412 2434 4482 ἡμῖν
2474 4410 2763 4479 καταδηλοῖ
2818 4411 3008 4480 φύσιν·
3060 4412 3317 4482 ταὺτῃτοι
3348 4409 3409 4464 τὸ
3455 4407 3687 4477 χρυσοῦν

2121 4502 2501 4574 θυσιαστήριον
2527 4504 2605 4566 είς
2632 4501 2801 4554 τὺπον
2833 4501 3070 4573 Χριστοῦ
3097 4503 3338 4570 γεγονὸς,
3368 4499 3685 4555 ἀποκεῖσθαι

2121 4592 2488 4663 προστέτακεν
2518 4592 2778 4645 ἀπέναντι
2817 4591 2912 4644 τοῦ
2961 4592 3217 4662 ὑπεράνω
3253 4592 3363 4644 τῶν
3406 4588 3687 4662 Χερουϐὶμ

2121 4658 2546 4752 χρηματίζοντός
2579 4697 2639 4733 τε
2673 4681 2764 4734 καὶ
2817 4658 3108 4752 νοουμένου
3139 4681 3232 4734 τοῦ
3260 4681 3421 4736 οίονεί
3451 4658 3567 4743 πως
3609 4682 3688 4743 είς
3714 4658 3721 4685 ⁸

2121 4772 2241 4842 ὄψιν
2273 4770 2407 4825 Θεοῦ
2434 4774 2529 4826 καὶ
2568 4776 2625 4826 ὲν
2668 4774 2964 4843 ὀφθαλμοῖς
2991 4770 3084 4825 τοῦ
3134 4772 3344 4843 Πατρὺς
3378 4772 3435 4823 ὲν
3469 4771 3687 4841 Χριστῷ

2123 4863 2372 4932 γενέσθαι
2385 4862 2451 4915 τὰ
2467 4863 2586 4917 καθ’
2600 4866 2632 4935 ἡ
2642 4866 2746 4934 μᾶς
2773 4864 2929 4916 τοῦτό
2947 4881 3047 4916 που
3066 4863 3439 4934 σημαίνοντος.
3457 4861 3546 4914 Ἑν
3559 4862 3689 4914 ἁπο-

2127 4959 2328 5027 στροφῇ
2359 4956 2467 5028 γὰρ
2487 4955 2615 5010 ὅντα
2639 4958 2728 5010 τὸν
2756 4957 3061 5029 ἄνθρωπον,
3093 4958 3185 5011 καὶ
3215 4956 3690 5028 προσκεκρουκότα

2123 5048 2242 5118 Θεῷ
2270 5047 2358 5102 διὰ
2390 5048 2488 5120 τὴν
2510 5047 2818 5119 παράϐασιν
2834 5049 2927 5102 καὶ
2950 5047 3151 5120 πολλὴν
3184 5047 3475 5119 ἁμαρτίαν,
3495 5047 3690 5118 ἔστησε

2124 5137 2286 5190 πάλιν
2323 5138 2381 5190 ὲν
2422 5138 2698 5209 προσώπῳ
2751 5138 2844 5191 τοῦ
2888 5138 3099 5211 [ἰατρὸς
3148 5138 3222 5201 ὡς
3279 5139 3338 5191 ἐν
3372 5137 3550 5208 ἑαυτῷ
3599 5137 3692 5190 καὶ

2125 5226 2324 5300 πρώτῳ
2354 5228 2604 5299 Χριστός.
2638 5245 2657 5279 ι
2687 5229 2999 5300 Πρόδρομος
3023 5229 3132 5301 γὰρ
3157 5228 3299 5299 ὑπὲρ
3321 5230 3481 5300 ἡμῶν
3516 5228 3692 5283 είσϐἐ-

2127 5321 2292 5390 ϐηκεν
2332 5323 2411 5385 εἰς
2456 5322 2547 5376 τὸν
2577 5323 2821 5393 οὐρανὸν,
2846 5323 2940 5377 νῦν
2978 5322 3375 5394 ἐμφανισθῆναι
3411 5322 3491 5394 τῷ
3523 5338 3693 5393 προσ-

2123 5411 2257 5483 ώπῳ
2304 5412 2396 5466 τοῦ
2433 5412 2567 5466 Θεοῦ
2612 5414 2753 5485 ὑπὲρ
2785 5413 2961 5484 ἡμῶν,
2998 5432 3016 5465 ι
3070 5413 3214 5467 καθὰ
3244 5412 3445 5483 γράφει
3485 5410 3694 5475 Παῦλος

2127 5506 2257 5575 ἡμῖν
2290 5506 2317 5560 6
2350 5504 2529 5572 σοφός.
2581 5505 2639 5558 Ὀ
2684 5503 2792 5574 γὰρ
2822 5504 3081 5575 ὑπάρχων
3125 5505 3213 5559 ἀεὶ
3243 5504 3384 5575 μετὰ
3422 5502 3514 5557 τοῦ
3565 5502 3694 5557 ἰδίου

2760 5682 2803 5712 ⁸¹
2830 5680 2991 5735 lbid..
3027 5681 3079 5735 9.
3169 5682 3212 5712 ”
3243 5680 3393 5736 Exod
3442 5695 3563 5747 xxv,
3604 5673 3703 5771 9.3l
