3996 6212
319 358 416 426 rei

991 367 1080 423 ma
1121 364 1563 421 ADORATIUNE
1601 365 1669 421 11v
1709 362 1981 421 SPlRlTU
2021 351 2110 417 Er
2150 349 2521 417 VERI‘I‘ATE.
2558 356 2694 417 LIB.
2737 356 2830 418 ιχ.

3471 362 3578 423 62!

317 485 552 557 Πατρδς,
586 484 682 538 νῦν
736 480 1138 553 ἐμφανισθῆναι
1166 480 1382 547 λέγεται
1412 480 1487 542 ὠς
1518 481 1575 533 ἐν
1608 478 1786 550 ἑαυτῷ
1835 476 1897 546 γε

2002 476 2287 531 constituit
2322 493 2335 529 :
2373 494 2391 527 ι
2432 476 2746 531 Praecursor
2769 486 3003 544 namque
3033 489 3134 545 pro
3172 474 3332 531 nobis
3356 473 3417 530 in
3461 492 3579 535 cu?-

318 578 412 633 καὶ
434 574 635 647 πρώτῳ
661 571 982 644 παρατιθεὶς
1007 572 1064 623 ὲν
1088 569 1207 639 ὄψει
1229 570 1325 622 τοῦ
1349 569 1562 641 Πατρὺς
1588 570 1658 621 τά
1681 568 1893 636 ἀνθρώ-

318 679 469 732 πινα,
495 669 590 721 καὶ
614 667 712 737 τὴν
730 664 963 737 ἀρχαίαν
985 662 1196 733 ἐκείνην
1227 661 1577 732 ἀποστροφὴν
1601 658 1879 730 με’)ιστάς.

324 782 344 815 r
364 761 536 823 Αὐτὸς
556 759 666 829 γάρ
690 760 838 809 ἐστιν
865 757 895 827 ἡ
914 756 1104 826 είρήνη
1129 755 1309 824 ἡμῶν,
1324 773 1342 804 ι
1366 752 1507 807 κατὰ
1528 753 1627 815 τὰς
1643 751 1890 822 Γραφάς.

2001 569 2116 624 lum
2147 577 2231 623 est
2254 569 2555 638 ingressus,
2582 577 2644 622 ut
2672 581 2821 623 nunc
2850 575 3113 637 appareat
3140 567 3316 622 vultui
3353 569 3451 624 Dei
3475 585 3577 639 pro

2000 660 2179 725 nobis,
2193 679 2211 712 ι
2234 669 2295 715 ιιι
2321 659 2411 715 ille
2429 659 2647 729 sapiens
2668 660 2753 713 vlr
2765 660 2967 714 Paulus
2981 660 3244 731 scriptum
3275 663 3577 732 reliquit”.

1997 751 2155 816 Nam,
2189 752 2283 821 qui
2305 765 2521 820 semper
2534 757 2620 806 est
2641 767 2747 806 una
2775 765 2899 806 cum
2931 753 3114 815 Patre,
3144 768 3291 809 nunc
3313 769 3580 825 apparere

316 857 540 920 dicitur,
567 859 757 920 utpote
786 849 881 918 qui
918 848 975 902 in
1006 862 1064 902 se
1092 848 1229 916 ipso,
1251 856 1313 901 ac
1345 846 1525 916 primo
1562 845 1620 909 in
1663 851 1961 913 conspectu
1986 843 2165 897 Patris
2218 850 2474 897 naturam
2502 842 2798 899 humanam
2849 845 3154 911 collocarit,
3213 855 3268 900 et
3336 854 3578 902 veterem

314 950 466 1007 illam
490 945 832 1001 aversiouem
862 941 1206 997 revocaverit
1242 956 1299 993 ε(
1336 941 1454 1009 Ipse
1496 939 1642 993 enim
1681 946 1766 993 est
1796 952 1901 1008 pax
1938 946 2127 993 nostra
2161 936 2236 1003 “,
2276 958 2294 990 ι
2322 946 2386 993 ut
2428 937 2729 1009 Scriptura:
2769 941 3015 995 tradunt.

385 1037 598 1092 IIAAA.
646 1034 891 1104 Ἀραρεν
920 1027 1013 1085 οὖν
1047 1031 1128 1083 ὅτι
1174 1030 1417 1102 Χριστοῦ
1444 1029 1605 1084 πάλιν
1632 1026 1797 1083 είκὼν
1831 1028 1892 1081 τὸ

311 1127 700 1197 θυσιαστήριον
731 1125 789 1177 τὸ
811 1122 1064 1195 χρυσοῦν.

2067 1027 2264 1083 PALL.
2302 1029 2571 1084 Effectum
2611 1036 2694 1086 est
2725 1031 2910 1101 igitur,
2962 1034 3133 1089 altare
3168 1034 3302 1090 illud
3352 1050 3578 1094 aureum

1997 1128 2119 1175 esse
2148 1119 2354 1176 Christi
2382 1137 2575 1177 rursus
2608 1122 2921 1194 imaginem.

381 1220 551 1276 ΚΥΡ.
600 1217 710 1270 Καὶ
740 1215 876 1288 πρὸς
908 1231 972 1283 γε
1000 1213 1065 1283 δὴ
1112 1213 1287 1284 τούτῳ
1339 1213 1496 1267 νοοϊτ’
1549 1213 1615 1267 ἂν
1671 1212 1895 1276 εἰκότως

2069 1202 2226 1267 ΟῩΒ.
2290 1212 2493 1268 Adhaec
2546 1230 2656 1269 non
2710 1215 2948 1271 absurde
2977 1216 3123 1273 idem
3177 1220 3294 1291 ipse
3351 1223 3580 1295 intelligi

311 1313 477 1375 αὐτὸς
520 1313 549 1364 ὁ
604 1309 857 1377 θυμίαμα
893 1306 954 1360 τὸ
1015 1305 1268 1359 σύνθετον
1316 1305 1413 1358 καὶ
1461 1304 1675 1358 λεπτόν.
1722 1304 1895 1366 Αὐτὸς

2002 1313 2182 1374 potest
2211 1304 2345 1358 illud
2392 1320 2513 1360 esse
2543 1306 2837 1378 thymiama
2866 1310 3228 1378 cbmpositum
3287 1330 3351 1369 ac
3383 1311 3578 1382 tenue;
3604 1320 3605 1323 “

313 1405 424 1476 γάρ
456 1407 485 1457 ὁ
513 1400 820 1475 ἀρχιερεύςδ
853 1418 870 1450 ι
899 1390 1166 1468 Θυμιάσει
1188 1396 1347 1467 γάρρ
1373 1396 1555 1464 φησιν,
1578 1412 1596 1447 ι
1621 1395 1706 1448 ἐπ’
1729 1393 1893 1447 αὐτοῦ

2002 1396 2117 1464 ipse
2143 1397 2290 1450 enim
2321 1408 2404 1451 est
2432 1399 2690 1469 princeps
2716 1399 2807 1454 ille
2838 1401 3185 1456 sacerdotum
3221 1420 3234 1457 :
3274 1423 3290 1456 ι
3322 1405 3582 1463 lncendet

327 1493 537 1568 Ἀαρὼν
600 1493 853 1562 Θυμέαμα
895 1488 1180 1553 σύνθετον,
1230 1486 1450 1540 λεπτόψ
1499 1507 1518 1539 ι
1564 1486 1660 1541 καὶ
1708 1484 1895 1539 σύνθεο

2002 1485 2172 1550 enim,
2203 1505 2220 1536 ι
2249 1488 2448 1556 inquit,
2477 1507 2493 1538 ι
2518 1504 2682 1558 super
2697 1504 2764 1543 eo
2786 1489 2967 1545 Aaron
2987 1492 3281 1563 thymiama
3309 1497 3583 1566 compbsi-

315 1603 405 1640 τον
435 1586 536 1656 μὲν
557 1585 618 1637 τὸ
647 1580 927 1653 θυμίαμα·
981 1580 1113 1643 Θεὸς
1138 1580 1245 1651 γὰρ
1270 1578 1344 1632 ὢν
1380 1582 1409 1633 ὁ
1460 1580 1651 1649 Λόγος,
1705 1579 1897 1648 γέγονε

2003 1583 2139 1634 tum.
2161 1576 2411 1643 tenue";
2438 1597 2455 1628 ι
2478 1570 2641 1648 308
2651 1594 2713 1634 ac
2729 1581 3095 1650 compositum
3118 1584 3341 1652 quidem
3357 1593 3442 1642 est
3463 1588 3585 1658 thy-

318 1678 472 1749 σάρξ.
528 1677 638 1730 Καὶ
702 1672 1042 1727 συντέθειται
1093 1690 1209 1736 πως
1256 1674 1387 1744 ἡμῖν
1440 1674 1469 1725 ὁ
1532 1671 1896 1743 Ἑμμανουὴλ,

2002 1667 2232 1733 miama;
2259 1682 2410 1733 nam,
2435 1684 2559 1722 cum
2585 1670 2730 1724 Deus
2744 1679 2890 1725 esset
2919 1672 3183 1738 Verbum,
3213 1686 3342 1730 caro
3371 1676 3579 1733 factum

318 1769 469 1831 θείας
503 1766 720 1837 φύσεώς
746 1782 807 1817 τε
841 1765 937 1817 καὶ
971 1764 1387 1834 ἀνθρωπότητος
1423 1765 1503 1827 είς
1545 1765 1772 1835 ἑνότητα
1801 1765 1897 1834 τὴν

2002 1762 2103 1829 est,
2131 1771 2188 1818 et
2216 1761 2550 1830 compositus
2583 1770 2667 1816 est
2687 1761 2848 1816 nobis
2870 1764 3276 1833 quodammodo
3319 1768 3410 1824 ille
3454 1769 3583 1825 Em-

316 1862 457 1932 ὑπὲρ
509 1860 655 1923 νοῦν,
700 1858 1027 1930 ἀπορῤήτως
1089 1858 1508 1929 σῦνηνεγμένην.
1562 1856 1771 1911 Λεπτδν
1821 1856 1897 1921 δὲ,

2004 1850 2247 1917 manuel,
2288 1862 2414 1906 cum
2467 1850 2652 1905 divina
2703 1850 2864 1907 simul
2893 1854 3241 1926 humanaque
3289 1867 3488 1915 natura
3520 1861 3580 1915 in

314 1948 396 2008 ὅτι
426 1954 489 2006 τὸ
512 1952 658 2022 ποιχύ
689 1949 789 2021 τῆς
811 1948 954 2002 κατά
977 1949 1138 2019 νόμον
1167 1947 1423 2020 λατρείας
1447 1950 1545 2003 οὐκ
1562 1948 1697 2019 ἔχει.
1736 1965 1754 1999 ι
1789 1946 1898 2000 Θυ-

317 2046 439 2108 σίας
470 2051 582 2114 γάρ
603 2043 698 2096 καὶ
736 2040 1051 2113 προσφοράν
1093 2042 1193 2095 οὐκ
1236 2041 1524 2110 ἠθέλησας.
1565 2039 1899 2094 Ὀλοκαύτω-

318 2152 395 2207 μα
438 2137 534 2189 καὶ
574 2135 705 2204 περὶ
762 2135 1039 2206 ἁμαρτίας
1087 2134 1187 2187 οὐκ
1246 2133 1567 2205 εὐδόκησας.
1622 2133 1792 2202 Σῶμα
1841 2132 1898 2186 δὲ

317 2228 639 2301 κατηρτίσω
678 2244 787 2298 μοι,
841 2226 1001 2297 φησί’
1047 2226 1168 2279 τότε
1218 2221 1389 2291 εἷπον,
1437 2226 1567 2280 Ἰδοὺ
1616 2228 1773 2298 ἤκωῇ
1802 2224 1898 2277 τοῦ

315 2321 565 2390 ποιῆσαι,
590 2320 618 2371 ὁ
646 2317 799 2384 Θεὸς,
839 2316 901 2370 τὸ
927 2316 1138 2386 θέλημά
1166 2333 1281 2369 σου.
1323 2335 1341 2367 ι
1380 2318 1489 2371 Καὶ
1544 2317 1596 2370 τί
1640 2317 1701 2387 δὴ
1743 2316 1899 2369 τοῦτό

317 2411 431 2461 ἐστι
458 2409 521 2461 τὸ
543 2407 756 2479 θέλημα
808 2405 901 2461 τοῦ
953 2408 1187 2479 Πατρὸς,
1225 2408 1383 2472 αὐτὸς
1431 2410 1577 2481 ἡμᾶς
1616 2411 1671 2462 ἐν
1718 2407 1901 2476 Εὐαγ-

315 2499 515 2568 γελίοις
558 2497 1037 2571 μεμυσταγὼγηκε
1089 2498 1283 2567 λέγων,
1338 2501 1419 2553 ὃτι
1480 2520 1497 2551 ι
1531 2499 1900 2571 Καταϐέϐηκα

318 2592 383 2646 ἐκ
409 2591 506 2646 τοῦ
535 2589 788 2664 οὐρανοῦ,
824 2592 921 2660 οὐχ
978 2592 1064 2644 ἵνα
1098 2590 1235 2645 ποιῶ
1263 2590 1325 2646 τὸ
1373 2590 1583 2662 θέλημα
1635 2592 1695 2644 τὸ
1744 2591 1896 2662 ἐμὸν,

318 2683 457 2737 ἀλλά
495 2682 557 2736 τὸ
586 2682 796 2753 θέλημα
837 2682 934 2736 τοῦ
965 2682 1280 2753 πέμψαντός
1345 2700 1433 2755 με.
1470 2680 1639 2736 Τοῦτο
1688 2682 1744 2736 δέ
1784 2685 1898 2736 ἐστι

317 2766 382 2829 τὸ
406 2774 617 2845 θέλημα
641 2774 735 2827 τοῦ
767 2773 1082 2844 πεμψαντός
1118 2790 1206 2845 με,
1240 2764 1325 2827 ἵνα
1350 2774 1460 2827 πᾶν
1499 2768 1529 2827 δ
1553 2772 1752 2827 δέδωκέ
1784 2792 1895 2846 μοι,

322 2867 399 2938 μὴ
431 2867 683 2921 ἀπολέσω
709 2865 768 2931 ἐξ
790 2864 974 2931 αὐτοῦ,
1017 2865 1153 2919 ἀλλὰ
1199 2866 1493 2937 ἀναστήσω
1545 2867 1675 2919 αὐτὸ
1718 2867 1776 2918 ὲν
1826 2869 1893 2938 τῇ

319 2959 523 3030 ἐσχάτῃ
576 2958 786 3029 ἡμέρᾳ.
835 2975 854 3009 ι
916 2956 1335 3027 Προσκεκόμικε
1381 2955 1489 3027 γὰρ
1525 2956 1713 3009 ἑαυτὸν
1760 2956 1899 3027 ὑπὲρ

320 3047 477 3122 ἡμῶν
507 3051 586 3112 εἰς
614 3048 788 3121 ὀσμὴν
817 3047 1066 3112 εὐωδίας,
1095 3047 1472 3119 κεχρημάτικὲ
1522 3065 1581 3100 τε
1617 3047 1703 3101 διὰ
1741 3047 1900 3100 τοῦτο

320 3140 414 3193 καὶ
470 3137 779 3211 ἀρχιερεύς.
812 3136 1021 3192 Οὐκοῦν
1053 3137 1212 3201 αὐτὸς
1240 3138 1269 3190 ὁ
1309 3138 1618 3208 ἀρχιερεὺς,
1647 3137 1807 3199 αὐτὸς
1837 3135 1897 3189 τὸ

322 3229 574 3302 θυμίαμα
605 3227 667 3282 τὸ
717 3228 978 3282 σύνθετόν
1008 3236 1067 3282 τε
1114 3229 1206 3282 καὶ
1249 3228 1476 3281 λεπτόν·
1532 3227 1626 3281 καὶ
1686 3242 1898 3298 μαρτυ-

323 3326 479 3393 ρήσει
511 3314 731 3390 λέγωνὸ
760 3319 989 3383 Παῦλος*
1037 3339 1055 3371 ι
1086 3320 1175 3391 Τῷ
1199 3320 1256 3374 δὲ
1293 3319 1411 3388 Θεῷ
1439 3320 1614 3390 χάρις,
1645 3320 1725 3389 τῷ
1767 3318 1900 3372 πάν..

320 3421 441 3468 τοτε
477 3414 865 3487 θριαμϐεύοντι
910 3410 1058 3486 ἡμᾶς
1115 3415 1172 3466 ἐν
1212 3413 1292 3484 τῷ
1349 3413 1594 3484 Χριστῷ.
1655 3412 1747 3465 καὶ
1802 3412 1899 3482 τὴν

320 3498 495 3579 ὀσμὴν
532 3508 629 3578 τῆς
656 3506 911 3577 γνώσεως
954 3505 1118 3561 αὐτοῦ
1163 3504 1483 3577 φανεροῦντι
1532 3504 1600 3557 δι’
1639 3503 1795 3575 ἡμῶν
1841 3505 1899 3557 ὲν

322 3601 500 3657 φαντὶ·
528 3600 700 3671 τόπῳ,
754 3600 836 3653 ὅτι
883 3598 1121 3672 Χριστοῦ
1174 3598 1373 3652 εὐωδία
1429 3598 1592 3667 ἐσμὲν
1628 3596 1707 3667 τῷ
1758 3595 1897 3667 Θεῷ,

320 3693 379 3745 ὲν
409 3693 522 3755 τοῖς
555 3688 912 3761 σωζομένοις,
948 3691 1043 3744 καὶ
1084 3691 1139 3743 ὲν
1173 3692 1283 3753 τοῖς
1332 3688 1723 3759 ἀπολλυμένοις
1746 3705 1760 3718 ·
1817 3685 1900 3752 οἷς

325 3784 426 3855 μὲν
460 3782 604 3854 ὀσμὴ
635 3784 699 3836 ὲκ
729 3779 960 3836 Θανάτου
1003 3782 1083 3846 εἰς
1119 3781 1367 3845 θάνατον,
1402 3775 1483 3844 οἷς
1508 3778 1563 3834 δὲ
1588 3780 1731 3851 ὀσμὴ
1755 3781 1899 3851 ζωῆς

323 3877 401 3940 είς
425 3876 591 3948 ζωήν.
622 3894 642 3928 ι
685 3874 1034 3945 Προσεφὼνει
1074 3868 1130 3927 δὲ
1175 3874 1268 3927 καὶ
1295 3874 1446 3945 ἡμῖν·
1515 3889 1536 3924 ι
1565 3870 1784 3925 Γίνεσθε
1806 3866 1899 3925 οὖν

323 3970 559 4040 μιμηταὶ
589 3967 684 4022 τοῦ
710 3967 846 4021 Θεοῦ
900 3958 979 4030 ὡς
1008 3967 1173 4020 τέκνα
1212 3962 1494 4035 ἀγαπητὰ,
1531 3962 1625 4017 καὶ
1660 3980 1900 4036 περιπα-

318 4062 460 4114 τεῖτε
484 4063 542 4115 ἐν
564 4060 772 4133 ἀγάπῃ,
796 4057 974 4121 καθὼς
997 4056 1092 4111 καὶ
1110 4058 1139 4110 ὁ
1160 4054 1390 4125 Χριστὸς
1411 4054 1698 4126 ἠγάπησεν
1723 4054 1756 4125 ἡ
1766 4055 1896 4125 μᾶς,

320 4153 411 4206 καὶ
453 4151 774 4224 παρέδωκεν
829 4150 1020 4203 ἑαυτὸν
1072 4149 1213 4221 ὑπὲρ
1263 4147 1420 4219 ἡμῶν
1461 4146 1776 4217 προσφορὰν
1805 4149 1900 4201 καὶ

320 4244 511 4299 θυσίαν
549 4244 628 4314 τῷ
665 4242 785 4314 Θεῷ
810 4234 890 4307 είς
940 4232 1115 4314 ὀσμὴν
1171 4234 1413 4303 εὐωδίας.
1446 4258 1465 4291 ι
1532 4238 1644 4293 Καὶ
1692 4234 1781 4292 τόν
1836 4255 1898 4306 γε

318 4340 410 4390 τοῦ
448 4336 647 4408 θυμιᾷν
681 4333 885 4405 ἐναργῆ
920 4333 1150 4402 καθίστη
1215 4331 1428 4402 καιρὸν,
1455 4330 1671 4385 ἅπαντα
1701 4330 1760 4383 δὲ
1790 4330 1898 4383 δεῖν

321 4428 377 4478 ἰν
415 4426 567 4492 τάξει
617 4442 675 4477 τε
725 4425 820 4478 καὶ
866 4421 1134 4493 εὐκοσμίᾳ
1188 4420 1519 4494 πράττεσθαι
1571 4419 1894 4490 νομοθετῶν,
1945 4455 1949 4458 ~

1999 1944 2286 2010 unitatem,
2322 1959 2443 2013 quae
2467 1957 2686 1998 omnem
2714 1943 3129 2016 intelligentiam
3169 1958 3409 2019 superat,
3436 1952 3577 2008 inef-

1999 2034 2150 2091 fabili
2196 2036 2361 2090 modo
2418 2036 2797 2091 convenerint.
2856 2038 3065 2094 Deinde
3117 2047 3279 2096 tenue
3320 2053 3426 2106 est,
3449 2045 3577 2115 quia

1999 2127 2149 2180 illam
2180 2126 2371 2197 legalis
2393 2126 2576 2182 cultus
2599 2127 2904 2182 crassitiem
2934 2144 3046 2184 non
3075 2129 3243 2186 habet
3275 2149 3288 2186 :
3339 2152 3358 2185 ι
3393 2133 3578 2190 Sacri-

2000 2215 2188 2271 ficium
2210 2217 2359 2272 enim
2397 2222 2454 2272 et
2481 2216 2818 2273 oblationem
2852 2220 3110 2276 noluisti:
3140 2221 3482 2291 holocausta,
3523 2228 3583 2281 et

1999 2322 2099 2379 pro
2147 2317 2373 2379 peccato
2419 2324 2530 2362 non
2590 2309 2916 2378 placuerunt
2959 2314 3093 2382 tibi;
3154 2331 3354 2386 corpus
3394 2327 3581 2375 autem

2000 2402 2197 2472 aptasti
2224 2402 2391 2469 mihi;
2412 2410 2542 2457 tunc
2570 2402 2681 2456 dixi
2707 2420 2719 2457 :
2740 2404 2881 2459 Ecce
2894 2406 3077 2471 venio,
3102 2415 3164 2461 ut
3179 2407 3394 2477 faciam,
3413 2413 3578 2480 Deus,

2000 2494 2338 2549 voluntatem
2378 2503 2527 2549 tuam
2557 2495 2622 2548 ⁵⁸.
2656 2514 2675 2546 ι
2730 2494 2860 2562 Quae
2883 2508 3068 2553 autem
3113 2508 3260 2556 esset
3287 2518 3352 2558 ea
3401 2504 3583 2561 Patris

2001 2585 2273 2651 voluntas,
2302 2585 2419 2656 ipse
2452 2598 2552 2640 nos
2597 2586 2654 2640 in
2700 2585 3012 2659 Evangeliis
3060 2589 3249 2647 docuit
3318 2607 3333 2644 :
3369 2610 3390 2647 ς
3440 2594 3580 2662 Quia

2000 2677 2258 2733 descendi
2321 2678 2388 2732 de
2456 2679 2635 2743 cmlo,
2708 2694 2817 2734 non
2861 2690 2922 2735 ut
2992 2681 3188 2737 faciam
3241 2684 3580 2743 voluntatem

1999 2780 2199 2832 meam,
2233 2766 2327 2822 sed
2366 2767 2706 2822 voluntatem
2738 2769 2857 2838 ejus
2889 2770 2982 2840 qui
3013 2771 3163 2827 misit
3198 2784 3323 2841 me;
3362 2775 3478 2831 haec
3497 2786 3583 2831 est

1999 2867 2183 2913 autem
2210 2859 2467 2914 voluntas
2496 2860 2616 2929 ejus
2648 2860 2741 2930 qui
2776 2862 2928 2916 misit
2953 2877 3060 2929 me,
3095 2865 3295 2932 Patris,
3321 2875 3380 2923 ut
3415 2882 3581 2922 omne

1999 2951 2147 3025 quod
2172 2951 2324 3007 dedit
2352 2951 2508 3017 mihi,
2528 2966 2637 3006 non
2664 2953 2888 3022 perdam
2920 2972 2989 3011 ex
3018 2972 3105 3022 eo,
3141 2958 3236 3013 sed
3256 2961 3580 3018 resuscitem

2001 3043 2134 3098 illud
2161 3043 2218 3097 in
2240 3038 2541 3097 novissimo
2564 3042 2654 3098 die
2688 3044 2732 3075 ⁸⁷
2768 3060 2781 3097 :
2812 3063 2833 3099 ι
2866 3045 3001 3099 Nam
3032 3049 3391 3119 semetipsum
3415 3052 3580 3106 obtu-

1999 3132 2065 3187 lit
2109 3147 2212 3203 pro
2241 3132 2401 3186 nobis
2439 3132 2497 3186 in
2537 3133 2761 3188 odorem
2798 3136 3082 3192 suavitatis
3112 3139 3192 3204 ⁸³,
3247 3139 3317 3194 ob
3350 3156 3581 3212 eamque

2001 3228 2221 3279 Causam
2255 3226 2419 3279 etiam
2451 3225 2648 3278 summi
2677 3228 2976 3283 sacerdotis
3019 3233 3103 3285 est
3130 3231 3395 3302 dignitate
3443 3235 3583 3290 insi;

2002 3315 2205 3385 gnitus.
2244 3310 2365 3384 Ipse
2398 3312 2565 3385 igitur
2597 3324 2679 3370 est
2706 3332 2955 3373 summus
2995 3323 3271 3388 sacerdos,
3315 3326 3430 3395 ipse
3464 3327 3585 3399 thy?

2002 3406 2201 3460 miama
2250 3406 2613 3476 compositum
2643 3422 2707 3462 ac
2749 3417 2937 3475 tenue,
2979 3414 3126 3481 quod
3152 3415 3329 3484 ipsum
3379 3418 3582 3476 Paulus

2001 3498 2089 3553 his
2134 3499 2319 3553 verbis
2346 3507 2578 3556 testatus
2615 3512 2737 3558 est:
2782 3522 2801 3554 ι
2844 3503 2956 3557 Deo
2990 3513 3175 3560 autem
3222 3509 3446 3578 gratias,
3485 3513 3583 3581 qui

2001 3606 2216 3661 semper
2234 3593 2533 3665 triumphat
2561 3613 2661 3651 nos
2692 3597 2744 3650 in
2770 3596 3011 3661 Christo,
3043 3606 3098 3652 et
3128 3598 3353 3655 odorem
3373 3602 3583 3658 notitiae

2002 3695 2114 3737 sua:
2139 3683 2451 3740 manifestat
2472 3701 2571 3756 per
2596 3696 2698 3742 nos
2732 3688 2787 3742 in
2820 3687 2969 3742 omni
2996 3686 3157 3755 lOco;
3193 3688 3399 3745 Christi
3431 3692 3581 3746 enim

2002 3763 2181 3825 bonus
2216 3772 2354 3828 odor
2384 3789 2574 3830 sumus
2625 3775 2737 3830 Deo
2762 3776 2819 3831 in
2864 3776 2933 3831 iis
2955 3777 3045 3846 qui
3070 3778 3206 3833 salvi
3246 3777 3404 3845 ﬁunt,
3435 3788 3493 3835 et
3525 3780 3578 3835 in

2002 3860 2071 3917 iis
2109 3864 2204 3933 qui
2248 3875 2485 3935 pereunt
2517 3884 2529 3920 :
2580 3867 2669 3923 bis
2697 3868 2920 3938 quidem
2956 3870 3093 3925 odor
3111 3871 3305 3926 mortis
3331 3871 3389 3926 in
3420 3888 3576 3928 mor-

2002 3960 2155 4020 tem,
2202 3956 2311 4011 illis
2361 3973 2494 4013 vero
2554 3958 2692 4013 odor
2764 3961 2891 4015 vita:
2942 3962 2997 4015 in
3058 3962 3225 4016 vitam
3271 3962 3337 4018 ⁸⁸.
3376 3981 3395 4013 ο
3471 3964 3580 4019 Nos

1999 4046 2167 4101 etiam
2229 4048 2651 4118 alloquebatur,
2732 4032 2982 4106 dicensi:
3061 4072 3079 4103 ι
3155 4042 3343 4109 Estote
3409 4055 3579 4127 igitur

2002 4139 2307 4195 imitatores
2344 4141 2463 4205 Dei,
2511 4149 2572 4195 ut
2596 4143 2692 4197 filii
2732 4144 3063 4208 charissimi,
3103 4153 3158 4199 et
3196 4146 3472 4203 ambulate
3520 4150 3581 4205 in

2001 4229 2319 4297 dilectiOne,
2362 4231 2504 4287 sicut
2526 4241 2582 4288 et
2609 4232 2865 4290 Christus
2893 4236 3085 4291 dilexit
3115 4254 3238 4304 nos,
3273 4248 3329 4294 et
3354 4240 3580 4296 tradidit

2000 4337 2059 4376 se
2076 4318 2255 4390 ipsum
2289 4338 2388 4392 pro
2410 4324 2572 4379 nobis
2594 4325 2951 4392 oblationem,
2987 4338 3043 4383 et
3081 4329 3317 4385 hostiam
3359 4332 3492 4398 Deo,
3521 4332 3578 4387 in

2000 4412 2223 4469 odorem
2255 4414 2543 4470 suavitatis
2592 4417 2656 4470 ⁸⁸⁵.
2702 4435 2720 4467 ι
2768 4417 3009 4489 Tempus
3050 4432 3315 4491 praeterea
3366 4424 3577 4480 incensi

320 4517 414 4571 xci.
440 4518 511 4571 δι’
536 4512 613 4571 ὧν
640 4515 706 4570 ἂν
735 4517 866 4587 ἡμῖν
884 4514 1040 4582 ἡτῶν
1062 4516 1141 4577 είς
1179 4510 1241 4565 τὸ
1269 4512 1399 4565 εἵσω
1431 4512 1803 4583 θεωρημάτων
1835 4506 1893 4566 εὖ

2002 4502 2254 4561 adolendi
2278 4503 2629 4561 manifestum
2656 4506 2807 4573 fecit,
2836 4524 2901 4562 ac
2929 4510 3124 4573 sancit,
3162 4513 3221 4565 ut
3268 4512 3451 4565 omnia
3484 4528 3578 4566 or--

320 4606 429 4678 ἔχοι
450 4605 700 4676 δύναμις.
723 4624 743 4656 ι
766 4606 839 4659 Τὸ
862 4603 1006 4676 πρωϊ
1037 4622 1055 4654 ι
1076 4602 1205 4674 γὰρ,
1230 4603 1387 4673 φησὶ,
1413 4622 1430 4654 ι
1464 4604 1557 4657 καὶ
1579 4603 1642 4656 τὸ
1671 4603 1767 4673 ὀψὲ
1787 4602 1897 4657 τῶν

319 4698 526 4769 λύχνων
550 4696 928 4767 ἐξαπτομένων
960 4695 1053 4748 καὶ
1083 4693 1570 4762 ὲπισκιαζομένων,
1612 4714 1631 4746 ι
1678 4692 1772 4747 τοῦ
1798 4693 1896 4764 μὲν

320 4788 413 4859 ὀψὲ
442 4789 540 4842 καὶ
575 4786 743 4860 πρωῒ,
783 4787 846 4841 τὸ
868 4786 1213 4840 ἀδιάλειπτον
1261 4802 1321 4839 τε
1352 4785 1447 4838 καὶ
1498 4785 1748 4853 διηνεκὲς
1795 4785 1895 4855 ἑμ-

324 4880 628 4949 φαίνοντος,
651 4879 746 4933 τοῦ
768 4879 828 4932 δὲ
857 4879 963 4933 ὐπὸ
990 4877 1205 4948 λύχνοις
1229 4876 1427 4947 χρῆναι
1461 4875 1682 4948 θυμιᾷν,
1715 4876 1892 4929 ἐκεῖνό

320 4989 421 5027 που
474 4973 616 5042 τάχα
682 4968 1119 5043 παραδηλοῦντος
1163 4963 1223 5022 εὖ
1274 4967 1447 5038 μάλα,
1504 4967 1586 5021 ὅτι
1628 4966 1768 5036 φωτὶ
1815 4964 1896 5036 τῷ

318 5063 447 5133 θείῳ
499 5060 1001 5132 καταλαμπόμενοι,
1055 5060 1175 5113 τότε
1211 5057 1298 5129 δὴ,
1345 5060 1466 5111 τότε
1513 5057 1613 5128 τῆς
1673 5056 1898 5120 εὐωδίας

317 5151 555 5222 Χριστοῦ
592 5150 864 5215 πλουσίως
921 5147 1413 5219 ἀναπιμπλάμεθα,
1467 5146 1590 5217 ίμεν
1646 5162 1704 5199 τε
1754 5143 1897 5200 οὐτω

319 5246 455 5317 πρὸς
483 5247 734 5318 αῐσθησιν
764 5244 874 5299 τῶν
904 5242 1011 5297 εσω
1030 5243 1231 5313 σκηνῆς
1262 5238 1500 5309 ἀγαθῶν,
1521 5240 1638 5310 ῆτοι
1667 5233 1764 5309 τῆς
1789 5236 1897 5291 τῶν

318 5337 478 5390 θείων
529 5338 884 5409 χαρισμάτων
930 5333 1211 5404 διανομῆς,
1246 5334 1312 5402 ἦν
1339 5334 1450 5394 τοῖς
1496 5331 1668 5397 ἀξίοις
1715 5329 1895 5400 ὀρέγει

318 5429 571 5499 Χριστός.
602 5430 764 5482 ’Ὥστε
815 5428 868 5480 εί
902 5443 988 5489 τις
1042 5423 1196 5478 οὔπω
1242 5424 1465 5491 γέγονεν
1514 5423 1573 5474 ὲν
1626 5422 1766 5491 φωτὶ
1807 5419 1892 5474 διὰ

321 5523 579 5587 πίστεως,
612 5520 728 5575 ἔστι
759 5536 864 5573 που
906 5519 1127 5581 πάντως
1167 5516 1263 5570 καὶ
1288 5515 1385 5585 τῆς
1417 5513 1619 5586 νοητῆς
1664 5511 1894 5576 εὐωδίας

325 5612 613 5682 ἀμέτοχος,
679 5610 760 5665 ἔτι
814 5610 876 5663 τὸ
916 5606 1156 5679 Χριστοῦ
1210 5605 1286 5676 μὴ
1349 5604 1505 5670 εἰδὼς
1561 5604 1891 5676 μυστήριον.

392 5731 439 5762 ⁸³
480 5729 649 5785 Hebr.
712 5744 788 5794 rx,
830 5727 919 5783 24.
964 5796 967 5797 ν
1012 5725 1067 5797 ,⁸⁸
1099 5724 1300 5797 Ephes.
1328 5742 1393 5797 ιι,
1420 5724 1529 5797 714.

1629 5724 1675 5757 ⁸³
1721 5722 1893 5778 Exod.
1935 5735 2058 5782 xxx,
2091 5720 2142 5772 7.

2004 4594 2189 4651 dinate
2235 4605 2291 4652 et
2318 4597 2549 4653 honeste
2577 4596 2734 4663 ﬁant,
2760 4605 2818 4653 et
2845 4598 2919 4653 ita
2952 4608 3012 4654 ut
3038 4599 3107 4655 iis
3133 4600 3200 4654 ad
3235 4601 3577 4655 internarum

1998 4701 2184 4742 rerum
2221 4672 2741 4758 contemplationem
2787 4697 2991 4744 nostra:
3014 4689 3160 4745 vires
3185 4691 3513 4763 adiuventur
3560 4711 3574 4745 :

2006 4798 2024 4830 ‹
2046 4779 2221 4844 Mane,
2246 4800 2262 4831 ι
2291 4779 2491 4850 inquit,
2526 4799 2544 4831 ι
2565 4784 2621 4836 et
2637 4782 2851 4851 Vesperi
2871 4784 2996 4836 cum
3013 4782 3252 4838 lucernae
3267 4782 3574 4839 accendun-

2003 4868 2092 4925 tur
2112 4879 2167 4927 et
2189 4881 2594 4942 componuntur
2618 4872 2658 4905 ⁸³
2684 4888 2698 4938 ;
2731 4888 2822 4928 iac
2847 4884 3006 4931 mane
3029 4876 3249 4946 quidem
3267 4883 3323 4930 et
3351 4890 3580 4946 vespere

2000 4962 2320 5017 continoum
2366 4970 2804 5035 perpetuamque
2831 4966 3046 5036 tempus
3084 4966 3328 5023 indicant
3361 4985 3372 5019 :
3415 4983 3579 5038 porro

2003 5069 2127 5108 cum
2150 5052 2804 5119 accendunturlucernze,
2855 5056 3185 5112 adoiendum
3228 5072 3350 5113 esse
3391 5058 3581 5115 incen-

2004 5159 2147 5207 sum,
2176 5130 2308 5197 illud
2330 5141 2579 5197 fortassis
2614 5148 2743 5212 apte
2779 5141 3069 5214 signiﬁcat,
3112 5160 3237 5200 cum
3267 5144 3456 5201 divino
3490 5145 3578 5200 lu—

2005 5224 2151 5292 mine
2179 5234 2537 5299 illustramur,
2572 5241 2687 5288 tum
2711 5233 2931 5290 demum
2977 5234 3181 5292 Christi
3215 5236 3363 5293 bono
3410 5237 3581 5293 odore

2003 5345 2102 5384 nos
2140 5326 2358 5382 abunde
2395 5327 2680 5396 compleri,
2708 5336 2765 5383 et
2786 5328 2860 5383 ita
2896 5328 2965 5383 ad
2996 5328 3277 5389 interioris
3324 5330 3579 5384 taberna~

1999 5420 2107 5476 culi
2153 5418 2319 5482 bona.
2355 5417 2518 5488 309
2556 5418 2609 5473 id
2632 5427 2736 5484 est,
2798 5421 2865 5474 ad
2898 5420 3083 5476 divina
3146 5436 3372 5476 munera
3396 5417 3580 5489 perci-

1996 5502 2193 5583 pienda
2241 5525 2489 5583 pergere,
2541 5526 2662 5579 quae
2702 5508 2954 5565 Christus
3003 5510 3069 5565 iis
3124 5512 3216 5579 qui
3252 5508 3398 5579 digni
3440 5515 3570 5563 sunt

1996 5602 2246 5673 largitur.
2275 5598 2485 5670 Itaque,
2515 5600 2561 5655 si
2589 5599 2713 5668 quis
2737 5599 2981 5654 nondum
3011 5609 3095 5656 est
3127 5601 3182 5654 in
3225 5599 3431 5655 lumine
3479 5609 3581 5672 per

2248 5719 2294 5749 "
2324 5717 2467 5772 Psal.
2513 5732 2704 5781 xxxrx,
2735 5717 2846 5773 7-9.
2924 5706 2966 5750 ’ί
3016 5717 3170 5774 Joan.
3227 5734 3324 5787 vt,
3383 5717 3574 5773 3840.

323 5798 589 5874 “Ephes.
622 5816 675 5867 v,
712 5787 785 5853 ἓξ
845 5798 889 5830 ⁸⁹
927 5796 970 5852 ιι
995 5796 1123 5851 Cor.
1146 5787 1235 5860 ἰι,
1280 5796 1459 5849 ιιι-ιδ.
1536 5795 1579 5827 ⁸⁸
1612 5794 1810 5864 Ephes.
1841 5811 1891 5859 ν,

2012 5790 2064 5844 2.
2144 5787 2383 5843 “Exod.
2415 5802 2539 5853 xxx,
2578 5787 2630 5840 7.
2687 5824 2705 5848 δ
