3996 6212
435 294 538 350 6‘23

1455 285 1510 341 S.
1550 283 1824 341 CYRlLLl
1865 274 2332 340 ALEXANDRlNl
2376 281 2691 340 MtClllEP.

3578 293 3675 348 οει

438 414 619 476 fidem,
652 417 737 466 est
790 407 982 481 procul
1015 406 1182 462 dubio
1226 403 1529 474 spiritualis
1551 403 1740 458 odoris
1785 420 2002 474 expers,

2114 423 2131 456 ι
2166 407 2288 458 Ἐὰν
2340 405 2447 475 γὰρ
2485 403 2558 473 μὴ
2618 401 2965 472 πιστεύσητε,
3027 403 3134 457 οὐδ’
3181 404 3239 456 οὗ
3294 404 3369 476 μὴ
3404 405 3618 477 συνῆτε,
3659 441 3674 461 ο

436 503 760 560 cuneadhuc
783 500 986 556 Christi
1010 496 1327 569 mysterium
1363 495 1574 565 ignoret
1613 512 1624 546 :
1663 514 1679 545 ‹
1725 495 1838 550 Nisi
1860 495 2006 549 enim

435 593 800 656 credideritis,
824 612 840 641 ι
865 589 1072 659 inquit,
1094 608 1110 638 ι
1134 603 1245 642 non
1275 586 1590 656 intelligetis
1618 587 1712 637 θ’.»
1747 586 1843 639 Est
1861 586 2007 640 enim

436 687 569 741 fides
594 685 746 739 velut
773 683 984 753 primus
1015 681 1198 735 aditus
1221 678 1288 733 ad
1307 677 1630 748 sapientiam
1676 676 2004 746 perducens,

436 782 782 841 mentemque
809 768 1215 840 quodammodo
1275 766 1345 820 ad
1375 765 1546 819 divini
1588 765 1813 819 luminis
1849 779 2007 819 rece-

435 867 676 935 ptionem
699 863 894 932 aperit.
921 858 1363 917 Continuationis
1388 865 1570 912 autem
1606 857 1890 911 incensum
1915 871 2008 925 ap-

436 958 634 1027 pellat;
672 955 882 1010 nullum
909 953 1110 1022 quippe
1129 960 1355 1020 tempus
1377 958 1481 1012 est,
1511 948 1645 1018 quin
1667 947 1920 1002 Christus
1950 947 2006 999 in

435 1056 622 1102 sancto
675 1043 1047 1105 tabernaculo,
1104 1041 1209 1095 hoc
1234 1047 1338 1103 est,
1393 1039 1446 1092 in
1488 1037 1748 1101 Ecclesia,
1781 1037 2007 1091 odorem

435 1140 624 1208 spiret.
671 1135 953 1191 lnterdicit
1004 1141 1185 1187 autem
1232 1145 1456 1199 prorsus
1503 1144 1572 1182 ne
1621 1143 1787 1196 super
1825 1127 2004 1191 illum,

437 1231 693 1284 nimirum
719 1243 884 1297 super
904 1226 1074 1279 altare
1103 1222 1328 1285 Christi,
1385 1220 1624 1273 libamen
1669 1219 2002 1288 imponatur,

435 1321 810 1378 autoﬂeratur
828 1317 1060 1380 oblatio;
1091 1328 1219 1368 nam
1262 1313 1319 1366 in
1361 1311 1582 1366 Christo
1631 1310 1832 1364 abolita
1878 1316 2007 1364 sunt

436 1431 554 1484 qua:
574 1413 708 1484 legis
727 1418 902 1475 erant,
937 1417 993 1463 et
1019 1407 1087 1462 ad
1105 1407 1267 1460 ﬁnem
1296 1401 1870 1474 perveniuntumbrae,
1901 1401 2006 1454 hoc

435 1511 536 1565 est,
575 1510 635 1554 ut
663 1501 877 1570 Opinor,
912 1497 1150 1551 libamen
1179 1501 1234 1548 et
1258 1493 1496 1557 oblatio;
1529 1491 1694 1560 idque
1738 1489 2004 1560 prepheta

437 1599 686 1653 testatur,
714 1587 904 1642 dicens
953 1603 966 1637 :
1007 1603 1024 1633 ι
1055 1582 1251 1637 Ablata
1305 1588 1434 1635 sunt
1471 1580 1538 1634 de
1586 1578 1748 1632 domo
1789 1577 2006 1631 Domini

435 1680 759 1734 sacrificium
817 1689 872 1731 et
895 1675 1134 1729 libamen
1177 1673 1242 1725 ⁸³.
1287 1691 1304 1724 ι
1347 1671 1612 1740 Namque,
1664 1668 2004 1722 inanifestato

435 1777 538 1844 iam
567 1775 661 1828 illo
688 1770 1025 1828 adorationis
1050 1777 1106 1823 et
1131 1768 1312 1822 cultus
1358 1781 1578 1836 genere,
1603 1763 1748 1834 quod
1773 1764 2001 1818 exhibe-
2037 1748 2074 1802 Β

436 1874 524 1919 tur
552 1865 609 1920 i'n
635 1864 830 1934 spiritu
851 1869 908 1917 et
943 1859 1199 1922 veritate,
1241 1871 1590 1927 supervacuae
1625 1862 1752 1910 sunt
1797 1854 2005 1909 umbra).

434 1953 857 2025 quodammodo,
896 1960 953 2007 et
990 1951 1178 2004 inanes
1200 1950 1385 2019 figura:
1415 1962 1477 2001 ac
1504 1961 1728 2016 prorsus
1749 1946 2002 2012 inutiles;

435 2065 573 2104 nova
615 2048 816 2118 quippe
866 2050 1117 2099 creatura
1152 2041 1209 2096 in
1257 2039 1478 2095 Christo
1517 2055 1531 2091 :
1569 2053 1601 2092 a
1645 2039 1818 2108 gratia
1856 2038 2003 2092 enim

434 2141 773 2203 exciderunt,
796 2137 889 2207 qui
917 2144 1040 2206 post
1068 2133 1492 2190 declarationem
1538 2130 1787 2184 veritatis
1809 2130 1866 2184 in
1923 2130 2004 2185 le-

433 2249 497 2300 ge
515 2229 958 2303 justificantur“.
984 2248 999 2278 ι
1024 2227 1142 2281 Νοιι
1177 2225 1425 2295 impones
1447 2229 1729 2292 praterea,
1757 2240 1774 2272 ι
1806 2221 2002 2290 inquit,

437 2344 457 2378 ‹
481 2339 645 2394 super
667 2323 836 2377 altare
855 2323 1140 2375 incensum
1161 2317 1394 2382 aliud“;
1423 2337 1439 2366 ι
1475 2314 1643 2370 alium
1685 2313 1832 2369 enim
1863 2314 2004 2368 reci-

432 2420 646 2490 piemus
671 2417 728 2471 in
755 2414 974 2471 Christo
996 2426 1219 2484 prorsus
1234 2409 1531 2473 neminem,
1573 2422 1774 2478 neque,
1805 2406 2002 2472 Rabbi,

432 2511 687 2582 cuiquam
719 2507 875 2562 alteri
916 2505 1194 2569 dicemus;
1240 2516 1382 2556 unus
1434 2507 1518 2555 est
1563 2499 1708 2554 enim
1746 2499 2004 2569 magister

432 2615 640 2669 noster,
689 2617 754 2657 ac
797 2605 1101 2670 praceptor
1127 2594 1204 2660 “,
1233 2594 1394 2663 eique
1445 2591 1546 2646 soli
1592 2590 2000 2656 inliazrebimus,

433 2697 716 2751 dicentes:
759 2711 777 2743 ι
807 2690 1156 2760 Unguentum
1196 2683 1532 2740 exinanitum
1591 2696 1789 2737 nomen
1825 2690 1999 2736 tuum.

441 2788 739 2856 Propterea
767 2777 1186 2837 adolescentula:
1229 2776 1540 2831 dilexerunt
1585 2783 1677 2828 te:
1720 2781 2004 2828 traxerunt

433 2893 519 2932 me
547 2883 669 2947 post
702 2881 753 2928 te
784 2889 796 2926 :
822 2871 878 2925 in
909 2869 1133 2924 odorem
1174 2875 1577 2938 unguentorum
1617 2872 1835 2919 tuorum
1872 2878 2000 2918 cur-

435 2981 620 3020 rcmus
656 2965 722 3018 ⁸⁷.
755 2981 773 3015 ι
826 2961 1020 3016 Annon
1079 2958 1182 3012 hoc
1231 2955 1365 3012 illud
1397 2962 1500 3021 est,
1559 2973 1576 3005 ι
1607 2954 1728 3009 Νοιι
1754 2953 2004 3022 impones

433 3071 600 3126 super
629 3052 763 3109 illud
787 3051 1070 3106 incensum
1093 3045 1286 3102 aliud?
1311 3063 1330 3096 ›
1367 3043 1548 3137 Solius
1593 3042 1740 3137 enim
1768 3039 1999 3137 ‘Christi
2028 3078 2070 3137 C

430 3149 610 3204 bonus
625 3145 761 3202 odor
785 3144 841 3199 in
867 3140 1112 3198 Ecclesia
1140 3138 1274 3194 satis
1296 3136 1404 3192 erit
1429 3136 1496 3190 iis
1540 3133 1634 3204 qui
1667 3133 1783 3188 sani
1811 3147 2000 3188 revera

431 3247 580 3304 sunt,
640 3237 844 3307 quique
892 3233 1060 3287 alium
1112 3229 1339 3285 odorem
1380 3226 1605 3282 minime
1632 3231 1904 3294 quarunt,
1941 3229 2002 3277 ut

432 3327 860 3386 certe-infelices
922 3321 1096 3380 Judaei
1149 3320 1379 3384 faciunt,
1431 3317 1527 3388 qui
1580 3316 1716 3372 illud
1773 3315 2004 3388 thymia-

429 3437 520 3476 ma
569 3418 932 3490 compositum
1005 3430 1071 3470 ac
1138 3423 1301 3468 tenue
1332 3452 1346 3476 ,
1399 3410 1454 3465 id
1509 3416 1632 3474 est,
1685 3407 1988 3470 Christum,

429 3528 544 3582 pra:
607 3509 898 3581 superbia,
948 3505 1188 3561 ludibrio
1241 3502 1485 3565 habent,
1541 3509 1598 3554 et
1649 3498 1790 3554 sacri
1839 3498 2004 3568 hujus

429 3619 494 3659 ac
518 3619 646 3659 sane
665 3599 838 3655 divini
881 3597 1068 3653 odoris
1091 3602 1343 3664 expertes
1389 3596 1786 3652 remanserunt,
1835 3588 2001 3643 alium

430 3701 614 3746 autem
641 3704 743 3759 pro
783 3702 851 3742 eo
901 3683 1192 3752 recipient,
1251 3681 1405 3734 illum
1448 3692 1644 3747 nempe
1693 3675 1862 3731 ﬁlium
1900 3677 2003 3732 ini-

430 3781 676 3852 quitatis,
699 3797 717 3830 ι
739 3776 834 3848 qui
856 3774 1198 3835 adversatur,
1219 3777 1274 3824 et
1289 3768 1568 3824 extollitur
1582 3783 1746 3837 super
1762 3782 1998 3834 omnem,

429 3874 523 3945 qui
549 3870 750 3928 dicitur
778 3869 944 3932 Deus,
979 3871 1072 3920 aut
1110 3861 1257 3933 quod
1301 3860 1532 3925 colitur;
1576 3859 1652 3913 ita
1687 3865 1748 3912 ut
1788 3859 1903 3929 ipse
1945 3859 2001 3913 in

429 3959 633 4030 templo
657 3957 776 4023 Dei,
817 3962 878 4010 ut
901 3953 1166 4023 scriptum
1195 3957 1298 4014 est,
1349 3947 1556 4014 sedeat,
1576 3947 1868 4003 ostendens
1921 3963 2001 4014 se,

431 4063 688 4123 tanquam
722 4049 796 4104 sit
831 4049 976 4104 Deus
1022 4045 1097 4112 “3
1126 4063 1145 4097 ι
1191 4042 1286 4114 qui
1313 4041 1560 4097 divinum
1593 4040 2003 4096 tabernaculum

429 4143 595 4198 etiam
629 4137 900 4209 inquinat,
933 4150 1058 4191 cum
1109 4133 1182 4190 sit
1233 4133 1421 4188 fumus
1460 4130 1691 4193 alienus,
1717 4135 1793 4194 et,
1844 4137 1906 4183 ut
1929 4129 2004 4184 ita

429 4234 628 4297 dicam,
650 4228 954 4285 diabolicus
973 4225 1146 4282 fetor:
1172 4225 1336 4295 310
1361 4243 1378 4275 ‹
1415 4221 1532 4278 Erit
1553 4221 1720 4286 enim,
1752 4238 1769 4271 ι
1803 4219 2001 4290 inquit,

437 4346 454 4378 ι
478 4325 625 4381 illius
646 4321 911 4379 adventus
929 4317 1231 4374 secundum
1266 4303 1640 4386 operationem
1656 4312 1868 4368 Satanae
1883 4313 1947 4366 ‘9.
1977 4331 1996 4364 ι

2109 497 2262 567 φησί.
2314 494 2592 567 Προσδολὴ
2619 495 2727 566 γὰρ
2771 496 2803 564 ἠ
2844 495 3047 558 πίστις,
3073 498 3152 560 είς
3201 497 3416 551 σύνεσιν
3469 500 3675 569 ἀποφέ-

2110 603 2298 656 ρουσα,
2336 587 2430 640 καὶ
2459 587 2622 638 οἱονεὶ
2653 587 2788 656 πρὸς
2838 587 3147 659 παραδοχὴν
3199 588 3292 641 τοῦ
3323 588 3469 642 θείου
3503 593 3676 658 φωτὸς

2109 675 2352 729 άπλοῦσα
2395 675 2486 728 τὸν
2532 673 2676 728 νοῦν.
2746 675 3152 746 Ἐνδελεχισμοῦ
3211 676 3268 730 δὲ
3320 678 3572 748 ὀνομάζει
3617 682 3674 733 τὸ

2108 766 2375 836 θυμίαμαι
2410 764 2613 835 Καιρδς
2647 765 2752 835 γὰρ
2798 765 2990 832 οὐδεὶς,
3012 765 3133 819 καθ’
3175 767 3233 820 ὃν
3264 768 3364 820 οὐκ
3396 769 3673 835 εὐωδιάζει

2107 859 2337 929 Χριστὸς
2371 860 2426 910 ἐν
2452 860 2517 927 τῇ
2537 857 2667 927 άγία
2702 860 2894 928 σκηνῇ.
2929 858 3224 919 τουτέστιν,
3268 862 3324 913 ἐν
3351 863 3415 931 τῇ
3451 862 3672 934 Ἐκκλη-

2109 950 2219 1020 σία.
2259 948 2593 1015 ’Λποιράσκει
2647 947 2704 1000 δέ
2753 947 3051 1014 παντελῶς,
3087 949 3147 1001 τὸ
3185 950 3295 1002 δεῖν
3345 951 3432 1004 ἐπ’
3485 953 3669 1019 αὑτοῦ,

2105 1040 2262 1108 δῆλον
2292 1038 2347 1090 δὲ
2377 1039 2458 1090 ὅτι
2491 1037 2584 1090 τοῦ
2615 1037 2999 1110 θυσιαστηρίου
3026 1038 3118 1091 τοῦ
3158 1040 3417 1110 Χριστοῦ,
3443 1042 3670 1115 σπονδὴν

2107 1129 2488 1191 κατακεῖσθαι,
2515 1130 2608 1182 καὶ
2656 1128 3071 1200 ἀναφέ[ρε]σθαι
3118 1131 3419 1202 κάρπωμα.
3453 1134 3667 1204 Κατήρ-

2105 1239 2268 1292 γηται
2294 1221 2402 1291 γὰρ
2439 1222 2493 1273 ἐν
2521 1220 2741 1290 Χριστῷ
2776 1220 2842 1272 τὰ
2870 1222 2928 1272 ἐν
2969 1220 3137 1291 νόμῳ,
3163 1223 3254 1274 καὶ
3282 1225 3363 1286 είς
3393 1223 3546 1287 τέλος
3577 1225 3666 1296 ἕρ..

2106 1331 2298 1367 πουσιν
2323 1313 2379 1366 αί
2410 1312 2579 1366 σκιαί.
2609 1310 2800 1374 Τοῦτο,
2831 1308 3005 1380 οἶμαι,
3038 1311 3152 1365 ἔστι
3187 1313 3384 1385 σπονδὴ
3423 1316 3517 1368 καὶ
3539 1317 3667 1388 κάρ-

2106 1424 2291 1477 πωμα.
2344 1406 2453 1458 Καὶ
2493 1407 2759 1476 μαρτυρεῖ
2786 1404 2959 1473 λέγων
3001 1407 3030 1458 ό
3078 1408 3383 1477 προφήτης·
3423 1425 3442 1459 ι
3479 1407 3664 1481 Ἐξῆρ.

2105 1515 2193 1552 ται
2226 1499 2284 1564 ἐξ
2333 1499 2483 1551 οίκου
2532 1498 2736 1568 Κυρίου
2773 1495 2931 1549 θυσία
2978 1497 3072 1550 καὶ
3138 1488 3358 1570 σπονδή.
3385 1518 3403 1551 ι
3463 1501 3667 1553 Ἀναδε-

2105 1589 2394 1661 δειγμένης
2435 1591 2544 1662 γὰρ
2587 1589 2686 1660 ἤδη
2726 1590 2824 1658 τῆς
2873 1590 2931 1642 ἐν
2981 1589 3253 1659 πνεύματι
3306 1591 3400 1643 καὶ
3447 1591 3667 1663 ἀληθεία

2108 1683 2535 1753 προσκυνήσεως
2574 1683 2666 1736 καὶ
2685 1681 2959 1752 λατρείας,
2993 1682 3246 1752 περιτταί
3270 1700 3385 1746 πως
3411 1684 3466 1735 αί
3498 1685 3668 1750 σκιαὶ,

2105 1775 2292 1828 καὶτὸ
2345 1775 2405 1827 ἐν
2454 1777 2644 1838 τύποις
2693 1775 2898 1828 εἰκαῖον
2933 1774 3024 1828 καὶ
3065 1775 3318 1844 ἀνόνητον
3361 1776 3664 1840 παντελῶς·

2105 1865 2266 1938 καινὴ
2291 1867 2396 1938 γὰρ
2444 1867 2620 1929 κτίσις
2653 1867 2711 1919 ἐν
2748 1864 2990 1938 Χριστῷ.
3037 1863 3151 1936 Τῆς
3183 1867 3292 1935 γάρ
3321 1867 3542 1940 χάριτος
3582 1871 3668 1924 ἐκο

2105 1956 2454 2011 πεπτώκασιν
2483 1958 2535 2010 οἱ
2569 1960 2626 2011 ἐν
2653 1957 2800 2028 νόμῳ
2843 1955 3209 2028 δικαιούμενοι
3246 1957 3379 2029 μετὰ
3435 1961 3535 2032 τὴν
3561 1962 3667 2033 τῆς

2104 2049 2360 2120 ἀληθείας
2417 2048 2707 2115 ἀνάδειξιν.
2769 2069 2787 2101 ι
2849 2050 2962 2104 Οὐκ
3019 2050 3255 2115 ἀνοίσεις
3296 2051 3386 2115 δὲ,
3418 2073 3436 2104 ι
3469 2055 3665 2125 φησὶν,

2112 2139 2252 2192 «ἐπὶ.
2293 2139 2355 2193 τὸ
2416 2140 2796 2212 θυσιαστήριον
2836 2139 3084 2211 θυμίαμα
3137 2141 3340 2211 ἕτερον.
3407 2160 3427 2194 ι
3482 2145 3668 2214 Παρα-

2104 2228 2368 2297 δεξόμεθα
2403 2227 2512 2299 γὰρ
2540 2229 2598 2281 ἐν
2635 2229 2855 2299 Χριστῷ
2888 2229 3070 2300 ἓτερον
3126 2229 3402 2293 παντελῶς
3460 2231 3668 2285 οὐδένα.

2115 2317 2305 2370 Ῥαὸὁὶ
2333 2318 2390 2371 δέ
2423 2317 2526 2370 τῶν
2555 2317 2723 2372 ὄντων
2766 2316 2999 2388 ἐροῦμεν
3030 2317 3222 2372 οὐδενί.
3262 2313 3359 2383 Εἷς
3381 2319 3492 2390 γὰρ
3515 2319 3671 2392 ἡμῶν

2102 2409 2418 2474 διδάσκαλος
2472 2409 2564 2462 καὶ
2617 2407 2966 2480 καθηγητὴς,
3031 2410 3124 2462 καὶ
3183 2409 3332 2481 αὐτῷ
3391 2409 3456 2482 δὴ
3527 2411 3674 2481 μόνῳ

2105 2500 2558 2571 προσκεισόμεθα,
2582 2499 2849 2568 λέγοντες,
2890 2519 2908 2550 ι
2943 2499 3131 2572 Μῦρον
3162 2499 3465 2554 ἐκκενωθέν
3496 2501 3672 2572 ὄνομά

2105 2607 2219 2645 σου.
2254 2592 2352 2645 Διὰ
2375 2591 2537 2645 τοῦτο
2563 2591 2798 2655 νεάνιδες
2830 2591 3121 2662 ὴγάπησάν
3161 2607 3244 2647 σε.
3273 2591 3544 2646 Εῑλκυσάν
3581 2610 3669 2664 με,

2102 2681 2276 2734 ὀπίσω
2321 2697 2413 2734 σου
2458 2683 2536 2745 είς
2587 2679 2764 2753 ὀσμὴν
2811 2679 2997 2751 μύρων
3041 2697 3133 2734 σου
3173 2679 3495 2752 δραμοῦσαι.
3533 2701 3552 2734 ι
3602 2683 3672 2736 Ἢ

2102 2772 2222 2843 οὐχὶ
2246 2771 2403 2826 τοῦτό
2431 2774 2545 2825 ἐστι
2573 2771 2654 2837 τὸ,
2693 2791 2711 2824 ι
2750 2771 2864 2825 Οὐκ
2889 2771 3123 2835 ἀνοίσεις
3145 2771 3233 2824 ἐπ’
3265 2772 3398 2826 αὐτὸ
3420 2773 3671 2844 θυμίαμα

2104 2863 2300 2933 ἕτερον
2328 2879 2344 2931 ;
2376 2881 2394 2914 ›
2436 2863 2613 2917 Μόνου
2645 2861 2753 2935 γὰρ
2774 2861 3012 2932 Χριστοῦ
3035 2863 3096 2917 τὸ
3123 2863 3318 2927 εὑῶδες
3345 2865 3403 2918 ἐν
3440 2863 3670 2936 Ἐκκλη-

2105 2953 2194 3027 ϐίᾳ.
2229 2957 2340 3019 τοῖς
2376 2972 2439 3024 γε
2477 2955 2692 3027 ἀληθῶς
2727 2955 3010 3027 ἐχέφροσιν
3057 2954 3312 3028 ἐξαρκοίη
3342 2956 3428 3022 ἂν,
3480 2957 3669 3027 ἐτέρας

2103 3049 2278 3119 ὀσμῆς
2320 3049 2420 3102 οὐκ
2452 3048 2785 3119 ἐφιεμένοις·
2844 3047 3097 3120 καθάπερ
3129 3047 3319 3118 ἀμέλει
3348 3047 3442 3102 καὶ
3473 3049 3525 3101 oi
3573 3048 3669 3102 τά·

2103 3141 2264 3206 λανες
2312 3141 2574 3195 Ἰουδαῖοι.
2604 3140 2676 3194 Τὸ
2716 3141 2813 3212 μὲν
2849 3143 2958 3213 γὰρ
3005 3139 3252 3212 θυμίαμα
3300 3141 3360 3193 τὸ
3418 3139 3669 3193 σύνθετον

2105 3233 2197 3284 καὶ
2259 3230 2491 3296 λεπτὸν,
2549 3229 2821 3294 τουτέστι,
2875 3228 3148 3300 Χριστὸν,
3210 3231 3329 3292 ταῖς
3389 3229 3667 3292 ἀπονοίαις

2104 3323 2563 3398 περιυϐρίζουσι-ι.
2598 3325 2708 3378 Καὶ
2731 3323 2989 3394 ἀμέτοχοι
3015 3323 3114 3394 μὲν
3149 3325 3250 3393 τῆς
3287 3323 3438 3392 ἱερᾶς
3465 3321 3668 3393 ταύτης

2103 3417 2135 3487 ἢ
2173 3416 2268 3470 καὶ
2309 3415 2460 3480 θείας
2500 3414 2712 3487 ἀληθῶς
2757 3415 3126 3486 μεμενήκασιν
3177 3413 3433 3477 εὐωδίας·
3484 3413 3668 3484 ἕτερον

2103 3509 2161 3562 δέ
2183 3509 2298 3562 ἀντ’
2348 3505 2513 3560 αὑτοῦ
2545 3505 2961 3578 παραδέξονται,
2996 3505 3087 3557 τὸν
3121 3505 3219 3574 τῆς
3255 3501 3485 3574 ἀνομίας
3529 3503 3664 3564 υἱὸν,

2111 3619 2130 3653 ι
2158 3600 2248 3654 τὸν
2291 3598 2664 3668 ἀντικείμενον
2709 3599 2803 3651 καὶ
2861 3596 3288 3668 ὑπεραιρόμενον
3335 3595 3428 3649 ἐπὶ
3484 3593 3670 3647 πάντα

2103 3691 2390 3761 λεγόμενον
2423 3689 2554 3742 Θεὸν
2585 3688 2616 3760 ἢ
2650 3687 2918 3758 σέϐασμα,
2951 3687 3090 3740 ὥστε
3117 3685 3278 3738 αὐτὸν
3317 3686 3397 3748 είς
3429 3683 3522 3737 τὸν
3545 3684 3668 3737 ναὸν

2101 3779 2197 3832 τοῦ
2237 3776 2392 3842 Θεοῦ,
2443 3775 2584 3830 κατὰ
2618 3775 2679 3830 τὸ
2711 3775 3114 3848 γεγραμμένον,
3163 3773 3405 3839 καθίσαι,
3445 3774 3667 3828 ἀποδει-

2105 3871 2332 3925 κνύοντα
2383 3869 2576 3924 ἐαυτὸν
2608 3869 2688 3922 ὅτι
2735 3868 2852 3921 ἐστὶ
2897 3867 3048 3930 Θεὸς,
3075 3885 3094 3919 ι
3131 3865 3190 3930 ὃς
3227 3865 3322 3919 καὶ
3361 3865 3460 3935 τὴν
3521 3863 3670 3916 θείαν

2106 3959 2310 4030 σκηνὴν
2337 3958 2710 4030 καταμιαίνει,
2760 3956 2964 4019 καπνὸς
2987 3955 3062 4008 ὢν
3109 3953 3408 4025 ἀλλότριος,
3457 3955 3552 4006 καὶ
3603 3952 3670 4004 ἶν’

2103 4049 2276 4112 οὕτως
2329 4051 2486 4114 εῐπω,
2542 4047 2818 4118 κακοσμία
2870 4044 3184 4114 διαθολική·
3253 4063 3274 4096 ι
3317 4043 3512 4096 Ἔσται
3562 4041 3671 4110 γάρ

2105 4141 2290 4205 αὐτοῦ,
2327 4161 2346 4192 ι
2409 4141 2595 4212 φησὶν,
2649 4158 2668 4192 ι
2693 4141 2728 4210 η
2767 4135 3038 4208 παρουσία
3080 4138 3198 4192 κατ’
3259 4134 3541 4207 ἐνέργειαν
3574 4131 3669 4185 τοῦ

2105 4235 2338 4287 Σατανᾶ.
2369 4251 2389 4287 ι

725 4375 867 4480 Quid
895 4408 1056 4477 dicis,
1093 4375 1364 4478 intelligo;
1397 4416 1480 4461 est
1505 4407 1652 4461 enim
1707 4405 2000 4475 perspicua

2175 4387 2381 4441 ΠΑΛΛ.
2423 4385 2650 4456 Συνίημι
2678 4383 2708 4437 ὃ
2745 4385 2870 4456 φής.
2900 4383 3011 4438 Καὶ
3052 4382 3160 4454 γάρ
3195 4381 3342 4435 ἐστιν
3384 4375 3618 4450 ἐναργὴς
3643 4377 3674 4428 ὁ

429 4520 520 4565 tua
549 4508 743 4563 oratio.

497 4599 656 4655 CYR.
698 4595 990 4668 Pr0pitiari
1019 4601 1200 4648 autem
1224 4604 1389 4658 super
1424 4588 1592 4642 altare
1629 4585 2001 4657 thymiamatis

423 4692 580 4766 jubet
598 4688 777 4744 Aaron
802 4686 970 4742 semel
1002 4685 1060 4738 in
1081 4695 1243 4744 anno,
1268 4687 1562 4750 ungentem
1589 4679 1850 4750 sanguine
1890 4694 1995 4748 pu-

427 4781 750 4838 riticationis
767 4782 1114 4850 peccatorum
1145 4769 1324 4840 capita
1346 4785 1615 4824 cornuum
1645 4787 1658 4822 :
1694 4788 1712 4819 ‹
1735 4768 1998 4824 Sanctum

428 4874 574 4929 enim
595 4878 909 4926 sanctorum
939 4871 1042 4929 est,
1072 4882 1090 4914 ι
1121 4862 1317 4931 inquit.
1342 4859 1495 4928 Quod
1529 4861 1626 4916 tibi
1653 4859 1999 4931 perspicuum

429 4960 594 5014 faciet
619 4960 812 5013 beatus
840 4954 1060 5017 Paulus,
1096 4950 1330 5006 dicens:
1369 4969 1387 5001 ‹
1417 4949 1673 5006 Christus
1710 4965 1842 5005 vero
1868 4949 2002 5004 assi-

431 5059 579 5105 stens
601 5048 845 5120 pontifex
868 5045 1179 5100 futurorum
1220 5042 1511 5107 bonorum,
1541 5057 1640 5112 per
1678 5042 1916 5112 amplius
1945 5051 2002 5097 et

429 5139 726 5211 perfectius
758 5133 1169 5191 tabernaculum
1193 5147 1300 5186 non
1349 5130 1741 5194 manufactum,
1792 5129 1847 5183 id
1890 5139 1993 5194 est,

429 5249 538 5290 non
563 5231 730 5300 hujus
760 5224 1084 5289 creationis;
1115 5236 1294 5291 neque
1319 5236 1418 5290 per
1458 5219 1777 5290 sanguinem
1810 5217 1994 5272 hirco-

430 5341 555 5382 rum
594 5332 648 5379 et
677 5330 982 5382 taurorum,
1019 5313 1114 5370 sed
1144 5328 1242 5383 per
1261 5310 1542 5382 proprium
1567 5309 1886 5380 sanguinem
1911 5308 1994 5362 in-

430 5420 617 5474 troivit
639 5413 809 5472 semel
832 5412 888 5466 in
913 5417 1118 5472 sancta,
1155 5415 1359 5461 acterna
1381 5403 1754 5473 redemptione
1800 5402 1994 5455 inven-

430 5519 482 5565 ta
514 5512 558 5542 ⁷ο
609 5528 627 5561 ι
655 5508 812 5568 Nam,
843 5511 906 5559 ut
934 5501 1079 5557 idem
1107 5511 1301 5554 rursus
1325 5494 1509 5550 dicitn
1528 5493 1713 5549 Semel
1727 5499 1996 5556 mortuus,

423 5641 426 5646 ·
500 5621 544 5656 θ’
568 5619 670 5671 lsa.
703 5633 796 5679 vn,
826 5614 880 5670 9.
957 5608 1300 5679 “Joel.i,r9.

1412 5605 1457 5640 "‘
1492 5604 1666 5661 Galat.
1692 5621 1746 5671 v,
1774 5605 1830 5659 4.
1893 5604 1939 5636 ⁵⁵
1967 5603 2138 5660 Exod.
2172 5619 2295 5670 xxx,
2327 5601 2379 5656 9.

431 5691 476 5722 ⁸³
506 5687 551 5742 ιι
580 5673 858 5749 Τιιοεε.ἰι,
880 5683 936 5748 3,
963 5683 1015 5735 4.
1045 5681 1090 5713 ⁸³
1122 5678 1284 5744 lbid.,
1323 5678 1376 5733 9.
1447 5678 1491 5710 ⁷⁰
1514 5675 1680 5732 Hebr.
1712 5691 1785 5741 ιιι,
1827 5673 1914 5740 Η,
1949 5674 2035 5727 12.

2105 4479 2277 4548 λόγος.

2172 4573 2336 4628 ΚΥΡ.
2391 4570 2767 4636 Ἐξιλάσασθαί
2794 4587 2864 4639 γε,
2899 4567 3003 4640 μὴν
3036 4567 3125 4620 ἐπὶ
3164 4564 3258 4619 τοῦ
3286 4561 3675 4632 θυσιαστηρίου

2103 4665 2195 4718 τοῦ
2239 4664 2606 4734 θυμιάματος,
2643 4662 2963 4733 προστάττει
3005 4658 3081 4729 τῷ
3146 4655 3355 4728 Ἀαρὼν
3389 4654 3535 4719 ἅπαξ
3573 4651 3675 4704 τοῦ

2101 4757 2348 4811 ἐνιαυτοῦ
2381 4756 2724 4828 καταχρίοντι
2750 4753 2828 4824 τῷ
2849 4754 3038 4823 αἵματι
3069 4749 3162 4803 τοῦ
3190 4744 3533 4816 καθαρισμοῦ
3562 4744 3673 4797 τῶν

2104 4848 2405 4920 ἁμαρτιῶν,
2438 4849 2538 4910 τὰς
2577 4863 2685 4900 των
2717 4844 2962 4916 κεράτων
3004 4840 3198 4913 ἀρχάς.
3220 4858 3238 4890 ι
3267 4839 3454 4905 Ἃγιον
3485 4830 3619 4906 γὰρ,
3644 4854 3666 4886 ι

2103 4942 2256 5010 φησὶ,
2281 4959 2299 4990 ε
2324 4939 2432 4992 τῶν
2466 4939 2634 5007 ἀγίων
2656 4937 2789 4990 ἐστί.
2820 4955 2838 4987 ›
2863 4934 2970 4988 Καὶ
3006 4931 3161 4986 τοῦτὸ
3187 4947 3267 4983 σοι
3305 4927 3471 4996 σαιρές
3502 4942 3671 4978 κατα-

2104 5033 2314 5102 στήσει,
2351 5030 2542 5098 λέγων,
2593 5029 2622 5081 ὁ
2660 5026 2942 5088 θεσπέσιος
2984 5023 3212 5085 Παῦλος·
3258 5039 3276 5071 ι
3339 5017 3573 5090 Χριστὸς
3615 5016 3672 5070 δὲ

2103 5124 2542 5194 παραγενόμενος
2559 5119 2846 5191 ἀρχιερεὺς
2864 5117 2973 5170 τῶν
2995 5116 3294 5188 μελλόντων
3320 5109 3560 5180 ἀγαθῶν,
3585 5108 3672 5162 διὰ

2102 5215 2198 5284 τῆς
2236 5214 2478 5282 μείζονος
2507 5213 2600 5265 καὶ⁵
2628 5209 2962 5281 τελεωτέρας
3009 5208 3230 5279 σκηνῆς,
3265 5205 3325 5258 οὐ
3360 5201 3672 5273 χειροποιήο

2099 5323 2215 5368 του,
2268 5306 2562 5370 τουτέστιν,
2597 5305 2657 5357 οὐ
2703 5302 2905 5373 ταύτης
2957 5302 3055 5372 τῆς
3108 5299 3372 5360 κτίσεως·
3429 5293 3552 5348 οὐδὲ
3605 5289 3670 5344 δι’

2101 5397 2328 5466 αἵματος
2356 5396 2574 5468 τράγων
2601 5396 2711 5464 κα“ι;
2721 5394 2956 5464 μόσχων,
2979 5393 3068 5446 διὰ
3093 5391 3148 5444 δέ
3167 5390 3260 5444 τοῦ
3287 5388 3416 5442 ἰδίου
3443 5386 3672 5455 αἵματος

2103 5487 2348 5559 εἰσῆλθεν
2375 5485 2593 5558 ἐφάπαξ
2625 5487 2705 5548 είς
2743 5484 2809 5538 τὰ
2843 5483 2992 5552 ἀγια,
3025 5481 3249 5536 αἰωνίαν
3276 5478 3548 5549 λύτρωσιν
3583 5470 3672 5526 si).

2494 5599 2540 5630 “
2567 5597 2757 5654 Matth.
2783 5611 2933 5661 χχιιι,
2975 5594 3026 5648 8.
3133 5593 3178 5626 ⁸⁷
3204 5592 3359 5648 Cant.
3389 5606 3428 5658 ι,
3456 5588 3510 5657 1,
3547 5585 3602 5642 2.
