3996 6212
303 368 404 427 625

1010 361 1098 416 DE
1138 360 1578 417 ADORATIONE
1618 360 1685 415 IN
1726 358 1993 415 SPIRITU
2034 358 2123 416 ET
2167 359 2529 415 VERITATE.
2584 358 2711 413 LIB.
2753 356 2841 412 ιχ.

3443 352 3548 411 626

306 482 559 551 ράμενος.
599 495 618 527 ι
658 475 749 540 Ὠς
778 474 886 546 γὰρ
913 474 1074 537 αὑτός
1103 491 1204 528 που
1234 474 1393 528 πάλιν
1426 474 1613 546 φησὶν,
1642 493 1661 526 ι
1695 472 1877 537 Ἀπαξ

1981 488 2089 529 non
2114 475 2348 547 amplius
2375 473 2629 537 moritur,
2664 486 2814 527 mors
2831 470 2910 526 illi
2934 470 3078 525 ultra
3111 485 3218 524 non
3242 468 3552 524 duminabi-

303 566 609 632 ἀποθανὼν,
634 565 817 618 οὐκέτι
847 562 1199 635 ἀποθνήσκει,
1232 560 1456 626 θάνατος
1495 562 1661 617 αὐτοῦ
1687 561 1870 616 οῠκέτι

302 658 599 732 κυριεύσει.
656 658 720 712 ’0
762 656 872 727 γὰρ
916 655 1175 719 ἀπέθανε,
1220 657 1289 725 τῇ
1325 654 1570 727 ἁμαρτίᾳ
1602 654 1871 709 ἀπέθανεν

301 748 544 820 ἐφάπαξ
601 749 632 802 δ
676 747 733 801 δὲ
771 747 861 819 ζῇ,
911 746 976 819 ζῇ
1016 746 1094 817 τῷ
1131 745 1268 818 Θεῷ.
1312 765 1332 798 ι
1375 745 1559 817 Εἰσῄει
1605 746 1784 799 τοίνυν
1843 746 1873 798 ὁ

300 843 586 905 θεσπέσιος
613 839 823 913 Ἀαρὼν
841 840 921 904 είς
948 838 1018 894 τὰ
1049 839 1215 907 Ἅγια
1243 838 1351 892 τῶν
1374 838 1567 908 ἁγίων,
1598 837 1746 903 ἅπαξ
1776 835 1871 890 τοῦ

298 928 568 995 ἐνιαυτοῦ,
596 929 664 983 δι’
682 928 913 999 αἵματος
939 926 1035 980 τοῦ
1061 926 1404 998 καθαρισμοῦ
1430 925 1540 980 τῶν
1568 924 1868 999 ἁμαρτιῶν.

297 1024 408 1076 Καὶ
448 1022 550 1093 ὅρα
583 1020 818 1092 Χριστὸν
852 1021 909 1073 ὲν
934 1018 1175 1073 τουτοισὶ
1200 1018 1385 1085 πάλιν,
1415 1019 1607 1090 αἵματι
1649 1017 1721 1090 τῷ
1757 1017 1874 1089 ἰδίῳ

293 1114 397 1184 τῆς
424 1114 681 1166 ἁπάντων
707 1109 977 1182 σωτηρίας
999 1111 1094 1164 καὶ
1123 1108 1285 1180 ζωῆς,
1320 1109 1606 1180 μονονουχὶ
1626 1108 1718 1163 τὸν
1744 1108 1874 1162 ίδιον

295 1203 730 1276 καταρῤαίνοντα
762 1200 1013 1273 σταυρόν.
1047 1198 1287 1272 Σταυροῦ
1332 1199 1440 1273 γὰρ
1470 1200 1642 1264 τύπος
1676 1200 1743 1255 τὰ
1784 1199 1877 1253 κέ-

298 1313 460 1366 ρατα,
514 1295 638 1368 τῇδε
670 1294 893 1349 κάκεῖσε
936 1292 1013 1356 ὡς
1054 1294 1113 1346 ἐν
1158 1291 1308 1357 τάξει
1354 1290 1555 1364 χειρῶν
1601 1291 1875 1363 ἀποτάδην

294 1386 678 1442 ὲκνενευκότα.
725 1384 934 1440 Οὐκοῦν
985 1383 1320 1439 ἀποθανόντα
1370 1382 1469 1454 μὲν
1507 1381 1655 1449 ἅπαξ
1704 1383 1876 1437 ἐννόει

294 1478 554 1550 Χριστὸν,
589 1478 777 1547 Ἀγιον
801 1475 859 1529 δὲ
887 1474 995 1530 τῶν
1024 1474 1196 1544 ἁγίων
1223 1474 1373 1539 ὄντα,
1408 1474 1550 1529 κατὰ
1584 1474 1765 1544 φύσιν,
1801 1475 1878 1540 ὡς

294 1569 453 1624 Θεόν.
488 1569 602 1623 Καὶ
642 1568 755 1640 γάρ
805 1569 952 1621 ἐστιν
992 1566 1197 1638 ἀληθὴς
1245 1556 1520 1637 Ἰωάννης,
1558 1565 1753 1635 λέγων,
1794 1565 1876 1619 ὅτι

303 1682 323 1715 ι
354 1662 453 1716 Ἕκ
470 1659 570 1715 τοῦ
587 1659 949 1733 πληρώματος
965 1659 1130 1715 αὐτοῦ
1152 1660 1313 1730 ἡμεῖς
1329 1657 1529 1721 πάντες
1543 1657 1827 1729 ἐλάϐομεν.
1849 1676 1870 1711 ι

293 1752 537 1828 Χριστοῦ
566 1751 677 1827 γὰρ
702 1753 926 1824 μέτοχος
946 1753 979 1823 ή
1002 1751 1153 1806 πᾶσά
1179 1751 1293 1804 ἐστι
1333 1748 1504 1821 ὁρατή
1531 1750 1626 1804 καὶ
1647 1750 1876 1821 ἀόρατος

277 793 287 844 1

295 1825 499 1911 κτίσις.
545 1825 801 1916 Ἀγγελοί
828 1861 888 1898 τε
916 1844 1023 1916 γὰρ
1054 1843 1149 1899 καὶ
1176 1843 1527 1916 ἀρχάγγελοι,
1554 1842 1648 1897 καὶ
1687 1840 1760 1897 τὰ
1793 1842 1874 1897 ἔτι
1907 1825 1949 1881 Β

292 1938 503 1994 τούτων
535 1938 812 2002 ἐπέκεινα,
837 1937 933 1991 καὶ
959 1936 1098 1990 αὐτὰ
1128 1935 1186 1989 δὲ
1212 1934 1283 1989 τὰ
1307 1934 1607 2007 Χερουϐὶμ,
1636 1934 1734 2005 οὐχ
1757 1934 1875 1988 ἐτέ-

295 2048 412 2102 ρως
460 2030 612 2100 ἅγια,
674 2028 814 2099 πλὴν
862 2029 945 2082 ὅτι
985 2026 1075 2084 διὰ
1128 2026 1291 2099 μόνου
1330 2026 1589 2099 Χριστοῦ,
1634 2028 1692 2081 ὲν
1733 2026 1874 2098 άγίῳ

293 2122 599 2195 Πνεύματι.
631 2122 802 2186 Αὐτὸς
830 2118 923 2175 οὖν
950 2120 1059 2192 ἄρα
1088 2120 1205 2174 ἐστὶ
1232 2120 1296 2174 τὸ
1334 2119 1737 2193 θυσιαστήριον,
1778 2119 1876 2172 αύ-

292 2216 390 2281 τὺς
416 2216 475 2270 δὲ
497 2215 559 2269 τὺ
592 2214 863 2286 θυμίαμα,
910 2213 1006 2267 καὶ
1035 2212 1345 2286 ἀρχιερεὺς,
1380 2212 1541 2277 αὐτὸς
1577 2212 1635 2265 δὲ
1676 2211 1875 2283 ὁμοίως

292 2307 358 2361 τὸ
388 2303 530 2380 αἷμα
552 2304 646 2360 τοῦ
676 2303 1018 2377 καθαρισμοῦ
1047 2303 1351 2377 ἁμαρτιῶν.

368 2399 579 2455 ΠΔΛΛ.
622 2396 731 2452 Ναὶ
782 2396 961 2466 λέγεις
1007 2394 1202 2467 ὀρθῶς.
1234 2394 1381 2467 Πλὴν
1426 2396 1456 2450 ὅ
1514 2396 1567 2449 τί
1604 2396 1734 2451 ποτέ
1761 2399 1876 2451 ἐστι

290 2490 391 2544 τοῦ
427 2487 767 2561 καθαρισμοῦ
807 2489 917 2542 τῶν
954 2487 1238 2559 ἁμαρτιῶν
1282 2487 1343 2541 τὸ
1377 2481 1537 2559 αἷμα,
1574 2488 1760 2558 σαφῶς
1790 2490 1875 2543 ὲν-

289 2579 440 2634 νοεῖν
466 2576 569 2630 οὐκ
589 2575 719 2646 ἔχω.

366 2666 536 2721 ΚΥΡ.
576 2665 984 2739 Προανατυπῶν
1012 2665 1041 2718 ό
1073 2664 1237 2736 νόμος
1262 2664 1362 2737 τὴν
1385 2663 1454 2718 δι’
1474 2664 1705 2736 αἵματος
1734 2665 1874 2720 άπο-

294 2757 568 2830 κάθαρσιν
614 2757 711 2813 καὶ
749 2757 809 2812 τὸ
857 2757 1007 2830 θῦμα
1045 2758 1106 2811 τὸ
1154 2756 1320 2829 ἱερὸν,
1352 2758 1494 2830 φημὶ
1522 2757 1587 2831 δὴ
1616 2759 1874 2831 Χριστὸν,

292 2851 366 2905 δι’
394 2842 455 2903 οῦ
484 2849 581 2904 καὶ
616 2848 958 2920 σεσώσμεθα,
985 2848 1076 2902 τὸν
1100 2848 1158 2916 ἐξ
1181 2849 1457 2921 ἁμαρτίας
1483 2850 1876 2922 ὲντετηγμένον

295 2945 430 3016 ἡμῖν
455 2941 918 3014 διαδιδράσκοντες
942 2941 1234 3013 μολυσμὸν,
1265 2934 1369 2996 ὧδὲ
1397 2941 1474 3013 πή
1514 2958 1680 3014 φησιν
1711 2944 1768 2997 ὲν
1799 2943 1877 3015 τῷ

292 3033 602 3106 Λευῖτικῷ·
665 3052 684 3086 ι
730 3033 854 3089 Ἐὰν
918 3033 977 3087 δὲ
1023 3035 1199 3098 πᾶσα,
1235 3052 1255 3086 ι
1318 3034 1484 3104 φησι,
1537 3052 1557 3086 ι
1589 3034 1876 3107 συναγωγὴ

1973 574 2096 632 tur;
2124 565 2272 636 quod
2304 565 2452 620 enim
2478 571 2726 619 mortuus
2773 569 2858 617 est
2896 570 3121 632 peccato
3167 568 3419 615 mortuus
3468 567 3554 616 est

1971 658 2173 723 semel;
2214 655 2360 726 quod
2405 665 2587 711 autem
2619 654 2776 718 vivit,
2823 652 2958 708 vivit
2978 653 3089 707 Deo
3114 652 3180 705 '".
3208 670 3225 703 ›
3276 651 3553 723 ingredie-

1970 748 2134 803 batur
2158 748 2341 818 itaque
2368 747 2569 809 virgille
2593 745 2932 801 admirabilis
2946 746 3124 799 Aaron
3146 743 3201 798 in
3216 743 3413 800 Sancta
3430 758 3559 799 san-

1970 849 2183 895 ctorum
2205 839 2595 894 semelin’anno
2613 852 2711 907 per
2729 836 3050 906 sanguinem
3077 835 3411 906 purgationis
3424 850 3555 906 pec-

1972 940 2241 988 catorum.
2265 932 2401 989 Vide
2438 939 2621 987 autem
2649 945 2839 985 rursus
2864 930 2920 984 in
2960 929 3065 983 hoc
3098 929 3217 999 ipso
3246 927 3548 993 Christum,

1971 1025 2237 1097 sanguine
2266 1039 2365 1079 suo
2397 1038 2497 1096 pro
2530 1022 2704 1077 salute
2743 1021 2990 1077 omnium
3014 1035 3079 1075 ac
3095 1020 3207 1074 vita
3229 1033 3384 1075 suam
3422 1034 3551 1075 cru-

1971 1130 2091 1173 cem
2110 1116 2513 1190 quodammodo
2538 1123 2939 1185 aspergentem;
2960 1112 3141 1167 crucis
3157 1112 3361 1182 quippe
3383 1111 3552 1183 ﬁgura

1973 1221 2102 1269 sunt
2116 1195 2467 1279 cornua,qua2
2489 1220 2750 1261 manuum
2772 1206 2943 1260 instar
2958 1203 3215 1273 utrinque
3232 1211 3552 1273 exporrecta
3606 1186 3617 1190 ’

1973 1303 2307 1375 prominent.
2334 1300 2504 1372 Igitur
2529 1306 2809 1354 mortuum
2838 1296 3060 1368 quidem
3083 1295 3251 1351 semel
3273 1295 3554 1350 Christum

1974 1394 2237 1466 intellige,
2264 1392 2361 1448 sed
2383 1391 2636 1447 eumdem
2658 1405 2726 1445 ex
2740 1396 2936 1444 natura
2953 1387 3214 1444 Sanctum
3241 1393 3551 1441 sanctorum

1973 1500 2094 1542 esse
2125 1493 2385 1555 tanquam
2425 1482 2619 1538 Deum.
2665 1482 2762 1536 Est
2789 1481 2937 1536 enim
2965 1494 3134 1535 verax
3170 1478 3433 1541 Joannes,
3459 1477 3553 1554 qui

1974 1579 2052 1635 ait
2079 1595 2092 1633 :
2126 1597 2144 1630 ι
2171 1577 2253 1632 Ex
2285 1575 2625 1648 plenitudine
2640 1575 2759 1646 ejus
2780 1589 2883 1629 nos
2898 1586 3089 1627 omnes
3100 1570 3413 1641 accepimus
3430 1571 3499 1636 τίς
3529 1591 3545 1621 ι

1974 1676 2061 1724 est
2116 1667 2263 1724 enim
2293 1665 2498 1722 Christi
2524 1665 2800 1736 particeps
2822 1663 3076 1719 universa
3096 1677 3209 1717 non
3233 1659 3397 1715 modo
3418 1660 3552 1714 visi-

1974 1757 2123 1824 bilis,
2158 1756 2254 1812 sed
2271 1757 2438 1813 etiam
2462 1754 2754 1811 invisibilis
2796 1759 3070 1809 creatura.
3097 1750 3290 1822 Angeli
3313 1766 3551 1821 namque

1977 1853 2034 1902 et
2053 1845 2387 1917 archangeli,
2410 1844 2517 1899 illa:
2538 1844 2705 1899 etiam
2727 1857 2850 1914 quae
2872 1857 3039 1913 supra
3051 1841 3152 1896 hos
3169 1847 3298 1895 sunt
3318 1845 3548 1903 naturae,

1977 1939 2096 2009 ipsa
2118 1937 2358 2008 denique
2382 1935 2711 2002 Cherubim,
2744 1950 2859 1990 non
2884 1934 3046 1989 aliter
3066 1948 3231 2003 quam
3254 1947 3354 2003 per
3388 1930 3553 1987 Chri-

1977 2036 2122 2084 stum
2142 2029 2319 2084 solum
2343 2029 2400 2083 in
2423 2035 2613 2084 sancto
2642 2026 2854 2098 Spiritu
2880 2032 3069 2082 sancta
3097 2032 3245 2080 sunt.
3285 2024 3407 2095 Ipse
3457 2023 3558 2095 igi-

1978 2130 2069 2176 tur
2084 2130 2170 2177 est
2190 2122 2380 2189 altare,
2405 2121 2521 2192 ipse
2539 2121 2860 2193 thymiama,
2885 2128 3244 2189 summusque
3265 2114 3551 2183 sacerdos;

1978 2213 2093 2284 ipse
2114 2212 2247 2268 item
2281 2213 2503 2284 sanguis
2529 2211 2873 2283 purgationis
2894 2215 3269 2280 peccatorum.

2046 2397 2245 2453 PALL.
2271 2398 2441 2453 Recte
2461 2412 2589 2452 sane
2618 2395 2777 2451 dicis.
2805 2393 2912 2450 Sed
2938 2393 3072 2466 quid
3094 2391 3316 2448 tandem
3343 2391 3416 2446 sit
3433 2404 3560 2446 san-

1977 2488 2100 2559 guis
2129 2487 2474 2559 purgationis
2519 2493 2895 2557 peccatorum,
2929 2483 3219 2556 perspicue
3252 2481 3558 2554 intelligere

1977 2593 2215 2649 nequeo.

2046 2668 2203 2725 CYR.
2226 2667 2363 2724 Cum
2396 2666 2774 2740 praefiguraret
2795 2667 2885 2722 lex
2912 2667 3062 2722 illam
3086 2682 3188 2738 per
3235 2667 3557 2739 sanguinem

1977 2761 2380 2850 purgationem,
2417 2769 2474 2817 et
2506 2775 2716 2816 sacram
2750 2760 2901 2815 illam
2939 2758 3218 2815 victimam
3256 2756 3558 2834 (Christum

1950 2853 2244 2927 .intelligo)
2268 2870 2369 2925 per
2395 2870 2560 2925 quem
2593 2854 2727 2910 salvi
2748 2852 2880 2909 facti
2936 2867 3148 2918 sumus,
3182 2859 3240 2907 et
3291 2851 3556 2915 maculas,

1978 2963 2046 3003 ex
2102 2954 2329 3018 peccato
2380 2946 2544 3002 nobis
2582 2946 2793 3002 inustas
2855 2944 3114 3010 eluimus,
3152 2943 3221 2998 ad
3266 2943 3417 2998 hunc
3443 2941 3560 2997 fere

1978 3039 2203 3095 modum
2230 3039 2369 3097 dixit
2391 3039 2448 3094 in
2472 3038 2719 3094 Levitico
2745 3055 2758 3091 :
2798 3057 2816 3090 ι
2856 3035 2914 3091 Si
2941 3044 3125 3091 autem
3147 3035 3402 3091 universa
3424 3050 3558 3089 con-

304 3125 529 3199 Ἰσραὴλ
571 3125 836 3197 ἀγνοήσῃ,
867 3125 962 3179 καὶ
1006 3123 1145 3197 λάθῃ
1176 3125 1328 3196 ῥῆμα
1357 3124 1416 3189 ἐξ
1453 3124 1745 3197 ὀφθαλμῶν
1777 3125 1875 3198 τῆς

1981 3134 2222 3205 gregatio
2243 3132 2407 3189 Israel
2444 3130 2801 3204 ignoraverit,
2845 3137 2901 3184 ct
2955 3125 3340 3184 absconditum
3394 3122 3565 3179 fuerit

296 3218 642 3288 συναγωγῆς,
670 3218 765 3270 καὶ
796 3218 1061 3289 ποιήσωσι
1093 3217 1222 3289 μίαν
1243 3217 1350 3272 ἀπὺ
1379 3217 1568 3273 πασῶν
1595 3217 1703 3273 τῶν
1725 3220 1872 3273 ἐντο-

295 3310 407 3366 λῶν
424 3310 651 3382 Κυρίου,
670 3309 779 3382 ἢοὺ
796 3309 1172 3382 ποιηθήσεται,
1190 3310 1285 3364 καὶ
1302 3311 1758 3383 πλημμελήσωσι,
1778 3310 1873 3366 καὶ

293 3400 515 3473 γνωσθῇ
541 3401 726 3464 αὐτοῖς
762 3400 1084 3474 ήὰμαρτία,
1123 3400 1189 3473 ήν
1214 3402 1456 3474 ἥμαρτον
1488 3402 1546 3456 ὲν
1586 3402 1744 3475 αὐτῇ.
1780 3403 1871 3457 καὶ

297 3493 563 3566 προσάξει
577 3494 612 3564 ή
632 3496 923 3565 συναγωγὴ
938 3492 1137 3565 μόσχον
1152 3494 1215 3546 ὲκ
1230 3493 1368 3564 βοῶν
1385 3494 1615 3566 ἄμωμον
1630 3495 1758 3567 περὶ
1775 3496 1872 3567 τῆς

298 3587 595 3658 ἁμαρτίας,
621 3585 717 3639 καὶ
764 3585 1022 3656 προσάξει
1058 3584 1218 3638 αὐτὸν
1263 3585 1415 3658 παρὰ
1451 3585 1550 3651 τὰς
1578 3586 1746 3659 θύρας
1776 3586 1872 3642 τοῦ

301 3677 607 3750 μαρτυρίου
623 3677 722 3748 τῆς
737 3677 961 3749 σκηνῆς,
981 3678 1075 3732 καὶ
1086 3676 1437 3749 ἐπιθήσουσιν
1449 3678 1497 3731 oi
1515 3678 1874 3752 πρεσϐύτεροι

296 3770 404 3841 τῆς
432 3768 756 3839 συναγωγῆς
794 3768 893 3832 τὰς
920 3770 1108 3840 χεῖρας
1156 3767 1341 3821 αὐτῶν
1369 3768 1462 3823 ἐπὶ
1499 3768 1597 3839 τὴν
1635 3769 1877 3841 κεφαλὴν

299 3861 395 3916 τοῦ
415 3861 616 3933 μόσχου
633 3860 812 3914 ἔναντι
832 3860 1057 3933 Κυρίου,
1081 3861 1175 3914 καὶ
1198 3859 1458 3931 σφάξουσι
1480 3861 1679 3933 μόσχον
1702 3861 1876 3918 ἔναντι

300 3954 535 4025 Κυρίου,
559 3953 654 4006 καὶ
680 3951 901 4007 εἰσοίσει
935 3954 964 4006 ό
999 3954 1187 4025 ἱερεὺς·
1207 3952 1425 4023 χριστὸς
1458 3953 1566 4007 ἀπὸ
1592 3952 1684 4007 τοῦ
1708 3954 1876 4025 αἵμα-

300 4064 395 4112 τος
415 4045 511 4100 τοῦ
551 4045 752 4118 μόσχου
785 4046 865 4109 είς
894 4045 994 4116 τὴν
1033 4045 1238 4117 σκηνὴν
1264 4043 1360 4098 τοῦ
1412 4046 1735 4116 μαρτυρίου.
1767 4046 1879 4099 Καὶ

305 4136 469 4208 βάψει
513 4138 543 4191 ό
585 4137 763 4209 ἱερεὺς
806 4135 897 4189 τὸν
943 4134 1202 4191 δάκτυλον
1253 4134 1362 4189 ἀπὸ
1392 4134 1487 4188 τοῦ
1521 4136 1753 4207 αἵματος
1783 4135 1884 4189 τοῦ

308 4228 532 4299 μόσχου,
551 4227 645 4282 καὶ
667 4228 820 4300 ῥανεῖ
840 4226 1068 4289 ἑπτάκις
1089 4225 1267 4280 ἔναντι
1290 4223 1492 4297 Κυρίου
1511 4226 1629 4278 κατ’
1651 4223 1880 4281 ἐνώπιον

303 4317 399 4372 τοῦ
423 4317 913 4388 καταπετάσματος
947 4316 1042 4370 τοῦ
1068 4316 1244 4386 ἁγίου,
1274 4315 1367 4370 καὶ
1394 4316 1503 4370 ἀπὸ
1529 4313 1624 4370 τοῦ
1651 4316 1882 4388 αἵματος

306 4409 557 4482 ἐπιθήσει
595 4408 625 4461 ό
673 4408 848 4479 ἱερεὺς
886 4408 979 4461 ἐπὶ
1019 4407 1087 4460 τὰ
1120 4406 1328 4479 κέρατα
1365 4405 1460 4460 τοῦ
1491 4405 1880 4483 θυσιαστηρίου

1979 3225 2212 3281 verbum
2236 3225 2305 3280 ab
2330 3224 2504 3281 oculis
2529 3221 2990 3296 congregationis,
3020 3226 3078 3275 et
3107 3218 3342 3274 fecerint
3387 3233 3559 3271 unum

1977 3318 2135 3390 311
2162 3316 2231 3372 ab
2260 3316 2518 3371 omnibus
2533 3315 2805 3370 mandatis
2830 3311 3068 3376 Domini,
3094 3308 3247 3379 quod
3268 3324 3378 3363 non
3399 3323 3563 3378 opor-

1978 3416 2058 3465 tet
2088 3408 2229 3475 fieri,
2266 3417 2323 3464 et
2368 3407 2736 3478 deliquerint,
2785 3412 2842 3461 et
2879 3404 3157 3475 cognitum
3213 3400 3382 3457 fuerit
3427 3398 3560 3469 ipsis

1978 3509 2266 3571 peccatum
2301 3499 2355 3554 in
2391 3514 2501 3570 quo
2524 3505 2913 3569 peccaverunt,
2942 3496 3179 3552 adducet
3203 3490 3562 3563 congregatio

1977 3593 2212 3650 vitulum
2234 3609 2301 3650 ex
2319 3593 2498 3650 bobus
2515 3592 2920 3649 immaculatum
2940 3594 3303 3660 propeccato,
3322 3588 3378 3639 et
3391 3580 3564 3639 adduc

1980 3693 2069 3742 cet
2102 3702 2230 3743 eum
2279 3697 2452 3756 prope
2497 3681 2698 3738 ostium
2748 3678 3089 3735 tabernaculi
3138 3674 3458 3740 testimonii,
3507 3680 3563 3729 et

1981 3783 2266 3852 imponent
2288 3776 2533 3833 seniores
2551 3770 2992 3846 congregationis
3012 3785 3208 3825 manus
3230 3782 3357 3823 suas
3399 3780 3565 3835 super

1982 3881 2147 3944 caput
2171 3870 2329 3926 vituli
2361 3884 2548 3924 coram
2567 3867 2820 3931 Domino,
2847 3876 2905 3921 et
2935 3862 3299 3922 immolabant
3327 3862 3560 3918 vitulum

1983 3978 2169 4021 coram
2186 3962 2440 4026 Domino,
2468 3967 2525 4015 et
2551 3958 2752 4014 inferet
2785 3958 3041 4014 sacerdos
3079 3963 3278 4011 unctus
3321 3953 3389 4008 de
3434 3968 3560 4007 san—

1985 4056 2150 4129 guine
2169 4053 2329 4108 vituli
2354 4052 2411 4106 in
2434 4050 2852 4105 tabernaculum
2876 4047 3199 4111 testimonii,
3233 4053 3291 4101 et
3330 4043 3561 4114 intinget

1985 4146 2241 4204 sacerdos
2284 4143 2516 4214 digitum
2560 4142 2629 4197 de
2673 4141 2935 4211 sanguine
2982 4138 3162 4193 vituli.
3199 4137 3269 4191 Et
3313 4143 3563 4206 asperget

1986 4238 2190 4309 septies
2212 4249 2397 4292 coram
2419 4233 2653 4289 Domino
2682 4247 2712 4287 e
2741 4231 2963 4301 regione
2994 4236 3185 4286 contra
3218 4227 3398 4283 velum
3433 4242 3561 4282 san-

1987 4328 2205 4395 ctuarii,
2228 4336 2285 4382 et
2311 4325 2380 4381 de
2418 4323 2681 4396 sanguine
2704 4322 2948 4392 imponet
2969 4320 3226 4377 sacerdos
3255 4334 3421 4389 super
3440 4333 3562 4374 cors

1988 4437 2096 4476 nua
2128 4419 2316 4477 altaris
2337 4416 2542 4472 incensi
2590 4413 3022 4486 compositionis,
3054 4411 3200 4483 quod
3246 4418 3332 4466 est
3376 4423 3560 4464 coram

307 4500 416 4556 τῶν
463 4500 827 4578 θυμιαμάτων
875 4500 977 4571 τῆς
1010 4498 1344 4565 συνθέσεως,
1398 4499 1426 4552 ὅ
1455 4500 1603 4552 ἐστιν
1653 4498 1877 4554 ἐνώπιον

1986 4512 2242 4577 Domino,
2294 4508 2441 4581 quod
2481 4516 2566 4564 est
2608 4506 2666 4562 in
2700 4504 3052 4560 tabernaculo
3081 4500 3381 4558 testimonii
3434 4499 3497 4553 ⁷³.
3535 4518 3553 4549 ι

308 4591 537 4665 Κυρίου,
590 4590 619 4645 ὃ
656 4591 805 4644 ἐστιν
840 4593 896 4645 ὲν
923 4593 989 4662 τῇ
1026 4593 1198 4662 σκηνῇ
1229 4590 1321 4644 τοῦ
1350 4588 1670 4663 μαρτυρίου.
1716 4610 1734 4642 ι
1771 4593 1880 4646 Καὶ

276 4684 643 4757 ’πλατύτερον
675 4685 773 4754 μὲν
806 4683 933 4755 περί
964 4700 1029 4753 γε
1070 4682 1275 4738 τούτων
1311 4684 1444 4755 ήμίν
1474 4682 1618 4737 κατὰ
1656 4685 1880 4756 καιροὺς

309 4777 621 4847 εἰρήσεται’
662 4774 819 4847 άθρει
850 4773 907 4828 δὲ
935 4773 1009 4839 ὡς
1053 4775 1113 4851 ὲν
1146 4773 1331 4845 μόσχῳ
1365 4772 1523 4829 πάλιν
1555 4774 1695 4846 ὑπὲρ
1721 4774 1879 4846 ήμῶν

312 4866 652 4938 σφαζόμενον
698 4866 792 4920 τὸν
852 4864 1215 4937 Ἐμμανουήλ,
1266 4864 1360 4918 καὶ¹
1411 4865 1684 4936 ἁμαρτίας
1735 4866 1883 4936 ἡμᾶς

310 4958 740 5024 άπαλλάττοντα,
803 4957 897 5013 καὶ
948 4956 1241 5022 ὲξιστῶντα
1289 4955 1465 5026 δίκης,
1540 4955 1636 5009 καὶ
1690 4956 1884 5027 ποινῆς

310 5050 673 5122 ἀποφέροντα,
724 5051 820 5103 καί¹
864 5048 954 5103 διὰ
986 5048 1085 5120 τῆς
1125 5046 1370 5119 μείζονος
1417 5047 1510 5099 καὶ
1539 5046 1882 5120 τελειοτέρας

315 5141 461 5197 ἰόντα
492 5144 718 5214 σκηνῆς,
765 5142 826 5195 ού
859 5141 946 5196 διὰ
980 5141 1195 5213 μόσχων
1240 5140 1334 5194 καὶ
1379 5139 1619 5212 τράγων,
1652 5138 1789 5193 ἀλλὰ
1815 5139 1881 5194 δι’

314 5234 542 5305 αἵματος
589 5232 685 5287 τοῦ
724 5232 877 5297 ἰδίου,
927 5233 1021 5289 καὶ
1053 5231 1281 5286 θανάτου
1318 5229 1611 5301 προσάπαξ
1642 5230 1881 5300 ἀπογευ-

317 5326 569 5399 σάμενον.
612 5325 738 5380 Ἐπὶ
775 5324 933 5391 ξύλου
971 5324 1081 5396 γὰρ
1110 5324 1223 5379 ἄνω
1259 5323 1429 5395 λόγχῃ
1456 5322 1746 5392 διανοιγεὶς
1784 5321 1885 5392 τὴν

314 5417 574 5490 πλευρὰν,
618 5414 759 5490 αἷμά
781 5435 841 5470 τε
882 5418 977 5471 καὶ
1015 5416 1159 5488 ὕδωρ
1188 5415 1494 5482 ἐξέϐλυσεν.
1529 5414 1711 5479 Τύπος
1742 5414 1786 5468 δ’
1817 5412 1883 5466 ἂν

313 5503 420 5561 εἷεν
468 5507 727 5580 σταυροῦ,
774 5506 916 5579 καθᾷ
952 5505 1046 5561 καὶ
1088 5505 1392 5576 φθάσαντες
1418 5504 1664 5575 εἴπομεν,
1691 5504 1747 5557 αί
1772 5503 1880 5556 τῶν

314 5598 554 5669 κεράτων
577 5599 778 5668 ὲξοχαί.

385 5777 614 5833 "Rom.
666 5793 737 5844 τι,
779 5777 832 5844 9,
890 5778 972 5831 lO.
1050 5779 1095 5809 ⁷²
1169 5775 1324 5831 Joan.
1375 5791 1413 5842 ι,
1469 5773 1549 5828 l6.

1986 4604 2198 4673 Quibus
2241 4601 2310 4659 de
2354 4601 2523 4658 rebus
2563 4597 2841 4670 copiosius
2894 4611 2926 4650 a
2951 4593 3114 4650 nobis
3165 4592 3302 4647 alias
3322 4591 3556 4645 dicetur.

1983 4696 2284 4755 Considera
2312 4707 2502 4749 rursus
2526 4691 2680 4746 illum
2700 4684 3020 4743 Emmanuel
3054 4691 3116 4738 ut
3161 4683 3217 4737 in
3259 4681 3561 4750 vitulo-pro

1986 4783 2451 4852 nobisimmolari,
2470 4792 2526 4839 et
2545 4797 2647 4837 nos
2668 4797 2710 4844 .a
2735 4779 2976 4851 peccatis
2998 4776 3264 4839 liberare,
3280 4779 3337 4829 et
3372 4787 3403 4826 a
3427 4784 3563 4840 supn

1988 4880 2153 4953 plicio
2175 4878 2436 4940 eximere,
2480 4882 2537 4930 et
2580 4889 2612 4929 a
2637 4870 2816 4943 poenis
2858 4869 3097 4940 eripere,
3153 4873 3213 4920 et.
3238 4878 3336 4935 per
3382 4858 3560 4931 majus

1990 4948 2150 5036 atque
2172 4962 2468 5035 perfectius
2497 4958 2912 5015 tabernaculum
2940 4954 3170 5027 ingredi,
3211 4967 3322 5008 non
3346 4966 3445 5022 per
3474 4948 3561 5003 vi-

1989 5061 2152 5123 tulos,
2201 5064 2296 5113 aut
2325 5056 2541 5118 hircos,
2570 5051 2667 5108 sed
2692 5067 2790 5123 per
2815 5049 3098 5121 proprium
3126 5044 3447 5117 sanguinem
3501 5051 3563 5097 et

1993 5154 2226 5204 mortem
2259 5144 2426 5201 semel
2460 5149 2680 5214 gustare
2710 5160 2731 5199 ι,
2754 5155 2902 5205 nam,
2931 5152 3056 5193 cum
3102 5133 3357 5192 sublimis
3385 5131 3443 5187 in
3485 5130 3556 5185 li-

1989 5255 2095 5313 gno
2116 5238 2401 5310 penderet,
2429 5235 2550 5307 ejus
2575 5233 2721 5291 latus
2750 5233 2937 5287 lancea
2960 5228 3267 5300 perfossum
3294 5223 3556 5313 sanguine

1987 5310 2044 5385 et
2058 5345 2198 5401 aqua
2220 5327 2480 5384 manavit.
2507 5326 2763 5398 Figuram
2786 5336 2951 5393 porro
2977 5319 3160 5375 crucis
3177 5333 3288 5373 non
3319 5310 3555 5401 absurde

1987 5399 2178 5474 tenent
2198 5432 2405 5473 cornua
2427 5415 2615 5471 altaris
2636 5411 2958 5474 eminentia,
2998 5417 3060 5463 ut
3085 5409 3142 5462 in
3179 5399 3564 5475 superioribus.

1986 5509 2243 5564 diximus.

1623 5773 1669 5805 ⁷³
1699 5771 1871 5827 chit.
1900 5787 1970 5838 ιγ,
2009 5767 2191 5822 15-16.
