3996 6212
450 277 549 339 6Ἅῖ

518 387 715 449 ΡΑιι.
754 390 915 445 Recte
942 392 1038 450 ais,

518 477 674 534 CYR.
702 482 862 550 Atqui
888 500 992 536 non
1021 486 1281 554 sanguine
1315 486 1510 550 solum,
1539 487 1631 541 sed
1659 499 1844 544 sancta
1878 506 2017 559 quos

449 584 556 638 que
580 585 720 638 aqua
742 572 957 640 purgari
994 583 1269 642 oportere,
1310 577 1398 629 lex
1434 591 1532 645 per
1565 577 1795 645 amigma
1816 578 1981 647 jussit
2002 618 2016 642 ,

448 675 571 729 quae
590 660 675 715 via
715 670 800 717 est
818 663 883 716 ad
904 666 1282 735 purgationem
1310 665 1730 735 perfectissima,
1755 668 1800 722 si
1821 678 2019 740 myste-

447 751 590 813 rium
628 753 773 823 quod
810 764 894 809 est
926 756 980 809 in
1010 756 1230 813 Christo
1259 758 1594 813 consideres.

517 843 715 899 PALL.
739 844 1024 912 Quomodo
1055 848 1297 915 tandem,
1332 858 1425 904 aut
1446 865 1555 919 qua
1597 852 1806 906 ratione
1837 850 1891 905 id
1921 868 2015 907 os-

447 932 652 994 tendit?

512 1023 671 1087 CYR,
709 1025 983 1097 Scriptum
1010 1037 1095 1085 est
1123 1031 1270 1085 enim
1329 1049 1341 1089 :
1384 1051 1402 1083 ι
1426 1032 1492 1086 Et
1533 1032 1752 1088 locutus
1791 1044 1874 1088 est
1912 1035 2017 1087 Do-

445 1114 628 1171 minus
662 1117 729 1179 ad
770 1118 1009 1189 Moysen,
1054 1121 1274 1179 dicens:
1340 1123 1445 1177 Fac
1498 1124 1711 1177 labrum
1775 1140 2008 1189 reneum,

443 1214 500 1261 et
522 1207 696 1263 basim
730 1210 881 1269 illius
912 1227 1119 1272 teneam
1142 1213 1210 1269 ad
1236 1214 1576 1273 abluendum
1602 1233 1615 1267 ε
1643 1224 1699 1271 et
1727 1232 1898 1291 pones
1947 1217 2013 1269 il-

446 1298 535 1351 lud
568 1298 711 1354 inter
744 1300 1156 1359 tabernaculum
1203 1306 1504 1359 testimonii
1537 1314 1594 1365 et
1635 1306 1779 1360 inter
1819 1306 2008 1360 altare.

444 1389 511 1443 Et
539 1390 788 1447 elruudes
822 1393 876 1447 in
900 1394 1034 1454 illud
1063 1410 1280 1465 aquam,
1308 1406 1363 1450 et
1393 1397 1617 1451 abluent
1643 1397 1824 1451 AarOn
1872 1405 1925 1451 et
1950 1398 2015 1449 ti-

441 1481 501 1534 lii
535 1483 653 1551 ejus
678 1483 733 1537 in
766 1499 834 1538 eo
884 1500 1081 1540 manus
1125 1496 1181 1541 et
1218 1489 1388 1557 pedes
1436 1504 1597 1557 aqua.
1650 1487 1788 1543 Cum
1831 1488 2013 1558 ingre-

446 1571 671 1627 dientur
724 1574 780 1627 in
840 1575 1254 1632 tabernaculum
1312 1580 1659 1643 testimonii,
1720 1580 2015 1636 ablueutur

441 1678 601 1731 aqua,
621 1672 675 1718 et
694 1679 804 1719 non
828 1665 1154 1735 morientur;
1182 1671 1260 1724 vel
1285 1686 1409 1724 cum
1432 1671 1809 1741 ingredientur
1824 1680 1881 1726 ut
1907 1673 1981 1726 mi
2003 1706 2014 1714 -

1446 280 1500 334 S.
1543 281 1815 339 CYRILLX
1852 284 2320 343 ALEXANDRIM
2361 289 2676 351 ARCHIEP,

2706 232 2759 245 ν.

3585 296 3689 353 6'28

2193 404 2374 458 ΠΑΛΛ
2389 446 2401 459 .
2443 399 2513 456 Εὖ
2543 403 2698 472 ἔφης.

2190 496 2351 549 ΚΥΡ.
2405 495 2543 548 Ἀλλ’
2572 495 2687 547 οὔτι
2720 512 2803 548 πω
2832 494 2976 566 μόνῳ
3000 494 3076 564 τῷ
3110 497 3301 566 αϊματι
3334 498 3693 569 καθαίρεσθαι

2119 587 2227 640 δεῖν
2256 585 2669 657 αἰνιγματωδῶς
2695 588 2722 640 ὁ
2761 586 2944 657 νόμος,
2976 587 3110 640 ἀλλὰ
3140 589 3234 640 καὶ
3263 588 3412 641 ὕδατι
3445 590 3524 660 τῷ
3553 593 3694 660 ἁγίῳ

2121 682 2477 750 προστέταχε.
2508 678 2828 748 Τελεωτάτη
2852 678 2960 750 γὰρ
2987 679 3082 749 ἥδε
3109 685 3245 751 πρὸς
3266 679 3529 750 κάθαρσιν
3552 682 3699 750 ὁδὸς,

2120 771 2260 824 κατά
2287 789 2349 840 γε
2366 772 2426 825 τὸ
2464 774 2521 824 ὲν
2552 770 2772 841 Χριστῷ
2805 772 3126 840 μυστήριον.

2190 862 2397 917 ΠΑΛΛ.
2438 862 2560 925 Πῶς
2592 861 2648 914 δὲ
2679 861 2742 933 δὴ
2775 862 2882 932 ἄρα
2913 861 3184 916 καὶτοῦτο
3219 863 3473 935 δέδειχεν,
3510 866 3543 937 ἢ
3573 866 3695 918 τίνα

2118 952 2316 1025 τρόπον
2331 972 2347 1020 ;

2189 1041 2351 1095 ΚΥΡ.
2393 1040 2705 1112 Γέγραπται
2742 1040 2872 1111 γάρ,
2912 1040 2991 1092 ὅτι
3035 1058 3054 1092 ι
3095 1041 3202 1094 Καὶ
3223 1041 3450 1113 ὲλάλησε
3484 1042 3690 1113 Κύριος

2118 1131 2255 1203 πρὸς
2298 1131 2537 1201 Μωσῆν,
2584 1132 2790 1199 λέγων’
2860 1130 3091 1199 Ποίησον
3137 1131 3376 1203 λουτῆρα
3433 1131 3690 1202 χαλκοῦν,

2118 1222 2211 1277 καὶ
2241 1221 2396 1293 βάσιν
2420 1222 2586 1277 αὑτοῦ
2616 1222 2840 1293 χαλκῆν,
2863 1222 3002 1275 ὥστε
3028 1222 3332 1276 νίπτεσθαι.
3366 1224 3479 1277 Καὶ
3505 1222 3693 1293 θήσεις

2118 1313 2278 1367 αὐτὸν
2331 1315 2435 1366 ἀνά
2481 1313 2646 1385 μέσον
2692 1314 2790 1383 τῆς
2839 1314 3041 1383 σκηνῆς
3080 1312 3171 1365 τοῦ
3224 1315 3547 1385 μαρτυρίου.
3599 1316 3691 1373 καὶ

2117 1401 2219 1454 άνά
2254 1400 2419 1470 μέσον
2453 1401 2545 1455 τοῦ
2594 1401 3001 1471 θυσιαστηρίου.
3037 1401 3144 1453 Καὶ
3177 1404 3384 1472 ὲκχεεῖς
3414 1405 3495 1466 είς
3527 1403 3691 1455 αὐτὸν

2117 1491 2278 1564 ὕδωρ·
2303 1494 2395 1546 καὶ
2424 1492 2663 1561 νίψονται
2702 1491 2909 1562 Ἀαρὼν
2933 1493 3025 1545 καὶ
3046 1494 3094 1545 οἰ
3117 1494 3222 1545 υἱοὶ
3242 1494 3408 1546 αὑτοῦ
3441 1494 3498 1560 ἐξ
3525 1494 3688 1547 αὐτοῦ

2114 1582 2214 1648 τὰς
2252 1587 2443 1655 χεῖρας
2473 1585 2710 1646 καὶτοὺς
2751 1584 2915 1646 πόδας
2940 1584 3111 1636 ὕδατι.
3143 1585 3306 1637 Ὅταν
3331 1584 3692 1655 εἰσπορεὺων-

2114 1692 2204 1728 ται
2242 1676 2321 1737 είς
2349 1675 2447 1745 τὴν
2484 1675 2686 1744 σκηνὴν
2719 1673 2810 1727 τοῦ
2858 1674 3178 1744 μαρτυρίου,
3232 1675 3476 1744 νίψονται
3509 1676 3687 1739 ὕδατι,

441 1754 686 1815 nistrent
714 1755 783 1820 ad
814 1758 1006 1819 altare,
1043 1767 1097 1813 et
1148 1761 1384 1816 offerant
1412 1762 1731 1818 holocausta
1760 1764 2009 1830 Domino,

2119 1765 2208 1816 καὶ
2237 1763 2298 1815 οὐ
2328 1763 2402 1834 μὴ
2425 1762 2785 1821 ἀποθάνωσιν·
2821 1761 2853 1831 ἣ
2885 1763 3011 1815 ὅταν
3044 1763 3526 1833 προσπορεύωνται
3557 1764 3691 1836 πρὸς

440 1841 666 1905 ablueut
700 1859 898 1904 manus
937 1855 993 1906 et
1036 1849 1205 1917 pedes
1257 1867 1417 1919 aqua.
1450 1850 1588 1906 Cum
1633 1852 2012 1923 ingredientur

440 1950 492 1987 ιιι
516 1935 931 2003 tabernaculum
972 1940 1292 2003 testimonii,
1318 1943 1576 1999 lavabunt
1601 1961 1762 2015 aqua,
1794 1954 1855 2000 ut
1900 1962 2012 2001 non

439 2027 779 2088 moriantur:
828 2037 885 2083 et
912 2031 1020 2087 erit
1063 2032 1223 2105 312
1283 2032 1583 2101 legitimum
1617 2024 2012 2105 sempiternum

439 2115 565 2185 ipsi,
599 2125 655 2171 et
670 2120 1118 2188 generationibus
1152 2124 1271 2193 ejus
1303 2134 1423 2193 post
1449 2140 1576 2179 eum
1603 2126 1665 2180 7‘.
1702 2146 1718 2177 ι
1767 2126 2010 2181 Gratiam

439 2206 607 2276 igitur
632 2210 806 2264 sancti
834 2211 1182 2281 baptismatis
1228 2214 1282 2267 in
1311 2230 1373 2269 ea
1408 2232 1464 2270 re
1490 2217 1890 2287 praefiguratam
1920 2235 2009 2273 es-

437 2315 517 2364 se,
557 2316 666 2355 non
696 2312 780 2359 est
800 2304 1118 2359 obscurum.
1143 2306 1303 2371 Nam,
1337 2324 1459 2361 eum
1491 2309 1852 2379 baptizamur,
1900 2327 2008 2366 non

439 2393 687 2457 sordium
718 2397 901 2450 carnis
935 2396 1766 2471 depositionemconsequimur,
1796 2404 1891 2458 sed
1924 2405 2008 2458 in-

436 2482 807 2549 quinamentis
837 2486 1001 2540 animi
1027 2495 1083 2542 et
1117 2488 1300 2542 cordis
1324 2489 1646 2555 liberamur,
1678 2501 1733 2546 et
1770 2494 2010 2548 maculas

435 2573 761 2629 delictorum
788 2578 1083 2643 abluimus,
1111 2579 1256 2635 illius
1281 2581 1450 2650 gratia
1481 2590 1643 2651 atque
1678 2583 2009 2654 benignitate

436 2664 656 2731 quinos
681 2665 748 2720 ad
787 2668 1015 2731 salutem
1062 2677 1238 2724 vocat.
1293 2670 1668 2725 Justiﬁeamur
1700 2674 1845 2727 enim
1900 2690 2008 2727 non

434 2771 503 2808 ex
535 2757 795 2829 operibus
819 2759 973 2829 legis,
1003 2767 1060 2814 ut
1085 2759 1385 2830 Scriptura:
1420 2769 1693 2817 testantur
1724 2766 1791 2828 7”,
1824 2763 1917 2818 sed
1942 2780 2010 2819 ex

438 2848 542 2902 ﬁde
565 2849 693 2904 Jesu
716 2850 943 2905 Christi.
985 2852 1120 2905 Illud
1148 2862 1330 2907 autem
1371 2853 1778 2910 animadvertas
1819 2856 2006 2921 velim,

435 2942 637 3005 Aaron,
671 2952 727 2997 et
759 2958 855 2997 eos
877 2943 1077 3013 quibus
1107 2960 1214 2998 una
1268 2945 1380 2999 Deo
1433 2945 1747 3001 ministrare
1794 2948 2009 3018 jussum

433 3042 571 3098 erat,
601 3034 851 3104 quamvis
880 3036 1083 3107 exlege
1120 3036 1291 3092 sancti
1334 3047 1539 3103 essent,
1597 3037 1778 3093 adhuc
1826 3048 2006 3095 tamen

2117 1855 2178 1908 τὸ
2204 1855 2588 1926 θυσιαστήριον
2639 1854 2994 1929 λειτουργεῖν,
3034 1855 3126 1906 καὶ
3153 1854 3446 1925 ἀναφέρειν
3487 1855 3558 1908 τά
3577 1855 3689 1910 ὁλο-

2118 1950 2452 2018 καυτώματα
2496 1946 2701 2018 Κυρίῳ,
2748 1946 2992 2015 νίψον-ται
3038 1946 3135 2009 τὰς
3185 1950 3372 2019 χεῖρας
3423 1947 3517 1999 καὶ
3566 1947 3690 2015 τοὺς

2117 2039 2283 2101 πόδας
2328 2039 2500 2091 ὕδατι.
2540 2039 2708 2090 Ὅταν
2757 2035 3179 2107 εἰσπορεύωνται
3229 2039 3309 2100 εἰς
3349 2037 3448 2108 τὴν
3479 2036 3689 2108 σκηνὴν

2114 2126 2208 2180 τοῦ
2249 2126 2572 2198 μαρτυρίου,
2614 2126 2857 2195 νίψονται
2910 2125 3059 2179 ὕδατι
3109 2126 3194 2180 ἴνα
3237 2128 3312 2198 μὴ
3347 2128 3683 2182 ἀποθάνωσι*

2116 2218 2212 2270 καὶ
2259 2218 2410 2270 ἔσται
2457 2217 2640 2278 αὐτοῖς
2690 2214 2920 2285 νόμιμον
2966 2214 3179 2268 αἰώνιον
3225 2215 3403 2282 αὐτῷ,
3446 2216 3543 2265 καὶ
3570 2217 3688 2275 ταῖς

2115 2310 2328 2378 γενεαῖς
2356 2307 2520 2360 αὐτοῦ
2552 2306 2669 2377 μετ’
2718 2305 2899 2358 αὐτόν.
2944 2324 2962 2356 ι
3001 2307 3120 2358 Ὀτι
3157 2306 3248 2375 μὲν
3280 2298 3370 2356 οὖν
3402 2303 3434 2371 ἦ
3474 2303 3565 2357 διὰ
3601 2304 3693 2356 τοῦ

2118 2402 2273 2469 ἁγίου
2303 2398 2676 2470 βαπτίσματος
2696 2397 2770 2461 ὡς
2797 2396 2854 2449 ἐν
2873 2413 2936 2465 γε
2961 2395 3024 2465 δὴ
3048 2394 3219 2464 τούτῳ
3248 2395 3689 2464 προανεγράφετο

2113 2493 2293 2563 χάρις,
2327 2492 2427 2544 οὐκ
2469 2489 2805 2560 ἀσυμιρανές.
2835 2485 3213 2557 Βαπτιζόμεθα
3230 2485 3357 2555 γὰρ,
3385 2485 3448 2538 οὐ
3485 2482 3689 2555 σαρκὸς

2116 2582 2376 2637 ἀπόθεσιν
2405 2580 2576 2651 ῥύπου
2619 2578 3122 2650 ἀποκερδαίνοντες,
3153 2576 3287 2630 ἀλλά
3319 2575 3427 2629 τῶν
3469 2574 3568 2629 νοῦ
3598 2572 3689 2628 καὶ

2115 2674 2340 2746 καρδίας
2391 2671 2854 2741 ἀπαλλαττόμενοι
2905 2668 3219 2740 μολυσμῶν,
3288 2667 3382 2721 καὶ
3430 2665 3532 2729 τὰς
3583 2665 3686 2719 τῶν

2116 2766 2600 2839 πλημμελημάτων
2652 2762 3035 2831 ἀπολουόμενοι
3073 2759 3314 2831 κηλίδας,
3358 2758 3544 2829 χάριτι
3598 2758 3687 2812 καὶ

2116 2859 2493 2932 φιλανθρωπίᾳ
2518 2856 2610 2911 τοῦ
2639 2853 2926 2916 καλοῦντος
2956 2853 3035 2916 είς
3065 2852 3354 2923 σωτηρίαν.
3393 2848 3685 2903 Δεδικαιὼο

2118 2947 2258 3019 μεΘα
2294 2946 2403 3018 γὰρ
2430 2946 2531 2999 οὐκ
2579 2945 2637 3011 ἐξ
2686 2943 2861 3015 ἔργων
2900 2941 3091 3011 νόμου,
3128 2941 3270 2994 κατὰ
3301 2940 3399 3003 τὰς
3439 2938 3681 3008 Γραῖιάςι

2117 3039 2230 3093 ἀλλ’
2265 3038 2328 3090 ὲκ
2373 3035 2610 3098 πίστεως
2666 3032 2841 3104 Ἰησοῦ
2887 3030 3143 3101 Χριστοῦ.
3194 3030 3301 3082 Θέα
3329 3029 3385 3082 δὲ
3413 3028 3498 3099 δὴ,
3543 3030 3687 3089 ὅπως

434 3142 573 3197 aqua
602 3143 797 3183 manus
852 3143 916 3182 ac
950 3129 1119 3198 pedes
1166 3130 1410 3195 abluere,
1455 3128 1530 3183 ita
1573 3129 1809 3200 denique
1855 3146 2009 3187 sacra

2119 3130 2293 3186 καίτοι
2317 3128 2458 3183 κατά
2478 3127 2641 3196 νόμον
2668 3125 2819 3194 ἅγιος
2835 3125 2910 3178 ὢν
2929 3124 2957 3176 6
3003 3122 3231 3193 Ἀαρὼν,
3267 3122 3360 3174 καὶ
3396 3119 3499 3191 μὴν
3524 3120 3622 3173 καὶ
3642 3120 3685 3172 εί

436 3233 664 3272 munera
696 3218 878 3299 phire,
910 3227 967 3273 et
999 3221 1053 3274 in
1080 3219 1279 3275 Sancta
1308 3227 1621 3275 sanctorum
1658 3222 1867 3293 ingredi
1896 3238 2015 3276 om-

437 3306 490 3359 ni
543 3305 839 3370 l’ormidine
895 3309 1177 3365 liberatos.
1232 3310 1290 3364 In
1322 3326 1432 3381 quo
1487 3311 1622 3367 illud
1668 3328 1887 3384 quoque
1924 3315 2011 3368 lex

435 3407 626 3467 aperte
657 3408 712 3454 et
757 3400 1044 3459 evidenter
1071 3401 1334 3467 ostendit,
1382 3412 1546 3474 atque
1586 3404 1702 3473 ipsa
1736 3419 1826 3458 res
1861 3411 2010 3475 gesta

434 3490 834 3568 propemodum
860 3508 995 3547 voce
1026 3499 1277 3559 testatur,
1309 3508 1435 3548 eum
1457 3494 1625 3549 etiam
1680 3495 1776 3571 qui
1801 3510 1869 3548 ex
1892 3496 2011 3566 lege

435 3596 591 3637 sacer
618 3597 738 3636 esse
763 3582 1035 3648 videatur,
1075 3585 1367 3654 profanum
1392 3585 1536 3654 apud
1582 3585 1752 3639 Deum
1793 3585 2007 3651 haberi,

436 3671 542 3735 nisi
570 3672 828 3726 abluatur
859 3689 1020 3749 aqua,
1049 3675 1271 3744 vimque
1298 3675 1447 3728 illam
1485 3676 1673 3747 legalis
1697 3678 1878 3732 cultus
1900 3693 2010 3733 non

434 3778 555 3818 esse
592 3762 661 3817 ad
695 3765 1041 3835 purgandum
1073 3766 1207 3821 satis
1234 3766 1528 3822 eﬂieacem.
1552 3769 1761 3837 Itaque,
1792 3771 2009 3825 tametsi

435 3854 553 3925 lege
583 3853 907 3909 sanctiﬁcati
950 3864 1156 3920 essent,
1193 3857 1373 3913 adhuc
1401 3866 1583 3915 tamen
1606 3860 2010 3928 abluebantur;

434 3954 701 4025 purgatur
737 3954 922 4001 autem
961 3953 1132 4012 certe,
1166 3948 1311 4019 quod
1334 3966 1538 4020 purum
1564 3960 1666 4017 est,
1704 3952 1864 4018 nihil,
1914 3954 2010 4009 sed

433 4036 581 4105 quod
607 4036 953 4091 immundum
984 4043 1041 4092 et
1091 4038 1404 4109 impurum:
1436 4040 1705 4111 ejusmodi
1731 4043 2011 4113 quidpiam

436 4126 552 4196 ipse
575 4141 794 4196 quoque
814 4125 1068 4183 Christus
1095 4127 1266 4182 dixit:
1299 4148 1317 4181 ι
1344 4128 1447 4197 Qui
1480 4131 1626 4187 lotus
1650 4140 1753 4198 est,
1788 4149 1897 4188 non
1923 4134 2010 4189 in-

435 4217 584 4288 diget
629 4217 735 4271 nisi
768 4218 1019 4291 utpedes
1057 4218 1233 4287 lavet;
1269 4229 1353 4275 est
1398 4221 1601 4291 quippe
1638 4223 1873 4279 mundus
1896 4226 1962 4278 ⁷³.
1985 4244 2003 4276 ι

435 4308 641 4363 Scribit
683 4309 848 4369 etiam
883 4311 967 4364 vir
1005 4311 1442 4392 sapientissimus
1474 4314 1699 4381 Paulus,
1754 4316 2009 4388 impossi-

2114 3225 2211 3276 σὺν
2235 3221 2381 3291 αὐτῷ
2399 3219 2728 3289 λειτουργεῖν
2753 3214 3187 3282 ἐπιτεταγμένοι,
3206 3211 3685 3283 προσαπονίζονται

2112 3311 2302 3387 χεῖράς
2333 3327 2393 3363 τε
2427 3310 2521 3362 καὶ
2547 3308 2713 3371 πόδας
2742 3306 2917 3370 ὕδατι,
2944 3306 3122 3358 πόνων
3148 3305 3202 3357 δὲ
3230 3302 3400 3364 οὕτως
3430 3303 3686 3356 ἅπτονται

2112 3388 2220 3455 τῶν
2252 3401 2437 3473 ἱερῶν,
2481 3400 2576 3453 καὶ
2608 3399 2713 3469 μὴν
2741 3399 2819 3460 είς
2844 3397 2910 3450 τὰ
2944 3398 3109 3465 "Avia
3138 3394 3246 3447 τῶν
3285 3394 3453 3461 άγίων
3480 3391 3687 3465 εἰστρέ-

2113 3510 2289 3565 χουσι,
2336 3492 2607 3562 δειμάτων
2655 3488 2954 3562 ἐλεύθεροι,
3003 3488 3185 3557 σαφῶς
3213 3504 3272 3538 τε
3310 3487 3401 3539 καὶ
3442 3484 3687 3554 ἐναργῶς

2111 3582 2555 3653 καταδηλοῦντος,
2575 3579 2727 3653 οἶμαί
2754 3599 2880 3644 που,
2904 3582 2997 3634 καὶ
3024 3579 3180 3632 τοῦτο
3200 3578 3295 3631 τοῦ
3320 3578 3505 3647 νόμου.
3529 3577 3687 3645 μόνον

2115 3674 2172 3728 δὲ
2199 3675 2319 3750 οὐχ).
2359 3673 2452 3726 καὶ
2479 3672 2643 3729 αὑτοῦ
2677 3671 3101 3753 διακεκραγὸτος
3124 3669 3216 3722 τοῦ
3246 3669 3594 3741 πράγματος,
3616 3668 3686 3729 ὡς

2112 3766 2324 3838 ἀνίερος
2355 3765 2660 3837 παρά’,Θειῖ›,
2690 3765 2784 3818 καὶ
2810 3767 2838 3819 6
2868 3764 3036 3818 δοκῶν
3073 3758 3211 3816 εἶναί
3237 3778 3320 3823 τις
3350 3760 3489 3813 κατὰ
3520 3759 3683 3829 νόμον

2117 3859 2281 3930 ίερδς,
2327 3860 2373 3915 εἰ
2409 3857 2481 3929 μὴ
2512 3856 2871 3911 ἀπολούσαιτο
2917 3855 2996 3925 τῷ
3030 3854 3209 3917 ὕδατι,
3262 3853 3356 3905 καὶ
3382 3852 3463 3904 ὄτι
3504 3853 3607 3921 τῆς
3635 3852 3687 3901 ἐν

2113 3950 2262 4020 νόμῳ
2285 3949 2542 4021 λατρείας
2566 3951 2598 4021 ὴ
2628 3948 2854 4018 δύναμις
2875 3947 2973 4000 οὐκ
2992 3947 3209 4023 ἀπόχρη
3236 3944 3372 4015 πρὸς
3398 3942 3682 4015 κάθαρσιν.

2112 4042 2544 4113 Προαπενίζοντο
2575 4042 2727 4111 γοῦν,
2770 4040 2946 4094 καίτοι
2978 4038 3121 4092 κατά
3149 4038 3311 4108 νόμον
3342 4036 3683 4106 ἡγιασμένοι,

2112 4134 2431 4206 καθαίρεται
2464 4134 2542 4196 δὲ,
2582 4133 2700 4193 οὔτι
2728 4151 2826 4187 που
2854 4133 2914 4186 τὸ
2940 4131 3201 4203 καθαρὸν,
3228 4128 3363 4183 ἀλλὰ
3391 4128 3451 4182 τὸ
3486 4127 3686 4201 ρυποῦν

2112 4228 2204 4279 καὶ
2247 4227 2576 4297 ἀκάθαρτον.
2623 4226 2897 4279 Τοιουτονὶ
2940 4225 2996 4279 δὲ
3050 4225 3142 4276 καὶ
3181 4222 3341 4285 αὐτὸς
3393 4220 3614 4293 εἴρηκεν
3660 4218 3686 4269 6

2114 4317 2371 4389 Χριστος,
2403 4336 2421 4368 ι
2468 4317 2525 4370 Ὀ
2551 4316 2869 4386 λελουμένος
2902 4315 2961 4369 οὐ
2998 4314 3183 4387 χρείαν
3218 4312 3349 4382 ἔχει,
3380 4313 3427 4363 εί
3463 4310 3536 4389 μὴ
3569 4311 3685 4371 τοὺς

434 4400 544 4463 bile
574 4415 694 4456 esse
728 4403 991 4473 sanguine
1026 4410 1312 4464 taurorum
1374 4412 1432 4463 et
1485 4405 1769 4462 hircorum
1803 4409 2005 4464 auferri

2119 4409 2282 4470 πόδας
2316 4406 2592 4477 νίψασθαι.
2626 4405 2739 4459 ἔστι
2776 4407 2885 4477 γὰρ
2918 4405 3177 4476 καθαρός.
3214 4422 3231 4455 ι
3275 4402 3480 4500 Γρὲἱφει
3598 4400 3683 4453 καὶ

434 4502 658 4563 peccata
688 4495 755 4548 ⁷⁷.
785 4494 1108 4564 [Inperfecta
1141 4502 1227 4558 est
1255 4495 1423 4566 igitur
1447 4496 1534 4550 lex
1587 4499 1655 4552 ad
1698 4501 2006 4565 sanctifica-

436 4587 664 4653 tionem,
713 4588 819 4643 nisi
866 4588 933 4642 iis
980 4576 1073 4657 qui
1125 4588 1222 4643 Dei
1270 4589 1713 4660 conjunctionem
1752 4592 2008 4651 ardenter

433 4688 718 4751 expetunt,
774 4681 1075 4751 baptismus
1117 4696 1337 4751 quoque
1391 4681 1646 4738 salutaris
1692 4685 2003 4741 accesserit.

433 4772 621 4842 Itaque
661 4773 897 4827 Joannes
952 4788 1169 4842 quoque
1216 4772 1307 4827 ille
1362 4773 1448 4827 vir
1494 4774 1733 4839 divinus,
1761 4779 2010 4847 quamvis

434 4863 664 4919 summis
688 4864 1025 4918 ornamentis
1052 4873 1202 4919 esset
1226 4865 1537 4936 insignitus,
1577 4876 1633 4922 et
1656 4868 1723 4923 ad
1750 4884 1867 4923 eam
1896 4870 2011 4924 vir-

437 4960 608 5019 tutem
653 4971 999 5026 progressus,
1048 4964 1110 5011 ut
1145 4957 1257 5027 jam
1311 4956 1378 5011 ad
1414 4973 1690 5013 summum
1745 4961 2005 5015 verticem

433 5045 793 5117 pervenisset,
825 5062 883 5102 se
912 5057 1093 5102 tamen
1124 5046 1393 5117 baptizari
1424 5050 1707 5118 poscebat,
1731 5066 1856 5104 cum
1883 5050 2002 5106 Sal-

433 5134 608 5197 vatori
633 5135 877 5192 diceret:
910 5157 927 5187 ι
950 5137 1063 5209 Ego
1080 5152 1219 5209 opus
1244 5138 1421 5194 habeo
1463 5155 1492 5194 a
1523 5147 1573 5194 te
1600 5139 1865 5221 baptizari
1895 5142 1991 5196 τ’.»

505 5312 702 5383 PALL.
736 5313 815 5370 Ita
846 5325 949 5370 est.

499 5408 657 5463 ΟΥΕ.
709 5408 899 5463 Manus
956 5416 1140 5463 autem
1201 5420 1258 5465 et
1303 5410 1474 5481 pedes
1510 5411 1705 5473 abluti,
1757 5428 2008 5482 operum,

433 5510 487 5562 et
518 5501 584 5555 ad
620 5516 1055 5574 unamquamque
1098 5518 1213 5558 rem
1246 5503 1540 5575 gerendam
1591 5503 1840 5559 incessus
1867 5521 2001 5574 quo-

508 5683 553 5727 “
576 5682 745 5749 Exod.
781 5703 903 5753 xxx,

982 5689 1142 5745 18—2!
1231 5690 1277 5723 "
1301 5689 1439 5746 Rom
1486 5707 1561 5758 Ill,
1585 5690 1673 5745 9.0.
1753 5691 1971 5747 "Joan.
1999 5706 2112 5755 xm,
2144 5690 2224 5745 l0.

2118 4497 2426 4567 σοφώτατος
2463 4495 2694 4559 Παῦλος,
2727 4496 2801 4559 ὡς
2835 4495 2982 4549 ἔστιν
3020 4494 3278 4548 ἀδύνατον
3312 4487 3448 4563 αἷμα
3472 4491 3683 4561 ταύρων

2115 4590 2209 4643 καὶ
2237 4590 2455 4659 τράγων
2483 4588 2733 4660 ἀφαιρεῖν
2763 4585 3057 4659 ἁμαρτίας.
3103 4584 3327 4656 Ἀτελὴς
3352 4579 3443 4636 οὖν
3468 4585 3496 4636 6
3523 4584 3683 4651 νόμος

2114 4682 2194 4745 είς
2222 4679 2513 4751 ἀγιασμδν,
2547 4680 2595 4732 εί
2629 4679 2703 4751 μὴ
2738 4679 3090 4749 προσγένοιτο
3123 4679 3232 4739 τοῖς
3255 4673 3565 4745 δεδιψηκόσι
3590 4672 3681 4741 τὴν

2115 4771 2252 4841 πρὸς
2286 4770 2416 4824 Θεὸν
2459 4771 2767 4841 οἰκειότητα
2815 4771 2875 4824 τὸ
2910 4771 3175 4842 σωτήριον
3229 4768 3530 4839 βάπτισμα.
3568 4766 3685 4818 Τοι-

2115 4861 2305 4932 γάρτοι
2340 4861 2430 4915 καὶ
2476 4864 2505 4914 6
2551 4861 2834 4925 θεσπέσιος
2894 4862 3167 4931 Ἰωάννης,
3206 4860 3380 4913 καίτοι
3403 4862 3516 4922 τοῖς
3546 4858 3682 4924 ἄγαν

2113 4955 2427 5026 αὐχήμασιν
2465 4950 2524 5008 εὖ
2563 4954 2706 5026 μάλα
2737 4954 3194 5024 κατεστεμμένος,
3239 4953 3333 5007 καὶ¹
3360 4951 3557 5025 ἀρετῆς
3605 4950 3682 5011 εἰς

2112 5045 2269 5105 τοῦτο
2303 5044 2546 5117 διέρπειν
2580 5044 2756 5108 εἰδὼς,
2784 5044 2861 5108 ὡς
2893 5046 2973 5107 εἰς
3005 5043 3157 5111 λῆξιν
3188 5044 3288 5114 Ιἤδη
3319 5043 3566 5110 γενέσθαι
3586 5039 3682 5110 τὴν

2110 5138 2388 5198 ἀνωτάτω,
2418 5136 2769 5205 βαπτίζεσθαι
2810 5136 3107 5206 παρεκάλει
3136 5135 3211 5204 τῷ
3245 5135 3458 5206 Σωτῆρι
3489 5132 3676 5201 λέγων·

2116 5246 2135 5280 ι
2175 5226 2315 5297 Ἐγὼ
2339 5228 2528 5299 χρείαν
2560 5226 2668 5298 ἔχω
2687 5228 2792 5283 ὑπὸ
2822 5228 2914 5279 σοῦ
2950 5226 3332 5297 βαπτισθῆναι.
3358 5245 3375 5276 ι

2181 5320 2389 5375 ΠΛΛΛ.
2439 5319 2682 5387 Ἀληθές.

2182 5412 2346 5463 ΚΥΡ.
2388 5411 2579 5477 Χείρες
2624 5409 2679 5463 δὲ
2712 5409 2804 5463 καὶ
2848 5409 3004 5471 7:652;
3040 5408 3477 5477 ἀπονιπτόμενοι,
3520 5404 3677 5475 ἔργου

2110 5501 2203 5555 καὶ
2236 5501 2459 5570 πορείας
2489 5501 2586 5571 τῆς
2628 5501 2793 5554 οἱονεὶ
2824 5499 2960 5570 πρὸς
2989 5499 3196 5553 ἕκαστα
3227 5500 3335 5553 τῶν
3375 5496 3676 5571 πρακτέων,

2305 5692 2345 5721 ττ
2368 5689 2532 5744 Hebr.
2578 5704 2628 5754 χ,
2668 5688 2715 5742 at.
2803 5688 2846 5716 ⁷⁸
2871 5661 3061 5747 Matth,
3093 5699 3173 5747 nt,
3202 5682 3265 5739 Η
