3996 6212
385 277 490 338 οὲθ

1090 284 1180 341 ne
1217 286 1668 347 ADORATIONE
1701 293 1770 349 1N
1810 294 2080 352 smmru
2122 297 2212 353 ET
2256 298 2623 355 VERITATE.
2671 301 2795 357 LIB.
2837 284 2931 356 ιιι

3533 305 3637 363 650

386 392 447 491 τὸ
464 390 713 491 καθαρὸν
741 394 833 448 καί
862 394 1147 470 ἀκίϐδηλον
1187 401 1667 475 ὑποσημαίνουσιν.
1718 408 1879 464 Τουτί
1906 409 1963 464 δὲ

2076 414 2359 471 dammodo
2411 417 2708 486 puritatem
2759 426 2922 488 atque
2982 393 3353 473 sinceritatem
3429 420 3640 491 signiﬁ-

387 484 515 553 ήμῖν
555 482 938 557 ὲξησκηκόσιν,
994 492 1202 559 ἐφεῖται
1262 495 1360 564 μὲν
1414 498 1673 553 εἰσελθεῖν
1734 503 1812 565 εἰς
1864 503 1966 574 τὴν

386 575 658 647 ἐσωτέραν
702 579 930 650 σκηνὴν,
978 587 1368 656 προσκομίζειν
1405 589 1461 643 δὲ
1502 590 1580 661 τῷ
1619 591 1736 663 Θεῷ
1774 592 1965 658 θυσίας

384 666 780 736 πνευματικὰς,
806 671 900 724 καὶ
927 671 1003 736 ὡς
1025 675 1083 725 ὲν
1107 676 1259 741 τάξει
1290 678 1651 751 θυμιαμάτων
1680 683 1777 754 τῆς
1801 685 1964 752 εὐαγ-

381 754 606 845 γελικῆς
630 757 906 825 πολιτείας
932 763 1220 836 καθιεροῦν
1244 768 1525 834 οἱονείπως
1554 773 1652 844 τὴν
1680 774 1960 845 εὐοσμίαν.

382 844 683 917 Παρεγγυᾷ
713 847 775 901 δὲ
802 851 1089 921 χρησίμως
1121 855 1469 921 ἀπονίζεσθαι
1498 860 1607 912 δεῖν
1636 863 1763 926 τοὺς
1789 844 1867 927 εἰς
1896 862 1965 917 τά

383 932 551 1022 ’ξΛγια
567 934 675 988 τῶν
694 937 865 1006 ἁγίων
883 941 1213 997 εἰσελαύνειν
1231 946 1531 1015 ἐθέλοντας,
1556 952 1648 1003 καὶ
1666 950 1774 1005 τῶν
1800 952 1961 1022 ἰερῶν

372 1021 560 1093 ἔργων
586 1026 941 1101 ἐπιμελητάς,
989 1033 1077 1087 ἵνα
1113 1035 1187 1106 μὴ
1215 1036 1579 1095 ἀποθάνωσιν.
1612 1043 1815 1113 Χρῆμα
1852 1021 1962 1114 γὰρ

380 1115 683 1207 ἐπισφαλὲς
725 1121 820 1174 καὶ
862 1121 1151 1195 ἐπιζήμιον
1195 1128 1430 1199 άληθῶς,
1456 1131 1546 1185 ,τὸ
1576 1133 1817 1202 ἐγγίζειν
1845 1134 1964 1207 Θεῷ

384 1204 461 1274 μὴ
495 1207 955 1279 κεκαθαρμένους.
1006 1215 1294 1286 Τοιγάρτοι
1325 1220 1419 1272 καί
1469 1221 1632 1290 σοφὸς
1678 1224 1809 1294 ἡμῖν
1842 1204 1962 1276 tnt-

382 1298 620 1367 σκήπτει
645 1300 890 1370 Παῦλος,
924 1305 973 1357 εἰ
1019 1306 1121 1377 τῆς
1155 1311 1423 1380 μυστικῆς
1454 1312 1702 1383 εὐλογίας
1732 1315 1965 1386 μεταλα-

382 1392 496 1459 χεῖν
541 1392 840 1465 ἐθέλοιμεν,
907 1398 1132 1464 ἑαυτοὺς
1181 1401 1513 1473 δοκιμάζειν,
1567 1407 1848 1477 προσιέναι
1903 1424 1965 1460 τε

378 1483 525 1537 οὕτω
550 1485 753 1541 λοιπόν.
791 1489 1033 1562 Πρᾶγμα
1059 1492 1115 1545 δὲ
1143 1493 1223 1546 ὅτι
1253 1497 1347 1549 καὶ
1391 1497 1635 1551 κινδύνου
1673 1500 1870 1569 μεστὸν
1904 1500 1965 1554 τὺ

379 1575 655 1646 ἀτημελὲς
687 1579 745 1631 ὲν
766 1578 995 1645 τούτοις,
1028 1582 1358 1640 ὲκκαλύπτει
1387 1587 1582 1656 λέγων·
1626 1610 1644 1641 ι
1682 1590 1779 1643 Διά
1805 1591 1966 1645 τοῦτο

380 1668 441 1719 ἐν
466 1666 593 1736 ὑμῖν
618 1668 803 1724 πολλοὶ
829 1670 1075 1739 ἀσθενεῖς
1102 1676 1194 1730 καὶ
1222 1676 1520 1750 ἄρρωστοι,
1545 1682 1638 1735 καί
1663 1683 1962 1754 κοιμῶνται

2063 517 2207 564 cant.
2234 508 2390 576 Quod
2420 511 2514 564 ubi
2563 520 2815 566 accurate
2869 511 3308 581 praestiterimus,
3362 512 3640 581 permitti-

2063 607 2155 654 tur
2202 611 2264 656 ut
2293 602 2527 657 interius
2557 601 2972 657 tabernaculum
3007 600 3401 671 ingrediamur,
3434 602 3639 657 oﬁ‘era-

2062 709 2296 762 musque
2330 694 2442 747 Deo
2464 694 2673 749 hostias
2693 694 3028 763 spirituales,
3053 693 3216 762 eique
3252 694 3459 748 bonum
3494 696 3632 750 odo-

2063 800 2178 839 rem
2206 786 2532 855 evangelicze
2558 785 3014 850 conversationis,
3043 785 3411 856 thymiamatis
3442 786 3637 850 instar,

2062 891 2468 933 consecremus.
2510 878 2699 947 Neque
2754 893 2887 932 vero
2925 878 3194 932 inutiliter
3238 879 3483 949 praecipit
3557 889 3637 942 ut,

2062 968 2157 1038 qui
2174 968 2348 1023 velint
2381 969 2436 1022 in
2466 968 2628 1037 313
2664 967 2865 1022 Sancta
2894 976 3211 1022 sanctorum
3246 969 3482 1040 ingredi,
3517 969 3641 1039 qui.

2062 1076 2170 1131 que
2210 1076 2363 1114 sacra
2389 1074 2620 1114 munera
2648 1066 2985 1129 procurant,
3037 1059 3352 1126 abluantur,
3396 1076 3466 1115 ne
3517 1075 3638 1115 mo-

2064 1151 2294 1205 riantur.
2322 1150 2698 1205 Periculosum
2723 1155 2808 1204 est
2837 1149 3007 1211 enim,
3033 1156 3089 1203 et
3114 1148 3259 1202 haud
3282 1149 3637 1219 impunitum,

2063 1242 2132 1297 ad
2158 1243 2332 1297 Deum
2363 1257 2472 1295 non
2505 1250 2766 1311 purgatos
2800 1239 3086 1294 accedere.
3133 1238 3320 1308 Itaque
3367 1239 3529 1301 nobis
3552 1239 3641 1293 vir

2064 1335 2158 1389 ille
2193 1334 2413 1403 sapiens
2438 1332 2640 1387 Paulus
2687 1330 2908 1385 mandat
2943 1338 3023 1394 ut,
3080 1330 3127 1386 si
3185 1330 3430 1402 mystica:
3475 1331 3643 1386 bene-

2064 1424 2323 1480 dictionis
2344 1423 2643 1493 participes
2671 1437 2794 1478 esse
2818 1422 3074 1487 velimus,
3118 1436 3221 1476 nos
3257 1422 3407 1492 ipsos
3434 1421 3640 1492 probe-

2064 1532 2208 1581 mus,
2253 1523 2417 1585 atque
2454 1515 2531 1569 ita
2583 1514 2821 1583 denique
2873 1513 3199 1568 accedamus
3235 1531 3249 1565 :
3286 1528 3407 1568 esse
3455 1521 3641 1568 autem

2065 1608 2208 1663 hanc
2245 1607 2303 1661 in
2323 1604 2593 1676 ejusmodi
2625 1605 2794 1659 rebus
2829 1603 3239 1673 negligentiam,
3267 1618 3384 1657 rem
3409 1602 3642 1671 periculi

2063 1694 2282 1763 plenam
2313 1692 2509 1761 aperit,
2548 1692 2739 1746 dicens
2771 1708 2784 1744 :
2821 1691 2985 1745 «Ideo
3031 1690 3191 1745 multi
3242 1689 3448 1745 inﬁrmi
3498 1690 3643 1746 inter

382 1755 583 1848 ἱκανοί.
625 1760 689 1812 Εἰ
742 1759 851 1832 γάρ
885 1764 1112 1830 ἑαυτοὺς
1151 1768 1459 1840 ὲκρίνομεν,
1496 1771 1594 1824 οὐκ
1640 1772 1706 1826 ἂν
1752 1774 1964 1845 ἐκρινό-

2076 1798 2185 1848 vos,
2208 1782 2602 1848 etimbccilles,
2626 1792 2683 1837 et
2708 1782 2991 1837 dormiunt
3028 1782 3227 1837 multi:
3262 1782 3312 1837 si
3351 1782 3501 1837 enim
3540 1798 3643 1839 nos

382 1846 544 1917 μεθα.
586 1850 908 1920 Κρινόμενοι
942 1853 999 1906 δὲ
1032 1856 1137 1909 ὑπὸ
1170 1859 1409 1930 Κυρίου,
1448 1862 1838 1934 παιδευόμεθα,
1880 1865 1968 1922 ἵνα

382 1939 462 2013 μὴ
490 1941 588 1995 σὺν
616 1941 694 2015 τῷ
726 1944 916 2017 κόσμῳ
956 1950 1397 2021 κατακριθῶμεν.
1449 1971 1469 2006 ι
1690 1934 1691 1937 Ἴ

457 2117 667 2172 ΠΑΛΛ.
709 2121 948 2194 Ἀραρεν
978 2119 1070 2178 οὖν
1091 2124 1172 2180 δτι
1201 2127 1299 2197 τὴν
1321 2127 1407 2182 διὰ
1435 2128 1529 2183 τοῦ
1572 2130 1728 2199 ἁγίου
1770 2132 1965 2203 βαπτί-

381 2218 590 2281 σματος
612 2216 640 2268 ό
666 2213 810 2282 ἱερὸς
840 2218 971 2286 ἡμῖν
1009 2217 1207 2290 λουτὴρ
1232 2223 1685 2291 προκατεδείκνυε
1711 2225 1888 2296 χάριν.

462 2305 621 2361 ΚΥΡ.
650 2302 778 2361 Ὧδε
808 2307 923 2378 ἔχει
943 2326 958 2341 ο
990 2310 1065 2381 μὴ
1092 2310 1204 2381 γὰρ
1238 2312 1518 2386 ὲνδοιάσῃς
1548 2315 1704 2379 ὅλως.
1738 2317 1848 2370 Καὶ
1874 2314 1973 2374 τόν

380 2414 448 2464 γε
470 2398 567 2468 τῆς
586 2399 776 2453 τούτου
799 2403 1142 2473 κατασκευῆς
1172 2404 1546 2478 περιαθρήσας
1564 2408 1783 2479 τρόπον,
1808 2427 1967 2465 κατα-

376 2490 637 2559 τεθηπὼς
663 2495 748 2558 ἂν,
775 2490 950 2567 οἶμαι,
981 2496 1183 2550 καὶ’ἔτι
1214 2498 1475 2568 μειζόνως
1508 2498 1625 2571 ἔσῃ.
1655 2501 1966 2573 Γέγραπται

378 2582 495 2656 γάρ
532 2584 630 2638 ὡδὶ
678 2587 805 2658 περί
853 2586 948 2642 τοῦ
987 2588 1288 2661 Βεσελεὴλ,
1335 2591 1428 2644 τοῦ
1467 2592 1536 2645 τὰ
1575 2594 1633 2645 ὲν
1669 2596 1735 2667 τῇ
1792 2600 1963 2671 σκηνῇ

378 2678 928 2748 τετεχνουργηκότος’
965 2697 985 2731 σ
1027 2675 1194 2744 Οὗτος
1222 2681 1447 2754 ἐποίησε
1484 2684 1574 2737 τὸν
1610 2684 1846 2759 λουτῆρα
1873 2688 1965 2744 τὸν

381 2766 652 2836 χαλκοῦν,
686 2770 779 2822 καὶ
812 2771 912 2841 τὴν
943 2770 1099 2842 βάσιν
1133 2773 1298 2827 αὑτοῦ
1330 2775 1537 2848 χαλκῆν
1557 2818 1571 2842 ,
1612 2780 1677 2834 ὲκ
1704 2780 1813 2836 τῶν
1836 2799 1968 2838 κατ·

380 2858 603 2931 όπτρων
640 2861 751 2915 τῶν
788 2864 1204 2934 νηστευσασῶν,
1245 2867 1303 2920 αἳ
1331 2868 1659 2939 ἐνήστευσαν
1690 2874 1840 2946 παρά
1866 2875 1967 2941 τάς

382 2952 561 3024 θύρας
583 2951 688 3023 τῆς
708 2959 915 3027 σκηνῆς
943 2957 1034 3010 τοῦ
1063 2959 1381 3030 μαρτυρίου,
1413 2963 1471 3017 ὲν
1555 2964 1740 3036 ἡμέρα
1766 2965 1966 3038 ἔπηξεν

381 3044 754 3161 αξντήν.ιῖἱαὶ.
768 3047 992 3120 ἐποίησε
1011 3051 1120 3161 ὶτὸν
1158 3052 1418 3122 λουτῆρα,
1454 3054 1539 3108 ἵνα
1573 3057 1869 3115 νίπτωνται
1907 3059 1969 3125 ἐξ
1991 3102 2036 3161 c

383 3136 554 3190 αὐτοῦ
586 3137 792 3208 Μωσῆς
837 3157 895 3193 τε
943 3140 1033 3193 καὶ
1080 3141 1289 3213 Ἀαρὼν
1316 3144 1409 3197 καὶ
1447 3145 1498 3198 οἰ
1530 3147 1637 3200 υίοί
1669 3147 1833 3202 αὐτοῦ
1865 3149 1967 3215 τάς

382 3230 574 3299 χεῖρας
617 3231 798 3284 αὐτῶν
826 3232 1064 3297 καὶτοὺς
1087 3234 1274 3299 πόδας,
1296 3237 1769 3309 εἰσπορευομένων
1789 3240 1969 3295 αὐτῶν

383 3322 469 3383 εἰς
496 3321 591 3393 τὴν
618 3324 822 3393 σκηνὴν
848 3324 943 3378 τοῦ
977 3327 1299 3397 μαρτυρίου,
1326 3328 1378 3382 οἶ
1403 3331 1532 3383 ὅταν
1556 3333 1969 3404 προσπορεύων-

383 3429 480 3466 ται
514 3415 593 3477 εἰς
633 3414 695 3467 τὸ
734 3416 1149 3489 θυσιαστήριον,
1181 3419 1518 3494 λειτουργεῖν
1544 3466 1558 3488 ,
1592 3423 1871 3479 ὲνίπτοντο
1909 3425 1969 3492 ἐξ

384 3502 575 3569 αὑτοῦ,
611 3505 861 3575 καθάπερ
895 3510 1183 3577 συνέταξεν
1211 3514 1239 3565 ό
1269 3511 1472 3584 Κύριος
1495 3514 1574 3585 τῷ
1599 3517 1791 3589 Μωσῇ.
1837 3536 1856 3569 ι

460 3596 667 3652 ΠᾹΛΛ.
697 3599 806 3651 Καὶ
831 3599 885 3653 τί
914 3600 1021 3654 τῶν
1046 3602 1366 3675 κατόπτρων
1395 3604 1457 3657 τὸ
1480 3606 1673 3678 χρῆμα
1696 3623 1710 3674 ;
1736 3606 1883 3673 τίνες
1910 3607 1969 3662 δὲ

385 3685 500 3756 ἄρα
528 3689 624 3741 καὶ
649 3690 706 3744 αἰ
727 3691 1091 3759 νηστεύσασαι
1111 3709 1126 3758 ;

461 3779 624 3832 ΚΥΡ.
669 3781 849 3835 Πολλά
870 3781 978 3835 τῶν
1010 3784 1393 3856 γεγενημένων
1418 3786 1560 3857 σαφῆ
1594 3788 1690 3857 μὲν
1728 3788 1829 3842 οὐκ
1856 3788 1969 3860 ἔχει

388 3869 543 3939 παρά
569 3872 637 3942 τῇ
682 3871 798 3942 θείᾳ
829 3873 1020 3945 Γραφῇ
1056 3874 1153 3945 τὴν
1192 3876 1492 3947 ἀφήγησιν.
1534 3878 1866 3948 Σημαίνεται
1895 3879 1955 3933 δέ

387 3977 513 4024 πως
544 3961 609 4015 ἐκ
644 3963 1005 4034 παραδρομῆς
1027 4005 1040 4029 ,
1068 3966 1320 4040 καθάπερ
1346 3967 1535 4038 ἀμέλει
1558 3969 1654 4022 καί
1679 3969 1795 4022 τόδε
1820 3969 1880 4024 τὸ
1912 3973 1969 4024 ὲν

388 4053 570 4123 χερσί.
622 4055 731 4108 Ποῦ
770 4056 911 4127 γὰρ,
951 4058 984 4128 ἢ
1023 4058 1169 4122 τίνες
1219 4059 1611 4130 νενηστεύκασι
1660 4062 1759 4133 τῆς
1808 4062 1970 4131 ἁγίας

391 4148 772 4218 ἑγηγερμένης
796 4151 1019 4220 σκηνῆς,
1052 4152 1113 4203 οὐ
1135 4151 1429 4222 λελάληκεν
1454 4154 1483 4207 ό
1507 4152 1731 4224 Μωσῆς.
1763 4153 1884 4207 Ὀτι
1913 4154 1970 4213 ἃ

390 4238 650 4307 γέγονεν,
693 4241 793 4294 οὐκ
822 4241 1090 4295 ἐνδοιάσαι
1130 4260 1213 4306 τις
1242 4242 1341 4296 ἀν’
1371 4244 1584 4313 εἴρηται
1617 4243 1746 4312 γὰρ,
1781 4245 1829 4296 εἰ
1876 4245 1970 4298 καὶ

397 4330 475 4403 μὴ
497 4333 706 4402 σαφῶς.
741 4331 899 4387 Ἀλλά
919 4334 1068 4388 τουτί
1090 4334 1153 4407 δὴ
1179 4334 1452 4409 μεθέντες,
1479 4334 1565 4388 ἐπ’
1582 4336 1758 4390 ὲκεῖνο
1780 4335 1969 4408 ῑωμεν,

394 4425 447 4477 εἰ
477 4423 641 4480 δοκεῖ.

466 4514 674 4569 ΠΑΛΛ.
707 4516 782 4570 Τὸ
810 4518 994 4583 ποῖον;
1190 4571 1205 4586 ,

463 4605 629 4659 ΚΥΡ.
670 4606 752 4659 Τά
791 4608 1183 4677 νενηστευκότα
1236 4608 1431 4678 γύναια
1457 4609 1599 4673 τίνος
1632 4609 1698 4663 ἂν
1740 4604 1849 4663 εἷεν
1889 4611 1969 4674 εἰς

395 4688 565 4751 τύπον
586 4715 601 4765 ;
622 4698 675 4751 τί
696 4699 752 4752 δὲ
777 4699 837 4753 τὸ
864 4702 929 4754 ὲκ
949 4703 1058 4755 τῶν
1084 4702 1403 4774 κατόπτρων
1425 4702 1516 4756 τὸν
1535 4702 1774 4775 λουτῆρα
1802 4702 1969 4761 πλάτ-

394 4807 451 4843 τε
460 4791 582 4845 σθαι
610 4792 703 4845 τὸν
731 4792 962 4863 χαλκοῦν
983 4809 998 4858 ;

467 4884 676 4937 ΠΑΛΛ.
711 4886 822 4937 Καὶ
855 4884 980 4955 μὴν,
1016 4884 1106 4939 σὺν
1142 4885 1244 4956 ῆδη
1288 4901 1404 4948 πως
1445 4886 1539 4941 καὶ
1573 4884 1731 4938 τοῦτο
1771 4886 1966 4940 εἰπεῖν.

466 4977 630 5030 ΚΥΡ.
672 4976 872 5033 Ἄκουε
917 4977 1013 5048 δή’
1049 4976 1489 5049 Λελατρεύκασιν
1526 4976 1767 5039 εἰδώλοις
1814 4978 1863 5030 οἰ
1913 4975 1972 5042 ἐξ

411 5068 646 5139 Ἰσραὴλ,
663 5068 763 5137 τὴν
785 5069 890 5122 ὑπὸ
910 5070 1021 5131 τοῖς
1048 5069 1363 5138 Αἰγυπτίοις
1385 5067 1709 5132 ἀνατλάντες
1729 5069 1971 5141 θητείαν,

399 5158 493 5210 καὶ
517 5160 628 5220 τοῖς
654 5158 880 5212 ἐκείνων
909 5157 1242 5223 διαϐιοῦντες
1270 5159 1479 5229 νόμοις,
1515 5160 1760 5230 μακροὺς
1792 5159 1971 5213 διατε-

397 5250 650 5304 τελέκασι
684 5250 929 5322 χρόνους.
969 5251 1132 5314 Ἔθος
1162 5251 1341 5304 τοίνυν
1381 5252 1692 5321 Αἰγυπτίων
1735 5251 1971 5323 μάλιστα

398 5341 663 5408 γυναιξὶν,
686 5344 963 5413 εἰσφοιτᾷν
988 5343 1169 5413 ἱεροῖς,
1201 5342 1318 5413 λινῇ
1344 5342 1441 5412 μὲν
1463 5341 1648 5413 ἐσθῆτι
1674 5342 1970 5402 κατεσταλ-

403 5432 629 5501 μέναις,
668 5435 958 5506 κατόπτρῳ
1000 5433 1056 5485 δὲ
1100 5434 1200 5502 τὴν
1234 5434 1562 5504 ἀριστερὰν,
1599 5437 1692 5489 καὶ
1740 5435 1971 5505 σείστρῳ

396 5522 496 5591 τὴν
563 5523 744 5587 δεξιὰν
811 5523 1151 5595 ἱεροπρεπῶς
1215 5524 1717 5595 κατεστεμμέναις,
1779 5524 1834 5577 αἳ
1891 5524 1971 5577 ὅτι

484 5702 529 5734 ⁷³
577 5703 597 5758 Ι
628 5700 754 5759 Cor.
795 5718 872 5768 xl,
899 5703 1089 5758 50-52.
1162 5705 1205 5733 ‘°
1247 5705 1416 5760 Exsul.
1443 5720 1656 5766 “run,
1687 5702 1717 5756 8
1740 5719 1897 5772 seqq.

2063 1876 2462 1947 judicaremus,
2494 1891 2604 1930 non
2639 1876 2832 1946 utique
2877 1875 3292 1947 judicaremur:
3339 1873 3471 1929 dum
3490 1874 3641 1945 judi-

1973 2006 1981 2051 ί
2067 1982 2259 2022 camur
2290 1975 2475 2022 autem
2523 1982 2555 2021 a
2584 1967 2837 2030 Domino,
2874 1965 3243 2036 corripimur,
3264 1972 3326 2020 ut
3370 1980 3481 2021 non
3513 1981 3640 2021 cum

2067 2058 2174 2115 hoc
2221 2059 2429 2114 mundo
2465 2058 2794 2114 damnemur
2822 2060 2930 2113 τ’.»
3200 2102 3208 2131 ,

2139 2148 2583 2205 I'ALL.Certum
2629 2156 2714 2204 est
2758 2148 2927 2219 igitur
2969 2165 3184 2204 sacrum
3236 2148 3374 2205 illud
3422 2148 3641 2203 labrum

2068 2242 2243 2297 sancti
2267 2242 2609 2311 baptismatis
2630 2242 2859 2313 gratiam
2891 2240 3287 2312 praeﬁgurasse.

2137 2332 2295 2388 CYR.
2330 2332 2419 2388 Sic
2450 2349 2509 2388 se
2545 2334 2732 2398 habet,
2774 2348 2953 2402 neque
2984 2348 3212 2402 prorsus
3251 2330 3641 2402 ambigendum

2067 2430 2249 2494 putes.
2277 2422 2367 2487 At,
2391 2422 2438 2477 si
2472 2423 2591 2493 ejus
2614 2432 2880 2491 praeterea
2909 2420 3114 2491 opiﬁcii
3146 2421 3417 2474 rationem
3452 2416 3639 2473 consi-

2067 2514 2248 2580 deres,
2274 2513 2446 2568 multo
2478 2513 2644 2568 etiam
2674 2513 2865 2583 magis,
2884 2512 2993 2568 nisi
3022 2511 3204 2575 fallor,
3257 2507 3628 2564 admirabere.

2069 2603 2159 2660 Sic
2191 2605 2340 2659 enim
2369 2604 2636 2674 scriptum
2674 2610 2760 2658 est
2785 2602 2853 2657 de
2883 2602 3148 2667 Beseleel,
3178 2600 3273 2671 qui
3297 2597 3640 2654 tabernaculi

2068 2709 2235 2764 opera
2255 2694 2556 2749 fabricatus
2578 2702 2697 2749 est:
2733 2712 2750 2744 ι
2772 2693 2874 2747 Hic
2900 2692 3031 2747 fecit
3064 2691 3281 2747 labrum
3327 2705 3563 2756 aeneum,
3584 2696 3642 2744 et

2067 2784 2243 2840 basim
2270 2785 2390 2855 ejus
2431 2800 2641 2840 amcam
2682 2800 2713 2840 e
2744 2785 2983 2855 speculis
3020 2783 3388 2856 jejunantium
3438 2782 3642 2837 mulie-

2071 2892 2216 2942 rum,
2248 2892 2369 2946 qua:
2410 2876 2734 2947 jejunabant
2771 2892 2941 2947 prope
2994 2876 3137 2931 ostia
3168 2874 3509 2931 tabernaculi
3556 2882 3646 2928 te-

2068 2969 2334 3034 stimonii,
2381 2968 2437 3023 in
2467 2969 2556 3024 die
2586 2985 2694 3039 qua
2719 2967 2836 3022 ﬁxit
2871 2967 3034 3034 illud;
3073 2976 3130 3023 et
3161 2967 3295 3022 fecit
3319 2965 3557 3030 labrum,
3580 2973 3642 3018 ut

2068 3060 2357 3116 abluerent
2381 3076 2448 3116 ex
2472 3076 2539 3116 eo
2564 3060 2874 3132 Moyses,et
2892 3058 3092 3124 Aaron,
3132 3067 3189 3113 et
3214 3057 3311 3112 ﬁlii
3343 3059 3493 3128 ejus,
3526 3071 3642 3110 ma-

2068 3167 2174 3206 nus
2213 3167 2339 3206 suas
2370 3158 2427 3206 et
2459 3151 2651 3221 pedes,
2700 3167 2826 3206 cum
2853 3150 3275 3221 ingrederentur
3298 3148 3354 3201 in
3386 3147 3639 3202 taberna-

2069 3245 2254 3299 culum
2285 3243 2583 3298 testimonii
2614 3252 2895 3311 ;autcum
2943 3247 3235 3313 pergerent
3256 3239 3326 3295 ad
3356 3239 3548 3304 altare,
3579 3244 3642 3292 ut

2069 3336 2451 3393 ministrarent
2483 3336 2616 3399 Deo,
2667 3335 3034 3391 abluebantur
3058 3348 3126 3387 ex
3163 3332 3301 3402 ipso,
3332 3338 3395 3386 ut
3433 3330 3641 3386 consti—

2070 3429 2182 3485 tuit
2203 3428 2468 3484 Dominus
2498 3426 2667 3498 Moysi
2701 3428 2770 3480 ⁸ο.
2802 3446 2821 3477 ι
3469 3495 3516 3536 ῥ

2141 3608 2340 3664 PALL.
2367 3607 2509 3675 Quid
2544 3612 2730 3662 autem
2776 3605 3016 3676 speculis
3058 3620 3196 3675 opus
3250 3605 3405 3659 erat?
3452 3617 3642 3674 quasve

2069 3701 2233 3757 etiam
2257 3702 2363 3756 illae
2383 3716 2505 3771 quae
2541 3701 2947 3772 jejunaverant,
2998 3696 3191 3752 fuere?

2139 3791 2297 3847 CYB.
2325 3791 2508 3848 Multa:
2537 3806 2628 3847 res
2645 3798 2810 3861 gestae
2847 3788 2997 3843 haud
3019 3796 3209 3859 aperte
3246 3787 3305 3841 in
3354 3785 3642 3857 Scriptura

2070 3898 2224 3938 sacra
2248 3884 2613 3953 explicantur,
2658 3881 2754 3937 sed
2800 3881 2983 3935 obiter
3014 3888 3195 3934 tamen
3226 3877 3638 3949 signiﬁcantur:

2069 3969 2230 4039 quale
2257 3969 2361 4023 hoc
2381 3978 2465 4024 est
2514 3969 2661 4039 quod
2690 3968 2747 4022 in
2767 3968 3022 4022 manibus
3046 3967 3329 4021 habemus.
3352 3967 3488 4021 Nam
3524 3966 3639 4030 ubi,

2071 4062 2235 4132 quive
2290 4061 2698 4132 jejunaverint,
2747 4059 2877 4113 dum
2910 4067 3159 4113 sanctum
3227 4057 3642 4113 tabernaculum

2071 4152 2402 4222 erigeretur,
2444 4150 2498 4205 id
2534 4151 2745 4223 Moyses
2782 4165 2893 4207 non
2934 4148 3221 4219 exposuit;
3251 4148 3345 4203 scd
3396 4147 3532 4218 quin
3560 4148 3641 4202 fa-

2073 4256 2219 4298 ctum
2248 4244 2337 4306 sit,
2375 4242 2583 4296 nemini
2621 4241 2876 4297 dubitare
2903 4240 3066 4296 licet:
3113 4242 3216 4296 etsi
3259 4241 3407 4296 enim
3445 4256 3640 4311 parum

2073 4335 2378 4405 perspicue,
2407 4334 2615 4389 dictum
2645 4331 3090 4396 esttamen.Sed,
3125 4331 3229 4388 hoc
3248 4332 3637 4402 praetermisso,

2005 4445 2046 4500 υ
2077 4427 2142 4481 ad
2177 4425 2311 4482 illud
2336 4441 2651 4497 pergamus.

2144 4518 2339 4574 PALL.
2363 4517 2648 4585 Quodnam
2682 4515 2849 4571 illud?

2144 4609 2299 4665 CYR.
2326 4610 2555 4680 Nempe,
2585 4610 2744 4681 cujus
2784 4609 2862 4663 rei
2920 4607 3091 4677 ﬁgura
3140 4604 3343 4659 fuerint
3386 4603 3644 4657 mulieres

2071 4719 2193 4772 qua:
2210 4703 2632 4773 jejunaverunt;
2664 4703 2823 4771 cujus
2851 4700 3040 4763 etiam,
3065 4697 3212 4768 quod
3242 4712 3273 4752 e
3298 4695 3534 4767 speculis
3562 4694 3643 4749 la-

2075 4795 2243 4849 brum
2259 4811 2472 4849 aaneum
2498 4795 2701 4849 factum
2725 4803 2827 4849 est.

2146 4884 2521 4955 PALL.Atqui
2559 4887 2637 4940 tui
2662 4885 2907 4941 muneris
2934 4892 3017 4939 est
3066 4884 3118 4938 id
3152 4884 3318 4938 etiam
3345 4880 3637 4950 explicare.

2148 4973 2304 5029 CYB.
2356 4974 2557 5045 Accipe
2600 4975 2792 5045 igitur,
2839 4974 3022 5035 Genus
3078 4972 3468 5033 Israelitarum,
3517 4985 3641 5023 cum

2078 5066 2308 5121 serviret
2332 5064 2616 5138 Egyptiis.
2653 5082 2713 5121 ac
2754 5065 2850 5120 diu
2882 5066 2938 5120 in
2966 5065 3182 5121 illorum
3220 5063 3432 5134 legibus
3475 5062 3641 5115 vitam

2078 5159 2411 5224 traduceret,
2449 5159 2592 5215 idola
2616 5158 2821 5214 coluit:
2852 5157 3160 5230 314mm
3184 5156 3350 5228 igitur
3372 5162 3489 5209 erat
3512 5170 3645 5223 pra:-

2079 5253 2236 5320 eipue
2286 5250 2429 5321 apud
2458 5251 2719 5306 mulieres
2749 5249 3148 5322 Aigyptiorum,
3172 5249 3319 5303 linea
3344 5253 3493 5300 veste
3556 5244 3641 5295 in-

2077 5342 2256 5405 dutas,
2304 5343 2455 5397 adire
2505 5343 2738 5412 templa,
2783 5342 3066 5410 speculum
3123 5340 3366 5402 sinistra,
3417 5335 3639 5390 sistrum

2078 5434 2269 5489 dextra
2321 5449 2477 5488 sacro
2509 5432 2697 5486 habitu
2726 5440 3020 5502 gestantes,
3062 5443 3298 5499 eumque
3350 5426 3636 5482 honorem,

2080 5526 2209 5591 imo,
2239 5534 2300 5579 ut
2324 5526 2506 5578 verius
2529 5540 2590 5578 ac
2619 5523 2813 5577 melius
2854 5521 3051 5585 (licam,
3112 5515 3496 5575 contumeliam
3541 5512 3645 5569 ill-1.
