  <div class='ocr_page' id='page_1' title='image "/cluster/home/n/w/nwhite01/storage/ocr_20150623/68/hvd.32044073501975/321.png"; bbox 0 0 3996 6212; ppageno 0'>
   <div class='ocr_carea' id='block_1_1' title="bbox 362 189 455 246">
    <p class='ocr_par' dir='ltr' id='par_1_1' title="bbox 362 189 455 246">
     <span class='ocr_line' id='line_1_1' title="bbox 362 189 455 246; baseline -0.065 0"><span class='ocrx_word' id='word_1_1' title='bbox 362 189 455 246; x_wconf 73' lang='lat'><strong>831</strong></span> 
     </span>
    </p>
   </div>
   <div class='ocr_carea' id='block_1_2' title="bbox 1364 188 2598 247">
    <p class='ocr_par' dir='ltr' id='par_1_2' title="bbox 1364 188 2598 247">
     <span class='ocr_line' id='line_1_2' title="bbox 1364 188 2598 247; baseline -0.001 0"><span class='ocrx_word' id='word_1_2' title='bbox 1364 192 1421 247; x_wconf 85' lang='lat' dir='ltr'><strong>S.</strong></span> <span class='ocrx_word' id='word_1_3' title='bbox 1462 190 1734 246; x_wconf 74' lang='lat' dir='ltr'><strong>CYlllLLl</strong></span> <span class='ocrx_word' id='word_1_4' title='bbox 1774 189 2243 245; x_wconf 68' lang='lat' dir='ltr'><strong>ALEXANDRINI</strong></span> <span class='ocrx_word' id='word_1_5' title='bbox 2281 188 2598 246; x_wconf 79' lang='lat' dir='ltr'><strong>ARCIIIEP.</strong></span> 
     </span>
    </p>
   </div>
   <div class='ocr_carea' id='block_1_3' title="bbox 3512 193 3626 250">
    <p class='ocr_par' dir='ltr' id='par_1_3' title="bbox 3512 193 3626 250">
     <span class='ocr_line' id='line_1_3' title="bbox 3512 193 3626 250; baseline 0 0"><span class='ocrx_word' id='word_1_6' title='bbox 3512 193 3626 250; x_wconf 57' lang='grc' dir='ltr'><strong>(Βῆ</strong></span> 
     </span>
    </p>
   </div>
   <div class='ocr_carea' id='block_1_4' title="bbox 362 299 1954 377">
    <p class='ocr_par' dir='ltr' id='par_1_4' title="bbox 362 299 1935 373">
     <span class='ocr_line' id='line_1_4' title="bbox 362 299 1935 373; baseline -0.002 -17"><span class='ocrx_word' id='word_1_7' title='bbox 362 303 605 371; x_wconf 77' lang='lat' dir='ltr'><strong>quidem,</strong></span> <span class='ocrx_word' id='word_1_8' title='bbox 631 320 753 373; x_wconf 80' lang='lat' dir='ltr'><strong>qua:</strong></span> <span class='ocrx_word' id='word_1_9' title='bbox 779 303 923 358; x_wconf 88' lang='lat' dir='ltr'><strong>inter</strong></span> <span class='ocrx_word' id='word_1_10' title='bbox 952 312 1177 357; x_wconf 65' lang='lat' dir='ltr'><strong>eaateras</strong></span> <span class='ocrx_word' id='word_1_11' title='bbox 1219 303 1453 355; x_wconf 77' lang='lat' dir='ltr'><strong>maxime</strong></span> <span class='ocrx_word' id='word_1_12' title='bbox 1496 299 1851 364; x_wconf 75' lang='lat' dir='ltr'><strong>excellerent,</strong></span> <span class='ocrx_word' id='word_1_13' title='bbox 1879 308 1935 353; x_wconf 92' lang='lat' dir='ltr'><strong>et</strong></span> 
     </span>
    </p>
   </div>
   <div class='ocr_carea' id='block_1_5' title="bbox 2057 299 3629 377">
    <p class='ocr_par' dir='ltr' id='par_1_5' title="bbox 2057 299 3629 376">
     <span class='ocr_line' id='line_1_5' title="bbox 2057 299 3629 376; baseline 0.004 -23"><span class='ocrx_word' id='word_1_14' title='bbox 2057 299 2275 376; x_wconf 71' lang='grc' dir='ltr'>ιάλιστα</span> <span class='ocrx_word' id='word_1_15' title='bbox 2304 299 2413 355; x_wconf 88' lang='grc' dir='ltr'><strong>τῶν</strong></span> <span class='ocrx_word' id='word_1_16' title='bbox 2452 300 2627 355; x_wconf 81' lang='grc' dir='ltr'>ἄλλων</span> <span class='ocrx_word' id='word_1_17' title='bbox 2656 299 3029 373; x_wconf 81' lang='grc' dir='ltr'>ὲξειλεγμὲναι</span> <span class='ocrx_word' id='word_1_18' title='bbox 3073 303 3164 357; x_wconf 74' lang='grc' dir='ltr'>καὶ</span> <span class='ocrx_word' id='word_1_19' title='bbox 3210 300 3588 375; x_wconf 79' lang='grc' dir='ltr'>ἱερομύστιδες</span> <span class='ocrx_word' id='word_1_20' title='bbox 3610 337 3629 365; x_wconf 81' lang='grc'><strong>.</strong></span> 
     </span>
    </p>
   </div>
   <div class='ocr_carea' id='block_1_6' title="bbox 365 392 1938 459">
    <p class='ocr_par' dir='ltr' id='par_1_6' title="bbox 365 392 1938 459">
     <span class='ocr_line' id='line_1_6' title="bbox 365 392 1938 459; baseline -0.002 -9"><span class='ocrx_word' id='word_1_21' title='bbox 365 396 536 451; x_wconf 86' lang='lat' dir='ltr'><strong>sacris</strong></span> <span class='ocrx_word' id='word_1_22' title='bbox 577 405 765 451; x_wconf 89' lang='lat' dir='ltr'><strong>essent</strong></span> <span class='ocrx_word' id='word_1_23' title='bbox 814 395 1074 459; x_wconf 76' lang='lat' dir='ltr'><strong>initiatae,</strong></span> <span class='ocrx_word' id='word_1_24' title='bbox 1126 392 1218 447; x_wconf 82' lang='lat' dir='ltr'><strong>vix</strong></span> <span class='ocrx_word' id='word_1_25' title='bbox 1278 392 1623 447; x_wconf 83' lang='lat' dir='ltr'><strong>obtinebant.</strong></span> <span class='ocrx_word' id='word_1_26' title='bbox 1680 392 1938 447; x_wconf 78' lang='lat' dir='ltr'><strong>Mulieres</strong></span> 
     </span>
    </p>
   </div>
   <div class='ocr_carea' id='block_1_7' title="bbox 367 484 1938 559">
    <p class='ocr_par' dir='ltr' id='par_1_7' title="bbox 367 484 1938 559">
     <span class='ocr_line' id='line_1_7' title="bbox 367 484 1938 559; baseline -0.001 -18"><span class='ocrx_word' id='word_1_27' title='bbox 367 489 534 559; x_wconf 79' lang='lat' dir='ltr'><strong>igitur</strong></span> <span class='ocrx_word' id='word_1_28' title='bbox 551 503 619 543; x_wconf 78' lang='lat' dir='ltr'><strong>ex</strong></span> <span class='ocrx_word' id='word_1_29' title='bbox 642 502 841 558; x_wconf 79' lang='lat' dir='ltr'><strong>genere</strong></span> <span class='ocrx_word' id='word_1_30' title='bbox 867 484 1033 540; x_wconf 86' lang='lat' dir='ltr'><strong>lsrael</strong></span> <span class='ocrx_word' id='word_1_31' title='bbox 1061 485 1327 555; x_wconf 84' lang='lat' dir='ltr'><strong>reliquias</strong></span> <span class='ocrx_word' id='word_1_32' title='bbox 1356 484 1506 540; x_wconf 91' lang='lat' dir='ltr'><strong>illius</strong></span> <span class='ocrx_word' id='word_1_33' title='bbox 1531 485 1715 550; x_wconf 89' lang='lat' dir='ltr'><strong>cultus</strong></span> <span class='ocrx_word' id='word_1_34' title='bbox 1771 499 1938 554; x_wconf 87' lang='lat' dir='ltr'><strong>quem</strong></span> 
     </span>
    </p>
   </div>
   <div class='ocr_carea' id='block_1_8' title="bbox 367 574 1941 650">
    <p class='ocr_par' dir='ltr' id='par_1_8' title="bbox 367 574 1941 650">
     <span class='ocr_line' id='line_1_8' title="bbox 367 574 1941 650; baseline -0.002 -18"><span class='ocrx_word' id='word_1_35' title='bbox 367 580 420 633; x_wconf 80' lang='lat' dir='ltr'><strong>in</strong></span> <span class='ocrx_word' id='word_1_36' title='bbox 441 577 671 650; x_wconf 67' lang='lat' dir='ltr'><strong>Egypto</strong></span> <span class='ocrx_word' id='word_1_37' title='bbox 691 585 1066 643; x_wconf 83' lang='lat' dir='ltr'><strong>servaverant,</strong></span> <span class='ocrx_word' id='word_1_38' title='bbox 1106 575 1314 633; x_wconf 75' lang='lat' dir='ltr'><strong>cumin</strong></span> <span class='ocrx_word' id='word_1_39' title='bbox 1346 590 1445 630; x_wconf 87' lang='lat' dir='ltr'><strong>sua</strong></span> <span class='ocrx_word' id='word_1_40' title='bbox 1488 574 1813 646; x_wconf 77' lang='lat' dir='ltr'><strong>supellectili</strong></span> <span class='ocrx_word' id='word_1_41' title='bbox 1854 589 1941 629; x_wconf 86' lang='lat' dir='ltr'><strong>re—</strong></span> 
     </span>
    </p>
   </div>
   <div class='ocr_carea' id='block_1_9' title="bbox 367 660 1973 747">
    <p class='ocr_par' dir='ltr' id='par_1_9' title="bbox 367 660 1973 747">
     <span class='ocr_line' id='line_1_9' title="bbox 367 660 1973 747; baseline -0.002 -28"><span class='ocrx_word' id='word_1_42' title='bbox 367 667 659 737; x_wconf 78' lang='lat' dir='ltr'><strong>perissent,</strong></span> <span class='ocrx_word' id='word_1_43' title='bbox 714 665 832 720; x_wconf 86' lang='lat' dir='ltr'><strong>haec</strong></span> <span class='ocrx_word' id='word_1_44' title='bbox 881 665 1019 747; x_wconf 83' lang='lat' dir='ltr'><strong>ipsa,</strong></span> <span class='ocrx_word' id='word_1_45' title='bbox 1069 665 1316 735; x_wconf 81' lang='lat' dir='ltr'><strong>inquam,</strong></span> <span class='ocrx_word' id='word_1_46' title='bbox 1380 663 1604 734; x_wconf 86' lang='lat' dir='ltr'><strong>specula</strong></span> <span class='ocrx_word' id='word_1_47' title='bbox 1643 660 1973 717; x_wconf 69' lang='lat' dir='ltr'><strong>oblationis&#39;</strong></span> 
     </span>
    </p>
   </div>
   <div class='ocr_carea' id='block_1_10' title="bbox 365 753 1942 828">
    <p class='ocr_par' dir='ltr' id='par_1_10' title="bbox 365 753 1942 828">
     <span class='ocr_line' id='line_1_10' title="bbox 365 753 1942 828; baseline -0.004 -13"><span class='ocrx_word' id='word_1_48' title='bbox 365 773 528 815; x_wconf 87' lang='lat' dir='ltr'><strong>causa</strong></span> <span class='ocrx_word' id='word_1_49' title='bbox 574 757 914 824; x_wconf 79' lang='lat' dir='ltr'><strong>detulerunt,</strong></span> <span class='ocrx_word' id='word_1_50' title='bbox 958 772 1133 828; x_wconf 89' lang='lat' dir='ltr'><strong>eaque</strong></span> <span class='ocrx_word' id='word_1_51' title='bbox 1183 756 1253 815; x_wconf 88' lang='lat' dir='ltr'><strong>ad</strong></span> <span class='ocrx_word' id='word_1_52' title='bbox 1303 755 1446 811; x_wconf 88' lang='lat' dir='ltr'><strong>labri</strong></span> <span class='ocrx_word' id='word_1_53' title='bbox 1493 770 1655 811; x_wconf 90' lang='lat' dir='ltr'><strong>usum</strong></span> <span class='ocrx_word' id='word_1_54' title='bbox 1678 753 1942 809; x_wconf 84' lang='lat' dir='ltr'><strong>translata</strong></span> 
     </span>
    </p>
   </div>
   <div class='ocr_carea' id='block_1_11' title="bbox 365 847 1939 920">
    <p class='ocr_par' dir='ltr' id='par_1_11' title="bbox 365 847 1939 920">
     <span class='ocr_line' id='line_1_11' title="bbox 365 847 1939 920; baseline -0.004 -14"><span class='ocrx_word' id='word_1_55' title='bbox 365 859 528 916; x_wconf 76' lang='lat' dir='ltr'><strong>sunt:</strong></span> <span class='ocrx_word' id='word_1_56' title='bbox 565 865 800 920; x_wconf 91' lang='lat' dir='ltr'><strong>cumque</strong></span> <span class='ocrx_word' id='word_1_57' title='bbox 838 859 1088 905; x_wconf 88' lang='lat' dir='ltr'><strong>sanctum</strong></span> <span class='ocrx_word' id='word_1_58' title='bbox 1140 849 1560 913; x_wconf 84' lang='lat' dir='ltr'><strong>tabernaculum</strong></span> <span class='ocrx_word' id='word_1_59' title='bbox 1610 847 1939 918; x_wconf 85' lang='lat' dir='ltr'><strong>erigeretur,</strong></span> 
     </span>
    </p>
   </div>
   <div class='ocr_carea' id='block_1_12' title="bbox 368 940 1942 1015">
    <p class='ocr_par' dir='ltr' id='par_1_12' title="bbox 368 940 1942 1015">
     <span class='ocr_line' id='line_1_12' title="bbox 368 940 1942 1015; baseline -0.004 -17"><span class='ocrx_word' id='word_1_60' title='bbox 368 943 474 999; x_wconf 78' lang='lat' dir='ltr'><strong>illae</strong></span> <span class='ocrx_word' id='word_1_61' title='bbox 514 942 923 1015; x_wconf 88' lang='lat' dir='ltr'><strong>jejunaverunt,</strong></span> <span class='ocrx_word' id='word_1_62' title='bbox 986 941 1052 997; x_wconf 91' lang='lat' dir='ltr'><strong>ad</strong></span> <span class='ocrx_word' id='word_1_63' title='bbox 1107 941 1317 997; x_wconf 84' lang='lat' dir='ltr'><strong>ostium</strong></span> <span class='ocrx_word' id='word_1_64' title='bbox 1366 940 1710 1005; x_wconf 86' lang='lat' dir='ltr'><strong>assidentes,</strong></span> <span class='ocrx_word' id='word_1_65' title='bbox 1756 946 1812 994; x_wconf 91' lang='lat' dir='ltr'><strong>et</strong></span> <span class='ocrx_word' id='word_1_66' title='bbox 1842 954 1942 1010; x_wconf 91' lang='lat' dir='ltr'><strong>per</strong></span> 
     </span>
    </p>
   </div>
   <div class='ocr_carea' id='block_1_13' title="bbox 366 1030 1944 1105">
    <p class='ocr_par' dir='ltr' id='par_1_13' title="bbox 366 1030 1944 1105">
     <span class='ocr_line' id='line_1_13' title="bbox 366 1030 1944 1105; baseline -0.001 -20"><span class='ocrx_word' id='word_1_67' title='bbox 366 1034 549 1102; x_wconf 81' lang='lat' dir='ltr'><strong>omnia</strong></span> <span class='ocrx_word' id='word_1_68' title='bbox 580 1043 731 1091; x_wconf 87' lang='lat' dir='ltr'><strong>caste</strong></span> <span class='ocrx_word' id='word_1_69' title='bbox 754 1033 1048 1105; x_wconf 83' lang='lat' dir='ltr'><strong>degentes:</strong></span> <span class='ocrx_word' id='word_1_70' title='bbox 1074 1047 1184 1104; x_wconf 90' lang='lat' dir='ltr'><strong>quo</strong></span> <span class='ocrx_word' id='word_1_71' title='bbox 1216 1033 1361 1088; x_wconf 81' lang='lat' dir='ltr'><strong>facto</strong></span> <span class='ocrx_word' id='word_1_72' title='bbox 1389 1030 1825 1103; x_wconf 77' lang='lat' dir='ltr'><strong>signiﬁcabatur,</strong></span> <span class='ocrx_word' id='word_1_73' title='bbox 1849 1044 1944 1085; x_wconf 48' lang='lat' dir='ltr'><strong>ves</strong></span> 
     </span>
    </p>
   </div>
   <div class='ocr_carea' id='block_1_14' title="bbox 371 1121 1942 1199">
    <p class='ocr_par' dir='ltr' id='par_1_14' title="bbox 371 1121 1942 1199">
     <span class='ocr_line' id='line_1_14' title="bbox 371 1121 1942 1199; baseline -0.001 -20"><span class='ocrx_word' id='word_1_74' title='bbox 371 1128 516 1182; x_wconf 84' lang='lat' dir='ltr'><strong>riore</strong></span> <span class='ocrx_word' id='word_1_75' title='bbox 545 1127 658 1199; x_wconf 83' lang='lat' dir='ltr'><strong>jam</strong></span> <span class='ocrx_word' id='word_1_76' title='bbox 683 1125 739 1181; x_wconf 93' lang='lat' dir='ltr'><strong>in</strong></span> <span class='ocrx_word' id='word_1_77' title='bbox 771 1126 1126 1181; x_wconf 89' lang='lat' dir='ltr'><strong>tabernaculo</strong></span> <span class='ocrx_word' id='word_1_78' title='bbox 1154 1124 1468 1190; x_wconf 85' lang='lat' dir='ltr'><strong>manifesto,</strong></span> <span class='ocrx_word' id='word_1_79' title='bbox 1525 1123 1582 1179; x_wconf 90' lang='lat' dir='ltr'><strong>id</strong></span> <span class='ocrx_word' id='word_1_80' title='bbox 1609 1131 1717 1188; x_wconf 85' lang='lat' dir='ltr'><strong>est,</strong></span> <span class='ocrx_word' id='word_1_81' title='bbox 1747 1121 1942 1178; x_wconf 87' lang='lat' dir='ltr'><strong>Eccle-</strong></span> 
     </span>
    </p>
   </div>
   <div class='ocr_carea' id='block_1_15' title="bbox 369 1214 1939 1289">
    <p class='ocr_par' dir='ltr' id='par_1_15' title="bbox 369 1214 1939 1289">
     <span class='ocr_line' id='line_1_15' title="bbox 369 1214 1939 1289; baseline -0.002 -19"><span class='ocrx_word' id='word_1_82' title='bbox 369 1218 472 1281; x_wconf 80' lang='lat' dir='ltr'><strong>sia,</strong></span> <span class='ocrx_word' id='word_1_83' title='bbox 496 1216 645 1289; x_wconf 88' lang='lat' dir='ltr'><strong>quod</strong></span> <span class='ocrx_word' id='word_1_84' title='bbox 677 1216 1095 1283; x_wconf 83' lang='lat' dir='ltr'><strong>tabernaculum</strong></span> <span class='ocrx_word' id='word_1_85' title='bbox 1151 1214 1269 1270; x_wconf 80' lang='lat' dir='ltr'><strong>ﬁxit</strong></span> <span class='ocrx_word' id='word_1_86' title='bbox 1293 1216 1460 1278; x_wconf 88' lang='lat' dir='ltr'><strong>Deus,</strong></span> <span class='ocrx_word' id='word_1_87' title='bbox 1493 1223 1551 1270; x_wconf 92' lang='lat' dir='ltr'><strong>et</strong></span> <span class='ocrx_word' id='word_1_88' title='bbox 1589 1229 1705 1269; x_wconf 90' lang='lat' dir='ltr'><strong>non</strong></span> <span class='ocrx_word' id='word_1_89' title='bbox 1751 1214 1939 1279; x_wconf 88' lang='lat' dir='ltr'><strong>homo,</strong></span> 
     </span>
    </p>
   </div>
   <div class='ocr_carea' id='block_1_16' title="bbox 371 1303 1937 1376">
    <p class='ocr_par' dir='ltr' id='par_1_16' title="bbox 371 1303 1937 1376">
     <span class='ocr_line' id='line_1_16' title="bbox 371 1303 1937 1376; baseline -0.003 -13"><span class='ocrx_word' id='word_1_90' title='bbox 371 1316 430 1363; x_wconf 91' lang='lat' dir='ltr'><strong>ut</strong></span> <span class='ocrx_word' id='word_1_91' title='bbox 460 1308 659 1365; x_wconf 88' lang='lat' dir='ltr'><strong>beatus</strong></span> <span class='ocrx_word' id='word_1_92' title='bbox 680 1308 885 1367; x_wconf 87' lang='lat' dir='ltr'><strong>Paulus</strong></span> <span class='ocrx_word' id='word_1_93' title='bbox 921 1307 1116 1362; x_wconf 90' lang='lat' dir='ltr'><strong>scribit</strong></span> <span class='ocrx_word' id='word_1_94' title='bbox 1138 1307 1208 1372; x_wconf 70' lang='grc' dir='ltr'><strong>δ’,</strong></span> <span class='ocrx_word' id='word_1_95' title='bbox 1241 1313 1462 1376; x_wconf 85' lang='lat' dir='ltr'><strong>tempus</strong></span> <span class='ocrx_word' id='word_1_96' title='bbox 1479 1306 1589 1376; x_wconf 85' lang='lat' dir='ltr'><strong>jam</strong></span> <span class='ocrx_word' id='word_1_97' title='bbox 1609 1320 1731 1360; x_wconf 90' lang='lat' dir='ltr'><strong>esse</strong></span> <span class='ocrx_word' id='word_1_98' title='bbox 1752 1303 1937 1375; x_wconf 79' lang='lat' dir='ltr'><strong>profe-</strong></span> 
     </span>
    </p>
   </div>
   <div class='ocr_carea' id='block_1_17' title="bbox 370 1394 1945 1468">
    <p class='ocr_par' dir='ltr' id='par_1_17' title="bbox 370 1394 1945 1468">
     <span class='ocr_line' id='line_1_17' title="bbox 370 1394 1945 1468; baseline -0.001 -16"><span class='ocrx_word' id='word_1_99' title='bbox 370 1406 480 1464; x_wconf 84' lang='lat' dir='ltr'><strong>cto,</strong></span> <span class='ocrx_word' id='word_1_100' title='bbox 505 1406 586 1464; x_wconf 89' lang='lat' dir='ltr'><strong>ut,</strong></span> <span class='ocrx_word' id='word_1_101' title='bbox 629 1398 723 1468; x_wconf 87' lang='lat' dir='ltr'><strong>qui</strong></span> <span class='ocrx_word' id='word_1_102' title='bbox 756 1397 825 1453; x_wconf 91' lang='lat' dir='ltr'><strong>ad</strong></span> <span class='ocrx_word' id='word_1_103' title='bbox 850 1397 1260 1453; x_wconf 77' lang='lat' dir='ltr'><strong>venerationem</strong></span> <span class='ocrx_word' id='word_1_104' title='bbox 1318 1394 1715 1451; x_wconf 61' lang='lat' dir='ltr'><strong>daemoniorum</strong></span> <span class='ocrx_word' id='word_1_105' title='bbox 1763 1394 1945 1465; x_wconf 85' lang='lat' dir='ltr'><strong>gregis</strong></span> 
     </span>
    </p>
   </div>
   <div class='ocr_carea' id='block_1_18' title="bbox 372 1480 1944 1554">
    <p class='ocr_par' dir='ltr' id='par_1_18' title="bbox 372 1480 1944 1554">
     <span class='ocr_line' id='line_1_18' title="bbox 372 1480 1944 1554; baseline -0.004 -11"><span class='ocrx_word' id='word_1_106' title='bbox 372 1489 539 1543; x_wconf 85' lang='lat' dir='ltr'><strong>dicati</strong></span> <span class='ocrx_word' id='word_1_107' title='bbox 587 1496 763 1553; x_wconf 85' lang='lat' dir='ltr'><strong>erant,</strong></span> <span class='ocrx_word' id='word_1_108' title='bbox 816 1488 873 1541; x_wconf 89' lang='lat' dir='ltr'><strong>in</strong></span> <span class='ocrx_word' id='word_1_109' title='bbox 932 1480 1264 1542; x_wconf 23' lang='lat' dir='ltr'><strong>sacra‘vasa</strong></span> <span class='ocrx_word' id='word_1_110' title='bbox 1295 1491 1604 1549; x_wconf 87' lang='lat' dir='ltr'><strong>mutentur,</strong></span> <span class='ocrx_word' id='word_1_111' title='bbox 1674 1499 1798 1554; x_wconf 71' lang='lat' dir='ltr'><strong>quae</strong></span> <span class='ocrx_word' id='word_1_112' title='bbox 1830 1482 1944 1539; x_wconf 86' lang='lat' dir='ltr'><strong>sint</strong></span> 
     </span>
    </p>
   </div>
   <div class='ocr_carea' id='block_1_19' title="bbox 372 1575 1946 1655">
    <p class='ocr_par' dir='ltr' id='par_1_19' title="bbox 372 1575 1946 1655">
     <span class='ocr_line' id='line_1_19' title="bbox 372 1575 1946 1655; baseline -0.004 -19"><span class='ocrx_word' id='word_1_113' title='bbox 372 1581 441 1636; x_wconf 89' lang='lat' dir='ltr'><strong>ad</strong></span> <span class='ocrx_word' id='word_1_114' title='bbox 467 1581 641 1643; x_wconf 83' lang='lat' dir='ltr'><strong>sancti</strong></span> <span class='ocrx_word' id='word_1_115' title='bbox 666 1578 1015 1649; x_wconf 86' lang='lat' dir='ltr'><strong>baptismatis</strong></span> <span class='ocrx_word' id='word_1_116' title='bbox 1070 1576 1451 1655; x_wconf 89' lang='lat' dir='ltr'><strong>receptionem</strong></span> <span class='ocrx_word' id='word_1_117' title='bbox 1497 1584 1657 1647; x_wconf 88' lang='lat' dir='ltr'><strong>apta;</strong></span> <span class='ocrx_word' id='word_1_118' title='bbox 1702 1575 1840 1631; x_wconf 90' lang='lat' dir='ltr'><strong>adeo</strong></span> <span class='ocrx_word' id='word_1_119' title='bbox 1885 1582 1946 1630; x_wconf 93' lang='lat' dir='ltr'><strong>ut</strong></span> 
     </span>
    </p>
   </div>
   <div class='ocr_carea' id='block_1_20' title="bbox 373 1665 1945 1739">
    <p class='ocr_par' dir='ltr' id='par_1_20' title="bbox 373 1665 1945 1739">
     <span class='ocr_line' id='line_1_20' title="bbox 373 1665 1945 1739; baseline -0.001 -17"><span class='ocrx_word' id='word_1_120' title='bbox 373 1668 730 1733; x_wconf 88' lang='lat' dir='ltr'><strong>ornamentis,</strong></span> <span class='ocrx_word' id='word_1_121' title='bbox 765 1684 886 1738; x_wconf 84' lang='lat' dir='ltr'><strong>quae</strong></span> <span class='ocrx_word' id='word_1_122' title='bbox 914 1684 1080 1738; x_wconf 80' lang='lat' dir='ltr'><strong>supra</strong></span> <span class='ocrx_word' id='word_1_123' title='bbox 1111 1668 1289 1739; x_wconf 82' lang='lat' dir='ltr'><strong>legem</strong></span> <span class='ocrx_word' id='word_1_124' title='bbox 1324 1673 1477 1732; x_wconf 89' lang='lat' dir='ltr'><strong>sunt,</strong></span> <span class='ocrx_word' id='word_1_125' title='bbox 1508 1665 1779 1721; x_wconf 82' lang='lat' dir='ltr'><strong>excellere</strong></span> <span class='ocrx_word' id='word_1_126' title='bbox 1813 1680 1945 1736; x_wconf 88' lang='lat' dir='ltr'><strong>pos—</strong></span> 
     </span>
    </p>
   </div>
   <div class='ocr_carea' id='block_1_21' title="bbox 377 1757 1951 1831">
    <p class='ocr_par' dir='ltr' id='par_1_21' title="bbox 377 1757 1951 1831">
     <span class='ocr_line' id='line_1_21' title="bbox 377 1757 1951 1831; baseline -0.003 -17"><span class='ocrx_word' id='word_1_127' title='bbox 377 1761 518 1825; x_wconf 79' lang='lat' dir='ltr'><strong>sint:</strong></span> <span class='ocrx_word' id='word_1_128' title='bbox 552 1760 658 1816; x_wconf 87' lang='lat' dir='ltr'><strong>hoc</strong></span> <span class='ocrx_word' id='word_1_129' title='bbox 689 1759 837 1815; x_wconf 89' lang='lat' dir='ltr'><strong>enim</strong></span> <span class='ocrx_word' id='word_1_130' title='bbox 861 1768 966 1825; x_wconf 87' lang='lat' dir='ltr'><strong>est,</strong></span> <span class='ocrx_word' id='word_1_131' title='bbox 1008 1768 1071 1819; x_wconf 86' lang='lat' dir='ltr'><strong>ut</strong></span> <span class='ocrx_word' id='word_1_132' title='bbox 1099 1760 1319 1831; x_wconf 87' lang='lat' dir='ltr'><strong>opinor,</strong></span> <span class='ocrx_word' id='word_1_133' title='bbox 1351 1774 1382 1813; x_wconf 93' lang='lat' dir='ltr'><strong>e</strong></span> <span class='ocrx_word' id='word_1_134' title='bbox 1409 1757 1700 1829; x_wconf 78' lang='lat' dir='ltr'><strong>gentilium</strong></span> <span class='ocrx_word' id='word_1_135' title='bbox 1753 1771 1951 1826; x_wconf 87' lang='lat' dir='ltr'><strong>specu-</strong></span> 
     </span>
    </p>
   </div>
   <div class='ocr_carea' id='block_1_22' title="bbox 378 1847 1948 1921">
    <p class='ocr_par' dir='ltr' id='par_1_22' title="bbox 378 1847 1948 1921">
     <span class='ocr_line' id='line_1_22' title="bbox 378 1847 1948 1921; baseline -0.005 -12"><span class='ocrx_word' id='word_1_136' title='bbox 378 1854 464 1921; x_wconf 87' lang='lat' dir='ltr'><strong>lis,</strong></span> <span class='ocrx_word' id='word_1_137' title='bbox 521 1869 620 1908; x_wconf 88' lang='lat' dir='ltr'><strong>seu</strong></span> <span class='ocrx_word' id='word_1_138' title='bbox 657 1852 947 1909; x_wconf 90' lang='lat' dir='ltr'><strong>diabolicis</strong></span> <span class='ocrx_word' id='word_1_139' title='bbox 979 1852 1261 1908; x_wconf 85' lang='lat' dir='ltr'><strong>thesauris</strong></span> <span class='ocrx_word' id='word_1_140' title='bbox 1300 1851 1518 1906; x_wconf 85' lang='lat' dir='ltr'><strong>labrum</strong></span> <span class='ocrx_word' id='word_1_141' title='bbox 1579 1864 1793 1904; x_wconf 86' lang='lat' dir='ltr'><strong>aeneum</strong></span> <span class='ocrx_word' id='word_1_142' title='bbox 1841 1847 1948 1902; x_wconf 79' lang='lat' dir='ltr'><strong>for-</strong></span> 
     </span>
    </p>
   </div>
   <div class='ocr_carea' id='block_1_23' title="bbox 378 1941 1951 2017">
    <p class='ocr_par' dir='ltr' id='par_1_23' title="bbox 378 1941 1951 2017">
     <span class='ocr_line' id='line_1_23' title="bbox 378 1941 1951 2017; baseline -0.004 -15"><span class='ocrx_word' id='word_1_143' title='bbox 378 1947 538 2011; x_wconf 87' lang='lat' dir='ltr'><strong>mari,</strong></span> <span class='ocrx_word' id='word_1_144' title='bbox 565 1946 623 2000; x_wconf 90' lang='lat' dir='ltr'><strong>in</strong></span> <span class='ocrx_word' id='word_1_145' title='bbox 648 1961 758 2016; x_wconf 92' lang='lat' dir='ltr'><strong>quo</strong></span> <span class='ocrx_word' id='word_1_146' title='bbox 779 1946 893 2016; x_wconf 88' lang='lat' dir='ltr'><strong>jam</strong></span> <span class='ocrx_word' id='word_1_147' title='bbox 925 1960 1065 2016; x_wconf 88' lang='lat' dir='ltr'><strong>aqua</strong></span> <span class='ocrx_word' id='word_1_148' title='bbox 1089 1946 1182 2012; x_wconf 88' lang='lat' dir='ltr'><strong>sit,</strong></span> <span class='ocrx_word' id='word_1_149' title='bbox 1213 1961 1321 2015; x_wconf 89' lang='lat' dir='ltr'><strong>qua</strong></span> <span class='ocrx_word' id='word_1_150' title='bbox 1358 1944 1474 2017; x_wconf 91' lang='lat' dir='ltr'><strong>ipse</strong></span> <span class='ocrx_word' id='word_1_151' title='bbox 1497 1957 1715 2013; x_wconf 90' lang='lat' dir='ltr'><strong>quoque</strong></span> <span class='ocrx_word' id='word_1_152' title='bbox 1743 1941 1951 2012; x_wconf 81' lang='lat' dir='ltr'><strong>Moyses</strong></span> 
     </span>
    </p>
   </div>
   <div class='ocr_carea' id='block_1_24' title="bbox 378 2033 1950 2112">
    <p class='ocr_par' dir='ltr' id='par_1_24' title="bbox 378 2033 1950 2112">
     <span class='ocr_line' id='line_1_24' title="bbox 378 2033 1950 2112; baseline -0.005 -18"><span class='ocrx_word' id='word_1_153' title='bbox 378 2047 659 2112; x_wconf 81' lang='lat' dir='ltr'><strong>purgetur,</strong></span> <span class='ocrx_word' id='word_1_154' title='bbox 684 2053 913 2110; x_wconf 61' lang='lat' dir='ltr'><strong>quaeque</strong></span> <span class='ocrx_word' id='word_1_155' title='bbox 939 2038 1008 2092; x_wconf 90' lang='lat' dir='ltr'><strong>ad</strong></span> <span class='ocrx_word' id='word_1_156' title='bbox 1034 2037 1375 2093; x_wconf 89' lang='lat' dir='ltr'><strong>ablutionem</strong></span> <span class='ocrx_word' id='word_1_157' title='bbox 1399 2034 1660 2089; x_wconf 87' lang='lat' dir='ltr'><strong>nimirum</strong></span> <span class='ocrx_word' id='word_1_158' title='bbox 1692 2033 1950 2104; x_wconf 75' lang='lat' dir='ltr'><strong>Spiritua-</strong></span> 
     </span>
    </p>
   </div>
   <div class='ocr_carea' id='block_1_25' title="bbox 375 2118 1949 2204">
    <p class='ocr_par' dir='ltr' id='par_1_25' title="bbox 375 2118 1949 2204">
     <span class='ocr_line' id='line_1_25' title="bbox 375 2118 1949 2204; baseline -0.004 -18"><span class='ocrx_word' id='word_1_159' title='bbox 375 2118 484 2204; x_wconf 60' lang='lat' dir='ltr'><strong>lem</strong></span> <span class='ocrx_word' id='word_1_160' title='bbox 512 2131 673 2203; x_wconf 78' lang='lat' dir='ltr'><strong>legali</strong></span> <span class='ocrx_word' id='word_1_161' title='bbox 694 2130 1001 2186; x_wconf 86' lang='lat' dir='ltr'><strong>sacerdotio</strong></span> <span class='ocrx_word' id='word_1_162' title='bbox 1028 2130 1102 2185; x_wconf 87' lang='lat' dir='ltr'><strong>sit</strong></span> <span class='ocrx_word' id='word_1_163' title='bbox 1145 2129 1292 2184; x_wconf 92' lang='lat' dir='ltr'><strong>usui.</strong></span> <span class='ocrx_word' id='word_1_164' title='bbox 1329 2127 1415 2182; x_wconf 87' lang='lat' dir='ltr'><strong>An</strong></span> <span class='ocrx_word' id='word_1_165' title='bbox 1448 2135 1506 2181; x_wconf 89' lang='lat' dir='ltr'><strong>tu</strong></span> <span class='ocrx_word' id='word_1_166' title='bbox 1548 2127 1689 2197; x_wconf 90' lang='lat' dir='ltr'><strong>ipse,</strong></span> <span class='ocrx_word' id='word_1_167' title='bbox 1718 2124 1949 2189; x_wconf 85' lang='lat' dir='ltr'><strong>Palladi,</strong></span> 
     </span>
    </p>
   </div>
   <div class='ocr_carea' id='block_1_26' title="bbox 377 2215 1947 2297">
    <p class='ocr_par' dir='ltr' id='par_1_26' title="bbox 377 2215 1947 2297">
     <span class='ocr_line' id='line_1_26' title="bbox 377 2215 1947 2297; baseline -0.006 -18"><span class='ocrx_word' id='word_1_168' title='bbox 377 2224 475 2297; x_wconf 89' lang='lat' dir='ltr'><strong>qui</strong></span> <span class='ocrx_word' id='word_1_169' title='bbox 501 2223 560 2281; x_wconf 89' lang='lat' dir='ltr'><strong>in</strong></span> <span class='ocrx_word' id='word_1_170' title='bbox 580 2238 770 2280; x_wconf 88' lang='lat' dir='ltr'><strong>errore</strong></span> <span class='ocrx_word' id='word_1_171' title='bbox 792 2221 1005 2279; x_wconf 88' lang='lat' dir='ltr'><strong>seducti</strong></span> <span class='ocrx_word' id='word_1_172' title='bbox 1032 2225 1214 2285; x_wconf 87' lang='lat' dir='ltr'><strong>erant,</strong></span> <span class='ocrx_word' id='word_1_173' title='bbox 1245 2225 1303 2270; x_wconf 84' lang='lat' dir='ltr'><strong>et</strong></span> <span class='ocrx_word' id='word_1_174' title='bbox 1334 2216 1611 2272; x_wconf 85' lang='lat' dir='ltr'><strong>daemonia</strong></span> <span class='ocrx_word' id='word_1_175' title='bbox 1641 2215 1947 2283; x_wconf 87' lang='lat' dir='ltr'><strong>coluerant,</strong></span> 
     </span>
    </p>
   </div>
   <div class='ocr_carea' id='block_1_27' title="bbox 377 2312 1533 2381">
    <p class='ocr_par' dir='ltr' id='par_1_27' title="bbox 377 2312 1533 2381">
     <span class='ocr_line' id='line_1_27' title="bbox 377 2312 1533 2381; baseline -0.01 -4"><span class='ocrx_word' id='word_1_176' title='bbox 377 2334 475 2379; x_wconf 86' lang='lat' dir='ltr'><strong>eos</strong></span> <span class='ocrx_word' id='word_1_177' title='bbox 508 2334 618 2374; x_wconf 92' lang='lat' dir='ltr'><strong>non</strong></span> <span class='ocrx_word' id='word_1_178' title='bbox 647 2332 776 2381; x_wconf 83' lang='lat' dir='ltr'><strong>vasa</strong></span> <span class='ocrx_word' id='word_1_179' title='bbox 799 2317 966 2375; x_wconf 83' lang='lat' dir='ltr'><strong>fuisse</strong></span> <span class='ocrx_word' id='word_1_180' title='bbox 997 2313 1269 2381; x_wconf 81' lang='lat' dir='ltr'><strong>diabolica</strong></span> <span class='ocrx_word' id='word_1_181' title='bbox 1304 2312 1533 2379; x_wconf 76' lang='lat' dir='ltr'><strong>censes?</strong></span> 
     </span>
    </p>
   </div>
   <div class='ocr_carea' id='block_1_28' title="bbox 452 2585 1407 2659">
    <p class='ocr_par' dir='ltr' id='par_1_28' title="bbox 452 2585 1407 2659">
     <span class='ocr_line' id='line_1_28' title="bbox 452 2585 1407 2659; baseline -0.006 -14"><span class='ocrx_word' id='word_1_182' title='bbox 452 2589 650 2645; x_wconf 78' lang='lat' dir='ltr'><strong>PALL.</strong></span> <span class='ocrx_word' id='word_1_183' title='bbox 681 2589 795 2659; x_wconf 88' lang='lat' dir='ltr'><strong>Ego</strong></span> <span class='ocrx_word' id='word_1_184' title='bbox 816 2603 951 2643; x_wconf 89' lang='lat' dir='ltr'><strong>vero</strong></span> <span class='ocrx_word' id='word_1_185' title='bbox 984 2586 1177 2658; x_wconf 90' lang='lat' dir='ltr'><strong>quidni</strong></span> <span class='ocrx_word' id='word_1_186' title='bbox 1201 2585 1407 2641; x_wconf 73' lang='lat' dir='ltr'><strong>fatear?</strong></span> 
     </span>
    </p>
   </div>
   <div class='ocr_carea' id='block_1_29' title="bbox 448 2675 1957 2750">
    <p class='ocr_par' dir='ltr' id='par_1_29' title="bbox 448 2675 1957 2750">
     <span class='ocr_line' id='line_1_29' title="bbox 448 2675 1957 2750; baseline -0.005 -14"><span class='ocrx_word' id='word_1_187' title='bbox 448 2681 608 2736; x_wconf 75' lang='lat' dir='ltr'><strong>CYR.</strong></span> <span class='ocrx_word' id='word_1_188' title='bbox 655 2679 1053 2750; x_wconf 85' lang='lat' dir='ltr'><strong>Jejunaverunt</strong></span> <span class='ocrx_word' id='word_1_189' title='bbox 1082 2693 1252 2748; x_wconf 88' lang='lat' dir='ltr'><strong>porro</strong></span> <span class='ocrx_word' id='word_1_190' title='bbox 1283 2693 1363 2732; x_wconf 74' lang='lat' dir='ltr'><strong>eae</strong></span> <span class='ocrx_word' id='word_1_191' title='bbox 1414 2676 1678 2731; x_wconf 87' lang='lat' dir='ltr'><strong>mulieres</strong></span> <span class='ocrx_word' id='word_1_192' title='bbox 1715 2675 1783 2731; x_wconf 86' lang='lat' dir='ltr'><strong>ad</strong></span> <span class='ocrx_word' id='word_1_193' title='bbox 1815 2675 1957 2731; x_wconf 89' lang='lat' dir='ltr'><strong>ostia</strong></span> 
     </span>
    </p>
   </div>
   <div class='ocr_carea' id='block_1_30' title="bbox 382 2769 1955 2842">
    <p class='ocr_par' dir='ltr' id='par_1_30' title="bbox 382 2769 1955 2842">
     <span class='ocr_line' id='line_1_30' title="bbox 382 2769 1955 2842; baseline -0.004 -12"><span class='ocrx_word' id='word_1_194' title='bbox 382 2773 556 2830; x_wconf 88' lang='lat' dir='ltr'><strong>sancti</strong></span> <span class='ocrx_word' id='word_1_195' title='bbox 584 2771 946 2837; x_wconf 87' lang='lat' dir='ltr'><strong>tabernaculi,</strong></span> <span class='ocrx_word' id='word_1_196' title='bbox 983 2772 1146 2841; x_wconf 90' lang='lat' dir='ltr'><strong>idque</strong></span> <span class='ocrx_word' id='word_1_197' title='bbox 1170 2769 1493 2842; x_wconf 70' lang='lat' dir='ltr'><strong>praeclarum</strong></span> <span class='ocrx_word' id='word_1_198' title='bbox 1520 2776 1625 2838; x_wconf 83' lang='lat' dir='ltr'><strong>est,</strong></span> <span class='ocrx_word' id='word_1_199' title='bbox 1665 2784 1729 2823; x_wconf 88' lang='lat' dir='ltr'><strong>ac</strong></span> <span class='ocrx_word' id='word_1_200' title='bbox 1760 2769 1955 2824; x_wconf 87' lang='lat' dir='ltr'><strong>scitum</strong></span> 
     </span>
    </p>
   </div>
   <div class='ocr_carea' id='block_1_31' title="bbox 383 2859 1958 2934">
    <p class='ocr_par' dir='ltr' id='par_1_31' title="bbox 383 2859 1958 2934">
     <span class='ocr_line' id='line_1_31' title="bbox 383 2859 1958 2934; baseline -0.004 -14"><span class='ocrx_word' id='word_1_201' title='bbox 383 2864 633 2934; x_wconf 65' lang='lat' dir='ltr'><strong>wnigma,</strong></span> <span class='ocrx_word' id='word_1_202' title='bbox 662 2862 758 2932; x_wconf 92' lang='lat' dir='ltr'><strong>qui</strong></span> <span class='ocrx_word' id='word_1_203' title='bbox 789 2863 845 2917; x_wconf 88' lang='lat' dir='ltr'><strong>in</strong></span> <span class='ocrx_word' id='word_1_204' title='bbox 877 2861 1098 2918; x_wconf 88' lang='lat' dir='ltr'><strong>Christo</strong></span> <span class='ocrx_word' id='word_1_205' title='bbox 1127 2859 1414 2933; x_wconf 76' lang='lat' dir='ltr'><strong>iustiﬁcati</strong></span> <span class='ocrx_word' id='word_1_206' title='bbox 1437 2866 1588 2924; x_wconf 90' lang='lat' dir='ltr'><strong>sunt,</strong></span> <span class='ocrx_word' id='word_1_207' title='bbox 1614 2875 1711 2915; x_wconf 90' lang='lat' dir='ltr'><strong>eos</strong></span> <span class='ocrx_word' id='word_1_208' title='bbox 1732 2876 1842 2916; x_wconf 88' lang='lat' dir='ltr'><strong>non</strong></span> <span class='ocrx_word' id='word_1_209' title='bbox 1860 2876 1958 2931; x_wconf 91' lang='lat' dir='ltr'><strong>per</strong></span> 
     </span>
    </p>
   </div>
   <div class='ocr_carea' id='block_1_32' title="bbox 2036 390 3631 467">
    <p class='ocr_par' dir='ltr' id='par_1_32' title="bbox 2036 390 3631 467">
     <span class='ocr_line' id='line_1_32' title="bbox 2036 390 3631 467; baseline 0.004 -23"><span class='ocrx_word' id='word_1_210' title='bbox 2036 391 2135 462; x_wconf 83' lang='grc' dir='ltr'><strong>τῆς</strong></span> <span class='ocrx_word' id='word_1_211' title='bbox 2164 394 2421 463; x_wconf 83' lang='grc' dir='ltr'><strong>τοιαύτης</strong></span> <span class='ocrx_word' id='word_1_212' title='bbox 2455 392 2608 463; x_wconf 81' lang='grc' dir='ltr'><strong>μόλις</strong></span> <span class='ocrx_word' id='word_1_213' title='bbox 2634 390 2887 467; x_wconf 77' lang='grc' dir='ltr'><strong>ἠξιοῦντο</strong></span> <span class='ocrx_word' id='word_1_214' title='bbox 2912 393 3103 465; x_wconf 83' lang='grc' dir='ltr'>τιμῆς,</span> <span class='ocrx_word' id='word_1_215' title='bbox 3133 392 3345 466; x_wconf 72' lang='grc' dir='ltr'><strong>ὕϐρεως</strong></span> <span class='ocrx_word' id='word_1_216' title='bbox 3374 394 3474 465; x_wconf 69' lang='grc' dir='ltr'>μὲν</span> <span class='ocrx_word' id='word_1_217' title='bbox 3501 393 3631 450; x_wconf 66' lang='grc' dir='ltr'>οὖν’</span> 
     </span>
    </p>
   </div>
   <div class='ocr_carea' id='block_1_33' title="bbox 2037 477 3633 560">
    <p class='ocr_par' dir='ltr' id='par_1_33' title="bbox 2037 477 3633 560">
     <span class='ocr_line' id='line_1_33' title="bbox 2037 477 3633 560; baseline 0.002 -20"><span class='ocrx_word' id='word_1_218' title='bbox 2037 477 2141 540; x_wconf 81' lang='grc' dir='ltr'><strong>ὧδε</strong></span> <span class='ocrx_word' id='word_1_219' title='bbox 2170 485 2280 557; x_wconf 84' lang='grc' dir='ltr'><strong>γὰρ</strong></span> <span class='ocrx_word' id='word_1_220' title='bbox 2305 484 2529 555; x_wconf 74' lang='grc' dir='ltr'>ἄμεινόν</span> <span class='ocrx_word' id='word_1_221' title='bbox 2554 502 2613 549; x_wconf 78' lang='grc' dir='ltr'><strong>τε</strong></span> <span class='ocrx_word' id='word_1_222' title='bbox 2642 484 2736 538; x_wconf 70' lang='grc' dir='ltr'><strong>καὶ</strong></span> <span class='ocrx_word' id='word_1_223' title='bbox 2765 484 2965 557; x_wconf 79' lang='grc' dir='ltr'>ἀληθὲς</span> <span class='ocrx_word' id='word_1_224' title='bbox 2986 486 3183 541; x_wconf 79' lang='grc' dir='ltr'>εἰπεῖν.</span> <span class='ocrx_word' id='word_1_225' title='bbox 3207 485 3413 541; x_wconf 81' lang='grc' dir='ltr'>Γύναια</span> <span class='ocrx_word' id='word_1_226' title='bbox 3438 488 3504 560; x_wconf 81' lang='grc' dir='ltr'><strong>δὴ</strong></span> <span class='ocrx_word' id='word_1_227' title='bbox 3531 485 3633 544; x_wconf 75' lang='grc' dir='ltr'>οὖν</span> 
     </span>
    </p>
   </div>
   <div class='ocr_carea' id='block_1_34' title="bbox 2037 575 3635 651">
    <p class='ocr_par' dir='ltr' id='par_1_34' title="bbox 2037 575 3635 651">
     <span class='ocr_line' id='line_1_34' title="bbox 2037 575 3635 651; baseline 0.003 -21"><span class='ocrx_word' id='word_1_228' title='bbox 2037 576 2148 630; x_wconf 87' lang='grc' dir='ltr'><strong>τῶν</strong></span> <span class='ocrx_word' id='word_1_229' title='bbox 2179 576 2238 644; x_wconf 76' lang='grc' dir='ltr'><strong>ἐξ</strong></span> <span class='ocrx_word' id='word_1_230' title='bbox 2285 576 2517 649; x_wconf 78' lang='grc' dir='ltr'>αἵματος</span> <span class='ocrx_word' id='word_1_231' title='bbox 2560 575 2798 650; x_wconf 83' lang='grc' dir='ltr'>Ἰσραὴλ,</span> <span class='ocrx_word' id='word_1_232' title='bbox 2832 577 3061 647; x_wconf 79' lang='grc' dir='ltr'>λείψανα</span> <span class='ocrx_word' id='word_1_233' title='bbox 3104 577 3207 647; x_wconf 82' lang='grc' dir='ltr'>τῆς</span> <span class='ocrx_word' id='word_1_234' title='bbox 3258 579 3318 632; x_wconf 78' lang='grc' dir='ltr'>ὲν</span> <span class='ocrx_word' id='word_1_235' title='bbox 3365 579 3635 651; x_wconf 74' lang='grc' dir='ltr'><strong>Αἰγύπτῳ</strong></span> 
     </span>
    </p>
   </div>
   <div class='ocr_carea' id='block_1_35' title="bbox 2038 666 3636 740">
    <p class='ocr_par' dir='ltr' id='par_1_35' title="bbox 2038 666 3636 740">
     <span class='ocr_line' id='line_1_35' title="bbox 2038 666 3636 740; baseline 0.003 -19"><span class='ocrx_word' id='word_1_236' title='bbox 2038 666 2298 740; x_wconf 73' lang='grc' dir='ltr'><strong>λατρείας</strong></span> <span class='ocrx_word' id='word_1_237' title='bbox 2342 670 2400 723; x_wconf 82' lang='grc' dir='ltr'>ὲν</span> <span class='ocrx_word' id='word_1_238' title='bbox 2442 667 2593 732; x_wconf 84' lang='grc' dir='ltr'>ίδίοις</span> <span class='ocrx_word' id='word_1_239' title='bbox 2632 667 2882 722; x_wconf 81' lang='grc' dir='ltr'>σκεύεσιν</span> <span class='ocrx_word' id='word_1_240' title='bbox 2913 668 3221 740; x_wconf 69' lang='grc' dir='ltr'>εὑρηκότα,</span> <span class='ocrx_word' id='word_1_241' title='bbox 3252 669 3410 722; x_wconf 70' lang='grc' dir='ltr'>ταυτὶ</span> <span class='ocrx_word' id='word_1_242' title='bbox 3448 668 3513 740; x_wconf 78' lang='grc' dir='ltr'><strong>δὴ</strong></span> <span class='ocrx_word' id='word_1_243' title='bbox 3557 669 3636 725; x_wconf 74' lang='grc' dir='ltr'>τὰ</span> 
     </span>
    </p>
   </div>
   <div class='ocr_carea' id='block_1_36' title="bbox 2040 759 3635 833">
    <p class='ocr_par' dir='ltr' id='par_1_36' title="bbox 2040 759 3635 833">
     <span class='ocr_line' id='line_1_36' title="bbox 2040 759 3635 833; baseline 0.001 -18"><span class='ocrx_word' id='word_1_244' title='bbox 2040 761 2326 833; x_wconf 83' lang='grc' dir='ltr'>κάτοπτρα</span> <span class='ocrx_word' id='word_1_245' title='bbox 2353 759 2764 832; x_wconf 85' lang='grc' dir='ltr'>προσεκόμισαν</span> <span class='ocrx_word' id='word_1_246' title='bbox 2796 761 2878 824; x_wconf 85' lang='grc' dir='ltr'>είς</span> <span class='ocrx_word' id='word_1_247' title='bbox 2905 760 3314 833; x_wconf 75' lang='grc' dir='ltr'>καρποφορίαν,</span> <span class='ocrx_word' id='word_1_248' title='bbox 3351 760 3389 816; x_wconf 77' lang='grc' dir='ltr'><strong>ἁ</strong></span> <span class='ocrx_word' id='word_1_249' title='bbox 3420 763 3516 815; x_wconf 76' lang='grc' dir='ltr'><strong>καὶ</strong></span> <span class='ocrx_word' id='word_1_250' title='bbox 3546 764 3635 827; x_wconf 79' lang='grc' dir='ltr'><strong>εἰς</strong></span> 
     </span>
    </p>
   </div>
   <div class='ocr_carea' id='block_1_37' title="bbox 2039 850 3633 924">
    <p class='ocr_par' dir='ltr' id='par_1_37' title="bbox 2039 850 3633 924">
     <span class='ocr_line' id='line_1_37' title="bbox 2039 850 3633 924; baseline 0.002 -19"><span class='ocrx_word' id='word_1_251' title='bbox 2039 851 2101 905; x_wconf 83' lang='grc' dir='ltr'><strong>τὸ</strong></span> <span class='ocrx_word' id='word_1_252' title='bbox 2122 851 2216 909; x_wconf 79' lang='grc' dir='ltr'>τοῦ</span> <span class='ocrx_word' id='word_1_253' title='bbox 2244 850 2405 924; x_wconf 82' lang='grc' dir='ltr'>λουτῆ</span> <span class='ocrx_word' id='word_1_254' title='bbox 2415 868 2505 923; x_wconf 89' lang='grc' dir='ltr'>ρος</span> <span class='ocrx_word' id='word_1_255' title='bbox 2530 850 2939 923; x_wconf 83' lang='grc' dir='ltr'>μετεσκευάσθη</span> <span class='ocrx_word' id='word_1_256' title='bbox 2971 852 3183 924; x_wconf 81' lang='grc' dir='ltr'>χρῆμα,</span> <span class='ocrx_word' id='word_1_257' title='bbox 3208 852 3424 924; x_wconf 85' lang='grc' dir='ltr'>Σκηνῆς</span> <span class='ocrx_word' id='word_1_258' title='bbox 3447 853 3504 907; x_wconf 82' lang='grc' dir='ltr'><strong>δὲ</strong></span> <span class='ocrx_word' id='word_1_259' title='bbox 3529 853 3633 924; x_wconf 84' lang='grc' dir='ltr'>τῆς</span> 
     </span>
    </p>
   </div>
   <div class='ocr_carea' id='block_1_38' title="bbox 2042 939 3632 1015">
    <p class='ocr_par' dir='ltr' id='par_1_38' title="bbox 2042 939 3632 1015">
     <span class='ocr_line' id='line_1_38' title="bbox 2042 939 3632 1015; baseline 0 -19"><span class='ocrx_word' id='word_1_260' title='bbox 2042 942 2206 1012; x_wconf 81' lang='grc' dir='ltr'>ἁγίας</span> <span class='ocrx_word' id='word_1_261' title='bbox 2235 942 2613 1015; x_wconf 82' lang='grc' dir='ltr'>ὲγηγερμὲνης</span> <span class='ocrx_word' id='word_1_262' title='bbox 2650 939 3043 1012; x_wconf 82' lang='grc' dir='ltr'>νενηστεύκασι</span> <span class='ocrx_word' id='word_1_263' title='bbox 3076 940 3489 1013; x_wconf 78' lang='grc' dir='ltr'>προσιζήσαντὰ</span> <span class='ocrx_word' id='word_1_264' title='bbox 3522 958 3632 996; x_wconf 78' lang='grc' dir='ltr'><strong>που</strong></span> 
     </span>
    </p>
   </div>
   <div class='ocr_carea' id='block_1_39' title="bbox 2039 1033 3633 1106">
    <p class='ocr_par' dir='ltr' id='par_1_39' title="bbox 2039 1033 3633 1106">
     <span class='ocr_line' id='line_1_39' title="bbox 2039 1033 3633 1106; baseline -0.001 -16"><span class='ocrx_word' id='word_1_265' title='bbox 2039 1036 2162 1098; x_wconf 85' lang='grc' dir='ltr'>ταῖς</span> <span class='ocrx_word' id='word_1_266' title='bbox 2199 1033 2414 1106; x_wconf 83' lang='grc' dir='ltr'>θύραις,</span> <span class='ocrx_word' id='word_1_267' title='bbox 2445 1034 2539 1089; x_wconf 69' lang='grc' dir='ltr'>καὶ</span> <span class='ocrx_word' id='word_1_268' title='bbox 2571 1033 2751 1089; x_wconf 85' lang='grc' dir='ltr'>πάντα</span> <span class='ocrx_word' id='word_1_269' title='bbox 2788 1033 2971 1103; x_wconf 84' lang='grc' dir='ltr'>ἁγνῶς</span> <span class='ocrx_word' id='word_1_270' title='bbox 3006 1033 3375 1106; x_wconf 80' lang='grc' dir='ltr'>διαιτώμενα,</span> <span class='ocrx_word' id='word_1_271' title='bbox 3422 1034 3633 1105; x_wconf 76' lang='grc' dir='ltr'>ὐποδηο</span> 
     </span>
    </p>
   </div>
   <div class='ocr_carea' id='block_1_40' title="bbox 2042 1108 3635 1199">
    <p class='ocr_par' dir='ltr' id='par_1_40' title="bbox 2042 1108 3635 1199">
     <span class='ocr_line' id='line_1_40' title="bbox 2042 1108 3635 1199; baseline -0.001 -21"><span class='ocrx_word' id='word_1_272' title='bbox 2042 1123 2282 1190; x_wconf 66' lang='grc' dir='ltr'>λοῦντοξ,</span> <span class='ocrx_word' id='word_1_273' title='bbox 2307 1119 2484 1199; x_wconf 72' lang='grc' dir='ltr'>οἶμαι,</span> <span class='ocrx_word' id='word_1_274' title='bbox 2515 1123 2612 1183; x_wconf 70' lang='grc' dir='ltr'>τοῦ</span> <span class='ocrx_word' id='word_1_275' title='bbox 2644 1122 2994 1199; x_wconf 78' lang='grc' dir='ltr'>πράγματος,</span> <span class='ocrx_word' id='word_1_276' title='bbox 3020 1124 3105 1179; x_wconf 78' lang='grc' dir='ltr'><strong>ὅτι</strong></span> <span class='ocrx_word' id='word_1_277' title='bbox 3130 1108 3231 1194; x_wconf 79' lang='grc' dir='ltr'><strong>τῆς</strong></span> <span class='ocrx_word' id='word_1_278' title='bbox 3256 1122 3635 1196; x_wconf 78' lang='grc' dir='ltr'><strong>ἀληθεστέρας</strong></span> 
     </span>
    </p>
   </div>
   <div class='ocr_carea' id='block_1_41' title="bbox 2043 1214 3632 1288">
    <p class='ocr_par' dir='ltr' id='par_1_41' title="bbox 2043 1214 3632 1288">
     <span class='ocr_line' id='line_1_41' title="bbox 2043 1214 3632 1288; baseline -0.001 -17"><span class='ocrx_word' id='word_1_279' title='bbox 2043 1216 2504 1287; x_wconf 81' lang='grc' dir='ltr'>ἅναδεδειγμένης</span> <span class='ocrx_word' id='word_1_280' title='bbox 2537 1215 2775 1287; x_wconf 81' lang='grc' dir='ltr'>σκηνῆς,</span> <span class='ocrx_word' id='word_1_281' title='bbox 2806 1215 2952 1270; x_wconf 79' lang='grc' dir='ltr'>τοῦτ’</span> <span class='ocrx_word' id='word_1_282' title='bbox 2982 1214 3132 1284; x_wconf 76' lang='grc' dir='ltr'>ἔστι,</span> <span class='ocrx_word' id='word_1_283' title='bbox 3157 1216 3257 1286; x_wconf 72' lang='grc' dir='ltr'>τῆς</span> <span class='ocrx_word' id='word_1_284' title='bbox 3299 1214 3632 1288; x_wconf 81' lang='grc' dir='ltr'>Ἐκκλησίας</span> 
     </span>
    </p>
   </div>
   <div class='ocr_carea' id='block_1_42' title="bbox 2042 1306 3630 1381">
    <p class='ocr_par' dir='ltr' id='par_1_42' title="bbox 2042 1306 3630 1381">
     <span class='ocr_line' id='line_1_42' title="bbox 2042 1306 3630 1381; baseline 0 -20"><span class='ocrx_word' id='word_1_285' title='bbox 2042 1309 2110 1381; x_wconf 82' lang='grc' dir='ltr'>ἣν</span> <span class='ocrx_word' id='word_1_286' title='bbox 2138 1306 2337 1380; x_wconf 76' lang='grc' dir='ltr'>ἔπηξεν</span> <span class='ocrx_word' id='word_1_287' title='bbox 2362 1309 2391 1361; x_wconf 82' lang='grc' dir='ltr'>ὁ</span> <span class='ocrx_word' id='word_1_288' title='bbox 2420 1306 2644 1379; x_wconf 82' lang='grc' dir='ltr'>Κύριος,</span> <span class='ocrx_word' id='word_1_289' title='bbox 2679 1308 2776 1361; x_wconf 75' lang='grc' dir='ltr'><strong>καὶ</strong></span> <span class='ocrx_word' id='word_1_290' title='bbox 2795 1308 2896 1372; x_wconf 67' lang='grc' dir='ltr'>οὐκ</span> <span class='ocrx_word' id='word_1_291' title='bbox 2918 1306 3225 1379; x_wconf 82' lang='grc' dir='ltr'>ἄνθρωπος,</span> <span class='ocrx_word' id='word_1_292' title='bbox 3255 1306 3332 1371; x_wconf 86' lang='grc' dir='ltr'><strong>ὼς</strong></span> <span class='ocrx_word' id='word_1_293' title='bbox 3359 1307 3389 1359; x_wconf 81' lang='grc' dir='ltr'>ὁ</span> <span class='ocrx_word' id='word_1_294' title='bbox 3427 1306 3630 1361; x_wconf 73' lang='grc' dir='ltr'>θεσπέ-</span> 
     </span>
    </p>
   </div>
   <div class='ocr_carea' id='block_1_43' title="bbox 2047 1398 3632 1472">
    <p class='ocr_par' dir='ltr' id='par_1_43' title="bbox 2047 1398 3632 1472">
     <span class='ocr_line' id='line_1_43' title="bbox 2047 1398 3632 1472; baseline -0.001 -19"><span class='ocrx_word' id='word_1_295' title='bbox 2047 1418 2161 1465; x_wconf 85' lang='grc' dir='ltr'>σιος</span> <span class='ocrx_word' id='word_1_296' title='bbox 2189 1400 2390 1472; x_wconf 66' lang='grc' dir='ltr'>γράφει</span> <span class='ocrx_word' id='word_1_297' title='bbox 2420 1398 2656 1465; x_wconf 80' lang='grc' dir='ltr'>Παῦλος,</span> <span class='ocrx_word' id='word_1_298' title='bbox 2682 1399 2873 1470; x_wconf 83' lang='grc' dir='ltr'>καιρὸς</span> <span class='ocrx_word' id='word_1_299' title='bbox 2897 1399 3000 1471; x_wconf 65' lang='grc' dir='ltr'><strong>ήδη</strong></span> <span class='ocrx_word' id='word_1_300' title='bbox 3029 1415 3148 1462; x_wconf 87' lang='grc' dir='ltr'><strong>πως</strong></span> <span class='ocrx_word' id='word_1_301' title='bbox 3175 1398 3302 1463; x_wconf 68' lang='grc' dir='ltr'>τοὺς</span> <span class='ocrx_word' id='word_1_302' title='bbox 3333 1398 3632 1470; x_wconf 77' lang='grc' dir='ltr'>ἀνακειμέο</span> 
     </span>
    </p>
   </div>
   <div class='ocr_carea' id='block_1_44' title="bbox 2045 1490 3632 1565">
    <p class='ocr_par' dir='ltr' id='par_1_44' title="bbox 2045 1490 3632 1565">
     <span class='ocr_line' id='line_1_44' title="bbox 2045 1490 3632 1565; baseline -0.001 -18"><span class='ocrx_word' id='word_1_303' title='bbox 2045 1511 2169 1559; x_wconf 87' lang='grc' dir='ltr'>νους</span> <span class='ocrx_word' id='word_1_304' title='bbox 2202 1494 2284 1559; x_wconf 86' lang='grc' dir='ltr'>είς</span> <span class='ocrx_word' id='word_1_305' title='bbox 2311 1492 2467 1561; x_wconf 79' lang='grc' dir='ltr'>δόξαν</span> <span class='ocrx_word' id='word_1_306' title='bbox 2504 1493 2636 1547; x_wconf 80' lang='grc' dir='ltr'>ποτὲ</span> <span class='ocrx_word' id='word_1_307' title='bbox 2671 1492 2770 1565; x_wconf 78' lang='grc' dir='ltr'>τῆς</span> <span class='ocrx_word' id='word_1_308' title='bbox 2808 1491 2918 1546; x_wconf 86' lang='grc' dir='ltr'><strong>τῶν</strong></span> <span class='ocrx_word' id='word_1_309' title='bbox 2958 1490 3253 1564; x_wconf 81' lang='grc' dir='ltr'><strong>δαιμονίων</strong></span> <span class='ocrx_word' id='word_1_310' title='bbox 3281 1490 3515 1560; x_wconf 75' lang='grc' dir='ltr'>ἀγέλης,</span> <span class='ocrx_word' id='word_1_311' title='bbox 3547 1492 3632 1556; x_wconf 87' lang='grc' dir='ltr'>είς</span> 
     </span>
    </p>
   </div>
   <div class='ocr_carea' id='block_1_45' title="bbox 2050 1581 3633 1658">
    <p class='ocr_par' dir='ltr' id='par_1_45' title="bbox 2050 1581 3633 1658">
     <span class='ocr_line' id='line_1_45' title="bbox 2050 1581 3633 1658; baseline -0.003 -18"><span class='ocrx_word' id='word_1_312' title='bbox 2050 1584 2171 1658; x_wconf 73' lang='grc' dir='ltr'>ἱερὰ</span> <span class='ocrx_word' id='word_1_313' title='bbox 2205 1583 2683 1656; x_wconf 80' lang='grc' dir='ltr'>μεταπλάττεσθαι</span> <span class='ocrx_word' id='word_1_314' title='bbox 2730 1582 2899 1655; x_wconf 81' lang='grc' dir='ltr'>σκεύη</span> <span class='ocrx_word' id='word_1_315' title='bbox 2919 1623 2935 1647; x_wconf 92' lang='grc'><strong>,</strong></span> <span class='ocrx_word' id='word_1_316' title='bbox 2964 1583 3062 1648; x_wconf 73' lang='grc' dir='ltr'><strong>καὶ</strong></span> <span class='ocrx_word' id='word_1_317' title='bbox 3087 1581 3408 1653; x_wconf 74' lang='grc' dir='ltr'><strong>ἐπιτηδείως</strong></span> <span class='ocrx_word' id='word_1_318' title='bbox 3439 1582 3633 1653; x_wconf 75' lang='grc' dir='ltr'>ἔχοντα</span> 
     </span>
    </p>
   </div>
   <div class='ocr_carea' id='block_1_46' title="bbox 2051 1672 3634 1752">
    <p class='ocr_par' dir='ltr' id='par_1_46' title="bbox 2051 1672 3634 1752">
     <span class='ocr_line' id='line_1_46' title="bbox 2051 1672 3634 1752; baseline -0.001 -22"><span class='ocrx_word' id='word_1_319' title='bbox 2051 1676 2187 1752; x_wconf 83' lang='grc' dir='ltr'>πρὸς</span> <span class='ocrx_word' id='word_1_320' title='bbox 2217 1676 2526 1749; x_wconf 76' lang='grc' dir='ltr'>παραδοχὴν</span> <span class='ocrx_word' id='word_1_321' title='bbox 2546 1674 2641 1730; x_wconf 83' lang='grc' dir='ltr'>τοῦ</span> <span class='ocrx_word' id='word_1_322' title='bbox 2672 1675 2828 1744; x_wconf 78' lang='grc' dir='ltr'>ἁγίου</span> <span class='ocrx_word' id='word_1_323' title='bbox 2863 1673 3263 1750; x_wconf 75' lang='grc' dir='ltr'><strong>βαπτίσματος,</strong></span> <span class='ocrx_word' id='word_1_324' title='bbox 3288 1673 3367 1738; x_wconf 86' lang='grc' dir='ltr'><strong>ὡς</strong></span> <span class='ocrx_word' id='word_1_325' title='bbox 3392 1674 3488 1728; x_wconf 83' lang='grc' dir='ltr'>καὶ</span> <span class='ocrx_word' id='word_1_326' title='bbox 3516 1672 3634 1728; x_wconf 67' lang='grc' dir='ltr'>διας</span> 
     </span>
    </p>
   </div>
   <div class='ocr_carea' id='block_1_47' title="bbox 2053 1764 3634 1847">
    <p class='ocr_par' dir='ltr' id='par_1_47' title="bbox 2053 1764 3634 1847">
     <span class='ocr_line' id='line_1_47' title="bbox 2053 1764 3634 1847; baseline -0.003 -25"><span class='ocrx_word' id='word_1_327' title='bbox 2053 1770 2284 1841; x_wconf 81' lang='grc' dir='ltr'><strong>πρέπειν</strong></span> <span class='ocrx_word' id='word_1_328' title='bbox 2330 1766 2593 1833; x_wconf 78' lang='grc' dir='ltr'>δύνασθαι</span> <span class='ocrx_word' id='word_1_329' title='bbox 2618 1768 2732 1831; x_wconf 76' lang='grc' dir='ltr'>τοῖς</span> <span class='ocrx_word' id='word_1_330' title='bbox 2758 1765 2898 1847; x_wconf 80' lang='grc' dir='ltr'>ὑπὲρ</span> <span class='ocrx_word' id='word_1_331' title='bbox 2923 1767 3087 1836; x_wconf 80' lang='grc' dir='ltr'>νόμον</span> <span class='ocrx_word' id='word_1_332' title='bbox 3108 1765 3442 1841; x_wconf 82' lang='grc' dir='ltr'>αὐχήμασιν.</span> <span class='ocrx_word' id='word_1_333' title='bbox 3469 1764 3634 1818; x_wconf 77' lang='grc' dir='ltr'>Τουτὶ</span> 
     </span>
    </p>
   </div>
   <div class='ocr_carea' id='block_1_48' title="bbox 2050 1855 3633 1932">
    <p class='ocr_par' dir='ltr' id='par_1_48' title="bbox 2050 1855 3633 1932">
     <span class='ocr_line' id='line_1_48' title="bbox 2050 1855 3633 1932; baseline -0.003 -18"><span class='ocrx_word' id='word_1_334' title='bbox 2050 1860 2180 1932; x_wconf 85' lang='grc' dir='ltr'>γὰρ,</span> <span class='ocrx_word' id='word_1_335' title='bbox 2209 1855 2386 1931; x_wconf 81' lang='grc' dir='ltr'>οἶμαι,</span> <span class='ocrx_word' id='word_1_336' title='bbox 2440 1858 2556 1913; x_wconf 77' lang='grc' dir='ltr'>ἐστι</span> <span class='ocrx_word' id='word_1_337' title='bbox 2586 1858 2647 1912; x_wconf 85' lang='grc' dir='ltr'>τὸ</span> <span class='ocrx_word' id='word_1_338' title='bbox 2680 1859 2745 1915; x_wconf 76' lang='grc' dir='ltr'>ὲκ</span> <span class='ocrx_word' id='word_1_339' title='bbox 2767 1857 3088 1931; x_wconf 82' lang='grc' dir='ltr'>κατόπτρων</span> <span class='ocrx_word' id='word_1_340' title='bbox 3126 1856 3484 1929; x_wconf 82' lang='grc' dir='ltr'><strong>Ἑλληνικῶν,</strong></span> <span class='ocrx_word' id='word_1_341' title='bbox 3512 1857 3633 1928; x_wconf 69' lang='grc' dir='ltr'>ἦτοι</span> 
     </span>
    </p>
   </div>
   <div class='ocr_carea' id='block_1_49' title="bbox 2053 1947 3632 2023">
    <p class='ocr_par' dir='ltr' id='par_1_49' title="bbox 2053 1947 3632 2023">
     <span class='ocr_line' id='line_1_49' title="bbox 2053 1947 3632 2023; baseline -0.001 -16"><span class='ocrx_word' id='word_1_342' title='bbox 2053 1950 2353 2023; x_wconf 85' lang='grc' dir='ltr'>κειμηλίων</span> <span class='ocrx_word' id='word_1_343' title='bbox 2391 1948 2748 2017; x_wconf 79' lang='grc' dir='ltr'>διαϐολικῶν,</span> <span class='ocrx_word' id='word_1_344' title='bbox 2776 1948 2868 2002; x_wconf 83' lang='grc' dir='ltr'><strong>τὸν</strong></span> <span class='ocrx_word' id='word_1_345' title='bbox 2905 1948 3143 2020; x_wconf 83' lang='grc' dir='ltr'><strong>λουτῆρα</strong></span> <span class='ocrx_word' id='word_1_346' title='bbox 3178 1947 3512 2002; x_wconf 79' lang='grc' dir='ltr'>πλάττεσθαι</span> <span class='ocrx_word' id='word_1_347' title='bbox 3541 1947 3632 2005; x_wconf 77' lang='grc' dir='ltr'><strong>τὸν</strong></span> 
     </span>
    </p>
   </div>
   <div class='ocr_carea' id='block_1_50' title="bbox 2053 2032 3633 2114">
    <p class='ocr_par' dir='ltr' id='par_1_50' title="bbox 2053 2032 3633 2114">
     <span class='ocr_line' id='line_1_50' title="bbox 2053 2032 3633 2114; baseline -0.004 -19"><span class='ocrx_word' id='word_1_348' title='bbox 2053 2040 2288 2114; x_wconf 82' lang='grc' dir='ltr'>χαλκοῦν</span> <span class='ocrx_word' id='word_1_349' title='bbox 2310 2081 2326 2108; x_wconf 88' lang='grc'><strong>,</strong></span> <span class='ocrx_word' id='word_1_350' title='bbox 2354 2041 2413 2093; x_wconf 72' lang='grc' dir='ltr'>ἐν</span> <span class='ocrx_word' id='word_1_351' title='bbox 2443 2032 2489 2108; x_wconf 82' lang='grc' dir='ltr'>ᾧ</span> <span class='ocrx_word' id='word_1_352' title='bbox 2529 2039 2596 2111; x_wconf 85' lang='grc' dir='ltr'><strong>δὴ</strong></span> <span class='ocrx_word' id='word_1_353' title='bbox 2629 2039 2724 2094; x_wconf 74' lang='grc' dir='ltr'>καὶ</span> <span class='ocrx_word' id='word_1_354' title='bbox 2754 2037 2817 2092; x_wconf 80' lang='grc' dir='ltr'><strong>τὸ</strong></span> <span class='ocrx_word' id='word_1_355' title='bbox 2849 2036 2994 2110; x_wconf 76' lang='grc' dir='ltr'><strong>ὕδωρ</strong></span> <span class='ocrx_word' id='word_1_356' title='bbox 3013 2076 3028 2101; x_wconf 85' lang='grc'><strong>,</strong></span> <span class='ocrx_word' id='word_1_357' title='bbox 3070 2037 3133 2091; x_wconf 85' lang='grc' dir='ltr'>τδ</span> <span class='ocrx_word' id='word_1_358' title='bbox 3160 2038 3256 2093; x_wconf 68' lang='grc' dir='ltr'><strong>καὶ</strong></span> <span class='ocrx_word' id='word_1_359' title='bbox 3292 2037 3452 2092; x_wconf 85' lang='grc' dir='ltr'>αὑτὸν</span> <span class='ocrx_word' id='word_1_360' title='bbox 3496 2036 3633 2090; x_wconf 79' lang='grc' dir='ltr'>ἁπο-</span> 
     </span>
    </p>
   </div>
   <div class='ocr_carea' id='block_1_51' title="bbox 2054 2127 3634 2206">
    <p class='ocr_par' dir='ltr' id='par_1_51' title="bbox 2054 2127 3634 2206">
     <span class='ocr_line' id='line_1_51' title="bbox 2054 2127 3634 2206; baseline -0.006 -16"><span class='ocrx_word' id='word_1_361' title='bbox 2054 2135 2311 2206; x_wconf 85' lang='grc' dir='ltr'>καθαίρον</span> <span class='ocrx_word' id='word_1_362' title='bbox 2330 2132 2557 2199; x_wconf 83' lang='grc' dir='ltr'>Μωσέα,</span> <span class='ocrx_word' id='word_1_363' title='bbox 2582 2132 2677 2186; x_wconf 73' lang='grc' dir='ltr'><strong>καὶ</strong></span> <span class='ocrx_word' id='word_1_364' title='bbox 2699 2133 2765 2204; x_wconf 82' lang='grc' dir='ltr'>τῇ</span> <span class='ocrx_word' id='word_1_365' title='bbox 2792 2130 2933 2186; x_wconf 85' lang='grc' dir='ltr'><strong>κατὰ</strong></span> <span class='ocrx_word' id='word_1_366' title='bbox 2958 2130 3120 2203; x_wconf 84' lang='grc' dir='ltr'>νόμον</span> <span class='ocrx_word' id='word_1_367' title='bbox 3147 2127 3415 2202; x_wconf 76' lang='grc' dir='ltr'>ἱερωσύνῃ</span> <span class='ocrx_word' id='word_1_368' title='bbox 3444 2128 3634 2199; x_wconf 34' lang='grc' dir='ltr'>χρήσιε</span> 
     </span>
    </p>
   </div>
   <div class='ocr_carea' id='block_1_52' title="bbox 2057 2219 3630 2300">
    <p class='ocr_par' dir='ltr' id='par_1_52' title="bbox 2057 2219 3630 2300">
     <span class='ocr_line' id='line_1_52' title="bbox 2057 2219 3630 2300; baseline -0.006 -19"><span class='ocrx_word' id='word_1_369' title='bbox 2057 2245 2157 2300; x_wconf 90' lang='grc' dir='ltr'><strong>μον</strong></span> <span class='ocrx_word' id='word_1_370' title='bbox 2183 2228 2262 2291; x_wconf 86' lang='grc' dir='ltr'><strong>είς</strong></span> <span class='ocrx_word' id='word_1_371' title='bbox 2290 2224 2546 2298; x_wconf 78' lang='grc' dir='ltr'>ἀπόνιψιν</span> <span class='ocrx_word' id='word_1_372' title='bbox 2565 2266 2579 2288; x_wconf 87' lang='grc'><strong>,</strong></span> <span class='ocrx_word' id='word_1_373' title='bbox 2611 2223 2769 2296; x_wconf 82' lang='grc' dir='ltr'>δῆλον</span> <span class='ocrx_word' id='word_1_374' title='bbox 2809 2224 2867 2278; x_wconf 83' lang='grc' dir='ltr'><strong>δὲ</strong></span> <span class='ocrx_word' id='word_1_375' title='bbox 2895 2224 2978 2277; x_wconf 86' lang='grc' dir='ltr'>ὃτι</span> <span class='ocrx_word' id='word_1_376' title='bbox 3009 2221 3108 2292; x_wconf 79' lang='grc' dir='ltr'>τὴν</span> <span class='ocrx_word' id='word_1_377' title='bbox 3138 2221 3353 2292; x_wconf 84' lang='grc' dir='ltr'>νοητήν.</span> <span class='ocrx_word' id='word_1_378' title='bbox 3395 2220 3468 2273; x_wconf 87' lang='grc' dir='ltr'><strong><em>Ἦ</em></strong></span> <span class='ocrx_word' id='word_1_379' title='bbox 3500 2219 3630 2291; x_wconf 81' lang='grc' dir='ltr'><strong>γὰρ,</strong></span> 
     </span>
    </p>
   </div>
   <div class='ocr_carea' id='block_1_53' title="bbox 2053 2312 3634 2396">
    <p class='ocr_par' dir='ltr' id='par_1_53' title="bbox 2053 2312 3634 2396">
     <span class='ocr_line' id='line_1_53' title="bbox 2053 2312 3634 2396; baseline -0.008 -21"><span class='ocrx_word' id='word_1_380' title='bbox 2053 2322 2175 2396; x_wconf 72' lang='grc' dir='ltr'>οὐχὶ</span> <span class='ocrx_word' id='word_1_381' title='bbox 2215 2319 2384 2392; x_wconf 87' lang='grc' dir='ltr'>σκεύη</span> <span class='ocrx_word' id='word_1_382' title='bbox 2428 2316 2730 2382; x_wconf 77' lang='grc' dir='ltr'>διαϐολικὰ,</span> <span class='ocrx_word' id='word_1_383' title='bbox 2763 2317 2891 2380; x_wconf 82' lang='grc' dir='ltr'>τοὺς</span> <span class='ocrx_word' id='word_1_384' title='bbox 2922 2313 3371 2385; x_wconf 84' lang='grc' dir='ltr'>πεπλανημένους</span> <span class='ocrx_word' id='word_1_385' title='bbox 3402 2312 3634 2373; x_wconf 76' lang='grc' dir='ltr'>καὶτοῖς</span> 
     </span>
    </p>
   </div>
   <div class='ocr_carea' id='block_1_54' title="bbox 2054 2393 3631 2485">
    <p class='ocr_par' dir='ltr' id='par_1_54' title="bbox 2054 2393 3631 2485">
     <span class='ocr_line' id='line_1_54' title="bbox 2054 2393 3631 2485; baseline -0.008 -15"><span class='ocrx_word' id='word_1_386' title='bbox 2054 2393 2350 2485; x_wconf 72' lang='grc' dir='ltr'>δαιμονίοις</span> <span class='ocrx_word' id='word_1_387' title='bbox 2384 2410 2810 2485; x_wconf 79' lang='grc' dir='ltr'>λελατρευκότας</span> <span class='ocrx_word' id='word_1_388' title='bbox 2837 2409 3006 2482; x_wconf 84' lang='grc' dir='ltr'>φαίης</span> <span class='ocrx_word' id='word_1_389' title='bbox 3045 2409 3112 2464; x_wconf 79' lang='grc' dir='ltr'><strong>ἂν</strong></span> <span class='ocrx_word' id='word_1_390' title='bbox 3141 2403 3281 2463; x_wconf 79' lang='grc' dir='ltr'>εῖναι</span> <span class='ocrx_word' id='word_1_391' title='bbox 3312 2408 3408 2461; x_wconf 73' lang='grc' dir='ltr'><strong>καὶ</strong></span> <span class='ocrx_word' id='word_1_392' title='bbox 3439 2404 3631 2469; x_wconf 76' lang='grc' dir='ltr'>αὐτὸς,</span> 
     </span>
    </p>
   </div>
   <div class='ocr_carea' id='block_1_55' title="bbox 2056 2498 2434 2568">
    <p class='ocr_par' dir='ltr' id='par_1_55' title="bbox 2056 2498 2434 2568">
     <span class='ocr_line' id='line_1_55' title="bbox 2056 2498 2434 2568; baseline -0.013 -9"><span class='ocrx_word' id='word_1_393' title='bbox 2056 2498 2101 2559; x_wconf 77' lang='grc' dir='ltr'><strong>ὦ</strong></span> <span class='ocrx_word' id='word_1_394' title='bbox 2134 2502 2397 2557; x_wconf 83' lang='grc' dir='ltr'>Παλλάδιε</span> <span class='ocrx_word' id='word_1_395' title='bbox 2419 2518 2434 2568; x_wconf 87' lang='grc'><strong>;</strong></span> 
     </span>
    </p>
   </div>
   <div class='ocr_carea' id='block_1_56' title="bbox 2127 2591 2760 2665">
    <p class='ocr_par' dir='ltr' id='par_1_56' title="bbox 2127 2591 2760 2665">
     <span class='ocr_line' id='line_1_56' title="bbox 2127 2591 2760 2665; baseline -0.009 -13"><span class='ocrx_word' id='word_1_396' title='bbox 2127 2595 2338 2655; x_wconf 73' lang='grc' dir='ltr'><strong>ΠΑΛΛ.</strong></span> <span class='ocrx_word' id='word_1_397' title='bbox 2375 2593 2500 2658; x_wconf 86' lang='grc' dir='ltr'>Πῶς</span> <span class='ocrx_word' id='word_1_398' title='bbox 2530 2593 2638 2665; x_wconf 79' lang='grc' dir='ltr'><strong>γὰρ</strong></span> <span class='ocrx_word' id='word_1_399' title='bbox 2666 2591 2760 2662; x_wconf 58' lang='lat' dir='ltr'><strong>ob;</strong></span> 
     </span>
    </p>
   </div>
   <div class='ocr_carea' id='block_1_57' title="bbox 2127 2683 3637 2757">
    <p class='ocr_par' dir='ltr' id='par_1_57' title="bbox 2127 2683 3637 2757">
     <span class='ocr_line' id='line_1_57' title="bbox 2127 2683 3637 2757; baseline -0.002 -16"><span class='ocrx_word' id='word_1_400' title='bbox 2127 2686 2291 2755; x_wconf 71' lang='grc' dir='ltr'><strong>ΚΥΡ.</strong></span> <span class='ocrx_word' id='word_1_401' title='bbox 2322 2685 2730 2757; x_wconf 81' lang='grc' dir='ltr'>Νενηστεύκασι</span> <span class='ocrx_word' id='word_1_402' title='bbox 2762 2685 2818 2738; x_wconf 86' lang='grc' dir='ltr'>δε</span> <span class='ocrx_word' id='word_1_403' title='bbox 2847 2685 2917 2739; x_wconf 86' lang='grc' dir='ltr'><strong>τὰ</strong></span> <span class='ocrx_word' id='word_1_404' title='bbox 2937 2684 3134 2755; x_wconf 83' lang='grc' dir='ltr'>γύναια</span> <span class='ocrx_word' id='word_1_405' title='bbox 3164 2685 3313 2756; x_wconf 82' lang='grc' dir='ltr'>παρὰ</span> <span class='ocrx_word' id='word_1_406' title='bbox 3338 2684 3439 2748; x_wconf 76' lang='grc' dir='ltr'>τὰς</span> <span class='ocrx_word' id='word_1_407' title='bbox 3464 2683 3637 2756; x_wconf 77' lang='grc' dir='ltr'>θύρας</span> 
     </span>
    </p>
   </div>
   <div class='ocr_carea' id='block_1_58' title="bbox 2058 2771 3632 2848">
    <p class='ocr_par' dir='ltr' id='par_1_58' title="bbox 2058 2771 3632 2848">
     <span class='ocr_line' id='line_1_58' title="bbox 2058 2771 3632 2848; baseline -0.003 -18"><span class='ocrx_word' id='word_1_408' title='bbox 2058 2778 2160 2848; x_wconf 75' lang='grc' dir='ltr'>τῆς</span> <span class='ocrx_word' id='word_1_409' title='bbox 2215 2776 2421 2846; x_wconf 80' lang='grc' dir='ltr'>σκηνῆς</span> <span class='ocrx_word' id='word_1_410' title='bbox 2467 2774 2569 2846; x_wconf 76' lang='grc' dir='ltr'>τῆς</span> <span class='ocrx_word' id='word_1_411' title='bbox 2616 2773 2797 2843; x_wconf 82' lang='grc' dir='ltr'>ἁγίας.</span> <span class='ocrx_word' id='word_1_412' title='bbox 2832 2774 2931 2846; x_wconf 85' lang='grc' dir='ltr'>Είη</span> <span class='ocrx_word' id='word_1_413' title='bbox 2974 2773 3019 2827; x_wconf 81' lang='grc' dir='ltr'><strong>δ’</strong></span> <span class='ocrx_word' id='word_1_414' title='bbox 3061 2771 3128 2827; x_wconf 82' lang='grc' dir='ltr'>ἂν</span> <span class='ocrx_word' id='word_1_415' title='bbox 3170 2773 3267 2827; x_wconf 77' lang='grc' dir='ltr'><strong>καὶ</strong></span> <span class='ocrx_word' id='word_1_416' title='bbox 3309 2772 3437 2827; x_wconf 82' lang='grc' dir='ltr'><strong>τάδε</strong></span> <span class='ocrx_word' id='word_1_417' title='bbox 3473 2771 3632 2829; x_wconf 72' lang='grc' dir='ltr'>καλὸν</span> 
     </span>
    </p>
   </div>
   <div class='ocr_carea' id='block_1_59' title="bbox 2061 2863 3635 2940">
    <p class='ocr_par' dir='ltr' id='par_1_59' title="bbox 2061 2863 3635 2940">
     <span class='ocr_line' id='line_1_59' title="bbox 2061 2863 3635 2940; baseline -0.001 -18"><span class='ocrx_word' id='word_1_418' title='bbox 2061 2869 2291 2940; x_wconf 79' lang='grc' dir='ltr'>αἴνιγμα</span> <span class='ocrx_word' id='word_1_419' title='bbox 2317 2867 2410 2919; x_wconf 76' lang='grc' dir='ltr'><strong>καὶ</strong></span> <span class='ocrx_word' id='word_1_420' title='bbox 2441 2865 2626 2935; x_wconf 80' lang='grc' dir='ltr'>σοφὸν,</span> <span class='ocrx_word' id='word_1_421' title='bbox 2654 2863 2751 2918; x_wconf 83' lang='grc' dir='ltr'>τοῦ</span> <span class='ocrx_word' id='word_1_422' title='bbox 2784 2864 2860 2937; x_wconf 80' lang='grc' dir='ltr'>μὴ</span> <span class='ocrx_word' id='word_1_423' title='bbox 2884 2864 2951 2918; x_wconf 89' lang='grc' dir='ltr'><strong>δι’</strong></span> <span class='ocrx_word' id='word_1_424' title='bbox 2978 2864 3224 2936; x_wconf 79' lang='grc' dir='ltr'>αἱμάτων</span> <span class='ocrx_word' id='word_1_425' title='bbox 3253 2863 3551 2936; x_wconf 77' lang='grc' dir='ltr'>εἰστρέχειν</span> <span class='ocrx_word' id='word_1_426' title='bbox 3575 2864 3635 2921; x_wconf 82' lang='grc' dir='ltr'>ὲν</span> 
     </span>
    </p>
   </div>
   <div class='ocr_carea' id='block_1_60' title="bbox 385 2952 1954 3036">
    <p class='ocr_par' dir='ltr' id='par_1_60' title="bbox 385 2952 1947 3027">
     <span class='ocr_line' id='line_1_60' title="bbox 385 2952 1947 3027; baseline -0.003 -16"><span class='ocrx_word' id='word_1_427' title='bbox 385 2956 706 3025; x_wconf 84' lang='lat' dir='ltr'><strong>sanguinem</strong></span> <span class='ocrx_word' id='word_1_428' title='bbox 742 2954 953 3027; x_wconf 80' lang='lat' dir='ltr'><strong>ingredi</strong></span> <span class='ocrx_word' id='word_1_429' title='bbox 1004 2954 1059 3009; x_wconf 90' lang='lat' dir='ltr'><strong>in</strong></span> <span class='ocrx_word' id='word_1_430' title='bbox 1104 2953 1388 3019; x_wconf 89' lang='lat' dir='ltr'><strong>ecclesias,</strong></span> <span class='ocrx_word' id='word_1_431' title='bbox 1431 2952 1529 3008; x_wconf 90' lang='lat' dir='ltr'><strong>sed</strong></span> <span class='ocrx_word' id='word_1_432' title='bbox 1560 2952 1746 3023; x_wconf 90' lang='lat' dir='ltr'><strong>potius</strong></span> <span class='ocrx_word' id='word_1_433' title='bbox 1783 2952 1947 3023; x_wconf 40' lang='lat' dir='ltr'><strong>spiris</strong></span> 
     </span>
    </p>
   </div>
   <div class='ocr_carea' id='block_1_61' title="bbox 2057 2952 3633 3036">
    <p class='ocr_par' dir='ltr' id='par_1_61' title="bbox 2061 2955 3633 3030">
     <span class='ocr_line' id='line_1_61' title="bbox 2061 2955 3633 3030; baseline -0.004 -15"><span class='ocrx_word' id='word_1_434' title='bbox 2061 2956 2378 3030; x_wconf 75' lang='grc' dir='ltr'>ἐκκλησίαις</span> <span class='ocrx_word' id='word_1_435' title='bbox 2416 2958 2544 3022; x_wconf 78' lang='grc' dir='ltr'>τοὺς</span> <span class='ocrx_word' id='word_1_436' title='bbox 2567 2958 2624 3021; x_wconf 77' lang='grc' dir='ltr'><strong>ὲν</strong></span> <span class='ocrx_word' id='word_1_437' title='bbox 2651 2955 2872 3029; x_wconf 82' lang='grc' dir='ltr'>Χριστῷ</span> <span class='ocrx_word' id='word_1_438' title='bbox 2893 2956 3368 3028; x_wconf 77' lang='grc' dir='ltr'>δεδικαιωμένους,</span> <span class='ocrx_word' id='word_1_439' title='bbox 3424 2956 3633 3020; x_wconf 82' lang='grc' dir='ltr'>θυσίαις</span> 
     </span>
    </p>
   </div>
   <div class='ocr_carea' id='block_1_62' title="bbox 388 3044 1956 3117">
    <p class='ocr_par' dir='ltr' id='par_1_62' title="bbox 388 3044 1956 3117">
     <span class='ocr_line' id='line_1_62' title="bbox 388 3044 1956 3117; baseline -0.001 -18"><span class='ocrx_word' id='word_1_440' title='bbox 388 3045 629 3101; x_wconf 90' lang='lat' dir='ltr'><strong>tualibus</strong></span> <span class='ocrx_word' id='word_1_441' title='bbox 665 3045 861 3101; x_wconf 89' lang='lat' dir='ltr'><strong>hostiis</strong></span> <span class='ocrx_word' id='word_1_442' title='bbox 892 3045 1202 3117; x_wconf 85' lang='lat' dir='ltr'><strong>insignitos,</strong></span> <span class='ocrx_word' id='word_1_443' title='bbox 1234 3051 1291 3100; x_wconf 84' lang='lat' dir='ltr'><strong>et</strong></span> <span class='ocrx_word' id='word_1_444' title='bbox 1331 3044 1751 3115; x_wconf 85' lang='lat' dir='ltr'><strong>temperantiam</strong></span> <span class='ocrx_word' id='word_1_445' title='bbox 1791 3050 1956 3114; x_wconf 88' lang='lat' dir='ltr'><strong>atque</strong></span> 
     </span>
    </p>
   </div>
   <div class='ocr_carea' id='block_1_63' title="bbox 387 3134 1956 3207">
    <p class='ocr_par' dir='ltr' id='par_1_63' title="bbox 387 3134 1956 3207">
     <span class='ocr_line' id='line_1_63' title="bbox 387 3134 1956 3207; baseline -0.002 -14"><span class='ocrx_word' id='word_1_446' title='bbox 387 3136 784 3193; x_wconf 87' lang='lat' dir='ltr'><strong>continentiam</strong></span> <span class='ocrx_word' id='word_1_447' title='bbox 808 3145 864 3193; x_wconf 87' lang='lat' dir='ltr'><strong>et</strong></span> <span class='ocrx_word' id='word_1_448' title='bbox 898 3135 1377 3193; x_wconf 81' lang='lat' dir='ltr'><strong>mortiﬁcationem</strong></span> <span class='ocrx_word' id='word_1_449' title='bbox 1419 3134 1712 3207; x_wconf 86' lang='lat' dir='ltr'><strong>quamdam</strong></span> <span class='ocrx_word' id='word_1_450' title='bbox 1752 3134 1956 3200; x_wconf 88' lang='lat' dir='ltr'><strong>carnis,</strong></span> 
     </span>
    </p>
   </div>
   <div class='ocr_carea' id='block_1_64' title="bbox 388 3227 1951 3303">
    <p class='ocr_par' dir='ltr' id='par_1_64' title="bbox 388 3227 1951 3303">
     <span class='ocr_line' id='line_1_64' title="bbox 388 3227 1951 3303; baseline -0.004 -17"><span class='ocrx_word' id='word_1_451' title='bbox 388 3231 543 3303; x_wconf 86' lang='lat' dir='ltr'><strong>quasi</strong></span> <span class='ocrx_word' id='word_1_452' title='bbox 558 3229 1052 3302; x_wconf 67' lang='lat' dir='ltr'><strong>donumquoddam</strong></span> <span class='ocrx_word' id='word_1_453' title='bbox 1072 3228 1388 3285; x_wconf 75' lang='lat' dir='ltr'><strong>otferentes.</strong></span> <span class='ocrx_word' id='word_1_454' title='bbox 1418 3246 1437 3280; x_wconf 84' lang='grc' dir='ltr'>ι</span> <span class='ocrx_word' id='word_1_455' title='bbox 1459 3227 1726 3283; x_wconf 84' lang='lat' dir='ltr'><strong>Exhibete</strong></span> <span class='ocrx_word' id='word_1_456' title='bbox 1743 3227 1910 3293; x_wconf 88' lang='lat' dir='ltr'><strong>enim,</strong></span> <span class='ocrx_word' id='word_1_457' title='bbox 1933 3245 1951 3279; x_wconf 79' lang='grc' dir='ltr'>ι</span> 
     </span>
    </p>
   </div>
   <div class='ocr_carea' id='block_1_65' title="bbox 402 3320 1956 3393">
    <p class='ocr_par' dir='ltr' id='par_1_65' title="bbox 402 3320 1956 3393">
     <span class='ocr_line' id='line_1_65' title="bbox 402 3320 1956 3393; baseline 0 -19"><span class='ocrx_word' id='word_1_458' title='bbox 402 3343 421 3373; x_wconf 77' lang='grc' dir='ltr'>ι</span> <span class='ocrx_word' id='word_1_459' title='bbox 446 3324 648 3393; x_wconf 89' lang='lat' dir='ltr'><strong>inquit,</strong></span> <span class='ocrx_word' id='word_1_460' title='bbox 664 3337 896 3393; x_wconf 88' lang='lat' dir='ltr'><strong>corpora</strong></span> <span class='ocrx_word' id='word_1_461' title='bbox 916 3331 1098 3377; x_wconf 86' lang='lat' dir='ltr'><strong>vestra</strong></span> <span class='ocrx_word' id='word_1_462' title='bbox 1115 3320 1351 3377; x_wconf 88' lang='lat' dir='ltr'><strong>hostiam</strong></span> <span class='ocrx_word' id='word_1_463' title='bbox 1377 3321 1673 3386; x_wconf 81' lang='lat' dir='ltr'><strong>viventem,</strong></span> <span class='ocrx_word' id='word_1_464' title='bbox 1692 3328 1956 3384; x_wconf 88' lang='lat' dir='ltr'><strong>sanctam,</strong></span> 
     </span>
    </p>
   </div>
   <div class='ocr_carea' id='block_1_66' title="bbox 390 3410 1952 3486">
    <p class='ocr_par' dir='ltr' id='par_1_66' title="bbox 390 3410 1952 3486">
     <span class='ocr_line' id='line_1_66' title="bbox 390 3410 1952 3486; baseline -0.005 -15"><span class='ocrx_word' id='word_1_465' title='bbox 390 3417 501 3477; x_wconf 82' lang='lat' dir='ltr'><strong>Deo</strong></span> <span class='ocrx_word' id='word_1_466' title='bbox 523 3416 850 3486; x_wconf 81' lang='lat' dir='ltr'><strong>placentem,</strong></span> <span class='ocrx_word' id='word_1_467' title='bbox 876 3413 1199 3469; x_wconf 90' lang='lat' dir='ltr'><strong>rationabile</strong></span> <span class='ocrx_word' id='word_1_468' title='bbox 1222 3413 1553 3483; x_wconf 87' lang='lat' dir='ltr'><strong>obsequium</strong></span> <span class='ocrx_word' id='word_1_469' title='bbox 1577 3421 1821 3468; x_wconf 88' lang='lat' dir='ltr'><strong>vestrum</strong></span> <span class='ocrx_word' id='word_1_470' title='bbox 1854 3410 1952 3464; x_wconf 72' lang='grc'><strong>⁸⁸.»</strong></span> 
     </span>
    </p>
   </div>
   <div class='ocr_carea' id='block_1_67' title="bbox 390 3503 1959 3576">
    <p class='ocr_par' dir='ltr' id='par_1_67' title="bbox 390 3503 1959 3576">
     <span class='ocr_line' id='line_1_67' title="bbox 390 3503 1959 3576; baseline -0.002 -15"><span class='ocrx_word' id='word_1_471' title='bbox 390 3506 459 3561; x_wconf 84' lang='lat' dir='ltr'><strong>Et</strong></span> <span class='ocrx_word' id='word_1_472' title='bbox 504 3507 767 3571; x_wconf 49' lang='lat' dir='ltr'><strong>iterum;</strong></span> <span class='ocrx_word' id='word_1_473' title='bbox 795 3503 1169 3559; x_wconf 34' lang='lat' dir='ltr'><strong>«Gloriﬁoate.</strong></span> <span class='ocrx_word' id='word_1_474' title='bbox 1196 3504 1365 3576; x_wconf 88' lang='lat' dir='ltr'><strong>igitur</strong></span> <span class='ocrx_word' id='word_1_475' title='bbox 1409 3505 1583 3560; x_wconf 87' lang='lat' dir='ltr'><strong>Deum</strong></span> <span class='ocrx_word' id='word_1_476' title='bbox 1643 3503 1700 3558; x_wconf 90' lang='lat' dir='ltr'><strong>in</strong></span> <span class='ocrx_word' id='word_1_477' title='bbox 1730 3518 1959 3573; x_wconf 78' lang='lat' dir='ltr'><strong>corpore</strong></span> 
     </span>
    </p>
   </div>
   <div class='ocr_carea' id='block_1_68' title="bbox 389 3593 1958 3666">
    <p class='ocr_par' dir='ltr' id='par_1_68' title="bbox 389 3593 1958 3666">
     <span class='ocr_line' id='line_1_68' title="bbox 389 3593 1958 3666; baseline -0.003 -16"><span class='ocrx_word' id='word_1_478' title='bbox 389 3604 575 3651; x_wconf 80' lang='lat' dir='ltr'><strong>vestro</strong></span> <span class='ocrx_word' id='word_1_479' title='bbox 605 3595 671 3651; x_wconf 79' lang='grc'>⁸³,</span> <span class='ocrx_word' id='word_1_480' title='bbox 696 3615 715 3648; x_wconf 73' lang='grc' dir='ltr'><strong>ι</strong></span> <span class='ocrx_word' id='word_1_481' title='bbox 752 3596 944 3666; x_wconf 86' lang='lat' dir='ltr'><strong>Igitur,</strong></span> <span class='ocrx_word' id='word_1_482' title='bbox 976 3610 1099 3664; x_wconf 78' lang='lat' dir='ltr'><strong>qua:</strong></span> <span class='ocrx_word' id='word_1_483' title='bbox 1130 3610 1259 3648; x_wconf 90' lang='lat' dir='ltr'><strong>cum</strong></span> <span class='ocrx_word' id='word_1_484' title='bbox 1307 3593 1726 3652; x_wconf 84' lang='lat' dir='ltr'><strong>tabernaculum</strong></span> <span class='ocrx_word' id='word_1_485' title='bbox 1777 3593 1958 3663; x_wconf 89' lang='lat' dir='ltr'><strong>erige-</strong></span> 
     </span>
    </p>
   </div>
   <div class='ocr_carea' id='block_1_69' title="bbox 391 3683 1959 3757">
    <p class='ocr_par' dir='ltr' id='par_1_69' title="bbox 391 3683 1959 3757">
     <span class='ocr_line' id='line_1_69' title="bbox 391 3683 1959 3757; baseline -0.003 -16"><span class='ocrx_word' id='word_1_486' title='bbox 391 3697 546 3741; x_wconf 84' lang='lat' dir='ltr'><strong>retur</strong></span> <span class='ocrx_word' id='word_1_487' title='bbox 563 3687 880 3757; x_wconf 86' lang='lat' dir='ltr'><strong>jejunavere</strong></span> <span class='ocrx_word' id='word_1_488' title='bbox 902 3685 1182 3749; x_wconf 88' lang='lat' dir='ltr'><strong>mulieres,</strong></span> <span class='ocrx_word' id='word_1_489' title='bbox 1206 3684 1514 3748; x_wconf 87' lang='lat' dir='ltr'><strong>animarum</strong></span> <span class='ocrx_word' id='word_1_490' title='bbox 1538 3683 1830 3753; x_wconf 80' lang='lat' dir='ltr'><strong>imaginem</strong></span> <span class='ocrx_word' id='word_1_491' title='bbox 1870 3698 1959 3737; x_wconf 89' lang='lat' dir='ltr'><strong>re-</strong></span> 
     </span>
    </p>
   </div>
   <div class='ocr_carea' id='block_1_70' title="bbox 390 3773 1965 3845">
    <p class='ocr_par' dir='ltr' id='par_1_70' title="bbox 390 3773 1965 3845">
     <span class='ocr_line' id='line_1_70' title="bbox 390 3773 1965 3845; baseline -0.002 -14"><span class='ocrx_word' id='word_1_492' title='bbox 390 3777 594 3840; x_wconf 85' lang='lat' dir='ltr'><strong>ferunt,</strong></span> <span class='ocrx_word' id='word_1_493' title='bbox 621 3790 744 3845; x_wconf 70' lang='lat' dir='ltr'><strong>quae</strong></span> <span class='ocrx_word' id='word_1_494' title='bbox 773 3789 885 3829; x_wconf 90' lang='lat' dir='ltr'><strong>non</strong></span> <span class='ocrx_word' id='word_1_495' title='bbox 907 3774 1348 3831; x_wconf 80' lang='lat' dir='ltr'><strong>Mosaicisadhue</strong></span> <span class='ocrx_word' id='word_1_496' title='bbox 1373 3773 1644 3829; x_wconf 86' lang='lat' dir='ltr'><strong>mandatis</strong></span> <span class='ocrx_word' id='word_1_497' title='bbox 1669 3774 1965 3829; x_wconf 86' lang='lat' dir='ltr'><strong>instituun-</strong></span> 
     </span>
    </p>
   </div>
   <div class='ocr_carea' id='block_1_71' title="bbox 393 3866 1964 3939">
    <p class='ocr_par' dir='ltr' id='par_1_71' title="bbox 393 3866 1964 3939">
     <span class='ocr_line' id='line_1_71' title="bbox 393 3866 1964 3939; baseline 0 -18"><span class='ocrx_word' id='word_1_498' title='bbox 393 3877 504 3931; x_wconf 91' lang='lat' dir='ltr'><strong>tur,</strong></span> <span class='ocrx_word' id='word_1_499' title='bbox 546 3866 644 3924; x_wconf 91' lang='lat' dir='ltr'><strong>sed</strong></span> <span class='ocrx_word' id='word_1_500' title='bbox 683 3867 797 3939; x_wconf 90' lang='lat' dir='ltr'><strong>jam</strong></span> <span class='ocrx_word' id='word_1_501' title='bbox 851 3866 1199 3939; x_wconf 89' lang='lat' dir='ltr'><strong>spiritualem</strong></span> <span class='ocrx_word' id='word_1_502' title='bbox 1241 3867 1448 3939; x_wconf 87' lang='lat' dir='ltr'><strong>potius,</strong></span> <span class='ocrx_word' id='word_1_503' title='bbox 1482 3867 1964 3939; x_wconf 87' lang='lat' dir='ltr'><strong>evangelicamque</strong></span> 
     </span>
    </p>
   </div>
   <div class='ocr_carea' id='block_1_72' title="bbox 391 3958 1964 4031">
    <p class='ocr_par' dir='ltr' id='par_1_72' title="bbox 391 3958 1964 4031">
     <span class='ocr_line' id='line_1_72' title="bbox 391 3958 1964 4031; baseline -0.001 -18"><span class='ocrx_word' id='word_1_504' title='bbox 391 3959 866 4016; x_wconf 83' lang='lat' dir='ltr'><strong>conversationem</strong></span> <span class='ocrx_word' id='word_1_505' title='bbox 890 3959 1210 4026; x_wconf 86' lang='lat' dir='ltr'><strong>ostendunt,</strong></span> <span class='ocrx_word' id='word_1_506' title='bbox 1243 3969 1603 4031; x_wconf 87' lang='lat' dir='ltr'><strong>terrenasque</strong></span> <span class='ocrx_word' id='word_1_507' title='bbox 1650 3958 1964 4030; x_wconf 87' lang='lat' dir='ltr'><strong>voluptates</strong></span> 
     </span>
    </p>
   </div>
   <div class='ocr_carea' id='block_1_73' title="bbox 393 4048 1964 4118">
    <p class='ocr_par' dir='ltr' id='par_1_73' title="bbox 393 4048 1964 4118">
     <span class='ocr_line' id='line_1_73' title="bbox 393 4048 1964 4118; baseline -0.001 -13"><span class='ocrx_word' id='word_1_508' title='bbox 393 4067 504 4106; x_wconf 88' lang='lat' dir='ltr'><strong>non</strong></span> <span class='ocrx_word' id='word_1_509' title='bbox 530 4052 650 4108; x_wconf 89' lang='lat' dir='ltr'><strong>sine</strong></span> <span class='ocrx_word' id='word_1_510' title='bbox 674 4050 862 4111; x_wconf 90' lang='lat' dir='ltr'><strong>labore</strong></span> <span class='ocrx_word' id='word_1_511' title='bbox 895 4050 1129 4118; x_wconf 83' lang='lat' dir='ltr'><strong>caleant,</strong></span> <span class='ocrx_word' id='word_1_512' title='bbox 1178 4055 1255 4115; x_wconf 91' lang='lat' dir='ltr'><strong>et,</strong></span> <span class='ocrx_word' id='word_1_513' title='bbox 1303 4048 1436 4104; x_wconf 91' lang='lat' dir='ltr'><strong>dum</strong></span> <span class='ocrx_word' id='word_1_514' title='bbox 1492 4048 1825 4105; x_wconf 81' lang='lat' dir='ltr'><strong>exsecranda</strong></span> <span class='ocrx_word' id='word_1_515' title='bbox 1872 4048 1964 4104; x_wconf 90' lang='lat' dir='ltr'><strong>illa</strong></span> 
     </span>
    </p>
   </div>
   <div class='ocr_carea' id='block_1_74' title="bbox 395 4140 1965 4218">
    <p class='ocr_par' dir='ltr' id='par_1_74' title="bbox 395 4140 1965 4218">
     <span class='ocr_line' id='line_1_74' title="bbox 395 4140 1965 4218; baseline -0.003 -17"><span class='ocrx_word' id='word_1_516' title='bbox 395 4144 557 4218; x_wconf 80' lang='lat'><strong>315</strong></span> <span class='ocrx_word' id='word_1_517' title='bbox 577 4152 741 4216; x_wconf 90' lang='lat' dir='ltr'><strong>atque</strong></span> <span class='ocrx_word' id='word_1_518' title='bbox 764 4144 972 4201; x_wconf 85' lang='lat' dir='ltr'><strong>nefaria</strong></span> <span class='ocrx_word' id='word_1_519' title='bbox 983 4141 1481 4208; x_wconf 88' lang='lat' dir='ltr'><strong>carnalislibidinis</strong></span> <span class='ocrx_word' id='word_1_520' title='bbox 1520 4141 1753 4196; x_wconf 89' lang='lat' dir='ltr'><strong>crimina</strong></span> <span class='ocrx_word' id='word_1_521' title='bbox 1778 4140 1965 4197; x_wconf 88' lang='lat' dir='ltr'><strong>subire</strong></span> 
     </span>
    </p>
   </div>
   <div class='ocr_carea' id='block_1_75' title="bbox 396 4223 1963 4306">
    <p class='ocr_par' dir='ltr' id='par_1_75' title="bbox 396 4223 1963 4306">
     <span class='ocr_line' id='line_1_75' title="bbox 396 4223 1963 4306; baseline -0.003 -14"><span class='ocrx_word' id='word_1_522' title='bbox 396 4223 506 4293; x_wconf 81' lang='lat' dir='ltr'><strong>non</strong></span> <span class='ocrx_word' id='word_1_523' title='bbox 536 4237 831 4302; x_wconf 87' lang='lat' dir='ltr'><strong>sustinent,</strong></span> <span class='ocrx_word' id='word_1_524' title='bbox 859 4236 1121 4306; x_wconf 77' lang='lat' dir='ltr'><strong>praeclare</strong></span> <span class='ocrx_word' id='word_1_525' title='bbox 1144 4235 1212 4290; x_wconf 91' lang='lat' dir='ltr'><strong>ad</strong></span> <span class='ocrx_word' id='word_1_526' title='bbox 1245 4234 1391 4290; x_wconf 89' lang='lat' dir='ltr'><strong>illam</strong></span> <span class='ocrx_word' id='word_1_527' title='bbox 1439 4233 1813 4304; x_wconf 86' lang='lat' dir='ltr'><strong>incorruptam</strong></span> <span class='ocrx_word' id='word_1_528' title='bbox 1839 4233 1963 4304; x_wconf 91' lang='lat' dir='ltr'><strong>pul-</strong></span> 
     </span>
    </p>
   </div>
   <div class='ocr_carea' id='block_1_76' title="bbox 2059 3046 3633 3122">
    <p class='ocr_par' dir='ltr' id='par_1_76' title="bbox 2059 3046 3633 3122">
     <span class='ocr_line' id='line_1_76' title="bbox 2059 3046 3633 3122; baseline -0.004 -17"><span class='ocrx_word' id='word_1_529' title='bbox 2059 3052 2118 3105; x_wconf 81' lang='grc' dir='ltr'><strong>δὲ</strong></span> <span class='ocrx_word' id='word_1_530' title='bbox 2152 3050 2356 3122; x_wconf 83' lang='grc' dir='ltr'>μᾶλλον</span> <span class='ocrx_word' id='word_1_531' title='bbox 2389 3049 2787 3119; x_wconf 81' lang='grc' dir='ltr'>πνευματικαῖς</span> <span class='ocrx_word' id='word_1_532' title='bbox 2820 3046 3223 3118; x_wconf 81' lang='grc' dir='ltr'>ὲκπρέποντας,</span> <span class='ocrx_word' id='word_1_533' title='bbox 3262 3048 3357 3101; x_wconf 81' lang='grc' dir='ltr'><strong>καὶ</strong></span> <span class='ocrx_word' id='word_1_534' title='bbox 3393 3046 3633 3118; x_wconf 72' lang='grc' dir='ltr'><strong>δωροφο-</strong></span> 
     </span>
    </p>
   </div>
   <div class='ocr_carea' id='block_1_77' title="bbox 2063 3136 3638 3216">
    <p class='ocr_par' dir='ltr' id='par_1_77' title="bbox 2063 3136 3638 3216">
     <span class='ocr_line' id='line_1_77' title="bbox 2063 3136 3638 3216; baseline -0.002 -22"><span class='ocrx_word' id='word_1_535' title='bbox 2063 3142 2184 3216; x_wconf 78' lang='grc' dir='ltr'>ρίαν</span> <span class='ocrx_word' id='word_1_536' title='bbox 2213 3140 2402 3213; x_wconf 77' lang='grc' dir='ltr'>ὥσπερ</span> <span class='ocrx_word' id='word_1_537' title='bbox 2425 3140 2546 3193; x_wconf 79' lang='grc' dir='ltr'>τινὰ</span> <span class='ocrx_word' id='word_1_538' title='bbox 2573 3137 3042 3210; x_wconf 80' lang='grc' dir='ltr'>προσκομίζοντας</span> <span class='ocrx_word' id='word_1_539' title='bbox 3069 3138 3149 3210; x_wconf 84' lang='grc' dir='ltr'>τῷ</span> <span class='ocrx_word' id='word_1_540' title='bbox 3170 3137 3290 3209; x_wconf 85' lang='grc' dir='ltr'>Θεῷ</span> <span class='ocrx_word' id='word_1_541' title='bbox 3313 3136 3412 3210; x_wconf 83' lang='grc' dir='ltr'>τὴν</span> <span class='ocrx_word' id='word_1_542' title='bbox 3435 3136 3638 3208; x_wconf 69' lang='grc' dir='ltr'>ἐγκρὸμ</span> 
     </span>
    </p>
   </div>
   <div class='ocr_carea' id='block_1_78' title="bbox 2058 3229 3637 3305">
    <p class='ocr_par' dir='ltr' id='par_1_78' title="bbox 2058 3229 3637 3305">
     <span class='ocr_line' id='line_1_78' title="bbox 2058 3229 3637 3305; baseline -0.004 -16"><span class='ocrx_word' id='word_1_543' title='bbox 2058 3251 2231 3300; x_wconf 87' lang='grc' dir='ltr'>τειαν,</span> <span class='ocrx_word' id='word_1_544' title='bbox 2265 3232 2361 3305; x_wconf 81' lang='grc' dir='ltr'><strong>τὴν</strong></span> <span class='ocrx_word' id='word_1_545' title='bbox 2388 3232 2551 3286; x_wconf 77' lang='grc' dir='ltr'>οἱονεὶ</span> <span class='ocrx_word' id='word_1_546' title='bbox 2578 3231 2843 3302; x_wconf 78' lang='grc' dir='ltr'>νέκρωσιν</span> <span class='ocrx_word' id='word_1_547' title='bbox 2872 3230 2974 3301; x_wconf 85' lang='grc' dir='ltr'><strong>τῆς</strong></span> <span class='ocrx_word' id='word_1_548' title='bbox 3012 3231 3237 3303; x_wconf 81' lang='grc' dir='ltr'>σαρκός.</span> <span class='ocrx_word' id='word_1_549' title='bbox 3278 3248 3299 3281; x_wconf 81' lang='grc' dir='ltr'>ι</span> <span class='ocrx_word' id='word_1_550' title='bbox 3347 3229 3637 3300; x_wconf 82' lang='grc' dir='ltr'>Παραστή-</span> 
     </span>
    </p>
   </div>
   <div class='ocr_carea' id='block_1_79' title="bbox 2063 3314 3634 3397">
    <p class='ocr_par' dir='ltr' id='par_1_79' title="bbox 2063 3314 3634 3397">
     <span class='ocr_line' id='line_1_79' title="bbox 2063 3314 3634 3397; baseline -0.006 -18"><span class='ocrx_word' id='word_1_551' title='bbox 2063 3343 2190 3381; x_wconf 82' lang='grc' dir='ltr'>σατε</span> <span class='ocrx_word' id='word_1_552' title='bbox 2221 3314 2348 3397; x_wconf 83' lang='grc' dir='ltr'>γὰρ,</span> <span class='ocrx_word' id='word_1_553' title='bbox 2371 3344 2389 3379; x_wconf 76' lang='grc' dir='ltr'>ι</span> <span class='ocrx_word' id='word_1_554' title='bbox 2427 3323 2591 3395; x_wconf 71' lang='grc' dir='ltr'>φησὶ,</span> <span class='ocrx_word' id='word_1_555' title='bbox 2620 3321 2727 3391; x_wconf 68' lang='grc' dir='ltr'><strong>(τὰ</strong></span> <span class='ocrx_word' id='word_1_556' title='bbox 2744 3320 3176 3392; x_wconf 80' lang='grc' dir='ltr'>σώματαύμῶν,</span> <span class='ocrx_word' id='word_1_557' title='bbox 3203 3320 3391 3374; x_wconf 83' lang='grc' dir='ltr'>θυσίαν</span> <span class='ocrx_word' id='word_1_558' title='bbox 3423 3318 3634 3383; x_wconf 80' lang='grc' dir='ltr'>ζῶσαν,</span> 
     </span>
    </p>
   </div>
   <div class='ocr_carea' id='block_1_80' title="bbox 2064 3409 3637 3488">
    <p class='ocr_par' dir='ltr' id='par_1_80' title="bbox 2064 3409 3637 3488">
     <span class='ocr_line' id='line_1_80' title="bbox 2064 3409 3637 3488; baseline -0.007 -16"><span class='ocrx_word' id='word_1_559' title='bbox 2064 3419 2259 3487; x_wconf 78' lang='grc' dir='ltr'>ἁγίαν,</span> <span class='ocrx_word' id='word_1_560' title='bbox 2315 3416 2607 3488; x_wconf 82' lang='grc' dir='ltr'>εὐάρεστον</span> <span class='ocrx_word' id='word_1_561' title='bbox 2656 3412 2735 3484; x_wconf 82' lang='grc' dir='ltr'>τῷ</span> <span class='ocrx_word' id='word_1_562' title='bbox 2771 3412 2919 3484; x_wconf 82' lang='grc' dir='ltr'>Θεῷ,</span> <span class='ocrx_word' id='word_1_563' title='bbox 2958 3411 3058 3483; x_wconf 80' lang='grc' dir='ltr'><strong>τὴν</strong></span> <span class='ocrx_word' id='word_1_564' title='bbox 3108 3410 3329 3482; x_wconf 83' lang='grc' dir='ltr'>λογικὴν</span> <span class='ocrx_word' id='word_1_565' title='bbox 3383 3409 3637 3480; x_wconf 81' lang='grc' dir='ltr'>λατρείαν</span> 
     </span>
    </p>
   </div>
   <div class='ocr_carea' id='block_1_81' title="bbox 2063 3501 3638 3580">
    <p class='ocr_par' dir='ltr' id='par_1_81' title="bbox 2063 3501 3638 3580">
     <span class='ocr_line' id='line_1_81' title="bbox 2063 3501 3638 3580; baseline -0.004 -19"><span class='ocrx_word' id='word_1_566' title='bbox 2063 3508 2236 3580; x_wconf 84' lang='grc' dir='ltr'>ὑμῶν.</span> <span class='ocrx_word' id='word_1_567' title='bbox 2280 3526 2298 3560; x_wconf 77' lang='grc' dir='ltr'><strong>ι</strong></span> <span class='ocrx_word' id='word_1_568' title='bbox 2335 3508 2447 3561; x_wconf 73' lang='lat' dir='ltr'><strong>Kal.</strong></span> <span class='ocrx_word' id='word_1_569' title='bbox 2487 3505 2677 3561; x_wconf 75' lang='grc' dir='ltr'>πάλινο</span> <span class='ocrx_word' id='word_1_570' title='bbox 2719 3523 2738 3558; x_wconf 80' lang='grc' dir='ltr'><strong>ι</strong></span> <span class='ocrx_word' id='word_1_571' title='bbox 2768 3504 3042 3580; x_wconf 78' lang='grc' dir='ltr'>Δοξάσατε</span> <span class='ocrx_word' id='word_1_572' title='bbox 3083 3503 3148 3576; x_wconf 81' lang='grc' dir='ltr'><strong>δὴ</strong></span> <span class='ocrx_word' id='word_1_573' title='bbox 3181 3505 3271 3559; x_wconf 85' lang='grc' dir='ltr'><strong>τὸν</strong></span> <span class='ocrx_word' id='word_1_574' title='bbox 3299 3503 3431 3558; x_wconf 80' lang='grc' dir='ltr'>Θεὸν</span> <span class='ocrx_word' id='word_1_575' title='bbox 3463 3505 3523 3557; x_wconf 77' lang='grc' dir='ltr'>ὲν</span> <span class='ocrx_word' id='word_1_576' title='bbox 3563 3501 3638 3572; x_wconf 81' lang='grc' dir='ltr'><strong>τῷ</strong></span> 
     </span>
    </p>
   </div>
   <div class='ocr_carea' id='block_1_82' title="bbox 2065 3578 3643 3669">
    <p class='ocr_par' dir='ltr' id='par_1_82' title="bbox 2065 3578 3643 3669">
     <span class='ocr_line' id='line_1_82' title="bbox 2065 3578 3643 3669; baseline -0.003 -18"><span class='ocrx_word' id='word_1_577' title='bbox 2065 3578 2277 3669; x_wconf 75' lang='grc' dir='ltr'>σῶματι</span> <span class='ocrx_word' id='word_1_578' title='bbox 2307 3596 2480 3668; x_wconf 85' lang='grc' dir='ltr'>ὑμῶν.</span> <span class='ocrx_word' id='word_1_579' title='bbox 2517 3615 2536 3647; x_wconf 72' lang='grc' dir='ltr'><strong>ι</strong></span> <span class='ocrx_word' id='word_1_580' title='bbox 2571 3594 2778 3649; x_wconf 79' lang='grc' dir='ltr'>Οὐκοῦν</span> <span class='ocrx_word' id='word_1_581' title='bbox 2823 3578 2881 3663; x_wconf 73' lang='grc' dir='ltr'>αἱ</span> <span class='ocrx_word' id='word_1_582' title='bbox 2925 3595 3287 3667; x_wconf 76' lang='grc' dir='ltr'>νηστεύσασαι</span> <span class='ocrx_word' id='word_1_583' title='bbox 3328 3595 3430 3667; x_wconf 76' lang='grc' dir='ltr'><strong>τῆς</strong></span> <span class='ocrx_word' id='word_1_584' title='bbox 3481 3594 3643 3662; x_wconf 81' lang='grc' dir='ltr'>ἁγίας</span> 
     </span>
    </p>
   </div>
   <div class='ocr_carea' id='block_1_83' title="bbox 2063 3684 3640 3761">
    <p class='ocr_par' dir='ltr' id='par_1_83' title="bbox 2063 3684 3640 3761">
     <span class='ocr_line' id='line_1_83' title="bbox 2063 3684 3640 3761; baseline -0.003 -19"><span class='ocrx_word' id='word_1_585' title='bbox 2063 3688 2443 3761; x_wconf 76' lang='grc' dir='ltr'>ἐγηγερμένης</span> <span class='ocrx_word' id='word_1_586' title='bbox 2477 3687 2682 3759; x_wconf 82' lang='grc' dir='ltr'>σκηνῆς</span> <span class='ocrx_word' id='word_1_587' title='bbox 2701 3728 2716 3754; x_wconf 92' lang='grc'><strong>,</strong></span> <span class='ocrx_word' id='word_1_588' title='bbox 2755 3688 2838 3752; x_wconf 88' lang='grc' dir='ltr'><strong>είς</strong></span> <span class='ocrx_word' id='word_1_589' title='bbox 2884 3686 3070 3743; x_wconf 76' lang='grc' dir='ltr'>εἰκόνα</span> <span class='ocrx_word' id='word_1_590' title='bbox 3096 3685 3306 3741; x_wconf 80' lang='grc' dir='ltr'>τελοῦσι</span> <span class='ocrx_word' id='word_1_591' title='bbox 3332 3684 3517 3759; x_wconf 81' lang='grc' dir='ltr'>ψυχῶν</span> <span class='ocrx_word' id='word_1_592' title='bbox 3535 3725 3551 3751; x_wconf 88' lang='grc'><strong>,</strong></span> <span class='ocrx_word' id='word_1_593' title='bbox 3580 3685 3640 3738; x_wconf 79' lang='grc' dir='ltr'><strong>οὺ</strong></span> 
     </span>
    </p>
   </div>
   <div class='ocr_carea' id='block_1_84' title="bbox 2063 3778 3643 3851">
    <p class='ocr_par' dir='ltr' id='par_1_84' title="bbox 2063 3778 3643 3851">
     <span class='ocr_line' id='line_1_84' title="bbox 2063 3778 3643 3851; baseline -0.005 -13"><span class='ocrx_word' id='word_1_594' title='bbox 2063 3783 2374 3845; x_wconf 82' lang='grc' dir='ltr'><strong>Μωσαῖκοῖς</strong></span> <span class='ocrx_word' id='word_1_595' title='bbox 2407 3780 2703 3851; x_wconf 80' lang='grc' dir='ltr'>ἐντάλμασι</span> <span class='ocrx_word' id='word_1_596' title='bbox 2750 3780 3293 3851; x_wconf 76' lang='grc' dir='ltr'>παιδαγωγουμένων</span> <span class='ocrx_word' id='word_1_597' title='bbox 3325 3778 3404 3832; x_wconf 79' lang='grc' dir='ltr'>ἔτι</span> <span class='ocrx_word' id='word_1_598' title='bbox 3426 3819 3442 3844; x_wconf 89' lang='lat'><strong>,</strong></span> <span class='ocrx_word' id='word_1_599' title='bbox 3479 3795 3643 3831; x_wconf 79' lang='grc' dir='ltr'>πνευ-</span> 
     </span>
    </p>
   </div>
   <div class='ocr_carea' id='block_1_85' title="bbox 2066 3869 3640 3947">
    <p class='ocr_par' dir='ltr' id='par_1_85' title="bbox 2066 3869 3640 3947">
     <span class='ocr_line' id='line_1_85' title="bbox 2066 3869 3640 3947; baseline -0.004 -18"><span class='ocrx_word' id='word_1_600' title='bbox 2066 3873 2303 3947; x_wconf 82' lang='grc' dir='ltr'>ματικὴν</span> <span class='ocrx_word' id='word_1_601' title='bbox 2332 3872 2388 3926; x_wconf 77' lang='grc' dir='ltr'><strong>δὲ</strong></span> <span class='ocrx_word' id='word_1_602' title='bbox 2423 3872 2621 3944; x_wconf 85' lang='grc' dir='ltr'>μᾶλλον</span> <span class='ocrx_word' id='word_1_603' title='bbox 2660 3872 2754 3927; x_wconf 78' lang='grc' dir='ltr'>καὶ</span> <span class='ocrx_word' id='word_1_604' title='bbox 2783 3871 3149 3943; x_wconf 71' lang='grc' dir='ltr'>εὐαγγελικὴν</span> <span class='ocrx_word' id='word_1_605' title='bbox 3183 3869 3640 3940; x_wconf 74' lang='grc' dir='ltr'>ἁναδεδειγμένων</span> 
     </span>
    </p>
   </div>
   <div class='ocr_carea' id='block_1_86' title="bbox 2062 3962 3641 4039">
    <p class='ocr_par' dir='ltr' id='par_1_86' title="bbox 2062 3962 3641 4039">
     <span class='ocr_line' id='line_1_86' title="bbox 2062 3962 3641 4039; baseline -0.004 -18"><span class='ocrx_word' id='word_1_606' title='bbox 2062 3967 2161 4039; x_wconf 85' lang='grc' dir='ltr'>τὴν</span> <span class='ocrx_word' id='word_1_607' title='bbox 2202 3966 2476 4021; x_wconf 86' lang='grc' dir='ltr'>πολιτείαν</span> <span class='ocrx_word' id='word_1_608' title='bbox 2507 3965 2607 4037; x_wconf 72' lang='grc' dir='ltr'><strong>ἤδη</strong></span> <span class='ocrx_word' id='word_1_609' title='bbox 2628 4002 2645 4027; x_wconf 84' lang='lat'><strong>,</strong></span> <span class='ocrx_word' id='word_1_610' title='bbox 2684 3964 2779 4018; x_wconf 75' lang='grc' dir='ltr'>καὶ</span> <span class='ocrx_word' id='word_1_611' title='bbox 2808 3963 3096 4018; x_wconf 88' lang='grc' dir='ltr'>πατουσῶν</span> <span class='ocrx_word' id='word_1_612' title='bbox 3133 3963 3236 4017; x_wconf 79' lang='grc' dir='ltr'><strong>οὐκ</strong></span> <span class='ocrx_word' id='word_1_613' title='bbox 3260 3962 3517 4034; x_wconf 79' lang='grc' dir='ltr'>ἀνιδρωτὶ</span> <span class='ocrx_word' id='word_1_614' title='bbox 3542 3962 3641 4025; x_wconf 78' lang='grc' dir='ltr'>τὰς</span> 
     </span>
    </p>
   </div>
   <div class='ocr_carea' id='block_1_87' title="bbox 2065 4050 3638 4131">
    <p class='ocr_par' dir='ltr' id='par_1_87' title="bbox 2065 4050 3638 4131">
     <span class='ocr_line' id='line_1_87' title="bbox 2065 4050 3638 4131; baseline -0.004 -17"><span class='ocrx_word' id='word_1_615' title='bbox 2065 4059 2342 4129; x_wconf 77' lang='grc' dir='ltr'>ἐπιγείους</span> <span class='ocrx_word' id='word_1_616' title='bbox 2371 4056 2583 4131; x_wconf 80' lang='grc' dir='ltr'>ἡδονὰς,</span> <span class='ocrx_word' id='word_1_617' title='bbox 2609 4058 2704 4111; x_wconf 74' lang='grc' dir='ltr'><strong>καὶ</strong></span> <span class='ocrx_word' id='word_1_618' title='bbox 2728 4057 3045 4128; x_wconf 79' lang='grc' dir='ltr'>ἀναμορφου</span> <span class='ocrx_word' id='word_1_619' title='bbox 3055 4055 3231 4127; x_wconf 77' lang='grc' dir='ltr'>μένων</span> <span class='ocrx_word' id='word_1_620' title='bbox 3254 4050 3313 4108; x_wconf 80' lang='grc' dir='ltr'>εὖ</span> <span class='ocrx_word' id='word_1_621' title='bbox 3337 4054 3481 4125; x_wconf 79' lang='grc' dir='ltr'>μάλα</span> <span class='ocrx_word' id='word_1_622' title='bbox 3507 4054 3638 4125; x_wconf 75' lang='grc' dir='ltr'>πρὸς</span> 
     </span>
    </p>
   </div>
   <div class='ocr_carea' id='block_1_88' title="bbox 2063 4144 3640 4223">
    <p class='ocr_par' dir='ltr' id='par_1_88' title="bbox 2063 4144 3640 4223">
     <span class='ocr_line' id='line_1_88' title="bbox 2063 4144 3640 4223; baseline -0.006 -18"><span class='ocrx_word' id='word_1_623' title='bbox 2063 4149 2127 4205; x_wconf 79' lang='grc' dir='ltr'>τὸ</span> <span class='ocrx_word' id='word_1_624' title='bbox 2157 4151 2437 4223; x_wconf 84' lang='grc' dir='ltr'>ἀκήρατον</span> <span class='ocrx_word' id='word_1_625' title='bbox 2467 4148 2684 4214; x_wconf 85' lang='grc' dir='ltr'>κάλλος,</span> <span class='ocrx_word' id='word_1_626' title='bbox 2716 4147 2806 4202; x_wconf 82' lang='grc' dir='ltr'><strong>διὰ</strong></span> <span class='ocrx_word' id='word_1_627' title='bbox 2834 4147 2895 4201; x_wconf 80' lang='grc' dir='ltr'>τὸ</span> <span class='ocrx_word' id='word_1_628' title='bbox 2924 4146 3002 4219; x_wconf 80' lang='grc' dir='ltr'>μὴ</span> <span class='ocrx_word' id='word_1_629' title='bbox 3036 4146 3321 4218; x_wconf 80' lang='grc' dir='ltr'>ἀνέχεσθαι</span> <span class='ocrx_word' id='word_1_630' title='bbox 3356 4144 3547 4198; x_wconf 87' lang='grc' dir='ltr'>παθεῖν</span> <span class='ocrx_word' id='word_1_631' title='bbox 3575 4144 3640 4196; x_wconf 70' lang='grc' dir='ltr'>τὰ</span> 
     </span>
    </p>
   </div>
   <div class='ocr_carea' id='block_1_89' title="bbox 2070 4236 3633 4314">
    <p class='ocr_par' dir='ltr' id='par_1_89' title="bbox 2070 4236 3633 4314">
     <span class='ocr_line' id='line_1_89' title="bbox 2070 4236 3633 4314; baseline -0.006 -17"><span class='ocrx_word' id='word_1_632' title='bbox 2070 4243 2290 4314; x_wconf 83' lang='grc' dir='ltr'>μυσαρὰ</span> <span class='ocrx_word' id='word_1_633' title='bbox 2319 4259 2379 4295; x_wconf 87' lang='grc' dir='ltr'><strong>τε</strong></span> <span class='ocrx_word' id='word_1_634' title='bbox 2412 4240 2506 4294; x_wconf 77' lang='grc' dir='ltr'>καὶ</span> <span class='ocrx_word' id='word_1_635' title='bbox 2534 4238 2735 4311; x_wconf 82' lang='grc' dir='ltr'>βέϐηλα</span> <span class='ocrx_word' id='word_1_636' title='bbox 2760 4237 2860 4309; x_wconf 85' lang='grc' dir='ltr'>τῆς</span> <span class='ocrx_word' id='word_1_637' title='bbox 2893 4237 3252 4308; x_wconf 83' lang='grc' dir='ltr'>φιλοσαρκίας</span> <span class='ocrx_word' id='word_1_638' title='bbox 3298 4236 3465 4306; x_wconf 70' lang='grc' dir='ltr'>ὲγκλή</span> <span class='ocrx_word' id='word_1_639' title='bbox 3475 4251 3633 4306; x_wconf 84' lang='grc' dir='ltr'>ματα.</span> 
     </span>
    </p>
   </div>
   <div class='ocr_carea' id='block_1_90' title="bbox 397 4309 1954 4405">
    <p class='ocr_par' dir='ltr' id='par_1_90' title="bbox 397 4325 1954 4387">
     <span class='ocr_line' id='line_1_90' title="bbox 397 4325 1954 4387; baseline -0.006 0"><span class='ocrx_word' id='word_1_640' title='bbox 397 4330 766 4387; x_wconf 84' lang='lat' dir='ltr'><strong>chritudinem</strong></span> <span class='ocrx_word' id='word_1_641' title='bbox 797 4329 1184 4385; x_wconf 80' lang='lat' dir='ltr'><strong>reformantur.</strong></span> <span class='ocrx_word' id='word_1_642' title='bbox 1213 4326 1295 4382; x_wconf 84' lang='lat' dir='ltr'><strong>An</strong></span> <span class='ocrx_word' id='word_1_643' title='bbox 1318 4340 1451 4380; x_wconf 90' lang='lat' dir='ltr'><strong>vero</strong></span> <span class='ocrx_word' id='word_1_644' title='bbox 1479 4340 1591 4379; x_wconf 90' lang='lat' dir='ltr'><strong>non</strong></span> <span class='ocrx_word' id='word_1_645' title='bbox 1612 4325 1730 4381; x_wconf 73' lang='lat' dir='ltr'><strong>haec</strong></span> <span class='ocrx_word' id='word_1_646' title='bbox 1751 4333 1836 4380; x_wconf 90' lang='lat' dir='ltr'><strong>est</strong></span> <span class='ocrx_word' id='word_1_647' title='bbox 1867 4339 1954 4379; x_wconf 89' lang='lat' dir='ltr'><strong>no-</strong></span> 
     </span>
    </p>
   </div>
   <div class='ocr_carea' id='block_1_91' title="bbox 2057 4309 3640 4405">
    <p class='ocr_par' dir='ltr' id='par_1_91' title="bbox 2071 4309 3640 4405">
     <span class='ocr_line' id='line_1_91' title="bbox 2071 4309 3640 4405; baseline -0.008 -17"><span class='ocrx_word' id='word_1_648' title='bbox 2071 4309 2146 4389; x_wconf 68' lang='grc' dir='ltr'>Ἦ</span> <span class='ocrx_word' id='word_1_649' title='bbox 2173 4309 2270 4405; x_wconf 66' lang='grc' dir='ltr'><strong>οθχ</strong></span> <span class='ocrx_word' id='word_1_650' title='bbox 2294 4332 2465 4396; x_wconf 75' lang='grc' dir='ltr'>οὓτως</span> <span class='ocrx_word' id='word_1_651' title='bbox 2483 4335 2515 4401; x_wconf 86' lang='grc' dir='ltr'><strong>ή</strong></span> <span class='ocrx_word' id='word_1_652' title='bbox 2526 4309 2616 4401; x_wconf 80' lang='grc' dir='ltr'><strong>μίν</strong></span> <span class='ocrx_word' id='word_1_653' title='bbox 2698 4328 2790 4383; x_wconf 78' lang='grc' dir='ltr'>τοῦ</span> <span class='ocrx_word' id='word_1_654' title='bbox 2823 4328 2940 4400; x_wconf 83' lang='grc' dir='ltr'>βίου</span> <span class='ocrx_word' id='word_1_655' title='bbox 2970 4328 3171 4400; x_wconf 82' lang='grc' dir='ltr'>τρόπος</span> <span class='ocrx_word' id='word_1_656' title='bbox 3198 4331 3310 4393; x_wconf 78' lang='grc' dir='ltr'>τοῖς</span> <span class='ocrx_word' id='word_1_657' title='bbox 3339 4329 3398 4383; x_wconf 82' lang='grc' dir='ltr'>ὲν</span> <span class='ocrx_word' id='word_1_658' title='bbox 3421 4326 3640 4397; x_wconf 81' lang='grc' dir='ltr'>Χριστῷ</span> 
     </span>
    </p>
   </div>
   <div class='ocr_carea' id='block_1_92' title="bbox 398 4412 1969 4483">
    <p class='ocr_par' dir='ltr' id='par_1_92' title="bbox 398 4412 1969 4483">
     <span class='ocr_line' id='line_1_92' title="bbox 398 4412 1969 4483; baseline -0.009 -4"><span class='ocrx_word' id='word_1_659' title='bbox 398 4421 590 4479; x_wconf 85' lang='lat' dir='ltr'><strong>strain</strong></span> <span class='ocrx_word' id='word_1_660' title='bbox 619 4419 842 4476; x_wconf 88' lang='lat' dir='ltr'><strong>Christo</strong></span> <span class='ocrx_word' id='word_1_661' title='bbox 868 4416 1093 4473; x_wconf 83' lang='lat' dir='ltr'><strong>vivendi</strong></span> <span class='ocrx_word' id='word_1_662' title='bbox 1127 4415 1290 4478; x_wconf 89' lang='lat' dir='ltr'><strong>ratio,</strong></span> <span class='ocrx_word' id='word_1_663' title='bbox 1330 4412 1424 4483; x_wconf 91' lang='lat' dir='ltr'><strong>qui</strong></span> <span class='ocrx_word' id='word_1_664' title='bbox 1466 4412 1535 4467; x_wconf 91' lang='lat' dir='ltr'><strong>ad</strong></span> <span class='ocrx_word' id='word_1_665' title='bbox 1578 4412 1969 4468; x_wconf 83' lang='lat' dir='ltr'><strong>sanctiﬁcatio-</strong></span> 
     </span>
    </p>
   </div>
   <div class='ocr_carea' id='block_1_93' title="bbox 398 4504 1970 4585">
    <p class='ocr_par' dir='ltr' id='par_1_93' title="bbox 398 4504 1970 4585">
     <span class='ocr_line' id='line_1_93' title="bbox 398 4504 1970 4585; baseline -0.007 -16"><span class='ocrx_word' id='word_1_666' title='bbox 398 4528 548 4579; x_wconf 89' lang='lat' dir='ltr'><strong>nem,</strong></span> <span class='ocrx_word' id='word_1_667' title='bbox 583 4513 1056 4585; x_wconf 85' lang='lat' dir='ltr'><strong>gracilitatemque</strong></span> <span class='ocrx_word' id='word_1_668' title='bbox 1097 4507 1247 4574; x_wconf 82' lang='lat' dir='ltr'><strong>illam</strong></span> <span class='ocrx_word' id='word_1_669' title='bbox 1276 4504 1616 4576; x_wconf 88' lang='lat' dir='ltr'><strong>spiritualem</strong></span> <span class='ocrx_word' id='word_1_670' title='bbox 1650 4505 1825 4569; x_wconf 81' lang='lat' dir='ltr'><strong>vocati</strong></span> <span class='ocrx_word' id='word_1_671' title='bbox 1874 4521 1970 4566; x_wconf 87' lang='lat' dir='ltr'><strong>su-</strong></span> 
     </span>
    </p>
   </div>
   <div class='ocr_carea' id='block_1_94' title="bbox 400 4588 983 4659">
    <p class='ocr_par' dir='ltr' id='par_1_94' title="bbox 400 4588 983 4659">
     <span class='ocr_line' id='line_1_94' title="bbox 400 4588 983 4659; baseline -0.005 -1"><span class='ocrx_word' id='word_1_672' title='bbox 400 4604 553 4659; x_wconf 85' lang='lat' dir='ltr'><strong>mus?</strong></span> <span class='ocrx_word' id='word_1_673' title='bbox 976 4588 983 4593; x_wconf 61' lang='grc'><em>’</em></span> 
     </span>
    </p>
   </div>
   <div class='ocr_carea' id='block_1_95' title="bbox 368 4693 1107 4760">
    <p class='ocr_par' dir='ltr' id='par_1_95' title="bbox 368 4693 1107 4760">
     <span class='ocr_line' id='line_1_95' title="bbox 368 4693 1107 4760; baseline -0.012 -8"><span class='ocrx_word' id='word_1_674' title='bbox 368 4754 374 4760; x_wconf 92' lang='lat'><em>_</em></span> <span class='ocrx_word' id='word_1_675' title='bbox 473 4694 668 4751; x_wconf 77' lang='lat' dir='ltr'><strong>PALL.</strong></span> <span class='ocrx_word' id='word_1_676' title='bbox 702 4693 933 4749; x_wconf 78' lang='lat' dir='ltr'><strong>Maxime</strong></span> <span class='ocrx_word' id='word_1_677' title='bbox 955 4705 1107 4746; x_wconf 89' lang='lat' dir='ltr'><strong>vero.</strong></span> 
     </span>
    </p>
   </div>
   <div class='ocr_carea' id='block_1_96' title="bbox 470 4780 1965 4856">
    <p class='ocr_par' dir='ltr' id='par_1_96' title="bbox 470 4780 1965 4856">
     <span class='ocr_line' id='line_1_96' title="bbox 470 4780 1965 4856; baseline -0.006 -14"><span class='ocrx_word' id='word_1_678' title='bbox 470 4785 630 4842; x_wconf 82' lang='lat' dir='ltr'><strong>CYR.</strong></span> <span class='ocrx_word' id='word_1_679' title='bbox 655 4786 831 4856; x_wconf 87' lang='lat' dir='ltr'><strong>Atque</strong></span> <span class='ocrx_word' id='word_1_680' title='bbox 873 4784 989 4838; x_wconf 58' lang='lat' dir='ltr'><strong>hac</strong></span> <span class='ocrx_word' id='word_1_681' title='bbox 1019 4780 1244 4853; x_wconf 89' lang='lat' dir='ltr'><strong>quidem</strong></span> <span class='ocrx_word' id='word_1_682' title='bbox 1282 4783 1552 4838; x_wconf 86' lang='lat' dir='ltr'><strong>hactenus</strong></span> <span class='ocrx_word' id='word_1_683' title='bbox 1593 4780 1661 4836; x_wconf 93' lang='lat' dir='ltr'><strong>de</strong></span> <span class='ocrx_word' id='word_1_684' title='bbox 1687 4782 1857 4838; x_wconf 90' lang='lat' dir='ltr'><strong>sacris</strong></span> <span class='ocrx_word' id='word_1_685' title='bbox 1880 4782 1965 4836; x_wconf 83' lang='lat' dir='ltr'><strong>in-.</strong></span> 
     </span>
    </p>
   </div>
   <div class='ocr_carea' id='block_1_97' title="bbox 401 4873 1970 4945">
    <p class='ocr_par' dir='ltr' id='par_1_97' title="bbox 401 4873 1970 4945">
     <span class='ocr_line' id='line_1_97' title="bbox 401 4873 1970 4945; baseline -0.003 -12"><span class='ocrx_word' id='word_1_686' title='bbox 401 4877 724 4933; x_wconf 85' lang='lat' dir='ltr'><strong>strumentis</strong></span> <span class='ocrx_word' id='word_1_687' title='bbox 756 4877 959 4932; x_wconf 80' lang='lat' dir='ltr'><strong>dixisse</strong></span> <span class='ocrx_word' id='word_1_688' title='bbox 990 4873 1241 4931; x_wconf 74' lang='lat' dir='ltr'><strong>sufﬁciat.</strong></span> <span class='ocrx_word' id='word_1_689' title='bbox 1274 4876 1395 4931; x_wconf 85' lang='lat' dir='ltr'><strong>Jam</strong></span> <span class='ocrx_word' id='word_1_690' title='bbox 1425 4889 1557 4930; x_wconf 87' lang='lat' dir='ltr'><strong>vero</strong></span> <span class='ocrx_word' id='word_1_691' title='bbox 1589 4874 1765 4945; x_wconf 91' lang='lat' dir='ltr'><strong>ipsum</strong></span> <span class='ocrx_word' id='word_1_692' title='bbox 1793 4874 1970 4929; x_wconf 87' lang='lat' dir='ltr'><strong>taber-</strong></span> 
     </span>
    </p>
   </div>
   <div class='ocr_carea' id='block_1_98' title="bbox 403 4965 1971 5041">
    <p class='ocr_par' dir='ltr' id='par_1_98' title="bbox 403 4965 1971 5041">
     <span class='ocr_line' id='line_1_98' title="bbox 403 4965 1971 5041; baseline -0.004 -18"><span class='ocrx_word' id='word_1_693' title='bbox 403 4967 662 5023; x_wconf 87' lang='lat' dir='ltr'><strong>naculum</strong></span> <span class='ocrx_word' id='word_1_694' title='bbox 685 4965 961 5036; x_wconf 91' lang='lat' dir='ltr'><strong>quomodo</strong></span> <span class='ocrx_word' id='word_1_695' title='bbox 988 4966 1227 5041; x_wconf 88' lang='lat' dir='ltr'><strong>positum</strong></span> <span class='ocrx_word' id='word_1_696' title='bbox 1255 4965 1326 5019; x_wconf 79' lang='lat' dir='ltr'><strong>sit</strong></span> <span class='ocrx_word' id='word_1_697' title='bbox 1355 4973 1410 5020; x_wconf 93' lang='lat' dir='ltr'><strong>et</strong></span> <span class='ocrx_word' id='word_1_698' title='bbox 1439 4971 1799 5028; x_wconf 79' lang='lat' dir='ltr'><strong>exstructum,</strong></span> <span class='ocrx_word' id='word_1_699' title='bbox 1839 4978 1971 5017; x_wconf 88' lang='lat' dir='ltr'><strong>con-</strong></span> 
     </span>
    </p>
   </div>
   <div class='ocr_carea' id='block_1_99' title="bbox 400 5055 1970 5128">
    <p class='ocr_par' dir='ltr' id='par_1_99' title="bbox 400 5055 1970 5128">
     <span class='ocr_line' id='line_1_99' title="bbox 400 5055 1970 5128; baseline -0.002 -15"><span class='ocrx_word' id='word_1_700' title='bbox 400 5058 745 5113; x_wconf 86' lang='lat' dir='ltr'><strong>sideremus:</strong></span> <span class='ocrx_word' id='word_1_701' title='bbox 802 5058 1053 5128; x_wconf 87' lang='lat' dir='ltr'><strong>quamvis</strong></span> <span class='ocrx_word' id='word_1_702' title='bbox 1108 5066 1289 5113; x_wconf 90' lang='lat' dir='ltr'><strong>autem</strong></span> <span class='ocrx_word' id='word_1_703' title='bbox 1317 5073 1382 5111; x_wconf 89' lang='lat' dir='ltr'><strong>ea</strong></span> <span class='ocrx_word' id='word_1_704' title='bbox 1424 5072 1512 5111; x_wconf 88' lang='lat' dir='ltr'><strong>res</strong></span> <span class='ocrx_word' id='word_1_705' title='bbox 1564 5055 1846 5111; x_wconf 84' lang='lat' dir='ltr'><strong>recondita</strong></span> <span class='ocrx_word' id='word_1_706' title='bbox 1879 5055 1970 5120; x_wconf 88' lang='lat' dir='ltr'><strong>sit,</strong></span> 
     </span>
    </p>
   </div>
   <div class='ocr_carea' id='block_1_100' title="bbox 2069 4415 3641 4492">
    <p class='ocr_par' dir='ltr' id='par_1_100' title="bbox 2069 4415 3641 4492">
     <span class='ocr_line' id='line_1_100' title="bbox 2069 4415 3641 4492; baseline -0.007 -16"><span class='ocrx_word' id='word_1_707' title='bbox 2069 4422 2428 4492; x_wconf 78' lang='grc' dir='ltr'>κεκλημένοις</span> <span class='ocrx_word' id='word_1_708' title='bbox 2465 4421 2545 4485; x_wconf 75' lang='grc' dir='ltr'><strong>είς</strong></span> <span class='ocrx_word' id='word_1_709' title='bbox 2578 4415 2849 4488; x_wconf 76' lang='grc' dir='ltr'>ἁγιασμδν</span> <span class='ocrx_word' id='word_1_710' title='bbox 2890 4417 2987 4473; x_wconf 74' lang='grc' dir='ltr'><strong>καὶ</strong></span> <span class='ocrx_word' id='word_1_711' title='bbox 3021 4416 3309 4489; x_wconf 79' lang='grc' dir='ltr'>ἰσχνότητα</span> <span class='ocrx_word' id='word_1_712' title='bbox 3341 4415 3440 4487; x_wconf 79' lang='grc' dir='ltr'><strong>τὴν</strong></span> <span class='ocrx_word' id='word_1_713' title='bbox 3482 4430 3641 4467; x_wconf 83' lang='grc' dir='ltr'>πνευ-</span> 
     </span>
    </p>
   </div>
   <div class='ocr_carea' id='block_1_101' title="bbox 2074 4514 2343 4585">
    <p class='ocr_par' dir='ltr' id='par_1_101' title="bbox 2074 4514 2343 4585">
     <span class='ocr_line' id='line_1_101' title="bbox 2074 4514 2343 4585; baseline -0.019 -19"><span class='ocrx_word' id='word_1_714' title='bbox 2074 4514 2307 4585; x_wconf 78' lang='grc' dir='ltr'>ματικήν</span> <span class='ocrx_word' id='word_1_715' title='bbox 2328 4529 2343 4576; x_wconf 83' lang='grc'>;</span> 
     </span>
    </p>
   </div>
   <div class='ocr_carea' id='block_1_102' title="bbox 2142 4683 2797 4761">
    <p class='ocr_par' dir='ltr' id='par_1_102' title="bbox 2142 4683 2797 4761">
     <span class='ocr_line' id='line_1_102' title="bbox 2142 4683 2797 4761; baseline -0.003 -17"><span class='ocrx_word' id='word_1_716' title='bbox 2142 4690 2351 4744; x_wconf 66' lang='grc' dir='ltr'><strong>ΠΑᾹΛ.</strong></span> <span class='ocrx_word' id='word_1_717' title='bbox 2380 4689 2528 4743; x_wconf 83' lang='grc' dir='ltr'>Πάνυ</span> <span class='ocrx_word' id='word_1_718' title='bbox 2561 4689 2660 4761; x_wconf 75' lang='grc' dir='ltr'><strong>μὲν</strong></span> <span class='ocrx_word' id='word_1_719' title='bbox 2685 4683 2797 4744; x_wconf 79' lang='grc' dir='ltr'>οὖν.</span> 
     </span>
    </p>
   </div>
   <div class='ocr_carea' id='block_1_103' title="bbox 2135 4774 3645 4853">
    <p class='ocr_par' dir='ltr' id='par_1_103' title="bbox 2135 4774 3645 4853">
     <span class='ocr_line' id='line_1_103' title="bbox 2135 4774 3645 4853; baseline -0.008 -17"><span class='ocrx_word' id='word_1_720' title='bbox 2135 4782 2299 4837; x_wconf 77' lang='grc' dir='ltr'><strong>ΚΥΡ.</strong></span> <span class='ocrx_word' id='word_1_721' title='bbox 2335 4780 2499 4835; x_wconf 80' lang='grc' dir='ltr'>Ἀλλὰ</span> <span class='ocrx_word' id='word_1_722' title='bbox 2522 4782 2678 4836; x_wconf 80' lang='grc' dir='ltr'>ταυτὶ</span> <span class='ocrx_word' id='word_1_723' title='bbox 2709 4782 2807 4853; x_wconf 79' lang='grc' dir='ltr'>μὲν</span> <span class='ocrx_word' id='word_1_724' title='bbox 2834 4783 2913 4846; x_wconf 79' lang='grc' dir='ltr'>εἰς</span> <span class='ocrx_word' id='word_1_725' title='bbox 2951 4779 3015 4834; x_wconf 76' lang='grc' dir='ltr'>τὸ</span> <span class='ocrx_word' id='word_1_726' title='bbox 3043 4780 3216 4850; x_wconf 74' lang='grc' dir='ltr'>παρὸν</span> <span class='ocrx_word' id='word_1_727' title='bbox 3242 4775 3454 4831; x_wconf 85' lang='grc' dir='ltr'>σκευῶν</span> <span class='ocrx_word' id='word_1_728' title='bbox 3479 4774 3645 4844; x_wconf 79' lang='grc' dir='ltr'>ἱερῶν</span> 
     </span>
    </p>
   </div>
   <div class='ocr_carea' id='block_1_104' title="bbox 2065 4866 3645 4944">
    <p class='ocr_par' dir='ltr' id='par_1_104' title="bbox 2065 4866 3645 4944">
     <span class='ocr_line' id='line_1_104' title="bbox 2065 4866 3645 4944; baseline 0 -18"><span class='ocrx_word' id='word_1_729' title='bbox 2065 4872 2305 4944; x_wconf 84' lang='grc' dir='ltr'><strong>εἰρήσθω</strong></span> <span class='ocrx_word' id='word_1_730' title='bbox 2326 4872 2476 4944; x_wconf 82' lang='grc' dir='ltr'>πέρι.</span> <span class='ocrx_word' id='word_1_731' title='bbox 2502 4871 2638 4943; x_wconf 78' lang='grc' dir='ltr'>Φέρε</span> <span class='ocrx_word' id='word_1_732' title='bbox 2667 4872 2744 4939; x_wconf 79' lang='grc' dir='ltr'><strong>δὲ,</strong></span> <span class='ocrx_word' id='word_1_733' title='bbox 2773 4873 2822 4925; x_wconf 83' lang='grc' dir='ltr'>εἰ</span> <span class='ocrx_word' id='word_1_734' title='bbox 2840 4871 3005 4936; x_wconf 85' lang='grc' dir='ltr'>δοκεῖ,</span> <span class='ocrx_word' id='word_1_735' title='bbox 3038 4869 3134 4923; x_wconf 76' lang='grc' dir='ltr'>καὶ</span> <span class='ocrx_word' id='word_1_736' title='bbox 3154 4866 3321 4941; x_wconf 82' lang='grc' dir='ltr'>αὐτὴν</span> <span class='ocrx_word' id='word_1_737' title='bbox 3344 4867 3475 4937; x_wconf 78' lang='grc' dir='ltr'>ημῖν</span> <span class='ocrx_word' id='word_1_738' title='bbox 3498 4866 3645 4926; x_wconf 75' lang='grc' dir='ltr'><strong>ὅπως</strong></span> 
     </span>
    </p>
   </div>
   <div class='ocr_carea' id='block_1_105' title="bbox 2066 4951 3645 5032">
    <p class='ocr_par' dir='ltr' id='par_1_105' title="bbox 2066 4951 3645 5032">
     <span class='ocr_line' id='line_1_105' title="bbox 2066 4951 3645 5032; baseline -0.006 -20"><span class='ocrx_word' id='word_1_739' title='bbox 2066 4961 2179 5032; x_wconf 82' lang='grc' dir='ltr'>ἔχει</span> <span class='ocrx_word' id='word_1_740' title='bbox 2206 4958 2407 5025; x_wconf 82' lang='grc' dir='ltr'>θέσεώς</span> <span class='ocrx_word' id='word_1_741' title='bbox 2430 4978 2491 5014; x_wconf 87' lang='grc' dir='ltr'>τε</span> <span class='ocrx_word' id='word_1_742' title='bbox 2520 4960 2613 5014; x_wconf 75' lang='grc' dir='ltr'><strong>καὶ</strong></span> <span class='ocrx_word' id='word_1_743' title='bbox 2640 4960 2983 5031; x_wconf 83' lang='grc' dir='ltr'>κατασκευῆς</span> <span class='ocrx_word' id='word_1_744' title='bbox 3005 4953 3515 5025; x_wconf 80' lang='grc' dir='ltr'>κατασκεπτώμεθα</span> <span class='ocrx_word' id='word_1_745' title='bbox 3548 4951 3645 5023; x_wconf 81' lang='grc' dir='ltr'>τὴν</span> 
     </span>
    </p>
   </div>
   <div class='ocr_carea' id='block_1_106' title="bbox 2072 5045 3645 5124">
    <p class='ocr_par' dir='ltr' id='par_1_106' title="bbox 2072 5045 3645 5124">
     <span class='ocr_line' id='line_1_106' title="bbox 2072 5045 3645 5124; baseline -0.004 -20"><span class='ocrx_word' id='word_1_746' title='bbox 2072 5054 2297 5124; x_wconf 79' lang='grc' dir='ltr'>σκηνήν.</span> <span class='ocrx_word' id='word_1_747' title='bbox 2328 5053 2439 5107; x_wconf 71' lang='grc' dir='ltr'><strong>Καὶ</strong></span> <span class='ocrx_word' id='word_1_748' title='bbox 2465 5051 2603 5123; x_wconf 79' lang='grc' dir='ltr'>βαθὺ</span> <span class='ocrx_word' id='word_1_749' title='bbox 2636 5052 2735 5123; x_wconf 78' lang='grc' dir='ltr'>μὲν</span> <span class='ocrx_word' id='word_1_750' title='bbox 2762 5052 2822 5106; x_wconf 81' lang='grc' dir='ltr'>τὸ</span> <span class='ocrx_word' id='word_1_751' title='bbox 2851 5051 3060 5123; x_wconf 82' lang='grc' dir='ltr'>χρῆμα,</span> <span class='ocrx_word' id='word_1_752' title='bbox 3091 5049 3185 5104; x_wconf 70' lang='grc' dir='ltr'><strong>καὶ</strong></span> <span class='ocrx_word' id='word_1_753' title='bbox 3212 5047 3321 5101; x_wconf 87' lang='grc' dir='ltr'><strong>τῶν</strong></span> <span class='ocrx_word' id='word_1_754' title='bbox 3347 5046 3468 5100; x_wconf 75' lang='grc' dir='ltr'>καθ’</span> <span class='ocrx_word' id='word_1_755' title='bbox 3499 5045 3645 5117; x_wconf 75' lang='grc' dir='ltr'>ἡμᾶς</span> 
     </span>
    </p>
   </div>
   <div class='ocr_carea' id='block_1_107' title="bbox 405 5135 1954 5221">
    <p class='ocr_par' dir='ltr' id='par_1_107' title="bbox 405 5145 1954 5219">
     <span class='ocr_line' id='line_1_107' title="bbox 405 5145 1954 5219; baseline -0.006 -12"><span class='ocrx_word' id='word_1_756' title='bbox 405 5157 765 5218; x_wconf 89' lang='lat' dir='ltr'><strong>nostrumque</strong></span> <span class='ocrx_word' id='word_1_757' title='bbox 821 5149 1045 5203; x_wconf 90' lang='lat' dir='ltr'><strong>modum</strong></span> <span class='ocrx_word' id='word_1_758' title='bbox 1098 5157 1339 5219; x_wconf 89' lang='lat' dir='ltr'><strong>superet,</strong></span> <span class='ocrx_word' id='word_1_759' title='bbox 1384 5148 1519 5201; x_wconf 88' lang='lat' dir='ltr'><strong>nihil</strong></span> <span class='ocrx_word' id='word_1_760' title='bbox 1577 5155 1754 5201; x_wconf 89' lang='lat' dir='ltr'><strong>tamen</strong></span> <span class='ocrx_word' id='word_1_761' title='bbox 1805 5145 1954 5200; x_wconf 47' lang='lat' dir='ltr'><strong>oﬂieil</strong></span> 
     </span>
    </p>
   </div>
   <div class='ocr_carea' id='block_1_108' title="bbox 2057 5135 3643 5221">
    <p class='ocr_par' dir='ltr' id='par_1_108' title="bbox 2075 5135 3643 5221">
     <span class='ocr_line' id='line_1_108' title="bbox 2075 5135 3643 5221; baseline -0.007 -22"><span class='ocrx_word' id='word_1_762' title='bbox 2075 5147 2333 5200; x_wconf 77' lang='grc' dir='ltr'>ἐπέκεινα</span> <span class='ocrx_word' id='word_1_763' title='bbox 2373 5145 2616 5221; x_wconf 81' lang='grc' dir='ltr'>μέτρων,</span> <span class='ocrx_word' id='word_1_764' title='bbox 2649 5145 2844 5216; x_wconf 75' lang='grc' dir='ltr'>βλάϐος</span> <span class='ocrx_word' id='word_1_765' title='bbox 2868 5145 2925 5199; x_wconf 82' lang='grc' dir='ltr'><strong>δὲ</strong></span> <span class='ocrx_word' id='word_1_766' title='bbox 2952 5139 3104 5216; x_wconf 73' lang='grc' dir='ltr'>οἶμαι</span> <span class='ocrx_word' id='word_1_767' title='bbox 3134 5141 3194 5196; x_wconf 85' lang='grc' dir='ltr'>τδ</span> <span class='ocrx_word' id='word_1_768' title='bbox 3229 5140 3448 5212; x_wconf 80' lang='grc' dir='ltr'>σύμπαν</span> <span class='ocrx_word' id='word_1_769' title='bbox 3471 5135 3643 5202; x_wconf 69' lang='grc' dir='ltr'>οὐδὲν,</span> 
     </span>
    </p>
   </div>
   <div class='ocr_carea' id='block_1_109' title="bbox 404 5229 1954 5310">
    <p class='ocr_par' dir='ltr' id='par_1_109' title="bbox 404 5238 1954 5309">
     <span class='ocr_line' id='line_1_109' title="bbox 404 5238 1954 5309; baseline -0.004 -13"><span class='ocrx_word' id='word_1_770' title='bbox 404 5241 631 5297; x_wconf 90' lang='lat' dir='ltr'><strong>omnino</strong></span> <span class='ocrx_word' id='word_1_771' title='bbox 693 5239 989 5309; x_wconf 87' lang='lat' dir='ltr'><strong>quominus</strong></span> <span class='ocrx_word' id='word_1_772' title='bbox 1039 5239 1282 5309; x_wconf 88' lang='lat' dir='ltr'><strong>undique</strong></span> <span class='ocrx_word' id='word_1_773' title='bbox 1333 5240 1576 5294; x_wconf 86' lang='lat' dir='ltr'><strong>studiose</strong></span> <span class='ocrx_word' id='word_1_774' title='bbox 1655 5238 1954 5307; x_wconf 81' lang='lat' dir='ltr'><strong>colligamu:</strong></span> 
     </span>
    </p>
   </div>
   <div class='ocr_carea' id='block_1_110' title="bbox 2057 5229 3648 5310">
    <p class='ocr_par' dir='ltr' id='par_1_110' title="bbox 2078 5229 3648 5310">
     <span class='ocr_line' id='line_1_110' title="bbox 2078 5229 3648 5310; baseline -0.007 -18"><span class='ocrx_word' id='word_1_775' title='bbox 2078 5238 2414 5309; x_wconf 76' lang='grc' dir='ltr'>πανταχόθεν</span> <span class='ocrx_word' id='word_1_776' title='bbox 2458 5241 2604 5310; x_wconf 75' lang='grc' dir='ltr'>ἡμᾶς</span> <span class='ocrx_word' id='word_1_777' title='bbox 2647 5237 2987 5310; x_wconf 74' lang='grc' dir='ltr'>ἐρανίζεσθαι</span> <span class='ocrx_word' id='word_1_778' title='bbox 3024 5238 3197 5307; x_wconf 78' lang='grc' dir='ltr'>φιλεῖν</span> <span class='ocrx_word' id='word_1_779' title='bbox 3241 5234 3303 5287; x_wconf 79' lang='grc' dir='ltr'><strong>τὸ</strong></span> <span class='ocrx_word' id='word_1_780' title='bbox 3340 5230 3527 5286; x_wconf 82' lang='grc' dir='ltr'>τελοῦν</span> <span class='ocrx_word' id='word_1_781' title='bbox 3570 5229 3648 5292; x_wconf 80' lang='grc' dir='ltr'><strong>εις</strong></span> 
     </span>
    </p>
   </div>
   <div class='ocr_carea' id='block_1_111' title="bbox 403 5318 1954 5402">
    <p class='ocr_par' dir='ltr' id='par_1_111' title="bbox 403 5328 1954 5402">
     <span class='ocr_line' id='line_1_111' title="bbox 403 5328 1954 5402; baseline -0.003 -16"><span class='ocrx_word' id='word_1_782' title='bbox 403 5330 549 5402; x_wconf 82' lang='lat' dir='ltr'><strong>quod</strong></span> <span class='ocrx_word' id='word_1_783' title='bbox 581 5330 714 5385; x_wconf 86' lang='lat' dir='ltr'><strong>utile</strong></span> <span class='ocrx_word' id='word_1_784' title='bbox 748 5329 837 5391; x_wconf 85' lang='lat' dir='ltr'><strong>sit,</strong></span> <span class='ocrx_word' id='word_1_785' title='bbox 872 5336 927 5382; x_wconf 82' lang='lat' dir='ltr'><strong>et</strong></span> <span class='ocrx_word' id='word_1_786' title='bbox 955 5346 1017 5383; x_wconf 87' lang='lat' dir='ltr'><strong>ea</strong></span> <span class='ocrx_word' id='word_1_787' title='bbox 1059 5330 1221 5382; x_wconf 78' lang='lat' dir='ltr'><strong>etiam</strong></span> <span class='ocrx_word' id='word_1_788' title='bbox 1274 5345 1394 5398; x_wconf 69' lang='lat' dir='ltr'><strong>quae</strong></span> <span class='ocrx_word' id='word_1_789' title='bbox 1440 5329 1601 5400; x_wconf 86' lang='lat' dir='ltr'><strong>longe</strong></span> <span class='ocrx_word' id='word_1_790' title='bbox 1651 5328 1954 5382; x_wconf 75' lang='lat' dir='ltr'><strong>sublimior:</strong></span> 
     </span>
    </p>
   </div>
   <div class='ocr_carea' id='block_1_112' title="bbox 2057 5318 3647 5402">
    <p class='ocr_par' dir='ltr' id='par_1_112' title="bbox 2076 5318 3647 5399">
     <span class='ocr_line' id='line_1_112' title="bbox 2076 5318 3647 5399; baseline -0.004 -18"><span class='ocrx_word' id='word_1_791' title='bbox 2076 5329 2280 5398; x_wconf 75' lang='grc' dir='ltr'>ὄνησιν,</span> <span class='ocrx_word' id='word_1_792' title='bbox 2313 5330 2404 5384; x_wconf 74' lang='grc' dir='ltr'><strong>καὶ</strong></span> <span class='ocrx_word' id='word_1_793' title='bbox 2426 5333 2535 5393; x_wconf 76' lang='grc' dir='ltr'>τοῖς</span> <span class='ocrx_word' id='word_1_794' title='bbox 2559 5329 2695 5399; x_wconf 71' lang='grc' dir='ltr'>ἄγαν</span> <span class='ocrx_word' id='word_1_795' title='bbox 2728 5328 3143 5399; x_wconf 73' lang='grc' dir='ltr'>ὑπερκειμένοις</span> <span class='ocrx_word' id='word_1_796' title='bbox 3167 5328 3242 5390; x_wconf 81' lang='grc' dir='ltr'><strong>ὡς</strong></span> <span class='ocrx_word' id='word_1_797' title='bbox 3269 5325 3349 5379; x_wconf 78' lang='grc' dir='ltr'>ἔνι</span> <span class='ocrx_word' id='word_1_798' title='bbox 3376 5318 3647 5392; x_wconf 77' lang='grc' dir='ltr'>προσϐάλ-</span> 
     </span>
    </p>
   </div>
   <div class='ocr_carea' id='block_1_113' title="bbox 405 5419 2284 5491">
    <p class='ocr_par' dir='ltr' id='par_1_113' title="bbox 405 5419 2284 5491">
     <span class='ocr_line' id='line_1_113' title="bbox 405 5419 2284 5491; baseline -0.004 -12"><span class='ocrx_word' id='word_1_799' title='bbox 405 5430 553 5486; x_wconf 75' lang='lat' dir='ltr'><strong>Sunt,</strong></span> <span class='ocrx_word' id='word_1_800' title='bbox 580 5420 757 5491; x_wconf 84' lang='lat' dir='ltr'><strong>quoad</strong></span> <span class='ocrx_word' id='word_1_801' title='bbox 792 5436 1101 5491; x_wconf 82' lang='lat' dir='ltr'><strong>possumus,</strong></span> <span class='ocrx_word' id='word_1_802' title='bbox 1130 5420 1528 5489; x_wconf 81' lang='lat' dir='ltr'><strong>aggrediamur.</strong></span> <span class='ocrx_word' id='word_1_803' title='bbox 2078 5419 2284 5483; x_wconf 67' lang='grc' dir='ltr'>λοντας.</span> 
     </span>
    </p>
   </div>
   <div class='ocr_carea' id='block_1_114' title="bbox 490 5602 1997 5675">
    <p class='ocr_par' dir='ltr' id='par_1_114' title="bbox 490 5602 1997 5675">
     <span class='ocr_line' id='line_1_114' title="bbox 490 5602 1997 5675; baseline -0.004 -15"><span class='ocrx_word' id='word_1_804' title='bbox 490 5604 531 5637; x_wconf 77' lang='grc'><strong>⁸⁸</strong></span> <span class='ocrx_word' id='word_1_805' title='bbox 562 5605 725 5660; x_wconf 80' lang='lat' dir='ltr'><strong>Hebr.</strong></span> <span class='ocrx_word' id='word_1_806' title='bbox 753 5625 867 5675; x_wconf 75' lang='lat' dir='ltr'><strong>vui,</strong></span> <span class='ocrx_word' id='word_1_807' title='bbox 892 5608 944 5661; x_wconf 72' lang='grc' dir='ltr'><strong>Ξ.</strong></span> <span class='ocrx_word' id='word_1_808' title='bbox 1022 5608 1062 5637; x_wconf 76' lang='grc'><strong>⁸³</strong></span> <span class='ocrx_word' id='word_1_809' title='bbox 1084 5605 1240 5661; x_wconf 79' lang='lat' dir='ltr'><strong>Rom.</strong></span> <span class='ocrx_word' id='word_1_810' title='bbox 1286 5621 1376 5671; x_wconf 71' lang='lat' dir='ltr'><strong>xu,</strong></span> <span class='ocrx_word' id='word_1_811' title='bbox 1406 5605 1450 5659; x_wconf 78' lang='grc' dir='ltr'><strong>ί.</strong></span> <span class='ocrx_word' id='word_1_812' title='bbox 1534 5606 1576 5635; x_wconf 66' lang='grc'><strong>⁸³</strong></span> <span class='ocrx_word' id='word_1_813' title='bbox 1610 5605 1627 5658; x_wconf 90' lang='lat' dir='ltr'><strong>l</strong></span> <span class='ocrx_word' id='word_1_814' title='bbox 1659 5604 1780 5658; x_wconf 80' lang='lat' dir='ltr'><strong>Cor.</strong></span> <span class='ocrx_word' id='word_1_815' title='bbox 1814 5620 1883 5669; x_wconf 63' lang='grc' dir='ltr'><strong>ιι,</strong></span> <span class='ocrx_word' id='word_1_816' title='bbox 1915 5602 1997 5655; x_wconf 72' lang='grc' dir='ltr'><strong>ΞΟ.</strong></span> 
     </span>
    </p>
   </div>
  </div>
