3996 6212
327 303 437 363 6ῖὸ

395 417 603 473 ΠΔΛΛ.
636 413 710 473 Εὖ
743 416 899 488 ἔφης.

390 511 554 565 ΚΥΡ.
594 509 659 563 El
700 509 798 580 μὲν
847 502 942 563 οῦν
991 507 1166 562 ἓλοιτό
1211 526 1296 572 τις
1332 510 1473 578 άγαν
1527 510 1897 581 ίσχνομυθεῖν,

323 602 531 679 μακρὸς
556 600 625 656 ἂν
653 600 865 669 γένοιτο
898 600 993 654 καὶ
1026 600 1352 672 πολυσχιδὴς
1378 602 1407 653 6
1450 601 1534 671 ἐφ’
1563 602 1779 673 ἑκάστῳ
1813 602 1901 655 λά-

316 707 437 767 γος.
473 689 673 744 Ἰστέον
700 689 758 743 δὲ
781 690 886 753 ὃτι,
908 687 978 741 τὰ
1003 688 1100 758 μὲν
1125 687 1336 741 σκευῶν
1357 688 1451 747 καὶ
1472 687 1706 761 θεωρίας
1728 688 1899 759 ἀγχοῦ

315 781 414 835 καὶ
436 779 609 849 λόγων
638 777 757 832 ἐστὶ
803 776 1081 849 μυστικῶν
1101 818 1115 842 ,
1141 776 1211 830 τὰ
1238 777 1295 831 δὲ
1333 778 1413 840 είς
1446 777 1649 847 κόσμον
1696 795 1757 831 τε
1806 780 1899 833 καὶ

320 870 506 942 χρείαν
547 867 1012 940 έκμεμηχάνηται
1054 865 1157 940 τῆς
1197 867 1438 937 σκηνῆς’
1482 865 1771 938 ὑποτεμὼν
1818 866 1896 931 δὲ,

312 962 392 1027 ὡς
417 960 529 1028 ενι,
564 959 629 1014 τὸ
656 960 830 1032 μῆκος
850 957 946 1013 τοῦ
982 958 1145 1027 λόγου
1166 997 1181 1023 ,
1217 960 1276 1012 ὲν
1317 957 1578 1029 βραχέσιν
1624 956 1736 1030 ἐρῶ
1755 996 1772 1023 ,
1803 957 1900 1020 καὶ

314 1051 565 1107 συστελῶ
597 1038 665 1104 τὺη
703 1051 972 1122 διήγημα.
1019 1051 1167 1126 Ἔφη
1208 1049 1409 1115 τοίνυν,
1457 1051 1539 1104 ὅτι
1586 1068 1606 1102 ι
1641 1049 1750 1103 Καὶ
1799 1049 1899 1122 τὴν

312 1143 525 1217 σκηνὴν
549 1143 796 1216 ποιήσεις
824 1141 960 1207 δέκα
988 1141 1239 1208 αὐλαίας,
1266 1142 1332 1200 ὲκ
1359 1140 1558 1212 βύσσου
1583 1140 1900 1212 κεκλωσμέ-

310 1253 438 1309 νης,
463 1235 558 1289 καὶ
574 1231 829 1289 ὑακίνθου
850 1232 946 1286 καὶ
966 1231 1275 1309 πορφύρας,
1295 1232 1390 1294 καὶ
1412 1230 1668 1293 κοκκίνου
1691 1228 1899 1289 κεκλω-

311 1327 541 1399 σμένου.
570 1324 857 1398 Χερουϐὶμ
880 1325 1143 1394 ἐργασίαν
1177 1324 1412 1394 ὐφαντοῦ
1441 1324 1685 1394 ποιήσεις
1716 1322 1858 1381 αὐτά
1880 1339 1896 1355 ⁸

313 1420 495 1493 μῆκος
521 1417 619 1489 τῆς
640 1416 870 1479 αὐλαίας
892 1417 990 1487 τῆς
1017 1417 1166 1487 μιᾶς,
1189 1414 1333 1469 ὀκτὼ
1358 1415 1453 1470 καὶ
1480 1415 1651 1479 εῐκοσι
1678 1415 1894 1485 πήχεις,

307 1514 405 1577 καὶ
435 1508 594 1585 εὖρος
624 1510 907 1583 τεσσάρων
951 1510 1172 1581 πήχεων
1208 1509 1242 1580 ἠ
1280 1506 1539 1582 αὐλαίαή
1572 1505 1670 1584 μία
1707 1504 1894 1559 ἔσται·

311 1606 515 1677 μέτρον
537 1605 599 1658 τὸ
621 1602 754 1658 αὐτὸ
777 1602 930 1657 ἔσται
955 1600 1160 1664 πάσαις
1180 1600 1301 1663 ταῖς
1327 1596 1598 1662 αὐλαίαις,
1633 1596 1805 1651 Πέντε
1837 1594 1897 1658 δὲ

1032 306 1121 369 DE
1158 307 1599 371 ADORATIONE
1638 310 1706 364 1N
1743 310 2013 369 SPlRlTU
2053 316 2145 370 ΕΤ
2186 318 2555 375 VERITATE.
2603 320 2731 377 LIB.
2772 322 2865 378 1X.

986 406 995 414 ’
1933 434 1977 487 Α
2076 426 2272 483 PALL.
2310 429 2478 485 Recte
2511 432 2613 488 ais.

3475 334 3582 391 654

2071 517 2229 575 CYR.
2253 520 2352 586 Ac,
2384 521 2431 576 si
2464 524 2591 592 quis
2612 525 2729 582 haec
2752 528 2888 583 velit
2914 527 3147 583 nimium
3169 530 3449 589 subtiliter
3478 550 3581 591 ex-

2001 608 2229 678 plicare,
2254 612 2417 685 longa
2461 615 2569 669 erit
2596 632 2928 693 unaquaque
2969 618 3038 675 de
3080 634 3142 674 re
3198 636 3263 676 ac
3294 623 3585 694 multiplex

2000 698 2196 756 oratio.
2215 699 2351 762 Illud
2368 707 2549 756 tamen
2566 704 2851 762 sciendum
2865 714 2970 774 est,
2992 723 3061 763 ex
3077 707 3186 765 illis
3199 710 3586 773 instrumentis

2000 787 2250 863 quaedam
2276 793 2797 862 contemplationem
2814 797 3107 869 attingere,
3132 805 3190 853 et
3219 800 3286 854 ad
3332 802 3580 861 rationes

2000 878 2259 948 mysticas
2311 882 2610 951 pertinere,
2663 887 2911 957 quaedam
2959 903 3084 944 esse
3131 890 3200 944 ad
3227 902 3485 948 ornatum
3524 902 3584 952 et

2000 985 2163 1025 usum
2191 971 2533 1034 tabernaculi
2565 976 2855 1041 fabricata.
2884 978 3168 1036 Orationis
3218 982 3405 1054 itaque
3453 986 3591 1041 lon-.

1999 1060 2268 1132 gitudine,
2293 1065 2474 1134 quoad
2525 1066 2646 1121 ﬁeri
2692 1071 2919 1139 poterit,
2954 1070 3307 1141 circumcisa,
3337 1075 3585 1132 breviter

1999 1151 2213 1220 dicam,
2250 1156 2733 1229 narrationemque
2764 1162 3155 1237 perstringam.
3191 1164 3335 1220 Dicit
3375 1167 3580 1238 igitur:

2006 1260 2026 1293 ι
2047 1242 2116 1297 Ει
2157 1241 2326 1300 facies
2371 1247 2807 1316 tabernaculum,
2863 1252 3059 1311 decem
3093 1256 3265 1312 aulaaa
3313 1274 3384 1314 ex
3418 1260 3584 1332 bysso

2000 1339 2162 1399 torta,
2186 1343 2244 1390 et
2266 1337 2583 1408 hyacintho,
2631 1349 2690 1397 et
2717 1358 2988 1415 purpura,
3049 1353 3108 1401 et
3149 1348 3378 1404 coccino
3421 1360 3575 1412 ueto.

1996 1420 2295 1481 Cherubim
2347 1440 2514 1497 opere
2552 1437 2830 1488 textorum
2870 1432 3040 1498 facies
3096 1436 3215 1506 ipsa
3249 1455 3263 1491 :
3295 1438 3584 1511 longitudo

1999 1514 2166 1573 unius
2187 1514 2344 1575 aulaei
2371 1527 2499 1572 octo
2515 1525 2573 1574 et
2599 1520 2793 1591 viginti
2834 1523 3173 1591 cubitorum,
3195 1534 3253 1581 et
3282 1528 3581 1590 latitudine

1999 1615 2236 1677 quatuor
2258 1609 2573 1667 cubitorum
2592 1612 2701 1668 erit
2715 1614 2950 1671 aulaeum
2968 1632 3138 1675 unum
3157 1635 3171 1679 ;
3201 1619 3394 1674 eadem
3418 1637 3582 1677 men-

305 1697 534 1751 αὐλαῖαι
574 1693 789 1748 ἔσονται
833 1691 892 1760 ἐξ
921 1691 1167 1763 ἀλλήλων
1210 1689 1601 1769 συνεχόμεναι,
1634 1688 1797 1760 ἑτέρα
1828 1688 1894 1748 ἐκ

1999 1713 2130 1758 sura
2163 1700 2544 1759 eritomnibus
2580 1704 2789 1761 aulzeis.
2854 1704 3111 1778 Quinque
3164 1718 3352 1765 autem
3406 1714 3580 1769 aulaea

302 1789 407 1859 τῆς
446 1786 672 1859 ἑτέρας,
705 1785 801 1840 καὶ
828 1785 988 1838 πέντε
1017 1783 1239 1837 αὐλαῖαι
1267 1782 1481 1841 ἔσονται
1511 1782 1888 1855 συνεχόμεναι,

1994 1801 2163 1849 erunt
2193 1792 2300 1851 sibi
2346 1794 2582 1853 invicem
2616 1796 2972 1864 cohaerentia,
3010 1799 3251 1856 alterum
3275 1816 3343 1857 ex
3377 1803 3578 1871 altero,

304 1879 473 1950 ἑτέρᾳ
498 1880 566 1949 τῇ
599 1876 780 1949 ἑτέρᾳ.
821 1895 840 1928 ι
874 1874 1017 1929 Δέκα
1057 1874 1156 1945 μὲν
1179 1868 1273 1931 οὐν
1301 1873 1359 1937 al
1396 1873 1614 1928 αὐλαῖαι
1658 1874 1755 1929 καὶ
1781 1875 1886 1929 ἀλ...

301 1971 484 2041 λήλων
518 1967 689 2040 ἀπρὶξ
719 1966 965 2039 ήμμέναι
986 1981 1002 1997 ·
1051 1964 1245 2022 πολλαὶ
1279 1964 1389 2036 γὰρ
1426 1965 1587 2035 μοναὶ
1621 1964 1774 2036 παρὰ
1811 1966 1890 2039 τῷ

301 2063 487 2134 Ila.th
506 2105 522 2130 ,
546 2060 778 2119 xa‘tm'bv
811 2056 1162 2112 ἐνοικούντων
1191 2056 1379 2120 αὐταῖς
1408 2053 1490 2120 εἷς
1530 2073 1633 2111 που
1668 2057 1888 2115 πάντων

303 2155 402 2217 καὶ
434 2154 582 2218 ὅσιος
606 2155 636 2207 6
675 2152 897 2217 σκοπὸς,
927 2151 1025 2222 μία
1055 2150 1111 2205 δὲ
1145 2149 1240 2204 καὶ
1269 2150 1302 2221 ή
1333 2148 1462 2219 περὶ
1496 2148 1631 2203 θεοῦ
1661 2148 1883 2218 γνῶσις.

314 2246 407 2299 Ἐν
444 2246 556 2316 γὰρ
585 2245 776 2318 εἰρήνῃ
808 2243 1074 2316 κέκληκεν
1113 2242 1260 2312 ἡμᾶς
1288 2242 1316 2294 6
1344 2240 1496 2307 Θεὸς,
1530 2240 1673 2294 κατὰ
1701 2238 1761 2295 τὸ
1797 2257 1889 2310 γε·

302 2337 646 2412 γραμμένον.
690 2335 914 2407 Ἐκδέξῃ
945 2335 1022 2398 δὲ,
1054 2334 1103 2387 εἰ
1142 2333 1310 2398 δοκεῖ,
1350 2332 1451 2396 τὰς
1476 2332 1608 2386 δέκα
1639 2331 1888 2402 αὐλαίας,

302 2427 444 2495 εἷναί
458 2448 521 2484 τε
547 2431 707 2503 οἰήσῃ
727 2430 787 2485 τὸ
804 2429 1073 2500 πλήρωμα
1087 2427 1194 2481 τῶν
1213 2428 1292 2491 είς
1317 2424 1518 2498 κόσμον
1532 2423 1886 2497 Ἐκκλησιῶν,

300 2524 364 2578 οὐ
395 2522 811 2594 διεσπαρμένων
845 2523 927 2586 είς
951 2520 1218 2591 διχόνοιαν
1238 2560 1252 2584 ,
1282 2516 1316 2589 ἢ
1341 2518 1422 2580 είς
1450 2517 1780 2588 ἀσύμφωνον
1805 2516 1891 2571 66‘-

303 2614 403 2683 ξαν
428 2654 444 2679 ,
476 2612 592 2667 ἀλλ’
626 2612 920 2687 ἡνωμένων
966 2612 1025 2663 ἐν
1073 2607 1383 2680 πνεύματι,
1435 2608 1530 2662 καὶ
1569 2608 1732 2661 οίονεί
1769 2625 1889 2672 πως

304 2690 756 2773 συνεσφιγμένων
794 2701 872 2764 είς
905 2699 963 2754 ἓν
996 2697 1118 2752 καθ’
1154 2696 1380 2769 ἑνότητα
1423 2696 1524 2768 τὴν
1566 2698 1626 2749 ὲν
1667 2696 1890 2768 Χριστῷ

301 2795 397 2850 διὰ
427 2794 685 2858 πίστεως.
719 2789 1002 2863 Πανταχοῦ
1031 2790 1139 2861 γὰρ
1183 2789 1280 2843 καὶ
1324 2792 1382 2844 ὲν
1413 2790 1617 2854 πάσαις
1659 2784 1744 2855 εἷς
1772 2789 1889 2844 Κύ-

304 2904 445 2966 ριος,
477 2888 577 2958 μία
606 2885 806 2948 πίστις,
835 2883 893 2936 ’ἐν
921 2883 1225 2954 βάπτισμα.
1250 2881 1458 2946 Πλάτος
1478 2882 1535 2935 δὲ
1557 2881 1764 2956 ἑκάστῃ
1782 2880 1891 2935 τῶν

304 2978 549 3037 αὐλαιῶν
581 2978 780 3049 πήχεις
826 2975 1122 3051 τέσσαρες,
1163 2975 1259 3029 καὶ
1296 2973 1440 3031 ὀκτὼ
1486 2975 1579 3028 καὶ
1623 2975 1797 3028 εἴκοσι
1828 2973 1891 3027 τὸ

304 3072 504 3148 μῆκος.
545 3070 659 3123 Καὶ
690 3067 977 3140 περίεργον
1013 3065 1112 3138 μὲν
1158 3068 1252 3119 καὶ
1297 3065 1475 3141 ίσχνὸν
1524 3066 1585 3119 τὸ
1632 3068 1884 3136 αἴνιγμα,

303 3158 448 3231 πλὴν
474 3155 627 3230 οἶμαι
654 3154 987 3227 καταδηλοῦν
1023 3154 1155 3221 αὐτὸ
1190 3153 1480 3217 σκοτεινῶς
1514 3169 1575 3207 τε
1611 3155 1705 3208 καὶ
1745 3155 1887 3225 ἀμυ-

300 3250 473 3322 δρῶς,
500 3250 587 3304 ὅτι
626 3250 720 3303 καὶ
760 3251 794 3321 ὴ
826 3246 914 3302 διὰ
956 3246 1121 3318 νόμον
1152 3246 1429 3311 παίδευσις
1458 3246 1621 3317 δεκτή
1664 3263 1783 3313 πως
1829 3247 1887 3300 ἐν

316 3341 689 3412 Ἐκκλησίαις,
726 3339 1016 3409 στενοτάτη
1050 3339 1147 3409 μὲν
1171 3333 1306 3392 οὖσα
1328 3337 1415 3404 διά
1445 3354 1507 3416 γε
1536 3338 1599 3391 τὸ
1625 3339 1883 3409 ἀσυμφα-

302 3433 392 3496 vs;
415 3431 513 3486 τοῦ
543 3430 869 3503 γράμματος
888 3447 901 3462 ο
940 3428 1221 3499 προϊόντος
1250 3443 1315 3495 γε
1346 3426 1453 3498 μὴν
1478 3427 1559 3491 εις
1588 3424 1762 3497 μῆκος
1788 3425 1885 3481 τοῦ

301 3523 524 3607 χρόνου,
551 3521 704 3587 τέλος
730 3520 842 3588 ἕξει
867 3520 927 3573 τὺ
960 3519 1090 3590 περὶ
1121 3517 1356 3590 Χριστοῦ
1387 3518 1709 3597 μυστήριον,
1738 3515 1884 3571 τοῦτ’

302 3618 445 3682 ἐστι,
514 3615 613 3687 τὴν
668 3614 892 3685 ὀγδόην,
944 3613 1063 3684 ἦτοι
1117 3611 1216 3687 τὴν
1266 3612 1326 3664 ἐν
1374 3609 1536 3685 ὀγδόῃ
1586 3607 1884 3683 γενομένην

302 3707 624 3775 ἀνάστασιν.
668 3704 831 3768 Τέλος
874 3703 985 3774 γὰρ
1021 3700 1186 3773 νόμου
1229 3700 1324 3759 καὶ
1356 3696 1653 3772 προφητῶν
1682 3699 1711 3751 6
1748 3697 1883 3767 Χρι-

304 3802 450 3868 στὸς,
464 3798 602 3871 πρὸς
621 3797 681 3851 ὃν
698 3797 792 3859 καὶ
815 3797 844 3849 6
867 3796 1008 3859 θεῖος
1027 3791 1371 3864 ἀνακέκραγε
1387 3789 1571 3844 Δαδίδ·
1604 3807 1623 3842 ι
1649 3788 1884 3853 Ηλατεζα

300 3894 335 3962 ἡ
372 3889 563 3960 ἐντολή
591 3904 687 3941 σου
738 3885 960 3966 σφόδρα.
1010 3902 1028 3936 ι
1074 3882 1283 3955 Γράφει
1311 3880 1370 3935 δὲ
1412 3879 1508 3934 καὶ
1538 3879 1568 3932 6
1596 3877 1882 3941 θεσπέσιος

303 3982 538 4049 Παῦλος,
564 3983 679 4044 τοῖς
703 3980 802 4050 τὴν
830 3980 888 4037 ὲν
925 3975 1075 4047 νόμῳ
1111 3973 1368 4042 λατρείαν
1390 3970 1494 4041 τῆς
1522 3971 1603 4034 είς
1646 3967 1881 4040 Χριστὸν

302 4076 539 4137 πίστεως
580 4070 1039 4145 προτετιμηκόσι·
1096 4086 1115 4120 ι
1149 4065 1223 4120 Τὸ
1266 4063 1443 4134 στόμα
1485 4061 1642 4135 ἡμῶν
1669 4059 1880 4131 ἀνέῳγε

304 4170 442 4240 πρὸς
468 4167 636 4239 ὑμᾶς,
666 4162 963 4236 Κορίνθιοι,
989 4163 1023 4231 ἡ
1057 4157 1254 4231 καρδία
1285 4155 1442 4229 ¹ἡμῶν
1484 4154 1878 4208 πεπλάτυνται⁹

302 4260 365 4314 οὐ
394 4253 814 4329 στενοχωρεῖσθε
847 4256 907 4311 ὲν
933 4254 1099 4332 ἡμῖν,
1137 4245 1561 4327 στενοχωρεῖσθε
1587 4245 1645 4300 δὲ
1679 4247 1738 4300 ὲν
1765 4246 1880 4311 τοῖς

305 4352 639 4440 σπλάγχνοις
665 4346 839 4421 ὐμῶν.
875 4345 985 4419 Τὴν
1014 4344 1071 4399 δὲ
1099 4343 1267 4414 αὐτὴν
1301 4339 1647 4440 ἀντιμισθίαν
1681 4338 1757 4440 ῶς
1792 4338 1881 4393 τέ-

1990 1890 2065 1938 et.
2092 1883 2337 1961 quinque
2369 1886 2543 1944 aulaea
2581 1896 2749 1943 erunt
2794 1889 3132 1950 cohaerentia
3174 1892 3410 1948 alterum
3446 1895 3584 1951 alte—

1992 1974 2040 2028 ri
2065 1972 2131 2035 ⁸⁸,
2165 1993 2185 2028 ι
2223 1976 2422 2033 Decem
2451 1977 2635 2050 itaque
2668 1979 2898 2036 cortinae
2960 1991 3111 2047 sunt,
3139 1991 3196 2041 et
3224 1983 3370 2040 inter
3402 2001 3460 2041 se
3487 2000 3581 2041 ar—

1990 2064 2136 2122 ctius
2184 2074 2485 2135 consertae;
2542 2070 2731 2132 multas
2782 2084 3031 2142 namque
3083 2073 3401 2136 mansiones
3452 2081 3583 2139 sunt

1988 2157 2134 2226 apud
2163 2157 2408 2213 Patrem:
2444 2166 2502 2214 et
2536 2159 2631 2229 qui
2679 2161 2738 2215 in
2767 2160 2881 2217 illis
2930 2163 3211 2230 habitant,
3248 2181 3422 2220 unum
3453 2181 3586 2236 prov

1990 2238 2133 2301 fecto
2159 2247 2416 2303 omnibus
2441 2256 2545 2313 est,
2572 2266 2636 2306 ac
2658 2250 2813 2320 pium
2850 2254 3228 2323 prepositum,
3268 2271 3376 2311 una
3407 2256 3579 2313 etiam

1989 2333 2061 2392 de
2088 2336 2202 2391 Deo
2224 2338 2492 2409 cognitio;
2519 2338 2575 2393 in
2600 2354 2733 2409 pace
2759 2356 3002 2411 namque
3027 2343 3249 2398 vocavit
3274 2359 3376 2399 nos
3408 2345 3577 2410 Deus,

1990 2434 2054 2480 ut
2072 2426 2337 2499 scriptum
2357 2437 2443 2484 est
2463 2427 2530 2484 ⁸³.
2581 2430 2795 2486 Poteris
2819 2439 3012 2494 autem
3061 2433 3254 2488 decem
3304 2436 3500 2500 aulaea,
3531 2436 3581 2495 si

1991 2517 2189 2588 placet,
2239 2519 2511 2590 accipere,
2548 2529 2715 2593 atque
2772 2523 3091 2580 existimare
3140 2540 3412 2581 summam
3453 2543 3578 2583 esse

1991 2607 2257 2672 omnium,
2293 2623 2416 2677 qua:
2438 2609 2645 2680 ubique
2689 2620 2841 2676 sunt,
2890 2611 3291 2678 Ecclesiarum,
3323 2630 3445 2685 qua:
3477 2616 3582 2669 mi-

1990 2697 2138 2753 nime
2166 2698 2223 2753 in
2247 2698 2498 2755 diversas
2543 2701 2857 2758 sententias
2884 2709 2942 2757 et
2971 2712 3407 2775 compugnantes
3461 2706 3580 2775 opi-

1990 2789 2187 2845 niones
2211 2789 2401 2846 divisae
2426 2799 2576 2857 sunt,
2612 2792 2710 2847 sed
2762 2793 3075 2863 conjuncta:
3125 2795 3346 2864 spiritu,
3389 2802 3446 2851 et
3478 2812 3578 2866 per

1992 2881 2280 2948 unitatem,
2303 2898 2426 2950 quae
2455 2890 2541 2937 est
2573 2883 2631 2937 in
2685 2882 2908 2938 Christo
2951 2898 3051 2953 per
3104 2883 3290 2949 ﬁdem,
3323 2887 3482 2956 quasi
3520 2889 3577 2941 in

1993 2989 2163 3028 unum
2193 2977 2532 3030 constrictas:
2561 2974 2929 3044 ubiqueenim
2951 2982 3007 3029 et
3035 2976 3091 3030 in
3115 2976 3377 3032 omnibus
3432 2993 3578 3033 unus

1991 3064 2275 3131 Dominus,
2328 3081 2434 3120 una
2479 3064 2636 3129 ﬁdes,
2673 3080 2845 3143 unum
2882 3064 3154 3134 baptisma
3177 3067 3242 3121 ⁸⁸.
3298 3066 3576 3123 Uniuscu-

1994 3156 2193 3229 jusque
2216 3163 2402 3211 autem
2429 3156 2588 3211 aulaei
2612 3157 2846 3212 latitudo
2875 3165 3117 3226 quatuor
3139 3158 3452 3215 cubitorum
3470 3168 3574 3226 est,

1987 3257 2045 3303 et
2090 3247 2285 3318 viginti
2325 3255 2382 3302 et
2431 3255 2557 3303 octo
2602 3248 2927 3320 longitudo;
2957 3250 3125 3321 316
3157 3259 3215 3305 et
3265 3250 3320 3304 id
3350 3252 3576 3322 quidem

1985 3339 2216 3410 aenigma
2239 3339 2527 3409 operosius
2548 3349 2634 3395 est
2661 3348 2829 3411 atque
2872 3341 3132 3399 subtilius
3172 3359 3186 3394 :
3219 3342 3357 3398 illud
3391 3354 3577 3401 tamen

1985 3430 2219 3487 obscure
2270 3446 2335 3486 ac
2360 3431 2599 3487 latenter
2636 3448 2704 3488 eo
2728 3432 3026 3504 significari
3050 3434 3315 3500 arbitror,
3335 3436 3473 3507 legis
3492 3437 3577 3493 in-

1985 3521 2333 3577 stitutionem
2366 3521 2585 3577 admitti
2617 3523 2673 3577 in
2696 3524 2993 3597 Ecclesias,
3026 3534 3313 3596 angustam
3347 3527 3574 3597 quidem

1985 3612 2137 3671 illam
2164 3622 2391 3688 propter
2412 3614 2614 3670 littera:
2640 3595 3059 3681 obscuri’tatem,
3092 3595 3191 3673 sed
3228 3595 3481 3688 tempore
3512 3619 3570 3673 in

1984 3704 2207 3775 longum
2230 3698 2648 3776 progrediente,
2681 3691 3193 3763 ﬁnem'hahituram
3210 3708 3265 3763 in
3286 3708 3405 3779 ipso
3415 3708 3492 3765 Ch
3502 3710 3574 3765 ri-

1983 3797 2052 3858 sti
2079 3797 2358 3868 mysterio,
2383 3796 2439 3852 id
2457 3806 2563 3865 est,
2591 3806 2785 3854 octavo
2807 3797 3024 3864 die,seu
3055 3797 3113 3853 in
3140 3801 3571 3866 resurrectione,

1981 3904 2104 3961 qua:
2117 3896 2311 3945 octavo
2324 3889 2416 3944 die
2438 3890 2672 3961 contigit
2693 3908 2707 3945 :
2735 3889 2862 3947 ﬁnis
2876 3891 3082 3961 quippe
3093 3892 3229 3961 legis
3258 3907 3323 3946 ac
3338 3892 3578 3962 prophe—

1983 3986 2187 4045 tarum,
2213 3980 2472 4039 Christus
2498 3998 2513 4048 ;
2540 3980 2608 4037 ad
2633 3998 2801 4052 quem
2831 3983 3001 4037 etiam
3037 3982 3233 4037 beatus
3255 3983 3425 4037 David
3457 3984 3571 4041 cla—

1981 4072 2197 4129 mabat:
2234 4091 2253 4125 ι
2276 4072 2476 4127 Latum
2500 4072 2823 4128 mandatum
2868 4079 3023 4127 tuum
3047 4072 3217 4127 nimis
3234 4072 3299 4127 ".
3359 4092 3379 4125 ι
3417 4073 3571 4129 ειη-ίη

1980 4163 2063 4218 bit
2088 4163 2252 4218 etiam
2292 4162 2488 4218 beatus
2537 4163 2741 4219 Paulus
2788 4162 2858 4217 ad
2879 4176 2977 4217 eos
3032 4162 3128 4231 qui
3177 4164 3386 4218 cultum
3436 4164 3574 4234 legis

1980 4253 2185 4318 Christi
2205 4253 2331 4312 ﬁdei
2349 4252 2759 4325 praeferebant:
2792 4271 2810 4304 ι
2829 4251 2902 4308 Os
2923 4260 3176 4309 nostrum
3204 4263 3456 4325 apertum
3486 4262 3571 4322 est

1981 4343 2052 4401 ad
2080 4359 2201 4411 vos,
2224 4342 2536 4409 Corinthii;
2569 4357 2665 4397 cor
2688 4350 2942 4398 nostrum
2980 4343 3270 4399 dilatatum
3292 4354 3378 4400 est
3403 4365 3415 4399 :
3457 4361 3569 4403 non

304 4431 635 4521 κνοιςλέγω.
663 4436 1005 4509 Πλατύνθητε
1028 4437 1123 4491 καὶ
1146 4436 1325 4532 ὑμεῖς,
1356 4432 1431 4506 μὴ
1460 4431 1673 4532 γίνεσθε

1992 4436 2376 4510 angustiamini
2401 4436 2459 4491 in
2488 4435 2688 4502 nobis;
2737 4434 3131 4506 angustiamini
3179 4445 3364 4492 autem
3405 4438 3462 4492 in
3488 4438 3569 4491 vi-

302 4531 593 4599 ζυγοῦντες
613 4529 881 4590 ἀπίστοις.
913 4545 932 4578 ι
968 4525 1129 4605 Ὁρᾷς
1148 4525 1230 4581 ὅτι
1250 4523 1312 4577 τὸ
1331 4520 1687 4593 προσκεῖσθαι
1706 4519 1880 4574 θέλειν

1992 4530 2237 4587 secribus
2263 4529 2500 4585 vestris:
2532 4527 2784 4583 eamdem
2835 4534 3022 4585 autem
3074 4527 3343 4584 habentes
3380 4545 3565 4585 remu—

300 4627 412 4688 τοῖς
448 4624 812 4696 ἀπειθήσασιν
851 4620 1123 4684 Ἰουδαίοις
1167 4620 1262 4673 καὶ
1301 4615 1557 4672 λαλοῦσιν
1599 4616 1683 4670 ἔτι
1720 4614 1791 4670 τὰ
1821 4616 1880 4670 ὲν

303 4712 449 4787 νόμῳ
479 4714 621 4787 μετὰ
642 4716 741 4786 τὴν
768 4710 968 4777 πίστιν,
999 4706 1453 4780 στενοχωρεῖσθαι
1485 4709 1666 4773 ποιεῖ;

1986 4621 2351 4686 nerationem,
2375 4629 2636 4691 tanquam
2670 4619 2799 4674 liliis
2831 4618 2978 4684 dico,
3015 4619 3323 4674 dilatamini
3360 4629 3418 4675 et
3447 4635 3560 4675 vos.

1986 4710 2166 4767 Nolite
2184 4712 2378 4784 jugum
2404 4711 2610 4769 ducere
2634 4725 2760 4764 cum
2787 4709 3099 4766 inﬁdelibus
3128 4710 3195 4766 ⁸⁸.
3221 4731 3240 4763 ι
3270 4710 3436 4767 Vides
3458 4711 3563 4782 igi-

305 4818 395 4867 tur
433 4803 896 4880 quemadmodum
926 4802 1067 4858 velle
1123 4799 1327 4857 ludzeis
1369 4797 1673 4855 incredulis
1698 4796 1979 4865 adhaerere
2012 4810 2139 4870 post
2177 4802 2364 4867 ﬁdem,
2420 4817 2486 4859 ea
2534 4814 2658 4874 qua:
2711 4798 2767 4855 in
2807 4798 2927 4871 lege
2986 4808 3116 4859 sunt
3178 4801 3559 4885 loquentibus,

298 4906 360 4970 in
381 4906 673 4973 angustum
703 4895 972 4952 adducat?

370 4995 576 5053 HAAA.
612 4991 863 5062 Συνίημι.

368 5091 532 5146 ΚΥΡ.
581 5084 749 5149 ἰστία
780 5083 839 5136 δὲ
879 5083 1000 5145 ταῖς
1032 5079 1284 5143 αὐλαίαις
1324 5080 1389 5132 ὲκ
1421 5076 1619 5161 βύσσου
1667 5076 1877 5131 κεκλω-

304 5181 525 5253 σμένης,
564 5180 660 5236 καὶ
700 5177 958 5240 ὑακίνθου
994 5173 1087 5227 καὶ
1116 5170 1439 5244 πορφύρας,
1485 5170 1578 5223 καὶ
1619 5169 1872 5223 κοκκίνου

303 5269 700 5342 κεκλωσμένου.
760 5264 1134 5338 Παμποίκιλος
1187 5262 1295 5333 γὰρ
1339 5261 1441 5331 τῆς
1466 5259 1795 5332 Ἐκκλησίας
1846 5262 1875 5313 6

303 5363 523 5433 κόσμος.
576 5360 748 5416 Τοῦτό
797 5376 880 5419 τοι
926 5358 1022 5411 καί⁵
1060 5359 1088 5410 6
1139 5352 1425 5415 θεσπέσιος
1455 5351 1648 5421 ψάλλει
1686 5350 1870 5417 Δαόὶδ,

301 5453 392 5507 ὡδί
420 5472 495 5526 πη
520 5454 697 5524 λέγων
730 5453 856 5525 περὶ
885 5450 1076 5521 αὐτῆςο
1111 5467 1129 5499 ι
1169 5446 1422 5517 Παρέστη
1440 5446 1474 5515 ἡ
1498 5442 1781 5504 βασίλισσα
1808 5444 1872 5497 ὲκ

512 5563 607 5600 σου
659 5546 717 5599 ὲν
763 5541 1043 5615 ἱματισμῷ
1087 5537 1366 5611 διαχρύσῳ
1409 5535 1867 5609 περιϐεϐλημένη,

378 5659 422 5691 ⁸⁵
456 5659 627 5714 Exod.
681 5674 822 5713 xm.
861 5656 879 5709 Ι
915 5672 1066 5726 seqq.

319 5728 366 5761 "
400 5731 544 5801 Psal,
576 5746 715 5794 .\l.l\',
757 5729 816 5781 ll)

1174 5656 1219 5687 ³⁵
1244 5654 1263 5708 1
1288 5655 1413 5709 Cor.
1434 5670 1526 5717 vn,
1558 5652 1640 5705 l5.
1722 5651 1768 5683 ⁸⁸
1789 5650 1988 5726 Ephes.
2017 5664 2094 5723 tv,
2121 5648 2172 5704 5.

2058 4978 2257 5037 PALL.
2285 4978 2555 5050 Intelligo.

2053 5072 2211 5129 CYR.
2237 5071 2379 5128 Sunt
2399 5079 2583 5126 autem
2604 5070 2906 5127 aulaeorum
2939 5072 3060 5128 vela
3087 5086 3157 5129 ex
3203 5071 3367 5145 bysso
3391 5081 3561 5141 torta,

1979 5172 2039 5219 et
2062 5163 2379 5236 hyacintho,
2403 5170 2462 5217 et
2502 5177 2768 5232 purpura,
2802 5171 2861 5218 et
2909 5164 3134 5218 coccino
3168 5173 3318 5222 neto.
3366 5166 3563 5223 Varius

1978 5265 2064 5312 est
2087 5256 2235 5312 enim
2260 5255 2519 5311 Ecclesiae
2539 5262 2787 5313 ornatus.
2818 5255 2986 5325 quue
3027 5256 3192 5312 etiam
3232 5257 3425 5313 beatus
3455 5259 3558 5312 Da—

1980 5347 2069 5402 vid
2107 5346 2388 5417 psallendo
2437 5344 2606 5410 canit,
2639 5346 2721 5401 sic
2776 5344 2846 5407 de
2917 5345 3009 5400 illa
3060 5346 3283 5403 dicens:
3328 5347 3555 5404 «Astitit

1981 5440 2168 5511 regina
2193 5456 2224 5495 a
2247 5440 2455 5497 dextris
2490 5440 2600 5496 tuis
2631 5440 2687 5494 in
2733 5437 2935 5492 vestitu
2984 5436 3268 5501 deaurato,
3318 5437 3555 5490 circum~

1976 5532 2123 5598 data,
2152 5534 2428 5604 variegata
2454 5536 2529 5587 3’:
2565 5552 2583 5585 ι
2614 5538 2998 5587 ornamentum
3042 5536 3227 5583 autem
3275 5529 3446 5598 ipsius
3487 5544 3552 5587 ac

2286 5651 2330 5682 ⁸⁷
2360 5649 2498 5704 Psal.
2526 5661 2706 5711 cxvm,
2781 5644 2866 5704 96.
2946 5643 2992 5674 ⁸⁸
3024 5644 3070 5700 ll
3098 5643 3224 5699 Cor.
3255 5659 3331 5712 vt,
3364 5642 3484 5700 ιω
3500 5645 3547 5711 ι.
