3996 6212
466 291 570 348 035

1450 282 1506 337 S.
1547 279 1820 337 CYRILLI
1860 271 2335 332 ALEXAZiDRlNl
2374 269 2694 328 ARCHIEP.

3613 276 3718 333 666

466 370 751 476 multiplex
798 403 962 459 decor
1018 399 1271 456 Christus
1299 405 1405 460 est,
1431 396 1549 465 qui,
1609 408 1735 449 cum
1774 405 1921 446 unus
1945 403 2033 444 se-

2141 382 2551 453 πεποικιλμένη.
2595 401 2614 433 ι
2649 380 2930 476 Κόσμηεία
2970 381 3023 435 δι
3067 382 3161 436 καὶ
3184 382 3462 456 ὡραϊσμὸς
3486 387 3545 441 ὲν
3577 391 3719 461 αὐτῇ

466 498 706 555 cundum
734 504 985 550 naturam
1011 492 1104 554 sit,
1132 487 1321 559 ﬁguris
1346 494 1527 541 tamen
1560 485 1746 539 multis
1765 499 1829 538 ae
1861 481 2044 536 diver-

465 584 895 653 sisintelligitur,
912 581 1158 641 velut,ne
1170 576 1387 646 longius
1402 574 1678 636 abeam,et
1693 573 1855 644 bysso
1873 579 2038 633 torta,

462 676 609 747 quod
627 674 759 728 illud
785 689 852 728 ex
877 672 988 726 Deo
1003 668 1426 739 Patre-genitum
1445 665 1705 729 Verbum,
1729 678 1853 718 cum
1878 671 2041 716 tenue

464 769 555 830 sit,
583 775 639 821 et
669 766 1054 834 incorporeum
1087 760 1387 816 secundum
1414 767 1689 820 naturam,
1722 763 1924 809 tortum
1956 761 2041 807 est

461 856 885 928 quodammodo,
941 871 1008 908 eo
1041 852 1186 923 quod
1222 868 1346 906 cum
1397 866 1563 904 carne
1591 847 1747 917 quasi
1808 860 2036 899 conser-

464 958 579 1005 tnm
609 959 709 1005 est.
742 949 942 1019 Byssus
964 954 1048 1000 est
1076 945 1239 1011 igitur
1273 952 1444 997 torta:
1489 940 1786 1012 hyacintho
1809 944 2038 1007 praeter-

460 1059 525 1097 ea
577 1042 779 1104 simile,
817 1040 947 1109 quia
994 1053 1103 1091 non
1126 1053 1192 1089 ex
1218 1046 1387 1098 terra,
1418 1032 1516 1087 sed
1557 1046 1819 1101 superne,
1855 1044 1920 1084 ac
1967 1027 2037 1082 de

462 1133 628 1188 ctelo:
656 1148 779 1186 nam
804 1129 1099 1200 hyacintho
1131 1128 1409 1198 persimile
1434 1135 1519 1181 est
1560 1125 1665 1179 hoc
1692 1124 1949 1186 sublime,
1980 1129 2037 1176 et

461 1237 783 1292 supernum,
809 1229 865 1275 et
896 1221 1184 1275 aetherium
1214 1233 1435 1287 corpus,
1459 1216 1604 1286 quod
1623 1216 1689 1271 ad
1731 1216 1909 1285 ipsum
1937 1228 2034 1268 us-

459 1329 568 1385 que
595 1316 999 1368 lirmamentum
1033 1311 1293 1381 pertinet.
1331 1310 1401 1365 Ut
1456 1306 1786 1379 hyacinthus
1843 1305 2031 1375 igitur,

460 1408 591 1477 quia
625 1408 693 1460 de
715 1406 855 1461 caalo
887 1412 1000 1460 est:
1041 1419 1283 1474 purpura
1312 1417 1464 1463 vero,
1496 1400 1626 1470 quia
1666 1399 1890 1453 minime
1919 1412 2033 1451 ser-

461 1511 583 1557 vus,
614 1506 869 1564 tanquam
899 1494 1098 1554 factus,
1116 1492 1212 1546 sed
1246 1508 1315 1546 ex
1346 1492 1458 1545 Deo
1492 1506 1609 1552 rex,
1633 1497 1689 1543 et
1739 1489 2027 1542 universo-

463 1602 584 1641 rum
626 1587 910 1641 Dominus.
937 1585 1167 1638 Tortum
1206 1598 1375 1653 porro
1415 1580 1721 1644 coccinum,
1753 1579 1881 1649 quia
1906 1592 2030 1632 cum

378 1738 383 1747 ,
460 1687 749 1735 essetcum
776 1693 938 1732 carne
962 1686 1299 1740 consertum,
1325 1684 1387 1730 ut
1417 1674 1581 1728 modo
1598 1673 1730 1736 dixi,
1772 1680 1829 1727 et
1847 1680 2031 1725 tamen

459 1774 696 1827 vereDei
731 1772 990 1835 Verbum,
1019 1786 1178 1825 suum
1206 1768 1521 1840 sanguinem
1552 1783 1652 1836 pro
1684 1766 1844 1819 nobis
1859 1764 2028 1831 dedit;

462 1864 746 1934 sanguinis
780 1863 984 1933 quippe
1033 1862 1248 1931 signum
1277 1868 1361 1914 est
1390 1858 1693 1913 coccinum.
1729 1856 2029 1912 Cherubim

461 1962 642 2008 autem
668 1952 883 2021 depicta
911 1959 1070 2005 erant
1098 1951 1150 2003 in
1181 1948 1639 2019 pellibus;quain
1664 1962 1721 2001 re
1745 1947 2030 2016 aptissime

461 2042 689 2098 fortasse
718 2042 1078 2111 signiﬁcatur,
1095 2040 1324 2095 summis
1376 2040 1483 2094 ima
1508 2039 1822 2109 conjuncta,
1868 2037 2029 2107 317

461 2143 624 2204 atque
642 2134 964 2189 cmlestibus
1011 2134 1315 2187 virtutibus
1362 2139 1680 2186 terrestrem
1724 2130 2031 2185 Ecclesiam

364 2251 367 2254 ν
461 2241 580 2281 esse
608 2241 928 2280 connexum.
963 2226 1100 2279 Illud
1126 2235 1309 2280 autem
1356 2224 1497 2279 scitu
1536 2223 1760 2293 dignum
1791 2229 1897 2287 est,
1943 2237 2031 2276 sa-

461 2316 863 2387 pientissimum
884 2332 1104 2385 quoque
1130 2317 1308 2370 virum
1356 2314 1700 2369 Salomonem
1731 2314 1786 2367 in
1810 2313 2036 2383 parieti-

462 2406 564 2463 bus
590 2407 777 2477 templi
810 2407 1110 2463 Cherubim
1149 2407 1521 2476 insculpsisse,
1583 2414 1747 2474 atque
1778 2404 1846 2458 ad
1886 2405 2035 2459 hunc

460 2500 718 2555 eumdem
743 2500 969 2554 modum
988 2501 1239 2553 eﬁ'eetam
1262 2500 1410 2552 illam
1444 2513 1563 2552 esse
1600 2498 1797 2551 domus
1829 2495 2037 2550 descri-

459 2590 700 2660 ptionem
749 2605 869 2658 qua:
892 2588 1198 2642 Ezechielis
1237 2602 1370 2640 voce
1418 2585 1762 2655 signiﬁcatur
1805 2584 1874 2637 '°.
1922 2584 2036 2638 Au-

461 2679 682 2734 lazorum
714 2695 879 2748 porro
903 2678 1139 2749 tegmina
1172 2684 1302 2731 sunt
1325 2678 1446 2731 vela
1491 2674 1774 2745 capillacia
1803 2674 1950 2729 ansis
1981 2682 2038 2729 et

461 2772 685 2826 circulis
710 2772 1035 2825 constricta:
1063 2769 1405 2839 operimenta
1428 2778 1693 2839 praaterea
1725 2768 2035 2837 superjecta

463 2862 830 2935 hyacinthina:
875 2864 1066 2932 pelles,
1119 2869 1174 2917 et
1213 2862 1385 2931 pelles
1424 2862 1659 2916 arietum
1719 2861 2032 2924 rubricam,

463 2957 876 3028 quaaChristum
913 2955 1171 3010 Ecclesia
1197 2960 1566 3023 protectorem
1612 2951 1893 3017 indicant;
1934 2968 2034 3021 per

464 3050 819 3121 byacinthum
856 3063 1069 3112 rursus,
1128 3054 1317 3117 utpote
1349 3046 1442 3115 qui
1470 3061 1499 3100 e
1533 3046 1673 3100 coelo
1716 3044 1809 3108 sit,
1866 3059 2033 3114 supe-
2061 3068 2103 3124 ρ

406 3138 415 3147 ’
464 3143 651 3212 risque
681 3142 846 3207 locis;
877 3158 976 3211 per
1000 3142 1238 3195 colorem
1274 3146 1458 3193 autem
1489 3137 1742 3202 rubrum,
1772 3145 1832 3191 ut
1858 3136 1951 3206 qui
1978 3137 2035 3191 in

461 3249 627 3289 carne
662 3232 735 3289 sit
757 3241 941 3300 ortus;
972 3232 1093 3288 talis
1114 3240 1198 3287 est
1226 3231 1375 3287 enim
1408 3228 1813 3301 quodammodo
1856 3228 2038 3284 carnis

462 3323 632 3379 color.
676 3334 681 3341 '

532 3414 728 3469 PALL.
768 3414 972 3469 Harum
1015 3430 1199 3470 rerum
1232 3394 1746 3485 contemplationem
1793 3428 1901 3467 non
1942 3413 2042 3467 ab-

462 3504 627 3559 surde
659 3522 716 3560 se
744 3506 947 3561 habere
970 3522 1189 3561 censeo.

530 3597 688 3652 CYR.
739 3598 1018 3653 Columna:
1063 3584 1246 3653 autem
1290 3598 1588 3653 aulaeorum
1642 3599 1696 3653 in
1747 3597 2038 3652 latitudine

461 3688 683 3756 quidem
705 3688 951 3742 cubitum
968 3704 1030 3743 ac
1050 3689 1341 3743 dimidium
1362 3689 1593 3752 habent,
1621 3689 1675 3742 in
1694 3688 2039 3759 longitudine

461 3778 661 3842 denos;
708 3793 1007 3846 earumque
1038 3785 1155 3831 tum
1203 3778 1410 3847 capita,
1445 3785 1559 3832 tum
1608 3792 1837 3847 corpora
1882 3784 2041 3832 erant

461 3884 601 3924 auro
636 3885 933 3940 conspersa
954 3910 968 3932 ,
1004 3869 1257 3939 binisque
1281 3869 1535 3934 basibus,
1559 3870 1733 3939 iisque
1766 3869 2041 3939 argenteis

461 3960 858 4016 innitebantur.
905 3961 966 4016 In
1018 3961 1248 4032 singulis
1304 3976 1473 4030 porro
1523 3961 1795 4016 columnis
1847 3977 2042 4018 rursus

459 4052 714 4109 Christus
733 4053 1085 4124 intelligitur,
1120 4053 1377 4109 Ecclesia:
1417 4053 1683 4117 fulcrum,
1709 4069 1773 4109 ac
1793 4054 2042 4111 veritatis

464 4143 869 4199 ﬁrmamentum
884 4185 898 4208 ,
927 4153 989 4199 ut
1011 4144 1212 4199 Paulus
1227 4144 1305 4198 ait
1320 4144 1383 4197 ".
1408 4142 1603 4198 Omnia
1627 4160 1760 4199 vero
1779 4145 1892 4215 ipse
1911 4162 2042 4201 con-

465 4234 645 4290 ﬁrmat
682 4244 738 4289 et
776 4236 1046 4302 continet;
1076 4252 1200 4290 nam
1256 4252 1357 4307 per
1388 4251 1560 4290 unum
1601 4236 1848 4290 cubitum
1877 4244 2041 4307 atque

462 4324 752 4380 dimidium
790 4334 903 4379 tum
936 4326 1243 4396 perfectus,
1276 4326 1425 4397 quod
1463 4326 1531 4381 ad
1563 4336 1815 4381 naturam
1838 4327 2039 4381 divini-

2149 473 2452 544 πολυειδὴς,
2482 474 2511 525 6
2542 472 2772 543 Χριστὸς
2796 511 2810 532 .
2842 465 2922 535 εἷς
2950 473 3051 543 μὲν
3078 475 3220 528 κατὰ
3250 476 3411 544 φύσιν
3437 478 3717 550 ὑπάρχων,

2145 566 2430 637 αἰνίγμασι
2473 565 2531 617 δὲ
2570 563 2785 626 πολλοῖς
2827 565 2919 617 καὶ
2950 565 3221 638 διαφόροις
3250 567 3556 638 νοούμενος,
3582 565 3720 635 οἷον,

2144 658 2275 729 φέρε
2308 660 2503 720 εἰπεῖν,
2532 659 2626 710 καὶ
2650 656 2846 727 βύσσος
2872 656 3248 728 κεκλωσμένη.
3288 659 3490 728 ’ἰσχνὸς
3514 662 3619 732 γάρ
3641 662 3722 714 ὢν

2142 754 2234 803 καὶ
2264 746 2551 818 ἀσώματος
2583 748 2724 801 κατὰ
2752 746 2911 816 φύσιν
2933 750 2961 801 6
2985 748 3049 801 ὲκ
3075 748 3209 801 Θεοῦ
3241 748 3335 801 τοῦ
3373 750 3583 820 Πατρδς
3608 752 3720 804 Δό-

2140 854 2277 906 γος,
2339 841 2646 893 κέκλωσται
2693 840 2893 910 τρόπον
2940 838 3062 892 τινὰ
3111 839 3199 892 διὰ
3231 839 3332 908 τῆς
3386 841 3547 893 οἱονεὶ
3582 842 3722 913 πρὸς

2142 930 2318 1001 σάρκα
2348 932 2685 1003 συμπλοκῆς.
2727 929 2935 985 Οὐκοῦν
2974 933 3065 985 καὶ
3119 929 3314 1000 βύσσος
3338 933 3719 1003 κεκλωσμένη,

2138 1024 2232 1076 καὶ
2256 1023 2382 1093 μὴν,
2406 1024 2502 1076 καὶ
2525 1023 2600 1087 ὡς
2621 1023 2895 1086 ὑάκινθος,
2921 1025 3003 1077 ὅτι
3036 1025 3111 1093 μὴ
3139 1026 3206 1077 ὲκ
3228 1023 3354 1093 γῆς,
3377 1024 3489 1077 ἀλλ’
3512 1024 3724 1078 ἄνωθεν

2138 1113 2231 1163 καὶ
2261 1111 2321 1175 ἐξ
2361 1110 2590 1182 οὐρανοῦ
2617 1129 2631 1143 ο
2671 1111 2908 1179 ὑακίνθῳ
2936 1113 3045 1183 γάρ
3082 1129 3198 1175 πως
3241 1112 3631 1182 παρεικάξεται
3659 1113 3722 1166 τὸ

2138 1200 2270 1269 ὑψοῦ
2303 1218 2358 1254 τε
2389 1201 2483 1254 καὶ
2513 1201 2624 1255 ἄνω
2655 1202 2747 1253 καὶ
2780 1200 3018 1271 αἰθέριον
3065 1201 3255 1272 σῶμα,
3291 1201 3351 1254 τὸ
3395 1202 3488 1255 καὶ
3521 1202 3722 1273 μέχρις

2136 1292 2299 1345 αὐτοῦ
2328 1292 2512 1360 διῆκον
2540 1292 2635 1345 τοῦ
2676 1292 3072 1363 στερεὼματος.
3106 1292 3313 1346 Οὐκοῦν
3345 1293 3421 1355 ὡς
3460 1294 3722 1356 ὑάκινθος

2134 1382 2222 1435 διὰ
2253 1382 2314 1434 τὸ
2342 1383 2400 1446 ἐξ
2441 1382 2699 1455 οὒρανοῦ,
2733 1383 2987 1455 πορφύρα
3031 1383 3088 1435 δὲ
3111 1422 3124 1446 ,
3157 1384 3240 1437 ὅτι
3276 1385 3350 1455 μὴ
3388 1384 3606 1447 δοῦλος,
3642 1384 3722 1448 ὡς

2134 1473 2381 1544 γενητὸς,
2408 1474 2522 1526 ἀλλ’
2545 1477 2609 1528 ὲκ
2631 1474 2765 1527 Θεοῦ
2792 1474 3063 1545 βασιλεὺς,
3090 1475 3185 1529 καὶ
3207 1474 3314 1527 τῶν
3333 1476 3468 1528 ὅλων
3490 1474 3719 1545 Κύριος.

2132 1564 2525 1635 Κεκλωσμένον
2569 1565 2622 1618 δὲ
2660 1566 2930 1618 κόκκινονθ
2993 1568 3052 1619 ὲν
3105 1566 3392 1636 συμπλοκῇ
3443 1565 3580 1635 γὰρ.
3642 1565 3724 1629 ὡς

2134 1657 2289 1728 ἐρην,
2311 1661 2376 1729 τῇ
2401 1658 2537 1727 πρὸς
2560 1658 2737 1729 σάρκα
2762 1656 2881 1710 νοού
2891 1674 3070 1727 μενος,
3096 1656 3193 1709 καὶ
3216 1656 3475 1725 ὑπάρχων
3498 1654 3722 1726 άληθῶς

2132 1752 2161 1803 6
2188 1749 2278 1803 τοῦ
2306 1748 2441 1803 Θεοῦ
2470 1750 2662 1819 Λόγος,
2692 1750 2754 1802 τὸ
2783 1750 2913 1802 ἴδιον
2941 1743 3081 1819 αἷμα
3108 1748 3341 1802 δέδωκεν
3366 1747 3504 1819 ὑπὲρ
3532 1746 3720 1817 ἡμῶν.

2133 1841 2371 1911 Αἵματος
2399 1841 2506 1913 γὰρ
2532 1845 2777 1912 σημεῖον,
2803 1841 2862 1895 τὸ
2892 1841 3164 1894 κόκκινονσ
3189 1839 3470 1912 Χερουϐὶμ
3498 1839 3580 1901 δὲ.
3612 1839 3722 1893 τῶν

2130 1932 2356 2003 δείρεων
2384 1936 2417 2003 ἡ
2449 1933 2656 2004 γραφὴ,
2688 1933 2748 1986 τὸ
2778 1932 3048 2002 συνῆφθαι
3079 1932 3220 2003 τάχα
3246 1950 3348 1985 που
3374 1935 3488 1995 τοῖς
3509 1932 3629 1985 ἄνω
3654 1931 3722 1985 τὰ

2134 2024 2284 2077 κάτω
2302 2062 2318 2088 ,
2347 2024 2441 2076 καὶ
2470 2026 2589 2086 ταῖς
2617 2026 2674 2075 ὲν
2713 2023 2926 2094 οὐρανῷ
2952 2022 3211 2092 δυνάμεσι
3251 2021 3349 2091 τὴν
3375 2022 3467 2075 ἐπὶ
3491 2021 3594 2090 τῆς
3620 2020 3722 2090 γῆς

2146 2113 2467 2183 Ἐκκλησίαν
2494 2113 2732 2183 ἡνῶσθαι
2758 2112 2942 2165 λοιπὸν
2965 2111 3389 2183 καταδηλοῦντος
3414 2112 3509 2168 τοῦ
3540 2111 3722 2183 πράγ-

2138 2222 2303 2275 ματος
2343 2201 2403 2258 εὖ
2434 2206 2597 2276 μάλα.
2639 2205 2834 2258 Ἱστέον
2857 2204 2914 2258 δὲ
2932 2206 3013 2258 ὃτι
3039 2203 3132 2258 καὶ
3155 2204 3184 2256 6
3225 2201 3535 2271 σοφώτατος
3562 2203 3722 2257 Σολο-

2138 2296 2271 2368 μὼν,
2309 2298 2601 2367 ἐνεκόλαψε
2629 2300 2743 2361 τοῖς
2779 2297 2983 2367 τείχεσι
3029 2297 3123 2350 τοῦ
3153 2294 3280 2351 ναοῦ
3312 2297 3379 2348 τὰ
3410 2295 3719 2366 Χερουϐίμ.

2148 2389 2538 2458 Ἐκπεποίηται
2584 2389 2641 2442 δὲ
2688 2389 2779 2441 τὸν
2825 2387 2988 2441 αὐτὸν
3034 2388 3245 2441 τουτονὶ
3293 2388 3493 2459 τρόπον
3546 2388 3643 2440 καὶ
3686 2390 3719 2457 ἠ

2133 2478 2466 2543 διατύπωσις
2498 2479 2587 2532 τοῦ
2623 2479 2771 2533 οἴκου
2811 2480 2903 2533 τοῦ
2950 2480 3349 2550 σημαινομένου
3401 2479 3488 2532 διὰ
3535 2479 3720 2550 φωνῆς

2148 2570 2428 2641 ’1εζεκιήλ.
2460 2571 2809 2642 Καλύμματα
2835 2572 2891 2624 δὲ
2916 2575 3036 2635 ταῖς
3066 2571 3315 2635 αὐλαίαις
3342 2570 3555 2641 δέρρεις
3580 2612 3594 2631 ,
3626 2571 3722 2639 ἀγ-

2136 2662 2324 2726 κύλαις
2358 2680 2417 2715 τε
2449 2664 2543 2716 καὶ
2581 2665 2791 2735 κρίκοις
2837 2664 3284 2734 συνεσφιγμέναι.
3325 2663 3435 2715 Καὶ
3476 2662 3586 2732 μὴν
3629 2661 3721 2716 καὶ

2136 2755 2598 2826 ἐπικαλύμματα,
2652 2755 2900 2826 δέρματα
2957 2755 3270 2815 ῦακίνθινα.
3327 2754 3420 2806 καὶ
3470 2753 3721 2825 δέρματα

2136 2849 2328 2918 κριῶν,
2356 2850 2871 2921 ὴρυθροδανωμένα,
2896 2850 2999 2920 τῆς
3036 2849 3358 2919 Ἐκκλησίας
3384 2848 3474 2900 τὸν
3504 2865 3717 2901 σκεπα-

2140 2942 2268 3011 στὴν
2303 2941 2536 3012 Χριστὸν
2571 2941 3002 3012 ὑπεμφαίνοντα,
3051 2940 3138 2995 διὰ
3188 2941 3285 3012 μὲν
3320 2940 3416 2994 τοῦ
3459 2939 3718 2993 ὑακίνθου

2139 3035 2318 3093 πάλιν,
2354 3035 2429 3098 ὼς
2454 3035 2511 3102 ἐξ
2536 3036 2764 3106 οὐρανοῦ
2800 3036 2893 3088 καὶ
2918 3035 3143 3091 ἄνωθεν.
3173 3035 3260 3088 διὰ
3289 3034 3344 3088 δέ
3371 3052 3434 3103 γε
3460 3034 3557 3088 τοῦ
3588 3038 3717 3106 ἐρυ-

2140 3124 2270 3197 θροῦ
2300 3126 2607 3197 χρὼματος,
2644 3128 2719 3191 ὡς
2748 3127 2804 3181 ὲν
2838 3128 3002 3199 σαρκὶ
3032 3128 3273 3196 γέγονεν.
3310 3127 3587 3181 Τοιουτονὶ
3613 3126 3715 3197 γάρ

2139 3217 2255 3283 πώς
2289 3220 2405 3272 ἐστι
2444 3219 2503 3272 τὸ
2531 3220 2629 3289 τῆς
2656 3220 2856 3291 σαρκὸς
2886 3220 3100 3292 χρῶμα.

2209 3424 2415 3477 ΠΑΔΛ.
2455 3422 2568 3476 Οὐκ
2594 3422 2698 3490 ἔξω
2729 3422 2886 3492 λόγου
2919 3424 3077 3477 ταυτὶ
3106 3423 3477 3496 τεθεωρῆσθαί
3511 3442 3683 3495 φημι.

2209 3603 2371 3657 ΚΥΡ.
2416 3602 2603 3657 Στύλοι
2654 3603 2711 3656 δὲ
2764 3606 2885 3668 ταῖς
2942 3603 3214 3666 αὐλαίαις,
3266 3596 3425 3674 εὖρος
3480 3602 3586 3672 μὲν
3639 3604 3714 3665 είς

2140 3696 2318 3764 πῆχυν
2352 3696 2517 3758 ἰόντες
2548 3695 2644 3748 ἕνα
2672 3712 2730 3748 τε
2760 3696 2856 3749 καὶ
2882 3696 3075 3766 ἥμισυ.
3106 3696 3297 3765 Μῆκος
3324 3695 3382 3749 δέ
3408 3688 3471 3762 is
3505 3693 3619 3764 μὴν
3642 3695 3717 3756 είς

2139 3788 2293 3850 δέκα,
2327 3787 2570 3857 κεφαλάς
2601 3788 2699 3858 μὲν
2739 3789 2834 3842 καὶ
2876 3786 3103 3858 σώματα
3130 3785 3317 3857 χρυσῷ
3337 3785 3717 3856 διαπεπασμέο

2139 3898 2242 3942 vat,
2287 3879 2474 3950 βάσεσι
2496 3880 2551 3933 δὲ
2584 3879 2796 3943 διπλαῖς
2818 3880 2911 3933 καὶ
2937 3881 3209 3950 ἀργυραῖς
3234 3879 3712 3950 ὲπερηρεισμένοι.

2140 3973 2360 4026 Νοεῖται
2392 3973 2449 4026 δὲ
2479 3972 2638 4026 πάλιν
2679 3971 2755 4035 ὡς
2797 3973 2853 4024 έν
2882 3972 3099 4040 ἑκάστῳ
3133 3969 3307 4038 στόλῳ
3340 3969 3592 4039 Χριστὸς,
3624 3969 3717 4038 τῆς

2153 4065 2479 4134 Ἑκκλησίας
2517 4063 2578 4116 τὸ
2626 4063 2874 4133 ἔρεισμα,
2899 4062 2959 4115 τὸ
3002 4063 3099 4132 τῆς
3128 4060 3385 4130 ἀληθείας
3414 4060 3716 4129 ἑδραίωμα,

2142 4157 2283 4209 κατὰ
2312 4155 2412 4227 τὴν
2442 4154 2535 4208 τοῦ
2568 4154 2781 4209 Παύλου
2811 4155 3014 4225 φωνήν.
3055 4156 3266 4223 Ἵστησι
3294 4153 3351 4206 δὲ
3386 4153 3481 4206 καὶ
3508 4153 3718 4221 συνέχει

2139 4247 2209 4300 τὰ
2238 4248 2415 4301 πάντα
2439 4245 2621 4310 αὐτός.
2653 4245 2752 4301 Διὰ
2787 4247 2887 4317 μὲν
2920 4245 3029 4317 γὰρ
3075 4244 3170 4299 τοῦ
3217 4244 3336 4309 ἑνός
3368 4261 3430 4298 τε
3464 4245 3558 4298 καί
3586 4244 3716 4312 ἠμί-

2145 4354 2268 4402 σους
2295 4340 2538 4407 πήχεως,
2563 4336 2638 4399 ὡς
2670 4336 2873 4398 τέλειος
2893 4332 3034 4388 κατὰ
3059 4333 3220 4402 φύσιν
3249 4333 3521 4405 θεότητος.
3552 4333 3715 4395 μείων

463 4416 593 4471 tatis
610 4417 879 4487 pertinet,
904 4426 1019 4472 tum
1055 4434 1189 4472 vero
1223 4418 1429 4481 minor,
1469 4418 1527 4471 in
1560 4432 1817 4472 mensura
1845 4417 2038 4474 huma-

2143 4430 2199 4484 δὲ
2227 4426 2318 4488 αὖ.
2461 4430 2517 4481 ὲν
2549 4427 2974 4498 ἀνθρωπότητος
3017 4427 3257 4497 μέτροις,
3303 4402 3551 4496 πλαγίως
3596 4433 3718 4483 ὐπο-

460 4507 649 4563 nitatis
681 4508 902 4577 oblique
935 4507 1291 4578 signiﬁcatur.
1330 4507 1518 4575 Neque
1564 4524 1697 4562 vero
1737 4508 2039 4563 absurdum

462 4604 567 4660 est,
607 4597 653 4651 si
694 4597 944 4651 dicamus
977 4594 1438 4664 perfectissimum
1463 4595 1686 4664 quidem
1723 4611 1845 4651 esse
1878 4596 2040 4652 Chri-

461 4695 638 4751 stum,
674 4694 734 4741 ut
776 4687 834 4741 in
898 4686 1112 4755 integro
1144 4684 1351 4749 cubito,
1393 4701 1517 4740 cum
1550 4687 1696 4742 Deus
1741 4689 2041 4745 secundum

462 4786 714 4831 naturam
738 4776 838 4840 sit;
862 4772 1117 4828 eumdem
1146 4780 1327 4828 tamen
1345 4784 1406 4827 ut
1431 4774 1486 4829 in
1512 4774 1742 4832 dimidio
1765 4778 1952 4833 cubito
1973 4794 2041 4834 ex

465 4868 706 4922 humana
738 4876 937 4922 natura
956 4866 1385 4922 submissiorem.
1419 4868 1567 4922 Nihil
1596 4878 1680 4925 est
1701 4871 1848 4926 enim
1873 4870 1927 4925 in
1951 4889 2040 4928 re-

461 4958 567 5013 bus
603 4960 739 5014 ortis
786 4959 1129 5029 perfectum:
1166 4974 1330 5028 porro
1373 4960 1465 5014 ille
1514 4960 1869 5031 Unigenitus,
1915 4977 2041 5018 cum

461 5048 617 5104 dives
646 5060 823 5115 esset,
862 5066 1071 5121 pauper
1093 5050 1146 5103 in
1187 5050 1349 5105 nobis
1372 5051 1548 5108 factus
1579 5061 1691 5117 est,
1715 5069 1781 5108 ac
1827 5068 1946 5110 sese
1967 5054 2039 5110 ad

460 5143 887 5199 exinanitionem
924 5143 1144 5198 demisit
1170 5145 1234 5197 ".

531 5229 727 5285 PALL.
758 5230 837 5284 Ita
873 5240 977 5286 est.

530 5320 687 5378 CVR.
721 5320 839 5375 Non
862 5320 1028 5392 igitur
1053 5337 1270 5392 mquare
1311 5323 1515 5394 poterit
1537 5324 1836 5380 divinitatis
1860 5326 2040 5381 excel-

460 5416 684 5471 lentiam
703 5415 942 5470 humana
964 5423 1187 5479 natura;
1215 5414 1269 5469 id
1299 5416 1445 5470 enim
1461 5416 1818 5472 ﬁeriminime
1836 5428 2033 5488 potest.

461 5506 675 5576 Itaque,
730 5506 911 5577 utqui
972 5506 1146 5561 nostri
1194 5507 1391 5562 similis
1428 5507 1606 5563 factus
1648 5517 1820 5575 esset,
1873 5520 2036 5579 atque

543 5683 587 5714 ’θ
630 5683 826 5739 Ειοςιι.
861 5702 942 5750 χι,
981 5687 1067 5742 l7.
1130 5689 1171 5719 "
1203 5688 1220 5742 l
1248 5687 1384 5741 Tim.
1407 5704 1482 5751 tu,
1518 5689 1595 5745 l3.

2147 4518 2491 4589 σημαίνεται.
2526 4518 2640 4569 Οὐκ
2678 4514 2869 4587 εὔηθες
2919 4515 2975 4569 δὲ
3024 4517 3220 4580 εἰπεῖν,
3267 4516 3349 4569 ὃτι
3405 4513 3719 4572 παν-,τέλειος

2149 4611 2267 4681 μὲν,
2293 4610 2367 4673 ὡς
2398 4610 2456 4661 ἐν
2482 4607 2763 4677 ὁλοκλήρῳ
2804 4608 2967 4676 πήχει
2999 4606 3254 4677 Χριστὸς,
3284 4605 3406 4658 έπει
3453 4621 3535 4658 τοι
3580 4604 3716 4665 ,Θεσς

2150 4702 2262 4754 ἑστι
2290 4699 2430 4754 κατὰ
2465 4699 2645 4768 φύσιν.
2697 4700 2784 4760 Ὠς
2810 4698 2866 4750 δὲ
2901 4698 2958 4750 ὲν
2990 4696 3179 4766 ἡμίσει
3223 4697 3460 4767 πήχεως,
3490 4694 3714 4765 ὑφειμέ-

2148 4808 2237 4855 νος
2291 4791 2379 4844 διὰ
2421 4790 2481 4843 τὸ
2535 4788 2890 4857 ἀνθρώπινον.
2946 4788 3164 4841 Τέλειον
3215 4788 3325 4858 γὰρ
3364 4789 3424 4840 ἐν
3469 4787 3714 4857 γενητοῖς

2146 4883 2319 4937 οὐδέν.
2384 4881 2642 4944 Πλούσιος
2684 4881 2742 4934 δὲ
2789 4880 2885 4945 ὢν,
2938 4878 3281 4951 ἐπτώχευσεν
3323 4879 3380 4931 ὲν
3430 4879 3583 4951 ἡμῖν,
3626 4876 3715 4929 καὶ

2149 4974 2403 5045 καθῆκεν
2421 4973 2610 5027 ἑαυτὸν
2641 4975 2720 5038 εἰς
2750 4971 2977 5026 κένωσιν
3007 4974 3036 5026 6
3058 4970 3384 5041 Μονογενής.

2217 5232 2426 5285 nam.
2480 5229 2718 5302 Ἀληθές.

2216 5324 2375 5377 Kl‘l’.
2419 5324 2625 5377 Οὐκοῦν
2655 5326 2754 5378 οὐκ
2795 5325 3134 5394 ίσοστατήσει
3164 5325 3283 5387 ταῖς
3333 5321 3433 5392 τῆς
3468 5321 3713 5390 θεότητος

2144 5417 2439 5487 ὑπεροχαῖς
2468 5415 2525 5469 τὸ
2570 5415 2931 5487 ἀνθρώπινον·
2963 5412 3156 5468 πολλοῦ
3213 5430 3275 5482 γε
3323 5414 3416 5466 καὶ
3465 5411 3565 5465 δεῖ.
3599 5411 3712 5463 To:-

2144 5511 2334 5578 γάρτοι
2358 5508 2449 5560 καὶ
2483 5508 2738 5581 ἔφασκεν,
2774 5508 2847 5571 ὡς
2873 5507 2993 5562 καθ’
3013 5507 3161 5577 ἡμᾶς
3183 5502 3420 5573 γεγονὼς
3453 5503 3548 5556 καὶ
3572 5499 3714 5556 νοού-

1682 5689 1724 5719 ⁹²
1762 5688 1802 5743 ll
1823 5690 2080 5755 Conrm,
2119 5689 2174 5746 9.
