3996 6212
308 349 414 406 δ’ῖ7

1051 351 1139 407 DE
1177 352 1622 411 ADORATIONE
1665 355 1734 410 IN
1771 356 1883 412 SPII

1991 359 2044 414 'U
2084 361 2174 416 ΕΤ
2215 363 2588 422 V'ERITATE.
2631 365 2764 424 LIB.
2805 363 2898 420 IX.

3461 368 3564 422 ρετ

313 479 502 538 μενος*
530 483 550 518 ι
589 464 648 520 '0
681 465 872 537 Πατήρ
917 483 1018 538 μου
1061 466 1260 537 μείζων
1321 486 1420 538 μου
1469 471 1604 533 ἐστὶ,
1635 490 1652 521 ι
1693 471 1874 524 καίτοι

1991 477 2148 531 etiam
2199 477 2636 551 intelligeretur,
2672 479 2891 534 dicebat
2928 495 2942 533 :
2989 497 3008 530 ι
3047 479 3208 536 Pater
3265 478 3439 552 major
3476 495 3563 534 me

308 557 444 612 κατὰ
476 554 638 626 φύσιν
673 556 942 628 θεότητος,
979 558 1281 630 ίσομέτρως
1319 561 1476 630 ἔχων,
1526 563 1618 616 καὶ
1651 564 1751 634 τῆς
1784 562 1876 616 τοῦ

305 649 556 710 τεκόντος
609 648 883 720 ὑπεροχῆς
924 651 1023 719 οὐχ
1075 650 1407 722 ἡττώμενος.
1470 653 1662 722 Μῆκος
1713 655 1770 708 δὲ
1801 655 1878 724 τῷ

307 739 462 810 ξύλῳ,
496 739 799 810 δεκάπηχυ.
831 741 1148 805 Παντέλειος
1171 742 1280 814 γὰρ
1305 743 1381 807 ὡς
1406 745 1463 798 έν
1493 744 1751 814 ύψὼμασι
1783 747 1878 816 τῆς

305 831 576 900 θεότητος,
610 833 639 883 ὁ
693 833 946 902 Χριστός.
989 833 1336 905 Τελειότητος
1369 835 1424 889 δὲ
1468 841 1710 907 σημεῖον,
1743 840 1772 892 ὁ
1799 841 1879 902 εἰς

301 921 430 974 δέκα
482 921 694 992 τρέχων
739 921 972 992 ἀριθμὸς
1013 925 1166 995 παρὰ
1193 941 1256 993 γε
1287 928 1352 997 τῇ
1387 925 1506 998 θείᾳ
1545 927 1878 998 λαμϐάνεται

308 1013 525 1084 Γραφῇ.
579 1015 767 1084 Χρυσῆ
819 1013 874 1066 δὲ
923 1014 1000 1085 τῷ
1051 1015 1460 1088 ξύλῳικεφαλὴ,
1495 1021 1588 1072 καὶ
1633 1019 1738 1091 μὴν
1785 1020 1879 1074 καὶ

303 1100 462 1170 σῶμα
497 1102 751 1172 χρυσοῦν.
779 1101 996 1168 Φύσεώς
1030 1121 1094 1173 γε
1133 1105 1238 1176 μὴν
1266 1107 1365 1178 τῆς
1417 1108 1679 1161 ἀνωτάτω
1709 1127 1878 1162 κατα-

302 1191 526 1244 πλουτεῖ
559 1193 650 1244 τὸν
689 1194 1012 1265 ὲναυλισμὺν
1044 1196 1073 1248 δ
1109 1198 1173 1248 ὲκ
1207 1197 1486 1267 Παρθένου
1537 1199 1682 1263 ναός.
1728 1201 1878 1271 Σύμ-

303 1284 456 1337 6ολυν
493 1284 550 1338 δὲ
603 1284 875 1353 θεότητος,
931 1288 959 1338 ὁ
1005 1287 1227 1357 χρυσὸς.
1287 1289 1561 1361 ὑπεροχὴν
1621 1291 1758 1361 ἔχων
1779 1292 1878 1361 τήν

302 1373 446 1426 κατὰ
480 1374 716 1436 πάντων,
747 1375 821 1439 ὡς
855 1378 911 1429 ὲν
955 1375 1086 1446 ὕλης
1131 1379 1292 1448 τυχὸν
1321 1380 1422 1449 τῆς
1453 1381 1665 1434 τοιᾶσδε
1708 1380 1874 1453 λόγῳ.

315 1463 407 1530 Ἐξ
436 1464 676 1536 ἀργύρου
723 1465 782 1519 δὲ
830 1467 924 1518 καὶ
956 1467 1020 1520 ὲκ
1057 1467 1256 1540 δυοϊνή
1292 1469 1468 1540 βάσις.
1523 1473 1792 1544 Λαμπρδς
1821 1472 1878 1526 δὲ

302 1557 396 1610 καὶ
427 1557 694 1625 διαφανὴς
740 1559 797 1610 ὲν
843 1560 913 1628 γῇ
965 1559 994 1610 ὁ
1028 1559 1282 1629 Χριστὸς,
1315 1563 1456 1616 κατά
1473 1578 1536 1628 γε
1579 1561 1660 1625 τὸ,
1695 1581 1712 1615 ι
1743 1564 1878 1628 Θεὸς

303 1646 528 1716 Κύριος,
559 1647 650 1699 καὶ
681 1647 945 1714 ὲπέφανεν
995 1649 1125 1718 ἡμῖν
1147 1665 1164 1681 ο
1188 1668 1207 1700 ι
1247 1650 1340 1702 καὶ
1379 1653 1540 1704 οἱονεὶ
1575 1652 1739 1720 διφυᾶ
1779 1653 1878 1724 τὴν

308 1737 511 1812 γνῶσιν
557 1737 690 1806 ἔχει’
737 1740 936 1791 νοεῖται
970 1740 1080 1810 γὰρ
1119 1740 1174 1791 ἐν
1200 1740 1349 1810 αὐτῷ
1383 1741 1514 1804 Θεός
1559 1759 1616 1796 τε
1653 1742 1745 1794 καὶ
1782 1744 1877 1798 ἇν-

1979 576 2063 621 est
2094 567 2174 635 ";
2209 589 2226 614 ι
2267 583 2391 624 cum
2427 581 2610 625 tamen
2655 586 2723 626 ex
2761 579 2958 626 natura
2994 569 3300 628 divinitatis
3343 573 3570 642 aqualis

1980 659 2072 723 sit,
2094 666 2150 714 et
2172 659 2345 714 nihilo
2367 660 2599 716 inferior
2613 662 2937 717 excellentia
2949 661 3244 718 Genitoris.
3261 663 3568 734 Longitudo

1978 765 2112 804 vero
2133 751 2402 806 columna
2425 753 2614 808 decem
2637 753 2952 808 cubitorum
2975 763 3124 820 erat;
3141 763 3226 810 est
3247 756 3393 811 enim
3411 755 3572 812 Chri-

1979 847 2125 904 stus,
2157 841 2304 910 quod
2363 843 2428 898 ad
2476 843 2782 901 divinitatis
2829 845 3235 920 sublimitatem
3294 847 3564 916 pertinet.

1978 933 2442 1002 perfectissimus;
2488 949 2654 1004 porro
2697 935 2752 988 in
2780 934 2983 988 divinis
3032 935 3260 991 Litteris
3303 935 3570 991 denarius

1978 1041 2244 1081 numerus
2271 1025 2666 1096 perfectionem
2697 1027 2987 1098 signiﬁcat.
3023 1030 3267 1083 Aureum
3296 1037 3380 1084 est
3423 1044 3568 1098 pra—

1978 1126 2128 1179 ter-ea
2157 1118 2425 1172 columna
2455 1125 2650 1187 caput,
2684 1126 2742 1173 et
2777 1117 2912 1172 item
2944 1133 3181 1190 corpus;
3212 1127 3296 1174 est
3325 1118 3457 1174 illud
3483 1118 3569 1172 vi-

1979 1207 2165 1263 cissim
2207 1207 2275 1262 de
2316 1209 2540 1280 Virgine
2581 1210 2848 1279 templum
2892 1225 3122 1264 summa
3163 1209 3312 1264 illius
3355 1219 3568 1266 natura

1979 1295 2376 1352 inhabitatioue
2429 1297 2700 1368 pradives
2739 1316 2752 1352 :
2785 1299 2952 1370 318
2997 1298 3300 1353 divinitatis
3367 1299 3568 1368 quippe

1978 1388 2284 1459 symbolum
2331 1397 2417 1443 est
2462 1405 2695 1454 aurum,
2742 1405 2867 1445 cum
2911 1389 3170 1443 omnibus
3215 1397 3464 1458 prastet,
3522 1388 3570 1444 si

1977 1478 2185 1532 metalli
2227 1478 2496 1532 rationem
2527 1479 2861 1534 consideres.
2903 1479 3057 1534 Basis
3095 1487 3360 1549 praterea
3387 1495 3455 1534 ex
3484 1494 3572 1534 ar-

1978 1577 2142 1642 gento
2163 1610 2178 1634 ,
2207 1585 2271 1624 ac
2312 1570 2530 1626 duobus
2553 1579 2800 1636 constat;
2831 1569 3083 1640 splendet
3115 1569 3244 1622 item
3274 1569 3326 1622 in
3359 1569 3521 1624 terris
3551 1608 3568 1634 ,

1977 1668 2033 1714 et
2055 1659 2285 1714 illustris
2307 1669 2388 1714 est
2413 1659 2702 1726 Christus;
2731 1659 2876 1714 unde
2912 1659 3046 1713 illud
3089 1666 3175 1713 est
3204 1675 3216 1711 :
3253 1677 3270 1709 ι
3294 1659 3439 1712 Deus
3459 1659 3570 1713 Do-

1978 1751 2162 1806 minus
2187 1791 2202 1815 ,
2234 1758 2290 1805 et
2323 1749 2502 1804 illuxit
2529 1749 2689 1804 nobis
2711 1750 2782 1816 ";
2817 1769 2836 1801 ι
2869 1749 3198 1820 geminaque
3223 1756 3308 1802 est
3329 1751 3448 1820 ejus
3473 1763 3569 1804 co-

303 1807 543 1900 θρωπος.
577 1829 738 1881 Τουτὶ
785 1829 912 1899 γὰρ,
947 1807 1122 1900 οἶμαι,
1155 1829 1292 1896 ἔστι,
1322 1807 1413 1885 -τὸ
1461 1832 1656 1905 διπλῆν
1689 1833 1877 1906 ὥσπερ

1991 1841 2186 1916 gnitio,
2223 1850 2522 1911 utrumque
2547 1841 2696 1896 enim
2734 1841 2790 1895 in
2821 1857 2888 1895 eo
2914 1841 3062 1895 Deus
3099 1848 3155 1894 et
3179 1839 3345 1894 homo
3369 1839 3572 1894 intelli-

300 1919 450 1995 ἔχειν
479 1919 572 1973 καὶ
595 1918 656 1983 ἐξ
675 1918 916 1992 ἀργύρου
946 1918 1044 1992 τὴν
1069 1919 1248 1990 βάσιν.

376 2098 587 2152 ΠΑΛΛ.
629 2095 882 2160 Είκάζεις
913 2095 1106 2167 ὀρθῶς.

380 2191 540 2242 ΚΥΡ.
583 2189 691 2250 Θέα
712 2207 774 2258 γε
809 2189 914 2260 μὴν
942 2190 1136 2256 ἐκεῖνο,
1165 2183 1210 2242 ὦ
1240 2189 1359 2244 τᾶν.

373 2283 584 2342 ΠᾹΛΔ.
627 2282 697 2334 "0
728 2299 778 2334 τι
805 2283 906 2351 δή;

375 2375 540 2428 ΚΥΡ.
582 2375 674 2438 Εἰς
725 2373 949 2436 αὐλαίας
997 2373 1106 2445 γὰρ
1163 2373 1294 2426 δέκα
1345 2373 1729 2446 προστεταχὼς
1753 2376 1884 2447 ὃλην

303 2464 640 2518 ἐκτείνεσθαι
695 2465 796 2536 τὴν
849 2464 1090 2536 σκηνήν,
1143 2465 1385 2534 ἐπιλέγει
1445 2466 1673 2536 μεταξύ’
1728 2469 1881 2524 «Καὶ

305 2559 553 2624 ποιήσεις
599 2557 809 2629 δέρῥεις
837 2556 1101 2628 τριχίνας,
1135 2557 1344 2628 σκέπην
1389 2559 1481 2612 ἐπὶ
1526 2559 1624 2632 τῆς
1651 2561 1878 2632 σκηνῆς

301 2649 498 2703 ἕνδεκα
525 2651 770 2719 ποιήσεις
791 2649 959 2712 αὑτὰς
982 2649 1213 2720 δέῤῥεις,
1241 2648 1302 2702 τὸ
1324 2648 1498 2720 μῆκος
1531 2631 1634 2722 τῆξ
1646 2652 1882 2724 δέρῤεως

302 2741 403 2812 τῆς
432 2743 559 2811 μιᾶς
601 2741 753 2794 ἔσται
799 2743 1088 2814 τριάκοντα
1151 2743 1387 2812 πήχεων,
1451 2743 1548 2796 καὶ
1602 2747 1882 2816 τεσσάρων

302 2833 525 2904 πήχεων
572 2833 633 2886 τὸ
683 2830 840 2907 εὖρος
885 2835 982 2904 τῆς
1013 2835 1246 2905 δέρῤεως
1285 2837 1382 2907 τῆς
1443 2840 1606 2909 μιᾶς’
1657 2841 1718 2894 τδ
1752 2843 1883 2897 αὐτὸ

305 2926 484 3000 μῆκος
516 2926 609 2978 ἐπὶ
661 2929 779 2990 ταῖς
807 2927 999 2981 ἕνδεκα
1032 2929 1268 3000 δέρρεσι.
1323 2930 1432 2984 Καὶ
1479 2933 1735 3003 συνάψεις
1784 2937 1882 3000 τὰς

303 3018 466 3072 πέντε
495 3019 708 3091 δέρρεις
741 3021 834 3072 ἐπὶ
858 3020 921 3074 τὸ
949 3022 1100 3086 αὐτὸ,
1129 3023 1224 3076 καὶ
1249 3022 1346 3087 τὰς
1373 3023 1431 3090 ἒξ
1457 3025 1673 3098 δέρρεις
1703 3031 1796 3082 ὲπί
1822 3031 1884 3084 τὸ

1982 1934 2148 2004 gitur.
2189 1932 2306 1987 Hoc
2334 1932 2480 1986 enim
2515 1939 2630 1996 est,
2666 1939 2728 1985 ut
2769 1931 2994 2000 opinor,
3027 1929 3304 2002 duplicem
3363 1929 3570 1986 habere

1982 2024 2220 2096 quodam
2247 2023 2409 2079 modo
2435 2031 2490 2078 et
2520 2032 2834 2092 argenteam
2860 2021 3057 2077 basim.

2053 2116 2252 2172 PALL.
2277 2116 2450 2170 Recte
2473 2115 2720 2184 conjicis.

2055 2208 2212 2263 (ΠΒ.
2236 2207 2374 2262 illud
2419 2217 2598 2261 tamen
2631 2205 3038 2260 animadvertas
3068 2204 3252 2260 velim.

2055 2299 2254 2355 PALL.
2283 2298 2425 2366 Quid
2461 2297 2607 2352 istud
2648 2297 2904 2352 tandem?

2056 2392 2213 2449 CYR.
2233 2393 2398 2458 Nam,
2427 2406 2552 2446 cum
2592 2389 2658 2444 ad
2701 2389 2892 2444 decem
2920 2387 3089 2442 aulaea
3117 2393 3287 2440 totum
3310 2385 3571 2441 taberna-

1983 2484 2168 2540 culum
2194 2483 2398 2554 porrigi
2438 2481 2694 2552 jussissct
2712 2520 2727 2542 ,
2756 2479 2873 2534 hac
2905 2477 3206 2548 interponit
3225 2476 3421 2532 verba:
3457 2495 3475 2526 ι
3503 2474 3572 2530 Et

1982 2577 2151 2632 facies
2187 2575 2308 2630 vela
2348 2574 2626 2644 capillacia
2661 2577 3034 2642 tegumentum
3059 2584 3226 2639 super
3247 2567 3564 2622 tabernacu-

1983 2669 2132 2722 lum:
2163 2665 2416 2721 undecim
2442 2665 2608 2720 facies
2640 2665 2755 2734 ipsa
2779 2664 2927 2727 vela,
2953 2659 3238 2731 longitudo
3262 2659 3427 2714 unius
3462 2655 3568 2711 veli

1983 2762 2092 2816 erit
2122 2760 2348 2831 triginta
2373 2759 2686 2812 cubitorum
2707 2799 2721 2820 ,
2746 2765 2802 2812 et
2829 2761 3068 2826 quatuor
3101 2753 3416 2808 cubitorum
3440 2750 3568 2804 latic-

1986 2849 2120 2905 tudo
2140 2848 2246 2904 veli
2269 2847 2433 2902 unius
2457 2847 2675 2901 :eadem
2701 2843 2986 2916 longitudo
3007 2843 3111 2897 erit
3129 2841 3264 2899 velis
3282 2839 3560 2894 undecim.

1985 2941 2053 2996 Et
2083 2941 2380 3010 conjunges
2403 2937 2649 3007 quinque
2687 2935 2807 2989 vela
2845 2934 2991 2988 inter
3020 2948 3107 2996 se,
3154 2940 3209 2988 et
3234 2946 3328 2988 sex
3355 2929 3473 2984 vela
3507 2928 3565 2983 in

1985 3029 2226 3099 idipsum
2251 3044 2265 3092 ;
2296 3035 2353 3080 et
2373 3024 2684 3096 duplicabis
2700 3024 2880 3080 velum
2904 3030 3116 3076 sextum
3145 3021 3198 3075 in
3226 3019 3362 3074 facie
3391 3017 3566 3075 taber-

302 3111 458 3173 αὐτὸ,
494 3113 588 3164 καὶ
619 3113 998 3178 ὲπιδιπλώσεις
1045 3113 1142 3186 τὴν
1189 3114 1372 3187 δέρῤιν
1422 3117 1520 3188 τὴν
1553 3119 1718 3192 ἕκτην
1745 3122 1883 3176 κατὰ

1991 3120 2203 3186 naculi;
2232 3127 2289 3174 et
2320 3117 2490 3171 facies
2537 3129 2700 3170 ansas
2749 3112 3144 3183 quinquaginta
3205 3110 3259 3164 in
3312 3124 3408 3164 ora
3462 3107 3568 3164 veli

305 3203 598 3274 πρόσωπον
622 3205 722 3274 τῆς
749 3207 972 3277 σκηνῆς⁸
1017 3207 1108 3261 καὶ
1139 3209 1385 3275 ποιήσεις
1415 3211 1658 3279 ἀγκύλας
1690 3216 1881 3285 πεντή-

304 3310 472 3350 κοντα
523 3293 616 3347 ἐπὶ
665 3295 756 3348 τοῦ
798 3296 1008 3366 χείλους
1051 3297 1150 3365 τῆς
1199 3296 1436 3369 δέῤῥεως
1465 3301 1565 3369 τῆς
1600 3305 1751 3371 μιᾶς,
1776 3303 1878 3372 τῆς

303 3384 408 3436 ἀνα
435 3385 596 3452 μέσον
643 3383 782 3438 κατὰ
805 3384 902 3454 τὴν
933 3385 1246 3466 συμϐολήν⁸
1265 3387 1375 3440 Καὶ
1415 3391 1749 3458 πεντήκοντα
1773 3392 1875 3460 ἀγ-

305 3475 477 3538 κύλας
513 3477 756 3545 ποιήσεις
797 3477 890 3528 ἐπὶ
941 3476 1035 3530 τοῦ
1091 3477 1302 3548 χείλους
1367 3479 1467 3550 τῆς
1514 3481 1752 3552 δέῤῥεως
1781 3484 1881 3552 τῆς

307 3568 691 3638 συναπτούσης
725 3570 820 3639 τῆς
854 3569 1134 3640 δευτέρας.
1160 3589 1177 3622 ι
1207 3571 1271 3625 Τί
1305 3571 1367 3624 τὸ
1396 3573 1582 3643 χρῆμα
1607 3574 1813 3636 λοιπὸν,
1837 3571 1883 3630 ὧ

308 3659 594 3724 Παλλάδιε;
609 3660 738 3713 δέκα
766 3661 864 3732 μὲν
886 3661 995 3732 γὰρ
1010 3663 1212 3730 ἐγείρει
1233 3663 1330 3727 τὰς
1346 3664 1590 3729 αὐλαίας.
1614 3663 1742 3721 Εἶτα
1768 3670 1884 3732 πῶς

307 3749 410 3802 οὐκ
447 3750 720 3820 ίσάριθμοι
751 3751 974 3814 ταύταις
999 3753 1054 3804 ai
1084 3752 1320 3824 δέρρεις,
1349 3756 1654 3824 περιττεύει
1679 3759 1735 3812 δὲ
1770 3761 1889 3830 μία,

1985 3211 2168 3269 unius,
2224 3207 2374 3278 quod
2411 3213 2496 3260 est
2540 3203 2927 3258 intermedium
2971 3202 3024 3256 iu
3057 3198 3458 3254 commissura:
3515 3205 3572 3252 et

1985 3297 2382 3371 quinquaginta
2405 3309 2567 3348 ansas
2621 3293 2790 3346 facies
2852 3292 2905 3344 in
2945 3307 3042 3344 ora
3065 3290 3174 3344 veli
3229 3287 3570 3341 coharcntis

1985 3389 2214 3446 secundi
2237 3389 2284 3420 ³⁸
2310 3429 2322 3441 .
2359 3406 2377 3438 ι
2405 3385 2677 3453 Quidnam
2701 3381 2912 3438 esthoc
2933 3423 2947 3447 ,
2987 3381 3232 3436 Palladi?
3259 3396 3384 3436 nam
3402 3421 3416 3444 ,
3443 3395 3568 3434 cum

1988 3482 2176 3538 decem
2214 3480 2384 3535 aulaa
2406 3479 2616 3548 erigat,
2646 3491 2767 3546 qua
2798 3489 2960 3528 causa
2999 3482 3083 3528 est
3127 3488 3227 3526 cur
3278 3487 3390 3526 non
3435 3470 3567 3524 toti-

1990 3575 2114 3628 dem
2157 3572 2269 3627 sint
2311 3570 2485 3638 ‘vela,
2542 3567 2636 3622 sed
2681 3581 2852 3620 unum
2903 3563 3235 3635 superfluat,
3299 3563 3568 3617 nimirum

1991 3663 2393 3721 undecimum?
2438 3660 2751 3732 Conjunges
2815 3658 3000 3722 enim,
3058 3657 3272 3727 inquit,
3328 3655 3570 3726 quinque

2001 3760 2121 3814 vela
2151 3758 2298 3813 inter
2330 3771 2389 3812 se
2409 3795 2424 3819 ,
2448 3763 2505 3809 et
2530 3769 2627 3809 sex
2653 3752 2774 3808 vela
2813 3751 2958 3806 inter
2978 3766 3056 3806 se.

306 3840 453 3898 τοῦτ’
477 3841 638 3894 ἔστιν.
675 3843 706 3913 ἡ
735 3843 1026 3914 ἑνδεκάτης
1063 3843 1325 3914 Συνὰψεις
1349 3847 1476 3919 γὰρ,
1510 3850 1692 3920 φησιν,
1725 3852 1824 3918 τὰς
1849 3855 2008 3910 πέντε
2029 3853 2242 3922 δέῥρεις
2273 3847 2365 3902 ἐπὶ
2391 3847 2452 3900 τὸ
2479 3845 2630 3909 αὐτὸ,
2666 3843 2871 3908 καὶτὰς
2893 3841 2953 3909 ἒξ
2979 3843 3188 3915 δέρῤεις
3218 3841 3310 3896 ἐπὶ
3337 3839 3398 3894 τὸ
3416 3838 3571 3894 αὑτό.

377 3935 586 3988 ΠΛΛΛ.
629 3935 742 3987 Οὐκ
774 3934 880 4005 ἔχω
911 3936 1136 4008 φράσαι.

387 4026 548 4078 ΚΥΡ.
602 4025 741 4078 ’Δλλ⁹
766 4026 802 4096 ἦ
839 4044 904 4096 γε
939 4027 1086 4092 θέσις
1119 4032 1377 4102 σαφηνιεῖ
1403 4031 1464 4086 τὸ
1493 4031 1846 4108 ζητούμενον.

385 4205 590 4262 ΠΑΛΛ.
629 4205 752 4269 Πῶς
790 4204 924 4275 ἔφης
943 4223 958 4273 ς

384 4299 546 4356 ΚΥΡ.
589 4301 758 4354 Πέντε
790 4301 886 4372 μὲν
911 4301 1018 4374 γὰρ
1043 4303 1273 4368 αὐλαίας
1307 4304 1563 4374 ἀλλήλαις
1597 4325 1889 4378 συνεσφιγ-

2059 3942 2258 4000 PALL.
2283 3941 2398 4010 Ego
2431 3954 2564 3993 vero
2592 3937 2720 4008 quid
2753 3935 2930 3990 dicam
2951 3975 2966 3999 ,
2995 3950 3104 3988 non
3127 3933 3322 3986 habeo.

2062 4031 2219 4088 (ΝΒ.
2275 4027 2442 4106 Atqui
2489 4027 2608 4098 ipsa
2665 4025 2953 4080 collocatio
3001 4022 3352 4094 perspicuum
3407 4019 3572 4076 faciet

1995 4124 2142 4196 quod
2165 4122 2453 4192 quaritur.

2062 4216 2260 4272 PALL.
2289 4214 2409 4282 Quo
2432 4211 2653 4267 tandem
2680 4210 2877 4267 modo?

2061 4307 2218 4364 CYR.
2265 4305 2401 4360 Nam
2439 4303 2682 4374 quinque
2716 4303 2914 4367 aulaa,
2950 4300 3158 4371 inquit,
3197 4301 3340 4356 inter
3355 4315 3413 4355 se
3435 4315 3569 4354 con-

315 4390 480 4460 μένας
503 4392 584 4444 ὅτι
621 4394 862 4463 προσῆκε
895 4395 1145 4462 γενέσθαι
1181 4398 1364 4467 φησίνι
1397 4399 1589 4471 ἐτέρας
1614 4401 1670 4454 δὲ
1706 4404 1883 4467 πέντε,

1999 4417 2139 4455 nexa
2166 4397 2285 4452 fieri
2323 4402 2606 4467 oportere,
2641 4394 2884 4464 quinque
2929 4392 3118 4447 itidem
3157 4391 3347 4455 altera,
3379 4390 3570 4446 eadem

313 4482 456 4534 κατὰ
486 4482 547 4535 τὸ
597 4483 728 4536 αὐτὸ
757 4485 811 4537 δὲ
847 4487 1054 4556 σχῆμα,
1088 4488 1182 4540 καὶ
1239 4491 1296 4542 ἐν
1338 4490 1436 4561 ἴσῳ
1468 4491 1652 4563 τρόπῳ
1681 4495 1891 4546 ἀντιτε-

311 4575 607 4644 ταγμένας.
641 4575 940 4649 Τοιγαροῦν
983 4578 1244 4650 ἅλλήλαιν
1299 4581 1393 4634 καὶ
1463 4583 1891 4654 ἀντιπροσώπως

313 4668 837 4739 ἀντεγηγερμέναιν.
879 4669 955 4732 ὡς
1006 4671 1070 4723 ὲκ
1122 4670 1349 4742 βορῤἐου
1399 4673 1562 4744 τυχὸν
1595 4676 1688 4729 καί
1715 4677 1890 4740 νότου,

313 4758 477 4828 ἦγουν
507 4758 568 4824 ἐξ
613 4760 742 4829 ἠοῦς
765 4762 859 4816 καὶ
893 4761 1076 4832 μέντοι
1119 4766 1212 4818 καὶ
1249 4764 1487 4835 δυσμῶν,
1517 4767 1774 4840 ἑνδεκάτη
1809 4787 1894 4832 τις

313 4848 345 4916 ἡ
380 4847 465 4901 διὰ
500 4849 668 4919 μέσου
711 4848 893 4904 λοιπὸν
939 4851 1282 4922 ἐσχεδιάζετο
1333 4853 1559 4927 πλευρὰ,
1597 4857 1700 4910 ἀνὰ
1730 4856 1894 4928 μέρος

321 4941 619 5010 ποιουμένη
653 4939 752 5003 τὰς
786 4941 938 5006 δέκα,
970 4942 1307 5015 διῃρημένας
1329 4946 1408 5009 είς
1429 4945 1540 5010 δύο,
1569 4947 1654 5016 ἐφ’
1751 4948 1892 5018 τάχα

316 5044 416 5081 που
439 5031 532 5082 καὶ
551 5030 733 5103 δέρρις
756 5033 788 5101 ὴ
823 5032 1085 5101 ἑνδεκάτη
1107 5053 1170 5087 πε
1179 5034 1658 5108 ριτετά[ν]νυσται,
1679 5037 1892 5108 κρίκοις

315 5133 372 5172 τε
407 5121 501 5174 καὶ
527 5122 792 5190 ἀγκύλαις
824 5124 990 5194 ἄμφω
1019 5126 1307 5196 συνέχοντα
1344 5127 1441 5189 τὰς
1466 5127 1704 5199 πλευράς
1723 5144 1735 5156 '
1766 5127 1889 5181 καθ’

318 5215 610 5287 ὁμοιότητα
649 5215 707 5268 δὲ
765 5216 872 5270 τῶν
920 5217 1116 5283 ἄλλων,
1172 5219 1265 5272 καὶ
1316 5221 1366 5272 oi
1434 5219 1637 5291 ταύτης
1688 5220 1888 5286 στύλοι,

321 5306 456 5376 πλὴν
489 5308 686 5380 ἥττους
725 5311 782 5366 ἐν
825 5309 1066 5382 ἀριθμῷ.
1101 5311 1165 5363 Αἱ
1198 5311 1297 5382 μὲν
1329 5311 1437 5384 γὰρ
1456 5312 1588 5366 δέκα
1645 5313 1888 5380 αὐλαῖαι,

321 5395 567 5468 καθάπερ
609 5397 708 5469 ἤδη
773 5402 1056 5471 προεῖπον,
1093 5401 1173 5464 είς
1219 5403 1392 5471 μῆκος
1422 5402 1748 5466 ἐξετείνοντο
1782 5405 1891 5474 πή-

321 5501 455 5564 χεων
475 5488 620 5542 ὀκτὼ
643 5491 736 5549 καὶ
773 5492 996 5557 εἴκοσιν,
1019 5492 1118 5564 ἦγε
1157 5491 1262 5564 μὴν
1285 5493 1542 5562 ἑνδεκάτη
1581 5495 1676 5546 καὶ
1701 5511 1891 5564 μεσαι-

321 5578 452 5648 τάτη
503 5581 611 5633 τῶν
656 5581 849 5648 ἄλλων,
890 5583 948 5635 τὸ
983 5579 1136 5654 εὖρος
1167 5584 1275 5636 τῶν
1310 5583 1468 5636 πέντε
1500 5583 1890 5656 (τετραπήχεις

397 5757 444 5798 ’³
479 5759 633 5815 J-run.
675 5777 776 5824 τιν,
813 5761 900 5814 28.
995 5759 1039 5791 ⁵⁵
1076 5760 1216 5814 Psal.
1249 5774 1410 5827 cxvu,
1471 5760 1560 5813 ‘27.

1643 5761 1688 5793 "
1740 5760 1912 5819 Exod.

1998 4491 2190 4564 ﬁgura,
2229 4489 2539 4556 eodemque
2574 4486 2737 4541 modo
2765 4484 3036 4555 opposita,
3073 4481 3276 4552 quibus
3317 4497 3347 4536 e
3385 4479 3569 4550 regio-.-

1995 4601 2064 4640 ue
2091 4593 2258 4654 atque
2290 4598 2360 4635 ex
2379 4579 2614 4635 adverso
2641 4577 2866 4636 erectis.
2899 4592 2968 4631 ex
3019 4573 3330 4644 aquilouari
3373 4573 3568 4634 latere,

1999 4675 2154 4732 verbi
2187 4675 2384 4746 gratia,
2430 4681 2486 4727 et
2525 4672 2778 4734 australi,
2823 4677 2918 4725 aut
2947 4677 3094 4724 certe
3121 4667 3190 4721 ab
3225 4675 3351 4722 ortu
3403 4676 3461 4720 et
3500 4664 3570 4718 ab

1999 4779 2221 4829 occasu,
2248 4763 2605 4819 undecimum
2634 4763 2743 4833 jam
2773 4759 3162 4816 intermedium
3189 4758 3334 4812 latus
3365 4754 3568 4812 eﬂicie-

1999 4856 2095 4911 bat
2148 4855 2297 4926 quod
2353 4855 2444 4909 illa
2491 4855 2682 4910 decem
2717 4855 2890 4909 aulaea
2947 4854 3280 4924 seiungeret,
3338 4849 3476 4904 duas
3511 4849 3568 4904 in

1999 4952 2188 5016 partes
2231 4944 2430 5009 divisa,
2490 4960 2600 5014 quo
2646 4960 2713 4999 ex
2752 4943 2926 4999 latere
2977 4943 3329 4998 undecimum
3387 4940 3570 4996 velum

1996 5038 2352 5102 tendebatur,
2407 5037 2631 5092 annulis
2681 5044 2846 5107 atque
2899 5036 3050 5091 ansis
3087 5043 3382 5104 utrumque
3427 5033 3571 5090 latus

1995 5129 2326 5183 continens:
2359 5128 2522 5199 hujus
2547 5142 2768 5198 quoque
2799 5125 2990 5181 lateris
3037 5125 3308 5180 columna
3359 5123 3572 5182 caeteris

1993 5221 2205 5277 similes
2240 5229 2422 5285 erant,
2443 5235 2678 5276 numero
2719 5226 2932 5274 tantum
2957 5217 3268 5289 pauciores.
3306 5217 3441 5272 Nam
3475 5215 3568 5269 illa

1992 5312 2216 5382 quidem
2243 5311 2434 5367 decem
2459 5312 2600 5376 vela,
2626 5317 2688 5365 ut
2723 5311 2835 5364 iam
2875 5309 3012 5373 dixi,
3048 5325 3146 5379 per
3180 5308 3403 5378 longum
3436 5318 3568 5372 por-9

1993 5400 2322 5474 rigebantur
2343 5402 2550 5458 cubitis
2578 5409 2706 5458 octo
2740 5409 2797 5456 et
2816 5401 3036 5470 viginti,
3065 5398 3161 5454 sed
3189 5395 3564 5456 undecimum,

1991 5495 2138 5564 quod
2168 5495 2414 5551 medium
2441 5503 2566 5549 erat
2612 5496 2758 5548 inter
2798 5499 3016 5554 caetera,
3050 5506 3175 5544 cum
3221 5484 3566 5556 longitudine

1993 5586 2348 5642 latitudinem
2383 5585 2630 5655 quinun
2683 5584 3022 5652 rciiquorum
3073 5585 3353 5648 a'quaret,
3402 5576 3567 5648 319

1993 5776 2138 5830 xxvr,
2175 5759 2328 5820 7-10.
