3996 6212
436 290 538 347 633

1436 291 1492 346 S.
1536 293 1809 349 CYBILLI
1848 295 2315 354 ALEXANDRINI
2354 299 2673 357 ARCIIIEP.

3576 310 3688 368 σεο

436 418 561 475 qua
599 402 814 475 singula
863 412 1163 474 quaternos
1208 405 1427 463 cubitos
1468 408 1768 497 habebant,
1814 413 1881 468 ad
1924 414 2005 467 vi-

2116 412 2160 465 Βὲ
2200 407 2403 485 αὗται),
2433 417 2572 486 πρὸς
2613 418 2674 470 τὸ
2703 417 3120 493 εἰκοσάπηχύ[ν]
3155 437 3256 474 που
3288 421 3691 497 διατιτάν[ν]υ-

441 506 641 547 cenam
697 492 1013 547 cubitorum
1060 492 1298 562 spatium
1338 496 1793 564 protendebatur.
1854 502 2006 561 Hanc

437 582 511 637 ob
560 596 780 637 causam
826 582 1048 652 inquit:
1084 584 1154 638 Et
1199 584 1508 656 duplicabis
1551 592 1736 646 velum
1789 606 2007 653 sextum

437 682 562 729 ante
610 672 807 729 faciem
859 674 1204 731 tabernaculi
1247 696 1259 731 :
1314 695 1412 745 ne,
1469 682 1617 752 quod
1685 695 2006 756 protensum

437 765 799 831 redundahat,
842 766 1184 823 tabernaculi
1224 771 1619 841 pulchritudini
1650 775 1909 835 oﬂicerct.
1946 782 2009 838 In

437 858 545 912 hoc
610 857 818 927 igitur,
874 856 1023 927 quod
1081 861 1295 915 cateris
1350 863 1591 919 medium
1656 867 2009 939 interiectum

435 959 572 1016 erat,
621 960 681 1007 et
724 960 984 1023 tanquam
1033 954 1409 1024 undecimum,
1459 975 1615 1016 sacra
1660 952 1750 1017 illa
1790 964 2008 1022 divina-

437 1058 547 1113 que
592 1059 723 1099 vasa
771 1045 1037 1101 collocata
1089 1057 1268 1113 erant,
1312 1066 1433 1120 qua
1478 1051 1535 1106 in
1573 1068 1631 1108 se
1681 1054 1814 1125 ipsis
1855 1058 2009 1114 vario

439 1134 608 1190 modo
665 1136 819 1190 illum
866 1136 1191 1193 Emmanuel
1242 1139 1550 1211 ﬁgurabant
1589 1160 1603 1197 :
1649 1161 1715 1200 ac
1762 1146 2012 1204 fortassis

437 1226 530 1284 ille
554 1244 821 1284 numerus
868 1229 1222 1302 hoc'quoque
1256 1234 1619 1304 signiﬁcabat,
1654 1237 1710 1292 in
1748 1243 2013 1298 extremis

437 1316 626 1372 muli
655 1318 1019 1388 temporibus,
1049 1328 1107 1376 et
1135 1322 1425 1379 undecima
1462 1324 1637 1382 ferme
1668 1328 1825 1394 hora,
1847 1329 2010 1385 Chri-

440 1416 586 1463 stum
607 1414 665 1461 et
688 1407 823 1462 illud
865 1410 1304 1477 tabernaculum,
1337 1416 1484 1483 quod
1518 1414 1802 1473 Christum
1830 1422 2011 1476 conti-

437 1494 626 1561 nebat,
650 1494 705 1550 id
721 1505 807 1552 est
829 1497 1151 1563 Ecclesiam,
1175 1501 1516 1571 apparuisse.

510 1584 710 1641 PALL.
732 1586 880 1641 Nihil
911 1589 1140 1644 absurdi
1174 1600 1279 1658 est,
1310 1600 1372 1648 ut
1412 1595 1656 1664 videtur,
1690 1599 2012 1660 existimare

438 1672 607 1745 hujus
643 1691 864 1747 quoque
890 1678 972 1733 rei
1008 1680 1278 1736 rationem
1312 1691 1436 1754 apte
1456 1685 1728 1743 redditam
1755 1705 1903 1746 esse.

2115 518 2236 554 σται
2269 503 2484 574 μέτρον.
2515 503 2614 558 Διὰ
2648 504 2807 559 τοῦτό
2847 520 2998 577 φησι’
3028 507 3140 562 Καὶ
3180 508 3556 576 ὲτιιδιπλώσεις
3584 512 3691 584 τὴν

2107 591 2288 664 δέρριν
2327 595 2427 666 τὴν
2458 596 2623 666 ἕκτην
2663 596 2808 650 κατὰ
2851 596 3143 669 πρόσωπον
3173 599 3272 671 τῆς
3321 601 3550 673 σκηνῆς,
3596 604 3692 659 ῖνα

2112 684 2187 755 μὴ
2220 684 2283 737 τὸ
2321 686 2591 757 περιττῶς
2632 687 2999 760 ἐκτεταμένον
3035 689 3115 761 τῷ
3152 691 3252 763 τῆς
3284 692 3455 762 αύλῆς
3497 694 3694 747 κάλλει

2109 775 2533 847 διαλυμαίνοιτο.
2569 779 2656 832 Ἐν
2676 778 2850 850 ταύτῃ
2888 780 2960 853 δὴ
2995 776 3091 835 οὖν
3129 785 3194 855 τῇ
3228 784 3431 854 μεταξὺ
3463 785 3573 840 τῶν
3595 786 3698 841 άλ-

2108 867 2216 922 λων
2242 869 2336 923 καὶ
2364 868 2439 932 ὡς
2467 870 2727 941 ἑνδεκάτῃ
2760 871 2830 924 τὰ
2871 873 2993 943 ἱερά
3028 890 3088 926 τε
3129 874 3224 928 καὶ
3258 873 3377 928 θεῖα
3418 877 3696 947 τετάχατο

2112 958 2304 1027 σκεύη,
2339 958 2748 1031 διαμορφόῦντα
2793 960 3051 1025 ποικίλως
3080 959 3137 1015 ἒν
3163 978 3227 1031 γε
3258 962 3322 1033 δὴ
3364 963 3549 1033 σφίσιν
3586 966 3695 1019 αύ-

2109 1050 2223 1113 τοῖς
2271 1048 2364 1102 τὸν
2424 1050 2807 1123 Ἐμμανουήλ·
2848 1052 2990 1122 τάχα
3036 1070 3141 1109 που
3181 1054 3276 1108 τοῦ
3312 1053 3549 1126 ἀριθμοῦ
3595 1058 3694 1111 καὶ

2108 1139 2227 1194 τόδε
2255 1140 2779 1213 κατασημαίνοντος,
2813 1143 2888 1209 ὡς
2921 1146 2978 1198 ὲν
3013 1144 3343 1210 τελευταίοις
3370 1146 3464 1201 τοῦ
3494 1148 3697 1211 αἰῶνος

2111 1234 2343 1303 καιροῖς,
2375 1232 2469 1287 καὶ
2506 1233 2582 1297 ὡς
2622 1235 2681 1287 ὲν
2709 1233 2829 1306 ὥρᾳ
2862 1237 2934 1307 τῇ
2968 1234 3232 1311 ἑνδεκάτῃ
3262 1237 3424 1308 τυχὸν
3456 1239 3696 1307 ἀναφαί-

2112 1336 2261 1373 νεται
2298 1320 2552 1391 Χριστὸς,
2597 1323 2692 1376 καὶ
2735 1323 2767 1393 ή
2805 1323 3042 1395 Χριστὸν
3074 1325 3273 1396 ἔχουσα
3316 1328 3514 1399 σκηνὴ,
3542 1327 3695 1382 τοῦτ’

2113 1410 2283 1477 ἐστιν,
2315 1413 2349 1484 ή
2385 1413 2703 1485 Ἐκκλησία.

2183 1583 2390 1638 ΠΔΛΛ.
2433 1583 2621 1650 Οὐδὲν,
2648 1583 2724 1648 ὡς
2748 1583 2943 1655 ἔοικεν,
2964 1585 3193 1652 ἀπεικὸς
3217 1588 3421 1643 ἐννοεῖν
3450 1584 3511 1644 εὗ
3539 1588 3694 1662 ἔχειν

2116 1673 2322 1729 καὶτὸν
2360 1675 2451 1728 ἐπὶ
2470 1674 2604 1746 τῷδε
2626 1675 2805 1745 λόγον.

510 1763 669 1823 CYR.
702 1767 999 1838 Postquam
1043 1769 1211 1841 igitur
1242 1774 1410 1830 verba
1454 1775 1523 1831 de
1557 1777 1914 1836 tabernaculo
1936 1780 2008 1837 fe-

2184 1766 2347 1819 ΚΥΡ.
2389 1764 2546 1820 Μετὰ
2584 1765 2642 1820 δέ
2687 1782 2751 1835 γε
2797 1767 2926 1833 τοὺς
2966 1767 3061 1822 ἐπὶ
3093 1770 3160 1841 τῇ
3199 1770 3373 1842 σκηνῇ
3402 1769 3603 1840 λόγους
3635 1789 3698 1825 τε

439 1852 535 1920 cit,
557 1869 622 1909 ac
644 1854 847 1926 ﬁguras
863 1858 1130 1926 praebuit:
1158 1881 1175 1912 ι
1199 1862 1463 1931 Etlacies,
1491 1885 1509 1918 ι
1540 1867 1737 1938 inquit,
1767 1889 1785 1922 ι
1806 1873 2009 1928 atrium

437 1944 797 2007 tabernaculo
845 1948 901 2002 in
941 1950 1133 2018 latere,
1168 1954 1314 2023 quod
1361 1958 1588 2028 respicit
1627 1960 1696 2015 ad
1736 1970 2009 2033 austrum,

438 2041 497 2090 et
527 2039 762 2094 tentoria
785 2040 915 2094 atrii
938 2056 1006 2096 ex
1034 2043 1202 2114 bysso
1246 2053 1425 2103 torta:
1476 2049 1766 2123 longitudo
1791 2065 2014 2112 centum

440 2126 756 2189 cubitorum
785 2131 893 2185 erit
947 2134 1043 2187 uni
1095 2135 1275 2202 lateri,
1304 2146 1362 2192 et
1407 2141 1675 2198 columna
1699 2159 1892 2201 corum
1926 2148 2013 2204 vi-

440 2215 601 2286 ginti,
627 2226 686 2272 et
714 2218 874 2276 bases
925 2238 1117 2279 earum
1158 2228 1354 2299 viginti
1379 2246 1564 2300 anea,
1604 2244 1661 2291 et
1699 2237 1892 2295 circuli
1924 2256 2016 2295 ea-

440 2320 586 2371 rum,
622 2316 858 2367 etarcus
885 2328 1076 2369 earum
1123 2322 1387 2390 argentei.
1432 2323 1524 2380 Sic
1562 2328 1729 2382 etiam
1754 2330 1814 2385 in
1840 2331 2013 2388 latere

437 2401 587 2470 quod
637 2411 724 2458 est
751 2404 817 2459 ad
853 2406 1190 2477 aquilonem,
1222 2413 1461 2470 tentoria
1495 2417 1837 2490 longitudine
1880 2440 2013 2481 cen-

438 2499 556 2545 tum
588 2492 927 2557 cubitorum.
956 2507 1011 2554 ct
1044 2501 1311 2559 columna
1346 2521 1538 2563 eorum
1573 2511 1787 2582 viginti,
1832 2525 1890 2571 et
1912 2516 2013 2572 ha-

440 2593 529 2634 scs
545 2594 738 2636 earum
756 2584 951 2656 viginti
979 2604 1169 2657 aeneae,
1211 2601 1267 2647 et
1289 2594 1481 2652 circuli
1529 2615 1743 2670 earum,
1775 2615 2013 2665 etarcus

440 2669 844 2739 columnarum,
879 2685 935 2731 et
965 2677 1124 2736 bases
1145 2698 1336 2738 earum
1364 2669 1734 2759 inargentata
1761 2708 2010 2767 argento.

442 2760 711 2821 Latitudo
746 2775 928 2823 autem
962 2772 1112 2838 atrii,
1142 2789 1263 2844 qua
1282 2778 1460 2848 vergit
1487 2780 1556 2834 ad
1587 2796 1759 2852 mare,
1779 2760 2014 2846 tentoria

440 2854 838 2928 quinquaginta
860 2861 1197 2931 cubitorum,
1226 2866 1494 2924 columna
1507 2886 1699 2928 eorum
1729 2875 2014 2943 decem,et

442 2944 603 3003 bases
637 2964 830 3009 earum
863 2953 1055 3009 decem
1092 2957 1158 3011 ".
1190 2976 1209 3009 ι
1236 2957 1691 3020 Animadvertere
1722 2967 1890 3037 igitur
1910 2986 2012 3026 an~

2117 1859 2213 1914 καὶ
2243 1858 2449 1923 τύπους
2466 1898 2482 1924 ,
2506 1877 2524 1911 ι
2547 1858 2658 1913 Καὶ
2684 1860 2952 1930 ποιήσεις,
2980 1861 3170 1932 φησὶν,
3199 1862 3372 1933 αὐλὴν
3393 1865 3462 1933 τῇ
3493 1867 3697 1935 σκηνῇ,

2116 1951 2195 2014 είς
2222 1949 2284 2004 τὸ
2316 1950 2498 2015 κλίτος
2528 1951 2586 2005 τδ
2614 1952 2750 2024 πρὸς
2781 1952 2943 2019 λίϐα,
2983 1954 3079 2008 καὶ
3108 1954 3254 2007 ίστία
3298 1954 3398 2024 τῆς
3426 1954 3606 2025 αὐλῆς
3636 1957 3700 2010 ὲκ

2117 2041 2317 2113 βύσσου
2359 2041 2770 2114 κεκλωσμὲνης·
2813 2045 2989 2115 μῆκος
3026 2046 3219 2099 ὲκατδν
3245 2046 3461 2117 πήχεων
3497 2045 3582 2117 τῷ
3619 2048 3699 2101 ἑνὶ

2117 2132 2321 2187 κλίτει·
2371 2132 2466 2187 καὶ
2518 2133 2568 2186 ot
2612 2133 2795 2187 στύλοι
2831 2134 3012 2189 αὐτῶν
3060 2135 3373 2201 είκοσι,καὶ
3402 2138 3461 2190 at
3506 2137 3700 2209 βάσεις

2115 2223 2298 2278 αὐτῶν
2330 2222 2503 2278 εἴκοσι
2545 2224 2776 2296 χαλκαῖο
2811 2225 2910 2280 καὶ
2949 2228 2998 2280 οί
3044 2227 3224 2299 κρίκοι
3265 2228 3465 2294 αὐτῶν,
3501 2231 3605 2284 καὶ
3641 2231 3697 2283 αἱ

2113 2312 2335 2381 ψαλίδες
2385 2313 2645 2385 ἀργυραῖ.
2682 2313 2867 2379 Οὕτως
2925 2315 3004 2386 τῷ
3056 2314 3227 2369 κλίτει
3276 2315 3354 2386 τῷ
3406 2316 3547 2389 πρὸς
3601 2317 3701 2371 άπ-

2115 2402 2351 2476 ηλιώτην
2379 2406 2525 2459 ίστία
2553 2406 2745 2460 ἑκατὸν
2781 2408 3002 2478 πήχεων
3036 2409 3209 2480 μῆκος
3229 2421 3244 2437 ·
3293 2410 3387 2464 xci.
3420 2413 3469 2465 οῖ
3511 2410 3699 2465 στύλοι

2114 2495 2296 2549 αὐτῶν
2343 2496 2535 2563 εῐκοσι,
2588 2497 2683 2551 καὶ
2713 2498 2770 2550 αἱ
2822 2498 3009 2569 βάσεις
3062 2499 3241 2554 αὐτῶν
3271 2501 3441 2555 εῖκοσι
3474 2501 3696 2572 χαλκαῖ·

2114 2586 2209 2640 καὶ
2243 2588 2292 2639 οἱ
2322 2586 2521 2658 ’κρίκοι
2567 2589 2662 2642 καὶ
2705 2588 2762 2642 αί
2809 2587 3037 2658 ψαλίδες
3081 2589 3193 2645 τῶν
3245 2591 3474 2655 στύλων,
3510 2593 3612 2646 καὶ
3641 2592 3697 2645 at

2115 2675 2301 2747 βάσεις
2335 2676 2515 2732 αὐτῶν
2548 2679 3068 2751 περιηργυρωμέναι
3100 2681 3368 2754 ἀργυρίῳ.
3418 2682 3492 2736 Τὸ
3522 2682 3584 2736 δὲ
3614 2678 3698 2737 εὖ·

2119 2785 2209 2840 ρος
2248 2769 2347 2840 τῆς
2380 2770 2549 2841 αὐλῆς
2585 2770 2645 2823 τὸ
2673 2772 2815 2824 κατὰ
2843 2771 3139 2837 θάλασσαν,
3181 2773 3324 2827 ίστία
3354 2774 3696 2845 πεντήκοντα

2115 2862 2354 2932 πήχεων,
2377 2860 2557 2915 στύλοι
2578 2862 2758 2916 αὐτῶν
2778 2862 2936 2929 δέκα,
2958 2863 3051 2917 καὶ
3079 2862 3265 2933 βάσεις
3286 2862 3466 2917 αὐτῶν
3483 2863 3637 2918 δέκα.
3670 2884 3689 2916 ι

2119 2956 2315 3027 Ἀθρει
2351 2956 2416 3027 δὴ
2449 2953 2564 3021 οὖν,
2594 2958 2678 3012 ὅτι
2714 2959 2896 3012 στεναὶ
2921 2959 3020 3030 μὲν
3066 2959 3121 3013 αί
3156 2959 3371 3031 πρῶται
3402 2960 3697 3030 γεγόνασιν

441 3048 600 3108 gusta
627 3042 852 3147 quidem
894 3046 1083 3116 priora
1123 3048 1215 3105 illa
1261 3052 1431 3109 aulaa
1474 3054 1664 3123 fuisse,
1696 3066 1752 3117 et
1797 3076 1918 3130 qua
1944 3063 2008 3118 ad

2116 3048 2295 3113 αὐλαὶ,
2321 3049 2416 3102 καὶ
2454 3050 2534 3112 είς
2562 3049 2751 3120 τρίτην
2777 3048 3058 3119 διήκουσαι
3090 3049 3289 3104 δεκάδα
3318 3051 3560 3123 πήχεων.
3597 3047 3697 3104 Εὗ-

443 3135 555 3185 tres
612 3132 927 3189 cubitorum
980 3137 1215 3196 decadas
1269 3146 1658 3212 pervenirent:
1722 3149 2008 3212 latitudine

2123 3156 2213 3210 ρος
2243 3140 2342 3210 μὲν
2380 3140 2489 3210 γὰρ
2537 3140 2729 3204 αὐταῖς
2764 3140 3046 3214 τέσσαρες,
3085 3143 3260 3214 μῆκος
3299 3143 3357 3197 δὲ
3407 3141 3554 3196 όκτὼ
3604 3143 3699 3198 καὶ

440 3236 680 3292 namque
710 3235 950 3296 quatuor
971 3229 1287 3287 cubitorum
1307 3243 1486 3304 erant,
1517 3238 1862 3311 longitudine
1885 3255 2011 3304 octo

440 3320 497 3367 et
518 3312 713 3385 viginti
734 3333 749 3383 ;
773 3334 894 3388 qua
913 3336 1047 3376 vero
1077 3331 1202 3392 post
1228 3324 1323 3381 illa
1358 3340 1686 3400 sequuntur,
1715 3334 1825 3392 lata
1868 3339 2012 3397 adeo

440 3418 506 3458 ac
532 3407 728 3479 longa;
758 3417 980 3467 centum
1009 3414 1157 3472 enim
1202 3432 1303 3486 per
1350 3429 1573 3477 centum
1607 3424 1905 3495 habebant,
1954 3443 2013 3488 et

440 3498 862 3592 quinquaginta,
915 3520 1015 3573 per
1065 3506 1494 3580 quinquaginta,
1552 3517 2011 3592 pertinebantque

441 3587 547 3644 hoc
569 3591 793 3660 quidem
826 3595 896 3648 ad
953 3606 1161 3665 ortum,
1208 3600 1345 3655 illud
1374 3619 1507 3659 vero
1552 3606 1622 3661 ad
1675 3587 1937 3668 occasum
1955 3626 2012 3672 et

439 3688 714 3734 austrum.

741 3768 1013 3835 Quidnam
1037 3774 1258 3832 tandem
1285 3778 1391 3836 hoc
1430 3783 1661 3856 anigma
1699 3788 2013 3860 signiﬁcat?

501 3858 659 3958 CYR.
698 3860 782 3916 An
814 3878 927 3918 non
965 3864 1071 3921 hoc
1113 3868 1249 3924 illud
1274 3879 1358 3927 est
1389 3873 1552 3944 plane
1580 3880 1726 3950 quod
1755 3858 1887 3940 olim
1913 3887 2013 3958 per

439 3949 590 4007 lsaia
640 3968 829 4009 vocem
862 3956 1120 4016 Ecclesia
1145 3960 1204 4017 in
1229 3969 1488 4025 extremis
1528 3949 1870 4043 temporibus
1911 3949 2010 4037 de-

436 4039 655 4097 clarata
678 4045 1014 4113 promissum
1052 4058 1174 4105 est:
1209 4072 1228 4104 ι
1249 4054 1424 4112 Dilata
1453 4039 2009 4127 locum—tabernaculi

442 4131 542 4196 tui,
571 4140 628 4187 et
650 4135 770 4189 vela
802 4137 1102 4195 aulaorum
1128 4149 1374 4213 tuorum;
1409 4147 1532 4220 ﬁge,
1558 4167 1629 4208 ne
1650 4170 1866 4226 parcas,
1909 4163 2010 4217 ad-

436 4222 547 4279 huc
568 4224 623 4279 in
654 4225 902 4283 dextram
946 4240 1003 4287 et
1024 4233 1301 4292 sinistram
1337 4242 1570 4299 extende
1609 4222 1691 4314 ⁸⁷-;
1725 4267 1744 4301 ι
1780 4222 2009 4322 angusta

434 4312 583 4368 enim
599 4323 717 4370 erat
742 4317 900 4374 initio
924 4318 1131 4379 Christi
1161 4326 1425 4396 Ecclesia,
1464 4342 1653 4401 postea
1678 4312 1770 4393 ad
1801 4312 2005 4412 ortum,

2118 3230 2313 3283 εἴκοσι·
2346 3232 2403 3283 αι
2448 3231 2506 3284 δὲ
2534 3232 2650 3301 μετ’
2675 3230 2908 3297 ὲκείνας,
2941 3232 3150 3303 εὑρεῖαί
3175 3250 3235 3286 τε
3259 3232 3407 3288 οὕτω
3447 3233 3545 3288 καὶ
3592 3249 3696 3304 μα-

2119 3320 2279 3392 κραί·
2320 3321 2517 3375 ἑκατὸν
2561 3324 2686 3393 γαρ*
2719 3323 2804 3392 ἐφ’
2836 3322 3050 3388 ἑκατόν,
3104 3324 3198 3378 καὶ
3237 3325 3576 3396 πεντήκοντα
3601 3325 3693 3378 ἐπὶ

2122 3412 2482 3483 πεντήκοντα,
2508 3413 2798 3484 τρέχουσαι
2829 3430 2891 3473 τε
2938 3416 2972 3486 ή
3001 3415 3102 3488 μὲν
3147 3416 3228 3480 είς
3279 3415 3383 3487 ἠῶ,
3419 3418 3453 3488 ή
3497 3416 3558 3472 δὲ
3613 3417 3693 3480 τίς

2119 3502 2359 3575 ἑσπέραν
2387 3520 2445 3556 τε
2472 3504 2566 3557 καὶ⁵
2590 3503 2733 3558 λίὸα.

2188 3769 2397 3824 ΠΑΔΛ.
2440 3764 2572 3823 Εἶτα
2606 3769 2660 3822 τί
2688 3767 2750 3822 τδ
2770 3767 3033 3841 αῐνιγμα;

2182 3859 2344 3915 ΚΥΡ.
2385 3860 2518 3932 Οὐχὶ
2544 3859 2609 3933 δὴ
2632 3861 2790 3916 τοῦτό
2851 3862 2997 3915 ἐστιν
3023 3860 3288 3935 ἐναργῶς,
3317 3860 3380 3916 τὶ
3416 3861 3587 3917 πάλαι
3616 3863 3691 3917 δι-

2117 3951 2527 4023 επηγγελμένον
2556 3951 2644 4007 διὰ
2667 3952 2854 4024 φωνῆς
2892 3952 3121 4007 Ἡσαΐου
3151 3953 3289 4025 πρὸς
3306 3955 3406 4027 τὴν
3437 3955 3496 4008 ὲν
3527 3955 3688 4026 ἐσχά-

2116 4059 2228 4106 τοις
2258 4045 2468 4114 καιροῖς
2490 4042 2940 4115 ἀναδεδειγμένην
2977 4042 3305 4115 Ἐκκλησίαν
3325 4058 3341 4074 ·
3379 4043 3689 4098 (Πλάτυνον

2114 4132 2205 4186 τὸν
2232 4132 2396 4186 τόπον
2425 4132 2526 4202 τῆς
2558 4131 2763 4203 σκηνῆς
2801 4149 2917 4197 σου,
2947 4132 3041 4188 καί⁸
3083 4134 3182 4197 τὰς
3213 4131 3427 4204 δέρρεις
3450 4131 3563 4185 τῶν
3589 4134 3687 4185 αύ-

2115 4224 2282 4278 λαιῶν
2310 4241 2424 4279 σου.
2458 4222 2655 4295 Πῆξον,
2684 4223 2759 4295 μὴ
2791 4223 2951 4296 φείσῃ
2985 4223 3065 4279 ἔτι
3091 4225 3171 4288 εἰς
3196 4223 3264 4277 τὰ
3291 4222 3461 4288 δεξιὰ,
3483 4224 3578 4277 καὶ
3607 4225 3684 4287 είς

2113 4316 2183 4369 τὰ
2208 4316 2473 4386 ἀριστερὰ
2497 4315 2823 4369 ἑκπέτασον.
2839 4315 3210 4386 »Στενουμένη
3234 4314 3343 4386 γὰρ
3362 4315 3421 4368 ὲν
3433 4316 3680 4387 ἀρχαῖςή

434 4410 492 4459 et
517 4418 795 4473 occasum,
825 4418 883 4477 et
917 4416 1370 4485 septentrionem,
1414 4429 1471 4476 et
1525 4434 1775 4484 austrum
1807 4403 2008 4492 dilata;

2128 4407 2421 4476 Ἐκκλησία
2444 4403 2703 4477 Χριστοῦ,
2738 4404 2924 4458 λοιπὸν
2949 4407 3033 4469 είς
3056 4405 3139 4476 ήῶ
3166 4421 3227 4458 τε
3249 4405 3344 4459 καὶ
3381 4403 3554 4469 δύσιν,
3588 4404 3684 4457 καὶ

436 4502 546 4563 tur,
564 4502 621 4552 et
640 4497 708 4554 ad
729 4514 947 4558 omnem
978 4503 1160 4561 locum
1183 4510 1456 4576 pervenit.

503 4674 667 4745 320
693 4674 890 4732 PALL.
917 4679 1058 4735 Vera
1079 4681 1238 4738 dicis.

496 4762 654 4818 CYR.
679 4762 1069 4821 Animadverte
1092 4778 1278 4825 autem
1323 4773 1459 4830 alias
1491 4791 1681 4835 omnes
1720 4784 2005 4846 columnas

433 4852 623 4908 decem
652 4854 973 4921 aulaorum,
999 4864 1056 4912 et
1082 4858 1230 4915 illius
1261 4861 1576 4922 intermedii
1615 4886 1751 4927 auro
1787 4877 2003 4948 contegi

427 4946 681 5017 jussisse,
723 4947 819 5002 sed
850 4947 1076 5004 basibus
1104 4950 1419 5023 duplicibus
1463 4957 1627 5015 inniti
1661 4978 1728 5018 ex
1771 4946 2002 5037 argento

429 5037 607 5096 factis.
659 5039 838 5110 Atque
890 5040 1055 5113 hujus
1092 5044 1172 5098 rei
1207 5061 1426 5118 quoque
1467 5052 1607 5108 ratio
1640 5054 1752 5125 jam
1785 5057 1998 5114 reddita

430 5136 535 5191 est,
584 5135 647 5182 ut
690 5130 920 5198 opinor;
976 5142 1234 5189 caeterum
1305 5138 1593 5210 longorum
1652 5145 1999 5220 latorumque

430 5216 727 5274 aulaorum
752 5218 1038 5276 columnas
1067 5223 1193 5282 ,alia
1244 5225 1458 5283 ratione
1490 5234 1747 5288 exornari
1800 5216 1993 5307 jubet;

428 5321 554 5370 nam
591 5322 622 5361 a
653 5307 830 5378 capite
876 5308 943 5365 ad
990 5315 1158 5380 pedes
1195 5317 1381 5370 ornari
1407 5329 1647 5391 argento
1698 5327 1990 5398 praecipit;

427 5398 521 5453 sed
553 5397 776 5453 basibus
807 5399 906 5454 niti
937 5402 1104 5457 aneis
1142 5418 1207 5459 ac
1248 5406 1618 5479 deargcntatis
1654 5432 1667 5467 :
1699 5415 1750 5470 id
1777 5397 1995 5489 qudque

427 5505 534 5543 non
565 5490 800 5546 absurde
826 5491 1032 5548 Christi
1082 5492 1308 5566 ﬁguram
1333 5499 1502 5569 gerit;
1546 5511 1715 5574 atque
1765 5519 1994 5579 argento

489 5685 532 5718 "
574 5687 742 5743 Exod.
783 5706 944 5758 nm,
972 5695 1117 5749 9-12.
1215 5700 1256 5730 ”
1301 5701 1401 5756 lsa.
1448 5719 1549 5769 ιμ’,
1592 5705 1642 5762 “2.

2114 4499 2318 4570 βορρᾶν
2365 4512 2425 4550 τε
2472 4497 2568 4550 καὶ
2602 4496 2753 4551 νότον
2804 4494 3169 4566 ὲξευρύνεται,
3208 4496 3304 4551 καὶ
3344 4495 3433 4551 διὰ
3481 4496 3681 4557 παντὸς

2108 4593 2234 4662 ἥκει
2266 4590 2453 4644 τόπου.

2177 4685 2384 4740 nam.
2435 4682 2674 4755 Ἀληθές.

2177 4776 2341 4829 ΚΥΡ.
2396 4775 2678 4846 Ἐπιτήρει
2720 4774 2776 4828 δὲ
2804 4774 2885 4829 ὃτι
2910 4775 3037 4838 τοὺς
3077 4774 3175 4846 μὶν
3199 4773 3389 4837 ἄλλους
3434 4772 3677 4835 ἅπαντας

2108 4868 2333 4933 στύλους
2360 4868 2469 4922 τῶν
2496 4868 2630 4923 δέκα
2650 4866 2912 4931 αὐλαιῶν,
2941 4867 3036 4919 καὶ
3067 4865 3168 4937 τῆς
3190 4865 3294 4919 ἅνὰ
3328 4863 3515 4936 μέσον,
3543 4881 3676 4933 χρυ-

2106 4960 2183 5032 σῷ
2216 4962 2314 5033 μὲν
2345 4960 2449 5031 ἔφη
2481 4958 2871 5015 διαπάττεσθαι
2906 4958 3038 5023 δεῖν,
3086 4958 3277 5029 βάσεσί
3310 4974 3373 5027 γε
3422 4956 3529 5028 μὴν
3571 4958 3669 5009 ἐπι

2102 5070 2127 5105 ε
2137 5071 2204 5125 ρη
2213 5053 2424 5126 ρεῖσθαι
2445 5053 2679 5117 διπλαῖς,
2701 5051 2943 5124 ἀργύρου
2967 5050 3381 5122 πεποιημέναις.
3400 5048 3511 5103 Καὶ
3542 5048 3624 5113 τίς
3646 5051 3673 5102 ό

2098 5144 2253 5198 τοῦδε
2298 5144 2473 5213 λόγος,
2512 5145 2745 5216 εἴρηται,
2776 5143 3028 5214 καθάπερ
3064 5135 3304 5213 ἐγῷμαι·
3348 5139 3456 5193 τῶν
3486 5140 3545 5192 δὲ
3572 5157 3675 5208 μα-

2100 5237 2248 5308 κρῶν
2296 5238 2390 5291 καὶ
2431 5235 2702 5291 πλατειῶν
2742 5235 2979 5290 αύλαιῶν
3027 5236 3156 5298 τοὺς
3219 5232 3465 5297 στύλους,
3500 5230 3671 5302 ἑτέρῳ

2102 5326 2454 5382 διαποικίλλει
2488 5327 2651 5397 λόγῳ.
2690 5326 2940 5399 Ἀργύρῳ
2979 5326 3077 5397 μὲν
3099 5327 3163 5379 ὲκ
3186 5323 3432 5394 κεφαλῆς
3463 5323 3545 5385 είς
3571 5321 3668 5376 πό-

2102 5420 2197 5485 δας
2227 5418 2688 5487 καταγλαῖζεσοαι
2715 5419 2825 5473 δεῖν
2847 5413 2905 5472 εὖ
2946 5417 3087 5490 μάλα
3115 5416 3270 5489 φησὶ,
3309 5414 3499 5486 βάσεσι
3518 5412 3575 5466 δὲ
3600 5404 3668 5465 αὖ

2105 5510 2493 5585 ἐπερηρεῖσοαι
2566 5508 2795 5582 χαλκαῖς
2870 5509 2961 5563 καὶ
3034 5505 3444 5581 περιαργύροις.
3486 5503 3664 5565 Τύπος
