3996 6212
310 292 402 348 6H
1014 294 1104 350 DE
1143 292 1588 351 ADORATIONE
1625 294 1694 350 IN
1732 294 1998 352 SPlRlTU
2039 296 2128 350 ET
2176 297 2543 354 VERITATE.
2587 299 2715 354 LIB.
2757 301 2848 355 IX.
3451 309 3554 363 642

307 409 352 461 δ’
391 406 458 460 ἂν
487 406 572 477 εἴη
596 406 690 462 καὶ
715 407 867 462 τοῦδε
887 408 1140 478 Χριστὸς,
1172 409 1348 478 φωτὸς
1387 408 1484 478 μὲν
1509 409 1594 462 ὅτι
1620 405 1880 481 διέλαμψε

1985 414 2207 483 quidem
2251 415 2611 485 signiﬁcatur,
2658 417 2883 473 luminis
2940 418 3113 473 instar
3166 419 3318 474 illum
3368 423 3550 491 splen-

306 497 480 568 δίκην,
522 497 722 565 αὐγαῖς
762 499 1004 570 δηλονότι
1051 501 1171 562 ταῖς
1203 502 1419 571 νοηταῖς
1456 501 1782 572 ἀστράπτων
1809 501 1884 566 ὼς

1988 503 2198 570 duisse,
2225 521 2349 559 cum
2397 512 2457 559 ut
2503 506 2844 561 Deus-radiis
2883 507 3144 561 nimirum
3175 508 3553 578 spiritualibus

306 588 456 653 Θεὸς,
487 589 581 644 τοῦ
610 590 856 662 ἀργύρου
888 590 1262 662 σημαίνοντος.
1288 591 1412 644 Ὅτι
1439 592 1496 644 δὲ
1518 591 1768 663 λαμπρὸς
1790 592 1884 647 καὶ

1984 597 2238 667 fulgeret.
2268 597 2483 652 Claram
2510 614 2643 653 vero
2674 616 2739 653 ac
2778 609 3124 656 resonantem
3163 601 3220 655 in
3253 603 3420 659 terris
3434 606 3552 675 ejus

305 681 506 752 εὑηχὴς
534 682 564 735 ό
593 683 722 754 περὶ
754 683 858 753 γῆν
885 683 1033 754 αὐτῷ
1062 684 1357 754 πεποίηται
1378 683 1554 752 λόγος,
1582 682 1724 736 τοῦτ’
1745 683 1880 749 ἐστι,

1984 688 2465 758 praedicationem,
2535 690 2588 743 id
2636 699 2738 755 est,
2784 692 3119 761 prazconium
3181 696 3550 766 evangelicum

301 774 362 826 τὺ
405 775 665 845 κήρυγμα
702 774 763 828 τὸ
805 775 1180 844 εὐαγγελικὸν,
1210 775 1305 828 τοῦ
1338 775 1711 846 περιαργύρου
1751 775 1879 846 χαλ-

1983 780 2170 845 fuisse,
2194 796 2268 835 res
2319 781 2452 834 illud
2498 781 2909 850 deargentatum
2948 785 3167 853 oblique
3196 786 3356 841 nobis
3405 787 3551 841 indi-

302 865 401 918 κοῦ
443 866 691 934 πλαγίως
739 867 871 937 ἡμῖν
906 867 1360 938 ὑπεμφαίνοντος.
1396 866 1612 937 Εὑηχὴς
1649 867 1746 937 μὲν
1773 866 1880 937 γὰρ

1983 879 2104 938 cat;
2172 887 2298 926 nam
2367 888 2441 927 aes
2495 873 2715 942 quidem
2789 879 3043 939 resonat,
3124 877 3219 931 sed
3266 887 3549 948 argentum

300 957 396 1009 καὶ
425 959 455 1009 ὁ
481 957 700 1026 χαλκὸς,
734 957 988 1028 λαμπρὸν
1025 958 1082 1010 δὲ
1115 958 1178 1027 δὴ
1222 958 1343 1012 λίαν
1382 959 1474 1010 καὶ
1497 957 1754 1026 διαφανὲς
1787 957 1878 1010 τοῦ

1982 963 2190 1017 clarum
2220 971 2303 1017 est
2327 979 2391 1017 ac
2416 963 2680 1018 lucidum.
2715 965 2862 1020 Inest
2909 974 3090 1020 autem
3149 979 3446 1038 utrumque
3495 971 3549 1025 in

299 1051 544 1123 ἀργύρου
577 1049 638 1101 τὸ
675 1051 882 1120 χρῆμα.
919 1050 1138 1104 Ἔνεστι
1180 1051 1238 1104 δὲ
1281 1051 1440 1103 τοῦτο
1464 1053 1576 1113 τοῖς
1608 1050 1877 1118 εὐαγγελι-

1981 1054 2297 1122 evangelico
2358 1055 2665 1123 praeconio:
2733 1070 2798 1109 ac
2849 1055 3037 1110 videre
3091 1056 3221 1112 licet
3255 1058 3551 1115 Salvatoris

298 1143 418 1204 κοῖς
465 1140 810 1211 κηρύγμασι,
847 1141 941 1195 καὶ
1000 1141 1208 1216 κατίδοι
1242 1159 1322 1204 τις
1358 1140 1445 1207 ἂν,
1503 1141 1598 1193 τοῦ
1628 1141 1876 1210 Σωτῆρος

2045 1144 2156 1199 »ειτί
2219 1144 2666 1214 praedicationem
2717 1159 2930 1200 summa
2986 1145 3189 1215 pietate
3235 1149 3435 1202 claram
3488 1165 3552 1204 ac
3613 1170 3623 1181 ·

297 1232 392 1286 τὸν
423 1233 600 1301 λόγον,
639 1233 832 1303 ἔχοντα
869 1233 968 1303 μὲν
1017 1233 1116 1305 τῆς
1161 1235 1241 1296 είς
1287 1234 1456 1304 ἄκρον
1513 1231 1788 1293 εὐσεϐείας
1819 1231 1875 1283 τὸ

1977 1251 2172 1306 puram
2185 1251 2327 1300 esse,
2345 1243 2399 1289 et
2423 1251 2523 1304 per
2543 1237 2859 1290 universum
2883 1235 3072 1290 orbem
3091 1244 3359 1292 terrarum
3396 1257 3547 1294 reso-

296 1323 490 1387 διειδές
533 1341 593 1376 τε
623 1324 714 1378 καὶ
735 1325 991 1395 καθαρὸν,
1011 1325 1139 1393 ὃλην
1154 1323 1208 1376 δὲ
1238 1322 1386 1378 ὥσπε
1395 1341 1426 1393 ρ
1443 1321 1874 1392 περιϐομϐοῦντα

1977 1344 2131 1382 nare.
2175 1327 2331 1394 Quod
2361 1328 2406 1383 si
2441 1329 2565 1397 quis
2587 1330 2722 1383 velit
2747 1337 2968 1384 sanctos
2999 1331 3278 1399 apostolos
3311 1339 3365 1385 ct
3389 1347 3552 1386 evan-

295 1412 396 1482 τὴν
418 1415 762 1485 οἰκουμένην.
794 1416 856 1468 Et
883 1416 940 1468 δὲ
971 1415 1033 1484 δή
1059 1433 1142 1477 τις
1174 1413 1350 1466 ἕλοιτο
1375 1415 1503 1476 τοὺς
1527 1413 1716 1480 ἁγίους
1738 1413 1873 1467 ἁπο-

1977 1423 2221 1493 gelistas,
2241 1432 2300 1476 ut
2324 1423 2378 1476 in
2403 1422 2676 1493 ejusmodi
2697 1424 2967 1477 columnis
2993 1423 3360 1494 praeﬁgurari,
3380 1425 3427 1480 is
3442 1442 3550 1479 non

298 1495 520 1568 στόλους
547 1507 640 1558 καὶ
668 1505 1060 1574 εὐαγγελιστάς
1095 1505 1169 1567 ὡς
1200 1507 1256 1557 ὲν
1299 1507 1409 1567 τοῖς
1461 1503 1689 1556 τοιοῖσδε
1716 1504 1876 1573 τυχὸν

1977 1514 2213 1568 absurde
2248 1514 2538 1584 cogitabit:
2581 1524 2708 1569 sunt
2735 1514 2882 1568 enim
2922 1531 3051 1571 sane
3087 1517 3244 1586 quasi
3281 1519 3549 1588 deargen-

298 1595 711 1649 ἁνατυποῦσθαι
741 1596 974 1659 στύλοις,
1005 1595 1268 1662 λογιεῖται
1297 1594 1364 1647 τὰ
1395 1592 1600 1646 εἰκότα.
1635 1593 1745 1645 Kal
1767 1595 1876 1662 γάρ

1979 1613 2124 1670 tata,
2155 1623 2280 1661 cum
2308 1607 2419 1661 sint
2439 1607 2641 1661 Christi
2671 1607 3034 1661 illuminantis
3073 1608 3387 1678 participes.
3441 1610 3550 1664 Ita-

295 1689 434 1740 εἰσιν
460 1687 677 1759 ἀληθῶς
707 1686 896 1757 ὥσπερ
928 1687 1333 1758 ἡργυρωμένοι,
1363 1685 1455 1740 διὰ
1479 1685 1539 1738 τὸ
1570 1687 1628 1738 ὲν
1663 1685 1873 1756 μεθέξει

1977 1713 2084 1768 que
2107 1697 2184 1751 ait
2203 1714 2229 1750 ελ
2251 1717 2269 1748 ι
2290 1698 2359 1751 Et
2395 1698 2501 1752 erit
2538 1698 2797 1767 splendor
2821 1698 3039 1752 Domini
3070 1699 3169 1754 Dei
3188 1699 3361 1754 nostri
3384 1709 3553 1770 super

293 1778 548 1848 γενέσθαι
573 1777 811 1849 Χριστοῦ
839 1779 933 1831 τοῦ
982 1778 1329 1848 φωτίζοντος.
1372 1778 1659 1849 Τοιγάρτοι
1717 1777 1870 1848 φησί’

1975 1804 2075 1843 nos
2109 1789 2173 1842 ".
2202 1807 2220 1840 ι
2253 1788 2611 1858 Appellantur
2644 1797 2946 1859 praaterea:
2983 1808 3002 1840 ι
3041 1790 3159 1844 Lux
3207 1791 3398 1845 mundi
3425 1792 3488 1844 °’.
3523 1810 3544 1842 ι

298 1888 317 1921 ι
346 1872 462 1924 Kal
496 1869 646 1923 ἔσται
672 1871 705 1940 ἡ
736 1867 1058 1942 λαμπρότης
1080 1868 1287 1937 Κυρίου
1323 1868 1417 1922 τοῦ
1449 1867 1583 1922 Θεοῦ
1606 1867 1764 1938 ἡμῶν
1788 1867 1873 1937 ἐφ’

1976 1880 2157 1948 Quid?
2208 1895 2392 1935 nonne
2459 1880 2628 1935 iidem
2704 1881 2803 1936 teri
2852 1881 3206 1952 deargentato
3251 1881 3554 1940 insistunt?

290 1964 462 2033 ἡμᾶς.
486 1981 503 2014 ι
523 1959 903 2031 Ὀνομάζονται
917 1959 973 2012 δὲ
989 1959 1083 2012 καὶ
1110 1958 1243 2012 (Τοῦ
1272 1959 1479 2029 κόσμου
1496 1959 1662 2028 φῶς,›
1689 1958 1868 2030 χαλκῷ

1973 1987 2100 2026 nam
2172 1973 2327 2028 velut
2386 1971 2792 2030 ﬁrmamentum
2839 1973 3112 2043 quoddam
3167 1973 3384 2030 illorum
3426 1985 3546 2044 est,

290 2052 349 2105 δὲ
399 2049 766 2122 περιαργύρῳ
806 2049 1087 2120 μονονουχὶ
1133 2049 1226 2102 καὶ
1277 2048 1666 2119 ἐμϐεϐηκότες.
1702 2050 1868 2119 Ἔρει·

1973 2063 2120 2133 quod
2177 2063 2486 2132 splendida,
2521 2063 2910 2134 resonantique
2945 2065 3334 2135 praedicatione
3379 2073 3549 2122 utun-

304 2159 425 2214 σμα
455 2143 564 2211 γὰρ
592 2141 797 2206 αὐτοῖς,
828 2138 1018 2210 ὥσπερ
1041 2137 1117 2208 τῷ
1138 2137 1377 2208 λαμπρῷ
1403 2138 1496 2190 καὶ
1519 2138 1874 2208 εύηχεστάτῳ

1973 2161 2095 2208 tur:
2123 2173 2140 2206 ‹
2163 2153 2426 2208 Dominus
2457 2155 2626 2219 enim,
2654 2173 2672 2206 ι
2691 2155 2890 2225 inquit,
2913 2175 2931 2206 ι
2953 2156 3107 2212 dabit
3135 2159 3362 2214 verbum
3384 2175 3551 2215 evan-

291 2233 601 2304 κεχρῆσθαι
621 2231 784 2303 λόγῳ.
807 2249 826 2283 ι
853 2231 1057 2302 Κύριος
1076 2229 1205 2298 γὰρ,
1247 2248 1266 2280 ι
1292 2230 1446 2299 φησὶ,
1480 2249 1497 2280 ι
1531 2228 1690 2282 δώσει
1723 2229 1869 2298 ῥῆμα

1971 2245 2334 2316 gelizantibus
2367 2245 2571 2300 virtute
2598 2247 2768 2300 multa
2810 2248 2850 2301 ¹.
2879 2266 2896 2299 ι
2934 2247 3226 2317 Speciosos
3264 2251 3396 2306 item
3425 2267 3547 2310 esse

288 2329 405 2389 τοῖς
451 2324 960 2394 εὐαγγελιζομένοις
1006 2321 1236 2390 δυνάμει
1293 2320 1484 2392 πολλῇ.
1511 2340 1530 2373 ι
1573 2322 1773 2393 Ὦραῖοι
1818 2321 1866 2374 δὲ

1757 2339 1773 2374 ι
1818 2321 1875 2374 δὲ
1971 2335 2141 2407 pedes
2173 2336 2668 2408 evangelizantium
2691 2337 2856 2404 bona,
2891 2338 3153 2409 scriptum
3181 2348 3266 2395 est
3291 2343 3331 2395 ¹.

288 2417 388 2468 καὶ
431 2416 483 2468 οἱ
528 2415 684 2478 πόδες
727 2413 836 2466 τῶν
878 2411 1382 2482 εὐαγγελιζομένων
1424 2412 1492 2465 τὰ
1544 2411 1744 2481 ἀγαθὰ,
1779 2411 1873 2481 γέ-

430 2539 474 2559 ..
521 2524 560 2560 ι.

290 2523 580 2651 γρῗΙί-ΙῘΛ.
625 2594 811 2660 Βαθὺς
839 2595 939 2666 μὲν
959 2597 986 2647 ὁ
1009 2593 1185 2661 λόγος,
1215 2591 1376 2664 πλὴν,
1405 2591 1661 2664 ἀληθείας
1685 2592 1868 2662 ἐγγύς.

2038 2587 2238 2644 PALL.
2264 2587 2568 2643 Reeondita
2593 2596 2678 2643 est
2702 2587 2804 2642 ista
2848 2587 3070 2658 quidem
3095 2586 3403 2658 expositio;
3445 2589 3541 2643 sed

1970 2688 2154 2734 tamen
2177 2680 2242 2734 ad
2272 2680 2561 2734 veritatem
2592 2679 2839 2750 proxime
2881 2681 3116 2736 accedit.

361 2766 530 2820 ΚΥΡ.
590 2764 1152 2836 Συμπεπερασμένων
1201 2765 1265 2837 δὴ
1316 2759 1409 2820 οὗν
1457 2764 1555 2818 καὶ
1609 2765 1718 2818 τῶν
1778 2767 1872 2820 ἐπὶ

2042 2771 2201 2827 CYR.
2227 2772 2362 2828 Cum
2386 2773 2556 2844 igitur
2599 2773 2666 2828 de
2701 2773 2890 2828 aulaeis
2933 2774 3232 2845 przecipere
3269 2775 3543 2843 desiisset,

286 2860 412 2920 ταῖς
461 2857 652 2919 αὐλαῖς
697 2857 1166 2927 τεθεσπισμένων.
1211 2859 1290 2921 είς
1342 2856 1522 2912 ἐλαίου
1551 2873 1612 2910 τε
1646 2857 1741 2911 xal
1771 2858 1864 2928 μύ-

1971 2862 2041 2916 ad
2071 2863 2199 2928 olei,
2229 2872 2285 2918 et
2313 2864 2601 2935 unguenti,
2640 2871 2697 2919 et
2729 2865 3145 2935 thymiamatum
3191 2868 3547 2938 compositio-

291 2965 390 3019 ρου
427 2948 524 3001 καὶ
585 2948 691 3020 μὴν
753 2948 848 3001 καὶ
896 2947 1258 3019 θυμιαμάτων
1322 2948 1647 3018 μετατρέπει
1703 2965 1869 3002 κατα-

1968 2969 2096 3009 nem
2131 2955 2350 3020 transit,
2374 2956 2449 3009 ita
2467 2955 2690 3011 dicens:
2712 2975 2729 3007 ‹
2756 2957 2824 3010 Et
2851 2965 2909 3010 tu
2939 2958 3171 3027 praecipe
3203 2958 3330 3012 ﬁliis
3350 2960 3544 3026 Israel,

287 3039 513 3111 σκευὴν,
541 3038 685 3093 οὕτω
712 3039 905 3108 λέγων·
967 3059 986 3092 ι
1013 3041 1125 3107 Kal
1170 3041 1257 3104 σὺ,
1293 3038 1551 3104 σύνταξον
1583 3042 1694 3102 τοῖς
1737 3042 1865 3104 υἱοῖς

1969 3051 2024 3098 et
2052 3045 2323 3114 accipiant
2347 3044 2448 3098 tibi
2482 3045 2667 3099 oleum
2711 3061 2779 3100 ex
2831 3046 3014 3110 olivis,
3063 3047 3408 3112 defaacatum,
3438 3064 3543 3118 pu-

299 3133 543 3203 Ἰσραήλ⁶
577 3134 672 3188 καὶ
701 3133 1012 3187 λαὸέτωσάν
1062 3150 1145 3186 σοι
1191 3133 1369 3187 ἔλαιον
1394 3133 1454 3198 ἐξ
1480 3133 1675 3187 ἐλαιῶν
1705 3135 1868 3206 ἄτρυ-

1969 3150 2112 3200 rum,
2140 3143 2455 3200 contusum,
2487 3136 2554 3190 ad
2579 3136 2783 3201 lumen,
2821 3144 2882 3190 ut
2921 3137 3110 3192 ardeat
3141 3138 3367 3193 lucerna
3400 3153 3547 3193 sem-

296 3239 419 3291 γον,
452 3223 711 3294 καθαρὸν,
744 3225 1084 3295 κεκομμένον
1103 3225 1182 3287 είς
1205 3225 1318 3294 φῶς
1343 3224 1562 3290 καῦσαι,
1595 3226 1679 3279 ἵνα
1710 3226 1867 3296 καίη-

1967 3240 2066 3296 per
2102 3228 2156 3279 in
2202 3227 2561 3281 tabernaculo
2595 3227 2918 3290 testimonii,
2970 3235 3124 3281 extra
3156 3228 3338 3283 velum
3397 3229 3543 3298 quod

285 3329 379 3367 ται
411 3313 602 3384 λύχνος
630 3315 920 3378 διαπαντὸς
970 3317 1028 3370 ὲν
1067 3318 1133 3387 τῇ
1192 3319 1365 3388 σκηνῇ
1398 3317 1492 3370 τοῦ
1542 3317 1862 3389 μαρτυρίου,

1965 3327 2052 3372 est
2083 3333 2248 3386 super
2284 3333 2471 3372 arcam
2511 3317 2837 3382 testimonii,
2874 3325 2931 3372 et
2961 3319 3226 3374 accendet
3253 3321 3402 3373 illam
3434 3320 3542 3374 Aa-

286 3407 491 3474 εξωθεν
521 3407 614 3462 τοῦ
641 3408 1132 3479 καταπετάσματος
1172 3407 1265 3460 τοῦ
1321 3408 1413 3461 ἐπὶ
1455 3409 1554 3477 τῆς
1579 3408 1862 3479 διαθήκης,

1967 3422 2086 3472 ron,
2119 3415 2174 3462 et
2201 3407 2295 3461 ﬁlii
2323 3408 2463 3477 ejus,
2483 3424 2514 3462 a
2534 3423 2760 3477 vespera
2789 3423 2964 3477 usque
2986 3408 3145 3478 321
3179 3424 3340 3463 mane
3356 3420 3541 3464 coram

286 3498 388 3552 καὶ
415 3497 609 3551 καύσει
640 3498 772 3552 αὐτὸ
793 3498 1044 3569 όἈαρὼν
1077 3497 1171 3552 καὶ
1190 3500 1237 3551 οἱ
1255 3497 1360 3552 uiol
1384 3499 1548 3552 αὑτοῦ
1574 3501 1667 3568 ἀφ’
1706 3501 1864 3554 ἐσπέ-

1967 3495 2216 3560 Domino,
2241 3496 2544 3567 legitimum
2583 3497 2981 3568 sempiternum
3037 3499 3094 3553 in
3139 3498 3430 3570 progenies
3451 3515 3545 3554 ve-

289 3605 393 3660 ρας
420 3589 527 3652 ἕως
556 3588 721 3660 πρωῒ,
759 3589 996 3643 ἐναντίον
1027 3589 1256 3660 Κυρίου,
1296 3590 1523 3660 νόμιμον
1548 3590 1762 3644 αἰώνιον
1786 3593 1865 3655 είς

1057 3589 1256 3660 ἱυρίου,
1296 3590 1523 3660 νόμιμον
1548 3590 1762 3644 αἰώνιον
1786 3593 1865 3655 είς
1965 3594 2108 3642 atras
2133 3603 2164 3640 a
2185 3587 2312 3643 ﬁliis
2336 3588 2504 3642 Israel
2530 3588 2573 3642 ³.
2617 3608 2635 3640 ι

283 3681 388 3745 τὰς
423 3681 618 3751 γενεὰς
650 3682 825 3753 ὑμῶν,
862 3683 1013 3753 παρὰ
1033 3683 1144 3736 τῶν
1176 3683 1309 3737 υἱῶν
1346 3683 1586 3755 Ἰσραήλ.
1629 3701 1648 3736 ι

356 3772 566 3828 ΠΔΛΛ.
606 3773 718 3826 Καὶ
744 3772 798 3826 τί
825 3772 889 3844 δὴ
908 3770 1064 3826 τοῦτό
1092 3775 1242 3827 ἐστιν
1266 3789 1281 3838 ;

2035 3764 2231 3820 PALL.
2263 3764 2406 3832 Quid
2432 3765 2577 3821 istud
2603 3767 2820 3822 tandem
2848 3769 2965 3824 est?

355 3861 521 3918 ΚΥΡ.
570 3862 1026 3932 Ἀναγκαιοτάτην
1066 3861 1179 3934 ἔχει
1225 3863 1326 3933 τὴν
1370 3862 1621 3933 δήλωσιν,
1655 3862 1748 3916 καὶ
1778 3879 1867 3916 σο-

2033 3856 2190 3912 CYR.
2237 3857 2619 3912 Necessarium
2648 3873 2779 3914 sane
2804 3859 2860 3912 in
2883 3859 3078 3930 primis
3102 3867 3164 3914 ut
3207 3859 3541 3928 declaretur,

285 3953 388 4022 φὺν
427 3951 566 4006 εἶναί
596 3970 740 4024 φημι
767 3952 829 4007 τὸ
856 3953 1121 4025 αἴνιγμα’
1158 3952 1300 4006 ἑπτὰ
1336 3953 1434 4024 μὲν
1479 3952 1588 4024 γὰρ
1627 3953 1862 4023 λύχνοις,

1969 3958 2020 4004 et
2047 3949 2244 4003 scitum
2264 3963 2382 4003 esse
2405 3949 2635 4020 aenigma
2655 3965 2854 4004 censeo
2879 3967 2891 4003 :
2921 3966 3045 4004 nam
3069 3959 3279 4020 septem
3301 3953 3547 4007 lucernis

285 4045 602 4116 καιομένοις
656 4063 716 4099 τε
747 4046 834 4100 ἀεὶ
871 4047 966 4099 καὶ
989 4046 1266 4114 φαίνουσιν
1298 4046 1355 4100 ἐν
1397 4047 1464 4117 τῇ
1504 4044 1634 4116 ἁγίᾳ
1668 4047 1860 4117 σκηνῇ,

1964 4039 2317 4102 ardentibus,
2356 4053 2421 4093 ac
2464 4054 2683 4108 semper
2716 4042 2772 4092 in
2815 4038 3170 4093 tabernaculo
3205 4040 3541 4107 lucentibus,

287 4137 381 4190 τὸν
412 4138 502 4192 διὰ
552 4137 789 4209 Χριστοῦ
839 4138 1117 4209 φωτισμὸν
1163 4137 1562 4209 παρεικαστέον
1602 4133 1661 4191 εὖ
1696 4138 1860 4209 μάλα,

1963 4129 2166 4186 Christi
2208 4129 2535 4182 illuminatio
2575 4129 2854 4198 aptissime
2897 4137 3264 4200 comparatur,
3308 4147 3430 4202 quae.
3471 4133 3541 4188 ad

289 4230 528 4302 διαρκῶς
553 4230 744 4303 ἔχοντα
773 4231 908 4302 πρὸς
932 4231 992 4284 τὸ
1020 4231 1318 4303 ὲλλάμπειν
1341 4230 1596 4285 δύνασθαι
1619 4231 1712 4284 καὶ
1733 4231 1864 4284 ἀνα-

1961 4221 2176 4276 animos
2213 4219 2456 4274 ﬁdelium
2496 4219 2882 4285 illustrandos,
2930 4227 3094 4290 atque
3131 4223 3539 4291 accendendos,

289 4323 490 4389 καίειν,
517 4325 635 4394 ἦτοι
669 4321 1027 4394 άναμεστοῦν,
1055 4322 1164 4376 τῶν
1194 4323 1553 4375 πιστευόντων
1583 4321 1674 4376 τὸν
1714 4321 1859 4375 νοῦν.

1965 4309 2425 4380 complendosque
2456 4308 2654 4364 suﬁicit
2691 4327 2704 4362 :
2743 4325 2867 4364 nam
2898 4311 3240 4380 septenarius
3275 4329 3543 4370 numerus

302 4412 561 4484 Ἀριθμὸς
599 4413 708 4484 γάρ
736 4431 853 4476 πως
899 4415 926 4467 ὁ
963 4414 1042 4476 είς
1080 4411 1221 4466 ἑπτὰ
1249 4411 1347 4483 τὴν
1384 4411 1486 4481 τῆς
1530 4410 1862 4476 τελειώσεως

1963 4403 2168 4473 ubique
2189 4401 2640 4472 signiﬁcationem
2657 4401 3010 4470 perfectionis
3031 4403 3290 4470 insinuat,
3324 4414 3387 4459 ut
3412 4421 3539 4462 cum

286 4474 520 4569 δήλωσιν
540 4474 867 4572 ῦπεμφαίνει
892 4474 1160 4572 πανταχῆ.
1197 4500 1284 4565 Ὠς
1305 4474 1361 4554 ἓν
1387 4474 1455 4569 γε
1474 4499 1551 4571 τῷ
1577 4502 1742 4570 φάναι
1769 4474 1860 4554 τυξ

1994 4493 2118 4548 λθὼὶ
2138 4492 2311 4563 gratia
2327 4491 2461 4546 dicit
2481 4509 2525 4544 ε(
2550 4489 2765 4545 Sterilis
2787 4498 2967 4545 autem
2988 4493 3201 4562 peperit
3219 4503 3426 4564 septem
3445 4495 3487 4559 ⁸,
3510 4474 3572 4569 ›

289 4593 403 4663 χδν,
444 4611 464 4644 ι
504 4592 697 4662 Στεῖρα
720 4591 776 4644 δὲ
800 4591 986 4646 ἔτεκεν
1019 4591 1178 4656 ἑπτὰ,
1217 4609 1234 4643 ι
1276 4592 1420 4645 τοῦτ’
1454 4591 1568 4645 ἐστι
1591 4631 1604 4656 ,
1636 4591 1861 4645 πλεῖστά

1966 4586 2021 4641 id
2048 4594 2152 4651 est,
2185 4583 2473 4656 plurimos,
2505 4590 2561 4636 et
2585 4590 2719 4651 quot
2743 4595 2880 4650 opus
2908 4588 3028 4635 erat
3059 4591 3120 4636 ut
3155 4582 3292 4637 satis
3330 4592 3535 4638 essent.

288 4701 344 4736 τε
366 4685 460 4737 καὶ
490 4684 589 4736 ὅσα
613 4683 778 4754 ἐχρῆν
807 4679 946 4754 εἶναι
974 4683 1107 4753 πρὸς
1129 4683 1477 4754 αὐτάρκειαν.
1516 4682 1859 4736 Ἀνακαίουσι

1964 4675 2286 4732 Accendunt
2326 4688 2490 4744 porro
2528 4674 2779 4728 lucernas
2806 4673 3006 4737 Aaron,
3035 4679 3092 4727 et
3127 4672 3321 4743 reliqui
3352 4689 3537 4728 sacer-

289 4771 342 4824 δὲ
359 4775 486 4836 τοὺς
509 4746 749 4843 λύχνους⁷
773 4746 986 4845 Ἀαρών
1011 4746 1072 4825 τε
1091 4746 1201 4826 καὶ
1230 4746 1285 4824 oi
1310 4772 1508 4837 λοιποὶ,
1539 4774 1588 4824 οἱ
1619 4772 1713 4824 καὶ
1744 4773 1859 4840 μετ’

1960 4769 2137 4830 dotes,
2166 4767 2261 4835 qui
2301 4765 2354 4819 ei
2398 4772 2817 4828 successerunt;
2847 4779 2958 4818 non
2988 4763 3134 4818 enim
3171 4763 3538 4836 exstinguitur

292 4863 455 4916 αὐτὸν
497 4865 684 4934 ἱερεῖς.
719 4864 1016 4928 Ἀσϐεστος
1040 4863 1148 4934 γὰρ
1184 4862 1372 4934 ὥσπερ
1394 4865 1421 4916 ό
1450 4863 1602 4934 παρὰ
1625 4863 1860 4934 Χριστοῦ

1959 4862 2051 4916 illa
2075 4858 2283 4914 Christi
2309 4856 2659 4921 illuminatio,
2695 4872 2816 4926 quae
2847 4855 2903 4910 in
2931 4855 3200 4922 ecclesiis,
3223 4871 3412 4913 eorum
3441 4859 3534 4928 qui

289 4953 566 5023 φωτισμδς
593 4950 652 5007 ὲν
687 4954 1034 5025 Ἐκκλησίαις
1075 4953 1302 5019 σώζεται
1332 4955 1451 5018 ταῖς
1478 4953 1588 5007 τῶν
1617 4952 1862 5024 ἱερᾶσθαι

1959 4951 2028 5006 ad
2065 4946 2356 5005 sacerdotii
2392 4961 2594 5000 munus
2628 4945 2928 5016 eliguntur,
2958 4945 3232 5015 probitate
3259 4957 3531 5013 servatur,

289 5047 720 5118 κεκληρωκότων
778 5048 1102 5110 ὲπιεικείαις
1131 5088 1146 5113 ,
1205 5047 1256 5100 οἳ
1299 5049 1418 5109 ταῖς
1473 5045 1552 5108 είς
1589 5045 1863 5116 ὀρθότητα

1961 5041 2091 5096 dum
2114 5039 2279 5094 rectis
2307 5036 2612 5106 disciplinis
2638 5035 2848 5091 animos
2869 5036 3209 5092 credentium
3238 5037 3532 5094 illustrant.

294 5138 698 5208 μυσταγωγίαις
727 5138 819 5192 τὺν
840 5139 946 5192 τῶν
964 5137 1324 5193 πιστευόντων
1344 5134 1865 5206 καταλαμπρύνουσι

1963 5133 2078 5187 Hoc
2101 5130 2270 5194 enim,
2307 5135 2368 5182 ut
2389 5127 2604 5198 opinor,
2631 5137 2715 5182 est
2743 5143 2773 5182 a
2794 5143 3022 5198 vespera
3048 5143 3222 5199 usque
3253 5145 3413 5184 mane
3445 5145 3535 5185 ar-

290 5229 434 5283 νοῦν.
471 5231 634 5284 Τουτὶ
678 5230 808 5300 γὰρ,
858 5225 1034 5299 οἶμαι,
1065 5228 1182 5281 ἔστι
1225 5228 1287 5281 τὸ
1333 5225 1689 5282 άνακαίεσθαι
1735 5225 1863 5290 τοὺς

1959 5225 2091 5280 dere
2121 5223 2394 5277 lucernas.
2436 5219 2714 5274 Tenebras
2746 5227 2928 5273 autem
2955 5234 3076 5274 esse
3107 5227 3240 5290 puto
3265 5234 3531 5282 errorem,

288 5320 514 5392 λύχνους
550 5321 660 5376 ἀπὸ
704 5321 944 5392 ἑσπέρας
990 5321 1096 5384 ἕως
1138 5321 1304 5392 πρωῒ.
1360 5319 1588 5374 Σκοτίαν
1623 5318 1680 5372 δὲ
1708 5312 1865 5388 οἶμαι

1959 5314 2027 5368 ad
2063 5327 2225 5382 quem
2255 5309 2506 5365 diabolus
2533 5309 2785 5379 impellit,
2811 5325 2875 5363 ac
2899 5309 3239 5379 spiritualem
3268 5309 3530 5378 quodam-

287 5412 384 5484 τὴν
417 5415 484 5466 ὲκ
514 5411 760 5465 διαϐόλου
795 5412 1082 5483 πλάνησιν,
1137 5413 1230 5466 καὶ
1273 5411 1468 5483 νοητὴν
1506 5412 1699 5482 ὥσπερ
1739 5407 1862 5462 τινὰ

1958 5405 2122 5459 modo
2158 5409 2378 5458 noctem
2405 5401 2605 5456 animis
2632 5400 2914 5454 hominum
2937 5399 3188 5464 oﬂ‘usam,
3214 5412 3412 5452 censeo
3438 5411 3527 5452 ne-

289 5501 456 5556 νύκτα
488 5501 630 5556 κατὰ
666 5499 790 5555 νοῦν
823 5502 1133 5572 ἀνθρώποις
1188 5501 1612 5572 συμϐαίνουσαν,
1645 5502 1715 5556 τὰ
1744 5500 1855 5554 τῶν

1957 5495 2223 5550 fariorum
2246 5491 2629 5547 hareticorum
2669 5491 2931 5544 obscuras
2955 5489 3432 5557 tenebricosasque
3454 5491 3535 5546 fa-

377 5614 424 5646 "
447 5615 592 5670 Psal.
626 5629 841 5683 uxxrx,
876 5617 964 5671 l7.
1041 5618 1086 5651 ”
1107 5616 1299 5674 Matth.
1329 5633 1384 5684 v,
1408 5615 1511 5690 μ.
1597 5616 1616 5649 ⁸
1659 5613 1802 5672 Psal.

294 5683 318 5718 ⁸
344 5684 370 5739 ι
397 5679 535 5756 Reg.
566 5700 624 5751 ιι,
658 5684 713 5738 5.

1948 5624 2070 5674 xvn,
2127 5605 2214 5659 12.
2305 5602 2461 5657 'lsa.
2519 5617 2608 5666 LII,
2669 5602 2720 5654 7.
2823 5599 3044 5654 aExod.
3093 5614 3257 5663 xxvn,
3299 5597 3391 5668 20,
3441 5595 3526 5658 21.

521 5725 535 5740 ο
566 5722 624 5751 Il,
658 5722 713 5738 νο
