3996 6212
447 302 554 366 οιδ

1466 299 1520 355 ες
1562 298 1838 356 CYRILLI
1876 290 2346 353 ALEXANDRINI
2378 292 2676 353 ARCHIEP

3032 278 3061 292 ὀ

3595 290 3708 347 ειι

449 426 626 481 bulas.
641 423 973 493 Perpetuam
994 419 1161 491 igitur
1183 434 1245 472 ac
1268 419 1397 488 juge
1422 417 1593 472 nostri
1624 415 1922 470 Salvatoris
1942 415 2029 469 Iu-

2138 414 2363 468 ἀνοσίων
2393 412 2683 484 αἱρετικῶν
2732 408 2949 479 ἀφεγγῆ
2987 425 3045 461 τε
3071 408 3163 462 καὶ
3192 404 3412 479 ἀμυδρά
3442 406 3712 480 μυθάρια.

454 530 580 570 men
601 513 657 568 in
677 512 938 567 Ecclesiis
959 508 1259 571 videbitur,
1290 507 1335 561 si
1358 520 1546 560 earum
1578 504 1823 574 magistri
1849 503 2034 557 divina

452 603 873 673 evangelicaque
914 598 1185 669 praeconia
1222 606 1369 651 recte
1412 597 1861 665 interpretentur.
1897 594 2034 647 Pur—

450 705 632 767 gatum
670 708 835 763 porro
876 703 958 746 est
999 692 1179 746 oleum
1214 707 1228 756 ;
1265 705 1389 743 nam
1417 689 1485 743 ab
1524 688 1672 741 omni
1707 687 1837 741 faece
1874 695 2035 755 atque

450 784 813 841 crassitudine
845 798 1069 852 prorsus
1095 788 1306 837 remota
1331 786 1419 834 est
1453 780 1540 833 illa
1570 778 1637 832 de
1665 778 1869 832 divinis
1898 777 2035 847 dog-

451 877 612 931 matis
648 884 796 930 recta
824 891 887 929 ac
918 890 1067 937 vera,
1094 884 1150 929 et
1189 873 1365 927 omnis
1390 872 1509 925 vitii
1547 886 1743 940 expers
1772 870 2035 940 praedica-

452 969 550 1032 tio,
576 983 697 1038 qua:
722 968 868 1021 illam
896 965 1194 1020 Salvatoris
1219 964 1392 1019 nostri
1418 962 1875 1017 illuminationem
1898 976 2038 1015 sem-

451 1073 552 1129 per
571 1059 806 1123 excitat;
842 1072 949 1111 non
978 1057 1123 1125 quod
1148 1056 1263 1125 ipsa
1288 1070 1386 1125 per
1413 1070 1471 1108 se
1503 1052 1710 1122 aliquid
1740 1052 1807 1106 ad
1830 1052 2036 1106 Christi

386 1201 397 1209 ,
451 1148 796 1218 Splendorem
845 1146 1065 1215 adjiciat
1129 1146 1285 1216 (nam
1352 1145 1505 1197 illum
1556 1151 1749 1213 putare
1798 1142 2037 1198 hominis

452 1252 620 1310 Opera
663 1238 928 1307 indigere,
966 1252 1193 1290 summa:
1240 1236 1532 1291 dementia:
1564 1235 1692 1304 est),
1726 1235 1822 1289 sed
1865 1235 2033 1305 quod,

452 1345 576 1385 cum
611 1329 704 1383 lux
736 1343 864 1381 vera
897 1336 952 1380 et
978 1327 1237 1396 splendor
1283 1327 1461 1381 Patris
1501 1326 1573 1378 sit
1619 1323 1890 1386 Christus,
1934 1325 2035 1379 do-

455 1427 668 1474 ctorum
700 1417 863 1470 rectis
884 1416 1366 1485 praedicationibus
1392 1417 1652 1485 idipsum,
1677 1416 1823 1483 quod
1849 1431 2038 1471 revera

451 1515 557 1571 est,
586 1504 924 1559 credentium
950 1504 1227 1559 mentibus
1254 1514 1535 1575 appareat.

2133 507 2392 576 Διηνεκές
2423 501 2516 559 οὖν
2546 505 2654 575 ἄρα
2704 503 2795 556 καὶ
2828 499 3204 569 ἀκατάληκτον
3239 498 3334 551 τοῦ
3369 499 3619 570 Σωτῆρος
3648 498 3715 553 τὸ

2135 599 2252 667 φῶς
2299 599 2473 667 ὁρῷτο
2517 599 2582 651 ἂν
2622 598 2683 647 ὲν
2730 591 3094 664 Ἐκκλησίαι;.
3122 590 3583 661 διερμηνευόντων
3612 590 3716 661 δρα

2134 689 2243 752 θῶς
2268 689 2335 741 τά
2365 687 2485 740 θεῖά
2530 704 2588 739 τε
2620 684 2713 739 καὶ
2758 682 3088 755 εὐαγγελικά
3132 682 3465 751 κηρύγματα
3505 680 3618 735 τῶν
3652 684 3715 734 ὲν

2134 782 2323 842 αὑταῖς
2367 778 2723 831 διδασκάλων.
2771 775 3026 844 Καθαρδν
3072 773 3125 826 δὲ
3157 771 3217 825 τὸ
3256 772 3432 826 ἔλαιον
3464 788 3476 800 ⁸
3506 773 3714 843 τρυγὸς

2133 876 2243 945 γὰρ
2267 874 2457 943 ὥσπερ
2484 873 2576 926 καί⁵
2603 871 2664 942 ρύ
2675 889 2773 924 που
2800 870 2998 932 παντὸς
3031 868 3376 938 ἀπήλλακται
3431 866 3716 931 παντελῶς

2132 967 2162 1019 ὁ
2203 968 2329 1035 περί
2363 984 2427 1035 γε
2466 965 2575 1018 τῶν
2609 964 2766 1017 θείων
2787 963 3071 1033 δογμάτων
3100 960 3259 1031 ὀρθός
3284 977 3342 1012 τε
3373 960 3467 1012 καὶ
3501 959 3718 1029 ἀληθὴς

2134 1058 2232 1111 καὶ
2266 1056 2474 1128 ἀμιγὴς
2509 1055 2602 1108 τοῦ
2643 1054 2884 1126 χείρονος
2915 1053 3093 1121 λόγος,
3131 1053 3190 1115 ὃς
3218 1052 3305 1104 ἀεὶ
3335 1050 3427 1104 τοῦ
3457 1050 3721 1121 Σωτῆρος

2134 1148 2336 1218 ἐγείρει
2383 1148 2474 1200 τὸν
2505 1145 2803 1216 φωτισμὸν,
2838 1146 2936 1198 οὐκ
2968 1143 3129 1202 αὐτὸς
3154 1139 3365 1197 οἴκοθέν
3403 1160 3457 1195 τι
3488 1158 3722 1213 προστιο

2136 1241 2246 1304 θεὶς
2270 1241 2350 1302 εἰς
2371 1239 2729 1309 λαμπρότητα
2754 1236 2831 1306 τῷ
2860 1236 3081 1307 Χριστῷ
3124 1236 3341 1305 (κομιδῇ
3378 1234 3488 1304 γὰρ
3517 1234 3718 1304 εὔηθες

2134 1333 2196 1386 τὸ
2240 1331 2530 1403 ἀνθρώπου
2580 1328 2783 1384 δεῖσθαι
2819 1328 3061 1398 νομίζειν
3092 1326 3299 1395 αὐτὸν),
3330 1325 3444 1377 ἀλλ’
3474 1325 3561 1378 ὃτι
3594 1326 3717 1393 φῶς

2135 1423 2197 1476 τὸ
2239 1422 2491 1492 ἀληθινὸν
2534 1422 2626 1474 καὶ
2659 1419 3000 1489 ἀπαύγασμα
3023 1418 3115 1470 τοῦ
3159 1416 3371 1487 Πατρὺς
3395 1415 3663 1485 ὑπάρχων
3689 1418 3718 1467 ὁ

2136 1514 2393 1583 Χριστὸς,
2450 1516 2563 1573 τοῖς
2601 1515 2679 1574 εἰς
2705 1511 2973 1582 ὀρθότητα
2999 1508 3108 1561 τῶν
3141 1506 3477 1560 διδασκάλων
3507 1506 3715 1572 λόγοις,

2135 1604 2279 1658 τοῦθ’
2307 1604 2445 1673 ὅπερ
2478 1604 2627 1655 ἐστὶν
2662 1601 2899 1671 ἀληθῶς,
2923 1602 3040 1662 ταῖς
3070 1598 3177 1651 τῶν
3206 1597 3571 1651 πιστευόντων
3598 1596 3719 1650 am.

2136 1693 2303 1756 νοίαις
2351 1693 2617 1760 φαίνεται.

526 1782 723 1840 PALL.
746 1782 856 1839 Cur
880 1796 1063 1840 autem
1088 1782 1268 1837 oieum
1293 1797 1358 1836 ex
1385 1781 1545 1837 olivis
1566 1798 1685 1838 esse
1712 1782 1879 1837 dicit?
1898 1782 2031 1837 Nam

2207 1786 2416 1839 HAAA.
2446 1786 2552 1838 Καὶ
2585 1784 2728 1837 διατί
2763 1783 2823 1837 τὸ
2859 1783 3037 1836 ἔλαιον
3070 1781 3130 1847 ἐξ
3156 1780 3350 1835 ἐλαιῶν
3384 1778 3525 1834 εἶναί
3547 1785 3715 1850 (pact:

452 1876 623 1933 verba
654 1883 762 1930 tam
796 1885 1051 1930 accurate
1080 1875 1224 1929 dicta
1254 1873 1486 1929 fortasse
1519 1875 2034 1944 contemplationem

449 1965 692 2037 aliquam
727 1965 1092 2020 necessariam
1136 1964 1437 2018 continent.

527 2054 683 2111 CYR.
719 2054 933 2124 Optime
967 2054 1265 2109 existimas.
1318 2055 1503 2109 Dicam
1554 2053 1737 2124 itaque
1779 2053 1925 2125 quod
1981 2054 2036 2108 in

456 2157 696 2201 mentem
727 2145 895 2200 venit.
939 2146 1061 2201 Non
1104 2160 1172 2199 ex
1215 2146 1375 2199 olivis
1414 2146 1611 2209 solum,
1657 2145 1883 2210 Palladi,
1929 2146 2037 2200 olei

456 2250 616 2293 usum
653 2253 897 2308 qnzerere
929 2238 1109 2292 solent
1136 2238 1406 2308 ejusmodi
1435 2254 1618 2292 rerum
1644 2238 1829 2308 periti,
1855 2237 1949 2292 sed
1970 2255 2035 2293 ex

456 2322 581 2383 aliis
612 2327 1030 2398 quamplurimis
1067 2328 1290 2392 alienis,
1324 2329 1781 2397 terrestribusque
1811 2327 2036 2381 semini-

456 2417 562 2473 bus
588 2437 603 2472 :
630 2426 793 2488 atque
818 2417 952 2473 illud
973 2417 1196 2488 quidem
1218 2419 1494 2474 sincerum
1521 2436 1588 2474 ex
1614 2420 1772 2473 olivis
1802 2428 1885 2474 est
1907 2435 2036 2489 pro-

457 2506 784 2573 hatissimis;
819 2507 1187 2562 adulterinum
1219 2523 1406 2577 porro,
1430 2517 1487 2561 et
1513 2507 1567 2561 vi
1597 2507 1851 2577 quadam,
1886 2515 1941 2561 et
1971 2523 2040 2562 ex

455 2608 575 2656 arte
608 2600 827 2664 factam,
854 2599 1015 2668 322
1047 2606 1104 2654 et
1130 2599 1535 2669 quodammodo
1568 2600 1793 2654 minime
1822 2614 2037 2666 verum,

457 2690 593 2747 illud
621 2692 903 2755 nimirum,
929 2691 1076 2760 quod
1106 2706 1136 2745 e
1171 2692 1534 2747 terrestribus
1567 2691 1873 2746 seminibus
1904 2706 2039 2746 con-

458 2778 661 2834 ﬁeitur.
707 2780 945 2835 Sincera:
990 2780 1157 2850 igitur
1209 2796 1272 2836 ac
1301 2796 1448 2836 verte
1482 2781 1874 2851 prwdicationi,
1919 2796 2041 2851 qua:

458 2883 558 2939 per
587 2884 881 2938 supernam
916 2869 1237 2938 sapientiam
1273 2870 1342 2924 iis
1365 2870 1461 2938 qui
1491 2878 1619 2923 sunt
1664 2870 1846 2924 idonei
1905 2871 2039 2925 sub-

461 2959 823 3023 ministratur,
865 2960 1044 3014 oleum
1089 2975 1156 3013 ex
1200 2960 1360 3014 olivis
1403 2959 1711 3014 confectum
1761 2960 2039 3029 aptissime

458 3056 824 3118 comparatur.
860 3048 996 3102 Illud
1019 3063 1151 3103 vero
1176 3064 1369 3118 genus,
1400 3048 1545 3118 quod
1574 3064 1642 3104 ex
1671 3049 1923 3104 humanis
1946 3065 2038 3104 co-

458 3140 643 3212 gitatis
674 3147 729 3195 et
778 3138 1038 3193 instinctu
1062 3140 1397 3195 dmmoniaco
1414 3150 1691 3210 repertum
1712 3150 1816 3205 est,
1836 3142 1884 3194 ei
1909 3157 2037 3210 per-

459 3230 637 3285 simile
664 3230 785 3283 oleo
812 3228 1048 3293 videtur,
1072 3231 1217 3300 quod
1240 3246 1306 3285 ex
1334 3231 1696 3300 quorumdam
1721 3242 1838 3286 arte
1873 3242 1929 3286 et
1961 3241 2039 3287 ta-

458 3319 842 3374 bernariorum
891 3333 1057 3389 opera
1098 3320 1422 3386 conﬁcitur,
1471 3322 1736 3391 cujusque
1780 3338 1912 3377 usus
1956 3330 2039 3378 est

458 3408 684 3464 minime
710 3409 1007 3479 legitimus.
1044 3410 1259 3464 Inutilis
1294 3426 1459 3480 porro
1485 3421 1568 3466 est
1595 3412 1864 3483 ejusmodi
1897 3429 2037 3483 pne-

457 3500 678 3564 dicatio,
712 3509 768 3554 et
795 3499 1109 3571 rejicienda,
1133 3510 1189 3555 et
1211 3502 1434 3555 omnino
1458 3502 1525 3555 ad
1556 3503 1798 3557 scientiae
1833 3502 2037 3559 Christi

458 3588 913 3645 illuminationem
944 3592 1210 3646 ineﬁieax.
1239 3593 1425 3661 Itaque
1449 3593 1505 3645 in
1530 3593 1791 3649 Ecclesiis
1813 3595 2038 3651 minime

458 3684 746 3753 recipitur,
779 3700 956 3753 neque
987 3685 1339 3754 fragrantiam
1369 3685 1542 3739 sancti
1570 3685 1807 3755 Spiritus
1828 3687 1993 3743 habet
2020 3707 2033 3742 :

466 3790 487 3823 ε
520 3772 691 3826 Nemo
719 3774 923 3842 quippe
952 3774 1105 3837 dicit,
1142 3774 1406 3829 Dominus
1444 3774 1625 3840 Iesus,
1666 3775 1771 3830 nisi
1811 3776 1867 3831 in
1912 3777 2036 3847 Spi—

458 3862 569 3917 ritu
602 3873 793 3918 sancto
828 3866 889 3931 ⁸;
947 3882 965 3915 ι
1019 3880 1198 3935 neque
1238 3865 1609 3921 sinceritatem
1645 3883 1709 3922 ac
1743 3868 2036 3938 puritatem

456 3956 728 4020 veritatis,
764 3965 860 4011 aut
892 3972 1052 4012 usum
1078 3958 1338 4029 aliquem,
1369 3960 1463 4030 qui
1499 3960 1907 4032 intelligentiam
1937 3963 2037 4019 ad-

452 4050 629 4120 juvet.
663 4050 801 4104 Illud
851 4058 1033 4106 autem
1076 4050 1336 4106 observes
1377 4052 1572 4116 uelim,
1619 4052 1794 4124 legem
1840 4056 2036 4125 praeci-

460 4155 592 4209 pere
644 4149 705 4195 ut
744 4158 774 4196 a
808 4141 935 4197 ﬁliis
957 4143 1121 4197 Israel
1151 4143 1417 4213 ejusmodi
1448 4159 1516 4199 ex
1544 4145 1704 4201 olivis
1737 4147 1919 4201 oleum
1952 4147 2035 4202 af-

453 4229 666 4284 feratur
691 4249 704 4285 :
732 4239 790 4286 ut
812 4233 959 4286 enim
989 4235 1152 4303 paulo
1181 4244 1306 4291 ante
1329 4236 1464 4301 dixi,
1490 4238 1808 4306 praedicatio
1831 4241 2035 4295 verita-

454 4318 527 4374 tis
560 4320 672 4376 Dco
699 4330 953 4393 tanquam
978 4324 1191 4381 fructus
1242 4327 1464 4395 quidam
1506 4336 1671 4397 atque
1697 4329 1901 4386 oblatio
1926 4331 2038 4401 spi-

2133 1876 2410 1942 τοιγάρτοι
2440 1875 2561 1927 λίαν
2594 1874 2818 1944 ἀκριϐὲς
2838 1873 2932 1927 τοῦ
2946 1874 3122 1942 λόγου,
3162 1873 3300 1943 τάχα
3328 1890 3381 1925 τι
3410 1872 3522 1925 τῶν
3544 1850 3716 1940 ἀπηγ-

2135 1966 2304 2020 καίων
2342 1965 2519 2018 ὡδίνει
2544 1963 2937 2035 θεωρημάτων.

2205 2056 2369 2108 ΚΥΡ.
2400 2056 2632 2126 Ἀριστα
2657 2055 2862 2125 διανοῇ,
2892 2055 2987 2109 καὶ
3015 2054 3139 2123 τόγε
3170 2057 3249 2118 εἰς
3271 2054 3394 2108 νοῦν
3419 2048 3557 2126 ἧκον
3580 2053 3713 2126 ὲρῶι

2136 2146 2249 2199 υὺκ
2272 2148 2336 2197 ὲκ
2356 2145 2531 2215 μόνων
2551 2146 2680 2214 ἡμῖν
2698 2145 2911 2208 ἐλαιῶν,
2934 2137 2979 2196 ὧ
2998 2143 3281 2209 Παλλάδιε,
3297 2145 3394 2216 τὴν
3413 2145 3508 2198 τοῦ
3527 2145 3713 2198 ἐλαίου

2136 2237 2325 2307 χρείαν
2375 2235 2716 2305 ἐπιτηδεύειν
2770 2235 2889 2297 ἔθος
2936 2238 3050 2298 τοῖς
3096 2236 3269 2289 ταῦτα
3323 2238 3543 2304 σοφοῖς,
3577 2234 3718 2288 ἀλλά

2136 2329 2231 2382 καὶ
2249 2326 2526 2397 ἐξὲτέρων
2544 2328 2684 2380 ὅσων
2730 2326 2900 2380 νόθων
2927 2344 2986 2379 τε
3012 2329 3107 2380 καὶ
3135 2327 3515 2396 γεωδεστέρων
3544 2344 3717 2398 cmp-

2140 2420 2344 2486 μάτων.
2380 2418 2488 2471 Καὶ
2513 2417 2575 2470 τὸ
2606 2418 2703 2487 μὲν
2732 2420 2954 2489 γνήσιον
2981 2419 3195 2488 ἀληθῶς
3239 2421 3297 2483 ἐξ
3324 2419 3520 2473 ἐλαιῶν
3559 2418 3716 2471 ἔσται

2136 2508 2241 2561 τῶν
2294 2508 2698 2579 δοκιμωτάτων,
2751 2509 2997 2579 κίϐδηλον
3046 2509 3102 2561 δέ
3136 2527 3247 2574 πως
3289 2509 3348 2561 τὸ
3392 2509 3467 2572 ὡς
3508 2510 3581 2561 ὲκ
3621 2525 3715 2578 μου

2136 2599 2318 2671 χλείας
2354 2601 2448 2652 καὶ
2477 2599 2692 2671 τέχνης,
2724 2601 2819 2652 καὶ
2856 2599 3019 2653 οἱονεί
3048 2618 3165 2665 πως
3193 2602 3293 2653 οὐκ
3313 2601 3528 2670 ἀληθὲς,
3560 2603 3625 2653 τ’)
3651 2604 3714 2655 ὲκ

2139 2691 2466 2761 σπερμάτων
2490 2690 2598 2742 τῶν
2627 2690 3026 2762 γεωδεστέρων,
3059 2693 3222 2763 φημί.
3258 2692 3465 2744 Οὐκοῦν
3486 2693 3636 2763 λόγῳ
3653 2709 3712 2745 τε

2135 2785 2214 2855 τῷ
2249 2786 2526 2855 ἀκιϐδήλῳ
2563 2786 2655 2838 καὶ
2682 2783 2892 2853 ἀληθεῖ,
2923 2782 3016 2836 καὶ
3038 2783 3125 2835 διὰ
3158 2783 3349 2851 σοφίας
3376 2783 3474 2853 τῆς
3502 2782 3713 2836 ἄνωθεν

2135 2879 2246 2939 τοῖς
2275 2878 2444 2943 ἀξίοις
2471 2877 2881 2948 χορηγουμένῳ,
2900 2874 2960 2927 τὸ
2979 2873 3038 2938 ἐξ
3059 2874 3251 2927 ἐλαιῶν
3273 2874 3448 2927 ἔλαιον
3474 2870 3533 2927 εὖ
3565 2875 3713 2945 μάλα

2139 2969 2555 3041 παρεικαστέον.
2589 2971 2725 3037 Τόγε
2755 2969 2859 3038 μὴν
2889 2968 2947 3032 ἐξ
2989 2968 3342 3039 ἀνθρωπίνων
3363 2967 3584 3020 ἐννοιῶν
3614 2968 3712 3022 καὶ

2138 3059 2546 3130 δαιμωνιώδους
2579 3059 2845 3129 ἐμπνοίας
2895 3056 3276 3127 ἐξευρημένον,
3306 3056 3367 3109 τὸ
3405 3057 3470 3108 ἐκ
3492 3057 3594 3126 τῆς
3631 3074 3710 3109 τι·

2140 3171 2245 3206 νων
2274 3154 2469 3223 τέχνης
2499 3154 2592 3205 καὶ
2629 3150 2955 3221 καπηλείας,
2985 3151 3080 3202 καὶ
3108 3150 3268 3218 νόθην
3293 3149 3414 3218 ἔχον
3443 3149 3545 3217 τὴν
3580 3149 3711 3219 ﬂii"

2141 3258 2243 3296 σιν.
2287 3242 2527 3312 Ἀχρεῖος
2561 3241 2616 3294 δὲ
2643 3242 2737 3293 καὶ
2768 3240 3072 3309 ἀπόϐλητος
3109 3241 3138 3291 ὁ
3157 3240 3361 3293 τοιόσδε
3403 3239 3587 3306 λόγος,
3615 3240 3708 3292 καὶ

2138 3334 2432 3405 ἀσυντελὴς
2477 3333 2755 3397 παντελῶς
2796 3334 2931 3405 πρὸς
2989 3332 3270 3403 φωτισμὸν
3314 3332 3415 3402 τῆς
3453 3330 3709 3399 γνώσεως

2136 3426 2230 3479 τοῦ
2263 3425 2519 3495 Χριστοῦ.
2541 3427 2828 3495 Τοιγάρτοι
2866 3427 2960 3479 καὶ
2983 3427 3359 3497 ἀπαράδεκτος
3393 3426 3452 3477 ὲν
3479 3424 3711 3494 Ἐκκληδ

2140 3515 2301 3578 σίαις,
2331 3515 2458 3568 οὔτε
2519 3516 2580 3568 τὸ
2617 3516 2992 3586 εὐῶδεςιεχων
3044 3516 3138 3569 τοῦ
3181 3516 3336 3583 ἁγίου
3394 3514 3710 3584 Πνεύματος

2139 3612 2158 3678 (
2183 3627 2199 3658 ι
2229 3607 2416 3670 Οὐδεὶς
2446 3608 2554 3678 γὰρ
2583 3608 2749 3677 λέγει,
2774 3609 2979 3681 Κύριος
3014 3608 3242 3680 Ἰησοῦς,
3266 3610 3313 3661 ει
3350 3608 3425 3678 μὴ
3451 3609 3509 3659 ὲν
3536 3605 3709 3661 Ilvati-

2140 3717 2267 3769 ματι
2300 3699 2437 3769 ἁγίῳ
2466 3718 2485 3751 ι
2505 3700 2547 3769 ),
2570 3698 2692 3752 οὔτε
2729 3701 2836 3773 μὴν
2863 3700 2924 3754 τὸ
2943 3703 3161 3772 γνήσιον
3189 3702 3284 3755 καὶ
3313 3700 3584 3754 ἀθόλωτον
3614 3699 3710 3769 τῆς

2137 3788 2418 3858 ἀληθείας,
2453 3791 2548 3841 καὶ⁴
2600 3791 2679 3853 εἰς
2713 3797 2991 3861 χρησίμην
3031 3791 3129 3861 τὴν
3174 3791 3361 3861 δνησιν
3389 3792 3704 3858 ἀναγκαῖον.

2149 3880 2430 3950 Ἐπιτήρει
2459 3880 2515 3933 δὲ
2546 3882 2627 3935 ὄτι
2666 3883 2815 3954 παρά
2850 3884 2957 3937 τῶν
2989 3884 3119 3937 υἱῶν
3157 3883 3373 3953 Ἰσραὴλ
3404 3882 3707 3955 προσκομί-

2138 3970 2327 4035 ζεσθαι
2350 3972 2458 4026 δεῖν
2488 3973 2547 4025 τὸ
2575 3973 2635 4038 ἐξ
2671 3973 2868 4028 ὲλαιῶν
2907 3975 3079 4029 ἔλαιον
3108 3978 3137 4030 ὁ
3179 3977 3344 4046 νόμος
3387 3977 3577 4046 φησίν.
3623 3975 3707 4036 Ὠς

2136 4062 2244 4135 γάρ
2280 4063 2417 4134 ἔφην
2446 4064 2680 4133 φθάσας,
2706 4069 2917 4138 καρπὸς
2945 4068 3099 4123 ἔσται
3131 4069 3263 4139 παρ’
3285 4068 3441 4139 ἡμῶν
3483 4070 3581 4122 καὶ
3611 4068 3709 4121 6m-

2140 4156 2365 4227 ροφορία
2383 4157 2726 4228 πνευματικὴ
2746 4158 2823 4229 τῷ
2849 4158 2990 4229 Θεῷ,
3019 4160 3177 4227 λόγος
3199 4160 3424 4231 ἀληθὴς,
3448 4160 3542 4213 τὸν
3558 4156 3708 4230 παρά

2135 4247 2373 4318 Χριστοῦ
2408 4249 2686 4319 φωτισμὸν
2705 4250 2806 4305 οὐκ
2830 4253 3010 4321 ἀφιεὶς
3042 4253 3287 4307 ἀσθενεῖν
3318 4254 3377 4305 ἑν
3407 4256 3521 4315 τοῖς
3539 4268 3705 4323 μυστδ

2136 4341 2558 4410 αγωγουμένοις.
2589 4342 2824 4407 Ἔξωθεν
2851 4343 2906 4397 δὲ
2923 4343 3016 4398 τοῦ
3046 4347 3558 4416 καταπετάσματος,
3590 4346 3625 4417 ἦ
3648 4361 3707 4398 τε

454 4408 672 4466 ritualis
711 4428 742 4467 a
787 4414 948 4470 nobis
987 4416 1238 4480 oll'ertur,
1282 4432 1404 4485 qua:
1435 4415 1642 4473 Christi
1674 4419 2035 4475 illuminatio-

2140 4430 2249 4484 τῶν
2286 4408 2493 4502 λύχνων
2525 4433 2693 4497 θέσις,
2743 4436 2838 4488 καὶ
2872 4437 2978 4505 μὴν
3010 4437 3104 4490 καὶ
3127 4439 3161 4507 ἡ
3200 4408 3413 4501 καῦσις.
3445 4408 3566 4502 Φῶς
3595 4408 3703 4508 γὰρ

452 4514 580 4556 nem
615 4502 671 4558 in
706 4504 777 4560 iis
811 4507 905 4575 qui
931 4509 1206 4578 mysteriis
1237 4508 1580 4574 imbuuntur,
1615 4510 1886 4580 exstingui
1921 4527 2032 4567 non

2143 4519 2403 4590 ὑπάρχων
2424 4521 2561 4573 κατὰ
2583 4523 2746 4591 φύσιν
2770 4526 2799 4578 ὁ
2821 4502 3074 4597 Χριστὸς,
3091 4502 3159 4580 οὐ.
3171 4527 3340 4581 δεῖται
3362 4528 3564 4596 φωτὸς,

453 4592 603 4648 sinit.
630 4593 900 4651 Caeterum
926 4605 1080 4652 extra
1112 4598 1292 4652 velum
1322 4600 1561 4654 lucerna:
1592 4606 1649 4653 et
1673 4599 2030 4669 imponuntur

2138 4612 2266 4681 ἡμῖν
2297 4611 2477 4676 αὐτοῖς
2511 4617 2623 4677 τοῖς
2671 4614 2775 4681 ἔξω
2814 4592 3084 4688 θεότητος,
3135 4619 3268 4672 καθὸ
3327 4592 3609 4691 γενητοῖς,
3648 4617 3706 4671 τὸ

450 4689 510 4735 et
528 4684 923 4740 accenduntur.
965 4686 1099 4741 Nam
1131 4686 1402 4752 Christus,
1436 4688 1565 4759 quia
1598 4690 1898 4745 secundum
1928 4708 2027 4746 na-

2138 4701 2265 4795 ίδιον
2298 4704 2629 4795 ἐνίησιφῶς.
2669 4706 2756 4771 Ὠς
2782 4684 3037 4781 ἐσωτέρω
3057 4710 3238 4795 δὲ’τοῠ
3278 4684 3703 4780 καταπετάσμαο

452 4780 631 4827 turam
665 4774 849 4830 lumen
893 4783 1005 4842 est,
1034 4792 1145 4832 non
1189 4777 1397 4850 indiget
1434 4779 1671 4847 lumine;
1715 4781 1811 4837 sed
1843 4783 2023 4848 nobis,

2138 4807 2222 4855 τος
2240 4793 2275 4863 ἡ
2304 4792 2533 4858 κιϐωτὸς
2560 4790 2649 4866 ἦν,
2666 4797 2746 4856 εἰς
2774 4774 3132 4853 ὑποτύπωσιῖ
3149 4803 3240 4856 καὶ
3271 4802 3454 4856 εῐκόνα
3475 4774 3701 4871 κειμενη

450 4867 545 4929 qui
579 4877 646 4918 eo
669 4867 789 4935 ipso
822 4867 968 4935 quod
1005 4882 1195 4923 sumus
1220 4870 1348 4933 orti,
1384 4878 1537 4925 extra
1563 4870 1904 4929 divinitatem
1930 4890 2024 4930 su-
2133 4881 2389 4952 Χριστοῦ.

452 4967 792 5100 Ξυε,άειιιιω
816 4959 1001 5015 lumen
1034 4959 1299 5017 immittit.
1326 4964 1471 5019 Intra
1502 4964 1683 5020 velum
1709 4982 1876 5036 porro
1899 4985 2025 5025 arca
2060 4974 2239 5042 posita
2295 4987 2432 5044 erat,
2463 4980 2530 5035 ad
2590 4978 2793 5036 Christi
2825 4981 3052 5054 ﬁguram
3080 4995 3243 5056 atque
3278 4986 3573 5057 imaginem
3614 4998 3698 5039 rea

510 5059 603 5099 ren
644 5061 753 5100 am.

510 5059 753 5102 rendam.

526 5133 722 5229 ξιιμ..
755 5137 924 5194 Recte
956 5140 1121 5197 dicis.

2203 5155 2411 5211 ΠΑΔΔ.
2452 5152 2525 5210 Εὖ
2560 5156 2715 5229 ἔφης.

717 5225 923 5331 Deinde
967 5229 1147 5301 inquit
1189 5251 1201 5287 :
1236 5253 1254 5285 ι
1287 5235 1355 5292 Et
1387 5237 1607 5295 locutus
1643 5247 1728 5297 est
1762 5241 2029 5299 Dominus

2200 5245 2365 5299 ιιι-Ρ,
2390 5243 2525 5301 Εἷτά
2546 5222 2709 5319 φήέιο
2736 5267 2754 5331 ς
2785 5252 2895 5304 Καὶ
2921 5252 3151 5325 emno:
3198 5256 3403 5326 Κύριος
3423 5259 3559 5331 πρὸς
3575 5263 3696 5316 Μω-

447 5311 517 5369 ad
548 5315 791 5421 Mpysen,
820 5318 1042 5378 dicens:
1071 5325 1140 5379 Et
1183 5333 1240 5381 tu
1287 5329 1473 5401 accipe
1504 5342 1766 5400 aromata,
1828 5335 2025 5391 ﬂorum

2138 5333 2231 5404 σῆν
2251 5349 2265 5364 ·
2326 5336 2435 5389 Καὶ
2472 5338 2537 5391 σὺ
2558 5311 2694 5392 λάδε
2738 5328 3043 5412 ἡδύσματα,
3071 5311 3231 5409 ἀνθος
3261 5311 3693 5421 σμύρνης-

447 5406 682 5511 myrrhae
705 5407 895 5511 electa
915 5414 1243 5487 quingentos
1268 5420 1454 5487 sielos,
1481 5430 1539 5477 et
1562 5423 1888 5479 cinnamomi
1912 5427 2026 5481 fra-

2138 5427 2264 5496 κτῆς
2298 5428 2686 5494 πεντακοσίους
2710 5406 2947 5501 σίκλους,
2975 5406 3069 5490 καὶ
3090 5406 3444 5511 κιννάμῶμίου
3461 5406 3694 5507 εὐώδους

447 5499 656 5566 grantis
702 5501 822 5574 ejus
859 5503 1171 5577 dimidium,
1213 5510 1481 5570 ducentos
1520 5515 1936 5589 quinquaginta,
1970 5529 2028 5574 et

2138 5518 2188 5572 τὸ
2224 5520 2394 5589 ἥμισυ
2423 5521 2636 5590 τούτου,
2668 5499 2975 5591 διακοσίους
3011 5499 3368 5601 πεντήκοντα,
3399 5535 3495 5589 καὶ
3528 5499 3688 5597 sald:

530 5671 593 5732 ³1
624 5675 753 5734 Cor.
792 5698 887 5746 xu,
