3996 6212
304 261 408 318 M5

1047 261 1135 316 DE
1174 260 1615 318 ADORATIONE
1656 262 1722 317 IN
1766 261 2034 320 SPIRITU
2075 265 2164 320 ET
2205 266 2573 321 VERITATE.
2615 267 2743 322 LIB.
2789 269 2897 324 lX.‘

3454 278 3561 334 6.46

309 394 408 449 μου
436 372 667 439 εὐώδους
695 376 997 442 διακοσίους
1035 384 1391 451 πεντήκοντα,
1424 381 1519 434 καὶ
1554 382 1712 452 ἴρεως
1753 399 1876 435 πεν-

1986 385 2145 440 casiae
2174 386 2502 457 quingentos
2529 388 2692 443 siclos
2716 387 3032 454 sanctuarii,
3065 397 3120 443 et
3148 391 3326 445 oleum
3367 407 3432 446 ex
3459 391 3569 448 oli-

304 468 590 532 τακοσίους
619 467 833 533 σίκλους
884 470 978 523 τοῦ
1010 472 1188 540 ἁγίου,
1223 474 1318 525 καὶ
1362 473 1543 527 ἔλαιον
1590 473 1649 540 ἐξ
1686 474 1884 531 ἐλαιῶν

305 562 479 625 ἔσται,
514 561 610 612 xal
642 561 891 631 ποιήσεις
922 562 1053 615 αὐτὸ
1082 563 1259 616 ἔλαιον
1286 564 1495 635 χρίσμα
1530 564 1684 631 ἅγιον
1715 564 1885 635 μύρον

309 651 610 724 μυρεψικδν
646 652 810 725 τέχνῃ
867 653 1135 723 μυρεψοῦ.
1189 655 1407 707 Ἐλάιον
1472 655 1680 725 χρίσμα
1732 656 1887 722 ἆγιον

303 743 477 798 ἔσται.
513 742 626 796 Kal
657 743 868 814 χρίσεις
901 742 963 808 ἐξ
1002 744 1167 797 αὑτοῦ
1202 744 1299 815 τὴν
1330 744 1532 815 σκηνὴν
1560 743 1654 797 τοῦ
1688 761 1889 815 μαρτυ-

305 836 445 907 ρίου,
492 835 587 887 καὶ
607 835 706 904 τὴν
736 833 961 888 κιϐωτὸν
989 836 1086 906 τῆς
1112 837 1312 905 σκηνῆς
1337 836 1432 889 τοῦ
1462 838 1761 908 μαρτυρίου
1794 836 1887 890 καὶ

302 929 484 981 πάντα
510 926 579 979 τὰ
612 925 778 997 σκεύη
833 927 1021 992 αὐτῆς,
1062 929 1156 980 καὶ
1193 928 1291 997 τὴν
1322 927 1540 998 λυχνίαν
1578 929 1673 981 καὶ
1709 928 1884 980 πάντα

300 1017 371 1070 τὰ
400 1016 572 1087 σκεύη
617 1018 810 1087 αὐτῆς,
839 1018 936 1070 καὶ
976 1016 1038 1070 τὸ
1081 1018 1464 1090 Θυσιαστήριον
1484 1018 1579 1073 τοῦ
1602 1018 1884 1090 θυμιάμα-

298 1126 412 1175 τος,
457 1111 552 1163 καὶ
605 1109 667 1162 τὸ
716 1108 1102 1180 θυσιαστήριον
1134 1110 1241 1161 τῶν
1274 1110 1763 1179 ὁλοκαυτωμάτων,
1793 1110 1888 1163 καὶ

302 1200 480 1254 πάντα
539 1200 704 1254 αὐτοῦ
789 1200 857 1252 τὰ
912 1200 1080 1272 σκεύη
1114 1240 1129 1264 ,
1181 1201 1273 1253 καὶ
1319 1201 1416 1269 τὴν
1463 1200 1746 1269 τράπεζαν
1791 1202 1887 1255 καὶ

300 1292 483 1345 πάντα
531 1290 601 1343 τὰ
640 1290 806 1361 σκεύη
852 1291 1045 1360 αὐτῆς,
1096 1292 1189 1345 καὶ
1240 1291 1331 1344 τὸν
1378 1292 1636 1363 λουτῆρα,
1666 1292 1758 1345 καὶ
1789 1292 1887 1363 τὴν

302 1383 461 1454 βάσιν
490 1381 676 1443 αὑτοῦ,
707 1383 800 1434 καὶ
828 1382 1076 1449 άγιάσεις
1104 1382 1263 1436 αὐτά⁸
1295 1385 1390 1435 καὶ
1409 1382 1561 1435 ἔσται
1596 1384 1761 1450 Ἀγια
1778 1383 1886 1435 τῶν

302 1474 494 1542 ἁγίων.
524 1474 638 1535 Πᾶς
675 1474 707 1526 ὁ
757 1473 1061 1542 ἁπτόμενος
1086 1472 1289 1533 αὐτῶν,
1321 1473 1739 1545 ἁγιασοήσεται.
1777 1475 1887 1527 Kal

313 1563 524 1637 ‘Aapt'uv
571 1564 664 1617 καὶ
705 1565 831 1626 τοὺς
866 1562 1017 1626 υἱοὺς
1053 1562 1219 1615 αὐτοῦ
1242 1564 1472 1634 χρίσεις,
1507 1566 1601 1617 καὶ
1632 1565 1885 1633 άγιάσεις

299 1658 502 1719 αὐτοὺς
542 1652 844 1725 ἱερατεύειν
875 1671 982 1724 μοι.
1016 1654 1124 1708 Kal
1168 1656 1278 1716 τοῖς
1309 1654 1442 1716 υἱοῖς
1480 1655 1695 1725 Ἰσραὴλ
1724 1655 1885 1726 λαλή-

1985 474 2088 541 vis,
2112 484 2167 530 et
2187 475 2354 531 facies
2372 478 2506 532 illud
2528 479 2708 533 oleum
2732 480 3029 543 unctionis,
3049 489 3295 535 sanctum
3319 498 3567 553 unguen-

1986 576 2104 622 tum
2161 571 2521 640 compositura
2563 581 2680 627 arte
2724 574 3094 643 unguentarii.
3141 573 3330 629 Oleum
3377 577 3564 634 unctio

1985 671 2171 715 sancta
2211 661 2339 715 erit.
2372 663 2441 717 Et
2471 678 2641 732 unges
2670 679 2735 716 ex
2768 679 2834 718 eo
2867 666 3279 720 tabernaculum
3316 667 3562 721 testimo-

1983 752 2085 815 nii,
2109 767 2165 807 ct
2200 768 2401 815 arcam,
2442 761 2497 807 et
2525 754 2934 819 candelabrum,
2961 765 3016 811 et
3050 758 3231 811 omnia
3264 773 3392 811 vasa
3423 760 3562 828 ejus,

1984 851 2041 899 et
2071 844 2241 898 altare
2278 844 2508 909 incensi,
2533 854 2590 900 et
2617 846 2786 899 altare
2812 846 3275 911 holocaustorum,
3304 855 3359 902 et
3383 849 3566 903 omnia

1984 949 2112 988 vasa
2134 936 2273 1004 ejus,
2298 942 2355 988 et
2378 950 2644 999 mensam,
2661 944 2715 987 et
2732 936 2912 989 omnia
2936 952 3062 990 vasa
3083 938 3223 1005 ejus,
3246 946 3301 991 et
3324 939 3562 1002 labrum,

1985 1029 2042 1076 et
2071 1023 2242 1077 basim
2287 1024 2437 1093 ejus,
2468 1030 2524 1077 et
2551 1022 2918 1076 sanctiﬁcabis
2950 1037 3047 1087 ea;
3092 1032 3147 1077 et
3178 1033 3345 1077 erunt
3368 1023 3566 1078 Sancta

1986 1122 2333 1179 sanctorum;
2366 1124 2422 1168 et
2462 1114 2642 1167 omnis
2672 1114 2763 1183 qui
2797 1113 3039 1184 tetigerit
3071 1129 3154 1177 ea,
3197 1115 3565 1169 sanctiﬁcabi-

1986 1215 2098 1261 tur.
2133 1206 2199 1259 Et
2238 1208 2440 1268 Aaron,
2471 1215 2527 1259 et
2562 1204 2703 1259 ﬁlios
2741 1205 2860 1273 ejus
2898 1220 3088 1273 ungcs,
3115 1212 3171 1259 et
3200 1204 3566 1259 sanctiﬁcabis

1984 1313 2100 1361 eos,
2125 1304 2184 1350 ut
2215 1297 2523 1351 sacerdotio
2546 1296 2844 1365 fungantur
2872 1295 3027 1349 mihi.
3058 1296 3126 1349 Et
3148 1296 3214 1349 ad
3242 1296 3401 1364 323
3427 1296 3566 1351 ﬁlios

1986 1388 2149 1442 Israel
2202 1387 2475 1455 loqueris,
2522 1386 2712 1440 dicens
2758 1402 2771 1438 :
2823 1384 3015 1439 Oleum
3065 1385 3246 1439 linitio
3292 1384 3566 1438 unctionis

1985 1486 2233 1531 sanctum
2269 1476 2374 1529 hoc
2410 1476 2517 1530 erit
2546 1475 2703 1528 vobis
2729 1475 2784 1528 in
2814 1474 3105 1543 progenies
3128 1484 3375 1529 vestras:
3402 1491 3568 1545 super

1984 1581 2205 1623 carnem
2249 1565 2486 1619 hominis
2525 1580 2634 1619 non
2678 1564 2903 1617 linietur
2941 1578 3007 1617 ex
3036 1579 3130 1627 eo;
3167 1575 3221 1617 ct
3261 1565 3563 1618 secundum

1984 1656 2126 1711 hanc
2158 1654 2610 1725 compositionem
2650 1669 2759 1708 non
2792 1653 3002 1708 facietis
3033 1653 3192 1708 vobis
3236 1654 3367 1723 ipsis
3408 1654 3562 1707 simi-

299 1766 440 1812 σεις,
487 1748 683 1816 λέγων·
726 1745 947 1800 Ἐλάιον
987 1746 1228 1816 ἄλειμμα
1256 1745 1491 1815 χρίσεως
1535 1746 1688 1814 ἅγιον
1722 1745 1876 1799 ἔσται

1982 1748 2126 1803 liter.
2162 1746 2422 1801 Sanctum
2455 1753 2560 1809 est,
2588 1753 2645 1800 et
2678 1745 3035 1799 sanctiﬁcatio
3061 1746 3165 1799 erit
3196 1745 3369 1799 vobis.
3399 1744 3562 1811 Quis-

295 1838 457 1894 τοῦτο
491 1839 619 1908 ὑμῖν
646 1838 724 1900 είς
747 1837 846 1900 τὰς
873 1837 1071 1905 γενεὰς
1122 1837 1299 1907 ὑμῶν’
1358 1837 1450 1888 ἐπὶ
1473 1836 1651 1908 σάρκα
1678 1836 1881 1908 ἀνθρώ-

297 1947 401 1983 που
433 1931 498 1983 οὐ
527 1927 903 2000 χρισϐήσεται,
943 1927 1039 1980 καὶ
1095 1928 1238 1981 κατὰ
1269 1926 1366 1998 τὴν
1393 1927 1640 1981 σύνθεσιν
1675 1928 1880 2000 ταύτην

294 2023 356 2075 οὐ
387 2022 641 2093 ποιήσετε
679 2020 806 2091 ὑμῖν
838 2022 1054 2083 ἑαυτοῖς
1075 2018 1361 2082 ὡσαύτως.
1396 2019 1586 2087 ’Ἃγιόν
1623 2022 1760 2085 ὲστι,
1784 2019 1880 2073 καὶ

296 2113 549 2183 ἀγίασμα
576 2111 726 2164 ἔσται
770 2112 918 2181 ὑμῖν.
974 2109 1076 2173 ’ος
1120 2108 1186 2163 ἂν
1235 2114 1436 2183 ποιήσῃ
1477 2110 1755 2174 ὡσαύτως,
1786 2112 1881 2165 καὶ

294 2206 354 2269 ὃς
388 2205 455 2259 ἂν
483 2203 558 2273 δῷ
585 2203 679 2256 ἀπ’
714 2201 878 2256 αὑτοῦ
925 2201 1222 2269 ἀλλογενεῖ,
1260 2198 1776 2272 ὲξολοθρευθήσεται
1816 2204 1881 2256 ἐκ

295 2298 393 2350 τοῦ
434 2296 565 2350 λαοῦ
602 2293 789 2348 αὐτοῦ.
840 2312 858 2345 ι
900 2294 1194 2365 Ποιότητος
1237 2295 1335 2363 μὲν
1375 2289 1596 2362 οὖνπερ,
1630 2294 1725 2346 καὶ
1774 2294 1881 2366 μὴν

296 2389 394 2442 καὶ
434 2387 731 2457 συνθήκης,
763 2385 1076 2456 ἀνισότητός
1110 2402 1169 2437 τε
1200 2379 1292 2447 αὖ,
1318 2383 1421 2453 τῆς
1463 2386 1544 2448 είς
1602 2384 1765 2457 ὁλκὴν
1795 2385 1879 2457 δὴ,

295 2479 463 2547 λέγω,
486 2478 595 2532 τῶν
620 2477 1024 2548 ὠνομασμένων
1049 2475 1227 2538 εἰδῶν,
1257 2475 1411 2529 οὐδὲν
1441 2476 1505 2529 ἂν
1534 2476 1712 2546 ἔχοιμι
1738 2476 1881 2548 φρά-

296 2587 413 2622 σαι*
451 2569 582 2639 φίλη
620 2570 728 2647 γὰρ
772 2570 806 2638 ἡ
842 2568 1070 2638 ἀλήθεια.
1114 2569 1223 2630 τοῖς
1256 2562 1315 2619 εὖ
1358 2569 1575 2638 φρονεῖν
1614 2568 1877 2623 εἰωθόσιν.

298 2663 519 2716 Ἐλαιον
570 2660 626 2714 δὲ
683 2661 874 2732 μύροις
915 2659 1254 2730 ἀνακραθὲν,
1305 2661 1745 2730 κατασημήνειεν
1792 2659 1879 2729 ἂν,

297 2756 492 2827 ὥσπερ
533 2751 626 2809 οὖν
669 2750 903 2823 ἐγῷμαι,
942 2751 1034 2806 τὸν
1078 2754 1137 2805 ὲν
1174 2751 1395 2826 Χριστῷ
1434 2752 1526 2805 διὰ
1556 2751 1875 2822 Πνεύματος

298 2846 573 2916 ἁγιασμὺν
588 2848 698 2908 τοῖς
717 2849 850 2913 ἠλεη
861 2844 1041 2914 μένοις
1060 2842 1481 2914 χορηγούμενον.
1525 2842 1686 2896 Κατὰ
1705 2859 1768 2910 γε
1798 2842 1878 2907 τὸ,

302 2957 322 2989 ι
373 2937 666 2998 Ἐλίπανας
700 2937 758 2988 ὲν
792 2934 960 3004 ἐλαίῳ
1007 2936 1106 3005 τὴν
1161 2932 1401 3003 κεφαλήν
1468 2951 1592 3004 μου.
1649 2953 1666 2985 ι
1700 2936 1884 2988 Κατα-

298 3026 513 3099 χρίεται
540 3026 598 3079 δὲ
626 3026 660 3096 ὴ
692 3024 887 3096 σκηνὴ,
915 3024 1008 3077 καὶ
1036 3024 1212 3077 πάντα
1233 3023 1303 3129 τά
1331 3025 1390 3075 ὲν
1423 3024 1581 3093 αὐτῇ,
1621 3024 1879 3094 μετάσχοι
1905 3072 1946 3129 C

294 3118 409 3187 γὰρ
437 3115 506 3168 ἂν
532 3113 806 3183 ἁγιασμοῦ
832 3113 925 3165 καὶ
959 3111 1125 3175 τόπος
1167 3109 1257 3164 διὰ
1296 3110 1391 3164 τοῦ
1436 3111 1780 3181 ἐνοικοῦντος
1818 3115 1875 3165 ἐν

293 3206 471 3276 αὐτῷ.
517 3204 829 3272 Ἀγιάζεται
861 3203 915 3256 δὲ
947 3202 1038 3256 καὶ
1066 3201 1135 3254 τὰ
1164 3202 1354 3270 σκεύη,
1387 3202 1526 3254 κατά
1566 3219 1629 3271 γε
1656 3202 1748 3257 τὸν
1776 3203 1874 3257 αὑ-

291 3300 409 3360 τοῖς
428 3296 708 3369 πρέποντα
740 3295 962 3364 τρόπον,
1010 3295 1091 3346 ὃτι
1151 3296 1273 3355 ταῖς
1324 3292 1461 3346 Θεοῦ
1513 3293 1875 3364 λειτουργίαις

294 3390 573 3458 χρήσιμα,
628 3387 722 3439 καὶ
767 3388 795 3438 ὀ
837 3385 1154 3454 ιἁπτόμενος
1219 3384 1402 3437 αὐτῶν
1460 3385 1870 3455 ἀγιασῧήσεται.

306 3479 586 3547 ’Δνέπαφα
617 3477 682 3547 δὴ
715 3471 808 3529 οὗν
842 3478 954 3538 τοῖς
991 3476 1070 3528 ἔτι
1115 3475 1363 3548 βεϐήλοις
1411 3476 1481 3530 τὰ
1512 3477 1644 3546 διγιά
1673 3495 1733 3531 τε
1780 3479 1876 3531 καὶ

294 3571 437 3642 ιερὰ·
474 3589 492 3620 ‹
525 3569 619 3629 Τίς
644 3570 751 3639 γὰρ
779 3568 1031 3621 κοινωνία
1069 3570 1211 3637 φωτὶ
1240 3568 1375 3640 πρὸς
1410 3569 1637 3635 σκότος;
1680 3588 1699 3621 ι
1732 3569 1874 3622 κατὰ

289 3660 354 3713 τδ
374 3658 787 3728 γεγραμμένον.
855 3658 1191 3726 Ἀποφάσκει
1236 3658 1294 3710 δὲ
1343 3658 1619 3722 παντελῶς
1664 3659 1724 3711 τὸ
1763 3659 1872 3713 δεῖν

289 3752 513 3815 ἑαυτοῖς
575 3750 679 3819 τὴν
721 3749 911 3820 ὁμοίαν
961 3749 1141 3803 ἐλαίου
1193 3750 1463 3802 ποιεῖσθαι
1508 3751 1870 3821 κατασκευήν.

292 3840 599 3913 ’ίδιονὺγὰρ
629 3840 790 3911 μόνου
828 3840 889 3893 τὺ
920 3841 1166 3908 άγιάζειν
1195 3843 1311 3894 ἐστὶ
1343 3840 1435 3893 τοῦ
1469 3840 1628 3905 Θεοῦ,
1663 3820 1755 3894 καὶ
1791 3841 1870 3905 ὡς

281 3918 579 4004 ’ἐξαίρετον
608 3929 824 4003 ἀληθῶς
851 3932 1195 3986 ἁνακείσεται
1240 3931 1304 3985 τὸ
1348 3934 1536 4002 χρῆμα
1573 3931 1743 4001 αὐτῷ,
1777 3949 1872 4000 γε·

288 4025 427 4094 νητῇ
465 4022 525 4076 δὲ
574 4022 669 4076 καὶ
713 4022 1058 4093 πεποιημένῃ
1084 4020 1244 4091 φύσει
1285 4021 1344 4075 τὸ
1366 4020 1611 4089 ἁγιάζειν
1640 4022 1868 4091 ἑτέρους

272 4113 320 4185 ⁸δ
355 4111 573 4175 νσσοαι,
620 4111 739 4176 πῶς
781 4112 847 4165 ἂν
877 4111 990 4182 ἔχοι
1030 4113 1201 4177 ποτέ;
1234 4112 1462 4167 Πλουτεῖ
1489 4111 1593 4182 γάρ
1619 4110 1769 4180 μόλις
1807 4113 1871 4163 ἐκ

296 4203 539 4275 μετοχῆς
562 4203 660 4273 τῆς
684 4201 891 4256 ἄνωθεν
914 4203 1003 4255 τὸν
1027 4202 1317 4273 ἁγιασμόν.
1337 4202 1545 4273 Πρέποι
1570 4201 1613 4255 δ’
1636 4200 1702 4253 ἂν
1733 4200 1869 4271 αὐτῇ

292 4290 385 4345 διὰ
435 4291 536 4362 τῆς
590 4290 699 4345 τῶν
737 4289 908 4359 ἁγίων
957 4290 1278 4344 ἐπιόοᾶσθαι
1341 4290 1542 4359 φωνῆς.
1602 4307 1620 4341 ι
1667 4288 1731 4341 Τί
1761 4289 1870 4359 γάρ

1981 1839 2104 1910 quis
2129 1839 2323 1894 fecerit
2346 1838 2618 1903 similiter,
2644 1848 2699 1893 et
2725 1837 2974 1908 quisquis
3007 1837 3221 1891 dederit
3243 1852 3311 1890 ex
3334 1851 3401 1889 eo
3425 1835 3562 1890 alie-

1980 1931 2213 2001 nigenae,
2236 1930 2691 1985 exterminabitur
2716 1945 2745 1983 a
2771 1930 2975 1999 populo
2997 1944 3098 1982 suo
3126 1927 3167 1980 °.
3196 1928 3271 1981 De
3298 1927 3563 1996 qualitate

1982 2025 2170 2097 igitur,
2200 2033 2257 2080 et
2303 2024 2719 2093 compositione,
2769 2021 3132 2091 inaequalitate
3177 2020 3365 2082 etiam,
3414 2017 3560 2086 quod

1981 2117 2047 2171 ad
2076 2115 2293 2188 pondus
2325 2115 2582 2185 pertinet,
2610 2113 2880 2167 dictorum
2909 2120 3211 2166 aromatum
3244 2108 3380 2163 nihil
3401 2107 3559 2177 equi-

1981 2208 2106 2262 dem
2151 2207 2328 2263 habeo
2364 2206 2578 2272 dicere;
2612 2204 2951 2274 sapientibus
2972 2202 3130 2256 enim
3165 2201 3369 2255 veritas
3394 2199 3560 2253 chara

1982 2308 2099 2367 est;
2133 2300 2315 2355 oleum
2343 2313 2509 2368 porro
2551 2311 2672 2350 cum
2709 2293 3045 2348 aromatibus
3086 2292 3307 2345 mistum
3345 2288 3559 2359 signiﬁ-

1983 2398 2092 2457 cat,
2123 2398 2184 2445 ut
2206 2390 2341 2443 mihi
2369 2396 2517 2443 certe
2538 2386 2776 2448 videtur,
2809 2384 2953 2438 illam
2987 2383 3041 2436 in
3064 2381 3284 2437 Christo
3310 2395 3408 2450 per
3432 2379 3558 2449 Spi-

1983 2484 2149 2537 ritum
2179 2480 2688 2542 sanctiﬁcationem,
2731 2492 2852 2547 quae
2892 2472 3323 2529 misericordiam
3361 2485 3567 2526 conse-

1983 2574 2128 2630 cutis
2178 2573 2464 2628 tribuitur.
2510 2570 2665 2627 Unde
2696 2578 2779 2624 est
2809 2567 2942 2622 illud
2986 2584 3002 2619 :
3036 2585 3055 2616 ‹
3104 2562 3460 2634 lmpinguasti
3494 2561 3555 2616 in

1983 2667 2105 2721 oleo
2128 2678 2292 2737 caput
2314 2680 2495 2720 meum
2520 2664 2562 2717 ⁷.
2598 2681 2616 2714 ι
2647 2660 2882 2731 Ungitur
2910 2667 3092 2714 autem
3119 2656 3557 2720 tabernaculum,

1983 2767 2039 2815 et
2088 2758 2272 2813 omnia
2310 2772 2432 2826 quae
2478 2755 2533 2808 in
2564 2768 2631 2807 eo
2677 2760 2834 2816 sunt;
2871 2766 2997 2804 nam
3040 2750 3195 2803 locus
3238 2762 3457 2817 quoque
3498 2745 3558 2801 ﬁt

1984 2848 2432 2906 sanctiﬁcationis
2469 2846 2741 2917 particeps
2771 2860 2870 2913 per
2901 2857 3027 2897 eum
3075 2840 3171 2910 qui
3205 2839 3261 2892 in
3294 2854 3361 2892 eo
3396 2837 3558 2891 habi-

1985 2949 2082 2997 tat.
2116 2939 2539 2996 Sanctiﬁcantur
2562 2953 2689 2991 vasa
2723 2949 2941 3004 quoque
2971 2948 3035 2987 eo
3083 2931 3177 3001 qui
3216 2930 3324 2984 illis
3353 2943 3557 2983 conve-

1984 3034 2068 3087 nit
2116 3032 2314 3096 modo,
2347 3040 2407 3085 ut
2454 3030 2522 3085 ad
2562 3026 2932 3084 exhibendum
2974 3027 3085 3079 Deo
3130 3023 3359 3085 cultum,
3395 3035 3556 3075 usum

1977 3123 2275 3193 przebcant.
2312 3141 2330 3173 ι
2366 3123 2436 3176 Et
2460 3122 2554 3191 qui
2599 3120 2774 3189 tangit
2806 3134 2890 3181 ea,
2926 3114 3377 3171 sanctiﬁcabitur.
3424 3131 3441 3164 ι
3471 3112 3559 3167 Ab

1976 3213 2045 3267 iis
2067 3212 2231 3283 igitur
2281 3212 2375 3281 qui
2403 3210 2615 3281 profani
2639 3210 2816 3263 adhuc
2842 3215 2990 3269 sunt,
3018 3214 3235 3259 sanctas
3262 3218 3555 3272 sacrasque

1976 3320 2068 3360 res
2092 3303 2334 3374 contingi
2358 3302 2510 3356 nefas
2533 3309 2656 3356 est:
2691 3319 2709 3350 ι
2745 3299 2876 3364 Quae
2906 3297 3052 3351 enim
3087 3296 3321 3349 societas
3348 3294 3457 3347 luci
3484 3292 3555 3346 ad

1976 3396 2234 3452 tenebras
2266 3395 2325 3448 °?
2372 3413 2391 3446 ›
2422 3394 2564 3448 sicut
2594 3392 2859 3460 scriptum
2892 3397 2995 3442 est.
3046 3386 3329 3442 lnterdicit
3367 3393 3554 3438 autem

1975 3488 2201 3544 omnino
2253 3502 2323 3542 ne
2357 3485 2592 3540 similem
2635 3484 2766 3538 huic
2797 3482 2904 3536 olei
2952 3476 3403 3548 compositionem
3444 3474 3552 3530 sibi

1975 3579 2210 3645 faciant;
2255 3577 2426 3632 solius
2450 3575 2597 3629 enim
2627 3573 2722 3628 Dei
2752 3570 3036 3642 proprium
3065 3576 3150 3622 est
3186 3563 3551 3627 sanctiﬁcare,

1973 3686 2147 3741 eaque
2189 3686 2279 3725 res
2304 3669 2384 3723 illi
2420 3676 2677 3735 tanquam
2716 3664 2917 3719 eximia
2954 3660 3245 3718 tribuenda
3279 3666 3391 3724 est;
3421 3673 3553 3715 nam

1973 3771 2106 3817 ortae
2133 3761 2475 3828 conditaeque
2504 3765 2717 3811 natura:
2746 3756 2840 3825 qui
2872 3754 3089 3809 tandem
3134 3753 3311 3806 inesse
3347 3747 3553 3819 poterit

1971 3853 2203 3908 facultas
2228 3847 2603 3905 sanctiﬁcandi
2632 3854 2880 3909 caeteros,
2906 3860 3026 3914 qua:
3052 3843 3267 3897 caelitus
3297 3838 3549 3907 imparti-

1971 3951 2082 3997 tam
2110 3940 2597 3996 sanctiﬁcationem
2634 3936 2729 3990 vix
2754 3935 2970 4002 assequi
3000 3932 3215 4002 potest?
3239 3928 3340 3983 Cui
3367 3928 3553 3996 potius

1971 4030 2228 4087 convenit
2250 4043 2439 4082 vocem
2468 4026 2616 4079 illam
2646 4030 2960 4077 sanctorum
2984 4019 3227 4073 virorum
3254 4017 3510 4071 insonare
3529 4033 3549 4069 ι

1979 4141 1996 4171 ο
2026 4119 2168 4187 Quid
2207 4118 2377 4172 habes
2417 4115 2564 4185 quod
2597 4128 2708 4168 non
2729 4110 2988 4181 accepisti
3012 4110 3072 4163 ’?
3105 4128 3123 4160 ι
3150 4107 3457 4175 Quinetiam
3477 4106 3549 4161 de

1971 4209 2253 4280 unigenito
2284 4206 2424 4263 Filio
2464 4204 2644 4274 inquit
2671 4203 2912 4261 Joannes
2951 4218 2963 4253 :
3010 4220 3028 4252 ι
3079 4201 3160 4255 Ex
3204 4197 3548 4269 plenitudine

1970 4302 2090 4372 ejus
2122 4314 2223 4354 nos
2242 4312 2432 4353 omnes
2463 4293 2778 4364 accepimus
2803 4292 2868 4349 ¹⁰.
2906 4312 2924 4344 ι
2953 4292 3022 4346 Et
3048 4309 3065 4344 ι
3101 4310 3119 4342 ‹
3150 4291 3269 4345 Non
3293 4290 3360 4344 ad
3396 4305 3550 4344 men-

290 4382 435 4451 Εχεις
457 4382 487 4436 ὃ
520 4384 620 4437 οὐκ
660 4382 887 4447 ἒλαὸες;
942 4400 961 4433 ι
997 4384 1105 4435 Kal
1139 4381 1246 4453 γὰρ
1293 4381 1543 4450 Ἰωάννης
1581 4378 1712 4451 φησὶ
1743 4380 1868 4451 περὶ

1976 4407 2156 4449 suram
2186 4390 2281 4445 dat
2311 4388 2574 4459 Spiritum
2609 4386 2672 4441 “.
2722 4404 2742 4438 ι
2772 4383 2878 4440 Sed
2907 4383 3111 4454 potius,
3153 4395 3277 4435 cum
3311 4378 3383 4434 sit
3428 4378 3547 4448 ipse

288 4471 384 4523 τοῦ
414 4471 777 4541 Μονογενοῦς,
826 4473 907 4525 ὅτι
954 4490 973 4523 ι
1020 4472 1118 4526 Ἐκ
1169 4472 1262 4526 τοῦ
1306 4470 1666 4543 πληρώματος
1700 4470 1866 4524 αὐτοῦ

289 4563 453 4631 ἡμεῖς
484 4563 685 4625 πάντες
723 4563 1005 4635 ἐλάϐομεν.
1043 4583 1061 4616 ι
1103 4563 1230 4627 Kal,
1266 4582 1283 4613 ι
1317 4564 1432 4616 Οὐκ
1463 4564 1527 4615 ἐκ
1556 4561 1754 4633 μέτρου
1784 4562 1865 4614 δί-

290 4651 422 4705 δωσι
453 4652 517 4705 τὸ
552 4652 803 4723 Πνεῦμα,
844 4673 863 4706 ι
900 4653 1051 4726 πηγὴ
1080 4654 1137 4707 δὲ
1173 4653 1372 4724 μᾶλλον
1408 4654 1665 4724 ὑπάρχων
1706 4652 1866 4715 αὐτὸς

289 4741 589 4814 ἁγιασμοῦ,
615 4745 901 4816 ὲπιμετρεῖ
933 4749 1046 4809 τοῖς
1080 4746 1251 4812 ἀξίοις
1282 4745 1342 4798 τὸ
1372 4745 1612 4815 Πνεῦμα,
1645 4745 1741 4798 καὶ
1762 4746 1863 4815 τὴν

288 4829 511 4905 λογικὴν
540 4835 758 4903 ἁγιάζει
789 4837 985 4890 κτίσιν·
1014 4857 1032 4890 ι
1074 4837 1199 4891 Ἐπὶ
1240 4837 1418 4908 σάρκα
1453 4836 1510 4889 δὲ
1550 4833 1861 4906 ἀνθρώπου,

290 4930 477 4995 φησιν,
540 4928 602 4980 οὐ
654 4929 1029 5000 χρισϐήσεται,
1078 4950 1095 4982 ι
1144 4929 1322 4984 καίτοι
1362 4927 1743 5001 προστεταχὼς
1768 4946 1866 4982 κα-

287 5018 607 5088 ταχρίεσοαι
640 5020 750 5072 δεῖν
783 5021 876 5074 ἀπ’
912 5022 1100 5085 αὐτοῦ,
1138 5022 1230 5078 τόν
1260 5039 1319 5075 τε
1352 5020 1561 5092 Ἀαρὼν
1601 5024 1694 5075 καὶ
1738 5021 1864 5083 τοὺς

289 5111 791 5179 συνιερατεύοντας.
827 5113 1036 5167 Οὐκοῦν
1076 5114 1214 5185 ὑπὲρ
1249 5112 1588 5183 ἀνθρώπινον
1619 5113 1679 5166 τὸ
1708 5113 1863 5181 γένος

287 5198 388 5271 ἥδη
408 5201 471 5252 τὸ
503 5202 666 5272 ἱερὸν,
708 5201 804 5256 ἅτε
834 5204 899 5276 δὴ
929 5204 1023 5258 καὶ
1065 5203 1301 5273 Χριστοῦ
1349 5204 1572 5274 μέτοχον
1600 5203 1691 5256 τοῦ
1722 5189 1862 5271 ὑπὲρ

1970 4488 2093 4542 fons
2118 4479 2588 4544 sanctiﬁcationis,
2630 4479 2700 4533 iis
2745 4477 2840 4548 qui
2881 4474 3028 4547 digni
3065 4480 3121 4528 et
3162 4471 3345 4527 idonei
3393 4477 3541 4534 sunt,
3582 4520 3591 4525 -

1970 4577 2237 4648 Spiritum
2267 4572 2586 4635 admetitur,
2605 4580 2661 4624 et
2682 4567 3004 4623 rationalem
3018 4572 3321 4620 creaturam
3336 4561 3542 4617 sancti-

1968 4667 2128 4722 ﬁcat:
2161 4686 2178 4717 ι
2206 4664 2383 4733 Super
2416 4675 2637 4717 carnem
2661 4673 2794 4713 vero
2816 4656 3073 4720 hominis,
3111 4674 3129 4705 ι
3156 4652 3355 4723 inquit,
3386 4671 3405 4703 ι
3430 4666 3543 4707 non

1963 4759 2191 4812 linietur
2215 4772 2283 4810 ex
2309 4770 2397 4808 eo.
2441 4773 2456 4804 ι
2491 4751 2655 4821 Atqui
2677 4752 2919 4820 jusserat
2967 4755 3025 4800 ut
3052 4761 3119 4800 ex
3150 4745 3269 4814 ipso
3293 4752 3407 4809 tum
3432 4742 3543 4798 Aa-

1965 4861 2087 4909 ron,
2114 4852 2228 4898 tum
2255 4842 2376 4912 ejus
2407 4841 2465 4895 in
2490 4837 2813 4894 sacerdotali
2844 4851 3071 4891 munere
3098 4834 3233 4890 socii
3263 4848 3542 4904 ungeren-

1963 4933 2195 4991 tur.‘Est
2224 4934 2391 5004 igitur
2427 4945 2644 4986 sacrum
2678 4927 2812 4982 illud
2846 4942 3016 4999 genus
3049 4942 3213 4996 supra
3238 4922 3538 4991 hominem,

1964 5036 2153 5100 utpote
2177 5026 2322 5098 quod
2368 5023 2575 5080 Christi
2598 5021 2868 5093 particeps
2890 5028 2994 5086 est,
3015 5020 3109 5090 qui
3134 5018 3404 5076 creaturis
3424 5032 3541 5072 om-

1913 5187 1917 5191 ,
1964 5120 2127 5175 nibus
2152 5116 2389 5180 excellit,
2426 5114 2498 5171 ob
2520 5128 2748 5183 eamque
2773 5128 3013 5177 causam,
3042 5127 3168 5167 cum
3196 5109 3264 5166 ad
3290 5109 3540 5181 superio-

1964 5232 2080 5271 rem
2112 5215 2228 5287 ipsa
2266 5228 2485 5284 quoque
2522 5219 2718 5266 natura
2758 5210 3080 5280 dignitatem
3118 5223 3221 5264 nos
3257 5207 3536 5266 eveheret,

287 5286 386 5357 τὴν
411 5288 609 5343 κτίσιν.
644 5291 937 5363 Τοιγάρτοι
966 5293 1059 5346 καὶ
1094 5292 1229 5361 πρὸς
1262 5291 1322 5343 τὸ
1358 5290 1497 5360 ὑπὲρ
1520 5290 1678 5357 φύσιν
1718 5290 1862 5358 ἡμᾶς

1976 5305 2124 5377 324
2152 5311 2317 5375 atque
2339 5318 2369 5357 a
2390 5300 2623 5357 terrenis
2653 5298 2821 5353 rebus
2847 5295 3250 5368 quodammodo
3277 5288 3536 5377 praecide-

287 5379 634 5451 ἁνακομίζων
672 5383 914 5454 ἀξίωμα,
946 5383 1039 5436 καὶ
1088 5383 1250 5437 οἱονεὶ
1297 5381 1405 5435 τῶν
1437 5379 1693 5447 ἐπιγείων
1722 5381 1858 5433 ἀπο-

286 5469 490 5538 τεμὼν,
516 5475 628 5538 τοῖς
666 5476 779 5529 άνω
803 5473 1124 5546 προσνέμει·
1169 5493 1187 5525 ι
1224 5474 1442 5544 Πατέρα
1476 5493 1492 5524 ι
1531 5474 1661 5543 γὲρ,
1704 5471 1852 5541 φησι,

304 5605 387 5729 m'
414 5605 592 5733 ξῖοίί.
651 5627 774 5669 xxx.
815 5610 1001 5666 9.3-5l.
1115 5611 1133 5641 ⁷
1165 5607 1305 5666 Psal.
1339 5623 1428 5673 xx,
1462 5607 1513 5661 5.

1597 5608 1617 5637 ⁸
1648 5605 1690 5659 ll
1737 5602 1861 5659 Cor.
1895 5617 1969 5667 vt,
2016 5598 2102 5652 Η.

1964 5404 2074 5459 ret,
2096 5376 2446 5465 superisque
2480 5391 2837 5460 conjungeret
2874 5405 2885 5439 :
2932 5405 2949 5436 ι
2994 5387 3240 5447 Patrem,
3268 5400 3287 5433 ι
3322 5376 3535 5465 inquit,

1974 5507 1998 5539 ι⁴
2019 5503 2088 5541 ne
2132 5486 2341 5540 vocetis
2377 5483 2535 5538 vobis
2567 5494 2732 5550 super
2762 5485 2995 5538 terrain;
3045 5486 3191 5526 unus
3240 5475 3325 5523 est
3385 5464 3535 5520 enim

2213 5595 2234 5626 '
2266 5595 2288 5648 Ι
2334 5592 2463 5647 Cor.
2516 5604 2586 5655 tv,
2623 5589 2673 5642 7.
2778 5586 2821 5618 ¹⁰
2856 5583 3013 5640 Joan.
3045 5598 3085 5650 ι,
3124 5580 3210 5637 16.
3302 5579 3342 5611 ¹¹
3373 5578 3533 5637 Joau.
