3996 6212
451 297 550 354 6:37

1442 299 1498 354 s.
1541 288 1818 355 evniLLI
1861 281 2338 353 ALEXANDRIM
2379 297 2698 355 ARClllEP.

3599 305 3701 362 648

449 409 609 464 Pater
633 417 831 475 vester,
856 408 949 478 qui
973 417 1056 462 est
1079 408 1133 462 in
1161 407 1347 473 caelis;
1374 423 1566 462 omnes
1591 416 1773 462 autem
1792 422 1889 460 vos
1913 405 2023 459 fra-

2138 421 2152 454 ι
2185 405 2258 474 μὴ
2278 407 2544 476 καλέσητε
2562 407 2715 478 ὑμῶν
2729 408 2821 460 ἐπὶ
2836 406 2932 478 τῆς
2948 405 3072 476 γῆς’
3090 400 3167 469 εἷς
3190 405 3298 477 γάρ
3315 407 3462 462 ἐστιν
3476 409 3503 463 ὃ
3517 409 3703 485 Πατὴρ

449 507 564 556 tres
583 501 717 555 estis
736 503 799 553 ¹².
826 520 844 550 ι
874 499 1361 553 Exterminationis
1392 509 1575 553 autem
1609 515 1771 569 paena
1806 499 1874 553 iis
1901 514 2034 552 con-

445 591 637 646 stituta
663 599 748 645 est
773 590 866 660 qui
891 606 959 644 ex
982 606 1049 643 eo
1072 590 1390 660 alienigena:
1439 590 1696 644 dederint
1733 608 1745 643 :
1781 610 1799 639 ι
1820 589 1898 643 Ne
1937 588 2035 642 de-

443 681 517 736 tis
538 682 705 745 enim,
734 701 751 733 ›
794 682 899 747 ait,
937 701 954 732 ι
981 689 1166 736 sancta
1217 683 1478 747 canibus,
1515 697 1694 750 neque
1737 679 2038 751 projiciatis

443 774 768 843 margaritas
788 782 998 827 vestras
1019 782 1142 827 ante
1161 787 1358 842 porcos
1377 773 1440 825 ¹³.
1474 792 1490 822 ι
1512 773 1670 832 Nam,
1707 787 1828 840 qua:
1847 785 2037 824 recon-

443 862 556 917 dita
589 872 739 928 sunt,
769 873 826 916 et
867 865 1072 918 sanctis
1099 865 1363 918 duntaxat
1389 863 1744 927 conveniunt,
1787 877 1851 916 ea
1887 861 2036 915 nulla

442 953 656 1008 ratione
699 954 907 1019 habita,
930 955 999 1008 iis
1022 955 1114 1024 qui
1133 964 1261 1008 sunt
1282 955 1464 1008 adhuc
1484 953 1754 1018 inﬁdeles,
1778 951 2032 1022 prodere,

440 1046 674 1116 periculi
710 1047 932 1116 plenum
970 1055 1096 1100 est:
1125 1062 1302 1115 neque
1333 1047 1482 1099 enim
1540 1046 1632 1114 qui
1667 1044 1881 1114 profani
1905 1050 2036 1097 sunt

441 1135 642 1201 adhuc,
665 1145 720 1191 et
740 1135 1035 1190 immodica
1060 1135 1375 1205 impuritate
1397 1136 1681 1200 laborant,
1727 1134 1823 1189 sed
1846 1141 2034 1188 sancto

440 1227 771 1298 baptismate
791 1227 1009 1298 purgati
1035 1228 1464 1283 sanctiﬁcantur.

517 1321 718 1374 PALL.
748 1313 888 1375 Vera
921 1320 1078 1374 dicis.

410 1457 420 1466 .
509 1409 666 1464 CYR.
683 1410 997 1481 Eademque
1012 1410 1225 1465 ratione
1240 1425 1304 1464 ac
1321 1408 1485 1464 modo
1503 1407 1872 1481 thymiamatis
1887 1422 2033 1460 com-'-

2139 493 2315 564 ὐμῶν,
2340 497 2368 547 ὁ
2395 497 2453 548 ὲν
2481 498 2591 559 τοῖς
2629 497 2894 567 οὐρανοῖς,
2931 498 3130 560 πάντες
3175 496 3233 549 δὲ
3289 497 3446 568 ὑμεῖς
3492 497 3704 571 ἀδελφοί

2136 586 2280 639 ἐστε.
2305 605 2322 636 ι
2362 587 2621 658 Ὄλεθρος
2643 587 2748 658 δὲὴ
2779 587 2901 658 δίκη
2925 589 3035 650 τοῖς
3060 588 3154 639 ἀπ’
3191 587 3356 640 αὐτοῦ
3381 591 3706 662 παρέχωσιν

2135 677 2432 745 ἀλλογενεῖο
2453 697 2470 729 ι
2496 679 2586 749 Μὴ
2611 678 2746 731 δῶτε
2777 679 2848 747 γά
2856 695 2908 748 ρ,
2934 698 2951 728 ι
2975 678 3162 747 φησὶ,ι
3179 677 3244 731 τά
3266 679 3394 747 am
3418 684 3528 744 τοῖς
3562 686 3704 750 κυσὶ,

2141 767 2273 835 μηδὲ
2313 766 2512 836 βάλητε
2544 771 2669 832 τοὺς
2715 769 3056 839 μαργαρίτας
3091 769 3243 838 ὐμῶν
3271 770 3576 840 ἔμπροσθεν
3600 774 3707 827 τῶν

2141 857 2358 928 χοίρων.
2377 859 2477 910 »Τὸ
2496 859 2604 929 γάρ
2626 877 2704 913 τοι
2722 844 3016 930 προσάγειν
3035 859 3316 930 ἀτημελῶς
3333 865 3444 924 τοῖς
3462 863 3706 927 ἀπίστοις

2135 949 2216 1000 ἔτι
2242 949 2311 1002 τά
2343 951 2721 1020 κεκρυμμένα,
2759 951 2853 1003 καὶ
2877 951 2944 1004 τά
2986 950 3166 1020 μόνοις
3197 951 3371 1019 ἁγίοις
3406 955 3704 1024 πρέποντα,

2135 1040 2382 1093 κινδύνου
2434 1042 2628 1112 μεστόν
2649 1059 2662 1072 '
2693 1042 2978 1111 ἁγιάζεται
3007 1043 3114 1113 γὰρ
3155 1043 3216 1095 οὐ
3265 1044 3324 1096 τὸ
3359 1044 3590 1115 βέϐηλον
3627 1043 3706 1098 ιτι

2135 1131 2230 1184 καὶ
2264 1132 2454 1186 νοσοῦν
2487 1133 2732 1194 ἐκτόπως
2776 1134 2876 1204 τὴν
2913 1134 3276 1202 ἀκαθαρσίαν,
3315 1136 3452 1189 ἀλλά
3490 1137 3552 1190 τὸ
3608 1138 3706 1209 ήδη

2135 1223 2546 1293 κεκαθαρμένον
2581 1225 2668 1278 διὰ
2711 1224 2806 1278 τοῦ
2841 1226 2999 1295 ἁγίου
3029 1226 3424 1299 βαπτίσματος.

2204 1307 2417 1368 nam.
2467 1316 2712 1387 Ἀληθές.

2203 1407 2368 1460 ΚΥΡ.
2393 1409 2550 1462 Κατὰ
2573 1410 2662 1463 τὸν
2700 1409 2812 1464 ἴσον
2839 1412 3046 1465 τουτονὶ
3070 1412 3271 1483 τρόπον
3298 1413 3389 1466 καὶ
3416 1413 3596 1482 λόγον,
3612 1415 3707 1488 τὴν

435 1500 767 1572 positionem
799 1501 918 1554 ﬁeri
943 1501 1128 1571 jussit,
1162 1500 1384 1555 dicens:
1413 1518 1431 1551 ‹
1463 1500 1532 1553 Ει
1563 1511 1620 1556 ιιι
1647 1514 1779 1570 cape
1809 1498 1908 1552 tibi
1928 1496 2030 1568 ipsi

2138 1494 2227 1548 τοῦ
2284 1495 2630 1568 θυμιάματος
2693 1499 2966 1554 ποιεῖσθαι
3017 1501 3358 1573 κατασκευὴν
3416 1503 3704 1568 διετύπου,

443 1600 709 1656 aromata,
751 1600 983 1656 stacten,
1023 1600 1079 1646 et
1111 1592 1400 1663 onychem,
1437 1598 1494 1645 et
1536 1590 1827 1660 galbanum
1865 1603 2031 1643 suave

2138 1587 2323 1657 λέγων’
2371 1607 2390 1640 ‹
2430 1590 2540 1643 Καὶ
2577 1592 2640 1643 σὺ
2675 1589 2806 1643 λάϐε
2854 1594 3066 1664 σεαυτῷ
3115 1594 3425 1664 ἡδύσματα,
3472 1596 3706 1668 στακτὴν

438 1684 613 1748 olens,
650 1693 706 1738 et
729 1683 856 1738 thus
879 1683 1158 1750 lucidum;
1192 1683 1344 1753 paria
1373 1682 1516 1736 inter
1541 1697 1598 1736 se
1621 1690 1788 1735 erunt
1817 1698 1828 1733 :
1859 1688 1916 1734 et
1947 1679 2029 1734 fa-

2138 1679 2226 1732 καὶ
2265 1679 2450 1750 ὄνυχα,
2484 1680 2579 1734 καὶ
2608 1681 2880 1753 χαλϐάνην
2905 1683 3170 1754 ἡδυσμοῦ,
3213 1685 3308 1738 καὶ
3337 1686 3554 1740 λίϐανον
3594 1689 3708 1741 δια-

437 1773 589 1829 cient
624 1790 692 1828 ex
728 1773 863 1843 ipsis
892 1774 1190 1844 thymiama
1219 1771 1669 1844 unguentarium,
1707 1785 1846 1840 opus
1878 1785 2030 1824 com-

2138 1771 2301 1841 τρανῆ,
2336 1771 2449 1824 ἴσον
2490 1773 2590 1844 ἴσῳ
2617 1774 2786 1841 ἐστὶν,
2810 1775 2904 1827 καὶ
2928 1775 3243 1846 ποιήσουσιν
3275 1776 3424 1848 αὐτῷ
3456 1777 3708 1848 θυμίαμα

437 1865 730 1935 positionis
778 1864 1127 1935 unguentarii
1173 1864 1416 1929 mistum,
1457 1878 1679 1933 purum,
1719 1877 1859 1932 Opus
1899 1877 2028 1916 san-

436 1964 611 2012 ctum.
654 1958 724 2012 Et
760 1957 1103 2012 comminues
1133 1956 1200 2010 de
1242 1956 1351 2011 illis
1393 1955 1670 2010 minutim.
1697 1955 1765 2010 Et
1795 1969 1966 2025 pones
1997 1969 2030 2010 e

435 2048 662 2118 regione
696 2048 996 2103 testimonii
1029 2047 1086 2102 in
1115 2048 1472 2104 tabernaculo
1515 2047 1839 2112 testimonii,
1882 2048 2030 2103 unde

437 2139 777 2196 lnnotescam
809 2139 907 2193 tibi
941 2138 1089 2193 inde.
1117 2139 1377 2194 Sanctum
1402 2147 1716 2194 sanctorum
1742 2139 1849 2192 erit
1872 2139 2030 2194 vobis

438 2229 755 2301 thymiama.
786 2229 1100 2284 Secundum
1142 2230 1285 2284 hanc
1318 2230 1772 2300 compositionem
1811 2245 1921 2284 non
1946 2230 2028 2284 fa-

436 2322 594 2377 cietis
614 2322 773 2376 vobis
796 2322 964 2392 ipsis;
987 2323 1042 2376 in
1065 2321 1553 2377 sanctiﬁcationem
1589 2323 1695 2377 erit
1734 2323 1891 2378 vobis
1918 2324 2030 2378 Do-

439 2413 610 2468 mino.
635 2413 898 2485 Quisquis
920 2415 1115 2470 fecerit
1146 2415 1423 2479 similiter,
1449 2423 1510 2469 ut
1534 2416 1654 2486 ejus
1675 2415 1844 2470 odore
1871 2416 2026 2470 frua-

441 2511 554 2571 tur,
579 2505 787 2574 peribit
809 2506 876 2561 de
901 2505 1105 2575 populo
1138 2520 1238 2575 suo
1265 2505 1328 2558 “'.
1358 2526 1376 2558 ι
1405 2506 1620 2561 Rursus
1653 2507 1745 2561 hic
1769 2508 1924 2562 locus
1945 2508 2026 2562 la~

440 2606 622 2652 tenter
653 2599 815 2653 nobis
844 2599 1050 2653 indicat
1079 2614 1201 2668 quae
1235 2599 1458 2669 propria
1511 2607 1638 2654 sunt
1666 2615 1729 2654 ac
1755 2600 2030 2671 praecipua

439 2690 590 2745 illius
613 2690 1081 2760 praestantissima:
1106 2691 1353 2745 omnium
1379 2700 1610 2758 naturae,
1639 2708 1705 2748 ea
1729 2693 1796 2748 ad
1821 2694 2028 2748 nullam

438 2797 557 2836 rem
585 2790 825 2837 creatam
847 2783 1098 2838 essentia
1117 2784 1329 2838 ratione
1347 2785 1626 2854 pertinere
1641 2800 1822 2856 posse,
1849 2787 2030 2841 omni-

436 2888 620 2943 noque
637 2873 782 2944 quod
800 2874 868 2928 ad
887 2874 1173 2944 dignitatis
1189 2875 1459 2934 rationem
1488 2886 1544 2931 et
1559 2877 1831 2932 honorum
1852 2878 2032 2933 excer

435 2964 665 3020 lentiam
712 2965 973 3034 pertinet,
1012 2981 1304 3021 commune
1347 2977 1612 3022 creaturae
1669 2984 1793 3022 cum
1820 2968 2030 3024 factore

437 3063 603 3124 atque
624 3055 856 3108 Domino
881 3055 1024 3110 nihil
1046 3063 1148 3109 est.
1173 3055 1586 3110 Meminerimus
1621 3065 1803 3110 autem
1825 3057 2029 3112 dixisse

2133 1862 2471 1932 μυρεψικόν·
2525 1863 2685 1934 ἔργον
2727 1863 2972 1934 μυρεψοῦ
3021 1866 3379 1936 μεμιγμένον,
3445 1866 3706 1939 καθαρὺνε

2130 1953 2291 2025 ἔργον
2325 1954 2498 2024 ᾶγιον.
2538 1955 2651 2009 Kal.
2685 1956 2980 2026 συγκόψεις
3018 1959 3083 2011 ἐκ
3116 1957 3318 2011 τούτων
3350 1957 3588 2022 λεπτῶς,
3618 1959 3708 2012 καὶ

2130 2045 2316 2118 θήσεις
2369 2047 2630 2102 ἀπέναντι
2695 2047 2794 2102 τοῦ
2846 2049 3148 2121 μαρτυρίου
3199 2051 3257 2104 ὲν
3294 2052 3361 2120 τῇ
3402 2053 3580 2123 σκηνῇ
3615 2050 3707 2104 τοῦ

2135 2139 2434 2209 μαρτυρίου
2460 2180 2476 2204 ,
2523 2139 2646 2192 ὅθεν
2681 2139 3068 2210 γνωσθήσομαί
3123 2157 3204 2193 σοι
3257 2139 3490 2194 ἐκεῖθεν.
3525 2140 3710 2208 Ἀγιον

2128 2230 2238 2283 τῶν
2269 2231 2440 2299 ἁγίων
2469 2230 2623 2284 ἔσται
2663 2233 2790 2302 ὑμῖν
2819 2231 3092 2302 θυμίαμαι
3128 2231 3286 2286 Κατὰ
3313 2231 3412 2304 τὴν
3463 2231 3711 2285 σύνθεσιν

2128 2320 2332 2392 ταύτην
2364 2322 2425 2375 οὐ
2457 2322 2812 2394 ποιηθήσεται
2844 2323 2972 2394 ὑμῖν
2991 2324 3220 2387 ἑαυτοῖς.
3260 2321 3538 2394 Ἀγίασμα
3559 2323 3710 2376 ἔσται

2130 2413 2260 2484 ὑμῖν
2289 2413 2498 2485 Κυρίῳ.
2532 2415 2627 2478 ’ος
2667 2414 2732 2467 ἂν
2761 2416 2962 2486 ποιήσῃ
3001 2414 3283 2479 ὡσαύτως,
3311 2414 3453 2467 ὥστε
3477 2415 3712 2487 ὀσφραίδ

2127 2505 2316 2561 νεσθαι
2373 2508 2431 2560 ὲν
2493 2505 2664 2577 αὐτῷ,
2707 2507 2991 2560 ἀπολεῖται
3042 2508 3108 2560 ἐκ
3141 2507 3237 2560 τοῦ
3283 2507 3411 2559 λαοῦ
3453 2508 3645 2560 αὐτοῦ.
3686 2517 3704 2557 1

2140 2598 2458 2666 ’Υποφαίνει
2503 2598 2561 2652 δὲ
2598 2598 2759 2652 πάλιν
2793 2600 2924 2670 ἡμῖν
2957 2601 2986 2652 ὁ
3017 2600 3109 2652 ἐπὶ
3156 2599 3292 2669 τῷδε
3323 2597 3500 2666 λόγος,
3535 2599 3620 2652 ὃτι
3647 2597 3712 2652 τά

2133 2687 2315 2749 ίδικῶς
2344 2686 2595 2758 ἐξαίρετα
2615 2687 2714 2756 τῆς
2753 2687 2980 2741 ἀπασῶν
3017 2689 3272 2740 ἐπέκεινα
3309 2685 3545 2756 φύσεως.
3567 2686 3708 2739 M511:-

2129 2796 2244 2833 εστι
2279 2779 2376 2850 μὲν
2413 2779 2522 2834 τῶν
2559 2779 2950 2851 πεποιημένων
2988 2781 3163 2834 οὐδενὶ
3206 2779 3499 2843 οὐσιωδῶς,
3534 2781 3710 2833 κοινὸν

2128 2871 2187 2925 δὲ
2225 2874 2289 2943 τῇ
2327 2873 2501 2926 κτίσει
2544 2873 2825 2938 παντελῶς
2857 2873 3029 2938 οὐδὲν,
3060 2873 3197 2944 πρὸς
3223 2873 3313 2926 τὸν
3346 2874 3579 2945 ποιητὴν
3619 2874 3710 2928 καὶ

2129 2962 2416 3034 δεσπότην,
2471 2965 2597 3034 τόγε
2659 2960 2794 3037 ἧκον
2849 2968 2930 3029 είς
2985 2965 3142 3030 ἀξίας
3201 2965 3357 3034 λόγον
3406 2966 3502 3019 καὶ
3531 2964 3710 3036 γερῶν

2134 3053 2423 3128 ὑπεροχήν.
2476 3059 2673 3129 Μεμνη
2687 3058 2894 3128 σόμεθα
2930 3058 2987 3111 δὲ
3019 3059 3112 3111 καὶ
3149 3059 3210 3111 τδ
3235 3059 3622 3130 θυσιαστήριον
3654 3059 3710 3112 τὸ

435 3159 560 3209 nos,
583 3145 752 3199 altare
773 3160 1026 3210 aureum,
1057 3156 1114 3200 et
1140 3146 1320 3215 ipsum
1352 3146 1648 3218 thymiama
1681 3155 1842 3200 tenue
1865 3155 2029 3216 atque

2138 3148 2392 3218 χρυσοῦν,
2427 3150 2520 3202 καὶ
2544 3149 2676 3202 αὐτὸ
2705 3151 2760 3203 δὲ
2790 3150 2851 3202 τὸ
2884 3150 3133 3204 σύνθετον
3171 3151 3264 3202 καὶ
3291 3150 3483 3203 λεπτὸν
3513 3150 3709 3221 θυμία-

439 3236 806 3306 compositum
835 3237 1116 3291 Christum
1140 3254 1284 3303 esse,
1311 3249 1474 3310 atque
1499 3240 1677 3310 ipsum
1707 3241 2027 3295 Emmanuel

438 3331 600 3385 nobis
629 3341 862 3401 utroque
890 3331 1208 3402 signiﬁcari.
1236 3333 1431 3405 Igitur,
1465 3335 1508 3388 si
1538 3334 1607 3388 ad
1641 3333 1922 3390 Christum
1943 3351 2032 3390 re—

438 3422 616 3478 fertur
644 3425 962 3497 thymiama,
980 3442 1104 3481 cum
1133 3429 1334 3483 mirum
1366 3429 1419 3482 in
1437 3429 1658 3483 modum
1691 3429 1845 3484 suavi
1859 3429 2030 3485 odore

439 3518 533 3583 sit,
549 3534 660 3573 non
686 3518 951 3576 faciemus
975 3522 1136 3576 nobis
1155 3522 1450 3592 thymiama
1477 3522 1556 3576 illi
1577 3522 1774 3587 simile;
1799 3537 1922 3576 nam
1947 3522 2029 3575 al-

441 3618 620 3665 terum
638 3619 836 3680 praeter
849 3613 1027 3681 ipsum
1045 3614 1374 3683 recipiemus
1392 3613 1690 3677 neminem,
1707 3613 1850 3666 sicut
1869 3613 2033 3666 nimi-

440 3714 566 3752 rum
595 3699 844 3755 infelices
857 3701 1029 3756 Judaei
1052 3701 1222 3755 ﬁlium
1250 3703 1577 3772 iniquitatis;
1599 3703 1636 3756 ii
1664 3718 1898 3772 namque
1924 3703 2030 3758 sibi

440 3789 818 3858 composuisse
840 3790 1331 3860 deprehenduntur
1348 3793 1417 3847 ad
1442 3792 1858 3848 similitudinem
1884 3795 2032 3850 illius

441 3877 657 3931 odorati
677 3886 841 3948 atque
861 3878 1049 3942 eximii
1079 3879 1446 3950 thymiamatis
1492 3881 1638 3950 quod
1659 3882 1771 3936 Deo
1793 3890 1848 3937 et
1868 3882 2031 3953 325

441 3969 587 4024 Patri
605 3969 846 4025 dicatum
863 3978 966 4038 est,
981 3972 1074 4041 qui
1094 3971 1320 4026 odorem
1335 3974 1545 4029 notitiae
1561 3989 1672 4030 suae
1688 3974 1847 4030 nobis
1859 3976 2033 4030 mani-

441 4060 664 4117 festavit
687 4062 742 4116 in
766 4063 926 4130 Filio,
950 4080 1048 4134 per
1067 4081 1232 4135 quem
1255 4081 1357 4122 nos
1383 4081 1601 4137 quoque
1626 4068 1765 4123 bene
1787 4069 2028 4135 olemus;

442 4169 556 4208 non
593 4157 748 4225 quasi
779 4158 938 4212 nobis
968 4158 1264 4230 thymiama
1295 4161 1426 4216 illud
1470 4169 1631 4217 tenue
1656 4161 2034 4232 composueri-

444 4261 588 4311 mus,
635 4248 732 4302 sed
776 4256 1038 4319 tanquam
1087 4252 1235 4306 illius
1264 4253 1578 4324 participes,
1612 4269 1737 4309 cum
1778 4265 1833 4309 et
1861 4255 2033 4326 gratia

445 4339 622 4392 sancti
649 4337 889 4409 Spiritus
911 4342 1062 4396 uncti
1089 4344 1282 4408 simus,
1306 4352 1362 4398 et
1386 4361 1485 4414 per
1512 4346 1880 4401 Christianam
1904 4361 2036 4400 con-

444 4431 814 4487 versationem
839 4435 1214 4490 commendari
1242 4437 1580 4491 studeamus.

519 4610 717 4667 PALL.
762 4610 866 4666 Per
915 4612 1100 4668 omnia
1131 4613 1298 4683 igitur
1325 4627 1389 4668 ea
1422 4630 1544 4684 quae
1584 4615 1639 4669 in
1678 4616 2030 4674 tabernaculo

446 4711 628 4768 erant,
667 4702 874 4758 Christi
909 4705 1088 4771 nobis,
1122 4713 1183 4759 ut
1218 4705 1455 4772 videtur,
1487 4708 1803 4779 mysterium
1834 4709 2028 4763 adum-

451 4793 667 4850 bratur.

522 4888 678 4944 CYR.
716 4889 986 4944 Praeterea
1033 4890 1402 4958 admirabere,
1447 4893 1491 4948 si
1532 4893 1793 4950 didiceris
1861 4895 2027 4950 etiam

455 4977 602 5047 ipsos
639 4978 865 5049 opiﬁces
895 4980 1232 5035 tabernaculi
1271 4981 1327 5036 in
1363 4999 1420 5038 se
1445 4983 1578 5054 ipsis
1603 4984 1808 5040 Christi
1834 4985 2028 5054 imagi-

454 5083 583 5122 nem
619 5069 844 5124 referre.

527 5156 724 5213 PALL.
764 5158 1050 5224 Quomodo
1077 5161 1333 5217 tandem?
1359 5179 1484 5218 nam
1519 5163 1664 5220 istud
1691 5165 1912 5235 quidem
1937 5182 2031 5222 ex-

457 5250 700 5323 cogitare
734 5267 968 5322 nequeo.

527 5341 684 5398 CYB.
730 5341 1005 5414 Scriptum
1035 5353 1118 5400 est
1151 5346 1351 5402 iterum
1380 5365 1392 5401 :
1429 5367 1446 5400 ι
1477 5349 1545 5406 Et
1565 5348 1782 5405 locutus
1810 5360 1895 5406 est
1924 5351 2034 5406 Do-

457 5431 642 5486 minus
679 5432 746 5487 ad
785 5432 1024 5504 Moysen,
1053 5434 1243 5491 dicens
1275 5455 1288 5490 :
1321 5438 1462 5493 Ecce
1497 5439 1686 5493 vocavi
1717 5455 1784 5494 ex
1810 5441 2033 5496 nomine

2061 4468 2108 4523 D

2133 3257 2210 3311 μα
2251 3242 2484 3313 Χριστὸν
2518 3243 2824 3313 εἰρηκότες,
2875 3243 2965 3296 καὶ
3007 3239 3166 3296 αὐτὸν
3195 3245 3328 3313 ἡμῖν
3365 3232 3459 3296 τὸν
3500 3242 3711 3313 Ἐμμα-

2133 3331 2292 3401 νουὴλ
2341 3331 2408 3384 δι’
2451 3332 2653 3402 ἀμφοῖν
2694 3333 3072 3403 σημαίνεσθαι.
3104 3333 3312 3387 Οὐκοῦν
3356 3335 3436 3398 είς
3477 3325 3711 3405 Χριστὸν

2130 3423 2539 3493 ἀναφερομένου
2571 3423 2664 3476 τοῦ
2695 3423 3037 3495 θυμιάματος
3068 3425 3284 3494 (εὐῶδες
3307 3425 3417 3496 γὰρ
3449 3426 3712 3496 ἀσυγκρίά

2129 3514 2285 3584 τως),
2309 3515 2370 3567 οὐ
2407 3515 2709 3586 ποιήσομεν
2744 3517 2955 3579 ἑαυτοῖς
2980 3515 3101 3569 κατ’
3118 3516 3248 3570 αὐτὸ
3263 3515 3326 3588 δὴ
3353 3517 3415 3570 τὸ
3438 3515 3706 3587 θυμίαμα.

2133 3607 2360 3679 Ἕτερον
2393 3607 2503 3678 γὰρ
2552 3609 2638 3660 ἐπ’
2675 3608 2824 3678 αὐτῷ
2875 3608 3154 3672 παντελῶς
3188 3609 3376 3662 οὐδένα
3413 3609 3711 3679 παραδεξόά

2135 3697 2293 3767 μεθα,
2348 3696 2600 3769 καθάπερ
2628 3699 2819 3770 ἀμέλει
2857 3699 2950 3752 καὶ
2981 3699 3032 3750 oi.
3067 3699 3296 3762 τάλανες
3332 3690 3599 3762 Ἰουδαῖοι,
3625 3700 3712 3753 τὸν

2130 3777 2230 3858 τῆς
2253 3788 2481 3859 ἀνομίας
2515 3787 2652 3842 υἱόν.
2694 3791 2946 3854 Ἑαυτοῖς
2979 3790 3088 3862 γὰρ
3125 3792 3173 3843 οί
3208 3790 3399 3844 τοιοίδε
3428 3792 3712 3854 συνθέντες

2133 3879 2455 3946 ἁλώσονται,
2479 3883 2572 3934 καὶ
2607 3882 2730 3936 κατ’
2768 3883 2947 3936 ἐκεῖνο
2974 3883 3036 3954 δὴ
3076 3883 3136 3936 τὸ
3159 3883 3354 3946 εὐῶδες
3383 3882 3478 3936 καὶ
3500 3883 3712 3954 ὲξαίρε-
3737 3898 3743 3904 ·

2131 3990 2222 4027 τον
2247 3973 2463 4043 ἀληθῶς
2494 3971 2766 4044 θυμίαμα,
2801 3973 2896 4027 τοῦ
2927 3973 3064 4026 Θεοῦ
3095 3975 3189 4028 καὶ
3222 3972 3453 4043 Πατρδς,
3482 3973 3582 4026 τοῦ
3617 3973 3712 4043 τὴν

2136 4063 2236 4135 μὲν
2269 4064 2444 4136 ὀσμὴν
2476 4064 2576 4134 τῆς
2606 4065 2860 4133 γνώσεως
2898 4064 3065 4119 αὐτοῦ
3103 4063 3552 4134 πεφανερωκότος
3582 4065 3711 4133 ἡμῖν

2132 4157 2190 4210 ὲν
2218 4155 2296 4228 τῷ
2332 4157 2467 4228 Υίῷ,
2498 4158 2564 4209 δι’
2585 4153 2644 4210 οὐ
2671 4157 2762 4209 καὶ
2787 4157 2946 4228 ἡμεῖς
2975 4153 3355 4224 εὐωδιάζομεν,
3378 4155 3475 4224 οὐχ
3496 4155 3711 4216 ἑαυτοῖς

2135 4249 2424 4313 συνθέντες
2477 4249 2539 4301 τὸ
2591 4249 2842 4320 θυμίαμα
2880 4248 2940 4300 τὸ
2990 4247 3204 4311 λεπτὸν,
3243 4247 3358 4299 ἀλλ’
3393 4246 3468 4308 ὼς
3495 4246 3712 4316 μέτοχοι

2135 4343 2227 4396 τοῦ
2255 4342 2619 4414 θυμιάματος,
2651 4342 2745 4395 καὶ
2787 4343 2853 4412 τῇ
2895 4339 2989 4392 τοῦ
3031 4338 3346 4408 Πνεύματος
3394 4337 3576 4409 χάριτι
3622 4352 3714 4390 καί

2133 4433 2573 4504 τακεχρισμένοι,
2612 4432 2705 4484 καὶ
2738 4431 2826 4484 διὰ
2849 4431 2948 4501 τῆς
2981 4432 3038 4483 ἐν
3066 4427 3287 4500 Χριστῷ
3313 4427 3585 4491 πολιτείας
3625 4427 3715 4480 εὐε

2133 4524 2250 4579 δοκι
2258 4526 2380 4595 μεῖν
2418 4522 2825 4587 σπουδάζοντες.

2207 4616 2412 4669 ΠΑΛᾹ.
2433 4614 2530 4667 Διά
2549 4613 2748 4676 παντὸς
2764 4608 2879 4678 οὖν,
2898 4611 2973 4676 ὡς
2992 4611 3189 4676 ἔοικεν,
3211 4609 3304 4664 τοῦ
3325 4608 3610 4687 γεγονότος
3631 4609 3714 4673 tv,-

2133 4711 2199 4780 τῇ
2231 4707 2360 4776 ἁγίᾳ
2393 4710 2602 4778 σκηνῇ,
2630 4700 2691 4758 τὸ
2718 4705 2813 4759 τοῦ
2845 4705 3100 4775 Σωτῆρος
3140 4705 3272 4776 ἡμῖν
3309 4701 3716 4774 διαμορφοῦται

2138 4805 2452 4872 μυστήριον.

2207 4893 2368 4945 ΚΥΡ.
2408 4893 2517 4946 Καὶ
2551 4891 2687 4963 πρός
2716 4907 2780 4959 γε
2808 4889 2871 4961 δὴ
2895 4889 3070 4960 τούτῳ
3107 4887 3593 4957 καταθαυμάσειας
3621 4885 3714 4952 ἂν,

2136 4988 2185 5040 εί
2212 4986 2402 5057 μάθοις
2431 4986 2511 5038 ὃτι
2537 4985 2632 5037 καὶ
2661 4984 2814 5036 αὐτοὶ
2835 4982 2934 5052 τῆς
2963 4982 3121 5050 ἁγίας
3147 4981 3353 5051 σκηνῆς
3388 4980 3438 5032 ot
3457 4995 3720 5050 τεχνουρ-

2137 5077 2226 5152 yol.
2247 5079 2482 5151 Χριστὸν
2514 5077 2951 5138 διαπλάττουσιν,
2989 5076 3066 5139 ὡς
3094 5075 3151 5127 ἓν
3173 5091 3237 5143 γε
3271 5073 3456 5144 σφίσιν
3476 5073 3683 5134 αὐτοῖς.

2206 5174 2412 5227 ΠΑΛΛ.
2456 5171 2588 5224 Τίνα
2628 5170 2732 5240 φὴς
2761 5169 2995 5238 τρόπον;
3025 5171 3225 5221 ἐννοεῖν
3253 5167 3360 5238 γάρ
3390 5166 3490 5218 οὐκ
3514 5163 3642 5234 ἔχω.

2137 5359 2158 5422 ί
2202 5348 2367 5402 ΚΥΡ.
2399 5346 2715 5419 Γέγραπται
2759 5345 2870 5419 γάρ
2899 5342 2966 5399 αὖ
2989 5362 3003 5376 ·
3041 5365 3059 5397 ‹
3107 5345 3220 5399 Καὶ
3253 5343 3481 5414 ὲλάλησε
3507 5339 3722 5411 Κύριος

2135 5441 2270 5514 πρὸς
2300 5441 2528 5511 Μωσῆν,
2563 5439 2762 5508 λέγων·
2791 5437 2922 5492 Ἰδοὺ
2949 5436 3221 5506 άνακέκλη
3232 5453 3328 5506 μαι
3364 5434 3423 5499 ἐξ
3451 5433 3719 5503 ὀνόματος

457 5516 699 5576 Beseleel
735 5522 905 5578 ﬁlium
941 5524 1105 5593 Uriae,
1137 5525 1234 5581 ﬁlii
1269 5525 1344 5583 0r
1372 5543 1440 5584 ex
1476 5528 1627 5584 tribu
1662 5529 1823 5599 Juda,
1850 5539 1907 5586 et
1941 5547 2031 5587 re-

2138 5531 2220 5586 τὸν
2252 5529 2516 5598 Βεσελεὴλ
2535 5528 2626 5584 τὸν
2653 5527 2747 5582 τοῦ
2778 5526 2977 5599 Οὐρίου
3005 5525 3142 5594 υἱὸν,
3173 5524 3290 5579 υίοῦ
3341 5526 3443 5592 “Op
3479 5523 3580 5595 τῆς
3610 5537 3722 5591 cpu-

2039 5609 2109 5627 ..ιν-³

2993 5692 3059 5707 ,αι

504 5713 765 5770 “Matth.
815 5736 967 5786 xxiii,
1001 5720 1056 5788 8,
1093 5723 1146 5777 9.
1226 5726 1268 5758 ¹³
1316 5724 1507 5781 Matth.
1545 5742 1639 5795 vn,
1678 5728 1732 5784 6.
1813 5729 1858 5764 “
1888 5730 2060 5787 Exod.
2116 5746 2242 5794 xxx,
2297 5727 2483 5785 54—58.
