3996 6212
453 232 557 292 θέἱὶ

1479 232 1534 285 S.
1575 230 1850 286 CYRILLI
1888 228 2360 291 ALEXANDRINI
2399 227 2718 283 ARCIIIEP.

3617 230 3716 286 6'52

528 348 731 404 PALL.
783 344 1084 417 Perspicua
1131 344 1220 400 illa
1273 361 1403 401 sane
1450 345 1708 415 quidem,
1756 345 1857 401 sed
1896 356 2030 401 certe

2219 343 2430 396 HAAA.
2492 343 2676 413 Σαῳὴς
2745 340 2840 412 μὲν
2901 331 2960 395 εῦ
3014 340 3198 413 μάλα,
3253 342 3393 413 πλὴν
3457 345 3717 418 ἀποχρῶν

465 445 612 500 baud
640 444 773 499 satis
799 444 978 514 plena.

527 536 683 591 (ΝΒ.
722 536 977 590 Placetne
1005 528 1171 606 igitur
1212 541 1275 586 ut
1303 531 1367 586 ad
1409 531 1462 585 id
1503 546 1695 585 rursus
1728 529 2034 596 redeamus,

461 625 608 696 quod
647 624 744 678 tibi
782 624 837 679 in
876 624 963 691 iis,
992 640 1114 695 quae
1145 623 1213 678 de
1249 623 1602 678 tabernaculo
1633 629 1850 677 narrata
1886 632 2034 689 sunt,

460 716 651 769 deesse
680 713 933 769 videtur?
967 729 1093 769 nam
1136 713 1389 778 fortasse,
1415 712 1519 767 nisi
1555 711 1735 778 fallor,
1759 712 2038 767 existimas

458 821 580 861 eam
617 804 884 860 orationis
918 812 1129 875 partem
1165 819 1287 860 esse
1324 803 1751 875 adiungendam,
1778 818 1887 872 qua
1917 803 2035 873 pla-

457 912 592 952 num
636 895 733 950 ﬁat
787 895 1066 964 quomodo
1108 894 1245 949 illud
1290 903 1540 949 erectum
1585 894 1688 958 sit;
1727 908 1838 963 quo
1871 893 2035 948 etiam

452 996 728 1058 tempore,
750 1001 925 1056 quave
962 985 1195 1050 ratione,
1222 1000 1343 1055 quae
1379 985 1436 1038 in
1481 985 1578 1039 illo
1606 991 1785 1049 erant,
1811 999 2036 1054 compo-

455 1078 565 1132 sita
620 1076 772 1143 sint;
809 1075 877 1130 de
915 1074 1402 1147 justiﬁcationibus
1433 1074 1599 1129 etiam
1637 1089 1702 1128 ac
1742 1073 1957 1144 legibus
1981 1082 2038 1127 et

460 1166 717 1223 enc:eniis
751 1173 809 1220 et
846 1163 1300 1231 sanctiﬁcatione,
1338 1179 1402 1220 ac
1438 1165 1677 1235 denique
1714 1163 1783 1219 de
1814 1160 2037 1235 iudiciis

459 1273 581 1313 esse
602 1256 855 1311 nonnihil
883 1255 1198 1311 dicendum.

525 1347 723 1402 PALL.
766 1345 938 1416 Igitur
981 1345 1165 1400 denuo
1208 1344 1277 1401 de
1323 1345 1553 1417 singulis
1592 1344 1799 1401 dissere
1833 1345 2037 1417 :328

448 1447 609 1495 recte
633 1439 779 1493 enim
811 1437 1037 1508 cogitas.

527 1530 686 1585 CYR.
727 1529 841 1599 Ego
875 1543 1011 1583 vero
1058 1527 1258 1583 dicam.
1301 1526 1409 1583 Sed
1443 1537 1497 1585 te
1531 1528 1600 1583 ad
1641 1527 2034 1600 ignoscendum

372 1676 375 1677 ν
448 1621 673 1676 facilem
701 1634 823 1676 esse
853 1620 1041 1686 velim,
1067 1618 1205 1675 illud
1243 1620 1592 1692 cogitantem,
1622 1634 1893 1675 summam
1915 1634 2034 1675 esse

456 1727 646 1767 rerum
680 1711 749 1766 ad
787 1711 1269 1783 contemplandum
1303 1711 1707 1782 propositarum
1746 1709 2036 1766 diﬁiculta-
2071 1692 2110 1750 Β

457 1814 567 1859 tem
598 1821 612 1857 :
639 1796 723 1869 ac,
751 1803 799 1858 si
837 1803 971 1873 quid
1007 1803 1240 1860 fortasse
1279 1803 1490 1869 dixero,
1521 1802 1668 1874 quod
1699 1818 1730 1857 a
1755 1809 1907 1859 certa
1947 1818 2039 1856 ra-

456 1884 608 1951 tione
634 1896 882 1961 aberret,
904 1904 961 1950 et
991 1910 1023 1950 a
1053 1903 1206 1951 recta
1227 1910 1467 1965 veraque
1494 1894 1836 1965 expositione
1860 1894 2038 1950 disce»

457 1987 571 2053 dat,
599 1986 832 2043 emenda
852 1995 909 2043 et
926 1986 1142 2057 corrige
1172 2004 1185 2040 :
1214 1993 1267 2042 te
1294 1986 1442 2042 enim
1473 1986 1682 2042 socium
1707 1985 2040 2057 adiutorem-

457 2093 564 2147 que
593 2092 729 2132 mete
753 2075 1021 2132 orationis
1044 2075 1345 2131 adhibebo.

526 2169 724 2226 PALL.
759 2169 951 2241 Perge,
983 2169 1080 2224 Dei
1111 2168 1319 2224 auxilio
1348 2167 1539 2224 fretus.

522 2260 681 2318 ΟΥΕ.
721 2259 1022 2330 Completis
1068 2260 1238 2331 igitur
1280 2260 1543 2332 operibus
1584 2260 1946 2325 tabernaculi,
1982 2268 2038 2315 et

454 2352 704 2424 singulis,
727 2367 848 2422 quae
868 2352 925 2407 in
952 2366 1020 2407 eo
1044 2351 1487 2416 continebantur,
1514 2351 1582 2406 ad
1610 2352 1757 2407 illius
1789 2352 2034 2423 pulchri-

453 2437 663 2496 tudinis
708 2440 766 2494 in
811 2449 999 2494 monte
1047 2438 1437 2495 demonstrata:
1482 2437 1903 2495 similitudinem
1951 2455 2038 2495 sa-

452 2532 670 2602 pienter
701 2539 758 2587 et
795 2529 1090 2586 artiﬁciose
1125 2530 1304 2597 factis,
1332 2529 1554 2585 locutus
1574 2540 1660 2585 est
1680 2530 1944 2585 Dominus
1966 2529 2033 2585 ad

452 2624 696 2696 Moysen,
725 2621 917 2678 dicens
950 2639 963 2675 :
998 2641 1015 2673 ι
1048 2621 1107 2676 In
1140 2621 1231 2678 die
1267 2638 1373 2677 una
1401 2620 1608 2677 mensis
1631 2622 1797 2693 primi
1822 2621 2037 2676 novilu-

448 2715 546 2770 nio
567 2716 744 2786 eriges
768 2713 1183 2771 tabernaculum
1210 2714 1512 2769 testimonii
1537 2715 1601 2768 ¹⁶.
1635 2732 1654 2765 ι
1690 2714 1759 2768 Et
1779 2722 1903 2785 post
1930 2713 2036 2769 alia

449 2820 643 2865 rursus
669 2824 682 2860 :
719 2826 737 2859 ι
762 2807 830 2861 Et
851 2806 1056 2861 factum
1080 2813 1184 2873 est,
1209 2825 1226 2858 ι
1259 2806 1459 2877 inquit,
1492 2826 1510 2858 ι
1538 2806 1596 2863 in
1620 2822 1808 2864 mense
1831 2806 2030 2878 primo,

440 2896 696 2952 secundo
737 2912 902 2963 anno,
927 2906 1282 2968 posteaquam
1309 2898 1519 2969 egressi
1544 2907 1674 2954 sunt
1692 2916 1761 2955 ex
1778 2898 2031 2971 Egypto,

450 2988 736 3043 novilunio
791 2997 1039 3044 erectum
1092 2997 1177 3044 est
1238 2989 1658 3047 tabernaculum
1702 3009 1715 3045 :
1764 3000 1821 3048 et
1858 2992 2034 3048 erexit

448 3081 666 3152 Moyses
707 3081 1126 3137 tabernaculum
1157 3082 1219 3136 ⁸⁷.
1264 3101 1282 3134 ι
1323 3082 1584 3138 Erectum
1619 3093 1705 3139 est
1742 3084 1910 3156 igitur
1942 3101 2038 3141 ve-

450 3184 540 3229 tus
572 3173 707 3229 illud
748 3173 1165 3229 tabernaculum
1206 3174 1303 3229 Dei
1336 3175 1641 3241 voluntate,
1673 3176 1818 3246 quod
1850 3177 2038 3232 Eccle-

442 3264 542 3320 sia:
582 3256 704 3335 qua:
748 3264 804 3318 in
845 3264 1066 3320 Christo
1108 3264 1458 3337 intelligitur,
1500 3266 1555 3320 in
1596 3266 1778 3337 seipso
1836 3266 2037 3338 ﬁguras

446 3356 655 3426 optime
699 3357 1006 3427 praeferret.
1057 3354 1165 3412 Sed
1212 3357 1671 3427 pervestigemus,
1706 3358 1753 3412 si
1791 3357 2031 3423 videtur,

445 3449 647 3518 quibus
674 3448 743 3503 de
772 3448 956 3503 causis
979 3463 1079 3518 per
1102 3447 1324 3519 Moysen
1353 3449 1540 3519 potius
1569 3457 1816 3503 erectum
1842 3448 1930 3504 sit.
1957 3449 2035 3504 Ac

445 3541 514 3595 de
535 3541 663 3595 Jesu
690 3540 803 3594 ﬁlio
837 3539 983 3594 Nave
1009 3539 1079 3594 ad
1106 3555 1351 3610 przesens
1379 3540 1628 3605 sileatur,
1660 3541 1913 3610 quamvis
1942 3541 2033 3596 ille

444 3649 665 3703 semper
704 3633 866 3687 beato
893 3632 1060 3703 Moysi
1097 3641 1298 3701 praesto
1322 3632 1512 3697 fuerit,
1538 3641 1595 3687 et
1635 3648 1744 3687 una
1782 3633 1838 3686 in
1872 3648 2030 3687 mon-

443 3735 556 3780 tem
588 3724 717 3778 Sina
738 3723 1143 3789 conscenderit,
1177 3730 1233 3779 et
1262 3724 1332 3779 ab
1360 3724 1542 3796 Moyse
1589 3725 1804 3795 jussum
1826 3724 2031 3779 bellum

443 3815 698 3887 gesserit,
727 3824 786 3871 et
811 3831 939 3871 cum
967 3815 1192 3871 Amalec
1224 3815 1379 3887 signa
1415 3816 1730 3872 contulerit.
1766 3815 1858 3871 Sic
1883 3817 2029 3871 enim

441 3907 523 3962 illi
550 3907 687 3963 dixit
715 3926 728 3961 :
768 3927 786 3959 ι
815 3908 967 3978 Elige
991 3907 1090 3961 tibi
1114 3907 1264 3961 viros
1286 3907 1477 3972 fortes,
1499 3916 1555 3963 et
1574 3923 1831 3979 egressus
1849 3923 2029 3979 pugna

439 4011 567 4051 cum
606 3996 828 4052 Amalec
858 4011 980 4051 cras
1007 3996 1069 4049 ⁸⁸.
1103 4014 1122 4047 ι
1157 3995 1223 4050 Et
1245 4010 1571 4067 congressus
1611 4004 1717 4061 est,
1775 4010 1841 4050 ac
1871 3995 2024 4050 vicit.

439 4088 699 4157 Quaenam
730 4089 800 4143 sit
827 4089 995 4160 igitur
1019 4088 1184 4161 hujus
1214 4089 1293 4145 sei
1329 4089 1491 4155 ratio,
1520 4105 1702 4146 nonne
1729 4089 2025 4160 exquiren-

439 4184 571 4236 dum
600 4182 796 4252 putas?

508 4275 707 4330 PALL.
747 4274 977 4331 Maxime
1011 4291 1163 4331 vero.

2140 434 2340 505 ἤκιστά
2363 450 2447 501 γε.

2210 524 2376 582 ΚΥΡ,
2411 522 2597 575 Βούλει
2622 522 2685 593 δὴ
2707 517 2799 577 οὗν
2824 524 2911 577 ἐπ’
2938 524 3113 577 ἐκεῖνο
3142 525 3304 579 πάλιν
3332 526 3724 599 προθυμότατα

2139 615 2551 685 διαστείχωμεν,
2587 613 2616 667 ὃ
2645 617 2759 678 τοῖς
2800 614 2886 669 ἐπ’
2928 615 3064 687 αὐτῇ
3106 615 3440 688 διηγήμασιν
3481 619 3723 675 ἐλλελοι-

2140 706 2299 761 πέναι
2333 705 2515 781 δοκεῖς
2541 706 2644 759 οἴει
2672 706 2783 777 γάρ
2820 723 2946 769 που,
2980 707 3124 760 κατὰ
3150 707 3212 760 τὸ
3263 708 3431 773 είκδς,
3472 728 3726 782 προσεπ-

2140 799 2521 869 άγεσθαι.δεῖν
2553 800 2646 854 τὸν
2681 800 3044 871 σαφηνιοῦντα
3072 800 3250 870 λόγον,
3295 802 3417 856 τίνα
3456 803 3556 874 μὲν
3586 808 3727 875 ἡμῖν

2139 889 2439 961 ἑγήγερται
2481 890 2703 961 τρόπον,
2736 889 2941 960 πηνίκα
2972 892 3029 945 δὲ
3061 893 3155 945 καὶ
3206 892 3353 955 ὅπως
3386 892 3454 946 τὰ
3490 894 3546 946 ὲν
3575 893 3723 965 αὑτῇ

2140 980 2479 1036 συντέθειται
2509 979 2860 1052 δικαιώματά
2885 999 2945 1034 τε
2980 983 3076 1035 καὶ
3110 983 3293 1054 νόμοι,
3347 984 3441 1037 καὶ
3472 985 3725 1053 ἑγκαινι-

2118 1071 2275 1153 ’σμὸς
2304 1070 2397 1128 καὶ
2425 1072 2691 1143 ἁγιασμὸς
2730 1072 2827 1126 καὶ
2854 1072 3051 1142 κρίσις.

2208 1337 2412 1391 ΠΑΛΛ.
2443 1336 2621 1408 Φράζε
2649 1335 2713 1409 δὴ
2733 1333 2825 1390 οὖν
2846 1337 2914 1390 τὰ
2940 1336 3024 1407 ἐφ’
3048 1337 3261 1408 ἑκάστῳ
3291 1338 3455 1393 πάλιν
3476 1354 3489 1367 ⁸
3528 1339 3725 1412 διανοῇ

2140 1428 2248 1499 γὰρ
2273 1426 2469 1499 ὀρθῶς.
3542 1421 3565 1439 ⁸

2208 1518 2375 1572 ΚΥΡ.
2411 1509 2622 1572 Οὐκοῦν
2681 1517 2792 1590 ὲρῶ
2822 1518 2922 1590 μὲν
2943 1518 3072 1588 ἑγώ.
3101 1519 3173 1573 Σὺ
3197 1518 3252 1572 δὲ
3277 1512 3342 1574 αὖ
3380 1519 3730 1592 συγγνώμων

2138 1611 2230 1665 ἔσο
2261 1652 2275 1678 ,
2317 1610 2416 1681 τὴν
2450 1612 2684 1666 είσάπαν
2716 1611 3038 1684 δυσχέρειαν
3077 1612 3186 1666 τῶν
3224 1612 3594 1683 θεωρημάτων
3626 1616 3728 1668 ἑν-

2139 1700 2431 1775 νενοηκὼς,
2462 1703 2566 1758 κᾶν
2597 1703 2751 1757 εἵπου
2777 1721 2831 1757 τι
2882 1704 3094 1777 λέγοιμι
3116 1704 3277 1775 τυχὸν
3300 1705 3407 1759 τῶν
3434 1707 3728 1777 ἀκριϐείας

2139 1798 2567 1870 ἡμαρτηκότων,
2607 1798 2704 1851 καὶ
2747 1795 2905 1866 λόγου
2937 1797 3032 1851 τοῦ
3075 1797 3286 1861 δέοντος
3324 1799 3727 1869 ἑκπεφοιτηκὸ-

2140 1905 2272 1954 των,
2316 1888 2661 1959 μετάπλαττε
2707 1886 2801 1940 καὶ
2842 1886 3176 1959 μεθάρμοζε.
3214 1888 3565 1959 Συλλήπτορα
3605 1891 3726 1961 γάρ

2141 1995 2199 2032 σε
2231 1978 2325 2034 καὶ
2355 1977 2570 2050 ἀρωγὸν
2599 1977 2706 2031 τῶν
2736 1976 2974 2049 ἐμαυτοῦ
3016 1979 3314 2050 ποιήσομαι
3348 1978 3541 2049 λόγων.

2208 2072 2418 2129 ΠΑΛΛ.
2458 2072 2561 2126 Ἴθι
2583 2069 2703 2142 Θεῷ
2730 2057 3003 2136 πίσυνος.

2207 2166 2371 2220 ΚΥΡ.
2420 2164 2972 2238 Συμπεπερασμένων
3021 2163 3086 2237 δὴ
3141 2158 3234 2219 οῦν
3289 2162 3348 2219 εὖ
3404 2165 3548 2237 μάλα
3606 2167 3727 2220 τῶν

2137 2257 2314 2330 ἔργων
2342 2258 2443 2329 τῆς
2470 2258 2632 2328 ἁγίας
2663 2257 2889 2329 σκηνῆς,
2923 2256 3017 2311 καὶ
3049 2258 3154 2329 μὴν
3207 2258 3303 2311 καὶ
3343 2258 3573 2312 ἑκάστου
3608 2259 3727 2313 τῶν

2138 2350 2196 2401 ἑν
2236 2347 2373 2419 αὐτῇ
2408 2346 2587 2416 σοφῶς
2631 2346 2725 2402 καὶ
2788 2346 3053 2417 εὐτέχνως
3090 2348 3537 2420 ἑκπεποιημένων
3580 2350 3728 2421 πρός

2135 2456 2201 2507 γε
2253 2437 2313 2494 τὸ
2377 2439 2735 2511 παραδειχθὲν
2787 2440 2847 2494 ἑν
2904 2440 2983 2514 τῷ
3033 2440 3150 2514 ὄρει
3202 2442 3397 2506 κάλλος
3421 2484 3434 2508 ,
3483 2442 3725 2511 ἑλάληςε

2136 2528 2340 2601 Κύριος
2370 2530 2507 2601 πρὸς
2540 2531 2776 2602 Μωσῆν,
2813 2530 3008 2601 λέγων,
3051 2551 3069 2584 ι
3117 2530 3207 2586 Ἑν
3246 2532 3433 2604 ἡμέρα
3468 2534 3565 2604 μιᾷ
3605 2552 3724 2607 μη-

2136 2621 2224 2685 νὸς
2250 2619 2344 2674 τοῦ
2371 2619 2586 2691 πρώτου
2611 2659 2626 2685 ,
2671 2622 2954 2696 νεομηνία,
3002 2624 3222 2695 στήσεις
3248 2624 3346 2695 τὴν
3388 2625 3595 2695 σκηνὴν
3618 2625 3724 2679 τοῦ

2140 2712 2463 2786 μαρτυρίου.
2523 2731 2541 2765 r
2567 2711 2679 2768 Καὶ
2723 2713 2840 2784 μεθ’
2864 2713 3028 2785 ἑτερα
3052 2714 3240 2769 πάλιν
3277 2731 3297 2765 ι
3332 2715 3443 2768 Καὶ
3463 2715 3682 2784 ἐγένετο
3705 2756 3721 2777 ,

2136 2806 2323 2878 φησὶν,
2383 2808 2441 2860 ἑν
2482 2804 2558 2877 τῷ
2612 2806 2743 2876 μηνὶ
2802 2802 2881 2877 τῷ
2930 2804 3161 2878 πρώτῳ,
3210 2805 3291 2878 τῷ
3334 2807 3567 2878 δευτέρῳ
3598 2806 3722 2859 ἔτει

2134 2898 2582 2971 ἐκπορευομένων
2604 2898 2781 2954 αὐτῶν
2808 2897 2869 2963 ἑξ
2884 2897 3160 2967 Αἰγύπτου
3176 2898 3481 2970 νεομηνίας,
3506 2897 3721 2969 ἑστάθη

2136 2992 2170 3063 ἡ
2201 2991 2398 3064 σκηνὴ.
2424 2991 2521 3045 καὶ
2543 2989 2739 3063 ἔστησε
2764 2992 2970 3064 Μωσῆς
2998 2990 3097 3062 τὴν
3130 2991 3355 3062 σκηνήν.
3389 3008 3408 3041 ι
3452 2991 3718 3063 Ἐγήγερ-

2141 3101 2233 3137 ται
2270 3084 2369 3155 μὲν
2397 3079 2491 3138 οὖν
2516 3126 2530 3150 ,
2563 3083 2706 3139 κατὰ
2738 3085 2801 3138 τὺ
2838 3083 2956 3155 Θεῷ
2985 3082 3198 3148 δοκοῦν,
3231 3083 3263 3153 ἡ
3295 3082 3501 3153 ἀρχαία
3538 3083 3712 3154 σκηνὴ

2140 3176 2240 3247 τῆς
2262 3177 2319 3229 ἑν
2344 3176 2566 3248 Χριστῷ
2586 3176 2881 3248 νοουμένης
2912 3174 3257 3247 Ἐκκλησίας,
3281 3176 3363 3245 ἐφ’
3380 3178 3548 3248 ἑαυτῇ
3586 3179 3717 3241 τοὺς

2135 3270 2339 3333 τύπους
2368 3265 2427 3323 εὗ
2460 3269 2608 3341 μάλα
2650 3268 3194 3342 προσαναφαίνουσα.
3230 3268 3710 3341 Πολυπραγμονῶ-

2139 3378 2238 3432 μεν
2268 3361 2345 3426 δὲ,
2379 3363 2426 3415 εί
2458 3361 2623 3429 δοκεῖ,
2654 3362 2753 3425 τὰς
2780 3361 2960 3424 αίτίας
2982 3359 3075 3413 τοῦ
3100 3360 3185 3415 διὰ
3215 3361 3457 3425 Μωσέως
3481 3362 3714 3435 ἐγηγέρ-

2096 3467 2101 3473 ·
2137 3454 2225 3508 θαι
2261 3452 2461 3524 μᾶλλον
2488 3453 2658 3526 αὐτὴν
2677 3495 2692 3522 ,
2738 3454 3100 3525 σεσιγημένου
3131 3451 3269 3525 πρὸς
3294 3452 3356 3506 τὸ
3379 3454 3558 3526 παρὸν
3600 3456 3711 3525 ἰη-

2136 3547 2229 3600 σοῦ
2262 3546 2356 3601 τοῦ
2399 3547 2594 3620 Ναυῆ,
2662 3547 2845 3602 καίτοι
2879 3547 3286 3618 παρεστηκότος
3319 3546 3409 3599 ἀεὶ
3451 3545 3531 3618 τῷ
3569 3565 3709 3600 παν-

2133 3639 2340 3711 αρίστῳ
2356 3640 2549 3711 Μωσῇ,
2566 3639 2660 3694 καὶ
2682 3638 3221 3712 συναναθρώσκοντος
3248 3639 3347 3709 μὲν
3379 3640 3473 3692 ἐπὶ
3497 3639 3558 3692 τὸ
3586 3640 3710 3710 ὅρος

2131 3731 2190 3784 τὸ
2219 3732 2369 3797 Σινᾶ,
2402 3731 2764 3803 πολεμοῦντος
2787 3733 2845 3787 δὲ
2878 3735 2972 3788 καὶ
3006 3733 3394 3803 ἀντεξάγοντος
3413 3732 3493 3801 τῷ
3535 3733 3708 3805 Ἀμα-

2131 3824 2233 3896 λὴκ
2266 3824 2355 3879 διὰ
2386 3830 2571 3898 φωνῆς
2598 3828 2860 3892 Μωσέως.
2905 3829 3049 3898 Ἔφη
3083 3830 3195 3900 γάρ
3223 3844 3323 3882 που
3355 3827 3493 3898 πρὸς
3523 3828 3704 3891 αὑτὸν,

2137 3936 2156 3969 ι
2203 3917 2479 3983 Ἐπίλεξαι
2521 3919 2733 3991 σεαυτῷ
2769 3920 2969 3993 ἄνδρας
3005 3920 3264 3984 δυνατοὺς
3288 3957 3304 3984 ,
3349 3916 3448 3973 καὶ
3474 3919 3708 3986 ἐξελθὼν

2131 4007 2440 4079 παράταξαι
2486 4008 2564 4080 τῷ
2599 4009 2845 4087 Ἀμαλὴκ
2882 4008 3090 4082 αὔριον.
3131 4028 3151 4063 ι
3191 4011 3300 4065 Καὶ
3327 4009 3704 4080 παρετάξατο,

2127 4101 2220 4154 καὶ
2249 4100 2521 4169 νενίκηκε.
2575 4100 2671 4165 Τίς
2709 4097 2801 4157 οὖν
2839 4102 2947 4174 ἄρα
2998 4102 3146 4156 ἐστὶν
3180 4103 3209 4156 ό
3240 4100 3394 4155 τοῦδε
3433 4100 3609 4171 λόγος,
3643 4103 3705 4155 οὗ

2125 4190 2433 4260 δοκιμάζειν
2463 4180 2611 4258 ἄξιον
2632 4207 2645 4257 ;

2197 4283 2409 4336 ΠΛΛΛ.
2451 4284 2601 4337 Πάνυ
2635 4283 2736 4353 μὲν
2768 4277 2882 4337 οὖν.

505 4366 663 4422 CYR.
703 4366 761 4423 Si
809 4367 978 4441 igitur
1022 4368 1079 4423 in
1122 4383 1452 4438 unaquaque
1487 4383 1547 4423 re
1581 4379 1734 4440 gesta
1777 4376 2021 4446 mysterii

2196 4370 2359 4423 ΚΥΡ.
2390 4370 2597 4424 Οὐκοῦν
2633 4371 2717 4440 ἐφ’
2748 4371 2966 4443 ἑκάστῳ
3003 4371 3112 4425 τῶν
3154 4371 3447 4443 δρωμένων
3482 4373 3573 4427 τὸν
3610 4372 3704 4427 τοῦ

434 4459 709 4515 rationem
755 4460 880 4529 quis
921 4459 1075 4524 velit,
1112 4458 1294 4529 quoad
1338 4458 1456 4513 ﬁeri
1503 4463 1729 4529 poterit,
1762 4474 2019 4521 accurate

433 4561 693 4616 tractare,
729 4550 1147 4620 obstupefactus
1189 4548 1377 4603 dicet:
1416 4569 1435 4600 ι
1464 4548 1509 4605 Ο
1534 4550 1768 4607 altitudo
1801 4554 2019 4611 divitia-

431 4656 557 4695 rum
595 4647 653 4695 et
698 4639 983 4709 sapientia:
1027 4646 1083 4693 et
1131 4637 1376 4693 scientia:
1400 4638 1499 4694 Dei
1529 4639 1600 4693 ‘9!
1639 4660 1657 4692 ι
1703 4642 1838 4698 Vide
1868 4648 2016 4705 enim

431 4748 596 4809 quam
636 4731 859 4789 subtilis
910 4739 964 4785 et
995 4746 1161 4801 quam
1201 4730 1354 4787 utilis
1391 4732 1462 4787 sit
1499 4733 1556 4788 in
1599 4751 1925 4808 unaquaque
1955 4756 2015 4797 re

430 4838 669 4880 sensus:
705 4840 854 4889 nam,
885 4824 1219 4880 ascendente
1252 4824 1309 4880 in
1347 4836 1589 4883 montem
1624 4828 1785 4887 beato
1810 4831 2013 4906 Moyse,

431 4914 596 4968 simul
639 4914 888 4970 ascendit
931 4914 1130 4970 Jesus:
1164 4930 1345 4984 neque
1390 4917 1539 4971 enim
1577 4920 1738 4975 aliter
1773 4922 1910 4978 adiri
1947 4924 2015 4979 ad

429 5002 650 5059 Patrem
697 5012 879 5076 potest
923 5005 1029 5061 nisi
1071 5019 1171 5075 per
1207 5004 1407 5060 Filium
1446 5008 1618 5064 :vere
1653 5011 1799 5067 enim
1835 5013 2010 5070 dicit:

437 5113 455 5144 ι
488 5094 664 5151 Nemo
687 5096 840 5151 venit
862 5096 930 5152 ad
953 5097 1172 5153 Patrem
1196 5096 1302 5151 nisi
1326 5112 1427 5168 per
1450 5114 1539 5155 me
1563 5102 1629 5153 ὀ.
1662 5122 1680 5153 ι
1715 5103 1773 5158 In
1794 5103 2012 5163 Christo

426 5184 598 5257 igitur
632 5186 766 5256 ipsis
801 5202 1020 5258 quoque
1052 5187 1256 5245 sanctis
1299 5188 1436 5243 viris
1476 5201 1626 5260 patet
1665 5193 1878 5263 aditus;
1909 5213 2009 5254 ne-

423 5291 533 5346 que
583 5275 842 5343 cuiquam
893 5276 974 5332 fas
1019 5284 1107 5332 est
1155 5277 1224 5331 ad
1275 5279 1546 5334 excelsam
1606 5282 2008 5358 sublimemque

423 5368 943 5440 contemplationem
982 5369 1139 5440 quasi
1176 5368 1233 5424 in
1274 5378 1520 5426 montem
1552 5376 1872 5443 ascendere,
1905 5395 2005 5435 ne-

2132 4461 2436 4532 μυστηρίου
2468 4461 2625 4530 λόγον
2653 4462 2811 4533 εἴπερ
2838 4462 3012 4517 ἑλοιτό
3036 4479 3119 4526 τις
3145 4461 3464 4535 ἐξακριϐοῦν
3497 4464 3576 4528 ὡς
3598 4465 3703 4530 ἔνι,

2124 4551 2517 4623 κατατεθηπὼς
2547 4555 2663 4625 ἑρεῖ
2710 4554 2798 4619 τὸ,
2838 4571 2858 4605 ι
2902 4550 2973 4607 Ὦ
3004 4554 3166 4626 βάθος
3223 4555 3454 4610 πλούτου
3484 4556 3583 4609 καὶ
3614 4572 3707 4610 σοι

2124 4645 2251 4715 φίας
2289 4644 2384 4698 καὶ
2417 4642 2673 4713 γνώσεως
2703 4644 2871 4699 Θεοῦι
2915 4663 2934 4697 ι
2966 4645 3156 4718 Ἀθρει
3184 4645 3290 4718 γὰρ
3330 4645 3477 4709 ὅπως
3504 4644 3704 4710 λεπτός

2121 4753 2180 4792 τε
2213 4736 2309 4791 καὶ
2353 4738 2649 4806 ἀναγκαῖος
2676 4737 2704 4789 ό
2733 4737 2819 4806 ἐφ’
2848 4736 3064 4807 ἑκάστῳ
3084 4735 3210 4800 νοῦς
3232 4750 3246 4763 ·
3276 4733 3561 4795 ἀναθέοντι
3604 4736 3707 4804 μὲν

2119 4831 2229 4903 γὰρ
2256 4832 2337 4894 είς
2360 4831 2421 4886 τὸ
2453 4831 2578 4902 ὅρος
2607 4830 2685 4902 τῷ
2714 4829 2987 4901 θεσπεσίῳ
3014 4829 3214 4899 Μωσῇ,
3245 4826 3551 4881 συνάνεισιν
3599 4826 3704 4896 Ἰη-

2124 4921 2271 4988 σοῦς·
2300 4923 2361 4977 οὐ
2390 4921 2499 4997 γὰρ
2521 4920 2776 4994 προσιτός
2797 4920 3038 4992 ἑτέρωςό
3060 4918 3276 4989 Πατὴρ,
3294 4919 3342 4970 εί
3371 4916 3446 4989 μὴ
3461 4916 3701 4970 δι’Υἱοῦ.

2116 5015 2228 5069 Καὶ
2260 5015 2369 5087 γάρ
2406 5016 2554 5070 ἐστιν
2579 5012 2796 5084 ἀληθὲς,
2842 5013 2893 5067 εί
2948 5012 3218 5079 λέγοιτοοι
3244 5008 3433 5072 Οὐδεὶς
3473 5006 3701 5080 ἔρχεται

2116 5107 2255 5179 πρὸς
2278 5108 2370 5161 τὸν
2406 5106 2646 5177 Πατέρα,
2677 5106 2726 5158 εί
2757 5104 2832 5176 μὴ
2853 5103 2918 5157 δι’
2943 5102 3099 5176 ἐμοῦ.
3130 5121 3150 5156 ι
3186 5102 3274 5156 Ἐν
3319 5101 3545 5174 Χριστῷ
3583 5119 3699 5155 τοι-

2115 5199 2319 5273 γαροῦν
2353 5199 2449 5255 καὶ
2484 5200 2668 5264 αὐτοῖς
2722 5201 2834 5262 τοῖς
2862 5197 3037 5267 ἁγίοις
3075 5196 3110 5266 ἡ
3150 5194 3433 5267 πρόσοδος·
3464 5194 3563 5248 καὶ
3596 5195 3699 5248 οὐκ

2114 5294 2180 5347 ἄν
2209 5310 2294 5357 τις
2317 5292 2557 5357 δύναιτο,
2579 5290 2832 5362 καθάπερ
2858 5290 2938 5353 είς
2966 5288 3114 5358 ὅρος,
3144 5287 3429 5358 ἀναπηδᾷν
3448 5289 3529 5350 εἰς
3556 5285 3699 5358 ὑψη-

2113 5383 2212 5452 λήν
2240 5399 2359 5436 τινα
2389 5382 2485 5437 καὶ
2518 5381 2806 5453 ὑπερφερῆ
2832 5376 3086 5450 θεωρίαν,
3117 5377 3230 5431 ἀλλ’
3256 5377 3364 5431 οὐδ’
3388 5376 3476 5439 ἂν.
3515 5372 3694 5447 οἶμαι,
3730 5368 3743 5375 ’

422 5473 527 5525 que
604 5475 736 5517 vero
801 5461 1029 5532 propius
1095 5461 1163 5517 ad
1220 5462 1392 5517 Deum
1465 5465 1763 5534 accedere,
1839 5470 2004 5544 329

2140 5474 2193 5538 ὶς
2220 5472 2389 5544 ἀγχοῦ
2404 5473 2612 5544 γένοιτο
2634 5472 2789 5538 Θεοῦ,
2822 5470 2962 5526 κατὰ
2987 5469 3185 5542 τρόπον
3206 5466 3262 5522 δὲ
3288 5466 3536 5523 δηλονότι
3566 5483 3696 5523 συν-

491 5642 536 5676 ¹⁶
557 5642 725 5699 Ειυιι.
749 5663 835 5711 τι,
867 5648 912 5704 ι.
934 5646 986 5701 '2.
1062 5648 1100 5679 ’⁷
1128 5647 1258 5703 ibid.
1292 5650 1375 5713 l3,
1406 5649 1486 5704 l6.
1567 5648 1609 5679 “‘
1644 5648 1813 5703 Exod.
1842 5668 1966 5718 xvn,
1996 5650 2212 5724 9,39qq.
2317 5656 2356 5688 ¹⁹
2378 5655 2535 5714 Rom.
2564 5671 2636 5721 x1,
2672 5654 2757 5708 33.
2838 5654 2883 5687 ²⁰
2912 5655 3066 5710 Joan.
3114 5670 3218 5721 xn',
3243 5654 3295 5709 6.
