3996 6212
255 342 361 396 ϐἷὶδ

996 343 1084 397 DE
1120 341 1561 396 ADORATIONE
1602 341 1668 395 IN
1711 340 1981 396 SPIRITU
2010 341 2098 395 ET
2139 338 2506 395 VERITATE.
2551 337 2679 391 LIB.
2711 335 2779 390 Χ.

3402 336 3505 390 65-1

257 461 452 527 αᾳείας
474 501 489 524 ,
535 459 634 531 τῆς
684 459 742 512 ἐν
787 461 1058 532 πνεύματι
1097 463 1193 514 καὶ
1227 461 1484 532 ἁγιασμῷ
1518 462 1791 525 πολιτείας
1816 504 1830 525 ,

1969 477 2001 517 0
2041 461 2300 515 nimirum
2344 458 2745 530 coniunctionis
2791 456 2972 520 modo,
3005 455 3100 525 qui
3137 457 3192 509 in
3233 454 3426 524 spiritu
3453 464 3508 509 et

259 551 335 622 μὴ
370 551 493 620 οὐχὶ
526 551 778 615 συνόντος
805 570 863 605 τε
894 552 1042 624 αὑτῷ
1084 552 1178 605 τοῦ
1223 554 1571 624 Ἐμμανουὴλ
1591 593 1605 616 ,
1636 554 1729 606 καὶ
1765 553 1834 606 τὰ

255 639 565 710 ἀνθρώποις
593 642 859 710 ἀνέφικτα
914 643 1120 714 βάσιμα
1144 643 1378 709 τιθέντος
1407 643 1500 697 καὶ
1533 643 1830 714 ίππήλατα.

255 732 367 785 Καὶ
405 730 584 795 τοῦτο,
617 728 788 803 οἶμαι,
847 735 962 787 ἐστὶ
994 734 1055 788 τὸ
1083 734 1169 788 διὰ
1213 735 1395 806 φωνῆς
1431 734 1650 788 Ἡσαΐου
1684 734 1835 804 εἰρησ-

260 823 441 893 μένον,
481 843 499 876 ι
536 825 694 878 Πᾶσα
720 826 938 896 φάραγξ
966 827 1384 900 πληρωθήσεται
1403 869 1417 895 ,
1450 828 1545 882 καὶ
1572 828 1678 880 πᾶν
1713 827 1836 897 ὅρος

257 915 353 966 καὶ
404 914 591 984 βουνὸς
634 917 1137 986 ταπεινωθήσεται,
1173 919 1269 972 καὶ
1317 920 1496 972 πάντα
1546 917 1615 972 τά
1651 916 1838 971 σκολιὰ

256 1005 413 1058 ἔσται
449 1009 528 1090 είς
561 1007 774 1061 εὐθεῖαν
796 1049 810 1072 ,
847 1011 941 1064 καὶ
967 1013 1022 1064 αἱ
1055 1014 1303 1082 τραχεῖαι
1328 1013 1407 1074 είς
1433 1010 1586 1072 ὀδοὺς
1608 1007 1776 1072 λείας.
1814 1026 1833 1059 ι

269 1098 361 1150 Ἐν
388 1097 607 1169 Χριστῷ
634 1099 741 1171 γάρ
773 1101 904 1170 ἡμῖν
937 1101 1031 1154 καὶ
1063 1101 1131 1154 τὰ
1154 1103 1358 1171 ἀνάντη
1391 1101 1530 1164 λεῖα,
1567 1099 1661 1153 καὶ
1685 1098 1838 1168 βάσι-

260 1205 363 1258 μον
400 1190 461 1242 τὸ
492 1190 692 1262 τραχύο
745 1191 885 1261 ψιλὰ
917 1192 973 1245 δὲ
1008 1193 1091 1246 καῖ
1133 1191 1334 1258 ῦπτια,
1381 1193 1448 1245 τὰ
1477 1191 1834 1262 δυσπόρευτα.

257 1276 374 1329 Καὶ
403 1277 534 1348 γὰρ,
565 1278 641 1341 ὡς
683 1279 844 1343 αὑτός
892 1297 995 1332 που
1039 1281 1198 1336 πάλιν
1236 1282 1398 1352 φησὶν
1444 1283 1473 1334 6
1521 1281 1838 1352 προφήτης,

264 1385 284 1415 ι
331 1367 480 1432 Ὁδὸς
511 1369 752 1424 εὑσεῦῶν
773 1370 954 1424 εὐθεῖα
981 1371 1215 1440 ἐγένετο,
1233 1373 1326 1426 καὶ
1351 1371 1842 1444 παρεσκευασμένη

257 1461 292 1529 ἡ
321 1460 438 1523 ὁδὸς
465 1460 570 1513 τῶν
598 1461 858 1518 εὐσεϐῶν.
903 1481 922 1514 ι
958 1463 1166 1517 Οὑκοῦν
1199 1464 1512 1534 ἀναγκαίως
1543 1463 1843 1516 συνάνεισιν

272 1550 484 1620 Ἰησοῦς
505 1551 584 1622 τῷ
611 1551 884 1624 θεσπεσίῳ
905 1555 1100 1625 Μωσῇ.
1138 1555 1402 1626 Προσιτὸς
1430 1555 1562 1626 γὰρ,
1588 1553 1662 1618 ὼς
1686 1553 1842 1624 ἔφην,

261 1642 292 1694 6
321 1641 510 1714 Πατὴρ
554 1643 622 1696 δι’
651 1642 802 1708 Υίοῦ,
833 1644 927 1698 καὶ
955 1644 1116 1708 αὑτός
1157 1647 1304 1699 ἐστιν
1349 1648 1378 1699 6
1423 1644 1672 1716 μεσίτης,
1715 1661 1842 1697 συν-

263 1739 454 1794 άπτων
477 1741 626 1810 ἡμᾶς
656 1741 720 1793 δι’
755 1741 970 1808 ἑαυτοῦ,
1004 1741 1097 1796 καὶ
1123 1744 1180 1796 ὲν
1207 1744 1319 1806 τοῖς
1351 1741 1492 1812 ὑπὲρ
1509 1738 1675 1810 φύσιν
1701 1736 1848 1809 ὑψώ-

265 1847 440 1898 μασιν
476 1831 844 1902 ἀνακομίζων.
894 1833 1275 1904 Παρετέτακτο
1305 1832 1362 1885 δὲ
1402 1833 1499 1886 σὺν
1526 1831 1848 1893 ἀπολέκτοις

261 1921 520 1991 ἀνδράσι,
549 1921 643 1973 καὶ
673 1921 828 1974 ὲνίκα
860 1921 950 1975 τὸν
985 1922 1253 1993 Ἀμαλήκ.
1299 1920 1714 1990 Ἐπιλεξάμενος
1739 1918 1846 1990 γάρ

259 2011 396 2074 τοὺς
423 2012 610 2080 ἁγίους
643 2012 671 2063 6
707 2013 962 2084 Χριστος,
998 2007 1072 2068 ὧν
1097 2013 1321 2086 ἀπαρχὴ
1352 2012 1636 2083 γεγόνασιν
1663 2013 1710 2064 ol
1735 2011 1850 2064 θεσ-

263 2103 450 2157 πέσιοι
499 2105 771 2175 μαθηταὶ,
811 2107 1067 2177 νενίκηκε
1104 2107 1196 2159 τὸν
1243 2106 1482 2177 ἀρχηγὸν
1513 2104 1607 2158 τοῦ
1656 2102 1849 2165 αἰῶνος

263 2193 462 2246 τούτου
479 2210 492 2222 ·
515 2194 718 2264 Μωσῆς
751 2194 807 2248 δὲ
833 2197 861 2248 6
887 2196 1120 2250 κελεύων
1149 2191 1215 2268 ἦν
1233 2213 1248 2229 ⁸
1281 2197 1471 2266 γέγονε
1505 2195 1612 2267 γὰρ
1639 2195 1742 2248 ὑπὸ
1766 2193 1852 2246 νό-

271 2301 376 2354 μον
404 2286 432 2336 6
463 2285 613 2348 Υἱὸς,
643 2287 818 2340 καίτοι
847 2287 1142 2358 νομοθέτης
1175 2287 1435 2357 ὑπάρχων
1454 2287 1528 2349 ὼς
1555 2285 1707 2348 Θεός.
1744 2285 1854 2338 Καὶ

266 2378 372 2448 τῆς
422 2377 781 2448 παρατάξεως
825 2381 854 2431 6
899 2377 1092 2449 καιρὸς
1140 2379 1200 2431 οὑ
1259 2377 1378 2432 κατ’
1421 2377 1587 2448 αὑτὴν
1637 2375 1852 2447 ἐκείνην

269 2472 578 2544 ἐπράττετο
603 2473 703 2542 τὴν
732 2473 970 2543 ἡμέραν,
1008 2473 1130 2525 καθ’
1154 2472 1220 2544 ἣν
1249 2474 1298 2524 οἱ
1327 2471 1570 2534 Μωσέως
1598 2469 1854 2538 γεγόνασι

268 2564 444 2629 λόγοι,
481 2564 596 2618 ἀλλ’
622 2567 703 2628 είς
727 2566 823 2636 τὴν
853 2564 1061 2636 αὔριον,
1090 2563 1232 2618 τοῦτ’
1264 2564 1430 2628 ἐστιν,
1462 2565 1542 2627 είς
1564 2561 1856 2636 ὑπέρθεσιν

271 2656 470 2727 ἑτέρου
492 2653 705 2727 καιροῦ.
728 2656 1108 2728 Προηγόρευσε
1132 2655 1239 2726 γὰρ
1266 2657 1294 2709 6
1311 2654 1473 2726 νόμος
1500 2654 1568 2707 τὰ
1597 2655 1852 2724 ἐσόμενα,

275 2748 377 2802 καὶ
415 2747 522 2801 τῶν
550 2747 644 2800 τοῦ
681 2748 932 2820 Σωτῆρος
974 2747 1417 2819 κατορθωμάτων
1447 2745 1706 2817 λαμπρὰν
1747 2744 1857 2814 ἔχει

274 2838 379 2909 τὴν
424 2840 726 2911 ἀφήγησιν,
766 2840 814 2892 εί
865 2842 1037 2894 νοοῖτο
1089 2837 1495 2910 πνευματικῶς.
1552 2837 1856 2909 Ταύτητοι,

277 2933 536 3005 καθάπερ
573 2925 807 3004 ἐγῷμαι,
829 2932 922 2985 καὶ
953 2932 1052 3003 τὴν
1086 2931 1247 3000 ἁγίαν
1279 2930 1482 3002 σκηνὴν
1516 2930 1812 2998 ἀνέστησεν
1834 2930 1862 2982 6

276 3024 514 3094 Μωσῆς.
544 3025 699 3076 Ἔστι
735 3023 844 3095 γὰρ
884 3023 984 3077 οὑκ
1023 3022 1319 3094 ἀσυντελὴς
1351 3022 1496 3094 ήδιά
1535 3022 1701 3092 νόμου
1730 3021 1858 3074 παί-

1935 553 2221 606 sanctitate
2251 536 2684 606 conversationis
2703 547 2959 613 efficitur,
2983 547 3090 602 nisi
3123 547 3199 601 illi
3221 547 3362 602 adsit
3383 548 3509 601 Em-

1936 645 2175 707 manuel,
2200 651 2276 706 et,
2305 658 2426 711 qua:
2450 641 2765 695 hominibus
2785 639 2958 694 ardua
2984 646 3185 694 suntet
3210 640 3506 703 inaccessa,
3535 661 3538 664 ’

1937 735 2120 804 pervia
2158 734 2349 788 reddat
2379 749 2441 787 ac
2477 733 2636 802 plana
2665 751 2676 785 :
2741 732 2904 802 idque
2932 747 3052 786 esse
3085 732 3326 787 arbitror
3364 731 3512 802 quod

1936 835 2021 880 est
2051 826 2201 879 Isaiae
2226 840 2359 879 voce
2382 824 2591 878 dictum
2617 841 2630 876 :
2667 842 2684 875 ‹
2715 822 2905 879 Omnis
2924 823 3079 878 vallis
3103 824 3436 894 implebitur,
3457 839 3514 878 et

1938 919 2118 973 omnis
2148 932 2307 973 mons
2341 926 2399 972 et
2428 917 2584 972 collis
2611 917 3012 981 humiliabitur,
3044 926 3099 971 ct
3137 917 3319 971 omnia
3347 932 3512 986 prava

1939 1021 2104 1066 erunt
2142 1011 2196 1064 in
2229 1010 2456 1074 directa,
2506 1019 2564 1064 et
2599 1025 2790 1078 aspera
2837 1009 2892 1062 in
2936 1010 3052 1063 vias
3084 1009 3273 1079 planas
3298 1009 3363 1062 “.
3404 1028 3422 1059 ›
3454 1009 3512 1062 ln

1939 1102 2160 1158 Christo
2183 1102 2330 1157 enim
2349 1102 2515 1156 nobis
2541 1101 2713 1156 ardua
2737 1101 2920 1155 omnia
2954 1102 3114 1171 plana
3143 1110 3291 1165 sunt,
3333 1109 3388 1155 et
3425 1115 3516 1154 as-

1940 1210 2072 1264 pera
2102 1193 2290 1264 pervia
2317 1235 2330 1260 ,
2369 1193 2548 1248 facilia
2576 1193 2704 1247 item
2737 1207 2800 1246 ac
2828 1207 3024 1262 prona,
3054 1207 3173 1261 qua:
3212 1201 3340 1246 sunt
3369 1192 3520 1246 inac-

1942 1301 2096 1342 cessa
2127 1305 2139 1340 :
2167 1295 2229 1341 ut
2261 1288 2407 1341 enim
2437 1287 2705 1356 propheta
2727 1285 2818 1340 ille
2843 1285 2986 1340 idem
3009 1285 3138 1340 alibi
3170 1285 3327 1350 dicit,
3374 1306 3390 1336 ι
3421 1287 3520 1341 Via

1943 1378 2162 1448 piorum
2196 1386 2345 1434 recta
2379 1378 2519 1433 facta
2551 1388 2637 1434 est
2668 1395 2680 1430 :
2715 1387 2906 1448 parata
2939 1387 3022 1432 est
3051 1377 3136 1431 via
3161 1377 3375 1447 piorum
3398 1378 3462 1430 ".
3495 1397 3514 1428 ι

1942 1469 2264 1524 Necessario
2291 1469 2457 1540 igitur
2497 1485 2604 1523 una
2647 1484 2771 1524 cum
2807 1469 2968 1523 beato
2997 1469 3177 1539 Moyse
3204 1468 3524 1524 conscendit

1943 1560 2133 1627 Jesus;
2170 1577 2316 1625 nam,
2363 1569 2424 1616 ut
2459 1560 2623 1616 modo
2649 1560 2783 1624 dixi,
2825 1575 2924 1629 per
2952 1560 3149 1614 Filium
3178 1559 3316 1614 adiri
3344 1569 3524 1629 potest

1946 1652 2015 1707 ad
2042 1653 2280 1716 Patrem,
2310 1662 2366 1707 et
2398 1653 2512 1722 ipse
2549 1652 2720 1706 Filius
2745 1652 3013 1707 mediator
3035 1660 3138 1717 est,
3165 1652 3260 1721 qui
3287 1665 3389 1704 nos
3426 1666 3525 1720 per

1949 1759 2006 1798 se
2032 1745 2330 1816 conjungit,
2363 1753 2418 1798 et
2446 1744 2514 1798 ad
2553 1744 2696 1798 illam
2719 1743 3132 1807 sublimitatem,
3165 1758 3285 1812 quaa
3310 1752 3394 1798 est
3423 1757 3523 1796 na-

1950 1844 2073 1890 tura
2103 1835 2478 1899 excellentior,
2517 1835 2755 1889 attollit:
2799 1834 2972 1890 aciem
2996 1849 3215 1904 quoque
3252 1850 3378 1890 cum
3417 1833 3526 1888 illis

1948 1929 2165 1984 selectis
2190 1928 2533 2000 egregiisque
2559 1927 2695 1981 viris
2735 1926 3014 1989 instruxit,
3053 1935 3108 1980 et
3128 1925 3260 1981 vicit
3283 1925 3523 1980 Amalec.

1947 2019 2202 2076 Christus
2228 2020 2396 2084 enim,
2423 2035 2546 2074 cum
2575 2027 2794 2074 sanctos
2818 2019 2967 2072 viros
2987 2017 3260 2088 elegisset,
3292 2032 3527 2087 quorum

1949 2113 2203 2185 primitiae
2239 2113 2386 2167 beati
2436 2112 2514 2166 illi
2556 2111 2809 2181 discipuli
2840 2111 3086 2173 fuerunt,
3119 2110 3252 2165 vicit
3286 2109 3376 2164 ille
3398 2109 3529 2185 qui-

1951 2181 2074 2259 dem
2116 2204 2418 2274 principem
2453 2203 2616 2273 hujus
2644 2202 2858 2266 saeculi;
2903 2200 2998 2256 sed
3059 2199 3238 2272 Moyse
3271 2181 3531 2270 iubente;

1952 2295 2131 2351 factus
2154 2302 2238 2348 est
2257 2294 2404 2349 enim
2432 2292 2534 2347 sub
2561 2293 2678 2362 lege
2704 2290 3163 2360 Filius,quamvis
3189 2290 3334 2345 idem
3363 2291 3532 2362 legis-

1955 2386 2097 2440 lator
2122 2393 2286 2448 esset,
2340 2399 2448 2454 qua
2473 2383 2619 2438 Deus
2641 2390 2779 2437 erat.
2809 2382 3008 2451 Pugnae
3026 2387 3291 2451 praeterea
3319 2389 3536 2451 tempus

1954 2495 2066 2534 non
2101 2479 2218 2550 ipso
2248 2478 2336 2533 die
2363 2477 2488 2541 fuit,
2522 2492 2632 2547 quo
2654 2475 2866 2548 Moyses
2885 2474 3067 2546 jussit,
3105 2474 3200 2529 sed
3236 2474 3532 2545 postridie,

1957 2573 2013 2627 id
2047 2581 2150 2636 est,
2183 2571 2350 2626 dilata
2391 2579 2475 2625 est
2514 2569 2572 2623 in
2616 2568 2762 2623 aliud
2805 2575 3037 2640 tempus.
3081 2566 3217 2621 Nam
3240 2567 3326 2620 lex
3353 2566 3537 2621 futura

1956 2663 2380 2736 praenuntiabat,
2409 2670 2464 2717 et
2494 2661 2794 2717 Salvatoris
2823 2659 2999 2715 nostri
3033 2675 3121 2714 res
3158 2660 3416 2728 praeclare
3442 2675 3536 2729 ge-

1959 2766 2071 2813 stas
2093 2756 2378 2827 splendide
2407 2754 2770 2814 demonstrat,
2802 2752 2847 2807 si
2877 2750 3238 2822 Spiritualiter
3266 2750 3536 2821 intelligav

1962 2856 2069 2903 tur.
2103 2848 2214 2903 Hac
2253 2847 2321 2903 de
2347 2862 2532 2911 causa,
2565 2845 2671 2900 nisi
2702 2844 2878 2909 fallor,
2922 2843 3088 2898 etiam
3127 2841 3537 2896 tabernaculum

1959 2939 2136 2994 erexit
2174 2938 2402 3009 Moyses.
2445 2937 2633 3007 Neque
2669 2935 2814 2990 enim
2856 2933 2948 2989 illa
2977 2933 3112 3004 legis
3142 2932 3426 3003 disciplina
3457 2943 3543 2987 est

1962 3033 2030 3087 ad
2058 3031 2317 3087 Ecclesia:
2349 3029 2797 3086 constitutionem
2832 3026 3071 3091 inutilis;
3111 3040 3235 3080 nam
3277 3024 3345 3080 ad
3379 3023 3542 3080 Chri-

276 3117 466 3178 δευσις
490 3119 568 3179 είς
595 3116 694 3186 τὴν
709 3117 806 3187 τῆς
849 3116 1176 3187 Ἐκκλησίας
1204 3115 1484 3168 σύστασιν.
1516 3112 1863 3182 Παιδαγωγεῖ

1965 3132 2107 3180 stum
2134 3123 2386 3177 homines
2418 3121 2593 3184 ducit,
2625 3119 2718 3189 qui
2748 3116 3004 3172 Ecclesia:
3036 3123 3199 3185 caput
3219 3121 3322 3179 est,
3352 3121 3409 3169 et
3430 3129 3545 3168 om-

279 3210 394 3280 γάρ
421 3210 500 3272 είς
530 3209 783 3280 Χριστὸν,
810 3210 868 3274 ὃς
897 3210 1043 3262 ἐστιν
1072 3210 1105 3280 ἡ
1139 3207 1349 3278 κεφαλὴ
1374 3206 1474 3276 τῆς
1515 3205 1862 3277 Ἐκκλησίας,

282 3302 382 3355 καὶ
407 3303 440 3372 ή
467 3303 613 3354 πᾶσα
635 3300 922 3371 σύστασιςξ,
971 3302 1161 3365 στύλος
1190 3303 1284 3356 καὶ
1310 3301 1586 3373 ἑδραίωμα
1611 3301 1708 3370 τῆς
1736 3298 1868 3368 ἀλη-

284 3393 443 3456 θείας
469 3432 484 3457 ,
518 3393 659 3446 κατά
699 3395 758 3448 τὸ
807 3394 1213 3466 γεγραμμένον.
1270 3395 1380 3447 Καὶ
1410 3393 1542 3462 γοῦν
1594 3391 1870 3455 Ἰουδαίοις

285 3485 759 3557 προσπεφώνηκεν
787 3487 815 3539 6
845 3486 1075 3557 Χριστός
1096 3503 1109 3516 ·
1149 3505 1166 3537 ι
1210 3487 1271 3538 Εἰ
1305 3484 1620 3540 ἐπιστεύετε
1660 3485 1832 3554 Μωσῇ
1854 3521 1871 3546 ,

287 3581 615 3636 ἐπιστεύετε
640 3579 704 3633 ἂν
729 3581 822 3633 καὶ
859 3582 881 3633 ὲ
892 3579 1000 3650 μοί·
1036 3579 1166 3651 περὶ
1189 3579 1297 3650 γὰρ
1322 3578 1455 3650 ἐμοῦ
1482 3579 1688 3640 ἐκεῖνος
1710 3576 1875 3648 ἔγρα-

289 3674 417 3744 ψεν.
457 3690 473 3724 ι
503 3671 790 3743 Οἰκοδομεῖ
808 3673 1096 3746 τοιγαροῦν
1121 3673 1215 3726 καὶ
1237 3675 1264 3726 6
1287 3671 1512 3742 Μωσῆς,
1537 3669 1685 3724 τοῦτ’
1707 3669 1875 3734 ἔστιν,

289 3768 324 3836 ή
367 3765 456 3817 διὰ
503 3765 666 3834 νόμου
702 3764 1003 3831 παίδευσις,
1035 3764 1134 3836 τὴν
1175 3762 1503 3833 Ἐκκλησίαν
1529 3762 1793 3834 Χριστοῦ,
1816 3761 1879 3816 τὸ

293 3857 371 3908 ἐπ
385 3851 399 3870 ⁹
418 3855 557 3925 αὑτῇ
591 3857 888 3926 μυστήριον
908 3855 983 3919 ὡς
997 3857 1055 3910 ὲν
1075 3857 1253 3916 σκιαῖς
1275 3853 1354 3907 ἔτι
1378 3850 1876 3926 προαναφαίνουσα.

297 3945 602 4017 Προσωπον
621 3945 677 3999 δὲ
701 3946 762 3999 τὸ
796 3947 1038 4010 Μωσέως
1068 3945 1191 4015 ,ἐσθ’
1219 3948 1308 4000 ὅτε
1337 3945 1428 3999 τὸν
1447 3945 1512 3998 δι’
1530 3941 1696 3999 αὐτοῦ
1738 3958 1880 4014 παρ-

306 4037 493 4106 ίστησι
523 4035 708 4107 νόμον,
736 4036 877 4090 κατά
891 4053 954 4104 γε
974 4037 1034 4089 τὸ
1053 4039 1109 4091 ἐν
1139 4036 1518 4105 εὑαγγελικαῖς
1548 4031 1883 4106 παραϐολαῖς

296 4127 478 4201 ὀρθῶς
495 4129 829 4200 είρημένον,ι
844 4130 1061 4200 Ἔχουσι
1073 4129 1274 4183 Μωσέα
1292 4129 1383 4182 καὶ
1403 4128 1527 4193 τοὺς
1543 4129 1843 4208 προφήτας.
1856 4142 1879 4179 ι

379 4309 588 4362 ΠΑΛΛ.
636 4307 842 4379 Ὀρθῶς
879 4307 1035 4379 ἔφης.

378 4402 547 4455 ΚΥΡ.
579 4401 643 4452 Τί
672 4400 717 4453 δ’
748 4401 812 4454 ἂν
847 4400 1092 4470 βούλοιτο
1119 4396 1505 4469 κατασημῆναι
1538 4395 1694 4448 πάλιν
1719 4389 1804 4462 τὸ,
1823 4389 1888 4450 ιν

1967 3215 2055 3270 nis
2077 3212 2418 3276 constitutio,
2446 3218 2502 3266 et
2529 3211 2786 3265 columna
2813 3218 2870 3262 et
2909 3206 3312 3260 ﬁrmamentum
3336 3205 3544 3260 verita-

1968 3306 2058 3370 tis,
2091 3305 2234 3360 sicut
2272 3305 2536 3373 scriptum
2562 3309 2647 3356 est
2672 3301 2736 3355 ⁸³.
2778 3300 3016 3368 ideoque
3055 3299 3271 3354 Iudaeos
3300 3298 3544 3366 alloque-

1967 3399 2130 3454 batur
2165 3397 2416 3453 Christus
2461 3412 2474 3448 :
2528 3413 2546 3445 ‹
2586 3393 2642 3448 Si
2673 3391 2972 3447 crederetis
3013 3389 3203 3461 Moysi,
3247 3389 3548 3444 crederetis

1971 3491 2159 3560 utique
2184 3497 2238 3544 et
2260 3488 2431 3552 mihi;
2460 3486 2528 3541 de
2556 3501 2642 3541 me
2679 3485 2825 3540 enim
2856 3485 2946 3538 ille
2967 3481 3186 3553 scripsit
3206 3481 3272 3536 ’ἢ
3316 3501 3334 3533 ι
3389 3479 3547 3536 Edi-

1973 3583 2098 3638 ﬁcat
2119 3583 2283 3653 igitur
2309 3581 2540 3651 Moyses,
2575 3578 2630 3634 id
2659 3586 2762 3642 est,
2796 3577 2887 3632 illa
2927 3592 3024 3647 per
3049 3576 3222 3646 legem
3256 3572 3548 3638 institutio,

1971 3674 2177 3731 Christi
2221 3673 2555 3737 Ecclesiam,
2596 3685 2722 3726 cum
2766 3671 2886 3740 ejus
2927 3666 3251 3740 mysterium
3292 3673 3552 3736 tanquam

1973 3767 2155 3822 adhuc
2187 3766 2244 3820 in
2271 3765 2480 3820 umbris
2502 3770 2904 3835 praemonstret.
2931 3759 3098 3832 Moysi
3128 3773 3294 3830 porro
3321 3773 3552 3828 persona

1975 3874 2369 3928 nonnunquam
2399 3857 2571 3928 legem
2601 3871 2698 3926 per
2728 3855 2905 3925 ipsum
2933 3853 3113 3908 datam
3148 3851 3411 3921 designat.
3438 3849 3554 3905 Unc

1977 3949 2047 4006 de
2075 3948 2211 4033 illud
2249 3954 2337 4002 est
2363 3955 2510 4001 recte
2541 3946 2597 3999 in
2626 3943 2955 4014 evangelicis
2989 3941 3264 4010 parabolis
3299 3938 3506 3994 dictum
3537 3953 3552 3992 :

1987 4059 2006 4092 ί
2036 4039 2253 4096 Habent
2279 4039 2500 4111 Moysen
2527 4045 2584 4090 et
2609 4033 2906 4104 prephetas
2926 4033 2992 4083 ⁸⁵.
3041 4050 3058 4080 ι

2053 4303 2250 4362 PALL.
2285 4303 2450 4357 Recte
2482 4297 2636 4352 dicis.

2054 4396 2213 4455 ΟΥΕ.
2245 4392 2388 4461 Quid
2421 4406 2552 4446 vero
2580 4387 2684 4444 sibi
2711 4386 2846 4450 vult,
2877 4382 3023 4454 quod
3058 4398 3165 4437 uno
3186 4381 3275 4437 die
3306 4389 3362 4436 et
3402 4380 3561 4435 novi-

305 4495 495 4566 ἡμέρα
535 4496 731 4566 χρῆναι
781 4496 898 4566 μιᾷ,
934 4493 1029 4548 καὶ
1063 4492 1170 4565 μὴν
1211 4493 1305 4546 καὶ
1347 4490 1428 4555 τὸ,
1475 4486 1743 4561 νουμηνίᾳ
1789 4487 1863 4542 τοί

1987 4492 2140 4550 lunio
2175 4487 2379 4545 mensis
2409 4483 2596 4556 primi,
2624 4489 2680 4536 et
2702 4477 2944 4534 secundo
2969 4490 3113 4530 anno
3149 4473 3311 4544 330
3340 4487 3552 4528 sacrum

310 4587 480 4657 μηνὸς
525 4587 619 4639 τοῦ
673 4585 914 4658 πρώτου,
973 4585 1066 4638 καὶ
1112 4584 1211 4655 τὸξ,
1243 4585 1301 4636 ὲν
1349 4581 1586 4653 δευτέρῳ
1637 4579 1746 4633 ἔτει
1785 4579 1883 4648 τὴν

311 4679 473 4745 ἁγίαν
505 4676 910 4748 διαπήγνυσθαι
945 4675 1172 4746 σκηνὴν,
1210 4674 1342 4745 φέρε
1365 4673 1429 4745 δὴ
1460 4672 1706 4742 λέγωμεν
1741 4671 1890 4740 ἰχνη-

311 4771 603 4833 λατοῦντες
655 4770 716 4823 τὸ
749 4769 966 4840 ἀληθὲς,
1015 4769 1109 4822 καὶ
1140 4767 1202 4820 τὸ
1233 4767 1308 4830 ὼς
1335 4766 1544 4837 ,ἄριστα
1584 4762 1727 4833 ἔχειν
1778 4764 1891 4823 τοῖς

312 4865 720 4936 ἐντευξομένοις
765 4863 976 4918 δοκοῦν.
1023 4861 1236 4933 Ἡμέρα
1288 4860 1387 4931 μὲν
1439 4858 1548 4930 γὰρ
1580 4859 1614 4928 ή
1650 4856 1746 4928 μία
1802 4855 1891 4907 τὸν

316 4959 650 5013 πολύευκτον
685 4958 814 5026 ἡμῖν
871 4957 965 5010 καὶ
1017 4955 1281 5026 σωτήριον
1341 4949 1628 5019 ὑποφαίνει
1680 4946 1890 5016 καιρὸν,

317 5052 440 5104 καθ’
471 5051 530 5103 ὃν
568 5049 854 5121 ἄνθρωπος
885 5045 1124 5117 γεγονὼς
1155 5048 1183 5099 6
1215 5043 1545 5113 Μονογενὴς,
1572 5039 1648 5112 τῷ
1679 5039 1892 5102 θανάτῳ

316 5142 418 5210 τῆς
449 5141 585 5205 ἰδίας
621 5141 824 5213 σαρκὸς
881 5139 1258 5209 κατεκτήσατο
1283 5137 1409 5198 τοὺς
1442 5134 1532 5187 ἐπὶ
1563 5132 1660 5202 τῆς
1689 5130 1792 5199 γῆς
1816 5127 1893 5198 τῷ

317 5235 438 5305 Θεῷ
473 5236 568 5288 καὶ
619 5233 816 5305 Πατρί.
865 5226 961 5296 Εἷς
1002 5231 1058 5283 δὲ
1091 5229 1158 5301 δὴ
1185 5229 1400 5283 πάντων
1436 5228 1464 5280 6
1491 5223 1642 5278 τοῦδε
1673 5220 1889 5292 καιρός’

317 5326 466 5393 ἆπαξ
497 5327 606 5397 γὰρ
652 5323 962 5389 ἀποθανὼν,
1013 5323 1200 5376 οὑκέτι
1252 5319 1620 5389 ἀποθνήσκει·
1670 5314 1896 5374 θάνατος

316 5420 466 5490 αὑτῷ
517 5419 700 5474 οὐκέτι
742 5417 1042 5490 κυριεύσει,
1089 5413 1230 5469 κατά
1259 5413 1358 5475 τὰς
1392 5410 1645 5482 Γραφάς”
1697 5407 1756 5460 οὗ
1786 5403 1894 5474 γὰρ

319 5511 400 5566 ἔτι
431 5511 881 5583 προσδοκήσομεν
919 5508 1060 5579 ὑπέρ
1094 5523 1152 5559 τε
1175 5505 1332 5576 ἡμῶν
1364 5501 1544 5558 αὑτῶν
1585 5499 1679 5554 καὶ
1706 5497 1814 5550 τῶν
1839 5498 1896 5548 ὲν

321 5603 452 5675 ᾅδου
499 5603 827 5674 πνευμάτων
863 5596 1216 5670 τεθνήξεσθαι
1273 5596 1365 5650 τὸν
1426 5591 1576 5659 Υίὸν,
1633 5589 1746 5643 ἀλλ’
1778 5586 1896 5640 οὐδὲ

1983 4583 2117 4640 illud
2141 4579 2552 4637 tabernaculum
2575 4574 2778 4645 (igitur,
2797 4587 2894 4643 age
2910 4571 3020 4642 jam
3042 4568 3308 4632 dicamus,
3337 4563 3562 4619 invesci-

1983 4685 2283 4745 gemusque
2329 4667 2476 4739 quod
2505 4680 2697 4721 verum
2730 4663 2820 4727 sit,
2856 4671 2911 4716 et
2937 4661 3110 4715 lector
3138 4656 3353 4729 probet.
3396 4654 3566 4724 Igitur

1985 4767 2076 4820 ille
2105 4778 2249 4818 unus
2281 4761 2400 4816 dies
2443 4768 2660 4827 tempus
2695 4753 2831 4808 illud
2856 4752 3018 4807 nobis
3044 4757 3362 4820 exoptatum
3387 4753 3443 4800 et
3474 4759 3562 4798 sa-

1985 4857 2163 4910 lutare
2191 4852 2550 4912 demonstrat,
2578 4861 2687 4916 quo
2710 4844 2800 4899 ille
2825 4842 3150 4913 Unigenitus
3174 4840 3340 4894 homo
3365 4836 3564 4897 factus,

1989 4945 2172 5003 carnis
2213 4958 2325 4998 suae
2391 4949 2589 5005 morte,
2633 4951 2728 4992 eos
2780 4935 2874 5006 qui
2906 4935 2963 4989 in
3002 4918 3167 4988 terris
3206 4928 3566 4985 versabantur

1988 5034 2239 5092 homines
2261 5033 2373 5087 Deo
2395 5045 2459 5084 ac
2488 5028 2634 5084 Patri
2674 5024 2985 5094 acquisivit.
3021 5022 3204 5079 Unum
3238 5027 3422 5074 autem
3449 5017 3569 5087 ejus

1991 5127 2070 5182 rei
2099 5127 2258 5196 plane
2297 5133 2512 5194 tempus
2536 5120 2672 5186 fuit;
2698 5117 2865 5174 semel
2892 5129 3128 5186 namque
3157 5119 3431 5175 mortuus,
3459 5124 3572 5175 non

1991 5217 2225 5288 amplius
2252 5215 2507 5279 moritur,
2539 5227 2686 5268 mors
2715 5211 2793 5266 illi
2834 5209 2977 5265 ultra
3024 5223 3135 5263 non
3175 5202 3570 5262 dominabitur,

1994 5321 2056 5365 ut
2087 5309 2353 5380 scriptum
2389 5315 2473 5363 est
2501 5308 2582 5372 ";
2619 5321 2801 5376 neque
2829 5305 2977 5359 enim
3019 5299 3254 5371 amplius
3288 5300 3572 5364 exspecta-

1996 5418 2138 5466 mus,
2180 5410 2240 5456 ut
2274 5415 2373 5471 pro
2399 5399 2560 5454 nobis
2591 5398 2742 5469 ipsis,
2773 5406 2828 5452 et
2857 5394 3145 5466 spiritibus
3186 5390 3280 5460 qui
3312 5383 3454 5456 apud
3486 5381 3571 5436 in-

1998 5492 2140 5547 feros
2161 5501 2310 5556 sunt,
2336 5491 2426 5546 ille
2447 5491 2542 5545 Dei
2566 5490 2734 5546 Filius
2761 5487 3028 5542 moriatur
3049 5525 3064 5548 ,
3091 5495 3269 5552 neque
3293 5485 3354 5532 ut
3381 5488 3576 5529 secun—

2000 5583 2081 5637 dre
2114 5584 2222 5638 sint
2247 5581 2500 5652 primitiae
2527 5573 2890 5634 mortuOrum.
2917 5576 3074 5637 Nam,
3118 5573 3164 5626 si
3207 5583 3357 5624 mors
3390 5566 3575 5622 futura

277 5791 280 5796 _
397 5720 438 5752 "
463 5720 564 5776 lsa.
591 5735 678 5787 ιι,
702 5719 754 5774 4.
834 5717 878 5751 ⁸³
912 5715 1176 5780 lsa.xxvt,
1207 5711 1260 5765 7.
1335 5708 1382 5743 “
1415 5708 1435 5764 1
1463 5707 1603 5763 Tim.
1635 5720 1712 5770 In,
1743 5703 1823 5758 l5.

1964 5697 2309 5765 Joan.v,46.
2387 5691 2817 5750 ”I.uc.xvt.29.
2895 5683 3291 5752 "Rom.vt,9.
