3996 6212
528 240 554 264 ,ι
562 241 589 264 με

528 240 589 264 ³1..

490 240 591 293 δικ)
672 264 675 269 '

1512 229 1567 284 S.
1608 229 1881 284 CYRILLI
1921 227 2395 283 ALEXANDRINI
2423 228 2741 284 ARClllEP.

3633 230 3748 287 6716

484 357 629 409 nulla
668 364 771 418 est,
810 369 929 423 qum
961 351 1125 406 fuerit
1158 336 1527 404 resurrectio?
1572 348 1725 402 Licet
1770 347 1934 418 igitur
1965 361 2037 400 vel

2167 342 2420 418 ἀπαρχὴν
2450 346 2666 400 ἔσεσθαι
2724 345 2831 401 τῶν
2881 346 3294 419 κεκοιμημένων
3342 347 3621 419 δευτέραν.
3667 350 3747 400 0’..-

484 445 696 499 rissime
723 444 928 507 dicere,
956 456 1121 495 unum
1147 455 1265 495 esse
1291 440 1457 511 hujus
1486 440 1565 493 rei
1596 449 1830 508 tempus,
1855 448 1919 494 ut
1939 452 2055 491 mo-

479 538 549 591 do
591 535 724 599 dixi,
771 543 833 588 et
881 532 1025 587 diem
1058 544 1228 584 unum
1254 573 1268 598 ,
1311 545 1474 600 quem
1520 529 1787 599 propheta
1814 543 2055 598 quoque,

480 640 735 697 tanquam
790 642 857 681 ex
915 637 1149 695 persona
1200 623 1317 689 Dei,
1355 632 1766 688 commemorat,
1821 622 2054 678 dicens:

482 742 501 772 ε
537 722 807 790 Tempore
835 727 1059 788 accepto
1087 715 1341 770 exaudivi
1370 724 1442 780 te,
1476 724 1532 769 et
1556 714 1611 768 in
1635 715 1723 768 die
1744 715 1933 770 salutis
1958 715 2057 769 ad-

471 814 587 883 juvi
628 822 679 866 te
719 813 783 866 ’⁷.
824 830 842 862 ι
878 809 1083 865 Scribit
1122 807 1287 862 etiam
1320 807 1516 862 beatus
1555 807 1758 861 Paulus
1790 825 1804 859 :
1853 825 1872 856 ι
1916 806 2074 877 Ecce.

477 921 621 960 nunc
643 915 858 974 tempus
879 901 1233 972 acceptabile,
1256 914 1382 955 ecce
1401 914 1550 953 nunc
1570 899 1690 953 dies
1710 898 1902 953 salutis
1917 899 1963 929 "
1987 916 2000 952 :
2031 918 2049 949 ι

473 1013 583 1065 quo
610 997 697 1051 die
720 995 976 1051 Christus
1001 1010 1067 1049 ex
1094 993 1326 1049 mortuis
1354 991 1570 1056 revixit,
1594 1006 1657 1046 ac
1683 992 1838 1045 triste
1863 990 2058 1044 mortis

473 1088 746 1143 destruxit
788 1086 1101 1157 imperium,
1147 1094 1203 1141 et
1247 1101 1371 1140 cum
1405 1083 1664 1138 Ecclesia:
1704 1099 1769 1137 ex
1801 1082 2055 1152 gentibus

471 1178 625 1232 velut
668 1175 1031 1232 tedilicatores
1078 1174 1342 1246 quosdam
1389 1181 1444 1229 et
1471 1174 1787 1244 spiritualcs
1819 1172 2057 1227 artiﬁces

472 1278 690 1324 sanctos
723 1269 997 1340 apostolos
1028 1266 1334 1333 constituit,
1362 1266 1592 1321 dicens:
1630 1285 1648 1317 ι
1687 1266 1895 1320 Enntes
1950 1264 2053 1319 do-

471 1372 590 1417 cete
628 1377 819 1417 omnes
856 1371 1066 1433 gentes,
1101 1361 1444 1431 baptizantes
1483 1374 1580 1413 eos
1608 1358 1663 1412 in
1698 1358 1918 1411 nomine
1949 1357 2052 1412 Pa-

440 1490 450 1496 ς
470 1455 588 1517 tris,
611 1463 666 1509 et
687 1454 831 1518 Filii,
862 1463 918 1507 et
943 1452 1181 1524 Spiritus
1204 1452 1398 1516 sancti,
1433 1450 1694 1506 docentes
1717 1464 1812 1503 eos
1834 1464 2053 1504 servare

468 1546 652 1599 omnia
680 1561 802 1615 qua:
858 1543 1094 1614 przecepi
1132 1542 1321 1608 vobis;
1358 1549 1415 1595 ct
1455 1555 1583 1595 ecce
1627 1554 1729 1610 ego
1769 1538 2051 1593 vobiscum

466 1654 588 1693 sum
634 1636 893 1691 omnibus
940 1634 1137 1690 diebus
1186 1649 1360 1704 usque
1409 1632 1477 1687 ad
1519 1630 2047 1686 consummationem

2159 436 2269 507 γὰρ
2303 438 2560 507 ἐσομένου
2596 437 2851 501 θανάτου,
2883 437 3001 501 πῶς
3028 437 3094 491 ἂν
3126 431 3335 507 γένοιτο
3357 439 3452 491 καὶ
3499 438 3732 492 ἀνάστα-

2160 544 2244 592 σις
2269 544 2283 594 ;
2319 529 2479 582 Ἐστι
2508 529 2688 582 τοίνυν
2719 528 2780 582 οὐ
2800 528 3459 599 ψευδοεπῆσαιλέγοντας,
3492 528 3570 593 ὡς
3608 523 3695 593 εἷς
3718 531 3743 578 ,ς

2107 642 2117 649 ι
2158 619 2310 674 τοῦδε
2344 620 2555 694 καιρὸς,
2588 620 2840 692 καθάπερ
2863 620 2999 693 ἔφην
3023 620 3247 692 ἀρτίως,
3288 622 3383 675 καὶ
3403 622 3586 695 ἡμέρα
3611 623 3742 691 μία,

2156 706 2224 783 ἧς
2257 711 2350 765 καὶ
2381 714 2410 765 ὁ
2441 715 2726 785 προφήτης
2759 713 3003 786 ἐμνήσοη
3040 713 3215 779 λέγων
3248 713 3323 777 ὡς
3346 716 3411 768 ὲκ
3439 715 3742 787 προσώπου

2157 803 2315 867 Θεοῦ,
2355 822 2374 855 ι
2410 804 2603 876 Καιρῷ
2639 805 2814 876 δεκτῷ
2856 805 3138 876 ἐπήκουσά
3188 822 3303 871 σου,
3336 807 3430 860 καὶ
3464 809 3522 860 ὲν
3554 807 3742 879 ἡμέρᾳ

2160 896 2432 967 σωτηρίας
2461 894 2735 968 ἐϐοήθησά
2762 913 2863 951 σοι.
2901 915 2918 948 ι
2955 897 3160 969 Γράφει
3197 897 3253 951 δὲ
3274 898 3369 952 καὶ
3399 900 3427 952 ὁ
3450 898 3737 964 Θεσπέσιος

2157 987 2391 1051 Παῦλος,
2425 979 2446 1039 ἓ
2504 989 2634 1042 Ἰδοὺ
2666 989 2767 1043 νῦν
2788 988 2979 1061 καιρὸς
3017 989 3434 1061 εὐπρόσδεκτος,
3488 991 3598 1044 ίδοὺ
3635 991 3738 1046 νῦν

2156 1079 2337 1150 ἢμέρα
2369 1080 2662 1152 σωτηρίας,
2711 1100 2729 1131 ι
2772 1080 2896 1134 καθ’
2918 1080 2985 1151 ἧν
3023 1082 3089 1135 ἐκ
3121 1082 3330 1154 νεκρῶν
3368 1082 3569 1137 ἀνεϐίω
3600 1085 3721 1158 Χριο

2157 1170 2302 1234 στος.
2342 1171 2404 1225 τὸ
2440 1173 2663 1243 ὰμειδὲς
2705 1172 2801 1227 τοῦ
2852 1172 3084 1228 θανάτου
3134 1174 3445 1240 καταλΰσας
3501 1177 3736 1249 κράτος,

2155 1264 2242 1317 ὅτε
2278 1265 2372 1318 καὶ
2396 1265 2497 1335 τῆς
2530 1267 2589 1333 ἐξ
2636 1266 2805 1321 ἐθνῶν
2839 1267 3163 1338 Ἐκκλησίας
3202 1270 3514 1340 οἰκοδόμους
3538 1271 3738 1342 ῶσπερ

2154 1358 2306 1421 τινὰς
2341 1357 2435 1410 καὶ
2468 1359 2709 1429 τεχνίτας
2771 1361 3177 1431 πνενματικοὺς
3208 1360 3333 1425 τοὺς
3374 1363 3561 1431 ἁγίους
3588 1365 3736 1419 ἁπο-

2155 1448 2375 1513 στόλους
2398 1448 2650 1522 καθίστη,
2680 1450 2881 1519 λέγων,
2916 1472 2935 1505 ι
2964 1453 3328 1525 Πορευθέντες
3351 1455 3733 1525 μαθητεύσατε

2153 1539 2331 1593 πάντα
2361 1539 2428 1592 τὰ
2456 1538 2603 1611 ἔθνη,
2640 1540 2993 1612 βαπτίζοντες
3014 1543 3212 1607 αὐτοὺς
3235 1546 3317 1608 εἱς
3347 1544 3407 1598 τὸ
3426 1544 3598 1616 ὄνομα
3628 1547 3731 1600 τοῦ

2153 1631 2367 1703 Πατρὺς
2399 1631 2493 1685 καὶ
2536 1631 2631 1686 τοῦ
2672 1632 2803 1687 Υίοῦ
2839 1635 2932 1689 καὶ
2960 1637 3054 1690 τοῦ
3088 1636 3245 1705 ἁγίου
3275 1638 3612 1709 Πνεῦματος,
3646 1640 3731 1695 δι-

466 1730 647 1784 szeculi
684 1730 747 1784 ’³.
787 1750 805 1780 ι
844 1728 925 1783 An
956 1735 1015 1782 tu
1047 1726 1101 1781 id
1148 1725 1372 1781 minime
1410 1739 1531 1780 esse
1570 1739 1762 1779 censes
1793 1723 2037 1778 Ecclesia

2148 1697 2440 1787 δάσκοντες
2493 1725 2691 1789 αὐτοὺς
2741 1716 2929 1800 τηρεῖν
2970 1697 3171 1793 πάντα,
3228 1729 3329 1783 ὅσα
3371 1697 3737 1803 ἐνετειλαμην

466 1819 952 1876 constitutionem?

532 2075 727 2132 PALL.
762 2073 1047 2141 Quodnam
1079 2073 1230 2129 istud
1266 2073 1522 2128 tandem?

532 2166 687 2225 ΟΥΕ.
720 2170 927 2234 Fidem,
962 2168 1207 2238 inquam,
1235 2182 1335 2237 per
1373 2176 1591 2223 sanctos
1634 2167 1888 2222 doctores
1932 2175 2042 2221 tra-

460 2264 654 2327 ditam,
698 2269 862 2330 atque
904 2261 1051 2315 illam
1096 2260 1151 2314 in
1190 2258 1410 2315 Christo
1456 2260 1927 2314 conversationem
1971 2261 2041 2314 ab

462 2356 656 2411 iisdem
679 2354 1027 2426 pnedicatam
1044 2353 1109 2419 ⁸⁸,
1129 2353 1289 2408 illam
1303 2367 1522 2422 quoque
1542 2367 1665 2406 cum
1682 2352 1793 2407 Deo
1809 2353 2040 2423 conjun-

461 2448 719 2513 ctionem,
769 2461 877 2517 qua
932 2446 1011 2500 illi
1038 2460 1138 2515 per
1178 2460 1393 2507 sacrum
1442 2445 1714 2515 baptisma
1759 2447 2041 2516 sanctique

460 2541 702 2612 Spiritus
732 2539 1205 2610 participationem
1243 2537 1542 2608 jnngimur.
1577 2538 1656 2592 Ita
1682 2554 1915 2609 namque
1943 2555 2044 2593 nos

458 2630 843 2700 alloquebatur
869 2628 1090 2693 Paulus,
1121 2627 1314 2683 dicens
1348 2647 1359 2682 :
1396 2648 1413 2680 ι
1443 2630 1511 2684 Et
1532 2636 1642 2685 ‘vos
1675 2638 1931 2700 tanquam
1961 2631 2041 2685 la-

460 2725 616 2792 pides
651 2723 762 2777 vivi
816 2722 1351 2791 superuadilicamini,
1412 2722 1608 2777 domus
1649 2722 1949 2792 spiritualis
1985 2722 2041 2778 in

462 2816 723 2886 templum
746 2823 1015 2880 sanctum,
1036 2816 1091 2869 in
1111 2815 1486 2870 habitaculum
1510 2813 1607 2869 Dei
1628 2814 1683 2868 in
1705 2814 2031 2885 Spiritu‘°‘.i

460 2909 601 2963 Olim
628 2924 862 2979 namque
895 2923 994 2978 per
1023 2908 1240 2963 diversa
1267 2924 1393 2963 vasa
1424 2908 1763 2962 tabernaculi
1788 2908 2041 2964 Christus

458 3002 927 3073 pnetigurabatur,
942 3017 1138 3072 nempe
1155 3008 1410 3071 tanquam
1425 3015 1654 3055 aureum
1670 3000 2032 3066 thuribulum,

460 3105 714 3164 tanquam
743 3108 887 3158 arca,
926 3104 1183 3161 tanquam
1218 3091 1461 3156 lucerna,
1502 3098 1759 3161 tanquam
1798 3090 2035 3162 denique

457 3197 667 3245 mensa,
690 3190 744 3235 et
769 3195 890 3250 qua:
914 3180 970 3234 in
995 3195 1058 3235 ea
1084 3179 1262 3249 posita
1286 3188 1463 3234 erant.
1490 3180 1596 3235 Sed
1623 3182 1878 3250 praesenti
1904 3188 2040 3235 tem-

457 3286 613 3342 pore,
661 3281 723 3326 ut
768 3272 981 3345 opinor,
1024 3270 1400 3340 unusquisque
1438 3269 1680 3326 ﬁdelium
1727 3270 1922 3325 domus
1955 3281 2038 3324 est

455 3379 521 3417 ac
552 3348 815 3433 templum
843 3362 961 3427 Dei,
992 3376 1117 3416 cum
1155 3361 1438 3417 Christum
1478 3362 1678 3418 habeat
1724 3362 2035 3417 inhabitan-

459 3464 598 3518 tem;
626 3452 838 3507 habitat
859 3452 1006 3507 enim
1040 3452 1097 3506 in
1134 3453 1394 3509 cordibus
1418 3453 1622 3507 nostris
1657 3468 1754 3522 per
1782 3454 1938 3523 331
1970 3456 2035 3508 ti-

420 3598 427 3604 .
455 3547 606 3609 dem,
634 3544 777 3599 sicut
798 3545 1061 3614 scriptum
1091 3552 1175 3598 est
1199 3544 1238 3575 ³¹
1262 3562 1279 3611 ;
1303 3559 1447 3599 unus
1469 3544 1722 3614 idemque
1754 3560 1853 3613 per
1873 3554 2033 3601 natu-

457 3653 596 3698 ram,
632 3637 885 3706 quamvis
925 3651 1052 3692 cum
1075 3652 1239 3690 carne
1267 3636 1621 3706 intelligatur.
1656 3656 1674 3688 ι
1714 3638 1867 3693 Unus
1886 3640 2033 3693 enim

456 3730 601 3782 Deus
628 3729 808 3792 Pater,
841 3744 908 3781 ex
937 3742 1047 3797 quo
1070 3727 1274 3792 omnia,
1300 3735 1355 3781 et
1387 3743 1531 3782 unus
1566 3728 1830 3784 Dominus
1874 3731 2035 3788 Iesus

453 3820 726 3885 Christus,
756 3835 855 3890 per
886 3834 1047 3890 quem
1072 3822 1254 3874 omnia
1284 3820 1350 3874 ⁸³.
1388 3839 1405 3871 ι
1442 3819 1548 3875 Sed
1580 3829 1761 3876 tamen
1801 3823 2032 3880 diversis

423 3951 429 3959 .
453 3913 675 3969 deitatis
702 3911 1132 3985 proprietatibus
1161 3912 1330 3967 veluti
1353 3911 1812 3983 multiplicitatem
1838 3930 2030 3984 quam-

452 4008 578 4062 dam
612 4008 666 4062 in
704 4021 762 4061 se
785 4004 902 4075 ipso
931 4004 1160 4070 habens,
1187 4004 1337 4061 varie
1376 4004 1721 4076 intelligitur.
1765 4005 1861 4060 Est
1884 4007 2030 4062 enim

454 4100 511 4151 in
538 4097 701 4152 nobis
729 4105 790 4150 ut
818 4096 915 4150 Dei
938 4095 1210 4169 lVerbum,
1234 4105 1292 4152 et
1331 4095 1622 4165 sapientia,
1663 4105 1718 4150 ct
1744 4096 1951 4164 lumen,
1975 4108 2032 4158 et

452 4190 584 4255 vita,
612 4199 667 4245 et
690 4190 847 4261 panis
867 4191 1025 4245 vivus
1046 4205 1108 4245 ac
1129 4189 1197 4244 de
1220 4190 1359 4245 cmlo
1396 4189 1757 4245 descendens.

524 4282 720 4336 PALL.
749 4280 906 4348 Quod
933 4280 1093 4346 dicis,
1127 4281 1391 4351 intelligo.

2150 1815 2311 1886 ὑμῖν*
2351 1817 2444 1869 καὶ
2483 1816 2592 1871 ἰδοὺ
2625 1817 2736 1885 ἐγὼ
2779 1818 2896 1890 μεθ’
2930 1819 3084 1890 ὑμῶν
3113 1821 3230 1892 εἰμι
3255 1821 3433 1888 πάσας
3452 1824 3552 1888 τὰς
3589 1825 3733 1894 ήμέ-

2063 1925 2068 1928 ·
2149 1926 2250 1983 ρας
2275 1908 2379 1972 ἕως
2411 1910 2511 1980 τῆς
2545 1910 2855 1976 συντελείας
2886 1912 2981 1966 τοῦ
3026 1914 3240 1978 αἰῶνος.
3281 1935 3300 1969 ι
3331 1917 3402 1969 Ἦ
3432 1916 3543 1988 γὰρ
3601 1918 3732 1988 οὐχὶ

2144 1997 2304 2054 τοῦτο
2332 1994 2471 2051 εἶναι
2504 2000 2610 2071 φὴς
2667 2001 2766 2070 τῆς
2816 2002 3139 2073 Ἐκκλησίας
3161 2004 3260 2075 τὴν
3287 2003 3579 2071 σύστασινς

2215 2089 2421 2145 ΠΑΛΛ,
2464 2088 2537 2142 Τὸ
2572 2090 2625 2143 τί
2653 2089 2717 2162 δὴ
2745 2093 2890 2164 φήςς

2214 2182 2379 2236 ΚΥΡ.
2430 2183 2473 2234 Τ
2478 2180 2542 2254 ὴν
2589 2181 2676 2236 διὰ
2709 2183 2817 2238 τῶν
2856 2183 3028 2253 ἁγίων
3071 2187 3442 2258 μυσταγωγῶν
3481 2191 3731 2261 παραδο-

2144 2274 2328 2328 θεῖσαν
2358 2275 2562 2339 πίστιν,
2600 2276 3147 2349 καὶοκεκηρυγμένην
3169 2279 3473 2353 πολιτείαν,
3494 2282 3634 2352 φημὶ
3657 2281 3730 2353 δὴ

2142 2366 2239 2439 τὴν
2269 2370 2326 2421 ἐν
2354 2367 2595 2442 Χριστῷ,
2629 2370 2724 2424 καὶ
2754 2370 2854 2441 τὴν
2882 2369 2972 2424 διὰ
3011 2369 3104 2424 τοῦ
3146 2372 3303 2442 ἁγίου
3341 2372 3731 2444 βαπτίσματος

2144 2461 2281 2534 πρὸς
2309 2462 2441 2515 Θεὸν
2468 2462 2684 2528 ἕνωσιν,
2714 2461 2801 2515 διὰ
2828 2464 3060 2535 μετοχῆς
3074 2464 3167 2517 τοῦ
3190 2465 3346 2534 ἁγίου
3380 2465 3726 2534 Πνεύματος.

2143 2551 2303 2605 Οὕτω
2328 2551 2438 2624 γὰρ
2472 2554 2603 2623 ἡμῖν
2635 2552 2975 2624 προσεφώνει
3028 2551 3200 2622 λέγων
3225 2555 3253 2607 6
3281 2552 3512 2618 Παῦλος,
3547 2577 3564 2606 ι
3606 2555 3729 2608 Καὶ

2142 2644 2302 2715 ὑμεῖς
2326 2643 2401 2707 ὡς
2428 2642 2568 2697 λίθοι
2604 2642 2805 2708 ζῶντες
2833 2643 3277 2715 ἐποικοὼμεῖσθε
3305 2641 3450 2708 οἶκος
3482 2661 3728 2715 πνευμαο

2139 2735 2310 2801 τικὸς,
2340 2736 2423 2799 εἰς
2442 2734 2569 2788 ναὸν
2602 2735 2776 2802 ἅγιον,
2805 2735 2885 2799 είς
2911 2736 3328 2806 κατοικητήριον
3356 2734 3453 2788 τοῦ
3482 2734 3613 2788 Θεοῦ
3654 2736 3727 2788 ἐν

2141 2827 2441 2898 Πνεῦματι.
2469 2845 2489 2880 ι
2526 2826 2702 2881 Πάλαι
2728 2826 2828 2896 μὲν
2857 2827 2965 2899 γὰρ
2991 2827 3066 2891 ὡς
3095 2828 3152 2881 ἐν
3173 2827 3449 2900 διαφόροις
3466 2828 3724 2881 σκεύεσιν

2141 2921 2198 2972 ἐν
2224 2922 2289 2989 τῇ
2312 2917 2445 2989 ἁγίᾳ
2467 2920 2639 2989 σκηνῇ
2660 2935 2794 2988 προε
2804 2916 3078 2989 μορφοῦτο
3101 2918 3357 2991 Χριστὸς,
3385 2922 3457 2982 ὡς
3477 2917 3724 2988 χρυσοῦν

2142 3010 2522 3083 θυμιατήριον,
2543 3010 2619 3074 ὡς
2648 3009 2901 3073 κιϐωτὸς,
2932 3010 3006 3073 ὡς
3031 3010 3244 3081 λυχνία,
3275 3011 3368 3065 καὶ
3398 3009 3501 3081 μὴν
3528 3009 3621 3062 καὶ
3633 3008 3719 3072 ὡς

2140 3102 2408 3173 τράπεζα,
2439 3102 2532 3155 καὶ
2556 3101 2624 3155 τὰ
2646 3103 2702 3155 ὲν
2735 3102 2874 3173 αὐτῇ
2891 3116 2904 3130 ·
2924 3102 3153 3164 ἕκαστος
3173 3103 3251 3167 δὲ,
3279 3099 3454 3174 οἶμαι,
3481 3102 3588 3155 τῶν
3606 3118 3717 3154 πε-

2140 3194 2526 3257 πιστευκότων,
2556 3193 2698 3247 κατά
2734 3209 2797 3262 γε
2830 3193 2920 3247 τὸν
2958 3193 3287 3263 ἐνεστηκότα
3325 3193 3537 3264 καιρὶν,
3562 3188 3717 3256 οἶκος

2138 3284 2232 3338 καὶ
2267 3284 2391 3348 ναὸς
2425 3283 2753 3356 χρηματίζει
2776 3282 2935 3350 Θεοῦ,
2967 3282 3201 3353 Χριστὸν
3229 3282 3367 3354 ἔχων
3390 3282 3718 3352 ὲνηυλισμέο

2137 3394 2247 3432 νον.
2294 3377 2556 3429 Κατοικεῖ
2592 3374 2700 3446 γὰρ
2727 3376 2785 3428 ὲν
2822 3377 2943 3439 ταῖς
2985 3374 3234 3446 καρδίαις
3281 3375 3436 3446 ἡμῶν
3471 3374 3556 3428 διὰ
3607 3374 3715 3444 τῆς

2136 3468 2392 3532 πίστεως,
2426 3468 2570 3522 καθὰ
2599 3468 2931 3540 γέγραπται,
2968 3462 3049 3532 εἷς
3074 3468 3173 3538 μὲν
3201 3467 3295 3521 καὶ
3323 3470 3350 3521 ὀ
3379 3468 3540 3530 αὐτὸς
3568 3468 3714 3521 κατὰ

2137 3558 2298 3629 φύσιν
2320 3558 2611 3630 ὑπάρχων,
2636 3561 2685 3613 εί
2715 3560 2808 3613 καὶ
2829 3562 2997 3613 νοοῖτο
3019 3559 3156 3630 μετὰ
3181 3559 3403 3631 σαρκός.
3438 3576 3456 3609 ι
3485 3552 3579 3622 Εἷς
3599 3558 3715 3631 γὰρ

2133 3651 2267 3713 Θεὸς
2292 3650 2320 3702 6
2348 3650 2559 3720 Πατὴρ,
2600 3649 2661 3714 ἐξ
2688 3642 2749 3702 οῦ
2787 3648 2856 3704 τὰ
2887 3650 3084 3717 πάντα,
3115 3652 3209 3705 καὶ
3243 3644 3325 3714 εἷς
3360 3649 3564 3722 Κύριος
3603 3651 3714 3720 Ἰη-

2136 3741 2262 3804 σοῦς
2290 3742 2541 3813 Χριστὸς,
2570 3741 2637 3794 δι’
2668 3733 2729 3794 οῦ
2748 3741 2817 3795 τὰ
2847 3741 3043 3806 πάντα,
3081 3761 3100 3793 ι
3118 3745 3230 3807 τοῖς
3259 3742 3316 3796 δὲ
3341 3741 3440 3812 τῆς
3458 3742 3713 3812 θεότητος

2132 3833 2412 3904 διαφόροις
2457 3831 2744 3905 ίδιώμασιν
2804 3833 2867 3887 τὸ
2907 3834 3069 3887 οϊονεὶ
3112 3833 3393 3897 πολυειδὲς
3431 3833 3569 3903 ἔχων
3619 3833 3710 3902 ἐφ’

2134 3923 2332 3995 ἑαυτῷ,
2364 3924 2458 3978 καὶ
2486 3924 2760 3996 διαφόρως
2791 3924 3098 3996 νοούμενος.
3145 3926 3298 3978 Ἔστι
3348 3925 3455 4000 γὰρ
3486 3926 3543 3978 ὲν
3575 3926 3711 3996 ἡμῖν

2131 4015 2207 4078 ὼς
2235 4016 2407 4084 Λόγος
2437 4014 2597 4081 Θεοῦ,
2631 4016 2722 4069 καὶ
2756 4015 2934 4085 σοφία,
2988 4016 3083 4070 καὶ
3127 4015 3261 4086 φῶς,
3317 4016 3412 4070 καὶ
3443 4013 3579 4088 ζωὴ,
3610 4015 3711 4068 καὶ

2130 4107 2291 4179 ἄρτος
2314 4108 2343 4160 ὁ
2367 4106 2475 4173 ζῶν
2497 4106 2591 4160 καὶ
2611 4104 2671 4172 ἐξ
2696 4106 2946 4178 οὐρανοῦ.

2201 4287 2409 4341 ΠΑΛΛ.
2449 4287 2665 4356 Συνῆκα
2691 4286 2720 4340 δ
2758 4289 2882 4356 φής.

422 4386 427 4389 ‘
522 4374 679 4429 (ΠΒ.
716 4372 1115 4429 incarnationis
1152 4372 1336 4443 itaque
1378 4382 1593 4442 tempus
1622 4381 1679 4427 et
1716 4373 1834 4429 dies
1868 4384 2026 4446 Opta-

2202 4378 2367 4431 ΚΥΡ.
2402 4377 2609 4432 Θύσεοῦν
2634 4378 2663 4429 ὁ
2690 4378 2789 4447 τῆς
2834 4376 3302 4448 ὲνανθρωπήσεως
3333 4374 3519 4447 καιρὸς
3544 4374 3707 4444 ἡμῖν,

451 4468 697 4524 tissimus
742 4465 1161 4531 resurrectionis
1215 4480 1283 4518 ex
1330 4465 1564 4519 mortuis
1618 4465 1776 4520 nobis
1835 4482 2028 4521 rursus

2140 4469 2224 4523 καὶ
2255 4468 2357 4538 τῆς
2383 4470 2447 4522 ἐκ
2468 4469 2678 4538 νεκρῶν
2703 4469 3054 4533 ἀναστάσεως
3089 4469 3121 4540 ἡ
3148 4468 3471 4539 τριπόθητος
3495 4466 3709 4537 ἡμέρα,

447 4559 903 4631 prteﬁgnrabatur
941 4558 995 4611 in
1031 4571 1098 4611 eo
1131 4555 1277 4626 quod
1339 4554 1477 4608 dixit
1531 4556 1715 4610 Deus:
1784 4557 1879 4611 Die
1915 4573 2025 4613 uno

448 4661 658 4706 statues
721 4648 1151 4704 tabernaculum.
1226 4645 1320 4699 llla
1379 4660 1545 4715 porro
1607 4647 1815 4714 verba,
1872 4648 1939 4703 Et
1968 4648 2024 4703 in

447 4742 733 4798 novilnnio
771 4738 975 4794 mensis
1016 4736 1209 4808 primi,
1281 4736 1490 4793 utiliter
1515 4744 1677 4807 atque
1715 4740 2025 4794 necessario

447 4835 703 4904 adjuncta
741 4846 884 4895 esse,
931 4829 1088 4884 facile
1129 4827 1366 4899 perspici
1411 4837 1629 4899 potest,
1680 4830 1905 4886 Palladi.
1955 4833 2024 4888 Ut

445 4929 595 4981 enim
623 4925 827 4981 mensis
860 4923 1074 4976 initium
1114 4921 1326 4991 primus
1363 4931 1448 4977 est
1485 4923 1603 4994 ejus
1644 4924 1848 4979 mensis
1883 4924 2021 4991 dies,

448 5019 502 5072 id
532 5027 616 5072 est
662 5016 1037 5072 novilnnium:
1068 5016 1146 5067 sic
1177 5013 1330 5083 quasi
1359 5013 1579 5067 initium
1610 5013 1886 5082 quoddam
1935 5031 2024 5069 rc-

446 5108 623 5163 centis
649 5107 854 5170 szeculi,
888 5121 951 5160 ac
980 5106 1192 5176 primus
1226 5104 1408 5159 aditus
1445 5105 1513 5158 ad
1560 5105 1856 5159 novitatem
1886 5114 2023 5161 tem-

446 5214 640 5271 porum
681 5206 765 5252 est
808 5196 863 5251 id
911 5205 1146 5264 tempus,
1189 5208 1300 5263 quo
1348 5193 1438 5246 ille
1478 5192 1717 5248 advenit.
1796 5216 1814 5246 ι
1878 5196 1994 5251 Nov

444 5306 681 5362 namque
705 5291 758 5344 in
777 5288 998 5343 Christo
1018 5297 1302 5351 creatura;
1326 5291 1511 5339 vetera
1540 5285 1876 5340 transierunt
1899 5287 1962 5351 ³³,
1993 5307 2010 5337 ι

443 5385 775 5454 eil‘ulgetque
830 5380 992 5436 nobis
1064 5374 1470 5449 quodammodo
1540 5375 1675 5431 illud
1735 5378 2015 5444 scculum,

442 5476 588 5547 quod
623 5483 743 5547 post
772 5474 876 5529 hoc
909 5485 1147 5543 pnesens
1174 5468 1421 5540 proxime
1465 5468 1839 5538 consequitur,
1871 5474 2015 5541 quod

511 5615 681 5668 "lsa.
732 5629 869 5675 xm,
929 5611 979 5671 8,
1095 5604 1332 5665 ²³ῐ(]οι’,
1389 5608 1546 5671 vt,9..

446 5686 490 5721 ³³
527 5684 721 5745 ﬁnitos.
748 5700 823 5745 tu,
882 5682 963 5733 Π.

1659 5610 1705 5682 ff
1752 5609 1941 5682 Matth.
1986 5629 2169 5680 xxvm,
2218 5617 2297 5682 l9,
2334 5616 2421 5670 ΞΟ-

1044 5682 1084 5712 ³²
1126 5680 1295 5735 lCor.
1328 5695 1440 5745 \‘lll,
1467 5678 1517 5734 6.
1597 5679 1706 5733 "ll
1743 5681 1867 5734 Cor.
1903 5698 1952 5747 v,
1996 5684 2078 5737 Π.

2128 4562 2572 4634 προανετυποῦτο
2651 4563 2822 4616 πάλαι
2891 4563 2978 4616 διὰ
3027 4562 3088 4615 τὸ
3146 4563 3310 4633 φάναι
3375 4560 3524 4622 Θεὸν,
3612 4561 3712 4612 Ἐν

2080 4694 2097 4711 υ
2126 4654 2311 4726 ἡμέρᾳ
2362 4656 2461 4726 μιᾷ
2498 4655 2719 4726 στῆσεις
2754 4654 2853 4726 τὴν
2923 4654 3150 4726 σκηνήν.
3209 4652 3283 4704 Τὸ
3314 4650 3370 4704 δὲ
3396 4691 3412 4715 ,
3472 4650 3585 4703 Καὶ
3642 4651 3710 4702 ἐν

2125 4748 2389 4820 νουμηνία
2415 4748 2507 4802 τοῦ
2544 4749 2711 4820 μηνὸς
2744 4748 2837 4802 τοῦ
2879 4746 3116 4819 πρώτου,
3174 4746 3460 4818 χρησίμως
3487 4759 3545 4796 τε
3609 4743 3714 4795 καὶ

2127 4839 2440 4907 ἀναγκαίως
2480 4841 2982 4915 προσενηνεγμένον
3019 4838 3225 4892 κατίδοι
3259 4854 3343 4899 τις
3368 4836 3455 4897 ἂν,
3483 4829 3527 4888 ὦ
3556 4834 3712 4887 Παλ-

2122 4927 2289 4983 λάδιε.
2322 4930 2531 5003 Ὥσπερ
2569 4929 2677 5001 γὰρ
2726 4931 2867 5001 ἀρχὴ
2921 4928 3105 5000 μηνὸς,
3148 4926 3370 4998 ἡμερῶν
3401 4927 3435 4996 ἡ
3466 4925 3523 4976 ὲν
3550 4922 3711 4993 αὑτῷ
3760 4974 3761 4981 η

2126 5019 2340 5090 πρώτη,
2368 5018 2515 5073 τοῦτ’
2544 5019 2713 5085 ἔστιν,
2750 5022 2783 5092 ἡ
2817 5018 3107 5091 νουμηνία’
3132 5018 3304 5082 οὕτως
3331 5017 3425 5070 καὶ
3451 5015 3594 5088 ἀρχή
3618 5031 3711 5078 τις

2125 5110 2314 5182 ὥσπερ
2349 5112 2542 5175 αἰῶνος
2572 5112 2713 5178 νέου,
2751 5111 2845 5165 καὶ
2874 5108 3200 5183 προεισϐολὴ
3227 5107 3544 5178 καινότητος
3574 5105 3711 5177 χρόα

2126 5217 2254 5264 νων,
2278 5202 2305 5254 6
2330 5201 2425 5272 τῆς
2453 5201 2747 5273 ἐπιδημίας
2774 5202 2981 5274 καιρός.
3014 5219 3034 5252 ι
3075 5200 3252 5272 Kac/l1
3290 5199 3401 5271 γὰρ
3433 5197 3612 5261 κτίσις
3641 5197 3708 5250 ἐν

2125 5291 2374 5363 Χριστῴο
2430 5292 2501 5346 τὰ
2551 5296 2754 5365 ἀρχαῖα
2814 5293 3113 5366 παρῆλθεν.
3170 5312 3189 5344 ι
3252 5290 3591 5361 Ἀναλὰμπει
3640 5286 3709 5343 δὲ

2126 5384 2313 5455 ὥσπερ
2359 5386 2493 5456 ἡμῖν
2540 5388 2570 5439 6
2606 5384 2742 5456 μετὰ
2800 5386 2988 5439 τοῦτον
3021 5383 3178 5450 αἰὼν,
3213 5382 3309 5436 νῦν
3369 5384 3467 5454 μὲν
3511 5380 3589 5444 ὡς
3640 5379 3711 5433 ἐν

2125 5476 2335 5530 ἐλπίσιν
2382 5477 2461 5531 ἔτι
2512 5478 2864 5551 βλεπόμενος,
2914 5480 3032 5532 τότε
3082 5478 3139 5531 δὲ
3182 5478 3277 5532 καὶ
3323 5475 3709 5548 παρεσόμενος

2538 5618 2581 5649 ³⁸
2619 5618 2813 5673 lPetr.
2861 5634 2918 5683 ιι,
2956 5618 3036 5670 l2.
3072 5618 3135 5650 ’θ’
3165 5616 3359 5687 Ephes.
3395 5632 3453 5680 ιι,
3488 5612 3579 5677 2i,
3605 5611 3705 5668 τε.
