3996 6212
282 352 392 413 ϐΞὲἸ

1026 350 1115 405 DE
1154 350 1598 407 ADORATlONE
1635 354 1701 408 IN
1738 353 2007 411 SPIRITU
2049 355 2136 410 ET
2178 353 2546 409 \‘ERITATE.
2590 353 2718 407 LIB.
2760 352 2826 407 Χ.

3439 352 3546 407 (ἰῖίὸ

276 468 523 541 ἀληθῶς.
556 468 687 522 ὅταν
720 465 853 536 ἡμῖν
883 467 910 518 6
947 464 1181 536 Χριστὸς
1213 464 1496 537 ἐπιλάμψῃ
1532 466 1694 520 πάλιν
1726 468 1852 537 μετᾶ

1965 484 2111 524 nunc
2143 469 2367 540 quidem
2403 482 2499 537 spe
2533 466 2890 547 conspicitur,
2931 473 3061 522 tunc
3093 474 3277 523 autem
3322 482 3382 521 re
3432 467 3555 537 ipsa

272 561 390 614 τῶν
420 558 593 627 ἁγίων
614 554 866 626 ἀγγέλων
904 555 962 610 ἐν
988 557 1053 626 τῇ
1088 553 1215 629 δόξῃ
1245 556 1340 609 τοῦ
1382 556 1615 627 Πατρδξ,
1647 558 1775 623 τοὺς
1800 560 1857 611 ἐν

278 650 562 723 καινότητι
589 647 738 719 ζωῆς
755 650 1079 720 περιπατεῖν
1104 647 1412 720 ἑλομένους,
1443 649 1534 703 καὶ
1563 649 1625 703 τὸ
1649 651 1852 722 ἐκπρε-

278 732 551 797 πέστατον
575 739 773 805 κάλλος
804 740 905 810 τῆς
930 739 1293 812 εὐαγγελικῆς
1328 740 1603 804 πολιτείας
1640 743 1699 795 ἐν
1728 743 1862 796 ὕπο-

280 837 418 907 μονῇ
445 833 877 905 πλουτήσαντας,
902 831 1360 904 παραληψόμενος
1387 834 1504 904 μεθ’
1525 833 1737 898 ἑαυτοῦ,
1767 833 1860 887 καὶ

274 928 361 991 είς
389 926 490 998 τήν
528 924 699 979 πάλαι
753 923 1210 997 προσδοκωμένην
1247 923 1402 991 δόξαν
1446 924 1541 977 καὶ
1585 924 1861 995 βασιλείαν

275 1017 596 1088 είσκομιῶν.
629 1018 754 1072 Ὀτι
784 1017 842 1071 δὲ
887 1016 1048 1088 καινή
1090 1016 1268 1081 κτίσις
1311 1016 1405 1071 καὶ
1442 1018 1605 1071 οἱονεὶ
1652 1019 1860 1091 καιρῶν

276 1110 373 1164 καὶ
402 1109 744 1181 πραγμάτων
771 1108 974 1180 βλάστη
996 1108 1094 1162 νέα
1115 1106 1224 1161 τῶν
1252 1109 1310 1161 ἐν
1340 1108 1582 1180 Χριστῷ,
1602 1110 1856 1163 καταδεί-

277 1200 422 1266 ξειεν
467 1199 535 1254 ἂν
565 1194 625 1254 εὖ
678 1199 823 1270 μάλα
875 1197 935 1253 τδ
977 1200 1206 1269 αἴνιγμα
1252 1197 1346 1252 τοῦ
1399 1198 1619 1271 πρώτου
1669 1202 1856 1272 μηνὸς,

274 1291 401 1345 καθ’
436 1289 496 1345 δν
534 1291 663 1343 πόαι
696 1291 795 1361 μὲν
827 1293 921 1344 καὶ
965 1289 1175 1344 ἁπαλαὶ
1212 1292 1307 1344 καὶ
1339 1292 1659 1363 ἀρτιφανεῖς
1682 1293 1740 1346 ἐν
1762 1296 1856 1366 γῇ,

275 1382 462 1453 φυτῶν
500 1382 557 1436 δὲ
597 1382 949 1455 ἀναθήλησις,
985 1384 1081 1437 καὶ
1108 1383 1218 1438 τῶν
1252 1385 1310 1438 ἐν
1353 1384 1615 1456 λειμῶσιν
1652 1386 1852 1441 ἀνθέων

271 1474 340 1528 τὸ
391 1472 670 1537 πολυειδὲς
712 1474 1035 1544 ἐμφαίνεται
1074 1474 1291 1539 κάλλος,
1334 1477 1559 1549 ἐαρινῆς
1611 1477 1859 1550 γελώσης

273 1565 542 1629 εὐωδίας·
575 1566 740 1619 οἱονεὶ
777 1566 886 1638 γάρ
916 1585 1032 1630 πως
1064 1568 1121 1620 ἐν
1149 1565 1337 1638 τοιῷδε
1362 1568 1540 1640 καιρῷ
1589 1566 1856 1640 κέκληκεν

273 1658 309 1710 ὁ
352 1657 587 1729 Χριστὸς
630 1656 727 1729 τὴν
762 1656 825 1723 ἐξ
852 1657 1021 1711 ἐθνῶν
1088 1659 1436 1731 Ἐκκλησίαν,
1480 1659 1622 1714 οὕτω
1659 1660 1853 1731 λέγων,

282 1768 304 1800 ι
352 1748 605 1813 Ἀνάστα,
625 1747 768 1816 ἐλθὲ,
790 1752 823 1821 ή
854 1749 1082 1821 πλησίον
1107 1767 1230 1821 μου,
1253 1752 1389 1825 καλή
1411 1770 1534 1824 μου,
1556 1753 1856 1826 περιστερά

276 1857 404 1911 μου,
440 1842 522 1895 ὅτι
564 1841 674 1895 ίδοὺ
714 1842 743 1894 6
777 1842 985 1913 χειμὼν
1031 1842 1293 1915 ἀπῆλθεν,
1330 1846 1359 1898 6
1407 1845 1562 1908 ὑετὸς
1591 1844 1853 1917 ἀπῆλθεν,

271 1930 548 2004 ἐπορεύθη
573 1934 631 1985 ἐν
657 1932 828 2004 αὐτῷ·
860 1933 930 1992 τὰ
969 1934 1105 2006 ἄνθη
1131 1934 1288 2007 ὤφθη
1330 1938 1387 1990 ἐν
1416 1940 1482 2008 τῇ
1523 1940 1624 2009 γῇ·
1668 1938 1859 2011 καιρὸς

270 2025 374 2095 τῆς
399 2024 573 2095 τομῆς
608 2022 863 2093 ἔφθασεν.
903 2044 922 2078 ι
971 2026 1230 2098 Ἀνεθάλη
1260 2028 1369 2099 γὰρ
1390 2030 1424 2100 ή
1450 2028 1737 2101 ἀνθρώπου
1761 2030 1860 2100 φύ-

273 2132 363 2180 σις
409 2110 502 2181 αὖ,
543 2115 735 2187 ὥσπερ
773 2134 825 2169 τι
866 2116 1054 2186 φυτὸν,
1096 2120 1579 2191 καταμαρανθεῖσα
1616 2119 1857 2191 θανάτῳ,

268 2204 364 2259 διά
400 2222 459 2259 τε
494 2206 595 2276 τήν
616 2208 673 2259 ἐν
716 2205 893 2278 Ἀδὰμ.
915 2207 1245 2284 παράϐασιν,
1279 2209 1375 2263 καὶ
1408 2209 1507 2281 τήν
1543 2211 1683 2265 κατὰ
1718 2194 1857 2267 πάνέ

272 2311 386 2348 των
403 2295 559 2366 ήμῶν
587 2299 1002 2369 τυραννήσασαν
1036 2298 1332 2375 ἁμαρτίαν.
1366 2300 1575 2362 ’Δκοὸω
1600 2301 1656 2355 δὲ
1675 2302 1861 2373 λέγον-

271 2403 365 2453 τος
409 2387 504 2441 τοῦ
542 2389 780 2460 Χριστοῦ
812 2390 904 2445 καὶ
933 2389 999 2443 δι’
1026 2391 1145 2455 ὲνδς
1174 2391 1282 2445 τῶν
1315 2392 1486 2460 ἁγίων
1530 2395 1854 2467 προφητῶν,

280 2497 300 2530 ι
342 2479 512 2543 Αὐτὸς
538 2482 566 2534 6
591 2479 769 2535 λαλῶν
804 2481 1059 2553 πάρειμι,
1088 2483 1162 2547 ώς
1190 2483 1308 2555 ῶρα
1336 2484 1429 2537 ἐπὶ
1460 2484 1570 2539 τῶν
1602 2468 1793 2557 ἀρέων.
1831 2507 1853 2541 ι

273 2572 457 2644 Ὅπερ
480 2572 588 2648 γὰρ
622 2575 680 2627 ἐν
722 2574 873 2646 ὄρεσι
903 2575 995 2628 καὶ
1040 2575 1265 2651 δρυμοῖς
1298 2576 1359 2630 τὸ
1392 2577 1490 2650 ἔαρ
1539 2576 1854 2649 ἐργάζεται,

272 2662 478 2735 βλάστη
503 2666 598 2737 νέᾳ
628 2667 925 2736 στεφανοῦν
957 2667 1025 2721 τὰ
1055 2668 1216 2737 φυτὰ,
1252 2667 1408 2723 τοῦτο
1447 2670 1540 2723 καὶ
1578 2671 1666 2739 ἐφ’
1695 2671 1855 2743 ήμῶν

270 2758 311 2828 ἠ
340 2756 431 2810 τοῦ
470 2757 724 2829 Σωτῆρος
764 2759 921 2831 ήμῶν
960 2760 1399 2833 ἁποπεπλήρωκε
1427 2760 1719 2834 παρουσία,
1764 2779 1857 2831 γε·

270 2848 473 2921 νομένη
508 2849 649 2903 κατὰ
682 2852 929 2923 καιροὺς,
962 2851 1038 2916 ῶς
1078 2854 1135 2906 ἐν
1173 2850 1283 2906 ἔτει
1328 2853 1588 2925 δευτέρῳ,
1623 2854 1717 2908 καὶ
1755 2854 1856 2909 οὐκ

270 2941 332 2993 εν
355 2959 417 3011 γε
446 2941 524 3014 τῷ
552 2941 753 3014 πρώτῳ
784 2942 981 3014 καιρῷ,
1012 2945 1133 2997 καθ’
1163 2943 1222 2998 δν
1258 2940 1324 3016 ἦν
1358 2948 1385 2999 6
1405 2945 1587 3017 νόμος,
1624 2946 1719 3000 καὶ
1744 2944 1856 3001 τῶν

270 3035 567 3105 προφητῶν
596 3037 625 3092 6
653 3035 831 3107 χορὸς,
863 3036 956 3089 καὶ
980 3035 1099 3089 καθ’
1126 3035 1184 3090 ὃν
1223 3038 1444 3110 ἐκράτει
1480 3038 1729 3104 θάνατος.
1760 3040 1857 3092 Βε-

267 3124 560 3180 σασίλευκε
598 3126 705 3199 γὰρ
727 3127 834 3181 ἀπὸ
871 3128 1041 3199 Ἀδὰμ
1094 3130 1189 3183 καὶ
1218 3130 1378 3202 μέχρι
1407 3133 1671 3197 Μωσέως.
1703 3135 1847 3189 Οὐκ-

265 3216 366 3271 οῦν
398 3218 475 3283 ώς
531 3220 590 3275 ἐν
639 3220 876 3292 δευτέρῳ
908 3220 1039 3285 ἔτει,
1066 3221 1212 3275 τοῦτ’
1260 3222 1429 3288 ἐστιν,
1463 3224 1537 3289 ὡς
1568 3227 1626 3280 ἐν
1674 3225 1852 3298 χρόνῳ

262 3307 353 3381 ’τῷ
377 3311 515 3381 μετὰ
543 3310 635 3366 τὸν
674 3312 909 3382 πρῶτον,
936 3313 1058 3366 καθ’
1082 3314 1141 3369 ὃν
1173 3310 1241 3386 ἦν
1271 3316 1298 3368 6
1322 3315 1506 3388 νόμος,
1538 3318 1572 3388 ή
1602 3317 1662 3385 ἐξ
1690 3319 1856 3373 ἐθνῶν

265 3400 587 3473 ἀνέλαμψεν
633 3402 952 3473 Ἐκκλησία,
990 3406 1227 3476 Χριστὸν
1261 3406 1485 3463 ἔναυλον
1531 3409 1750 3481 ἔχουσα,
1795 3412 1857 3464 τὸ

264 3491 381 3546 τῶν
404 3493 697 3563 προφητῶν
738 3493 830 3548 καὶ
859 3494 952 3549 τοῦ
983 3495 1147 3567 νόμου
1181 3497 1352 3561 τέλος.
1389 3496 1538 3571 τΛρά
1581 3517 1664 3553 σοι
1711 3501 1857 3555 δοκεῖ

267 3583 408 3656 πρὸς
441 3583 502 3639 τὸ
524 3583 652 3639 εὐθύ
682 3603 742 3640 τε
777 3587 869 3640 καὶ
907 3586 1106 3659 ἀληθὲς
1149 3587 1383 3643 διάττειν
1409 3590 1565 3662 ήμῶν
1593 3593 1621 3644 ό
1656 3591 1813 3661 λόγος
1836 3611 1869 3663 ;⁷

340 3854 547 3909 ΠΑΛΛ.
588 3854 911 3911 Παντάπασι
946 3858 1043 3929 μὲν
1069 3854 1183 3915 οὖν.

339 3947 504 3999 ΚΥΡ.
539 3943 705 4017 Οἶμαι
742 3948 799 4000 δέ
831 3947 1007 4019 ἔγωγε
1034 3950 1133 4023 τὴν
1165 3950 1537 4027 ἀληθεστέραν
1565 3954 1697 4027 ήμῖν
1720 3972 1850 4026 προ-

264 4054 437 4108 κατηξ
450 4037 637 4107 γέλθαι
672 4039 876 4111 σκηνὴν
902 4040 988 4095 διὰ
1016 4041 1738 4115 φωνῆς⁹ΙΙσαῗου,,λέγοντος
1773 4046 1849 4110 ὡς

263 4131 406 4201 πρὸς
430 4130 660 4185 ἕκαστον
682 4129 794 4183 τῶν
828 4133 886 4185 ἐν
920 4132 1112 4189 πίστει,
1133 4132 1487 4206 κεκλημένων
1526 4136 1605 4200 είς
1647 4134 1848 4189 δικαιο-

264 4222 455 4294 σύνην,
492 4242 511 4273 ε
549 4223 612 4276 Οί
641 4220 910 4293 ὀφθαλμρί
940 4240 1034 4277 σου
1082 4222 1304 4296 ὄψονται
1344 4224 1721 4299 Ἰερουσαλὴμ,
1753 4229 1848 4281 πό-

1970 569 2170 630 ρτιεειο
2206 560 2333 624 erit,
2367 574 2493 613 cum
2536 557 2790 613 Christus
2831 556 2992 612 nobis
3041 558 3240 612 iterum
3282 558 3556 613 atrulserit-

1969 667 2093 707 cum
2128 652 2331 707 sanctis
2371 650 2577 722 angelis
2604 651 2663 706 in
2697 648 2868 720 gloria
2902 649 3110 716 Patris,
3138 659 3195 705 et
3219 664 3333 715 eos,
3369 651 3463 720 qui
3490 650 3573 705 in‘

1968 741 2208 797 novitate
2227 743 2352 797 vitae
2371 741 2655 796 ambulare
2675 739 3007 806 studuerint,
3024 747 3081 795 et
3102 741 3251 795 illam
3272 742 3548 813 egregiam

1966 833 2294 904 evangelica;
2320 832 2753 888 conversationis
2792 831 3259 902 pulchritudinem
3301 848 3403 904 per
3450 850 3548 903 pa-

1968 924 2215 980 tientiam
2239 923 2614 995 acquisierint,
2647 937 2833 979 secum
2872 930 3135 989 assumet,
3176 933 3341 995 atque
3370 924 3546 979 ad'il~

1966 1017 2076 1071 lam
2100 1017 2230 1071 olim
2259 1022 2626 1086 exspectatam
2665 1016 2894 1086 gloriam
2947 1030 3012 1070 ac
3043 1031 3268 1087 regnum
3294 1016 3548 1071 introdu-

1938 1115 2071 1163 -cet.
2104 1108 2236 1163 Esse
2265 1115 2447 1162 autem
2474 1115 2782 1162 creaturam
2806 1121 3025 1171 novam,
3049 1121 3114 1162 ac
3135 1107 3305 1161 veluti
3332 1114 3515 1175 tempo
3533 1136 3546 1147 -

1965 1214 2087 1254 rum
2128 1209 2184 1255 et
2219 1215 2404 1255 rerum
2451 1200 2508 1254 in
2553 1198 2772 1255 Christo
2807 1214 3010 1253 novum
3050 1215 3294 1270 germen,
3319 1200 3549 1270 mniguna

1963 1292 2129 1363 primi
2162 1290 2367 1346 mensis
2390 1291 2596 1360 optime
2631 1290 2990 1356 demonstrat,
3021 1306 3133 1362 quo
3163 1299 3307 1346 terra
3345 1294 3550 1347 teneris

1963 1398 2027 1438 ac
2051 1382 2369 1438 recentibus
2390 1381 2579 1436 herbis
2604 1381 2963 1447 confestitur,
2993 1383 3199 1453 stirpes
3218 1382 3547 1453 germinant;

1905 1492 1941 1505 ν
1962 1475 2092 1530 etin
2113 1474 2285 1547 pratis
2304 1474 2455 1529 varia
2483 1473 2677 1530 [lorum
2703 1476 2917 1545 species
2947 1476 3303 1545 conspicitur,
3335 1476 3550 1531 ridente

1963 1567 2125 1621 simul
2154 1566 2307 1622 verni
2348 1566 2613 1637 temporis
2647 1566 2943 1637 fragrantia
2973 1584 2985 1620 :
3018 1567 3111 1622 tali
3144 1584 3376 1638 namque
3410 1585 3549 1639 quo-

1962 1656 2255 1713 dammodo
2286 1665 2531 1727 tempore
2556 1656 2813 1713 Christus
2841 1658 3142 1713 Ecclesium
3188 1675 3256 1713 ex
3296 1661 3552 1730 gentibus

1961 1746 2196 1810 vocavit,
2228 1747 2306 1802 sic
2336 1746 2563 1803 dicens:
2605 1766 2623 1799 ι
2661 1747 2853 1819 Surge,
2888 1748 3034 1813 veni,
3062 1749 3367 1819 propinqua
3406 1767 3550 1817 mea,

1886 1828 1930 1889 B
1957 1837 2185 1907 pulchra
2228 1854 2370 1904 mea,
2417 1839 2673 1905 columba
2718 1856 2862 1905 mea,
2901 1840 3197 1911 quiaccce
3234 1842 3342 1913 jam
3375 1841 3553 1897 hiems

1958 1928 2199 1995 transiit,
2237 1929 2416 1985 imber
2449 1930 2609 1996 abiit,
2640 1929 2779 1985 abiit
2818 1930 2953 1996 sibi;
2998 1929 3162 1985 ﬂores
3192 1932 3293 1985 visi
3337 1940 3463 1986 sunt
3494 1933 3553 1987 in

1956 2026 2127 2085 terra,
2183 2027 2403 2092 tempus
2450 2021 2756 2092 putationis
2792 2021 3016 2077 advenit
3045 2021 3111 2076 “.
3149 2041 3167 2073 ι
3213 2022 3552 2078 Germinavit

1956 2113 2114 2167 enim
2134 2112 2338 2179 denuo,
2376 2120 2638 2184 tanquam
2664 2114 2854 2181 arbor,
2884 2115 3171 2171 hominum
3202 2125 3552 2187 natura,qnu:

1957 2208 2135 2256 morte
2159 2209 2450 2257 exaruerat
2474 2210 2591 2257 tum
2623 2211 2849 2275 propter
2880 2204 3009 2260 Adae
3033 2206 3547 2277 transgressionem,

1958 2301 2073 2348 tum
2103 2302 2330 2364 propter
2352 2302 2661 2365 peccatum,
2689 2294 2837 2366 quod
2868 2296 3031 2351 nobis
3052 2298 3309 2354 omnibus
3333 2302 3549 2371 tyranni

1956 2401 2107 2441 more
2128 2385 2534 2442 dominabatur.
2555 2386 2734 2443 Audio
2754 2388 2919 2443 etiam
2941 2388 3217 2445 Christum
3240 2406 3339 2462 per
3358 2407 3519 2461 quem
3545 2420 3551 2426 -

1956 2477 2081 2533 dam
2105 2492 2134 2533 e
2165 2477 2368 2534 sanctis
2400 2479 2515 2534 suis
2543 2479 2848 2550 prephetis,
2875 2480 3149 2537 dicentem
3182 2499 3195 2536 :
3238 2501 3257 2533 ι
3293 2481 3426 2554 Ego,
3453 2484 3546 2553 qui

1954 2567 2240 2638 loquebar,
2280 2568 2495 2634 adsum,
2532 2569 2679 2625 sicut
2720 2585 2952 2625 vernum
2998 2579 3216 2643 tempus
3245 2573 3299 2627 in
3340 2574 3547 2627 monti-

1953 2659 2058 2716 bus
2084 2660 2152 2716 ⁸⁸.
2192 2682 2210 2713 ι
2259 2661 2420 2732 332
2461 2659 2631 2728 Quod
2662 2661 2811 2717 enim
2869 2663 2927 2717 in
2968 2664 3251 2720 montibus
3317 2681 3548 2721 vernum

1956 2758 2171 2823 tempus
2198 2752 2384 2819 ellicit,
2412 2762 2472 2808 ut
2491 2753 2715 2809 arbores
2746 2768 2888 2811 novo
2912 2754 3157 2825 germine
3188 2763 3546 2821 coronentur,

1956 2845 2063 2899 hoc
2095 2845 2241 2900 idem
2274 2845 2331 2899 in
2361 2845 2523 2900 nobis
2557 2844 2858 2901 Salvatoris
2890 2846 3064 2901 nostri
3105 2846 3375 2903 adventus
3413 2849 3547 2903 cffc~

1955 2935 2051 3001 cit,
2094 2936 2190 3006 qui
2239 2935 2294 2990 in
2337 2935 2533 2991 ordine
2574 2944 2885 3007 temporum
2931 2937 3086 3008 quasi
3126 2953 3269 2993 anno
3307 2940 3550 2994 secundo

1957 3025 2081 3090 fuit,
2112 3041 2223 3081 non
2248 3036 2430 3081 autem
2460 3027 2639 3097 primo
2659 3033 2929 3098 tempore,
2980 3044 3090 3099 quo
3114 3028 3202 3083 lex
3236 3039 3292 3085 et
3314 3030 3550 3100 propbm

1960 3127 2139 3173 tarum
2169 3118 2372 3173 chorus
2408 3117 2646 3189 vigebat,
2688 3125 2746 3174 et
2790 3134 2899 3189 quo
2933 3135 3081 3175 mors
3117 3120 3544 3177 dominabatur:

1956 3210 2205 3281 regnavit
2237 3209 2385 3265 enim
2409 3209 2478 3264 ab
2509 3208 2682 3266 Adam
2715 3225 2888 3280 usque
2917 3211 2983 3266 ad
3018 3212 3341 3285 Moysem”.
3377 3215 3551 3286 Igitur

1958 3311 2214 3373 tanquam
2252 3301 2494 3357 secundo
2522 3317 2686 3369 anno,
2721 3302 2776 3357 id
2808 3313 2912 3369 est,
2944 3313 3219 3376 tempore,
3248 3308 3394 3378 quod
3423 3319 3549 3380 post

1957 3393 2089 3448 illud
2132 3393 2392 3464 primum,
2438 3409 2549 3464 quo
2578 3393 2682 3450 fuit
2712 3396 2821 3461 lex,
2870 3397 3116 3465 proxime
3165 3402 3546 3470 consequitur,

1955 3486 2201 3542 Ecclesia
2233 3502 2300 3541 ex
2344 3485 2599 3557 gentibus
2635 3487 2881 3554 emicuit,
2917 3506 3038 3559 quae
3073 3490 3351 3545 Christum
3386 3490 3549 3548 iuba-

1954 3577 2220 3633 bitantem
2253 3578 2442 3642 habet,
2483 3578 2577 3648 qui
2612 3588 2696 3635 est
2725 3580 2860 3652 legis
2887 3597 2951 3636 ac
2973 3581 3366 3653 prophetarum
3401 3584 3545 3649 ﬁnis,

1955 3666 2259 3722 Videturne
2300 3667 2397 3722 tibi
2432 3675 2617 3724 nostra
2644 3669 2820 3726 oratio
2851 3679 3002 3727 recto
3032 3686 3196 3727 cursu
3237 3670 3304 3735 ad
3339 3672 3546 3737 verita-

1956 3765 2065 3812 tem
2093 3759 2266 3815 ferri?

2023 3854 2217 3910 PALL.
2246 3856 2475 3911 Maxime
2514 3873 2665 3913 vero.

2023 3946 2179 4002 CYR.
2232 3947 2502 4017 Equidem
2546 3954 2680 4019 puto
2728 3949 2913 4005 verius
2957 3949 3093 4004 illud
3133 3950 3544 4007 tabernaculum

1952 4038 2104 4093 Isaize
2134 4053 2269 4094 voce
2301 4039 2735 4109 praenuntiatum
2779 4054 2920 4103 esse,
2947 4055 3071 4099 cum
3110 4039 3408 4117 unicuique
3447 4057 3548 4111 per

1950 4129 2111 4186 tidem
2140 4131 2209 4184 ad
2237 4130 2509 4201 justitiam
2533 4139 2729 4189 vocato
2761 4131 2971 4191 diceret
2997 4149 3009 4185 :
3045 4150 3062 4181 ‹
3095 4130 3250 4191 Oculi
3280 4134 3359 4190 tui
3390 4134 3545 4188 vide.-

1946 4219 2087 4274 bunt
2130 4218 2456 4284 Jerusalem,
2508 4219 2761 4279 civitates
2810 4221 3121 4291 opulentas,
3168 4222 3544 4288 tabernacula,

260 4315 378 4378 λεις
415 4316 694 4381 πλουσίας,
729 4317 926 4389 σκηναὶ
956 4315 1021 4371 αἱ
1055 4317 1226 4389 οὐνμῆ
1260 4318 1567 4381 σεισθῶσιν,
1613 4318 1733 4372 οὐδὲ
1771 4318 1845 4391 μή

1958 4326 2069 4380 quae
2112 4324 2223 4364 non
2264 4309 2669 4376 conculientur,
2715 4325 2895 4381 neque
2942 4313 3312 4369 movebuntur
3355 4312 3555 4385 paxilli'

260 4405 559 4475 κινηθῶσιν
593 4408 644 4462 oi
690 4406 958 4463 πάσσαλοι
989 4406 1088 4478 τῆς
1119 4409 1325 4480 σκηνῆς
1372 4409 1574 4481 αὐτῆς⁴
1608 4409 1729 4463 οὐδὲ
1775 4409 1846 4463 τὰ

1958 4402 2293 4461 tabernaculi
2319 4404 2471 4474 ejus;
2505 4419 2684 4474 neque
2723 4402 2954 4461 funiculi
3004 4405 3123 4476 ejus
3151 4405 3545 4478 dirumpentur

265 4496 480 4565 σχοινία
506 4498 677 4569 αὐτῆς
703 4500 764 4551 οὒ
799 4498 873 4571 μή
898 4500 1266 4572 διαρραγῶσιν
1288 4502 1367 4565 είς
1396 4499 1487 4554 τὸν
1517 4500 1691 4554 αίῶνα
1719 4502 1844 4572 χρό-

1958 4494 2004 4549 in
2046 4494 2445 4571 sempiternum
2490 4503 2705 4566 tempus
2743 4494 2809 4551 "’.
2872 4515 2890 4547 ι
2933 4496 3031 4552 Dei
3076 4512 3313 4568 namque
3350 4499 3545 4555 civitas

262 4602 377 4639 νον.
419 4604 437 4637 ι
472 4585 607 4640 Θεοῦ
634 4589 744 4661 γὰρ
779 4589 934 4654 πόλις
964 4591 997 4661 ή
1034 4590 1350 4663 Ἐκκλησία,
1382 4587 1449 4665 ἦς
1477 4595 1571 4647 καὶ
1597 4596 1624 4647 6
1651 4594 1847 4648 θεσπέ·

261 4693 382 4741 σιος
411 4676 572 4734 Δαϐλδ
594 4681 912 4754 ἐπεμνήσθη
928 4682 1124 4752 λέγων,
1155 4702 1174 4735 ‹
1196 4681 1574 4755 Δεδοξασμὲνα
1604 4686 1843 4759 ἐλαλήθη

261 4769 397 4841 περὶ
444 4770 559 4837 σοῦ,
595 4773 628 4844 ή
659 4774 812 4838 πόλις
850 4774 946 4828 τοῦ
977 4775 1134 4830 Θεοῦ.
1175 4795 1193 4827 ι
1258 4775 1499 4831 Πλουσία
1536 4777 1645 4847 γάρ
1680 4776 1843 4850 αὕτη,

258 4861 357 4913 καὶ
399 4862 511 4924 τοῖς
559 4859 766 4917 ἄνωθεν
811 4865 905 4917 καὶ
954 4864 1015 4930 ἐξ
1066 4865 1296 4938 οὐρανοῦ
1344 4867 1645 4940 χαρίσμασι
1711 4885 1841 4924 κατ-

252 4950 627 5024 ηγλαῖσμὲνη,
655 4953 748 5007 καὶ
763 4953 1037 5026 ἄρρηκτον
1063 4957 1260 5027 ἔχουσα
1285 4957 1382 5028 τήν
1400 4960 1457 5011 ἐν
1491 4957 1692 5030 βεϐαίῳ
1716 4960 1845 5014 στά-

254 5059 366 5105 σιν,
421 5042 625 5115 ἶδρυσίν
658 5062 720 5098 τε
748 5047 843 5099 καὶ
869 5046 1151 5120 διαμονήν.
1192 5068 1227 5101 ι.
1254 5049 1426 5104 Πύλαι
1455 5049 1567 5122 γὰρ
1618 5050 1745 5121 ᾅδου
1782 5051 1843 5104 οὐ

253 5132 680 5204 κατισχύσουσιν
727 5138 934 5209 αὐτῆς,
998 5159 1017 5192 ι
1087 5140 1228 5196 κατὰ
1279 5142 1379 5213 τὴν
1440 5141 1533 5197 τοῦ
1590 5140 1845 5214 Σωτῆρος

251 5225 465 5293 φωνήν.
794 5252 803 5267 ι

328 5314 539 5383 ΠᾼΛΛ.
587 5318 882 5392 Ὀρθότατα
916 5323 1010 5376 καὶ
1038 5325 1222 5379 εἰκότα
1250 5325 1458 5398 διανοῇ.

322 5406 490 5462 ΚΥΡ.
541 5407 950 5484 Ἐγηγερμένης
969 5412 1022 5465 δὲ
1055 5414 1155 5483 τῆς
1190 5415 1417 5485 σκηνῆς,
1451 5416 1533 5469 ὅτι
1563 5416 1839 5488 προσῆκεν

246 5495 315 5549 ἐν
366 5500 560 5572 κόσμῳ
602 5500 818 5556 κεῖσθαι
860 5503 930 5557 τὰ
974 5506 1031 5557 ἐν
1065 5505 1224 5576 αὐτῇ,
1277 5508 1372 5560 καὶ
1417 5505 1493 5579 μὴ
1534 5508 1703 5579 χύδην
1743 5508 1836 5562 καὶ

244 5592 562 5662 ἀτημελῶς,
601 5594 842 5650 διδάσκει
863 5596 1038 5667 λέγων
1071 5599 1097 5652 ὁ
1134 5598 1350 5653 πάντων
1383 5601 1652 5672 δεσπότης
1680 5602 1831 5665 Θεὸς·

1609 5306 1696 5315 νος-ο-
1720 5308 1725 5313 .

1951 4587 2193 4643 Ecclesia
2215 4596 2320 4653 est,
2357 4588 2519 4659 cujus
2546 4588 2713 4644 etiam
2739 4589 2933 4645 beatus
2955 4590 3126 4645 David
3154 4591 3425 4656 meminit,
3454 4593 3541 4645 di—

1949 4692 2121 4732 cens:
2168 4697 2184 4728 ι
2216 4678 2463 4733 Gloriosa
2505 4678 2653 4735 dicta
2692 4690 2823 4736 sunt
2860 4680 2927 4735 de
2960 4688 3033 4744 te,
3060 4682 3251 4740 civitas
3282 4682 3379 4737 Dei
3405 4683 3467 4736 ³⁸.
3516 4702 3536 4733 ι

1949 4769 2113 4827 Dives
2138 4769 2286 4823 enim
2311 4786 2376 4825 ea
2411 4779 2517 4837 est,
2544 4772 2798 4843 supernis
2824 4773 3247 4851 caelestibusque
3290 4775 3537 4830 muneri-

1949 4862 2054 4917 bus
2076 4862 2354 4927 decorata,
2381 4880 2563 4935 neque
2600 4881 2842 4935 unquam
2877 4867 3145 4927 dimoveri
3181 4876 3379 4938 potest,
3412 4885 3538 4923 cum

1950 4953 2263 5010 ﬁrmissime
2288 4956 2587 5017 constituta
2631 4958 2739 5023 sit,
2766 4966 2823 5012 et
2852 4957 2956 5016 lixa
2986 4968 3303 5030 permaneat
3333 4978 3345 5014 :
3380 4981 3396 5011 ι
3431 4961 3539 5017 Νο-

1950 5062 2057 5116 quc
2090 5047 2237 5102 enim
2271 5059 2440 5120 porta:
2468 5048 2626 5106 inferi
2653 5052 3026 5124 praevalebunt
3049 5052 3313 5111 adversus
3340 5073 3479 5123 eam,
3514 5076 3531 5107 ο

1953 5147 2023 5193 ιιι
2045 5138 2297 5195 Salvator
2326 5141 2400 5196 ait
2432 5140 2519 5197 π’.

2022 5320 2217 5377 PALL.
2256 5325 2422 5380 Recte
2457 5336 2622 5397 atque
2655 5330 3047 5385 convenienter
3076 5330 3375 5385 existitttas.

2016 5412 2172 5467 (ΝΒ.
2198 5413 2316 5470 Jam
2345 5433 2498 5481 vero,
2534 5429 2721 5474 erecto
2763 5420 3135 5481 tabernaculo,
3178 5422 3296 5491 ejus
3327 5420 3535 5474 instru-

1947 5516 2127 5561 menta
2157 5524 2277 5563 esse
2304 5526 2412 5564 non
2444 5509 2690 5581 disperso
2714 5519 2770 5566 et
2803 5512 3165 5582 negligenter,
3204 5512 3294 5565 sed
3339 5510 3535 5566 ordine

1945 5604 2283 5671 collocanda,
2330 5606 2490 5661 docet
2533 5608 2621 5661 ille.
2655 5608 2915 5663 Dominus
2959 5611 3360 5669 universorum,
3406 5625 3531 5662 eum

353 5706 395 5738 "
425 5709 581 5764 Cant.
616 5727 671 5777 tt,
704 5711 784 5779 l0,
819 5710 897 5766 t2.
964 5715 1005 5745 ³³
1034 5714 1131 5771 Isa.
1169 5732 1256 5783 ιιι,
1284 5718 1336 5771 ti.
1399 5718 1443 5748 ³⁶⁸
1469 5718 1625 5772 Rem.
1658 5733 1709 5785 v,
1745 5717 1828 5772 ll.

1959 5719 2060 5774 Isa.
2086 5736 2267 5785 \XMH,
2290 5720 2377 5773 :20.
2436 5723 2476 5751 δε
2499 5722 2638 5776 l‘sal.
2669 5737 2883 5787 tum,
2908 5721 2960 5775 ὅ.
3006 5724 3065 5756 ³³⁸⁸
3094 5722 3281 5776 Matth.
3307 5739 3409 5791 \vt,
3448 5723 3528 5776 l9»
