3996 6212
455 286 561 347 639
1479 288 1534 343 S.
1577 286 1849 342 CYRILLI
1888 286 2353 342 ALEXANDRINI
2390 285 2709 343 ARCHIEP.
3598 286 3705 342 660

455 403 628 460 dicit:
661 421 680 454 ι
711 402 780 456 Et
814 415 984 472 pones
1006 415 1187 454 arcam
1226 400 1560 466 testamenti,
1586 409 1641 457 et
1668 409 1816 474 teges
1846 417 2026 456 arcam

2137 418 2154 450 ι
2187 399 2297 451 Kal
2334 398 2521 469 θήσεις
2559 397 2658 469 τὴν
2698 396 2932 450 κιϐωτὸν
2962 395 3057 451 τοῦ
3095 395 3414 469 μαρτυρίου,
3445 400 3541 453 καὶ
3573 418 3703 454 σκε-

453 493 577 548 velo
600 532 615 558 ,
641 500 698 546 et
718 490 919 548 inferes
940 504 1203 554 mensam,
1231 500 1287 545 et
1307 494 1578 561 pr‘opones
1598 492 2024 562 propositionem

2128 489 2321 553 πάσεις
2344 488 2443 559 τὴν
2476 488 2707 542 κιϐωτὸν
2730 486 2808 559 τῷ
2830 489 3300 560 καταπετάσματι.
3324 489 3433 542 Καὶ
3449 491 3706 556 εἰσοίσεις

453 585 594 655 ejus,
627 591 682 636 ct
715 581 920 636 inferes
941 580 1350 648 candelabrum,
1394 591 1451 637 et
1489 583 1736 653 impones
1773 582 2025 638 lucernas

2125 580 2224 652 τὴν
2262 579 2563 652 τράπεζαν,
2603 579 2698 633 καὶ
2739 580 3034 652 προθήσεις
3066 580 3164 652 τήν
3210 580 3469 653 πρόθεσιν
3506 582 3703 653 αὐτῆς.

452 677 590 745 ejus,
625 680 680 728 et
704 687 878 742 pones
898 672 1065 727 altare
1099 687 1327 728 aureum
1369 673 1438 729 ad
1475 673 1803 729 adolendum
1840 689 2025 729 coram

2129 672 2235 724 Kal
2258 671 2511 734 εἰσοίσεις
2524 669 2622 742 τὴν
2640 669 2882 742 λυχνίαν,
2903 673 2998 726 καὶ
3025 671 3304 743 ἐπιθήσεις
3324 671 3451 735 τοὺς
3474 670 3707 742 λύχνους

452 765 807 828 tabernaculo
832 764 1152 831 testimonii,
1181 774 1237 820 et
1259 765 1506 836 impones
1524 773 1895 837 tegumentum
1918 765 2024 819 veli

2128 764 2316 834 αὐτῆς.
2360 764 2470 816 Kal
2503 762 2688 834 θήσεις
2715 762 2777 815 τὸ
2803 762 3184 834 θυσιαστήριον
3230 763 3290 816 τὺ
3322 763 3574 833 χρυσοῦν,
3619 767 3706 829 είς

450 855 519 909 ad
550 856 750 911 ostium
773 856 1108 912 tabernaculi
1134 856 1457 920 testimonii,
1497 864 1554 911 et
1574 857 1744 912 altare
1769 856 2025 911 holocau-

2127 854 2186 907 τὸ
2219 854 2418 926 θυμιᾷν
2446 854 2685 909 ἐναντίον
2729 853 2830 924 τῆς
2861 853 3117 907 κιϐωτοῦ.
3154 854 3262 908 Καὶ
3288 854 3570 925 ἐπιθήσεις
3595 855 3705 907 κά·-

450 956 660 1003 storum
704 964 876 1020 pones
906 950 1061 1021 juxta
1082 957 1295 1020 portam
1323 948 1659 1003 tabernaculi
1684 947 1979 1004 testimonii
2007 987 2023 1013 ,

2129 945 2318 1015 λυμμα
2350 945 2840 1017 καταπετάσματος
2883 946 2976 998 ἐπὶ
3016 945 3114 1016 τήν
3159 944 3329 1018 θύραν
3367 947 3466 1018 τῆς
3494 946 3707 1018 σκηνῆς

449 1046 507 1094 et
532 1040 914 1112 circumpones
946 1042 1382 1107 tabernaculum,
1412 1050 1468 1096 et
1492 1041 1675 1114 omnia
1710 1057 1831 1112 quae
1876 1041 1930 1095 in
1956 1055 2024 1095 eo

2130 1037 2219 1092 τοῦ
2253 1038 2575 1110 μαρτυρίου,
2609 1038 2703 1091 καὶ
2731 1037 2792 1091 τὸ
2824 1036 3208 1109 θυσιαστήριον
3240 1038 3350 1091 τῶν
3396 1038 3708 1109 καρπωμάι-

450 1140 580 1186 sunt
610 1132 999 1204 'circumpones
1043 1134 1098 1189 in
1128 1134 1365 1189 circuitu
1387 1134 1453 1187 ”.
1484 1153 1503 1185 ι
1533 1133 1641 1189 Sed
1674 1134 1730 1188 in
1758 1133 1847 1188 bis
1871 1147 2025 1187 sacra

2130 1145 2233 1183 των
2262 1128 2447 1200 θήσεις
2490 1129 2641 1205 παρὰ
2675 1128 2775 1192 τὰς
2818 1127 2989 1200 θύρας
3013 1130 3112 1200 τῆς
3144 1129 3348 1200 σκηνῆς
3370 1128 3462 1184 τοῦ
3497 1147 3708 1201 μαρτυο

451 1236 579 1277 vasa
606 1222 774 1280 fuisse
797 1224 886 1279 illa
908 1224 1130 1295 quidem
1158 1224 1213 1279 in
1235 1217 1449 1279 sacrum
1474 1223 1884 1279 tabernaculum
1908 1224 2026 1278 illa-

2130 1220 2264 1289 ρίου.
2292 1220 2401 1272 Kal
2416 1206 2734 1290 περιθήσεις
2752 1219 2851 1292 τὴν
2871 1220 3097 1292 σκηνὴν,
3125 1221 3218 1273 καὶ
3234 1221 3414 1274 πάντα
3438 1220 3509 1273 τὰ
3530 1222 3705 1293 αὐτῆς

453 1321 508 1368 ta
533 1313 723 1369 videre
749 1315 909 1381 licet;
936 1330 1046 1369 non
1071 1315 1203 1369 item
1232 1315 1392 1383 plane
1429 1314 1553 1384 quis
1579 1315 1776 1385 cuique
1801 1316 1916 1370 vasi
1939 1315 2023 1370 lo-

2129 1310 2443 1382 περιθήσεις
2490 1311 2696 1382 κύκλῳ.
2742 1330 2761 1363 ι
2826 1310 2965 1365 Ἀλλ’
3014 1311 3190 1365 ἔνεστι
3238 1310 3339 1382 μὲν
3389 1311 3446 1363 ὲν
3493 1310 3707 1374 τούτοις

450 1418 550 1457 cus
571 1420 670 1474 pro
691 1406 810 1477 ejus
834 1406 1214 1462 convenientia
1242 1408 1314 1462 sit
1336 1407 1651 1462 attributus.
1672 1406 1832 1477 333
1860 1407 2026 1463 Visne

2129 1402 2587 1474 είσκεκομισμένα
2614 1403 2742 1455 ίδεϊν
2775 1405 2832 1456 ὲν
2854 1405 2921 1474 τῇ
2954 1402 3084 1473 ἁγίᾳ
3114 1405 3283 1473 σκηνῇ
3336 1401 3408 1455 τὰ
3437 1401 3605 1472 σκεύη
3629 1401 3707 1455 τὰ

452 1493 622 1564 igitur
644 1496 913 1567 ejusmodi
933 1507 1337 1568 praceptorum
1364 1513 1487 1568 quae
1509 1497 1576 1553 ad
1609 1497 2025 1553 tabernaculum

2130 1492 2279 1563 ίερά⁶
2308 1493 2370 1545 οὑ
2401 1494 2507 1564 μὴν
2551 1493 2630 1548 ἔτι
2676 1495 2770 1549 καὶ
2819 1493 3005 1565 σαφῶς
3037 1494 3128 1547 τὸν
3173 1494 3387 1565 ἑκάστῳ
3423 1495 3708 1565 πρέποντά

451 1585 750 1656 pertinent,
775 1588 1035 1646 subtilem
1072 1598 1130 1646 et
1160 1598 1476 1646 accuratam
1517 1588 1884 1661 cognitionem
1910 1589 2024 1645 col-

2125 1600 2185 1636 τε
2214 1583 2309 1637 κα)⁸
2338 1584 2711 1655 ἑκνεμηθέντα
2734 1586 2917 1640 τόπον.
2946 1583 3135 1638 Βούλει
3164 1583 3229 1656 δὴ
3256 1580 3351 1640 οὖν
3376 1585 3484 1638 τῶν
3508 1585 3601 1638 ἐπὶ
3630 1588 3701 1656 τῇ

449 1677 723 1748 ﬁgamus?
2128 1676 2300 1745 σκηνῇ
2355 1676 2791 1749 προσταγμάτων
2837 1675 3040 1748 λεπτήν
3091 1693 3156 1729 τε
3196 1676 3293 1730 καὶ
3343 1675 3548 1748 ἀκριϐῆ
3591 1676 3706 1741 τῶν

2055 1751 2099 1808 Β
2125 1762 2344 1817 τοιῶνδε
2378 1764 2477 1836 τὴν
2512 1764 2711 1833 γνῶσιν
2744 1762 3152 1837 ὲρανιζώμεθα;

522 1854 720 1909 PALL.
751 1855 866 1927 Ego
888 1872 1020 1912 vero
1045 1857 1425 1914 libentissime.

2196 1854 2405 1931 ΠΑΛᾼ.
2447 1855 2535 1921 Ὠς
2565 1854 2757 1925 ἥδιστά
2792 1871 2878 1924 γε.
3271 1838 3394 1853 ““’”“

523 1947 682 2004 CYR.
702 1947 990 2018 Aititaque
1005 1949 1072 2004 ad
1086 1950 1307 2023 Moysen
1325 1953 1501 2008 Deus:
1541 1970 1559 2004 ι
1595 1952 1663 2007 Ει
1685 1950 1853 2007 facies
1875 1951 2024 2007 vela-

2196 1944 2359 1999 ΚΥΡ.
2395 1945 2539 2016 Ἔφη
2571 1944 2749 1999 τοίνυν
2794 1945 2931 2016 πρὸς
2961 1944 3053 1999 τὸν
3098 1944 3243 2016 ἱερὸν
3285 1944 3495 2000 Μωσέα
3543 1943 3700 2009 Θεός·

452 2053 580 2093 men
600 2053 669 2093 ex
690 2037 988 2108 hyacintho
1005 2044 1061 2093 et
1077 2055 1342 2111 purpura,
1359 2050 1416 2097 et
1430 2057 1595 2098 cocco
1610 2049 1775 2107 torto,
1790 2050 1847 2098 et
1864 2041 2026 2114 bysso

2132 2052 2151 2086 ι
2187 2034 2300 2088 Καὶ
2321 2036 2568 2107 ποιήσεις
2593 2034 2993 2106 καταπέτασμα
3021 2034 3081 2101 ἐξ
3104 2034 3360 2089 ὑακίνθου
3376 2035 3472 2088 καὶ
3488 2034 3703 2106 πορφύ-

449 2136 610 2195 neta;
644 2144 785 2200 opus
816 2129 1002 2186 textile
1028 2130 1198 2186 facies
1226 2131 1361 2187 illud
1391 2132 1713 2199 Cherubim,
1741 2139 1799 2188 et
1830 2148 2026 2203 super-

2128 2145 2249 2198 ρας,
2286 2127 2380 2181 καὶ
2406 2126 2656 2181 κοκκίνου
2681 2126 3082 2198 κεκλωσμένου,
3099 2127 3194 2180 καὶ
3223 2125 3420 2196 βύσσου
3437 2125 3706 2198 νενησμέ·

450 2222 703 2291 impones
742 2222 880 2276 illud
926 2238 1092 2294 super
1131 2232 1369 2295 quatuor
1399 2225 1684 2281 columnas
1714 2224 2028 2296 imputribi-

2128 2236 2244 2291 νηςσ
2289 2218 2448 2290 ἔργον
2496 2218 2731 2289 ὑφαντὸν
2785 2219 3030 2289 ποιήσεις
3074 2217 3206 2271 αὑτὸ
3243 2217 3547 2288 Χερουϐίμ.
3589 2216 3706 2270 Kal

446 2313 529 2369 les
563 2314 844 2369 inauratas
858 2329 995 2369 auro
1018 2331 1033 2369 :
1058 2322 1116 2370 et
1148 2315 1326 2386 capita
1357 2331 1547 2371 earum
1580 2330 1769 2381 aurea,
1791 2325 1848 2370 et
1867 2315 2024 2371 bases

2129 2313 2411 2385 ἐπιθήσεις
2451 2310 2583 2364 αὐτὸ
2616 2311 2710 2364 ἐπὶ
2756 2310 3038 2380 τεσσάρων
3069 2310 3275 2364 στύλων
3308 2310 3571 2379 άσήπτων
3604 2325 3707 2361 κε-

446 2416 637 2457 earum
672 2408 911 2473 quatuor
950 2411 1262 2475 argenteae:
1311 2411 1369 2460 et
1388 2419 1563 2475 pones
1583 2405 1833 2461 velamen
1861 2421 2024 2475 super

2131 2405 2496 2477 χρυσωμένων
2529 2403 2759 2475 χρυσίῳ.
2788 2405 2901 2458 Kal
2943 2406 2999 2459 αἱ
3031 2405 3318 2472 κεφαλίδες
3355 2402 3536 2457 αὑτῶν
3567 2418 3709 2473 χρυ-

446 2493 749 2559 columnas,
771 2501 829 2548 et
853 2494 1084 2550 induces
1110 2495 1258 2551 intra
1282 2495 1531 2551 velamen
1568 2511 1752 2551 arcam
1775 2497 2024 2552 testimo-

2192 2500 2240 2563 Τί,
2290 2497 2385 2551 καὶ
2427 2498 2483 2550 al
2536 2496 2725 2567 βάσεις
2771 2496 2952 2550 αὐτῶν
2990 2492 3257 2568 τέσσαρες
3288 2495 3550 2566 ἀργυραῖ.
3591 2494 3709 2548 Kal
3756 2480 3770 2505 ’

443 2585 560 2651 nii,
598 2593 656 2640 et
705 2585 912 2640 dividet
953 2584 1111 2641 vobis
1151 2585 1401 2642 velamen
1453 2587 1595 2643 inter
1635 2587 1928 2654 Sanctum,
1971 2595 2021 2644 et

2130 2588 2315 2661 θήσεις
2352 2589 2412 2641 τὸ
2443 2588 2847 2658 καταπέτασμα
2883 2587 2977 2640 ἐπὶ
3004 2587 3114 2641 τῶν
3150 2587 3381 2651 στύλων,
3414 2584 3511 2639 καὶ
3538 2584 3708 2637 εἰσοί-

445 2677 593 2733 inter
641 2673 903 2732 Sanctum
951 2683 1264 2732 sanctorum
1294 2694 1308 2745 ;
1339 2686 1396 2733 et
1435 2678 1720 2749 cooperies
1757 2679 2023 2736 velamine

2132 2698 2241 2745 σεις
2264 2681 2379 2734 ἐκεῖ
2405 2680 2669 2753 ἐσώτερον
2700 2678 2795 2733 τοῦ
2825 2678 3313 2749 καταπετάσματος
3345 2677 3443 2749 τήν
3468 2674 3710 2731 κιϐωτὸν

444 2779 629 2821 arcam
676 2766 979 2821 testimonii
1014 2766 1070 2822 in
1118 2765 1318 2826 Sancto
1363 2775 1700 2836 sanctorum,
1752 2777 1809 2826 et
1853 2786 2022 2844 pones

2129 2771 2221 2826 τοῦ
2264 2771 2584 2843 μαρτυρίου.
2635 2771 2746 2825 Kal
2793 2771 2985 2841 διοριετ
3029 2770 3090 2823 τὸ
3120 2768 3522 2837 καταπέτασμα
3569 2765 3707 2836 ὑμῖν

445 2870 690 2911 mensam
739 2864 900 2913 extra
944 2857 1228 2925 velamen,
1285 2866 1342 2915 et
1393 2860 1785 2919 candelabrum
1835 2871 2023 2917 contra

2129 2862 2398 2932 ἀναμέσον
2429 2860 2522 2915 τοῦ
2565 2860 2770 2929 Ἀγίου,
2802 2861 2897 2915 καὶ
2927 2858 3202 2929 ἁναμέσον
3234 2855 3328 2910 τοῦ
3372 2854 3549 2923 Ἀγίου
3586 2852 3707 2907 τῶν

446 2961 690 3002 mensam
730 2947 786 3002 in
821 2954 977 3019 parte
1013 2949 1356 3006 tabernaculi
1421 2967 1544 3022 quae
1578 2952 1803 3023 respicit
1824 2953 1894 3008 ad
1924 2970 2024 3009 au-

2130 2956 2316 3025 ἁγίων.
2346 2953 2768 3024 Κατακαλύψεις
2793 2953 2872 3025 τῷ
2894 2944 3343 3022 καταπετάσματι
3357 2948 3452 3020 τὴν
3466 2945 3708 3000 κιϐωτὸν

449 3045 668 3104 atrum;
721 3045 779 3093 et
824 3053 1067 3094 mensam
1121 3055 1293 3109 pones
1342 3040 1403 3095 in
1447 3051 1604 3112 parte
1688 3042 2027 3099 tabernaculi

2127 3046 2223 3100 τοῦ
2260 3046 2560 3119 μαρτυρίου
2595 3048 2653 3100 ὲν
2681 3044 2760 3118 τῷ
2803 3046 2974 3117 Ἀγίῳ
3012 3044 3121 3098 τῶν
3148 3042 3339 3113 ἁγίων.
3368 3040 3479 3094 Kal
3510 3038 3704 3108 ἐπιθή-

450 3144 573 3200 qua:
608 3130 836 3201 respicit
870 3131 939 3187 ad
976 3131 1311 3202 aquilonem.
1345 3133 1416 3189 Et
1445 3133 1614 3190 facies
1642 3134 2027 3191 adductorium

2131 3157 2244 3204 σεις
2268 3140 2367 3211 τὴν
2394 3137 2672 3212 τράπεζαν
2701 3137 2901 3204 ἔξωθεν
2931 3136 3026 3191 τοῦ
3057 3134 3571 3205 καταπετάσματος,
3604 3131 3703 3184 καὶ

445 3236 515 3276 ex
552 3220 853 3292 hyacintho
878 3231 935 3278 et
964 3239 1228 3295 purpura,
1260 3232 1317 3280 et
1347 3239 1517 3281 cocco
1545 3233 1713 3292 torto,
1763 3234 1821 3282 et
1866 3227 2023 3299 bysso

2124 3230 2221 3301 τὴν
2252 3229 2471 3300 λυχνίαν
2518 3229 2778 3283 ἀπέναντι
2798 3228 2896 3299 τῆς
2928 3225 3208 3303 τραπέζης
3250 3224 3344 3278 ἐπὶ
3376 3224 3575 3295 μέρους
3600 3220 3702 3292 τῆς

445 3320 613 3379 torta,
663 3328 804 3385 opus
832 3315 1124 3371 variator-is
1151 3332 1167 3382 ;
1219 3323 1277 3371 et
1306 3314 1475 3373 facies
1505 3306 1763 3373 velamini
1784 3320 2023 3390 quinque

2124 3316 2332 3394 σκηνῆς
2355 3321 2415 3375 τὸ
2446 3322 2586 3395 πρὸς
2615 3322 2789 3375 νότον.
2819 3320 2928 3373 Kal
2958 3320 3056 3395 τὴν
3085 3317 3363 3393 τράπεζαν
3392 3315 3579 3388 θήσεις
3607 3314 3701 3367 ἐπὶ

445 3405 750 3473 columnas,
784 3415 842 3463 et
882 3406 1163 3463 inaurabis
1198 3422 1291 3465 eas
1326 3424 1484 3475 auro,
1512 3415 1570 3465 et
1609 3410 1789 3480 capita
1832 3426 2023 3467 earum

2126 3414 2325 3485 μέρους
2372 3413 2470 3485 τῆς
2500 3394 2718 3483 σκηνῆς
2750 3413 2810 3467 τὸ
2861 3394 2997 3483 πρὸς
3030 3409 3252 3483 βορρᾶν.
3298 3406 3409 3460 Kal
3454 3406 3703 3475 ποιήσεις

443 3510 633 3563 aurea,
666 3505 721 3554 et
748 3498 1009 3557 cannabis
1037 3501 1119 3557 eis
1141 3501 1383 3573 quinque
1403 3501 1564 3556 bases
1583 3517 1764 3557 :eneas
1788 3502 1853 3556 ⁸⁸.
1894 3521 1912 3554 ι
1942 3501 2021 3558 Ac

2126 3503 2494 3575 ὲπίσπαστρον
2534 3506 2602 3576 τῇ
2630 3503 2772 3576 θύρα
2823 3503 2923 3575 τῆς
2968 3500 3176 3573 σκηνῆς
3216 3497 3278 3565 ἐξ
3315 3496 3570 3552 ὑακίνθου
3606 3496 3704 3549 καὶ

445 3584 514 3641 de
546 3584 636 3642 liis
659 3586 884 3657 quidem
905 3589 1194 3656 hactenus.
1224 3591 1300 3645 De
1320 3590 1473 3645 labro
1494 3597 1678 3645 autem
1701 3590 1818 3646 bzec
1848 3589 1982 3646 dicit
2007 3621 2023 3657 ς

2129 3593 2438 3666 πορφύρας,
2471 3594 2568 3648 καὶ
2610 3593 2866 3647 κοκκίνου
2909 3590 3313 3662 κεκλωσμένου,
3360 3587 3456 3642 καὶ
3500 3585 3701 3657 βύσσου

454 3692 474 3726 ι
503 3675 691 3731 Facies
738 3677 957 3733 labrum
1010 3694 1245 3744 uncum,
1286 3687 1343 3734 et
1378 3679 1555 3734 basim
1591 3680 1765 3750 ipsius
1794 3697 2026 3748 aeneam,

2125 3685 2534 3757 κεκλωσμένης,
2562 3686 2721 3758 ἔργον
2750 3684 3048 3739 ποικιλτοῦ.
3070 3683 3181 3737 Kal
3207 3681 3455 3751 ποιήσεις
3484 3678 3563 3750 τῷ
3591 3694 3700 3732 κα-

448 3772 510 3818 ut
537 3766 813 3833 laventur,
843 3778 901 3824 et
933 3785 1105 3839 pones
1144 3769 1277 3824 illud
1311 3770 1455 3825 inter
1482 3770 1903 3828 tabernaculum
1942 3781 2026 3829 te-

2125 3773 2507 3844 ταπετάσματι
2536 3773 2699 3827 πέντε
2730 3774 2975 3838 στύλους,
3013 3772 3110 3826 καὶ
3154 3768 3459 3842 χρυσώσεις
3497 3767 3702 3832 αὐτοὺς

444 3856 692 3914 stimonii
732 3867 790 3915 et
818 3860 993 3916 altare
1025 3861 1092 3915 “.
1126 3880 1145 3912 ι
1194 3858 1474 3916 Νιιιιιιὶὺὶ
1506 3862 1799 3933 perspicue
1821 3862 1890 3918 de
1911 3863 2022 3918 sin-

2127 3864 2335 3936 χρυσίῳ
2354 3881 2368 3895 ο
2392 3864 2486 3918 καὶ
2507 3866 2565 3919 αί
2588 3863 3091 3936 κεφαλίδεςαύτῶν
3118 3863 3337 3935 χρυσαῖ,
3368 3860 3464 3915 καὶ
3494 3857 3705 3931 χωνεύ-

444 3948 587 4020 gulis
624 3948 834 4006 dictum
860 3951 1080 4008 videtur
1104 3952 1128 4007 ?
1868 3997 1873 4002 -

2127 3934 2243 4020 σεις
2271 3934 2455 4020 αὑτοῖς
2496 3934 2893 4027 πέντεβάσειςν
2918 3934 3208 4027 χαλκᾶς.)
3246 3951 3358 4005 Kal
3401 3951 3561 4004 raurl
3597 3949 3700 4020 μὲν

445 4043 577 4114 περὶ
595 4043 819 4099 τούτων.
852 4045 986 4117 Περὶ
1011 4044 1069 4099 δέ
1118 4062 1181 4115 γε
1215 4045 1308 4100 τοῦ
1344 4045 1608 4119 λουτῆρος
1643 4038 1745 4102 ὧδέ
1783 4047 1858 4119 πή
1889 4064 2041 4119 φησι·
2089 4066 2109 4100 ι
2149 4048 2381 4119 Ποίησον
2403 4048 2642 4120 λουτῆρα
2676 4049 2933 4119 χαλκοῦν,
2975 4047 3069 4102 καὶ
3119 4046 3276 4118 βάσιν
3307 4043 3456 4115 αύτῷ
3486 4041 3700 4113 χαλκῆν

461 4136 602 4190 ὥστε
646 4136 957 4203 νίπτεσθαι,
995 4137 1091 4192 καὶ
1124 4137 1308 4211 θήσεις
1359 4139 1523 4193 αὐτὸν
1565 4138 1670 4193 ἀνὰ
1719 4141 1881 4210 μέσον
1925 4141 2026 4211 τῆς
2066 4142 2273 4213 σκηνῆς
2335 4139 2429 4195 τοῦ
2471 4138 2795 4213 μαρτυρίου,
2826 4139 2920 4194 καὶ
2944 4139 3049 4194 ἀνὰ
3073 4138 3237 4210 μέσον
3266 4135 3361 4191 τοῦ
3394 4135 3698 4205 θυσιαστη-

398 4244 409 4252 '
450 4228 591 4299 ρίου.
622 4246 641 4280 ι
670 4224 819 4300 Ἀρά
850 4246 932 4283 σοι
969 4229 1143 4300 σαφὴς
1175 4229 1205 4280 ὑ
1239 4231 1324 4300 ἐφ’
1351 4230 1565 4301 ἑκάστῳ
1603 4229 1761 4300 λόγος
1789 4247 1806 4299 ;
2093 4271 2105 4282 .
3276 4222 3283 4225 ’
3368 4218 3393 4227 ἡ
3492 4219 3497 4223 ’

518 4317 716 4375 PALL.
745 4318 967 4377 Minime
1001 4336 1173 4376 vero:
1204 4319 1399 4376 dubito
1436 4320 1586 4376 enim
1623 4335 1774 4386 sane,
1816 4328 1871 4376 et
1891 4319 2024 4392 quid
2054 4327 2096 4389 υ

2196 4321 2405 4377 ΠΑΛΛ.
2436 4320 2511 4375 Οὐ
2544 4313 2767 4391 μὲνοῦν
2792 4336 2808 4352 ο
2842 4319 3152 4393 διηπόρηκα
3177 4319 3285 4393 γάρ
3303 4359 3319 4386 ,
3345 4318 3475 4374 ῐσθι·
3520 4316 3615 4372 καὶ
3639 4319 3704 4373 τί

447 4411 587 4468 illud
607 4411 713 4467 sibi
739 4412 893 4477 velit,
926 4428 1038 4469 non
1071 4411 1250 4466 habeo
1282 4410 1488 4465 dicere.
1958 4416 1962 4419 ‘

1344 4425 1488 4465 cere.
1958 4416 1962 4419 ’
2124 4410 2187 4463 τὸ
2217 4411 2429 4482 χρῆμα,
2463 4410 2639 4463 εἰπεῖν
2669 4409 2768 4463 οὑκ
2794 4409 2922 4481 ἔχω.

514 4502 677 4560 CYR.
733 4502 1084 4578 Singulorum
1132 4502 1301 4572 igitur
1344 4500 1657 4566 verborum,
1701 4516 1823 4570 qua}
1855 4501 2018 4558 modo

2195 4500 2359 4553 KTP.
2389 4497 2601 4553 Οὐκοῦν
2620 4500 2706 4569 ἐφ’
2730 4499 2944 4572 ἑκάστῳ
2958 4501 3066 4556 τῶν
3085 4499 3461 4573 προκειμένων
3491 4496 3701 4571 ῥητῶν,

444 4593 628 4665 posui,
669 4592 765 4648 ubi
801 4607 875 4669 ea
905 4605 1190 4660 sumpsero
1217 4605 1338 4659 quae
1374 4587 1443 4642 ad
1462 4602 1655 4644 eorum
1686 4591 2020 4661 contempla-

2126 4592 2207 4656 είς
2237 4590 2471 4661 θεωρίαν
2486 4589 2583 4662 τὴν
2608 4590 2696 4644 ἐπ’
2721 4592 2902 4656 αὐτοῖς
2931 4592 2992 4646 τὺ
3019 4591 3209 4647 τελοῦν
3237 4591 3509 4664 ἁρπάσας,
3548 4592 3703 4663 σαφῆ

445 4688 652 4741 tionem
668 4684 825 4740 utilia
847 4691 995 4749 sunt,
1017 4680 1314 4737 dilucidam
1345 4688 1509 4751 atque
1543 4681 1888 4752 perspicuam
1918 4698 2020 4753 pro

2128 4681 2224 4736 καὶ
2255 4682 2706 4754 εύκρινεστάτην,
2743 4682 2820 4748 ὡς
2851 4683 2918 4738 ἂν
2945 4678 3056 4749 οἷός
3087 4702 3148 4740 τε
3175 4679 3241 4752 ὦ,
3266 4686 3566 4757 ποιήσομαι
3597 4685 3706 4754 τὴν

442 4777 658 4832 viribus
681 4774 1077 4847 expositionem
1116 4772 1362 4828 aﬂ‘eram.
1385 4766 1641 4828 Erectum
1670 4789 1907 4845 namque
1935 4782 2020 4830 est

2130 4774 2425 4845 ἀφήγησιν.
2468 4772 2797 4846 Ἐγήγερται
2837 4775 2936 4846 μὲν
2960 4775 3090 4849 γάρ,
3133 4770 3178 4830 ὦ
3225 4774 3514 4841 Παλλάδιε,
3554 4776 3708 4829 κατά

447 4869 504 4923 in
538 4868 757 4924 deserto
793 4881 1012 4922 sacrum
1039 4864 1176 4920 illud
1212 4864 1645 4932 tabernaculum,
1669 4865 1899 4931 Palladi,
1926 4866 2025 4921 du-

2130 4863 2223 4934 τὴν
2253 4862 2459 4935 ἔρημον
2487 4863 2522 4934 ή
2548 4863 2677 4932 ἁγία
2704 4862 2896 4934 σκηνὴ,
2923 4863 2999 4928 ὡς
3021 4866 3078 4918 ὲν
3109 4865 3257 4920 θέσει
3276 4880 3337 4918 τε
3371 4866 3464 4918 καὶ
3486 4865 3544 4919 ἐν
3568 4864 3708 4918 εῖδει

446 4960 577 5030 plici
605 4957 1006 5031 quodammodo
1027 4957 1135 5013 situ
1157 4974 1221 5014 ac
1248 4957 1419 5031 ﬁgura
1446 4975 1460 5023 ;
1486 4965 1649 5028 atque
1672 4973 1781 5013 una
1803 4958 2024 5029 quidem

2127 4954 2316 5025 διπλῷ.
2344 4956 2455 5009 Kal
2492 4956 2590 5027 μία
2628 4954 2725 5026 μὲν
2763 4950 2843 5026 ἦν·
2865 4958 2899 5026 ἡ
2945 4956 3191 5031 ὲσωτάτη
3213 4974 3229 4989 ο
3257 4955 3429 5027 ὄνομα
3450 4955 3506 5009 δὲ
3534 4954 3705 5026 αὐτῇ,

447 5048 571 5120 eius
600 5064 728 5119 pars
773 5048 967 5103 intima
1021 5055 1168 5112 erat,
1218 5063 1391 5118 eaque
1448 5046 1649 5103 Sancta
1710 5054 2025 5103 sanctorum

2129 5045 2188 5101 τά
2225 5047 2388 5117 Ἅγια
2406 5046 2515 5103 τῶν
2555 5049 2745 5118 ἁγίων.
2772 5050 3106 5122 Προεισόολὴ
3143 5050 3199 5104 δὲ
3240 5047 3431 5121 ὥσπερ
3473 5065 3558 5112 τις
3602 5049 3707 5101 καὶ

449 5139 865 5210 appellabatur:
901 5138 1068 5211 hujus
1085 5149 1207 5196 erat
1229 5140 1401 5195 veluti
1430 5140 1640 5211 primus
1659 5137 1879 5208 quidam
1923 5138 2023 5193 ad-

2128 5139 2249 5210 nepl
2273 5138 2443 5209 αὑτὴν
2470 5141 2504 5210 ή
2532 5141 2745 5214 πρώτη,
2775 5142 2842 5195 τὰ
2876 5141 3322 5213 ὲπίκλην“¹Ἀγια.
3348 5141 3459 5194 Καὶ
3486 5142 3568 5204 είς
3596 5139 3706 5211 μὲν

449 5228 581 5296 itus,
611 5238 669 5287 et
695 5231 839 5287 circa
863 5247 984 5287 eam
1015 5236 1192 5303 posita
1222 5247 1348 5303 pars
1368 5231 1459 5285 illa
1478 5231 1651 5300 prior,
1671 5244 1793 5299 quae
1822 5228 2022 5285 Sancta

2129 5230 2225 5301 τήν
2260 5230 2516 5285 ἐσωτάτω
2562 5234 2870 5306 σκηνὴν,ή
2922 5234 3153 5298 κιϐωτὸς
3205 5233 3551 5296 ἀπετέθειτο,
3604 5231 3707 5286 ἐπὶ

447 5324 787 5392 vocabatur;
826 5334 989 5397 atque
1021 5326 1077 5382 in
1115 5326 1312 5382 intimo
1361 5324 1456 5379 illo
1498 5322 1851 5379 tabernaculo
1898 5331 2020 5379 erat

2130 5322 2406 5393 τεσσάρων
2441 5322 2649 5377 στύλων
2681 5324 2899 5398 χρυσῶν
2943 5326 3140 5397 ἔχουσα
3172 5313 3564 5397 περιπετασμα
3597 5338 3708 5377 τιε-

449 5431 575 5472 arca
609 5415 869 5487 reposita,
910 5416 978 5472 de
1023 5425 1261 5488 quatuor
1288 5414 1560 5471 columnis
1591 5413 1842 5469 velamen
1894 5428 2019 5469 sus-

2130 5415 2423 5485 ποιημένον
2448 5415 2713 5486 ἐντέχνως
2744 5418 2804 5483 ἐξ
2844 5416 3098 5472 ὑακίνθου
3130 5416 3223 5472 καὶ
3255 5416 3569 5487 πορφύρας,
3602 5414 3708 5467 καὶ

450 5522 678 5576 pensum
716 5507 927 5566 habens
971 5509 1264 5566 artiﬁciose
1282 5524 1348 5565 ex
1385 5506 1700 5579 hyacintho,
1756 5522 2017 5578 purpura,

2127 5506 2380 5561 κοκκίνου
2428 5508 2830 5581 κεκλωσμένου,
2857 5510 2949 5566 καὶ
2985 5508 3184 5583 βύσσου
3218 5507 3573 5580 νενησμένης.
3606 5504 3705 5558 Ei.

552 5692 571 5720 '
598 5690 770 5745 Exod.
803 5709 888 5757 xc,
922 5692 1036 5749 5-8.
1112 5693 1155 5726 ⁸ο
1191 5690 1366 5749 Exed.
1405 5706 1549 5757 xxvi,
1599 5690 1783 5746 31-57.
1862 5693 1899 5724 ³³
1933 5689 2112 5746 Exod.
2149 5705 2274 5755 xxx,
2306 5689 2389 5748 l8.
2428 5690 2510 5746 l9.
