3996 6212
245 323 337 377 661

977 321 1064 374 DE
1095 320 1537 376 ADORATIONE
1573 320 1642 375 ΙΝ
1673 318 1943 375 SPIRITU
1983 319 2072 374 ET
2107 318 2477 375 VERITATE.
2519 317 2648 372 LIB.
2693 318 2758 371 Χ.

3394 319 3497 375 662

242 432 472 504 ρηκότες
513 433 571 486 δὲ
616 433 738 504 ἤδη,
770 433 1156 505 καὶ,καθάπερ
1189 428 1421 506 ἐγῷμαι,
1468 434 1708 507 διαρκῶς
1744 434 1812 489 τά

1940 449 2081 489 :occo
2124 442 2290 500 torto,
2341 449 2404 489 ac
2452 432 2614 505 bysso
2657 440 2785 488 neta
2827 431 3156 487 confectum.
3206 432 3334 497 Sed,
3367 436 3498 502 quia

242 524 333 578 ὸπί
370 541 431 577 τε
461 526 526 594 τῇ
564 524 746 595 βύσσῳ
776 526 873 579 καὶ
910 527 975 595 τῇ
1028 527 1304 597 πορφύρᾳ,
1350 526 1444 580 καὶ
1475 526 1554 597 τῷ
1616 525 1822 580 κεκλω-

248 614 428 685 σμένῳ
441 614 702 684 κοκκίνῳ,
726 616 820 668 καὶ
843 614 944 686 μέν
964 633 1046 669 τοι
1067 617 1159 670 καὶ
1178 617 1436 688 ὑακίνθῳ,
1452 616 1820 687 παρωσόμεθα

249 704 349 776 μὲν
371 705 433 759 τὸ
458 704 756 768 ταυτοεπές
773 720 787 736 °
818 706 995 760 ἐκεῖνό
1021 723 1085 775 γε
1115 706 1220 778 μὴν
1251 706 1480 779 ὲροῦμεν
1503 710 1583 771 είς
1607 707 1667 761 τὸ
1682 724 1822 777 παρ-

246 794 325 849 όνο
374 795 450 849 Τὸ
480 795 879 866 καταπέτασμα
913 796 1108 873 τὸλὲπὶ
1138 797 1421 868 τεσσάρων
1457 795 1665 849 στύλων
1690 813 1822 866 χρυ·

247 886 377 950 σῶν,
410 880 487 941 ὧν
515 887 571 939 at
621 884 807 956 βάσεις
833 886 1093 958 ἀργυραῖ,
1138 887 1201 941 τὸ
1247 886 1487 959 Χριστοῦ
1522 888 1820 958 μυστήριον

244 977 516 1048 ὑπεδήλου
544 977 687 1032 τότε,
712 976 776 1030 Τί
804 977 911 1048 γάρ
933 994 947 1043 ;
972 977 1094 1048 οὐχὶ
1119 979 1519 1050 καταπέτασμα
1570 979 1632 1032 τὸ
1661 979 1821 1049 σῶμα

247 1074 486 1147 Χριστοῦ
512 1076 605 1128 καὶ
617 1074 779 1143 σοφὸς
794 1075 925 1146 ἡμῖν
937 1074 1200 1146 ’ὠνόμασε
1216 1075 1449 1141 Παῦλος,
1462 1074 1604 1128 οὕτω
1623 1074 1818 1142 λέγων,

254 1185 272 1216 ι
311 1165 417 1218 Ἦν
466 1165 801 1219 ἐνεκαίνισεν
848 1167 978 1237 ἡμῖν
1006 1166 1122 1220 ὁδὸν
1151 1167 1463 1240 πρόσφατον
1497 1167 1592 1221 καὶ
1640 1166 1821 1231 ζῶσαν

245 1253 333 1307 διὰ
368 1253 465 1317 τοῦ
506 1245 1025 1326 καταπετάσματος,
1068 1257 1336 1322 τουτέστι,
1367 1257 1467 1329 τῆς
1491 1256 1689 1328 σαρκὸς
1720 1258 1819 1311 αύ-

245 1362 441 1412 του;ι

313 1437 524 1491 ΠΑΛΛ.
576 1436 780 1509 Ὀρθῶς
810 1437 973 1510 ἔφης.

310 1526 479 1580 ΚΥΡ.
525 1526 714 1599 Ἀθρει
745 1527 811 1599 δὴ
838 1524 933 1582 οὖν
957 1528 1032 1593 ὡς
1057 1530 1115 1581 ἐν
1143 1530 1323 1593 σκιαῖς
1353 1528 1448 1584 καὶ
1482 1524 1820 1601 αἰνίγμασιν,

242 1617 478 1682 ὅτιθεὸς
506 1617 583 1673 ὢν
610 1619 705 1673 καὶ
730 1620 796 1673 ἐκ
817 1618 952 1674 Θεοῦ
982 1620 1196 1693 Πατρὸς
1229 1620 1371 1676 κατὰ
1394 1621 1554 1692 φύσιν
1577 1625 1606 1676 ό
1630 1624 1819 1693 Λόγος,

1917 523 2030 593 jam
2081 524 2149 579 de
2180 525 2360 596 bysso,
2401 531 2459 579 et
2507 539 2748 594 purpura
2779 531 2836 579 et
2866 537 3031 579 cocco
3055 531 3219 589 torto,
3254 524 3419 596 335
3443 534 3501 581 et

1922 613 1990 668 de
2018 614 2312 685 hyacintho
2337 614 2489 679 satis,
2531 620 2592 667 ut
2622 613 2883 677 arbitror,
2924 612 3182 678 diximus,
3212 612 3500 671 vitandum

1920 713 2075 774 puto,
2107 721 2176 761 ne
2204 705 2396 761 eadem
2419 712 2751 774 repetamus.
2774 703 2910 759 lllud
2940 712 3121 760 tamen
3152 704 3209 761 in
3242 705 3500 774 praesenti

1921 800 2187 864 dicemus,
2214 800 2464 855 velamen
2496 800 2653 867 illud,
2684 800 2830 871 quod
2861 800 2918 856 in
2951 809 3189 871 quatuor
3227 801 3503 857 columnis

1922 893 2198 949 dcauratis
2233 894 2472 964 positum
2510 902 2647 958 erat,
2674 909 2910 964 quarum
2945 902 3106 949 erant
3127 893 3288 949 bases
3309 909 3503 965 argen-

1923 994 2044 1049 teae,
2069 984 2275 1040 Christi
2299 992 2412 1040 tum
2434 984 2769 1055 signiﬁcasse
2792 986 3133 1057 mysterium.
3159 984 3301 1052 Quid
3326 986 3503 1041 enim?

1920 1075 2112 1130 Nonne
2165 1076 2366 1131 Paulus
2406 1090 2626 1145 quoque
2666 1075 2752 1129 vir
2798 1076 3017 1145 sapiens
3055 1075 3259 1132 Christi
3301 1091 3505 1146 corpus

1922 1166 2171 1222 velamen
2222 1168 2537 1238 appellavit,
2587 1183 2712 1224 cum
2767 1166 2949 1222 dixit:
2994 1187 3013 1218 ι
3047 1166 3222 1232 Quam
3266 1168 3506 1223 initiavit

1920 1257 2083 1313 nobis
2102 1258 2244 1313 viam
2275 1273 2471 1313 novam
2497 1266 2553 1315 et
2588 1259 2862 1314 viventem
2897 1272 2997 1328 per
3019 1258 3288 1324 velamen,
3319 1258 3375 1314 id
3395 1268 3529 1322 est,.

1923 1364 2144 1405 carnem
2177 1364 2332 1405 suam
2352 1350 2436 1403 “?
2476 1369 2496 1401 ι

1994 1440 2194 1496 PALL.
2220 1442 2389 1497 Recte
2412 1440 2571 1497 dicis.

1994 1530 2151 1588 CYR.
2181 1532 2315 1588 Vide
2345 1533 2511 1603 igitur
2537 1539 2794 1603 tanquam
2817 1532 2873 1588 in
2899 1532 3110 1588 umbris
3124 1539 3180 1587 et
3195 1532 3504 1604 aenigmate,
3527 1520 3531 1529 ’

1925 1620 2168 1676 Verbum
2202 1620 2359 1688 illud,
2391 1621 2538 1692 quod
2566 1623 2713 1678 Deus
2749 1629 2887 1689 erat,
2912 1631 2968 1678 et
2993 1638 3064 1678 ex
3085 1623 3198 1678 Deo
3231 1624 3393 1678 Patre
3417 1640 3507 1678 se-

244 1712 322 1775 ὡς
370 1714 430 1765 tv
467 1716 640 1785 χρυσῇ
694 1715 790 1768 καὶ
834 1715 1068 1786 ἀσήπτῳ
1109 1714 1303 1784 γέγονε
1350 1716 1603 1788 κιϐωτῷ,
1637 1716 1716 1788 τῷ
1760 1722 1824 1772 ὲκ

1940 1714 2167 1769 :undum
2205 1725 2479 1781 naturam,
2519 1716 2576 1769 in
2604 1732 2768 1772 aurea
2795 1723 2962 1786 atque
3001 1715 3326 1787 imputribili
3357 1732 3505 1782 arca,

245 1779 529 1873 Παρθένου
588 1779 723 1874 ναῷ·
774 1779 1314 1878 ἄσηπτον-γάρκαὶ
1350 1779 1636 1877 τίμιονπὸ
1665 1779 1825 1880 σῶμα

1940 1821 1982 1859 ιη
2001 1820 2068 1860 eo
2087 1804 2353 1861 nimirum
2378 1806 2604 1877 templo,
2629 1807 2779 1877 quod
2797 1814 2918 1863 erat
2940 1823 3007 1863 ex
3033 1807 3275 1878 Virgine,
3306 1808 3500 1863 fuisse:

242 1893 505 1966 Χριστοῦ·
545 1897 828 1967 μονονουχὶ
872 1897 930 1951 δὲ
970 1897 1067 1951 καὶ
1107 1896 1410 1969 ἐκρύπτετο
1469 1900 1720 1971 καθάπερ
1765 1902 1823 1954 ὲν

1940 1896 2267 1967 .mputribile
2313 1913 2551 1969 namque
2604 1913 2669 1953 ac
2701 1899 3001 1969 pretiosum
3029 1906 3114 1954 est
3145 1898 3351 1954 Christi
3383 1914 3510 1954 cor-

243 1983 399 2048 τάξει
420 1985 932 2057 καταπετάσματος,
960 1986 1061 2060 τὴν
1078 1986 1256 2060 σάρκα
1271 1987 1471 2043 λαϐών·
1487 1988 1824 2060 κρύπτεσθαι

1940 2002 2064 2055 ius:
2114 1995 2279 2057 atque
2323 1996 2582 2058 suscepta
2642 2004 2829 2054 carne,
2888 1996 3151 2059 tanquam
3203 1990 3330 2044 velo
3376 2004 3513 2059 quo-—

244 2076 300 2129 δέ
336 2093 523 2146 φαμεν
552 2077 642 2130 τὸν
664 2079 729 2131 ὲκ
757 2077 892 2132 Θεοῦ
933 2080 1128 2150 Λόγον,
1176 2081 1275 2152 οὐχ
1304 2081 1381 2145 ὠς
1407 2082 1466 2137 tv
1503 2082 1696 2154 βραχεῖ
1726 2099 1824 2136 πε-

1940 2076 2049 2131 lam
2106 2077 2504 2147 propemodum
2551 2078 2863 2135 occultari:
2905 2080 3173 2135 occultari
3214 2088 3398 2135 autem
3425 2080 3512 2135 di-

244 2167 595 2239 ριορισθέντα
639 2167 873 2239 σώματι·
926 2171 1172 2243 πανταχῆ
1202 2171 1311 2242 γάρ
1356 2172 1447 2227 καὶ
1495 2173 1555 2225 tv
1595 2173 1759 2224 πᾶσιν
1796 2175 1825 2226 ὁ

1940 2168 2100 2224 :imus
2127 2167 2263 2222 illud
2289 2184 2357 2223 ex
2402 2169 2514 2224 Deo
2553 2169 2816 2236 Verbum,
2853 2186 2966 2225 non
2998 2170 3149 2242 quod
3178 2172 3363 2243 exigui
3386 2186 3513 2226 cor—

243 2260 395 2325 Υίός⁸
425 2260 566 2315 ἀλλὰ
607 2261 686 2333 τῷ
725 2262 1007 2320 λανθάνειν
1048 2266 1429 2336 οἰκονομικῶς,
1463 2267 1557 2319 καὶ
1597 2264 1689 2317 τὸν
1723 2265 1824 2335 τῆς

1940 2261 2077 2329 poris
2136 2259 2391 2315 terminis
2448 2258 2773 2315 deﬁniretur
2859 2261 3100 2334 (ubique
3160 2264 3308 2318 enim
3357 2272 3415 2317 et
3459 2263 3517 2318 in

244 2350 574 2417 ἀναδείξεως
624 2353 920 2424 ὑπομένειν
971 2355 1182 2426 καιρόν.
1231 2356 1578 2422 Ἀναδείξεως
1628 2358 1686 2411 δὲ
1730 2357 1827 2427 τῆς

1940 2352 2183 2407 imnibus
2203 2359 2289 2408 est
2317 2350 2532 2424 Filius),
2560 2352 2658 2407 sed
2674 2353 2822 2423 quod
2854 2352 3281 2424 dispensationis
3303 2354 3518 2409 ratione

245 2445 326 2508 είς
366 2443 610 2509 ἅπαντας
637 2446 666 2498 ό
694 2446 909 2518 καιρὸς,
955 2449 988 2519 ἡ
1025 2449 1088 2501 ὲκ
1106 2448 1314 2519 νεκρῶν
1363 2449 1676 2514 άναϐίωσις.
1715 2450 1829 2522 Πρὸ

1940 2450 2144 2509 lateret,
2189 2452 2247 2499 et
2293 2442 2684 2499 declarationis
2744 2453 2963 2515 tempus
3012 2451 3378 2514 exspectaret.
3409 2444 3517 2500 De—

249 2537 354 2608 μὲν
394 2535 505 2608 γὰρ
534 2535 630 2590 τοῦ
673 2537 858 2609 τιμίου
908 2537 1168 2611 σταυροῦ,
1198 2541 1313 2602 τοῖς
1342 2539 1519 2607 ἁγίοις
1562 2540 1828 2595 ἐπέταττε

1940 2535 2252 2591 clarationis
2290 2544 2473 2592 autem
2508 2543 2743 2607 tempus,
2771 2551 2882 2606 quo
2907 2545 3025 2593 erat
3047 2536 3305 2592 omnibus
3330 2544 3518 2593 osten-

248 2628 545 2701 μαθηταῖς,
577 2630 666 2685 ἴνα
696 2631 770 2701 μὴ
798 2631 1033 2702 φανερὸν
1067 2631 1229 2685 αὐτὸν
1264 2632 1483 2687 ποιῶσι.
1514 2632 1831 2704 Γέγραπται

1940 2630 2171 2695 dendus,
2196 2630 2334 2686 illud
2362 2630 2487 2696 fuit,
2516 2646 2641 2685 cum
2667 2645 2698 2685 a
2721 2631 2955 2685 mortuis
2981 2629 3180 2685 revixit
3206 2648 3217 2683 :
3242 2644 3368 2684 nam
3393 2638 3520 2685 ante

248 2718 362 2790 γὰρ
384 2718 505 2772 ὡδί.
534 2720 689 2773 Μετὰ
714 2720 770 2773 δέ
792 2737 857 2790 γε
887 2720 949 2774 τὸ
979 2721 1276 2775 ἀναϐιῶναι
1320 2721 1558 2777 παθόντα
1615 2723 1707 2777 τὸν
1737 2723 1834 2779 θά-

1940 2722 2228 2793 pretiosam
2258 2722 2408 2777 illam
2429 2738 2651 2778 crucem
2692 2721 2898 2778 sanctis
2925 2722 3038 2778 suis
3065 2722 3352 2793 discipulis
3377 2738 3521 2792 prte-

247 2822 432 2872 νατον,
464 2826 482 2859 ι
533 2807 899 2879 Πορευθέντες
917 2847 932 2874 ,
960 2810 1112 2879 φησι,
1153 2807 1532 2879 μαθητεύσατε
1561 2810 1739 2862 πάντα
1764 2808 1834 2863 τὰ

1940 2813 2102 2884 cepit,
2125 2829 2194 2869 ne
2217 2829 2275 2870 se
2296 2814 2644 2869 manifestum
2670 2813 2915 2869 facerent
2940 2830 2955 2881 ;
2977 2814 3058 2869 sic
3079 2813 3228 2869 enim
3254 2813 3545 2884 scriptum.
3644 2799 3647 2801 ’

249 2896 403 2968 ἔθνη,
430 2897 779 2969 βαπτίζοντες
829 2899 1023 2964 αὐτοὺς
1046 2901 1127 2963 εἰς
1171 2899 1231 2952 τὸ
1261 2901 1430 2971 ὄνομα
1471 2899 1563 2954 τοῦ
1602 2900 1833 2970 Πατρὸς,

1940 2915 2023 2962 est
2062 2906 2127 2959 ".
2159 2907 2353 2962 Postea
2393 2921 2525 2962 vero
2558 2922 2722 2976 quam
2745 2912 2979 2962 mortem
3013 2906 3244 2977 pertulit
3286 2920 3351 2961 ac
3380 2904 3524 2960 revi-

251 2991 352 3044 καὶ
374 2990 469 3043 τοῦ
506 2989 656 3055 Υίοῦ,
675 2992 768 3044 καὶ
797 2990 888 3045 τοῦ
911 2991 1068 3060 ἁγίου
1098 2990 1238 3045 Πνεύ
1247 3007 1434 3061 ματος.
1468 3009 1487 3044 ι
1510 2991 1719 3046 Οὐκοῦν
1739 2993 1836 3045 ἑπ-

1940 2997 2056 3077 ιίιε,
2101 3015 2119 3048 ι
2154 2997 2386 3064 Euntes,
2426 2997 2631 3068 inquit,
2657 2998 2851 3055 docete
2882 3013 3076 3054 omnes
3100 3000 3310 3068 gentes,
3339 2996 3522 3068 bapti-

249 3082 531 3154 εκρέματο
562 3083 663 3154 μὲν
682 3086 796 3148 τοῖς
816 3083 1027 3148 στύλοις
1055 3085 1116 3138 τὸ
1143 3085 1564 3155 καταπέτασμα,
1592 3102 1836 3140 κατακα-

251 3172 462 3228 λύπτον
502 3174 611 3229 ἔσω
639 3175 738 3247 τὴν
780 3175 1031 3241 κιϐωτὸν,
1091 3176 1259 3239 τύπος
1286 3176 1331 3229 δ’
1357 3176 1423 3230 ἂν
1452 3176 1538 3248 εἴη
1571 3176 1831 3248 Χριστοῦ,

251 3267 372 3330 τοῖς
396 3265 508 3321 τῶν
529 3260 699 3336 ἀγίοῖν
732 3267 1134 3339 εὐαγγελιστῶν
1162 3267 1515 3339 κηρύγμασιν
1543 3267 1835 3338 αἰρομένου

253 3375 314 3413 τε
344 3358 504 3429 ὑψοῦ,
542 3361 634 3413 καὶ
662 3361 721 3414 ὲν
765 3359 892 3432 δόξῃ
921 3359 1175 3431 θεότητος
1222 3359 1500 3431 ὁρωμένου
1536 3362 1650 3424 τοῖς
1680 3361 1738 3413 tv
1768 3362 1835 3432 τῇ

254 3452 393 3523 ἁγίᾳ
424 3454 620 3524 σκηνῇ,
653 3451 923 3518 τουτέστι,
941 3452 1007 3522 τῇ
1049 3449 1365 3521 Ἐκκλησία.
1386 3449 1664 3521 Τέσσαρες
1700 3450 1760 3503 δὲ
1787 3451 1836 3503 οί

257 3543 466 3609 στύλοι,
494 3544 687 3615 χρυσοῖ
731 3544 826 3597 καὶ
852 3542 1233 3614 περιάργυροι·
1276 3540 1625 3612 ἰσάριθμοιδὲ
1654 3540 1839 3602 αὐτοῖς

254 3639 306 3692 oi
327 3636 738 3707 εὐαγγελισταὶ,
764 3635 1008 3707 λαμπροί
1022 3650 1081 3687 τε
1104 3635 1197 3688 καὶ
1211 3633 1401 3705 τίμιοι.
1431 3630 1641 3687 Οὔκοῦν
1662 3631 1840 3687 ἔκειτο

258 3729 365 3799 μὲν
388 3729 421 3797 ἡ
456 3726 705 3792 κιϐωτὸς,
745 3725 954 3781 ἄνωθεν
1015 3724 1072 3779 δὲ
1113 3724 1264 3779 κάτω
1289 3723 1477 3793 διῆκον
1511 3723 1573 3776 τὸ
1602 3722 1841 3777 καταπέ-

255 3835 473 3889 τασμα,
501 3818 560 3873 τὸ
586 3820 652 3872 ὲκ
685 3816 888 3888 βύσσου
915 3815 1011 3871 καὶ
1050 3813 1336 3887 πορφύρας
1364 3813 1461 3867 καὶ
1490 3813 1597 3867 τῶν
1641 3812 1839 3877 ἄλλων,

257 3912 365 3982 οὐχ
394 3909 601 3982 ὁρατὴν
631 3909 820 3964 ἐτίθει.
855 3907 1097 3962 Ἀνωθεν
1134 3906 1192 3959 δὲ
1215 3904 1310 3959 τοῦ
1350 3905 1842 3974 καταπετάσματος

259 4006 363 4058 καὶ
386 4001 497 4057 τῶν
530 4002 611 4067 είς
639 4000 791 4069 δεξιά
811 4018 871 4054 τε
912 4001 1006 4056 καὶ
1036 3999 1292 4070 εὐώνυμα
1333 3996 1637 4070 Χερουϐὶμ,
1676 3997 1843 4068 ἐχρη-

263 4093 466 4166 μάτιζε
494 4094 649 4157 Θεὸς,
671 4092 886 4157 δεικνὺς
906 4093 989 4148 ὅτι
1009 4093 1100 4146 καί⁸
1128 4091 1269 4163 ὑπὲρ
1285 4091 1467 4144 πᾶσαν
1484 4089 1666 4142 κτίσιν
1695 4086 1836 4140 ἐστί·

260 4189 362 4244 καὶ
389 4186 532 4241 αύτὰ
569 4187 628 4241 δὲ
671 4187 850 4241 πάντα
874 4186 942 4239 τὰ
975 4186 1083 4239 τῶν
1107 4182 1341 4253 λογικῶν
1372 4180 1656 4251 ἀνωτάτω,
1685 4196 1844 4234 τουτ-

261 4281 384 4334 έστι
429 4279 502 4333 τὰ
547 4279 819 4350 Σεραφὶμ,
863 4278 963 4349 τὴν
996 4277 1146 4331 θείαν
1206 4292 1267 4328 τε
1298 4275 1395 4329 καὶ
1426 4274 1667 4347 ἄρρητον
1710 4273 1845 4326 ὑποο

262 4370 505 4441 κάθηται
538 4369 718 4435 δόξαν,
744 4369 842 4423 καὶ
871 4368 1033 4438 αὑτὸν
1052 4365 1459 4440 δορυφοροῦντα
1488 4365 1580 4419 τὸν
1610 4363 1760 4427 Υίὸν,
1794 4364 1843 4415 εί

1862 3111 1909 3176 ο
1941 3097 2130 3144 zantes
2159 3104 2256 3145 eos
2280 3089 2337 3144 in
2358 3089 2580 3145 nomine
2605 3089 2803 3153 Patris,
2823 3097 2881 3145 et
2903 3088 3055 3155 Filii,
3079 3096 3136 3143 et
3152 3087 3389 3158 Spiritus
3400 3104 3524 3144 sanu-

1938 3180 2012 3236 cti
2040 3179 2103 3234 “.
2139 3199 2159 3232 ›
2189 3179 2361 3250 [gitur
2384 3195 2712 3251 suspensum
2736 3185 2858 3235 erat
2880 3178 2950 3235 de
2976 3178 3249 3235 columnis
3273 3178 3542 3241 velamen.

1938 3272 2095 3337 illud,
2149 3271 2298 3341 quod
2343 3286 2528 3326 arcam
2579 3270 2813 3326 interius
2859 3269 3193 3336 occultabat,
3249 3285 3315 3325 ac
3353 3269 3548 3341 ﬁgura,

1936 3363 2144 3420 Christi
2186 3371 2326 3428 erat,
2356 3362 2450 3433 qui
2483 3370 2798 3418 sanctorum
2823 3360 3288 3432 evangelistarum
3322 3360 3524 3431 praedi-

1938 3456 2152 3512 catione
2198 3455 2256 3510 in
2303 3454 2537 3510 sublime
2580 3452 2813 3512 tollitur,
2840 3461 2897 3508 et
2938 3452 3008 3507 ab
3055 3451 3142 3515 iis,
3177 3451 3435 3522 quisunt
3468 3452 3553 3513 in,

1942 3547 2313 3613 tabernaculo,
2332 3547 2387 3601 in
2403 3553 2590 3602 sancta
2600 3545 2862 3601 nimirum
2874 3545 3135 3611 Ecclesia,
3156 3545 3211 3599 in
3221 3542 3526 3605 divinitatis
3549 3593 3558 3601 .

1940 3641 2112 3713 gloria
2133 3641 2371 3696 videtur.
2420 3638 2667 3707 Quatuor
2693 3647 2877 3696 autem
2907 3647 3038 3697 sunt
3062 3639 3339 3695 deaurata
3363 3637 3526 3697 dear-

1940 3742 2281 3806 gentemque
2329 3734 2637 3800 columnae;
2681 3732 2910 3788 totidem
2958 3732 3306 3804 evangelistae
3332 3771 3347 3797 ,
3395 3730 3527 3786 clari

1943 3826 2106 3882 simul
2131 3841 2196 3881 ac
2224 3825 2470 3897 pretiOsi.
2518 3825 2703 3880 Posita
2753 3833 2885 3881 erat,
2900 3825 3066 3896 igitur
3088 3840 3218 3882 arca
3248 3841 3261 3877 :
3289 3838 3530 3893 superne

1942 3925 2127 3972 autem
2173 3917 2424 3973 velamen
2466 3916 2726 3973 deorsum
2765 3933 2939 3988 usque
2963 3918 3251 3987 pertinens
3273 3932 3341 3972 ex
3364 3916 3528 3987 bysso.

1942 4016 2000 4065 et
2048 4023 2295 4077 purpura
2321 4014 2627 4078 caeteraque
2660 4008 2889 4062 materia
2918 4006 3230 4063 confectum
3254 4021 3365 4060 non
3385 4006 3530 4060 sine-

1944 4098 2039 4155 bat
2080 4107 2142 4153 ut
2183 4114 2248 4154 ea
2291 4098 2578 4155 videretur
2608 4115 2621 4152 :
2656 4113 2823 4168 supra
2845 4098 3028 4153 velum
3053 4106 3260 4164 autem,
3280 4106 3337 4152 et
3362 4113 3528 4168 supra

1943 4189 2242 4246 Cherubim
2301 4203 2425 4259 qua:
2469 4204 2500 4243 a
2542 4188 2736 4243 dextra
2780 4188 3023 4258 laevaque
3061 4195 3238 4255 erant,
3266 4204 3529 4260 responsa

1945 4282 2111 4337 dabat
2154 4281 2321 4345 Deus,
2364 4278 2663 4337 ostendens
2698 4294 2758 4335 se
2794 4287 2852 4334 et
2876 4295 3043 4350 supra
3064 4295 3282 4336 omnem
3315 4288 3530 4337 creatu-

1948 4387 2066 4427 ram
2091 4386 2234 4437 esse,
2273 4378 2330 4426 et
2367 4370 2483 4440 ipsa
2507 4385 2727 4441 quoque
2750 4369 3061 4441 Seraphim,
3089 4386 3211 4441 qua:
3233 4378 3362 4427 sunt
3385 4371 3529 4447 inter

264 4464 365 4518 κού⁵
391 4465 588 4533 γέγονε
632 4460 792 4534 σὰρξ,
825 4462 920 4515 καὶ
965 4460 1041 4522 ὡς
1069 4462 1129 4515 tv
1160 4459 1351 4530 ὑφέσει
1379 4457 1540 4528 τυχὸν
1569 4457 1667 4529 τῆς
1709 4455 1836 4526 πρὸς

1950 4463 2246 4520 rationales
2285 4468 2570 4519 creaturas
2590 4461 3061 4532 prastantissima,
3088 4477 3209 4517 esse
3231 4462 3414 4517 divina
3438 4464 3529 4517 illa

263 4558 360 4610 τὸν
393 4556 616 4627 Πατέρα
647 4556 914 4628 ἰσότητος,
938 4553 1080 4608 καθὸ
1109 4553 1352 4623 πέφυκεν
1381 4551 1692 4622 ἄνθρωπος.
1724 4550 1849 4602 Τομ-

264 4647 463 4719 γάρτοι
489 4648 585 4700 καὶ
607 4645 844 4715 ἔφασκεν
859 4643 1069 4707 αύτόςΊ
1091 4642 1149 4696 ’0
1170 4642 1321 4713 Πατή
1330 4660 1361 4713 ρ
1392 4658 1501 4711 μου,
1526 4638 1729 4710 μείζων
1748 4636 1848 4708 μού

264 4741 436 4793 ἐστιν.
481 4757 502 4791 ι
534 4735 686 4802 Ἶσος
709 4738 767 4791 δὲ
797 4735 874 4791 ὢν
911 4736 1054 4791 κατὰ
1079 4735 1241 4806 φύσιν
1278 4733 1357 4806 τῷ
1384 4732 1761 4804 γεγεννηκότι,
1790 4730 1852 4784 τὸ

263 4831 325 4883 tv
358 4830 544 4901 μείοσι
584 4829 837 4899 γενέσθαι
866 4828 1000 4899 φησὶ
1067 4827 1156 4881 διὰ
1200 4826 1359 4897 μόνον
1398 4826 1461 4879 τὸ
1491 4823 1849 4897 ἀνθρώπινον.

263 4918 369 4973 Διὰ
398 4919 560 4974 τοῦτο
586 4920 683 4974 καὶ
712 4920 768 4972 tv
797 4920 865 4990 τῇ
900 4918 1032 4990 ἁγίᾳ
1054 4920 1251 4988 σκηνῇ,
1275 4914 1459 4986 κύκλῳ
1494 4914 1591 4985 μὲν
1621 4911 1714 4966 τοῦ
1748 4928 1849 4965 κα-

263 5013 716 5083 ταπετάσματος,
751 5011 820 5065 τὰ
860 5009 1166 5083 Χερουϐὶμ,
1206 5008 1301 5062 καὶ
1335 5005 1472 5061 αὐτὰ
1497 5005 1572 5069 ὡς
1598 5004 1731 5057 Θεὸν
1764 5004 1847 5056 δο-

269 5106 621 5178 ρυφοροῦντα
652 5104 742 5157 τὸν
766 5103 916 5158 Υἱόν.
941 5101 1052 5156 Καὶ⁵
1078 5100 1187 5172 μὴν
1233 5099 1327 5153 καὶ
1359 5098 1524 5153 αὑτοῦ
1557 5096 1650 5150 τοῦ
1678 5113 1848 5150 κατα-

267 5199 624 5270 πετάσματος
652 5196 880 5261 ἄνωθεν,
902 5195 931 5249 ὃ
950 5191 1018 5266 ἦν
1047 5194 1127 5256 εἰς
1148 5192 1318 5245 τύπον
1350 5190 1611 5262 Χριστοῦ,
1646 5192 1848 5243 νοεῖται

266 5290 427 5354 Θεός.
450 5310 468 5341 ι
490 5290 602 5343 Καὶ
623 5286 1008 5359 γνωσθήσομαι
1040 5305 1058 5337 ι
1096 5285 1225 5357 γὰρ,
1242 5285 1425 5354 φησὶν,
1461 5301 1479 5333 ι
1506 5281 1734 5347 ἐκεῖθεν,
1758 5283 1852 5335 καὶ

264 5383 494 5455 λαλήσω
517 5401 618 5437 σοι.
636 5402 654 5434 ι
675 5383 963 5437 Ἐπέκεινα
982 5381 1093 5452 γὰρ
1126 5380 1308 5449 πάσης
1331 5377 1560 5440 κτίσεως
1590 5377 1617 5428 ὁ
1639 5374 1848 5445 Πατὴρ,

268 5477 371 5531 καὶ
409 5475 576 5530 αὐτοῦ
628 5474 724 5531 τοῦ
767 5473 1140 5547 Ἐμμανουὴλ,
1191 5472 1251 5526 ού
1292 5469 1413 5524 καθ’
1441 5469 1469 5522 ὃ
1517 5471 1719 5522 νοεῖται
1759 5466 1852 5520 καὶ

268 5566 394 5619 ἔστι
427 5566 576 5631 Θεός·
608 5563 727 5631 ἶσος
761 5567 868 5637 γάρ
903 5567 1018 5619 ἐστι
1047 5562 1189 5618 κατὰ
1215 5562 1390 5620 πάντα
1408 5561 1557 5632 Θεῷο
1590 5558 1706 5612 ἀλλ’
1728 5559 1851 5611 ὅσον

1946 4563 2111 4625 atque
2162 4552 2428 4611 ineffabili
2474 4552 2647 4625 gloria
2693 4551 2991 4616 inferiora,
3055 4552 3358 4622 stiparique
3423 4552 3530 4607 illis

1947 4648 2130 4718 ipsum
2179 4647 2401 4712 Filium,
2453 4645 2705 4716 quamvis
2745 4643 2818 4700 sit
2853 4659 2980 4699 caro
3008 4643 3205 4709 factus,
3230 4651 3287 4703 et
3309 4659 3416 4713 qua
3440 4659 3528 4696 ra-

1950 4740 2101 4795 tione
2124 4724 2289 4795 homo
2311 4746 2416 4802 est,
2442 4738 2622 4793 Patris
2643 4738 2953 4806 aequalitate
2977 4735 3302 4793 submissior
3330 4752 3344 4801 ;
3373 4735 3527 4789 ideo-

1950 4844 2057 4899 que
2103 4828 2218 4897 ipse
2264 4826 2505 4890 dicebat,
2553 4825 2715 4894 335
2770 4825 2977 4879 «Pater
3022 4838 3180 4878 meus
3233 4822 3409 4892 major
3442 4836 3530 4874 me

1952 4926 2038 4974 est
2082 4917 2146 4970 ".
2184 4935 2205 4968 ι
2232 4914 2369 4970 Cum
2413 4929 2544 4969 vero
2585 4913 2658 4968 sit
2685 4913 2930 4969 Cenitori
2953 4911 3255 4968 secundum
3278 4918 3530 4965 naturam

1953 5026 2071 5081 par,
2110 5008 2379 5062 minorem
2428 5021 2488 5062 se
2510 5021 2630 5062 esse
2652 5004 2788 5061 dicit
2810 5013 3036 5076 propter
3069 5004 3365 5058 humanam
3385 5002 3531 5057 dun-

1955 5108 2103 5157 taxat
2157 5108 2430 5155 naturam.
2480 5098 2562 5155 0b
2606 5114 2729 5155 eam
2774 5112 2994 5154 causam
3040 5096 3097 5151 in
3131 5109 3288 5152 sacro
3313 5111 3532 5167 quoquc

1955 5190 2305 5246 tabernaculo
2342 5190 2399 5244 in
2450 5189 2687 5244 circuitu
2723 5185 3010 5243 velaminis
3030 5193 3188 5242 erant
3210 5184 3529 5244 Cherubin),

1950 5292 2006 5338 et
2057 5283 2173 5352 ipsa
2216 5280 2446 5351 perinde
2488 5296 2553 5335 ac
2596 5280 2640 5335 si
2687 5279 2887 5335 Filium
2930 5289 3191 5349 tanquam
3233 5278 3403 5331 Deum
3431 5290 3531 5328 suo

1953 5374 2212 5430 satellitio
2258 5374 2545 5444 stiparent.
2597 5370 2774 5441 Supra
2809 5372 2987 5440 ipsum
3019 5383 3236 5439 quoque
3261 5366 3527 5425 velamen,

1955 5468 2102 5537 quod
2163 5464 2368 5521 Christi
2424 5464 2651 5537 ﬁguram
2701 5464 2945 5534 gerebat,
2988 5463 3132 5516 Deus
3163 5454 3527 5527 cognoscitur.

1965 5578 1981 5607 ι
2004 5553 2071 5610 Ει
2091 5555 2449 5617 innotescam,
2483 5571 2499 5601 ι
2532 5550 2729 5621 inquit,
2761 5569 2777 5599 ι
2809 5547 2935 5601 inde
2958 5556 3011 5599 ct
3032 5547 3222 5614 loquar
3248 5549 3425 5594 tecum
3451 5555 3466 5594 ς
3496 5552 3519 5588 ι

357 5747 399 5778 ⁵²
429 5746 592 5801 Hebr.
618 5744 777 5814 x,‘20.
822 5744 1099 5819 ΛῖῆΜιιιιιι.
1143 5760 1235 5811 xu.
1273 5742 1352 5798 16.
1432 5741 1472 5774 ’⁸⁵
1506 5740 1693 5795 Matth.
1720 5756 1836 5797 XXVI

1940 5739 2011 5805 l9,
2042 5735 2130 5790 '20.
2211 5733 2250 5765 ³⁵
2285 5733 2442 5788 Ιδιιιι.
2486 5744 2592 5794 ςιγ,
2618 5726 2708 5779 9.8.
