3996 6212
376 340 481 396 665

1403 325 1459 377 S.
1500 319 1778 377 CYRILLI
1815 313 2287 373 ALEXANDRINI
2330 313 2648 370 ARCHIEP.

3540 312 3647 368 664

376 468 502 509 nam
534 459 734 523 praeter
777 446 997 503 omnem
1043 451 1351 499 creaturam
1392 448 1479 494 est
1526 438 1710 502 Pater,
1758 443 1957 506 praeter

2075 428 2190 506 ἧκεν
2229 434 2310 498 εἰς
2336 430 2524 485 δούλου
2570 428 2808 503 μορφὴν,
2841 431 2935 484 καὶ
2973 431 3052 495 είς
3091 429 3513 502 ἀνθρωπότητος
3549 428 3655 501 μέ-

376 546 557 614 ipsum
603 553 822 611 quoque
863 533 1207 598 Emmanuel,
1254 546 1366 586 non
1403 545 1469 585 ea
1501 528 1714 583 ratione
1766 541 1875 596 qua
1900 533 1956 580 et

2060 541 2210 596 τρον.

374 611 459 693 est
487 644 545 690 et
565 631 912 705 cognoscitur
941 628 1115 683 Deus:
1140 640 1269 679 nam
1300 621 1528 692 aaqualis
1549 628 1645 675 est‘
1657 634 1756 689 per
1778 615 1962 673 omnia
1993 615 2106 672 Deo
2131 633 2145 669 :
2173 614 2269 672 sed
2308 630 2376 671 ex
2414 629 2478 670 ea
2502 619 2679 684 parte,
2706 628 2829 684 qua:
2878 613 2945 671 ad
2970 613 3119 669 servi
3170 611 3403 669 formam
3439 619 3495 670 et
3541 612 3655 667 hu-

375 727 657 787 manitatis
685 737 999 781 mensuram
1022 719 1282 792 pertinet.

449 822 648 880 PALL.
673 818 904 877 Subtilis
934 831 1065 872 sane
1098 823 1154 868 et
1176 810 1458 868 recondita
1488 807 1779 879 expositio.

443 916 602 974 CYR.
630 911 739 968 Sed
769 919 954 966 tamen
978 921 1091 962 non
1112 904 1331 961 aberrat
1356 917 1388 957 a
1409 901 1711 972 proposito.

444 1006 645 1065 PALL.
669 1004 889 1060 Fateor.

443 1099 603 1157 CYR.
647 1097 789 1151 Area
838 1091 1006 1163 igitur
1049 1088 1119 1143 ad
1164 1087 1315 1142 hunc
1360 1084 1585 1140 modum
1629 1082 1950 1154 composita,

2127 805 2336 858 ΠΑΛΔ.
2385 803 2475 868 Ὠς
2504 803 2702 866 λεπτὸς
2731 803 2760 855 ὀ
2785 803 2943 871 λόγος
2972 803 3069 857 καὶ
3102 800 3291 871 βαθύς.

2124 897 2291 949 ΚΥΡ.
2326 896 2592 966 Ἔρχεται
2617 894 2674 947 δὲ
2702 894 2852 965 ὅμως
2881 894 2982 948 οὐκ
3010 894 3118 948 ἀπὸ
3144 894 3373 949 σκοποῦ.

2127 988 2338 1043 ΠΑΛΛ.
2375 986 2662 1057 Σύμφημι.

2120 1077 2286 1132 ΚΥΡ.
2327 1076 2588 1149 Ἐχούσης
2618 1077 2675 1130 δὲ
2703 1071 2807 1131 ὦδε
2838 1077 2938 1147 τῆς
2973 1077 3233 1143 κιϐωτοῦ,
3259 1098 3279 1131 ι
3297 1078 3410 1133 Καὶ
3431 1077 3648 1149 θήσεις,

385 1214 403 1246 ι
431 1193 630 1255 Poncs,
659 1208 678 1241 ι
733 1184 933 1255 inquit,
994 1202 1014 1235 ι
1045 1183 1214 1237 altare
1253 1193 1480 1235 aureum
1521 1175 1590 1232 ad
1622 1174 1952 1230 adolendum

2075 1167 2206 1239 mal,
2245 1164 2308 1219 τὸ
2362 1165 2747 1237 θυσιαστήριον
2791 1165 2855 1220 τὸ
2888 1166 3124 1237 χρυσοῦν
3180 1169 3263 1232 είς
3308 1167 3371 1221 τδ
3440 1165 3650 1239 θυμιᾷν

376 1291 572 1340 contra
595 1294 799 1335 arcam.
839 1296 859 1329 ι
885 1275 1064 1346 Atque
1097 1273 1377 1330 Christum
1416 1269 1641 1340 quidem
1664 1265 1957 1339 signiﬁcari

2075 1258 2298 1314 ιναντίον
2325 1258 2426 1329 τῆς
2456 1257 2714 1312 κιϐωτοῦ.
2745 1276 2765 1310 ι
2800 1258 2911 1311 Καὶ
2938 1257 3175 1329 Χριστὸς
3197 1259 3294 1329 μὲν
3323 1259 3407 1313 ὅτι
3433 1259 3495 1314 τὸ
3543 1259 3650 1312 θυ-

377 1373 539 1441 aLtari
562 1372 657 1426 illo
685 1384 875 1435 aureo,
909 1367 1043 1423 satis
1066 1365 1273 1422 dictum
1297 1379 1328 1417 a
1351 1362 1511 1418 nobis
1531 1369 1686 1432 puto.
1712 1358 1958 1414 Positum

377 1475 462 1521 est
492 1471 675 1519 autem
699 1468 891 1518 contra
916 1472 1119 1523 arcam,
1165 1470 1330 1526 supra
1356 1467 1521 1524 quam
1545 1459 1663 1506 erat
1687 1449 1957 1514 velamen,

378 1558 437 1612 in
482 1555 642 1628 cujus
676 1552 914 1609 circuitu
959 1537 1453 1618 erant-Seraphim,
1489 1545 1627 1599 etin
1652 1541 1963 1598 summitate

2057 1349 2374 1421 σιαστήριόν
2399 1350 2516 1404 ἐστι
2550 1350 2611 1403 τὸ
2642 1350 2900 1422 χρυσοῦν,
2945 1350 3186 1423 διαρκῶς
3214 1352 3345 1422 ἡμῖν
3387 1352 3646 1425 εἰρῆσθαι

2057 1441 2218 1497 δοκῶ.
2254 1441 2503 1531 Τέθειταί
2540 1459 2605 1512 γε
2640 1443 2748 1514 μὴν
2786 1444 3047 1498 ἀπέναντι
3069 1444 3171 1514 τῆς
3201 1444 3458 1508 κιϐωτοῦ,
3490 1446 3576 1514 ἐφ’

2060 1534 2122 1588 τὸ
2145 1534 2563 1605 καταπέτασμα,
2597 1534 2692 1588 καὶ
2720 1533 2906 1606 κύκλῳ
2941 1534 3012 1587 τὰ
3050 1534 3326 1605 Σεραφὶμ,
3361 1536 3455 1589 καὶ
3496 1537 3650 1589 ἀνω-

377 1623 834 1719 Βειιείιειηιιιιαιιι
858 1645 1007 1701 illius
1035 1639 1359 1699 Emmanuel
1399 1637 1733 1709 singularem
1774 1633 1961 1689 odoris

2075 1624 2382 1719 τέριορεὸς,
2400 1625 2563 1678 οἱονεὶ¹
2584 1624 2873 1696 δεχόμενος
2893 1624 2993 1696 τὴν
3011 1623 3398 1696 ἀπαράόλητον
3413 1624 3650 1680 εὐωδίαν

379 1697 543 1716 νην,
578 1697 834 1719 ---Ἴ-η
859 1697 1002 1701 ______
1036 1697 1076 1699 _
1489 1697 1518 1709 ν

379 1744 707 1801 suavitatem
749 1738 1067 1809 exciperet:
1115 1748 1297 1804 neque
1324 1731 1471 1787 enim
1494 1736 1779 1800 peccatum
1804 1725 1956 1791 fecit,

2075 1715 2153 1770 τοῦ
2176 1714 2561 1809 ΫξΕμ-μανοοήλ.
2610 1715 2686 1769 Οὐ
2727 1714 2835 1788 γὰρ
2883 1714 3139 1786 ἐποίησεν
3192 1714 3485 1787 ἁμαρτίαν,
3518 1714 3648 1769 οὐδὲ

379 1848 560 1903 neque
609 1832 866 1887 inventus
896 1834 980 1884 est
1009 1826 1169 1881 dolus
1211 1824 1270 1879 in
1311 1837 1406 1877 ore
1437 1821 1576 1892 ejus,
1617 1827 1679 1874 ut
1697 1818 1961 1887 scriptum

379 1937 465 1984 est
523 1927 608 1981 “:
646 1926 880 1995 ideoque
925 1920 1145 1977 dicebat
1188 1917 1305 1987 ipse
1336 1934 1349 1969 :
1407 1934 1425 1968 ι
1462 1914 1627 1969 Pater
1661 1911 1837 1983 diligit
1869 1910 1960 1964 Fi-

380 2020 517 2074 lium
541 2018 607 2074 ".
648 2037 668 2069 ι
712 2014 936 2085 Accepti
978 2011 1143 2067 etiam
1182 2010 1296 2064 Deo
1343 2021 1444 2061 nos
1466 2005 1569 2076 ipsi
1592 2018 1801 2067 sumus,
1836 2016 1960 2058 cum

380 2109 590 2167 Christi
645 2113 985 2178 unguentum
1042 2102 1391 2159 redoleamus
1427 2114 1442 2165 ;
1478 2097 1633 2166 cujus
1674 2094 1755 2149 rei
1798 2092 1962 2148 iidem

382 2205 516 2261 facit
561 2203 764 2259 Paulus
808 2199 1096 2255 scribens:
1143 2213 1161 2245 ι
1190 2194 1302 2247 Deo
1355 2198 1540 2244 autem
1598 2186 1817 2257 gratias,
1868 2183 1963 2254 qui

383 2309 602 2365 semper
647 2289 951 2361 triumphat
980 2301 1081 2342 nos
1119 2284 1177 2339 in
1199 2280 1442 2344 Christo,
1491 2286 1547 2333 et
1571 2276 1803 2331 odorem
1824 2274 1968 2329 noti-

385 2389 476 2445 tia:
510 2402 623 2442 suae
651 2382 965 2440 manifestat
987 2394 1087 2451 per
1107 2390 1227 2443 nos,
1252 2374 1382 2445 quia
1399 2370 1604 2428 Christi
1629 2369 1807 2425 bonus
1828 2367 1970 2424 odor

385 2495 578 2536 sumus
598 2479 712 2533 Deo
743 2475 810 2532 “.
844 2493 864 2527 ι
1050 2503 1084 2535 η

458 2570 656 2628 PALL.
683 2569 855 2624 Recte
878 2581 1029 2622 sane.

457 2663 617 2720 CYR.
666 2659 823 2727 Quod
857 2658 903 2712 si
925 2659 981 2713 in
1017 2671 1103 2721 ea,
1143 2668 1269 2726 quae
1299 2652 1501 2724 scripta
1526 2658 1675 2714 sunt,
1712 2654 1965 2705 accurate

390 2752 559 2809 animi
596 2750 770 2806 aciem
804 2746 1221 2811 intenderimus,
1257 2743 1394 2799 illud
1423 2741 1752 2806 videbimus,
1782 2751 1967 2793 arcam

390 2841 612 2913 quidem
653 2839 710 2894 in
738 2840 911 2894 latere
941 2834 1279 2891 tabernaculi
1327 2833 1474 2904 quod
1506 2832 1576 2887 ad
1603 2845 1859 2887 occasum
1883 2842 1969 2883 re-

392 2925 678 3003 Spiciebat,
701 2929 871 2985 fuisse
897 2928 1217 2984 collocatam
1251 2966 1266 2991 ,
1290 2930 1347 2979 et
1370 2931 1562 2978 contra
1590 2935 1711 2976 eam
1737 2932 1969 2974 aureum

2060 1807 2256 1880 εὑρέθη
2291 1807 2440 1871 δόλος
2472 1809 2529 1861 ὲν
2564 1807 2642 1878 τῷ
2669 1807 2897 1876 στόματι
2926 1805 3111 1874 αὑτοῦ,
3138 1806 3283 1861 καθά
3310 1806 3645 1878 τέγραπταν

2060 1900 2338 1972 τοιγάρτοι
2365 1900 2461 1954 καὶ
2481 1898 2722 1970 ἔφασκεν
2746 1897 2926 1963 αὐτὸς,
2964 1915 2983 1949 ι
3026 1897 3086 1952 '0
3114 1897 3302 1969 Πατὴρ
3339 1894 3532 1967 ἀγαπᾷ
3553 1892 3650 1950 τὸν

2062 1990 2211 2045 Υίὸν.
2238 2008 2257 2042 ι
2277 1988 2465 2043 Δεκτοὶ
2490 1988 2547 2041 δὲ
2575 1987 2653 2059 τῷ
2671 1986 2790 2058 Θεῷ
2811 1986 2907 2041 καὶ
2934 1988 3094 2058 ἡμεῖς
3123 1987 3296 2049 αὐτοὶ,
3320 1985 3383 2039 τὸ
3405 1982 3652 2056 Χριστοῦ

2068 2081 2239 2154 μύρον
2280 2081 2684 2146 εὐωδιάζοντες.
2728 2078 3067 2134 Πιστώσεται
3115 2074 3174 2133 δὲ
3214 2079 3312 2133 καὶ
3353 2080 3383 2132 ὁ
3432 2077 3655 2143 Παῦλος

2063 2176 2291 2244 γράφων
2319 2189 2333 2205 ο
2372 2192 2390 2225 ι
2418 2172 2509 2244 Τῷ
2554 2172 2612 2226 δὲ
2656 2170 2776 2242 Θεῷ
2816 2171 2975 2242 χάρις
3031 2169 3110 2241 τῷ
3158 2169 3392 2224 πάντοτε
3441 2168 3652 2240 θριαμ-

2065 2263 2276 2318 ϐεύοντι
2308 2264 2455 2335 ἡμᾶς
2482 2257 2643 2334 ἐν’τῷ
2677 2259 2917 2334 Χριστῷ,
2950 2261 3045 2315 καὶ
3069 2258 3167 2332 τὴν
3186 2258 3361 2330 ὀσμὴν
3380 2257 3482 2329 τῆς
3499 2256 3651 2326 γνώο

2067 2372 2205 2419 σεως
2236 2354 2402 2409 αὐτοῦ
2438 2352 2758 2427 φανεροῦντι
2783 2353 2851 2407 δι’
2884 2353 3056 2425 ἡμᾶς,
3077 2352 3159 2406 ὃτι
3184 2349 3424 2423 Χριστοῦ
3445 2349 3654 2404 εὐωδία

2068 2449 2235 2519 ἐσμὲν
2267 2448 2346 2519 τῷ
2383 2447 2525 2520 Θεῷ.
2560 2466 2582 2501 ι

2137 2541 2347 2595 ΠΔΛΛ.
2387 2538 2597 2612 Ὀρθῶς
2624 2538 2781 2611 ἔφης.

2138 2633 2304 2687 ΚΥΡ.
2354 2629 2656 2703 Ἐννοῶμεν
2703 2631 2769 2703 δὴ
2819 2623 2914 2686 οὖν
2942 2628 3206 2703 ἀκριδῶς,
3250 2628 3365 2693 τοῖς
3396 2641 3656 2701 γεγραμ-

2070 2724 2253 2796 μένοις
2284 2722 2521 2787 ἐνιέντες
2551 2723 2643 2777 τδν
2673 2722 2973 2796 ὀφθαλμὸν,
3012 2721 3259 2795 ίδρὺσθαι
3288 2722 3387 2793 μὲν
3421 2721 3522 2793 τὴν
3558 2738 3648 2774 κι-

2068 2814 2239 2870 δωτὺν
2266 2814 2328 2868 ὲν
2355 2814 2434 2886 τῷ
2457 2814 2596 2886 πρὸς
2620 2814 2744 2868 λίόα
2792 2815 2886 2869 καὶ
2906 2814 3116 2886 δυσμὰς
3139 2813 3310 2869 κλίτει
3356 2814 3457 2885 τῆς
3483 2811 3653 2881 ἀγίας

2070 2907 2309 2978 σκηνῆς·
2344 2906 2604 2961 ἀπέναντι
2642 2906 2699 2961 δὲ
2742 2908 2912 2979 αὐτῆς
2973 2907 3036 2962 τδ
3067 2905 3302 2979 χρυσοῦν
3347 2905 3650 2976 θυσιαστή-

391 2985 565 3080 altare
614 3022 670 3078 in
707 3021 830 3077 loco
882 3020 977 3091 qui
1032 3017 1102 3073 ad
1148 2985 1417 3072 orientem
1463 3012 1784 3084 spectabat:
1816 3016 1968 3064 ortus

2075 2985 2292 3071 ριον,’ὲν
2315 2997 2392 3070 τῷ
2425 2998 2561 3070 πρὸς
2589 2999 2784 3054 ἀκτῖνα
2823 2999 2993 3070 τόπῳ.
3044 2998 3185 3062 Ἠὼς
3214 2996 3323 3069 γὰρ
3357 2998 3451 3050 καὶ
3494 2994 3653 3059 δόσις

392 3116 543 3171 enim
595 3123 651 3169 et
697 3127 945 3179 occasus,
970 3110 1154 3182 aquilo
1199 3109 1329 3164 item
1352 3115 1410 3163 et
1430 3112 1616 3161 auster
1642 3103 1859 3159 Christo
1879 3116 1970 3157 re-

396 3207 576 3278 pletus
619 3213 724 3261 est.
769 3205 957 3274 Itaque
1003 3199 1393 3257 candelabrum
1425 3196 1493 3253 ad
1516 3203 1767 3251 austrum
1794 3192 1974 3248 taber-

396 3299 579 3356 naculi
634 3299 871 3354 locatum
915 3302 1054 3360 erat,
1085 3308 1273 3348 mensa
1312 3300 1495 3347 autem
1527 3289 1598 3345 ad
1617 3288 1969 3359 aquilonem:

395 3405 631 3464 utroque
673 3406 806 3446 vero
842 3389 1121 3446 Christum
1160 3385 1474 3459 significari,
1513 3384 1674 3454 longa
1704 3383 1815 3453 jam
1844 3395 1973 3435 ora-

397 3487 545 3543 tione
588 3483 1087 3541 demonstravimus
1121 3501 1134 3536 :
1171 3496 1299 3536 nam
1352 3479 1541 3534 iumen
1586 3474 1806 3546 quidem
1852 3486 1973 3527 esse

394 3578 696 3642 Christum,
749 3576 974 3631 lucerna
1031 3573 1274 3629 declarat
1304 3589 1320 3637 ;
1382 3584 1570 3625 mensa
1596 3581 1728 3622 vero
1760 3572 1816 3621 et
1852 3579 1974 3635 qua:

397 3671 456 3724 in
492 3683 557 3723 ea
614 3665 1057 3729 continebantur,
1105 3662 1358 3719 eumdem
1412 3674 1535 3715 esse
1581 3656 1751 3712 vitam
1796 3670 1859 3710 ac
1880 3670 1974 3725 pa-

397 3775 525 3816 nem
556 3758 743 3814 vivum
764 3754 1082 3811 ostendunt.
1108 3752 1249 3808 illud
1281 3760 1463 3806 tamen
1492 3748 1813 3820 mysterium
1844 3762 1975 3802 con-

396 3852 607 3909 sideres
654 3856 819 3920 atque
875 3844 1261 3917 contempleris
1292 3843 1479 3909 velim,
1510 3840 1744 3897 maxime
1770 3839 1839 3895 ad
1869 3854 1971 3893 au-

398 3953 573 3999 strum
629 3954 751 3997 esse
801 3938 1117 3995 Iudaeorum
1149 3934 1448 4006 regionem,
1482 3939 1545 3986 ut
1576 3938 1769 3986 contra
1801 3926 1974 4000 genti-

395 4032 530 4092 lium
573 4032 640 4088 ad
668 4030 1001 4103 aquilonem.
1034 4027 1198 4098 336
1227 4025 1397 4098 Igitur
1426 4039 1494 4079 ex
1519 4022 1805 4092 utriusque
1838 4020 1969 4087 situ,

397 4124 743 4189 candelabri,
789 4123 1034 4192 inquam,
1103 4125 1161 4174 et
1200 4132 1405 4173 mensae
1433 4157 1448 4182 ,
1504 4113 1765 4186 perfacile
1864 4111 1973 4168 erit

395 4214 712 4271 volentibus
760 4211 1086 4282 intelligere,
1137 4208 1342 4265 Iudaeis
1396 4206 1621 4277 quidem
1680 4212 1743 4260 ut
1783 4203 1973 4258 lumen

398 4304 671 4362 cil’ulsisse
714 4301 1010 4367 Christum,
1037 4306 1093 4355 et
1125 4298 1271 4370 apud
1296 4298 1444 4368 ipsos
1470 4295 1561 4351 illa
1587 4294 1753 4349 verba
1776 4291 1977 4363 praedi-

2076 3091 2423 3163 μεμέστωται
2455 3092 2549 3146 τοῦ
2573 3091 2834 3164 Χριστοῦ,
2872 3092 3073 3164 βορρᾶς
3116 3109 3174 3145 τε
3213 3091 3306 3145 καὶ
3334 3090 3505 3153 νότος.
3539 3088 3649 3142 Kal.

2072 3181 2204 3252 γοῦν
2231 3182 2394 3247 τόπος
2424 3183 2524 3254 μὲν
2549 3186 2616 3256 τῇ
2645 3182 2857 3255 λυχνίᾳ,
2887 3183 2960 3237 τὰ
2993 3182 3144 3237 νότια
3179 3180 3546 3256 τῆςΑσκηνῆς.
3577 3181 3646 3250 τῇ

2071 3241 2129 3328 δὲ
2173 3241 2445 3347 τραπέέῃ,
2483 3274 2551 3328 τά
2581 3241 2969 3348 πρδςϋβορρᾶν.
3017 3274 3128 3329 Καὶ
3162 3241 3349 3327 δείδι’
3383 3241 3589 3343 ἀμφοῖν

2073 3367 2309 3439 Χριστὸς
2342 3364 2687 3438 σημαίνεται,
2742 3368 2909 3432 πολὺς
2962 3368 3097 3438 ἡμῖν
3140 3366 3239 3437 ἤδη
3289 3360 3650 3437 προαπέδειξε
3704 3370 3715 3379 ‘

2072 3461 2227 3531 λόγος
2252 3479 2268 3495 ⁸
2300 3463 2384 3517 ὅτι
2426 3461 2523 3533 μὲν
2554 3461 2661 3533 γὰρ
2700 3461 2815 3531 φῶς
2835 3463 2864 3515 ὁ
2899 3461 3155 3533 Χριστὸς,
3187 3460 3220 3530 ἡ
3250 3456 3443 3529 λυχνία
3477 3456 3645 3528 δηλοϊ’

2073 3558 2154 3611 ὅτι
2182 3555 2239 3610 δὲ
2286 3554 2399 3626 ζωὴ
2430 3554 2523 3608 καὶ
2553 3554 2713 3626 ἄρτος
2738 3554 2767 3608 ὀ
2801 3553 2929 3619 ζῶν,
2955 3554 2989 3624 ἡ
3024 3550 3273 3624 τράπεζα
3317 3551 3417 3622 μὲν
3462 3549 3556 3602 καὶ
3580 3545 3651 3601 τὰ

2073 3645 2135 3700 ὲν
2169 3646 2328 3717 αὐτῇ.
2358 3645 2506 3718 Πλὴν
2532 3646 2707 3700 έκεῖνο
2734 3642 2965 3709 διανοοῦ,
2991 3643 3086 3697 καὶ
3135 3643 3288 3713 ἄθρει
3335 3642 3396 3695 τὸ
3441 3639 3651 3711 μυστήο

2077 3753 2211 3811 ριονο
2244 3738 2562 3809 Νοτιωτάτη
2621 3736 2723 3809 μὲν
2767 3736 2877 3806 γὰρ
2917 3736 3026 3792 τῶν
3076 3733 3342 3790 Ἰουδαίων
3390 3734 3423 3803 ἡ
3471 3731 3647 3804 χώρα,

2077 3829 2389 3902 βορειοτέρα
2419 3829 2476 3884 δὲ
2500 3827 2714 3901 πάλινή
2738 3827 2845 3884 τῶν
2873 3826 3061 3882 ἐθνῶν.
3086 3823 3296 3880 Οὐκοῦν
3327 3822 3434 3878 ἀπό
3464 3840 3530 3892 γε
3550 3822 3652 3893 τῆς

2074 3920 2275 3986 θέσεως
2292 3920 2393 3991 τῆς
2416 3922 2638 3992 ἀμφοῖν,
2664 3918 2764 3989 τῆς
2786 3937 2845 3973 τε
2869 3918 3089 3990 λυχνίας
3114 3916 3207 3972 καὶ
3229 3916 3328 3986 τῆς
3346 3913 3647 3987 τραπέζης,

2075 4012 2237 4084 φημὶ,
2279 4012 2561 4083 περιέσται
2582 4011 2753 4084 δήπου
2795 4013 2908 4074 τοῖς
2936 4009 3207 4065 ἐθέλουσιν
3234 4004 3292 4063 εὖ
3319 4007 3464 4080 μάλα
3486 4010 3647 4071 νοεῖν,

2073 4111 2154 4165 ὄτι
2182 4112 2294 4173 τοῖς
2337 4108 2436 4179 μὲν
2486 4107 2760 4171 Ἰουδαίοις
2811 4107 2926 4177 φῶς
2964 4104 3276 4176 ἐπέλαμψεν
3322 4105 3352 4157 ό
3393 4101 3646 4174 Χριστὸς,

2075 4201 2170 4255 καὶ
2206 4201 2335 4271 παρ’
2358 4200 2538 4265 αὐτοῖς,
2585 4199 2883 4271 ἐκήρυττεν
2906 4238 2921 4265 ,
2960 4217 2979 4251 ι
3014 4195 3161 4266 Ἐγώ
3195 4195 3310 4267 είμι
3352 4193 3416 4248 τδ
3457 4193 3595 4264 φῶς.
3625 4210 3642 4243 ι

2089 4289 2448 4347 Ἀπέσταλται
2493 4290 2604 4363 γὰρ
2648 4292 2729 4356 είς
2777 4290 2846 4345 τά
2896 4288 3144 4362 πρόϐατα
3200 4286 3272 4342 τὰ
3330 4283 3647 4340 ἀπολωλότα

400 4412 575 4463 casse,
614 4414 633 4448 ι
672 4395 786 4466 Ego
819 4409 943 4450 sum
996 4393 1090 4448 lux
1138 4392 1204 4446 ⁸³.
1244 4410 1262 4443 ι
1309 4390 1504 4445 Missus
1545 4394 1631 4442 est
1693 4385 1841 4441 enim
1900 4383 1967 4438 ad

2083 4384 2231 4438 οίκου
2278 4383 2515 4456 Ἰσραήλ.
2552 4383 2681 4445 Καὶ,
2719 4400 2738 4433 ι
2774 4380 2965 4436 Αὐτῶν
2993 4380 3130 4435 εἰσιν
3172 4377 3229 4432 αἱ
3256 4371 3640 4444 ὲπαγγελίαι,ι
3740 4379 3752 4387 ⁸

398 4497 552 4548 oves,
587 4497 706 4553 quae
741 4482 1020 4552 perierant
1060 4479 1258 4533 domus
1295 4476 1461 4531 Israel
1489 4476 1559 4539 ⁸⁸,
1587 4480 1644 4527 et
1675 4490 1688 4527 :
1724 4491 1742 4524 ι
1771 4471 1979 4526 Eorum

400 4581 530 4630 sunt
556 4572 950 4645 promissiones
984 4610 998 4635 ,
1033 4589 1051 4621 ›
1079 4578 1142 4624 ιιι
1179 4566 1481 4636 Scriptura:
1512 4563 1705 4618 dicunt
1741 4564 1785 4596 “
1818 4604 1829 4617 .
1868 4561 1975 4617 Sed

399 4666 660 4738 quoniam
724 4664 861 4720 illud
929 4660 1180 4718 veritatis
1233 4660 1421 4714 lumen
1481 4657 1706 4713 minime
1743 4655 1980 4712 admise—

401 4768 551 4825 runt,
590 4758 767 4815 factus
801 4765 887 4812 est
923 4752 1178 4826 gentibus
1212 4750 1323 4806 vita
1368 4758 1425 4806 et
1481 4748 1640 4820 panis
1690 4748 1759 4803 de
1815 4748 1974 4804 coelo.

398 4851 592 4922 Neque
625 4864 754 4905 vero
774 4856 964 4920 gentes
991 4830 1199 4900 lumine
1223 4850 1450 4910 carent;
1494 4841 1658 4911 idque
1685 4855 1753 4895 ex
1780 4854 1848 4895 eo
1890 4839 1978 4894 in-

405 4941 642 5012 tclliges,
665 4939 813 5012 quod
838 4934 1154 4995 candelabri
1179 4935 1367 4990 lumen
1395 4933 1560 4990 etiam
1584 4932 1653 4987 ad
1692 4932 1978 5003 aquilona-

407 5044 495 5085 rcs
534 5027 874 5085 tabernaculi
910 5034 1095 5097 partes
1137 5022 1480 5095 penetrabat.
1536 5022 1607 5078 Et
1645 5021 1774 5092 quia
1806 5034 1981 5090 angu-

406 5122 707 5179 stissimum
752 5129 872 5177 erat
923 5118 1129 5175 factum
1185 5116 1321 5172 illud
1364 5115 1799 5178 tabernaculum,
1843 5111 1983 5167 nihil

406 5212 632 5271 absurdi
687 5222 772 5269 est
817 5211 1149 5276 existimare,
1192 5208 1590 5281 propemodum
1645 5205 1723 5260 illi
1777 5219 1982 5259 mensae

405 5302 720 5376 appositum
760 5300 930 5357 fuisse
962 5298 1374 5364 candelabrum,
1413 5297 1546 5353 licet
1580 5293 1875 5350 australem
1896 5293 1984 5348 io-

406 5412 534 5453 cum
592 5403 825 5451 teneret.
885 5393 1136 5449 Dcclarat
1179 5391 1345 5449 etiam
1404 5388 1511 5443 alia
1566 5386 1778 5442 ratione
1824 5383 1989 5440 nobis

407 5486 546 5543 illud
584 5486 703 5542 haec
736 5485 927 5557 ﬁgura.
955 5484 1051 5539 ubi
1078 5482 1328 5539 divinum
1357 5480 1543 5535 lumen
1582 5478 1825 5542 illuceat,
1870 5485 1988 5532 tum

410 5578 499 5643 iis,
543 5579 638 5650 qui
685 5577 835 5651 digni
887 5586 1035 5643 sunt,
1097 5576 1266 5632 licere
1294 5571 1498 5631 Christi
1530 5579 1787 5642 tanquam
1834 5568 1992 5641 panis

2071 4473 2215 4529 κατά
2247 4474 2346 4538 τὰς
2368 4473 2610 4545 Γραφάς.
2653 4473 2807 4526 Ἐπεὶ⁸
2835 4472 2891 4526 δὲ
2921 4473 2981 4526 οὒ
3018 4471 3365 4543 προσήκανσο
3391 4465 3493 4536 τῆς
3516 4464 3650 4534 ἀληο

2074 4565 2224 4628 θείας
2256 4564 2315 4617 τὸ
2357 4563 2501 4634 φῶς.
2553 4562 2744 4632 γέγονε
2776 4564 2889 4626 τοῖς
2931 4560 3139 4615 ἔθνεσιν
3172 4559 3283 4630 ζωὴ
3346 4555 3441 4610 καὶ
3487 4554 3651 4621 ἄρτος

2074 4656 2135 4723 ἐξ
2162 4655 2420 4728 οὐρανοῦο
2472 4655 2564 4709 καὶ
2599 4656 2660 4709 οὐ
2691 4654 2813 4725 δίχα
2846 4653 3020 4722 φωτὸς
3051 4652 3121 4706 τὰ
3170 4651 3298 4720 ἔθνη
3317 4665 3332 4681 ο
3361 4646 3455 4701 καὶ
3493 4643 3653 4698 τοῦτο

2073 4748 2119 4800 δ’
2148 4746 2214 4800 ἂν
2243 4745 2456 4816 μάθοις,
2487 4745 2767 4816 διήκοντος
2809 4743 2901 4798 τοῦ
2938 4743 3115 4814 φωτὸς
3165 4744 3265 4813 τῆς
3295 4737 3517 4808 λυχνίας
3555 4734 3651 4788 καὶ

2077 4840 2158 4902 είς
2183 4836 2255 4890 τά
2288 4837 2471 4910 βόρεια
2502 4837 2603 4907 τῆς
2638 4837 2861 4909 σκηνῆς.
2898 4834 3228 4905 Στενοτάτης
3260 4832 3316 4886 δὲ
3349 4828 3517 4897 οῦσης
3553 4827 3653 4896 τῆς

2078 4931 2283 5000 σκηνῆς
2305 4929 2404 4998 τῆς
2445 4929 2623 4997 ἁγίας,
2656 4929 2718 4982 τὸ
2757 4927 2982 4992 ἀπεικὸς
3014 4928 3187 4990 οὐδὲν,
3242 4920 3523 4996 μονονουχὶ
3559 4917 3655 4971 καὶ

2077 5020 2504 5093 παρατεθεῖσθαι
2532 5022 2709 5076 δοκεῖν
2745 5024 2812 5093 τῇ
2853 5017 3101 5092 τραπέζῃ
3131 5016 3229 5088 τὴν
3274 5012 3521 5084 λυχνίαν,
3547 5007 3655 5063 κᾶν

2079 5114 2128 5166 εί
2156 5105 2247 5167 τὸν
2270 5114 2443 5167 νότιον
2473 5112 2571 5186 ἔχῃ
2606 5113 2790 5167 τόπον.
2837 5109 3156 5183 Ἐμφανίζει
3182 5109 3238 5163 δὲ
3266 5106 3400 5179 ἡμῖν
3428 5103 3522 5158 καὶ
3546 5099 3661 5154 ἑτέ-

2085 5221 2191 5276 ρως
2218 5206 2246 5257 ὁ
2272 5204 2461 5268 τύπος,
2487 5205 2562 5268 ὡς
2586 5204 2731 5258 θείου
2755 5204 2931 5274 φωτὸς
2963 5203 3337 5273 ὲκλάμποντος
3362 5194 3560 5264 γένοιτ’
3590 5193 3659 5245 ἂν

2080 5298 2191 5359 τοῖς
2224 5296 2396 5362 ἀξίοις
2421 5296 2481 5349 τὸ
2516 5296 2837 5368 μεταλαχεῖν
2866 5293 3125 5349 δύνασθαι
3154 5292 3246 5346 τοῦ
3287 5287 3547 5361 Χριστοῦ,
3582 5286 3661 5349 ὡς

2083 5386 2246 5457 ἄρτου
2281 5383 2483 5450 ζῶντος
2524 5386 2620 5440 καὶ
2666 5384 2938 5458 ἀληθινοῦ.
2981 5383 3255 5454 Σύσσωμα
3300 5380 3356 5437 δὲ
3387 5377 3483 5433 καὶ
3518 5392 3662 5445 συμ-

2090 5478 2291 5548 μέτοχα
2314 5477 2505 5547 γέγονε
2539 5477 2606 5533 τὰ
2638 5476 2764 5548 ἔθνη
2806 5474 3064 5548 Χριστοῦ.
3107 5474 3312 5547 Γράφει
3344 5470 3402 5524 δὲ
3442 5467 3606 5522 πάλιν
3634 5466 3667 5520 ὸ

2089 5567 2377 5632 θεσπέσιος
2405 5567 2612 5633 Παῦλος
2640 5585 2653 5598 ·
2689 5568 2963 5639 Σύσσωμα
2992 5567 3048 5621 δὲ
3083 5566 3177 5621 καὶ
3220 5561 3538 5635 συμμέτοχα
3575 5555 3666 5626 γέ.

481 5694 527 5725 “
556 5692 658 5749 ιω,
690 5709 800 5758 un,
826 5694 879 5749 9.
934 5692 978 5726 ⁸⁷
1002 5691 1156 5749 Joan.
1187 5707 1263 5759 ιιι,
1283 5690 1369 5746 55.
1438 5686 1482 5721 ⁸⁸
1515 5687 1558 5745 ll
1583 5687 1708 5745 Cor.
1738 5703 1796 5757 ιι,
1840 5685 1928 5753 Η,
1961 5683 1971 5739 l

2087 5680 2295 5740 “Joaa.
2322 5695 2435 5749 vni,
2464 5680 2547 5737 i2.
2617 5739 2628 5749 ,
2663 5682 2709 5716 ⁸⁸
2736 5682 2927 5739 Matth.
2955 5697 3043 5750 xv,
3075 5679 3164 5736 2i.
3226 5679 3284 5754 ,⁵⁸
3310 5678 3468 5735 Rom.
3500 5689 3576 5739 lx,
3603 5670 3663 5731 9.
