3996 6212
244 306 346 364 665

979 311 1068 367 DE
1106 311 1553 370 ADORATIONE
1593 311 1662 367 IN
1701 310 1969 366 SPlRlTU
2007 313 2096 367 ET
2139 315 2510 371 VERITATE.
2549 317 2677 371 LIB.
2721 316 2787 372 Χ.

3392 316 3499 374 666

241 440 365 493 γονε
395 423 468 478 τά
498 422 630 496 ἔθνη
665 424 862 496 φωτὸς,
890 426 1133 498 δηλονότι
1160 429 1252 484 τοῦ
1293 431 1507 502 νοητοῦ,
1545 446 1819 501 προσανα-

1939 429 2031 483 rivi
2081 447 2145 486 ac
2199 433 2316 487 veri
2357 435 2655 505 participes
2694 435 2836 490 fieri.
2881 434 3086 490 Scribit
3127 435 3276 490 enim
3310 434 3505 490 beatus

245 517 608 588 πιμπλάμενα
658 538 676 571 ι
709 519 1107 593 διαυγαζούσης
1134 522 1368 594 ἡμέρας,
1399 524 1492 576 καὶ
1519 523 1814 593 Φωσφόρου

243 608 382 662 κατά
408 607 535 662 νοῦν
560 609 963 684 ἀνατέλλοντος,
992 630 1010 663 ι
1043 611 1147 683 ἔφη
1205 615 1314 685 γάρ
1337 631 1422 678 τις
1451 613 1558 668 τῶν
1591 613 1683 667 τοῦ
1713 614 1819 666 Σωο

241 700 406 770 τῆρος
433 700 712 772 μαθητῶν.
749 701 1009 774 Ἐχόντων
1043 704 1100 758 δὲ
1129 697 1231 758 ὧδε
1263 705 1464 769 θέσεὼς
1498 722 1556 758 τε
1591 706 1684 758 καὶ
1720 723 1819 758 κα-

241 793 516 863 τασκευῆς
543 795 652 846 τῶν
705 795 765 848 ἐν
812 797 928 858 τοῖς
970 795 1172 865 Ἀγίοις
1221 797 1330 851 τῶν
1367 797 1556 866 ἁγίων,
1581 796 1818 851 ἐπίσπα-

247 901 424 955 στρον,
447 886 566 956 ἦτοι
609 887 1029 958 καταπέτασμα,
1051 889 1305 958 γενέσθαι
1355 889 1723 959 προστέταχεν
1761 889 1819 955 ἐξ

245 975 500 1030 ὑακίνθου
541 978 635 1031 καὶ
663 975 971 1051 πορφύρας,
1009 981 1104 1033 καὶ
1125 980 1380 1035 κοκκίνου
1412 981 1819 1051 κεκλωσμένου,

245 1069 338 1122 καὶ
355 1067 554 1138 βύσσου
571 1071 925 1142 νενησμένης·
938 1071 1096 1126 τοῦτο
1109 1073 1166 1125 δὲ
1190 1076 1310 1137 ταῖς
1332 1072 1536 1142 σκηνῆς
1553 1071 1823 1136 εἰσϐολαῖς

243 1162 644 1233 περιτείνεσθαι
666 1163 774 1218 δεῖν
799 1163 1032 1232 ἔφασκεν
1059 1165 1388 1233 ἀναγκαίως,
1410 1164 1571 1218 πέντε
1601 1167 1823 1235 χρυσοῖς

244 1253 685 1325 ἐπαιωρούμενον
737 1255 967 1319 στύλοις,
1003 1248 1076 1310 ὧν
1106 1258 1160 1310 αἰ
1208 1257 1395 1327 βάσεις
1452 1255 1670 1326 χαλκαῖ.
1713 1255 1824 1308 Καὶ

245 1344 621 1418 ὲπίσπαστρον
671 1346 768 1416 μὲν
819 1346 1096 1417 ὀνομάζει,
1121 1348 1220 1418 τῆς
1275 1346 1446 1418 θύρας
1483 1347 1546 1400 τὸ
1597 1348 1823 1419 περιτά-

246 1453 451 1507 ννσμα,
475 1435 564 1490 διὰ
587 1435 666 1502 τὸ,
691 1435 866 1507 οἶμαι,
896 1437 1112 1502 λεπτοῖς
1128 1437 1338 1510 κρίκοις
1365 1439 1554 1492 άνόπιν
1571 1437 1826 1492 ἕλκεσθαι

247 1527 602 1598 δικνουμένης
651 1529 1061 1606 ήςοείώολῆςο
1097 1529 1530 1584 ἁντεπισπᾶσθαι
1555 1530 1610 1584 δὲ
1632 1526 1696 1584 αὖ
1733 1530 1828 1584 καὶ

249 1617 684 1688 κατευρύνεσθαι
707 1619 815 1672 τῶν
841 1619 1321 1693 θυρῶν,κρύπτειν
1344 1620 1413 1674 τὰ
1441 1622 1628 1690 Ἅγια.
1657 1622 1828 1676 Πέντε

250 1706 303 1760 δὲ
323 1708 371 1758 οἰ
390 1705 598 1772 στύλοι,
625 1711 825 1778 χρυσοῖ
851 1711 945 1763 καὶ
975 1710 1315 1781 περίχαλκοι,
1337 1711 1466 1775 τοὺς
1491 1712 1566 1776 ὡς
1591 1711 1828 1783 πέμπτῳ

249 1799 453 1872 καιρῷ,
489 1800 614 1855 καθ’
645 1802 706 1856 ὃν
762 1803 795 1872 ἠ
855 1802 1093 1874 Χριστοῦ
1133 1803 1322 1872 γέγονε
1373 1803 1663 1876 παρουσία,
1695 1820 1828 1874 προ-

249 1893 652 1958 ανατυποῦντες
674 1895 1029 1960 διδασκάλους
1051 1896 1144 1949 καὶ
1169 1896 1276 1950 τῶν
1301 1897 1639 1967 Ἐκκλησιῶν
1664 1897 1826 1968 ἡγου-

253 1987 474 2058 μένους⁹
507 1987 558 2041 οἳ
585 1987 674 2042 τὸν
699 1989 798 2059 τῆς
827 1989 1085 2061 ἀληθείας
1105 1989 1528 2062 ὀρθοτομοῦντες
1551 1989 1728 2059 λόγον,
1747 1988 1828 2043 τί-

252 2097 371 2151 μιοι
404 2081 503 2152 μιν
529 2080 606 2145 ὡς
636 2080 835 2153 χρυσός
869 2083 1025 2149 εἰσιν,
1056 2082 1273 2152 εὐηχεῖς
1299 2083 1354 2136 δὲ
1388 2081 1561 2146 οὕτως
1593 2081 1668 2145 ὡς
1701 2081 1827 2152 χαλ-

251 2171 367 2234 κός.
405 2190 424 2223 ι
452 2170 547 2236 Εἰς
577 2174 758 2226 πᾶσαν
795 2172 905 2244 γὰρ
932 2173 996 2245 δὴ
1017 2175 1113 2245 τὴν
1141 2176 1244 2246 γῆν
1273 2173 1492 2244 ἐξῆλθεν
1529 2176 1558 2227 ὁ
1595 2174 1830 2243 φθόγγος

253 2261 456 2330 αὐτῶν,
492 2265 588 2317 καὶ
625 2265 706 2326 εἰς
758 2263 827 2318 τά
880 2265 1093 2337 πέρατα
1131 2267 1233 2337 τῆς
1272 2266 1598 2336 οἰκουμένης
1634 2265 1702 2318 τά
1735 2267 1832 2336 ῥή-

256 2370 408 2425 ματα
439 2355 638 2410 αὐτῶν
661 2373 681 2407 ι
717 2354 767 2408 οἶ
800 2356 895 2409 καὶ
931 2355 1018 2410 διὰ
1045 2357 1145 2428 τῆς
1169 2356 1420 2428 ὲντέχνου
1447 2355 1542 2410 καί
1572 2353 1830 2408 θεοπνεύ-

255 2461 386 2498 στου
437 2446 824 2517 μυσταγωγίας
891 2449 1004 2510 τοῖς
1052 2449 1132 2511 εἰς
1181 2447 1252 2501 τὰ
1287 2447 1456 2516 ’Λγια
1497 2445 1606 2500 τῶν
1660 2446 1831 2513 ἁγίων

254 2537 560 2610 εἰστρέχειν
583 2538 860 2594 ἐθέλουσιν
904 2541 1290 2612 ἀνευρύνουσιν
1320 2541 1508 2612 ὥσπερ
1534 2539 1632 2604 τὰς
1658 2539 1834 2594 εἰσδο-

253 2628 376 2692 λάς.
418 2627 500 2682 Τά
540 2629 638 2700 μὲν
680 2628 774 2685 οὖν
809 2633 976 2700 Ἀγια
1024 2632 1130 2686 τῶν
1177 2633 1366 2702 ἁγίων,
1413 2632 1556 2686 τοῦτ’
1601 2631 1767 2694 ἐστιν,
1799 2632 1833 2700 ἡ

255 2719 506 2791 ἐσωτέρα
547 2721 722 2793 σκηνὴ
759 2722 1204 2777 κατεκαλύπτετο
1235 2723 1315 2794 τῷ
1353 2723 1830 2793 καταπετάσματι.

257 2812 673 2883 Παρερήρειστο
716 2813 772 2866 δὲ
806 2813 968 2879 εὐθὺς
997 2815 1094 2869 καὶ
1122 2815 1463 2885 συνήρμοστο
1496 2816 1564 2884 τῇ
1607 2813 1835 2884 δευτέρᾳ

257 2905 355 2958 καὶ
402 2905 436 2975 ὴ
485 2904 676 2978 πρώτη
713 2905 906 2978 σκηνὴ,
965 2907 1027 2960 τὸ
1073 2905 1454 2978 θυσιαστήριον
1499 2905 1694 2976 ἔχουσα
1725 2903 1834 2958 τῶν

259 2997 680 3069 καρπωμάτων,
732 2999 790 3052 ὲν
831 2993 876 3067 ᾧ
930 2999 1079 3052 πᾶσα
1116 3001 1150 3070 ή
1203 2999 1271 3052 δι’
1313 2999 1558 3069 αἱμάτων
1603 2997 1836 3052 ἐτελεῖτο

1856 1764 1904 1824 Β

1920 522 2143 588 Paulus,
2193 533 2386 594 gentes
2410 541 2532 580 esse
2555 527 2979 596 concorporales
3002 536 3165 596 atque
3204 527 3504 596 eomparti-

1919 613 2070 683 cipes
2107 613 2313 670 Christi
2337 617 2403 669 δ’.
2429 616 2865 687 Concorporales
2886 633 3049 686 porro
3079 627 3134 671 et
3155 617 3506 686 compartici-

1919 721 2017 774 pes
2033 705 2188 760 factae
2203 715 2554 778 suntgentes,
2578 723 2702 762 cum
2723 709 2930 764 lumine
2951 708 3223 778 spirituali
3242 708 3504 762 nimirum

1920 797 2143 865 repleta:
2190 807 2356 862 sunt,
2397 817 2414 849 ι
2449 799 2542 852 ubi
2573 800 2693 854 dies
2723 800 2919 864 illuxit,
2946 809 3000 854 et
3034 800 3252 853 Lucifer
3291 799 3347 852 in
3384 799 3505 852 ani-

1921 888 2025 942 mis
2048 889 2252 944 nostris
2283 899 2504 945 exortus
2526 901 2630 956 est,
2668 911 2685 943 ι
2716 892 2792 946 ait
2823 892 3046 961 quidam
3077 891 3375 946 Salvatoris
3405 907 3505 945 no-

1923 983 2023 1036 stri
2049 982 2356 1052 discipulus
2390 985 2456 1038 ⁸³.
2497 986 2570 1040 Iis
2596 985 2782 1056 igitur,
2813 1001 2936 1054 qua:
2965 986 3019 1038 in
3049 985 3263 1039 Sanctis
3289 994 3508 1040 sancto-

1923 1091 2046 1129 rum
2078 1085 2258 1140 erant,
2291 1077 2358 1130 ad
2389 1077 2537 1131 hunc
2571 1077 2794 1131 modum
2833 1077 3115 1131 collocatis
3167 1086 3327 1146 atque
3354 1093 3506 1142 com-

1922 1167 2152 1236 positis,
2204 1169 2591 1223 adductorium
2645 1185 2742 1224 seu
2784 1169 3036 1222 velamen
3070 1167 3186 1222 ﬁeri
3211 1169 3394 1238 jussit,
3441 1184 3510 1222 ex

1925 1259 2220 1330 hyacintho
2242 1269 2299 1315 et
2326 1275 2588 1330 purpura,
2609 1269 2665 1314 et
2699 1276 2864 1315 cocco
2897 1268 3060 1325 torto,
3075 1267 3130 1314 et
3164 1259 3328 1330 bysso
3353 1269 3506 1323 neta;

1926 1351 2092 1420 idque
2138 1351 2207 1405 ad
2256 1352 2436 1421 ipsum
2487 1351 2828 1406 tabernaculi
2860 1351 3061 1405 ostium
3103 1349 3510 1404 extendendum

1926 1453 2046 1494 esse
2093 1440 2408 1495 necessario
2445 1439 2604 1505 dixit,
2645 1439 2713 1494 de
2743 1439 2985 1510 quinque
3014 1440 3282 1494 inauratis
3297 1439 3510 1493 colum-

1926 1530 2033 1594 nis,
2060 1547 2293 1601 quarum
2324 1531 2485 1586 bases
2515 1541 2700 1585 essent
2725 1548 2909 1596 ωορκ,
2947 1545 3297 1600 suspensum.
3334 1531 3512 1600 Atque

1927 1620 2310 1675 adductorium
2336 1620 2558 1690 quidem
2579 1620 2818 1690 appellat
2837 1620 3018 1674 velum
3041 1620 3182 1674 ostio
3201 1619 3511 1683 obtentum,

1929 1711 2076 1780 quod
2109 1712 2340 1782 exiguis,
2377 1719 2438 1765 ut
2477 1711 2691 1780 Opinor,
2718 1711 2934 1765 annulis
2959 1711 3351 1773 retraheretur,
3389 1723 3517 1762 cum

1930 1818 2029 1874 per
2078 1803 2279 1857 ostium
2322 1802 2542 1857 transiri
2583 1817 2806 1857 necesse
2856 1811 3020 1864 esset,
3058 1817 3121 1856 ac
3172 1815 3365 1854 rursus
3419 1799 3517 1854 ad-

1933 1895 2230 1950 duceretur
2274 1895 2748 1964 explicareturque
2796 1910 2895 1964 per
2947 1895 3172 1958 ostium,
3234 1901 3295 1946 ut
3328 1900 3515 1946 sancta

1933 1987 2364 2042 occultarentur.
2410 1986 2662 2056 Quinque
2715 1995 2898 2041 autem
2943 1993 3071 2040 sunt
3120 1986 3388 2038 columna:
3421 2001 3517 2038 au-

1932 2097 2040 2136 rea:
2077 2090 2240 2150 atque
2279 2095 2465 2144 tenear,
2500 2094 2620 2148 quae
2671 2079 2812 2144 illos,
2866 2080 2962 2150 qui
3014 2087 3271 2147 tanquam
3321 2077 3516 2146 quinto

1933 2183 2182 2244 tempore
2226 2173 2490 2237 fuerunt,
2524 2187 2635 2243 quo
2687 2180 2935 2241 tempore
2982 2170 3190 2225 Christi
3246 2169 3517 2224 adventus

1935 2266 2184 2337 contigit,
2236 2265 2492 2320 doctores
2543 2272 2707 2334 atque
2745 2263 3117 2317 Ecclesiarum
3160 2261 3329 2315 duces
3371 2275 3514 2330 ιιι-ατη

1936 2359 2236 2430 ﬁgurarent
2266 2376 2279 2412 :
2307 2357 2422 2428 qui,
2445 2372 2569 2412 cum
2608 2365 2758 2411 recte
2785 2369 3093 2410 sermonem
3125 2353 3374 2407 veritatis
3406 2361 3517 2404 tra-

1936 2460 2107 2517 ctent,
2149 2450 2378 2522 pretiosi
2414 2449 2637 2521 quidem
2672 2456 2802 2502 sunt
2835 2456 2895 2501 ut
2918 2462 3134 2510 aurum,
3175 2454 3230 2500 et
3263 2445 3413 2498 velut
3443 2459 3517 2498 aes

1934 2553 2212 2598 resonant.
2267 2542 2405 2598 Nam
2467 2560 2484 2592 ι
2523 2541 2584 2595 In
2625 2555 2848 2594 omnem
2888 2546 3091 2594 terram
3136 2537 3307 2592 exivit
3347 2551 3516 2590 sonus

1934 2649 2148 2699 eorum,
2177 2642 2233 2688 et
2252 2634 2307 2687 in
2331 2632 2466 2687 ﬁnes
2492 2632 2642 2687 orbis
2666 2639 2824 2686 terrae
2847 2629 3012 2684 verba
3031 2644 3220 2683 eorum
3243 2628 3289 2659 ”
3313 2670 3326 2692 ,
3372 2646 3390 2679 ι
3420 2626 3515 2695 qui

1937 2723 2125 2779 solerti
2154 2738 2219 2778 ac
2259 2722 2527 2777 divinitus
2563 2723 2827 2792 inspirata
2851 2720 3100 2775 doctrina
3128 2718 3437 2774 volentibus
3461 2715 3517 2770 in

1938 2815 2136 2870 Sancta
2191 2822 2505 2870 sanctorum
2558 2813 2790 2868 introire
2873 2811 3055 2867 aditus
3113 2809 3520 2882 quodammodo

1936 2907 2291 2978 patefaciunt.
2325 2907 2494 2978 Igitur
2515 2906 2676 2976 337
2711 2905 2912 2959 Sancta
2946 2912 3280 2965 sanctorum,
3325 2901 3376 2954 id
3412 2907 3516 2963 est,

1937 2999 2170 3054 interius
2222 2999 2357 3053 illud
2409 2997 2820 3052 tabernaculum
2863 2996 3133 3051 velamine
3187 2992 3516 3063 tegebatur;

259 3088 620 3161 προσαγωγὴ,
656 3091 875 3147 πόπανά
909 3108 970 3145 τε
1002 3091 1096 3145 καὶ
1125 3093 1173 3145 οἰ
1211 3091 1517 3157 λιϐανωτοί,
1554 3091 1650 3145 καὶ
1683 3092 1833 3145 πᾶσα

1939 3094 2252 3150 adhaerebat
2273 3109 2404 3148 vero
2433 3093 2680 3163 proxime
2713 3101 2874 3160 atque
2915 3090 3266 3160 coniunctum
3299 3093 3417 3140 erat
3445 3083 3520 3138 illi

258 3181 422 3235 θυσία
450 3183 544 3235 καὶ
573 3183 791 3256 σπονδὴ,
829 3185 1082 3258 καὶπρὸς
1110 3203 1174 3255 γε
1202 3185 1280 3256 τῷ
1314 3184 1684 3256 θυσιαστηρίῳ
1739 3184 1835 3238 καὶ

1939 3187 2176 3241 secundo
2217 3185 2453 3256 primum
2471 3199 2689 3254 quoque
2719 3182 3149 3244 tabernaculum,
3178 3179 3322 3250 quod
3351 3178 3521 3232 altare

257 3273 353 3326 τὸν
387 3273 630 3345 λουτῆρα
655 3275 748 3329 τὸν
773 3275 1026 3346 χαλκοῦν.
1059 3276 1233 3340 Τόπος
1261 3277 1317 3330 δὲ
1359 3273 1423 3330 αὖ
1471 3275 1550 3345 τῷ
1599 3275 1697 3347 μὲν
1739 3273 1834 3327 θυ-

263 3367 566 3437 σιαστηρίῳ
594 3367 745 3436 παρὰ
777 3368 875 3432 τάς
915 3367 1082 3440 θύρας
1102 3369 1201 3438 τῆς
1241 3367 1464 3437 σκηνῆς,
1496 3366 1654 3437 δῆλον
1679 3364 1735 3417 δὲ
1755 3365 1836 3417 ὅτι

261 3457 360 3527 τῆς
390 3456 677 3529 ἐξωτέρας·
707 3457 788 3530 τῷ
822 3457 878 3511 δέ
904 3475 968 3528 γε
997 3458 1238 3530 λουτῆρι,
1281 3457 1342 3512 τὸ
1385 3457 1709 3528 μεσαίτατον
1736 3455 1838 3526 τῆς

265 3565 493 3622 σκηνης.

334 3820 546 3877 ΠΑΛΛ.
577 3821 688 3877 Καὶ
710 3823 793 3887 τίς
828 3821 894 3878 ἂν
919 3824 1092 3878 νοοῖτο
1117 3823 1278 3880 πάλιν
1307 3823 1340 3895 ἡ
1375 3823 1723 3893 ἐπιτήρησιςς
1817 3817 1825 3823 ’

335 4002 502 4057 ΚΥΡ.
541 4002 813 4073 Ἀκριόὲς,
841 3995 886 4058 ὦ
906 4002 1195 4068 Παλλάδιε,
1225 4002 1286 4057 τὸ
1306 4002 1545 4072 Γράμμα
1571 3999 1632 4053 τὸ
1673 3999 1838 4071 ἱερὸν,

266 4096 361 4148 καὶ
390 4096 598 4149 εἰκαῖον
629 4097 688 4147 ὲν
713 4095 862 4167 αὑτῷ
891 4095 1168 4159 παντελῶς
1193 4094 1364 4149 οὐδέν.
1407 4094 1516 4147 Θέα
1553 4092 1662 4164 γὰρ
1693 4093 1843 4156 ὅπως

265 4189 400 4258 ἡμῖν
434 4187 496 4240 τὸ
534 4185 764 4257 αἴνιγμα
804 4186 1256 4256 παιδαγωγοῦντα
1302 4185 1534 4255 δέδειχεν
1568 4185 1662 4237 ἐπὶ
1716 4185 1845 4254 Χρι⁹

270 4278 392 4332 στὸν
416 4277 512 4332 τὸν
534 4278 718 4348 νόμον.
742 4277 992 4331 Τέθειται
1021 4277 1130 4349 γάρ
1167 4277 1298 4349 παρ’
1344 4277 1536 4340 αὐταῖς
1570 4279 1692 4340 ταῖς
1735 4279 1846 4330 εἰσ-

268 4366 405 4434 eam;
430 4373 549 4433 ταῖς
578 4370 657 4432 εἰς
684 4367 752 4422 τά
783 4369 946 4437 Ἀγια
997 4368 1105 4422 τῶν
1141 4368 1311 4436 ἁγίων
1353 4368 1454 4440 τῆς
1503 4367 1642 4422 κατά
1684 4367 1846 4438 νόμον

1936 3277 2331 3332 sacriﬁciorum
2365 3275 2703 3338 continebat,
2745 3275 2801 3328 in
2839 3288 2948 3342 quo
2969 3272 3146 3326 omnis
3180 3288 3277 3340 per
3299 3269 3522 3338 sangui-

1936 3385 2062 3424 nem
2105 3368 2469 3423 exhibebatur
2503 3367 2728 3429 oblatio,
2753 3367 3059 3434 laganaque
3081 3373 3136 3418 et
3169 3363 3329 3416 thura
3355 3371 3410 3416 et
3432 3377 3524 3414 sa-

1939 3461 2206 3518 criﬁcium
2259 3475 2420 3514 omne
2469 3468 2634 3527 atque
2705 3456 2919 3521 libatio,
2988 3463 3044 3509 et
3099 3463 3299 3524 praeter
3351 3453 3523 3506 altare

1938 3554 2152 3608 labrum
2198 3567 2417 3621 quoque
2462 3565 2696 3606 aeneum.
2735 3549 2867 3604 Erat
2904 3555 3086 3602 autem
3119 3546 3223 3599 hoc
3247 3544 3416 3597 altare
3444 3541 3520 3596 si-

1940 3655 2057 3700 tum
2111 3654 2336 3715 propter
2377 3643 2716 3698 tabernaculi
2756 3641 2980 3705 ostium,
3031 3637 3320 3694 exterioris
3353 3635 3520 3689 nimi-

1941 3753 2083 3802 rum,
2113 3735 2328 3790 labrum
2360 3750 2494 3790 vero
2524 3733 2580 3788 in
2619 3734 2738 3803 ipso
2776 3731 2959 3786 medio
2997 3727 3336 3786 tabernaculi
3376 3725 3518 3780 loco.

2010 3827 2206 3882 PALL.
2243 3825 2384 3893 Quid
2409 3834 2593 3881 autem
2615 3823 2836 3880 latentis
2863 3821 3238 3893 intelligentia:
3275 3818 3526 3874 continet

1941 3919 2058 3974 haec
2077 3917 2387 3973 observatio
2415 3916 2448 3969 ?’

2011 4011 2167 4065 CYR.
2209 4010 2477 4064 Accurate
2531 4014 2659 4060 sunt
2703 4005 2887 4060 omnia
2913 4044 2926 4067 ,
2975 4000 3203 4064 Palladi,
3245 3999 3298 4052 in
3346 3995 3522 4051 sacris

1945 4100 2168 4154 Litteris
2194 4098 2526 4168 perscripta,
2551 4094 2800 4162 nihilque
2836 4103 3064 4160 prorsus
3107 4087 3166 4140 in
3198 4085 3307 4140 illis
3323 4093 3407 4139 est
3438 4093 3522 4138 te-

1945 4204 2095 4245 mere
2140 4187 2375 4258 positum
2408 4204 2420 4239 :
2452 4185 2578 4239 vide
2625 4183 2772 4237 enim
2825 4189 2887 4235 ut
2934 4180 3038 4234 hoc
3081 4179 3309 4249 aenigma
3360 4175 3524 4230 nobis

1946 4282 2197 4339 ostendat
2228 4281 2362 4350 legis
2382 4278 2782 4333 institutionem
2804 4275 2870 4329 ad
2893 4273 3171 4329 Christum
3195 4271 3519 4341 perducere:

1948 4391 2072 4430 nam
2108 4372 2241 4427 illud
2263 4370 2452 4442 legalis
2504 4367 2783 4438 religionis
2815 4365 2983 4419 altare
3018 4363 3084 4416 ad
3119 4363 3264 4432 ipsos
3296 4361 3479 4414 aditus
3506 4400 3521 4424 ,

268 4459 526 4532 λατρείας
570 4461 631 4514 τὸ
663 4461 1070 4531 θυσιαστήριον.
1131 4459 1418 4530 Ἀποφέρει
1468 4461 1584 4530 γὰρΔ
1611 4462 1639 4513 ὀ
1677 4459 1835 4530 νόμος

1945 4483 2045 4538 per
2065 4480 2202 4536 quos
2229 4463 2295 4518 ad
2327 4461 2525 4517 Sancta
2553 4467 2870 4514 sanctorum
2905 4453 3254 4514 tondebatur,
3292 4451 3526 4504 colloca-

273 4553 426 4622 μόλις
461 4554 609 4623 ἡμᾶς
643 4554 723 4616 εἰς
760 4553 934 4624 ἀρχὰς
956 4552 1066 4605 τῶν
1096 4551 1192 4605 τοῦ
1224 4551 1461 4622 Χριστοῦ
1508 4551 1843 4622 μυστηρίων,

271 4645 362 4698 καὶ
395 4645 560 4700 οἱονεί
601 4662 719 4708 πως
750 4643 900 4716 παρὰ
943 4643 1040 4708 τὰς
1071 4643 1292 4714 πρώτας
1326 4643 1575 4706 εἰσϐολὰς
1618 4643 1716 4714 τῆς
1760 4645 1846 4697 ἐπ’

271 4737 420 4809 αὐτῷ
444 4737 698 4806 γνώσεως
736 4736 998 4808 ἀκριϐοῦς
1021 4752 1035 4767 ⁸
1069 4737 1369 4808 εἰσκομίζει
1403 4736 1459 4790 δὲ
1485 4736 1736 4806 οὐδαμῶς
1768 4739 1848 4801 εἰς

269 4831 334 4884 τὰ
362 4832 532 4898 Ἀγια
562 4829 672 4883 τῶν
703 4829 892 4898 ἁγίων,
923 4831 1070 4883 τοῦτ’
1112 4828 1277 4890 ἔστιν,
1321 4831 1400 4892 εἰς
1443 4811 1555 4899 τῆν’
1574 4829 1846 4900 ἐσωτέραν

271 4923 498 4992 σκηνὴν,
542 4922 601 4974 ὲν
689 4922 974 4994 πολυειδὴς
1007 4924 1036 4975 ὁ
1077 4921 1330 4991 Χριστὸς,
1373 4920 1446 4984 ὡς
1489 4921 1622 4974 Θεοῦ
1648 4921 1841 4988 Λόγος,

267 5013 342 5077 ὡς
368 5013 509 5082 φῶς,
537 5013 611 5077 ὡς
633 5013 797 5085 ἄρτος
823 5012 953 5078 ζῶν,
983 5012 1058 5077 ὡς
1085 5012 1307 5076 εὐωδίας
1339 5012 1482 5083 ὀσμὴ
1505 5011 1581 5081 τῷ
1609 5011 1727 5082 Θεῷ
1754 5012 1846 5064 καὶ

273 5105 466 5176 Πατρί.
501 5105 571 5158 Ἦ
616 5107 724 5176 γάρ
773 5105 894 5176 οὐχὶ
949 5105 1116 5176 φαίης
1145 5104 1211 5157 ἂν
1257 5105 1338 5156 ὄτι
1387 5103 1625 5173 στοιχεῖά
1662 5121 1722 5156 τε
1753 5104 1848 5157 καὶ

272 5195 438 5266 ἁρχαὶ
468 5194 578 5248 τῶν
605 5194 799 5264 λογίων
817 5195 910 5249 τοῦ
934 5193 1090 5260 Θεοῦ,
1112 5193 1210 5264 τῆς
1231 5193 1370 5248 κατὰ
1392 5194 1554 5260 νόμον
1593 5194 1848 5266 λατρείας

273 5289 306 5358 ἡ
341 5287 734 5358 προμελέτησις
758 5283 825 5358 ἦν
847 5305 860 5353 ;

348 5381 553 5432 ΠΑΑΑ.
600 5377 841 5449 Ἀληθές.

347 5471 510 5525 ΚΥΡ.
542 5471 665 5524 Ὀτι
696 5471 751 5524 δὲ
784 5471 1133 5525 τετελείωκεν
1161 5471 1188 5523 ὁ
1220 5471 1383 5542 νόμος
1409 5471 1582 5537 οὐδὲν,
1638 5490 1654 5521 ι
1679 5471 1848 5540 Ἀμή-

277 5579 437 5631 χανον
465 5563 573 5635 γάρ
603 5559 740 5633 αἷμα
767 5563 982 5636 ταύρων
1015 5564 1108 5618 καὶ
1140 5564 1358 5634 τράγων
1389 5565 1641 5634 ἀφαιρεῖν
1668 5565 1847 5635 ἁμαρ-

353 5744 392 5776 ⁸²
423 5742 620 5814 Ephes.
661 5760 738 5812 ιιι,
763 5746 814 5799 6.
893 5745 936 5777 ⁵³
968 5745 1156 5800 chtr.
1184 5761 1217 5809 ι,
1253 5745 1332 5800 19.
1416 5720 1460 5780 ’ἶ
1505 5746 1646 5802 Psal.
1691 5761 1839 5810 xvlu,
1876 5745 1924 5798 ὃ.

1943 4565 2060 4611 tum
2086 4563 2224 4610 erat.
2261 4553 2371 4607 Lex
2409 4551 2556 4606 enim
2597 4547 2690 4602 vix
2732 4545 2800 4599 ad
2831 4545 2949 4614 ipsa
2982 4557 3084 4597 nos
3134 4540 3289 4594 initia
3321 4546 3526 4608 mystc-

1942 4648 2150 4702 riorum
2197 4645 2316 4708 Dei,
2343 4652 2526 4711 atque,
2562 4646 2623 4692 ut
2656 4639 2729 4692 ita
2775 4636 2954 4690 dicam
2978 4675 2991 4699 ,
3037 4632 3104 4688 ad
3155 4631 3330 4701 prima
3361 4643 3526 4682 accu-

1943 4748 2072 4793 ratae
2118 4735 2322 4791 Christi
2362 4730 2691 4803 cognitionis
2729 4725 3016 4798 perducit;
3051 4723 3144 4778 sed
3176 4722 3326 4776 nullo
3364 4718 3527 4774 modo

1944 4828 2155 4884 inducit
2199 4827 2254 4880 in
2285 4825 2481 4879 Sancta
2513 4831 2852 4883 sanctorum,
2883 4818 2936 4872 id
2965 4825 3046 4870 cst
3077 4817 3132 4868 in
3177 4810 3409 4866 interius
3444 4817 3526 4861 la-

1944 4918 2326 4981 bernaculum,
2351 4916 2534 4985 inquo
2569 4911 2951 4981 multipliciter
2985 4907 3236 4963 Christus
3275 4901 3526 4956 contine-

1943 5023 2054 5077 tur,
2087 5019 2147 5066 ιιι
2177 5009 2273 5064 Dei
2315 5008 2585 5070 Verbum,
2622 5012 2680 5058 ut
2705 5003 2892 5056 lumen
2918 5041 2932 5065 ,
2966 5007 3026 5054 ut
3057 4998 3214 5069 panis
3240 4995 3400 5049 vivus
3421 5035 3433 5056 ,
3469 5001 3528 5045 ut

1943 5106 2198 5161 redoleas
2247 5102 2384 5158 odor
2421 5101 2534 5155 Deo
2570 5113 2634 5152 ac
2684 5095 2832 5150 Patri
2861 5094 3095 5149 oblatus.
3145 5087 3287 5156 Quid
3341 5085 3530 5141 enim?

1943 5219 2126 5259 nonne
2154 5215 2346 5257 censes
2371 5194 2631 5268 praaludia
2672 5192 2764 5246 illa
2794 5190 2984 5263 legalis
3034 5185 3216 5243 cultus
3253 5183 3526 5238 elementa

1944 5310 2065 5349 esse
2090 5304 2147 5346 ct
2177 5291 2331 5345 initia
2360 5299 2677 5342 sermonum
2709 5284 2803 5336 Det
2829 5287 2848 5333 ἐ

2020 5383 2216 5439 PALL.
2248 5383 2323 5435 Ita
2347 5389 2431 5435 est

2019 5475 2174 5530 (ΝΒ.
2213 5473 2358 5526 Nihil
2394 5479 2576 5524 autem
2603 5467 2666 5521 ad
2696 5467 2994 5534 perlectum
3017 5456 3305 5513 adduxisse
3331 5452 3524 5520 legem,

1962 5584 1977 5613 ‹
2020 5560 2356 5630 lmpossibile
2385 5556 2653 5627 siquidem
2689 5560 2790 5615 est,
2835 5548 3098 5618 sanguine
3140 5555 3422 5598 taurorum
3470 5544 3526 5594 ct
