3996 6212
410 330 512 386 667

1425 326 1480 382 S.
1522 326 1797 383 CYRILLI
1833 325 2301 382 ALEXANDRINI
2341 323 2671 394 ARCHIEP.,

3550 313 3657 374 ιω

411 447 690 501 hircorum
740 447 941 502 auferri
981 453 1201 517 peccata
1223 432 1340 512 ⁸⁵,ι
1377 447 1639 502 continuo
1664 447 1843 502 disces
1866 487 1880 511 ,
1928 454 1975 501 el

2085 445 2241 509 τίας,
2279 462 2298 495 ι
2335 442 2633 510 άναμάθοις
2663 440 2731 494 ἂν
2760 438 2941 502 εὐθὺς,
2975 436 3069 491 καὶ
3108 437 3227 490 λίαν
3262 437 3520 507 ἀμογητὶ,
3562 436 3662 490 καὶ

411 536 632 605 quidem
652 537 770 591 sine
790 536 900 591 ullo
919 537 1140 608 negotio
1164 577 1178 602 ,
1213 537 1261 592 si
1290 537 1455 592 modo
1476 536 1615 592 labri
1638 538 1805 593 etiam
1837 537 1983 592 illius

411 645 572 684 usum
603 630 1079 686 consideraveris:
1118 639 1241 686 erat
1288 630 1439 686 enim
1482 631 1538 685 in
1587 629 1772 685 medio
1802 630 1982 700 primo

412 718 761 773 tabernaculo
811 720 978 775 situm
1012 721 1359 791 splendidum
1403 729 1569 792 atque
1597 722 1978 792 conspicuum,

408 807 570 875 cujus’
589 822 728 876 aqua
747 808 1119 879 ingredientes
1146 812 1203 865 in
1233 811 1429 866 Sancta
1454 820 1770 866 sanctorum
1789 811 1983 867 ablue-

410 897 609 952 bantur
636 914 650 951 :
683 898 737 954 id
771 900 918 955 enim
937 902 1318 957 sacerdotibus
1338 902 1455 972 lege
1487 910 1818 973 praeceptum
1838 911 1978 958 erat.

409 987 578 1057 Igitur
631 988 724 1044 illa
760 991 959 1056 etiam,
998 1008 1120 1061 quae
1159 993 1217 1047 in
1264 993 1383 1062 lege
1422 994 1688 1063 perfectio
1739 994 1978 1059 videtur,

411 1079 728 1149 imperfecta
761 1089 874 1148 est,
923 1099 989 1138 ac
1041 1084 1213 1139 sancti
1265 1084 1610 1154 baptismatis
1638 1085 1981 1154 puriﬁcatio-

304 1226 311 1231 ,
392 1173 539 1224 'ncm
568 1171 851 1238 insinuat,
900 1189 1011 1243 quo
1048 1190 1264 1231 sacrum
1312 1176 1447 1231 illud
1500 1191 1673 1247 genus
1712 1176 1977 1240 abluitur,

408 1276 625 1327 eorum,
656 1262 900 1333 inquam,
931 1267 1025 1334 qui
1049 1266 1154 1321 ﬁde
1176 1266 1456 1338 justiﬁcati
1483 1275 1630 1335 sunt,
1660 1282 1798 1337 quos
1815 1268 1981 1323 etiam

411 1351 604 1415 beatus
635 1354 725 1409 ille
758 1354 1061 1426 discipulus
1085 1357 1470 1428 alloquebatur
1500 1375 1513 1412 :
1550 1376 1568 1409 ι
1596 1359 1705 1413 Vos
1723 1364 1928 1424 autem,
1953 1377 1972 1409 ι

410 1438 621 1508 inquit,
654 1459 672 1491 ι
711 1457 887 1512 genus
912 1444 1148 1500 electum
1166 1486 1181 1511 ,
1209 1446 1390 1517 regale
1415 1445 1783 1502 sacerdotium
1803 1487 1818 1512 ,
1846 1461 1980 1518 gens

407 1538 625 1593 sancta,
662 1535 898 1602 populus
942 1535 999 1590 in
1039 1538 1489 1607 acquisitionem,
1532 1545 1592 1593 ut
1623 1538 1852 1593 virtutes
1879 1554 1980 1593 an-

406 1622 671 1678 nuntietis
692 1625 812 1695 ejus
834 1665 848 1692 ,
882 1627 976 1697 qui
1004 1627 1073 1683 de
1122 1630 1367 1684 tenebris
1396 1644 1498 1684 nos
1537 1630 1757 1684 vocavit
1793 1630 1850 1684 in
1877 1628 1979 1684 ad-

403 1710 654 1770 mirabile
712 1714 899 1772 lumen
936 1733 1096 1772 suum
1112 1720 1180 1772 ⁵ο.
1211 1738 1231 1770 ι
1279 1718 1418 1773 Illud
1459 1719 1627 1774 etiam
1654 1719 1976 1784 sciendum,

2081 536 2182 607 τὴν
2204 536 2296 590 τοῦ
2326 535 2582 605 λουτῆρος
2605 531 2793 604 χρείαν
2825 529 3174 600 ἐννενοηκώς.
3206 530 3426 582 Ἕκειτο
3452 528 3557 599 γὰρ
3596 530 3662 581 ἐν

2087 627 2224 698 μέση
2252 629 2317 699 τῇ
2343 624 2532 697 πρώτῃ
2555 625 2726 694 σκηνῇ
2752 622 3003 692 λαμπρὸς
3044 620 3140 674 καὶ
3166 619 3480 689 περίοπτος,
3523 635 3662 689 προ-

2083 717 2353 782 απονίςων
2387 715 2539 770 ὕδατι
2566 715 2692 779 τοὺς
2724 715 2803 777 είς
2823 712 2891 766 τά
2916 713 3083 780 ’Ἅγια
3116 709 3224 764 τῶν
3249 709 3422 778 ἁγίων
3445 710 3663 781 εἰστρέ-

2082 823 2293 879 χοντας.
2328 805 2547 859 Τέθειτο
2570 803 2681 875 γὰρ
2708 805 2820 866 τοῖς
2851 800 3087 873 ἱερεῦσιν
3109 801 3137 854 ό
3164 800 3257 853 ἐπὶ
3286 797 3424 870 τῷδε
3467 799 3657 868 νόμος.

2082 899 2289 954 Οὐκοῦν
2322 898 2414 952 καὶ
2448 899 2481 969 ή
2520 899 2579 951 ὲν
2616 897 2767 967 νόμῳ
2802 894 3045 948 δοκοῦσί
3086 893 3387 963 πλήρωσις,
3436 892 3657 975 ἀτελὴς,

2080 987 2178 1059 τήν
2209 987 2301 1041 διὰ
2348 987 2442 1040 τοῦ
2489 985 2645 1054 ἁγίου
2708 983 3079 1054 βαπτίσματος
3134 980 3401 1052 κάθαρσιν
3448 979 3659 1050 ὑποδη-

2081 1077 2267 1139 λοῦσα,
2293 1077 2327 1146 ἢ
2359 1076 2420 1130 τὸ
2448 1075 2591 1147 ἱερὸν
2622 1073 2878 1128 ὲκπλύνει
2898 1072 3074 1141 γένος,
3110 1071 3255 1141 φημὶ
3275 1069 3339 1141 δή
3373 1069 3437 1123 τὸ
3460 1068 3569 1122 τῶν
3595 1070 3661 1122 ὲν

2082 1169 2260 1222 πίστει
2288 1164 2742 1237 δεδικαιωμένων,
2773 1157 2857 1227 οἷς
2890 1163 2986 1217 καὶ
3012 1164 3041 1216 ό
3082 1160 3367 1223 θεσπέσιος
3405 1159 3660 1230 μαθητὴς

2081 1261 2514 1334 προσπεφώνηκε
2557 1260 2751 1329 λέγων,
2783 1276 2804 1310 ι
2853 1257 3039 1328 Ὑμεῖς
3066 1255 3125 1309 δὲ
3169 1254 3324 1325 γένος
3374 1254 3656 1315 ἐκλεκτὸν,

2082 1352 2350 1425 βασίλειον
2406 1353 2722 1423 ἱεράτευμα,
2776 1349 2927 1413 ἔθνος
2967 1348 3144 1416 άγιον,
3194 1345 3321 1409 λαὸς
3363 1346 3444 1408 εἰς
3493 1360 3656 1414 περι-

2080 1447 2318 1516 ποίησιν,
2349 1445 2435 1499 ίνα
2460 1443 2559 1508 τάς
2583 1441 2785 1515 ἀρετάς
2817 1438 3169 1510 ἐξαγγείλητε
3204 1436 3301 1490 τοῦ
3336 1439 3406 1490 ἐκ
3426 1434 3656 1498 σκότους

2079 1540 2226 1611 ἡμᾶς
2241 1536 2566 1599 καλέσαντος
2590 1535 2669 1598 είς
2686 1533 2745 1587 τὸ
2758 1530 3067 1603 θαυμαστὸν
3083 1527 3246 1582 αὐτοῦ
3264 1526 3399 1596 φῶς.
3414 1545 3432 1577 ι
3454 1525 3657 1578 ’ἰστέον

2078 1629 2136 1683 δὲ
2161 1630 2244 1684 ὅτι
2271 1629 2366 1682 καὶ
2392 1630 2458 1699 τῇ
2495 1625 2635 1697 θύρᾳ
2673 1625 2772 1694 τῆς
2804 1623 2908 1690 ἔξω
2951 1620 3157 1693 σκηνῆς
3198 1617 3658 1689 περιτετάννυστο

2080 1720 2500 1790 καταπέτασμα,
2535 1717 2611 1781 ὡς
2640 1715 2708 1770 ἂν
2737 1715 2811 1786 μὴ
2842 1713 3028 1783 γυμνά
3067 1728 3128 1765 τε
3159 1712 3254 1764 καὶ
3283 1709 3501 1780 ἐμφανῆ
3539 1711 3656 1772 τοῖς

404 1804 606 1862 ostium
649 1822 868 1879 quoque
919 1810 1165 1883 exterius
1208 1810 1545 1865 tabernaculi
1576 1810 1844 1866 velamine
1889 1812 1975 1867 ob-

2082 1810 2280 1877 ἔξωθεν
2305 1782 2493 1880 είηντά
2546 1782 3106 1883 ’Δγιαξτοῦτέστιῃ
3131 1803 3165 1873 ἡ
3210 1798 3401 1869 πρώτη
3453 1797 3651 1867 σκηνὴ,

402 1903 616 1950 lentum
644 1896 833 1964 fuisse,
861 1916 931 1956 ne
962 1901 1050 1965 iis,
1079 1900 1174 1971 qui
1207 1909 1363 1956 extra
1403 1910 1620 1967 essent,
1675 1910 1863 1972 aperta
1899 1910 1984 1958 at-

402 1999 511 2054 que
536 1986 824 2057 perspicua
847 1987 1042 2045 ﬁerent
1086 1989 1307 2054 Sancta,
1336 1990 1503 2061 338
1539 1990 1594 2045 id
1631 2000 1714 2047 est
1740 1992 1981 2061 primum

406 2076 844 2146 tabernaculum,
878 2081 934 2135 in
960 2097 1070 2151 quo
1091 2082 1264 2153 legale
1301 2082 1437 2138 illud
1456 2083 1628 2139 altare
1654 2085 1980 2142 collocatum

403 2175 528 2221 erat
565 2185 578 2221 :
604 2184 711 2239 qua
738 2187 935 2228 rursus
964 2173 1138 2244 ﬁgura
1164 2173 1499 2241 declaratur,
1548 2190 1619 2230 ne
1650 2175 1822 2246 ipsam
1846 2192 1982 2248 quo-

404 2272 519 2327 que
544 2259 719 2331 legem
752 2277 873 2319 esse
910 2264 1087 2321 cuivis
1130 2266 1479 2337 perspicuam
1506 2284 1521 2321 :
1553 2268 1800 2324 velamen
1831 2270 1980 2325 enim

409 2347 577 2406 habet
594 2352 778 2414 littera
792 2394 807 2421 ,
829 2362 886 2412 et
905 2357 1140 2427 quadam
1155 2359 1474 2419 umbrarum
1500 2360 1834 2418 obscuritate
1853 2377 1983 2419 con-

408 2447 553 2497 tecta
581 2451 666 2499 est
696 2452 860 2515 atque
888 2448 1084 2504 vestita
1110 2448 1536 2519 quodammodo.

469 2533 668 2590 PALL.
707 2537 797 2594 Sic
825 2553 883 2594 se
916 2555 1006 2595 res
1027 2540 1214 2596 habet.

469 2623 626 2679 CYR.
663 2626 849 2697 Itaque
907 2629 966 2683 in
1005 2631 1185 2701 primo
1238 2633 1460 2701 quidem
1505 2632 1859 2690 tabernaculo
1893 2634 1977 2690 la-

2081 1897 2192 1976 ὲνῇ
2224 1902 2285 1957 τδ
2303 1903 2361 1956 ὲν
2387 1900 2537 1971 νόμῳ
2570 1896 2970 1967 θυσιαστήριον·
2989 1890 3436 1962 καταδηλοῦντος,
3470 1885 3650 1959 οἶμαι,

2080 1995 2172 2050 τοῦ
2194 1994 2366 2048 τύπου
2401 1991 2582 2054 πάλιν,
2608 1990 2690 2043 ὃτι
2719 1988 2853 2059 μηδὲ
2874 1986 3037 2051 αὐτὸς
3063 1987 3176 2050 τοῖς
3195 1981 3449 2055 τυχοῦσιν
3473 1983 3655 2054 ὲμφα-

2081 2087 2176 2157 νὴς
2205 2088 2234 2139 ὁ
2259 2085 2438 2156 νόμος.
2467 2080 2888 2150 Κατακάλυμμα
2915 2078 3023 2150 γάρ
3053 2076 3164 2148 ἔχει
3190 2076 3252 2129 τὸ
3274 2074 3531 2147 γράμμα,
3555 2072 3654 2126 καὶ

2080 2171 2557 2231 κατακεκάλυπταί
2580 2189 2641 2225 τε
2665 2171 2758 2226 καὶ
2785 2167 3195 2241 κατημφίασταί
3228 2183 3345 2229 πως
3370 2163 3561 2235 τὴνὼς
3590 2165 3657 2216 ὲν

2082 2271 2259 2333 σκιαῖς
2280 2266 2568 2337 ἀσάφειαν.

1992 2534 2042 2543 “”
2147 2533 2358 2588 ΠΑΔΔ.
2388 2523 2516 2587 Ὧδε
2548 2531 2682 2602 ἔχει.
2956 2544 2967 2551 ‘
3040 2566 3047 2575 ι

2149 2624 2313 2678 ΚΥΡ.
2354 2623 2560 2678 Οὐκοῦν
2609 2624 2668 2676 ὲν
2715 2621 2812 2694 μὲν
2860 2621 2926 2692 τῇ
2975 2617 3164 2691 πρώτῃ
3208 2619 3379 2689 σκηνῇ
3450 2612 3655 2685 λουτὴρ

399 2716 561 2771 brum
611 2727 732 2773 erat
777 2720 1019 2789 positum
1084 2731 1140 2777 et
1184 2724 1391 2792 altare;
1428 2725 1487 2780 in
1530 2726 1774 2782 secundo
1811 2736 1975 2798 atque

2081 2714 2255 2770 ἔκειτο
2282 2715 2376 2769 καὶ
2404 2714 2810 2785 θυσιαστήριον·
2862 2713 2919 2766 ἐν
2942 2711 3002 2765 δὲ
3040 2713 3106 2782 τῇ
3133 2709 3362 2782 δευτέρᾳ
3392 2707 3487 2760 καὶ
3511 2708 3655 2759 ὲσωο

398 2807 596 2863 intimo
625 2824 752 2865 arca
791 2820 848 2866 et
875 2813 1264 2870 candelabrum
1285 2857 1300 2880 ,
1332 2833 1563 2874 aureum
1594 2834 1815 2889 quoque
1842 2820 1974 2874 thu-

2081 2808 2242 2867 τάτω,
2277 2808 2311 2877 ή
2347 2805 2577 2868 κιϐωτὸς
2608 2806 2705 2858 ml.
2742 2806 2777 2876 ή
2805 2803 3030 2889 λυχνίαο
3060 2804 3157 2857 καὶ
3200 2802 3386 2871 μέντοι
3436 2800 3530 2853 καὶ
3584 2798 3654 2853 τὸ

398 2899 663 2966 ribulum,
700 2901 757 2956 in
781 2918 892 2972 quo
936 2913 1100 2961 tenue
1136 2906 1272 2962 illud
1302 2908 1595 2979 thymiama
1626 2888 1971 2977 adolebatur,

2081 2896 2311 2971 χρυσοῦν
2355 2898 2748 2969 θυμιατήριον,
2806 2895 2892 2965 ἐφ’
2941 2888 2986 2963 ᾧ
3028 2893 3090 2948 τὸ
3132 2891 3327 2946 λεπτὸν
3374 2889 3647 2979 θυμίαμα,

398 3004 587 3046 mensa
618 2991 858 3063 denique
907 3011 972 3052 ac
998 3012 1184 3067 panes.
1252 2977 1505 3056 Meminit
1540 3016 1757 3072 quoque
1780 3002 1975 3059 beatus

2081 2983 2324 3060 τράπεζά
2351 3004 2408 3041 τε
2442 2987 2535 3041 καὶ⁵
2558 2986 2734 3058 ἄρτοι.
2771 2984 3153 3055 Διαμέμνηται
3193 2982 3251 3035 δὲ
3292 2983 3322 3034 ό
3365 2977 3652 3042 θεσπέσιος

401 3081 603 3137 Paulus
639 3098 821 3139 aureas
844 3100 998 3141 urnae
1022 3126 1037 3153 ,
1097 3087 1152 3143 in
1190 3105 1298 3159 qua
1329 3099 1449 3146 erat
1500 3106 1731 3158 manna;
1762 3093 1971 3164 virgam

2081 3079 2288 3144 Παῦλος
2307 3079 2402 3133 καὶ
2424 3077 2663 3149 στάμνου
2695 3075 2900 3147 χρυσῆς
2935 3072 3164 3146 ἐχούσης
3208 3072 3270 3126 τδ
3303 3071 3496 3142 μάννα.
3535 3070 3651 3122 Καὶ

398 3186 618 3242 quoque
642 3173 823 3230 Aaron
847 3176 1006 3232 nobis
1032 3188 1456 3246 commemorat,
1495 3197 1660 3252 quam
1686 3183 1742 3238 in
1759 3161 1972 3240 Sanctis

2081 3171 2187 3243 μὴν
2233 3172 2327 3226 καί
2359 3170 2552 3242 ῥάϐδον
2599 3170 2731 3240 ἡμῖν
2760 3165 3012 3238 ὀνομάζει
3047 3167 3148 3236 τὴν
3186 3161 3417 3235 Ἀαρὼν,
3446 3162 3512 3232 ἢν
3554 3161 3653 3214 καὶ

398 3273 714 3323 sanctorum
756 3270 1051 3339 repositam
1076 3272 1245 3329 fuisse
1276 3274 1445 3337 dicit.
1492 3282 1553 3330 ut
1583 3276 1678 3346 qui
1708 3277 1766 3331 in
1802 3279 1973 3334 sacris

400 3354 624 3424 Litteris
648 3367 896 3416 versatus
920 3369 1084 3429 esset,
1106 3372 1163 3420 et
1199 3381 1321 3435 qua:
1359 3366 1488 3421 olim
1517 3369 1753 3434 sancita,
1786 3384 1975 3439 quaeve

399 3443 561 3499 beato
615 3447 783 3519 Moysi
851 3450 1117 3513 divinitus
1166 3464 1439 3525 pmcepta
1487 3464 1706 3522 essent,
1767 3459 1974 3528 optime

398 3539 629 3590 nosset:
673 3536 827 3592 novit
867 3538 1034 3595 etiam
1077 3557 1324 3597 mensam
1369 3552 1532 3614 atque
1580 3546 1973 3602 candelabrum

399 3624 457 3680 in
492 3627 672 3697 primo
704 3629 1055 3686 tabernaculo
1078 3632 1268 3689 fuisse.
1294 3633 1500 3690 Scribit
1527 3644 1710 3691 autem
1731 3637 1800 3692 ad
1826 3639 1975 3695 hunc

402 3717 621 3773 modum
661 3719 729 3774 de
755 3721 970 3777 duobus
1000 3725 1372 3780 testamentis:
1405 3744 1424 3777 ι
1454 3726 1514 3780 In
1544 3742 1611 3782 eo
1635 3728 1782 3798 quod
1804 3729 1971 3795 dicit,

399 3822 626 3875 novum,
678 3812 947 3867 veteravit
988 3812 1124 3868 illud
1168 3816 1357 3885 prius;
1419 3816 1573 3885 quod
1601 3826 1787 3874 autem
1812 3830 1970 3878 vete-

401 3900 542 3955 ravit
573 3910 633 3957 et
694 3903 1030 3974 antiquatur,
1064 3922 1235 3977 prope
1270 3907 1555 3963 interitum
1608 3919 1712 3967 est.
1769 3912 1974 3971 Habuit

398 3990 621 4061 quidem
661 4002 717 4050 et
762 3995 917 4066 prius
972 3996 1109 4051 illud
1158 3998 1579 4068 iustiﬁcationes
1633 4002 1882 4069 culturas,
1917 4014 1974 4062 et

399 4090 648 4140 sanctum
681 4087 959 4143 saeculare.
989 4088 1424 4146 Tabernaculum
1472 4091 1621 4147 enim
1651 4092 1857 4150 factum
1887 4106 1974 4154 est

398 4174 657 4244 primum,
691 4177 746 4232 in
787 4194 898 4249 quo
927 4179 1317 4237 candelabrum
1342 4191 1399 4238 et
1434 4199 1642 4251 mensa,
1674 4194 1732 4242 et
1767 4202 1972 4259 propo-

397 4263 528 4320 sitio
577 4281 799 4336 panum,
834 4284 956 4340 quae
996 4270 1201 4327 dicitur
1235 4281 1422 4329 sancta
1455 4292 1468 4328 :
1503 4285 1631 4346 post
1668 4280 1972 4335 secundum

396 4364 582 4413 autem
629 4358 1026 4428 velamentum,
1092 4363 1503 4420 tabernaculum
1570 4367 1719 4436 quod
1765 4369 1971 4427 dicitur

2076 3265 2135 3316 ὲν
2168 3265 2281 3327 τοῖς
2319 3262 2519 3330 Ἀγίοις
2558 3260 2666 3315 τῶν
2702 3259 2872 3328 ἁγίων
2911 3255 3294 3312 άποτεθεῖσθαί
3335 3270 3518 3325 φησιν,
3551 3253 3650 3306 ἅτε

2074 3354 2138 3427 δὴ
2171 3353 2268 3408 καὶ
2314 3353 2423 3406 τῶν
2470 3351 2632 3423 ἱερῶν
2665 3351 3013 3423 Γραμμάτων
3044 3345 3315 3422 ἐντριϐὴς,
3350 3346 3446 3398 καὶ
3475 3345 3649 3411 ἐγνω-

2076 3443 2188 3509 κὼς
2214 3447 2296 3499 ὅτι
2327 3442 2563 3515 μάλιστά
2584 3458 2648 3511 γε
2680 3441 2750 3495 τά
2775 3439 3175 3511 τεθεσπισμένα
3218 3437 3357 3491 κατὰ
3399 3436 3649 3506 καιροὺς,

2077 3538 2171 3592 καὶ
2205 3536 2283 3608 τῷ
2320 3536 2573 3608 μακαρίῳ
2598 3536 2771 3605 Μωσῇ
2800 3532 3253 3604 προστεταγμένα
3282 3528 3486 3582 θεόθεν.
3521 3522 3648 3580 Οἵδε

2073 3623 2316 3684 δὲοῦσαν
2362 3628 2458 3682 καὶ
2507 3625 2788 3699 τράπεζαν
2833 3626 2928 3678 καὶ
2971 3623 3193 3692 λυχνίαν
3239 3622 3298 3674 ὲν
3343 3622 3410 3691 τῇ
3455 3615 3646 3690 πρώτῃ

2076 3722 2271 3792 σκηνῇ.
2301 3720 2508 3790 Γράφει
2556 3718 2614 3773 δὲ
2650 3716 2793 3771 οὕτω
2827 3715 2957 3787 περὶ
3002 3717 3123 3768 ταῖν
3167 3712 3311 3766 δυοῖν
3337 3710 3646 3780 διαθήκαιν,

2080 3810 2199 3863 «Ἑν
2233 3809 2310 3881 τῷ
2335 3808 2517 3877 λέγειν
2542 3806 2756 3878 καινήν,
2799 3804 3151 3860 πεπαλαίωκε
3177 3803 3274 3872 τήν
3305 3800 3550 3872 πρώτην.
3575 3799 3651 3852 Τὸ

2072 3883 2128 3954 δὲ
2165 3898 2560 3969 παλαιούμενον
2609 3897 2703 3950 καὶ
2750 3894 3050 3967 γηράσκον,
3102 3893 3271 3961 ἐγγὺς
3311 3886 3643 3960 ἀφανισμοῦ.

2073 3986 2202 4063 Εἶχε
2260 3991 2358 4061 μὲν
2405 3984 2498 4045 οὖν
2547 3990 2642 4044 καὶ
2682 3989 2716 4060 ή
2768 3986 2957 4059 πρώτη
2994 3981 3335 4054 δικαιώματα
3366 3981 3645 4053 λατρείας,

2071 4084 2133 4138 τό
2161 4101 2220 4137 τε
2242 4084 2395 4153 ἅγιον
2445 4079 2740 4152 κοσμικόν*
2782 4079 2955 4149 σκηνὴ
2998 4076 3106 4149 γάρ
3155 4075 3568 4146 κατεσκευάσθη
3612 4077 3645 4146 ή

2074 4175 2285 4248 πρώτη,
2317 4177 2374 4229 ἐν
2408 4168 2442 4248 ᾗ
2469 4175 2504 4246 ἦ
2540 4191 2600 4227 τε
2622 4172 2814 4244 λυχνία
2847 4172 2941 4226 καὶ⁵
2974 4172 3007 4242 ή
3034 4168 3301 4242 τράπεζα,
3326 4170 3422 4222 καὶ
3449 4170 3484 4239 ἡ
3507 4168 3642 4239 πρό.

2073 4270 2221 4333 θεσις
2267 4268 2373 4323 τῶν
2422 4267 2622 4342 ἄρτων,
2660 4266 2779 4338 ἥτις
2826 4264 3043 4332 λέγεται
3095 4261 3251 4331 ἁγία.
3298 4260 3456 4314 Μετὰ
3488 4260 3544 4313 δὲ
3583 4259 3644 4311 τὸ

2070 4356 2319 4429 δεύτερον
2367 4355 2765 4425 καταπέτασμα
2813 4352 3014 4422 σκηνὴ,
3061 4353 3094 4423 ή
3136 4348 3402 4421 λεγομένη
3477 4347 3642 4416 Ἅγια

400 4446 597 4503 Saneta
629 4460 964 4519 sanctorum,
1010 4468 1239 4509 aureum
1278 4454 1488 4509 habens
1528 4456 1871 4515 thuribulum
1910 4471 1968 4518 et

2081 4450 2259 4520 ὶγίων,
2286 4446 2518 4520 χρυσοῦν
2547 4446 2746 4517 ἔχουσα
2768 4444 3148 4515 θυμιατήριον,
3173 4442 3266 4496 καὶ
3285 4440 3386 4511 τὴν
3414 4436 3643 4493 κιϐωτὸν

396 4553 578 4594 arcam
606 4543 938 4609 testamenti,
972 4553 1278 4599 contectam
1317 4558 1385 4598 ex
1425 4547 1575 4601 omni
1608 4556 1765 4617 parte
1792 4567 1929 4608 auro
1951 4595 1967 4621 ,

397 4629 454 4686 in
483 4646 588 4701 qua
618 4648 757 4687 urna
784 4648 951 4688 aurea
993 4633 1201 4688 habens
1238 4648 1468 4707 manna,
1521 4646 1577 4693 et
1611 4639 1765 4710 virga
1787 4641 1969 4701 Aaron

395 4734 518 4789 quae
554 4720 835 4787 ﬂoruerat,
875 4728 932 4777 et
970 4721 1166 4777 tabulae
1204 4727 1516 4781 testamenti
1550 4745 1563 4781 :
1596 4743 1762 4800 supra
1784 4743 1969 4791 autem

395 4812 571 4878 ipsam
603 4812 905 4868 Cherubim
963 4813 1150 4884 gloria:
1206 4814 1591 4875 obumbrantia
1646 4825 1971 4895 prapitiato-

396 4900 540 4954 rium
578 4902 647 4933 ⁵⁸⁵
675 4943 693 4968 ,
734 4923 752 4954 ι
786 4902 855 4958 de
877 4904 1084 4974 quibus
1116 4920 1226 4961 non
1256 4912 1342 4960 est
1368 4923 1517 4965 nunc
1549 4910 1843 4970 dicendum
1870 4933 1973 4987 per

396 4989 629 5061 singula.

468 5080 665 5137 PALL.
699 5083 827 5149 Sed,
859 5084 904 5139 si
937 5085 1027 5141 cui
1063 5088 1330 5158 placuerit
1353 5092 1670 5165 diligentius
1696 5111 1964 5165 quaerere,

397 5172 706 5244 dixeritque
748 5190 941 5232 causas
975 5179 1131 5236 reddi
1189 5194 1449 5254 Oporterc
1515 5188 1687 5241 totius
1714 5197 1968 5245 constru-

395 5263 614 5331 ctionis,
641 5281 887 5335 qmenam
907 5284 936 5321 a
962 5271 1122 5326 nobis
1150 5273 1337 5330 aﬁ‘erri
1363 5276 1566 5346 poterit
1606 5278 1791 5332 ratio?

465 5354 622 5412 CYR.
645 5356 803 5426 Quia,
834 5360 1061 5428 Palladi,
1089 5365 1195 5420 alia
1225 5368 1446 5436 quidem
1473 5378 1598 5423 ante
1621 5369 1963 5427 tabernaculi

397 5449 884 5517 constructionem,
941 5453 1049 5507 alia
1084 5464 1208 5525 post
1249 5457 1368 5512 ﬁeri
1410 5460 1702 5528 prmcepit;
1747 5477 1873 5516 nam
1910 5464 1965 5519 in

396 5534 601 5605 Exodo,
627 5547 918 5611 antequam
933 5543 1103 5599 ullum
1137 5545 1315 5601 adhuc
1335 5546 1559 5601 omnino
1582 5548 1753 5603 futuri
1788 5549 1968 5605 taber-

2070 4542 2169 4614 τῆς
2217 4541 2482 4612 διαθήκης
2530 4536 3083 4610 περικεκαλυμμένην
3117 4534 3380 4589 πάντοθεν
3412 4528 3641 4605 χρυσίῳ,

2070 4634 2129 4686 ὲν
2217 4631 2451 4701 στάμνος
2479 4629 2654 4702 χρυσῆ
2686 4627 2886 4699 ἔχουσα
2925 4625 2986 4679 τὸ
3019 4625 3212 4697 μάννα,
3248 4625 3341 4677 καὶ
3371 4625 3410 4693 ή
3449 4622 3643 4692 ῥάϐδος

2082 4724 2291 4796 Ἀαρὼν
2324 4726 2356 4794 ή
2391 4723 2758 4793 βλαστήσασα,
2793 4719 2887 4773 καὶ
2909 4719 2966 4772 αί
2998 4718 3201 4780 πλάκες
3230 4716 3330 4786 τῆς
3355 4714 3640 4784 διαθήκης.

2081 4816 2368 4888 ’Υπεράνω
2431 4815 2488 4868 δὲ
2541 4814 2712 4883 αὐτῆς
2772 4810 3053 4884 Χερουϐὶμ
3117 4806 3276 4876 δόξης
3339 4806 3643 4860 κατασκιά-

2069 4911 2227 4976 ζοντα
2257 4907 2319 4961 τὸ
2359 4906 2691 4978 ἱλαστήριον,
2724 4923 2743 4956 ι
2776 4904 2906 4974 περὶ
2932 4894 3005 4955 ὧν
3042 4900 3141 4953 οὐκ
3182 4898 3295 4950 ἔστι
3328 4896 3425 4948 νῦν
3466 4896 3644 4964 λέγειν

2065 4998 2208 5053 κατὰ
2233 4998 2418 5069 μέρος.

2135 5090 2471 5160 ΠΑΛΛ.¹Ἀρ’
2493 5081 2585 5143 οὖν
2622 5088 2676 5141 εί
2714 5105 2798 5152 τις
2818 5087 2990 5141 ἕλοιτο
3017 5087 3417 5157 φιλοπευστεῖν,
3446 5082 3645 5153 χρῆναί

2061 5203 2123 5240 τε
2146 5185 2295 5253 λέγοι
2325 5183 2423 5246 τὰς
2451 5182 2630 5246 αἰτίας
2663 5183 2838 5235 εἰπεῖν
2862 5180 2960 5249 τῆς
2997 5180 3124 5250 ὅλης
3150 5176 3523 5245 κατασκευῆς,
3558 5175 3644 5237 τίς

2066 5277 2132 5331 ἂν
2161 5275 2368 5345 γένοιτο
2393 5274 2526 5347 πρὸς
2549 5271 2707 5342 ἡμῶν
2735 5274 2764 5324 ό
2794 5271 2949 5338 λόγος
2975 5289 2990 5338 ;

2136 5369 2301 5423 ΚΥΡ.
2340 5368 2482 5431 Ὅτι,
2525 5360 2571 5418 ὧ
2618 5364 2902 5428 Παλλάδιε,
2946 5363 3014 5416 τά
3069 5362 3169 5432 μὲν
3194 5362 3299 5433 πρὸ
3333 5360 3432 5431 τῆς
3478 5376 3647 5413 κατα-

2069 5461 2267 5532 σκευῆς
2307 5458 2406 5529 τῆς
2448 5457 2610 5526 ἁγίας
2648 5460 2871 5528 σκηνῆς,
2902 5456 2968 5510 τὰ
3010 5456 3067 5509 δὲ
3113 5455 3255 5523 μετὰ
3297 5452 3457 5507 τοῦτο
3487 5452 3642 5521 γενέ-

2070 5552 2193 5606 σθαι
2243 5548 2631 5621 προστέταχεν.
2676 5547 2765 5601 Ἐν
2817 5546 2914 5618 μὲν
2962 5547 3070 5617 γὰρ
3097 5547 3162 5616 τῇ
3211 5543 3407 5613 Ἐξόδῳ
3436 5538 3646 5595 καίτοι

470 5720 515 5753 ⁵⁸
544 5722 710 5778 llcbr.
756 5743 849 5792 vn,
890 5728 976 5795 19;
1008 5744 1058 5794 χ,
1094 5731 1166 5788 4.,
1220 5732 1263 5764 ""
1295 5732 1476 5789 ll‘ctr.
1504 5750 1560 5800 ιι,
1596 5734 1646 5788 9.
1724 5739 1789 5771 ⁸⁵⁵
1815 5738 1975 5795 llcbr.

2081 5754 2126 5806 rt,
2165 5738 2217 5805 9,
2264 5738 2356 5804 l3;
2401 5752 2477 5802 ιτ,
2536 5735 2620 5789 1-5
