3996 6212
334 287 434 345 στι

1318 281 1375 337 S.
1421 280 1693 336 CYRILLI
1734 280 2211 336 ALEXANDRINI
2253 273 2575 335 ARCHIEI‘.

3484 277 3595 336 673

336 398 576 456 Verbum
621 405 739 453 erat
772 404 1024 465 tanquam
1081 392 1138 447 in
1165 407 1321 447 sacro
1351 394 1572 463 templo,
1608 394 1663 448 in
1691 409 1778 458 co,
1818 394 1904 446 in-
1938 413 1948 454 Α

2048 392 2148 462 γεῳ
2174 391 2308 461 ναῷ,
2345 391 2425 461 τῷ
2464 392 2529 443 ὲκ
2549 389 2826 460 Παρθένου
2864 388 3036 461 φημί·
3061 387 3150 444 τδν
3171 390 3333 444 αὑτὸν
3371 389 3436 463 δὴ
3470 366 3629 463 τρόιο.

337 506 523 562 quam,
544 489 691 560 quod
728 504 795 543 ex
840 486 1058 556 Virgine
1083 492 1427 554 sumpserat:
1464 486 1544 540 sic
1571 501 1739 540 aurea
1783 500 1921 538 urna

340 595 463 649 quae
491 592 690 632 manna
725 575 984 631 sensibile
1005 575 1344 640 continebat,
1372 575 1509 630 illud
1537 591 1840 646 supernum
1859 590 1922 630 ac

339 666 623 723 viviﬁcans
650 665 890 721 Verbum
915 664 1141 731 indicat,
1161 665 1422 720 nimirum
1455 666 1589 721 illud
1631 682 1699 722 ex
1728 666 1921 732 Patre,

343 768 601 828 tanquam
635 757 693 812 in
734 772 892 813 sacro
927 765 983 813 et
1015 758 1303 828 impolluto
1334 772 1587 828 corpore.
1623 758 1792 812 Plena
1839 765 1927 812 est

344 857 527 904 autem
551 864 689 903 urna
709 863 921 903 manna;
940 864 956 915 ;
978 867 997 899 ι
1026 849 1358 905 lnhabitavit
1386 849 1535 903 enim
1553 849 1609 903 in
1627 849 1720 903 illo
1745 849 1926 903 omnis

343 939 630 1009 plenitudo
651 939 955 995 divinitatis
983 940 1362 1011 corporaliter,
1390 958 1407 990 ι
1426 947 1489 994 ιιι
1513 939 1708 994 beatus
1723 939 1926 994 Paulus

347 1031 425 1084 ait
440 1032 504 1086 “.
529 1031 745 1101 «Neque
770 1031 839 1087 ad
862 1046 1172 1087 mensuram
1198 1032 1291 1085 dat
1306 1030 1571 1101 Spiritum
1596 1031 1661 1084 “.
1691 1050 1709 1082 ι
1736 1029 1927 1086 Perfe-

348 1122 627 1178 ctissimus
664 1122 815 1177 enim
855 1129 940 1177 est
980 1121 1252 1178 Christus.
1319 1122 1579 1193 Deposita
1620 1129 1706 1177 est
1759 1120 1927 1175 etiam

352 1229 512 1279 urna,
547 1221 610 1268 ut
650 1220 962 1268 servaretur
992 1213 1050 1267 in
1094 1213 1386 1283 progenies
1430 1213 1669 1268 ﬁliorum
1711 1214 1877 1268 Israel
1909 1232 1924 1268 :

352 1304 704 1375 incorruptus
733 1304 880 1359 enim
902 1320 965 1360 ac
994 1320 1211 1375 semper
1239 1320 1486 1371 manens,
1523 1314 1579 1361 et
1607 1306 1758 1360 omni
1785 1313 1931 1360 tem-

354 1411 488 1467 pore
508 1396 827 1451 notissimus
855 1403 937 1451 est
962 1395 1215 1452 Christus
1234 1437 1249 1462 ,
1274 1404 1331 1452 et
1353 1404 1439 1451 est
1466 1411 1654 1452 coram
1676 1397 1927 1461 Domino,

356 1487 413 1543 id
447 1495 531 1543 est
576 1487 633 1542 in
652 1495 947 1557 conspectu
971 1488 1151 1543 Patris
1186 1506 1199 1543 :
1233 1505 1361 1544 nam
1382 1529 1397 1554 ,
1433 1488 1652 1559 quando
1675 1488 1765 1543 ille
1794 1488 1931 1544 Uni-

355 1576 573 1647 genitus
587 1585 670 1631 est
684 1575 862 1631 factus
894 1578 1068 1632 nostri
1099 1578 1317 1643 similis,
1346 1587 1462 1632 tum
1489 1579 1655 1633 etiam
1686 1577 1934 1632 introivit

357 1669 415 1723 in
442 1666 639 1724 Sancta
663 1675 975 1723 sanctorum
997 1709 1013 1734 ,
1047 1685 1146 1738 per
1171 1669 1406 1738 amplius
1431 1683 1496 1723 ac
1518 1668 1818 1738 perfectius
1848 1675 1932 1721 ta-

358 1760 736 1825 bernaculum,
755 1760 810 1815 id
836 1770 921 1815 est
944 1736 1238 1825 incoalum,
1261 1736 1327 1814 ut
1357 1736 1618 1829 appareat
1635 1774 1783 1813 nunc
1810 1758 1936 1812 vul-
1967 1736 2009 1789 Β

359 1850 441 1903 tui
470 1849 567 1903 Dei
592 1864 694 1919 pro
724 1849 901 1912 nobis,
937 1856 997 1903 ut
1038 1849 1303 1919 scriptum
1353 1859 1439 1903 est
1465 1849 1532 1901 ".
1565 1848 1753 1918 Neque
1788 1848 1937 1903 enim

358 1939 600 2009 seipsum
639 1939 783 1994 sistit
819 1939 887 1993 ad
906 1947 1258 2008 conspectum
1288 1939 1485 2003 Patris,
1508 1939 1604 1994 sed
1626 1939 1775 1994 velut
1801 1938 1856 1993 in
1880 1954 1939 1993 se

361 2029 481 2100 ipso
506 2044 628 2095 nos,
652 2030 901 2100 quamvis
921 2045 989 2085 ex
1005 2029 1152 2084 illius
1174 2037 1473 2099 conspectu
1499 2030 1936 2096 recessissemus,

360 2135 427 2176 ac
463 2120 634 2175 veluti
681 2136 749 2177 ex
785 2121 962 2177 oculis
998 2136 1250 2177 essemus
1290 2122 1470 2177 aversi
1521 2129 1749 2192 propter
1790 2122 1939 2177 illam

363 2211 879 2282 transgressionem,
920 2226 1028 2282 qua
1063 2211 1120 2266 in
1145 2211 1318 2268 Adam
1341 2212 1590 2267 obstricti
1610 2228 1850 2277 eramus,
1886 2220 1943 2267 et

362 2310 589 2372 propter
609 2302 900 2373 imperium
939 2304 1171 2374 peccati,
1206 2304 1354 2373 quod
1391 2304 1651 2359 omnibus
1688 2304 1941 2359 domina-

362 2393 546 2449 batur.
578 2394 639 2449 In
659 2377 879 2451 Christo
908 2395 1075 2465 igitur
1094 2396 1389 2451 habuimus
1408 2411 1691 2451 accessum
1717 2404 1774 2450 et
1809 2395 1946 2449 ﬁdu-

363 2486 504 2541 ciam
552 2485 608 2540 in
633 2486 919 2542 introitum
952 2487 1302 2551 Sanctorum,
1338 2495 1403 2542 ut
1452 2487 1610 2542 nobis
1653 2487 1946 2557 sapientis-

366 2578 503 2633 sime
523 2579 727 2635 Paulus
754 2580 893 2634 dixit
908 2580 973 2633 °°.
992 2580 1064 2635 Ut
1096 2580 1244 2633 enim
1264 2589 1321 2635 et
1337 2582 1758 2641 resurreximus,
1781 2586 1836 2632 et
1868 2577 1944 2632 si-

367 2668 482 2722 mul
509 2667 861 2724 consedimus
888 2669 943 2722 in
960 2669 1278 2724 caelestibus
1305 2669 1362 2723 in
1382 2668 1622 2731 Christo,
1656 2669 1736 2723 sic
1758 2669 1945 2723 itidem

367 2756 426 2811 in
456 2757 575 2825 ipso
602 2756 669 2811 ad
693 2763 1049 2827 conspectum
1087 2758 1267 2812 Patris
1297 2758 1568 2812 venimus.
1599 2758 1677 2812 Ac
1714 2757 1782 2812 de
1810 2773 1947 2811 urna

369 2847 592 2919 quidem
625 2863 780 2903 sacra
812 2848 931 2903 haec
965 2847 1110 2903 dicta
1135 2847 1425 2904 suﬁiciant.
1454 2847 1729 2905 Caeterum
1777 2848 1946 2919 ipsam

370 2950 591 3009 quoque
639 2937 822 2993 Aaron
876 2938 1087 3009 virgam
1124 2938 1403 2995 Christum
1433 2939 1759 3011 signiﬁcare,
1789 2940 1947 2995 dein-

371 3044 522 3102 ceps,
539 3030 585 3084 si
616 3030 813 3100 placet,
849 3029 1119 3085 dicamus.

442 3122 643 3178 PALL.
674 3122 817 3178 Sane
838 3122 1080 3193 quidem.

442 3207 603 3265 CYR.
649 3208 790 3266 Core
819 3210 990 3282 igitur
1019 3219 1183 3281 atque
1207 3211 1437 3277 Abiron,
1468 3221 1524 3267 et
1565 3212 1776 3266 Dathan
1807 3226 1952 3281 pra:-

373 3306 546 3365 terea,
578 3314 646 3355 ex
676 3298 810 3355 Levi
835 3300 982 3356 tribu
1017 3317 1082 3356 ac
1102 3317 1302 3372 genere
1334 3303 1441 3358 orti
1485 3311 1679 3369 crant;
1717 3316 1953 3371 cumque

374 3391 472 3446 Dei
514 3391 793 3447 voluntate
830 3402 1043 3448 certum
1082 3403 1245 3464 atque
1278 3395 1637 3449 constitutum
1668 3409 1826 3450 sacro
1875 3403 1957 3448 ta-

374 3484 674 3541 bernaculo
702 3484 1049 3541 ministrandi
1076 3485 1316 3541 ollicium
1361 3487 1499 3555 ipsis
1543 3493 1691 3539 esset
1723 3499 1954 3538 concre-

376 3575 573 3639 ditum,
604 3575 773 3646 Moysi
820 3584 1003 3631 tamen
1034 3585 1091 3631 et
1124 3576 1307 3631 Aaron
1334 3576 1563 3646 gloriam
1606 3575 1764 3629 avide
1791 3575 1955 3629 nimis

374 3664 744 3733 expetierunt,
774 3664 1308 3734 eumque-honorem
1340 3664 1441 3733 ipsi
1477 3671 1798 3733 rapuerunt,
1828 3678 1955 3718 cum

378 3750 446 3805 ad
465 3750 519 3804 id
545 3765 747 3806 munus
767 3766 800 3805 a
822 3751 936 3806 Deo
961 3752 1186 3806 minime
1212 3751 1390 3806 vocati
1408 3758 1625 3815 essent;
1652 3749 1956 3820 quinetiam

378 3842 518 3899 adeo
549 3842 850 3900 insolenter
873 3843 1100 3900 audacia
1129 3851 1258 3898 sunt
1284 3842 1435 3907 elati,
1467 3842 1715 3912 adeoque
1760 3855 1957 3897 erexe-

380 3940 510 3988 runt
547 3934 925 4004 supercilium,
959 3941 1020 3987 ut
1063 3948 1172 3988 non
1202 3933 1314 4003 jam
1362 3930 1690 3995 mediocres,
1724 3929 1820 3986 sed
1850 3930 1956 3984 mi-

379 4024 528 4079 nime
551 4024 804 4080 ferendas
835 4024 1100 4080 adversus
1133 4033 1430 4094 utrumque
1456 4023 1758 4079 calumnias
1788 4022 1960 4092 jacta-

379 4123 539 4182 rent,
568 4124 625 4170 et
653 4114 803 4171 velut
839 4124 1196 4185 aspernantes
1234 4129 1457 4186 gregem
1493 4113 1634 4169 tauri
1679 4111 1836 4184 34],
1867 4127 1959 4167 se-

379 4204 669 4270 cederent,
701 4196 1041 4275 excussaque
1090 4206 1184 4262 Dei
1220 4205 1488 4261 servitute
1509 4245 1526 4270 ,
1576 4204 1701 4259 aliis
1737 4216 1959 4273 quoque

381 4294 547 4352 sociis
586 4295 916 4366 impietatis,
951 4304 1013 4353 ut
1038 4313 1145 4353 una
1187 4313 1372 4354 secum
1410 4297 1800 4359 abscederent,
1835 4311 1962 4350 sua-

2024 501 2125 536 πον
2154 483 2247 536 καὶ
2269 484 2301 553 ἡ
2334 483 2569 552 στάμνος
2597 483 2730 552 ἡμῖν
2753 484 2786 553 ἠ
2818 484 3014 554 χρυσῆ,
3038 484 3097 536 τὸ
3117 483 3291 555 μάννα
3316 482 3377 537 τὸ
3405 483 3601 554 αἰσθη-

2023 575 2112 629 τὸν
2159 573 2446 638 ὠδίνουσα,
2498 574 2589 628 τὸν
2635 573 2840 627 ἀνωθεν
2899 575 2992 629 καὶ
3030 572 3289 639 ζωοποιδν
3339 554 3628 647 ὲμφαίνεί

2024 665 2217 733 Λόγον,
2241 664 2399 735 δῆλον
2431 663 2488 717 δὲ
2513 663 2596 717 ὅτι
2642 663 2731 717 τὸν
2773 665 2839 719 ὲκ
2876 664 3113 736 Πατρδς,
3151 663 3227 729 ώς
3252 667 3309 719 ὲν
3335 665 3465 737 ἱερῷ
3501 661 3605 720 καὶ

2025 756 2277 827 ἀχράντῳ
2313 755 2546 826 σώματι.
2592 746 2917 827 Ἐπίμεστος
2955 756 3011 810 δὲ
3052 756 3146 810 καὶ
3176 756 3210 829 ἠ
3239 756 3604 829 στάμνος·τοῦ

2029 844 2551 917 μάννα.ιἝνιξ›κησε
2581 845 2691 918 γάρ
2713 848 2771 899 ὲν
2799 842 2945 917 αὑτῷ
2971 847 3079 901 πᾶν
3112 848 3174 901 τὸ
3206 848 3482 921 πλήρωμα
3511 850 3607 919 τῆς

2028 939 2281 1010 θεότητος
2337 940 2684 1012 σωματικῶς,
2723 958 2742 991 ›
2781 940 2925 994 κατά
2975 956 3041 1010 γε
3079 941 3177 1011 τὴν
3204 941 3300 995 τοῦ
3328 942 3607 1014 μακαρίου

2028 1031 2240 1085 Παύλου
2274 1032 2478 1104 φωνήν.
2503 1050 2522 1085 ι
2546 1032 2653 1087 Καλ
2685 1033 2786 1087 οὐκ
2819 1035 2883 1086 ὲκ
2919 1032 3120 1104 μέτρου
3148 1033 3328 1087 δίδωσι
3349 1033 3409 1086 τὸ
3429 1031 3608 1087 Πνεῦ-

2032 1144 2132 1197 μα.
2155 1145 2174 1179 ι
2204 1124 2522 1188 Παντέλειος
2550 1124 2701 1196 γάρὸ
2718 1123 2972 1195 Χριστός.
3016 1124 3299 1178 Ἀπέκειτο
3334 1124 3391 1177 δὲ
3414 1126 3448 1196 ἡ
3479 1123 3611 1177 στά-

2034 1231 2184 1284 μνος,
2203 1215 2282 1277 είς
2298 1212 2614 1284 διατήρησιν
2643 1212 2723 1275 είς
2750 1211 2852 1275 τὰς
2880 1210 3074 1279 γενεὰς
3090 1211 3198 1266 τῶν
3220 1212 3352 1267 υἱῶν
3366 1211 3608 1284 Ἰσραήλ.

2034 1303 2346 1375 Ἀφθαρτος
2377 1302 2487 1372 γὰρ
2519 1301 2613 1356 καὶ
2655 1300 2831 1372 μένων
2880 1301 2989 1363 ἀεὶ,
3026 1299 3121 1355 καὶ
3149 1300 3206 1355 ἐν
3241 1301 3405 1355 παντὶ
3428 1297 3612 1370 καιρῷ

2031 1412 2087 1448 τε
2119 1394 2214 1448 καὶ
2247 1393 2423 1464 χρόνῳ
2490 1390 2915 1463 γνωριμώτατος
2943 1393 2972 1446 6
3000 1392 3255 1464 Χριστός.
3308 1392 3419 1445 Καὶ
3461 1392 3612 1445 ἐστιν

2033 1485 2211 1539 ἔναντι
2239 1484 2467 1555 Κυρίου,
2494 1483 2638 1537 τοῦτ’
2660 1482 2827 1551 ἐστιν,
2855 1484 2912 1538 ἐν
2936 1482 3234 1554 ὀφθαλμοῖς
3257 1482 3353 1537 τοῦ
3375 1483 3612 1554 Πατρός.

2035 1577 2165 1631 Ὅτε
2201 1576 2311 1650 γὰρ
2358 1577 2549 1646 γέγονε
2582 1575 2705 1629 καθ’
2730 1576 2877 1646 ἡμᾶς
2919 1577 2948 1629 6
2993 1573 3327 1646 Μονογενὴς,
3364 1574 3483 1627 τότε
3517 1573 3615 1626 καὶ

2036 1667 2282 1739 εἰσῆλθεν
2310 1668 2391 1731 είς
2424 1667 2491 1720 τὰ
2509 1667 2678 1735 Ἀγια
2720 1666 2826 1719 τῶν
2859 1666 3050 1731 ἁγίων,
3091 1665 3180 1719 διὰ
3222 1666 3324 1736 τῆς
3370 1664 3616 1735 μείζονος

2037 1760 2130 1812 καὶ
2157 1758 2492 1830 τελειοτέρας
2526 1759 2752 1829 σκηνῆς,
2781 1757 2925 1811 τοῦτ’
2959 1756 3131 1824 ἔστιν,
3174 1757 3254 1821 είς
3298 1757 3390 1811 τὸν
3444 1757 3618 1826 οὐρα-

2039 1850 2147 1912 νὸν,
2189 1849 2284 1904 νῦν
2328 1849 2727 1920 ἐμφανισθῆναι
2775 1850 2851 1921 τῷ
2898 1849 3173 1922 προσώπῳ
3199 1847 3292 1903 τοῦ
3316 1848 3451 1902 Θεοῦ
3474 1847 3619 1919 ὑπὲρ

2038 1941 2217 2013 ἡμῶν,
2251 1941 2393 1995 καθά
2423 1941 2751 2011 γέγραπται.
2784 1942 2859 1994 Οὐ
2891 1941 3003 2012 γάρ
3034 1941 3224 1994 ἑαυτὸν
3265 1942 3322 1994 ὲν
3338 1940 3459 2011 ὄψει
3485 1939 3623 1993 καθ-

2044 2034 2218 2103 ίστησι
2261 2033 2354 2086 τοῦ
2388 2033 2620 2104 Πατρός,
2651 2032 2788 2087 ἀλλά
2828 2033 2975 2103 ἡμᾶς
2998 2033 3071 2095 ώς
3096 2034 3152 2086 ὲν
3181 2030 3379 2102 ἑαυτῷ,
3436 2030 3623 2084 καίτοι

2040 2125 2328 2193 γεγονότας
2361 2126 2425 2177 ὲκ
2453 2121 2746 2193 προσώπου
2773 2123 2865 2177 καὶ¹
2893 2124 3055 2178 οίονεί
3079 2140 3196 2187 πως
3211 2123 3269 2190 ἐξ
3298 2120 3621 2193 ὀφθαλμῶν,

2042 2216 2127 2269 διὰ
2157 2215 2252 2286 τὴν
2281 2217 2338 2268 ἐν
2383 2216 2554 2286 Ἀδάμ
2585 2214 2918 2287 παράϐασιν,
2954 2215 3049 2268 καὶ
3089 2214 3188 2285 τὴν
3221 2213 3360 2268 κατά
3398 2215 3627 2267 πάντων

2043 2308 2459 2380 τυραννήσασαν
2543 2306 2838 2379 ἁμαρτίαν.
2889 2307 2981 2360 Ἐν
3041 2308 3261 2378 Χριστῷ
3331 2305 3629 2376 τοιγαροῦν

2044 2397 2359 2468 ἐσχήκαμεν
2387 2397 2488 2467 τὴν
2525 2397 2913 2468 προσαγωγὴν,
2942 2398 3037 2450 καὶ
3060 2398 3159 2467 τὴν
3198 2397 3509 2468 παρῥησίαν
3544 2396 3630 2460 εἰς

2044 2487 2141 2557 τὴν
2180 2486 2380 2540 εἴσοδον
2411 2485 2521 2542 τῶν
2576 2487 2800 2554 ’Λγίων,
2834 2486 3086 2557 καθάπερ
3116 2489 3244 2557 ἡμῖν
3270 2489 3298 2539 6
3332 2486 3491 2554 σοφὸς
3517 2486 3628 2556 ἔφη

2046 2576 2273 2639 Παῦλος.
2310 2577 2519 2646 Ὠσπερ
2569 2578 2679 2647 γὰρ
2729 2578 2819 2629 καὶ
2857 2575 3302 2647 συνεγηγέρμεθα
3348 2577 3445 2629 καὶ
3497 2592 3632 2628 συν-

2046 2666 2382 2736 εκαθίσαμεν
2402 2667 2460 2718 ὲν
2490 2668 2600 2730 τοῖς
2621 2666 2964 2738 ἐπουρανίοις
2993 2669 3050 2719 ἐν
3075 2666 3312 2738 Χριστῷ,
3347 2665 3489 2720 οὕτω
3516 2667 3628 2720 πάρ

2046 2758 2128 2811 λιν
2158 2761 2214 2811 ὲν
2246 2758 2392 2829 αὑτῷ
2422 2759 2515 2812 καὶ
2545 2760 2602 2812 ἐν
2636 2759 2912 2831 προσώπῳ
2934 2760 3236 2831 γεγόναμεν
3257 2757 3352 2812 τοῦ
3390 2760 3625 2828 Πατρός.

2048 2849 2157 2905 Kal.
2193 2852 2433 2921 στάμνου
2484 2850 2582 2921 μὲν
2624 2850 2754 2924 πέρι
2776 2852 2875 2922 τῆς
2900 2851 3050 2922 ἱερᾶς
3069 2852 3306 2922 εἰρήσθω
3337 2850 3491 2903 τάδε·
3520 2867 3627 2919 ση-

2053 2942 2232 3012 μαίνει
2261 2941 2317 2994 δὲ
2349 2942 2429 2994 ὅτι
2453 2942 2544 2995 καὶ
2574 2942 2713 3012 αὐτὴ
2748 2942 2837 2995 τὶν
2861 2941 2904 2994 Χ
2915 2939 3143 3013 ριστδνή
3176 2940 3366 3013 ῥάϐδος
3393 2938 3624 3013 Ἀαρὼν,

1972 3060 2017 3118 c
2050 3033 2181 3103 φέρε
2208 3031 2272 3103 δὴ
2303 3032 2576 3103 λέγωμεν,
2612 3034 2661 3086 εί
2692 3032 2859 3085 δοκεῖ.

2121 3125 2210 3179 ΠΛ
2219 3127 2328 3178 AA.
2370 3126 2481 3178 Kal.
2513 3121 2678 3195 μάλα.

2120 3217 2283 3269 ΚΥΡ.
2324 3217 2470 3287 Κορὲ
2500 3217 2680 3270 τοίνυν
2712 3219 2807 3272 καὶ
2856 3218 3041 3290 μέντοι
3085 3217 3181 3272 καὶ
3218 3215 3496 3289 ‘AGatpt‘ov,
3532 3217 3633 3273 καὶ

2054 3308 2190 3379 πρός
2214 3324 2277 3376 γε
2302 3308 2477 3378 τούτῳ
2518 3308 2715 3376 Δαθαν,
2745 3310 2918 3380 φυλῆς
2950 3327 3009 3363 τε
3038 3311 3130 3363 καὶ
3160 3310 3386 3380 αἵματος
3432 3308 3631 3377 ἐξέφυ-

2056 3415 2150 3450 σαν
2181 3397 2276 3468 τῆς
2306 3398 2459 3451 Λευτο
2498 3400 2933 3470 συντεταγμένην
2977 3400 3051 3465 δὲ,
3086 3400 3238 3469 φησὶ,
3272 3402 3392 3462 ταῖς
3424 3397 3633 3452 ἀνωθεν

2053 3488 2254 3558 ψήφοις
2298 3489 2355 3541 ὲν
2408 3490 2475 3558 τῇ
2528 3490 2661 3561 ἁγίᾳ
2717 3494 2892 3562 σκηνῇ
2937 3491 3282 3561 λειτουργίαν
3332 3492 3632 3563 ὲγκεχειρι⁸

2056 3577 2264 3646 σμένοι,
2295 3576 2393 3647 τὴν
2423 3579 2665 3641 Μωσέως
2697 3596 2754 3631 τε
2803 3579 2900 3633 καὶ
2934 3579 3144 3651 Ἀαρὼν
3197 3579 3513 3650 δεδιψήκασι
3544 3580 3631 3633 δό-

2057 3668 2173 3734 ξαν,
2225 3670 2437 3732 ἑαυτοῖς
2470 3669 2807 3742 ἁρπάζοντες
2833 3670 2932 3742 τὴν
2971 3672 3155 3744 τιμὴν,
3203 3672 3530 3743 κεκλημένοι
3575 3673 3632 3727 δὲ

2055 3761 2175 3830 οὐχὶ
2201 3759 2337 3830 πρὸς
2373 3759 2531 3814 τοῦτο
2560 3760 2713 3831 παρὰ
2739 3760 2895 3814 Θεοῦ.
2929 3762 3039 3816 Καὶ
3069 3764 3177 3833 μὴν
3208 3763 3301 3816 καὶ
3325 3765 3406 3826 είς
3427 3764 3633 3833 ἀπηνὲς

2057 3850 2533 3922 ἀπογαυρςόειενοι
2561 3850 2782 3922 θράσος,
2805 3851 3207 3923 ὲξοφρυώμενοί
3243 3871 3300 3907 τε
3340 3854 3499 3921 ἄγαν,
3539 3872 3635 3922 φο-

2060 3942 2229 4013 ρητὴν
2265 3943 2363 4012 μὲ)
2392 3942 2595 4007 οὐκέτι,
2635 3941 2912 3997 δύσοιστον
2944 3944 3000 3997 δὲ
3044 3946 3239 4017 κομιδῇ
3280 3946 3399 3999 κατ’
3427 3947 3634 4015 ἀμφοῖν

2058 4031 2338 4086 ἐποιοῦντο
2381 4033 2479 4103 τὴν
2530 4032 2910 4105 κατάρῥησιν’
2964 4034 3287 4106 ἀτιμαγέλαι
3337 4035 3395 4089 δὲ
3444 4034 3634 4107 ὥσπερ

2058 4124 2478 4193 ἀπενοσφίζοντο
2517 4124 2729 4196 ταῦροι,
2790 4125 2884 4178 καὶ
2932 4127 3032 4197 τὴν
3077 4126 3184 4180 ὑπὸ
3224 4126 3342 4198 Θεῷ
3388 4128 3633 4181 δουλείαν

2058 4217 2458 4288 ἀποσειόμενοι,
2492 4217 2975 4288 συναποθρώσκειν
3002 4219 3182 4284 αὐτοῖς
3207 4220 3424 4289 ἐτέρους
3445 4220 3633 4274 δυσσε-

2060 4306 2284 4371 ϐοῦντας
2321 4307 2626 4362 ἀνέπειθον.
2672 4308 2813 4362 Ἀλλ’
2865 4312 2915 4362 οἱ
2971 4309 3068 4382 μὲν
3104 4310 3214 4363 τῶν
3262 4311 3413 4381 σφίσι
3456 4313 3633 4365 τετολ-

384 4384 600 4440 ιιειιωι.
677 4384 885 4441 Verum
920 4386 958 4441 ii
997 4402 1111 4442 sua:
1168 4387 1410 4441 audaciae
1461 4400 1652 4454 pmnas
1693 4385 1948 4450 luerunt;

2069 4399 2328 4471 μημένων
2367 4400 2794 4471 εἰσεπράττοντο
2837 4400 3011 4464 δίκας.
3044 4401 3332 4471 Διοιγνῦσα
3362 4402 3468 4473 γὰρ
3501 4404 3533 4473 ἡ
3560 4403 3630 4474 γῆ

387 4491 514 4531 nam
549 4483 691 4531 terra
712 4516 726 4541 ,
761 4492 886 4532 cum
913 4493 974 4532 os
995 4476 1321 4547 aperuisset,
1352 4476 1512 4529 simul
1543 4491 1667 4530 cum
1697 4475 1961 4545 cognatis,

381 4568 751 4625 tabernaculis
781 4576 945 4639 atque
980 4567 1313 4637 supellectili
1347 4567 1416 4622 ad
1456 4566 1665 4624 inferos
1699 4566 1963 4623 audacem

381 4660 647 4730 populum
679 4658 959 4713 demersit.
998 4658 1136 4713 Cum
1179 4657 1348 4728 igitur
1382 4657 1660 4728 legislator
1689 4658 1835 4713 Deus
1860 4655 1961 4713 dc-

382 4752 594 4808 clarare
622 4751 789 4807 vellet
812 4749 1020 4806 caelesti
1050 4749 1284 4805 arbitrio
1309 4765 1374 4804 ac
1397 4749 1626 4821 judicio,
1656 4765 1767 4804 non
1791 4749 1962 4821 Moysi

380 4842 663 4898 voluntate
701 4842 880 4898 Aaron
931 4842 1445 4911 praestantissimum
1499 4841 1794 4898 sacerdotii
1833 4857 1961 4913 gra-

382 4931 515 4987 dum
575 4949 697 4990 esse
760 4934 1059 4999 sortitum,
1094 4934 1232 4988 dixit
1276 4933 1346 4988 ad
1401 4934 1624 4989 beatum
1684 4933 1908 5005 Moysen
1943 4951 1971 4989 ι

395 5040 413 5072 ι
452 5022 706 5093 Loquere
738 5024 867 5081 ﬁliis
898 5026 1086 5091 Israel,
1109 5034 1167 5080 et
1189 5026 1374 5096 accipe
1410 5024 1480 5080 ab
1511 5026 1595 5081 eis
1618 5025 1827 5095 virgam
1863 5039 1964 5094 per

388 5113 584 5169 domos
640 5114 974 5174 familiarum
1039 5133 1302 5182 suarum,
1341 5134 1373 5173 a
1421 5118 1635 5174 cunctis
1692 5117 1960 5187 principi-

388 5203 495 5263 bus
547 5220 741 5265 eorum
800 5208 1092 5266 duodecim
1141 5210 1352 5281 virgas,
1427 5218 1485 5265 et
1531 5207 1772 5264 inscribe
1832 5208 1959 5262 uni-

390 5304 725 5373 uscujusque
782 5317 983 5358 nomen
1049 5302 1108 5357 in
1179 5302 1334 5372 virga
1397 5303 1518 5372 ejus
1544 5340 1559 5366 ,
1641 5308 1697 5356 ct
1759 5315 1961 5356 nomen

392 5390 568 5448 Aaron
612 5392 853 5448 inscribe
911 5392 967 5448 in
1016 5393 1168 5464 virga
1234 5390 1397 5456 Levi;
1459 5400 1545 5446 est
1597 5390 1746 5444 enim
1808 5390 1961 5460 virga

390 5495 497 5535 una
537 5501 550 5535 :
586 5499 685 5553 per
734 5484 937 5541 tribum
988 5485 1186 5541 domus
1222 5482 1553 5538 familiarum
1586 5482 1830 5554 ipsorum
1861 5482 1961 5537 da-

461 5629 507 5661 "
549 5630 664 5686 Col.
724 5652 779 5701 ιι,
829 5639 881 5694 9.
962 5640 1003 5671 ⁶δ
1037 5638 1188 5695 Ioan.
1231 5653 1308 5705 ιιι,
1340 5637 1427 5695 3i.
1507 5638 1552 5671 ε’
1580 5608 1765 5697 Πειπ.⁵
1795 5656 1868 5707 Ix,
1909 5638 1997 5693 ιιι.

2056 4489 2118 4543 τὺ
2154 4490 2326 4560 στόμα
2355 4490 2544 4559 αὐτῆς,
2580 4490 2761 4554 αὐτοῖς
2790 4491 3097 4561 ὁμογενέσι,
3140 4494 3364 4562 σκηναῖς
3409 4491 3499 4543 καὶ
3531 4506 3626 4542 πε-

2059 4582 2342 4653 ριουσίαις,
2383 4583 2462 4644 εἰς
2495 4580 2624 4652 ᾅδου
2682 4581 2860 4635 καθίει
2889 4582 2981 4634 τὸν
3011 4581 3245 4646 ἀλαζόνα
3272 4582 3427 4636 λαόν·
3459 4581 3540 4635 δτι
3574 4579 3631 4633 δὲ

2054 4674 2216 4745 ψήφῳ
2264 4676 2329 4744 τῇ
2364 4674 2591 4735 ἄνωθεν,
2626 4675 2721 4727 καλ⁸
2769 4674 2889 4745 οὐχ).
2924 4673 3191 4747 θελήμασι
3220 4678 3330 4737 τοῖς
3368 4674 3629 4737 Μωσέως,

2054 4764 2152 4834 τὴν
2183 4763 2534 4835 προῦχουσαν
2568 4768 2626 4819 ὲν
2673 4765 2940 4839 ἱερωσύνῃ
2981 4765 3136 4831 τάξιν
3182 4764 3391 4838 Ἀαρὼν
3417 4765 3632 4837 διεκλη-

2058 4854 2293 4925 ρώσατο,
2342 4854 2663 4928 διατρανοῦν
2726 4856 2925 4909 ἐθέλων
2976 4857 3005 4908 ὁ
3056 4858 3374 4930 νομοθέτης,
3418 4860 3497 4922 εἰς
3542 4859 3634 4912 τὸν

2059 4946 2388 5017 πανάριστον
2409 4945 2512 5017 ἔφη
2528 4945 2752 5000 Μωσέα·
2784 4964 2803 4997 ι
2824 4946 2973 5018 Λάλη
2983 4963 3073 4999 σον
3105 4950 3218 5010 τοῖς
3232 4950 3368 5011 υἱοῖς
3395 4948 3633 5019 Ἰσραὴλ,

2057 5039 2151 5091 καὶ
2176 5037 2305 5091 λάϐε
2352 5038 2482 5108 παρ’
2525 5037 2705 5090 αὐτῶν
2730 5037 2941 5107 ῥάϐδον,
2990 5038 3112 5093 κατ’
3156 5038 3338 5100 οἴκους
3362 5037 3630 5107 πατριῶν,

2059 5129 2211 5200 παρά
2240 5128 2456 5182 πάντων
2495 5129 2597 5181 τῶν
2636 5130 2914 5200 ἀρχόντων
2942 5128 3136 5189 αὐτῶν,
3165 5130 3285 5181 κατ’
3308 5129 3490 5191 οἴκους
3530 5147 3637 5181 τια-

2064 5220 2231 5292 τριῶν
2259 5220 2456 5283 αὐτῶν,
2488 5219 2695 5273 δώδεκα
2728 5221 2977 5291 ῥάϐδους,
2998 5219 3092 5274 καὶ
3112 5221 3342 5273 ἑκάστου
3377 5221 3435 5271 τὸ
3465 5219 3639 5287 δνομα

2066 5311 2229 5367 αὑτοῦ
2278 5310 2577 5383 ὲπίγραψον
2648 5311 2739 5364 ἐπὶ
2791 5313 2891 5382 τῆς
2951 5312 3170 5383 ῥάϐδου.
3232 5310 3340 5363 Καὶ
3386 5309 3449 5362 τὸ
3468 5309 3639 5378 ὄνομα

2080 5401 2287 5475 Ἀαρὼν
2315 5402 2618 5474 ὲπίγραψον
2645 5404 2734 5456 ἐπὶ
2779 5403 2877 5473 τῆς
2924 5402 3120 5474 ῥάϐδου
3157 5404 3309 5456 Astii.
3336 5400 3492 5454 Ἐστι
3527 5400 3637 5472 γὰρ

2070 5495 2263 5568 ῥάϐδος
2291 5493 2407 5564 μία.
2442 5494 2597 5548 Κατὰ
2634 5493 2804 5565 φυλὴν
2833 5494 2982 5549 οίκου
3035 5492 3279 5565 πατριῶν
3314 5491 3491 5549 αὐτῶν
3532 5489 3636 5547 δώ·

2101 5631 2145 5664 θ’
2193 5630 2394 5700 Ephcs.
2463 5646 2522 5698 ιι,
2578 5630 2657 5685 18.
