3996 6212
372 264 480 322 (ιΊδ
1119 277 1208 332 ΒΕ
1246 279 1687 339 ADORATIONE
1726 284 1793 339 IN
1834 284 1918 340 SP1

2018 285 2103 342 TU
2145 280 2234 342 ET
2277 288 2642 350 VEBITATE.
2682 296 2808 353 LIB.
2850 300 2915 355 Χ.
3539 317 3647 373 671

380 394 552 434 σουσι.
588 379 700 434 Kal
726 380 914 452 θήσεις
934 383 1101 451 αύτάς
1126 388 1185 443 ἐν
1209 393 1275 462 τῇ
1309 397 1481 466 σκηνῇ
1515 395 1609 449 τοῦ
1641 398 1918 473 μαρτυρίοι

2018 397 2226 459 ibunt.
2270 402 2336 457 Et
2370 419 2544 473 pones
2572 422 2666 462 eas
2696 409 2751 463 in
2803 412 3160 471 tabernaculo
3204 421 3503 480 testimonii
3549 443 3647 483 co-

374 471 666 526 κατέναντι
713 474 809 527 τοῦ
863 478 1189 561 μαρτυρίου,
1233 486 1292 535 ἐν
1337 480 1419 548 οἷς
1453 471 1839 560 γνωσθήσομαί
1882 509 1918 544 σε

2065 505 2184 544 ram
2214 494 2532 550 testimonio
2560 498 2614 551 in
2642 500 2845 568 quibus
2873 518 3173 575 cognoscar
3199 526 3227 564 a
3263 520 3313 566 te
3331 512 3438 582 ibi;
3470 525 3525 571 et
3540 520 3650 576 erit

371 564 511 617 ἐκεῖ.
540 564 653 623 Kal
668 563 846 633 ἔσται,
873 568 901 620 ό
918 552 1201 641 ἄνθρωπος
1223 572 1281 628 ὃν
1302 574 1369 629 ἂν
1394 552 1695 649 ἐκλέξωμαι
1725 552 1907 647 αὐτὸν,

2654 552 2677 568 ν,
2724 552 2841 557 -___
2878 552 3162 575 --οη-ην...
3199 552 3227 564 ι.
3264 552 3438 582 νυνι,
3470 552 3649 576 ...ω-ι

2060 579 2247 647 homo,
2286 600 2450 655 quem
2466 603 2568 659 ego
2599 591 2838 662 elegero,
2870 595 3023 668 virga
3050 600 3170 670 ejus
3187 605 3519 673 germinabit
3545 626 3560 676 ;
3591 621 3649 667 et

369 654 569 725 ῥάϐδος
606 657 773 710 αὐτοῦ
831 660 1217 735 ἐκϐλαστήσει.
1270 666 1382 720 Καὶ
1419 670 1659 741 περιελῶ
1694 673 1791 726 ἀπ’
1823 675 1918 744 ἐμς

369 746 460 772 _,__
496 749 814 772 __A_______,_,_,
851 751 982 772 μευ-η
1030 754 1129 772 ,τη
1186 756 1235 772 η
1318 757 1339 772 .-
1443 761 1456 772 .
1528 761 1540 772 ι

2306 654 2311 655 ,
2504 654 2526 659 -
2688 654 2715 662 ν
2826 654 2833 658 .
2957 654 2988 668 ν
3080 654 3097 670 .
3158 654 3560 676 νυ------------,
3592 654 3645 667 υ.

2057 674 2304 729 auferam
2336 688 2444 732 ate
2488 686 2982 743 murmurationem
3018 689 3253 748 ﬁliorum
3300 696 3496 766 Israel,
3537 717 3645 772 qua

366 746 460 801 τὸν
496 749 815 819 γογγυσμὸν
851 751 984 805 υἱῶν
1030 754 1268 826 Ἰσραὴλ,
1316 757 1352 812 ἃ
1395 761 1551 814 αὐτοὶ
1597 763 1957 832 γογγύζουσιν

366 839 453 907 ἐφ’
487 839 636 909 ὑμῖν.
691 842 805 894 Καϊ
854 842 1083 914 ἐλάλησε
1128 849 1336 921 Μωσῆς
1384 854 1498 915 τοῖς
1549 854 1686 918 υἱοῖς
1714 855 1950 927 Ἰσραὴλ,

365 928 462 981 καὶ
495 928 703 983 ἔδωκαν
738 930 885 1002 αὐτῷ
922 932 1123 998 πάντες
1152 937 1200 989 of.
1245 938 1503 1010 ἄρχοντες
1535 943 1717 997 αὐτῶν
1739 945 1949 1031 ῥάϐδον,

362 1021 443 1092 τῷ
480 1022 702 1093 ἄρχοντι
741 1025 820 1097 τῷ
858 1026 940 1080 ἑνὶ
1003 1029 1199 1099 ῥάϐδον
1242 1033 1366 1086 κατ’
1396 1033 1652 1105 ἄρχοντα,
1708 1021 1851 1092 κατθ
1876 1037 1953 1091 οἷ’-

364 1129 492 1176 κους
520 1115 768 1185 πατριῶν
789 1117 990 1187 αὐτῶν,
1020 1120 1227 1176 δώδεκα
1250 1123 1500 1193 ῥάϐδους.
1528 1126 1639 1180 Kal
1676 1129 1711 1199 ὴ
1753 1128 1950 1199 ῥάϐδος

376 1203 586 1274 ’Λαρὼν
616 1207 892 1277 άναμέσον
933 1212 1041 1265 τῶν
1074 1212 1286 1282 ῥάϐδων
1328 1216 1528 1284 αὐτῶν,
1563 1219 1657 1272 καὶ
1702 1220 1945 1292 ἀπέθηκε

359 1294 567 1365 Μωσῆς
600 1296 699 1359 τὰς
728 1298 961 1368 ῥάϐδους
990 1302 1170 1358 ἔναντι
1218 1306 1428 1378 Κυρίου
1468 1310 1527 1362 ἐν
1555 1310 1619 1381 τῇ
1655 1313 1825 1383 σκηνῇ
1851 1311 1944 1364 τοῦ

362 1385 686 1456 μαρτυρίου.
732 1389 843 1443 Καὶ
892 1391 1112 1459 ἐγένετο
1158 1399 1223 1466 τῇ
1263 1397 1545 1469 ἐπαύριον,
1594 1401 1688 1453 καὶ
1728 1402 1943 1473 εἰσῆλθε

354 1475 566 1546 Μωσῆς
605 1478 698 1531 καὶ
746 1479 957 1551 Ἀαρὼν
989 1485 1048 1536 ἐν
1070 1486 1136 1558 τῇ
1167 1489 1338 1558 σκηνῇ
1374 1488 1466 1542 τοῦ
1486 1489 1808 1561 μαρτυρίου.
1835 1492 1942 1545 Kal

360 1568 469 1622 ἰδοὺ
509 1569 846 1642 ἐϐλάστησεν
895 1575 927 1645 ἡ
968 1575 1163 1647 ῥάϐδος
1201 1578 1410 1649 Ἀαρὼν
1447 1582 1526 1645 εἰς
1582 1578 1728 1636 οἷκον
1783 1581 1935 1648 Λευῒ,

353 1661 448 1713 καὶ
504 1661 766 1732 ἐξήνεγκε
835 1663 1088 1734 βλαστὸν,
1141 1668 1235 1721 καὶ
1289 1668 1585 1742 ἐξήνθησεν
1635 1672 1793 1744 ἄνθη,
1843 1676 1939 1729 καὶ⁸

350 1753 653 1826 ἐϐλάστησε
685 1757 881 1827 κάρυα.
922 1758 1032 1812 Kal
1067 1761 1325 1831 ἐξήνεγκε
1367 1762 1573 1834 Μωσῆς
1622 1742 1800 1828 πάσας
1840 1766 1940 1830 τὰς
1971 1742 2012 1796 Β

351 1842 584 1912 ῥάϐδους
626 1846 734 1899 ἀπὸ
785 1848 1083 1918 προσώπου
1131 1852 1338 1921 Κυρίου
1380 1853 1515 1925 πρὸς
1543 1853 1751 1920 πάντας
1789 1858 1938 1921 υἱοὺς

362 1935 600 2008 Ἰσραήλ.
636 1938 745 1992 Καὶ
784 1934 944 2007 εἶδον,
988 1941 1083 1994 καὶ
1116 1942 1305 1998 ἔλαϐον
1327 1943 1559 2010 ἕκαστος
1588 1946 1688 2017 τῆν
1740 1947 1937 2019 ῥάϐδον

349 2027 542 2081 αὐτοῦ.
588 2031 698 2084 Kal
729 2027 852 2086 εἷπε
880 2033 1082 2102 Κύριος
1112 2033 1247 2107 πρὸς
1290 2037 1517 2108 Μωσῆν·
1570 2038 1797 2104 Ἀπόθες
1838 2040 1935 2113 τὴν

349 2118 548 2191 ῥάϐδον
582 2119 791 2192 Ἀαρὼν
820 2122 1051 2177 ἐνώπιον
1097 2124 1206 2179 τῶν
1252 2128 1573 2199 μαρτυρίων
1616 2131 1695 2194 είς
1744 2129 1932 2204 διατή-

350 2227 528 2279 ρησιν,
563 2215 788 2283 σημεῖον
823 2217 936 2279 τοῖς
976 2217 1112 2282 υἱοῖς
1135 2216 1245 2273 τῶν
1290 2219 1560 2289 ἀνηκόων.
1592 2223 1701 2277 Kal
1724 2226 1935 2279 παυσά-

346 2301 462 2356 σθω
493 2304 521 2357 ὁ
544 2305 858 2376 γογγυσμὸς
887 2308 1064 2364 αὐτῶν
1104 2310 1200 2363 ἀπ’
1231 2312 1391 2383 ἐμοῦ,
1420 2314 1514 2367 καὶ
1535 2315 1596 2368 ού
1625 2315 1699 2388 μὴ
1725 2316 1930 2373 ἀποθά-

346 2412 497 2450 νωσι.
529 2415 548 2448 ι
586 2398 818 2467 Σημεῖον
858 2395 950 2453 οῦν
1000 2401 1101 2456 οὐκ
1141 2404 1463 2477 ἁσυμφανές
1494 2405 1589 2459 τοῦ
1632 2407 1928 2480 ἐξῃρῆσθαι

344 2483 616 2556 λαμπρῶς
662 2489 758 2542 καὶ
801 2490 1220 2564 ἐκκεκριμένως
1260 2497 1340 2558 είς
1381 2497 1714 2568 ἱερουργίαν,
1757 2500 1831 2563 ὡς
1870 2501 1927 2568 ἐξ

340 2579 574 2649 αἵματος
616 2580 773 2648 Λευῒ,
800 2583 890 2637 τὸν
926 2584 1215 2640 θεσπέσιον
1267 2587 1494 2659 Ἀαρὼν,
1521 2590 1582 2643 τὸ
1634 2589 1927 2662 ἐξανθῆσαι

340 2671 443 2743 τὴν
500 2672 718 2741 ῥάϐδον.
770 2677 1251 2750 Περιτρεπομένης
1282 2680 1338 2733 δὲ
1365 2677 1521 2746 αὖθις
1574 2684 1654 2747 εἰς
1692 2683 1925 2755 θεωρίαν

340 2767 741 2839 πνευματικὴν,
771 2768 845 2833 ὡς
879 2770 936 2824 ἐν
968 2770 1160 2836 τύποις
1195 2772 1275 2826 ἔτι
1325 2774 1676 2847 παχυτάτοις,
1702 2777 1762 2831 τὸ
1790 2779 1925 2851 Χρι-

342 2856 468 2909 στοῦ
516 2860 817 2931 μυστήριον
862 2861 1170 2933 ἀναλάμψει
1212 2864 1395 2918 πάλιν.

408 2948 619 3002 ΠΑΛΛ.
663 2949 795 3001 Τίνα
822 2949 1022 3021 τρόπον
1052 2970 1066 3018 ;

2055 762 2158 832 ipsi
2188 778 2539 824 murmurant
2566 772 2830 831 adversus
2850 794 2967 834 vos.
3007 780 3309 841 Etloeutus
3330 796 3414 844 est
3434 762 3644 863 Moyses

2053 851 2182 908 ﬁliis
2216 856 2424 925 Israel;
2455 867 2511 915 et
2531 862 2808 922 dederunt
2839 868 2918 923 illi
2959 887 3150 929 omnes
3183 877 3463 949 principes
3489 851 3641 952 ipso-

2051 961 2174 1000 rum
2223 948 2455 1020 virgam,
2488 954 2725 1028 principi
2747 960 2842 1013 uni
2866 961 3073 1031 virgam
3103 979 3203 1034 per
3219 968 3463 1039 singulos
3483 975 3609 1042 prin
3634 1004 3641 1017 ι

2049 1036 2234 1106 cipes,
2271 1043 2576 1099 secundum
2605 1047 2798 1104 domos
2831 1050 3165 1111 familiarum
3195 1058 3461 1128 ipsorum,
3496 1065 3637 1121 duo-

2047 1128 2225 1184 decim
2263 1134 2480 1207 virgas:
2512 1146 2571 1194 et
2626 1142 2780 1213 virga
2823 1143 3005 1200 Aaron
3047 1148 3104 1203 in
3151 1151 3336 1207 medio
3359 1154 3635 1226 virgarum

2046 1220 2298 1291 ipsorum
2323 1245 2339 1280 :
2376 1239 2434 1282 et
2456 1232 2704 1301 reposuit
2731 1235 2940 1307 Moyses
2960 1238 3142 1310 virgas
3178 1252 3304 1299 ante
3341 1220 3635 1306 Dominum

2045 1313 2101 1368 in
2136 1316 2491 1376 tabernaculo
2509 1325 2827 1381 testimonii.
2850 1329 2919 1383 Et
2938 1329 3144 1386 factum
3163 1342 3247 1389 est
3273 1336 3362 1393 die
3389 1351 3629 1410 postera,

2043 1402 2329 1476 ingressus
2357 1420 2441 1466 est
2466 1413 2681 1486 Moyses
2703 1426 2760 1471 et
2782 1420 2963 1475 Aaron
3013 1422 3069 1477 in
3106 1426 3519 1485 tabernaculum
3547 1443 3631 1489 te-

2042 1492 2317 1565 stimonii;
2345 1506 2401 1554 et
2424 1516 2552 1558 ecce
2582 1508 2983 1575 germinaverat
2998 1513 3149 1585 virga
3163 1516 3347 1573 Aaron
3378 1520 3434 1575 in
3467 1522 3631 1579 domo

2040 1583 2173 1641 Levi
2199 1628 2214 1653 ,
2267 1599 2324 1644 et
2353 1594 2627 1651 extulerat
2679 1614 2902 1668 germen
2928 1644 2942 1668 ,
2979 1613 3037 1658 et
3064 1583 3325 1665 emiserat
3358 1612 3542 1679 ﬂores,
3573 1625 3631 1672 et

2039 1679 2443 1747 germinaverat
2467 1702 2658 1741 nuces.
2691 1689 2759 1744 Et
2786 1692 2977 1749 eduxit
2997 1696 3209 1769 Moyses
3231 1716 3425 1758 omnes
3447 1706 3627 1775 virgas

2039 1781 2072 1821 a
2109 1780 2405 1841 conspectu
2434 1775 2649 1854 Domini
2680 1780 2748 1835 ad
2778 1796 2969 1840 omnes
2991 1786 3133 1844 ﬁlios
3162 1790 3328 1847 Israel
3354 1812 3369 1847 :
3396 1804 3452 1850 et
3473 1798 3626 1852 vide-

2038 1868 2193 1925 runt,
2229 1868 2287 1915 et
2324 1874 2658 1935 acceperunt
2686 1875 3063 1945 unusquisque
3102 1880 3311 1951 virgam
3335 1899 3527 1953 suam;
3567 1897 3625 1942 et

2037 1950 2258 2009 locutus
2307 1963 2391 2011 est
2432 1958 2698 2018 Dominus
2747 1964 2816 2020 ad
2864 1966 3085 2041 Moysen
3115 1950 3375 2045 :Repone
3408 1950 3621 2051 virgam

2033 2042 2240 2111 Aaron,
2270 2062 2395 2116 quae
2423 2052 2785 2121 germinavit,
2817 2066 2944 2114 ante
2973 2062 3312 2130 testimonia,
3339 2076 3401 2123 ut
3431 2085 3618 2126 serve-

2035 2142 2125 2189 tur
2179 2137 2236 2191 in
2270 2138 2487 2210 signum
2525 2143 2655 2199 ﬁliis
2687 2145 3152 2220 inobedientium,
3185 2165 3242 2211 et
3273 2168 3619 2216 cessetmur-

2032 2229 2269 2285 muratio
2299 2246 2492 2288 eorum
2529 2250 2561 2290 a
2587 2251 2703 2301 me,
2727 2246 2784 2293 et
2810 2256 2921 2294 non
2958 2244 3265 2302 moriantur
3295 2250 3359 2306 ⁸⁷.
3404 2272 3422 2303 ι
3459 2252 3616 2319 Quod

2032 2316 2200 2387 igitur
2236 2319 2385 2391 virga
2418 2325 2779 2393 germinavit,
2805 2328 3020 2399 signum
3052 2332 3107 2386 id
3127 2336 3351 2404 quidem
3380 2355 3489 2395 non
3509 2343 3613 2397 ob-

2029 2422 2253 2465 scurum
2286 2411 2410 2479 fuit,
2444 2430 2553 2484 quo
2576 2415 2951 2475 deelararetur
2981 2437 3048 2476 ex
3072 2423 3220 2480 tribu
3257 2426 3393 2482 Levi
3432 2430 3612 2487 admi-

2029 2499 2261 2555 randum
2303 2502 2458 2557 illum
2491 2505 2672 2560 virum
2709 2508 2891 2565 Aaron
2926 2513 3213 2583 Splendide
3251 2524 3415 2589 atque
3452 2537 3611 2594 egre-

2027 2589 2114 2660 gie
2163 2606 2284 2647 esse
2332 2594 2399 2648 ad
2452 2598 2746 2655 sacerdotii
2790 2618 2992 2658 munus
3023 2607 3258 2662 electum
3298 2611 3361 2665 ⁵⁸.
3400 2612 3526 2679 Sed,
3562 2616 3608 2669 si

2027 2682 2143 2739 haec
2171 2685 2361 2741 rudior
2391 2688 2561 2760 ﬁgura
2601 2692 2669 2746 ad
2710 2695 3052 2765 spiritualem
3082 2703 3605 2772 contemplationem

2027 2776 2374 2846 traducatur,
2408 2781 2612 2837 Christi
2644 2788 2967 2857 mysterium
3013 2806 3206 2849 rursus
3238 2794 3498 2851 elucebit.

2094 2957 2286 3013 PALL.
2307 2957 2433 3027 'Quo
2463 2963 2679 3018 tandem
2709 2964 2854 3020 istud
2877 2967 3076 3022 modo?

408 3041 573 3094 ΚΥΡ.
617 3043 1075 3114 Κεχειροτόνηται
1107 3045 1204 3117 μὲν
1218 3024 1334 3119 γὰρ
1350 3049 1647 3121 νομοθέτης
1683 3050 1799 3121 ἅμα
1826 3053 1917 3105 καὶ

2090 3035 2247 3101 CYR.
2274 3024 2368 3104 Ille
2410 3067 2649 3122 namque
2689 3054 3010 3112 Emmanuel
3046 3073 3077 3112 a
3104 3058 3216 3113 Deo
3249 3068 3305 3115 et
3329 3061 3487 3119 Patre
3526 3064 3602 3120 Ie-
3688 3068 3697 3089 λ

334 3133 628 3204 ἀρχιερεὺς
656 3134 741 3203 ἐφ’
777 3137 929 3206 ἡμᾶς
976 3136 1128 3208 παρὰ
1178 3136 1313 3192 Θεοῦ
1340 3140 1432 3194 καὶ
1469 3142 1681 3214 Πατρὸς
1719 3145 1747 3196 ὁ
1787 3145 1917 3214 Ἐμ-

340 3224 604 3297 μανουὴλ,
641 3228 833 3281 ἐαυτὸν
873 3228 1013 3301 ὑπὲρ
1045 3230 1203 3301 ἡμῶν
1253 3234 1606 3305 προσκομιῶν
1649 3235 1710 3289 τὸ
1743 3235 1910 3305 θῦμα.

347 3317 435 3379 Ὠς
463 3319 573 3389 γὰρ
604 3320 632 3371 ὁ
659 3320 927 3392 μακάριος
947 3322 1060 3393 ’ἔφη
1085 3323 1331 3393 Παῦλος,
1367 3345 1385 3377 ι
1419 3327 1475 3379 '0
1509 3328 1608 3398 μὲν
1640 3328 1805 3397 νόμος
1827 3329 1915 3384 διὰ

330 3407 599 3477 Μωσέως,
631 3407 951 3481 ἀνθρώπους
1006 3412 1325 3486 καθίστησιν
1362 3417 1639 3489 ἀρχιερεῖς
1692 3419 1914 3489 ἔχοντας

328 3499 641 3553 ἀσθένειαν·
678 3503 706 3554 ὁ
738 3501 896 3569 λόγος
922 3502 980 3556 δὲ
1000 3503 1101 3575 τῆς
1130 3506 1477 3577 ὁρκωμοσίας
1520 3510 1618 3579 τῆς
1659 3510 1799 3580 μετὰ
1818 3510 1913 3564 ’τὸν

330 3591 522 3663 νόμον,
556 3591 683 3646 Υίὸν
717 3596 797 3657 είς
837 3596 930 3649 τὸν
959 3596 1131 3650 αίῶνα
1175 3598 1612 3671 τετελειωμένον.
1645 3621 1663 3652 ι
1703 3602 1912 3655 Οὐκοῦν

327 3683 587 3739 καθίκετο
628 3686 727 3757 μὲν
768 3687 827 3756 ἐξ
862 3688 1094 3761 οὐρανοῦ
1133 3692 1161 3744 ὁ
1201 3691 1396 3760 Λόγος,
1437 3694 1529 3745 καὶ
1562 3694 1753 3762 γέγονε
1787 3694 1910 3748 καθ’

323 3777 496 3847 ἡμᾶς,
526 3778 644 3833 πῶν
703 3780 875 3849 ἁγίων
913 3780 1223 3854 λειτουργὸς
1276 3785 1503 3855 καὶτῆς
1558 3787 1763 3858 σκηνῆς
1810 3787 1910 3859 τῆς

320 3868 590 3941 ἀληθινῆς
643 3871 711 3943 ἢν
753 3872 953 3943 ἔπηξεν
991 3877 1019 3928 ὀ
1062 3874 1284 3946 Κύριος,
1330 3877 1422 3929 καὶ
1460 3877 1559 3929 οὒκ
1600 3877 1904 3949 ἄνθρωπος.

335 3961 478 4015 Ἀλλ’
536 3963 637 4017 ούκ
692 3964 867 4019 ἐδόκει
922 3969 1140 4037 φρονεῖν
1191 3967 1328 4037 ὀρθά
1385 3971 1497 4032 τοῖς
1558 3968 1618 4033 ἐξ
1677 3970 1907 4040 αἵματος

335 4053 574 4126 Ἰσραηλ’
625 4057 1014 4126 άντεξάγοντες
1061 4060 1117 4113 δέ
1150 4060 1340 4130 ὥσπερ
1386 4060 1535 4132 αὐτῷ
1565 4063 1626 4115 τὸ
1658 4063 1785 4116 ἴδιον
1815 4063 1919 4131 θέε

318 4143 473 4214 ὶημα
510 4149 623 4211 τοῖς
654 4150 720 4202 ἐκ
752 4148 950 4219 φθόνου
981 4150 1158 4222 βέλεσι
1183 4151 1538 4224 πολυτρόπως
1572 4153 1813 4218 ἔϐαλλον,
1841 4155 1902 4208 ού

316 4234 590 4307 γλώττης,
614 4238 676 4290 οὐ
713 4238 950 4310 θράσους
973 4279 990 4305 ,
1021 4242 1121 4295 οὐκ
1171 4242 1417 4297 ἐκτόπων
1455 4244 1902 4315 ἐπιχειρημάτων

271 4381 291 4388 μ
315 4323 399 4377 ἔτι
420 4326 745 4398 φειδόμενοι,
769 4328 1072 4394 διολλύντες
1104 4331 1161 4385 δὲ
1191 4334 1332 4402 σφᾶς
1356 4333 1553 4396 αὐτοὺς
1580 4336 1629 4387 οἱ
1655 4335 1895 4401 δείλαιοι,

2019 3138 2245 3208 gislator
2274 3140 2436 3195 simul
2478 3151 2535 3197 et
2559 3145 2803 3213 pontifex
2824 3156 3013 3203 noster
3047 3149 3259 3207 electus
3284 3161 3387 3218 est,
3419 3156 3513 3227 qui
3540 3172 3600 3212 se

2020 3230 2197 3300 ipsum
2213 3232 2488 3286 victimam
2506 3250 2607 3304 pro
2622 3236 2782 3292 nobis
2797 3239 3025 3293 oﬂ‘erret
3049 3242 3114 3294 θ’.
3134 3242 3197 3298 Ut
3234 3244 3380 3298 enim
3405 3245 3602 3302 beatus

2016 3322 2217 3376 Paulus
2264 3323 2340 3378 ait
2367 3342 2380 3377 :
2415 3344 2432 3375 ι
2462 3324 2576 3379 Lex
2626 3327 2848 3396 quidem
2873 3346 2971 3400 per
2999 3331 3219 3403 Moysen
3249 3335 3372 3392 data
3423 3337 3600 3393 hami-

2014 3430 2114 3468 nes
2156 3414 2442 3469 constituit
2487 3416 2808 3486 pontiﬁces,
2865 3421 3133 3478 habentes
3184 3424 3593 3496 inﬁrmitatem;

2013 3520 2194 3559 sermo
2232 3513 2415 3561 autem
2436 3507 2817 3579 jurisjurandi,
2836 3510 2996 3584 342
3015 3513 3105 3582 qui
3137 3523 3263 3584 post
3291 3515 3464 3587 legem
3487 3527 3592 3580 est.

2013 3596 2211 3651 Filium
2241 3597 2294 3652 in
2343 3606 2608 3653 aeternum
2636 3599 2942 3671 perfectum
2974 3602 3042 3657 ⁷⁸.
3074 3622 3092 3655 ›
3132 3604 3304 3676 Igitur
3349 3607 3592 3665 Verbum

2012 3689 2144 3744 illud
2171 3690 2457 3746 descendit
2489 3691 2711 3762 quidem
2738 3708 2768 3748 e
2796 3694 2973 3760 etelis,
3005 3703 3062 3750 et
3085 3695 3290 3753 factum
3307 3706 3390 3755 est
3417 3702 3593 3757 nostri

2011 3781 2209 3848 simile,
2245 3790 2559 3840 sanctorum
2578 3784 2829 3842 minister
2850 3794 2906 3841 et
2934 3781 3266 3846 tabernaculi
3309 3792 3422 3846 veri
3442 3793 3589 3863 quod

2010 3871 2125 3927 ﬁxit
2152 3873 2315 3939 Deus,
2344 3881 2400 3929 et
2424 3889 2534 3929 non
2555 3875 2739 3931 homo.
2770 3876 2875 3932 Sed
2902 3877 2992 3943 iis,
3012 3877 3105 3951 qui
3129 3891 3366 3937 erantex
3388 3899 3589 3953 genere

2009 3963 2196 4029 Israel,
2232 3981 2339 4019 non
2380 3976 2524 4021 recte
2551 3968 2757 4022 sentire
2781 3967 3072 4024 videbatur
3104 3988 3117 4023 :
3145 3971 3333 4042 itaque
3363 3974 3587 4032 cumilli

2006 4068 2161 4108 suam
2187 4055 2428 4124 ipsorum
2441 4058 2777 4114 voluntatem
2804 4070 3165 4129 opponerent,
3192 4062 3247 4116 in
3275 4063 3427 4119 illum
3446 4065 3586 4122 invia

1974 4146 2112 4199 ‘diae
2138 4147 2319 4217 jaeula
2346 4147 2647 4203 multifario
2679 4150 3068 4220 conjeeerunt;
3096 4167 3206 4207 non
3222 4153 3440 4225 linguae,
3471 4173 3581 4214 non

2003 4237 2265 4303 audaciae,
2283 4253 2393 4292 non
2410 4237 2634 4293 nefariis
2652 4239 2762 4310 jam
2793 4242 3081 4296 conatibus
3090 4256 3470 4315 pepercerunt,
3485 4250 3581 4306 sed

2005 4331 2060 4385 i’n
2086 4345 2240 4385 suam
2278 4330 2382 4401 ipsi
2422 4331 2723 4400 perniciem
2764 4333 2951 4387 miseri
2988 4344 3264 4404 postremo
3290 4340 3579 4396 cruciﬁxe-

316 4418 413 4470 καὶ
465 4418 772 4473 τελευταῖον
817 4421 1188 4492 ἐσταύρωσαν.
1231 4424 1378 4496 Πλὴν
1423 4424 1714 4481 ἀνέϐαλλεν
1741 4430 1773 4498 ἡ
1803 4428 1900 4499 ῥά-

2018 4431 2152 4479 runt.
2181 4422 2287 4479 Sed
2322 4422 2570 4478 reﬂoruit
2599 4424 2749 4496 virga
2766 4425 2834 4480 de
2859 4426 3042 4482 radice
3070 4428 3242 4493 Iesse,
3280 4434 3580 4488 resurrexit

312 4509 403 4571 δος
435 4511 467 4580 ἡ
497 4512 562 4564 ἐκ
597 4509 755 4582 ῥίζης
796 4512 1016 4567 Ἰεσσαῦ
1067 4515 1237 4586 ἀνέφυ
1284 4518 1392 4589 γὰρ
1442 4518 1505 4591 δὴ
1549 4521 1645 4573 καὶ
1699 4504 1900 4575 ἀνεϐίω

311 4599 572 4671 Χριστὸς,
595 4601 763 4666 λύσας
797 4602 895 4667 τὰς
928 4604 1122 4669 ὀδύνας
1180 4606 1272 4660 τοῦ
1310 4606 1564 4676 θανάτου,
1609 4611 1753 4664 καθὰ
1803 4612 1897 4681 γέ-

314 4708 556 4764 γραπται
578 4712 591 4723 ·
616 4693 761 4767 ζωὴν
785 4696 895 4768 γὰρ
927 4696 1057 4752 ὄντα
1085 4698 1225 4753 κατὰ
1256 4699 1441 4769 φύσιν,
1476 4701 1551 4766 ὡς
1587 4702 1739 4767 Θεὸν,
1780 4705 1897 4769 πῶς

286 4779 379 4854 ’ἦν
432 4785 580 4849 εἰκὸς
637 4788 957 4858 κρατεῖσθαι
1001 4789 1236 4861 θανάτῳ,
1273 4793 1368 4845 καὶ
1410 4792 1532 4863 οὐχὶ
1581 4794 1645 4865 δὴ
1697 4795 1895 4864 μᾶλλον

307 4877 653 4947 καταθλῆσαι
674 4880 914 4952 φθορᾶς;
948 4883 1158 4953 Ὠσπερ
1184 4883 1240 4937 δέ
1274 4883 1336 4937 τὸ
1362 4884 1637 4954 ἀναφῦναι
1663 4885 1764 4958 τὴν
1793 4887 1893 4958 ῥά·-

309 4967 455 5034 ϐδον,
480 4970 576 5023 καὶ
609 4972 966 5031 ἀναϐλαστεῖν
988 4975 1269 5047 ἀδοκήτως
1308 4977 1368 5030 τὸ
1395 4978 1621 5042 ἁνανθὲς
1665 4980 1765 5052 ἤδη
1799 4978 1923 5042 ξύ-’

306 5058 654 5134 λον,μδιαρκὲς
667 5068 780 5128 τοῖς
794 5065 1168 5139 ἀρχαιοτέροις
1184 5085 1249 5140 ση
1259 5071 1408 5139 μεῖον
1419 5064 1486 5139 ἦν
1499 5068 1593 5124 τοῦ
1611 5070 1700 5125 διὰ
1711 5071 1891 5143 ψήφου

305 5151 408 5222 τῆς
424 5152 631 5208 ἄνωθεν
647 5156 727 5219 είς
740 5155 999 5227 ἀρχιερέα
1020 5160 1499 5232 κεχειροτονῆσθαι
1526 5160 1620 5214 τὸν
1658 5162 1887 5233 Ἀαρῶνι

306 5240 449 5297 οὕτω
481 5246 682 5316 φαμὲν,
707 5247 791 5302 ὅτι
830 5246 1060 5317 λαμπρά
1085 5266 1145 5301 τε
1185 5250 1281 5302 καὶ
1332 5252 1568 5322 ἐναργὴς
1605 5253 1700 5306 καὶ
1747 5254 1884 5309 ἁπο-

306 5334 493 5404 χριίσα
514 5336 632 5390 λίαν
661 5338 931 5404 ἀπόδειξις
976 5338 1072 5393 τοῦ
1101 5340 1193 5392 καὶ
1221 5339 1353 5393 Θεὸν
1381 5336 1520 5396 εἶναι
1550 5342 1691 5396 κατὰ
1722 5343 1882 5413 φύσιν

303 5424 394 5479 τὸν
447 5427 815 5500 ’Βμμανουὴλ,
842 5431 903 5483 τδ
948 5433 1189 5498 πατῆσαι
1219 5430 1470 5497 θάνατον,
1508 5434 1601 5487 καὶ
1646 5434 1881 5489 ἀναϐιῶ-

305 5533 393 5571 ναι
452 5517 808 5595 θεοπρεπῶς.
840 5523 950 5578 Καὶ
984 5523 1117 5592 γοῦν
1166 5524 1328 5588 αὐτὸς
1355 5527 1384 5578 ὁ
1408 5524 1662 5598 Χριστὸς,
1698 5529 1878 5582 καίτοι

380 5633 423 5664 ⁶⁷
477 5633 637 5689 Num.
700 5653 831 5704 xvn,
892 5640 1049 5696 2-H.
1129 5642 1171 5675 "
1206 5642 1372 5703 llebr.
1417 5662 1508 5711 vn,
1545 5646 1577 5701 5
1607 5662 1758 5725 seqq.

1856 5648 1897 5681 "
1936 5648 2101 5703 Ilebr.
2148 5664 2220 5711 Ix,
2270 5646 2348 5699 Η.

2002 4515 2276 4582 Christus,
2305 4517 2502 4572 solutis
2543 4517 2831 4574 doloribus
2864 4517 3101 4585 inferni,
3137 4520 3282 4575 sicut
3311 4524 3576 4593 scriptum

1996 4620 2081 4666 est
2107 4612 2147 4642 ‘“
2187 4628 2200 4665 :
2229 4611 2323 4681 qui
2355 4612 2500 4667 enim
2533 4620 2790 4682 tanquam
2821 4611 2965 4666 Deus
2991 4610 3107 4682 ipsa
3132 4613 3245 4669 vita
3273 4614 3577 4669 secundum

1994 4710 2246 4761 naturam
2290 4711 2428 4767 erat,
2488 4719 2615 4761 eum
2667 4719 2773 4777 qua
2828 4703 3037 4761 ratione
3096 4720 3312 4774 mquum
3382 4705 3578 4761 fuisset

1994 4803 2171 4848 morte
2201 4794 2458 4858 detineri,
2503 4809 2566 4848 ac
2597 4810 2705 4848 non
2727 4794 2911 4864 potius
2942 4794 3012 4851 ab
3045 4810 3111 4850 eo
3150 4795 3326 4867 ipsum
3354 4814 3575 4867 quoque

1994 4884 2278 4939 interitum
2311 4884 2651 4955 expugnari?
2684 4884 2789 4940 Sed
2831 4894 2893 4939 ut
2940 4885 3153 4941 aridum
3196 4888 3309 4959 jam
3341 4888 3475 4944 illud
3501 4890 3572 4945 li-

1991 4992 2179 5048 gnum.
2211 4992 2335 5031 cum
2363 4976 2716 5049 germinasset
2743 4985 2907 5046 atque
2940 4977 3236 5048 derepente
3275 4978 3569 5047 ﬂoruisset,

1994 5069 2213 5141 signum
2244 5068 2348 5123 fuit
2378 5067 2588 5133 eﬂieax,
2612 5085 2722 5139 quo
2755 5070 3038 5125 veteribus
3060 5070 3168 5126 illis
3200 5072 3573 5133 deelararetur

1990 5178 2228 5234 superno
2262 5162 2518 5233 suﬂ‘ragio
2542 5162 2721 5217 Aaron
2776 5178 3049 5218 summum
3082 5164 3418 5220 sacerdotem
3448 5181 3568 5221 esse

1990 5263 2234 5311 creatum
2269 5272 2282 5307 :
2313 5253 2392 5309 sic
2431 5253 2667 5309 dicimus
2705 5255 3025 5324 praeclarum
3056 5264 3114 5311 et
3142 5257 3369 5312 evidens
3405 5265 3568 5325 atque

1990 5344 2248 5399 idoneum
2267 5359 2386 5400 esse
2401 5352 2805 5415 argumentum,
2834 5360 2943 5414 quo
2958 5346 3220 5415 probetur
3246 5348 3414 5401 Deum
3444 5359 3564 5400 esse

1985 5435 2288 5491 secundum
2337 5445 2590 5489 naturam
2646 5433 2822 5504 ipsum
2886 5434 3228 5497 Emmanuel,
3269 5435 3324 5487 in
3356 5448 3421 5487 eo
3453 5448 3565 5502 quo

1986 5538 2218 5583 mortem
2241 5526 2492 5590 calcavit,
2532 5535 2607 5588 et,
2665 5537 2724 5580 ut
2769 5526 2881 5579 Deo
2919 5526 3142 5597 dignum
3178 5535 3314 5590 erat,
3343 5526 3558 5586 revixit.

2453 5644 2497 5675 το
2545 5641 2711 5697 Ilebr.
2754 5658 2845 5705 νη,
2881 5642 2968 5696 28.
3047 5646 3085 5675 τ’
3122 5644 3243 5699 Act.
3272 5660 3329 5711 ιι,
3358 5644 3428 5702 24
