3996 6212
407 304 512 383 ms

1394 295 1451 349 S.
1494 292 1771 350 CYRILLI
1808 287 2281 354 ALEXANDRINI
2318 286 2638 346 ARCHIEP.

3562 283 3670 338 (376

406 423 593 491 Itaque
624 419 767 475 idem
800 419 913 490 ipse
932 416 1205 481 Christus,
1230 413 1481 484 quamvis
1506 412 1658 467 nullo
1682 409 1902 482 negotio
1926 424 1989 464 ac

2099 409 2201 462 πᾶν
2237 406 2416 460 ὁτιοῦν
2450 404 2559 458 τῶν
2606 402 2748 476 ὐπέρ
2795 418 2858 471 γε
2886 401 2948 456 τὸ
2982 399 3128 465 εἰκὸς
3162 399 3255 453 καὶ
3277 398 3434 477 λόγον
3461 398 3673 453 ἀποπε-

404 504 565 569 lacile
584 520 785 583 posset,
804 509 1069 580 quidquid
1089 524 1255 578 supra
1280 506 1597 577 opinionem
1624 520 1688 559 ac
1719 503 1987 556 rationem

405 612 570 666 esset,
605 601 891 672 perficere,
925 600 1137 670 signum
1162 596 1699 669 petentibusJudmis
1722 593 1937 648 dicebat
1970 609 1983 645 :

415 714 431 744 ι
472 692 767 747 Generatio
809 690 926 745 haac
950 705 1116 761 prava
1150 697 1255 755 est,
1307 688 1522 759 signum
1569 685 1786 756 quzerit,
1823 692 1880 738 et
1910 682 1986 737 si-

405 799 570 853 gnum
607 798 716 837 non
741 782 961 837 dabitur
995 782 1067 846 ei,
1109 781 1214 835 nisi
1254 781 1470 851 signum
1499 780 1649 835 Iona:
1685 776 1985 848 prophetae.

406 875 561 930 Sicut
615 872 762 927 enim
788 873 896 928 fuit
924 872 1091 928 Jonas
1120 872 1176 926 in
1207 880 1400 926 ventre
1428 870 1534 924 ceti
1570 869 1748 923 tribus
1792 866 1990 921 diebus

408 974 468 1020 et
490 965 668 1020 tribus
692 964 971 1029 noctibus,
1008 965 1086 1018 sic
1118 962 1225 1017 erit
1250 960 1420 1016 Filius
1453 958 1695 1015 hominis
1734 957 1789 1011 in
1826 956 1990 1011 corde

406 1062 569 1108 terra:
618 1053 802 1109 tribus
828 1052 1025 1107 diebus
1062 1059 1116 1106 et
1142 1050 1322 1106 tribus
1353 1049 1610 1105 noctibus
1668 1048 1731 1101 ".
1772 1067 1790 1098 ι
1823 1046 1993 1116 Igitur

361 1151 369 1159 '
406 1143 623 1198 celebre
646 1158 776 1197 sane
802 1151 858 1198 et
883 1143 1095 1197 illustre
1114 1142 1331 1213 signum
1357 1148 1462 1206 est,
1491 1149 1547 1195 et
1564 1140 1652 1205 iis,
1675 1138 1769 1210 qui
1801 1154 1993 1194 revera

405 1236 706 1306 prudentes
747 1245 894 1301 sunt,
952 1235 1086 1291 satis
1126 1234 1314 1290 eﬂicax
1354 1233 1422 1288 ad
1469 1232 1631 1288 ﬁdem
1664 1230 1991 1296 faciendam,

407 1326 589 1396 ipsum
621 1326 818 1381 Filium
850 1325 1152 1380 secundum
1177 1332 1431 1379 naturam
1456 1339 1577 1379 esse
1600 1324 1796 1386 Deum,
1833 1331 1889 1377 et
1927 1338 1994 1376 ex

406 1416 520 1472 Deo
538 1415 695 1472 Patre
716 1424 917 1481 ortum,
941 1416 1044 1471 hoc
1066 1416 1264 1485 ipsum,
1288 1415 1432 1486 quod
1454 1425 1685 1471 mortem
1704 1415 1992 1480 destruxit,

406 1517 464 1564 et
485 1508 730 1564 refloruit
764 1509 829 1563 ad
847 1509 1032 1563 vitam.
1063 1527 1081 1561 ε
1111 1509 1306 1564 Factus
1327 1508 1474 1563 enim
1496 1516 1580 1563 est
1600 1507 1716 1577 ipse
1743 1507 1997 1578 primitias

407 1599 817 1662 dormientium,
847 1606 901 1654 ct
921 1599 1319 1668 primogenitus
1339 1614 1407 1653 ex
1433 1598 1668 1652 mortuis
1689 1598 1766 1663 7';
1794 1616 1813 1649 ι
1832 1596 1996 1666 idque

410 1687 627 1757 signum
664 1687 790 1744 filiis
816 1688 1251 1743 inobedientium
1282 1695 1368 1742 est
1395 1688 1606 1753 datum,
1647 1701 1757 1756 quo
1796 1685 1997 1740 intelli-

407 1778 830 1849 gantChristum
860 1780 955 1835 Dei
999 1795 1064 1835 ac
1093 1780 1270 1835 Patris
1313 1779 1573 1850 sutfragio
1603 1793 1879 1833 summum
1905 1792 1994 1832 sa-

408 1871 682 1926 cerdotem
711 1879 960 1927 nostrum
991 1886 1112 1926 esse
1134 1870 1358 1935 factum,
1394 1886 1413 1920 ι
1442 1878 1714 1933 sanctum,
1735 1869 1997 1923 innocen-

408 1968 542 2026 tem,
593 1961 937 2031 impollutum
964 2001 978 2025 ,
1039 1969 1381 2032 segregatum
1430 1976 1463 2014 a
1515 1960 1899 2030 peccatoribus
1940 1966 1998 2013 et

407 2053 761 2108 excelsiorem
783 2052 936 2108 caelis
958 2052 1183 2118 factum,
1215 2070 1233 2103 ι
1274 2052 1417 2107 sicut
1445 2053 1712 2122 scriptum
1733 2060 1817 2107 est
1841 2051 1908 2105 ⁷⁸.

473 2231 671 2286 PALL.
701 2231 807 2287 Sed
852 2248 964 2287 non
1006 2232 1184 2288 solum
1236 2232 1569 2304 germinavit
1616 2234 1771 2305 virga
1816 2233 1996 2289 Aaron

411 2324 487 2396 (id
510 2324 658 2379 enim
682 2339 849 2380 sacra:
871 2324 1090 2381 Littera:
1116 2324 1278 2380 modo
1293 2326 1454 2381 nobis
1482 2326 1884 2398 ostenderunt),
1901 2326 1997 2382 sed

409 2418 642 2490 protulit
664 2434 853 2474 nuces.
887 2418 947 2473 Id
997 2432 1130 2473 vero
1152 2417 1383 2490 aenigma
1417 2418 1550 2489 quid
1574 2417 1865 2489 significet,
1908 2421 1997 2475 in-

411 2510 658 2582 telligere
685 2525 922 2580 nequeo.
1548 2522 1555 2527 '

476 2601 638 2673 343
665 2600 822 2656 CYR.
869 2601 1116 2656 Primum
1164 2602 1411 2672 quidem,
1458 2601 1686 2669 Palladi,
1733 2602 1871 2657 nihil
1897 2604 1997 2661 ab-

411 2692 564 2748 surdi
589 2700 692 2757 est,
710 2692 779 2747 de
802 2707 942 2746 nuce
968 2702 1301 2763 assumptam
1322 2708 1443 2749 esse
1464 2693 1675 2764 virgam
1694 2694 1994 2765 suspicari;

410 2790 635 2853 eratque
679 2783 875 2854 priscis
918 2783 1027 2838 illis
1080 2783 1138 2838 in
1194 2799 1345 2839 more
1405 2785 1643 2855 positum
1695 2786 1893 2842 talibus
1918 2788 1999 2843 uti

412 2874 684 2943 sceptris.‘
712 2874 920 2930 Deinde
976 2890 1131 2941 vero,
1179 2876 1226 2930 si
1277 2875 1998 2935 rationemaccommodare

414 2974 668 3036 oporteat
690 2967 778 3022 bis
819 2968 1382 3039 contemplationibus
1421 2981 1838 3042 congruentem,
1862 2971 1998 3027 illud

2095 500 2297 571 ραίνειν
2337 497 2577 568 ἀμογητὶ
2598 497 2688 548 καὶ
2722 493 2959 557 εὐκόλως
2989 492 3306 561 δυνάμενος,
3337 491 3453 552 τοῖς
3485 488 3547 542 τὸ
3569 507 3675 560 ση-

2093 594 2243 661 μεῖον
2312 588 2554 643 αἰτοῦσιν
2601 586 2855 656 ἔφασκεν·
2899 604 2918 637 ι
2956 584 3020 637 Ἦ
3067 581 3230 652 γενεὰ
3266 581 3404 653 αὕτη
3459 581 3680 651 πονηρά

2089 684 2228 735 ἐστι·
2259 683 2485 753 σημεῖον
2519 679 2679 743 αἰτεῖ,
2715 678 2808 731 καὶ
2842 679 3066 748 σημεῖον
3100 675 3161 729 οὐ
3199 673 3487 745 δοθήσεται
3509 673 3675 743 αὐτῇ,

2090 774 2138 826 εί
2167 771 2240 844 μὴ
2291 771 2351 825 τὸ
2411 773 2634 843 σημεῖον
2676 770 2831 823 Ἰωνᾶ
2871 767 2964 821 τοῦ
2998 765 3302 841 προφήτου.
3329 764 3543 834 ’Ὥσπερ
3565 763 3678 832 γὰρ

2089 860 2157 935 ἦν
2193 864 2378 928 Ἰωνᾶς
2399 866 2457 917 ἐν
2488 865 2554 934 τῇ
2591 860 2767 933 κοιλίᾳ
2799 859 2890 914 τοῦ
2921 860 3121 931 κήτους
3145 857 3296 928 τρεῖς
3343 855 3557 927 ἡμέρας
3577 854 3678 907 καὶ

2090 959 2240 1027 τρεῖς
2273 955 2493 1021 νύκτας,
2542 952 2716 1016 οὕτως
2753 951 2906 1006 ἔσται
2941 951 2969 1003 ὁ
2998 950 3127 1014 Υἱὸς
3153 947 3247 1002 τοῦ
3296 945 3584 1019 ἀνθρώπου
3614 947 3678 997 ἐν

2091 1051 2157 1120 τῇ
2181 1047 2378 1119 καρδίᾳ
2413 1047 2512 1117 τῆς
2545 1046 2648 1116 γῆς
2673 1046 2822 1116 τρεῖς
2846 1041 3062 1114 ἡμέρας
3091 1039 3188 1095 καὶ
3218 1040 3367 1111 τρεῖς
3404 1036 3625 1096 νύκτας.
3653 1054 3672 1087 ο

2094 1137 2304 1194 Οὐκοῦν
2342 1136 2627 1209 διαϐόητον
2686 1134 2905 1208 ἀληθῶς
2945 1134 3041 1188 καὶ
3076 1131 3374 1205 περιφανὲς
3425 1130 3675 1200 σημεῖον,

2095 1230 2190 1283 καὶ
2213 1229 2417 1302 ἀρκοῦν
2441 1231 2522 1294 είς
2553 1229 2738 1284 πίστιν
2763 1231 2877 1292 τοῖς
2905 1244 2969 1297 γε
2996 1226 3073 1290 ὡς
3102 1222 3318 1297 ἀληθῶς
3343 1220 3676 1291 εὐγνώμοσι,

2095 1322 2190 1377 τοῦ
2228 1321 2369 1376 κατὰ
2396 1322 2557 1393 φύσιν
2586 1318 2727 1377 εἶναι
2762 1320 2894 1375 Θεὸν
2920 1319 3018 1374 καὶ
3043 1319 3109 1371 ἐκ
3139 1315 3275 1370 Θεοῦ
3317 1314 3536 1383 Πατρδς
3574 1329 3679 1364 πε-

2098 1413 2326 1485 φυκέναι
2352 1414 2443 1468 τὸν
2480 1413 2632 1478 Υἰδν,
2681 1412 2744 1466 τὸ
2782 1410 3132 1482 καταργῆσαι
3172 1407 3262 1461 τὸν
3308 1405 3537 1460 θάνατον
3579 1403 3679 1456 καὶ

2099 1505 2326 1577 φθορὰν,
2366 1505 2460 1559 καὶ
2475 1497 2738 1559 ἁναθάλαι
2777 1503 2913 1574 πρὸς
2954 1501 3118 1573 ζωήν.
3160 1519 3179 1552 ι
3208 1500 3401 1569 Γέγονε
3426 1497 3536 1569 γὰρ
3571 1496 3679 1549 αὖ·

2096 1597 2187 1661 τὸς
2218 1599 2439 1668 ἀπαρχὴ
2476 1597 2583 1650 τῶν
2620 1592 3064 1666 κεκοιμημένων,
3108 1592 3204 1645 καὶ
3237 1590 3580 1662 πρωτότοκος
3608 1590 3682 1643 ἐκ

2097 1690 2208 1743 τῶν
2236 1688 2464 1761 νεκρῶν.
2502 1707 2521 1741 ι
2546 1689 2660 1742 Καὶ
2690 1687 2897 1742 δέδοται
2925 1686 2985 1740 τὸ
3009 1686 3233 1757 σημεῖον
3262 1683 3376 1746 τοῖς
3405 1683 3541 1745 υἱοῖς
3568 1679 3680 1733 τῶν

2095 1779 2364 1852 ἀνηκόων,
2397 1780 2473 1843 ὡς
2503 1780 2569 1834 ἂν
2606 1778 2796 1833 εἰδεῖεν
2826 1780 2909 1833 ὅτι
2943 1778 3108 1849 ψήφῳ
3135 1774 3228 1829 τοῦ
3260 1772 3396 1829 Θεοῦ
3433 1773 3530 1826 καὶ
3565 1772 3681 1825 Πα-

2093 1873 2222 1944 τρὸς
2258 1873 2545 1944 ἀρχιερεὺς
2584 1871 2810 1942 γέγονεν
2846 1871 3138 1941 ἐφ’ήμᾶςό
3162 1867 3415 1938 Χριστὸς,
3454 1883 3474 1915 ι
3511 1865 3678 1929 ὅσιος,

2095 1966 2323 2030 ἄκακος,
2368 1965 2652 2037 ἀμίαντος,
2696 1963 3103 2035 κεχωρισμένος
3134 1961 3243 2016 ἀπὸ
3279 1961 3390 2015 τῶν
3417 1962 3682 2033 ἁμαρτω,

2095 2057 2223 2122 λῶν,
2243 2058 2337 2110 καὶ
2356 2056 2687 2128 ὑψηλότερος
2714 2055 2823 2111 τῶν
2852 2053 3097 2127 οὐρανῶν
3127 2052 3438 2125 γενόμενος,
3472 2073 3491 2106 ι
3534 2051 3686 2106 κατὰ

2095 2148 2157 2203 τὸ
2183 2148 2596 2221 γεγραμμένον.

2168 2242 2379 2295 ΠΑΔΛ.
2433 2238 2577 2293 Ἀλλ’
2622 2237 2887 2311 ἐξήνθησε
2963 2238 3063 2310 μὲν
3130 2238 3264 2310 ἡμῖν
3313 2238 3347 2309 ή
3400 2235 3595 2308 ῥάϐδος
3644 2237 3683 2307 ἡ

2109 2330 2356 2402 ’Δαρώνο
2389 2329 2541 2384 τουτὶ
2578 2329 2689 2402 γὰρ
2730 2331 2862 2400 ήμῖν
2908 2328 3111 2400 ἀρτίως
3157 2329 3187 2381 ὁ
3234 2326 3376 2397 ἱερὸς
3431 2323 3686 2388 ὑπέδειξε

2096 2422 2272 2492 λόγος·
2310 2420 2571 2494 ἐξήνθησε
2615 2421 2673 2475 δὲ
2725 2420 2942 2493 κάρυον
2996 2419 3091 2474 καὶ
3129 2418 3180 2473 τί
3230 2417 3387 2490 δήτὸ
3424 2418 3685 2488 αἴνιγμα,

2098 2517 2237 2569 νοεῖν
2259 2515 2359 2569 οὐκ
2391 2514 2519 2586 ἔχω.
3199 2578 3210 2589 ἱ

2169 2607 2335 2661 ΚΥΡ.
2356 2606 2612 2661 Μάλιστα
2640 2605 2763 2678 μὲν,
2785 2597 2831 2660 ὧ
2855 2603 3142 2670 Παλλάδιε,
3172 2602 3233 2658 τὸ
3258 2602 3481 2665 ὰπεικδς
3503 2600 3681 2666 οὐδὲν,

2098 2701 2164 2754 ἐκ
2191 2697 2402 2770 καρύας
2434 2697 2685 2769 εἰλῆφθαι
2716 2695 2814 2769 τήν
2849 2695 3040 2768 ῥάϐδον
3068 2696 3335 2749 ὑπονοεῖν.
3375 2693 3485 2746 Καὶ
3517 2688 3586 2762 ἦν
3618 2692 3683 2744 ἐν

2098 2792 2210 2846 seu
2235 2793 2348 2855 τοῖς
2374 2790 2543 2844 πάλαι
2594 2788 2656 2842 τὸ
2692 2789 2786 2842 καὶ
2814 2785 3046 2841 τοιοῖσδέ
3098 2802 3239 2839 τισιν
3272 2780 3683 2855 ἁποκεχρῆσθαι

2100 2881 2420 2951 σκήπτροις.
2452 2879 2514 2932 Εἰ
2547 2876 2604 2930 δὲ
2645 2875 2710 2949 δή
2749 2874 2843 2930 καὶ
2880 2875 3038 2945 λόγον
3070 2874 3220 2947 ἡμᾶς
3251 2873 3555 2946 ἐφαρμόσαι
3595 2870 3684 2925 δεῖ

2097 2973 2191 3027 τὸν
2216 2974 2329 3037 τοῖς
2375 2968 3038 3042 θεωρήμασι.πρέποντα,
3084 2967 3351 3039 φράσαιμ’
3396 2965 3460 3019 ἂν
3498 2965 3685 3021 ἐκεῖνο

412 3071 582 3128 prope
613 3060 993 3131 pervulgatum
1014 3056 1272 3144 dixerim,
1297 3061 1444 3132 quod
1467 3063 1632 3117 etiam
1659 3063 1803 3134 apud
1827 3079 1991 3135 quos-

2102 3063 2284 3126 πάλιν,
2317 3061 2346 3115 ὃ
2373 3060 2794 3132 ἐκτεθρύλληταί
2831 3075 2970 3125 πως,
2999 3058 3148 3112 δοκεῖ
3182 3056 3238 3111 δὲ
3268 3054 3405 3111 εἶναί
3436 3073 3548 3110 τισι
3581 3057 3681 3109 καὶ

413 3150 538 3206 dam
567 3151 673 3208 fide
696 3153 920 3226 dignum
961 3153 1200 3221 videtur,
1230 3171 1463 3211 nuceam
1484 3156 1695 3228 virgam
1717 3159 1865 3213 vires
1891 3157 1993 3213 ha-

413 3242 545 3300 bere
568 3245 636 3300 ad
683 3246 1019 3318 vigilantiam
1070 3248 1442 3316 tribuendam,
1472 3250 1519 3306 si
1549 3251 1699 3305 illam
1728 3250 1798 3305 ad
1827 3257 1994 3322 caput

412 3335 687 3407 quispiam
738 3340 1004 3409 posuerit,
1041 3340 1192 3411 quod
1230 3340 1460 3397 fortasse
1488 3341 1725 3397 naturali
1756 3342 1992 3412 quadam

412 3426 669 3484 facultate
710 3444 778 3484 ex
808 3431 1088 3488 voluntate
1110 3432 1210 3487 Dei
1238 3431 1405 3488 eﬂicit
1439 3451 1451 3487 :
1492 3434 1721 3505 ejusque
1771 3434 1849 3489 rei
1877 3435 1993 3505 ipse

413 3534 631 3590 quoque
654 3522 817 3587 Deus,
850 3523 945 3592 qui
980 3524 1163 3579 omnia
1201 3532 1258 3579 et
1286 3525 1441 3579 novit
1467 3531 1525 3579 et
1546 3524 1815 3590 condidit,
1833 3526 1994 3581 nobis

414 3611 817 3679 quodammodo
871 3613 1033 3669 tidem
1082 3608 1257 3679 facit,
1308 3631 1433 3671 cum
1490 3616 1742 3671 Ieremia:
1793 3616 1927 3671 dicit
1975 3634 1989 3669 :

422 3716 441 3748 ι
465 3698 604 3765 Quid
647 3708 704 3753 tu
734 3700 922 3767 vides,
964 3703 1237 3759 Jeremia?
1286 3724 1304 3756 ›
1341 3721 1578 3776 cumque
1601 3706 1648 3762 is
1673 3707 1991 3777 respondis-

415 3796 525 3844 set:
548 3810 565 3841 ι
585 3791 800 3863 Virgam
826 3807 1091 3860 nuceam;
1124 3812 1143 3845 ι
1173 3795 1243 3850 ad
1270 3796 1388 3851 hac
1418 3796 1564 3852 Deus
1605 3814 1617 3850 :
1660 3817 1678 3850 ι
1710 3787 1877 3854 Recte
1905 3798 1991 3853 vi-

415 3879 564 3947 disti,
598 3901 615 3933 )
652 3883 847 3953 inquit,
905 3881 1147 3955 (vigilo
1206 3886 1354 3941 enim
1417 3902 1518 3959 ego
1574 3903 1740 3959 super
1804 3889 1992 3945 verbis

415 3974 571 4040 meis,
604 3982 665 4029 ut
690 3974 882 4030 faciam
916 3976 1007 4031 illa
1029 3977 1095 4030 ".
1141 3996 1158 4029 ι
1197 3978 1304 4033 Pro
1334 3979 1628 4050 vigilantia;
1659 3979 1826 4051 igitur
1844 3996 1991 4053 sym-

415 4063 542 4119 bolo
577 4081 643 4120 ac
667 4076 796 4123 nota
825 4084 934 4123 non
971 4069 1248 4125 immerito
1274 4071 1426 4143 virga
1458 4087 1633 4126 nucea
1665 4071 1868 4142 poterit
1896 4088 1991 4128 ac-

415 4153 543 4225 cipi.
571 4156 734 4227 Atqui
757 4157 849 4213 illa
889 4159 1094 4215 Christi
1123 4177 1153 4216 e
1182 4163 1420 4218 mortuis
1446 4164 1785 4220 resurrectio
1833 4165 1990 4236 quasi

414 4247 661 4315 quaedam
688 4264 717 4303 e
739 4265 931 4305 somno
967 4252 1245 4324 evigilatio
1286 4254 1410 4308 fuit.
1456 4255 1646 4325 Itaque
1678 4271 1776 4326 per
1817 4256 1989 4329 lyram

415 4355 633 4410 quoque
659 4341 948 4398 Psallentis
979 4344 1055 4398 ait
1097 4362 1110 4397 :
1167 4364 1185 4396 ι
1222 4346 1335 4416 Ego
1368 4346 1624 4412 dormivi,
1652 4354 1708 4402 et
1738 4364 1990 4403 somnum

2099 3162 2175 3226 ὡς
2197 3162 2255 3214 ἐν
2277 3158 2457 3215 πίστει
2484 3157 2692 3221 δεκτὸν,
2712 3156 2772 3211 τὺ
2803 3154 2877 3227 μὴ
2895 3153 3165 3218 ἀνικάνως
3189 3153 3333 3224 ἐχειν
3356 3154 3457 3224 τήν
3484 3150 3680 3222 ῥάϐδον

2098 3253 2198 3326 τήν
2229 3252 2495 3324 καρυῖνην
2525 3250 2758 3304 ἀῦπνίαν
2791 3248 3060 3319 ἐμποιεῖν,
3095 3247 3145 3299 εί
3173 3245 3311 3317 πρός
3341 3261 3406 3314 γε
3444 3243 3504 3296 τὸ
3535 3242 3682 3313 κάρα

2101 3345 2281 3402 κέοιτό
2301 3360 2482 3411 τινων,
2506 3344 2645 3415 τάχα
2666 3358 2769 3395 που
2790 3339 3051 3411 δυνάμεσι
3073 3338 3326 3408 φυσικαῖς
3351 3333 3682 3408 ἐνεργοῦσαν

2098 3439 2158 3493 τὸ
2186 3438 2374 3510 χρῆμα
2402 3435 2540 3491 κατὰ
2571 3434 2789 3506 θέλησιν
2820 3431 2977 3486 Θεοῦ.
3009 3429 3346 3484 Πιστώσεται
3370 3427 3428 3481 δέ
3456 3443 3575 3489 πως
3599 3428 3682 3490 εἰς

2098 3528 2255 3583 τοῦτο
2284 3529 2430 3598 ήμᾶς
2451 3525 2545 3580 καὶ
2566 3525 2730 3588 αὐτὸς
2751 3523 2926 3592 λέγων
2970 3521 3108 3592 πρὸς
3149 3517 3423 3591 Ἱερεμίαν
3451 3518 3481 3571 ὀ
3502 3515 3684 3570 πάντα.

2099 3619 2286 3685 εἰδὼς,
2338 3619 2431 3673 καὶ
2475 3616 2583 3671 τῶν
2638 3617 2776 3671 ὅλων
2819 3612 3180 3686 Δημιουργός’
3229 3629 3249 3662 ι
3288 3609 3355 3664 Τί
3398 3610 3464 3663 σὺ
3510 3608 3680 3680 ὁρᾷς,

2076 3714 2085 3731 ‘
2110 3712 2367 3784 Ἰερεμία;
2397 3734 2412 3761 ο
2435 3709 2494 3764 '0
2509 3710 2614 3773 δεμ
2636 3708 2949 3779 Βακτηρίαν
2978 3724 2997 3756 ι
3017 3705 3219 3774 λέγων(
3245 3703 3529 3776 καρυΐνην·
3585 3700 3685 3752 καὶ

2098 3805 2163 3877 δὴ
2192 3804 2326 3876 πρὸς
2345 3802 2503 3857 τοῦτο
2529 3801 2683 3869 Θεός;
2735 3818 2756 3853 ι
2777 3800 2980 3871 Ὀρθῶς
3011 3797 3281 3870 ἑώρακας,
3310 3815 3327 3847 ι
3352 3794 3516 3866 φησὶν
3551 3811 3572 3844 ι
3596 3792 3683 3845 ὅτι

2099 3896 2210 3966 ἐγὼ
2237 3897 2515 3969 ἐγρήγορα
2541 3895 2633 3949 ἐπὶ
2660 3895 2787 3958 τούς
2816 3892 3007 3961 λόγους
3047 3907 3172 3962 μου,
3208 3890 3299 3942 τοῦ
3321 3888 3549 3958 ποιῆσαι
3578 3884 3684 3938 αὐ-

2097 3988 2243 4052 τούς.
2280 4007 2300 4038 ›
2342 3986 2603 4050 Ἀὓπνίας
2630 3980 2723 4038 οῦν
2755 3983 2864 4055 ἄρα
2893 3981 3160 4053 σύμϐολον
3186 3980 3342 4036 νοοῖτ⁹
3371 3976 3682 4038 ἂνεῐκότως

2098 4080 2132 4151 ή
2175 4079 2369 4152 ῥάϐδος
2399 4080 2433 4151 ή
2468 4078 2721 4149 καρυῖνη.
2757 4076 3102 4149 Γρηγόρησις
3124 4074 3180 4128 δὲ
3207 4072 3395 4143 ὥσπερ
3425 4069 3483 4135 ἐξ
3505 4069 3679 4122 ὕπνου

2097 4172 2320 4241 γέγονεν
2344 4172 2378 4242 ή
2405 4173 2470 4225 ἐκ
2498 4168 2705 4240 νεκρῶν
2730 4167 3022 4230 ἀναϐίωσις
3048 4164 3142 4219 τοῦ
3163 4162 3421 4235 Χριστοῦ.
3443 4161 3681 4231 Τοιγάρο

2097 4266 2176 4317 τοι
2206 4261 2301 4316 καὶ
2327 4261 2414 4316 διὰ
2444 4259 2545 4331 τῆς
2577 4258 2672 4312 τοῦ
2703 4257 3013 4319 Ψάλλοντος
3038 4254 3208 4327 λύρας
3237 4251 3429 4323 φησίν·
3466 4268 3485 4302 ι
3534 4247 3683 4320 Ἐγὼ

2096 4351 2394 4423 ἐκοιμήθην
2432 4351 2524 4404 καὶ
2550 4348 2792 4413 ῦπνωσα,
2829 4344 3162 4418 ἐξηγέρθην,
3203 4345 3285 4398 ὅτι
3322 4342 3527 4415 Κύριος
3550 4341 3685 4394 ἀντ-

415 4435 533 4504 crpi
558 4448 596 4489 ‘:
630 4434 903 4506 evigilavi,
946 4438 1073 4508 quia
1121 4439 1385 4494 Dominus
1423 4440 1663 4510 suscepit
1686 4456 1773 4496 me
1802 4441 1867 4495 ".
1906 4460 1925 4494 ι

2105 4443 2327 4500 ελάϐετό
2360 4460 2482 4514 μου.
2524 4460 2543 4492 ι

494 4526 688 4581 PALL.
724 4528 867 4584 Vera
897 4528 1054 4585 dicis.

483 4614 641 4671 CYR.
676 4618 752 4672 De
787 4619 1015 4673 lucerna
1041 4634 1262 4689 quoque
1291 4636 1356 4678 ac
1391 4638 1601 4689 mensa,
1639 4640 1761 4695 quae
1778 4625 1835 4681 in
1877 4627 1993 4696 pri-

412 4721 506 4762 mo
541 4707 898 4764 tabernaculo
948 4710 1055 4765 sita
1084 4719 1260 4777 erant,
1308 4713 1389 4769 sic
1420 4723 1685 4784 praeterea
1731 4717 1995 4788 scriptum

414 4809 543 4854 est:
589 4818 608 4852 ι
642 4800 708 4854 Et
730 4801 949 4858 locutus
978 4811 1064 4859 est
1092 4804 1358 4862 Dominus
1391 4808 1725 4880 ad'Moysen,
1756 4810 1945 4866 dicens
1980 4829 1993 4865 :

416 4893 658 4966 Praecipe
695 4894 822 4949 filiis
851 4894 1039 4962 Israel,
1070 4903 1127 4950 et
1147 4897 1417 4968 accipiant
1437 4898 1535 4953 tibi
1563 4899 1744 4954 oleum
1768 4916 1988 4969 purum,
2026 4958 2045 4969 ,

415 4991 707 5040 contusum
756 4985 825 5041 ad
874 4987 1083 5052 lumen,
1134 4995 1197 5043 ut
1233 4988 1426 5044 ardeat
1461 4990 1688 5046 lucerna
1726 4999 1993 5061 perpetuo

415 5084 571 5128 extra
598 5077 849 5133 velamen
888 5078 943 5132 in
971 5077 1322 5134 tabernaculo
1346 5082 1682 5148 testimonii;
1721 5089 1778 5137 et
1803 5097 1995 5138 accen-

416 5164 511 5219 det
553 5165 689 5220 illud
722 5168 904 5222 Aaron
941 5177 999 5223 et
1030 5167 1126 5224 filii
1173 5171 1292 5241 ejus
1325 5185 1357 5224 a
1384 5186 1611 5243 vespera
1632 5187 1806 5242 usque
1834 5187 1994 5227 mane

418 5260 472 5312 in
500 5270 795 5331 conspectu
847 5262 1063 5318 Domini
1104 5264 1329 5335 jugiter,
1366 5264 1670 5335 legitimum
1700 5265 1991 5335 sempiter-

416 5367 549 5406 num
581 5351 637 5406 in
673 5355 963 5425 progenies
998 5364 1229 5413 vestras.
1272 5356 1332 5411 In
1368 5356 1695 5412 candelabro
1726 5373 1865 5427 puro
1894 5373 1986 5412 ac-

417 5441 661 5498 ccndetis
712 5442 963 5500 lucernas
1010 5460 1192 5500 coram
1243 5444 1475 5500 Domino
1511 5460 1687 5516 usque
1714 5461 1893 5509 mane,
1932 5454 1988 5500 et

417 5532 697 5602 accipietis
711 5535 966 5601 similam,
984 5544 1040 5590 et
1062 5535 1274 5592 facietis
1299 5552 1366 5591 ex
1386 5551 1450 5591 ea
1476 5535 1765 5593 duodecim
1782 5552 1983 5609 panes;

518 5648 564 5678 "
605 5656 734 5701 an.
769 5666 840 5715 x1,
868 5650 955 5714 ‘29,
986 5650 1073 5703 50.

2160 4535 2369 4590 ΠΔΛΛ.
2418 4531 2649 4604 Ἀληθής
2669 4533 2697 4585 ὁ
2722 4529 2900 4601 λόγος.

2161 4628 2325 4683 ΚΥΡ.
2356 4624 2565 4695 Λύχνου
2590 4623 2646 4677 δὲ
2679 4624 2772 4677 καὶ
2804 4621 3084 4694 τραπέζης
3111 4620 3258 4692 πέρι,
3292 4618 3394 4689 τῆς
3423 4615 3482 4670 ἔν
3511 4632 3577 4684 γε
3604 4616 3677 4685 τῇ

2093 4719 2286 4793 πρώτῃ
2320 4720 2513 4788 σκηνῇ,
2548 4715 2856 4787 γέγραπται
2885 4713 3046 4768 πάλιν
3076 4712 3191 4766 est
3236 4731 3254 4763 ι
3301 4710 3412 4764 Καὶ
3440 4707 3680 4777 ἐλάλησε

2093 4812 2297 4883 Κύριος
2345 4808 2482 4880 πρὸς
2533 4806 2739 4878 Μωσῆν
2782 4805 2980 4874 λέγων·
3045 4803 3316 4857 Ἔντειλαι
3368 4803 3482 4864 τοῖς
3537 4801 3678 4863 υἱοῖς

2101 4902 2341 4974 Ἰσραὴλ,
2376 4901 2469 4955 καὶ
2500 4898 2813 4952 λαϐέτωσαν
2839 4897 3013 4951 ἔλαιον
3037 4894 3298 4967 καθαρὸν,
3332 4891 3680 4963 κεκομμένον

2090 4997 2171 5059 εἰς
2199 4993 2337 5062 φῶς,
2371 4990 2568 5046 καῦσαι
2598 4989 2789 5061 λύχνον
2811 4989 3124 5056 διαπαντὸς,
3157 4986 3356 5054 ἔξωθεν
3384 4983 3477 5039 τοῦ
3508 4999 3683 5037 κατα-

2092 5086 2437 5156 πετάσματος
2461 5084 2519 5137 ἐν
2545 5085 2611 5155 τῇ
2634 5086 2804 5154 σκηνῇ
2825 5081 2918 5137 τοῦ
2946 5080 3245 5154 μαρτυρίου
3274 5098 3287 5110 ’
3315 5079 3409 5134 καὶ⁵
3435 5077 3680 5131 καύσου-

2094 5196 2178 5232 σιν
2206 5177 2336 5230 αὐτὸ
2375 5173 2585 5246 Ἀαρὼν
2615 5176 2708 5229 καὶ
2739 5177 2787 5228 ot
2821 5175 2926 5228 υίοὶ
2952 5173 3119 5228 αὐτοῦ
3152 5172 3261 5227 ἀπὸ
3294 5169 3535 5242 ἑσπέρας
3568 5169 3681 5232 ἕως

2094 5266 2238 5341 πρωῒ
2266 5267 2496 5322 ἐνώπιον
2525 5267 2730 5340 Κυρίου
2757 5265 3067 5338 ἐνδελεχῶς,
3093 5266 3323 5338 νόμιμον
3355 5260 3574 5317 αἰώνιον
3595 5259 3680 5322 είς

2092 5360 2191 5424 τὰς
2218 5359 2411 5429 γενεὰς
2456 5359 2631 5430 ὑμῶν.
2698 5359 2820 5414 Ἐπὶ
2868 5360 2970 5429 τῆς
3016 5359 3240 5431 λυχνίας
3280 5357 3380 5429 τῆς
3422 5353 3679 5425 καθαρᾶς

2092 5450 2322 5504 καύσετε
2341 5450 2468 5513 τοὺς
2481 5449 2706 5521 λύχνους
2726 5451 2965 5505 ἐναντίον
2979 5452 3061 5504 Κυ
3071 5450 3184 5523 ρίου
3198 5449 3306 5513 ἕως
3323 5448 3405 5512 είς
3428 5445 3490 5499 τὸ
3503 5442 3676 5516 πρωΐ.

2093 5539 2204 5594 Καὶ
2231 5537 2464 5612 λήψεσθε
2499 5540 2775 5611 σεμίδαλιν
2796 5581 2811 5606 ,
2852 5542 2947 5595 καὶ
2978 5542 3231 5613 ποιήσετε
3265 5535 3436 5611 αὐτὴν
3462 5535 3679 5592 δώδεκα

1173 5651 1219 5682 ’³
1247 5649 1412 5706 ICor.
1452 5667 1537 5715 xv,
1562 5651 1630 5707 20
1727 5651 1773 5684 7"
1805 5651 1972 5708 Hebr.

2120 5651 2211 5708 26.
2290 5653 2336 5686 ⁷⁸
2366 5652 2477 5709 Jer.
2504 5669 2542 5721 ι,
2572 5655 2631 5708 ll
2692 5655 2775 5708 12.
2810 5657 2856 5687 ⁷⁸
2887 5655 3029 5710 Psal.
3062 5670 3139 5721 Ill,
3176 5653 3229 5710 6.
