3996 6212
276 310 377 363 ﬁl"!
1019 303 1106 356 DE
1145 298 1587 357 ADORATIONE
1627 296 1696 351 IN
1739 293 2008 352 SPIRITU
2050 292 2138 349 ΕΤ
2181 292 2549 349 VERITATE.
2588 293 2715 348 LIB.
2760 293 2827 348 Χ.
3432 295 3534 348 678

277 427 496 496 ἄρτους.
530 422 634 474 Δύο
672 421 914 474 δεκάτων
958 419 1110 473 ἔσται
1149 420 1177 470 6
1211 419 1373 489 ἄρτος
1418 419 1447 471 6
1481 415 1582 480 εἷς,
1617 417 1711 470 xui
1743 417 1866 468 ὲπιο

1970 429 2030 467 ex
2059 413 2274 467 duabus
2303 411 2532 467 decimis
2577 412 2682 466 erit
2733 411 2890 481 panis
2941 425 3083 466 unus
3111 428 3123 464 :
3158 421 3212 465 et
3243 410 3540 482 imponetis

277 516 470 586 θήσετε
500 511 697 576 αὐτοὺς
726 509 820 562 δύο
841 508 1076 577 θέματα,
1112 509 1170 573 ἒξ
1198 509 1394 578 ἄρτους
1421 508 1482 561 τὸ
1510 508 1567 560 ἒν
1594 507 1736 577 θέμα
1764 507 1856 560 ἐπὶ

276 603 371 671 τὴν
398 600 678 672 τράπεζαν
719 600 818 668 τὴν
862 597 1107 666 καθαρὰν
1140 597 1318 650 ἔναντι
1358 597 1585 668 Κυρίου,
1612 596 1706 650 xui
1731 597 1854 649 ὲπι-

275 694 468 764 θήσετε
509 691 601 746 ἐπὶ
642 691 704 744 τὸ
740 690 881 762 θέμα
931 689 1147 744 λίϐανον
1190 688 1431 758 καθαρὸν
1469 689 1564 742 xui
1603 687 1728 752 ἅλα,
1762 686 1856 740 xui

273 783 488 836 ἔσονται
542 782 622 844 εἰς
658 781 860 850 ἄρτους
912 781 992 842 είς
1037 779 1341 849 ἀνάμνησιν
1393 777 1728 848 προκείμενα
1777 775 1855 846 τῷ

273 874 485 944 Κυρίῳ.
526 873 605 942 Τῇ
647 871 829 941 ἡμέρᾳ
873 869 982 923 τῶν
1028 870 1310 924 σαϐϐάτων
1340 869 1642 940 προθήσετε
1675 867 1854 921 ἔναντι

273 965 480 1035 Κυρίου
514 961 806 1024 διαπαντὸς
846 957 1075 1014 ἐνώπιον
1116 960 1223 1013 τῶν
1269 959 1400 1013 υίῶν
1451 957 1694 1028 Ἰσραὴλ,
1742 956 1856 1009 δια-

272 1056 447 1126 θήκην
475 1053 716 1107 αἰώνιον·
741 1049 835 1104 καὶ
861 1049 1013 1102 ἔσται
1029 1047 1239 1118 Ἀαρὼν
1265 1049 1359 1102 xui
1385 1051 1495 1110 τοῖς
1511 1049 1640 1110 υἱοῖς
1664 1045 1851 1110 αὐτοῦ,

272 1149 368 1200 xui
398 1145 662 1213 φάγονται
695 1141 832 1195 αὐτὰ
892 1141 951 1193 ὲν
990 1140 1140 1210 τόπῳ
1174 1139 1338 1209 ἀγίῳο
1393 1137 1506 1190 ἔστι
1541 1137 1648 1208 γὰρ
1688 1138 1854 1204 ’Ἅγια

270 1238 381 1290 τῶν
426 1234 618 1303 ἁγίων.
653 1231 824 1286 Τοῦτο
868 1230 1018 1301 αὐτῷ
1049 1229 1158 1283 ἀπὸ
1203 1229 1312 1283 τῶν
1343 1227 1747 1297 θυσιαζομένων
1778 1225 1854 1297 τῷ

272 1326 465 1396 Κυρίῳ
487 1364 502 1386 ,
535 1323 765 1393 νόμιμον
796 1321 1032 1374 αἰώνιον.
1077 1339 1095 1372 ι
1128 1318 1381 1390 Καθαρὸν
1408 1314 1502 1370 οῦν
1546 1316 1607 1369 τὸ
1645 1315 1852 1377 ἔλαιον,

270 1418 368 1473 καὶ
404 1417 510 1487 μὴν
542 1414 636 1468 xui
666 1413 900 1478 ὲλάῖνον,
930 1410 1079 1465 τοῦτ’
1117 1409 1286 1473 ἔστιν,
1324 1407 1384 1472 ἐξ
1411 1407 1628 1469 ἐλαιῶν,
1669 1407 1769 1459 οὐκ
1797 1405 1857 1470 ἐξ

270 1508 588 1585 ὲτεροειδῶν
611 1505 941 1578 σπερμάτων
962 1504 1057 1558 xui
1081 1500 1484 1572 γεωδεστέρων,
1509 1497 1568 1564 ἐξ
1587 1492 1660 1552 ὧν
1683 1497 1854 1550 ἔλαιον

275 1607 374 1677 μὲν
407 1603 668 1666 causam,
701 1597 853 1657 νόθον
882 1596 936 1650 δὲ
967 1595 1155 1666 ὥσπερ
1190 1591 1286 1647 xui
1314 1591 1476 1645 οἱονεὶ
1511 1589 1860 1660 κεκαπη>.ευ‹

276 1699 464 1770 μένονο
494 1698 582 1750 ἀεὶ
613 1697 722 1766 γάρ
753 1697 870 1748 ἐστι
899 1687 1138 1759 καθαρὸν
1176 1686 1270 1741 xui
1299 1686 1519 1757 γνήσιον
1547 1683 1761 1754 ἀληθῶς
1799 1684 1857 1735 ὲν

281 1789 635 1859 Ἐκκλησίαις
673 1787 734 1840 τὸ
779 1785 916 1855 φῶς,
953 1780 1112 1854 δῆλον
1158 1778 1213 1832 δὲ
1251 1777 1333 1830 ὅτι
1365 1777 1434 1830 τὸ
1471 1776 1556 1829 διὰ
1589 1773 1825 1846 Χριστοῦ
1847 1815 1862 1842 ,

274 1881 580 1951 Πνεύματι,
601 1879 704 1932 κᾶν
727 1879 776 1931 εί
794 1876 881 1930 διὰ
901 1875 1002 1946 τῆς
1020 1870 1130 1928 τῶν
1148 1871 1316 1938 ἁγίων
1339 1869 1636 1924 διακονοῖτο
1655 1869 1858 1940 φωνῆς,

270 1973 412 2042 πρὸς
455 1969 550 2034 οὓς
600 1969 702 2039 ἔφη
731 1967 986 2038 Χριστός·
1038 1985 1057 2017 ι
1109 1963 1302 2035 Ὑμεῖς
1353 1963 1479 2014 ὲστε
1508 1960 1568 2014 τὸ
1605 1960 1721 2029 φῶς
1765 1959 1860 2013 τοῦ

269 2065 506 2132 κόσμου.
551 2082 569 2114 ι
624 2061 734 2114 Καὶ
779 2060 1088 2130 θαυμαστὸν
1115 2054 1290 2111 οὐδέν·
1337 2054 1430 2118 οὓς
1458 2052 1568 2125 γὰρ
1601 2052 1860 2120 ἀδελφοὺς

267 2156 547 2226 ὠνόμασε,
581 2154 671 2206 xui
704 2153 964 2223 μετόχους
992 2147 1187 2202 ἑαυτοῦ
1220 2147 1626 2216 κατεστήσατο,
1651 2141 1862 2206 τούτοις

271 2249 341 2302 ἂν
373 2246 600 2307 εἰκότως
626 2245 722 2297 xui
749 2243 857 2294 τῶν
888 2240 1031 2294 ἰδίων
1061 2237 1388 2308 ἀξιωμάτων
1417 2232 1730 2306 ὲπιμερίζοι
1761 2231 1861 2302 τὴν

269 2339 451 2402 δόξαν.
494 2336 724 2389 Καίεται
761 2333 824 2404 δὴ
870 2329 962 2387 οῦν
1003 2333 1032 2385 6
1080 2332 1271 2403 λύχνος
1315 2331 1410 2384 xui
1450 2333 1506 2383 ὲν
1553 2330 1620 2399 τῇ
1669 2326 1861 2398 πρώτῃ

274 2431 473 2500 σκηνῇ,
505 2429 598 2482 xui
633 2425 810 2479 διττὸν
837 2425 902 2479 ἂν
933 2424 1042 2495 ἔχοι
1071 2423 1131 2477 τὸ
1159 2423 1347 2494 χρῆμα
1373 2421 1464 2474 τὸν
1495 2418 1639 2474 νοῦνσ
1675 2421 1732 2472 ἐν
1763 2417 1863 2488 μὲν

270 2523 384 2590 γὰρ
443 2523 511 2591 τῇ
568 2520 812 2590 ὲσωτὲρᾳ
865 2520 1036 2588 σκηνῇ
1105 2516 1288 2586 λύχνοι
1353 2515 1635 2584 φαίνουσιν
1693 2513 1856 2580 ἑπτὰ,

272 2615 638 2683 ἐξαπτόμενοι
669 2611 730 2664 τὸ
756 2610 920 2680 πρωῒ,
953 2612 1047 2662 xui
1075 2607 1328 2662 πλούσιον
1349 2609 1458 2668 τοῖς
1493 2604 1862 2677 εἰστρέχουσιν

272 2707 511 2768 ἐνιέντες
553 2704 615 2756 τὸ
658 2703 772 2772 φῶς
795 2743 808 2756 .
855 2702 966 2755 Καὶ
994 2698 1120 2772 ἦνὴ
1160 2699 1348 2770 λυχνία
1385 2697 1652 2768 Χριστὸς,
1699 2697 1774 2761 ὼς
1807 2699 1864 2750 ὲν

273 2798 435 2871 τύπῳ
468 2795 629 2851 πάλιν
659 2795 785 2858 τοὺς
817 2776 895 2857 εἰς
925 2793 993 2847 τὰ
1018 2793 1186 2861 ’Ἅγια
1215 2791 1324 2844 τῶν
1353 2791 1524 2860 ἁγίων
1562 2790 1862 2860 εἰστρέχειν

273 2891 565 2951 ἐθέλοντας
597 2886 778 2956 πολλῴ
810 2886 904 2939 xui
949 2885 1253 2956 ἀμφιλαφεῖ
1293 2881 1659 2949 καταυγὰζων
1701 2880 1860 2949 φωτί·

283 3005 304 3036 ι
340 2982 669 3054 Προσέλθετε
704 2980 832 3050 γὰρ,
850 2979 1005 3050 φησὶ,
1031 2978 1165 3049 πρὸς
1186 2975 1348 3029 αὑτὸν
1369 2973 1466 3028 xui
1489 2972 1814 3044 φωτίσθητε.
1841 2992 1858 3024 ι

275 3075 391 3128 Καὶ
423 3073 528 3144 μὴν
559 3073 651 3124 xui
682 3069 746 3123 τδ
777 3068 1131 3124 ἀνακαίεσθαι
1165 3067 1225 3121 τὸ
1286 3063 1432 3137 πρωῒ
1469 3064 1594 3127 τοὺς
1639 3063 1867 3134 λύχνους

276 3167 722 3236 κατασημήνειεν
755 3161 821 3216 ἂν
858 3163 958 3232 τῆς
998 3160 1466 3232 ὲνανθρωπήσεως
1511 3157 1603 3211 τὸν
1651 3156 1863 3226 καιρόν.

276 3258 554 3329 Διηύγοισε
607 3257 750 3327 γὰρ.
801 3249 890 3309 οἷά
917 3271 1000 3317 τις
1044 3253 1250 3325 ἡμέρα,
1287 3251 1382 3304 xui
1429 3249 1544 3320 φῶς
1593 3247 1869 3320 ἀνέλαμψε

278 3352 495 3423 νοητὸν,
528 3353 627 3420 τῆς
652 3348 884 3420 ἀρχαίας
907 3350 938 3417 ἡ
948 3345 1063 3416 μῶν
1088 3344 1329 3417 ἀμαθίας
1358 3344 1597 3398 ἐλαύνων
1623 3342 1712 3396 τὸν
1743 3341 1865 3395 σκό-

279 3461 375 3496 τον
395 3485 409 3506 ,
437 3443 534 3496 xui
561 3442 636 3504 ὼς
671 3443 728 3494 ὲν
757 3439 907 3504 τάξει
943 3438 1166 3502 νυκτὸς,
1199 3439 1297 3508 τὴν
1331 3435 1713 3507 ἐπισκήψασαν
1751 3435 1872 3498 ταῖς

281 3535 545 3592 ἁπάντων
585 3533 831 3602 καρδίαις
857 3531 1344 3586 κατασκεδαννύων
1372 3529 1559 3600 ἀχλύν.
1583 3527 1740 3582 Οὕτω
1763 3527 1872 3600 γὰρ

283 3630 422 3698 ἡμῖν
458 3628 558 3698 τῆς
590 3626 684 3679 τοῦ
715 3627 968 3697 Σωτῆρος
1008 3623 1304 3694 ἐπιδημίας
1345 3623 1436 3677 τὸν
1472 3622 1664 3694 καιρὸν
1708 3620 1802 3672 xui
1846 3620 1874 3672 6

285 3723 579 3792 προφήτης
611 3719 911 3790 παρεκάλει
962 3718 1157 3785 λέγων·
1207 3734 1226 3767 ι
1276 3717 1350 3770 Τὸ
1391 3714 1536 3788 πρωῒ
1579 3711 1872 3783 εἰσακούσῃ

285 3815 392 3882 τῆς
445 3812 630 3882 φωνῆς
691 3827 824 3880 μου,
872 3811 933 3864 τὸ
971 3808 1114 3881 πρωῒ
1153 3807 1580 3880 παραστήσομαι
1628 3824 1732 3869 σοι,
1782 3807 1876 3859 xui

288 3905 590 3973 ἐπάξομαι.
661 3921 680 3953 ι
714 3903 849 3954 Πότε
877 3900 986 3970 γὰρ
1009 3899 1075 3953 ἂν
1106 3899 1293 3953 δεκταὶ
1315 3899 1601 3967 γεγόνασιν
1634 3897 1688 3948 αἱ
1712 3896 1878 3949 ἁπάν-

289 4013 403 4050 των
452 3994 632 4063 εὐχαῖ,
681 3992 777 4045 xui
824 3994 873 4045 oi
923 3992 1092 4046 πάλαι
1131 3987 1473 4058 πλανώμενοι
1523 3987 1878 4058 παρέστημεν

290 4087 457 4138 οἱονεὶ
485 4085 563 4154 τῷ
589 4082 738 4153 Θεῷ,
771 4082 837 4134 δι’
854 4081 1206 4151 οἰκειότητος,
1238 4077 1479 4148 δηλονότι
1505 4077 1604 4148 τῆς
1635 4093 1878 4146 πνευμα-

292 4178 478 4246 τικῆς,
510 4176 602 4228 xui
635 4175 876 4244 ὑπακοῆς
897 4174 989 4228 xui
1019 4173 1271 4235 πίστεως,
1303 4171 1352 4222 εί
1387 4168 1460 4240 μὴ
1521 4168 1582 4221 τὸ
1609 4168 1724 4237 φῶς
1748 4169 1879 4238 ἡμῖν

295 4272 578 4342 ἐπέλαμψε
608 4273 666 4325 τὸ
691 4271 750 4334 ὲξ
778 4267 1032 4342 οὐρανοῦ,
1059 4265 1352 4328 τοῦτ’ἐστι,
1381 4261 1643 4334 Χριστός;
1671 4257 1880 4313 Οὐκοῦν

297 4364 358 4415 ὲν
393 4362 491 4431 μὲν
525 4365 590 4432 τῇ
629 4357 874 4430 ὲσωτέρᾳ
940 4358 1112 4426 σκηνῇ
1153 4351 1406 4407 πλούσιόν
1445 4368 1504 4404 τε
1555 4351 1648 4402 καὶ
1684 4347 1881 4400 λεπτὸν

1963 520 2058 560 eos
2083 504 2220 560 duas
2246 505 2575 574 positiones;
2608 520 2700 558 sex
2723 520 2889 573 panes
2910 511 3074 558 erunt
3099 520 3203 558 una
3228 505 3427 574 positio
3448 520 3540 559 su-

1962 612 2061 665 per
2096 611 2337 651 mensam
2372 613 2565 666 puram
2610 612 2794 650 coram
2836 597 3067 650 Domino
3103 615 3114 649 :
3151 607 3206 652 ct
3248 597 3544 666 imponetis

1963 701 2127 756 super
2156 687 2482 756 positionem
2514 687 2642 742 thus
2683 702 2882 756 purum
2925 697 2982 740 et
3011 687 3088 740 sal
3122 705 3134 740 :
3170 696 3406 741 eterunt
3442 704 3539 756 pa-

1960 793 2062 833 nes
2106 780 2163 833 in
2205 779 2526 833 memoriam
2575 779 2842 848 propositi
2891 779 3122 832 Domino
3157 795 3168 830 :
3208 779 3296 832 die
3327 779 3540 832 sabbati

1961 871 2278 940 proponetis
2335 886 2521 924 coram
2575 871 2806 924 Domino
2858 870 2913 924 in
2960 879 3284 939 perpetuum
3339 887 3368 923 a
3417 870 3545 924 ﬁliis

1962 961 2150 1025 Israel,
2183 953 2568 1016 testamentum
2608 961 3042 1030 sempiternum;
3081 971 3137 1016 et
3173 969 3336 1015 erunt
3360 962 3541 1016 Aaron

1962 1061 2017 1106 et
2041 1051 2168 1106 ﬁliis
2200 1052 2339 1122 ejus,
2382 1059 2439 1105 et
2483 1049 2773 1105 comedent
2809 1065 2872 1104 ea
2917 1051 2971 1103 in
2998 1049 3118 1103 loco
3158 1060 3378 1106 sancto:
3413 1059 3546 1105 sunt

1961 1145 2109 1200 enim
2132 1144 2328 1200 Sancta
2360 1153 2677 1199 sanctorum
2707 1145 2847 1198 :hoc
2875 1144 2952 1198 illi
2983 1144 3161 1208 abiis,
3192 1161 3312 1214 quae
3341 1145 3544 1200 sancti-

1962 1235 2195 1290 ﬁcantur
2211 1236 2461 1300 Domino,
2478 1236 2781 1307 legitimum
2798 1236 3192 1305 sempiternum
3208 1237 3273 1289 ".
3297 1255 3314 1286 ι
3336 1237 3541 1290 Purum

1964 1325 2130 1398 igitur
2151 1327 2418 1397 quwritur
2458 1329 2662 1392 oleum,
2701 1338 2866 1398 atque
2903 1327 3236 1397 oleaginum,
3267 1328 3322 1382 id
3349 1338 3432 1383 est
3473 1345 3544 1382 ex

1962 1419 2119 1484 oleis,
2149 1418 2312 1490 3M
2338 1435 2448 1474 non
2479 1435 2545 1475 ex
2566 1421 2794 1475 alterius
2815 1421 3033 1490 generis
3049 1420 3354 1474 seminibus
3381 1428 3544 1488 atque

1964 1508 2343 1573 terrestribus,
2378 1525 2408 1563 e
2432 1510 2634 1579 quibus
2659 1509 3069 1580 exprimebatur
3090 1509 3310 1578 quidem
3335 1511 3545 1578 oleum,

1962 1599 2059 1655 sed
2083 1600 2314 1655 nothum
2347 1601 2753 1672 quodammodo
2776 1642 2790 1666 ,
2835 1610 2891 1655 et
2935 1601 3094 1671 quasi
3129 1601 3497 1656 adulteratum
3525 1621 3542 1668 ;

1961 1707 2182 1764 semper
2221 1694 2368 1748 enim
2408 1702 2492 1749 est
2530 1695 2585 1748 in
2635 1695 2897 1750 Ecclesiis
2926 1708 3127 1764 purum
3167 1707 3230 1746 ac
3268 1693 3544 1748 sincerum

1894 1776 1938 1832 B
1964 1797 2094 1838 vere
2129 1784 2336 1848 lumen,
2361 1784 2495 1839 illud
2535 1784 2819 1849 nimirum,
2863 1784 3009 1854 quod
3040 1799 3139 1852 per
3184 1777 3464 1840 Christum
3488 1786 3544 1840 in

1963 1873 2172 1945 Spiritu
2218 1885 2409 1932 sancto
2449 1876 2792 1936 accenditur.
2833 1880 3084 1946 quamvis
3107 1889 3424 1936 sanctorum
3456 1879 3542 1932 vi-

1961 1981 2150 2021 rorum
2208 1983 2343 2024 voce
2383 1967 2752 2034 ministretur,
2801 1969 3006 2038 quibus
3055 1971 3193 2026 dixit
3245 1973 3543 2030 Christus:

1970 2078 1989 2110 ι
2019 2060 2128 2114 Vos
2157 2060 2290 2115 estis
2329 2061 2424 2115 lux
2459 2062 2649 2116 mundi
2673 2062 2738 2116 ⁷⁸.
2780 2081 2799 2114 ›
2830 2062 3018 2133 Neque
3067 2066 3122 2119 id
3153 2065 3379 2130 mirum;
3418 2081 3547 2120 nam

1963 2165 2103 2221 quos
2137 2151 2336 2208 fratres
2360 2155 2671 2223 appellavit,
2701 2163 2756 2208 et
2800 2155 3096 2226 participes
3127 2157 3211 2210 sui
3235 2159 3544 2222 constituit,

1963 2244 2034 2299 iis
2051 2245 2446 2299 convenienter
2482 2261 2706 2300 suarum
2750 2247 3144 2316 proprietatum
3172 2249 3401 2318 gloriam
3449 2250 3552 2302 im-

1962 2340 2152 2409 partit.
2187 2338 2356 2393 Ardet
2379 2339 2562 2408 itaque
2598 2340 2842 2404 lucerna,
2875 2339 2930 2394 in
2964 2341 3142 2410 primo
3194 2343 3551 2396 tabernaculo

1963 2431 2150 2497 ardet;
2175 2444 2350 2500 eaque
2379 2445 2466 2485 res
2504 2430 2784 2499 duplicem
2840 2431 3042 2485 habere
3073 2448 3294 2486 sensum
3332 2441 3547 2503 potest;

1964 2539 2091 2577 nam
2116 2523 2169 2578 in
2194 2523 2444 2578 interiori
2471 2523 2826 2578 tabernaculo
2846 2533 3054 2594 septem
3075 2525 3312 2580 lucernae
3328 2525 3513 2580 lucent
3531 2564 3548 2588 ,

1964 2632 2086 2687 quze
2119 2630 2278 2671 mane
2306 2615 2706 2680 accenduntur,
2739 2624 2902 2686 atque
2933 2617 3214 2686 copiosum
3248 2616 3553 2686 ingredien~

1965 2711 2114 2765 tibus
2156 2711 2341 2766 lumen
2373 2711 2697 2765 immittunt.
2728 2712 2805 2766 Ac
2859 2712 3084 2766 lucerna
3119 2712 3361 2781 quidem,
3400 2721 3461 2766 ut
3494 2712 3550 2765 in

1967 2799 2162 2871 ﬁgura,
2194 2817 2387 2856 rursus
2415 2800 2669 2857 Christus
2705 2809 2842 2867 erat,
2886 2802 2978 2872 qui
3012 2803 3186 2856 multo
3218 2803 3553 2873 copiosoque

1966 2891 2173 2947 lumine
2215 2893 2269 2946 in
2310 2892 2508 2948 Sancta
2542 2902 2860 2949 sanctorum
2905 2893 3118 2964 ingredi
3154 2895 3401 2951 volentes
3431 2896 3554 2950 illu-

1967 2988 2132 3036 strat:
2165 2999 2182 3033 ‹
2206 2981 2461 3037 Accedite
2480 2984 2648 3048 enim,
2676 3004 2693 3035 ι
2720 2983 2960 3054 ἱιιιιυίῑ,‹
2990 2983 3056 3038 ad
3084 2998 3233 3048 eum,
3269 2994 3325 3039 et
3347 2985 3556 3039 illumi-

1967 3075 2176 3129 namini
2203 3076 2266 3128 ⁷⁸.
2309 3095 2327 3127 ›
2365 3074 2678 3141 Quinetiam
2720 3076 2869 3147 quod
2917 3093 3079 3133 mane
3111 3079 3554 3155 accendebantur

1970 3166 2242 3230 lucernae,
2307 3165 2596 3237 designare
2657 3167 2860 3237 poterit
2925 3168 3104 3238 ipsum
3158 3169 3562 3224 incarnationis

1973 3267 2375 3329 tempusztum
2417 3261 2566 3314 enim
2622 3261 2776 3314 velut
2820 3261 2938 3315 dies
2977 3262 3200 3331 quidam
3255 3263 3454 3328 illuxit,
3500 3275 3558 3321 ct

1972 3352 2260 3421 spirituale
2286 3352 2474 3406 lumen
2510 3352 2738 3416 effulsit,
2760 3354 2904 3422 quod
2934 3363 3138 3408 nostrae
3169 3357 3370 3409 veteris
3399 3357 3556 3426 igne-

1973 3439 2166 3494 rantis:
2196 3439 2450 3494 tenebras
2488 3439 2736 3509 dispulit,
2780 3441 3039 3511 illamque
3088 3442 3396 3512 caliginem,
3435 3460 3559 3512 quae

1972 3531 2152 3586 noctis
2207 3532 2380 3586 instar
2422 3531 2809 3586 universorum
2877 3533 3139 3587 cordibus
3190 3540 3310 3586 erat
3359 3533 3555 3597 oﬂ'usa,

1975 3623 2281 3693 dissipavit.
2321 3623 2411 3679 Sic
2440 3623 2587 3678 enim
2619 3634 2854 3694 tempus,
2888 3641 2998 3694 quo
3035 3625 3285 3680 Salvator
3313 3625 3557 3692 advenit,

1976 3716 2244 3786 propheta
2263 3731 2481 3786 quoque
2508 3716 2665 3786 longe
2688 3727 2812 3771 ante
2836 3717 3070 3782 vocavit,
3101 3717 3292 3772 dicens
3315 3736 3325 3769 :
3358 3737 3374 3767 ι
3404 3717 3559 3772 Mane

1975 3807 2238 3862 exaudies
2263 3823 2454 3862 vocem
2490 3824 2696 3873 meam,
2733 3825 2894 3864 mane
2929 3811 3119 3864 astabo
3153 3811 3272 3877 tibi,
3309 3822 3365 3867 et
3403 3813 3561 3868 vide-

1977 3900 2050 3955 bo
2081 3900 2147 3954 ”.
2195 3919 2212 3952 ι
2271 3899 2501 3966 Quando
2533 3901 2679 3954 enim
2720 3910 2957 3971 acceptte
2996 3902 3228 3957 fuissent
3253 3906 3561 3960 universo-

1979 4007 2101 4044 rum
2121 4006 2332 4060 preces,
2347 4000 2402 4046 et
2429 4007 2527 4045 nos
2547 3992 2675 4044 olim
2699 4001 2946 4046 errantes
2975 4008 3072 4061 per
3092 3995 3559 4063 conjunctionem,

1979 4082 2239 4134 nimirum
2263 4082 2625 4152 spiritualem,
2647 4089 2702 4136 et
2731 4082 3097 4137 obedientiam
3126 4100 3189 4139 ac
3225 4084 3385 4139 ﬁdem
3416 4096 3562 4142 asta-

1981 4186 2168 4226 remus
2214 4172 2348 4235 Deo,
2390 4171 2496 4225 nisi
2532 4173 2692 4226 nobis
2735 4172 2866 4226 illud
2898 4189 2928 4227 e
2961 4174 3101 4228 coelo
3130 4175 3341 4240 lumen,
3371 4177 3423 4231 id
3455 4185 3562 4242 est,

1980 4261 2252 4325 Christus,
2283 4261 2617 4317 affulsisset?
2647 4263 2820 4334 Igitur
2851 4264 2906 4317 in
2940 4265 3198 4321 interiore
3229 4268 3451 4338 quidem
3480 4279 3565 4324 ta-

1983 4352 2283 4407 bernaculo
2311 4351 2592 4422 cepiosum
2624 4367 2687 4406 ac
2719 4367 2917 4422 purum
2973 4363 3179 4424 septem
3209 4355 3426 4410 illarum
3476 4356 3566 4410 lu-

296 4453 409 4506 τῶν
450 4453 587 4506 ἑπτὰ
619 4451 827 4520 λύχνων
857 4450 918 4501 τὸ
957 4447 1106 4516 φῶς,
1167 4447 1224 4498 ἑν
1269 4444 1325 4497 δὲ
1364 4445 1428 4514 τῇ
1477 4441 1665 4514 πρώτῃ
1708 4442 1868 4510 σκηνῇ

1986 4458 2278 4498 ceruorum
2325 4442 2510 4497 lumen
2551 4450 2700 4509 erat;
2749 4443 2845 4497 sed
2895 4444 2951 4498 in
3002 4444 3179 4513 primo
3212 4445 3566 4499 tabernaculo

298 4541 494 4616 λύχνος
517 4540 583 4614 ἦν
605 4545 633 4596 6
659 4542 885 4611 φαίνων,
919 4537 1198 4610 ἐμφαίνων
1229 4553 1308 4601 τε,
1343 4531 1611 4604 οἷμαι,7μὴ
1633 4532 1756 4602 δίχα
1784 4531 1878 4584 τοῦ

302 4638 450 4690 θείου
483 4636 678 4706 φωτὸς,
709 4633 842 4705 μηδὲ
874 4631 1070 4693 αὐτοὺς
1100 4625 1243 4682 εἶναι
1300 4629 1426 4690 τοὺς
1457 4629 1514 4679 ὲν
1544 4626 1694 4695 νόμῳ
1724 4623 1882 4676 παιδ-

300 4746 523 4797 αγωγου
532 4728 722 4799 μένους
749 4725 1172 4795 καταδηλοῦντος
1195 4720 1288 4775 τοῦ
1312 4721 1654 4790 πράγματος.
1673 4715 1886 4769 Ἑκάλει

301 4821 413 4892 γὰρ
461 4822 524 4873 ὲκ
575 4819 861 4882 πολυθεῖας
911 4821 992 4881 είς
1031 4816 1326 4884 ἐπίγνωσιν
1359 4811 1452 4865 τοῦ
1497 4809 1655 4878 φύσει
1702 4825 1759 4860 τε
1795 4807 1888 4861 xui

303 4912 525 4983 ἀληθῶς
559 4912 711 4981 Θεοῦ.
751 4911 844 4964 καὶ
889 4912 918 4963 6
953 4908 1040 4962 διὰ
1069 4906 1308 4969 Μωσέως
1348 4905 1530 4973 νόμος,
1562 4901 1656 4954 xui
1687 4899 1889 4968 ἀφίστα

309 5007 406 5076 μὲν
453 5005 580 5067 τοὺς
621 5001 1004 5075 ἀρχαιοτέρους
1043 4997 1138 5052 τοῦ
1180 4994 1460 5068 λατρεύειν
1491 4992 1570 5046 ἔτι
1609 4993 1674 5060 τῇ
1715 4989 1889 5042 κτίσει

309 5098 464 5170 παρὰ
487 5097 577 5150 τὸν
601 5097 910 5157 Κτίσαντα,
940 5093 1298 5165 προσκεῖσθαι
1321 5089 1379 5142 δὲ
1405 5088 1513 5141 δεῖν
1540 5082 1793 5138 ἀνέπειθε
1815 5079 1892 5151 τῷ

311 5189 530 5242 πάντων
562 5184 910 5257 Δημιουργῷο
961 5182 1138 5252 φωτὸς
1182 5180 1238 5234 δὲ
1284 5179 1345 5233 οὺ
1395 5177 1518 5247 δίχα
1562 5171 1657 5228 τοῦ
1701 5170 1890 5242 νοητοῦ

310 5281 468 5335 ταυτὶ
490 5281 608 5342 ταῖς
626 5276 734 5330 τῶν
759 5277 1107 5343 παιδαγωγοῦ
1117 5273 1290 5343 μένων
1312 5265 1656 5339 κατωρθοῦτο
1673 5263 1890 5333 ψυχαῖς.

312 5369 544 5435 Οὐκοῦν,
586 5368 695 5440 ὲρῶ
723 5369 831 5439 γὰρ
867 5366 1111 5428 εἰσαῦθις
1133 5403 1147 5426 ,
1179 5361 1432 5423 πλούσιος
1461 5358 1559 5428 μὲν
1600 5357 1692 5410 xui
1728 5354 1892 5416 πολὺς

311 5465 428 5525 τοῖς
457 5467 537 5526 είς
566 5461 632 5514 τά
667 5462 832 5529 ’Ἅγια
859 5460 967 5512 τῶν
1001 5459 1171 5526 ἁγίων
1203 5458 1231 5509 6
1267 5454 1422 5520 παρά
1451 5448 1689 5523 Χριστοῦ
1724 5463 1892 5518 φωτι-

317 5552 476 5622 σμὸς,
512 5552 680 5622 μείων
708 5551 764 5603 δὲ
789 5554 901 5615 τοῖς
946 5552 1004 5603 ὲν
1039 5551 1220 5618 νόμῳ*
1272 5546 1365 5599 xui
1411 5541 1616 5614 ἀληθὴς
1645 5542 1672 5593 6
1711 5539 1886 5608 λόγος.

257 5724 287 5758 δ’
421 5737 466 5770 ⁷⁷
498 5737 673 5794 Levit.
715 5754 854 5800 xxxv,
892 5739 1004 5793 1-9.
1117 5739 1160 5768 7‘
1197 5736 1382 5790 Matth.
1416 5754 1464 5803 v,
1509 5735 1593 5790 Η.

1681 5735 1725 5766 ⁷⁹
1761 5731 1902 5787 Psal.
1937 5745 2120 5797 xxxm,
2155 5729 2204 5782 6.

1978 4536 2200 4590 lucerna
2229 4540 2350 4590 erat
2389 4535 2600 4600 lucens,
2650 4551 2760 4605 quo
2788 4535 3203 4600 declarabatur,
3247 4545 3308 4591 ut
3345 4537 3562 4606 opinor.

1979 4643 2048 4681 ne
2097 4627 2244 4696 ipsos
2279 4626 2523 4696 quidem,
2576 4627 2671 4696 qui
2705 4629 2760 4681 in
2811 4628 2928 4697 lege
2955 4628 3402 4692 instituebantur,
3445 4644 3566 4682 esse

1983 4719 2156 4774 divini
2190 4718 2416 4772 luminis
2454 4727 2731 4786 expertes.
2772 4720 2907 4774 Nam
2943 4721 3028 4774 lex
3061 4736 3276 4790 quoque
3300 4720 3467 4792 Moysi
3495 4736 3562 4774 ex

1986 4809 2288 4863 multorum
2339 4809 2568 4864 deorum
2622 4810 2773 4864 cultu
2833 4812 3064 4866 vocabat
3108 4812 3175 4866 ad
3229 4812 3566 4884 agnitionem

1989 4900 2126 4969 ejus,
2153 4898 2246 4968 qui
2295 4906 2488 4952 natura
2521 4915 2759 4969 vereque
2782 4901 2925 4955 Deus
2955 4909 3073 4966 est;
3112 4917 3175 4956 ac
3207 4910 3424 4956 veteres
3448 4901 3572 4955 illos

1987 4991 2242 5047 homines
2264 4990 2570 5045 abducebat
2601 5007 2630 5045 a
2661 4992 2889 5047 colenda
2929 5002 3177 5048 creatura
3200 4995 3382 5064 potius
3403 5011 3568 5064 quam

1987 5084 2267 5150 Creatore,
2287 5083 2682 5154 suadebatque,
2713 5093 2774 5139 ut
2807 5102 2990 5141 rerum
3012 5087 3256 5140 omnium
3280 5086 3568 5141 Condilori

1989 5175 2365 5241 adhrererent;
2400 5175 2453 5230 id
2479 5191 2612 5231 vero
2648 5177 2703 5230 in
2727 5192 2918 5232 eorum
2957 5177 3174 5242 animis,
3203 5178 3296 5247 qui
3326 5179 3431 5232 illis
3463 5177 3567 5230 im-

1996 5264 2312 5318 buebantur
2365 5264 2651 5330 institutis,
2701 5281 2809 5320 non
2864 5267 2982 5322 sine
3035 5266 3305 5336 spirituali
3364 5264 3573 5318 lumine

1996 5353 2403 5423 perﬁciebatur.
2452 5353 2645 5424 Igitur,
2685 5363 2746 5408 ut
2800 5355 2852 5408 id
2905 5366 3148 5424 repetam
3207 5354 3352 5424 quod
3408 5351 3574 5420 paulo

1997 5454 2124 5500 ante
2145 5445 2278 5510 dixi,
2325 5445 2544 5514 copiosa
2579 5454 2665 5499 est
2695 5461 2758 5499 ac
2797 5446 2954 5514 plena
2994 5443 3321 5498 illuminatio
3355 5453 3475 5508 quae
3515 5437 3574 5492 ir.

2001 5539 2552 5593 Sancta-sanctorum
2594 5536 2754 5607 345
2797 5535 3226 5606 ingredientibus
3271 5547 3300 5587 a
3351 5530 3577 5588 Christo

2298 5729 2341 5758 "°
2375 5728 2513 5782 I’sal.
2547 5744 2595 5790 v,
2638 5727 2679 5787 ί,
2719 5727 2770 5779 ὅ.
