3996 6212
428 280 536 336 ϐτί)

1453 260 1512 317 ε.
1553 256 1829 316 CYRILLI
1866 252 2341 311 ALEXANDNN!
2376 248 2697 306 ARCHIEP.

3588 244 3696 302 680

432 390 732 454 tribuitur;
783 383 964 439 minor
1018 387 1205 437 autem
1246 391 1440 434 eorum
1470 384 1610 442 erat,
1644 376 1740 446 qui
1794 375 1851 428 in
1893 373 2010 443 lege

2125 369 2417 425 Ἰσοστατεῖ
2445 367 2555 438 γὰρ
2579 361 2852 434 οὐδαμῶς,
2869 360 2951 425 εἰς
2961 359 3319 433 λαμπρότητα
3333 358 3431 433 τὴν
3453 376 3705 432 πνευμα-

433 483 736 539 vivebant:
774 478 938 546 idque
976 474 1323 529 verissimum
1368 478 1489 536 est;
1530 485 1711 539 neque
1742 467 1890 522 enim
1925 466 2017 520 illa

433 574 573 644 legis
598 570 793 625 umbra
822 582 949 621 cum
983 563 1315 644 evangelicis
1340 559 1785 617 institutionibus
1809 557 2017 613 illumi-

433 640 656 719 natione
718 656 995 730 spirituali
1049 640 1256 726 aequari
1305 653 1420 708 ullo
1468 651 1633 707 modo
1687 656 1907 719 potest:
1935 647 2021 702 hae

434 767 671 823 namque
695 751 1018 806 universum
1065 747 1258 802 orbem
1294 753 1567 801 terrarum
1603 742 1902 806 illustrant,
1929 738 2019 797 illa

429 854 618 900 autem
643 843 746 899 soli
777 841 1157 897 lsraelitarnm
1189 837 1380 911 generi
1404 841 1533 891 nota
1557 843 1695 889 erat.

503 936 700 991 PALL.
738 934 907 988 Recte
945 931 1105 986 dicis.

503 1031 661 1087 CYR.
702 1029 936 1085 Videtur
957 1033 1168 1092 autem,
1207 1023 1435 1089 Palladi,
1454 1019 1602 1077 aliud
1625 1017 1887 1090 quiddam
1919 1015 2018 1072 de-

432 1123 662 1195 signare
687 1134 877 1176 mensa
909 1125 1074 1188 atque
1115 1117 1344 1171 lucerna
1368 1115 1424 1169 in
1453 1113 1634 1185 primo
1664 1107 2018 1167 tabernaculo

432 1214 722 1268 collocata.
948 1278 951 1279 ν

507 1303 704 1359 PALL.
741 1301 881 1369 Quid
912 1300 1060 1357 istud
1087 1306 1173 1354 est
1205 1295 1464 1353 tandem?

503 1392 661 1448 CYR.
696 1392 946 1447 Lucerna
966 1389 1190 1460 quidem
1221 1387 1455 1442 fortasse
1493 1384 1765 1439 Joannem
1825 1377 2015 1449 Bapti-

396 1544 401 1549 _
434 1489 601 1547 stam,
645 1482 827 1536 virum
877 1478 1259 1534 admirabilem
1285 1518 1301 1543 ,
1346 1488 1517 1545 panes
1552 1486 1685 1527 vero
1725 1468 2017 1525 duodecim

435 1575 808 1645 apostolorum
834 1571 997 1643 nobis
1017 1570 1249 1625 chorum
1276 1565 1649 1638 praeﬁgurant.

503 1663 704 1720 PALL.
723 1663 974 1730 Quonam
1012 1659 1210 1715 modo?

504 1758 661 1814 CYl}.
699 1756 783 1811 An
801 1757 1019 1828 ignoras
1046 1755 1133 1821 iis,
1176 1753 1271 1825 qui
1301 1753 1357 1808 in
1394 1752 1514 1823 lege
1550 1758 1607 1805 et
1641 1764 1741 1820 per
1773 1746 2016 1804 Judmm

430 1860 613 1916 erant,
636 1851 810 1906 instar
838 1851 1079 1906 lucernae
1101 1846 1398 1922 praeeuntis
1414 1844 1584 1899 fuisse
1619 1842 1839 1897 beatum
1861 1840 2016 1894 illum

437 1942 776 2013 Bapustam,
823 1955 890 1996 ac
933 1939 1001 1993 de
1040 1938 1137 1993 illo
1180 1953 1211 1991 a
1250 1937 1364 1991 Deo
1403 1943 1461 1991 et
1497 1936 1660 1990 Patre
1693 1933 2016 2004 praedictum

436 2046 580 2095 esse,
612 2049 631 2081 ι
664 2030 858 2086 Paravi
881 2029 1162 2083 lucernam
1181 2025 1628 2082 Christomeo”?
1658 2044 1677 2077 ι
1705 2023 2017 2091 Quinetiam

437 2122 556 2193 ipse
578 2122 825 2177 Salvator
848 2120 954 2175 hoc
985 2119 1131 2174 idem
1161 2125 1395 2174 testatus
1408 2126 1513 2182 est,
1542 2131 1665 2172 eum
1701 2115 2017 2171 Iudaeorum

437 2213 760 2268 doctoribus
796 2211 864 2268 de
892 2212 987 2266 illo
1017 2210 1157 2266 dixit
1177 2228 1194 2263 ε
1229 2229 1247 2262 ι
1277 2210 1376 2264 Ille
1393 2217 1518 2265 erat
1549 2209 1775 2263 lucerna
1814 2205 2018 2261 ardens

432 2313 494 2360 et
521 2306 731 2372 lucens;
756 2319 853 2359 vos
877 2311 1060 2359 autem
1076 2301 1329 2357 voluistis
1344 2301 1620 2356 exsultare
1654 2298 1726 2353 ad
1751 2298 1941 2353 horam
1960 2298 2016 2352 in

440 2397 655 2451 lumine
687 2397 806 2467 ejus
829 2396 896 2449 ⁸³.
933 2415 951 2447 ι
975 2394 1113 2450 V'ide
1143 2393 1288 2449 enim
1322 2391 1786 2463 quemadmodum
1823 2390 2018 2444 beatus

435 2478 639 2542 Paulus
653 2486 748 2558 qui
776 2485 914 2556 legis
929 2484 1139 2555 peritus
1163 2491 1282 2538 erat
1300 2481 1696 2552 propemodum
1720 2479 1789 2534 ad
1810 2494 2035 2556 memo-_

440 2579 578 2634 riam
593 2587 812 2635 revocat
825 2578 1104 2631 lucernam
1116 2574 1284 2638 illam,
1297 2587 1419 2642 qua:
1430 2581 1551 2627 erat
1563 2571 1618 2625 in
1631 2571 1812 2641 primo
1840 2570 2018 2624 taber-

438 2670 657 2724 naculo.
673 2665 1062 2723 lnexstinctam
1090 2663 1236 2717 enim
1257 2662 1467 2720 servari
1480 2663 1781 2727 lucernam,
1803 2661 2020 2733 legisla-

438 2771 528 2817 tor
542 2760 801 2833 praecepit
829 2758 916 2815 his
936 2758 1122 2814 verbis
1151 2773 1166 2811 :
1200 2775 1218 2807 ‹
1249 2755 1319 2809 Ει
1348 2753 1649 2812 accendent
1668 2769 1790 2809 eam
1809 2746 2027 2821 Aaron,’

437 2860 495 2909 et
520 2851 617 2906 lilii
641 2852 1052 2923 ejusavespera
1085 2862 1255 2916 usque
1284 2860 1444 2900 mane
1470 2845 1677 2916 iugiter
1708 2845 1768 2900 in
1790 2859 2019 2916 conspe-

436 2951 531 2998 ctu
566 2941 803 2997 Domini.
840 2959 858 2992 ι
882 2939 989 2996 Sed
1028 2937 1225 3003 Judaei,
1276 2952 1402 2992 cum
1439 2943 1684 3007 tempore
1721 2937 2015 2993 admodum

436 3036 634 3107 exiguo
655 3034 722 3090 de
745 3034 840 3089 illo
871 3031 1042 3105 gavisi
1078 3030 1333 3097 fuissent,
1376 3030 1644 3085 hactenus
1686 3037 1857 3096 certe,
1885 3029 2015 3087 dum
2046 3068 2090 3127 ο

437 3128 507 3183 ad
528 3126 797 3197 baptisma
833 3125 981 3180 illius
1020 3130 1336 3189 accurrunt,
1371 3129 1428 3177 et
1461 3121 1615 3176 illum
1651 3120 2017 3178 admiratione

438 3221 673 3275 maxima
696 3223 1105 3289 prosequuntur
1124 3257 1139 3282 ,
1169 3214 1385 3269 tandem
1415 3213 1612 3269 mortis
1636 3228 1829 3269 somno
1855 3212 2022 3269 dede-

440 3319 591 3375 runt,
637 3324 701 3364 ac
736 3307 1135 3379 prepcmodum
1172 3304 1377 3377 jugiter
1432 3304 1707 3359 lucentem
1738 3304 1888 3359 illam
1930 3304 2019 3359 lu-

435 3418 658 3460 cernam
682 3401 1091 3457 exstinxerunt:
1119 3413 1268 3462 nam,
1288 3397 1419 3451 licet
1433 3395 1636 3451 Herodi
1659 3394 1793 3450 illud
1806 3394 2019 3453 facinus

437 3493 733 3558 tribuatur,
755 3499 812 3546 at
840 3492 888 3547 is
914 3499 1063 3547 certe
1086 3488 1154 3544 de
1187 3488 1352 3543 Israel
1399 3502 1571 3558 genus
1611 3487 1868 3543 ducebat.
1907 3487 2017 3541 Ita-

434 3598 543 3653 que
575 3583 847 3645 Christus,
879 3595 1006 3634 cum
1043 3577 1355 3635 Iudaeorum
1396 3576 1627 3646 populos
1659 3575 1728 3630 de
1767 3575 2014 3641 audacia,

435 3689 544 3744 qua
576 3674 634 3728 in
663 3686 857 3726 omnes
881 3677 1100 3725 sanctos
1119 3667 1206 3722 usi
1230 3666 1471 3730 fuerant,
1497 3673 1782 3721 accusaret
1808 3684 1821 3719 :
1855 3685 1873 3716 ι
1895 3666 2014 3721 Non

437 3765 557 3823 ﬁeri
576 3769 776 3835 potest,
811 3761 1009 3831 inquit,
1037 3760 1362 3832 prophetam
1392 3758 1574 3828 perire
1616 3766 1770 3814 extra
1790 3759 2013 3816 Jerusa-

434 3855 541 3910 lem
572 3853 638 3909 ⁸³.
680 3872 699 3905 ι

503 3946 700 4003 PALL.
731 3946 851 4002 Lux
879 3945 1043 4019 igitur
1079 3960 1144 4001 ac
1184 3946 1408 4002 lucerna
1433 3961 1532 4017 per
1572 3943 2009 4011 similitudinem,

433 4039 747 4110 Christique
805 4038 1283 4110 participationem
1345 4039 1542 4093 beatus
1622 4052 1843 4115 quoque
1906 4037 2010 4093 Ba-

302 4120 321 4136 “
433 4131 599 4204 ptista
637 4130 741 4186 fuit
780 4131 868 4195 iis,
888 4130 982 4201 qui
1011 4131 1069 4186 in
1098 4131 1216 4202 lege
1237 4145 1302 4185 ac
1316 4146 1415 4201 per
1432 4129 1673 4186 Judaaam
1704 4137 1880 4185 erant.

504 4224 662 4281 CYR.
698 4225 778 4280 Ita
798 4233 900 4280 est.
928 4224 1009 4280 Ad
1047 4224 1303 4281 eumdem
1319 4239 1538 4295 quoque
1567 4223 1791 4279 modum
1817 4236 2006 4292 panes,

2122 462 2311 533 τικὴν,
2348 461 2461 523 τοῖς
2508 454 2887 525 εὐαγγελικοτς
2930 452 3332 524 θεσπίσμασιν,
3368 454 3402 523 ἡ
3452 453 3512 505 ὲν
3551 453 3707 524 νόμῳ

2122 553 2283 609 σκιά·
2335 551 2404 605 τὰ
2439 549 2537 620 μὲν
2583 548 2694 620 γὰρ
2734 548 2864 617 ὃλην
2904 545 3337 617 περιαστράπτει
3380 543 3481 616 τὴν
3527 546 3712 600 οἰκου-

2124 660 2313 718 μενην,
2343 643 2378 712 ἡ
2408 642 2468 702 δὲ
2511 636 2580 716 ἦν
2616 640 2798 711 μόνοις
2829 636 3117 711 γνώρισμα
3144 640 3260 702 τοῖς
3289 635 3351 703 ἐξ
3391 637 3632 711 Ἰσραήλ.

2192 912 2398 969 nam.
2442 910 2648 982 Ὀρθῶς
2677 910 2835 981 ἔφης.

2189 1005 2355 1060 ΚΥΡ.
2390 1005 2575 1056 Ἔοικε
2602 1004 2681 1067 δὲ,
2714 997 2760 1056 ὦ
2786 1001 3074 1066 Παλλάδιε,
3106 999 3203 1054 καὶ
3225 998 3411 1071 ἕτερόν
3435 1016 3489 1052 τι
3518 1015 3702 1071 παρα-

2117 1096 2314 1167 δηλοῦν
2357 1099 2392 1169 ή
2425 1095 2675 1168 τράπεζα
2712 1095 2808 1149 καὶ
2844 1096 2873 1148 6
2898 1092 3091 1165 λύχνος
3113 1132 3129 1160 ,
3154 1094 3184 1146 6
3208 1091 3265 1146 ἐν
3290 1107 3356 1161 γε
3397 1092 3466 1164 τῇ
3511 1090 3708 1165 πρώτῃ

2120 1189 2316 1260 σκηνῇ.

2191 1278 2396 1332 ΠΑΛΛ.
2441 1277 2515 1331 Τὸ
2539 1277 2592 1330 τί
2619 1277 2684 1349 δὴ
2710 1277 2849 1351 φήςς

2188 1368 2351 1422 ΚΥΡ.
2372 1367 2627 1438 Ἰωάννην
2645 1368 2786 1438 τάχα
2806 1383 2911 1419 που
2935 1365 3028 1420 τὸν
3051 1365 3340 1421 θεσπέσιον
3382 1366 3702 1437 Βαπτιστὴν

2116 1462 2146 1515 6
2172 1460 2388 1532 λύχνος,
2433 1459 2588 1532 ἄρτοι
2619 1459 2676 1513 δὲ
2709 1460 2760 1512 οἱ
2803 1458 2897 1513 δύο
2928 1460 3022 1514 καὶ
3050 1459 3208 1526 δέκα,
3268 1459 3363 1515 τὸν
3389 1458 3500 1513 τῶν
3527 1460 3703 1529 άγίων

2115 1554 2250 1624 ἡμῖν
2275 1549 2589 1605 ἀποστόλων
2621 1550 3067 1622 προανατυποῦσι
3093 1552 3275 1624 χορόν.

2189 1645 2401 1699 ΠΔΛΛ.
2426 1644 2560 1698 Τίνα
2590 1644 2820 1720 τρόπον;

2050 1711 2093 1766 Β
2190 1737 2356 1790 ΚΥΡ.
2397 1738 2468 1790 Ἦ
2499 1736 2599 1790 οὐκ
2625 1711 2780 1790 οἶσθα
2809 1711 2892 1789 ὅτι
2918 1738 3032 1801 τοῖς
3058 1736 3119 1791 ἐν
3144 1737 3295 1809 νόμῳ
3319 1737 3416 1791 καὶ
3440 1736 3579 1792 κατὰ
3598 1736 3703 1809 τὴν

2135 1828 2397 1884 Ἰουδαίαν
2439 1828 2632 1901 λύχνος
2670 1824 2740 1900 ἦν
2766 1825 2857 1883 οἷά
2880 1836 2985 1895 τις,
3015 1828 3254 1900 Χριστοῦ
3295 1829 3643 1900 προδαδίζων
3672 1831 3703 1883 6

2124 1920 2412 1986 Θεσπέσιος
2447 1921 2760 1992 Βαπτιστὴς
2777 1962 2792 1986 ,
2821 1921 2915 1975 καὶ
2942 1922 3073 1993 περὶ
3099 1920 3263 1975 αὐτοῦ
3302 1921 3705 1994 προαναπεςριίε-

2121 2029 2288 2084 νηκεν
2310 2013 2339 2066 6
2359 2011 2492 2076 Θεὸς
2519 2012 2613 2066 καὶ
2633 2013 2786 2083 Πατή
2793 2026 2846 2085 ρ’
2876 2031 2896 2064 ι
2928 2011 3231 2083 Ἠτοίμασα
3254 2012 3444 2084 λύχνον
3467 2013 3545 2085 τῷ
3566 2015 3707 2086 Χρι-

2125 2103 2234 2174 στῷ
2257 2121 2380 2175 μου.
2413 2122 2434 2156 ι
2461 2104 2870 2178 Μεμαρτύρηκε
2888 2105 2945 2159 δὲ
2961 2104 3121 2159 τοῦτο
3141 2106 3234 2159 καὶ
3258 2106 3420 2170 αὐτὸς
3439 2108 3469 2160 6
3486 2107 3704 2179 Σωτὴρ,

2121 2199 2235 2260 τοῖς
2279 2195 2388 2251 τῶν
2444 2191 2714 2252 Ἰουδαίων
2745 2196 3086 2269 καθηγηταῖς
3116 2199 3246 2271 περὶ
3286 2199 3453 2253 αὐτοῦ
3490 2198 3671 2270 λέγω·
3688 2240 3708 2261 .

2129 2307 2149 2340 ι
2215 2288 2455 2353 Ἐκεῖνος
2489 2285 2558 2363 ἦν
2597 2292 2630 2344 6
2681 2290 2872 2362 λύχνος
2918 2292 2948 2344 6
2996 2290 3287 2362 καιόμενος
3328 2292 3422 2345 καὶ
3470 2291 3705 2361 φαίνων,

2122 2383 2282 2453 ὑμεῖς
2302 2382 2360 2437 δὲ
2391 2382 2693 2455 ἠθελήσατε
2723 2383 3149 2454 άγαλλιασθῆναι
3180 2384 3319 2458 πρὸς
3347 2383 3496 2456 ὥραν
3533 2386 3592 2438 ὲν
3622 2385 3709 2454 τῷ

2124 2473 2265 2544 φωτὶ
2297 2475 2486 2529 αὑτοῦ.
2531 2492 2550 2526 ι
2600 2474 2710 2528 Θέα
2756 2474 2866 2548 γὰρ
2914 2477 3061 2541 ὅπως
3091 2476 3169 2541 ὡς
3205 2476 3523 2549 νομομαθὴς
3550 2475 3629 2531 ὢν
3675 2479 3710 2532 6

2127 2565 2397 2637 μακάριος
2430 2565 2663 2632 Παῦλος,
2698 2568 2982 2639 μονονουχὶ
3006 2568 3144 2640 πρὸς
3168 2568 3473 2641 ἀνάμνησιν
3497 2569 3709 2638 ἀναφέ-

2125 2674 2210 2728 ρει
2238 2656 2559 2729 λύχνου,τοῢ
2588 2659 2729 2712 κατὰ
2751 2659 2850 2732 τὴν
2871 2660 3095 2733 πρώτην
3123 2664 3344 2734 σκηνήν.
3374 2662 3680 2716 ’Λσὸεστον

2127 2751 2226 2820 μὲν
2268 2749 2378 2822 γάρ
2407 2752 2436 2804 6
2474 2751 2773 2823 νομοθέτης
2813 2752 3185 2824 διατηρεῖσθαι
3226 2754 3339 2808 δεῖν
3377 2754 3706 2809 κεκέλευκεν

2117 2839 2268 2898 οὕτω
2288 2843 2491 2913 λέγων·
2536 2862 2556 2895 ι
2576 2844 2687 2898 Καὶ
2720 2843 3013 2901 καύσουσιν
3033 2846 3194 2900 αὐτὸν
3235 2846 3444 2919 ’Δαρὼν
3464 2886 3480 2912 ,
3518 2848 3614 2900 καὶ
3649 2848 3703 2900 ol

2122 2935 2229 2988 υίοὶ
2269 2934 2433 2990 αὐτοῦ
2471 2935 2581 2990 άπὸ
2613 2937 2852 3008 ἑσπέρας
2888 2938 2995 3003 ἕως
3022 2937 3167 3010 πρωῒ
3212 2938 3442 2993 ἐνώπιον
3487 2938 3701 3010 Κυρίου

2123 3024 2430 3096 ἐνδελεχῶς.
2463 3044 2484 3079 ι
2523 3026 2727 3098 Χρόνον
2750 3045 2815 3098 γε
2843 3028 2951 3101 μὴν
2966 3030 3053 3083 ἐπ’
3079 3029 3227 3101 αὑτῷ
3258 3031 3452 3103 κομιδῇ
3492 3030 3701 3102 βραχὺν

2122 3116 2378 3187 ἡσθέντες
2414 3118 2676 3188 Ἰουδαῖοι,
2704 3119 2793 3175 διά
2817 3138 2883 3190 γε
2910 3122 2971 3176 τὸ
3004 3123 3372 3194 προσδραμεῖν
3397 3123 3477 3193 τῷ
3501 3123 3570 3177 δι’
3595 3124 3701 3178 αὖ·

2119 3204 2213 3259 τοῦ
2255 3204 2631 3278 βαπτίσματι,
2668 3211 2764 3263 καὶ
2795 3210 2982 3282 θαῦμα
3028 3211 3170 3266 ἑλεῖν
3209 3213 3295 3266 ἐπ’
3340 3213 3489 3285 αύτῷ
3525 3214 3696 3280 πολὺ,

2119 3297 2514 3369 κατεκοίμισαν
2545 3299 2626 3372 τῷ
2662 3299 2878 3373 θανάτῳ
2907 3304 3189 3374 μονονουχὶ
3214 3304 3305 3358 τὸν
3341 3304 3573 3376 άειφανῆ
3598 3305 3697 3359 λύ-

2118 3405 2244 3458 χνον
2273 3390 2781 3457 κατασϐεννύοντες.
2823 3396 2886 3448 El
2919 3394 3029 3467 γὰρ
3071 3396 3165 3450 καὶ
3205 3395 3443 3469 Ἡρώδου
3467 3398 3528 3452 τὺ
3566 3397 3696 3451 τόλ-

2120 3496 2196 3551 μη
2204 3496 2280 3551 μα
2298 3480 2696 3555 λέγοιτοτυχὸν,
2709 3485 2822 3540 ἀλλ’
2838 3482 2934 3541 οὖν
2954 3486 3107 3552 ὄντος
3120 3488 3179 3555 ἐξ
3192 3489 3424 3560 αἵματος
3454 3490 3694 3561 Ἰσραήλ·

2116 3569 2207 3626 διὰ
2253 3572 2411 3627 τοῦτο
2456 3574 2693 3647 Χριστὸς
2761 3579 2875 3642 τοῖς
2912 3578 3182 3636 Ἰουδαίων
3234 3579 3384 3644 λαοίς
3435 3581 3496 3635 τὸ
3547 3583 3696 3636 κατὰ

2117 3663 2318 3729 παντὸς
2363 3666 2519 3735 ἁγίου
2583 3666 2783 3740 θράσος
2825 3670 3094 3739 ἐγκαλῶν,
3127 3691 3146 3724 ι
3177 3672 3291 3726 Οὐκ
3336 3672 3631 3744 ἐνδέχεται,
3666 3694 3690 3729 ι

2116 3758 2291 3830 φησὶ,
2351 3776 2372 3811 ι
2436 3760 2723 3832 προφήτην
2768 3761 3069 3833 ’ἀπολέσθαι
3102 3762 3208 3829 ἔξω
3249 3763 3625 3838 Ἰερουσαλήμ.
3668 3785 3688 3819 ι

2184 3944 2393 4001 ΠΑΛΔ.
2414 3945 2533 4012 Φῶς
2556 3943 2650 4003 οὖν
2664 3947 2772 4019 ἄρα
2791 3949 2883 4003 καὶ
2904 3949 3115 4021 λύχνος,
3133 3949 3256 4005 καθ’
3275 3950 3572 4023 ὁμοιότητα
3592 3954 3696 4007 καὶ

2112 4034 2254 4089 κατά
2278 4037 2495 4108 μέθεξιν
2514 4038 2608 4093 τοῦ
2630 4039 2885 4112 Χριστοῦ,
2911 4041 3005 4096 καὶ
3029 4044 3059 4096 6
3076 4040 3359 4108 θεσπέσιος
3380 4041 3695 4116 Βαπτιστὴς

2109 4129 2222 4191 τοῖς
2250 4130 2308 4181 ὲν
2334 4131 2485 4201 νόμῳ
2511 4131 2654 4186 κατά
2681 4131 2780 4204 τὴν
2818 4134 3100 4188 Ἰουδαίαν.

2178 4217 2343 4274 ΚΥΡ.
2371 4218 2525 4273 Οὕτω
2547 4221 2708 4292 φημί.
2732 4223 2890 4276 Κατά
2915 4222 3009 4278 τὸν
3030 4223 3142 4277 ῐσον
3177 4224 3235 4278 δὲ
3264 4224 3464 4296 τρόπον
3485 4225 3692 4302 ἄρτους

433 4320 652 4370 sanctos
674 4313 950 4385 apostolos
971 4313 1147 4385 accipi
1184 4319 1463 4383 putamus.
1505 4311 1661 4368 Unus
1692 4311 1840 4366 enim
1883 4326 2007 4365 cum

2123 4309 2345 4363 νοεῖσθαι
2368 4328 2548 4382 φαμεν
2591 4313 2717 4378 τοὺς
2742 4313 2931 4382 ἁγίους
2949 4314 3302 4380 ἀποστόλους.
3328 4312 3426 4380 Εἷς
3448 4317 3548 4388 μὲν
3572 4317 3688 4388 γὰρ

430 4407 505 4462 sit
542 4406 632 4461 ille
666 4421 764 4476 per
796 4412 1051 4460 naturam
1097 4411 1154 4460 et
1182 4419 1315 4459 vere
1364 4403 1544 4473 panis,
1604 4403 1700 4473 qui
1742 4402 1810 4458 de
1863 4402 2004 4459 caelo

2123 4401 2136 4453 i
2167 4400 2325 4470 φύσει
2358 4419 2419 4455 τε
2451 4402 2543 4456 καὶ
2566 4403 2785 4474 άληθῶς
2812 4406 2976 4477 ἄρτος
3002 4408 3032 4460 6
3058 4406 3118 4473 ἐξ
3152 4406 3384 4479 ούρανοῦ
3413 4409 3507 4462 καὶ
3539 4407 3689 4471 ζωο-

430 4498 735 4562 descendit,
761 4495 826 4552 ac
856 4497 1024 4552 vitam
1058 4501 1300 4565 praestat,
1344 4510 1413 4549 ex
1460 4495 1580 4565 ejus
1606 4502 1789 4549 tamen
1828 4493 2010 4549 imita-

2107 4491 2258 4554 ποιός
2276 4508 2289 4521 ο
2318 4490 2462 4545 κατά
2490 4492 2724 4564 μίμησιν
2764 4492 2823 4547 δὲ
2843 4493 2936 4548 τοῦ
2969 4492 3128 4564 φύσει
3156 4495 3252 4549 καὶ
3277 4494 3419 4550 κατὰ
3461 4492 3687 4565 μέθεξιν

428 4591 579 4646 tione
605 4588 1155 4661 participationeque,
1181 4585 1273 4655 qui
1312 4600 1414 4654 per
1450 4593 1705 4639 naturam
1745 4586 1869 4642 talis
1901 4596 2007 4653 est,

2123 4580 2259 4652 ἱρτοι
2285 4583 2574 4654 τρέφοντες
2602 4586 2683 4649 είς
2712 4586 2993 4641 εὐσέϐειαν
3042 4588 3094 4641 oi
3131 4586 3265 4641 θεῖοι
3304 4587 3683 4659 μυσταγωγοὶ,

427 4682 601 4737 divini
649 4682 728 4737 illi
753 4679 1137 4752 mysteriorum
1177 4675 1431 4731 doctores
1475 4691 1540 4731 ac
1571 4676 1815 4748 magistri
1842 4693 2010 4748 panes

2123 4673 2295 4743 ιόγους
2325 4675 2456 4746 ἡμῖν
2482 4677 2721 4741 ἐνιέντες
2753 4677 2922 4748 ζωῆς,
2963 4680 3059 4734 καὶ
3084 4679 3177 4734 τὸν
3212 4680 3278 4734 ὲκ
3307 4680 3410 4750 τῆς
3435 4679 3685 4750 ἀμαθίας

426 4781 557 4829 sunt
579 4773 648 4828 ad
671 4773 933 4844 pietatem
962 4768 1292 4833 nutrientes,
1319 4783 1444 4823 cum
1484 4768 1652 4823 verba
1685 4767 1811 4824 vitae
1847 4768 2009 4825 nobis

2123 4766 2278 4836 ιιμὸν,
2296 4767 2394 4839 τῆς
2406 4768 2516 4822 τῶν
2544 4770 2904 4827 πιστευόντων
2930 4771 3238 4837 ὲξιστάντες
3265 4772 3461 4843 ψυχῆς.
3475 4772 3685 4844 Ἱσάριο

426 4866 802 4936 przebeant,et
834 4861 996 4935 3&6
1037 4860 1236 4917 famem
1286 4877 1354 4916 ex
1411 4861 1718 4931 ignorantia
1783 4861 2006 4932 proﬁci-

2106 4857 2231 4929 θμοι
2265 4859 2324 4913 δὲ
2362 4863 2476 4925 τοῖς
2515 4862 2813 4934 μαθηταῖς,
2852 4865 2903 4919 οι
2937 4863 3127 4936 ἄρτοιο
3174 4864 3495 4919 δυοκαίδεκα
3538 4862 3678 4934 γὰρ.

427 4961 674 5008 scentem
727 4951 796 5007 de
833 4949 1176 5007 credentium
1208 4949 1405 5005 animis
1443 4950 1738 5022 depellant.
1795 4952 2003 5009 Eodem

2123 4950 2198 5004 ιαὶ
2221 4952 2302 5016 είς
2325 4951 2418 5006 δύο
2447 4952 2688 5024 κείμενοι
2719 4953 2949 5026 θέματα,
2976 4954 3039 5021 ἒξ
3073 4955 3247 5019 ἐνθεν,
3282 4956 3448 5027 φησὶ,
3490 4954 3584 5008 καὶ
3610 4953 3681 5021 ἐξ

426 5057 593 5113 porro
615 5050 743 5099 sunt
758 5059 924 5113 panes
943 5057 1193 5106 numero,
1211 5056 1321 5111 quo
1346 5043 1624 5113 discipuli,
1653 5059 1849 5114 nempe
1867 5044 2004 5101 duo-

2123 5039 2271 5108 Ξνθεν,
2318 5044 2601 5115 μονονουχὶ
2632 5044 2727 5099 καὶ
2757 5046 2817 5100 ὲν
2854 5044 3038 5118 κύκλῳ
3072 5046 3455 5120 περιεστῶτες,
3488 5046 3581 5100 καὶ
3611 5047 3681 5100 ἐν

427 5134 627 5200 decim,
666 5135 812 5205 iique
836 5134 889 5189 in
919 5134 1055 5190 duas
1088 5134 1391 5205 positiones
1414 5135 1696 5201 collocati;
1720 5150 1817 5191 sex
1846 5135 1996 5203 hinc,

425 5226 626 5299 inquit,
659 5233 717 5281 et
741 5241 839 5282 sex
862 5225 1008 5291 inde,
1040 5226 1433 5298 propemodum
1456 5226 1512 5281 in
1541 5226 1733 5280 orbem
1759 5225 1996 5281 circum-

2102 5132 2252 5203 μέσῳ
2278 5133 2426 5204 τόπῳ
2459 5135 2711 5206 κείμενον
2740 5135 2955 5207 ἔχοντες
2980 5138 3077 5193 ἓνα
3106 5155 3165 5192 τε
3198 5138 3293 5193 καὶ
3324 5136 3385 5204 ἐξ
3417 5135 3682 5209 ούρανοῦ,

2095 5223 2241 5277 τοῦτ’
2271 5224 2409 5288 ἔστι,
2439 5227 2694 5297 Χριστόν·
2724 5228 2818 5283 καὶ
2852 5228 2949 5283 δύο
2963 5229 3205 5283 δεκάτων
3245 5229 3496 5292 ἕκαστος,
3525 5225 3684 5281 τοῦτ’

424 5326 665 5383 stantes,
691 5323 748 5373 et
771 5318 827 5372 in
866 5316 1048 5373 medio
1084 5318 1204 5374 loco
1234 5318 1472 5390 positum
1514 5316 1780 5375 habentes
1820 5332 1991 5371 unum

2123 5315 2268 5379 ἰστιν,
2295 5316 2359 5368 ἐκ
2379 5315 2473 5369 δύο
2493 5317 2711 5388 μέτρων
2730 5317 2969 5372 τελείων.
2996 5317 3205 5372 Τέλειοι
3226 5317 3334 5389 γάρ
3359 5317 3482 5371 κατ’
3507 5317 3685 5388 ἄμφω

423 5414 577 5469 illum
595 5409 741 5467 etde
770 5409 908 5466 cmlo
942 5425 1159 5481 panem,
1188 5409 1243 5464 id
1291 5416 1376 5464 est
1422 5407 1725 5464 Christum.
1781 5407 1991 5479 Singuli

2123 5406 2387 5475 νεγόνασιν
2430 5408 2480 5460 οἱ
2525 5407 2803 5465 θεσπέσιοι
2832 5408 3104 5480 μαθηταὶ,
3154 5408 3292 5481 πρὸς
3336 5409 3449 5462 πᾶν
3494 5405 3685 5462 ὁτιοῦν

421 5504 585 5560 etiam
614 5520 681 5560 ex
703 5502 917 5559 duabus
944 5501 1191 5567 decimis,
1234 5501 1288 5555 id
1317 5510 1400 5556 est
1447 5516 1514 5556 ex
1536 5498 1753 5555 duabus
1806 5500 1990 5570 perfe-

506 5679 549 5715 "
584 5680 722 5733 Psal.
765 5698 941 5748 cxxxi,
978 5680 1058 5735 Π.
1134 5681 1178 5715 ⁸¹
1200 5681 1355 5736 Jonn.
1382 5696 1434 5746 ν,
1463 5679 1557 5739 55.

1629 5680 1676 5713 ⁸³
1696 5678 1831 5737 Luc.
1858 5693 1970 5746 xui,
1997 5678 2086 5733 53.

2099 5500 2301 5571 ἀρτίως
2320 5500 2533 5572 ἔχοντες
2554 5502 2775 5573 ἀγαθὸν,
2797 5501 2946 5574 ἔργῳ
2972 5519 3029 5558 τε
3049 5502 3365 5575 διαπρεπεῖς
3392 5501 3489 5556 καὶ
3506 5498 3680 5572 λόγῳ.
