3996 6212
304 358 400 417 831

1047 363 1137 419 DE
1172 358 1615 419 ADORATIONE
1651 355 1719 412 IN
1760 350 2030 409 SPIRITU
2070 353 2159 407 ΕΤ
2194 354 2562 412 VERITATE.
2603 356 2729 411 LIB.
2768 357 2834 410 Χ.

3426 344 3552 415 ’σεε

308 474 528 537 λίϐανος
560 472 619 527 δὲ
662 472 759 526 καὶ
792 472 926 536 ἅλας
957 473 1144 537 αὐτοῖς
1185 473 1255 528 τὰ
1301 471 1745 543 ἑπιπαττόμενα,
1780 464 1870 522 τοῦ

1979 467 2083 522 etis
2111 468 2414 533 mensuris;
2453 484 2579 523 nam
2628 484 2696 524 ex
2746 478 2975 541 utraque
3013 480 3166 540 parte
3210 469 3437 540 perfecti
3471 472 3549 529 illi

302 570 401 641 μὲν
423 567 643 622 λιϐάνου
670 565 732 619 τὸ
759 566 960 630 εὐῶδες
984 568 1044 620 ὲν
1078 564 1355 637 ἁγιασμῷ,
1392 565 1487 619 καὶ
1515 562 1713 633 εὐωδίᾳ
1738 563 1874 632 Χρι-

300 661 448 723 στοῦ,
473 657 571 713 τοῦ
601 675 667 726 γε
698 642 803 729 μὴν
832 657 980 722 ἁλὸς,
1011 657 1112 723 τὴν
1134 658 1393 730 φρόνησιν
1421 654 1872 726 ύπεμφαίνοντος.

298 754 374 808 ού
399 753 509 825 γὰρ
543 750 802 815 ἀσύνετος
837 751 871 820 ἢ
922 750 1103 823 μωρὸς
1133 751 1244 805 τῶν
1277 749 1448 819 ἁγίων
1479 751 1508 804 6
1545 748 1724 815 λόγος,
1760 744 1875 799 ἀλλ’

298 846 358 898 ὲν
381 841 562 914 χὰριτί
592 858 653 895 τε
693 842 789 896 καὶ
816 840 975 896 ἁλατι
1007 840 1332 913 ἠρτυμένος,
1363 836 1505 893 κατά
1532 837 1592 890 τὸ
1623 852 1876 907 γεγραμ-

301 934 483 1005 μένον.
523 934 616 988 καὶ
656 933 816 1005 χάριν
855 931 1031 996 διδοὺς
1064 932 1178 994 τοῖς
1210 929 1519 984 ἀκούουσιν.
1557 928 1790 997 Εῐρηται
1818 923 1875 977 δὲ

298 1023 437 1095 πρὸς
480 1025 678 1087 αὐτοὺς
718 1024 812 1078 καὶ
853 1021 1001 1096 παρά
1030 1020 1351 1093 Χριστοῦ·,ι
1419 1020 1608 1090 Ὑμεῖς
1648 1019 1772 1071 ὲστε
1813 1014 1876 1067 τὸ

297 1115 434 1180 ἃλας
464 1115 565 1185 τῆς
587 1114 712 1185 γῆς.
752 1133 772 1167 ι
817 1112 1172 1186 Προτίθενται
1199 1113 1258 1166 δὲ
1291 1111 1386 1165 καὶ
1411 1111 1469 1163 ὲν
1503 1109 1691 1181 ἡμέρᾳ
1731 1105 1874 1160 Σασ-

296 1207 499 1261 6ἀτων.
541 1205 754 1277 Ἡμέρα
783 1205 892 1276 γὰρ
931 1203 1255 1271 ἀναδείξεως
1280 1201 1391 1257 τῶν
1435 1200 1607 1271 ἁγίων
1644 1196 1875 1254 ἀποστό-

296 1299 424 1364 λων,
463 1300 494 1352 6
519 1297 614 1352 τοῦ
643 1296 836 1368 νοητοῦ
889 1296 1169 1351 Σασδὰτου
1198 1294 1424 1364 καιρὸς,
1454 1290 1597 1346 τοῦτ’
1628 1290 1795 1354 ἔστιν,
1838 1290 1873 1361 ἡ

294 1390 535 1462 Χριστοῦ
574 1389 875 1461 παρουσία,
922 1390 990 1459 ἢν
1030 1387 1262 1459 δπείπερ
1293 1385 1393 1440 οὐκ
1430 1384 1672 1454 ἔγνωσαν
1718 1384 1769 1436 οἱ
1815 1380 1876 1445 ἐξ

310 1484 544 1556 Ἰσραὴλ.
589 1484 619 1535 6
656 1481 870 1546 Παῦλός
902 1498 1036 1553 φησι
1086 1480 1217 1551 περὶ
1260 1478 1463 1541 αὐτῶν,
1503 1497 1523 1530 ι
1564 1479 1707 1549 Ἄρα
1739 1477 1874 1530 ἀπο-

294 1577 541 1631 λείπεται
579 1572 949 1645 σαϐϐατισμὸς
986 1571 1066 1643 τῷ
1111 1569 1227 1642 λαῷ
1262 1567 1358 1625 τοῦ
1391 1569 1549 1624 Θεοῦ.
1589 1585 1609 1621 ι
1655 1567 1730 1622 Ού
1764 1565 1873 1637 γὰρ

294 1664 543 1737 εἰσῆλθον
590 1664 670 1728 είς
706 1663 805 1735 τὴν
836 1662 1181 1717 κατάπαυσιν
1210 1659 1398 1725 αὑτοῦ,
1445 1660 1546 1731 τὴν
1585 1658 1767 1713 πίστιν
1807 1657 1868 1712 οὐ

294 1757 722 1829 προσηκάμενοι.
752 1754 1128 1825 Σαϐϐατισμδς
1161 1749 1254 1808 οῦν
1286 1752 1477 1824 νοητὸς
1513 1752 1609 1807 καὶ
1640 1750 1867 1822 ἀληθὴς,

1978 558 2122 613 beati
2149 560 2403 630 discipuli
2427 561 2671 626 fuerunt,
2701 561 2768 616 ad
2812 578 2973 618 omne
3010 577 3148 631 opus
3187 563 3388 617 bonum
3430 578 3550 618 om-

1974 647 2141 704 nibus
2176 648 2290 705 suis
2328 649 2578 719 partibus
2619 650 2877 715 absoluti,
2902 658 2960 705 et
3004 666 3170 721 opere
3201 651 3444 722 insignes
3493 660 3554 708 et

1974 738 2166 793 verbo.
2213 739 2366 795 Thus
2399 746 2667 808 praeterea
2727 749 2784 795 ct
2827 740 2906 796 sal
2952 741 3062 796 illis
3106 742 3456 813 aspergitur;
3487 758 3553 797 ac

1974 826 2105 881 thus
2124 827 2346 897 quidem
2376 828 2526 883 illam
2554 829 2859 885 sanctitatis
2882 829 3257 901 fragrantiam,
3274 831 3552 888 etChristi

1936 913 1940 918 ’
1975 915 2182 971 bonum
2210 916 2458 983 odorem,
2499 919 2578 973 sal
2598 934 2729 974 vero
2749 921 3095 991 prudentiam
3114 922 3351 990 indicat;
3372 940 3553 995 neque

1974 1008 2122 1063 enim
2138 1016 2453 1063 sanctorum
2475 1010 2721 1066 virorum
2742 1027 2923 1067 sermo
2943 1012 3212 1084 insipiens
3234 1024 3331 1070 aut
3350 1016 3553 1070 stultus

1974 1106 2080 1165 est,
2111 1099 2209 1156 sed
2226 1101 2401 1172 gratia
2436 1110 2495 1157 et
2518 1102 2627 1158 sale
2668 1103 2922 1159 conditus
2942 1104 3011 1170 ⁸⁵,
3050 1113 3113 1160 ut
3140 1106 3406 1176 scriptum
3445 1119 3550 1175 est,

1974 1200 2032 1246 et
2056 1190 2285 1261 gratiam
2319 1191 2413 1246 dat
2437 1191 2794 1250 audientibus
2812 1195 2876 1248 ⁸³.
2904 1194 3120 1251 Dictum
3153 1205 3237 1252 est
3262 1198 3428 1253 etiam
3445 1199 3555 1255 illis

1975 1297 2008 1337 a
2037 1281 2261 1338 Christo
2288 1300 2301 1336 :
2332 1302 2351 1334 ι
2392 1283 2500 1351 Vos
2532 1285 2666 1340 estis
2698 1285 2777 1340 sal
2811 1292 2971 1343 terra:
3007 1288 3073 1342 ⁸⁸.
3114 1306 3132 1341 ι
3162 1288 3555 1360 Proponuntur

1975 1373 2143 1430 etiam
2170 1375 2260 1431 die
2282 1375 2540 1443 Sabbati;
2572 1377 2690 1434 dies
2706 1378 2876 1446 enim,
2899 1396 3009 1450 quo
3046 1391 3177 1437 sunt
3216 1382 3391 1438 sancti
3419 1399 3555 1455 apo-

1975 1464 2101 1520 stoli
2115 1464 2398 1533 declarati,
2417 1466 2641 1524 Sabbati
2666 1469 2969 1540 spiritualis
2993 1480 3210 1544 tempus
3235 1483 3339 1542 est,
3358 1491 3555 1547 nempe

1975 1556 2182 1613 Christi
2207 1558 2500 1625 adventus,
2531 1575 2695 1631 quem
2727 1563 2856 1632 quia
2882 1579 2993 1619 non
3009 1574 3353 1636 agnoverunt
3374 1568 3469 1639 qui
3486 1584 3555 1624 ex

1976 1648 2142 1704 Israel
2164 1665 2337 1720 genus
2367 1650 2662 1719 ducebant,
2695 1655 2898 1711 Paulus
2946 1656 3014 1713 de
3044 1657 3152 1712 illis
3180 1657 3315 1714 dicit
3349 1677 3361 1713 :
3398 1679 3415 1709 ι
3445 1660 3552 1731 Igi-

1977 1747 2066 1794 tur
2117 1741 2448 1813 relinquitur
2491 1744 2860 1804 sabbatismus
2913 1750 3115 1820 populo
3147 1752 3245 1807 Dei
3288 1753 3355 1806 3'.
3381 1771 3399 1804 ι
3432 1753 3551 1809 Non

293 1852 323 1905 6
365 1850 472 1920 τῆς
516 1849 614 1903 τοῦ
661 1847 915 1918 Σωτῆρος
941 1845 1099 1917 ἡμῶν
1149 1843 1443 1915 ἐπιδημίας
1490 1842 1709 1915 καιρός.
1781 1841 1870 1896 Ἐν

1977 1833 2128 1889 enim
2153 1835 2385 1906 ingressi
2402 1846 2530 1893 sunt
2556 1839 2613 1894 in
2636 1839 2885 1910 requiem
2915 1843 3053 1913 ejus,
3076 1845 3205 1915 quia
3238 1846 3400 1903 ﬁdem
3441 1861 3550 1903 non

292 1941 592 2012 ὀφθαλμοῖς
622 1939 682 1993 δὲ
713 1937 849 1994 Θεοῦ
878 1936 986 1992 τῶν
1017 1936 1199 2010 ἀρτων
1224 1937 1258 2007 ὴ
1294 1933 1584 2007 πρόθεσις,
1630 1935 1725 1989 καὶ
1764 1933 1872 2005 μὴν

292 2033 387 2087 καὶ
405 2035 466 2087 ὲν
488 2031 788 2102 ὀφθαλμοῖς
818 2028 1054 2101 Ἰσραήλ.
1086 2046 1106 2081 ι
1138 2027 1447 2101 Προθήσετε
1469 2028 1600 2100 γὰρ,
1622 2027 1778 2099 φησὶ,
1803 2029 1870 2098 τῇ

291 2125 477 2196 ἡμέρᾳ
495 2122 605 2178 τῶν
630 2123 922 2178 Σαὸὁάτων
947 2121 1126 2176 ἔναντι
1144 2120 1351 2196 Κυρίου
1371 2120 1458 2176 διὰ
1483 2120 1703 2184 παντὸς,
1722 2121 1874 2192 παρὰ

289 2215 400 2269 τῶν
424 2214 559 2269 υίῶν
587 2214 821 2287 Ἰσραὴλ’
852 2231 872 2267 ι
897 2213 1173 2286 Θεωμένου
1190 2215 1292 2269 καὶ
1314 2211 1577 2285 διηνεκῶς
1595 2209 1871 2277 ἀξιοῦντος

290 2307 417 2369 τοὺς
466 2306 656 2374 ἁγίους
703 2304 1026 2376 ἐπισκοπῆς.
1081 2322 1102 2358 ι
1160 2301 1456 2373 Ὀφθαλμοὶ
1508 2300 1618 2373 7&9
1664 2299 1871 2371 Κυρίου

290 2399 388 2451 ἐπὶ
421 2396 686 2467 δικαίους,
732 2415 754 2449 ι
787 2396 942 2469 φησί.
973 2396 1079 2451 Τοῦ
1111 2396 1170 2452 δὲ
1216 2394 1455 2468 Ἰσραὴλ,
1483 2395 1560 2459 ὼς
1586 2388 1870 2465 προσέχειν

290 2491 477 2552 αὐτοῖς
498 2488 825 2559 ὀφεῖλοντος,
878 2488 975 2541 καὶ
1025 2486 1189 2542 οίονεί
1225 2503 1342 2553 πως
1388 2484 1715 2555 ἔφιστῶντος
1768 2481 1869 2553 τῆς

288 2580 527 2646 διανοίας
572 2580 664 2634 τὸν
709 2577 1006 2651 ὀφθαλμὸν,
1043 2572 1106 2634 οὗ
1144 2578 1239 2633 καὶ
1282 2579 1363 2643 είς
1393 2577 1565 2631 τύπον
1610 2575 1677 2630 ἂν
1721 2574 1807 2646 εῐη
1839 2574 1871 2628 6

289 2672 623 2743 σωματικός.
665 2689 687 2723 ι
739 2669 876 2726 Ἀλλ’
917 2668 1092 2737 ἔσται,
1144 2670 1308 2741 φησὶν
1327 2707 1343 2735 ,
1386 2667 1595 2741 ’Δαρὼν
1637 2667 1869 2731 καὶτοῖς

289 2764 429 2828 υἱοῖς
479 2762 668 2829 αὐτοῦ,
709 2763 806 2817 καὶ
851 2765 1119 2832 φάγονται
1164 2761 1323 2815 αύτὰ.
1363 2780 1382 2814 ι
1421 2761 1714 2833 Πρόκειται
1759 2759 1870 2832 7&9

286 2855 424 2926 ⁴ἡμῖν
454 2854 536 2919 είς
564 2852 772 2923 τροφὴν
798 2850 867 2905 τὰ
894 2848 1004 2905 τῶν
1036 2848 1207 2919 ἁγίων
1238 2849 1549 2904 ἀποστόλων
1578 2847 1868 2921 συγγράμ-

292 2962 470 3017 ματα,
502 2946 617 3008 τοῖς
649 2944 709 2997 ἐν
745 2942 928 2997 πίστει
964 2940 1434 3012 δεδικαιωμένοις,
1487 2940 1626 3012 ἁγίῳ
1671 2956 1730 2994 τε
1778 2941 1871 2995 καὶ.

291 3035 426 3109 ίεριῖι
454 3034 635 3105 γένει,
659 3033 808 3098 λαοῖς
836 3035 948 3098 τοῖς
983 3035 1065 3097 είς
1104 3032 1482 3104 περιποίησιν,
1530 3032 1627 3086 καὶ
1666 3030 1870 3098 ἐξειλε-

286 3129 537 3200 γμένοις,
570 3128 666 3182 καὶ
692 3129 760 3201 τῇ
787 3125 884 3182 τοῦ
911 3125 1067 3196 ἁγίου
1092 3123 1410 3196 Πνεύματος
1434 3123 1614 3196 χάριτι
1641 3139 1871 3178 κατακε-
1895 3154 1942 3215 c

287 3219 628 3291 χριομένοις.

363 3492 574 3546 IIAAA.
606 3485 680 3546 Εὖ
720 3488 855 3560 ἔφης
875 3505 890 3521 ο
924 3486 1301 3558 συναινέσαιμι
1323 3487 1439 3560 γὰρ
1461 3488 1547 3542 ἀν.
1589 3489 1747 3543 Ἀλλὰ
1774 3489 1868 3543 τοῦ

288 3581 357 3654 δὴ
378 3582 561 3653 χάριν,
588 3582 690 3636 οὐκ
712 3556 771 3636 ιν
800 3556 913 3644 τοῖς
949 3580 1153 3650 ’Δγίοις
1184 3556 1294 3633 τῶν
1329 3556 1532 3649 ἁγίων,
1560 3578 1675 3634 ἀλλ’
1698 3580 1755 3634 ὲν
1803 3582 1868 3652 τῇ

287 3673 485 3745 πρώτῃ
530 3676 702 3746 σκηνῇ
733 3673 828 3727 τοῦ
856 3672 1011 3742 ἁγίου
1055 3670 1361 3726 Βαπτιστοῦ
1382 3711 1397 3737 ,
1427 3672 1521 3726 καὶ⁵
1548 3672 1657 3726 τῶν
1701 3672 1869 3741 ἁγίων

287 3765 608 3819 ἀποστόλων
632 3765 680 3818 οἱ
704 3765 898 3832 τύποι;

358 3857 522 3913 ΚΥΡ.
555 3858 777 3931 Πρῶτον
818 3858 918 3929 μὲν
963 3858 1047 3912 ὅτι
1099 3857 1234 3912 πολὺ
1274 3858 1336 3912 τὸ
1377 3857 1726 3929 μεσολαϐοῦν,
1774 3858 1869 3911 καὶ

285 3948 389 4002 οὐκ
413 3949 473 4002 ὲν
497 3941 578 4012 οἷς
596 3950 626 4001 6
647 3947 902 4019 Χριστὸς,
925 3948 1021 4002 καὶ
1043 3947 1114 4003 τὰ
1134 3949 1243 4003 τῶν
1273 3948 1444 4016 ἁγίων
1467 3947 1729 4013 κείσεται,
1753 3948 1867 4002 ἀλλ’

286 4040 451 4094 οἱονεί
488 4057 607 4104 πως
638 4039 745 4107 ἔξω
786 4040 880 4094 καὶ
921 4040 980 4094 ὲν
1020 4039 1246 4111 μείοσιν.
1294 4037 1585 4112 Ἐξῂρηται
1623 4038 1731 4111 7&9
1774 4040 1869 4093 καὶ

288 4132 396 4188 ἀνὰ
430 4133 597 4205 μέρος
622 4133 741 4186 ἐστὶ
765 4131 834 4186 τά
859 4131 953 4187 τοῦ
974 4130 1132 4198 Θεοῦ,
1156 4132 1251 4187 καὶ
1275 4132 1441 4196 πολὺς
1465 4131 1532 4186 τὰ
1553 4131 1868 4203 ἀνθρώπινα

285 4224 605 4296 διατειχίζει
651 4223 842 4293 λόγος,
889 4222 1219 4295 ἀσύγκριτον
1269 4225 1575 4288 ἐπιδεικνὺς
1621 4224 1719 4296 τὴν
1759 4224 1868 4278 τῶν

286 4316 505 4386 φύσεων
551 4316 807 4388 ἰδιότητα,
848 4309 942 4372 καὶ
987 4316 1086 4389 την
1130 4316 1230 4386 τῆς
1274 4316 1526 4381 εὐκλείας
1576 4317 1861 4388 διαφοράν.

285 4403 422 4464 Εἶτα
454 4410 537 4464 ὅτι
564 4409 851 4478 γεγόνασιν
883 4407 944 4474 ἔξ
987 4407 1255 4463 Ἰουδαίων
1284 4409 1379 4463 καὶ
1408 4408 1510 4479 τῆς
1538 4408 1682 4463 κατά
1704 4409 1867 4481 νόμον

1976 1937 2322 1999 receperunt.
2373 1929 2753 1988 Sabbatismus
2778 1933 2946 2005 igitur
2971 1951 3137 1992 verus
3159 1953 3222 1993 ac
3250 1938 3554 2008 spiritualis
3570 1956 3609 1991 κ

1974 2027 2193 2090 tempus
2237 2020 2373 2077 illud
2418 2030 2524 2089 est,
2579 2039 2691 2095 quo
2719 2024 2967 2083 Salvator
3007 2036 3196 2084 noster
3224 2029 3464 2085 advenit.
3491 2030 3552 2085 In
3640 2088 3641 2091 η

1974 2112 2152 2168 oculis
2175 2112 2342 2167 etiam
2372 2113 2467 2168 Dei
2498 2121 2582 2169 est
2609 2130 2811 2185 panum
2830 2117 3155 2187 propositio,
3188 2127 3354 2190 atque
3386 2121 3551 2175 etiam

1976 2204 2032 2258 in
2081 2205 2258 2261 oculis
2317 2206 2504 2263 Israel.
2562 2228 2580 2260 ι
2633 2208 2958 2279 Proponetis
3000 2210 3170 2276 enim,
3210 2211 3409 2283 inquit,
3461 2212 3552 2268 die

1976 2294 2337 2352 Sabbatorum
2378 2298 2434 2353 in
2467 2308 2763 2370 conspectu
2791 2300 3008 2356 Domini
3027 2301 3082 2356 in
3111 2284 3463 2374 perpetuum,
3492 2304 3551 2359 in

1974 2396 2273 2459 conspectu
2304 2388 2543 2445 ﬁliorum
2567 2390 2729 2446 Israel
2753 2391 2832 2458 ⁸⁸;
2874 2411 2891 2443 ι
2915 2406 3041 2449 cum
3066 2392 3157 2448 ille
3209 2396 3550 2466 contemple-

1975 2488 2084 2547 tur,
2111 2495 2175 2535 ac
2199 2488 2468 2552 perpetuo
2502 2492 2721 2537 sanctos
2768 2484 2915 2540 viros
2958 2499 3056 2539 sua
3078 2485 3418 2556 inspectione
3469 2487 3553 2543 di-

1974 2581 2197 2642 gnetur:
2225 2592 2242 2624 ι
2260 2572 2416 2629 Oculi
2432 2575 2603 2640 enim,
2625 2576 2828 2647 inquit,
2842 2576 3060 2632 Domini
3087 2579 3511 2650 superjustos”.
3526 2600 3543 2632 ι

1973 2662 2035 2718 In
2055 2664 2230 2720 oculis
2270 2664 2435 2720 etiam
2466 2665 2652 2733 Israel,
2692 2666 2839 2737 quod
2891 2683 2988 2725 eos
3010 2670 3296 2726 attendere
3329 2670 3548 2737 debeat,

1973 2763 2139 2826 atque
2167 2756 2223 2811 in
2252 2756 2359 2812 illis
2395 2756 2561 2812 animi
2585 2758 2775 2814 oculos
2804 2758 3207 2830 quodammodo
3232 2759 3378 2833 ﬁgat,
3410 2779 3551 2834 quo-

1975 2860 2099 2900 rum
2118 2844 2348 2919 ﬁguram
2386 2848 2635 2919 corporis
2681 2849 2828 2905 oculi
2865 2849 3131 2907 referunt.
3169 2869 3187 2903 ι
3220 2850 3328 2908 Sed
3364 2860 3550 2919 erunt,

1975 2937 2174 3010 inquit,
2199 2938 2383 2995 Aaron
2399 2947 2457 2995 et
2485 2939 2614 2997 ﬁliis
2638 2942 2779 3014 ejus,
2805 2950 2860 2998 et
2886 2943 3179 3000 comedent
3214 2961 3299 3001 ea.
3331 2965 3349 2997 ›
3370 2946 3552 3018 Appo-

1973 3028 2077 3084 sita
2101 3037 2231 3085 sunt
2258 3030 2460 3101 quippe
2490 3031 2651 3087 nobis
2676 3032 2732 3087 in
2771 3032 2957 3087 cibum
2982 3040 3296 3089 sanctorum
3335 3044 3554 3105 aposto-

1973 3120 2153 3176 lorum
2174 3122 2400 3193 scripta,
2431 3125 2525 3194 qui
2558 3124 2663 3181 (ide
2695 3126 2981 3196 justiﬁcati
3010 3142 3229 3193 sumus;
3275 3136 3331 3183 et
3363 3139 3553 3185 sancto

1973 3211 2048 3267 illi
2077 3228 2142 3267 ac
2174 3228 2331 3269 sacro
2353 3215 2560 3284 generi,
2587 3215 2826 3285 pepulis,
2856 3217 3103 3287 inquam,
3140 3218 3248 3273 illis
3275 3218 3328 3272 in
3358 3219 3550 3289 acqui-

1969 3302 2249 3369 sitionem,
2281 3313 2338 3358 et
2369 3305 2581 3369 electis,
2629 3313 2685 3360 et
2729 3308 2901 3362 sancti
2942 3308 3181 3378 Spiritus
3208 3310 3381 3380 gratia
3423 3327 3550 3381 pcr-

1973 3397 2172 3453 uncus.

2041 3489 2238 3544 PALL.
2279 3490 2448 3546 Recte
2485 3492 2603 3546 ais:
2648 3491 2746 3546 tibi
2764 3491 2913 3547 enim
2937 3494 3227 3548 assentior.
3264 3493 3371 3549 Sed
3395 3497 3552 3566 cujus

1970 3584 2047 3640 rei
2072 3584 2246 3655 gratia
2288 3598 2401 3639 non
2447 3583 2502 3638 in
2546 3583 2761 3639 Sanctis
2801 3593 3138 3650 sanctorum,
3171 3585 3331 3658 347
3355 3586 3451 3643 sed
3491 3588 3549 3643 in

1970 3676 2153 3746 primo
2175 3675 2530 3732 tabernaculo
2552 3676 2725 3732 sancti
2752 3675 2899 3732 illius
2942 3676 3195 3746 Baptistae
3239 3693 3301 3733 ac
3335 3686 3551 3733 sancto-

1970 3784 2091 3824 rum
2121 3769 2495 3839 apostolorum
2519 3768 2637 3825 sitre
2662 3776 2819 3825 erant
2842 3768 3068 3841 ﬁgurae?

2039 3860 2195 3916 CYR.
2224 3861 2467 3917 Primum
2497 3861 2722 3931 quidem
2743 3861 3040 3931 plurimum
3076 3862 3221 3918 inter
3245 3880 3341 3919 eos
3373 3866 3547 3920 inter-

1969 3959 2086 4015 est;
2150 3965 2331 4019 neque
2384 3949 2580 4005 eodem
2639 3965 2750 4021 quo
2794 3950 3047 4007 Christus
3080 3952 3202 4007 loco
3233 3955 3337 4009 viri
3374 3955 3548 4011 sancti

1968 4058 2089 4099 esse
2113 4050 2365 4112 possunt,
2400 4041 2497 4097 sed
2526 4042 2872 4096 extrinsecus
2893 4041 3297 4111 quodammodo
3325 4055 3380 4101 et
3413 4047 3546 4102 sub-

1969 4133 2222 4189 missiore
2267 4132 2465 4204 gradu.
2514 4131 2775 4202 Sejuncta
2816 4148 3053 4203 namque
3091 4144 3221 4191 sunt
3247 4136 3452 4203 divina,
3484 4156 3549 4196 ac

1967 4223 2262 4294 separatim
2277 4222 2475 4294 posita,
2505 4231 2560 4278 et
2587 4223 2746 4294 longe
2772 4222 2988 4277 diversa
3006 4225 3145 4281 ratio
3175 4242 3207 4282 a
3239 4227 3440 4284 divinis
3458 4248 3545 4287 re-

1968 4317 2072 4372 bus
2086 4317 2327 4371 humana
2342 4314 2650 4387 distinguit,
2668 4331 2791 4386 qua:
2815 4322 3138 4373 naturarum
3152 4322 3547 4392 proprietatem

1969 4409 2455 4479 differentiamque
2480 4408 2666 4480 gloriae
2711 4415 2918 4465 tantam
2943 4426 3065 4468 esse
3095 4412 3455 4481 demonstrat,
3489 4425 3550 4470 ut

284 4499 562 4573 λατρείας.
599 4500 784 4575 Ταύτῃ
811 4518 892 4555 τοι
923 4500 1088 4565 τόπος
1122 4498 1311 4574 ὥσπερ
1360 4501 1543 4566 αὐτοῖς
1577 4504 1605 4557 6
1644 4504 1868 4575 πρέπων

1975 4486 2210 4557 conferri
2236 4501 2380 4556 inter
2401 4515 2461 4556 se
2500 4500 2654 4556 nullo
2699 4500 2865 4556 modo
2897 4510 3119 4571 queant.
3163 4502 3391 4570 Deinde,
3417 4506 3549 4576 quia

281 4593 319 4664 ἠ
355 4591 549 4665 πρώτη
582 4592 788 4665 σκηνὴ,
825 4594 883 4647 ὲν
911 4586 945 4667 ᾗ
977 4591 1038 4647 τὸ
1066 4593 1123 4644 ὲν
1155 4589 1347 4658 τύποις
1377 4594 1556 4652 ἔκειτο
1581 4595 1691 4650 τῶν
1727 4612 1863 4670 καρο

284 4683 564 4755 πωμάτων
596 4684 1005 4756 θυσιαστήριονο
1042 4682 1076 4754 ἢ
1112 4683 1212 4737 οὐκ
1258 4681 1317 4749 ἐξ
1363 4685 1594 4755 αἵματος
1653 4685 1865 4759 Ἰσραὴλ

282 4776 381 4829 καὶ
407 4775 516 4829 ἀπὸ
560 4776 765 4847 σκηνῆς
791 4774 981 4848 ὥσπερ
1020 4777 1118 4848 τῆς
1154 4775 1407 4848 πρώτης,
1456 4777 1489 4848 ἠ
1538 4776 1647 4831 τῶν
1695 4779 1863 4847 ἁγίων

285 4866 545 4938 μαθητῶν
565 4867 754 4937 γέγονε
784 4866 1008 4940 κλῆσις;

353 5130 563 5184 ΠΑΑΑ.
588 5131 699 5184 Καὶ
732 5131 897 5202 μάλα.

351 5220 518 5276 ΚΥΡ.
570 5221 824 5292 Ἐχοντος
852 5220 919 5293 δὴ
946 5217 1039 5276 οῦν
1067 5220 1431 5294 ἀποχρώντως
1464 5226 1593 5296 ἡμῖν
1623 5221 1680 5281 εὖ
1716 5227 1862 5299 μάλα

274 5309 372 5365 τοῦ
400 5313 528 5383 περὶ
551 5312 757 5366 τούτων
781 5313 964 5382 λόγου,
997 5313 1344 5385 παροιστέον,
1376 5316 1423 5369 εί
1451 5315 1616 5382 δοκεῖ,
1641 5317 1739 5390 τὴν
1766 5319 1859 5373 τοῦ

274 5405 567 5461 Θεσπεσίου
594 5406 808 5460 Παύλου
842 5406 1046 5477 φωνὴν,
1082 5406 1476 5478 διατρανοῦσαν
1510 5409 1760 5477 ἀστείως,
1794 5411 1857 5466 τὸ

274 5497 371 5551 ἐπί
402 5516 467 5568 γε
493 5502 561 5571 τῇ
598 5497 789 5571 πρώτῃ
819 5499 914 5553 καὶ
938 5502 1006 5571 τῇ
1050 5499 1278 5573 δευτέρᾳ
1319 5505 1492 5575 σκηνῇ
1531 5505 1850 5577 μαρτύριον.

271 5590 487 5662 Γράφει
516 5591 575 5645 δὲ
602 5584 727 5646 ὦδε·
769 5610 787 5643 ι
827 5590 1044 5644 Τούτων
1065 5590 1122 5644 δὲ
1158 5591 1299 5645 οῦτω
1328 5597 1853 5667 κατεσκευασμένων

1971 4607 2037 4647 ex
2057 4591 2261 4649 Judteis
2282 4591 2389 4647 orti
2416 4599 2474 4648 et
2497 4606 2565 4647 ex
2593 4590 2683 4646 illa
2699 4590 2858 4663 legali
2888 4592 3268 4649 observatione
3289 4594 3511 4652 fuerunt
3529 4636 3545 4662 ,
3583 4668 3587 4675 .

1972 4684 2044 4740 ob
2058 4700 2179 4740 eam
2202 4699 2421 4739 causam
2445 4684 2600 4739 locus
2639 4682 2748 4738 illis
2779 4683 3183 4753 quodammodo
3208 4685 3408 4743 decens
3445 4688 3546 4743 tri—

1970 4776 2140 4832 butus
2181 4783 2285 4840 est,
2328 4790 2527 4846 nempe
2560 4774 2799 4845 primum
2853 4775 3289 4844 tabernaculum,
3332 4781 3387 4836 in
3439 4798 3548 4853 quo

1972 4867 2319 4938 ﬂgurativum
2367 4865 2503 4921 illud
2541 4865 2937 4922 sacrificiorum
2988 4869 3159 4925 altare
3185 4871 3350 4927 situm
3405 4884 3542 4931 erat.

1972 4960 2166 5016 Annon
2221 4972 2289 5013 ex
2341 4971 2542 5028 genere
2572 4956 2761 5024 Israel,
2790 4968 2846 5014 et
2872 4960 3028 5031 quasi
3086 4963 3319 5032 eprimo
3367 4966 3547 5022 taber-

1964 5051 2162 5109 naculo
2181 5036 2400 5107 sanctos
2420 5049 2543 5106 illos
2561 5049 2862 5122 discipulos
2891 5068 3013 5109 esse
3034 5056 3231 5124 putas?
3350 5110 3357 5115 ,

2034 5143 2231 5201 PALL.
2260 5144 2374 5216 Ego
2393 5158 2527 5199 vero
2543 5143 2800 5200 maxime.

2032 5237 2190 5293 CYIl.
2217 5234 2356 5292 Cum
2385 5236 2554 5307 igitur
2577 5236 2664 5293 bis
2684 5236 2755 5293 de
2777 5238 2946 5293 rebus
2960 5237 3167 5295 dictum
3194 5242 3267 5296 sit
3317 5257 3347 5295 a
3383 5240 3543 5296 nobis

1962 5328 2113 5391 satis,
2142 5328 2468 5399 proferenda
2493 5337 2641 5395 sunt,
2678 5330 2722 5385 si
2746 5330 2946 5401 placet,
2978 5329 3123 5387 beati
3168 5331 3321 5387 Pauli
3352 5331 3541 5392 verba,

1961 5435 2083 5489 quae
2105 5420 2172 5475 de
2197 5421 2376 5490 primo
2406 5436 2470 5475 ac
2499 5421 2742 5477 secundo
2777 5422 3133 5477 tabernaculo
3168 5421 3542 5478 testimonium

1960 5511 2242 5581 eleganter
2263 5511 2558 5582 explicant.
2608 5512 2816 5567 Scribit
2863 5512 3012 5566 enim
3066 5514 3114 5567 is
3144 5512 3213 5567 ad
3243 5512 3390 5565 hunc
3428 5526 3545 5565 mo-

1962 5601 2092 5656 dum
2124 5620 2136 5654 :
2172 5622 2190 5653 ι
2227 5603 2325 5660 llis
2350 5604 2424 5659 ita
2449 5603 2747 5673 dispositis,
2777 5603 2831 5658 in
2853 5603 3090 5673 primum
3115 5602 3338 5673 quidem
3364 5603 3546 5659 taber-

346 5764 531 5823 l“Col.
565 5784 640 5833 IV,
670 5767 724 5823 6.
797 5766 844 5799 ³⁸
871 5766 1072 5837 Ephes.
1102 5782 1174 5831 ιν,
1202 5768 1292 5823 29.
1369 5769 1621 5828 "Matth.
1648 5788 1707 5842 v,
1729 5774 1816 5831 l3.
1870 5775 1939 5853 ,⁸⁷
1965 5777 2211 5847 Ilebmv,
2246 5780 2298 5837 9.
2377 5781 2421 5815 '°
2458 5781 2641 5840 chit.
2672 5799 2815 5852 xxxv,
2846 5783 2899 5840 8.
2976 5784 3021 5818 ”
3052 5783 3197 5840 Psal.
3232 5798 3419 5849 χχχιιι,
3452 5784 3539 5839 l6.

593 5858 867 5922 PATRUL.
912 5860 1027 5919 Gn.
1066 5857 1325 5924 LXVIII.

3101 5874 3179 5937 22
