3996 6212
398 393 506 450 635

1124 396 1210 450 DE
1250 395 1688 452 ADORATIONE
1731 399 1794 453 IN
1834 399 2099 456 SPIRITU
2143 365 2229 454 ἰέΤ
2272 398 2635 456 VElllTATE.
2681 399 2808 454 LIB.
2855 400 2916 454 Χ.
2987 457 3002 461 -

3540 401 3642 454 686

381 532 388 546 ι
455 511 619 568 ΚΥΡ.
646 511 979 584 Νομομαθὴς
1011 513 1086 569 ὢν
1113 518 1140 570 6
1174 517 1384 582 Παῦλος
1409 518 1504 571 καὶ
1533 516 1859 590 ὴκριὸωκὼς
1879 518 1961 570 ὅτι

2142 519 2298 573 CYll.
2335 519 2553 582 Paulus,
2581 534 2705 572 eum
2731 518 2784 571 in
2811 519 2928 587 lege
2960 517 3171 587 peritus
3197 526 3363 581 esset,
3384 533 3448 572 ac
3476 517 3644 589 Moysi

388 601 618 672 μάλιστά
647 619 708 671 γε
744 603 844 676 τὴν
879 603 968 657 διὰ
999 605 1242 669 Μωσέως
1270 607 1512 677 ἐντολὴν,
1543 608 1619 670 ὡς
1662 610 1848 675 σοφοῖς
1893 607 1964 660 τά

382 692 606 746 τοιαῦτα
652 696 764 757 τοῖς
812 694 1074 764 Ἐϐραίων
1125 695 1295 762 λαοῖς,
1347 696 1442 750 καὶ
1490 697 1823 765 ἀνεγνωκόσι
1873 695 1964 748 τὸν

384 784 566 854 νόμον,
591 786 719 854 περὶ
742 783 848 838 τῶν
862 785 1004 839 οὕτω
1029 803 1085 838 σε
1097 787 1243 840 πτῶν
1267 803 1326 840 τε
1344 789 1440 840 καὶ
1461 788 1785 858 ἀπορρήτων
1805 787 1964 854 ἄγαν,

383 875 485 928 οὐκ
515 877 572 928 έν
602 875 796 928 πλάτει
826 875 1202 947 διηγημάτων,
1232 877 1290 928 ὲν
1321 878 1649 948 παραδρομῇ
1678 877 1735 930 δὲ
1767 877 1967 947 μᾶλλον

384 967 482 1022 καὶ⁵
527 967 829 1038 ἀναμνήσει
857 967 966 1021 τῶν
1011 969 1109 1042 ήδη
1157 969 1648 1040 προεγνωσμένων,
1682 968 1753 1022 τὰ
1792 967 1968 1024 τοιάδε

387 1060 698 1132 προσλαλεῖ.
725 1061 982 1132 Παροίσω
1008 1061 1087 1126 δὲ,
1112 1063 1160 1114 εί
1188 1061 1356 1125 δοκεῖ,
1379 1062 1474 1114 καὶ
1499 1061 1590 1114 τὸν
1619 1061 1711 1113 ἐπὶ
1729 1060 1865 1130 τῷδε
1885 1060 1970 1113 νό-

387 1169 486 1222 μον
511 1151 912 1224 χρηστομαθεῖν
943 1152 1229 1224 ᾑρημένῳ,
1263 1154 1358 1206 καὶ
1403 1153 1464 1205 τὸ
1493 1151 1719 1224 ἀκριϐὲς
1752 1152 1817 1222 δὴ
1847 1151 1970 1205 λίαν

386 1244 482 1296 καὶ
505 1244 878 1314 ἀπεξεσμένον
906 1246 985 1309 είς
1009 1244 1334 1316 διασάφησιν
1371 1246 1478 1297 τῶν
1509 1244 1878 1315 θεωρημάτων
1908 1242 1967 1296 εὖ

392 1334 536 1404 μάλα
563 1335 894 1406 δεδιψηκότι.
931 1337 1242 1407 Γέγραπται
1273 1335 1450 1390 τοίνυν
1483 1335 1541 1387 ἐν
1568 1335 1646 1406 τῷ
1675 1335 1966 1406 Λευιτικῷ’

393 1445 412 1476 ι
453 1427 562 1480 Καὶ
587 1427 816 1498 ἐλάλησε
849 1427 1053 1498 Κύριος
1086 1427 1222 1498 πρὸς
1252 1427 1458 1498 Ινίωσῆν
1489 1426 1684 1495 λέγων*
1724 1425 1970 1498 Λάλησον

385 1521 522 1592 πρὸς
554 1523 678 1584 τοὺς
709 1523 858 1584 υἱοὺς
889 1519 1128 1592 Ἰσραήλ·
1151 1518 1335 1590 Ψυχὴ,
1359 1519 1453 1573 ἐὰν
1483 1519 1705 1591 ἁμάρτῃ
1732 1518 1970 1572 ἐναντίον

387 1614 594 1684 Κυρίου
645 1613 916 1678 ἀκουσίως
958 1612 1068 1667 ἀπὸ
1115 1613 1337 1665 πάντων
1377 1612 1485 1666 τῶν
1532 1611 1970 1684 προσταγμάτων

385 1703 618 1774 Κυρίου,
659 1697 734 1758 ὧν
759 1705 818 1758 οὐ
850 1705 931 1757 δεῖ
963 1706 1158 1771 ποιεῖν,
1189 1702 1286 1757 καὶ
1329 1703 1534 1777 ποιήσῃ
1575 1703 1636 1755 ἓν
1664 1720 1717 1756 τι
1743 1703 1836 1755 ἀπ’
1868 1701 1968 1755 αύ-

387 1795 514 1861 τῶν,
557 1796 653 1850 ἐὰν
699 1797 796 1866 μὲν
833 1787 862 1848 ό
903 1796 1195 1868 ἀρχιερεὺς
1249 1798 1278 1849 ὁ
1309 1795 1666 1867 κεχρισμένος
1723 1795 1966 1867 ἁμάρτῃ,

385 1887 482 1940 toﬁ
511 1888 599 1940 τὸν
638 1888 765 1942 λαὸν
793 1889 1081 1959 ἁμαρτεῖν,
1114 1888 1378 1960 προσάξει
1409 1889 1539 1960 περὶ
1561 1889 1658 1959 τῆς
1697 1889 1970 1960 ἁμαρτίας

387 1977 573 2042 αὐτοῦ,
603 1972 666 2048 ἦς
689 1978 924 2048 ἥμαρτε,
959 1978 1155 2048 μόσχον
1178 1979 1243 2032 ὲκ
1266 1977 1404 2048 βοῶν
1432 1979 1662 2049 ἄμωμον
1680 1978 1759 2050 τῷ
1784 1979 1970 2050 Κυρίῳ

388 2069 518 2137 περὶ
549 2069 645 2139 τῆς
678 2069 984 2139 ἁμαρτίας,
1032 2069 1128 2121 κα)⁵
1167 2067 1428 2138 προσάξει
1456 2067 1548 2120 τὸν
1580 2067 1778 2138 μόσχον
1821 2067 1972 2140 παρὰ

389 2162 488 2232 τὴν
522 2161 691 2232 θύραν
717 2162 815 2231 τῆς
841 2161 1046 2231 σκηνῆς
1068 2160 1160 2213 τοῦ
1190 2160 1491 2232 μαρτυρίου
1525 2159 1707 2214 ἔναντι
1738 2161 1969 2232 Κυρίου,

389 2255 487 2307 καὶ
518 2253 708 2323 σφάξει
733 2253 821 2306 τὸν
857 2252 1053 2323 μόσχον
1080 2251 1310 2306 ἐνώπιον
1341 2253 1568 2324 Κυρίου.
1602 2245 1713 2307 Καὶ
1741 2252 1922 2306 λαόὼν
1944 2257 1972 2308 6

391 2349 569 2418 ἱερεὺς
597 2349 625 2400 ό
647 2347 866 2418 χριστὸς
899 2348 926 2398 6
956 2345 1373 2417 τετελειωμένος
1400 2345 1501 2408 τὰς
1530 2346 1719 2416 χεῖρας
1749 2345 1858 2400 ἀπὸ
1879 2345 1970 2400 toﬁ

389 2441 620 2509 αἵματος
665 2437 758 2490 toﬁ
801 2437 1003 2508 μόσχου
1027 2477 1042 2500 ,
1089 2437 1314 2491 εἰσοίσει
1350 2438 1480 2490 αὐτὸ
1515 2438 1594 2501 είς
1631 2439 1728 2509 τὴν
1770 2439 1975 2510 σκηνὴν

391 2529 484 2582 τοῦ
519 2530 821 2600 μαρτυρίου
843 2569 856 2590 ,
889 2532 984 2582 καὶ
1017 2529 1178 2600 βάψει
1211 2531 1237 2581 ὁ
1276 2529 1454 2598 ἱερεὺς
1489 2529 1577 2582 τὸν
1609 2529 1868 2584 δάκτυλον
1895 2532 1974 2592 εἰς

390 2624 454 2676 τὸ
499 2617 664 2694 αἷμα,
706 2622 800 2674 καὶ
843 2623 1140 2691 προσρανεῖ
1176 2622 1286 2674 ἀπὸ
1329 2621 1424 2675 τοῦ
1467 2623 1698 2692 αἵματος
1745 2622 1974 2687 ἑπτάκις

392 2716 571 2770 ἔναντι
597 2713 800 2784 Κυρίου
821 2755 835 2779 ,
864 2715 1006 2768 κατά
1031 2713 1090 2766 τὸ
1137 2714 1537 2785 καταπέτασμα
1567 2715 1625 2767 τδ
1659 2715 1832 2783 ἅγιον.
1868 2716 1976 2768 Καὶ

393 2807 647 2880 ἐπιθήσει
670 2810 699 2860 6
721 2808 902 2878 ίερευς
923 2806 1030 2860 ἀπὸ
1053 2805 1148 2864 toﬁ
1175 2807 1410 2877 αἵματος
1436 2805 1531 2860 τοῦ
1559 2806 1759 2878 μόσχου
1791 2807 1882 2860 ἐπὶ
1907 2806 1975 2860 τὰ

395 2903 602 2972 κέρατα
627 2898 720 2953 toﬁ
755 2898 1144 2969 θυσιαστηρίου
1176 2897 1272 2951 τοῦ
1315 2897 1661 2969 θυμιάματος
1704 2901 1804 2970 τῆς
1848 2915 1976 2952 συν⁸

402 2993 602 3054 θέσεως
627 2989 722 3044 τοῦ
752 2989 990 3042 ἐναντίον
1018 2988 1248 3060 Κυρίου,
1281 2989 1309 3041 6
1329 2989 1475 3042 ἐστὶν
1502 2989 1560 3042 ὲν
1588 2991 1652 3060 τῇ
1684 2991 1853 3060 σκηνῇ
1882 2988 1974 3043 toﬁ

398 3083 701 3157 μαρτυρίου
721 3122 738 3148 ,
768 3082 862 3136 κεύ⁹
883 3083 994 3134 πᾶν
1016 3081 1076 3134 τὸ
1098 3077 1236 3152 αἷμα
1261 3080 1352 3134 toﬁ
1378 3081 1578 3152 μόσχου
1601 3082 1784 3153 ἐκχεεῖ
1826 3083 1977 3156 παρά

395 3177 496 3250 τὴν
524 3176 679 3248 βάσιν
711 3175 804 3229 τοῦ
836 3175 1222 3246 θυσιαστηρίου
1247 3174 1358 3228 τῶν
1389 3175 1886 3246 ὁλοκαυτωμάτων,
1916 3175 1976 3239 6;

399 3271 518 3323 ἐστὶ
548 3270 696 3341 παρά
721 3267 818 3331 τὰς
846 3265 1015 3339 θύρας
1035 3267 1135 3338 τῆς
1161 3267 1365 3336 σκηνῆς
1397 3265 1492 3318 toﬁ
1525 3267 1824 3337 μαρτυρίου
1843 3306 1858 3330 ,
1883 3267 1977 3318 καὶ

397 3364 508 3416 πᾶν
535 3362 596 3414 τὸ
625 3360 788 3430 στέαρ
818 3359 912 3411 τοῦ
949 3359 1148 3428 μόσχου
1176 3357 1269 3410 toﬁ
1304 3357 1404 3428 τῆς
1433 3357 1710 3428 ἁμαρτίας
1740 3357 1980 3428 περιελεῖ

399 3453 496 3510 ἀπ’
519 3451 704 3515 αὑτοῦ,
739 3451 800 3504 τὺ
839 3451 1007 3521 στέαρ
1042 3450 1103 3502 τὸ
1146 3447 1566 3503 κατακαλύπτον
1601 3450 1671 3503 τα
1696 3449 1976 3514 ὲνδόσθια,

399 3549 496 3601 καὶ⁹
521 3548 628 3601 πᾶν
652 3547 712 3599 τὸ
741 3545 904 3616 στέαρ
938 3544 998 3598 τὸ
1025 3543 1116 3596 ἐπὶ
1141 3541 1248 3596 τῶν
1278 3524 1584 3606 ένδοσθίων,
1621 3541 1717 3595 καὶ
1740 3542 1863 3605 τοὺς
1887 3540 1980 3594 δύο

400 3638 650 3708 νεφροὺς,
683 3637 776 3690 καὶ
805 3636 865 3688 τὸ
891 3635 1056 3705 στέαρ
1083 3635 1144 3686 τὸ
1177 3635 1263 3686 ἐπ’
1293 3632 1492 3698 αὐτῶν,
1522 3633 1550 3686 ὅ
1576 3634 1722 3687 ὲστιν
1749 3634 1841 3686 ἐπὶ
1869 3632 1980 3686 τῶν

405 3728 635 3799 μηρίων,
677 3728 772 3780 καὶ
811 3725 902 3780 τὸν
939 3725 1092 3779 λοϐὸν
1121 3724 1213 3777 τον
1247 3724 1344 3777 ἐπὶ
1379 3724 1472 3778 τοῦ
1497 3724 1706 3795 ἥπατος
1743 3726 1839 3780 σὺν
1866 3729 1979 3789 τοῖς

402 3823 620 3892 νεφροῖς
665 3819 904 3890 περιελεῖ
947 3818 1096 3880 αὐτὸ,
1136 3816 1196 3870 ὃν
1241 3815 1442 3888 τρόπον
1491 3817 1808 3888 ἀφαιρεῖται
1847 3817 1980 3871 αὐτὸ

402 3910 511 3963 ἀπὸ
538 3909 630 3961 toﬁ
673 3909 874 3979 μόσχου
905 3907 997 3960 toﬁ
1033 3907 1132 3977 τῆς
1183 3905 1371 3969 θυσίας
1409 3903 1504 3958 τοῦ
1544 3904 1842 3976 σωτηρίου,
1884 3906 1980 3959 καὶ

404 4001 608 4054 ἀνοίσει
632 4000 660 4052 6
691 3999 867 4069 ἱερεὺς
897 3999 988 4051 ἐπὶ
1016 3996 1074 4049 t6
1101 3997 1486 4066 θυσιαστήριον
1519 3997 1618 4066 τῆς
1638 3993 1980 4066 καρπώσεως

404 4091 500 4145 καὶ
522 4090 583 4143 τὸ
602 4089 778 4160 δέρμα
795 4087 890 4140 τοῦ
917 4086 1142 4158 μόσχου,
1162 4084 1254 4138 καὶ
1283 4085 1462 4137 πᾶσαν
1490 4083 1656 4136 αὑτοῦ
1676 4083 1775 4152 τὴν
1802 4082 1980 4152 σάρκα

406 4184 506 4236 σὺν
530 4185 598 4250 τῇ
622 4181 830 4250 κεφαλῇ
861 4178 954 4233 καὶ
978 4179 1090 4241 τοῖς
1129 4174 1492 4248 ἀκρωτηρίοις
1509 4216 1525 4242 ,
1553 4175 1648 4228 καὶ
1675 4177 1740 4245 τῇ
1766 4174 1940 4242 κοιλία
1963 4215 1978 4239 ,

406 4275 504 4328 καὶ
538 4277 604 4345 τῇ
648 4274 870 4344 κόπρῳ⁶
911 4273 1005 4327 καὶ
1043 4270 1336 4338 ἐξοίσουσιν
1361 4267 1481 4321 ὃλον
1518 4268 1608 4320 τὸν
1649 4268 1848 4338 μόσχον
1875 4266 1980 4332 ἔξω

403 4371 502 4438 τῆς
537 4367 888 4439 παρεμϐολῆς
927 4367 1004 4428 εἰς
1041 4363 1204 4416 τόπον
1229 4361 1490 4430 καθαρὸν,
1522 4353 1584 4412 oﬁ
1606 4359 1857 4430 ἐκχεοῦσι
1883 4361 1980 4429 τὴν

408 4460 647 4513 σποδιάν.
668 4460 778 4514 Καὶ
801 4454 1235 4511 κατακαύσουσιν
1256 4453 1419 4507 αὑτὸν
1435 4453 1526 4505 ἐπὶ
1549 4451 1722 4518 ξύλων
1740 4452 1796 4504 ἐν
1823 4451 1977 4521 πυρί’

2066 609 2381 663 mandatum
2425 609 2479 662 in
2509 608 2707 677 primis
2736 609 2980 672 calleret,
3026 607 3375 662 llebrzeorum
3430 609 3647 677 populis

2069 708 2323 769 tanquam
2347 697 2662 768 hujusmodi
2696 713 2880 752 rerum
2902 713 3012 752 non
3052 698 3274 768 ignaris,
3324 705 3380 752 ct
3435 698 3530 767 qui
3563 698 3644 752 le-

2066 805 2184 859 gem
2212 789 2670 859 pervolutassent,
2698 804 2806 842 non
2835 789 2994 859 longa
3031 788 3370 851 narratione,
3402 787 3498 842 sed
3547 803 3644 857 po-

2069 881 2176 935 tius
2211 895 2394 935 rerum
2428 879 2536 934 illis
2600 888 2856 935 notarum
2909 881 3430 936 commemoratione
3468 881 3649 936 obiter

2067 971 2136 1026 de
2193 980 2300 1026 tam
2347 971 2679 1026 venerandis
2731 972 3054 1042 arcanisque
3109 972 3273 1028 rebus
3316 972 3434 1028 haec
3491 973 3644 1028 dicit.

2068 1063 2304 1118 Aderam
2328 1063 2514 1134 igitur,
2534 1064 2581 1118 si
2601 1063 2843 1128 videtur,
2874 1064 3048 1134 legem
3094 1062 3197 1118 hac
3222 1065 3288 1118 de
3323 1080 3383 1119 re
3438 1065 3646 1118 consti-

2071 1164 2263 1219 tutam,
2289 1156 2344 1210 ei
2369 1157 2464 1226 qui
2491 1155 2695 1210 Christi
2729 1153 3050 1226 mysterium
3078 1154 3389 1224 perdiscere
3423 1157 3572 1218 velit,
3594 1164 3650 1208 et

2069 1247 2316 1302 locorum
2337 1247 2406 1301 ad
2443 1247 2930 1317 contemplandum
2966 1248 3370 1317 propositorum
3417 1264 3646 1302 accura—

2072 1347 2179 1392 tam
2204 1348 2259 1393 et
2286 1339 2581 1408 expolitam
2618 1339 3037 1408 explicationem
3076 1339 3268 1394 audire
3313 1339 3516 1410 cupiat.
3556 1339 3652 1392 Est

2071 1429 2238 1499 igitur
2260 1431 2316 1484 in
2339 1429 2588 1485 Levitico
2616 1431 2881 1500 scriptum
2920 1448 2933 1483 :
2977 1449 2994 1481 ι
3035 1431 3103 1484 Et
3146 1431 3364 1485 locutus
3399 1439 3483 1484 est
3541 1430 3649 1482 Do-

2070 1521 2256 1575 minus
2276 1521 2344 1576 ad
2379 1521 2619 1592 Moysen,
2644 1521 2865 1577 dicens:
2895 1522 3146 1592 Loquere
3169 1521 3236 1576 ad
3264 1522 3404 1576 filios
3439 1521 3606 1575 Israel
3634 1537 3647 1572 :

2069 1615 2284 1680 Anima,
2341 1616 2386 1671 si
2429 1615 2734 1686 peccaverit
2804 1631 2989 1676 coram
3045 1615 3275 1669 Domino
3338 1614 3502 1686 349
3540 1631 3650 1668 non

2069 1707 2396 1772 voluntarie,
2434 1706 2490 1761 in
2513 1707 2770 1761 omnibus
2796 1705 3080 1776 praaceptis
3101 1706 3342 1771 Domini,
3383 1722 3504 1776 quae
3540 1722 3650 1760 non

2071 1803 2289 1866 oportet
2313 1795 2521 1860 facere,
2561 1803 2617 1850 et
2645 1795 3031 1851 feceritunum
3047 1795 3115 1849 de
3149 1795 3317 1865 ipsis;
3359 1796 3648 1866 siquidem

2071 1889 2596 1944 summussacerdos
2619 1889 2715 1959 qui
2740 1896 2940 1942 unctus
2985 1896 3069 1944 est
3091 1888 3436 1958 peccaverit,
3475 1889 3550 1942 ita
3591 1897 3652 1943 ut

2072 1980 2308 2050 populus
2328 1989 2520 2050 peccet
2546 1997 2558 2033 :
2582 1979 2773 2035 alferet
2790 1995 2888 2050 pro
2902 1989 3124 2050 peccato
3147 1995 3267 2043 suo,
3286 1979 3432 2049 quod
3455 1994 3648 2049 pecca-

2071 2071 2170 2135 vit,
2197 2072 2432 2126 vitulum
2473 2088 2542 2128 ex
2585 2072 2764 2128 bobus
2810 2072 3218 2126 immaculatum
3275 2072 3508 2127 Domino
3549 2087 3651 2142 pro

2071 2171 2298 2232 peccato
2324 2178 2446 2228 suo,
2471 2171 2526 2218 et
2547 2163 2786 2219 adducet
2819 2165 3052 2218 vitulum
3086 2164 3153 2219 ad
3176 2165 3376 2218 ostium
3397 2165 3654 2219 taberna-

2072 2255 2183 2309 culi
2232 2255 2529 2310 testimonii
2591 2271 2776 2311 coram
2831 2257 3064 2310 Domino
3097 2266 3153 2311 et
3197 2256 3459 2311 mactabit
3501 2255 3650 2310 vitu-

2073 2347 2188 2401 lum
2249 2362 2436 2403 coram
2507 2347 2760 2402 Domino.
2816 2347 2884 2401 Et
2918 2347 3198 2417 accipiens
3255 2348 3515 2402 sacerdos
3544 2363 3650 2402 un-

2073 2447 2215 2504 ctus,
2253 2441 2412 2510 cujus
2465 2446 2800 2494 consecrata
2855 2448 2986 2494 sunt
3031 2455 3247 2504 manus,
3283 2439 3352 2494 de
3387 2440 3654 2511 sanguine

2073 2529 2255 2596 vituli,
2298 2529 2495 2585 inferet
2536 2531 2687 2584 illum
2722 2531 2776 2584 in
2804 2530 3217 2585 tabernaculum
3240 2531 3564 2595 testimonii,
3598 2540 3656 2586 et

2075 2621 2308 2692 intinget
2331 2621 2585 2676 sacerdos
2611 2621 2840 2692 digitum
2869 2621 2921 2675 in
2949 2623 3289 2693 sanguinem,
3322 2630 3379 2677 et
3405 2632 3657 2694 asperget

2075 2714 2143 2769 de
2163 2713 2425 2785 sanguine
2451 2713 2655 2784 septies
2687 2713 2857 2784 digito
2880 2729 3061 2768 coram
3099 2714 3330 2768 Domino
3365 2714 3433 2769 ad
3471 2715 3653 2770 velum

2076 2813 2348 2860 sanctum.
2379 2806 2447 2859 Et
2463 2812 2630 2875 ponet
2647 2804 2903 2859 sacerdos
2933 2803 3000 2859 de
3024 2805 3290 2876 sanguine
3310 2806 3469 2861 vituli
3491 2821 3657 2877 super

2075 2912 2281 2952 cornua
2301 2896 2488 2950 altaris
2517 2895 2884 2967 thymiamatis
2930 2897 3366 2967 compositionis,
3403 2899 3550 2968 quod
3572 2907 3658 2954 est

2077 2999 2203 3045 ante
2232 2989 2544 3054 Dominum,
2578 2989 2722 3059 quod
2749 2997 2832 3044 est
2866 2989 2920 3042 in
2951 2989 3304 3045 tabernaculo
3335 2992 3653 3058 testimonii,

2077 3088 2134 3132 et
2157 3094 2375 3134 omnem
2400 3079 2721 3148 sanguinem
2745 3079 2902 3133 vituli
2919 3078 3168 3135 effundet
3190 3079 3257 3134 ad
3275 3080 3449 3136 basim
3471 3082 3659 3137 altaris

2081 3167 2404 3230 holocausti,
2440 3168 2586 3238 quod
2615 3178 2700 3223 est
2720 3169 2788 3223 ad
2815 3169 3016 3224 ostium
3044 3170 3381 3226 tabernaculi
3410 3174 3656 3229 testimo-

2080 3257 2181 3322 nii,
2203 3268 2259 3313 et
2279 3273 2497 3312 omnem
2527 3259 2744 3329 adipem
2767 3261 2923 3314 vituli
2955 3277 3054 3331 pro
3072 3272 3297 3332 peccato
3325 3264 3538 3320 auferet
3588 3265 3657 3320 ab

2078 3347 2191 3412 illo,
2219 3349 2565 3419 adipem,qui
2590 3349 2768 3419 operit
2796 3350 3145 3416 intestina,et
3170 3367 3386 3408 omnem
3416 3355 3656 3425 adipem,

2077 3439 2172 3509 qui
2199 3447 2284 3494 est
2311 3454 2476 3509 super
2501 3440 2781 3504 intestina,
2807 3449 2861 3495 et
2896 3440 3034 3495 duos
3061 3443 3392 3498 renunculos
3439 3454 3496 3499 et
3536 3444 3656 3498 adi-

2079 3546 2224 3601 pem,
2278 3531 2370 3602 qui
2416 3547 2583 3602 super
2607 3547 2704 3587 eos
2749 3541 2853 3593 est,
2887 3532 2980 3603 qui
3012 3541 3097 3588 est
3149 3548 3314 3604 super
3337 3534 3572 3600 lumbos,
3601 3544 3659 3591 ct

2078 3623 2326 3693 pinnam,
2343 3624 2437 3696 qui
2458 3631 2542 3680 est
2564 3639 2732 3694 super
2751 3625 2929 3695 jecur,
2958 3640 3082 3679 cum
3108 3625 3426 3681 renuneulis
3445 3626 3659 3682 auferet

2081 3713 2238 3780 illud,
2269 3716 2728 3788 quemadmodum
2759 3716 3007 3772 aufertur
3038 3732 3068 3772 a
3103 3718 3279 3774 vitulo
3333 3718 3526 3773 hostiae
3573 3734 3661 3774 sa-

2081 3809 2296 3874 lutaris,
2321 3817 2378 3862 et
2397 3807 2593 3863 offeret
2615 3807 2874 3863 sacerdos
2890 3823 3057 3878 super
3087 3805 3259 3865 altare
3291 3811 3568 3876 sacrificii,
3603 3819 3661 3866 et

2081 3901 2278 3970 pellem
2301 3899 2480 3963 vituli,
2503 3908 2560 3954 et
2583 3914 2802 3954 omnem
2829 3899 2974 3954 illius
2993 3915 3214 3954 carnem
3242 3916 3366 3955 cum
3395 3904 3573 3972 capite
3603 3914 3662 3959 et

2081 3991 2540 4055 extremitatibus,
2566 3998 2623 4044 et
2650 3999 2842 4046 ventre
2879 3999 2936 4044 et
2957 3990 3108 4056 ﬁmo;
3140 3999 3196 4045 et
3219 3992 3452 4048 efferent
3482 4004 3660 4050 totum

2081 4082 2312 4135 vitulum
2344 4089 2496 4135 extra
2527 4089 2725 4142 castra,
2762 4079 2816 4132 in
2837 4079 3017 4133 locum
3045 4081 3331 4146 mundum,
3359 4083 3452 4138 ubi
3485 4085 3662 4140 effun-

2082 4173 2219 4227 dunt
2247 4172 2512 4234 cinerem,
2533 4177 2590 4225 et
2612 4170 2940 4224 comburent
2962 4171 3112 4225 illum
3145 4173 3487 4245 superlignis
3511 4176 3659 4248 igni;

2084 4266 2138 4319 in
2165 4263 2434 4318 effusione
2454 4260 2658 4316 cineris
2677 4261 3145 4316 comburentur".
3161 4283 3177 4314 ›
3200 4265 3378 4335 Atque
3393 4267 3510 4322 haec
3534 4268 3664 4337 qui-

2082 4357 2206 4411 dem
2262 4355 2350 4409 lex
2389 4352 2508 4407 ﬁeri
2553 4352 2736 4424 jussit,
2787 4351 2972 4422 siqua
3024 4353 3342 4424 ignorantia:
3385 4359 3544 4428 culpa
3606 4360 3658 4414 in

2083 4463 2301 4502 summo
2330 4444 2618 4500 sacerdote
2643 4443 2930 4499 resederit.
2955 4444 3267 4510 Quinetiam
3290 4446 3472 4516 inquit
3499 4465 3664 4519 opor-

406 4555 499 4605 ὲπὶ
531 4554 629 4621 τῆς
659 4549 937 4620 ὲκχύσεως
983 4547 1080 4616 τῆς
1110 4545 1334 4608 σποδιᾶς
1356 4544 1710 4614 καυθήσεται.
1745 4561 1762 4594 ι
1811 4541 1976 4595 Ταυτὶ

2087 4552 2222 4604 tere,
2250 4548 2309 4593 ut
2359 4553 2460 4608 pro
2489 4536 2674 4608 populi
2705 4552 2924 4607 quoque
2975 4537 3283 4607 ignorantia
3332 4539 3662 4596 sacrificium

411 4645 509 4714 μὲν
529 4644 557 4694 ό
587 4643 746 4711 νόμος
767 4639 1017 4710 γενέσθαι
1051 4637 1438 4708 προστέταχεν,
1466 4638 1514 4688 εἰ
1535 4634 1644 4688 τῶν
1675 4634 1735 4698 ἐξ
1763 4633 1982 4702 ἀγνοίας

409 4733 765 4804 πταισμάτων
800 4729 1205 4801 καταγράφοιτό
1229 4745 1283 4781 τι
1311 4725 1405 4780 toﬁ
1448 4724 1774 4797 προύχοντος
1811 4727 1868 4778 ὲν
1905 4725 1984 4776 ίεο

411 4826 650 4897 ρωσύνῃ.
691 4824 902 4894 Χρῆναι
953 4821 1010 4874 δέ
1055 4837 1188 4891 φησι
1236 4819 1330 4872 καὶ
1381 4816 1522 4887 ὑπὲρ
1560 4817 1670 4869 τῶν
1711 4814 1805 4868 τοῦ
1855 4814 1985 4868 λαοῦ

407 4917 767 4987 ἀγνοημάτων
804 4912 1164 4967 ἐπιτελεῖσθαι
1205 4910 1396 4964 θυσίαν
1445 4909 1646 4979 μόσχου
1684 4923 1988 4977 προσκομιο

409 5008 637 5078 ζομένου
672 5005 1010 5075 σφαζομένου
1049 5020 1106 5056 τε
1146 5001 1320 5064 οὕτως
1354 5001 1506 5072 παρά
1543 5000 1642 5062 τας
1681 4998 1849 5069 θύρας
1887 4999 1986 5068 τῆς

412 5098 616 5168 σκηνῆς
639 5096 733 5150 toﬁ
776 5095 1075 5166 μαρτυρίου
1119 5091 1298 5146 ἔναντι
1327 5092 1554 5162 Κυρίου,
1588 5090 1682 5142 καὶ
1712 5087 1820 5141 τῶν
1854 5105 1987 5159 πρε-

412 5187 689 5258 σϐυτέρων
709 5187 809 5255 τῆς
829 5184 1156 5253 Συναγωγῆς
1177 5181 1474 5236 ἐπιθέντων
1495 5180 1644 5250 αὐτῷ
1662 5179 1760 5242 τὰς
1780 5181 1986 5249 χεῖρας,

413 5279 803 5350 εἰσφερομένου
830 5294 885 5330 τε
915 5275 1009 5329 toﬁ
1036 5276 1266 5346 αἵματος
1283 5271 1446 5336 εἰςτά
1469 5272 1636 5338 ’Ἅγια
1665 5271 1775 5323 τῶν
1795 5270 1987 5338 ἁγίων,

415 5371 507 5423 καὶ
543 5367 875 5435 ἁπαξαπλῶς
921 5367 1093 5418 εἰπεῖν
1155 5364 1372 5418 πάντων
1424 5359 1856 5430 ἐπιτελουμένων
1903 5359 1988 5411 ἐπ’

417 5463 562 5533 αὐτῷ
590 5461 710 5516 καθ’
735 5459 1028 5530 ὁμοιότητα
1056 5457 1152 5527 τῆς
1180 5453 1370 5516 θυσίας
1399 5453 1537 5522 ὑπὲρ
1574 5451 1804 5522 Ἀαρών.
1846 5449 1982 5502 Ἀλλ’

414 5555 495 5606 ὅτι
535 5553 631 5624 μὲν
657 5553 722 5622 δὴ
754 5552 847 5606 καὶ
871 5549 1061 5620 ἱερέων
1091 5547 1186 5601 καὶ
1214 5543 1344 5598 λαοῦ
1375 5543 1639 5614 κάθαρσις
1667 5543 1697 5594 6
1732 5539 1986 5612 Χριστὸς,

416 5640 810 5712 ὃεδικαιὼμεθα
830 5638 939 5710 γὰρ
968 5639 1025 5692 ὲν
1047 5636 1196 5692 αὑτῶ
1215 5634 1307 5689 τὸν
1333 5635 1396 5688 ἐκ
1424 5631 1524 5702 τῆς
1555 5631 1826 5703 ἁμαρτίας
1856 5631 1989 5683 ἀπο-

491 5826 535 5857 ³⁷
564 5823 740 5881 chit.
777 5840 851 5894 tv,
886 5823 1039 5878 l-l2.

2085 4633 2198 4695 fiat,
2237 4631 2401 4685 allato
2448 4629 2641 4692 vitulo,
2675 4643 2924 4698 caesoque
2969 4628 3037 4682 ad
3074 4627 3274 4682 ostium
3325 4629 3664 4686 tabernaculi

2085 4719 2384 4776 testimonii
2419 4733 2604 4773 coram
2633 4718 2882 4781 Domino,
2917 4717 3328 4788 imponentibus
3350 4717 3428 4773 illi
3468 4736 3664 4778 manus

2085 4810 2377 4881 Synagogze
2407 4807 2739 4870 senioribus,
2761 4814 2817 4861 et
2846 4807 2900 4860 in
2933 4807 3130 4863 Sancta
3160 4819 3473 4864 sanctorum
3512 4811 3664 4869 illato

2083 4899 2369 4970 sanguine,
2403 4905 2480 4961 ct,
2509 4904 2570 4951 ut
2593 4912 2702 4950 uno
2739 4897 2910 4951 verbo
2929 4897 3129 4962 dicam,
3163 4899 3422 4954 omnibus
3466 4903 3661 4958 simili-

2085 5000 2168 5046 ter
2200 4990 2378 5055 factis,
2405 5007 2467 5044 ac
2494 4989 2562 5043 de
2593 4988 2772 5043 hostia
2809 5004 2912 5058 pro
2935 4990 3117 5045 Aaron
3161 4991 3368 5048 dictum
3401 5004 3504 5052 est.
3528 4997 3664 5053 Esse

2085 5094 2267 5140 autem
2312 5082 2589 5138 Christum
2639 5091 2693 5136 et
2735 5081 3096 5146 sacerdotem,
3154 5093 3211 5138 et
3254 5087 3440 5156 populi
3474 5088 3665 5158 expia-

2089 5179 2293 5232 tionem
2323 5176 2398 5246 (in
2423 5175 2542 5246 ipso
2595 5189 2830 5244 namque
2880 5175 3166 5246 justiﬁcati
3214 5193 3424 5245 sumus,
3455 5179 3664 5250 peccati

2088 5267 2318 5322 maculis
2343 5267 2588 5337 ablutis),
2617 5283 2715 5336 per
2742 5267 2858 5322 haec
2880 5283 3099 5338 quoque
3116 5270 3294 5324 cuivis
3317 5271 3663 5340 perspicuum

2091 5360 2208 5414 ﬁeri
2233 5365 2430 5429 potest.
2457 5359 2712 5412 Dicamus
2733 5367 2916 5414 autem
2941 5359 3278 5429 singillatim,
3311 5376 3432 5429 qua:
3447 5359 3514 5412 ad
3547 5359 3664 5414 sin-

2091 5452 2244 5521 gulas
2291 5449 2454 5518 hujus
2498 5448 2794 5517 Scriptura:
2830 5457 3016 5519 partes
3049 5449 3398 5517 explicandas
3427 5448 3663 5515 faciunt;

2095 5555 2218 5592 nam
2249 5539 2355 5592 hoc
2384 5538 2549 5592 modo
2578 5538 2835 5592 distincte
2869 5538 3250 5608 progredietur
3271 5539 3468 5605 oratio,
3501 5550 3556 5596 et
3577 5556 3662 5608 ea,

2096 5644 2217 5697 quae
2241 5628 2429 5693 latent,
2456 5625 2635 5695 quoad
2676 5626 2794 5680 fieri
2821 5626 3042 5697 poterit,
3071 5625 3299 5698 aperiet.
