3996 6212
290 330 398 390 687
1308 332 1366 390 S.
1408 332 1685 390 CYRILLI
1726 331 1907 389 ALEX
1922 332 2196 388 ANDRINI
2236 331 2554 388 ARCHIEP.
3455 328 3558 387 688

289 447 598 523 τριϐόμενοι
628 446 916 520 μολυσμὸν,
940 446 1033 499 καὶ
1050 444 1137 499 διὰ
1160 444 1364 500 τούτων
1402 447 1469 502 ἂν
1504 448 1716 519 γένοιτο
1752 450 1916 506 παντί
1979 465 2058 518 τῳ
2085 447 2277 518 σαφές.
2306 448 2571 519 Λέγωμεν
2604 445 2660 500 δὲ
2682 445 2785 500 δινά
2813 446 2977 519 μέρος
3002 446 3068 501 τά
3097 444 3180 516 ἐφ’
3214 445 3430 518 ἑκάστῳ
3455 446 3561 501 τῶν

290 545 690 620 γεγραμμένων
716 561 730 574 ·
779 543 1013 614 προήκοι
1041 540 1152 614 γὰρ
1212 542 1279 598 ἂν
1326 544 1593 615 εὐκρινῶς
1614 546 1644 598 ό
1671 544 1830 615 λόγος
1867 542 1964 597 καὶ
1990 542 2356 607 διαπτύσσων,
2390 543 2467 606 ὼς
2494 542 2598 609 ἔνι,
2625 541 2695 597 τὰ
2720 542 3100 614 κεκρυμμένα.

360 642 526 713 350
553 638 749 695 PALL.
772 635 1011 709 Optime.

2052 639 2261 694 HAAA.
2301 635 2376 693 Εὖ
2403 638 2560 710 εφης.
3616 634 3625 672 ¹

359 734 517 790 CYR.
554 731 803 787 Sumitur
828 731 1014 800 itaque
1058 730 1267 786 vitulus
1293 729 1698 796 immaculatus,
1721 739 1789 787 .et
1814 729 1873 786 in

2045 730 2209 787 ΚΥΡ.
2251 730 2604 803 Λαμϐἀνεται
2649 730 2830 784 τοίνυν
2865 731 2896 785 ό
2925 731 3123 803 μόσχος
3161 731 3465 803 ἀμώμητός
3502 747 3561 786 τε

289 841 401 897 quo
435 825 582 881 nulla
615 824 688 879 sit
725 824 910 894 plaga,
952 822 1008 877 in
1038 821 1243 879 Christi
1276 822 1529 893 ﬁguram,
1570 822 1719 878 illius
1741 837 1873 878 vere

292 917 649 984 immaculati,
680 924 738 971 et
789 914 885 985 qui
929 913 1142 986 peccati
1179 915 1382 971 vulnus
1434 915 1718 985 suscipere
1758 929 1873 970 non

292 1010 559 1065 sustinuit
599 1029 612 1063 :
652 1027 670 1060 ι
708 1008 870 1065 Venit
910 1008 1080 1074 enim,
1127 1007 1330 1078 inquit,
1387 1006 1648 1078 princeps
1679 1005 1874 1062 mundi

294 1102 480 1174 hujus,
524 1109 581 1157 ct
619 1101 675 1156 iu
713 1115 800 1154 me
822 1099 961 1154 nihil
1009 1099 1360 1165 inveniet";
1411 1118 1430 1150 ι
1486 1114 1670 1170 neque
1722 1098 1876 1154 enim

295 1194 425 1248 fecit
485 1198 801 1263 peccatum,
859 1197 923 1244 ut
978 1189 1276 1261 Scriptura:
1313 1188 1541 1245 tradunt
1567 1192 1636 1244 ".
1693 1188 1875 1245 Affer-

295 1291 386 1338 tur
434 1293 625 1338 autem
652 1282 721 1337 ad
774 1282 919 1353 ipsas
961 1281 1301 1336 tabernaculi
1336 1280 1484 1338 fores
1538 1296 1725 1337 coram
1772 1280 1878 1334 Do-

294 1386 476 1425 mino:
497 1371 640 1441 quod
662 1371 771 1440 pati
803 1386 903 1441 pro
924 1370 1042 1440 ipso
1065 1379 1254 1426 sancto
1283 1371 1658 1436 tabernaculo,
1686 1371 1742 1426 id
1770 1379 1875 1436 est,

294 1478 398 1532 pro
427 1462 669 1517 Ecclesia
697 1478 803 1516 non
832 1461 1123 1527 recusarit,
1159 1461 1256 1517 sed
1281 1478 1383 1532 pro
1411 1462 1506 1517 illa
1533 1463 1648 1518 Deo
1680 1478 1745 1519 ac
1771 1463 1877 1519 Pa-

299 1555 367 1610 tri
401 1556 456 1610 in
491 1555 713 1609 odorem
760 1553 1047 1609 suavitatis
1079 1554 1300 1609 oblatus
1318 1555 1409 1609 sit.
1438 1556 1760 1627 —Ideoque
1795 1556 1880 1612 di-

297 1646 506 1701 ecbat:
550 1666 568 1697 ι
611 1647 718 1700 Pro
768 1646 902 1716 ipsis
972 1662 1073 1717 ego
1120 1646 1407 1703 sanctiﬁco
1449 1648 1723 1719 meipsum
1752 1649 1791 1702 ί.
1850 1667 1871 1701 ι

296 1739 454 1804 Nam,
491 1754 616 1793 cum
647 1737 801 1802 dicit,
824 1737 1128 1803 sanctiﬁco,
1169 1738 1276 1794 hoc
1297 1739 1589 1809 signiﬁcat,
1609 1739 1784 1794 oﬁ'ero
1815 1754 1881 1794 ac

296 1831 541 1886 devoveo
586 1830 858 1900 mcipsum
919 1830 1252 1886 oblationem
1311 1829 1719 1888 immaculatam
1766 1833 1880 1888 Deo

298 1923 444 1978 Patri
487 1940 500 1976 :
531 1921 861 1977 sanctiﬁcari
890 1921 1035 1976 enim
1063 1921 1286 1989 dicitur,
1310 1923 1457 1994 quod
1492 1924 1605 1979 Deo
1627 1923 1879 1992 dicatur,

1974 820 2289 893 καὶλπλὴξ
2311 821 2394 885 είς
2434 819 2606 875 τύπον
2644 820 2881 892 Χριστοῦ
2922 821 3017 875 τοῦ
3044 821 3263 893 ἀληθῶς
3295 820 3556 893 ἀμώμου,

1975 913 2072 968 καὶ
2102 911 2194 967 τὸν
2222 911 2287 965 ἐκ
2318 913 2418 983 τῆς
2445 910 2720 984 ἁμαρτίας
2746 912 3167 984 τραυματισμὸν
3202 913 3304 966 οὐκ
3333 914 3562 982 ἀνασχο-

1979 1004 2142 1076 μένου
2169 1002 2383 1059 παθεῖν.
2429 1022 2449 1058 ι
2495 1005 2759 1078 Ἔρχεται
2790 1005 2921 1074 γὰρ,
2972 1007 3160 1075 φησὶν.
3193 1007 3223 1058 ό
3254 1006 3439 1076 ἄρχων
3467 1006 3560 1058 τοῦ

1976 1091 2184 1163 κόσμου
2212 1091 2427 1158 τούτου,
2455 1093 2553 1147 καὶ
2579 1094 2641 1147 ἐν
2668 1093 2795 1164 ἐμοὶ
2816 1093 3038 1165 εὑρήσει
3067 1094 3220 1149 οὐδέν
3241 1111 3255 1128 ο
3292 1115 3312 1147 ι
3357 1095 3418 1148 ού
3454 1097 3561 1167 γάρ

1979 1186 2236 1259 ἐποίησεν
2258 1186 2559 1258 ἁμαρτίαν,
2587 1185 2730 1240 κατὰ
2749 1185 2850 1251 τὰς
2874 1187 3117 1260 Γραφάς.
3143 1188 3488 1257 Προσάγεται
3506 1189 3561 1242 δὲ

1977 1276 2117 1348 πρὸς
2156 1277 2348 1341 αὑταῖς
2390 1277 2493 1349 τῆς
2534 1279 2696 1349 ἀγίας
2735 1279 2943 1352 σκηνῆς
2984 1282 3107 1344 ταῖς
3151 1278 3347 1351 θύραις
3382 1280 3560 1335 ἔναντι

1978 1367 2213 1440 Κυρίου,
2235 1368 2296 1423 τὸ
2322 1368 2514 1424 παθεῖν
2543 1369 2734 1442 ὥσπερ
2757 1372 2819 1425 ού
2848 1372 3307 1443 παραιτούμενος,
3335 1374 3478 1444 ὑπέρ
3497 1391 3559 1442 γε

1976 1461 2077 1532 τῆς
2102 1461 2264 1530 ἁγίας
2288 1461 2524 1533 σκηνῆς,
2553 1460 2699 1516 τοῦτ’
2723 1461 2869 1524 ἐστι.
2901 1464 3001 1535 τῆς
3036 1464 3368 1536 Ἐκκλησίας
3386 1504 3402 1529 ,
3430 1467 3557 1519 ἀνα-

1979 1552 2293 1635 τεθειμένος
2317 1569 2378 1606 τε
2421 1553 2563 1625 ὑπὲρ
2591 1553 2763 1625 αὐτῆς
2790 1554 2872 1617 είς
2900 1553 3076 1626 ὀσμὴν
3096 1555 3323 1620 εὐωδίας
3344 1556 3422 1628 τῷ
3445 1556 3560 1628 Θεῷ

1980 1644 2075 1698 καὶ
2109 1645 2305 1715 Πατρί.
2345 1643 2636 1717 Τοιγάρτοι
2667 1645 2765 1700 καὶ
2804 1644 3065 1715 ἔφασκεν,
3109 1665 3130 1699 ι
3164 1648 3362 1720 ⁵Ὑπὲρ
3385 1650 3559 1702 αὐτῶν

1980 1737 2093 1808 ἐγὼ
2103 1736 2330 1809 ’ἁγιάζω
2349 1739 2606 1811 ἐμαυτόν.
2639 1759 2658 1793 ι
2681 1740 2756 1794 Τὸ
2773 1781 2789 1807 ,
2818 1741 3048 1811 ἁγιάζω,
3066 1742 3243 1811 λέγων
3259 1783 3275 1808 ,
3299 1743 3423 1797 ἀντὶ
3444 1744 3558 1808 τοῦ,

1980 1830 2264 1902 προσάγω,
2320 1831 2417 1886 καὶ
2451 1831 2748 1904 ἀνατίθημι
2784 1833 3103 1905 προσφορὰν
3147 1833 3447 1906 ἀμώμητον
3485 1835 3563 1906 τῷ

1980 1924 2101 1996 Θεῷ
2124 1925 2218 1979 καὶ
2238 1924 2435 1997 Πατρί.
2461 1924 2813 1992 ’Δγιάζεσθαι
2835 1925 2944 1996 γὰρ
2966 1924 3185 1994 λέγεται
3213 1925 3275 1978 τὸ
3305 1925 3564 1980 ἀνατιθέ-

293 2016 447 2086 juxta
476 2015 529 2070 id
574 2013 721 2084 quod
747 2015 1012 2085 scriptum
1038 2025 1159 2070 est:
1195 2036 1214 2068 ι
1248 2016 1505 2087 Laqueus
1527 2025 1613 2073 est
1640 2016 1874 2083 homini,

1985 2033 2143 2089 μενον
2193 2015 2272 2087 τῷ
2314 2015 2465 2087 Θεῷ,
2506 2015 2628 2071 κατ’
2671 2015 2850 2070 ἐκεῖνό
2899 2032 3004 2069 που
3050 2016 3113 2070 τὸ
3160 2018 3561 2089 γεγραμμένον·

298 2107 409 2162 cito
446 2105 654 2177 aliquid
696 2121 727 2161 e
745 2105 862 2160 suis
888 2105 1056 2161 rebus
1081 2105 1427 2162 sanctiﬁcare
1456 2122 1641 2174 ;nam,
1664 2113 1880 2177 postea-

228 2187 241 2195 ’
299 2214 463 2269 quam
497 2198 818 2263 devoverit,
852 2196 914 2252 ﬁt
941 2205 1003 2252 ut
1038 2199 1301 2269 pmniteat
1325 2203 1367 2253 '.
1415 2219 1434 2252 ι
1463 2200 1655 2256 Fuisse
1692 2209 1879 2255 autem

302 2290 617 2363 hujusmodi
637 2290 974 2346 oblationem
1013 2298 1319 2362 acceptam,
1355 2306 1420 2347 ac
1458 2292 1574 2348 Deo
1598 2293 1878 2363 placitam,

298 2386 581 2442 declarant
620 2384 712 2438 illa
742 2383 913 2440 verba
944 2400 957 2437 :
996 2401 1015 2434 ι
1045 2382 1244 2438 Coram
1279 2382 1536 2439 Domino.
1570 2402 1588 2436 ›
1612 2383 1883 2455 lnteliigi-

299 2491 424 2532 mus
442 2475 590 2531 enim
629 2473 706 2539 id,
728 2472 875 2544 quod
903 2471 972 2527 de
999 2471 1092 2526 illo
1115 2471 1345 2528 fratrum
1369 2488 1756 2545 germanorum
1788 2489 1884 2544 pa-

300 2566 349 2621 ri
372 2567 638 2636 scriptum
680 2571 784 2629 est,
820 2563 890 2618 de
919 2561 1078 2627 Cain,
1119 2562 1365 2632 inquam,
1407 2572 1465 2618 et
1518 2563 1677 2619 Abel.
1715 2583 1733 2614 ι
1771 2564 1875 2619 Rc-

301 2657 481 2729 spexit
505 2656 679 2721 enim,
721 2655 903 2725 inquit
938 2694 956 2720 ,
986 2654 1133 2709 Deus
1168 2654 1236 2710 ad
1267 2643 1426 2720 Abel,
1450 2662 1508 2710 et
1549 2654 1621 2710 ad
1655 2668 1885 2709 munera

300 2749 421 2820 ejus
446 2765 460 2801 :
485 2746 553 2801 ad
573 2742 707 2801 Cain
732 2752 917 2801 autem
946 2752 1002 2799 ct
1021 2743 1090 2798 ad
1116 2743 1388 2799 sacriﬁcia
1406 2744 1526 2814 ejus
1553 2759 1666 2801 non
1703 2751 1883 2799 atten-

1986 2124 2006 2158 ι
2046 2105 2223 2173 Παγὶς
2252 2104 2407 2178 ἀνδρὶ
2424 2144 2439 2168 ,
2463 2105 2601 2177 ταχύ
2621 2123 2675 2160 τι
2704 2105 2816 2159 τῶν
2840 2105 2984 2161 ἰδίων
3010 2105 3237 2175 ἁγιάσαι
3255 2121 3270 2136 ⁸
3299 2107 3438 2177 μετά
3458 2107 3569 2181 γάρ

1976 2195 2041 2250 τὸ
2066 2195 2346 2263 εὔξασθαι,
2375 2199 2659 2268 μετανοεῖν
2680 2195 2913 2266 γίνεται.
2944 2215 2965 2248 ι
2990 2194 3117 2250 ὀτι
3139 2197 3198 2251 δὲ
3217 2197 3252 2268 ἡ
3281 2200 3567 2269 προσφορά

1979 2287 2143 2359 δεκτὴ
2172 2288 2268 2341 καὶ
2296 2288 2612 2359 εὐάρεστος,
2662 2287 2815 2359 δηλοῖ
2837 2287 2921 2351 τὸ,
2960 2305 2981 2339 ι
3021 2288 3247 2341 Ἕναντι
3266 2288 3495 2359 Κυρίου.
3542 2307 3563 2341 ι

1981 2378 2230 2451 Νοοῦμεν
2251 2378 2361 2450 γὰρ
2390 2378 2492 2451 ήδη
2520 2378 2582 2433 τὸ
2611 2379 2999 2451 γεγραμμένον
3028 2378 3123 2432 ἐπὶ
3145 2378 3244 2448 τῆς
3278 2379 3390 2433 τῶν
3414 2380 3570 2435 ἀδελο

1983 2471 2101 2543 φῶν
2131 2469 2439 2544 ξυνωρίδος,
2476 2470 2619 2526 Καῖν
2668 2471 2730 2524 τέ
2760 2486 2907 2542 φημι
2953 2470 3049 2524 καὶ
3086 2470 3262 2526 ’Δϐέλ.
3297 2489 3318 2522 ι
3357 2471 3568 2526 Ἐπεῖδε

1986 2562 2088 2632 μὲν
2118 2562 2260 2632 γάρ,
2291 2560 2450 2631 φησιν.
2476 2601 2493 2627 ,
2524 2561 2553 2615 ό
2588 2559 2722 2625 Θεὸς
2768 2561 2862 2614 ἐπὶ
2906 2559 3059 2614 Ἀϐέλ
3088 2576 3152 2613 τε
3185 2559 3278 2614 καὶ
3311 2560 3402 2614 ἐπὶ
3453 2564 3570 2624 τοῖς

1982 2653 2178 2726 δώροις
2215 2652 2402 2719 αὐτοῦ,
2435 2652 2528 2706 ἐπὶ
2553 2652 2612 2706 δὲ
2642 2651 2784 2706 Καῖν
2803 2652 2901 2708 καὶ
2923 2654 3044 2717 ταῖς
3077 2651 3287 2716 θυσίαις
3313 2651 3476 2706 αὑτοῦ
3504 2652 3569 2706 ού

1985 2745 2291 2816 προσέσχεν
2320 2760 2334 2776 ·
2380 2762 2398 2795 ι
2431 2744 2605 2816 ἐφορᾷ
2633 2744 2744 2816 γὰρ
2770 2745 2852 2799 ὃτι
2887 2743 2950 2798 τὸ
2985 2743 3209 2799 ἀνδάνον
3262 2743 3431 2814 αὐτῷ,
3473 2746 3569 2798 καὶ

301 2837 460 2903 dit';
498 2854 516 2888 ι
549 2850 675 2889 nam
693 2834 969 2904 respicere
990 2824 1144 2888 illum
1170 2832 1225 2887 id
1255 2833 1403 2902 quod
1433 2833 1538 2888 sibi
1557 2834 1799 2904 placeat;
1830 2842 1883 2889 et

1985 2835 2388 2908 ἀποστρέφεται
2419 2836 2595 2908 μισῶν
2635 2836 2697 2889 τὸ
2731 2836 2805 2908 μὴ
2839 2834 3014 2901 οὕτως
3059 2836 3203 2908 ἕχον,
3246 2837 3348 2891 οὐκ
3388 2837 3569 2907 ἀσυμο

299 2924 540 2983 vicissim
556 2922 798 2979 aversari
826 2921 973 2992 quod
1003 2936 1164 2977 secus
1200 2921 1419 2987 habeat,
1441 2937 1550 2977 non
1571 2930 1658 2978 est
1684 2922 1883 2978 obscu-

1987 2926 2174 2997 φανάς.
2215 2927 2638 3000 Ἐπιτιθεμένων
2672 2926 2732 2981 δὲ
2763 2925 2843 2998 τῷ
2873 2927 3059 3000 μόσχῳ
3089 2927 3201 2982 τῶν
3234 2928 3436 3001 χειρῶν
3470 2927 3567 2983 τοῦ

303 3033 445 3073 rum.
480 3017 800 3087 lmponente
842 3022 1030 3070 autem
1061 3030 1257 3070 manus
1299 3014 1359 3069 in
1395 3013 1633 3071 vitulum
1660 3029 1749 3079 eo,
1789 3014 1883 3085 qui

1985 3018 2425 3091 διημαρτηκότος
2447 3058 2464 3086 ,
2520 3020 2555 3091 ἠ
2606 3019 2792 3092 σφαγὴ
2834 3020 3157 3091 πράττεταιο
3208 3022 3307 3075 καὶ
3342 3022 3569 3077 ἐνώπιον

300 3108 582 3181 peccavit,
606 3105 838 3163 caeditur
869 3106 1069 3172 hostia,
1095 3113 1155 3161 et
1185 3106 1242 3161 in
1270 3114 1569 3177 conspectu
1600 3106 1698 3162 Dei
1726 3105 1883 3161 caedi-

1988 3109 2218 3183 Κυρίου.
2259 3131 2279 3165 ι
2309 3111 2483 3177 Αὐτὸς
2514 3112 2624 3185 γάρ
2657 3111 2815 3185 ἡμῶν
2838 3113 2984 3184 αἴρει
3003 3113 3105 3179 τάς
3142 3114 3442 3187 ἁμαρτίας,
3474 3117 3570 3171 καὶ

302 3211 415 3258 tur.
476 3220 494 3252 ι
522 3200 643 3270 Ipse
671 3198 820 3254 enim
849 3205 1033 3270 portat
1066 3197 1386 3267 iniquitates
1424 3206 1676 3264 nostras,
1702 3206 1759 3254 et
1784 3212 1883 3269 pro

1991 3205 2135 3278 ὑπὲρ
2163 3204 2324 3277 ἡμῶν
2360 3205 2611 3260 όδυνᾶται
2647 3225 2666 3256 ι
2705 3205 3064 3277 σφαζόμενος.
3124 3208 3327 3279 Ἐργου
3361 3210 3469 3280 γάρ
3504 3209 3571 3282 δὴ

301 3292 463 3349 nobis
480 3291 629 3347 dolet
642 3290 682 3357 ‘,
703 3310 721 3341 ι
739 3290 869 3345 dum
887 3290 1145 3355 caeditur;
1171 3289 1355 3360 operis
1373 3290 1520 3345 enim
1534 3297 1592 3345 et
1611 3290 1883 3346 actionum

1996 3300 2093 3354 καὶ
2124 3298 2401 3372 πράξεων,
2426 3299 2461 3370 ἡ
2485 3297 2628 3371 χεὶρ,
2659 3299 2740 3362 είς
2771 3298 2964 3353 τύπον.
3001 3299 3170 3372 Πλὴν,
3200 3301 3429 3355 ἐνώπιον
3458 3303 3570 3357 Ku-

303 3386 534 3459 ﬁguram
600 3400 712 3457 prae
751 3399 811 3439 se
858 3382 1048 3439 ferunt
1075 3398 1292 3437 manus.
1338 3381 1614 3438 Caeterum
1667 3382 1724 3438 in
1755 3398 1891 3438 con-

292 3488 494 3550 .spcttu
515 3478 612 3532 Dei
639 3476 868 3533 caeditur
889 3475 1037 3546 quod
1060 3475 1224 3530 Pater
1240 3473 1639 3544 propemodum
1661 3488 1893 3529 consen-

300 3570 455 3634 tiret,
484 3575 546 3622 ut
590 3582 693 3637 pro
720 3565 883 3621 nobis
921 3564 1094 3620 Filius
1133 3571 1473 3628 moreretur;
1529 3577 1710 3632 neque
1742 3563 1891 3618 enim

303 3666 612 3724 aversatur,
638 3672 764 3712 cum
802 3656 1083 3711 immolari
1111 3655 1311 3710 Filium
1344 3653 1575 3724 aspicit,-
1611 3669 1722 3709 non
1742 3655 1891 3725 quod

298 3753 426 3824 ejus
444 3749 755 3822 passionem
784 3762 1013 3819 prorsus
1051 3745 1341 3816 approbet,
1415 3744 1515 3799 sed
1551 3744 1700 3814 quod
1736 3745 1890 3802 illum

300 3837 627 3897 Emmanuel
659 3852 762 3908 pro
796 3835 961 3891 nobis
990 3835 1104 3906 pati
1131 3849 1250 3890 rem
1279 3849 1403 3891 esse
1437 3834 1648 3891 mundo
1685 3835 1891 3893 saluta-

307 3945 446 3997 rem,
472 3944 583 3985 non
605 3928 837 4001 ignoret.
867 3927 988 3998 Ipse
1022 3926 1191 3999 igitur
1210 3934 1398 3983 nostra
1425 3935 1654 3999 peccata
1682 3936 1887 3999 portat,

296 4039 373 4079 ac
400 4038 503 4094 pro
532 4021 693 4076 nobis
730 4019 902 4087 dolet,
928 4020 1062 4076 dum
1106 4019 1167 4075 in
1196 4019 1288 4075 illa
1316 4020 1559 4091 pretiosa
1586 4036 1748 4077 cruce
1787 4037 1888 4093 pro

305 4116 466 4173 nobis
503 4114 681 4173 occidi
702 4114 956 4169 sustinet.
992 4113 1134 4168 Tum
1163 4113 1423 4170 sacerdos
1467 4113 1639 4186 digito
1665 4131 1890 4172 sumens

306 4207 376 4264 de
402 4207 690 4277 sanguine,
720 4214 977 4277 asperget
996 4206 1202 4277 septies
1226 4206 1294 4262 ad
1323 4207 1574 4265 velamen
1612 4217 1885 4276 sanctum,

306 4299 456 4372 quod
492 4307 577 4354 est
612 4313 778 4368 super
811 4313 1015 4365 arcam,
1057 4298 1156 4356 cui
1202 4315 1406 4356 nomen
1443 4308 1531 4357 est
1552 4302 1886 4373 propitiato-

301 4391 493 4459 riutn;
533 4390 691 4462 ungit
734 4389 903 4446 etiam
941 4405 1148 4446 cornua
1194 4390 1391 4447 altaris
1430 4392 1643 4448 incensi
1673 4411 1691 4447 :
1719 4393 1884 4449 Chri-

1996 3390 2114 3462 ρίου
2158 3387 2426 3460 σφάζεται
2444 3388 2775 3460 ,,μονονουχὶ
2801 3391 2899 3444 καὶ
2926 3390 3451 3460 συγκαταϐαίνοντος
3473 3392 3571 3447 τοῦ

1994 3482 2209 3555 Πατρδς
2241 3484 2324 3547 είς
2349 3482 2412 3536 τὸ
2441 3481 2554 3538 δεῖν
2580 3482 2724 3555 ὑπὲρ
2748 3481 2909 3554 ἡμῶν
2941 3482 3258 3538 ἑκτεθνάναι
3292 3484 3385 3539 τδν
3422 3484 3571 3539 Υίόνο

1992 3577 2055 3630 ού
2093 3575 2204 3648 γὰρ
2236 3574 2642 3646 ἀποστρέφεται
2693 3573 3037 3647 σφαζόμενον
3084 3575 3321 3646 βλέπων,
3367 3579 3463 3632 καὶ
3507 3578 3571 3632 ού

1992 3667 2056 3739 δή
2084 3684 2186 3720 που
2221 3665 2440 3732 πάντως
2464 3667 2526 3721 τὸ
2551 3666 2744 3721 παθεῖν
2787 3667 3045 3734 ἐπαινῶν,
3073 3668 3177 3722 ούκ
3197 3669 3484 3741 ἡγνοηκὼς
3513 3670 3574 3725 δὲ

1992 3758 2074 3812 ὅτι
2109 3757 2374 3830 σωτήριόν
2422 3759 2540 3811 ἐστι
2571 3757 2650 3830 τῷ
2696 3759 2887 3831 κόσμῳ
2916 3759 2979 3814 τὸ
3008 3759 3203 3814 παθεῖν
3245 3761 3391 3835 ὑπὲρ
3413 3762 3575 3835 ήμῶν

1990 3850 2083 3905 τὸν
2117 3850 2483 3922 Ἐμμανουήλ.
2507 3849 2718 3905 Οὐκοῦν
2745 3852 2910 3915 αὐτὸς
2929 3852 3087 3923 ἡμῶν
3108 3853 3250 3926 αίρει
3273 3855 3374 3919 τὰς
3395 3856 3577 3928 ἀμαρ-

1990 3941 2132 4007 τίας,
2173 3942 2270 3995 καὶ
2316 3941 2458 4011 ὑπὲρ
2512 3941 2670 4013 ἡμῶν
2713 3942 2985 4010 όδυνᾶται,
3029 3946 3130 4019 τὴν
3166 3947 3260 4000 ἐπὶ
3293 3946 3372 4018 τῷ
3406 3949 3573 4021 τιμίῳ

1991 4030 2211 4105 σταυρῷ
2259 4032 2328 4087 δι’
2355 4034 2503 4105 ἡμᾶς
2544 4033 2833 4105 ὑπομένων
2875 4037 3114 4109 σφαγήν.
3159 4032 3290 4092 Εἶτα
3330 4038 3509 4093 λαϐὼν
3542 4043 3573 4095 ό

1991 4126 2172 4197 ίερεὺς
2190 4123 2408 4179 ἀπὸτοῦ
2431 4124 2662 4195 αἵματος
2692 4125 2771 4197 τῷ
2799 4125 3069 4200 δακτύλῳ,
3097 4131 3250 4202 ῥανεῖ
3274 4131 3372 4202 μὲν
3406 4131 3571 4187 ἑπτά-

1989 4234 2077 4281 κις
2106 4218 2200 4271 ἐπὶ
2228 4216 2290 4271 τὸ
2320 4217 2720 4289 καταπέτασμα
2758 4218 2822 4273 τὸ
2853 4218 3028 4289 ἅγιον,
3062 4221 3092 4276 δ
3128 4218 3199 4294 ἦν
3230 4224 3325 4277 ἐπὶ
3353 4225 3453 4295 τῆς
3482 4242 3571 4279 κι-

1986 4306 2189 4364 ϐωτοῦ.
2231 4308 2445 4380 Ὀνομα
2476 4308 2537 4362 δὲ
2580 4309 2751 4381 αύτῷ,
2784 4311 2848 4364 τὸ
2890 4312 3219 4386 ίλαστήριον.
3270 4315 3569 4389 Καταχρίει

1987 4400 2045 4455 δὲ
2071 4401 2167 4455 καὶ
2193 4400 2262 4455 τὰ
2287 4399 2495 4472 κέρατα
2517 4400 2616 4454 τοῦ
2642 4400 3036 4475 θυσιαστηρίου
3067 4405 3163 4465 τοῦ
3194 4405 3564 4478 θυμιάματος.

302 4489 428 4537 stus
450 4479 597 4536 enim
618 4477 936 4550 propitiatio
956 4485 1121 4546 atque
1141 4477 1586 4548 propitiatorium
1608 4479 1785 4536 factus
1800 4489 1883 4536 est

309 4588 338 4591 μ
354 4570 464 4591 -ιε-
522 4568 789 4591 n_.-_--..
826 4567 878 4591 ε..
915 4566 1179 4591 --__-.:--
1201 4568 1511 4591 .--.-_.-_.:
1534 4571 1721 4591 ...μμ
1754 4586 1851 4591 _-_

1989 4493 2185 4564 Γέγονε
2219 4493 2330 4564 γάρ
2361 4495 2493 4565 ἡμῖν
2522 4493 2749 4564 ίλασμός
2778 4513 2839 4549 τε
2882 4498 2977 4551 καὶ
3024 4499 3353 4571 ἱλαστήριον,
3378 4477 3416 4555 ό
3439 4502 3569 4573 Χρι-

304 4570 487 4627 nobis.
520 4568 791 4626 Caeterum
825 4567 883 4622 in
914 4566 1181 4637 sanguine
1201 4568 1513 4624 testamenti
1533 4571 1723 4626 aeterni
1754 4586 1883 4642 per-

308 4663 660 4720 lectissimum
688 4659 848 4716 nobis
899 4657 1281 4729 purgationem
1301 4659 1558 4733 largitur.
1584 4661 1744 4734 351
1773 4664 1889 4722 Hoc

299 4756 457 4811 enim
476 4762 579 4819 est,
609 4753 717 4809 nisi
756 4750 938 4817 fallor,
969 4750 1176 4821 septies
1215 4752 1432 4825 aspergi
1463 4755 1730 4827 sanguine
1756 4772 1888 4829 pro-

308 4846 683 4918 pitiatorium;
717 4852 802 4900 est
829 4842 978 4899 enim
1024 4843 1375 4913 septenarius
1413 4861 1679 4904 numerus
1712 4849 1890 4919 perfe-

304 4938 512 4994 ctionis
579 4937 815 5007 signum.
887 4935 1060 4990 Porro
1091 4934 1234 5008 ‘ejus
1301 4937 1420 5008 ipsa
1477 4954 1697 5011 quoque
1738 4956 1888 4997 mors

306 5028 502 5085 mundi
559 5027 794 5084 salutem
851 5040 918 5081 ac
962 5024 1131 5081 vitam
1178 5036 1236 5082 et
1312 5042 1592 5086 accessum
1660 5046 1760 5101 per
1820 5031 1890 5087 ﬁ-

310 5124 440 5180 dem
504 5120 655 5176 velut
712 5117 939 5173 odorem
993 5119 1168 5188 spirat
1209 5138 1227 5175 ι
1288 5141 1306 5172 ι
1339 5121 1494 5178 Unus
1539 5122 1742 5195 quippe
1790 5139 1891 5194 pro

312 5213 572 5271 omnibus
617 5218 870 5266 mortuus
916 5219 1002 5266 est
1034 5251 1050 5277 ,
1107 5220 1168 5267 ut
1201 5213 1294 5284 qui
1354 5214 1547 5269 vivunt
1574 5253 1590 5279 ,
1638 5230 1749 5269 non
1776 5216 1889 5286 jam

313 5307 420 5366 sibi
467 5305 656 5363 vivant
683 5343 698 5366 ,
763 5301 860 5358 sed
912 5302 964 5359 ei
1022 5304 1118 5374 qui
1156 5320 1257 5375 pro
1296 5304 1430 5375 ipsis
1468 5314 1719 5362 mortuus
1770 5318 1887 5375 est,

312 5409 369 5454 et
418 5394 753 5459 resurrclit,
789 5412 808 5446 ι
848 5403 911 5449 ιιι
972 5394 1238 5466 scriptum
1282 5396 1423 5451 est‘.
1480 5395 1637 5463 Quod
1700 5398 1884 5469 itaque

312 5486 482 5543 altare
506 5486 713 5544 incensi
742 5500 970 5541 aureum
1007 5486 1274 5557 sanguine
1302 5488 1648 5557 perungitur,
1684 5488 1739 5544 id
1765 5490 1886 5561 ejus

312 5575 507 5632 mortis
534 5576 886 5646 ﬂagrantiam
915 5576 1204 5649 signiﬁcat.
1236 5577 1551 5635 Eﬁ‘unditur
1568 5595 1700 5636 vero
1716 5583 1882 5637 etiam

383 5680 606 5780 f'joari.
635 5722 744 5780 xiv.
768 5706 857 5759 50.
950 5710 995 5743 ”
1027 5711 1048 5764 Ι
1086 5711 1234 5765 Petr.
1263 5727 1329 5780 ιι,
1348 5711 1436 5767 22.

319 5776 340 5806 ⁸
380 5776 555 5835 lCor.
596 5791 648 5845 ν,
680 5775 768 5828 M.

1555 5715 1568 5747 '
1600 5714 1755 5772 Joan.
1806 5733 1936 5786 xvu,
1968 5719 2057 5778 l9.

1987 4586 2131 4650 στός.
2168 4583 2335 4656 Πλὴν,
2360 4586 2418 4638 ὲν
2447 4586 2636 4655 αἵματι
2663 4586 2927 4660 διαθήκης
2949 4589 3193 4656 αἰωνίου,
3226 4590 3568 4663 τελεωτάτην

1986 4679 2117 4750 ἡμῖν
2158 4677 2409 4748 δωρεῖται
2448 4676 2548 4748 τὴν
2592 4678 2991 4753 ἀποκάθαρσιν.
3030 4682 3201 4738 Τοῦτο
3231 4683 3362 4756 γὰρ,
3391 4679 3567 4757 οἶμαι,

1988 4769 2129 4834 ἐστὶ,
2162 4767 2223 4821 rb
2254 4768 2488 4833 ἑπτάκις
2520 4769 2796 4839 ῥαίνεσθαι
2824 4771 2903 4843 τῷ
2929 4771 3118 4844 αἵματι
3152 4773 3212 4827 τὸ
3238 4775 3570 4847 ἱλαστήριον*

1989 4857 2256 4929 σύμϐολον
2284 4857 2343 4911 δὲ
2367 4857 2739 4930 τελειότητος,
2786 4862 2817 4915 ό
2861 4862 3002 4916 ἑπτά
3033 4862 3287 4935 ἀριθμός.
3331 4864 3568 4920 Εύωδιά-

1989 4946 2073 5012 ζει
2093 4948 2203 5020 γὰρ
2228 4946 2395 5003 αὐτοῦ
2420 4947 2515 5002 καὶ
2535 4950 2564 5002 ό
2581 4947 2812 5014 θάνατος
2829 4949 2929 5022 τὴν
2951 4951 3045 5007 τοῦ
3067 4953 3273 5025 κόσμου
3298 4958 3571 5029 σωτηρίαν

1991 5038 2086 5092 καὶ
2119 5037 2265 5109 ζωὴν
2297 5039 2393 5093 καὶ
2423 5038 2524 5111 τὴν
2554 5039 2613 5093 ιν
2654 5039 2835 5095 πίστει
2867 5045 3255 5115 προσαγωγὴν·
3292 5064 3314 5098 ι
3342 5041 3436 5111 Εἷς
3473 5048 3573 5119 γάρ

1991 5128 2132 5200 ὑπὲρ
2155 5130 2371 5184 πάντων
2400 5130 2691 5196 ἀπέθανεν,
2723 5131 2810 5187 ἵνα
2831 5135 2881 5187 οἱ
2909 5133 3110 5201 ζῶντες
3135 5138 3339 5209 μηκέτι
3362 5140 3574 5203 ἑαυτοῖς

1990 5217 2176 5284 ζῶσιν,
2209 5218 2346 5273 ἀλλὰ
2370 5219 2451 5292 τῷ
2496 5221 2638 5293 ὑπὲρ
2688 5222 2868 5279 αὐτῶν
2908 5225 3234 5281 ἀποθανόντι
3275 5229 3369 5282 καὶ
3415 5232 3575 5302 ἐγερ-

1992 5309 2160 5376 θέντι,
2202 5330 2221 5363 ι
2258 5312 2400 5367 κατά
2426 5312 2527 5379 τὰς
2554 5314 2797 5386 Γραφάς.
2837 5318 3047 5373 Οὐκοῦν
3077 5318 3172 5374 τοῦ
3203 5320 3435 5377 θανάτου
3472 5325 3573 5396 τὴν

1991 5400 2220 5456 εὐωδίαν
2263 5402 2416 5474 δηλοῖ
2453 5403 2515 5458 τό
2552 5405 2944 5480 καταχρίεσθαι
3006 5408 3085 5482 τῷ
3117 5411 3308 5483 αἵματι
3350 5413 3414 5466 τὸ
3440 5431 3577 5485 χρυο

1992 5491 2121 5547 σοῦν
2152 5493 2532 5568 θυμιατήριον.
2576 5497 2848 5571 Ἐκχεῖται
2877 5500 2934 5554 δὲ
2966 5501 3064 5555 καὶ
3098 5501 3160 5556 τὸ
3188 5496 3331 5574 αἷμα
3364 5503 3426 5557 τὸ
3460 5504 3579 5559 λοι-

1993 5584 2095 5639 πὸν
2125 5587 2277 5660 παρὰ
2321 5588 2422 5660 τὴν
2466 5588 2626 5661 βάσιν
2657 5588 2750 5645 τοῦ
2782 5591 3170 5666 θυσιαστηρίου
3199 5594 3310 5648 τῶν
3349 5611 3580 5667 καρπω-

2162 5724 2183 5756 ²
2214 5724 2377 5784 Prov,
2409 5742 2477 5781 xx
2530 5726 2585 5781 3.
2694 5727 2715 5760 ³
2750 5727 2890 5783 Gen.
2924 5743 2998 5796 tv,
3021 5728 3076 5784 4.
3151 5730 3172 5762 ’⁸
3202 5729 3308 5787 lsa.
3339 5746 3454 5798 un,
3481 5731 3574 5791 ll.
