3996 6212
454 256 558 309 639

1195 265 1283 321 ns
1325 266 1769 327 ADORATIONE
1809 269 1878 328 IN
1918 246 2191 333 senum
2236 277 2324 333 ET
2366 277 2737 344 malum.
2782 278 2910 332 LIB.
2950 277 3016 331 Χ.

3618 283 3724 342 690

457 379 641 448 μάτων
671 377 729 428 ἐν
755 379 820 446 τῇ
857 378 1048 450 πρώτῃ
1076 382 1272 451 σκηνῇ’
1307 381 1401 434 καὶ
1430 380 1609 453 ψυχῆς
1636 383 1738 454 μὲν
1763 385 1843 449 εἰς
1868 384 2039 440 τύπον

2146 388 2393 457 reliquus
2432 386 2659 458 sanguis
2688 385 2755 439 ad
2791 385 2965 440 basim
3011 384 3202 438 altaris
3248 386 3638 444 saeriliciorum
3666 391 3723 447 in

452 483 514 525 το
542 464 697 542 αἷμα.
730 470 955 525 Τέθεικε
984 473 1041 526 δὲ
1074 473 1172 546 τήν
1199 474 1376 546 ψυχήν
1417 476 1446 529 6
1504 476 1881 547 Ἐμμανουήλ,
1933 478 2032 548 οὑχ

454 563 597 636 ὑπέρ
625 579 688 632 γε
724 564 892 635 μόνης
929 564 1029 634 τῆς
1064 563 1123 629 ἐξ
1162 564 1332 620 ἐθνῶν
1373 566 1728 638 Ἐκκλησίας.
1771 569 1907 623 ἀλλὰ
1940 570 2034 624 καὶ

453 656 597 727 ὑπὲρ
633 656 742 709 τῶν
780 657 839 709 ἑν
869 656 1051 727 νόμῳ,
1080 658 1352 723 τουτέστι,
1392 659 1487 714 τοῦ
1525 661 1761 733 Ἰσραήλ,
1821 660 2036 716 ἐκλελυ-

454 747 713 819 τρὼμεθα
765 748 875 819 γὰρ
925 748 1003 819 τῷ
1050 750 1242 820 αἵματι
1293 751 1387 805 τοῦ
1436 751 1676 823 Χριστοῦ
1737 751 2035 823 συλλήϐδην

458 839 719 902 ἅπαντες,
739 838 1003 909 Ἔλληνές
1050 857 1109 893 τε
1151 841 1245 894 καὶ
1278 841 1544 907 Ἰουδαῖοι,
1576 842 1670 897 καὶ
1694 843 2036 913 μαρτυρήσει

458 931 635 998 λέγων
661 933 690 984 6
717 928 960 1003 [labier
995 951 1014 984 ι
1051 931 1122 984 Ἦ
1160 932 1430 987 Ἰουδαίων
1459 934 1489 986 6
1517 933 1650 997 Θεὸς
1685 932 1878 1004 μόνον;
1916 933 2038 1002 οὐχὶ

459 1023 517 1075 δὲ
555 1021 650 1077 καὶ
690 1020 899 1087 ὲθνῶνς
943 1021 1030 1076 ναὶ
1065 1023 1158 1076 καὶ
1186 1022 1384 1077 ὲθνῶψ
1418 1024 1577 1094 εῖπερ
1604 1019 1685 1088 εἷς
1722 1025 1750 1077 6
1782 1023 1949 1088 Θεὸς,
1978 1022 2037 1086 ὃς

459 1111 738 1167 δικαιώσει
774 1114 1073 1186 περιτομὴν
1112 1115 1177 1168 ὲκ
1217 1113 1481 1178 πίστεως,
1530 1115 1625 1168 καὶ
1671 1114 2037 1186 ἀκροϐυστίαν

458 1206 548 1259 διὰ
578 1205 841 1270 πίστεως.
878 1225 895 1256 ι
936 1206 1344 1276 ’Υφαιρομένων
1365 1205 1421 1260 δὲ
1440 1206 1537 1259 ἀπ’
1558 1205 1737 1260 αὑτῶν
1761 1206 1870 1260 τῶν
1891 1207 2038 1260 ὲντο-

462 1294 626 1349 σθίων
654 1295 749 1349 τοῦ
782 1296 984 1367 μόσχου
1015 1295 1112 1350 καὶ
1147 1294 1567 1368 ἀναφερομένων
1600 1297 1680 1360 εἰς
1723 1296 1787 1349 τὸ
1811 1296 2037 1350 θυσιασ-

458 1388 667 1458 τήριον,
702 1387 808 1453 ἔξω
847 1389 946 1460 τῆς
973 1388 1324 1459 παρεμϐολῆς
1354 1388 1414 1442 τὸ
1453 1388 1735 1442 ἐπίλοιπον
1763 1388 2039 1454 καταπίμ-

461 1496 666 1550 πραται
708 1479 889 1551 σῶμα.
939 1462 1097 1534 Ἔστι
1140 1481 1249 1549 γὰρ
1289 1477 1454 1542 αὐτὸς
1490 1480 1553 1532 τὸ
1591 1476 1742 1550 θῦμα
1780 1478 1843 1531 τὸ
1872 1478 2036 1550 ἱερὸν,

461 1566 771 1632 εὑωδιάξων
798 1570 858 1621 ὲν
879 1568 1123 1640 ἀρεταῖς,
1147 1565 1223 1625 ὧν
1248 1568 1363 1628 εἷεν
1387 1575 1453 1629 ἂν
1482 1575 1644 1629 τύποι
1672 1576 1741 1630 τά
1765 1576 2035 1639 ὲντόσθια,

460 1659 557 1710 καὶ
583 1659 965 1730 κεκρυμμέναι
1001 1662 1166 1716 οίονεί
1203 1680 1319 1727 πως
1347 1666 1404 1718 ὲν
1432 1667 1567 1736 ἡμῖν
1597 1667 1655 1720 at
1687 1667 1916 1736 ἀρεταὶ,
1945 1667 2040 1721 καὶ

2142 479 2320 551 primo
2358 477 2749 543 tabernaculo;
2781 491 2844 531 ac
2871 475 3096 545 sanguis
3124 474 3344 545 quidem
3364 478 3559 532 animae
3585 480 3723 551 ligu-

2143 587 2207 626 ra
2237 579 2343 626 est.
2376 569 2474 626 Ille
2503 583 2669 639 porro
2708 567 3030 621 Emmanuel
3067 583 3178 620 non
3214 583 3314 636 pro
3353 568 3466 622 sola
3493 584 3561 623 ex
3589 587 3723 641 gen-

2146 665 2291 720 libus
2322 661 2569 718 Ecclesia
2614 660 2855 716 animam
2906 659 3111 729 posuit,
3156 659 3252 714 sed
3314 675 3413 730 pro
3454 660 3519 716 iis
3558 663 3730 718 etiam

2082 790 2105 800 ς
2141 756 2237 826 qui
2271 754 2375 809 sub
2430 754 2549 823 lege
2596 758 2774 817 erant,
2818 750 2873 804 id
2916 759 3022 816 est,
3075 766 3176 821 pro
3209 750 3371 805 Israel
3411 768 3422 805 :
3459 752 3732 824 redempti

2142 846 2290 900 enim
2326 860 2517 900 sumus
2540 844 2747 900 Christi
2780 843 3047 914 sanguine
3069 844 3231 897 simul
3258 858 3470 909 omnes,
3494 847 3728 917 gentiles

2143 951 2309 1010 atque
2333 937 2535 1003 Judaei,
2563 938 2792 1009 ejusque
2834 936 2913 991 rei
2949 936 3105 992 testis
3122 943 3207 991 est
3232 937 3454 1003 Paulus,
3482 938 3673 993 dicens
3707 956 3722 992 :

2128 1050 2169 1091 ,ι
2199 1032 2279 1084 An
2307 1029 2624 1085 Judworum
2671 1029 2816 1082 Deus
2849 1035 2933 1081 est
2964 1026 3215 1080 tantum?
3269 1044 3449 1083 nonne
3486 1036 3543 1083 et
3590 1045 3725 1099 gen-

2147 1120 2327 1177 tium?
2357 1121 2465 1175 imo
2506 1128 2564 1175 ει
2590 1120 2836 1191 gentium
2879 1135 2892 1172 :
2930 1116 3203 1187 siquidem
3243 1134 3386 1173 unus
3434 1128 3519 1174 est
3558 1121 3723 1184 Deus,

2145 1214 2240 1284 qui
2270 1211 2595 1284 justiﬁcabit
2638 1209 3115 1268 circumcisionem
3145 1225 3214 1265 ex
3245 1209 3371 1276 fide,
3427 1219 3484 1267 et
3512 1228 3729 1288 praepu-

2147 1306 2286 1360 tium
2333 1320 2432 1376 pcr
2470 1304 2634 1359 ﬁdem
2667 1304 2710 1356 ⁸.
2741 1323 2759 1354 ι
2789 1303 3060 1358 Detractis
3101 1311 3284 1357 autem
3320 1303 3622 1359 interaneis
3648 1304 3729 1357 vi-

2148 1398 2271 1463 tuli,
2327 1406 2385 1454 et
2431 1398 2632 1453 oblatis
2669 1396 2736 1452 ad
2784 1396 2977 1459 altare,
3019 1395 3293 1466 reliquum
3322 1410 3522 1466 corpus
3573 1402 3725 1449 extra

2147 1499 2326 1546 castra
2349 1498 2661 1555 crematur;
2696 1488 2811 1559 ipse
2832 1486 2978 1544 enim
3012 1486 3191 1541 hostia
3225 1501 3379 1541 sacra
3400 1494 3485 1542 est
3513 1484 3730 1542 virtuti-

2148 1584 2254 1638 bus
2286 1580 2558 1653 fragrans,
2616 1595 2852 1651 qnarum
2903 1578 3088 1651 ﬁgurae
3120 1586 3250 1633 sunt
3291 1577 3583 1633 interiores
3623 1578 3746 1633 illar

2148 1674 2395 1746 corporis
2442 1680 2628 1744 partes
2655 1690 2670 1727 :
2696 1679 2826 1729 sunt
2851 1671 2998 1727 enim
3041 1671 3099 1726 in
3134 1669 3295 1724 nobis
3325 1669 3730 1739 quodammod)

462 1753 542 1815 είς
572 1751 697 1805 νοῦν
727 1751 836 1806 ἔσω
870 1753 1145 1824 κείμεναι·
1176 1756 1339 1820 αὑτὸς
1372 1758 1467 1811 καὶ
1497 1760 1525 1812 6
1556 1759 1781 1829 πάσχων
1811 1757 1916 1824 ἔξω
1948 1760 2040 1829 τῆς

2146 1767 2350 1822 abditae
2383 1766 2642 1830 virtutes,
2685 1775 2743 1820 et
2791 1765 2848 1821 in
2892 1764 3078 1820 animo
3114 1764 3337 1835 penitus
3390 1762 3725 1817 reconditae:

460 1843 657 1916 πύλης,
686 1846 779 1897 καὶ
805 1844 882 1916 τῷ
908 1844 1126 1917 θανάτῳ
1146 1850 1247 1918 τῆς
1286 1847 1422 1912 ἰδίας
1463 1850 1663 1921 σαρκὸς
1696 1850 2047 1922 ἐκκαθαίρων

461 1935 588 1998 τοὺς
610 1934 1082 2007 μεμολυσμένους·
1129 1958 1147 1988 σ
1183 1938 1481 2009 Δαμάλεως
1509 1940 1615 2014 γὰρ
1643 1943 1839 2007 σποδὸς
1868 1942 2045 2015 ῥαντί-

464 2025 628 2088 ζουσα
671 2025 798 2089 τοὺς
842 2028 1267 2099 κεκοινωμένους
1285 2070 1300 2095 ,
1323 2031 1564 2101 ἁγιάζει,
1589 2035 1745 2106 φησι,
1777 2019 1914 2107 πρὸς
1943 2035 2045 2107 τήν

461 2114 563 2184 ⁸¹εῆς
606 2115 806 2188 σαρκὸς
847 2117 1219 2190 καθαρότητα.
1272 2140 1290 2174 ι
1341 2122 1552 2177 Οὐκοῦν
1584 2121 1665 2189 εἷς
1703 2125 1798 2180 καὶ
1826 2127 1854 2180 6
1880 2126 2045 2192 αὑτὸς

463 2205 723 2278 ὑπάρχων
750 2207 780 2259 6
816 2207 1186 2281 Ἐμμανουήλ,
1212 2212 1306 2265 καὶ
1323 2213 1382 2267 ὲν
1402 2217 1520 2278 ταῖς
1542 2215 1729 2283 ἁγίαις
1758 2215 2043 2281 εὑωδιάζει

464 2300 708 2369 σκηναῖς,
739 2300 883 2369 φημὶ
911 2300 976 2371 δή
1008 2305 1130 2366 ταῖς
1179 2303 1555 2374 Ἐκκλησίαις’
1589 2307 1826 2361 πέπονθε
1858 2307 1915 2362 δὲ
1948 2309 2044 2363 καὶ

462 2389 582 2453 ἔΞω⁹
603 2391 700 2453 τῆς
736 2390 910 2463 πύλης
934 2408 947 2423 ·
973 2392 1104 2447 ἔνθα
1129 2396 1223 2448 καὶ
1248 2396 1395 2466 ἡμᾶς
1426 2396 1627 2460 ἐξιέναι
1651 2397 1763 2452 δεῖν
1787 2399 1879 2453 τὸν
1904 2401 2044 2454 όνει‹

459 2477 651 2548 δεσμὸν
700 2480 864 2535 αὐτοῦ
904 2481 1203 2555 φέροντας,
1248 2486 1278 2538 6
1322 2484 1609 2551 θεσπέσιος
1658 2488 1761 2559 ἔφη
1807 2488 2041 2555 Παῦλος.

464 2570 507 2620 11
516 2571 804 2640 ροσάγεται
827 2573 885 2627 δὲ
901 2575 929 2627 6
954 2574 1153 2645 μόσχος
1179 2577 1274 2629 καὶ
1295 2577 1434 2648 ὑπὲρ
1456 2578 1562 2631 τῶν
1582 2579 1675 2633 τοῦ
1696 2580 1825 2635 λαοῦ
1845 2583 2044 2653 ἀγνοη-

466 2662 669 2731 μάτων,
700 2666 758 2719 ὲν
786 2667 887 2737 ἴσῳ
929 2684 990 2719 τε
1033 2668 1128 2720 καὶ
1160 2668 1594 2741 ἀπαραλλάκτως
1615 2685 1633 2703 ·
1666 2671 1761 2725 καὶ
1790 2671 1945 2740 λόγος
1975 2666 2044 2742 ἦν

461 2752 561 2823 τῆς
591 2753 781 2820 θυσίας
819 2757 877 2809 ὲν
918 2756 1120 2812 ἅπασιν
1153 2760 1181 2812 6
1210 2758 1393 2822 αὑτός.
1442 2759 1529 2813 Ἐν
1562 2759 1663 2832 ἴσῳ
1705 2760 1815 2832 γάρ
1856 2762 2044 2834 τρόπῳ

463 2845 898 2917 προσκεκόμικεν
920 2848 1109 2902 ἑαυτὸν
1132 2850 1270 2924 ὑπέρ
1296 2868 1357 2904 τε
1391 2851 1603 2923 μικρῶν
1633 2853 1733 2906 καὶ
1764 2853 2042 2923 μεγάλων,

460 2935 592 2990 λαοῦ
614 2955 673 2991 τε
701 2938 795 2992 καὶ
830 2940 1023 3011 ἱερέων
1058 2943 1087 2995 6
1132 2941 1502 3015 Ἐμμανουήλ.
1552 2945 1624 2999 Ἢ
1656 2945 1756 2999 οὑκ
1789 2944 1989 3019 ἀληθὲς
2014 2953 2047 3008 ὃ

463 3044 605 3099 φημι
623 3047 638 3095 ἶ
1063 3041 1068 3045 ’

532 3142 739 3199 ΠΑΛΛ.
776 3143 900 3208 Πῶς
928 3143 1036 3216 γὰρ
1072 3143 1133 3198 οῦ
1159 3162 1174 3210 ;

535 3233 696 3288 ΚΥΡ.
727 3233 913 3288 Βούλει
942 3235 1008 3305 δή
1045 3230 1137 3290 οὖν
1163 3234 1353 3308 ὥσπερ
1379 3236 1570 3292 ἁνόπιν
1597 3237 1689 3293 τὸν
1717 3238 1877 3308 λόγον
1903 3240 2039 3295 ἀνα·-

464 3326 837 3398 σειράζοντες,
872 3327 1007 3399 πρὸς
1052 3327 1120 3382 τά
1154 3327 1248 3382 ἐπὶ
1281 3331 1349 3401 τῇ
1382 3332 1555 3403 σκηνῇ
1590 3330 1908 3405 διηγήματα
1941 3347 2043 3403 με·

460 3416 882 3488 τατρεπώμεθα.

535 3511 743 3564 ΙΙΑΛΛ.
774 3511 888 3565 Καὶ
916 3511 1080 3583 μάλα.

534 3626 697 3681 ΚΥΡ.
756 3628 1315 3701 Συμπεπερασμένων
1361 3628 1650 3702 τοιγαροῦν
1701 3629 1816 3685 τῶν
1863 3629 2042 3703 ἔργων

463 3719 739 3785 ἁπάντων,
766 3721 861 3775 καὶ
885 3722 943 3775 ὲν
965 3721 1116 3786 τόπῳ
1131 3721 1209 3792 τῷ
1234 3722 1450 3793 ἑκάστῳ
1472 3722 1913 3793 πρεπωδεστάτῳ
1932 3722 2042 3777 τῶν

462 3808 625 3879 ιερῶν
642 3811 853 3864 σκευῶν
875 3805 933 3865 εὖ
959 3810 1104 3882 μάλα
1126 3811 1569 3882 συντεθειμένων,
1594 3811 1915 3881 ἁγιάζεσθαι
1930 3811 2040 3866 δεῖν

461 3901 601 3955 αὑτά
622 3919 683 3955 τε
722 3903 814 3956 καὶ
842 3907 942 3975 τὴν
973 3904 1178 3976 σκηνήν
1208 3902 1463 3958 διετὺπου
1490 3903 1623 3967 Θεὸς
1641 3942 1658 3969 ,
1686 3902 1830 3957 οὕτω
1862 3902 2038 3972 λέγων

461 3993 541 4062 τῷ
568 3993 839 4066 θεσπεσίῳ
889 3997 1082 4067 Μωσῇ·
1122 4014 1141 4047 ‹
1178 3996 1290 4050 Καὶ
1320 3994 1468 4067 λήψῃ
1496 3994 1557 4048 τὸ
1588 3994 1764 4049 ἔλαιον
1791 3993 1889 4048 τοῦ
1920 3994 2042 4066 χρί⁴

464 4102 688 4154 σματος,
742 4086 836 4140 καὶ
877 4086 1088 4159 χρίσεις
1132 4085 1230 4158 τὴν
1262 4086 1494 4158 σκηνὴν,
1528 4085 1624 4140 καὶ
1653 4085 1832 4140 πάντα
1859 4084 1930 4139 τὰ
1980 4086 2041 4138 ὲν

460 4176 620 4249 αὑτῇ,
639 4179 733 4232 καὶ
765 4178 1011 4247 άγιάσεις
1034 4178 1222 4250 αὐτὴν,
1244 4180 1337 4232 καὶ
1357 4178 1534 4232 πάντα
1550 4179 1619 4231 τὰ
1644 4176 1816 4247 σκεύη
1844 4176 2038 4245 αὑτῆς,

461 4268 556 4321 καὶ
600 4268 753 4323 ἔσται
806 4270 958 4339 ἅγια.
997 4271 1104 4325 Καὶ
1155 4271 1367 4343 χρίσεις
1402 4270 1464 4325 τὸ
1509 4270 1899 4340 θυσιαστήριον
1930 4268 2040 4322 τῶν

462 4361 872 4431 καρπωμάτων,
931 4363 1024 4416 καὶ
1066 4362 1244 4416 πάντα
1289 4361 1359 4416 τὰ
1391 4362 1448 4414 ὲν
1499 4360 1649 4432 αὑτῷ
1701 4359 1893 4432 σκεύη,
1943 4360 2039 4414 καὶ

2067 3095 2116 3159 C

2145 1860 2263 1930 ipse
2288 1858 2457 1923 idem,
2492 1858 2588 1929 qui
2615 1866 2770 1913 extra
2799 1868 3012 1927 portam
3047 1856 3275 1927 patitur,
3309 1865 3365 1910 et
3398 1855 3579 1910 carnis
3617 1870 3730 1908 sua:

2146 1958 2323 2005 morte
2347 1949 2887 2022 pnrgatinquinatos
2923 1968 2934 2004 :
2980 1968 2999 2001 ι
3041 1948 3239 2003 Vitulm
3273 1946 3423 2003 enim
3457 1946 3600 2001 cinis
3636 1961 3725 2001 as-

2145 2059 2359 2115 persus,
2377 2044 2475 2108 ait,
2509 2043 2830 2114 inquinatos
2856 2041 3166 2098 sanctiﬁcat
3189 2040 3258 2096 ad
3277 2038 3736 2097 emundationem

2144 2133 2386 2189 carnis’.
2418 2154 2437 2185 ι
2471 2134 2621 2190 Unus
2646 2133 2814 2204 igitur
2842 2132 3099 2203 idemque
3127 2147 3254 2187 cum
3285 2132 3358 2187 sit
3382 2129 3728 2193 Emmanuel,

2143 2232 2202 2281 et
2229 2225 2285 2279 in
2314 2223 2485 2279 sacris
2515 2222 2905 2288 tabernaculis,
2944 2223 3001 2276 in
3022 2221 3308 2287 Eeclesiis,
3341 2221 3586 2291 inquam,
3606 2234 3733 2274 sua-

2144 2314 2334 2370 vitatis
2353 2313 2582 2370 odorem
2616 2312 2747 2368 dum
2783 2312 3099 2369 incenditur
3125 2311 3318 2382 spirat,
3343 2319 3399 2367 et
3421 2319 3573 2366 extra
3598 2324 3728 2378 per—

2145 2412 2256 2461 tam
2283 2420 2481 2476 passus
2512 2411 2629 2470 est,
2665 2420 2776 2476 quo
2810 2403 2973 2458 nobis
3001 2418 3222 2474 quoque
3248 2401 3565 2458 exeundum
3607 2415 3731 2454 esse

2144 2497 2543 2568 impropcrium
2563 2497 2685 2569 ejus
2712 2494 3083 2567 portantibus,
3120 2494 3317 2550 beatus
3349 2492 3551 2549 Paulus
3576 2491 3653 2546 ait
3685 2491 3727 2545 ⁸.

2142 2587 2387 2645 Oﬂ‘ertur
2424 2588 2592 2645 etiam
2635 2588 2890 2644 similiter
2942 2587 3250 2659 eodemque
3296 2585 3460 2640 modo
3522 2583 3731 2640 vitulus

2144 2697 2246 2753 pro
2268 2681 2457 2752 populi
2483 2679 2827 2753 ignorantiis,
2852 2679 3045 2735 eadem
3070 2696 3170 2751 per
3193 2678 3378 2735 omnia
3404 2678 3615 2732 ratione
3639 2692 3728 2732 sa-

2144 2774 2339 2831 criﬁcii
2373 2782 2609 2834 servata.
2661 2773 2799 2829 Nam
2846 2773 3085 2845 seipsum
3136 2772 3228 2828 ille
3273 2770 3594 2828 Emmanuel
3627 2786 3748 2841 pro:

2145 2867 2406 2923 tenuibus
2425 2882 2580 2938 aeque
2629 2880 2695 2921 ae
2720 2878 2822 2936 pro
2846 2865 3059 2937 magnis
3075 2909 3092 2937 ,
3119 2881 3220 2937 pro
3253 2863 3457 2936 populo
3487 2878 3640 2933 aeque
3665 2877 3731 2916 ac

2144 2968 2247 3024 pro
2278 2954 2659 3011 sacerdotibus
2688 2954 2909 3011 obtulit.
2957 2955 3038 3010 An
3083 2969 3217 3012 vero
3252 2970 3366 3010 non
3407 2968 3601 3010 verum
3645 2959 3750 3006 est.

2145 3046 2292 3117 quod
2317 3046 2477 3102 dixi?

2220 3176 2419 3232 PALL.
2448 3178 2651 3234 Verum
2680 3194 2832 3234 sane.

2214 3267 2372 3324 CYR.
2399 3269 2567 3325 Visne
2592 3269 2780 3340 igitur,
2816 3278 2878 3324 ut
2899 3268 3054 3338 quasi
3080 3279 3500 3340 retorqueamus
3519 3270 3726 3325 oratio-

2143 3375 2292 3425 nem,
2316 3368 2373 3415 et
2396 3360 2465 3415 ad
2516 3377 2582 3417 ea
2612 3376 2735 3431 quae
2753 3361 2821 3416 ad
2852 3362 3264 3418 tabernaculum
3282 3362 3581 3432 pertinent,
3602 3377 3731 3417 nar-

2147 3452 2322 3509 randa
2351 3452 2749 3509 deﬂectamus?

2211 3543 2375 3614 352
2396 3542 2594 3600 PALL.
2617 3544 2851 3602 Maxime
2878 3560 3028 3602 vero.

2213 3632 2371 3689 ΟΥΕ.
2398 3632 2669 3690 Omnibus
2704 3636 2975 3707 operibus
2999 3634 3253 3709 expletis,
3276 3634 3531 3706 vasisque
3558 3637 3743 3691 sacris

2143 3737 2244 3805 suo
2274 3723 2542 3794 cujusque
2589 3724 2712 3780 loco
2740 3724 3045 3795 dispositis,
3097 3725 3360 3797 praecepit
3383 3725 3550 3790 Deus,
3575 3731 3638 3779 ut
3673 3735 3732 3781 et

2144 3814 2237 3870 illa
2273 3822 2331 3870 et
2364 3814 2777 3872 tabernaculum
2801 3817 3243 3873 sanctiﬁearetur
3285 3834 3299 3870 :
3343 3816 3526 3886 itaque
3566 3816 3733 3871 beato

2146 3906 2314 3978 Moysi
2335 3906 2472 3962 dixit
2506 3924 2519 3960 :
2550 3927 2569 3958 ι
2597 3908 2665 3963 Ει
2684 3908 2922 3979 accipies
2945 3911 3126 3965 oleum
3154 3909 3451 3972 unetio’nis,
3480 3918 3538 3964 et
3560 3924 3746 3980 unges

2144 3996 2560 4052 tabernaculum
2586 4006 2642 4053 et
2673 3997 2857 4052 omnia
2878 4013 3001 4067 quae
3026 3998 3085 4052 in
3117 4013 3186 4053 eo
3231 4005 3382 4062 sunt,
3405 4005 3463 4053 et
3483 3996 3729 4053 sanctiﬁ-

2140 4085 2294 4141 eabis
2324 4085 2483 4150 illud,
2522 4091 2580 4140 et
2600 4086 2786 4140 omnia
2811 4100 2942 4141 vasa
2976 4086 3118 4156 ejus,
3145 4092 3202 4140 et
3223 4093 3390 4141 erunt
3427 4094 3636 4140 saneta.
3660 4084 3731 4139 Et

2142 4192 2315 4248 unges
2342 4177 2517 4232 altare
2545 4176 2967 4241 sacriﬁciorum,
3012 4183 3071 4232 et
3100 4175 3284 4232 omnia
3312 4191 3462 4241 vasa,
3502 4184 3561 4232 et
3598 4192 3727 4231 san-

2140 4270 2409 4327 etilieabis
2423 4270 2616 4336 altare,
2633 4279 2691 4325 et
2711 4269 2819 4325 erit
2833 4269 3005 4325 altare
3032 4269 3291 4326 Sanctum
3311 4280 3622 4325 sanctorum
3648 4272 3687 4323 ⁸.
3701 4288 3719 4319 ι

2142 4360 2308 4417 Vides
2332 4359 2500 4431 igitur
2521 4360 2644 4414 oleo
2667 4366 2859 4417 sancto
2883 4375 3067 4415 arcam
3101 4361 3331 4431 perungi
3365 4376 3431 4415 ae
3456 4376 3725 4422 mensam,

462 4452 711 4520 ἀγιάσεις
760 4452 822 4506 τὸ
849 4452 1252 4525 θυσιαστήριον,
1284 4452 1378 4506 καὶ
1421 4449 1577 4504 ἔσται
1633 4449 1697 4504 τὸ
1746 4448 2037 4522 θυσιαστήο

2146 4452 2531 4510 candelabrum
2560 4460 2846 4522 praeterea.
2873 4459 2930 4506 et
2952 4452 3123 4507 altare
3157 4467 3377 4522 quoque
3398 4451 3606 4507 incensi
3623 4467 3726 4505 au-

462 4563 580 4618 ριον
625 4546 816 4614 Ἀγιον
870 4545 1062 4615 ἁγίων.
1108 4565 1127 4597 ι
1175 4545 1371 4616 Ἐλαίῳ
1401 4544 1465 4616 δή
1503 4539 1599 4599 οῦν
1624 4540 1705 4614 τῷ
1750 4541 1893 4613 ἁγίῳ
1940 4558 2043 4595 κα-

458 4637 859 4709 ταχριουμένην
910 4639 1045 4710 ὁρᾷς
1111 4638 1212 4709 τήν
1281 4653 1341 4690 τε
1399 4635 1651 4702 κιϐωτὸν,
1698 4633 1794 4691 καὶ
1860 4634 2044 4707 μέντοι

2148 4558 2337 4608 reum;
2366 4541 2520 4611 atqui
2544 4541 2632 4597 bis
2670 4543 2928 4598 omnibus
2950 4543 3100 4597 illum
3132 4542 3452 4598 Emmanuel
3480 4542 3724 4614 figurari,

2149 4635 2341 4691 multis
2369 4635 2480 4705 jam
2504 4634 2693 4691 verbis
2718 4632 3052 4691 declaratum
3077 4645 3181 4692 est.

477 4736 578 4803 τήν
629 4732 910 4804 τράπεζαν
938 4774 953 4798 ,
1013 4734 1111 4787 καὶ
1156 4732 1255 4805 τήν
1297 4731 1519 4805 λυχνίαν
1579 4732 1667 4785 ἐπ’
1715 4732 1892 4803 αὑτῇ,
1942 4731 2040 4786 καὶ
2070 4731 2133 4785 τὸ
2174 4729 2409 4801 χρυσοῦν
2454 4728 2537 4783 ἔτι
2600 4728 2994 4802 θυμιατήριον·
3055 4733 3146 4786 καί
3197 4748 3279 4785 τοι
3351 4729 3460 4802 γὰρ
3507 4729 3725 4785 πάντων

462 4822 670 4894 μακρὸς
706 4824 840 4894 ἡμῖν
882 4822 1209 4895 διεσάφησεν
1255 4823 1357 4895 ήδη
1389 4823 1549 4894 λόγος
1596 4820 2041 4894 ἀνατυπούμενον
2075 4820 2169 4875 τὸν
2213 4819 2583 4893 Ἐμμανουήλ.

532 4915 740 4971 ΙῙΔΛΛ.
779 4915 1017 4985 Ἀληθές.

528 5007 692 5060 ΚΥΡ.
726 5006 891 5072 Σὺνες
923 5007 987 5080 δὴ
1016 5002 1110 5063 οῦν
1145 5007 1254 5081 ἄρα
1294 5008 1357 5063 τὸ
1388 5007 1477 5062 διὰ
1504 5008 1690 5080 φωνῆς
1714 5007 1808 5063 τοῦ
1837 5005 2000 5061 Δαῦὶδ
2023 5044 2040 5071 ,

456 5097 533 5160 ὡς
562 5098 698 5169 πρὸς
725 5098 889 5153 αὑτὸν
927 5098 1283 5172 ὑμνούμενονν
1320 5120 1339 5154 ι
1388 5100 1715 5172 Ἡγάπησας
1763 5096 2041 5153 δικαιωὺ-

457 5203 580 5254 νην,
613 5187 708 5242 xui.
735 5189 1008 5263 ἐμίσησας
1032 5190 1264 5246 ἀδικίαν.
1289 5190 1390 5246 Διά
1407 5191 1568 5246 τοῦτο
1593 5190 1780 5263 ἐχρισέ
1800 5206 1862 5243 σε
1883 5188 2038 5254 Θεὸς,

2205 4912 2403 4970 PALL.
2432 4914 2636 4969 Verum
2666 4921 2767 4968 est.

2203 5002 2361 5059 ΟΥΕ.
2394 5002 2638 5073 lntellige
2660 5002 2830 5074 igitur
2861 5003 3016 5069 illud,
3040 5006 3187 5076 quod
3221 5004 3415 5073 David,
3462 5016 3720 5078 tanquam

2133 5094 2203 5149 ad
2231 5094 2383 5149 illum
2405 5108 2538 5150 voce
2566 5109 2851 5159 conversa,
2874 5093 3186 5153 decantavit
3213 5115 3227 5152 :
3250 5117 3268 5150 ι
3290 5098 3537 5155 ῡίιειίειί
3558 5098 3723 5170 justi-

2138 5187 2293 5253 tiam,
2339 5196 2396 5243 et
2444 5187 2610 5244 edisti
2663 5187 3028 5259 iniquitatem.
3100 5191 3398 5263 Propterea
3447 5191 3606 5248 unxit
3670 5197 3723 5243 te

456 5279 487 5330 6
510 5279 643 5345 Θεός
676 5298 796 5348 σου,
826 5281 1007 5337 ἔλαιον
1035 5282 1408 5353 ἀγαλλιάσεως
1437 5282 1591 5356 παρὰ
1609 5284 1736 5348 τοὺς
1771 5281 2035 5352 μετόχους

2146 5277 2325 5343 Deus,
2377 5277 2525 5333 Deus
2578 5287 2730 5343 tuus,
2773 5279 2895 5335 oleo
2933 5279 3136 5336 laetitia:
3196 5296 3311 5350 pra:
3377 5277 3725 5336 consortibus

461 5386 578 5425 σου.
622 5390 643 5423 ι
675 5373 884 5443 Γράφει
921 5373 980 5428 δὲ
1020 5374 1117 5428 καὶ
1137 5375 1166 5427 6
1194 5371 1428 5437 Παῦλος,
1464 5392 1484 5425 ε
1515 5372 1545 5426 ὃ
1571 5389 1632 5426 τε
1659 5371 1769 5443 γὰρ
1794 5368 2035 5438 ἁγιάζων

2146 5370 2257 5426 tuis
2279 5369 2345 5423 ⁸⁸.
2382 5388 2401 5422 ι
2434 5369 2641 5426 Scribit
2659 5370 2825 5427 etiam
2858 5372 3099 5427 Paulus:
3133 5390 3152 5422 ι
3185 5370 3288 5438 Qui
3308 5370 3457 5426 enim
3484 5369 3724 5424 sanctiﬁ-

461 5457 556 5511 καὶ
584 5459 632 5512 οἱ
661 5459 1043 5532 ἁγιαζόμενοι,
1079 5462 1139 5530 ἐξ
1164 5461 1285 5525 ἐνὸς
1312 5462 1533 5526 πάντες.
1561 5480 1581 5513 ι
1616 5461 1816 5515 ’ἰστέον
1841 5459 1921 5523 δὲ.
1955 5459 2039 5513 ὅτι

2146 5470 2253 5526 eat,
2286 5469 2343 5516 et
2391 5461 2823 5527 sanetitieantur,
2854 5476 2923 5516 ex
2964 5476 3077 5516 uno
3127 5460 3399 5516 omnes“.
3428 5477 3447 5511 ι
3482 5458 3601 5514 Non
3637 5468 3725 5515 est

463 5547 614 5602 κατά
642 5548 737 5605 τὸν
762 5550 1082 5625 ἀμωμήτως
1112 5551 1304 5626 ἔχοντα
1332 5552 1510 5622 λόγον,
1541 5542 1703 5617 αὑτὸς
1729 5550 1990 5621 ὑπάρχων
2011 5549 2040 5602 6

2148 5560 2332 5605 autem
2394 5549 2755 5621 ignorandum
2813 5551 2962 5620 quod
3010 5567 3142 5606 sana
3184 5566 3421 5622 veraque
3467 5553 3720 5608 doctrina

461 5658 731 5797 "silium.
774 5682 850 5734 tn,
880 5666 970 5736 29,
1003 5668 1089 5723 50.
1168 5670 1189 5702 ⁷
1218 5668 1386 5727 Hebr.
1420 5685 1503 5736 ιχ,
1542 5668 1621 5723 15.
1700 5668 1721 5700 ⁸
1746 5667 1911 5724 Hebr.
1941 5683 2053 5733 xm,
2096 5662 2177 5722 13.
2254 5667 2275 5699 '
2307 5665 2481 5722 Exod.
2518 5680 2571 5733 χ,
2604 5666 2793 5723 25-29.
2877 5668 2920 5699 ¹⁹
2953 5669 3093 5726 Psal.
3129 5685 3270 5739 xuv,
3302 5671 3354 5726 8.
3438 5672 3477 5704 ¹¹
3510 5670 3677 5726 Hebr.
