3996 6212
311 5781 323 5829 ί

336 309 432 371 691

1323 308 1380 362 S.
1420 304 1695 365 CYRlLLl
1735 300 2204 360 ALEXANDRINI
2248 302 2563 361 ARCHlEP.

3486 293 3601 353 692

336 427 552 491 suadet,
603 426 778 498 ipsum
822 424 1008 488 etiam,
1049 422 1143 493 qui
1189 429 1447 492 tanquam
1475 421 1619 475 Deus
1661 418 1918 474 omnibus

2036 420 2133 479 rei;
2162 417 2342 482 ἄλλοις
2373 417 2579 472 ἅπασιν
2609 414 2887 488 ἁγιασμοῦ
2919 414 3153 488 χορηγδς
3186 413 3282 469 καῖ
3315 414 3600 488 συνδοτὴρο

337 518 461 576 aliis
497 518 987 575 sanctiﬁcationem
1024 513 1237 579 tribuit,
1265 520 1322 568 et
1343 528 1453 567 una
1492 526 1618 567 cum
1650 511 1810 566 Patre
1846 525 1911 565 ac

336 610 450 666 Deo
490 610 742 681 largitur,
791 607 1076 662 nobiscum
1122 612 1304 659 tamen
1336 619 1404 659 ex
1449 613 1645 658 natura
1675 602 1912 659 humana

337 700 693 765 sanctiﬁcari,
730 698 955 771 haecque
998 704 1082 752 est
1109 696 1221 761 illa,
1249 710 1372 767 quae
1416 694 1619 750 dicitur
1668 695 1915 749 exinani-

341 794 420 848 tio
446 795 507 845 ".
542 792 675 846 Nam
697 790 793 861 qui
823 789 1126 845 secundum
1145 797 1396 844 naturam
1434 796 1656 843 sanctus
1684 795 1788 851 est,
1831 796 1914 843 ut-
1944 822 1947 825 ‹

338 893 467 955 pote
506 883 600 953 qui
642 882 713 937 sit
734 882 898 945 Deus,
924 881 1171 952 indigere
1215 881 1327 935 Deo
1353 880 1730 935 sanctiﬁcante
1781 879 1918 934 dici-

342 990 433 1035 tur
456 995 471 1043 ;
495 977 658 1047 idque
679 976 757 1031 ait
776 976 970 1030 beatus
995 975 1191 1029 Petrus
1220 992 1234 1027 :
1275 993 1293 1024 ι
1319 973 1506 1029 Jesum
1530 988 1561 1027 a
1586 973 1823 1027 Nazaret
1859 981 1919 1027 ut

339 1066 561 1123 unxerit
588 1083 716 1122 eum
743 1066 888 1122 Deus
927 1065 1136 1136 Spiritu
1172 1074 1362 1121 sancto
1390 1065 1453 1119 ".
1487 1085 1505 1117 ι
1551 1064 1713 1120 Cadit
1752 1064 1919 1135 igitur

340 1159 397 1213 in
417 1158 709 1214 humanam
740 1158 858 1230 ejus
879 1166 1133 1213 naturam
1160 1158 1366 1222 unctio,
1387 1168 1439 1213 et
1472 1159 1527 1212 in
1554 1159 1674 1229 ejus
1696 1173 1918 1213 carnem

340 1249 722 1315 sanctiﬁcatio,
750 1266 871 1320 quae
904 1265 1016 1304 non
1043 1260 1234 1320 suapte
1262 1259 1459 1306 natura
1485 1259 1671 1306 sancta
1695 1258 1797 1314 est,
1824 1249 1920 1305 sed

341 1349 600 1412 tanquam
620 1357 687 1397 ex
718 1340 1135 1412 participatione
1162 1341 1383 1409 divina;
1410 1358 1536 1397 nam
1581 1342 1922 1399 extrinsecus

342 1430 399 1485 in
422 1439 704 1486 creaturas
721 1430 943 1486 advenit
985 1430 1367 1497 sanctiﬁcatio,
1410 1441 1467 1487 et
1507 1431 1865 1487 adventitiam
1891 1448 1922 1487 a

341 1520 456 1576 Deo
477 1523 705 1592 gratiam
735 1532 1164 1593 consequuntur.
1204 1523 1438 1595 Ungitur
1471 1523 1635 1580 etiam
1664 1540 1772 1578 una
1796 1538 1924 1579 cum

343 1613 557 1669 caeteris
588 1614 733 1670 illius
773 1615 961 1686 legalis
985 1615 1166 1671 cultus
1189 1616 1379 1671 altare.
1415 1615 1613 1671 Sancta
1646 1625 1731 1671 est
1773 1616 1924 1670 enim

342 1703 451 1768 lex,
477 1718 599 1759 cum
616 1704 684 1759 ad
706 1705 1036 1777 agnitionem
1065 1707 1205 1777 ejus,
1230 1707 1323 1777 qui
1344 1706 1647 1762 secundum
1672 1716 1925 1765 naturam

344 1795 490 1851 Deus
512 1804 614 1863 est,
648 1808 828 1863 vocet,
879 1810 933 1855 et
982 1800 1038 1855 in
1073 1800 1415 1855 audientium
1464 1800 1663 1854 animis
1703 1796 1928 1870 justitiae

341 1889 709 1958 cognitionem
728 1891 945 1958 inferat,
976 1902 1033 1947 et
1058 1907 1173 1957 eos,
1204 1906 1343 1961 quos
1362 1891 1617 1955 instituit,
1639 1890 1707 1945 ad
1737 1890 1929 1961 probi-

349 1981 473 2037 tatis
523 1982 679 2040 initia
725 1985 988 2055 perducat
1017 2002 1030 2037 :
1071 2005 1089 2035 ι
1121 1984 1342 2039 Initium
1365 1984 1511 2039 enim
1534 2025 1548 2049 ,
1597 1984 1795 2054 inquit.
1827 1984 1930 2041 vim

345 2072 523 2138 bonte,
561 2081 646 2127 est
698 2071 878 2128 facere
900 2074 1047 2145 justa
1075 2073 1137 2127 “.
1181 2091 1199 2124 ι
1247 2071 1453 2128 Scribit
1474 2074 1641 2129 etiam
1684 2074 1931 2145 profecto

344 2164 550 2219 Paulus
579 2181 591 2217 :
643 2184 661 2215 ι
691 2164 878 2235 Itaque
902 2165 989 2220 lex
1014 2165 1240 2235 quidem
1277 2176 1486 2232 sancta,
1513 2174 1571 2221 et
1611 2166 1927 2223 mandatum

345 2263 618 2322 sanctum,
676 2266 732 2310 et
772 2256 982 2326 justum
1022 2266 1081 2312 et
1132 2256 1338 2312 bonum
1365 2258 1429 2311 ¹⁸.
1473 2276 1492 2309 ι
1526 2258 1699 2314 Porro
1741 2268 1929 2315 sancta

345 2355 659 2403 sanctorum
681 2356 765 2403 est
789 2348 896 2413 lex,
922 2363 1034 2403 non
1072 2363 1138 2404 ex
1159 2364 1227 2404 eo
1249 2349 1396 2420 quod
1421 2348 1615 2404 umbra
1642 2358 1746 2415 est,
1768 2349 1929 2422 353

344 2434 440 2489 sed
464 2434 633 2505 quod,
663 2436 707 2491 si
732 2435 799 2491 ad
814 2436 1159 2507 spiritualem
1192 2437 1711 2507 contemplationem
1748 2449 1929 2495 trans-

343 2524 577 2591 feratur,
624 2526 730 2582 illae
785 2527 906 2598 ejus
962 2527 1151 2599 ﬁgurae
1185 2528 1347 2585 nobis
1382 2528 1663 2585 Christum
1691 2529 1930 2584 clamare

343 2618 661 2686 videantur,
694 2621 789 2691 qui
838 2635 970 2676 vere
1024 2619 1260 2675 Sanctus
1292 2628 1608 2676 sanctorum
1648 2628 1753 2687 est,
1804 2636 1929 2676 cum

285 2720 290 2725 '
346 2710 653 2768 sanctiﬁcet
693 2719 949 2783 tanquam
993 2713 1176 2779 Deus,
1225 2722 1282 2768 et
1323 2728 1439 2776 eos,
1468 2714 1564 2784 qui
1618 2729 1717 2784 per
1767 2712 1931 2768 ﬁdem

347 2800 478 2856 facti
510 2808 639 2856 sunt
659 2802 780 2873 ejus
800 2802 1115 2874 participes,
1152 2817 1254 2859 suo
1293 2803 1493 2873 spiritu
1535 2803 1782 2875 inungat.
1810 2804 1930 2859 Jam

347 2909 481 2950 vero
500 2909 656 2951 sacro
680 2894 1037 2950 tabernaculo
1077 2902 1286 2960 erecto,
1316 2903 1482 2966 atque
1527 2894 1692 2950 etiam
1743 2903 1931 2951 sancto

352 2986 477 3041 oleo
498 2991 788 3056 peruncto,
815 2985 1065 3043 dicamus
1087 2987 1234 3057 quod
1256 2986 1526 3058 sequitur,
1554 2986 1601 3042 si
1624 2986 1822 3057 placet.

428 3078 628 3135 PALL.
663 3078 805 3135 Sane
828 3094 981 3135 vero.

432 3169 591 3226 CYR.
649 3171 740 3229 Sic
801 3172 988 3243 itaque
1029 3173 1297 3244 scriptum
1349 3182 1474 3228 est:
1519 3191 1537 3224 ι
1593 3173 1663 3228 Et
1710 3172 1942 3242 perfecit

357 3260 573 3332 Moyses
595 3262 782 3318 omnia
811 3277 1003 3333 opera,
1042 3272 1100 3319 et
1131 3262 1353 3334 operuit
1388 3264 1570 3319 nubes
1608 3264 1940 3319 tabernacu-

352 3351 470 3407 lum
504 3352 826 3422 testimonii,
848 3362 905 3409 et
922 3354 1095 3426 gloria
1111 3355 1330 3411 Domini
1350 3355 1635 3426 impletum
1652 3363 1739 3410 est
1758 3356 1944 3412 taber-

349 3443 633 3500 naculum.
654 3444 725 3500 Et
744 3460 855 3501 non
877 3446 1057 3517 potuit
1070 3446 1278 3518 Moyses
1300 3445 1514 3523 ingredi
1539 3445 1592 3500 in
1620 3445 1946 3502 tabernacu-

350 3534 466 3590 lum
482 3535 803 3601 testimonii,
815 3538 945 3608 quia
958 3538 1385 3594 obnmbraverat
1399 3537 1533 3592 illud
1550 3537 1745 3603 nubes,
1763 3546 1820 3593 et
1832 3539 1948 3608 glo-

351 3624 438 3681 ria
452 3626 671 3682 Domini
692 3630 979 3699 impletum
990 3638 1111 3685 erat
1128 3628 1565 3685 tabernaculum.
1581 3627 1946 3694 Quotiescun-

354 3732 464 3786 que
497 3726 683 3773 autem
719 3720 1040 3777 elevabatur
1077 3739 1107 3779 a
1132 3726 1508 3790 tabernaculo,
1542 3737 1722 3784 castra
1760 3743 1946 3788 move-

353 3811 490 3889 bant
510 3813 606 3870 lilii
628 3812 795 3870 Israel
821 3828 947 3869 cum
971 3814 1186 3869 sarcina
1216 3831 1347 3883 sua;
1379 3818 1526 3887 quod
1548 3818 1594 3873 si
1618 3834 1728 3874 non
1753 3817 1947 3874 fuisset

354 3909 572 3965 elevata
593 3907 793 3973 nubes,
843 3922 954 3963 non
981 3908 1275 3964 movebant
1298 3918 1478 3965 castra
1501 3927 1676 3982 usque
1697 3911 1753 3968 in
1774 3911 1943 3979 diem,

358 4017 471 4072 quo
517 4002 829 4059 elevaretur
884 4001 1111 4068 nubes;
1163 4002 1340 4059 nubes
1398 4003 1548 4059 enim
1605 4013 1727 4060 erat
1778 4019 1946 4075 super

359 4092 458 4149 illo
483 4109 582 4165 per
600 4094 748 4150 diem
780 4103 838 4150 et
863 4093 1007 4165 ignis
1031 4108 1132 4165 per
1167 4103 1387 4151 noctem
1424 4095 1479 4149 in
1514 4105 1812 4166 conspectu
1857 4105 1945 4151 to-

358 4187 472 4241 tius
497 4186 663 4241 lsrael
700 4186 758 4241 in
808 4187 1067 4243 omnibus
1116 4187 1553 4259 profectionibus
1577 4203 1769 4245 eorum
1813 4191 1879 4243 ¹⁸.
1912 4207 1931 4242 ι

362 4277 709 4333 Manifestato
755 4291 993 4349 namque
1050 4279 1104 4340 in
1147 4280 1284 4337 orbe
1321 4287 1592 4336 terrarum
1628 4289 1819 4337 sancto
1849 4280 1943 4337 illo

359 4384 425 4424 ac
455 4368 670 4425 veriore
690 4366 1064 4434 tabernaculo,
1096 4368 1152 4424 id
1181 4381 1286 4435 est,
1321 4369 1412 4424 illa
1441 4384 1511 4428 ex
1536 4369 1796 4440 gentibus
1828 4369 1935 4424 Ec-

2012 510 2091 575 ὡς
2123 510 2277 576 Θεὸς,
2311 510 2392 580 τῷ
2429 509 2549 581 Θεῷ
2585 510 2678 564 καὶ
2723 508 2921 581 Πατρὶ,
2973 508 3091 580 μεθ’
3124 508 3284 580 ἡμῶν
3315 508 3604 577 ἁγιάζεται

2012 601 2156 657 κατὰ
2198 603 2261 657 τὸ
2312 602 2647 674 ἀνθρώπινον
2672 617 2687 633 ⁸
2722 603 2816 656 καὶ
2862 601 3018 655 τοῦτό
3053 602 3202 655 ἐστιν
3244 601 3279 672 ἡ
3323 600 3602 672 λεγομένη

2015 694 2267 759 κένωσις.
2315 696 2373 749 '0
2399 695 2509 767 γὰρ
2538 695 2692 764 ἅγιος
2736 693 2879 749 κατὰ
2911 693 3073 763 φύσιν
3111 692 3187 757 ὡς
3212 692 3346 756 Θεὸς
3368 735 3386 760 ,
3415 691 3610 763 δεδεῆ-

2018 790 2141 845 σθαι
2171 789 2389 859 λέγεται
2416 788 2510 844 τοῦ
2541 788 2860 858 ἁγιάζοντος
2889 787 3026 841 Θεοῦ
3052 802 3066 818 ο
3128 786 3221 840 καὶ
3249 783 3409 845 τοῦτό
3439 801 3607 854 φησιν
3638 770 3645 775 ’

2014 886 2044 938 6
2087 884 2355 957 μακάριος
2398 883 2638 954 Πέτροςο
2693 901 2713 934 ι
2751 881 2870 936 ἰνα
2900 881 2991 935 τὸν
3042 880 3150 934 ἀπὸ
3199 879 3493 951 Ναζαρὲτ,
3528 878 3608 941 ὼς

2018 977 2235 1048 ἔχρισεν
2265 976 2425 1032 αὐτὸν
2447 978 2475 1030 ό
2499 975 2632 1039 Θεὸς
2663 974 2947 1046 Πνεῦματι
2974 973 3135 1045 ἁγίῳ.
3175 990 3194 1025 ι
3231 971 3442 1025 Οὐκοῦν
3473 971 3607 1042 περὶ

2019 1068 2079 1121 τὸ
2109 1066 2447 1139 ἀνθρώπινον
2474 1068 2507 1138 ἡ
2530 1065 2733 1138 χρίσις,
2766 1066 2860 1118 καὶ
2894 1067 2992 1136 τῆς
3023 1062 3225 1135 σαρκὸς
3252 1065 3281 1116 6
3309 1060 3609 1130 ἁγιασμὸς,

2020 1161 2118 1231 τῆς
2143 1160 2203 1213 οὐ
2226 1159 2366 1213 κατὰ
2393 1158 2553 1227 φύσιν
2584 1158 2765 1226 ἁγίας,
2797 1157 2911 1210 ἀλλ’
2940 1156 3017 1220 ὡς
3033 1156 3089 1209 ὲν
3115 1154 3330 1225 μεθέξει
3357 1157 3423 1225 τῇ
3455 1156 3611 1226 παρὰ

2024 1250 2187 1307 Θεοῦ·
2223 1250 2458 1323 θύραθεν
2487 1249 2598 1321 γὰρ
2626 1251 2739 1312 τοῖς
2777 1248 3072 1317 κτίσμασιν
3107 1248 3135 1300 6
3160 1245 3435 1316 ἁγιασμὸς
3459 1285 3476 1309 ,
3510 1246 3608 1298 καὶ⁸

2023 1344 2351 1415 εἰσποιητῶς
2395 1344 2543 1414 παρὰ
2596 1341 2732 1396 Θεοῦ
2783 1340 3219 1395 καταπλουτοῦσι
3272 1339 3371 1410 τὴν
3421 1340 3607 1411 χάριν.

2024 1439 2253 1511 Χρίεται
2279 1436 2337 1490 δὲ
2364 1438 2477 1500 τοῖς
2512 1435 2693 1499 ἄλλοις
2718 1433 2879 1504 ὁμοῦ,
2907 1433 3002 1488 καὶ
3032 1432 3133 1504 τῆς
3155 1432 3299 1487 κατὰ
3327 1432 3493 1502 νόμον
3519 1431 3612 1484 λα-

2024 1531 2211 1602 τρείας
2257 1530 2318 1583 τὸ
2352 1528 2756 1599 θυσιαστήριον.
2790 1527 2984 1595 ’Ἄγιος
3026 1527 3137 1598 γὰρ
3187 1525 3282 1578 καὶ
3335 1525 3364 1577 6
3406 1524 3609 1594 νόμος,

2026 1621 2210 1677 καλῶν
2240 1622 2319 1686 είς
2352 1620 2644 1689 ἐπίγνωσιν
2684 1616 2777 1672 τοῦ
2818 1616 2959 1671 κατὰ
3000 1617 3161 1687 φύσιν
3193 1615 3365 1680 Θεοῦ,
3398 1618 3498 1669 καὶ
3532 1615 3612 1667 δι·-

2028 1709 2326 1780 καιοσύνης
2381 1708 2589 1780 εἴδησιν
2636 1709 2748 1771 τοῖς
2797 1706 3173 1777 ἀκροωμένοις
3210 1705 3462 1769 ἐντιθεὶς,
3514 1705 3613 1759 καί⁵

2032 1803 2115 1866 είς
2132 1801 2306 1872 ἀρχὰς
2335 1800 2674 1871 ἁγαθότητος
2698 1799 2990 1871 ἀποφέρων
3012 1800 3141 1862 τοὺς
3162 1799 3610 1869 παιδευομένους

2038 1912 2057 1945 ι
2108 1891 2277 1963 Ἀρχὴ
2334 1890 2464 1963 γὰρ,
2535 1892 2720 1962 φησιν,
2773 1889 2895 1944 ὁδοῦ
2940 1889 3152 1959 ἀγαθῆς
3202 1889 3265 1943 τὸ
3322 1892 3502 1943 ποιεῖν
3542 1889 3615 1944 τὰ

2029 1984 2234 2038 δίκαια.
2280 2002 2299 2035 ι
2336 1982 2543 2052 Γράφει
2588 1981 2645 2035 δέ
2677 1998 2778 2035 που
2832 1981 2924 2035 καὶ
2970 1982 2999 2034 6
3033 1979 3316 2044 θεσπέσιος
3361 1981 3612 2044 Παῦλος.

2036 2095 2055 2127 ι
2097 2076 2261 2129 Ὥστε
2291 2076 2320 2129 ό
2357 2074 2456 2146 μὲν
2488 2074 2654 2145 νόμος
2677 2074 2861 2142 ἅγιος,
2904 2073 2999 2126 καὶ
3032 2075 3065 2145 ἡ
3097 2071 3284 2144 ἐντολὴ
3326 2072 3477 2141 ἁγία,
3506 2074 3606 2125 καὶ

2029 2166 2214 2220 δικαία
2233 2166 2328 2220 καὶ
2348 2164 2546 2237 ἀγαθή.
2585 2183 2603 2215 ι
2637 2165 2825 2233 ’Δγιος
2842 2163 2899 2217 δὲ
2924 2164 3094 2231 ἁγίων
3118 2164 3146 2217 6
3166 2163 3347 2234 νόμος,
3377 2163 3439 2216 οὐ
3467 2162 3616 2216 κατὰ

2028 2274 2093 2326 γε
2124 2257 2225 2329 τὴν
2245 2254 2426 2321 σκιὰν,
2454 2254 2569 2309 ἀλλ’
2595 2255 2678 2308 ὅτι
2700 2254 2839 2325 πρὸς
2873 2254 3107 2326 Θεωρίαν
3133 2254 3181 2307 εί
3213 2255 3615 2327 μετατρέποιτο

2028 2351 2129 2425 τὴν
2155 2350 2556 2421 πνευματικὴν,
2593 2349 2754 2403 αὐτὸν
2784 2350 2914 2420 ἡμῖν
2940 2349 2989 2402 οἱ
3020 2348 3178 2404 τύποι
3208 2349 3615 2421 διακεκράγασι

2030 2444 2124 2497 τὸν
2164 2441 2435 2514 Χριστὸν,
2488 2440 2581 2493 τὸν
2631 2440 2823 2508 Ἀγιον
2889 2439 3062 2509 ἁγίων
3114 2439 3351 2511 ἀληθῶςο
3390 2439 3615 2507 ἁγιάζει

2030 2534 2140 2607 γὰρ
2173 2535 2249 2599 ὡς
2286 2534 2421 2598 Θεὸς
2446 2532 2524 2605 τῷ
2562 2532 2676 2603 [δίῳ
2706 2531 3019 2603 καταχρίων
3067 2532 3344 2602 πνεύματι
3381 2532 3511 2594 τοὺς
3557 2534 3615 2584 ἐν

2034 2626 2249 2700 μεθέξει
2293 2625 2586 2695 γεγονότας
2628 2622 2796 2678 αὑτοῦ
2835 2622 2923 2677 διὰ
2968 2623 3071 2693 τῆς
3119 2623 3379 2687 πίστεως.
3446 2622 3614 2691 Ἐγη-

2030 2717 2306 2792 γερμένης
2340 2716 2399 2771 δὲ
2443 2716 2508 2788 δὴ
2532 2756 2547 2782 ,
2578 2715 2673 2769 καὶ
2728 2715 2837 2787 μὴν
2878 2714 2970 2768 καὶ
3013 2713 3178 2786 ἐλαίῳ
3230 2714 3310 2785 τῷ
3355 2713 3495 2782 ἁγίῳ
3523 2731 3617 2767 κα-

2030 2806 2471 2880 τακεχρισμένης
2516 2805 2619 2878 τῆς
2664 2806 2826 2877 ἁγίας
2877 2806 3088 2878 σκηνῆς
3114 2846 3128 2872 ,
3189 2807 3253 2860 τὸ
3288 2807 3428 2877 μετὰ
3454 2806 3615 2861 τοῦτο

2032 2902 2302 2973 λέγωμεν,
2344 2901 2394 2954 εί
2420 2899 2588 2954 δοκεῖ.

1951 3097 1995 3157 C
2097 3082 2304 3137 IIAAA.
2339 3082 2485 3137 Πάνυ
2520 3079 2618 3152 μέν
2652 3072 2779 3136 οῦ).

2115 3176 2281 3229 ΚΥΡ.
2328 3175 2644 3246 Γέγραπται
2682 3173 2871 3228 τοίνυν
2915 3171 3036 3226 ὠδί⁶
3074 3192 3094 3225 ι
3133 3173 3249 3228 Καὶ
3296 3171 3616 3226 συνετέλεσε

2044 3263 2253 3334 Μωσῆς
2282 3263 2461 3317 πάντα
2496 3264 2566 3319 τὰ
2600 3262 2757 3335 ἔργα,
2805 3262 2901 3316 καὶ
2936 3262 3307 3332 συνεκάλυψεν
3351 3265 3384 3333 ἡ
3419 3261 3622 3330 νεφέλη

2043 3358 2144 3429 τὴν
2175 3356 2379 3429 σκηνὴν
2407 3355 2502 3411 τοῦ
2530 3356 2876 3429 μαρτυρίου,
2909 3356 3005 3410 καὶ
3028 3355 3189 3427 δόξης
3221 3355 3429 3427 Κυρίου
3453 3355 3624 3425 ἐπλη-

2047 3448 2196 3520 ρώθη
2231 3450 2264 3521 ἠ
2316 3449 2512 3520 σκηνή.
2544 3448 2659 3502 Καὶ
2702 3449 2803 3502 οὐκ
2837 3447 3078 3519 ἠδυνήθη
3113 3447 3319 3519 Μωσῆς
3363 3445 3625 3500 εἰσελθεῖν

2046 3542 2127 3603 είς
2156 3541 2258 3613 τὴν
2291 3540 2497 3613 σκηνὴν
2530 3537 2626 3595 τοῦ
2675 3540 3016 3612 μαρτυρίου,
3059 3540 3143 3594 ὃτι
3178 3537 3505 3602 ἐπεσκίαζεν
3541 3537 3625 3591 ἐπ’

2046 3634 2272 3706 αὐτὴνή
2299 3633 2519 3704 νεφέλη,
2546 3634 2641 3686 καί⁵
2674 3632 2833 3703 δόξης
2854 3632 3062 3704 Κυρίου
3091 3630 3335 3702 ἐπλήσθη
3366 3631 3400 3699 ἡ
3425 3629 3624 3700 σκηνή.

2059 3723 2321 3777 Ἠνίκαδέ
2339 3722 2506 3794 ἀνέϐη
2525 3723 2635 3777 ἀπὸ
2652 3723 2751 3793 τῆς
2764 3723 2989 3793 σκηνῆς,
3018 3721 3419 3790 ἀνεζεύγνυσαν
3447 3721 3497 3773 οί
3521 3719 3628 3773 υἱοὶ

2060 3811 2277 3895 Ἰσραὴλ
2307 3813 2405 3867 σὺν
2442 3815 2509 3884 τῇ
2540 3813 2787 3885 ἁπαρτία
2832 3810 3015 3866 αὐτῶν
3040 3826 3054 3842 ο
3086 3814 3135 3865 εί
3175 3812 3232 3866 δὲ
3264 3809 3339 3882 μὴ
3392 3808 3563 3895 ἁνέση
3594 3810 3627 3878 ἡ

2047 3902 2267 3973 νεφέλη,
2294 3903 2394 3957 οὐκ
2413 3901 2815 3971 ἀνεζεύγνυσαν
2866 3901 2971 3965 ἕως
2995 3902 3093 3972 τῆς
3115 3901 3351 3972 ἡμέρας,
3371 3894 3440 3971 ῆς
3457 3898 3625 3969 ἁνέὸη

2045 3995 2080 4065 ἡ
2115 3993 2310 4063 νεφέλη
2335 4008 2351 4025 ⁸
2384 3993 2579 4065 νεφέλη
2627 3993 2737 4063 γὰρ
2762 3988 2829 4065 ἦν
2875 3993 2969 4046 ἐπὶ⁸
3014 3994 3113 4063 τῆς
3142 3992 3347 4061 σκηνῆς
3388 3990 3625 4062 ἡμέρας,

2048 4084 2144 4138 καὶ
2178 4083 2291 4156 πῦρ
2322 4080 2390 4156 ἦν
2419 4084 2506 4138 ἐπ’
2546 4084 2719 4155 αὐτῆς
2752 4084 2968 4148 νυκτὸς,
3006 4083 3248 4138 ἐναντίον
3278 4084 3481 4146 παντὸς
3526 4084 3629 4136 ἰσ-

2052 4176 2190 4249 ραὴλ
2212 4216 2228 4241 ,
2262 4178 2319 4231 ἐν
2350 4177 2556 4241 πάσαις
2601 4178 2724 4241 ταῖς
2757 4176 3057 4245 ἀναζυγαῖς
3098 4175 3299 4230 αὐτῶν.
3344 4195 3363 4226 ι
3415 4174 3628 4228 Ἀναδε-

2046 4269 2338 4340 δειγμένης
2365 4269 2474 4338 γὰρ
2501 4270 2559 4323 ὲν
2588 4269 2780 4339 κόσμῳ
2809 4268 2910 4339 τῆς
2936 4268 3098 4337 ἁγίας
3126 4269 3222 4322 καὶ
3254 4266 3627 4339 ἀληθεστέρας

2049 4362 2277 4431 σκηνῆς,
2311 4359 2459 4414 τοῦτ’
2494 4359 2643 4423 ἐστι,
2675 4360 2774 4430 τῆς
2810 4359 2870 4424 ἐξ
2898 4358 3068 4413 ἐθνῶν
3113 4358 3444 4430 Ἑκκλησίας
3464 4399 3480 4423 ,
3510 4358 3626 4428 φῶς

359 4460 549 4527 clesia,
602 4459 809 4516 Christi
841 4460 1029 4515 lumen
1062 4458 1430 4515 circumfulsit
1476 4465 1533 4514 et
1571 4459 1728 4528 quasi
1757 4459 1932 4515 nubes

2042 4451 2448 4523 περιελάμπετο
2469 4449 2728 4523 Χριστοῦ,
2756 4453 2851 4504 καὶ
2873 4452 2907 4521 ἡ
2931 4449 3125 4521 νεφέλη
3144 4448 3441 4521 ὦσπερίτις
3464 4466 3625 4503 πνευ-

359 4552 609 4621 qutedam
641 4551 943 4623 spiritualis
969 4566 1207 4620 superno
1228 4565 1351 4605 rore
1380 4564 1482 4605 nos
1499 4549 1718 4605 abunde
1756 4550 1935 4605 laatiﬁ-

360 4661 512 4710 cans,
558 4646 653 4702 Dei
704 4645 969 4717 templum
1014 4642 1270 4713 complet.
1331 4640 1450 4695 Non
1503 4651 1687 4698 tamen
1732 4642 1934 4713 potuit,

361 4738 562 4809 inquit,
590 4736 804 4809 ingredi
852 4735 1096 4807 Moyses;
1129 4749 1307 4804 neque
1350 4734 1500 4789 enim
1531 4733 1813 4806 ingressus
1852 4744 1938 4790 est

361 4829 553 4896 Israel,
586 4829 714 4900 quia
752 4828 925 4884 divini
951 4826 1176 4883 luminis
1199 4826 1385 4882 radios
1417 4826 1562 4883 ferre
1584 4842 1695 4882 non
1728 4828 1930 4899 potuit,

361 4937 543 4993 neque
596 4922 863 4979 intellexit
901 4919 1107 4977 Christi
1145 4919 1501 4992 mysterium;
1545 4921 1657 4991 jam
1686 4936 1819 4977 vero
1868 4937 1938 4977 ne

364 5013 710 5085 spiritualem
739 5013 963 5083 quidem
1003 5009 1461 5069 illuminationem
1490 5010 1732 5075 admisit,
1757 5025 1938 5081 neque

359 5104 563 5161 mentis
588 5103 763 5158 oculis
780 5103 995 5159 Domini
1016 5102 1242 5173 gloriam
1263 5102 1492 5172 aspexit,
1514 5117 1639 5157 cum
1669 5116 1780 5172 quo
1806 5101 1939 5156 dum

359 5197 420 5252 in
442 5176 627 5267 ﬁgura
674 5192 839 5248 nubis
883 5208 950 5248 ex
998 5193 1105 5248 hoc
1128 5191 1334 5247 mundo
1364 5193 1752 5263 proﬁciscitur,
1787 5199 1846 5247 et
1868 5192 1936 5247 ad

362 5295 565 5351 supera
596 5277 791 5343 tendit,
818 5277 981 5332 simul
1024 5276 1427 5347 proﬁciscimur
1450 5275 1732 5331 Dominica
1762 5276 1932 5331 vesti-

360 5373 449 5442 gia
473 5378 893 5443 persequentes.
924 5370 1331 5427 lnitiavitenim
1369 5369 1531 5425 nobis
1554 5369 1698 5423 viam
1736 5383 1934 5423 novam

360 5471 418 5516 et
454 5462 729 5518 viventem
759 5503 773 5529 ,
831 5461 978 5517 illam
1007 5477 1130 5532 qua:
1167 5476 1388 5517 sursum
1431 5459 1585 5514 ducit
1613 5458 1667 5513 in
1691 5460 1932 5513 cmlum:

363 5551 606 5622 dumque
651 5555 996 5626 conquiescit
1056 5562 1221 5625 atque
1272 5551 1564 5616 considet,
1597 5551 1758 5607 simul
1806 5567 1935 5608 con-

472 5729 515 5761 "
547 5729 742 5800 Philip.
779 5750 835 5798 ll,
871 5736 923 5798 6,
961 5736 1012 5787 7.

316 5835 360 5875 ι.

2042 4544 2247 4615 ματικὴ
2266 4543 2457 4615 δρόσος
2483 4543 2634 4613 ἡμᾶς
2657 4544 2767 4606 τοῖς
2794 4542 3001 4596 ἄνωθεν
3031 4541 3301 4606 πλουσίως
3328 4540 3623 4596 καταπιαί-

2038 4651 2204 4689 νουσα
2227 4673 2243 4699 ,
2276 4634 2370 4688 τὸν
2402 4634 2544 4688 θεῖον
2568 4632 2697 4688 ναδν
2728 4632 3133 4704 ἀναπίμπλησι.
3169 4633 3338 4706 Πλὴν,
3372 4634 3474 4687 οὐκ
3496 4632 3621 4703 ἠδυ-

2035 4726 2195 4799 νήθη,
2230 4728 2416 4799 φησὶν,
2446 4721 2707 4781 εἰσελθεῖν
2736 4729 2764 4780 6
2792 4727 3018 4798 Μωσῆς,
3052 4727 3112 4780 οὐ
3147 4725 3257 4797 γὰρ
3299 4725 3620 4796 είσὸέδηκεν

2037 4823 2067 4876 6
2112 4821 2350 4893 Ἰσραὴλ,
2396 4820 2495 4892 τὴν
2525 4820 2621 4875 τοῦ
2652 4820 2798 4875 θείου
2833 4822 3009 4890 φωτὸς
3037 4819 3342 4892 προσϐολὴν
3379 4819 3621 4887 ἐνεγκεῖν

2040 4914 2102 4967 οὐ
2140 4912 2468 4984 δυνάμενος,
2504 4912 2709 4966 ἐπείτοι
2747 4912 2867 4966 οὐδὲ
2898 4916 3096 4983 συνῆκε
3123 4912 3185 4965 τὸ
3210 4909 3448 4981 Χριστοῦ
3482 4925 3621 4979 μυσ-

2038 5005 2224 5076 τήριον
2248 5047 2263 5072 ,
2294 5004 2410 5058 ἀλλ’
2445 5002 2568 5058 οὐδὲ
2596 5005 2912 5076 προσήκατο
2939 5004 3030 5057 τὸν
3062 5005 3120 5056 ἐν
3151 5000 3425 5072 πνεύματι
3455 5016 3620 5068 φωτι-

2040 5099 2214 5168 σμὸν,
2243 5098 2366 5153 οὐδὲ
2392 5097 2646 5152 τεθέαται
2694 5100 2809 5161 τοῖς
2856 5099 2955 5169 τῆς
2987 5096 3227 5161 διανοίας
3268 5096 3478 5167 δμμασι
3521 5092 3617 5163 τὴν

2037 5191 2195 5256 δόξαν
2221 5184 2517 5262 Κυρίου,ᾧ
2544 5191 2639 5244 καὶ
2664 5192 2739 5253 ὼς
2772 5192 2831 5246 ἐν
2860 5189 3017 5261 τύπῳ
3046 5188 3296 5260 νεφέλης,
3331 5188 3616 5259 ἀπαίροντι

2045 5281 2146 5352 μὲν
2173 5280 2268 5335 τοῦ
2299 5281 2508 5352 κόσμου
2558 5283 2653 5337 καὶ
2692 5282 2830 5354 πρὸς
2861 5282 2929 5335 τὰ
2986 5283 3098 5337 ἄνω
3144 5279 3446 5352 βαδίζοντι,
3492 5294 3617 5332 συν-

2043 5373 2355 5444 απαίρομεν
2384 5375 2504 5427 κατ’
2527 5372 2670 5444 ἴχνος
2694 5374 2864 5437 ἰόντες
2888 5373 2948 5427 τὸ
2967 5373 3299 5427 δεσποτικόν·
3319 5369 3615 5424 ἐνεκαίνισε

2041 5466 2151 5535 γὰρ
2188 5466 2320 5535 ἡμῖν
2346 5464 2444 5535 τὴν
2472 5465 2785 5535 πρόσφατόν
2814 5481 2875 5518 τε
2902 5464 2995 5518 κα)⁸
3029 5464 3209 5530 ζῶσαν
3235 5462 3379 5525 ὁδὸν,
3409 5461 3509 5531 τὴν
3537 5460 3615 5523 είς

2041 5555 2111 5608 τὰ
2133 5556 2243 5609 ἁνω
2272 5556 2417 5626 φημὶ
2444 5556 2542 5610 καί¹
2566 5558 2625 5611 ὲν
2650 5555 2886 5628 οὐρανῷ,
2911 5553 3311 5626 ἀναπαυομένῳ
3348 5552 3406 5606 δὲ
3429 5550 3615 5612 ὥσπερ

1090 5734 1133 5766 ¹³
1160 5732 1280 5788 Act.
1318 5749 1368 5797 x,
1404 5732 1493 5787 '56.
1576 5731 1617 5765 "
1647 5733 1807 5789 va.
1846 5748 1932 5787 xv:

2036 5775 2039 5785 .
2086 5731 2126 5762 ”
2156 5732 2313 5788 Rom.
2350 5748 2441 5800 me,
2472 5732 2554 5786 ιε.
2637 5732 2677 5762 ’⁸
2701 5733 2982 5798 Εῑυόνλι,
3004 5730 3187 5786 51-56.
