3996 6212
345 243 454 302 693

1090 242 1179 299 DE
1211 239 1652 300 ADOBATIONE
1690 239 1757 295 IN
1795 238 2065 297 SPIRITU
2105 241 2193 298 ET
2231 240 2601 299 VERITATE.
2643 239 2772 295 LIB.
2818 240 2882 294 Χ.

3508 239 3612 298 GM

349 352 445 406 καὶ
481 351 820 419 καταλύοντι,
855 354 1347 425 συναναπαυόμεθα
1383 355 1476 408 καὶ
1512 352 1918 422 συγκαταλύσο-

2041 356 2367 424 ιιιὶοεοοιηιιε
2415 364 2581 423 atque
2632 352 3066 408 considebimus.
3115 349 3272 406 Nube
3296 348 3446 405 enim
3482 366 3608 418 prr-

353 461 474 515 μεν.
516 444 853 520 ’Δπαιρούσῃ
884 446 942 500 δὲ
991 449 1058 519 τῇ
1091 446 1288 518 νεφέλῃ
1313 491 1327 511 ,
1365 445 1681 516 συναπῆρεν
1711 445 1739 497 6
1766 443 1920 507 λαός’

349 534 446 587 καὶ
484 535 865 608 καταλυούσης
888 576 905 603 ,
947 537 1409 607 συγκατηυλίζετο
1439 551 1453 564 ·
1488 554 1508 587 ‹
1558 534 1778 605 Νεφέλη
1816 534 1926 606 γὰρ

346 619 437 696 ἦν.
472 627 660 697 φησὶν,
696 628 792 681 ἐπὶ
826 629 925 699 τῆς
981 628 1186 698 σκηνῆς
1238 626 1334 697 τὴν
1380 627 1637 699 ἡμέραν,
1687 622 1925 696 καὶπῦρ

348 716 448 788 τὴν
487 717 680 777 νύκτα.
734 736 753 770 ι
796 719 1157 773 Καταπιαίνει
1194 719 1293 790 μὲν
1317 718 1427 790 γὰρ
1452 718 1480 772 6
1503 717 1739 788 Χριστὸς
1765 714 1924 788 χαρί-

350 825 523 878 σμασι
564 812 676 873 τοῖς
709 813 1128 881 πνευματικοῖς,
1158 811 1283 871 τοὺς
1307 809 1497 882 ὥσπερ
1524 810 1583 862 ἐν
1616 807 1798 879 ἡμέρᾳ
1833 805 1926 859 καὶ

347 901 487 968 φωτὶ
516 900 807 969 γεγονότας
821 940 837 967 ,
857 900 946 953 διά
967 917 1029 968 γε
1050 899 1144 953 τοῦ
1167 898 1265 971 τῆν
1286 900 1372 953 ἐπ’
1398 896 1547 969 αύτῷ
1567 896 1767 967 γνῶσιν
1793 894 1924 947 λεπ-

346 990 458 1055 τῶς
485 1008 544 1044 τε
573 993 669 1045 καὶ
702 991 1087 1065 ἐξητασμένως
1119 990 1281 1052 έλεῖν,
1326 991 1422 1045 καὶ
1445 984 1924 1059 ἐκλελαμπρύνθαι

345 1080 440 1135 τὸν
480 1081 627 1136 νοῦν’
674 1080 1045 1152 καταφωτίζει
1094 1081 1151 1135 δὲ
1200 1082 1324 1145 τοὺς
1375 1078 1784 1150 ἀμαθεστέρους
1818 1076 1921 1131 ἔτι.

347 1171 549 1236 Σκύτος
577 1172 635 1226 δὲ
675 1172 812 1236 ὅλως
845 1172 1117 1243 κοσμικῆς
1150 1172 1369 1243 ἀπάτης
1395 1170 1494 1225 οὐκ
1524 1170 1670 1223 ἔστιν
1701 1171 1758 1223 ἐν
1800 1170 1926 1222 Ἐκ-

346 1263 622 1333 κλησίαις,
655 1265 1186 1336 περιαστράπτοντος
1224 1263 1391 1327 αὐτὰς
1415 1261 1508 1315 τοῦ
1545 1260 1804 1334 Χριστοῦ,
1832 1260 1925 1315 καὶ

346 1354 521 1427 νοητῷ
572 1356 712 1425 φωτὶ
747 1356 815 1410 τὰ
858 1357 1150 1428 σύμπαντα
1188 1354 1621 1422 καταυγάζοντος
1653 1369 1668 1384 ·
1718 1354 1779 1406 ού
1815 1352 1925 1424 γάρ

346 1449 517 1517 ἐσμεν
542 1447 896 1510 νυκτὸς,‹ούδέ
920 1447 1166 1510 σκότους,
1199 1446 1310 1501 ἀλλ’
1338 1445 1446 1500 υίο)¹
1468 1444 1642 1515 φωτὸς
1669 1444 1765 1498 καὶ
1790 1444 1925 1515 ἡμέ-

349 1553 473 1606 ρας,
505 1536 646 1590 κατὰ
684 1536 748 1590 τὸ
780 1535 1186 1610 γεγραμμένον.

420 1629 629 1682 ΠΛΛΛ.
667 1626 875 1700 Ὀρθῶς
903 1626 1063 1698 ἔφης.
1162 1658 1169 1662 κ

2028 444 2328 509 ﬁciscentc,
2360 444 2525 499 simul
2576 442 3027 513 proﬁciscebatur
3058 440 3325 510 populus;
3347 445 3404 492 et
3424 438 3610 493 consi-

2026 535 2212 600 dente,
2274 536 2438 591 simul
2487 533 2860 590 considebat:
2927 552 2945 584 ‹
3006 531 3195 586 Nubes
3241 530 3390 585 enim
3456 538 3609 591 erat,

2026 626 2226 696 inquit,
2293 641 2461 696 super
2516 624 2932 680 tabernaculum
2977 638 3078 693 per
3143 621 3311 685 diem,
3361 629 3418 674 et
3469 620 3611 690 ignis

2025 734 2126 788 per
2177 727 2420 773 noctem.
2471 736 2490 768 ι
2533 716 2929 787 Spiritualibus
2981 729 3218 784 namque
3263 712 3611 769 charismatis

2024 824 2123 864 eos
2150 807 2404 864 Christus
2431 808 2644 879 irrigat,
2680 808 2775 879 qui
2807 815 3102 878 propterea
3137 815 3396 875 tanquam
3429 804 3486 858 in
3518 804 3609 857 die

2024 906 2153 954 sunt
2173 913 2237 954 ac
2268 898 2410 963 luce,
2438 897 2585 968 quod
2618 896 2962 953 subtiliorem
2995 896 3170 967 ipsius
3192 906 3357 966 atque
3381 910 3610 963 accura-

2028 990 2227 1045 tiorem
2258 989 2637 1061 cognitionem
2687 996 3079 1059 perceperunt,
3128 996 3186 1043 et
3217 996 3456 1042 mentem
3480 986 3606 1050 illu-

2025 1092 2252 1140 stratam
2287 1082 2494 1138 habent
2524 1101 2538 1136 :
2582 1098 2679 1139 eos
2704 1082 2877 1147 enim,
2914 1081 3010 1152 qui
3042 1089 3175 1137 sunt
3207 1081 3388 1147 adhuc
3417 1080 3606 1135 rudio-

2026 1190 2134 1241 res,
2161 1172 2621 1245 illuminat.35&.
2635 1171 2871 1228 Omnino
2902 1179 3088 1227 autem
3113 1170 3373 1225 mundani
3403 1171 3612 1225 erroris

2026 1270 2267 1325 tenebra:
2304 1270 2361 1325 in
2415 1265 2679 1323 Ecclesiis
2710 1265 2875 1320 nulla:
2906 1275 3056 1328 sunt,
3102 1279 3227 1319 cum
3275 1263 3481 1317 circum
3515 1278 3611 1317 cas

2023 1360 2280 1416 Christus
2327 1359 2556 1431 fulgeat,
2603 1366 2660 1414 et
2682 1356 2956 1428 spirituali
2999 1356 3206 1411 lumine
3240 1355 3493 1409 universa
3529 1354 3608 1407 si-

2025 1451 2138 1506 mul
2172 1451 2409 1506 illustret
2443 1467 2457 1503 :
2486 1465 2596 1504 non
2638 1447 2787 1503 enim
2819 1462 3014 1502 sumus
3040 1446 3220 1501 noctis
3251 1460 3431 1515 neque
3455 1452 3609 1500 tene-

2024 1542 2271 1607 brarum,
2296 1541 2394 1597 sed
2425 1538 2524 1594 ﬁlii
2552 1539 2694 1594 lucis
2719 1548 2775 1594 et
2800 1537 2932 1602 diei,
2958 1545 3022 1592 ut
3045 1537 3312 1608 scriptum
3332 1544 3419 1591 est
3437 1536 3498 1588 “.

2094 1632 2293 1689 PALL.
2316 1631 2488 1687 Recte
2519 1628 2623 1685 ais.

417 1718 584 1775 ΚΥΡ.
630 1695 967 1791 Προσθέντες
994 1695 1054 1774 δὲ
1094 1718 1339 1787 τούτοις,
1380 1719 1476 1775 καὶ
1517 1719 1619 1774 οὐκ
1657 1720 1716 1775 ἐν
1759 1718 1926 1790 μήκει

2094 1723 2252 1780 CYR.
2302 1723 2401 1778 His
2438 1720 2763 1793 adjiciemus
2816 1717 3059 1773 breviter
3089 1718 3256 1788 leges,
3284 1732 3405 1787 qua:
3430 1714 3497 1769 ad
3529 1721 3610 1769 ta-

345 1811 543 1881 λόγων,
578 1812 704 1875 τοὺς
749 1811 844 1865 ἐπί
881 1827 945 1880 γε
976 1812 1044 1883 τῇ
1078 1813 1251 1882 σκηνῇ
1289 1810 1522 1882 νόμους,
1572 1809 1674 1875 τάς
1715 1826 1777 1863 τε
1816 1809 1925 1863 τῶν

348 1903 498 1958 λαῶν
527 1903 871 1976 δωροφορίας
894 1942 911 1968 ,
940 1904 1035 1958 καὶ⁵
1064 1902 1171 1975 μὴν
1192 1902 1287 1958 καὶ
1315 1902 1584 1975 ἁπάρσεις
1610 1902 1705 1958 καὶ
1732 1919 1929 1958 συναυ-

347 1996 600 2067 λισμοὺς,
630 1995 1034 2068 ἀφηγησόμεθα
1060 2013 1074 2027 ·
1112 1996 1184 2051 ἴοι
1210 1995 1320 2067 γὰρ
1350 1996 1417 2053 ἂν
1434 1995 1577 2051 οὕτω
1609 1996 1747 2068 πρὸς
1771 1991 1926 2069 οἶμον

346 2087 515 2161 ὀρθὴν
543 2090 573 2142 6
591 2087 773 2156 λόγος.

416 2180 627 2235 ΠΑΛΛ.
654 2177 943 2251 Σύμφημι.

420 2271 585 2325 ΚΥΡ.
614 2270 942 2325 Δεδικαίωκε
981 2271 1164 2328 τοίνυν
1198 2272 1229 2327 6
1262 2271 1561 2344 νομοθέτης
1610 2270 1708 2326 καὶ
1734 2271 1930 2344 κριτὴς

349 2361 410 2413 ἐν
440 2357 580 2431 μόνῃ
607 2358 673 2430 δὴ
704 2359 899 2430 χρῆναι
927 2363 996 2432 τῇ
1031 2361 1164 2433 ἁγίᾳ
1197 2364 1370 2434 σκηνῇ
1404 2362 1506 2426 τὰς
1530 2361 1722 2427 θυσίας
1750 2365 1932 2417 ἐπιτε-

349 2450 479 2516 λεῖν,
514 2450 641 2514 τοὺς
671 2450 830 2523 εἴπερ
864 2450 931 2506 ἂν
956 2452 1159 2507 ἕλοιντο
1189 2452 1350 2507 τοῦτο
1380 2453 1536 2525 δρᾷν,
1562 2454 1819 2524 ἀφιστὰς,
1850 2450 1931 2509 οἴ-

354 2545 451 2615 μαί
488 2561 613 2610 που,
649 2544 748 2613 τῆς
779 2543 949 2599 ἑώλου
965 2545 1556 2618 ψευδολατρείας,·τῆς
1580 2549 1638 2600 ἐν
1671 2547 1933 2620 Αἰγύπτῳ

351 2636 530 2706 φημὶ,
561 2636 692 2690 ἔνθα
726 2637 894 2701 πολὺς
934 2638 1034 2709 μὲν
1077 2638 1107 2689 6
1155 2636 1263 2692 τῶν
1303 2636 1538 2693 εἰδώλων
1579 2640 1931 2711 ἐμπαιγμδς,

238 2751 242 2755 >
353 2725 491 2780 θεῶν
526 2742 588 2779 τε
635 2725 747 2779 τῶν
794 2725 1162 2797 ψευδωνύμων
1201 2728 1236 2796 ἠ
1274 2724 1646 2799 ἀκαλλεστάτη
1691 2725 1932 2797 πληθὺς,

353 2818 474 2874 οὐδὲ
499 2818 682 2882 αὐτοῖς
706 2818 848 2889 τάχα
875 2835 979 2872 που
992 2820 1106 2881 τοῖς
1127 2820 1453 2888 προσκυνεῖν
1478 2818 1774 2890 ᾑρημένοις
1796 2833 1936 2886 γνω-

2028 1814 2389 1871 bernaeulum
2419 1813 2720 1884 pertinent,
2754 1819 2810 1866 et
2854 1810 3162 1866 oblationes
3214 1808 3424 1879 populi,
3479 1822 3610 1877 pro-

2026 1906 2294 1962 fectiones
2333 1904 2499 1961 etiam
2530 1919 2595 1959 ac
2638 1903 2903 1959 stationes
2949 1916 3321 1978 exponemus;
3352 1900 3432 1955 sic
3461 1898 3611 1954 enim

2032 2007 2182 2055 recto
2214 1997 2415 2053 itinere
2444 1995 2831 2067 progredietur
2863 1993 3060 2049 oratio.

3199 2108 3249 2119 δν

2100 2192 2298 2249 PALL.
2321 2188 2625 2246 Assentior.

2100 2285 2257 2345 CYB.
2295 2282 2591 2339 Constituit
2619 2280 2767 2336 enim
2804 2279 2895 2334 ille
2941 2277 3221 2349 legislator
3246 2290 3311 2329 ac
3331 2272 3523 2343 judex,
3551 2277 3627 2325 ut.

2034 2379 2088 2433 in
2130 2384 2319 2434 sancto
2362 2375 2459 2430 illo
2491 2371 2848 2429 tabernaculo
2895 2369 3158 2425 duntaxat
3188 2364 3455 2421 sacriﬁcia
3477 2378 3628 2417 con--

2032 2475 2393 2533 summarcnt,
2439 2467 2753 2537 quicunque
2796 2462 2851 2518 id
2901 2463 3081 2517 facere
3111 2459 3337 2522 vellent,
3382 2463 3445 2510 ut
3494 2467 3621 2516 eos;

2032 2562 2249 2632 opinor,
2284 2560 2353 2615 ab
2387 2559 2482 2614 illo
2525 2556 2698 2612 veteri
2732 2555 2884 2610 cultu
2917 2554 3066 2608 falsa:
3090 2548 3373 2620 religionis
3397 2552 3630 2632 avertef

2034 2630 2137 2715 ret,
2163 2665 2326 2722 quem
2377 2650 2433 2704 in
2489 2647 2718 2720 (Egypto
2763 2645 3025 2700 nimirum
3082 2639 3487 2700 exhibueranty
3518 2630 3617 2688 ubi

2035 2744 2209 2798 multa
2276 2740 2531 2812 vigebant
2587 2738 2861 2793 idolorum
2919 2728 3620 2798 ludibriakl‘alsorumque

2035 2834 2265 2891 deorum
2294 2830 2609 2902 turpissima
2645 2829 2826 2892 turba,
2866 2842 2990 2897 qua:
3022 2840 3090 2879 ne
3114 2823 3184 2877 ab
3213 2820 3347 2891 ipsis
3370 2817 3616 2888 quidem,

358 2909 602 2983 ρίζεσθαι
628 2909 902 2982 δυναμένη
940 2924 954 2940 ⁸
990 2910 1206 2964 ἀνεῖται
1237 2907 1294 2963 δὲ
1331 2909 1424 2963 καὶ
1460 2910 1521 2963 τὸ
1552 2908 1721 2965 θύειν.
1747 2909 1935 2980 ὥσπερ

2041 2928 2131 2997 qui
2150 2927 2380 2982 adorare
2425 2923 2650 2986 vellent,
2684 2917 2940 2991 cognosci
2973 2923 3193 2987 posset;
3226 2912 3329 2966 ubi
3345 2909 3513 2966 etiam
3549 2907 3629 2962 lio

356 3002 424 3057 ἂν
453 3001 627 3056 ἕλοιτο
657 3018 762 3065 τις.
786 3000 943 3085 ’κατά
966 3018 1031 3070 γε
1055 3001 1116 3055 τὸ
1140 3000 1247 3055 ὑπό
1279 3018 1373 3054 του
1396 3001 1505 3055 τῶν
1538 3003 1670 3074 παρ’
1704 3001 1931 3071 Ἕλλησι

2041 3021 2230 3075 herum
2260 3026 2380 3073 erat
2404 3014 2623 3085 cuique,
2648 3028 2715 3066 eo
2740 3010 2903 3065 modo
2929 3007 3261 3069 sacriﬁcare,
3281 3017 3391 3073 quo
3413 2998 3628 3055 voluis-

358 3094 535 3164 σοφῶν
552 3080 841 3165 ἀτημελῶς
860 3093 1172 3165 εἰρημένον,
1194 3092 1352 3156 ἄλλος
1364 3093 1408 3147 δ’
1425 3092 1571 3164 ἄλλῳ
1593 3092 1748 3164 ἔρεζε
1771 3092 1931 3147 θεῶν.

368 3184 626 3253 ’Δφιστὲς
656 3179 748 3237 οὖν
777 3184 876 3254 τῆς
912 3181 1057 3237 οὕτω
1085 3183 1300 3255 ψυχρᾶς
1330 3199 1391 3236 τε
1430 3184 1523 3237 καὶ
1565 3181 1796 3254 βεϐήλου
1823 3199 1935 3254 τριο

357 3275 463 3346 ϐῆς
506 3275 603 3330 καὶ
634 3274 930 3342 συνηθείας
970 3275 1355 3345 ἁλογωτὰτης,
1406 3272 1510 3345 ἔφη
1556 3274 1716 3328 πάλιν
1759 3274 1817 3325 ἐν
1861 3272 1935 3343 τῷ

354 3366 650 3439 Λευιτικῷ·
675 3387 694 3420 ι
719 3366 966 3437 Λάλησον
985 3366 1137 3438 πρὸς
1151 3365 1358 3439 Ἀαρὼν
1374 3367 1622 3439 καὶπρὸς
1642 3367 1767 3430 τοὺς
1789 3368 1938 3432 υίοὺς

357 3457 545 3521 αὐτοῦ,
567 3457 817 3528 καὶπρὸς
837 3456 1043 3521 πάντας
1069 3457 1197 3522 τοὺς
1217 3458 1369 3522 υἱοὺς
1404 3457 1644 3530 Ἰσραὴλ,
1672 3457 1767 3511 καὶ
1793 3459 1938 3528 ἐρεῖς

357 3547 499 3616 πρὸς
530 3546 729 3610 αύτούς
752 3563 766 3577 ο
806 3545 979 3599 Τοῦτο
1019 3546 1083 3601 τὸ
1129 3548 1282 3617 ῥῆμα
1327 3547 1356 3600 6
1395 3547 1702 3601 ἐνετείλατο
1734 3546 1939 3617 Κύριος

358 3639 559 3710 λέγων’
594 3638 914 3710 Ἀνθρωπος
948 3638 1057 3695 τῶν
1086 3638 1218 3692 υἱῶν
1262 3639 1514 3710 Ἰσραὴλ,
1551 3639 1585 3710 ἢ
1617 3638 1725 3692 τῶν
1769 3656 1939 3711 προσ-

362 3731 634 3805 κειμένων
659 3734 716 3786 ἐν
759 3734 910 3805 ὑμῖν,
941 3732 999 3796 ὃς
1024 3730 1108 3786 ἂν.
1125 3731 1302 3803 σφάξῃ
1338 3732 1540 3803 μόσχον
1573 3731 1606 3802 ἥ
1645 3732 1938 3802 πρόϐατον,

359 3824 397 3894 ἦ
430 3820 562 3892 αἶγα
596 3826 654 3878 ἐν
679 3826 746 3895 τῇ
780 3824 1128 3895 παρεμϐολῇ,
1166 3824 1259 3877 καὶ⁵
1289 3822 1349 3887 ὃς
1377 3823 1474 3878 ἐὰν
1504 3823 1683 3895 σφάξῃ
1712 3823 1818 3889 ἔξω
1843 3826 1942 3897 τῆς

362 3916 740 3988 παρεμϐολῆς,
766 3917 860 3970 καὶ
897 3917 989 3969 ἐπὶ
1015 3917 1116 3988 τὴν
1141 3914 1310 3987 θύραν
1336 3916 1434 3987 τῆς
1454 3919 1660 3990 σκηνῆς
1680 3918 1775 3972 τοῦ
1805 3936 1944 3990 μαρ-

363 4012 552 4084 τυρίου
595 4011 670 4083 μὴ
719 4010 950 4082 ἐνέγκῃ,
994 4010 1134 4064 ὥστε
1181 4009 1409 4081 ποιῆσαι
1443 4009 1574 4064 αὐτὸ
1608 4013 1689 4075 είς
1721 4011 1948 4066 ὁλοκαύ-

363 4118 547 4173 τωμα,
573 4101 607 4172 ἢ
637 4101 902 4172 σωτήριον
931 4099 1009 4170 τῷ
1034 4098 1247 4169 Κυρίῳ,
1280 4098 1468 4153 δεκτδν
1494 4100 1576 4163 εἰς
1608 4099 1783 4172 ὀσμὴν
1809 4101 1947 4155 εὐω-

363 4193 507 4258 δίας·
538 4193 632 4247 καὶ
657 4193 717 4256 ὃς
748 4192 815 4247 ἂν
853 4191 1035 4263 σφάξῃ
1060 4190 1166 4256 ἔξω
1190 4190 1284 4244 ἐπὶ
1308 4191 1407 4263 τὴν
1427 4190 1598 4263 θύραν
1618 4191 1717 4263 τῆς
1742 4194 1946 4264 σκηνῆς

2038 3119 2140 3175 sct,
2180 3118 2241 3165 ut
2282 3118 2364 3163 est
2393 3123 2423 3161 a
2456 3105 2700 3175 sapiente
2751 3100 2990 3171 quodam
3023 3096 3215 3168 gentili
3274 3103 3484 3148 temere
3530 3088 3622 3142 di-

2040 3211 2217 3265 ctum;
2250 3200 2391 3254 alius
2433 3198 2565 3251 vero
2613 3193 2705 3248 alii
2738 3191 2841 3263 deo
2875 3187 3240 3245 sacrificabat.
3274 3184 3358 3239 Ab
3388 3183 3492 3236 hoc
3520 3178 3624 3248 igi-

2041 3302 2132 3348 tur
2152 3293 2290 3347 adeo
2313 3272 2481 3344 stulto
2511 3295 2676 3355 atque
2704 3283 2881 3352 impio
2904 3296 3008 3336 usu
3035 3287 3094 3334 et
3117 3275 3356 3332 absurda
3382 3285 3625 3328 consue-

2043 3381 2234 3437 tudine
2287 3392 2410 3433 cum
2443 3391 2541 3431 eos
2590 3371 2867 3429 abducere
2916 3368 3102 3431 vellet,
3146 3364 3284 3420 dixit
3338 3376 3532 3417 rursus
3561 3359 3627 3413 in

2044 3471 2289 3528 Levitico
2324 3487 2337 3522 :
2379 3487 2397 3518 ι
2429 3464 2787 3536 Loqueread
2828 3462 3030 3522 Aaron,
3058 3466 3115 3512 et
3139 3455 3207 3510 ad
3232 3454 3373 3508 ﬁlios
3402 3452 3540 3522 ejus,
3564 3456 3628 3503 ek

2045 3564 2113 3619 ad
2165 3575 2358 3617 omnes
2402 3558 2543 3613 ﬁlios
2578 3558 2767 3622 Israel,
2808 3563 2864 3611 et
2918 3551 3069 3606 dices
3127 3547 3194 3602 ad
3219 3560 3316 3600 eos
3345 3542 3508 3598 :.lloc
3536 3548 3627 3595 est

2044 3655 2294 3718 verbum,
2321 3652 2468 3723 quod
2493 3650 2752 3721 przecepit
2777 3645 3063 3706 Dominus,
3085 3640 3276 3695 dicens
3305 3654 3318 3690 :
3348 3635 3524 3690 Homo
3550 3648 3626 3687 ex.
3683 3670 3695 3689 .

2047 3746 2173 3801 ﬁliis
2202 3745 2389 3811 Israel,
2422 3744 2509 3799 vel
2532 3759 2599 3798 ex
2631 3743 2718 3806 iis,
2753 3738 2848 3811 qui
2888 3732 3124 3807 appositi
3158 3737 3288 3786 sunt
3318 3726 3499 3790 vobis,
3525 3723 3631 3795 qui

2047 3836 2313 3894 occiderit
2339 3835 2572 3890 vitulum
2595 3841 2691 3889 aut
2737 3845 2918 3893 ovem,
2962 3835 3058 3881 aut
3081 3837 3301 3893 capram
3326 3820 3382 3874 in
3405 3817 3625 3880 castris,

2048 3938 2105 3984 et
2129 3928 2222 3997 qui
2244 3926 2511 3981 Occiderit
2540 3931 2698 3979 extra
2726 3929 2925 3983 castra,
2951 3927 3007 3973 et
3040 3915 3109 3971 ad
3140 3916 3340 3970 ostium
3365 3911 3622 3965 taberna-

2050 4019 2157 4074 culi
2199 4016 2498 4071 testimonii
2546 4029 2656 4068 non
2701 4010 2970 4073 attulerit,
3006 4014 3069 4060 ut
3091 4004 3255 4058 faciat
3308 4000 3446 4055 illud
3472 3998 3627 4052 holov

2051 4114 2301 4162 caustum
2324 4106 2406 4160 vel
2437 4101 2766 4158 sacriﬁcium
2795 4098 3057 4159 salutare,
3078 4092 3311 4149 Domino
3340 4095 3629 4158 acceptum

2053 4200 2109 4254 in
2130 4198 2355 4253 odorem
2386 4192 2703 4257 suavitatis;
2736 4198 2794 4245 et
2819 4189 2915 4259 qui
2971 4184 3238 4242 occiderit
3265 4189 3438 4244 extra,
3477 4190 3534 4234 et
3557 4178 3626 4233 ad

366 4284 462 4338 τοῦ
499 4284 820 4356 μαρτυρίου,
853 4283 946 4337 καὶ
969 4282 1044 4354 μὴ
1069 4284 1266 4355 ἐνέγκῃ
1303 4281 1456 4347 αὐτὸ,
1486 4281 1631 4336 ὥστε
1658 4283 1735 4354 μὴ
1779 4299 1937 4354 προσ-

2048 4291 2250 4348 ostium
2280 4284 2617 4344 tabernaculi
2649 4280 2948 4338 testimonii
3002 4294 3115 4333 non
3166 4273 3416 4331 attulerit
3466 4270 3626 4333 illud,

367 4382 572 4449 ενέγκῃ
622 4375 797 4447 δῶρον
828 4374 1021 4445 Κυρίῳ
1052 4375 1311 4428 ἀπέναντι
1331 4374 1429 4443 τῆς
1453 4373 1663 4445 σκηνῆς
1697 4373 1906 4445 Κυρίου
1928 4415 1945 4440 ,

370 4467 464 4521 καὶ
492 4464 877 4536 λογισθήσεται
906 4464 985 4536 τῷ
1003 4463 1274 4536 ἀνθρώπῳ
1297 4462 1509 4534 ἐκείνῳ,
1541 4457 1684 4535 αἷμα
1711 4461 1948 4535 ἐξέχεεν,

369 4556 880 4629 ἐξολοθρευθήσεται
903 4559 937 4629 ἡ
958 4557 1110 4628 ψυχὴ
1132 4556 1310 4627 ἐκείνη
1335 4558 1400 4609 ἐκ
1418 4555 1515 4610 τοῦ
1543 4556 1677 4611 λαοῦ
1707 4557 1897 4626 αὐτῆς.
1926 4575 1945 4608 ι

371 4646 517 4721 Αἷμα
550 4650 649 4722 μὲν
678 4646 772 4705 οὖν
813 4651 1016 4722 ἐκχεῖν,
1045 4650 1140 4704 καὶ
1163 4652 1277 4712 τοῖς
1296 4652 1374 4712 εἰς
1406 4649 1736 4719 μιαιφωνίαν
1755 4650 1955 4722 ἐγκλή-

374 4760 539 4813 μασιν
570 4742 756 4814 ένοχον
789 4741 1010 4796 ἔσεσθαι
1036 4741 1139 4807 τὸν
1178 4739 1284 4805 ἔξω
1330 4738 1528 4794 θύοντα
1575 4740 1675 4811 τῆς
1722 4743 1946 4812 σκηνῆς.

385 4836 610 4889 Ἑαυτὸν
640 4836 753 4905 γὰρ
776 4835 964 4906 ὥσπερ
996 4832 1320 4905 διεχρήσατό
1348 4848 1464 4897 τις,
1491 4833 1588 4887 καὶ
1619 4833 1719 4905 τὴν
1740 4832 1948 4887 οἰκείαν

372 4927 679 4999 ῶλάθρευσε
729 4926 944 4997 ψυχὴν,
1004 4927 1031 4979 ὁ
1080 4925 1217 4979 θεοῦ
1281 4924 1381 4995 μὲν
1432 4923 1526 4978 τοῦ
1587 4924 1729 4978 κατὰ
1786 4923 1948 4993 φύσιν

375 5020 612 5088 ἀφιστὰς
665 5018 874 5089 αὐτὴν,
927 5018 1250 5089 προσνέμων
1302 5018 1359 5072 δὲ
1408 5016 1579 5081 λίθοις
1626 5018 1722 5070 καὶ
1770 5017 1948 5081 ξύλοις

376 5115 476 5168 καὶ
505 5118 626 5178 ταῖς
665 5116 773 5169 τῶν
812 5116 1104 5186 δαιμονίων
1142 5116 1378 5178 ἀπάταις
1421 5112 1714 5177 ἀνατιθείς.
1748 5114 1869 5166 Ὅτι
1900 5113 1957 5165 δὲ

377 5207 438 5260 οὐ
495 5208 606 5259 πᾶν
674 5208 860 5271 ἁπλῶς
923 5208 1069 5279 θῦμα
1135 5207 1287 5277 παρὰ
1340 5206 1439 5268 τὰς
1494 5205 1664 5277 θύρας
1726 5205 1955 5274 ἄγεσθαι

378 5296 713 5371 προστέταχε
761 5298 860 5367 τῆς
911 5300 1151 5368 σκηνῆς,
1187 5297 1303 5350 ἀλλ’
1337 5298 1473 5367 ὅπερ
1523 5297 1698 5351 ἕλοιτὸ
1740 5314 1828 5361 τις
1876 5300 1957 5360 εἱς

379 5391 573 5444 θυσίαν
645 5389 927 5444 ἀλαθεῖ-θαι
972 5389 1092 5457 θεῷ
1120 5428 1134 5449 ,
1184 5389 1420 5457 δέδειχεν
1470 5389 1712 5460 ἐναργῶς
1792 5406 1958 5459 προσ·

380 5481 606 5549 επάγων
642 5479 836 5544 εὐθύςυ
876 5500 892 5531 ι
935 5481 1042 5534 Καὶ
1092 5478 1155 5532 οὐ
1202 5479 1455 5533 θύσουσιν
1502 5480 1593 5532 ἐπὶ
1630 5478 1727 5543 τὰς
1768 5478 1957 5544 θυσίας

460 5665 499 5695 ³⁷
526 5662 759 5719 lTItess.
790 5680 845 5727 v,
1045 5661 1084 5692 ¹⁸
1115 5660 1291 5716 Levit.
1320 5677 1446 5729 δικ-ιι,
1480 5660 1515 5714 2
1546 5675 1694 5731 seqq.

2045 4390 2108 4437 ut
2133 4379 2333 4435 oﬁerat
2365 4376 2572 4439 donum
2624 4370 2858 4428 Domino
2913 4381 3097 4424 coram
3140 4362 3492 4419 tabernaculo
3518 4360 3626 4413 Do-

2046 4474 2213 4539 mini;
2248 4470 2471 4543 sanguis
2497 4464 2860 4538 imputabitur
2904 4457 3119 4516 homini
3156 4455 3233 4510 illi
3262 4471 3277 4520 ;
3305 4451 3629 4522 sanguinem

2047 4565 2264 4631 eﬁ'udit,
2291 4558 2756 4618 exterminabitur
2776 4554 2956 4609 anima
2980 4550 3072 4605 illa
3094 4548 3162 4604 de
3178 4545 3383 4617 populo
3403 4558 3504 4597 suo
3526 4542 3588 4594 ⁸⁸.
3603 4560 3623 4591 ι

2051 4654 2385 4727 Sanguinem
2444 4652 2612 4723 igitur
2688 4646 2959 4708 fundere,
3017 4649 3074 4696 ct
3135 4633 3417 4693 homicidii
3472 4646 3629 4686 reum

2055 4722 2193 4812 fore,
2225 4745 2404 4815 inquit
2447 4757 2596 4807 eum,
2625 4740 2720 4810 qui
2746 4746 2902 4794 extra
2926 4728 3334 4790 tabernaculum
3361 4722 3631 4781 sacriﬁca-

2054 4840 2222 4895 verit.
2277 4838 2527 4907 Seipsum
2578 4834 2725 4887 enim
2758 4828 3051 4891 interfecit,
3084 4840 3147 4879 ac
3194 4835 3348 4877 suam
3393 4816 3632 4872 animam

2054 4927 2314 4998 perdidit,
2345 4924 2596 4996 quisquis
2630 4924 2777 4978 illam
2805 4921 2874 4977 ab
2898 4937 2985 4983 eo,
3009 4917 3102 4988 qui
3137 4910 3436 4969 secundum
3466 4916 3628 4998 natu—

2054 4996 2172 5074 ram
2206 5019 2350 5073 Deus
2404 5024 2511 5081 est,
2554 5013 2774 5075 avertit,
2820 5024 3052 5080 eamque
3082 5003 3361 5075 lapidibus
3382 5016 3444 5054 ac
3469 4996 3633 5067 lignis

2056 5123 2113 5167 et
2151 5110 2550 5168 daemoniorum
2602 5106 2888 5162 erroribus
2933 5102 3157 5159 dicavit.
3205 5098 3474 5153 Czeterum
3522 5105 3633 5143 non

2055 5219 2274 5259 onmem
2306 5216 2532 5273 prorsus
2557 5199 2832 5254 victimam
2865 5195 2933 5251 ad
2959 5194 3158 5250 ostium
3185 5186 3345 5260 355
3376 5184 3630 5273 taberna-

2058 5297 2173 5352 culi
2200 5295 2391 5352 aﬁ‘erri
2422 5293 2770 5364 praecepisse,
2800 5289 2894 5345 sed
2914 5304 3035 5343 cam
3064 5287 3350 5343 duntaxat,
3379 5287 3542 5364 quam
3576 5269 3630 5323 ίιι

2056 5387 2388 5444 sacriﬁcium
2410 5387 2612 5441 olfcrre
2642 5386 2754 5439 Deo
2781 5382 3013 5451 quisque
3036 5376 3317 5433 voluisset,
3348 5362 3631 5437 perspicue

2058 5480 2319 5545 ostendit,
2348 5495 2473 5534 cum
2523 5476 2667 5531 illico
2717 5472 2998 5541 subiunxit
3027 5488 3038 5523 :
3074 5490 3089 5520 ι
3126 5467 3189 5522 Et
3218 5476 3326 5517 non
3360 5454 3630 5512 sacriﬁca-
