3996 6212
334 5702 346 5781 ἔ

372 240 481 299 ϐθδ

1361 243 1418 299 S.
1458 242 1734 299 CYRILLI
1770 240 2240 302 ALEXANDRINI
2279 244 2608 305 ΔΒΕΗΙΕΡό

3524 253 3629 312 696

374 354 516 408 bunt
575 352 842 409 sacriﬁcia
887 369 983 408 sua
1013 352 1370 417 vanitatibus,
1420 368 1550 408 cum
1590 352 1797 423 quibus
1851 353 1954 424 ipsi

2073 358 2241 413 ιὺτῶν
2261 362 2375 424 τοῖς
2401 362 2674 432 ματαίοις,
2704 355 2787 426 οἷς
2815 362 2970 418 αὐτοί⁵
2998 364 3438 437 ἐκπορνεύσωσιν
3458 366 3634 422 ὀπίσω

375 444 719 499 fornicamur
745 440 870 514 post
892 459 986 499 eas
1015 444 1077 496 ".
1124 465 1142 495 ι
1174 442 1345 513 Igitur
1390 444 1669 499 interdicit
1705 459 1950 515 prorsus,

376 550 448 590 ne
473 536 599 605 quis
628 536 776 589 nullo
807 534 1148 599 discrimine,
1215 536 1524 605 cuicunque
1561 535 1712 600 velit,
1739 535 1953 590 sacriﬁ-

377 637 493 693 cet;
522 627 622 682 soli
645 625 922 690 autem‘ei,
950 625 1046 695 qui
1077 627 1382 682 secundum
1410 635 1663 682 naturam
1684 627 1832 683 Deus
1845 634 1952 691 est,

378 715 585 769 cultum
610 713 980 769 exhibendum
1004 730 1146 782 esse,
1175 717 1518 787 apertissime
1550 716 1705 774 dicit.

448 804 643 859 PALL.
684 805 954 862 Praeclare
984 822 1117 863 sane
1149 808 1358 864 dictum
1390 817 1494 865 est.
1607 813 1610 817 “

448 897 605 953 ογιι.
646 898 759 953 Nec
783 914 917 954 vero
942 899 1295 955 mediocriter
1324 902 1501 972 juvat,
1530 901 1577 956 si
1606 900 1716 956 alio
1736 915 1956 972 quoque

379 988 542 1045 modo
592 990 963 1061 intelligamus
1017 992 1311 1063 expedire,
1358 1002 1523 1064 atque
1567 993 1735 1049 etiam
1786 1007 1957 1064 prope

376 1088 749 1143 necessarium
789 1103 931 1152 esse,
968 1089 1025 1143 in
1068 1098 1257 1143 sancto
1298 1089 1561 1144 duntaxat
1601 1087 1958 1143 tabernaculo

377 1177 643 1233 sacriﬁcia
671 1177 810 1242 ﬁeri,
839 1194 903 1233 ac
932 1193 1119 1234 sacras
1144 1178 1396 1233 victimas
1417 1176 1628 1233 oﬁ'erri.

450 1356 645 1412 PALL.
686 1356 808 1423 Quo
832 1355 1051 1410 tandem
1080 1354 1278 1409 modo?
1344 1344 1349 1349 ’

448 1447 608 1502 CYR.
648 1447 842 1501 Annon
889 1445 1183 1515 imaginem
1208 1459 1272 1499 ac
1296 1443 1524 1515 ﬁguram
1548 1440 1722 1513 ipsius
1743 1440 1961 1496 Emma-

380 1535 508 1590 nuel
542 1551 663 1591 esse
695 1534 1015 1590 dicebamus
1053 1533 1206 1587 illum
1245 1533 1500 1595 vitulum,
1524 1531 1619 1601 qui
1646 1547 1747 1602 pro
1775 1546 1958 1587 sacer-

379 1628 508 1682 dote
541 1634 597 1681 et
634 1627 821 1697 p0pnli
852 1626 1156 1697 ignorantia
1185 1625 1252 1680 ad
1305 1623 1720 1681 tabernaculum
1758 1632 1961 1679 macta—

379 1718 581 1773 batur?

450 1807 647 1864 PALL.
691 1807 1043 1863 Dicebamus.

447 1900 606 1955 CYR.
639 1900 722 1955 0b
746 1915 867 1955 eam
894 1900 1062 1971 igitur
1088 1916 1310 1957 causam
1335 1902 1572 1957 dicimus
1595 1902 1661 1955 in.
1679 1900 1961 1966 Ecclesiis,

379 2002 640 2063 tanquam
672 1993 731 2047 in
758 1993 964 2048 sanctis
991 1994 1383 2060 tabernaculis,
1407 1994 1616 2050 Christi
1638 1994 1963 2066 mysterium

379 2081 570 2152 perﬁci
612 2091 901 2153 oportere;
938 2082 1085 2152 quod
1118 2082 1298 2154 ipsum
1341 2084 1474 2139 alibi
1510 2100 1731 2155 quoque
1757 2098 1963 2155 praece-

381 2173 484 2245 pit.
513 2173 653 2230 Cum
691 2174 840 2229 enim
885 2174 956 2229 ab
1000 2174 1159 2229 initio
1202 2176 1495 2241 sanxisset,
1524 2192 1632 2247 qua
1675 2176 1890 2231 ratione
1932 2192 1964 2231 a

380 2266 510 2322 ﬁliis
547 2268 711 2323 lsrael
753 2282 820 2322 ex
857 2265 1236 2339 [Egyptiorum
1289 2276 1435 2323 terra
1486 2267 1968 2338 proﬁciscentibus

381 2374 555 2431 agnus
591 2360 649 2415 in
684 2359 892 2416 Christi
937 2359 1167 2431 ﬁguram
1209 2367 1357 2415 esset
1397 2359 1808 2415 immolandus:
1849 2379 1866 2410 ι
1905 2359 1966 2413 In

384 2467 493 2507 una
561 2452 729 2508 domo
773 2451 1138 2517 comedetur,
1199 2452 1419 2522 inquit,
1481 2466 1662 2522 neque
1703 2450 1967 2507 eﬂ'eretur

382 2541 451 2596 de
485 2542 749 2598 carnibus
777 2543 899 2613 ejus
924 2540 1072 2597 foras
1100 2543 1166 2575 "‘
1194 2560 1207 2596 :
1245 2561 1263 2592 ι
1292 2541 1503 2596 violant
1525 2541 1712 2613 igitur,
1747 2541 1966 2597 diversa

383 2634 688 2691 sentientes
713 2631 981 2698 haeretici,
1008 2630 1107 2688 Dei
1131 2631 1439 2697 decretum,
1464 2632 1558 2703 qui
1583 2641 1783 2703 praeter
1806 2633 1963 2699 illud,

383 2725 531 2797 quod
568 2733 657 2781 est
699 2739 892 2780 revera
939 2734 1188 2780 sanctum
1238 2724 1683 2792 tabernaculum,
1729 2725 1965 2783 alterum

383 2817 491 2873 sibi
528 2816 723 2888 ﬁgunt,
748 2824 806 2872 et
830 2815 966 2871 foris
998 2831 1199 2887 agnum
1234 2815 1538 2880 immolant,
1565 2826 1625 2873 et
1651 2817 1967 2889 longissime

381 2908 454 2964 ab
484 2907 577 2963 illa
615 2923 723 2963 una
762 2906 927 2962 domo
959 2906 1220 2973 ell‘erunt,
1243 2916 1300 2962 et
1325 2907 1481 2963 illum
1530 2908 1624 2979 qui
1654 2916 1737 2965 est
1767 2908 1969 2964 indivi-

383 2998 551 3064 duus,
575 2999 833 3056 dividunt
861 3016 874 3052 :
904 3014 1047 3054 unus
1081 3006 1169 3055 est
1196 2999 1344 3055 enim
1374 3015 1439 3056 ac
1463 3000 1741 3071 perfectus
1768 3001 1823 3056 in
1849 3017 1965 3057 om-

384 3091 552 3148 nibus
589 3091 863 3148 Christus.
900 3092 973 3147 At
1006 3107 1140 3147 vero
1178 3092 1400 3163 sapiens
1440 3092 1552 3158 ille,
1586 3108 1652 3148 ac
1684 3109 1966 3149 sacrorum
1996 3088 2041 3150 C

383 3183 661 3254 interpres
688 3184 902 3257 Moyses
925 3184 1088 3241 nobis
1108 3184 1359 3256 praecipit
1393 3184 1583 3242 dicens
1609 3185 1667 3241 in
1700 3186 1967 3242 Deutcro.

382 3276 573 3330 numio
614 3295 627 3306 -
674 3295 692 3328 ι
731 3275 875 3333 Cave
919 3276 1020 3332 tibi
1064 3277 1190 3348 ipsi,
1229 3293 1300 3333 ne
1340 3277 1543 3334 oll‘eras
1584 3277 1966 3335 holocaustum

383 3376 542 3422 tuum
591 3367 649 3422 in
691 3368 842 3423 omni
880 3368 1024 3434 loco,
1052 3384 1217 3440 quem
1253 3368 1480 3435 videris,
1509 3377 1878 3441 praaterquam
1909 3370 1966 3426 in

381 3459 526 3525 loco,
552 3474 716 3530 quem
738 3459 971 3531 elegerit
995 3460 1261 3524 Dominus
1284 3460 1431 3516 Deus
1454 3469 1585 3515 tuus
1610 3461 1664 3516 in
1696 3476 1803 3516 una
1826 3461 1964 3518 civi-

384 3561 559 3608 talum
612 3561 865 3620 tuarum;
903 3553 981 3608 ibi
1018 3553 1220 3608 oﬁ'cres
1265 3553 1585 3609 holocausta
1630 3561 1746 3618 tua,
1784 3563 1843 3609 et
1888 3555 1964 3610 ibi

383 3643 555 3699 facies
586 3645 792 3709 omnia,
830 3659 1175 3714 quascunque
1216 3659 1319 3715 ego
1348 3644 1608 3714 praecipio
1636 3645 1737 3700 tibi
1770 3645 1963 3711 hodie;

385 3735 482 3793 sed
508 3737 563 3791 in
604 3736 755 3793 omni
779 3735 1055 3791 desiderio
1098 3744 1193 3789 tuo
1234 3734 1589 3800 sacriﬁcabis,
1622 3744 1677 3791 et
1711 3736 1968 3794 comedes

386 3844 583 3884 carnes
621 3827 939 3889 secundum,
968 3825 1305 3882 desiderium
1350 3826 1549 3882 anima:
1590 3835 1718 3896 tuaz,
1763 3843 1966 3884 secun-

386 3923 518 3976 dum
549 3920 994 3976 benedictionem
1036 3918 1254 3974 Domini
1287 3919 1384 3976 Dei
1417 3922 1519 3986 tui,
1547 3936 1711 3992 quam
1751 3920 1968 3977 dederit

390 4015 496 4071 tibi
526 4016 581 4070 in
622 4014 772 4069 omni
817 4013 1062 4068 civitate.
1092 4011 1439 4078 lmmundus,
1468 4013 1564 4084 qui
1603 4013 1659 4068 in
1690 4021 1745 4069 te
1781 4023 1886 4080 est,
1910 4021 1967 4070 et

385 4107 629 4163 mundus
669 4106 834 4161 simul
882 4105 1175 4189 comedent
1221 4104 1432 4176 ipsum,
1477 4115 1540 4160 ut
1587 4119 1842 4176 capream
1878 4105 1964 4161 vel

386 4216 634 4265 cervum,
677 4209 1044 4270 praeterquam
1088 4199 1237 4271 quod
1276 4198 1597 4271 sanguinem
1632 4214 1744 4254 non
1785 4212 1966 4253 come-

386 4290 560 4356 detis;
607 4290 663 4345 in
710 4298 913 4345 terram
956 4286 1253 4346 ell‘undetis
1295 4291 1473 4362 ipsum
1508 4299 1572 4346 ut
1606 4304 1804 4361 aquam
1833 4291 1899 4345 ³ο.
1938 4308 1958 4341 ι

385 4383 569 4438 Animi
611 4382 779 4454 igitur
800 4389 885 4438 est
913 4383 967 4437 in
991 4382 1184 4454 primis
1216 4382 1380 4455 356
1417 4383 1571 4454 impii
1594 4383 1753 4453 culpa
1778 4390 1835 4438 et
1859 4384 1966 4437 cri-

2056 449 2257 504 αὐτῶν.
2322 468 2342 501 ι
2401 449 2615 506 Οὐκοῦν
2661 452 2978 524 ἀποφάσκει
3010 455 3314 518 ,παντελῶς
3363 456 3427 509 τὸ
3485 454 3634 511 θύειν

2056 540 2384 613 ἀδιακρίτως
2403 583 2418 607 ,
2443 536 2600 618 ᾧπερ
2627 546 2695 601 ἂν
2725 546 2968 618 βούλοιτό
3011 567 3121 614 τις.
3154 551 3265 604 δεῖν
3291 550 3350 604 δὲ
3382 551 3448 621 δὴ
3486 552 3634 625 μόνῳ

2056 631 2138 703 τῷ
2156 634 2296 689 κατά
2327 635 2490 705 φύσιν
2515 636 2637 708 Θεῷ
2662 639 2763 705 τὰς
2792 640 3048 715 λατρείας
3068 641 3358 709 ἐπιτελεῖν,
3392 639 3453 698 εὖ
3488 643 3636 713 μάλα

2058 726 2213 797 φησί.

2126 820 2335 878 ΠΑΔΛ.
2381 823 2471 887 Ὠς
2500 822 2700 896 ἄριστά
2719 842 2783 895 γε
2804 826 2938 896 ἡμῖν
2961 825 2991 879 ὁ
3016 825 3174 895 λόγος
3196 825 3329 897 ἔχει.

2127 911 2294 967 ΚΥΡ.
2341 914 2584 988 ὐνήσειε
2624 916 2668 971 δ’
2711 917 2779 972 ἂν
2807 918 2905 972 καὶ
2933 918 2993 972 οὐ
3030 918 3270 990 μετρίως
3316 920 3467 991 ἡμᾶς
3511 920 3635 974 καθ’

2058 1002 2247 1074 ἕτερον
2274 999 2434 1076 οἶμαι
2475 1008 2774 1079 ’τρόποντδ
2799 1008 2999 1080 χρῆναι
3041 1013 3182 1064 νοεῖν
3219 1010 3295 1073 ὼς
3332 1010 3451 1064 ἔστι
3482 1010 3632 1065 λυσι-

2056 1094 2209 1159 τελὲς
2227 1097 2321 1151 καὶ
2349 1097 2648 1166 ἀναγκαῖον
2675 1099 2776 1171 ήδη
2798 1117 2916 1165 πως
2937 1100 3019 1168 τὸ,
3045 1101 3103 1153 ἐν
3127 1101 3265 1172 μόνῃ
3285 1100 3397 1154 δεῖν
3418 1105 3482 1173 τῇ
3507 1102 3634 1173 ἁγίᾳ

2062 1188 2236 1259 σκηνῇ
2270 1187 2608 1259 πράττεσθαι
2640 1189 2740 1254 τὰς
2767 1190 2978 1257 θυσίας,
3006 1192 3101 1245 καὶ
3128 1192 3196 1246 τὰ
3230 1193 3353 1263 ίερά
3392 1194 3630 1265 προσφέ-

2064 1278 2253 1349 ρεσθαι
2287 1279 2527 1350 θύματα.

2133 1372 2340 1427 ΠΑΛΛ.
2379 1373 2505 1438 Πῶς
2540 1374 2678 1448 ἔφης
2703 1392 2717 1441 ;

2131 1464 2296 1520 ΚΥΡ.
2331 1461 2410 1519 Ἦ
2435 1467 2536 1520 οὐκ
2564 1467 2747 1522 εἰκόνα
2775 1468 2869 1523 καὶ
2892 1469 3064 1522 τύπον
3095 1468 3356 1541 ἐλέγομεν
3378 1465 3517 1524 εἶναι
3539 1466 3628 1522 τοῦ

2076 1556 2461 1630 Ἐμμανουήλ,
2501 1547 2614 1615 τὸν
2641 1557 2832 1630 ἱερέως
2873 1577 2932 1613 τε
2965 1559 3093 1632 πέρι
3130 1562 3225 1614 καὶ
3275 1560 3634 1633 ἀγνοημάτων

2064 1647 2197 1703 λαοῦ
2231 1648 2370 1720 πρὸς
2400 1652 2466 1722 τῇ
2504 1649 2636 1721 ἁγίᾳ
2667 1653 2841 1724 σκηνῇ
2877 1650 3223 1722 σφαζόμενον
3259 1652 3497 1724 μόσχον;

2137 1828 2343 1883 ΠΑΛΛ.
2395 1827 2709 1899 Ἐλέγομεν.

2130 1919 2302 1986 ,ΚΥΡ.
2331 1918 2544 1992 Χρῆναι
2567 1919 2632 1992 δὴ
2656 1915 2749 1976 οὖν
2772 1919 2946 1994 ταύτῃ
2970 1937 3055 1975 τοι
3080 1921 3284 1993 φαμὲν,
3312 1921 3389 1986 ὡς
3414 1922 3475 1975 ἐν
3509 1938 3639 1994 σκη-

2065 2011 2183 2072 ναῖς
2214 2009 2336 2077 ἁγία
2350 2025 2397 2073 ις
2424 2012 2545 2074 ταῖς
2584 2009 2935 2082 Ἐκκλησίαις
2962 2012 3056 2066 τοῦ
3090 2012 3248 2079 Θεοῦ,
3277 2013 3373 2069 τοῦ
3402 2013 3637 2086 Χριστοῦ

2063 2098 2336 2152 τελεῖσθαι
2355 2099 2853 2170 μυστήριον.Τουτὶ
2873 2100 2983 2172 γάρ
3004 2101 3135 2173 ἡμῖν
3159 2100 3256 2155 καὶ
3276 2101 3507 2174 ἑτέρωθί
3536 2121 3638 2156 που

2065 2189 2321 2243 διετύπου
2345 2189 2525 2244 πάλιν.
2549 2190 2969 2263 Θεσμοθετήσας
2995 2192 3106 2265 γὰρ
3132 2193 3190 2247 ὲν
3210 2194 3405 2265 ἀρχαῖς
3430 2194 3552 2247 τίνα
3575 2194 3637 2266 δή

2065 2281 2264 2353 τρόπον
2281 2282 2548 2353 προσήκει
2567 2281 2867 2351 σφάζεσθαι
2892 2282 2986 2337 τὸν
3009 2282 3179 2355 ἀμνὸν
3198 2285 3279 2348 είς
3306 2282 3479 2337 τύπον
3508 2285 3551 2338 Χ
3560 2301 3640 2356 ρι-

2070 2372 2194 2426 στοῦ
2206 2372 2305 2443 τῆς
2319 2372 2628 2442 Αἰγυπτίων
2639 2374 2931 2446 ἀπαίρουσι
2941 2372 3045 2445 γῆς
3058 2378 3167 2439 τοῖς
3180 2375 3238 2441 ἐξ
3262 2374 3495 2446 Ἰσραήλ’
3508 2394 3525 2427 ι
3555 2376 3641 2428 Ἐν

2066 2464 2213 2537 οίκίᾳ
2248 2466 2345 2538 μιᾷ
2379 2465 2721 2538 βρωθήσεται
2744 2506 2761 2533 ,
2802 2468 2957 2537 φησὶ,
3009 2468 3103 2521 καί⁵
3134 2467 3235 2521 οὐκ
3268 2465 3504 2532 ἐξοίσετε
3538 2467 3643 2521 ἀπὸ

2065 2553 2175 2608 τῶν
2207 2555 2383 2626 κρεῶν
2419 2555 2587 2609 αὑτοῦ
2619 2554 2743 2621 ἔξω.
2790 2575 2810 2608 ι
2837 2555 3048 2611 Οὐκοῦν
3073 2556 3413 2628 παραλύουσι
3439 2557 3503 2611 τὸ
3526 2557 3643 2628 Θεῷ

2066 2645 2279 2711 δοκοῦν,
2315 2649 2365 2700 οί
2421 2647 2778 2719 ἑτερόφρονες
2819 2649 3086 2721 αίρετικοὶ
3139 2648 3295 2720 παρὰ
3335 2649 3440 2721 τήν
3481 2644 3645 2705 οὖσαν

2067 2738 2282 2811 ἀληθῶς
2303 2739 2466 2810 ἁγίαν
2494 2740 2717 2813 σκηνὴν,
2747 2742 2960 2807 ἑαυτοῖς
2989 2740 3183 2812 ἑτέραν
3215 2739 3642 2812 διαπηγνύντες,

2067 2831 2165 2885 καὶ
2196 2830 2303 2898 ἔξω
2334 2831 2558 2897 θύοντες
2597 2832 2691 2887 τὸν
2732 2832 2926 2905 ἀμνὸν,
2965 2833 3061 2887 καὶ
3094 2831 3367 2886 ἀπωτάτω
3409 2849 3515 2885 που
3545 2832 3643 2903 τῆς

2071 2924 2201 2994 μιᾶς
2247 2923 2619 2996 ἀποφέροντες
2644 2923 2824 2987 οίκίας
2847 2962 2863 2987 ,
2893 2923 2988 2977 καί⁵
3031 2923 3346 2996 μερίζοντες
3389 2922 3481 2979 τὸν
3510 2922 3644 2993 ἀμέ-

2075 3030 2255 3085 ριστον
2282 3032 2296 3045 ·
2337 3008 2419 3079 εἷς
2447 3014 2558 3086 γὰρ
2583 3015 2678 3070 καὶ
2714 3015 2918 3078 τέλειος
2944 3015 3004 3068 ὲν
3036 3016 3171 3069 πᾶσι
3206 3013 3462 3085 Χριστός.
3507 3012 3645 3066 Ἀλλ’

2070 3105 2165 3173 ὅγε
2197 3106 2361 3177 σοφός
2388 3123 2449 3160 τε
2480 3109 2614 3178 ἡμῖν
2642 3107 2739 3161 καὶ
2766 3106 3093 3179 ἱεροφάντης
3127 3105 3335 3177 Μωσῆς
3358 3105 3647 3176 παρεγγυᾴ

2071 3198 2246 3268 λέγων
2295 3201 2352 3253 ἐν
2380 3199 2458 3270 τῷ
2488 3199 2916 3271 Δευτερονομίῳ,
2955 3216 2975 3251 ι
3028 3198 3272 3270 Πρόσεχε
3315 3196 3528 3267 σεαυτῷ
3571 3196 3643 3267 μὴ

2072 3291 2372 3365 ἁνενέγκῃς
2399 3292 2463 3346 τὺ
2490 3292 2852 3363 ὀλοκαύτωμά
2881 3307 2977 3350 σου
3005 3291 3063 3344 ὲν
3093 3289 3258 3344 παντί⁵
3289 3288 3441 3360 τόπῳ
3478 3282 3525 3358 ᾧ
3551 3287 3646 3342 ἑάν

2074 3382 2212 3454 ἴδῃς,
2237 3382 2355 3437 ἀλλ’
2387 3383 2421 3454 ἢ
2453 3385 2532 3448 είς
2558 3383 2724 3437 τόπον
2745 3382 2804 3436 ὃν
2827 3381 2894 3436 ἂν
2925 3380 3211 3451 ἐκλέξηται
3240 3376 3446 3450 Κύριος
3464 3379 3495 3431 ό
3515 3377 3645 3441 Θεός

2077 3488 2169 3526 σου
2200 3472 2386 3538 αὐτὸν,
2416 3474 2474 3527 ὲν
2504 3474 2604 3545 μιᾷ
2630 3471 2740 3526 τῶν
2771 3470 2982 3525 πόλεών
3009 3488 3103 3525 σου
3129 3510 3144 3534 ,
3172 3472 3289 3524 ἐκεῖ
3313 3469 3551 3533 ἀνοίσεις
3578 3468 3645 3523 τά

2071 3558 2497 3631 όλοκαυτὼματά
2526 3577 2641 3622 σου,
2666 3560 2760 3614 καὶ
2782 3562 2902 3614 ἐκεῖ
2925 3560 3174 3630 ποιήσεις
3204 3558 3385 3613 πάντα
3412 3559 3513 3612 ὃσα
3538 3557 3646 3627 ἐγὼ

2073 3649 2387 3722 ἐντέλλομαί
2427 3667 2508 3704 σοι
2540 3652 2779 3723 σήμερον
2801 3668 2817 3683 ο
2863 3649 2977 3704 ἀλλ’
3011 3648 3046 3721 ἢ
3096 3650 3154 3703 ὲν
3187 3648 3339 3721 πάσῃ
3381 3647 3646 3718 ἐπιθυμίᾳ

2074 3761 2168 3797 σου
2198 3743 2404 3824 θύσεις,
2437 3743 2533 3798 καὶ
2562 3743 2712 3818 φάγῃ
2751 3743 2888 3815 κρέα
2916 3741 3062 3797 κατὰ
3092 3740 3194 3813 τήν
3224 3740 3525 3812 ἐπιθυμίαν
3548 3740 3646 3808 τῆς

2070 3835 2249 3907 ψυχῆς
2277 3853 2370 3890 σου
2394 3851 2410 3868 υ
2442 3837 2583 3891 κατὰ
2608 3836 2706 3908 τὴν
2724 3836 2976 3905 εὐλογίαν
3005 3835 3211 3906 Κυρίου
3238 3834 3331 3888 τοῦ
3363 3832 3501 3887 Θεοῦ
3530 3850 3645 3895 σου,

2071 3930 2138 4001 ἣν
2181 3928 2349 3984 ἔδωκέ
2382 3946 2467 3982 σοι
2506 3930 2564 3983 ὲν
2613 3929 2759 4002 πάσῃ
2804 3928 2976 3984 πόλει.
3022 3928 3083 3982 ὐ
3127 3926 3436 3998 ἀκάθαρτος
3477 3928 3537 3980 ἐν
3566 3925 3648 3978 σοὶ

2071 4022 2168 4076 καὶ
2187 4023 2216 4075 ό
2234 4020 2475 4093 καθαρὸς
2497 4021 2591 4074 ἐπὶ
2617 4021 2678 4075 τὸ
2704 4021 2837 4074 αὐτὸ
2865 4020 3099 4090 φάγεται
3128 4019 3281 4084 αὐτὸ,
3306 4017 3382 4082 ὡς
3411 4015 3646 4089 δορκάδα

2070 4112 2104 4184 ἦ
2139 4111 2361 4181 ἔλαφον,
2404 4111 2544 4184 πλὴν
2578 4113 2643 4165 τὸ
2675 4106 2818 4184 αἷμα
2859 4112 2923 4165 ού
2953 4110 3195 4181 φάγεσθε
3216 4148 3234 4176 ,
3267 4110 3360 4163 ἐπὶ
3405 4112 3505 4179 τὴν
3543 4106 3645 4177 γῆν

2070 4204 2310 4274 ὲκχεεῖτε
2343 4202 2510 4269 αὐτὸ,
2554 4203 2630 4267 ὡς
2672 4202 2836 4275 ὕδωρ.
2893 4222 2911 4255 ι
2965 4202 3214 4267 Διανοίας
3260 4197 3356 4256 οὖν
3394 4200 3503 4271 ἄρα
3547 4199 3647 4269 τῆς

2073 4295 2479 4368 βδελυρωτάτης
2517 4296 2864 4367 ἀμπλάκημα
2910 4296 3005 4349 καὶ
3033 4295 3252 4367 γραφή,
3293 4294 3355 4348 τὸ
3389 4295 3449 4347 ὲν
3483 4290 3644 4350 παντὶ

2069 4389 2220 4461 τόπῳ
2245 4388 2391 4443 θύειν
2418 4387 2751 4460 ἀποτολμᾷν,
2778 4388 2871 4442 καὶ
2907 4387 2983 4459 μὴ
3005 4389 3064 4442 ὲν
3086 4388 3224 4459 οῐκῳ
3244 4384 3379 4445 Θεοῦ
3407 4382 3644 4457 πληροῦν

386 4490 534 4540 men,
561 4474 764 4530 audere
790 4475 846 4529 in
872 4475 1023 4531 omni
1058 4475 1182 4529 loco
1214 4473 1545 4539 sacriﬁcare,
1567 4489 1680 4527 non
1712 4476 1768 4528 in
1801 4473 1965 4529 domo

2073 4480 2130 4535 τὸ
2157 4450 2394 4553 ὶξριστοῦ
2423 4450 2745 4552 μυστήριονί

386 4568 481 4622 Dei
507 4569 728 4637 explere
755 4566 959 4622 Christi
985 4566 1332 4638 mysterium.

456 4657 654 4713 PALL.
697 4658 868 4714 Recte
917 4672 1049 4714 sane
1100 4656 1268 4722 dicis;
1308 4656 1441 4711 illud
1497 4665 1680 4712 tamen
1726 4661 1968 4731 explices

384 4752 574 4817 velim,
613 4768 738 4808 cum
775 4751 1039 4822 sanguine
1067 4751 1215 4806 vesci
1255 4750 1342 4805 lex
1387 4751 1799 4821 improbaverit,
1824 4763 1883 4811 et
1909 4752 1965 4810 id

380 4844 507 4913 jure
530 4841 745 4906 fecerit,
770 4841 995 4912 quinam
1020 4839 1076 4893 in
1101 4840 1203 4895 hac
1225 4840 1410 4895 littera
1433 4854 1629 4895 sensus
1652 4839 1800 4896 insit.

457 4930 613 4985 CYR.
656 4928 713 4985 Si
758 4930 832 4984 ita
872 4928 1115 4993 videtur,
1145 4943 1210 4984 ea
1263 4943 1389 4999 quae
1429 4937 1561 4984 sunt
1602 4929 1707 4985 hac
1736 4930 1806 4985 de
1830 4947 1890 4987 re
1916 4931 1971 4987 in

386 5020 635 5076 Levitico
657 5037 878 5092 quoque
902 5020 1137 5086 sancita,
1169 5020 1448 5088 dicamus;
1474 5037 1595 5092 qua:
1621 5022 1701 5078 sic
1723 5023 1931 5087 habent
1955 5042 1968 5077 :

395 5133 413 5159 σ
442 5112 510 5167 Et
536 5111 702 5166 homo
721 5113 790 5168 de
814 5113 939 5168 ﬁliis
965 5113 1153 5176 Israel,
1179 5122 1275 5167 aut
1310 5113 1379 5169 de
1405 5114 1718 5186 prosclytis,
1757 5114 1852 5185 qui
1878 5129 1974 5184 ap-

385 5203 552 5274 positi
578 5212 708 5258 snnt
728 5203 908 5269 vobis,
936 5204 1251 5275 quicunque
1272 5205 1574 5261 comederit
1603 5220 1821 5261 omnem
1849 5221 1973 5261 san-

385 5296 638 5366 guinem,
684 5303 921 5351 statuam
969 5295 1161 5351 faciem
1207 5276 1384 5353 meam
1430 5296 1486 5352 in
1537 5296 1798 5363 animam,
1841 5312 1965 5368 quae

385 5390 631 5446 vescitur
672 5388 958 5459 sanguine,
993 5397 1050 5444 et
1096 5389 1320 5460 perdam
1355 5405 1475 5445 eam
1503 5390 1572 5443 de
1601 5389 1804 5459 populo
1828 5404 1961 5455 suo;

388 5495 515 5536 nam
549 5484 729 5537 anima
770 5482 948 5538 omnis
981 5483 1184 5547 carnis,
1216 5482 1437 5553 sanguis
1469 5482 1589 5551 ejus
1620 5491 1747 5535 est:
1776 5488 1833 5536 et
1863 5497 1964 5551 ego

494 5660 536 5693 "
569 5659 745 5718 Levit.
780 5681 904 5729 xm,
935 5669 985 5719 7.

2141 4657 2349 4711 ΠΔΛΛ.
2381 4649 2457 4711 Εὖ
2490 4653 2700 4724 λέγεις’
2723 4652 2863 4725 πλὴν
2889 4654 3065 4707 ἐκεῖνο
3089 4653 3316 4725 φράσον.
3349 4651 3462 4722 Τήν
3482 4649 3647 4721 αἵμα-

2068 4765 2161 4812 τος
2183 4746 2388 4819 βρῶσιν
2406 4745 2824 4818 κεκιϐδήλευκεν
2846 4748 2876 4800 ό
2906 4748 3091 4818 νόμος,
3115 4745 3211 4800 καὶ
3240 4744 3384 4815 μάλα
3399 4742 3644 4806 εἰκότως.

2071 4841 2137 4894 Τί
2159 4840 2206 4894 δ’
2244 4838 2312 4893 ἂν
2338 4839 2422 4908 εῖη
2444 4837 2604 4892 πάλιν
2626 4839 2656 4892 ό
2677 4836 2736 4893 ἓν
2771 4856 2835 4908 γε
2865 4837 2944 4909 τῷ
2968 4837 3257 4909 γράμματι
3278 4834 3432 4898 νοῦςς

2138 4930 2306 4985 ΚΥΡ.
2331 4927 2630 4996 ούκοῦν,εί
2651 4929 2818 4995 δοκεῖ,
2842 4928 2911 4982 τά
2932 4930 3026 4983 ἐπὶ
3049 4927 3185 4999 τῷδε
3209 4922 3642 4995 τεθεσπισμένα,

2069 5022 2164 5078 καὶ
2185 5022 2243 5075 ἐν
2268 5020 2349 5093 τῷ
2374 5020 2643 5092 Λευιτικῷ
2669 5020 2804 5092 φέρε
2819 5019 2883 5090 δὴ
2899 5018 3171 5089 λέγοιμεν.
3201 5016 3353 5087 Ἔχει
3374 5013 3485 5087 γάρ
3517 5008 3641 5067 ὧδε·

2074 5133 2094 5166 ι
2140 5113 2249 5167 Καὶ
2275 5114 2305 5168 ὁ
2337 5112 2622 5185 ἄνθρωπος
2646 5111 2756 5166 τῶν
2791 5110 2924 5165 υίῶν
2968 5108 3201 5182 Ἰσραήλ.
3235 5108 3268 5179 ἢ
3298 5106 3407 5161 τῶν
3432 5121 3643 5178 προση-

2067 5207 2242 5262 λύτων
2271 5205 2379 5260 τῶν
2418 5204 2835 5280 προσκειμένων
2863 5206 2920 5259 ἐν
2949 5205 3079 5276 ὑμῖν
3098 5243 3114 5268 ,
3152 5203 3213 5267 ὃς
3251 5203 3320 5257 ἂν
3351 5200 3503 5273 φάγῃ
3534 5202 3644 5254 πᾶν

2068 5292 2230 5369 αἷμα,
2259 5298 2543 5369 ἐπιστήσω
2561 5297 2624 5350 τὸ
2652 5296 2943 5370 πρόσωπόν
2970 5313 3071 5367 μου
3107 5295 3203 5349 ἐπὶ
3229 5294 3327 5367 τήν
3344 5292 3523 5365 ψυχήν
3543 5291 3643 5363 τὴν

2071 5389 2334 5444 ἔσθουσαν
2379 5390 2440 5442 τὸ
2481 5384 2619 5460 αἷμα
2643 5428 2658 5455 ,
2710 5390 2803 5444 καὶ
2833 5388 3024 5443 ἀπολῶ
3059 5387 3228 5459 αὐτὴν
3260 5388 3324 5440 ὲκ
3374 5384 3468 5439 τοῦ
3510 5382 3640 5440 λαοῦ

2072 5480 2261 5552 αὐτῆς.
2309 5481 2370 5534 Ἦ
2431 5480 2537 5553 γὰρ
2581 5480 2724 5552 ψυχὴ
2791 5479 2972 5551 πάσης
3032 5478 3236 5552 σαρκὸς
3282 5470 3423 5547 αἷμα
3476 5470 3640 5530 αὐτοῦ

1092 5668 1149 5700 τεο
1194 5666 1363 5722 tam.
1396 5684 1487 5734 λιι,
1522 5668 1604 5723 ιο.
1685 5669 1728 5701 ιο
1757 5667 1892 5724 Ibid.
1930 5667 2111 5722 15—16-
