3996 6212
205 288 313 348 697

951 286 1040 344 DE
1079 282 1518 343 ADORATIONE
1557 282 1623 338 IN
1668 279 1938 339 SPIRITU
1981 283 2070 340 ET
2113 281 2485 342 VERITATE.
2530 280 2660 336 LIB.
2696 277 2764 338 Χ.

3366 280 3472 337 G98

205 411 352 463 ἐστι.
397 409 510 464 Καὶ
565 406 675 477 ἐγὼ
708 405 918 461 δέδωκα
971 407 1103 461 αὑτὸ
1149 409 1280 478 ὑμῖν
1318 407 1410 460 ἐπὶ
1462 408 1557 460 τοῦ
1594 405 1784 458 θυσια-

1899 404 2015 460 dedi
2040 405 2173 460 illud
2199 404 2359 460 vobis
2387 418 2555 474 super
2581 400 2764 464 altari,
2791 406 2852 452 ιιι
2876 397 3202 468 pr0pitietur
3229 411 3328 467 pro
3350 395 3472 449 ani-

210 518 435 573 στηριου
456 497 838 564 ἐξιλάσκεσθαι
862 499 986 570 περὶ
1013 498 1122 552 τῶν
1149 497 1336 569 ψυχῶν
1369 495 1522 568 ὑμῶν
1541 513 1557 528 ο
1592 496 1652 550 τὸ
1679 495 1788 567 γάρ

207 587 352 663 αἷμα
390 591 554 647 αὑτοῦ
597 591 716 644 ἀντὶ
761 590 939 660 ψυχῆς
989 589 1314 656 ἐξιλάσεται.
1357 589 1461 642 ’Διά
1511 587 1668 640 τοῦτο
1715 585 1786 640 εί-

213 700 360 754 ρηκα
408 685 522 746 τοῖς
558 683 696 745 υἱοῖς
753 680 974 752 Ἰσραήλ
1001 694 1018 709 ⁶
1045 682 1202 735 Πᾶσα
1247 679 1392 750 ψυχὴ
1431 679 1490 746 ἐξ
1541 677 1695 748 ὑμῶν
1726 678 1789 730 οὑ

211 775 448 845 φάγεται
480 768 643 845 αἷμα.
675 772 786 826 Καὶ
819 773 847 824 6
874 771 1213 844 προσήλυτος
1249 771 1277 823 6
1312 770 1707 843 προσκείμενος
1731 768 1790 820 ἐν

210 867 343 936 ὑμῖν
380 865 441 918 οὑ
471 866 708 934 φάγεται
733 857 874 934 αἷμα
894 881 910 898 ο
939 864 1034 918 καὶ
1066 863 1353 934 ἄνθρωπος
1376 862 1486 915 τῶν
1521 860 1651 914 υἱῶν
1685 861 1790 914 Ἰσ-

212 957 371 1028 ραὴλ,
389 957 422 1028 ἢ
443 956 551 1011 τῶν
578 953 937 1028 προσηλύτων
961 954 1072 1010 τῶν
1099 953 1515 1026 προσκειμένων
1548 953 1606 1005 ἐν
1636 952 1788 1023 ὑμῖν,

207 1048 270 1111 ὂς
294 1046 360 1100 ἂν
383 1047 623 1118 θηρεύσῃ
649 1046 899 1118 θήρευμα
922 1046 1109 1118 θηρίον
1133 1046 1166 1118 ἢ
1190 1045 1504 1110 πετεινὺνρ
1529 1043 1787 1112 ἐσθίεται,

210 1140 308 1192 καὶ
338 1139 520 1208 ἐκχεεί
544 1138 605 1191 τδ
631 1132 789 1209 αἷμα,
817 1138 909 1191 καὶ
948 1137 1180 1208 καλύψει
1212 1136 1345 1190 αὑτὸ
1375 1139 1441 1208 τῇ
1468 1138 1536 1207 γῇ
1571 1153 1584 1166 ·
1617 1138 1649 1206 ὴ
1682 1135 1791 1206 γὰρ

209 1230 358 1301 ψυχὴ
389 1230 568 1300 πάσης
605 1230 823 1300 σαρκὸς,
849 1224 985 1299 αἷμα
1015 1229 1180 1284 αὑτοῦ
1210 1230 1348 1283 ἐστι.
1385 1231 1493 1282 Καὶ
1529 1224 1658 1282 εἷπα
1679 1230 1791 1291 τοῖς

210 1319 352 1381 υίοῖς
397 1318 634 1390 Ἰσραὴλο
667 1313 819 1388 Αἷμα
849 1319 1031 1389 πάσης
1050 1317 1250 1388 σαρκὸς
1270 1318 1330 1371 οὑ
1355 1317 1617 1386 φάγεσθε,
1646 1317 1728 1370 ὅτι
1756 1317 1790 1387 ἡ

209 1409 358 1481 ψυχὴ
389 1410 568 1480 πάσης
608 1411 808 1482 σαρκὸς
841 1405 980 1482 αἷμα
1021 1410 1184 1465 αὑτοῦ
1221 1411 1368 1463 ἐστι·
1405 1411 1510 1472 πᾶς
1539 1411 1566 1462 6
1592 1407 1791 1464 ἐσθίων

211 1501 378 1566 αὑτὸ,
410 1500 938 1573 ἐξολοθρευθήσεται.
977 1522 996 1552 ι
1036 1502 1227 1572 Ἀθρει
1261 1501 1324 1571 δὴ
1349 1495 1442 1554 οῦν
1481 1499 1666 1568 σαφῶς
1700 1500 1792 1553 καὶ

211 1590 537 1660 ἀναφανδὸν·
576 1591 652 1655 ὡς
697 1594 776 1655 είς
832 1593 1009 1663 ψυχῆς
1056 1592 1224 1646 τύπον
1281 1592 1342 1644 τὸ
1390 1586 1528 1662 αἷμα
1579 1589 1792 1661 λαμϐά-

218 1699 386 1735 νεται.

285 1776 494 1829 ΠΑΛΛ.
537 1774 788 1846 Συνίημι,

284 1868 451 1921 ΚΥΡ.
495 1867 788 1938 Ἄλλο-εριοί
811 1867 1098 1938 τοιγαροῦν
1135 1868 1164 1919 6
1189 1867 1374 1937 νόμος,
1403 1866 1498 1919 καὶ
1527 1862 1788 1932 ὑπεξάγει

212 1956 487 2031 σωμάτων
518 1959 627 2012 τῶν
653 1960 1008 2032 σφαζομένων
1031 1959 1092 2012 τὸ
1113 1955 1250 2030 αἷμα
1271 2000 1286 2024 ,
1320 1959 1496 2029 δόγμα
1524 1957 1788 2010 διδάσκων
1815 2010 1818 2012 ν

212 2053 416 2123 ἀληθὲς
436 2091 450 2115 ,
480 2053 572 2106 καὶ
602 2053 738 2124 πρός
776 2070 840 2122 γε
876 2052 1033 2124 ἡμῶν
1066 2051 1246 2106 αὑτῶν
1281 2053 1340 2105 ἐν
1368 2051 1548 2104 πίστει
1580 2047 1786 2112 δεκτδν,

212 2147 311 2199 καὶ
339 2148 398 2198 ἐν
431 2145 779 2215 Ἐκκλησίαις
802 2144 1000 2215 τίμιον,
1029 2144 1110 2211 τὸ,
1139 2144 1408 2199 ἀθάνατον
1437 2139 1574 2198 εἷναί
1605 2159 1746 2212 φημι
1771 2180 1786 2205 ,

209 2237 521 2292 διακεῖσθαι
560 2238 656 2294 καὶ
699 2241 916 2308 φρονεῖν
959 2239 1058 2308 τὴν
1099 2237 1324 2309 λογικὴν
1364 2235 1456 2289 τοῦ
1500 2233 1788 2305 ἀνθρώπου

212 2330 417 2401 ψυχὴν,
450 2332 517 2401 ἣν
548 2332 661 2392 τοῖς
688 2330 896 2399 γηῖνοις
929 2326 1200 2399 σώμασιν,
1237 2328 1298 2380 οὑ
1329 2323 1789 2396 συγκαταφθείρει

214 2422 468 2487 θάνατος,
495 2421 715 2475 ἀπολύει
738 2420 794 2474 δὲ
813 2419 1013 2491 μᾶλλον
1035 2421 1127 2474 καὶ
1149 2419 1361 2491 ἀνίησιν
1381 2419 1408 2471 6
1426 2419 1500 2489 Δη
1509 2417 1788 2488 μιουργδς,

215 2516 313 2568 καὶ
351 2513 618 2582 ὑπεξάγει
649 2511 743 2567 τοῦ
784 2511 1010 2576 παθεῖν,
1043 2509 1191 2582 ζωῆς
1223 2511 1509 2581 ἀποφήνας
1541 2507 1787 2579 μέτοχον.

216 2604 522 2675 Πεποίηται
545 2604 654 2674 γὰρ
691 2605 719 2657 6
751 2602 1038 2674 ἄνθρωπος
1067 2603 1126 2655 ἐν
1157 2601 1352 2672 ἀρχαῖς
1373 2602 1452 2663 είς
1477 2600 1654 2671 ψυχὴν
1682 2599 1792 2664 ζῶ-

219 2713 340 2762 σαν,
367 2696 597 2760 ἐνιέντος
619 2694 769 2766 αὑτῷ
798 2693 894 2748 τοῦ
922 2693 1056 2748 Θεοῦ
1089 2693 1256 2764 πνοὴν
1284 2693 1427 2763 ζωῆς
1447 2708 1460 2723 ⁸
1486 2691 1793 2761 γέγραπται

216 2787 329 2859 γὰρ
367 2787 483 2841 ὡδί.
517 2786 955 2858 Καταγράψομεν
984 2785 1114 2858 γὰρ,
1152 2784 1404 2854 καθάπερ
1448 2777 1681 2854 ἐγῷμαι,
1734 2782 1795 2835 τὸ

217 2877 414 2931 ἄναλκι
441 2877 541 2948 τῆς
563 2877 635 2931 τὰ
665 2877 843 2931 πάντα
878 2874 1254 2946 ζωογονούσης
1282 2873 1448 2942 ζωῆς,
1494 2875 1543 2926 εί
1573 2873 1634 2926 τὸ
1659 2873 1793 2942 πρὸς

218 2969 391 3042 αὑτῆς
427 2971 651 3040 γεγονὸς
685 2971 766 3033 εἰς
805 2968 970 3040 ζωὴν,
1023 2966 1430 3021 συνδιόλλυσθαί
1470 2982 1650 3035 φαμεν
1683 2966 1815 3028 τοῖς,

218 3061 580 3134 προσκαίροις
615 3059 854 3148 σώμασι.
896 3059 1114 3148 Συνέσει
1149 3058 1204 3112 δὲ
1242 3060 1308 3129 τῇ
1356 3057 1622 3148 παγκάλῳ
1671 3056 1793 3109 σίτέ⁹
1822 3089 1864 3148 C

217 3151 419 3222 ψομεν,
450 3150 716 3205 ἀθάνατον
747 3144 886 3204 εἶναι
912 3147 1279 3209 πιστεύοντες,
1308 3145 1499 3200 δοκοῦν
1518 3138 1620 3199 ὧδε
1650 3144 1794 3215 ἔχειν

219 3242 392 3315 αὑτὴν
425 3242 504 3314 τῷ
523 3245 738 3297 πάντων
775 3230 1102 3312 Δημιουργῷ
1120 3279 1135 3303 ,
1163 3241 1220 3292 ἐν
1246 3232 1290 3306 ᾦ
1323 3237 1506 3309 ζῶμεν
1531 3279 1546 3303 ,
1587 3238 1681 3290 καὶ
1713 3255 1797 3290 κι-

218 3332 484 3403 νούμεθα,
503 3332 598 3387 καὶ
621 3333 807 3404 ἐσμέν.
838 3331 946 3385 Καὶ
962 3323 1136 3393 οὗτος,
1170 3326 1323 3399 οἶμαί
1350 3344 1477 3394 που,
1501 3326 1602 3397 τῆς
1631 3343 1794 3397 νομοο

220 3425 412 3488 θεσίας
443 3425 541 3496 τῆς
567 3425 658 3477 ἐπὶ
684 3423 823 3494 τῷδε
857 3421 1038 3490 λόγος.
1071 3421 1270 3491 Ἴωμεν
1303 3418 1360 3473 δὲ
1399 3419 1494 3472 καὶ
1523 3419 1608 3488 ἐφ’
1634 3418 1798 3488 ἔτερα

220 3515 569 3587 δικαιώματα
605 3516 705 3586 τῆς
738 3502 1144 3584 σκηνῆςῘἜφη
1184 3511 1362 3563 τοίνυν
1394 3509 1422 3562 6
1468 3508 1600 3572 Θεὸς
1630 3509 1688 3562 ἐν
1731 3509 1796 3578 τῇ

238 3606 437 3677 Ἐξόδῳ
459 3645 474 3672 ,
516 3625 534 3657 ι
572 3606 646 3659 Οὑ
697 3603 920 3673 σφάξεις
949 3603 1042 3655 ἐπὶ
1071 3601 1217 3672 ζύμῃ
1250 3597 1392 3672 αἷμα
1431 3599 1800 3669 θυσιάσματός

229 3713 351 3766 μου.
392 3715 412 3747 ι
446 3696 688 3765 Ἀζυμον
735 3695 894 3755 ἔστω.
934 3694 1068 3762 φησι
1089 3735 1103 3758 ,
1133 3692 1195 3745 τὸ
1227 3690 1590 3763 προχεόμενον
1617 3684 1755 3760 αἷμα
1783 3728 1798 3754 ,

227 3788 321 3841 καὶ
352 3786 493 3856 ὑπὲρ
513 3785 606 3839 τοῦ
637 3783 1177 3856 προσκεκομισμένου
1209 3785 1288 3846 είς
1320 3782 1507 3834 θυσίαν
1537 3780 1615 3852 τῷ
1641 3781 1759 3851 Θεῷ
1783 3821 1798 3845 ,

227 3877 407 3950 ζύμης
438 3878 587 3949 αὐτῷ
613 3876 852 3948 δηλονότι
897 3876 1014 3947 ἦτοι
1043 3873 1370 3947 σεμιδάλεως
1400 3873 1759 3943 ὲζυμωμένης
1784 3911 1798 3936 ,

225 3972 329 4024 οὑκ
361 3969 798 4041 ἐπενηνεγμένης
819 3985 832 3999 ο
867 3968 971 4040 χρὴ
998 3967 1104 4038 γάρ
1123 3968 1270 4038 ἡμᾶς
1292 3965 1804 4036 ἐκκεκαθαρμένους

229 4066 326 4119 καὶ
348 4062 591 4134 ἀζύμους
625 4061 814 4132 ῶσπερ
858 4060 1222 4131 ὑπάρχοντας,
1250 4057 1395 4110 τοῦτ’
1429 4055 1566 4121 ἐστι,
1598 4056 1696 4127 τὴν
1741 4056 1805 4108 ἐκ

232 4154 572 4226 φαυλότητος
602 4153 696 4206 καὶ
726 4151 990 4222 πονηρίας
1017 4148 1178 4203 οἱονεί
1204 4165 1320 4211 πως
1365 4145 1682 4216 ἐπιπλοκὴν,
1724 4147 1805 4208 εἰς

229 4246 358 4300 νοῦν
385 4246 485 4300 οὑκ
517 4245 735 4315 ἔχοντας
764 4282 779 4306 ,
814 4239 1107 4312 καθιεροῦν
1143 4239 1221 4310 τῷ
1267 4237 1388 4307 Θεῷ
1442 4237 1541 4302 τάς
1598 4235 1806 4291 ἑαυτῶν

230 4335 433 4406 ψυχὰς,
467 4328 542 4388 ὧν
592 4335 672 4397 είς
703 4333 872 4385 τύπον
906 4330 964 4383 τὸ
1006 4323 1174 4400 αἷμαο
1209 4329 1326 4382 νέον
1357 4327 1414 4381 δὲ
1447 4327 1676 4399 φύραμα
1712 4326 1806 4380 καὶ

1888 498 2084 553 mabus
2114 498 2350 562 vestris;
2395 493 2618 565 sanguis
2654 492 2805 548 enim
2841 491 2961 561 ejus
2991 505 3092 558 pro
3126 491 3306 542 anima
3341 501 3473 558 pro-

1887 590 2194 662 pitiabitur.
2228 589 2358 644 Ideo
2399 586 2512 642 dixi
2548 584 2675 639 ﬁliis
2717 581 2885 637 Israel
2919 599 2931 634 :
2963 579 3153 635 Omnis
3193 579 3374 633 anima
3405 591 3473 632 ex

1888 681 2045 735 vobis
2087 695 2196 733 non
2241 674 2494 733 comedet
2538 672 2886 743 sanguinem.
2915 669 2985 724 Et
3017 669 3344 739 proselytus,
3377 667 3475 737 qui

1889 771 2172 842 appositus
2225 776 2310 825 est
2343 766 2537 830 vobis,
2567 779 2678 820 non
2724 762 2976 818 comedet
3022 759 3375 830 sanguinem;
3417 765 3475 813 et

1890 864 2055 918 homo
2077 861 2145 916 de
2169 860 2295 915 ﬁliis
2335 857 2501 914 Israel
2544 862 2640 910 aut
2685 855 2753 910 de
2777 851 3090 924 proselytis,
3117 850 3209 919 qui
3236 849 3472 918 appositi

1890 963 2019 1010 sunt
2049 954 2227 1017 vobis,
2254 951 2348 1022 qui
2382 949 2634 1004 venando
2658 946 2867 1016 ceperit
2912 945 3106 1007 feram,
3147 950 3242 997 aut
3290 957 3469 1007 avem,

1890 1061 1998 1115 qua
2028 1045 2175 1100 vesci
2196 1044 2348 1107 licet,
2369 1039 2618 1095 effundet
2654 1036 2978 1106 sanguinem
3015 1034 3153 1104 ejus,
3180 1040 3236 1087 et
3258 1031 3474 1101 operiet

1891 1137 2046 1191 illum
2070 1143 2248 1202 terra;
2279 1134 2457 1189 anima
2481 1130 2631 1186 enim
2657 1127 2838 1182 omnis
2864 1125 3069 1188 carnis,
3101 1124 3324 1193 sanguis
3355 1123 3476 1192 ejus

1891 1236 1994 1284 est.
2020 1228 2089 1283 Et
2119 1227 2233 1281 dixi
2261 1225 2389 1280 ﬁliis
2413 1221 2582 1278 Israel
2603 1239 2616 1274 :
2641 1218 2975 1289 Sanguinem
2997 1213 3266 1268 universa:
3293 1211 3475 1266 carnis

1892 1337 2001 1375 non
2047 1317 2368 1382 comedetis,
2408 1315 2539 1386 quia
2584 1313 2767 1368 anima
2814 1310 2995 1364 omnis
3029 1306 3214 1362 carnis
3255 1302 3476 1372 sanguis

1891 1413 2012 1484 ejus
2037 1419 2150 1476 est;
2181 1409 2276 1480 qui
2302 1408 2482 1464 ederit
2505 1418 2653 1469 eum,
2681 1401 3144 1458 exterminabitur
3175 1397 3242 1449 ἰ.
3277 1415 3294 1446 ι
3338 1393 3474 1448 Vide

1893 1505 2060 1576 igitur
2085 1511 2272 1572 aperte
2299 1516 2364 1556 ac
2397 1498 2684 1554 manifeste
2712 1511 2812 1566 pro
2839 1493 3035 1549 anima:
3061 1491 3232 1562 ﬁgura
3258 1485 3477 1557 sangui-

1893 1611 2018 1650 nem
2047 1594 2240 1664 accipi.

1820 1755 1863 1812 Β
1963 1765 2162 1822 PALL.
2185 1765 2470 1836 Intelligo.

1963 1858 2122 1914 CYR.
2164 1857 2276 1912 Lex
2305 1857 2473 1926 igitur
2504 1851 2826 1924 sanguinem
2863 1863 2892 1903 a
2925 1846 3249 1917 corporibus
3278 1841 3474 1900 occisis

1893 1949 2129 2023 sejungit
2160 1965 2224 2004 ac
2260 1946 2566 2010 subtrahit;
2608 1958 2716 2014 qua
2749 1943 2804 1995 in
2832 1955 2891 1995 re
2919 1939 3115 2010 dogma
3151 1935 3471 2023 verum_do-

1891 2013 1980 2098 cet
2013 2013 2079 2096 et
2097 2057 2127 2096 a
2165 2040 2327 2095 nobis
2369 2039 2504 2110 ipsis
2540 2013 2648 2090 ﬁde
2694 2039 2999 2102 receptum,
3033 2039 3090 2085 et
3125 2029 3180 2082 in
3214 2013 3477 2083 Ec‘clésiis

1893 2137 1948 2192 in
1977 2133 2270 2206 praecipuis
2306 2131 2592 2195 habitum;
2631 2142 2828 2197 nempe
2867 2126 2946 2180 sic
2984 2122 3296 2178 habendum
3329 2135 3472 2186 esse,

1893 2235 1955 2281 ut
1990 2227 2229 2281 animam
2271 2221 2513 2276 hominis
2553 2219 2784 2273 rationis
2825 2223 3157 2285 compotem,
3191 2215 3474 2268 immorla-

1892 2319 2001 2373 lem
2027 2326 2319 2387 putemus;
2348 2327 2528 2382 neque
2561 2311 2711 2366 enim
2747 2323 2897 2363 mors
2924 2321 3042 2360 eam
3074 2321 3181 2359 una
3212 2319 3336 2358 cum
3370 2311 3478 2357 ter-

1893 2411 2041 2465 renis
2061 2407 2387 2478 corporibus
2416 2402 2704 2468 interimit,
2746 2400 2840 2456 sed
2866 2400 3051 2469 potius
3074 2397 3164 2451 ille
3189 2396 3474 2458 Conditor,

1894 2501 1989 2570 qui
2015 2498 2093 2554 illi
2120 2499 2288 2553 vitam
2316 2494 2638 2565 impertivit,
2668 2489 2922 2555 absolvit,
2943 2496 2999 2543 et
3025 2488 3250 2550 relaxat,
3274 2501 3335 2539 ac
3350 2484 3479 2539 sub-

1893 2590 2066 2654 ducit,
2106 2587 2400 2659 quominus
2431 2600 2551 2640 eam
2580 2581 2941 2653 perpetiatur.
2977 2577 3176 2632 Factus
3208 2583 3292 2630 est
3327 2575 3477 2628 enim

1894 2683 2061 2737 homo
2099 2681 2167 2735 ab
2208 2680 2329 2750 ipso
2361 2677 2518 2732 initio
2560 2676 2617 2730 in
2652 2674 2891 2728 animam
2931 2669 3228 2730 viventem,
3261 2680 3384 2721 cum
3421 2664 3478 2718 in

1895 2773 2074 2845 ipsum
2120 2772 2263 2825 Deus
2312 2768 2631 2823 immisisset
2687 2764 2942 2835 spiritum
2983 2760 3146 2825 vitia;
3194 2757 3274 2812 sic
3329 2756 3479 2811 enim

1895 2865 2161 2936 scriptum
2198 2869 2283 2918 est
2314 2863 2401 2915 ²¹⁶.
2437 2860 2809 2929 lmpingemus
2847 2854 3018 2918 enim,
3047 2861 3108 2907 ut
3147 2851 3361 2921 opinor,
3399 2847 3481 2902 in-

1896 2957 2172 3012 ﬁrmitatis
2225 2954 2422 3008 vitium
2480 2953 2607 3006 vita:
2657 2941 2758 3014 illi,
2804 2947 2989 3003 omnia
3041 2943 3360 3002 viviﬁcanti.
3409 2940 3478 3007 si,

1897 3048 2043 3118 quod
2083 3047 2153 3101 ab
2182 3061 2248 3101 ea
2279 3043 2607 3116 productum
2637 3047 2721 3096 est
2747 3047 2805 3093 ut
2830 3038 3000 3102 vivat,
3029 3051 3137 3089 una
3161 3049 3286 3088 cum
3310 3031 3479 3088 cadu-

1897 3140 1976 3195 cis
1998 3136 2327 3209 corporibus
2351 3134 2656 3190 dixerimus
2679 3130 2939 3195 interire;
2966 3143 3030 3183 ac
3051 3125 3292 3180 vicissim
3317 3137 3485 3176 orna-

1896 3231 2079 3287 bimus
2114 3227 2377 3298 praeclara
2416 3224 2702 3294 sapientia:
2730 3221 2916 3286 laude,
2945 3222 2992 3273 si
3024 3219 3170 3272 illam
3204 3217 3486 3270 immorta-

1897 3322 2005 3376 lem
2046 3335 2168 3376 esse
2208 3317 2629 3379 crediderimus,
2666 3328 2843 3382 eaque
2879 3310 3192 3366 conditione
3224 3317 3286 3362 ut
3313 3314 3479 3369 esset,

1900 3414 1977 3468 illi
2008 3412 2253 3467 omnium
2287 3423 2474 3463 rerum
2519 3405 2728 3462 Artiﬁci
2763 3403 3058 3474 placuisse,
3089 3400 3250 3470 357
3294 3398 3348 3450 in
3374 3411 3482 3464 quo

1897 3505 2154 3566 vivimus,
2184 3511 2239 3557 et
2265 3515 2550 3554 movemur
2580 3506 2636 3553 et
2657 3510 2868 3551 sumus.
2898 3493 3080 3562 Atque
3112 3491 3217 3544 hoc
3246 3487 3349 3542 sibi
3384 3502 3482 3540 vo-

1900 3598 2021 3651 lunt
2042 3595 2180 3666 legis
2201 3594 2304 3648 hac
2332 3592 2399 3646 de
2424 3607 2482 3645 re
2507 3588 2821 3644 constituta
2844 3584 3032 3640 verba.
3063 3582 3169 3640 Sed
3195 3594 3485 3651 pergamus

1901 3689 1970 3744 ad
2006 3689 2141 3742 alias
2182 3682 2523 3741 tabernaculi
2567 3683 2734 3753 leges.
2775 3677 2865 3734 Ait
2906 3677 3074 3748 igitur
3118 3673 3384 3734 Dominus
3428 3671 3482 3724 in

1900 3781 2090 3838 Exodo
2119 3797 2132 3834 :
2169 3799 2186 3831 ι
2219 3778 2339 3834 Νοη
2366 3775 2633 3831 mactabis
2667 3788 2834 3843 super
2861 3769 3133 3825 fermento
3164 3763 3486 3834 sanguinem

1900 3872 2094 3927 hostiae
2115 3883 2253 3925 meae
2274 3869 2340 3922 ”.
2375 3885 2394 3917 ι
2431 3865 2561 3922 Sine
2589 3864 2860 3920 fermento
2891 3860 2981 3923 sit,
3011 3857 3210 3927 inquit,
3243 3855 3484 3925 sanguis,

1901 3962 1996 4032 qui
2035 3959 2308 4023 funditur,
2333 3971 2515 4025 neque
2550 3969 2717 4022 super
2745 3952 2821 4015 id,
2849 3947 2996 4019 quod
3032 3948 3142 4001 Deo
3183 3945 3239 3998 in
3276 3942 3484 3998 sacriﬁ-

1901 4031 2048 4107 cium
2077 4048 2328 4110 offertur,
2355 4045 2686 4099 fermentum
2727 4048 2822 4095 aut
2843 4037 3018 4093 simila
3039 4035 3363 4089 fermentata
3385 4031 3485 4085 ad-

1897 4143 2122 4214 jiciatur
2149 4157 2162 4192 :
2189 4144 2407 4208 oportet
2441 4135 2590 4190 enim
2632 4141 2695 4185 ut
2733 4127 3022 4199 expurgati
3061 4134 3118 4180 et
3150 4124 3322 4196 azymi
3347 4137 3487 4194 quo-

1904 4233 2217 4298 dammodo,
2250 4230 2306 4285 id
2353 4236 2458 4294 est,
2503 4225 2711 4281 nullam
2754 4221 2876 4277 vitii
2924 4221 3088 4291 atque
3120 4216 3488 4289 improbitatis

1904 4323 2285 4380 admistionem
2331 4319 2389 4373 in
2433 4315 2619 4372 animo
2662 4313 2952 4377 habentes,
2993 4312 3207 4366 animas
3248 4317 3485 4371 nostras,

231 4405 476 4492 ἀζύμους
504 4421 687 4474 ἐκάλει
724 4421 820 4472 καὶ
864 4419 892 4472 6
921 4417 1204 4481 θεσπέσιος
1238 4416 1450 4480 Παῦλος
1478 4457 1494 4482 ,
1523 4418 1650 4480 τοὺς
1673 4415 1799 4468 εἰλι-

1908 4431 2140 4488 quarum
2181 4411 2404 4484 sanguis
2448 4409 2677 4481 ﬁguram
2718 4406 2878 4478 gerit,
2914 4405 3026 4460 Deo
3064 4415 3486 4464 consecremus;

233 4514 397 4584 κρινῆ
443 4513 538 4566 καὶ
566 4512 852 4576 ἀθόλωτον,
892 4510 984 4564 καὶ
1013 4509 1302 4580 ἀσυμμιγῆ
1345 4507 1680 4578 φαυλότητος
1711 4507 1808 4576 τὴν

234 4607 442 4660 οἰκείαν
462 4604 762 4676 τηροῦντας
785 4603 984 4673 ψυχὴν,
1005 4601 1091 4655 διά
1112 4600 1348 4664 πίστεως
1370 4601 1426 4654 δὲ
1446 4600 1684 4671 δηλονότι
1711 4599 1812 4669 τῆς

237 4703 319 4763 εἰς
347 4698 601 4769 Χριστὸν,
631 4696 724 4750 καὶ
749 4697 970 4765 ἀγάπης
997 4693 1296 4756 ὁλοτελοῦς.
1341 4691 1482 4745 Ἀλλ’
1515 4711 1534 4742 ι
1571 4691 1705 4746 Οὐδὲ
1737 4691 1811 4761 μὴ

237 4790 530 4862 κοιμηθῇ,
596 4789 750 4862 φησι,
808 4787 979 4855 στέαρ
1050 4784 1151 4855 τῆς
1223 4783 1418 4856 ἐορτῆς
1500 4800 1639 4854 μου,
1711 4780 1815 4843 ἕως

240 4879 408 4951 πρωῒ,
462 4897 481 4930 ›
537 4878 679 4932 τοῦτ’
712 4877 848 4939 ἐστι,
894 4874 1077 4947 χθιζὸν
1129 4874 1230 4927 οὑκ
1259 4873 1495 4935 ἀνοίσεις
1529 4870 1693 4942 στέαρ
1731 4871 1810 4932 είς

238 4970 420 5040 ὀσμὴν
474 4968 722 5030 εὐωδίας.
777 4967 866 5020 Ἐν
921 4963 978 5017 δὲ
1026 4962 1105 5035 τῷ
1152 4961 1422 5030 Λευιτικῷ
1475 4958 1814 5030 σαφεστέραν

243 5063 480 5114 ποιεῖται
502 5057 594 5112 τοῦ
618 5059 784 5128 νόμου
810 5056 912 5126 τὴν
940 5053 1198 5126 δήλωσιν,
1227 5053 1320 5106 καὶ
1348 5051 1409 5105 τὸ
1439 5050 1629 5121 χρῆμα
1660 5051 1817 5119 ἐναρ-

244 5153 343 5218 γὲς
377 5150 668 5220 καθίστησι
710 5147 886 5216 λέγων
927 5146 1056 5217 περὶ
1098 5143 1193 5196 τοῦ
1234 5143 1601 5216 προσάγοντος
1645 5137 1814 5209 θῦμα·

252 5262 272 5293 ι
325 5242 440 5296 Κᾶν
474 5241 657 5311 εὐχὴν,
691 5240 724 5309 ἢ
768 5238 1014 5292 ἑκούσιον
1046 5235 1281 5308 θυσιάσῃ
1322 5233 1383 5287 τδ
1417 5233 1587 5304 δῶρον
1617 5229 1781 5285 αὑτοῦ
1803 5270 1817 5294 ,

1906 4522 2105 4564 novam
2151 4505 2316 4560 etiam
2361 4501 2808 4571 conspersionem
2846 4503 2904 4552 et
2941 4508 3162 4565 azymos
3198 4489 3492 4561 appellavit

1907 4600 2104 4656 beatus
2131 4596 2334 4651 Paulus
2355 4593 2424 4658 ",
2457 4590 2552 4662 qui
2590 4607 2688 4662 per
2729 4588 2893 4643 ﬁdem
2929 4587 2984 4640 in
3015 4583 3320 4647 Christum,
3346 4581 3488 4634 inte-

1909 4703 2172 4762 gramque
2222 4683 2574 4741 dilectionem
2617 4682 2889 4736 sinceram
2945 4692 3010 4732 ac
3055 4689 3271 4746 puram,
3315 4677 3372 4726 et
3422 4669 3492 4724 ab

1911 4761 2062 4840 omni
2111 4775 2482 4849 improbitatis
2527 4771 2858 4827 admistione
2906 4769 3209 4838 sejunctam
3255 4761 3493 4817 animam

1911 4848 2325 4930 conservarent.
2373 4861 2518 4930 Quin
2559 4860 2726 4915 etiam
2783 4876 2797 4912 :
2863 4875 2881 4908 ι
2939 4856 3060 4912 Non
3103 4848 3493 4924 pernoctabit,

1911 4959 2109 5031 inquit,
2157 4955 2326 5024 adeps
2366 4949 2681 5008 festivitatis
2721 4963 2854 5002 mea:
2876 4960 3052 5015 usque
3082 4957 3244 4997 mane
3270 4941 3351 5006 ἰς
3384 4957 3402 4990 ›
3439 4935 3494 4992 id

1911 5060 2016 5116 est,
2051 5051 2376 5104 hesternum
2418 5043 2636 5114 adipem
2667 5057 2777 5096 non
2806 5038 3007 5095 oﬁ‘eres
3034 5037 3090 5091 in
3122 5034 3346 5091 odorem
3374 5045 3499 5087 sua-

1912 5139 2116 5194 vitatis.
2138 5137 2200 5192 ln
2221 5135 2465 5190 Levitico
2486 5141 2668 5188 autem
2690 5130 2936 5201 apertius
2957 5128 3100 5182 hanc
3122 5126 3297 5196 legem
3319 5121 3494 5193 expli-

1925 5239 2032 5295 cat,
2057 5244 2288 5299 eamque
2311 5242 2424 5283 rem
2452 5225 2798 5296 perspicuam
2829 5220 2958 5276 facit
2981 5219 3171 5275 dicens
3193 5216 3260 5272 de
3287 5231 3374 5279 eo,
3401 5211 3497 5283 qui

248 5330 284 5410 ᾖ
316 5333 381 5387 ἂν
407 5306 950 5405 ἡμέρανπροσενέγκῃ
982 5329 1081 5400 τὴν
1105 5306 1314 5392 θυσίαν,
1336 5325 1695 5397 βρωθὴσεται,
1729 5340 1799 5376 κα

1928 5323 2088 5378 oﬁ‘ert
2114 5321 2392 5377 victimam
2427 5336 2441 5372 :
2481 5337 2499 5369 ι
2541 5317 2666 5373 Sive
2704 5323 2832 5371 voto
2860 5312 3130 5376 debitum,
3156 5310 3270 5365 sive
3298 5306 3498 5360 volun-

2313 5409 2321 5410 ,
2503 5407 2512 5410 -
3175 5396 3210 5410 ..
3291 5390 3462 5410 -..μμ

248 5390 317 5497 τῇ
345 5390 575 5498 αερίιοᾷί
615 5390 677 5478 τδ
725 5424 783 5478 δὲ
826 5390 1184 5490 καταλειφθὲν
1216 5390 1471 5474 ant}va
1504 5390 1680 5489 κρεῶν
1725 5415 1799 5484 τῆ.

1927 5413 2125 5467 tarium
2153 5407 2543 5467 sacriﬁcaverit
2567 5420 2770 5460 munus
2797 5417 2980 5465 suum,
3008 5414 3117 5469 quo
3158 5396 3247 5451 die
3279 5390 3497 5447 obtule-

292 5480 317 5497 ..
422 5480 461 5498 ..
1066 5480 1078 5490 .
1546 5480 1557 5489 .
1781 5480 1789 5484 .

249 5519 442 5582 θυσίας
469 5561 483 5583 ,
533 5518 639 5580 ἓως
677 5514 888 5586 ἡμέρας
940 5513 1149 5584 τρίτης,
1198 5514 1255 5566 ἐν
1299 5511 1430 5580 πυρὶ
1467 5509 1796 5577 καυθήσεται

1929 5503 2001 5557 rit
2042 5501 2392 5564 sacriﬁcium,
2427 5497 2770 5560 comedetur,
2795 5501 2853 5547 et
2893 5489 3194 5561 postridie;
3227 5480 3371 5553 quod
3402 5495 3504 5537 au-

329 5702 372 5734 "
403 5702 577 5758 Levil.
620 5717 746 5766 xvn,
791 5698 943 5753 8-H.
1023 5698 1084 5730 ἰ’
1109 5695 1244 5750 Gen.
1275 5709 1332 5760 ιι,
1355 5693 1404 5746 7.
1483 5693 1524 5723 ²²
1551 5688 1722 5746 Exod.
1749 5703 1927 5747 xxxiv,
1950 5685 2038 5739 ‘13.
2114 5685 2158 5716 ’³
2181 5683 2199 5737 l
2221 5682 2346 5738 Cor.
2374 5695 2424 5745 v,
2459 5678 2508 5731 7.
2588 5677 2634 5708 ”
2659 5675 2818 5729 Dcut.
2849 5685 2999 5738 xxiii,
3031 5668 3127 5724 l8.
