3996 6212
507 245 610 302 699

1489 251 1544 307 S.
1585 251 1860 308 CYRILLI
1899 248 2368 305 ALEXANDRINI
2407 205 2728 310 AliClllEP.

3296 197 3368 214 Ὗ.-

3652 244 3772 302 700

511 367 620 414 tem
661 357 928 430 reliquum
961 359 1127 414 fuerit
1164 358 1230 413 de
1257 359 1515 415 carnibus
1547 360 1804 416 sacriﬁcii
1830 373 2002 428 usque
2028 357 2084 412 in

2201 355 2324 408 Ἐὰν
2353 355 2408 408 δὲ
2439 356 2629 425 φαγὼν
2676 357 2828 429 φάγῃ
2858 355 2966 410 ἀπὸ
2997 356 3106 409 τῶν
3155 355 3332 427 κρεῶν
3377 355 3445 424 τῇ
3481 352 3665 426 ἡμέρᾳ.
3691 354 3770 426 τῇ

509 451 656 506 diem
681 452 926 515 tertium,
957 452 1066 522 igni
1094 451 1468 506 comburetur.
1497 453 1653 519 Quod
1677 454 1721 508 si
1743 450 2081 508 comedendo

509 541 809 595 comederit
831 541 898 595 de
925 541 1184 596 carnibus
1207 542 1296 597 die
1321 543 1505 606 tertio,
1530 559 1639 598 non
1664 543 1771 598 erit
1795 549 2080 614 acceptum

509 631 762 687 otl'erenti
812 631 968 698 illud,
1011 649 1120 688 non
1172 634 1536 704 imputabitur
1583 634 1717 704 ipsi;
1775 633 2081 705 inquinatio

507 733 621 788 est;
675 723 856 778 anima
909 734 1094 780 autem
1132 742 1254 795 qua:
1292 726 1359 780 de
1397 727 1504 781 illis
1551 726 1870 791 comederit,
1901 725 2086 795 inqui-

507 816 752 882 nabitur,
776 829 833 872 et
854 827 1139 887 peccatum
1169 819 1476 889 accipiet“.
1511 838 1527 869 ι
1558 819 1745 874 Tertio
1768 820 1933 889 igitur
1952 826 2081 872 ante

425 972 432 981 .
506 905 596 961 die
615 907 953 962 immolatum
979 908 1308 964 sacriﬁcium
1339 910 1544 979 rejicit;
1565 909 1660 964 sed
1678 910 1842 964 etiam
1866 910 2082 965 hester-

506 1012 638 1051 num
656 1013 713 1052 se
737 999 974 1052 aversari
1000 998 1315 1063 declaravit,
1347 998 1537 1054 dicens
1560 1017 1573 1052 :
1607 1019 1625 1049 ι
1659 998 1813 1064 Quod
1837 999 1881 1052 si
1907 997 2080 1052 sacri-

508 1085 760 1141 ﬁcaveris
798 1087 1130 1142 sacriﬁcium
1165 1097 1353 1143 votum
1390 1104 1492 1158 pro
1516 1088 1706 1159 gratiis
1729 1087 1954 1158 agendis
1976 1087 2082 1142 Do-

508 1175 746 1239 mino,ut
769 1176 1102 1246 acceptabile
1119 1176 1191 1231 sit
1210 1177 1388 1243 vobis,
1414 1177 1792 1233 saerilicabitis
1813 1178 1970 1244 illud,
1989 1193 2084 1233 eo-

507 1265 632 1321 dem
655 1267 770 1336 ipso
785 1268 871 1322 die
888 1268 1208 1336 Cpmedetur
1223 1287 1236 1322 :
1253 1285 1361 1324 non
1380 1270 1724 1338 relinquetur
1743 1270 1809 1324 de
1823 1267 2082 1324 carnibus

506 1355 562 1410 in
592 1373 748 1412 mane
778 1376 790 1412 :
820 1375 921 1430 ego
944 1375 1064 1413 sum
1093 1360 1387 1426 Dominus;
1409 1370 1692 1430 peccatum
1717 1360 1948 1430 accipiet
1976 1360 2073 1412 ".i

579 1449 775 1504 PALL.
796 1450 901 1506 Sed
925 1451 1175 1521 quisnam
1204 1452 1399 1506 horum
1427 1453 1718 1508 verborum
1741 1467 1936 1506 sensus
1956 1451 2082 1506 est?

576 1539 734 1595 CYH.
770 1541 829 1595 In
865 1541 1245 1612 superioribus
1275 1544 1358 1598 lex
1393 1543 1551 1599 nobis
1582 1558 1955 1614 saepenumero
1983 1543 2081 1597 de-

506 1633 832 1687 monstravit
863 1632 1012 1688 hunc
1050 1649 1258 1690 morem
1290 1651 1410 1692 esse
1443 1636 1643 1690 divina:
1675 1635 1992 1706 Scriptum,
2021 1644 2083 1690 ut

2188 447 2367 519 τρίτῃ,
2399 448 2460 500 ού
2486 448 2809 520 δεχθήσεται
2839 449 2986 520 αύτῷ
3009 449 3086 521 τῷ
3124 447 3490 521 προσφέροντι
3516 445 3670 510 αὐτὸ,
3703 446 3768 498 οὖ

2187 536 2566 608 λογισθήσεται
2598 538 2767 609 αύτῷ,
2803 539 3020 610 μίασμά
3069 541 3217 593 ἐστιν
3243 556 3257 570 ·
3305 541 3339 610 ἡ
3364 539 3422 591 δὲ
3445 537 3596 608 ψυχὴ
3639 536 3768 607 ἣτις

2189 627 2255 681 ἂν
2285 628 2435 699 φάγῃ
2471 630 2567 683 ἀπ’
2601 631 2770 685 αὐτοῦ
2795 671 2810 694 ,
2842 630 3223 701 μιανθήσεται,
3248 631 3343 684 καὶ
3364 629 3461 699 τὴν
3487 629 3769 700 ἁμαρτίαν

2187 715 2432 786 λήψεται.
2463 737 2480 769 ι
2514 719 2767 790 Τριταῖον
2791 719 2887 790 μὲν
2915 715 3008 772 οὖν
3025 720 3411 789 ἀποπέμπεται
3429 718 3596 788 θῦμα,
3621 734 3761 786 παρ-

2189 809 2418 861 αιτεῖται
2444 808 2501 862 δὲ
2526 809 2606 862 ὅτι
2641 811 2735 863 καὶ
2757 810 2815 863 τὸ
2849 810 3050 880 χθιζὸν,
3071 809 3314 878 διεσάφει
3344 809 3536 878 λέγων.
3575 829 3592 859 ι
3635 806 3772 860 Ἐάν

2186 897 2242 950 δὲ
2275 897 2443 971 θύσῃς
2477 899 2667 953 Θυσίαν
2706 901 2871 971 εὐχὴν
2920 899 3272 971 χαρμοσύνης
3313 899 3390 970 τῷ
3430 899 3640 971 Κυρίῳ,
3685 899 3771 959 εἰς

2187 989 2372 1044 δεκτὸν
2397 991 2525 1061 ὑμῖν
2559 991 2747 1046 θύσετε
2769 993 2924 1046 αὑτό.
2951 994 3096 1064 Αύτῇ
3118 995 3182 1063 τῇ
3205 993 3388 1063 ἡμέρᾳ
3418 991 3598 1062 ἐκείνῃ
3630 989 3771 1058 βρω·

2189 1077 2432 1153 θήσεται,
2463 1085 2523 1138 ού
2547 1086 2928 1156 καταλείψεται
2952 1086 3060 1139 άπὸ
3079 1087 3187 1139 τῶν
3212 1083 3388 1156 κρεῶν
3410 1087 3490 1148 είς
3511 1083 3572 1136 τὸ
3596 1084 3767 1152 πρωῖ’

2187 1175 2430 1247 ὲγὼείμι
2463 1177 2689 1250 Κύριοςο
2715 1179 2816 1249 τὴν
2848 1179 3122 1251 ἁμαρτίαν
3155 1177 3405 1249 λήψεται.
3446 1195 3465 1228 ι

2257 1451 2464 1506 ΠᾹΛΛ.
2503 1447 2637 1507 Εἶτα
2663 1453 2746 1516 τίς
2774 1451 2840 1506 ἂν
2870 1450 3079 1520 γένοιτο
3099 1450 3194 1505 καὶ
3219 1450 3384 1504 τῶνδε
3411 1451 3438 1504 6
3467 1449 3622 1521 νοῦς’;

2258 1541 2421 1594 ΚΥΡ.
2465 1542 2924 1612 Προαποδέδειχεν
2964 1544 3095 1613 ἡμῖν
3127 1543 3157 1594 ὁ
3189 1543 3347 1613 νόμος
3380 1543 3437 1594 ὲν
3475 1544 3590 1604 τοῖς
3621 1542 3767 1593 άνω-

2186 1629 2330 1702 τέρω
2356 1631 2690 1697 πλειστάκις,
2713 1633 2794 1686 ὅτι
2817 1633 2908 1686 τὸν
2939 1632 3154 1687 ἅπαντα
3178 1633 3366 1703 χρόνον
3406 1631 3768 1700 κατατέμνειν

507 1723 828 1778 universum
867 1734 1083 1796 tempus
1123 1726 1400 1782 interdum
1437 1727 1574 1783 duas
1621 1727 1679 1781 in
1719 1737 1904 1797 partes
1942 1726 2084 1782 divi-

2193 1722 2306 1785 έθος
2332 1725 2396 1794 τῇ
2433 1723 2552 1796 θεία
2582 1725 2793 1795 Γραφῇ.
2841 1725 2974 1778 ποτε
3004 1725 3104 1796 μὲν
3136 1727 3216 1788 είς
3243 1724 3354 1789 δύο,
3400 1724 3522 1778 καθ’
3547 1724 3606 1777 ὃ)
3638 1719 3707 1794 ἦν
3739 1726 3768 1775 6

506 1816 628 1882 dat;
658 1816 714 1870 in
749 1811 904 1881 illud,
936 1833 1044 1888 quo
1082 1817 1171 1874 lex
1213 1817 1352 1884 fuit;
1397 1827 1455 1873 et
1497 1817 1652 1881 illud,
1689 1833 1798 1887 quo
1834 1817 2088 1872 Christus

509 1905 730 1961 illuxit:
770 1921 1164 1977 nonnunquam
1213 1909 1269 1962 in
1319 1916 1458 1973 tres,
1510 1925 1576 1964 eo
1627 1917 1873 1979 temporc
1920 1909 2086 1963 etiam

508 1997 815 2069 intcrjccto,
858 2007 1021 2067 atque
1060 1999 1118 2053 in
1158 1998 1339 2054 medio
1388 2000 1675 2063 collocato,
1711 2015 1820 2069 quo
1865 2006 2084 2057 sancto:

508 2105 630 2143 rum
664 2090 1053 2160 pr0phetarum
1093 2090 1298 2146 chorus
1333 2089 1574 2160 ell‘ulsit;
1612 2090 1708 2145 sed
1761 2099 1939 2146 tamen
1976 2099 2085 2144 tam

507 2195 576 2236 eo
620 2189 886 2251 tempore,
931 2198 1043 2252 quo
1081 2182 1310 2254 Moyses,
1345 2199 1509 2254 quam
1553 2198 1620 2238 eo
1657 2198 1767 2254 quo
1806 2184 2088 2254 prophetae

507 2271 749 2337 fuerunt,
779 2272 970 2328 eadem
1019 2273 1160 2328 ratio
1204 2273 1386 2329 cultus
1412 2273 1708 2329 exhibendi
1743 2273 1876 2339 fuit;
1923 2274 2088 2345 358

510 2363 769 2419 nimirum
804 2364 861 2418 in
890 2365 1100 2420 umbris
1131 2366 1312 2421 adhuc
1351 2366 1506 2436 legis.
1539 2365 1668 2431 Sed,
1693 2381 1818 2420 cum
1849 2367 1960 2438 jam
2006 2366 2088 2420 di-

509 2455 755 2520 luxissct,
786 2471 851 2510 ac
898 2457 1117 2512 tertium
1165 2459 1299 2513 illud
1347 2467 1563 2527 tempus
1607 2457 1970 2527 apparuisset,
2001 2467 2085 2512 at-

507 2560 615 2614 que
657 2546 830 2610 orbis,
860 2547 954 2617 qui
998 2548 1101 2602 sub
1138 2548 1251 2612 sole
1295 2557 1400 2612 est,
1433 2547 1725 2602 universus
1758 2547 2086 2618 intelligibili

506 2635 732 2701 lumine,
768 2635 822 2690 id
846 2645 949 2702 est,
971 2636 1176 2692 Christi
1192 2637 1486 2709 splendore
1513 2637 1884 2693 circumfusus
1911 2650 2077 2704 esset,

500 2725 614 2796 jam
641 2727 817 2782 veteri
857 2728 1090 2799 caligine
1130 2722 1398 2794 discussa,
1439 2731 1529 2785 illa
1562 2731 1744 2787 cultus
1774 2731 1936 2796 ratio,
1965 2747 2086 2801 qua:

505 2829 574 2869 eo
613 2823 856 2886 tempore
893 2817 1162 2887 viguerat,
1196 2834 1306 2874 non
1357 2819 1538 2874 adhuc
1576 2830 1729 2890 grata
1766 2829 1824 2876 et
1860 2827 2087 2891 accepta

505 2917 612 2974 est,
642 2908 738 2964 sed
783 2908 952 2979 adeps
996 2919 1092 2964 aut
1132 2909 1460 2966 sacriﬁcium
1495 2911 1610 2966 sive
1643 2912 1964 2967 hesternum
1992 2913 2082 2978 sit,

2188 1813 2371 1883 νόμος,
2412 1815 2507 1868 καὶ
2549 1815 2670 1869 καθ’
2715 1816 2772 1869 ὃν
2817 1816 3130 1888 ἐπέλαμψεν
3169 1817 3198 1869 6
3228 1816 3481 1886 Χριστός·
3519 1816 3650 1868 ποτὲ
3705 1815 3764 1868 δὲ

2187 1901 2278 1968 αὖ,
2305 1907 2385 1970 εἰς
2416 1908 2567 1977 τρεῖς
2605 1907 3124 1979 παρεισκρινομένου
3162 1925 3220 1961 τε
3252 1892 3350 1962 καῖ
3373 1907 3443 1960 τά
3477 1907 3766 1969 τάττοντος

2190 1994 2414 2066 μεταξὺ,
2442 1997 2534 2050 καὶ
2557 1996 2678 2051 καθ’
2705 1997 2764 2051 ὃν
2793 1999 2821 2050 6
2844 1997 2951 2051 τῶν
2972 1998 3142 2067 ἁγίων
3167 1998 3460 2071 προφητῶν
3484 1996 3765 2066 ἀνέλαμψε

2187 2089 2362 2159 χορὸς,
2393 2090 2532 2160 πλὴν
2563 2091 2644 2144 ὅτι
2676 2090 2772 2144 καὶ
2801 2091 2859 2144 ὲν
2897 2091 3072 2161 χρσνῳ
3107 2090 3184 2161 τῷ
3217 2087 3359 2144 κατὰ
3403 2089 3604 2143 Μωσέα
3625 2129 3638 2150 ,
3669 2089 3766 2140 καὶ

2187 2182 2246 2234 ὲν
2288 2180 2366 2252 τῷ
2405 2181 2512 2234 τῶν
2560 2183 2731 2251 ἁγίων
2769 2184 3066 2253 προφητῶν
3109 2184 3359 2256 λατρείας
3397 2177 3464 2254 ἦν
3498 2182 3697 2254 τρόπος
3737 2183 3766 2232 6

2186 2272 2366 2338 αύτὺς,
2397 2273 2473 2337 ὡς
2500 2273 2558 2328 ὲν
2585 2275 2764 2337 σκιαῖς
2801 2273 2882 2328 έτι
2920 2277 3037 2338 ταῖς
3069 2274 3210 2328 κατὰ
3237 2276 3420 2346 νόμον.
3455 2277 3676 2347 Πρωτας
3705 2273 3767 2328 δι

2186 2363 2517 2435 γενομένης,
2545 2364 2665 2436 ἤτοι
2697 2363 2791 2418 τοῦ
2818 2363 3000 2435 τρίτου
3025 2363 3209 2418 λοιπὸν
3235 2363 3395 2418 πάλιν
3421 2363 3766 2434 ἀναδειχθέν-

2185 2470 2276 2516 τος
2304 2454 2516 2522 καιροῦ,
2558 2455 2653 2508 καὶ
2681 2453 2775 2508 τοῦ
2817 2454 3008 2524 νοητοῦ
3051 2454 3246 2524 φωτὸς,
3279 2453 3423 2508 τοῦτ’
3456 2453 3592 2519 ἔστι,
3624 2455 3766 2524 Χρι-

2189 2543 2334 2608 στοῦ,
2386 2545 2484 2618 τὴν
2533 2546 2622 2616 ὑφ’
2667 2546 2819 2617 ἥλιον
2869 2546 3416 2617 περιαστράπτοντος,
3465 2545 3769 2615 λελυμένης

2186 2636 2242 2690 δὲ
2267 2636 2451 2690 λοιπὸν
2489 2637 2588 2708 τῆς
2626 2638 2862 2702 παλαιᾶς
2901 2636 3118 2708 ἀχλύος,
3153 2637 3334 2692 οὐκέτι
3366 2637 3551 2701 δεκτὸς
3575 2638 3673 2707 τῆς
3703 2638 3768 2688 τὸ

2183 2728 2438 2798 τηνικάδε
2475 2730 2730 2804 λατρείας
2769 2733 2798 2786 ὁ
2836 2731 3061 2803 τρόπος.
3127 2731 3242 2784 ἀλλ’
3280 2732 3388 2783 εἴτε
3421 2728 3626 2800 χθιζὸν,
3662 2728 3768 2780 εἶτ’

2184 2819 2276 2878 οὖν
2301 2823 2387 2894 εἴη
2407 2823 2468 2876 τὸ
2495 2825 2734 2892 τριταῖον
2762 2821 2948 2893 στέαρ,
2975 2823 3008 2894 ἢ
3036 2822 3205 2894 θύμα,
3229 2821 3414 2876 δεκτδν
3441 2821 3537 2892 μὲν
3556 2821 3763 2884 οὐκέτι,

2188 2912 2441 2986 βδελυρὸν
2471 2913 2528 2966 δὲ
2575 2912 2670 2967 καὶ⁸
2713 2913 3016 2984 ἀπόϐλητον
3057 2912 3207 2984 παρὰ
3247 2911 3387 2982 Θεῷ,
3417 2912 3511 2965 καὶ
3545 2914 3600 2964 ὲν
3633 2911 3767 2981 μιά-

509 2999 623 3053 sive
649 2999 961 3064 tertianam,
992 2998 1136 3070 apud
1164 3000 1337 3054 Deum
1357 3000 1694 3056 exsecrabile
1725 3009 1828 3065 est,
1857 3011 2084 3057 etaver—

2193 3019 2395 3074 σματος
2424 3003 2573 3069 τάξει
2602 3002 2980 3073 λελογισμένον
3006 3007 3116 3067 τοῖς
3152 3003 3250 3056 οὐκ
3291 3005 3348 3056 ὲν
3377 3001 3554 3072 καιρῷ
3588 3017 3762 3073 προσ-

509 3099 660 3151 satnr
697 3106 761 3145 ac
796 3091 1024 3161 respuit,
1061 3098 1119 3146 et
1165 3090 1344 3146 alieno
1378 3100 1624 3162 tempore
1661 3091 1862 3147 otl‘erre
1894 3093 2084 3148 volen-

2193 3092 2436 3164 κομίζειν
2478 3093 2790 3165 ᾑρημένοις.
2845 3097 2912 3147 Ἦ
2959 3095 3057 3147 οὐκ
3108 3089 3245 3147 εἶναι
3281 3093 3648 3163 φὴς-ἀληθὲς.
3681 3094 3762 3146 ὅτι

511 3182 658 3237 tibus
689 3198 789 3253 pro
827 3183 1241 3252 inquinamento
1281 3183 1597 3254 deputatur.
1633 3183 1737 3249 An,
1769 3200 1894 3239 cum
1923 3183 2084 3240 Chri-

509 3281 626 3328 stus
651 3274 977 3344 evangelicis
1013 3273 1320 3344 disciplinis
1353 3273 1594 3329 illustret
1627 3283 1940 3330 sanctorum
1971 3275 2089 3330 ani-

510 3380 648 3430 mos,
675 3381 881 3436 eosque
911 3366 1210 3435 spiritualis
1232 3365 1414 3421 cultus
1437 3366 1704 3420 rationem
1728 3366 1932 3436 optime
1959 3382 2086 3436 per-

509 3456 723 3521 doceat,
756 3458 980 3512 minime
1025 3465 1186 3528 putas
1229 3473 1598 3528 supervacuas
1637 3473 1760 3512 esse
1794 3458 1906 3528 jam
1947 3473 2087 3526 quo—

509 3547 800 3602 dammodo
847 3559 1010 3616 atque
1045 3547 1267 3602 inutiles
1301 3547 1437 3617 legis
1461 3545 1911 3602 observationes?

582 3637 776 3691 PALL.
816 3637 929 3707 Ego
951 3651 1083 3691 vero
1104 3636 1300 3702 fateor;
1332 3652 1511 3705 neque
1545 3636 1693 3690 enim
1728 3635 1921 3706 ignoro
1945 3643 2086 3691 ster-

509 3743 638 3783 cora
676 3743 740 3782 ae
767 3728 1096 3782 detrimenta
1125 3728 1345 3783 beatum
1370 3729 1598 3783 Paulum
1629 3729 1927 3798 appellasse
1953 3728 2089 3799 legis

510 3828 852 3881 ornamenta,
874 3827 1100 3887 propter
1122 3817 1457 3872 eminentem
1485 3818 1768 3874 scientiam
1789 3818 1996 3874 Christi
2021 3819 2085 3884 ";

508 3908 672 3964 video
707 3910 855 3964 enim
900 3909 1053 3963 illum
1097 3909 1164 3964 ad
1205 3909 1472 3980 quosdam
1519 3911 1803 3981 scripsisse
1846 3927 1858 3963 :
1903 3931 1920 3960 ι
1956 3910 2088 3965 Dico

509 4008 692 4055 autem
731 4001 908 4068 vobis,
942 4002 1204 4071 quoniam
1231 4002 1275 4056 si
1307 4001 1802 4068 circumcidamini,
1835 4001 2088 4058 Christus

508 4089 668 4144 vobis
696 4089 832 4144 nihil
863 4089 1112 4160 proderit
1137 4091 1206 4146 ³⁸.
1241 4111 1258 4144 ι

580 4178 736 4234 CYR.
779 4179 944 4235 Recte
971 4180 1070 4236 ais.
1100 4180 1268 4252 Igitur
1296 4189 1580 4252 peccatum
1614 4191 1720 4248 est,
1747 4191 1804 4238 et
1832 4183 2087 4256 inquina-

510 4270 680 4326 menti
719 4271 963 4341 plenum,
996 4274 1342 4331 manifestato
1367 4277 1478 4347 jam
1507 4275 1748 4342 Christo,
1781 4292 1906 4332 cum
1946 4288 2086 4336 tem-

2193 3185 2426 3260 Χριστοῦ
2461 3185 2907 3256 καταλάμποντος
2962 3187 3072 3248 τοῖς
3123 3184 3490 3252 εύαγγελικοῖς
3545 3182 3763 3235 παιδεύ-

2197 3296 2328 3349 μασι
2376 3276 2474 3340 τὰς
2523 3277 2633 3328 τῶν
2687 3275 2856 3345 ἁγίων
2905 3275 3082 3346 ψυχὰς
3116 3277 3210 3329 καὶ
3256 3277 3336 3337 είς
3367 3273 3622 3343 λατρείαν
3671 3275 3764 3342 τὴν

2196 3371 2569 3442 πνευματικὴν
2597 3369 3079 3441 μυσταγωγοῦντος
3109 3364 3167 3422 εὖ
3201 3367 3363 3439 μάλα,
3397 3366 3626 3438 περιττά
3650 3383 3765 3428 πως

2195 3461 2297 3531 ἤδη
2323 3462 2414 3515 καὶ
2447 3461 2699 3532 ἀνωφελῆ
2726 3460 2794 3514 τά
2827 3462 2884 3514 ὲν
2906 3460 3089 3531 νόμῳ;

2265 3639 2471 3694 ΠΛΛΛ.
2539 3638 2704 3708 Φημί.
2736 3638 3120 3710 ,Μεμνήσομαι
3175 3636 3282 3708 γὰρ
3331 3635 3425 3689 τοῦ
3479 3633 3767 3687 θεσπεσίου

2195 3731 2432 3793 Παύλου,
2460 3729 2705 3784 σκύϐαλα
2729 3729 2826 3784 καὶ
2849 3727 3050 3800 ζημίαν
3071 3727 3507 3797 ἀποκεκληκότος
3536 3726 3603 3778 τὰ
3624 3727 3771 3778 κατὰ

2195 3822 2357 3892 νόμον
2387 3822 2678 3891 αὐχήματα
2698 3860 2713 3884 ,
2745 3820 2833 3874 διὰ
2871 3821 2933 3873 τὸ
2967 3820 3230 3892 ὑπερέχον
3259 3819 3357 3890 τῆς
3388 3818 3642 3887 γνώσεως
3671 3817 3766 3870 τοῦ

2194 3912 2450 3983 Χριστοῦ.
2491 3909 2697 3963 Ἀκούω
2727 3909 2782 3962 δὲ
2804 3909 3139 3982 γεγραφότος
3166 3907 3295 3960 τισί·
3331 3907 3518 3975 «Λέγω
3551 3906 3606 3958 δὲ
3636 3907 3767 3975 ύμῖν

2195 4003 2274 4056 ὅτι
2295 4002 2389 4054 ἐὰν
2402 3999 3065 4072 περιτέμνησθε,Χριστὸς
3087 3998 3240 4051 οὐδὲν
3264 3997 3409 4068 ἡμᾶς
3431 3996 3726 4066 ὠφελήσει.
3743 4015 3760 4045 ι

2263 4191 2427 4246 ΚΥΡ.
2479 4188 2688 4260 Ὀρθῶς
2719 4187 2873 4258 ἔφης.
2907 4184 3114 4240 Οὐκοῦν
3167 4185 3414 4256 ἁμαρτία
3462 4186 3557 4238 καὶ
3597 4186 3766 4255 μολυ-

2196 4283 2350 4355 σμὸς,
2385 4280 2793 4352 ἀναδειχθέντος
2823 4277 3082 4350 Χριστοῦ,
3115 4277 3209 4330 καὶ
3234 4277 3635 4347 παρελάσαντος
3670 4277 3766 4330 τοῦ

482 4376 614 4433 'pus
655 4362 787 4418 illud
831 4366 1177 4434 przeterierit,
1215 4383 1326 4436 quo
1361 4367 1449 4422 lex
1488 4376 1545 4422 et
1585 4369 1865 4438 prophetae
1898 4371 2084 4442 vigue-

2194 4375 2404 4447 καιροῦ,
2423 4373 2545 4427 καθ’
2566 4373 2624 4426 ὃν
2639 4367 2706 4442 ἦν
2734 4373 2761 4424 ὁ
2781 4369 2940 4441 νόμος
2968 4370 3062 4423 καὶ
3085 4371 3132 4422 oi
3167 4369 3464 4439 προφῆται,
3491 4368 3592 4438 τῆς
3609 4368 3686 4431 ὡς
3710 4370 3767 4421 έν

510 4464 661 4520 runt,
690 4456 831 4511 velle
864 4457 1210 4514 umbratilem
1257 4459 1408 4514 illum
1449 4460 1659 4514 cultum
1690 4460 1951 4527 retinere,
1990 4480 2086 4518 au-

509 4546 751 4618 dereque
777 4550 888 4604 Deo
928 4566 1109 4614 ovem,
1153 4560 1248 4605 aut
1288 4550 1529 4619 adipem,
1563 4558 1659 4603 aut
1685 4550 1811 4605 thus
1848 4552 2085 4621 offerre;

509 4653 634 4693 cum
665 4640 950 4710 perspicue
977 4639 1122 4694 dicat
1151 4639 1321 4693 Filius
1349 4639 1496 4694 Patri
1533 4654 1596 4694 ac
1624 4641 1736 4696 Deo
1766 4659 1778 4695 :
1809 4661 1828 4694 ‹
1864 4643 2088 4701 Sacriﬁ-

509 4728 656 4784 cium
686 4739 742 4784 et
778 4730 1112 4785 oblationem
1154 4730 1404 4796 noluisti,
1437 4745 1636 4802 corpus
1671 4743 1853 4789 autem
1887 4738 2087 4806 aptasti

509 4821 665 4874 mihi.
722 4821 1049 4875 llolocausta
1099 4829 1154 4876 et
1202 4836 1302 4892 pro
1344 4830 1569 4891 peccato
1605 4839 1717 4878 non
1762 4825 2089 4894 placuerunt

513 4912 642 4979 tibi;
677 4921 807 4968 tunc
842 4912 955 4966 dixi
996 4929 1009 4966 :
1049 4913 1188 4967 Ecce
1216 4913 1378 4968 venio
1414 4930 1427 4966 :
1471 4913 1525 4968 in
1566 4915 1744 4986 capite
1785 4917 1911 4971 libri
1947 4918 2088 4973 scri-

510 5011 665 5072 ptum
713 5014 796 5059 est
846 5003 912 5058 de
963 5019 1080 5069 me,
1137 5012 1197 5058 ut
1250 5004 1514 5069 facerem,
1550 5007 1714 5072 Deus,
1751 5009 2088 5064 voluntatem

513 5101 660 5146 tuam
690 5094 754 5145 ”.
799 5113 816 5144 ι
870 5093 1027 5152 Nam.
1069 5104 1419 5164 posteaquam
1458 5097 1630 5152 Filius
1685 5098 2087 5156 immaculatam

509 5183 788 5237 victimam
825 5199 924 5252 pro
967 5183 1127 5240 nobis
1167 5185 1386 5251 obtulit,
1427 5187 1696 5258 legalibus
1739 5191 2085 5246 catremoniis

512 5275 675 5330 ﬁnem
710 5274 986 5344 imposuit,
1023 5291 1147 5332 cum
1174 5293 1238 5333 ea
1267 5278 1482 5334 auferre
1523 5289 1745 5348 peccata
1792 5297 1902 5335 non
1946 5296 2077 5351 pos-

510 5375 665 5434 sent;
706 5366 830 5422 linis
865 5367 1008 5422 enim
1039 5369 1173 5442 legis
1203 5387 1268 5427 ac
1296 5373 1708 5443 prophetarum,
1735 5371 2002 5431 Christus.

582 5459 779 5516 PALL.
820 5461 987 5518 Recte
1027 5464 1127 5520 ais.

2190 4469 2370 4528 σκιαῖς
2393 4463 2645 4535 λατρείας
2671 4461 2990 4532 ἀντέχεσθαι
3010 4478 3022 4491 ·
3055 4461 3149 4515 καὶ
3177 4459 3297 4532 Θεῷ
3328 4460 3621 4529 προσάγειν
3642 4461 3768 4513 ἐπι-

2185 4559 2385 4629 χειρεῖν
2409 4557 2510 4621 ὄϊν,
2545 4554 2578 4624 ἢ
2625 4554 2816 4623 στέαρ,
2853 4552 2886 4623 ἢ
2925 4552 3218 4606 λιϐανωτόν
3247 4569 3261 4584 ο
3307 4551 3483 4605 καίτοι
3513 4551 3765 4618 λέγοντος

2183 4648 2426 4720 ἐναργῶς
2461 4646 2553 4699 τοῦ
2589 4644 2720 4698 Υίοῦ
2765 4643 2842 4716 τῷ
2887 4642 3005 4714 Θεῷ
3039 4644 3133 4697 καὶ⁸
3155 4645 3346 4716 Πατρί·
3369 4663 3388 4696 ι
3425 4643 3631 4695 Θυσίαν
3668 4642 3764 4695 καὶ

2183 4737 2496 4810 προσφοράν
2533 4737 2635 4790 οὐκ
2679 4734 2972 4806 ἠθέλησας,
2999 4735 3157 4806 σῶμα
3195 4735 3252 4789 δὲ
3297 4734 3611 4804 κατηρτίσω
3646 4751 3758 4802 μοι.

2196 4828 2652 4900 Ὀλοκαυτώματα
2699 4827 2791 4880 καὶ
2837 4827 2966 4898 περὶ
3009 4827 3283 4898 ἁμαρτίας
3309 4827 3407 4879 οὐκ
3428 4826 3759 4895 ηὑδόκησας.

2186 4923 2308 4975 τότε
2330 4917 2505 4984 εἷπον,
2543 4920 2673 4973 Ἰδοὺ
2701 4920 2839 4989 ἥκω·
2863 4919 2922 4971 ὲν
2948 4918 3193 4988 κεφαλίδι
3217 4919 3419 4988 βιϐλίου
3446 4918 3760 4988 γέγραπται.

2185 5003 2478 5077 περὶὲμοῦ,
2502 5010 2597 5064 τοῦ
2612 5009 2854 5078 ποιῆσαι,
2877 5009 2906 5062 6
2922 5008 3072 5072 Θεὸς,
3093 5009 3154 5061 τὸ
3172 5009 3385 5080 θέλημά
3406 5025 3521 5061 σου.
3538 5010 3760 5077 ’Ἄμω-

2189 5119 2293 5170 μον
2318 5101 2421 5169 γὰρ
2458 5097 2642 5172 ῶσπερ
2682 5103 2876 5173 ἱερεῖον
2905 5101 3095 5156 ἑαυτὸν
3124 5101 3264 5173 ὑπὲρ
3294 5101 3448 5172 ἡμῶν
3479 5099 3703 5162 ἀναθεὶς
3735 5101 3761 5151 6

2191 5190 2337 5252 Υἱὸς,
2383 5190 2577 5262 ὲστησε
2610 5191 2681 5245 τά
2730 5193 2787 5246 ἐν
2815 5194 2986 5264 νόμῳ,
3026 5193 3314 5264 ,περιελεῖν
3365 5191 3640 5262 ἁμαρτίας
3698 5191 3758 5242 οὐ

2187 5279 2490 5350 δυνάμεναο
2537 5283 2694 5347 τέλος
2745 5285 2854 5356 γάρ
2895 5285 3061 5356 νόμου
3105 5285 3199 5338 καὶ
3232 5283 3524 5355 προφητῶν
3561 5283 3591 5336 6
3625 5281 3763 5352 Χρι-

2186 5371 2328 5434 στός.

2252 5465 2457 5520 ΠΔΛΛ.
2505 5459 2577 5520 Εὖ
2612 5466 2766 5537 ἔφης.

586 5639 632 5670 ’⁸
661 5641 837 5695 chit.
865 5659 959 5708 vn,
993 5643 1052 5700 l6
1093 5645 1179 5702 18.
1247 5648 1290 5679 ²⁶
1320 5646 1456 5702 Ibid.
1505 5647 1584 5701 1‘2.
1666 5650 1706 5680 ³⁷
1747 5648 1980 5719 Philipp.
2012 5663 2087 5714 ιιι,
2131 5645 2181 5700 8.
2262 5647 2305 5677 ’⁸
2335 5646 2506 5701 Galat.
2542 5664 2593 5713 v,
2625 5648 2677 5700 2.
2758 5649 2800 5679 ”
2847 5646 2984 5704 Psal.
3036 5662 3212 5715 xxxix,
3252 5645 3364 5702 7-9.
