3996 6212
497 311 514 330 ,
615 249 718 302 70:.

1621 249 1676 304 S.
1714 246 1990 304 CYRILLI
2033 244 2504 318 ᾼιΕΧΑΝῡιιιΝι
2543 245 2866 302 ARCHIEP.

3785 243 3886 300 τοι

612 373 841 419 matrem
873 375 998 417 eum
1043 360 1171 417 ﬁliis
1219 359 1413 416 eodem
1437 359 1548 425 die,
1585 359 1848 430 quidnam
1881 356 2194 429 significat?

2295 355 2402 409 δεῖν
2435 357 2650 428 μητέρα
2680 359 2793 420 τοῖς
2825 355 3034 418 τέκνοις
3085 354 3142 407 ἐν
3193 353 3376 424 ἡμέρα
3425 354 3544 424 μιᾷ,
3585 354 3635 406 τί
3676 357 3755 407 ἂν
3801 357 3886 426 εἴη

674 545 830 600 CYR.
857 545 994 600 Cum
1011 559 1096 608 ea,
1121 560 1242 614 qua:
1265 545 1332 600 ad
1364 543 1644 600 Christum
1657 543 2028 614 pertinebant,
2051 541 2192 612 opti-

609 651 696 690 mc
717 635 1115 701 constituisset,
1143 652 1206 691 ac
1227 636 1641 706 perfectionem,
1664 652 1784 706 quae
1800 635 2067 706 perillum
2091 634 2190 688 tri-

610 725 821 791 buitur,
846 726 1251 797 elegantissime
1273 727 1617 798 praedixisset
1643 767 1658 792 ,
1689 727 1852 799 360
1884 742 1993 782 non
2037 727 2192 796 igno-

610 817 766 882 ravit,
807 826 997 888 utpote
1024 834 1150 873 cum
1179 820 1326 874 Deus
1350 829 1518 884 esset,
1550 819 1867 875 Judaeorum
1899 825 2190 874 contuma-

606 907 746 961 ciam
766 918 822 962 et
841 908 1161 962 effrenatam
1173 908 1479 973 audaciam,
1502 909 1574 962 ob
1588 923 1818 978 eamque
1835 923 2055 962 causam
2070 921 2194 976 per-

605 996 818 1051 dendos
850 1012 971 1052 esse
997 997 1292 1062 lsraelitas,
1324 1005 1387 1052 ut
1414 997 1508 1067 qui
1532 996 1908 1061 Dominicidze,
1929 1004 1986 1050 et
2013 996 2069 1049 in
2093 994 2189 1049 Dei

609 1087 806 1141 Filium
835 1087 1148 1142 immaniter
1176 1087 1560 1143 contumeliosi
1583 1087 1836 1149 fuissent,
1866 1101 1978 1140 non
2005 1095 2189 1140 tamen

604 1179 910 1233 Jerusalem
937 1179 1184 1234 funditus
1205 1179 1534 1250 perituram,
1561 1178 1656 1234 sed
1682 1177 1812 1232 filiis
1834 1177 2025 1231 orbam
2049 1177 2188 1241 fore,

609 1269 862 1323 ultimum
910 1277 1327 1339 extremumque
1371 1277 1587 1338 tempus
1627 1275 2055 1338 exspectantem,
2080 1282 2191 1336 quo

605 1360 770 1414 etiam
802 1360 916 1430 ipsa
951 1360 1097 1414 salva
1115 1345 1226 1424 fiet,
1257 1376 1319 1414 ac
1332 1367 1454 1430 post
1474 1368 1663 1430 gentes
1695 1367 1966 1413 accurret.
2001 1357 2190 1412 Posita

605 1452 749 1506 enim
796 1451 851 1505 in
893 1451 1138 1515 dorsum,
1180 1451 1232 1506 id
1267 1459 1352 1506 est
1389 1458 1560 1516 retro,
1582 1452 1737 1521 juxta
1763 1449 2058 1506 Psallentis
2089 1464 2186 1503 vo-

605 1559 723 1597 cem
743 1560 786 1595 :c
816 1543 1082 1608 Quoniam
1105 1559 1276 1612 pones
1291 1557 1388 1597 eos
1403 1541 1627 1596 dorsum
1639 1542 1683 1572 ³⁸
1709 1559 1724 1608 ;
1752 1562 1769 1592 ι
1789 1541 1968 1596 omnis
1985 1541 2191 1610 quippe

606 1635 769 1689 Israel
787 1635 967 1689 salvus
981 1634 1152 1700 fiet",
1171 1644 1527 1705 posteaquam
1543 1649 1675 1704 grex
1690 1633 1934 1704 gentium
1951 1632 2004 1686 in
2025 1631 2192 1686 ovilla

2295 464 2456 500 παΛιν
2477 464 2493 510 ;
3867 487 3876 494 .

2362 539 2526 592 ΚΥΡ.
2563 538 2951 610 Νομοθετήσας
2989 530 3050 590 εὖ
3086 533 3231 605 μάλα
3269 532 3340 586 τὰ
3373 533 3464 586 ἐπὶ
3494 534 3751 604 Χριστῷ,
3794 537 3884 590 καὶ

2289 627 2390 700 τὴν
2435 629 2504 683 δι’
2549 629 2716 684 αὑτοῦ
2769 628 3046 682 τελείωσιν
3091 626 3564 698 προαναφωνήσας
3612 627 3881 690 ἀστείως,

2291 721 2392 774 οὐκ
2431 720 2718 792 ἠγνόησεν,
2762 719 2838 783 ὼς
2876 719 3029 782 Θεὸς,
3075 717 3187 772 τῶν
3230 715 3498 770 Ἰουδαίων
3521 717 3580 770 τὸ
3627 717 3882 783 ἀπειθὲς,

2292 813 2521 884 καὶτῆς
2575 811 2930 884 Ἰερουσαλὴμ
2977 809 3038 864 τὸ
3084 809 3354 882 δυσήνιον,
3403 810 3498 861 καὶ
3541 809 3625 862 ὅτι
3669 810 3882 878 ταύτης

2291 903 2456 958 ἓνεκα
2482 903 2582 972 τῆς
2612 903 2812 966 αἰτίας,
2845 901 3326 973 ὀλοθρευθήσονται
3361 901 3458 971 μὲν
3489 900 3563 963 ὡς
3589 904 3883 972 κυριοκτὸ-

2291 1012 2394 1059 νοι,
2441 995 2534 1048 καὶ
2563 994 2770 1066 ἀγρίως
2816 992 3275 1064 πεπαρῳνηκὸτες
3317 993 3398 1055 είς
3429 991 3520 1045 τὸν
3560 992 3698 1044 Υίὺν
3741 993 3795 1044 οἱ
3831 994 3882 1057 ἐξ

2305 1087 2542 1159 Ἰσραὴλ,
2593 1087 2729 1159 πλὴν
2776 1087 2878 1140 οὐκ
2945 1085 3176 1138 είσάπαν
3216 1084 3458 1156 ὁλόριζος
3518 1083 3882 1155 Ἰερουσαλὴμ

2291 1179 2591 1248 οἰχήσεται,
2620 1179 2770 1248 μενεῖ
2799 1178 2856 1230 δὲ
2879 1176 3069 1247 ὥσπερ
3092 1174 3294 1247 ἔρημος
3317 1175 3544 1240 τέκνων,
3569 1175 3664 1228 τὸν
3690 1175 3881 1228 τελευ-

2292 1272 2440 1323 ταῖον
2470 1269 2566 1322 καὶ
2611 1270 2667 1322 ἐν
2707 1269 2960 1339 ἐσχάτοις
2992 1268 3358 1340 περιμένουσα
3394 1266 3606 1336 καιρὸν,
3662 1267 3796 1319 καθ’
3827 1267 3881 1318 ὃν

2293 1362 2386 1414 καὶ
2427 1361 2564 1433 αὑτὴ
2607 1361 2910 1432 σωθήσεται
2957 1361 3188 1415 κατόπιν
3223 1359 3491 1430 τρέχουσα
3522 1359 3632 1412 τῶν
3683 1359 3879 1410 ἐθνῶν·

2292 1453 2528 1508 τέθειται
2557 1454 2668 1526 γὰρ
2695 1455 2773 1519 είς
2804 1453 2996 1518 νῶτον,
3019 1453 3163 1506 τοῦτ’
3186 1453 3352 1519 ἔστιν,
3383 1451 3580 1514 ὀπίσω,
3610 1453 3763 1504 κατὰ
3785 1454 3880 1519 τὴν

2292 1546 2387 1600 τοῦ
2413 1546 2720 1610 Ψάλλοντος
2741 1547 2945 1618 φωνὴν,
2987 1569 3006 1597 ι
3051 1547 3173 1599 Ὅτι
3207 1544 3360 1615 θήσει
3381 1546 3580 1620 αὐτοὺς
3610 1545 3816 1596 νῶτον·
3852 1563 3869 1592 ι

2295 1639 2403 1702 πᾶς
2443 1639 2552 1711 γὰρ
2617 1639 2834 1711 Ἰσραὴλ
2884 1638 3208 1710 σωθήσεται,
3251 1638 3353 1708 τῆς
3375 1637 3436 1704 ἐξ
3461 1637 3634 1691 ἐθνῶν
3672 1639 3873 1708 ἀγέλης

604 1741 664 1780 εε
696 1724 882 1779 divina
909 1726 1196 1794 receperit.
1220 1726 1339 1780 Non
1364 1725 1534 1795 igitur
1557 1731 1808 1778 extremo
1832 1722 2052 1778 excidio
2084 1722 2184 1777 de-

2295 1733 2398 1795 τοῖς
2445 1707 2610 1794 θείοις
2653 1707 2844 1802 σήκοῖς
2896 1707 3420 1801 προενηυλισμένης.
3480 1727 3597 1783 Οὐκ
3656 1730 3730 1801 ἐᾷ
3773 1747 3872 1782 τοι-

604 1816 707 1871 leri
740 1817 826 1871 lex
851 1817 1150 1886 permittit,
1191 1815 1554 1887 priedieitque
1594 1815 1925 1885 supplicium
1959 1814 2026 1868 de
2047 1829 2182 1869 con-

605 1908 912 1962 tumacibus
935 1907 1263 1962 sumendum
1307 1922 1448 1973 esse,
1481 1906 1772 1962 clementia
1797 1913 2181 1976 temperatum.

605 1998 775 2052 Simul
799 1998 986 2062 etiam,
1020 1999 1314 2069 utopinor,
1344 1997 1400 2053 in
1423 2014 1488 2053 ea
1517 2013 1576 2052 re
1595 2006 1857 2068 tanquam
1874 1997 2184 2067 exemplum

604 2089 877 2158 quoddam
935 2090 1264 2160 cognitionis
1304 2090 1628 2145 necessaria:
1658 2089 1960 2154 describit;
2007 2103 2186 2158 neque

603 2180 752 2235 enim
782 2195 870 2236 res
904 2197 1095 2237 omnes
1133 2182 1412 2237 intereunt
1434 2183 1491 2236 in
1533 2181 1796 2246 nihilum,
1834 2196 1988 2236 mero
2021 2180 2188 2236 exitio

606 2279 860 2342 tanquam
881 2289 1022 2328 s:evo
1044 2273 1267 2327 domino
1286 2274 1567 2344 subjectae,
1597 2273 1694 2329 sed
1724 2281 2052 2343 permanent
2073 2273 2190 2328 vel-

603 2365 681 2418 uti
714 2364 1160 2419 suecessionibus
1191 2364 1551 2435 quibusdam,
1579 2371 1635 2418 et
1683 2363 1790 2417 hoc
1815 2362 1871 2418 in
1901 2362 2016 2427 illo,
2052 2361 2186 2418 illud

605 2471 794 2511 rursus
817 2457 872 2511 in
894 2455 999 2510 hoc
1030 2463 1306 2520 servatur,
1353 2462 1642 2526 propterea
1684 2453 1831 2524 quod
1860 2470 1989 2510 suas
2030 2469 2187 2509 crea-

602 2556 752 2604 turas
777 2563 874 2618 per
905 2563 1105 2617 genera
1138 2563 1202 2602 ac
1228 2547 1442 2618 species
1489 2546 1738 2602 funditus
1795 2545 2023 2601 interire
2078 2561 2186 2601 non

602 2640 806 2708 patitur
836 2640 1000 2694 Deus.
1043 2657 1061 2690 ι
1109 2637 1330 2694 Creavit
1358 2639 1529 2704 enim,
1584 2647 1647 2692 ut
1687 2646 1874 2693 essent
1898 2636 2102 2701 omnia,
2133 2645 2189 2692 et

603 2729 870 2783 salutares
884 2729 1265 2800 generationes
1287 2730 1510 2794 mundi,
1542 2749 1560 2782 ι
1583 2730 1726 2785 sicut
1741 2731 2005 2800 scriptum
2022 2739 2104 2786 est
2122 2730 2185 2782 ³⁸.

599 2818 1199 2873 Convenientissimum
1270 2835 1445 2889 porro
1495 2828 1616 2874 erat
1650 2829 1712 2874 ut
1751 2821 1924 2876 iidem
1975 2836 2188 2875 sermo-

603 2925 700 2965 nes
746 2910 1015 2980 ejusmodi
1042 2926 1265 2980 quoque
1311 2927 1400 2967 res
1423 2913 1859 2980 pramuntiarent
1881 2922 2048 2983 atque
2079 2913 2179 2968 de-

602 3003 892 3066 clararent,
925 3003 1020 3072 qui
1044 3002 1325 3058 Christum
1373 3003 1771 3074 praedicabant,
1801 3021 1900 3076 per
1942 3021 2108 3077 quem
2133 3017 2190 3062 et

604 3093 660 3148 in
684 3107 793 3162 quo
811 3109 932 3162 qua:
964 3093 1246 3160 interiere,
1284 3105 1596 3161 servantur,
1624 3104 1681 3153 et
1718 3113 1840 3168 quae
1867 3099 2063 3154 mortis
2093 3099 2190 3154 do-

604 3186 814 3240 minatu
830 3194 959 3241 sunt
982 3201 1265 3256 oppressa,
1303 3187 1667 3244 reflorescunt
1688 3189 1757 3244 ad
1789 3190 1959 3245 vitam
2005 3209 2018 3244 :
2062 3208 2188 3247 nam

605 3277 772 3347 stirps
815 3279 1040 3334 humani
1069 3280 1288 3351 generis
1343 3280 1482 3335 utin
1542 3279 1736 3345 Adam,
1790 3281 1962 3338 veluti
2013 3294 2190 3339 mater

604 3367 854 3436 quzedam
877 3369 1146 3426 exstincta
1171 3379 1294 3436 est;
1321 3370 1417 3441 qui
1467 3379 1648 3426 tamen
1671 3387 1740 3427 ex
1761 3373 1852 3428 illa
1883 3374 1994 3428 orti
2035 3384 2186 3440 sunt,

604 3459 660 3513 id
680 3467 786 3523 est,
814 3476 915 3516 nos
948 3461 1298 3517 refloruimus
1324 3461 1380 3517 in
1409 3461 1655 3528 Christo,
1689 3463 1746 3518 in
1770 3479 1948 3534 eoque
1966 3480 2178 3530 sumus,

603 3560 660 3607 et
690 3553 986 3617 salvamur,
1022 3553 1314 3624 ipsumque
1350 3554 1522 3608 vitam
1549 3562 1608 3609 et
1631 3556 1864 3611 alteram
1915 3557 2188 3627 quodam-

605 3643 769 3698 modo
800 3643 1026 3714 stirpem
1047 3645 1222 3699 nostri
1243 3645 1463 3715 generis
1491 3645 1780 3701 habemus.

677 3733 872 3788 PALL.
930 3734 1196 3789 Pratclara
1260 3749 1391 3790 sane
1457 3742 1515 3790 et
1580 3736 1824 3806 expolita
1889 3737 2189 3792 admodum

605 3825 802 3882 oratio.

656 3915 812 3971 ΟΥΕ.
828 3915 1020 3986 Operae
1034 3917 1271 3986 pretium
1286 3931 1439 3981 vero,
1457 3916 1684 3981 Palladi,
1703 3926 1787 3972 est
1809 3917 1874 3972 iis
1905 3933 2026 3988 qua:
2045 3917 2191 3975 dicta

609 4017 738 4063 sunt
777 4007 943 4062 etiam
985 4007 1119 4064 illud
1166 4009 1500 4081 adjungere:
1553 4027 1572 4058 ι
1623 4008 1742 4063 Νοη
1773 4009 2047 4079 plantahis
2089 4011 2190 4066 tibi

611 4099 714 4168 ipsi
747 4115 962 4164 nemus,
997 4115 1158 4154 omne
1181 4100 1388 4171 lignum
1413 4115 1584 4170 prope
1617 4099 1792 4155 altare
1824 4100 2038 4155 Domini
2094 4102 2190 4158 Dei

612 4190 714 4254 tui,
755 4207 864 4246 non
898 4191 1063 4247 facies
1086 4192 1186 4247 tibi
1219 4201 1383 4263 atque
1414 4193 1720 4248 constitues
1763 4200 2033 4259 statuam;
2069 4209 2191 4263 qua:

610 4282 730 4336 odit
751 4283 1013 4339 Dominus
1033 4285 1178 4340 Deus
1209 4294 1337 4341 tuus
1359 4285 1424 4339 ³⁸.
1455 4305 1474 4336 ι
1504 4283 1638 4339 Vide
1672 4283 1822 4338 enim
1849 4293 1910 4338 ut
1940 4285 2192 4342 veritatis

613 4373 956 4430 adoratorem
983 4376 1053 4430 ab
1094 4377 1244 4431 omni
1276 4391 1467 4431 errore
1512 4375 1787 4430 idolorum
1817 4391 2046 4446 prorsus
2095 4377 2193 4434 ab-

613 4463 796 4530 ducat,
832 4481 956 4521 cum
985 4467 1270 4537 gentilium
1299 4466 1514 4536 legibus
1535 4466 1614 4519 uti
1637 4465 1863 4520 minime
1885 4468 2188 4536 permittat,

613 4565 669 4613 et
689 4557 908 4614 illorum
951 4574 1132 4614 mores
1168 4558 1408 4628 abjicere
1445 4557 1746 4628 pracipiat,
1788 4560 2006 4618 etiamsi
2055 4565 2194 4621 nihil

613 4648 938 4705 offensionis
963 4648 1192 4703 fortasse
1216 4647 1476 4715 habeant,
1517 4649 1564 4704 si
1595 4659 1910 4707 serventur.

687 4835 884 4892 PALL.
928 4834 1098 4902 Quale
1133 4835 1355 4892 tandem
1381 4838 1528 4895 istud
1549 4849 1656 4904 est,
1680 4841 1826 4912 quod
1860 4841 2000 4898 dicis
2027 4844 2052 4898 ?

670 4928 829 4985 CYR.
847 4927 1291 4992 Gentiles,sieubi
1319 4929 1516 4988 densas
1535 4933 1782 4996 arbores,
1805 4932 1964 5003 361
1990 4934 2200 4989 lucum-

616 5034 724 5089 que
749 5026 920 5073 totum
947 5018 1164 5074 abunde
1191 5035 1424 5090 epacum
1449 5022 1951 5094 deprehenderant,
1976 5023 2052 5078 ibi
2077 5040 2202 5080 aras

618 5109 686 5163 ad
711 5108 1019 5163 damonum
1072 5110 1340 5166 sacrificia
1375 5114 1761 5168 exstruebant:
1795 5109 2007 5168 scilicet
2061 5128 2200 5184 opus

617 5208 737 5254 erat
753 5199 1148 5256 daemoniorum
1165 5201 1278 5256 aris
1302 5209 1560 5274 tanquam
1581 5203 1985 5260 aberrationem
2001 5219 2197 5273 quam-

619 5291 744 5347 dam
763 5290 931 5347 animi
954 5307 1019 5348 ac
1031 5294 1318 5350 saeculares
1331 5295 1726 5351 oblectationes
1748 5293 2036 5365 adiunctas
2055 5311 2198 5362 esse;

618 5398 744 5439 nam
766 5381 974 5440 falsitas
993 5383 1108 5455 ipsa
1133 5401 1232 5456 per
1260 5401 1318 5442 se
1336 5387 1554 5443 infirma
1577 5395 1694 5454 est;
1722 5385 1989 5441 adhibitis
2013 5397 2198 5441 autem

616 5475 965 5531 extrinsecus
985 5491 1230 5550 pers'epe
1254 5477 1416 5544 fucis,
1479 5486 1732 5543 ornatur,
1755 5484 1816 5532 ut
1854 5485 2045 5547 turpes
2081 5493 2201 5532 mu-

739 5654 784 5686 ³⁶
818 5657 956 5712 Psal.
991 5673 1078 5726 xx,
1115 5658 1194 5712 l5.

2287 1818 2491 1893 γαροῦν
2523 1821 2552 1872 ὁ
2578 1821 2741 1892 νόμος
2785 1819 2882 1892 τὴν
2912 1819 2988 1881 ὼς
3016 1821 3075 1874 ἐν
3106 1819 3309 1890 ἐσχάτῃ
3339 1819 3691 1889 πανωλεθρίᾳ
3720 1820 3870 1886 γενέ·

2289 1914 2415 1968 σθαι
2445 1913 2671 1986 φθορὰν,
2706 1914 3006 1986 ἡμερότητι
3035 1914 3487 1985 συγκεκραμένην
3513 1913 3613 1983 τὴν
3637 1913 3737 1964 ἐπὶ
3768 1913 3872 1974 τοῖς

2286 2007 2616 2079 ἀπειθήσασι
2641 2006 3058 2077 προαναφαίνων
3082 2005 3272 2077 ὀργὴν,
3301 2007 3358 2059 ἐν
3379 2005 3563 2076 ταύτῷ
3613 2004 3694 2069 δὲ,
3725 1999 3870 2075 οἶμαι

2287 2098 2474 2151 τύπων
2500 2096 2690 2170 ὥσπερ
2723 2097 2846 2151 τινὰ
2883 2097 2943 2151 τὸ
2971 2097 3160 2168 χρῆμα
3198 2095 3367 2160 τιθεὶς
3411 2095 3673 2167 είδήσεως
3698 2095 3866 2162 ἀναγ·

2289 2191 2471 2255 καίας.
2501 2191 2744 2245 Ἥκιστα
2784 2190 2883 2260 μὲν
2925 2189 3035 2262 γὰρ
3063 2190 3346 2262 οἰχήσεται
3373 2188 3442 2241 τὰ
3486 2187 3617 2241 ὅντα
3646 2186 3786 2259 πρὸς
3817 2187 3872 2240 τὸ

2293 2283 2458 2355 μηδὲν
2509 2283 2733 2355 ἀκράτῳ
2783 2283 2962 2355 φθορᾷ
3016 2280 3447 2354 τυραννούμενα,
3508 2280 3766 2350 διαμενεῖ
3816 2279 3867 2331 δὲ

2291 2376 2476 2446 ὥσπερ
2501 2379 2622 2432 ταῖς
2642 2374 2910 2445 διαδοχαῖς
2933 2373 3089 2428 τοῦτο
3117 2375 3174 2428 ἐν
3199 2374 3416 2445 ἐκείνῳ,
3447 2374 3669 2426 κάκεῖνο
3703 2372 3861 2442 τυχὸν

2291 2468 2350 2519 ἐν
2380 2465 2554 2537 τούτῳ
2581 2465 2886 2533 σωζόμενα,
2915 2465 3056 2520 κατά
3085 2483 3147 2534 γε
3175 2466 3235 2518 τὸ
3265 2463 3578 2535 συγγενέςῆ
3605 2465 3869 2536 ὁμοειδὲς,

2289 2556 2381 2610 τὸν
2423 2556 2656 2610 εἶσάπαν
2709 2555 2932 2629 ὄλεθρον
2979 2555 3089 2608 τῶν
3129 2545 3274 2608 ἰδίων
3307 2553 3622 2625 κτισμάτων
3679 2555 3871 2606 ἀποσο-

2291 2648 2512 2713 ϐοῦντος
2559 2647 2654 2702 τοῦ
2700 2646 2858 2702 Θεοῦ.
2898 2666 2916 2699 ι
2959 2648 3181 2701 Ἔκτισε
3227 2646 3335 2718 γὰρ
3367 2647 3448 2710 εἰς
3498 2644 3560 2700 τὺ
3615 2641 3765 2700 εἶναι
3805 2644 3868 2697 τὰ

2291 2738 2470 2792 πάντα
2513 2737 2606 2791 καὶ
2635 2727 2890 2809 σωτήριοι
2915 2738 2969 2790 αἱ
2995 2737 3236 2806 γενέσεις
3271 2735 3364 2789 τοῦ
3391 2735 3619 2807 κόσμου,
3676 2754 3694 2786 ι
3733 2734 3870 2788 κατὰ

2289 2831 2353 2885 τὸ
2405 2829 2814 2902 γεγραμμένον.
2867 2829 3115 2900 Ἐπρεπε
3147 2829 3204 2882 δὲ
3252 2827 3346 2882 καὶ
3411 2828 3519 2884 τῶν
3546 2827 3865 2896 τοιούτωνή

2294 2928 2715 2994 προαγόρευσις,
2762 2922 2857 2975 καὶ
2905 2921 3012 2993 μὴν
3067 2921 3230 2990 καὶὴ
3287 2919 3540 2990 δήλωσις,
3583 2917 3696 2971 τῶν
3747 2918 3866 2987 περὶ

2292 3011 2528 3084 Χριστοῦ
2563 3011 2756 3080 λόγων,
2790 3011 2856 3065 δι’
2894 3010 2952 3064 ὃν
2983 3010 3074 3065 καὶ
3099 3011 3156 3063 ἐν
3183 3002 3228 3078 ᾧ
3248 3011 3323 3064 τὰ-
3343 3008 3662 3082 ἐφθαρμέναι
3700 3008 3861 3071 σώζε-

2294 3122 2406 3166 ται,
2455 3103 2548 3157 καὶ
2582 3103 2646 3156 τὸ
2685 3102 2900 3179 θανάτῳ
2951 3101 3379 3174 τυραννούμενον
3427 3101 3755 3171 ἀνατέθηλεν
3790 3101 3862 3161 εἰς

2297 3195 2462 3266 ζωὴν,
2509 3193 2863 3266 τετελεύτηκε
2909 3195 3008 3266 μὲν
3040 3193 3148 3266 γὰρ
3182 3196 3216 3264 ἡ
3247 3193 3373 3264 ῥίζα
3403 3190 3498 3245 τοῦ
3528 3190 3860 3262 ἀνθρωπείου

2294 3287 2486 3354 γένους
2517 3280 2606 3340 οἷά
2625 3303 2709 3350 τις
2738 3287 2940 3358 μήτηρ,
2967 3286 3043 3350 ὡς
3063 3288 3120 3340 ἐν
3151 3283 3342 3355 Ἀδὰμ,
3365 3282 3504 3354 πλὴν
3524 3284 3573 3336 οἱ
3596 3282 3656 3346 ἐξ
3680 3280 3859 3349 αὐτῆς.

2295 3376 2437 3431 τοῦτ’
2462 3377 2628 3444 ἐστιν,
2655 3379 2838 3448 ἡμεῖς,
2868 3375 3226 3448 ἀνεθάλλομεν
3253 3377 3311 3429 ἐν
3333 3373 3552 3446 Χριστῷ
3580 3375 3676 3427 καὶ
3708 3371 3860 3441 ἐσμὲν

2297 3469 2391 3522 καὶ
2427 3467 2736 3540 σωζόμεθα,
2771 3467 2917 3539 ζωὴν
2943 3467 3157 3538 ἔχοντες
3187 3466 3348 3521 αὐτὸν
3375 3465 3468 3519 καὶ
3495 3464 3650 3535 ῥίζαν
3685 3463 3862 3532 ὥσπερ

2295 3562 2389 3616 τοῦ
2419 3561 2609 3632 γένους
2636 3559 2914 3631 δευτέραν.

2367 3741 2574 3795 ΠΛΛΛ.
2630 3740 2720 3803 Ὠς
2762 3734 2822 3794 εὖ
2867 3754 2931 3809 γε
2975 3737 3040 3808 δὴ
3088 3735 3182 3790 καὶ
3221 3735 3366 3807 μάλα
3411 3733 3795 3804 ἀπεζεσμένως
3836 3732 3861 3782 ὁ

2295 3833 2451 3903 λόγος
2468 3833 2620 3908 ἔχει.

2370 3925 2535 3996 KH}.
2587 3923 2770 3990 Ἀξιον
2823 3921 2900 3988 δὲ,
2957 3913 3002 3976 ὦ
3051 3920 3336 3985 Παλλάδιε,
3407 3920 3517 3982 τοῖς
3561 3916 3861 3989 εἰρημένοις

2297 4019 2633 4087 ἐπενεγκεῖν,
2675 4016 2758 4069 τοο
2798 4033 2818 4067 ι
2859 4014 2935 4068 Οὐ
2966 4013 3253 4084 φυτεύσεις
3293 4011 3505 4082 σεαυτῷ
3546 4011 3731 4073 ἄλσος·
3764 4010 3860 4060 πᾶν

2298 4111 2453 4178 ξύλον
2486 4109 2638 4180 παρὰ
2671 4109 2731 4162 τὸ
2769 4107 3154 4180 θυσιαστήριον
3193 4105 3400 4176 Κυρίου
3432 4103 3524 4157 τοῦ
3573 4101 3712 4156 Θεοῦ
3755 4119 3858 4162 σου,

2295 4203 2356 4257 ού
2407 4201 2654 4273 ποιήσεις
2691 4199 2925 4270 σεαυτῷ,
2964 4199 3025 4252 ού
3062 4199 3277 4268 στήσεις
3323 4195 3535 4266 σεαυτῷ
3575 4195 3796 4265 στήλην,
3831 4192 3862 4245 a

2296 4281 2761 4366 ἐμίσησε’Κύριος
2785 4291 2814 4344 ὁ
2841 4290 2972 4354 Θεός
3002 4307 3118 4345 σου.
3157 4308 3176 4342 ι
3214 4289 3323 4344 Θέα
3358 4289 3463 4362 γὰρ
3486 4288 3632 4350 ὅπως
3661 4286 3863 4338 εἰδωλο-

2299 4391 2543 4465 πρεποῦς
2563 4391 2779 4462 ἀπάτης
2794 4386 3049 4454 ἐξοικίζει
3066 4385 3343 4449 παντελῶς
3367 4385 3459 4438 τὸν
3486 4383 3586 4453 τῆς
3609 4380 3861 4452 ἀληθείας

2295 4482 2704 4556 προσκυνητὴν,
2750 4481 2952 4550 ἥκιστα
3004 4477 3105 4548 μὲν
3173 4477 3369 4546 ἐφιεὶς,
3418 4476 3530 4536 τοῖς
3601 4472 3861 4540 Ἑλλήνων

2291 4572 2702 4646 ἁποκεχρῆσθαι
2741 4572 2957 4641 νόμοις,
2993 4566 3347 4623 ἀποσείεσθαι
3389 4564 3447 4619 δέ
3483 4565 3592 4618 δεῖν
3634 4561 3712 4616 τὰ
3747 4559 3861 4627 παρ’

2293 4668 2522 4731 ἐκείνοις
2548 4666 2646 4736 ἐθη
2677 4663 3024 4736 παρεγγυῶν,
3060 4660 3164 4714 κᾶν
3191 4661 3240 4714 εἰ
3262 4659 3434 4731 ,μηδὲν
3473 4656 3650 4727 ἔχοιεν
3688 4655 3752 4709 τὸ
3784 4655 3860 4705 λυ-

2295 4760 2452 4824 ποῦν,
2484 4759 2578 4815 καὶ⁵
2605 4759 2654 4812 εί
2682 4756 2920 4826 γένοιντο
2951 4754 3134 4826 τυχόν.

2368 4853 2580 4908 IIAAA.
2621 4845 2746 4905 Οῖόν
2783 4866 2835 4902 τι
2862 4851 3002 4920 φής,

2365 4942 2530 4997 ΚΥΡ.
2574 4941 2655 4995 Τὰ
2680 4939 3044 5010 εύερνέστατα
3067 4937 3175 4991 τῶν
3202 4935 3384 5006 φυτῶν
3411 4932 3590 4988 πάντα
3614 4951 3673 4986 τε
3710 4934 3860 5004 ἀμφι-

2297 5031 2482 5102 λαφῶς
2516 5029 2774 5100 κομῶντα
2797 5027 3002 5100 δρυμὸν
3046 5023 3556 5095 καταλαμϐάνοντες
3591 5023 3856 5092 Ἕλληνες.

2300 5122 2515 5193 βωμοὺς
2537 5118 2632 5172 καὶ
2648 5117 2839 5180 θυσίας
2861 5120 2975 5180 τοῖς
2998 5114 3292 5186 δαιμονίοις
3314 5113 3727 5167 ἴστασαν.Ἐδει
3747 5111 3855 5180 γὰρ.

2297 5210 2406 5264 ἔδει
2449 5211 2563 5271 τοῖς
2607 5207 2716 5260 τῶν
2762 5204 3054 5275 δαιμονίων
3103 5203 3305 5274 βωμοῖς
3349 5202 3636 5273 ἀποφορὰν
3691 5201 3858 5264 ὥσπερ

2299 5301 2415 5365 νοῦ,
2445 5300 2537 5354 καὶ
2588 5297 2693 5370 μὴν
2723 5297 2820 5351 καὶ
2847 5296 3069 5368 τέρψεις
3109 5293 3540 5366 παραπεπῆχθαι
3582 5289 3854 5364 κοσμικὰς.

2301 5389 2467 5442 Νοσεῖ
2488 5390 2596 5458 γὰρ
2613 5387 2674 5439 τὸ
2691 5385 2884 5456 ψεῦδος
2903 5383 3116 5439 οἴκοθεν
3143 5383 3244 5456 μὲν
3265 5383 3326 5436 τὸ
3355 5383 3574 5450 ἄναλκι,
3606 5378 3857 5436 κατακαλ-

2302 5479 2520 5534 λύνεται
2572 5477 2630 5531 δὲ
2687 5475 2948 5540 πολλάκις
2997 5477 3111 5551 τοῖς
3167 5476 3499 5546 εἰσποιητοῖς
3551 5472 3855 5545 ὠραῖσμοξν

1275 5661 1316 5693 ³⁷
1348 5661 1504 5715 Rom.
1547 5675 1619 5725 ιιι,
1656 5659 1739 5714 26.
1793 5659 1863 5712 .‘3
1887 5659 2012 5732 Sap.
2041 5673 2078 5727 ι,
2119 5657 2202 5714 14.
2279 5659 2323 5693 ’⁸
2351 5659 2509 5716 Deut.
2546 5674 2652 5726 xw,
2682 5657 2772 5726 2!,
2804 5656 2904 5715 22.
