3996 6212
149 315 263 373 705

908 313 996 368 DE
1031 309 1470 369 ADORATIONE
1510 314 1578 369 IN
1618 312 1888 371 SPlRlTU
1919 315 2007 371 ET
2046 317 2414 377 \‘ERITATE.
2458 294 2583 379 LIB,
2623 324 2691 381 Χ.

3308 326 3413 384 ’100

152 430 415 501 καθάπερ
446 426 639 498 ἀμέλει
670 425 764 479 καὶ
798 423 905 477 τῶν
944 422 1181 493 γυναίων
1214 422 1281 477 τὰ
1304 423 1537 495 ἄσεμνα.
1568 422 1661 494 Τῷ
1691 422 1748 477 δὲ

1858 427 2101 485 Ιίει-ειιιαι
2150 433 2348 488 solent.
2389 434 2530 490 illud
2578 451 2745 507 porro
2786 436 3035 495 divinum
3093 441 3267 498 altare
3284 459 3412 499 cum

151 521 298 591 θείῳ
330 514 707 588 θυσιαστηρίῳ
751 514 831 585 τῷ
874 513 974 584 τῆς
1012 513 1269 585 ἀληθείας
1297 513 1743 585 ἀπαστράτποντι

152 609 375 672 κάλλει,
424 604 595 658 ποίων
652 602 761 656 ἔδει
822 601 932 655 τῶν
991 600 1190 668 ἔξωθεν
1259 602 1743 672 ὲπικουρημάτων,

152 700 333 770 ἤγουν
363 695 585 750 είκαίων
622 690 953 764 ὼραῖσμῶν;
984 692 1045 744 οὐ
1079 690 1187 763 γὰρ
1229 690 1319 744 διὰ
1358 691 1603 762 τέρψεως
1652 707 1740 744 κο.

153 789 373 859 σμικῆς
420 784 680 856 προσιτὸν
733 784 795 837 τὸ
845 783 1009 847 θεῖον,
1059 781 1181 836 οὐδὲ
1218 781 1489 854 ἀνειμένῳ
1543 781 1744 854 τρόπον

157 879 286 932 τινὰ
314 876 392 946 νῷ
423 876 517 929 καὶ
544 874 840 928 ἀνάπτοντι
873 871 1008 943 πρὸς
1039 872 1108 926 τὰ
1143 872 1401 942 σαρκικὰ,
1437 872 1552 926 ἀλλ’
1581 873 1658 936 ὡς
1686 873 1745 925 ὲν

156 967 411 1039 νηφοῦσῃ
444 963 653 1036 διανοίᾳ
677 963 773 1018 καὶ
800 961 935 1015 πολὺ
964 960 1101 1033 πρὸς
1128 960 1188 1014 τὸ
1217 960 1329 1015 ἀνω
1358 960 1628 1033 βλεπούσῃ
1653 961 1748 1014 καὶ

157 1063 221 1113 ἐν
256 1060 533 1131 οὐρανοῖς.
567 1056 742 1127 Εἴπερ
771 1049 842 1126 ῆν
872 1053 1010 1118 ὅλως
1048 1051 1143 1106 καὶ
1174 1052 1280 1105 ὑπὸ
1317 1053 1537 1124 πρέμνα
1562 1053 1745 1123 τυχὸν,

158 1154 239 1216 ὡς
268 1154 335 1205 ἐκ
370 1149 712 1220 ταυτομάτου
758 1146 984 1217 γεγονὸς
1016 1143 1158 1199 θεῖόν
1193 1161 1299 1198 που
1338 1144 1745 1217 θυσιαστήριον,

159 1242 425 1313 ἠδίκησεν
459 1240 524 1294 ἀν
551 1239 614 1293 τὸ
641 1237 831 1311 χρῆμα
855 1235 1009 1290 οὐδὲν
1036 1234 1127 1289 τὸν
1155 1234 1374 1305 ἀσφαλῆ
1404 1235 1499 1289 καὶ
1525 1237 1749 1306 γνήσιον

157 1329 259 1383 τοῦ
308 1329 564 1401 Σωτῆρος
607 1326 1026 1398 προσκυνητίψ·
1064 1324 1252 1397 ἐπειδὴ
1301 1322 1361 1377 δέ
1418 1324 1567 1377 ἐστιν
1612 1322 1749 1387 ὅλως

171 1420 493 1492 Ἑλληνικὸν
520 1420 584 1473 τὸ
601 1417 963 1489 ἐπιτήδευμα,
987 1415 1354 1487 παραιτητέον
1370 1415 1468 1488 τὴν
1494 1417 1747 1489 μίμησιν,

161 1513 261 1567 καὶ
270 1513 374 1583 τῆς
391 1510 681 1582 συνηθείας
699 1510 761 1563 rb
779 1506 1039 1583 ὶμφερὲς,
1058 1507 1311 1580 καθάπερ
1324 1507 1535 1578 ἀμέλει,
1555 1507 1634 1579 τῷ
1652 1508 1750 1580 μὲν

161 1602 349 1675 πιστῷ
378 1604 477 1656 καὶ
493 1600 749 1673 βεϐηκότι
771 1599 850 1672 νῷ
882 1599 1020 1671 πρὸς
1053 1598 1231 1671 ἀληθῆ
1260 1598 1487 1669 εἴδησιν,
1531 1599 1747 1653 εἴδωλον

165 1690 273 1763 μὲν
321 1689 477 1744 οὐδὲν
507 1690 565 1742 ἐν
594 1688 807 1759 κόσμῳ,
857 1687 971 1742 ἀλλ’
1004 1687 1125 1741 οὐδὲ
1176 1686 1523 1743 εἰδωλόθυτόν
1574 1690 1744 1755 ἔστιν,

163 1780 372 1835 ἐσθίειν
391 1796 457 1849 γε
493 1780 601 1849 μὴν
624 1779 725 1833 οὐκ
757 1778 969 1847 ἐφίεται
997 1779 1419 1851 παρεγγυῶντος
1445 1780 1633 1852 ἑτέρου
1659 1780 1747 1836 διά

104 1875 111 1885 “
163 1874 265 1944 τὴν
290 1872 402 1928 τῶν
429 1870 833 1944 ἀσθενεστέρων
863 1872 1183 1943 συνείδησιν
1230 1891 1249 1924 ι
1284 1873 1403 1927 Ἵνα
1427 1873 1481 1927 τί
1511 1874 1620 1946 γάρ
1635 1873 1747 1945 ἐγὼ

166 1966 425 2037 κρίνομαι
451 1963 558 2017 ὑπὸ
582 1962 748 2032 ἄλλης
774 1963 1157 2035 συνειδήσεως;
1190 1964 1254 2017 Εἰ
1281 1962 1396 2034 ἐγὼ
1414 1965 1595 2037 χάριτι
1620 1983 1748 2037 μετ-

166 2058 298 2128 έχω,
326 2056 383 2111 τί
414 2055 875 2127 βλασφημοῦμαι,
916 2055 1057 2127 ὑπὲρ
1090 2051 1152 2111 οὗ
1190 2055 1303 2126 εγὼ
1335 2057 1681 2129 εὐχαριστῶς
1720 2074 1739 2112 ι

168 2149 450 2220 εὐδοκιμεῖ
486 2147 775 2220 τοιγαροῦν
804 2146 867 2202 τὸ
897 2147 1087 2219 χρῆμα
1116 2148 1270 2221 παρά
1303 2148 1423 2221 Θεῷ
1452 2149 1515 2203 τὸ
1544 2166 1748 2221 παραι-

163 2242 378 2297 τεῖσθαί
404 2259 549 2314 φημι
574 2241 677 2315 τὴν
707 2240 844 2314 πρὸς
870 2241 1135 2312 Ἕλληνας
1170 2242 1470 2314 ίσουργίαν,
1500 2242 1577 2307 ὡς
1603 2241 1659 2296 ἐν
1688 2259 1750 2297 τε

164 2337 234 2407 τῇ
272 2335 383 2389 τῶν
412 2334 814 2408 θυσιαστηρίων
845 2331 1014 2397 θέσει,
1047 2332 1142 2387 καὶ
1189 2332 1248 2387 ὲν
1284 2334 1399 2397 τοῖς
1447 2333 1575 2406 περὶ
1611 2332 1749 2406 θρη-

169 2424 362 2488 σκείας
395 2424 541 2479 ἔθεσί
571 2442 633 2479 τε
658 2424 754 2478 xal
778 2422 1020 2495 τρόποις.

236 2513 455 2569 ΠΑΛΔ.
494 2510 779 2585 Σύμφημι.

239 2602 410 2656 Kl‘P.
450 2601 524 2656 Τδ
570 2601 629 2656 δι
673 2602 740 2673 δὴ
783 2602 980 2675 χρῆναι
1035 2603 1407 2676 καρποφορεῖν
1453 2604 1534 2667 είς
1591 2601 1750 2669 δόξαν

164 2694 330 2759 Θεοῦ,
385 2695 482 2750 καὶ
532 2694 608 2768 μὴ
652 2694 816 2761 κενὰς
848 2700 1035 2769 χεῖρας
1069 2695 1293 2768 ἔχοντας
1333 2696 1415 2760 είς
1455 2693 1557 2767 τὴν
1589 2694 1751 2764 ἁγίαν

170 2786 311 2842 ἰέναι
357 2785 582 2858 σκηνὴν,
630 2786 875 2857 διεσάφει
927 2788 1094 2843 πάλιν
1148 2789 1283 2860 ἡμῖν
1325 2787 1390 2842 τὸ
1421 2786 1659 2858 Γράμμα
1688 2786 1752 2841 τὸ

170 2878 352 2949 ἱερὸν,
379 2879 438 2931 ἐν
465 2878 578 2943 τοῖς
619 2876 900 2950 ’Δριθμοῖς
926 2878 1100 2943 οὕτως
1132 2876 1276 2948 ἔχονο
1319 2895 1341 2929 ε
1370 2875 1481 2933 Kal
1509 2875 1749 2945 ἐγένετο,

1842 525 2211 594 pulcherrima
2281 527 2530 583 veritatis
2598 530 2782 599 specie
2833 531 3107 604 fulgeret,
3160 550 3414 604 quaenam

1842 615 2154 671 cxtrinscca
2184 616 2521 688 adjumenta,
2540 626 2636 673 aut
2654 629 3137 677 vana‘ornamenta
3163 624 3415 693 require-

1844 707 1972 761 ret?
1999 723 2179 777 neque
2210 708 2360 763 enim
2390 723 2490 778 per
2511 710 2795 766 saecularia
2854 712 3253 769 oblectamenta
3293 715 3414 769 adi-

1841 805 1932 853 tur
1954 796 2022 853 ad
2068 798 2264 862 Deum,
2311 814 2489 869 neque
2525 801 2706 856 soluto
2737 802 3079 873 remissoque
3118 803 3322 867 animo,
3358 815 3417 860 et

1849 888 1918 944 ad
1939 890 2188 945 carnales
2209 889 2519 960 voluptates
2542 892 2787 963 proiecto
2818 900 2980 963 atque
3010 894 3292 963 resupino,
3318 894 3415 949 sed

1843 980 2177 1052 vigilantiae
2208 995 2428 1036 sursum
2474 982 2841 1040 intentissime
2871 984 3213 1055 respicienti,
3261 993 3319 1039 et
3360 989 3416 1041 in

1844 1070 2001 1125 caelis
2022 1069 2149 1124 ﬁxo.
2170 1069 2268 1137 Ac,
2297 1071 2341 1126 si
2374 1071 2606 1127 fortuito
2623 1088 2691 1127 ex
2719 1073 2814 1128 illo
2835 1073 3025 1128 divino
3044 1074 3203 1129 altari
3217 1076 3417 1147 stirpes

1845 1160 2209 1225 exstitissent,
2236 1176 2301 1215 ea
2347 1176 2436 1216 res
2463 1160 2622 1216 ﬁrmo
2643 1177 2709 1217 ac
2739 1160 2886 1217 ﬁdeli
2916 1161 3092 1217 nostri
3118 1162 3419 1219 Salvatoris

1845 1248 2127 1305 adoratori
2162 1250 2301 1305 nihil
2329 1250 2629 1307 obfuisset:
2660 1251 2779 1316 sed,
2828 1252 2957 1323 quia
3001 1252 3289 1323 gentilium
3331 1260 3420 1307 est

1845 1354 2077 1412 prorsus
2130 1341 2185 1397 id
2251 1342 2591 1408 institutum,
2648 1342 2970 1414 refugienda
3020 1350 3104 1399 est
3160 1343 3415 1407 imitatio,

1845 1440 2012 1503 atque
2085 1432 2505 1488 consuetudinis
2574 1432 2899 1499 similitudo,
2953 1433 3419 1504 quemadmodum

1843 1522 2239 1594 proculdubio
2278 1522 2427 1579 ﬁdeli
2454 1524 2688 1590 homini,
2736 1533 2794 1580 et
2843 1524 2900 1579 in
2927 1540 3059 1580 vera
3105 1525 3418 1595 cognitione

1782 1647 1823 1704 Β
1850 1625 2017 1688 atque
2045 1616 2275 1672 scientia
2298 1617 2645 1681 conﬁrmato,
2671 1615 2812 1670 nihil
2834 1622 2923 1670 est
2941 1615 3148 1669 idolum
3174 1615 3229 1668 in
3255 1630 3419 1669 mun-

1849 1709 1943 1775 do,
2004 1725 2184 1780 neque
2235 1708 2446 1779 aliquid
2479 1716 2565 1763 est
2610 1705 2978 1778 idolothytum
3012 1706 3081 1771 “,
3122 1714 3305 1760 tamen
3353 1709 3416 1757 ut

1848 1801 1993 1857 alius
2019 1800 2243 1871 quidam
2297 1799 2568 1870 praecipit,
2599 1813 2667 1853 eo
2689 1798 2839 1853 vesci
2872 1813 2982 1852 non
3011 1796 3141 1852 licet
3192 1801 3418 1865 propter

1849 1891 2193 1948 inﬁrmorum
2232 1891 2629 1947 conscientiam
2648 1885 2722 1944 κίε
2778 1907 2798 1940 ι
2850 1887 3062 1959 thuid
3120 1887 3266 1941 enim
3318 1901 3420 1956 ego

1843 1983 2065 2056 judieor
2100 1983 2170 2039 ab
2190 1983 2297 2039 alia
2329 1982 2703 2038 conscientia?
2735 1981 2790 2038 Si
2822 1996 2923 2052 ego
2945 1996 3069 2036 cum
3102 1978 3274 2050 gratia
3292 1994 3419 2047 par-

1854 2076 2043 2147 ticipe,
2062 2091 2163 2131 cur
2193 2074 2566 2145 blasphemor,
2590 2089 2692 2145 pro
2724 2089 2834 2144 quo
2861 2088 2963 2143 ego
2989 2071 3191 2142 gratias
3222 2069 3368 2140 ago?
3395 2088 3413 2120 ι

1850 2167 2149 2224 Laudabile
2214 2165 2383 2238 igitur
2425 2175 2510 2221 est
2552 2164 2697 2235 apud
2738 2165 2910 2219 Deum
2971 2177 3199 2225 cavere,
3246 2176 3313 2215 ne
3365 2160 3421 2213 in

1849 2260 2106 2316 altarium
2130 2260 2414 2324 situ,neve
2436 2258 2495 2314 in
2526 2256 2811 2327 religionis
2838 2255 3088 2309 moribus
3113 2263 3279 2321 atque
3308 2252 3419 2307 ritu

1848 2351 2082 2424 gentiles
2107 2350 2405 2406 imitemur.

1929 2529 2128 2586 PALL.
2162 2528 2470 2584 Assentior.

1920 2620 2076 2678 CYR.
2109 2619 2346 2691 [Equum
2376 2633 2497 2674 esse
2524 2624 2731 2681 autem,
2762 2622 2824 2670 ut
2874 2614 3183 2670 oblationes
3221 2609 3291 2667 ad
3312 2609 3410 2666 Dei

1850 2710 2082 2784 gloriam
2111 2709 2430 2774 oﬁ‘eramus,
2461 2723 2567 2763 nec
2615 2704 2803 2765 vacuis
2821 2704 3079 2760 manibus
3108 2702 3176 2758 ad
3205 2713 3427 2757 sacrum

1850 2803 2267 2860 tabernaculum
2296 2802 2579 2865 adeamus,
2612 2800 2816 2856 eadem
2865 2811 3036 2853 sacrze
3065 2795 3288 2850 Littera:
3323 2791 3425 2848 de-

1851 2896 2083 2959 clarant,
2107 2910 2230 2966 qua:
2244 2895 2326 2951 sic
2348 2894 2558 2950 habent
2581 2894 2634 2947 in
2649 2889 2937 2948 Numeris:
2969 2909 2987 2941 ι
3014 2890 3082 2944 Et
3099 2887 3301 2943 factum
3317 2894 3424 2951 est,

171 2963 424 3042 ᾖὴμέρᾳ
470 2969 781 3025 συνετέλεσε
826 2970 1056 3040 Μωσῆς,
1113 2968 1254 3025 ὥστε
1297 2969 1602 3040 ἀναστῆσαι
1649 2968 1751 3040 τὴν

1852 2999 1962 3056 quo
1986 2983 2075 3038 die
2101 2963 2502 3039 consummavit
2522 2982 2733 3054 Moyses
2750 2980 2962 3052 erigere
2988 2976 3428 3041 tabernaculum,

174 3059 404 3131 σκηνὴν,
449 3060 545 3115 καὶ
574 3060 792 3133 ἔχρισεν
819 3061 1010 3133 αὐτὴν,
1044 3063 1140 3118 καὶ
1167 3062 1396 3134 ἡγίασεν
1433 3061 1624 3137 αὐτὴν,
1657 3061 1753 3117 καὶ

173 3150 355 3205 πάντα
398 3150 466 3204 τὰ
504 3151 674 3225 σκεύη
731 3152 925 3224 αὐτῆς,
973 3154 1068 3207 καὶ
1101 3153 1166 3207 τὸ
1207 3153 1616 3227 θυσιαστήριον,
1657 3153 1753 3208 καὶ

168 3242 354 3296 πάντα
373 3242 445 3297 τὰ
468 3244 640 3315 σκεύη
658 3244 847 3313 αὑτοῦ,
867 3244 962 3299 καὶ
983 3243 1201 3316 ἔχρισεν
1218 3244 1379 3312 αὐτὰ,
1404 3245 1499 3299 καὶ
1523 3244 1752 3317 ἡγίασεν

168 3336 335 3391 αὐτά.
361 3335 471 3393 Kal
500 3337 883 3407 προσήνεγκαν
911 3337 962 3391 ot
993 3336 1252 3408 ἄρχοντες
1278 3335 1516 3410 Ἰσραὴλ,
1544 3335 1752 3391 δώδεκα

171 3426 435 3498 ἄρχοντες
463 3426 628 3485 οικων
670 3426 917 3498 πατριῶν
962 3426 1165 3483 αὐτῶν.
1199 3418 1362 3482 οὗτοι
1411 3427 1461 3481 οι
1490 3425 1752 3499 ἄρχοντες

174 3514 379 3585 φυλῶν,
421 3510 567 3576 οὗτοι
608 3516 660 3569 οί
707 3516 1117 3590 παρεοτηκότες
1166 3518 1262 3573 επὶ
1290 3517 1392 3589 τῆς
1421 3518 1749 3590 επισκοπῆς.

174 3604 286 3661 Kal
333 3606 574 3677 ἤνεγκαν
615 3605 678 3659 τὸ
728 3605 901 3679 δῶρον
953 3608 1134 3663 αὐτῶν
1185 3608 1367 3663 ἔναντι
1414 3609 1644 3681 Κυρίου,
1692 3608 1752 3676 ἐξ

176 3695 392 3767 ἁμάξας
411 3697 782 3771 λαμπηνίκας,
806 3699 904 3754 καὶ
923 3699 1134 3756 δώδεκα
1181 3702 1330 3773 βόας,
1361 3703 1579 3776 ἄμαξαν
1600 3703 1754 3777 παρά

175 3788 268 3844 δύο
296 3789 596 3862 ἀρχόντων,
633 3792 730 3847 καὶ
757 3791 958 3865 μόσχον
985 3793 1139 3865 παρὰ
1166 3795 1421 3851 ἑκάστου.
1450 3795 1562 3851 Kal
1589 3810 1755 3868 προσ-

175 3880 383 3952 ήγαγον
422 3882 664 3938 ἑναντίον
689 3883 791 3955 τῆς
834 3884 1053 3957 σκηνῆς.
1082 3886 1194 3941 Kal
1226 3882 1348 3941 εἷπε
1385 3888 1591 3959 Κύριος
1616 3888 1754 3961 πρὸς

176 3974 405 4046 Ilua-ﬁxo,
432 3974 605 4045 λέγων
622 3992 638 4008 ο
664 3974 811 4031 Λάϐε
849 3978 979 4049 παρ’
1008 3976 1209 4043 αὐτῶν,
1253 3980 1349 4033 καὶ
1376 3978 1591 4036 ἔσονται
1614 3981 1753 4055 πρὸς

174 4064 246 4121 τὰ
277 4064 414 4135 ἔργα
445 4066 517 4120 τὰ
549 4066 898 4138 λειτουργικὰ
926 4068 1022 4139 τῆς
1053 4069 1258 4141 σκηνῆς
1295 4070 1389 4125 τοῦ
1426 4075 1751 4144 μαρτυρίου,

173 4156 273 4211 καὶ
298 4155 492 4219 δώσεις
528 4156 670 4211 αὐτά
695 4159 809 4223 τοῖς
831 4158 1084 4223 Λευίταις
1121 4160 1336 4233 ἑκάστῳ
1362 4162 1503 4217 κατὰ
1527 4162 1625 4234 τὴν
1653 4163 1752 4218 αὺ-

174 4247 271 4305 τοῦ
300 4247 663 4320 λειτουργίαν.
692 4249 800 4303 Kal
821 4249 1002 4305 λαϐὼν
1033 4251 1240 4324 Μωσῆς
1278 4252 1377 4317 τὰς
1418 4254 1632 4325 ἀμάξας
1658 4257 1754 4311 καὶ

1859 3076 2017 3131 unxit
2045 3076 2179 3131 illud
2204 3091 2269 3132 ac
2313 3074 2696 3139 sanctiﬁcavit,
2741 3082 2796 3130 et
2827 3073 3010 3127 omnia
3026 3086 3153 3127 vasa
3190 3070 3329 3141 ejus,
3372 3077 3430 3124 et

1857 3168 2015 3223 unxit
2043 3183 2129 3233 ea,
2160 3178 2219 3223 et
2270 3166 2632 3223 sanctiﬁeavit
2687 3182 2775 3230 ea,
2827 3172 2885 3221 et
2916 3165 3111 3229 altare,
3150 3172 3208 3218 et
3244 3163 3428 3218 omnia

1856 3261 1979 3331 ejus
2008 3275 2161 3324 vasa,
2186 3268 2243 3315 et
2267 3259 2505 3314 unxitac
2529 3256 2890 3313 sanetiﬁcavit
2913 3270 3007 3320 ea;
3028 3263 3084 3310 et
3107 3255 3430 3311 obtulerunt

1857 3350 2137 3423 principes
2173 3348 2673 3414 lsrael,duodecim
2711 3347 2990 3418 principes
3030 3345 3323 3401 domorum
3350 3346 3431 3400 [ιι-
3520 3384 3527 3389 .

1857 3443 2137 3500 miliarum
2171 3456 2397 3505 suarum
2429 3458 2442 3495 :
2468 3440 2526 3496 hi
2583 3440 2863 3511 principes
2889 3439 3156 3501 tribuum,
3188 3438 3245 3492 hi
3276 3445 3427 3502 sunt,

1859 3537 1954 3608 qui
1983 3534 2281 3591 adfuerunt
2328 3533 2657 3598 recensioni,
2699 3540 2758 3589 et
2820 3533 3125 3587 attulerunt
3157 3530 3299 3586 dona
3332 3545 3431 3585 sua

1858 3638 1987 3685 ante
2015 3626 2343 3693 Dominum;
2391 3641 2487 3682 sex
2519 3624 2771 3682 vehicula
2821 3631 2985 3688 tecta,
3033 3630 3090 3679 et
3138 3620 3431 3678 duodecim

1857 3720 2030 3777 boves
2052 3737 2067 3787 ;
2089 3719 2407 3775 vehiculum
2435 3734 2467 3775 a
2504 3717 2723 3774 duobus
2739 3716 3109 3790 principibus,
3150 3723 3207 3772 et
3234 3716 3432 3772 bovem

1859 3812 2158 3884 asingulis,
2178 3819 2234 3868 et
2255 3811 2605 3867 adduxerunt
2637 3826 2701 3866 ea
2738 3819 2867 3866 ante
2894 3810 3331 3866 tabernaculum.
3362 3808 3433 3866 Et

1858 3900 2081 3957 locutus
2103 3909 2190 3956 est
2222 3900 2489 3956 Dominus
2511 3899 2579 3955 ad
2605 3899 2850 3971 Moysen,
2877 3898 3110 3954 dicens:
3137 3899 3339 3969 Accipe
3362 3898 3433 3952 ab

1861 3992 2017 4064 ipsis,
2046 3991 2209 4064 362
2231 3999 2291 4047 et
2311 3999 2479 4046 erunt
2517 3990 2586 4045 ad
2638 4006 2808 4060 opera
2854 3990 3147 4045 ministerii
3175 3990 3434 4045 taberna-

1861 4081 1970 4137 culi
1995 4079 2319 4143 testimonii,
2347 4086 2404 4133 et
2427 4078 2585 4133 dabis
2607 4093 2673 4133 ea
2696 4078 2926 4142 Levitis,
2950 4078 3181 4147 singulis
3204 4094 3305 4149 pro
3331 4093 3433 4133 suo

1861 4166 2189 4223 ministerio.
2218 4166 2287 4221 Et
2305 4165 2585 4236 accipiens
2608 4165 2822 4237 Moyses
2836 4166 3111 4229 vehicula,
3159 4176 3218 4222 et
3264 4168 3433 4224 boves

1859 4257 2124 4314 dediteas
2170 4255 2383 4312 Levitis
2407 4255 2474 4310 ⁸⁸.
2502 4273 2522 4306 ι
2574 4254 2764 4325 Neque
2809 4270 2945 4310 vero
2985 4255 3271 4327 hucusque
3295 4258 3436 4312 dun-

173 4346 306 4410 τοὺς
334 4343 486 4415 βόας,
520 4345 723 4400 ἔδωκεν
754 4345 894 4400 αὐτά
930 4350 1044 4412 τοῖς
1074 4347 1405 4412 Λευίταις.-ι
1436 4349 1544 4404 Kal
1572 4350 1633 4403 οὐ
1661 4351 1752 4422 με·

1861 4354 2012 4403 taxat
2037 4345 2348 4418 principum
2373 4344 2619 4400 tribuum
2646 4344 2791 4400 dona
2825 4360 3114 4416 progressa
3158 4354 3307 4411 sunt,
3333 4348 3433 4403 sed

176 4454 270 4509 χρι
312 4435 517 4489 τούτων
545 4436 614 4491 τὰ
641 4438 708 4492 ἐκ
743 4435 853 4491 τῶν
895 4437 1186 4508 φυλάρχων
1218 4432 1285 4509 ῆν
1305 4454 1319 4469 ’
1361 4441 1761 4511 προσεπενήνε-

177 4545 307 4582 κται
329 4527 387 4583 δὲ
416 4527 511 4582 καὶ
535 4527 721 4599 ἕτερα.
749 4526 1063 4602 Γέγραπται
1094 4528 1223 4600 γὰρ,
1262 4547 1281 4579 ι
1319 4528 1431 4583 Kal
1457 4531 1763 4602 προσήνεγ.

178 4637 286 4674 καν
322 4619 374 4673 oi.
412 4618 673 4690 ἄρχοντες
712 4620 793 4681 είς
819 4620 913 4673 τδν
939 4619 1290 4689 ὲγκαινισμδν
1314 4619 1406 4674 τοῦ
1452 4619 1757 4692 θυσιαστη-

182 4711 325 4781 ρίου,
364 4712 423 4764 ὲν
455 4712 523 4782 τῇ
550 4710 735 4784 ἡμέρα
826 4709 1041 4783 ἔχρισεν
1073 4711 1225 4775 αὐτὸ,
1256 4711 1350 4766 καὶ
1381 4713 1764 4784 προσήνεγκαν

179 4804 230 4856 oi
259 4803 522 4874 ἄρχοντες
551 4803 628 4857 τά
654 4803 806 4876 δῶρα
844 4803 1023 4859 αὐτῶν
1054 4803 1313 4860 ἀπέναντι
1341 4802 1436 4859 τοῦ
1470 4803 1759 4878 θυσιαστηο

185 4895 325 4965 ρίου.
356 4895 465 4950 Kal
486 4891 608 4949 εἷπε
632 4894 841 4966 Κύριος
859 4895 996 4968 πρὸς
1024 4897 1231 4968 Μωσῆν
1245 4911 1263 4929 ο
1294 4896 1512 4969 Ἄρχων
1534 4882 1616 4961 εἷς
1636 4897 1761 4951 καθ’

183 4988 423 5058 ἡμέραν,
453 4986 637 5059 ἄρχων
658 4987 780 5043 καθ’
800 4988 1014 5060 ἡμέραν
1041 4988 1390 5060 προσοίσουσι
1403 4987 1476 5042 τὰ
1497 4986 1646 5060 δῶρα
1665 4989 1763 5042 ab-

183 5076 298 5135 τῶν
331 5062 412 5141 εἰς
435 5079 528 5133 τὸν
551 5078 908 5151 ἔγκαινισμδν
929 5077 1025 5133 τοῦ
1056 5078 1465 5152 θυσιαστηρίου.
1509 5079 1621 5134 Kal
1647 5075 1716 5151 ῆν
1733 5080 1765 5134 ὁ

186 5168 517 5241 προσφέρων
555 5172 615 5224 ἰν
650 5173 715 5242 τῇ
742 5170 925 5243 ἡμέρᾳ
956 5174 1025 5242 τῇ
1052 5169 1246 5243 πρώτῃ
1268 5171 1329 5225 τὸ
1365 5170 1539 5243 δῶρον
1572 5170 1762 5238 αὑτοῦ,

183 5260 462 5315 Ναασσὼν
496 5261 613 5325 υίὸς
653 5260 979 5333 ’Δμιναδάϐ,
999 5261 1183 5332 ἄρχων
1218 5260 1319 5331 τῆς
1340 5262 1515 5334 φυλῆς
1570 5263 1760 5319 Ἰούδα.

183 5353 298 5408 Kal
327 5353 670 5426 προσήνεγκε
697 5353 759 5408 τὺ
787 5353 962 5425 δῶρον
979 5352 1178 5416 αὑτοῦ,
1207 5352 1459 5425 τρυϐλίον
1486 5354 1764 5428 ἀργυροῦν

181 5443 268 5509 ἓν,
283 5444 578 5516 τριάκοντα
606 5445 699 5502 καὶ
715 5446 910 5500 ἑκατὸν
934 5444 1067 5517 ὁλκὴ
1093 5445 1278 5499 αὐτοῦ’
1304 5444 1501 5517 φιάλην
1524 5447 1654 5518 μίαν
1668 5449 1766 5520 ἀρ-

185 5548 257 5602 γυ
263 5534 385 5606 ρᾶν,
403 5532 774 5607 ἑϐδομήκοντα
797 5532 997 5590 σίκλων
1018 5532 1160 5591 κατὰ
1176 5532 1268 5588 τὸν
1285 5532 1467 5588 σίκλον
1481 5534 1572 5587 τὸν
1588 5535 1763 5604 ἅγιον.

1858 4436 1948 4493 his
1967 4437 2133 4493 etiam
2154 4438 2261 4492 alia
2281 4436 2561 4507 adjuncta.
2590 4435 2880 4507 Scriptum
2898 4445 2985 4492 est
3016 4438 3164 4492 enim
3183 4456 3228 4492 ει
3253 4440 3320 4494 Ει
3338 4440 3435 4493 ob-

1860 4526 2110 4582 tulerunt
2141 4525 2424 4597 principes
2448 4525 2517 4581 ad
2538 4524 2942 4583 dedicationem
2967 4514 3294 4592 altarisfdie
3320 4544 3433 4598 quo

1857 4618 2018 4673 unxit
2043 4618 2201 4683 illud,
2232 4626 2292 4674 et
2314 4617 2622 4673 attulerunt
2670 4618 2953 4689 principes
2992 4619 3134 4675 dona
3177 4635 3275 4676 sua
3307 4628 3435 4675 ante

1861 4710 2054 4767 altare.
2082 4709 2153 4765 Et
2179 4710 2319 4765 dixit
2339 4709 2607 4766 Dominus
2626 4710 2692 4765 ad
2715 4711 2968 4783 Moysen:
3004 4711 3267 4784 Princeps
3291 4729 3436 4769 unus

1861 4817 1964 4875 per
1988 4802 2235 4872 singulos
2256 4801 2377 4857 dies
2398 4800 2563 4856 oﬁ‘ert
2585 4801 2729 4857 dona
2773 4817 2873 4857 sua
2919 4802 2989 4857 ad
3028 4802 3432 4860 dedicationem

1856 4893 2064 4950 altaris.
2089 4892 2160 4947 Et
2189 4891 2297 4948 fuit
2316 4892 2412 4962 qui
2434 4892 2637 4947 obtulit
2672 4893 2855 4964 primo
2895 4893 2986 4950 die
3017 4895 3224 4951 donum
3252 4911 3433 4963 suum,

1857 4986 2102 5042 Naasson
2129 4982 2278 5041 ﬁlius
2307 4983 2616 5041 Aminadab
2633 4984 2896 5057 princeps
2924 4986 3104 5041 tribus
3134 4986 3309 5043 Iudae.
3366 4988 3436 5042 Et

1859 5078 2059 5133 obtulit
2073 5078 2279 5134 donum
2300 5093 2460 5133 suum
2486 5077 2730 5134 catinum
2750 5087 3072 5150 argenteum
3094 5095 3285 5143 unum.
3309 5095 3440 5136 cen-

1868 5177 1983 5223 tum
2023 5176 2079 5223 et
2104 5168 2330 5241 triginta
2352 5170 2567 5241 pondus
2586 5171 2738 5242 ejus;
2770 5171 3010 5242 phialam
3030 5187 3194 5228 unam
3246 5188 3441 5246 argen-
3476 5198 3493 5211 -

1871 5265 2036 5324 team,
2076 5260 2427 5332 septuaginta
2450 5260 2711 5317 siclorum
2733 5263 2889 5334 juxta
2915 5265 3112 5320 siclum
3164 5274 3435 5328 sanctum,

1869 5357 2169 5422 utrumque
2194 5351 2419 5422 plenum
2457 5353 2639 5420 simila
2679 5369 2979 5426 conspersa
3023 5355 3146 5410 oleo
3167 5355 3236 5410 ad
3270 5356 3441 5409 sacri-

1869 5441 2087 5510 ﬁcium;
2111 5442 2491 5498 mortariolum
2547 5459 2717 5499 unum
2764 5443 2955 5503 decem
3002 5457 3296 5499 aureorum
3318 5442 3438 5511 ple-

1870 5549 2003 5590 num
2033 5532 2293 5597 incenso;
2341 5532 2579 5593 vitulum
2633 5547 2805 5592 unum
2851 5532 2920 5593 de
2969 5532 3166 5597 bobus,
3210 5531 3440 5586 arietem

256 5755 311 5795 “
334 5757 358 5817 ι
381 5758 509 5817 Cor.
540 5776 657 5828 Vm.
695 5763 749 5853 ἅτ
794 5763 835 5798 δ’
866 5765 888 5822 Ι
921 5766 1050 5826 Cor.
1080 5783 1136 5837 ι,
1176 5766 1267 5837 29,
1309 5766 1398 5823 '50.
1441 5765 1484 5800 δ’
1512 5765 1675 5824 Num.
1710 5782 1804 5836 vn,
1842 5764 1958 5822 l-G.
