3996 6212
630 326 734 384 707

1654 317 1710 373 S.
1751 314 2026 374 CYRILLI
2063 314 2535 371 ALEXANDRINI
2582 311 2905 370 ARCHIEP.

3798 316 3900 374 τοι

632 434 825 485 unum,
851 431 1051 491 agnum
1071 429 1240 471 unum
1270 411 1591 468 anniculum
1622 410 1681 466 in
1704 409 2086 486 holocaustum
2108 452 2122 475 ,
2155 426 2190 465 e‘

2314 409 2598 481 ἀμφότερα
2649 409 2829 480 πλήρη
2911 406 3245 478 σεμιδάλεως
3292 408 3787 482 ἀναπεποιημένης
3844 415 3899 465 ὲν

629 514 845 570 hredum
868 510 937 564 de
961 508 1143 578 capris
1168 522 1340 562 unum
1363 521 1465 576 pro
1504 514 1752 575 peccato,
1777 513 1834 559 et
1862 504 1931 559 ad
1970 503 2210 560 hostiam

536 594 541 597 ’
625 600 883 657 salutaris
908 597 1110 653 vitulas
1158 596 1314 661 duas,
1364 603 1422 650 et
1458 596 1658 651 arietes
1715 595 1977 665 quinque,
2024 593 2210 648 hircos

624 695 892 761 quinque,
919 705 1089 761 agnos
1122 687 1415 742 anniculos
1434 686 1855 756 quinque.~lloc
1885 684 2212 739 fuitdonum

622 783 869 838 Naasson
907 781 1004 836 ﬁlii
1057 780 1449 835 Amiuadab“.
1476 800 1493 831 ι
1561 778 1899 834 Obtulerunt
1940 784 2211 848 praeterea

623 875 805 930 caeteri
828 874 1088 943 deinceps
1109 888 1285 943 usque
1309 873 1377 928 ad
1402 871 1795 939 duodecimum
1824 870 2020 926 eodem
2048 868 2213 923 modo

622 964 898 1034 similique
943 963 1369 1035 magniﬁcentia,
1421 978 1548 1017 cum
1600 978 1734 1017 suus
1777 962 1979 1032 cuique
2029 966 2214 1015 certus

623 1056 742 1111 dies
766 1056 1067 1110 attributus
1097 1063 1277 1110 esset:
1308 1055 1390 1109 sic
1413 1054 1563 1109 enim
1603 1061 1939 1124 praeceperat
1973 1053 2138 1107 Deus.

2314 500 2480 572 ἐλαίῳ
2501 501 2582 564 εἰς
2604 500 2819 564 θυσίαν,
2861 497 3092 569 θυΐσκην
3120 498 3253 570 μίαν
3284 497 3417 553 δέκα
3444 499 3682 570 χρυσῶν,
3708 500 3894 574 πλήρη

2316 591 2659 662 θυμιάματος
2678 629 2695 655 ,
2742 589 2941 660 μόσχον
2986 588 3082 641 ἕνα
3107 590 3171 642 ὲκ
3200 588 3358 659 βοῶν,
3385 588 3539 660 κριδν
3566 588 3683 650 ἕνα,
3726 593 3893 661 ἀμνὸν

2313 682 2409 736 ἕνα
2433 680 2702 733 ἐνιαύσιον
2722 680 2802 742 εἰς
2828 676 3204 749 ὁλοκαύτωμα.
3234 678 3346 731 Καὶ
3363 678 3595 748 χίμαρον
3628 680 3688 745 ἐξ
3722 682 3892 747 αἰγῶν

2309 774 2405 828 ἕνα
2425 773 2552 844 περ)⁵
2581 770 2875 842 ἁμαρτίας*
2909 770 3003 824 καὶ
3022 772 3101 834 εἰς
3128 768 3319 823 Θυσίαν
3341 770 3610 841 σωτηρίου
3625 770 3894 841 δαμάλεις
3994 822 3996 835 Ι

2309 865 2423 930 δύο,
2462 864 2649 936 κριοὺς
2688 863 2870 928 πέντε,
2920 863 3159 934 τράγους
3201 860 3381 926 πέντε,
3443 863 3688 932 ἀμνάδας
3722 864 3869 916 ἐνιαυ

2313 957 2434 1020 σίας
2462 956 2643 1008 πέντε.
2673 953 2844 1006 Τοῦτο
2870 951 3044 1023 δῶρον
3068 948 3336 1003 Ναασσὼν
3362 949 3478 1003 υἱοῦ
3515 950 3843 1021 Ἀμιναδάϐ.
3870 972 3888 1002 ι

2312 1044 2716 1118 Προσεκύμιζον
2752 1042 2810 1097 δὲ
2853 1042 2949 1097 καὶ
2979 1040 3215 1111 καθεξῆς
3246 1041 3373 1112 ἄχρι
3408 1040 3504 1094 τοῦ
3536 1042 3889 1098 δυοκαιδεκά-

620 1164 735 1209 του,
771 1146 913 1199 κατά
939 1162 1002 1213 γε
1031 1144 1123 1197 τὸν
1154 1143 1265 1198 ἴσον
1302 1145 1503 1216 τρόπον
1535 1144 1629 1198 καὶ
1678 1145 1737 1196 ὲν
1775 1142 2217 1215 ἀπαραλλάκτοις
2254 1137 2609 1209 φιλοτιμίαις,
2651 1132 3046 1207 ὲκνεμηθείσης
3085 1132 3301 1204 ἑκάστῳ
3341 1132 3441 1204 τῆς
3490 1132 3640 1236 αύτῷ
3711 1150 3892 1188 συντεο

620 1235 898 1306 ταγμένης
925 1234 1138 1306 ἡμέρας
1170 1236 1373 1299 ίδικῶς·
1400 1235 1653 1290 διετύπου
1682 1236 1794 1307 γὰρ
1822 1229 1925 1290 ὧδε
1958 1236 2110 1298 Θεός.

692 1326 888 1382 PALL.
921 1325 1029 1381 Sed
1053 1342 1175 1396 qua:
1212 1325 1438 1381 tandem
1466 1334 1555 1381 est
1577 1327 1744 1398 hujus
1760 1326 1900 1381 adeo
1925 1322 2199 1395 multipli-

620 1418 700 1473 cis
726 1417 1022 1472 oblationis
1044 1418 1230 1472 ratio?

687 1510 843 1565 CYR.
872 1510 1163 1581 Equidem,
1191 1512 1421 1577 Palladi,
1461 1512 1507 1566 si
1543 1528 1658 1566 rem
1699 1520 1909 1582 gestam
1964 1519 2200 1581 spectes,

621 1602 828 1655 oblatio
857 1610 960 1667 est,
1021 1601 1116 1656 sed
1173 1602 1251 1656 illi
1305 1604 1599 1675 conjuncta
1647 1611 1731 1658 est
1773 1603 2021 1674 mystica,
2082 1618 2203 1657 mea

2368 1318 2578 1375 HAAA.
2628 1316 2740 1371 Καὶ
2766 1315 2851 1379 τίς
2888 1313 2953 1386 δὴ
2983 1312 3091 1386 ἄρα
3118 1313 3238 1368 ἐστὶ
3270 1311 3372 1383 τῆς
3398 1311 3541 1366 οὕτω
3571 1311 3887 1379 πολυειδῶς
3994 1346 3996 1393 ι

2299 1407 2665 1482 προσαγωγῆς
2697 1406 2725 1458 ὁ
2756 1405 2914 1474 λόγος
2930 1421 2945 1470 ;

2370 1501 2533 1554 ΚΥΡ.
2560 1497 2931 1570 «Καρποφορία
2957 1495 3055 1567 μὲν
3076 1489 3169 1550 οὖν
3190 1494 3251 1549 τὸ
3271 1495 3461 1567 χρῆμά
3484 1497 3657 1562 ἐστιν,
3682 1490 3732 1549 ὦ
3753 1497 3883 1551 Παλ-

2300 1591 2469 1656 λάδιε,
2506 1590 2809 1645 πέπλεκται
2836 1589 2914 1651 δὲ,
2943 1583 3118 1658 οἶμαι,
3146 1589 3239 1642 καὶ
3265 1588 3421 1656 λόγος
3446 1589 3583 1660 αὐτῇ
3621 1590 3883 1659 μυστικὸς

616 1693 837 1761 quidem
863 1694 1157 1757 sententia,
1191 1694 1352 1759 ratio,
1374 1710 1474 1764 per
1496 1710 1662 1764 quam
1688 1694 1757 1748 ad
1781 1694 2125 1757 Emmanuel,
2146 1701 2190 1748 el

2303 1685 2383 1747 είς
2411 1681 2501 1736 τὸν
2550 1678 2922 1751 Ἐμμανουὴλ,
2954 1678 3052 1733 καὶ
3088 1681 3168 1744 είς
3201 1681 3349 1750 ἡμᾶς
3387 1679 3585 1743 αὐτοὺς
3620 1682 3879 1753 ἀνακομξο

616 1784 685 1837 ad
714 1800 815 1839 nos
840 1786 988 1854 ipsos
1014 1785 1120 1838 hoc
1144 1785 1376 1855 aenigma
1408 1785 1671 1851 refertur;
1724 1785 1776 1838 id
1808 1793 1992 1839 autem
2017 1785 2198 1855 expli-

616 1873 773 1937 cabo,
797 1883 1091 1942 utpotero.
1130 1874 1377 1942 Namque
1436 1873 1787 1928 manifestato
1812 1874 1925 1945 jam
1965 1873 2023 1927 in
2064 1873 2199 1928 orbe

616 1973 888 2019 terrarum
913 1974 1104 2019 sancto
1139 1964 1247 2019 illo
1274 1980 1518 2035 veroque
1566 1965 1941 2031 tabernaculo,
1985 1965 2042 2020 id
2090 1973 2196 2031 est,

615 2055 879 2119 Ecclesia,
915 2054 1172 2111 Christus
1196 2056 1251 2110 in
1280 2072 1345 2111 ea
1366 2056 1558 2111 multis
1578 2057 1861 2127 variisque
1902 2056 2080 2112 modis
2099 2073 2198 2112 ex-

614 2148 819 2202 cellens
860 2148 973 2203 Deo
998 2164 1062 2204 ac
1094 2149 1301 2203 Patria
1349 2149 1512 2203 nobis
1555 2149 1954 2219 propemodum
1986 2165 2051 2204 ac
2094 2165 2197 2219 pro

613 2239 774 2292 nobis
798 2246 858 2292 ut
883 2254 1040 2294 sacra
1062 2240 1290 2294 victima
1309 2240 1568 2306 oﬂ’ertur,
1595 2256 1718 2311 quae
1754 2241 2003 2312 pretium
2033 2240 2106 2296 sit
2131 2256 2196 2296 ac

612 2344 715 2398 pro
743 2329 1124 2385 universorum
1149 2332 1260 2387 vita
1280 2332 1632 2403 permutatio,
1688 2332 1890 2403 quippe
1929 2347 2054 2387 cum
2105 2331 2197 2387 ille

612 2435 756 2474 unus
795 2419 867 2474 sit
889 2437 990 2490 pro
1017 2423 1293 2479 universis
1313 2440 1469 2494 {equa
1498 2423 1813 2479 :cstimatio.
1841 2424 2002 2491 Nam,
2043 2434 2194 2495 post-

609 2525 842 2580 eaquam
889 2512 981 2566 ille
1007 2513 1346 2583 Unigenitus
1371 2514 1548 2569 factus
1584 2522 1671 2569 est
1694 2523 1753 2569 ut
1781 2531 1926 2571 unus
1953 2533 1984 2573 e
2029 2517 2192 2573 nobis

611 2598 796 2667 homo,
824 2603 1068 2671 seipsum
1115 2604 1318 2659 obtulit
1361 2605 1473 2660 Deo
1508 2614 1563 2660 et
1613 2607 1761 2661 Patri
1812 2608 1967 2678 quasi
2002 2609 2195 2679 praeci-

609 2706 783 2761 puum
820 2693 1081 2763 quiddam
1101 2709 1167 2749 ac
1196 2695 1469 2766 primitias
1494 2697 1749 2755 humana:
1795 2708 2032 2767 natura},
2066 2718 2193 2758 san-

610 2783 858 2839 ctitatem
883 2785 1203 2852 redolentis,
1226 2804 1348 2857 qua:
1368 2788 1447 2843 illi
1470 2792 1753 2857 sanctitas,
1783 2808 1892 2863 qua
1927 2803 2079 2864 parte
2096 2796 2195 2851 in-

611 2874 894 2946 telligitur,
925 2885 1090 2947 atque
1115 2877 1255 2934 adeo
1281 2886 1368 2935 est
1396 2882 1562 2947 Deus,
1592 2883 1896 2939 secundum
1924 2893 2184 2947 naturam

609 2972 667 3021 et
702 2968 1002 3023 essentiam
1034 2969 1233 3037 inerat,
1264 2971 1362 3027 sed
1398 2973 1651 3029 eamdem
1685 2975 2045 3032 adventitiam
2085 2979 2187 3034 ha-

2303 1775 2411 1842 ζων
2440 1775 2500 1828 τὸ
2534 1775 2798 1844 αῖνιγμα’
2839 1773 3033 1845 φράσω
3071 1772 3128 1826 δὲ
3166 1773 3242 1837 ὡς
3272 1773 3338 1827 ἂν
3382 1767 3493 1837 οἷός
3525 1790 3586 1827 τε
3623 1767 3671 1827 ὧ
3703 1776 3876 1830 πάλιν.

2313 1866 2787 1936 ’Λναδεδειγμένης
2823 1863 2931 1936 γάρ
2957 1865 3015 1917 ὲν
3045 1863 3182 1935 τῷδε
3215 1864 3293 1935 τῷ
3332 1865 3523 1937 κόσμῳ
3561 1867 3664 1937 τῆς
3701 1867 3876 1935 ἀτίαῖν

2299 1958 2392 2013 καὶ
2432 1956 2662 2029 ἀληθοῦς
2715 1956 2950 2028 σκηνῆς,
3000 1956 3146 2011 τοῦτ’
3196 1956 3331 2022 ἐστι,
3384 1956 3485 2028 τῆς
3528 1956 3874 2028 Ἐκκλησεας,

2300 2047 2595 2111 πολυειδῶς
2619 2048 2677 2101 ὲν
2707 2048 2845 2119 αὐτῇ
2867 2046 3181 2118 διαπρέπων
3213 2047 3446 2119 Χριστὸς
3476 2047 3571 2101 καὶ
3599 2050 3874 2118 μονονουχὶ

2299 2141 2429 2212 παρ’
2481 2140 2639 2212 ἡμῶν
2686 2140 2780 2193 καὶ
2822 2140 2962 2212 ὑπὲρ
3014 2139 3172 2211 ἡμῶν
3210 2140 3286 2203 ὡς
3342 2140 3485 2211 ἱερὸν
3539 2140 3875 2211 προσάγεται

2298 2231 2445 2303 θύμα
2476 2230 2554 2302 τῷ
2602 2231 2721 2302 Θεῷ
2774 2230 2869 2284 καὶ
2903 2231 3101 2301 Πατρὶ,
3149 2230 3340 2301 λύτρον
3376 2231 3485 2284 καὶ
3519 2231 3875 2302 ἀντάλλαγμα

2295 2324 2394 2395 τῆς
2431 2322 2688 2376 ἁπάντων
2720 2321 2885 2394 ζωῆς,
2915 2316 2997 2385 εἷς
3027 2323 3055 2376 ὁ
3095 2321 3308 2376 πάντων
3336 2321 3607 2388 ἀντάξιος.
3658 2321 3874 2393 Ἐπειδή

2296 2415 2406 2486 γάρ
2438 2415 2659 2484 γέγονεν
2693 2413 2976 2484 ἄνθρωπος
3000 2415 3028 2467 ὁ
3058 2414 3368 2485 Μονογενὴς
3396 2415 3473 2478 ὡς
3503 2409 3586 2479 εἷς
3614 2416 3678 2481 ἐξ
3698 2415 3869 2486 ἡμῶν,

2295 2507 2487 2562 ἑαυτὸν
2527 2506 2931 2579 προσκεκόμικε
2952 2504 3030 2577 τῷ
3051 2505 3171 2578 Θεῷ
3196 2506 3290 2560 καὶ
3320 2507 3516 2579 Πατρὶ,
3542 2509 3871 2579 πρωτόλειον

2305 2599 2496 2671 ὥσπερ
2532 2616 2586 2652 τι
2614 2599 2710 2653 καὶ
2736 2596 2959 2671 ἀπαρχὴ
2983 2598 3081 2670 τῆς
3105 2596 3391 2670 ἀνθρώπου
3413 2597 3627 2668 φύσεως
3654 2599 3871 2654 εύωδια-

2295 2692 2495 2765 ξούσης
2535 2694 2595 2747 ὲν
2633 2691 2918 2764 ἁγιασμῷ,
2950 2691 3199 2762 φυσικῶς
3233 2693 3332 2764 μὲν
3364 2691 3458 2746 καὶ
3482 2692 3759 2758 ούσιωδῶς
3786 2694 3870 2746 ἐν·

2293 2785 2613 2856 υπάρχοντι,
2642 2785 2763 2839 καθ’
2803 2784 2832 2838 ὅ
2869 2786 3071 2839 νοεῖται
3102 2786 3197 2838 καὶ
3240 2783 3355 2838 ἐστι
3402 2782 3556 2848 Θεὸς,
3601 2787 3872 2856 είσκεκριο

2296 2876 2475 2948 μένως
2506 2875 2563 2929 δὲ
2584 2870 2653 2930 αὖ
2683 2875 2771 2930 διὰ
2796 2875 2858 2929 τὸ
2894 2874 3253 2947 ἀνθρώπινον.
3282 2869 3377 2938 Εἷς
3401 2874 3459 2929 δὲ
3484 2874 3751 2945 ὑπάρχων
3775 2875 3866 2928 καὶ

2291 2969 2473 3033 αὐτὸς,
2506 2969 2649 3023 κατά
2676 2968 2904 3032 πολλοὺς
2929 2968 3202 3040 ἐγράφετο
3228 2967 3484 3040 τρόπους.
3525 2967 3603 3032 ὡς
3629 2968 3692 3021 ἐν
3719 2985 3780 3037 γε
3800 2970 3861 3038 τῇ

608 3056 793 3124 bebat,
829 3075 938 3130 qua
959 3067 1115 3130 parte
1157 3062 1396 3119 humana
1424 3064 1482 3118 in
1507 3080 1575 3120 eo
1630 3074 1831 3121 natura
1869 3076 2183 3138 spectatur.

2300 3061 2402 3116 τῶν
2449 3063 2727 3134 ἀρχόντων
2773 3060 3138 3131 προσκομιδῇ,
3190 3061 3553 3132 ἱερουργεῖται
3584 3059 3643 3114 δὲ
3680 3059 3859 3127 ὥσπερ

607 3147 769 3220 363
799 3148 1048 3221 Cumque
1068 3169 1213 3208 unus
1242 3153 1499 3225 idemque
1534 3155 1626 3221 sit,
1648 3156 1837 3213 multis
1860 3165 2041 3215 tamen
2063 3176 2184 3215 mo-

608 3239 694 3295 dis
719 3240 775 3296 in
808 3241 900 3297 illa
926 3244 1236 3315 principum
1266 3246 1546 3302 oblatione
1575 3248 1945 3319 ﬁgurabatur:
1969 3259 2030 3307 ut
2049 3268 2185 3307 vero

607 3340 766 3398 tunc,
823 3333 904 3389 sic
935 3334 1040 3389 hoc
1091 3352 1312 3407 quoque
1342 3346 1587 3409 tempore
1633 3340 1973 3397 sacriﬁcatur
2021 3343 2182 3398 Chri-

607 3433 724 3481 stus
744 3440 843 3495 per
871 3441 968 3482 eos
998 3428 1280 3499 principes
1302 3430 1397 3500 qui
1419 3448 1518 3502 pro
1547 3442 1856 3503 temporum
1878 3434 2021 3490 serie
2053 3451 2183 3491 suc-

605 3516 828 3582 cedunt,
859 3519 1150 3590 multiplici
1174 3523 1404 3578 notione
1429 3535 1748 3595 perceptus,
1780 3526 2060 3596 variisque
2079 3542 2182 3581 no-

605 3605 855 3661 minibus
876 3615 1140 3663 ornatus:
1172 3610 1340 3664 ﬁebat
1371 3612 1521 3665 enim
1567 3612 1774 3667 oblatio
1815 3628 1914 3682 per
1939 3613 2183 3684 singulos

604 3697 724 3752 dies
749 3715 764 3763 ;
796 3714 907 3767 quo
928 3698 1074 3754 facto
1101 3700 1515 3770 signiﬁcabatur
1538 3702 1629 3756 illa
1659 3717 1759 3773 per
1784 3703 2032 3773 singulos
2064 3704 2182 3761 dies

603 3787 811 3844 Christi
858 3789 1051 3844 hostia:
1097 3791 1418 3860 perennitas
1478 3808 1543 3847 ac
1589 3794 1964 3863 perpetuitas,
2016 3802 2181 3866 atque

603 3880 768 3937 etiam
792 3896 1003 3947 eorum,
1025 3882 1119 3952 qui
1137 3881 1244 3939 ﬁde
1275 3883 1559 3955 iustiﬁcati
1597 3894 1748 3952 sunt,
1793 3887 1851 3942 in
1895 3887 2180 3946 oﬁ‘crendo

602 3971 846 4043 largitas.
876 3972 1067 4042 Neque
1091 3974 1241 4029 enim
1268 3991 1510 4045 unquam
1556 3975 1792 4033 deerunt
1837 3978 2177 4048 adoratores,

601 4079 781 4134 neque
804 4064 911 4119 erit
935 4065 1232 4121 oblationis
1259 4067 1465 4138 inopia,
1490 4068 1587 4123 sed
1605 4067 1862 4126 Christus
1884 4071 1941 4126 in
1972 4073 2180 4129 sanctis

603 4158 979 4214 tabernaculis
1001 4159 1231 4229 mystice
1252 4158 1599 4216 sacriﬁcatus
1626 4177 1658 4216 a
1686 4162 1847 4218 nobis
1875 4170 2048 4234 etpro
2073 4180 2177 4221 no-

601 4249 691 4305 bis
719 4249 1004 4305 oﬁ‘eretur.
1043 4251 1167 4320 Ipse
1187 4259 1274 4306 est
1321 4259 1507 4307 autem
1542 4252 1752 4307 oblatio
1778 4262 1967 4309 nostra
1998 4255 2178 4325 prima

2293 3155 2387 3209 καὶ
2409 3153 2504 3208 νῦν
2530 3155 2558 3207 ὁ
2586 3153 2839 3225 Χριστὸς,
2869 3151 2957 3205 διά
2986 3151 3093 3205 τῶν
3121 3150 3264 3205 κατὰ
3290 3152 3515 3223 καιροὺς
3548 3151 3857 3222 ἡγουμένων

2294 3234 2645 3317 πολυτρόπως
2667 3247 2972 3331 νοούμενος,
3006 3245 3099 3300 καὶ
3123 3244 3400 3315 διαφόροις
3429 3244 3692 3314 ὀνόμασιν
3718 3246 3858 3297 ἐκτε-

2290 3340 2618 3411 τιμημένος·
2654 3341 2748 3412 καὶ
2776 3340 2897 3395 καθ’
2934 3340 3149 3412 ἡμέραν
3176 3337 3481 3411 προσφορά,
3516 3336 3580 3389 τὺ
3616 3336 3856 3391 ἀνεκλει-

2292 3434 2391 3497 πὲς
2417 3433 2580 3487 οἱονεί
2617 3411 2733 3497 πιιῖς
2757 3434 2851 3487 καὶ
2876 3411 3254 3503 ἀκάτάληκτον
3279 3431 3381 3500 τῆς
3408 3427 3644 3500 Χριστοῦ
3675 3429 3856 3491 θυσίας

2289 3526 2348 3580 ὲν
2381 3525 2746 3597 ήμὲρᾳπάσῃ
2787 3525 2882 3579 καὶ
2909 3525 2971 3578 τὸ
3005 3524 3064 3577 ὲν
3098 3524 3237 3594 αὐτῇ
3261 3522 3609 3593 καρποφόρον
3648 3520 3759 3573 τῶν
3802 3521 3854 3571 ὲν

2288 3617 2470 3671 πίστει
2497 3616 2930 3688 δεδικαιωμένων
2963 3614 3353 3685 ύποδηλοῦντος
3394 3612 3491 3666 τοῦ
3516 3612 3852 3684 πράγματος.

2288 3710 2364 3763 Ού
2384 3708 2492 3779 γὰρ
2511 3708 2879 3778 ἐπιλείψουσιν
2902 3709 2951 3761 oi
2968 3706 3361 3778 προσκυνηταὶ,
3383 3704 3499 3759 ἀλλ’
3518 3704 3641 3758 οὐδὲ
3668 3703 3853 3764 σπάνις

2287 3795 2439 3851 ἔσται
2473 3797 2841 3871 δωροφορίαςο
2884 3795 3419 3867 προσκομισθήσεται
3443 3794 3501 3848 δὲ
3526 3793 3665 3865 πρὸς
3709 3790 3851 3864 ἡμῶν

2286 3891 2381 3944 καὶ
2409 3889 2549 3961 ὑπὲρ
2577 3889 2734 3962 ἡμῶν
2759 3892 2788 3943 ὁ
2817 3888 3072 3961 Χριστὸς,
3100 3886 3375 3958 μυστικῶς
3412 3884 3851 3957 ἱερουργούμενος

2285 3983 2344 4037 ὲν
2374 3985 2495 4046 ταῖς
2523 3982 2707 4051 ἁγίαις
2741 3982 2986 4051 σκηναῖς.
3018 3980 3190 4043 Αὐτὸς
3229 3978 3287 4033 δὲ
3316 3978 3469 4049 ἡμῶν
3510 3973 3850 4049 καρποφορία

2286 4073 2479 4144 πρώτη
2509 4073 2603 4127 καὶ
2645 4071 2946 4143 ἐξαίρετος·
2980 4070 3387 4143 προσκεκόμικε
3412 4068 3521 4139 γὰρ
3548 4066 3744 4121 ἑαυτὸν
3776 4066 3848 4126 si;

2286 4164 2477 4219 θυσίαν
2524 4164 2601 4236 τῷ
2625 4165 2820 4235 Πατρὶ,
2860 4164 2956 4218 καὶ
2982 4163 3080 4234 ούχ
3112 4161 3253 4233 ύπέρ
3303 4178 3366 4230 γε
3399 4161 3599 4232 μᾶλλον
3636 4156 3846 4220 ἑαυτοῦ,

2283 4255 2426 4309 κατὰ
2465 4256 2555 4311 τὸν
2596 4256 2913 4327 ἀμωμήτως
2952 4254 3141 4324 ἔχοντα
3170 4253 3346 4321 λόγον,
3377 4251 3491 4306 ἀλλ’
3528 4251 3671 4322 ὑπὲρ
3704 4250 3848 4320 ἡμῶν

601 4347 767 4410 atque
812 4340 1125 4411 praecipua;
1186 4342 1431 4412 seipsum
1464 4343 1614 4398 enim
1677 4343 1885 4398 obtulit
1940 4344 2177 4401 hostiam

2300 4346 2390 4399 τῶν
2411 4346 2516 4400 ὑπὸ
2541 4346 2704 4414 ζυγὸν
2726 4348 2819 4400 καὶ
2848 4347 3061 4417 γραφὴν
3076 4344 3371 4417 ἁμαρτίας.
3393 4342 3530 4397 Καθ’
3557 4342 3849 4413 ὁμοιότητα

600 4430 746 4486 Patri
802 4447 914 4487 non
962 4447 1064 4501 pro
1113 4433 1317 4503 seipso,
1371 4442 1435 4488 ut
1488 4450 1623 4489 vera
1670 4434 1809 4490 ﬁdes
1855 4436 2038 4502 docet,
2081 4439 2177 4494 sed

2300 4436 2341 4491 Ξὲ
2369 4438 2467 4508 τὴν
2505 4437 2640 4510 πρὸς
2671 4438 2851 4501 αὑτὸν,
2886 4415 3019 4511 ⁷ἱερά
3059 4415 3277 4506 θύματα
3321 4434 3414 4488 καὶ
3450 4435 3633 4505 ἡμεῖς,
3663 4432 3849 4501 κόσμῳ

599 4535 702 4593 pro
726 4520 1014 4591 nobis,qui
1049 4522 1153 4576 sub
1182 4522 1394 4591 peccati
1410 4523 1542 4591 jugo
1567 4536 1633 4575 ac
1649 4531 1801 4576 reatu
1836 4524 2176 4580 tenebamur.

2300 4528 2384 4600 ιὲν
2409 4527 2861 4599 ἀποθνήσκοντες,
2888 4528 2966 4592 ὡς
2995 4526 3407 4598 νενεκρωμὲνης
3446 4525 3547 4594 τῆς
3573 4519 3848 4594 ἁμαρτίας

599 4612 802 4669 Sumus
823 4613 1022 4669 deinde
1053 4613 1121 4667 ad
1154 4613 1307 4667 illius
1332 4611 1753 4667 similitudinem
1778 4629 1883 4669 nos
1900 4615 2004 4685 ipsi
2036 4632 2178 4687 quo-

2300 4636 2339 4671 ιν
2362 4620 2513 4690 ἡμῖν,
2541 4618 2741 4684 ζῶντες
2762 4620 2819 4676 δὲ
2842 4619 2920 4691 τῷ
2938 4619 3078 4690 Θεῷ,
3102 4618 3201 4689 τὴν
3222 4619 3280 4673 ὲν
3306 4614 3561 4687 ἁγιασμῷ
3589 4615 3691 4668 καὶ
3715 4611 3845 4667 ὁσιό-

597 4719 705 4774 que
730 4720 897 4763 sacra:
943 4705 1197 4768 victimae,
1220 4718 1348 4758 cum
1378 4705 1585 4760 mundo
1635 4706 1910 4762 morimur
1933 4709 2005 4774 “,
2033 4725 2175 4779 qua-

2300 4727 2401 4780 τητι
2423 4710 2591 4783 ζωήν.
2614 4714 2784 4767 Ταυτὶ
2811 4712 2921 4785 γὰρ
2946 4715 3079 4784 ἡμῖν
3099 4713 3200 4767 ύπε
3210 4712 3459 4783 μφαίνειν
3485 4707 3665 4761 ἔοικεν
3688 4709 3722 4778 ἡ
3747 4705 3845 4758 τῶν

599 4803 762 4852 tenus
782 4803 1069 4866 peccatum
1095 4794 1150 4850 in
1197 4794 1361 4850 nobis
1393 4804 1673 4851 mortuum
1703 4806 1808 4863 est,
1840 4798 1954 4853 Deo
1984 4807 2174 4855 autem

2300 4802 2555 4874 ιρχόντων
2589 4804 2945 4876 προσαγωγὴ,
2987 4805 3054 4875 ἦν
3084 4804 3181 4858 καὶ
3213 4805 3318 4857 ἀνά
3355 4804 3519 4872 μέρος
3559 4796 3842 4853 ὲκῦασανίο

594 4886 855 4952 vivimus,
880 4887 1027 4942 illam
1058 4886 1116 4941 in
1141 4888 1432 4942 sanctitate
1469 4902 1535 4943 ac
1571 4889 1776 4958 pietate
1805 4890 1995 4945 vitam.
2039 4889 2169 4947 Hac

2300 4894 2464 4958 ζοντες
2508 4896 2621 4958 τοῖς
2666 4895 2968 4967 καθήκουσι
3004 4894 3306 4966 λογισμοῖς,
3350 4894 3499 4955 ὅπως
3530 4891 3599 4946 ἂν
3628 4892 3763 4962 ἡμῖν
3789 4881 3840 4939 εὖ

596 4979 742 5036 enim
778 4980 940 5035 nobis
963 4995 1075 5049 prae
1089 4993 1147 5034 se
1170 4978 1316 5034 ferre
1330 4979 1553 5036 videtur
1575 4980 1666 5036 illa
1688 4981 2001 5051 principum
2022 4981 2175 5037 obla-

2300 4982 2415 5055 Ξχοι,
2449 4984 2628 5056 βούλει
2664 4985 2912 5058 λέγωμεν
2942 4986 3084 5041 κατὰ
3115 4987 3177 5040 τὸ
3205 4985 3518 5058 ἐγχωροῦνς

598 5070 709 5136 ιίο;
751 5088 913 5142 quam
962 5072 1208 5142 plaeetne
1247 5087 1344 5142 per
1395 5082 1601 5143 partes,
1645 5084 1710 5130 ut
1751 5075 1912 5130 nobis
1962 5076 2169 5146 optime
2205 5075 2412 5135 habere
2465 5076 2765 5145 videbitur,
2828 5080 3261 5151 congruentibus
3306 5077 3616 5134 rationibus
3640 5069 3840 5130 exami-

597 5176 812 5227 nemus,
847 5172 1033 5233 atque,
1067 5164 1248 5234 quoad
1279 5164 1397 5220 ﬁeri
1433 5165 1658 5235 poterit,
1696 5167 2070 5237 explicemus?

661 5252 857 5307 PALL.
879 5253 1010 5308 Mihi
1043 5270 1173 5310 sane
1198 5257 1398 5326 placet.

2347 5259 2555 5313 ΠΛΛΛ.
2587 5258 2695 5313 Καὶ
2729 5259 2895 5330 μάλα.
3373 5292 3376 5299 λ

658 5342 815 5433 CYR.
842 5342 1053 5399 Allatus
1078 5345 1245 5416 igitur
1279 5354 1364 5402 est
1388 5363 1419 5402 a
1445 5346 1678 5422 singulis
1733 5347 1979 5415 vitulus';
2004 5347 2163 5403 vehi-

2345 5352 2509 5406 ΚΥΡ.
2541 5354 3013 5427 Προσκεκόμισται
3042 5358 3141 5429 μὲν
3162 5354 3258 5413 οὖν
3297 5358 3449 5432 παρά
3478 5361 3713 5417 ἑκάστου
3745 5360 3837 5433 μό⁴

592 5426 826 5504 curaque
864 5448 959 5489 sex
1005 5451 1258 5503 numero,
1309 5437 1482 5492 sacris
1525 5438 1786 5507 operibus
1820 5438 2161 5494 tabernaculi

2300 5460 2429 5515 χοςσ
2462 5426 2851 5517 ὲκνενέμηνται
2893 5449 2950 5502 δὲ
3009 5426 3124 5515 τοῖς
3142 5452 3313 5523 ἱεροῖς
3345 5426 3528 5522 ἔργοις
3554 5453 3658 5523 τῆς
3685 5426 3838 5521 ἁγίας

590 5525 854 5582 attributa
887 5535 1035 5584 sunt.
1071 5528 1279 5584 Deinde
1306 5544 1336 5583 a
1373 5528 1606 5598 singulis
1636 5529 1852 5585 catinus
1880 5546 2023 5587 unus
2064 5547 2157 5586 ar-

2306 5535 2493 5606 κηνῆς,
2518 5535 2579 5602 ἒξ
2609 5532 2766 5593 οὖσαι
2793 5539 2886 5595 τὸν
2916 5540 3152 5613 ἀριθμὸν
3187 5543 3247 5595 al
3281 5541 3510 5616 ἄμαξαι.
3548 5539 3682 5599 Εἶτα
3714 5541 3837 5614 παρ’

673 5687 718 5717 ⁸³
736 5703 900 5759 Num.
936 5723 1030 5774 ru,
1065 5707 1251 5762 10-17.
1332 5708 1374 5741 “
1401 5700 1567 5765 Rom;
1590 5726 1665 5777 γι,
1700 5709 1751 5768 5.
