3996 6212
273 331 392 383 τος)

1027 331 1112 387 OE
1149 331 1592 389 ADORATIONE
1626 332 1691 388 1N
1734 331 2003 391 SPIRITU
2044 335 2133 391 ΕΤ
2168 334 2535 393 VERITATE.
2580 334 2706 389 LIB.
2750 333 2815 388 Χ.

3438 335 3540 389 710
3584 376 3587 381 .

280 443 517 497 ἑκάστου
544 440 799 513 τρυϐλίον
854 443 914 495 ἓν
960 444 1257 516 ἀργυροῦν,
1285 446 1381 500 καὶ
1413 446 1579 516 φιάλη
1623 445 1740 517 μία,
1773 446 1860 499 ml

1970 457 2220 519 gemens,
2255 458 2310 504 et
2337 449 2520 519 phiala
2542 463 2670 513 una,
2700 456 2755 503 et
2820 455 3074 516 utraque,
3125 446 3324 517 inquit,
3380 446 3540 517 plena

279 535 590 604 ἀμφότερα,
622 533 778 603 φησὶ,
814 533 997 605 πλήρη
1024 536 1354 606 σεμιδάλεως
1389 537 1866 607 άναπεποιημένης

282 629 342 679 ὲν
389 626 593 696 ἐλαίῳ,
645 625 843 695 θυῖσκη
882 626 983 697 μία
1029 626 1373 697 θυμιάματος
1411 626 1683 698 ἔμπλεως,
1713 627 1867 697 κριὸς

280 706 385 778 εἷς,
429 712 603 782 ἀμνὸς
646 707 727 777 εἷς
761 713 1031 777 ἐνιαύσιος
1077 716 1159 778 είς
1206 715 1586 787 ὁλοκαύτωμα,
1632 716 1867 787 χίμαρος

280 804 342 871 ἐξ
371 805 546 874 αἰγῶν
568 805 702 876 περὶ
730 805 1007 877 ἁμαρτίας
1032 822 1046 835 ⁸
1078 806 1173 860 καὶ
1204 808 1367 861 ταυτὶ
1403 809 1504 879 μὲν
1536 808 1607 863 τά
1635 809 1867 864 ὁλοκαυ-

268 894 531 965 τώματα.
571 894 979 967 Προσεκόμιζον
1010 895 1212 949 δὲκαὶ
1244 897 1326 960 εἰς
1352 896 1541 952 θυσίαν
1570 898 1862 970 σωτηρίου,

275 986 435 1056 φησὶ,
466 985 731 1057 δαμάλεις
763 985 878 1053 δύο,
911 986 1105 1059 κριοὺς
1160 986 1346 1053 πέντε,
1399 990 1639 1060 τράγους
1676 989 1860 1053 πέντε,

273 1079 524 1151 ἀμνάδας
552 1080 861 1145 ἐνιαυσίους
888 1081 1076 1138 πέντε.

348 1170 559 1224 ΠΔΛΛ.
594 1171 773 1241 Φράζε
806 1170 871 1242 δὴ
900 1167 994 1226 οὖν
1021 1175 1114 1229 καὶ
1141 1174 1248 1247 πρό
1284 1191 1348 1245 γε
1374 1173 1483 1228 τῶν
1513 1173 1706 1237 ἄλλων,
1728 1174 1781 1226 τί
1801 1173 1863 1227 τὸ
1960 1177 1966 1186 ’

276 1262 509 1333 μεταξὺ,
543 1265 641 1318 καὶ
663 1264 824 1318 ποίαν
847 1266 911 1319 ἄν
940 1282 1027 1329 τις
1050 1266 1196 1321 εἴποι
1227 1267 1327 1339 τὴν
1350 1266 1615 1337 διαφοράν
1642 1266 1740 1337 τῆς
1766 1265 1860 1319 τοῦ

272 1352 546 1423 σωτηρίου
587 1352 802 1416 θυσίας,
842 1354 938 1408 καὶ
959 1354 1434 1426 ὀλοκαυτώματος.

346 1444 511 1498 ΚΥΡ.
543 1445 740 1499 Ἄκουε
770 1445 855 1517 δή.
888 1444 970 1499 Τά
1006 1446 1107 1518 μὲν
1136 1446 1246 1520 γὰρ
1282 1444 1717 1518 ὁλοκαυτώματα
1752 1445 1860 1500 τῶν

270 1533 434 1599 ζώων
466 1534 564 1589 ὅλα
614 1535 683 1589 δι’
712 1536 870 1599 ὅλων,
906 1536 1037 1609 ἱερῷ
1076 1536 1171 1591 καὶ
1210 1537 1464 1609 ἀσϐέστῳ
1498 1536 1862 1607 κατεφλέγετο

271 1627 432 1699 πυρὶ,
462 1627 676 1692 οὐδενὸς
730 1627 792 1681 τδ
841 1628 1063 1699 σύμπαν
1113 1627 1493 1701 ὲξῃρημένου,
1541 1628 1660 1684 ἀλλ’
1692 1629 1859 1683 οἱονεί

273 1734 395 1780 πως
433 1717 635 1781 παντὸς
686 1718 877 1789 μορίου
928 1718 1023 1772 καὶ
1076 1718 1273 1789 μέλους
1302 1721 1382 1784 εἰς
1417 1719 1594 1792 ὀσμὴν
1634 1721 1861 1785 εὐωδίας

1967 539 2147 595 simila
2171 556 2465 611 conspersa
2509 541 2662 607 oleo;
2693 539 3076 595 mortariolnm
3110 555 3279 593 unum
3327 539 3540 595 incensi

1965 630 2215 699 plenum,
2240 630 2384 686 aries
2404 646 2570 696 unus,
2623 646 2814 701 agnus.
2843 646 2989 685 unus
3018 630 3308 684 anniculus
3335 631 3390 684 in
3426 630 3529 684 ho-

1965 721 2294 788 locaustum,
2319 714 2509 778 haedus
2531 738 2562 777 e
2592 722 2776 793 capris
2804 738 2950 777 unus
2972 738 3073 792 pro
3090 729 3343 793 peccato;
3375 730 3539 791 atque

1964 812 2081 868 haec
2096 813 2320 883 quidem
2345 813 2663 868 holocausta
2688 813 2862 868 fuere.
2900 812 3233 869 Obtulerunt
3269 823 3540 885 praeterea

1964 904 2022 959 in
2051 905 2289 960 hostiam
2319 905 2578 960 salutaris
2620 904 2824 959 vitulas
2853 905 3012 969 duas,
3041 906 3241 961 arietes
3268 907 3536 977 quinque,

1962 995 2151 1051 hircos
2174 996 2438 1067 quinque,
2467 1011 2636 1068 agnos
2658 996 2947 1050 anniculos
2969 996 3234 1067 quinque.

2031 1174 2228 1230 PALL.
2261 1174 2485 1245 Expone
2504 1174 2670 1246 igitur
2695 1173 2832 1228 illud
2872 1172 3154 1242 inprimis,
3191 1173 3325 1243 quid
3360 1175 3533 1230 inter—

1959 1266 2031 1320 sit
2055 1266 2256 1336 quidve
2296 1266 2522 1320 dill'erre
2549 1264 2845 1320 dicendum
2887 1262 2960 1317 sit
2993 1262 3139 1318 inter
3182 1263 3415 1319 hostiam
3442 1280 3533 1321 sa-

1959 1354 2156 1408 lutaris
2186 1362 2242 1408 et
2267 1354 2668 1409 holocaustum.

2028 1443 2187 1499 CYR.
2212 1443 2412 1514 Accipe
2443 1444 2629 1515 igitur.
2651 1444 2788 1499 Nam
2811 1444 2902 1499 illa
2925 1460 2991 1499 ex
3019 1446 3393 1501 animantibus
3432 1446 3535 1503 ho-

1957 1534 2204 1591 locausta
2236 1544 2352 1590 tota
2389 1551 2457 1591 ex
2481 1536 2630 1590 omni
2662 1544 2818 1606 parte
2869 1536 2978 1607 igni
3018 1552 3176 1591 sacro
3198 1545 3365 1607 atque
3403 1553 3534 1608 per-

1957 1635 2125 1696 petuo
2157 1626 2566 1692 cremabantur,
2616 1628 2769 1684 nulla
2812 1636 2969 1698 parte
3001 1628 3227 1683 omnino
3278 1634 3530 1700 excepta,

1958 1719 2055 1773 sed
2082 1718 2370 1788 particulis
2421 1718 2535 1774 fere
2600 1719 2858 1775 omnibus
2882 1735 2948 1774 ac
2988 1720 3253 1775 membris
3281 1721 3537 1777 omnibus

270 1806 659 1871 ἀναϐαίνοντος
681 1806 760 1878 τῷ
797 1805 924 1877 θεῷ,
956 1808 1025 1862 τὰ
1052 1807 1110 1861 δέ
1145 1824 1210 1877 γε
1239 1808 1381 1880 ὑπὲρ
1410 1812 1512 1883 τῆς
1544 1808 1642 1863 τοῦ
1682 1827 1858 1882 σωτη-

1966 1809 2017 1863 in
2046 1809 2273 1864 odorem
2298 1810 2592 1864 suavitatis
2618 1810 2685 1863 ad
2711 1809 2884 1864 Deum
2921 1810 3382 1877 ascendentibus;
3412 1827 3535 1881 qua:

270 1900 396 1969 ρίου
430 1897 622 1962 θυσίας
664 1897 998 1969 σφαζόμενα,
1028 1898 1261 1970 μερικὴν
1293 1900 1505 1971 ἐδέχετο
1543 1901 1643 1975 τὴν
1672 1901 1862 1955 καθιέ-

271 2007 467 2061 ρωσιν,
509 1990 586 2054 ώς
622 1990 682 2043 ὲν
724 1988 861 2061 ὤμῳ
891 1988 1314 2063 δεξιῷηκεφαλῇ
1348 2008 1411 2044 τε
1445 1990 1542 2046 καὶ
1587 1992 1736 2059 ποσὶ,
1770 2009 1858 2046 νε-

267 2085 435 2152 φροῖς
458 2083 550 2136 καὶ¹
566 2082 760 2153 ἥπατι,
787 2081 880 2136 καὶ
909 2080 1117 2152 ἑτέροις
1142 2082 1254 2135 τισὶ⁵
1287 2085 1398 2147 τοῖς
1422 2083 1502 2147 είς
1520 2082 1582 2136 τὸ
1607 2084 1738 2137 εἴσω
1765 2083 1859 2137 καὶ⁵

268 2172 588 2236 ἐνδοσθίοις.
619 2171 827 2243 Πρέπει
862 2172 926 2245 δὴ
947 2169 1041 2227 οὖν
1069 2173 1131 2227 τὸ
1154 2172 1583 2245 ὁλοκαυτοῦσθαι
1607 2172 1850 2245 Χριστᾷν

272 2264 379 2318 καὶ
410 2264 520 2335 γάρ
545 2242 694 2317 ἐστιν
725 2242 943 2336 άληθῶς
983 2265 1104 2329 ὅλος
1136 2242 1312 2333 ἅγιος,
1342 2264 1552 2336 εὐώδης
1580 2242 1725 2328 ἄπας
1761 2242 1856 2318 καὶ

279 2356 451 2428 ἱερός.
500 2358 662 2427 Ἡμῖν
698 2355 755 2409 δὲ
795 2357 1028 2422 οἰκεῖον,
1062 2357 1125 2411 τὸ
1161 2358 1263 2411 οὐκ
1296 2356 1529 2409 είσάπαν
1551 2354 1726 2424 άγιον,
1762 2355 1857 2408 καὶ⁹

269 2452 377 2523 οὐχ
406 2450 719 2523 ὁλοκλήρως
752 2450 920 2523 ἱερὸν,
944 2445 1026 2515 οἷς
1054 2449 1230 2504 ἔνεστί
1253 2467 1306 2504 τι
1329 2450 1425 2504 καὶ
1462 2448 1742 2520 μολυσμοῦ
1770 2449 1859 2503 διά

265 2544 373 2615 τὴν
405 2546 466 2599 ὲν
489 2546 625 2616 ἡμῖν
653 2544 952 2616 ἁμαρτίαν.
1008 2561 1026 2594 ι
1080 2540 1339 2614 Καθαρὸς
1376 2540 1483 2612 γὰρ
1539 2539 1716 2602 οὐδεὶς
1750 2538 1859 2594 ἀπὸ

274 2634 507 2706 ptimo”
528 2634 624 2688 atat
655 2652 672 2685 ι
702 2631 1134 2705 Παραπτώματα
1167 2631 1252 2697 τίς
1275 2632 1535 2701 συνήσει;
1577 2647 1594 2681 ι
1629 2629 1769 2684 κατὰ
1801 2630 1862 2683 τὸ

264 2725 785 2798 γεγραμμένον.Διά
801 2722 960 2778 τοῦτο
972 2722 1069 2794 τὴν
1088 2721 1231 2795 ὑπὲρ
1241 2720 1333 2776 τοῦ
1352 2720 1620 2792 σωτηρίου
1645 2720 1856 2786 θυσίαν,

265 2817 374 2887 οὐχ
400 2816 695 2871 δλόκαυτον
725 2818 754 2870 6
792 2814 975 2886 νόμος,
1003 2813 1245 2887 μερικῶς
1262 2812 1320 2867 δὲ
1349 2811 1548 2883 μᾶλλον
1579 2809 1856 2883 καθιεροῦσι

269 2907 401 2962 σθαι
427 2908 540 2962 δεῖν
578 2903 637 2963 εὖ
671 2908 816 2981 μάλα
845 2907 1232 2980 προστέταχεν.
1264 2900 1393 2977 Ἆρ’
1414 2898 1533 2965 οὖν,
1564 2895 1610 2955 ὧ
1643 2899 1853 2955 Παλλάο

262 3000 375 3063 διε,
404 3002 583 3072 σαφής
615 3018 699 3054 σοι
728 3000 824 3054 καὶ
856 2998 1113 3071 ἀποχρῶν
1139 3000 1219 3062 είς
1249 2994 1515 3069 εὐμαθίαν
1537 2996 1566 3048 6
1589 2993 1746 3063 λόγος
1768 3009 1784 3059 ;

1956 1916 2091 1955 vero
2114 1916 2216 1971 pro
2242 1901 2423 1956 hostia
2459 1902 2687 1957 salutari
2722 1902 3100 1969 caedebantur,
3141 1918 3206 1957 ea
3241 1916 3533 1957 consecra-

1955 1992 2160 2047 bantur
2199 2008 2268 2047 ex
2293 2001 2471 2063 parte,
2502 1993 2666 2066 364
2710 2003 2773 2049 ut
2819 1994 3013 2049 dexter
3039 1994 3332 2059 humerus,
3373 2004 3534 2065 caput

1956 2080 2135 2136 etiam
2168 2096 2234 2135 ac
2256 2082 2447 2151 pedes,
2479 2098 2644 2137 renes
2667 2098 2731 2137 ac
2749 2084 2928 2154 jecur,
2965 2082 3243 2137 nonnullae
3275 2093 3535 2152 praeterea

1954 2173 2253 2228 reconditae
2272 2181 2460 2244 partes
2508 2181 2563 2227 et
2602 2174 2897 2229 intestinae.
2947 2173 3170 2228 Christo
3201 2173 3369 2243 igitur
3399 2188 3537 2227 con.

1951 2266 2106 2321 venit
2128 2266 2183 2320 in
2202 2266 2587 2320 holocaustum
2618 2264 2841 2320 oll‘erri:
2869 2273 2953 2319 est
2976 2264 3126 2319 enim
3156 2279 3345 2319 revera
3393 2273 3539 2319 totus

1951 2367 2196 2422 sanctus,
2241 2366 2388 2412 totus
2424 2356 2594 2413 odore
2651 2355 2936 2411 suavitatis
2974 2355 3173 2425 plenus
3233 2370 3299 2409 ac
3357 2369 3533 2409 sacer.

1951 2448 2128 2504 Nobis
2149 2455 2331 2503 autem
2355 2448 2447 2503 illa
2470 2448 2695 2503 victima
2718 2446 2939 2517 preprie
2974 2444 3258 2509 convenit,
3275 2459 3397 2514 qua:
3424 2459 3537 2499 non

1954 2550 2041 2597 est
2090 2558 2157 2598 ex
2212 2542 2360 2597 omni
2404 2550 2559 2612 parte
2609 2547 2817 2604 sancta,
2852 2553 3031 2607 neque
3075 2537 3305 2592 omnino
3356 2551 3534 2602 saera,

1957 2633 2163 2703 quibus
2193 2632 2448 2688 nonnihil
2495 2631 2726 2687 macula:
2766 2631 2910 2685 inest
2952 2636 3180 2699 propter
3224 2634 3533 2698 peccatum,

1958 2723 2107 2793 quod
2148 2733 2234 2779 est
2282 2724 2336 2778 in
2365 2723 2527 2778 nobis
2562 2739 2575 2776 :
2620 2741 2638 2773 ι
2666 2722 2836 2777 Nemo
2876 2720 3024 2775 enim
3075 2719 3316 2774 mundus
3358 2734 3389 2773 a
3422 2733 3539 2773 sor.

1957 2815 2026 2870 de
2051 2815 2127 2882 “;
2156 2836 2174 2867 ι
2196 2823 2252 2871 et
2285 2834 2297 2869 ε
2331 2835 2348 2866 ι
2371 2815 2577 2875 Delicta
2601 2815 2727 2885 quis
2751 2812 3018 2884 intelliget
3039 2812 3121 2866 “Y
3141 2830 3161 2864 ›
3190 2820 3253 2867 ut
3272 2811 3537 2881 scriptum

1956 2915 2060 2963 est.
2097 2907 2179 2963 0b
2203 2922 2323 2962 eam
2355 2906 2541 2976 itaque
2569 2904 3064 2970 causam,hostiam
3090 2918 3212 2975 quae
3240 2917 3344 2974 pro
3361 2901 3538 2957 salute

1961 2998 2319 3064 oll'erebatur,
2344 3012 2451 3051 non
2477 2996 2787 3051 universam
2815 2994 3060 3060 incendi,
3106 2994 3204 3051 sed
3229 2994 3421 3065 potius
3468 3007 3537 3047 ex

262 3104 432 3166 parte
458 3092 769 3149 consecrari
783 3091 1006 3159 debere,
1034 3091 1124 3147 lex
1155 3088 1460 3147 rectissime
1475 3084 1659 3159 jussit.
1690 3082 1831 3139 Num
1869 3084 2058 3157 igitur,
2088 3088 2314 3154 Palladi,
2374 3084 2664 3158 perspicua
2720 3085 2820 3141 tibi
2860 3092 2946 3141 est
2998 3100 3123 3141 mea
3160 3086 3358 3153 oratio,
3384 3093 3441 3142 et
3466 3083 3537 3141 ad

266 3189 332 3243 in
342 3185 696 3258 telligendum
730 3184 864 3241 satis
885 3183 1049 3256 apta?

349 3281 557 3334 HAAA.
588 3278 698 3334 Καὶ
729 3277 896 3350 μάλα.

348 3373 502 3427 ΣΥΡ.
528 3372 666 3441 Φέρε
691 3370 755 3444 δὴ
777 3368 895 3435 οὖν,
921 3368 1009 3423 ἐπ’
1035 3368 1212 3422 ἐκεῖνο
1240 3365 1409 3436 ἴωμεν
1437 3365 1519 3429 εἷς
1541 3382 1602 3433 γε
1623 3364 1705 3428 τὸ,
1732 3363 1858 3417 ἑκά-

266 3483 390 3537 στῳ
417 3464 563 3538 φημὶ
590 3462 701 3518 τῶν
738 3459 1278 3536 προσενηνεγμένων,
1321 3456 1489 3526 φάναι
1522 3461 1596 3519 τί,
1629 3455 1723 3509 καὶ
1754 3452 1861 3526 μὴν

266 3559 373 3613 καὶ
403 3556 636 3611 συνιέναι
662 3555 772 3609 τῶν
805 3552 1122 3621 ἀναγκαίων
1143 3550 1223 3614 είς
1254 3549 1461 3620 ὄνησιν.

348 3650 557 3704 ΠΑΑΑ.
598 3647 704 3702 ἰθι
743 3646 808 3718 δὴ
836 3642 952 3701 οὖν.

349 3742 515 3797 ΚΥΡ.
547 3741 705 3795 Ἔστι
738 3740 921 3794 τοίνυν
949 3738 1018 3793 τά
1065 3736 1201 3808 παρ’
1249 3734 1481 3790 ἑκάστου
1514 3731 1624 3786 τῶν
1652 3730 1859 3804 φυλάρ-

267 3850 411 3907 χων,
439 3830 690 3904 τρυϐλίον
736 3827 1011 3902 ἀργυροῦν
1060 3826 1119 3880 ἓν
1152 3826 1247 3880 καὶ
1277 3823 1443 3894 φιάλη
1473 3822 1592 3894 μία,
1626 3821 1720 3875 καὶ
1754 3821 1861 3891 άμ-

270 3926 483 3994 ιρότερα
528 3922 713 3995 πλήρη
760 3918 1098 3990 σεμιδάλεως
1139 3913 1623 3985 ἁναπεποιημένης
1669 3910 1856 3982 ἐλαίῳ.

144 4044 157 4053 ’
269 4016 357 4070 Τδ
390 4015 487 4086 μὲν
513 4009 609 4068 οὖν
633 4011 883 4083 τρυσλίον
908 4010 1027 4062 ἐστὶ
1064 4009 1178 4071 τοῖς
1208 4005 1494 4075 ὲδωδίμοις
1528 3999 1857 4073 ὑπηρετοῦν,

270 4106 377 4161 καὶ
408 4106 487 4169 εἰς
511 4102 815 4174 ὀψοφαγίαν
863 4100 1157 4171 χρήσιμον,
1198 4095 1335 4151 καθὸ
1372 4094 1467 4149 καὶ
1524 4090 1688 4155 αὐτὸς
1746 4090 1857 4144 ἐδί-

269 4196 436 4261 δαξεν
469 4196 499 4247 6
537 4194 728 4265 Σωτὴρ
760 4187 1232 4262 φιλοπνευστοῦντι
1293 4184 1513 4257 Ἰωάννῃ
1544 4183 1623 4254 τῷ
1651 4182 1860 4252 γνησίῳ

277 4289 502 4362 μαθητῇ
570 4289 654 4349 τίς
715 4286 746 4339 6
790 4280 1128 4355 παραδώσων
1170 4279 1353 4342 αὐτὸν,
1397 4298 1416 4330 ι
1473 4277 1531 4331 ’0
1583 4274 1860 4347 ἔμόάψας,

272 4387 439 4452 φησι.
464 4382 580 4453 μετ’
607 4377 743 4452 ἐμοῦ
773 4378 872 4449 τὴν
904 4378 1065 4447 χεῖρα
1096 4375 1155 4427 ὲν
1185 4370 1265 4443 τῷ
1288 4368 1548 4442 τρυϐλίῳ.
1593 4386 1613 4419 ι
1653 4366 1856 4436 Φιάλης

270 4476 339 4528 δὲ
374 4474 428 4527 τί
456 4474 524 4528 ἂν
544 4472 760 4542 λέγοιμι
789 4469 888 4541 τὴν
916 4466 1125 4540 χρείαν,
1169 4461 1591 4534 διακεκραγότος
1638 4457 1736 4512 ὡδὶ
1762 4456 1858 4510 τοῦ

273 4566 647 4636 πράγματος;
678 4562 791 4618 Καὶ
832 4562 1058 4632 σημεῖον
1108 4559 1272 4630 ἄρτου
1307 4552 1609 4625 σεμίδαλις,
1649 4551 1732 4604 ὅτι
1767 4549 1862 4602 καὶ

1884 3275 1927 3335 c
2036 3267 2233 3323 PALL.
2262 3266 2405 3321 Sane
2430 3280 2584 3320 vero.

2030 3358 2191 3414 CYR.
2221 3357 2331 3427 Age
2368 3356 2535 3427 igitur
2563 3367 2852 3425 pergamus
2880 3350 2949 3406 de
2979 3350 3069 3415 iis,
3103 3365 3226 3419 qua:
3251 3366 3281 3405 a
3307 3350 3538 3420 singulis

1959 3453 2144 3509 oblata
2170 3438 2318 3514 sunt:
2350 3447 2558 3519 aliquid
2583 3447 2769 3503 dicere
2811 3454 2978 3516 atque
3005 3444 3341 3515 intelligere,
3387 3442 3535 3512 quod

1959 3547 2305 3602 fructuosum
2327 3542 2401 3597 sit
2421 3541 2689 3596 futurum.

2032 3634 2233 3690 PALL.
2259 3634 2429 3704 Perge
2460 3630 2649 3702 igitur.

2034 3725 2192 3783 CYR.
2228 3725 2355 3781 Haec
2382 3734 2511 3779 sunt
2558 3734 2690 3791 ergo
2718 3734 2751 3774 a
2778 3717 3005 3790 singulis
3043 3716 3287 3772 tribuum
3327 3714 3537 3786 princi-

1958 3817 2124 3888 pibus
2147 3816 2350 3878 oblata,
2390 3811 2606 3868 catinus
2643 3818 2942 3881 argenteus
2979 3822 3144 3872 unus,
3167 3806 3350 3876 phiala
3405 3821 3534 3870 una,

1957 3918 2015 3964 et
2061 3916 2295 3976 utraque
2351 3904 2515 3974 plena
2569 3901 2766 3957 simila:
2805 3898 3070 3954 confecta:
3106 3898 3232 3953 oleo
3275 3897 3539 3951 :eatinus

1957 3999 2144 4067 itaque
2172 3995 2240 4049 ad
2294 3993 2578 4049 esculenta
2628 3988 2961 4044 continenda
3010 3994 3097 4041 est
3144 3994 3326 4054 aptus.
3377 3990 3436 4039 et
3464 3983 3535 4038 ad

1958 4091 2243 4161 pulmenta
2275 4098 2437 4140 usum
2475 4082 2676 4136 habet:
2711 4079 2860 4149 quod
2912 4078 3080 4132 etiam
3114 4076 3233 4145 ipse
3284 4074 3537 4130 Salvator

1959 4179 2170 4243 docuit,
2204 4176 2300 4247 qui
2331 4172 2530 4231 Joanni
2554 4171 2636 4225 illi
2666 4169 2814 4224 ﬁdeli
2841 4166 3110 4236 discipulo
3129 4164 3535 4236 roganti,quis—

1958 4287 2088 4328 nam
2119 4271 2305 4340 ipsum
2342 4263 2648 4321 traditurus
2673 4269 2853 4317 esset:
2895 4278 2912 4310 ι
2938 4257 3044 4325 Qui
3103 4255 3411 4319 intinxerit,
3446 4255 3534 4310 in~

1959 4362 2116 4433 quit,
2167 4371 2383 4414 mecum
2410 4367 2634 4409 manum
2688 4351 2744 4405 in
2796 4349 2980 4404 catino
3028 4348 3092 4401 ⁸⁷.
3130 4367 3149 4399 ι
3195 4348 3272 4402 De
3320 4347 3525 4417 phiala:

1960 4463 2144 4510 autem
2170 4466 2274 4506 usu
2302 4447 2435 4519 quid
2451 4445 2650 4500 attinet
2673 4442 2881 4505 dicere,
2920 4455 3086 4510 quem
3126 4439 3240 4508 ipsa
3291 4454 3381 4493 res
3400 4453 3536 4493 voce

1962 4557 2104 4613 pene
2149 4538 2343 4595 testari
2399 4531 2656 4590 videtur?
2708 4529 2901 4586 Simila
2939 4543 3108 4598 porro
3158 4527 3316 4598 panis
3346 4538 3429 4581 est
3457 4527 3536 4580 si-

274 4616 567 4726 ᾐσίιξτῆξ
817 4616 982 4723 ἄρτος
1013 4649 1070 4702 δὲ
1096 4616 1263 4717 ζωῆς.
1305 4648 1334 4699 6
1363 4616 1617 4716 ἀριστος.
1648 4638 1858 4694 Οὐκοῦν

1966 4647 2156 4705 gnum,
2187 4646 2257 4685 ex
2295 4629 2388 4683 illa
2443 4638 2683 4694 namque
2714 4621 2775 4676 ﬁt
2804 4621 3001 4691 panis:
3034 4628 3120 4674 est
3168 4625 3350 4673 autem
3380 4616 3538 4687 panis

390 4707 556 4817 ήτέῖέ
584 4707 823 4817 τρυϐλίῳ
849 4707 1040 4796 καὶ-ὲν
1183 4707 1369 4810 φιάλῃ,
1402 4707 1500 4789 καὶ
1528 4734 1603 4796 ὡς
1628 4733 1687 4784 ὲν
1707 4730 1859 4801 ἄρτῳ

1966 4724 2092 4778 vitae
2118 4720 2391 4777 Christus.
2428 4716 2600 4787 Igitur
2661 4720 2923 4782 tanquam
2990 4709 3045 4764 in
3107 4709 3310 4771 catino,
3374 4715 3433 4764 et
3481 4707 3536 4762 in

272 4806 361 4909 τώ
392 4842 450 4893 ἐν
504 4806 739 4909 άμφοῖν,
793 4806 973 4906 πλήρη
1022 4806 1145 4902 γάῥ
1183 4806 1253 4901 ἦν
1302 4806 1653 4897 σεμιδάλεως,
1680 4822 1756 4885 ώς
1801 4821 1860 4873 ἐν

1966 4813 2163 4884 phiala,
2192 4819 2249 4866 et
2307 4817 2569 4876 tanquam
2603 4806 2660 4858 in
2714 4816 2878 4872 pane,
2909 4806 3006 4870 qui
3038 4806 3093 4854 in
3130 4806 3366 4867 utroque
3405 4810 3536 4851 vase

275 4890 483 5003 θρώσει
509 4890 612 4984 ⁷τει
762 4890 940 4987 πόσέί,
962 4890 973 4905 1
989 4890 1113 4995 ζωὴ.
1258 4890 1520 4984 ζωοποιὸς
1555 4913 1584 4965 6
1620 4910 1859 5003 Χριστος

1966 4914 2098 4969 erat,
2129 4904 2256 4959 cum
2283 4908 2578 4967 utrumque
2610 4894 2833 4965 plenum
2862 4899 3009 4948 esset
3037 4890 3251 4952 similae,
3273 4890 3536 4943 nimirum

2246 4990 2256 5001 -
2390 4986 2471 5003 σιξ
2540 4998 2597 5003 --
2637 4989 2769 5003 --ιη
2811 4979 3061 5003 βι..ε,...-..
3144 4979 3232 5003 ---ξ
3272 4978 3381 5003 ..ιιι⁵
3433 4986 3511 5003 -..ι

276 4979 938 5094 ἉμαίνεταιίιηἊμὴν,
976 4979 1105 5086 γὰρ;
1166 4979 1323 5082 φησὶ,
1374 5007 1520 5076 λέγω
1566 4979 1730 5074 ὑμῖν,
1766 4998 1860 5094 ἐὰν

1966 5002 2220 5063 tanquam
2244 4990 2301 5047 in
2354 4986 2481 5043 cibo
2536 4998 2601 5038 ac
2637 4989 2772 5052 potu
2810 4979 3084 5045 Christus,
3140 4979 3235 5049 qui
3272 4979 3384 5033 vita
3429 4986 3535 5042 est,

2008 5092 2014 5094 Α
2190 5080 2201 5092 ο
2245 5078 2451 5094 -ηηικμ
2500 5071 2835 5094 -2__:n-_..-..
2887 5070 3069 5094 1----2.
3104 5070 3279 5094 .._:....
3325 5086 3340 5094 .
3372 5068 3534 5094 ιω-..

646 5068 953 5182 την-σάρκα
1093 5068 1243 5157 ’τώδ’
1260 5068 1357 5155 τοῦ
1407 5068 1751 5187 ἀνθρώπουζ
1766 5090 1860 5144 καὶ

1968 5092 2131 5152 atque
2153 5078 2475 5141 viviﬁcator,
2497 5071 2854 5145 significatur.
2887 5070 3077 5140 inquit
3100 5070 3281 5125 enim:
3321 5086 3340 5120 ι
3361 5068 3537 5124 Amen

1984 5177 2020 5187 ι.
2184 5174 2200 5187 ς
2226 5174 2237 5186 ι
2354 5172 2366 5185 ο
2404 5171 2416 5183 σ
2462 5164 2916 5187 ,,___j_---..-_:.:-
2953 5180 3165 5187 -.ι-.-.μ
3198 5162 3319 5187 1212122
3355 5161 3502 5187 LA“:

276 5162 739 5276 ῖτίῗη-ἔεῂαίίτοῦ
766 5162 926 5273 αἷμα,
970 5198 1070 5251 οὐκ
1110 5195 1262 5265 ἔχετε
1295 5191 1440 5262 ζωὴν
1468 5162 1526 5242 ὲν
1566 5184 1801 5276 ἑαυτοῖς..

1967 5177 2092 5233 dico
2114 5174 2290 5239 vobis,
2312 5171 2419 5227 nisi
2456 5164 2919 5224 manducaveritis
2947 5180 3169 5223 carnem
3198 5162 3322 5220 Filii
3355 5162 3537 5218 homi-

2003 5268 2016 5276 .
2168 5264 2244 5276 ..ι
2331 5263 2389 5276 o_-
2488 5263 2501 5276 .
2783 5259 2923 5276 omnm-
3000 5271 3105 5276 μ-..
3144 5253 3418 5276 L-L-L:‘!-
3450 5251 3501 5276 -.Ξ

291 5254 1014 5360 ⁷τὴννσειίίδαλιν
1051 5254 1474 5339 καταδεδεῦσθαί
1518 5289 1707 5346 φησιν,
1731 5268 1860 5360 αὐτο

1966 5268 2050 5324 nis
2070 5276 2128 5321 et
2168 5263 2425 5322 biberitis
2451 5263 2573 5333 ejus
2609 5259 2953 5331 sanguinem,
3000 5271 3114 5313 non
3144 5254 3422 5311 habebitis
3450 5254 3536 5304 vi-

887 5370 1363 5448 ἁναμελῳδοῦντος
1409 5344 1591 5420 οἱονεί
1619 5379 1722 5418 που
1768 5358 1860 5414 τοῦ

1966 5366 2075 5415 tam
2098 5357 2155 5411 in
2208 5354 2367 5410 vobis
2395 5352 2460 5406 “.
2494 5371 2514 5405 ι
2547 5349 2682 5407 Oleo
2725 5357 2909 5405 autem
2954 5346 3191 5402 similam
3220 5344 3537 5451 fuisse‘m‘a.

585 5426 1308 5543 δικαιοσύνην,
1337 5426 1430 5514 καὶ
1453 5456 1725 5528 ἐμίσησας
1751 5451 1860 5504 άδι·

1966 5448 2254 5512 delectam,
2286 5444 2496 5516 inquit:
2532 5442 2591 5497 in
2635 5454 2746 5512 quo
2795 5448 2964 5543 typus.
3321 5426 3537 5543 illude‘

282 5525 549 5632 {enisa
579 5525 739 5618 τοῦτο
777 5525 961 5633 έχρίσέ
994 5574 1056 5611 σε
1085 5558 1116 5611 6
1136 5525 1291 5619 Θεὸς,
1319 5553 1350 5607 6
1376 5525 1508 5614 Θεός
1550 5525 1644 5602 σου
1685 5543 1860 5599 ἔλαιον

1966 5536 2192 5597 Psalmis
2218 5535 2506 5605 concipere
2555 5530 2810 5586 videtur:
2842 5547 2859 5580 ι
2884 5525 3131 5582 Dilexisti
3159 5525 3450 5600 justitiam,
3480 5525 3538 5578 et

683 5648 707 5689 ε

364 5742 414 5778 δ’
442 5741 547 5801 Job
573 5759 683 5812 xw,
712 5745 762 5798 4.
842 5741 886 5774 ⁸⁵⁸
915 5740 1056 5796 Psal.
1096 5751 1248 5801 svnt,
1288 5733 1372 5788 l5.
1452 5732 1494 5763 ‘7
1529 5728 1719 5787 Matth.
1751 5740 1894 5790 τινι,
1928 5721 2029 5785 23;
2061 5717 2216 5772 Joan.
2259 5731 2378 5781 xrn,
2402 5714 2492 5775 26.
2570 5710 2613 5744 “
2648 5710 2806 5769 Joan.
2836 5725 2910 5775 vi,
2938 5708 3007 5765 54
