3996 6212
528 329 622 385 711

1538 319 1594 376 S.
1636 320 1916 378 CYRILLI
1952 316 2425 378 ALEXANDle
2463 314 2780 374 ARCHIEP.

3675 315 3794 369 ἨΞ

528 438 695 494 odisti
725 434 1104 506 iniquitatem;
1139 440 1429 501 propterea
1478 430 1637 486 unxit
1670 441 1722 487 te
1751 432 1919 497 Deus,
1959 433 2104 488 Deus

2206 429 2586 500 ἀγαλλιάσεως
2643 424 2798 498 παρά
2851 424 2977 485 τοὺς
3025 423 3281 494 μετόχους
3336 436 3453 479 σου.
3510 445 3529 477 ι
3569 428 3791 500 Θυῖα-κη

531 539 682 593 tuus,
709 527 830 581 oleo
865 523 1067 579 laetitize
1089 537 1201 593 pra:
1229 522 1578 577 consortibus
1622 522 1733 579 tuis
1770 524 1835 577 η.
1862 543 1879 576 ι
1910 523 2108 580 Morta-

528 618 727 671 riolum
761 627 892 668 vero
918 611 1089 683 ﬁgura
1111 620 1196 665 est
1228 627 1292 666 ac
1313 612 1529 681 species
1560 613 1830 669 thuribuli
1854 614 1924 670 ad
1961 629 2109 669 mor-

529 707 650 763 tarii
676 704 1097 761 similitudinem
1123 702 1275 768 facti,
1310 703 1489 773 ipsum
1522 706 1744 775 quoque
1792 704 1956 760 thure
1985 705 2106 774 ple-

526 814 693 853 num:
721 798 900 852 bonus
930 796 1079 851 enim
1105 795 1243 850 odor
1264 810 1328 850 ac
1351 794 1695 851 thuribulum
1720 804 1806 852 est
1828 795 2103 861 Christus,

527 904 638 944 non
688 888 1031 944 extrinsecus
1074 885 1301 941 odorem
1366 886 1597 951 habens,
1635 894 1699 941 ut
1741 886 1906 942 nobis
1955 895 2107 941 certe

527 980 817 1052 contingit,
835 980 928 1051 qui
978 978 1405 1050 participatione
1451 977 1677 1034 virtutis
1705 987 1869 1049 atque
1898 978 2107 1034 sancti-

528 1073 798 1129 ﬁcationis
829 1075 970 1143 ejus,
990 1089 1112 1143 quae
1148 1088 1216 1127 ex
1254 1072 1457 1142 pietate
1486 1081 1591 1135 est,
1628 1072 1748 1127 haec
1771 1072 1888 1141 ipsa
1916 1086 2109 1125 conse-

525 1166 748 1236 quimur
778 1182 791 1218 :
844 1164 1006 1235 365
1037 1163 1133 1218 sed
1166 1179 1232 1218 ex
1257 1179 1315 1219 se
1342 1171 1596 1232 tanquam
1626 1163 1772 1217 Deus
1800 1162 1857 1217 in
1899 1176 2108 1231 suaque

526 1264 722 1311 natura
750 1256 819 1311 iis
844 1256 1011 1310 rebus
1037 1253 1351 1325 praeditum,
1383 1269 1483 1323 per
1520 1268 1643 1323 quae
1681 1253 1833 1308 illum
1865 1253 2108 1308 admira-

528 1364 670 1411 mur,
706 1355 763 1403 et
794 1346 985 1411 odore,
1039 1345 1136 1415 qui
1186 1359 1354 1415 supra
1384 1344 1650 1399 mundum
1682 1351 1788 1409 est,
1837 1354 1894 1399 et
1943 1359 2108 1414 supra

526 1420 834 1491 creaturam
860 1449 1103 1498 omnem,
1138 1441 1314 1488 totum
1336 1433 1556 1503 replens
1587 1433 1779 1487 orbem
1806 1440 2104 1487 terrarum.

526 1528 663 1582 Nam
687 1527 838 1582 illum
864 1524 1168 1581 secundum
1189 1534 1442 1579 naturam
1462 1539 1526 1579 ac
1554 1540 1746 1579 revera
1767 1524 1938 1579 Deum
1964 1539 2105 1588 esse.

530 1619 665 1673 etin
701 1633 800 1672 sua
827 1618 1004 1687 ipsius
1034 1627 1230 1672 natura
1256 1626 1500 1688 paternae
1529 1616 1859 1686 cognitionis
1884 1615 2108 1670 odorem

527 1709 831 1779 accepisse,
889 1708 1096 1779 optime
1139 1708 1482 1779 dignoscitur
1524 1726 1537 1761 :
1570 1708 1796 1778 plenum
1831 1706 1998 1777 igitur
2027 1714 2112 1762 est

2205 525 2263 579 δὲ
2295 520 2387 590 αὖ,
2419 522 2604 594 σχῆμά
2621 538 2681 575 τε
2713 520 2807 574 καὶ
2836 515 2977 583 εἶδος
2993 517 3379 590 θυμιατηρίου,
3411 517 3572 583 θυῖας
3602 521 3666 574 έν
3690 521 3796 591 ῐσφ

2208 613 2607 685 πεποιημένου,
2631 611 2928 682 ὲπίμεστον
2974 609 3032 664 δὲ
3086 610 3182 663 καὶ⁵
3225 609 3359 663 αὐτὸ
3381 609 3739 681 θυμιάματος
3772 628 3792 646 ο

2207 707 2405 763 εὐωδία
2430 705 2540 775 γάρ
2568 705 2663 759 καὶ
2696 703 3054 774 θυμιατήριον
3098 704 3128 755 6
3153 702 3385 773 Χριστὸς
3408 743 3422 765 ,
3449 703 3549 757 οὐκ
3584 704 3794 771 ἔξωθεν

2207 800 2262 853 δὲ
2286 798 2347 852 τὸ
2378 797 2578 860 εὐῶδες
2611 794 2773 865 ἔχων,
2802 793 3056 865 καθάπερ
3100 792 3293 863 ἀμέλει
3317 795 3411 848 καὶ
3440 796 3602 866 ημεῐς
3630 796 3798 851 αὐτοὶ

2208 891 2348 944 κατὰ
2378 887 2593 959 μέθεξιν
2622 888 2847 958 ἀρετῆς,
2889 886 2983 939 καὶ
3009 884 3105 938 τοῦ
3154 886 3273 940 κατ’
3304 885 3585 941 εὐσέϐειαν
3629 888 3799 956 ἀγιαο

2208 981 2348 1052 σμοῦ
2376 980 2438 1033 τὸ
2486 982 2544 1033 ὲν
2575 977 2784 1041 τούτοις
2818 972 2961 1030 εἶναι
3008 975 3401 1047 κερδαίνοντες.
3430 977 3546 1033 ἀλλ’
3571 978 3798 1033 οἴκοθεν

2207 1075 2283 1136 ὡς
2312 1071 2444 1135 Θεὸς
2464 1071 2557 1123 καὶ
2587 1072 2645 1123 έν
2674 1068 2779 1140 ίδίᾳ
2807 1066 2966 1135 φύσει
2993 1065 3240 1120 πλουτῶν
3259 1067 3330 1121 τὰ
3362 1066 3430 1120 δι’
3454 1061 3529 1121 ὧν
3564 1069 3791 1139 Θαυμάο

2209 1164 2382 1230 ζεται,
2412 1163 2506 1217 καὶ
2530 1161 2659 1233 ὅλην
2684 1158 2988 1232 ἐμπίπλησι
3017 1156 3118 1226 τὴν
3138 1158 3461 1228 οἰκουμένην
3491 1159 3590 1229 τῆς
3619 1160 3795 1230 ὑπερ.

2209 1253 2440 1325 κοσμίου
2463 1253 2561 1306 καὶ
2600 1251 2740 1321 ὑπὲρ
2776 1249 2954 1304 κτίσιν
2986 1248 3182 1318 ὀσμῆς.
3224 1247 3356 1313 Θεὸς
3389 1249 3500 1320 γὰρ
3521 1248 3598 1304 ὣν
3626 1247 3792 1320 φύσει

2210 1347 2305 1399 καὶ
2323 1344 2555 1414 ἀληθῶς,
2585 1344 2679 1397 καὶ
2710 1342 2810 1412 τὴν
2842 1338 3021 1411 ὀσμὴν.
3042 1339 3142 1410 τῆς
3162 1338 3417 1408 γνώσεως
3446 1340 3538 1394 τοῦ
3570 1343 3794 1411 Πατρὶς

2210 1438 2269 1490 έν
2302 1435 2407 1506 ἰδίᾳ
2440 1434 2601 1504 φύσει
2655 1431 2868 1503 λαχὼν,
2906 1427 2964 1486 εὖ
3008 1430 3157 1501 μάλα
3204 1431 3646 1501 διαγινώσκεται,
3696 1432 3792 1503 ἐμ-

2212 1527 2391 1590 πλεως
2425 1523 2520 1581 οὖν
2548 1527 2581 1598 ἡ
2627 1524 2825 1595 θυΐσκη
2856 1522 3222 1593 θυμιάματος.
3259 1522 3442 1594 Ταύτῃ
3477 1540 3558 1577 τοι
3618 1540 3790 1595 προσ-

2212 1618 2405 1687 άγεται
2445 1617 2640 1688 μόσχος
2674 1633 2734 1670 τε
2760 1614 2856 1669 καὶ¹
2878 1613 3058 1685 κριὸς,
3087 1614 3181 1667 καὶ
3199 1611 3304 1686 μὴν
3339 1615 3436 1668 καὶ
3463 1615 3657 1684 ἀμνὸς,
3695 1615 3788 1667 καὶ

2212 1707 2533 1782 χίμαροςὲξ
2557 1707 2750 1777 αἰγῶν,
2777 1706 2849 1760 τὰ
2875 1706 3012 1775 πρὸς
3067 1706 3279 1769 τούτοις
3310 1704 3390 1759 ἔτι
3417 1722 3789 1777 προσκεκομι-

528 1799 752 1856 incenso
789 1799 1188 1857 mortariolum.
1215 1798 1424 1854 Deinde
1462 1798 1757 1852 adducitur
1803 1796 1926 1861 bos,
1965 1796 2104 1851 aries

2215 1801 2407 1869 σμένα,
2441 1800 2537 1852 καὶ
2563 1798 2651 1851 διὰ
2678 1797 2892 1851 πάντων
2924 1794 3087 1860 αὐτὸς
3134 1797 3164 1849 6
3199 1794 3558 1865 γραφόμενος·
3590 1797 3654 1848 ὲν
3689 1795 3789 1865 μὲν

527 1896 794 1961 praeterea
820 1898 878 1943 et
899 1904 1072 1958 agnus
1096 1896 1153 1942 et
1181 1887 1369 1942 bardus
1393 1902 1424 1942 e
1454 1888 1633 1957 capris
1662 1886 1997 1951 all‘eruntur;
2044 1901 2109 1941 ac

530 1995 633 2049 per
679 1980 801 2034 haec
829 1977 1015 2032 omnia
1038 1979 1343 2033 animantia
1387 1979 1504 2048 ipse
1533 1977 1818 2048 ﬁguratur,
1849 1976 1907 2031 in
1933 1977 2110 2032 vitulo

525 2070 749 2140 quidem
766 2078 989 2140 propter
1003 2085 1270 2125 summam
1284 2069 1677 2134 ﬁrmitatem,et
1689 2068 1834 2140 quod
1850 2084 2108 2125 mansue-

527 2168 711 2215 torum
750 2159 1193 2229 mundorumque
1218 2159 1583 2214 animantium
1609 2158 1711 2214 bos
1742 2166 1828 2214 est
1847 2165 2110 2229 prtestan-

528 2249 793 2314 tissimus,
820 2265 885 2305 ac
921 2249 1297 2320 magnitudine
1340 2249 1591 2320 corporis
1621 2249 1841 2305 excellit
1876 2267 1890 2303 :
1922 2247 2108 2305 omnia

525 2351 732 2407 autem,
766 2357 889 2412 qua:
919 2341 989 2396 ad
1016 2341 1298 2397 Christum
1347 2342 1646 2412 pertinent,
1692 2340 1967 2412 spirituali
2013 2356 2110 2397 ex-

525 2435 779 2492 cellentia
812 2434 1039 2506 praedita
1070 2444 1217 2501 sunt,
1250 2444 1308 2490 et
1337 2435 1451 2505 ipse
1471 2435 1785 2506 prazstantia
1806 2450 1905 2505 per
1921 2435 2107 2490 omnia

525 2526 754 2581 minime
793 2526 1161 2596 comparanda
1207 2525 1434 2589 eminet,
1482 2533 1645 2596 atque
1683 2527 1939 2597 superior
1982 2536 2105 2594 est;

526 2616 585 2674 in
609 2618 784 2673 ariete
815 2632 948 2672 vero
1001 2624 1227 2687 propter
1271 2615 1685 2688 perfectionem,
1737 2625 1901 2688 atque
1938 2618 2107 2673 etiam

527 2717 758 2779 propter
787 2708 1164 2763 innocentiam
1199 2708 1255 2762 in
1285 2723 1426 2779 agno
1465 2725 1478 2762 :
1515 2726 1534 2760 ι
1556 2708 1669 2779 Ego
1693 2708 1864 2773 enim,
1903 2706 2103 2778 inquit,

529 2807 786 2871 tanquam
814 2814 985 2870 agnus
1039 2799 1323 2863 innocens,
1353 2798 1448 2869 qui
1482 2797 1727 2864 ducitur,
1762 2807 1825 2855 ut
1852 2799 2105 2856 immole-

526 2900 636 2956 tur,
654 2892 964 2946 nesciebam
982 2892 1050 2957 '°;
1075 2911 1094 2941 ι
1132 2891 1187 2946 in
1214 2890 1372 2946 haedo
1398 2907 1613 2956 rursus,
1637 2902 1934 2962 propterea
1955 2891 2106 2963 quod

526 3000 628 3057 pro
654 2985 1041 3055 peccatoribus
1073 2985 1294 3040 occisus
1322 2993 1426 3039 est.
1456 2984 1658 3039 Hardus
1694 2984 1845 3039 enim
1883 3001 1949 3041 ex
1969 2986 2106 3058 legis

524 3079 848 3150 praescripto
871 3077 1203 3135 sacrificium
1228 3085 1315 3133 est
1343 3093 1444 3149 pro
1486 3085 1745 3148 peccato:
1779 3078 1873 3134 ille
1917 3088 2103 3134 autem

526 3171 847 3227 Emmanuel
896 3181 1127 3227 mortem
1174 3187 1273 3242 pro
1318 3172 1476 3226 nobis
1519 3170 1711 3236 subiit,
1754 3179 1811 3227 et
1853 3187 1922 3227 ea
1966 3187 2104 3228 nece

2207 1892 2285 1964 τῷ
2326 1892 2532 1963 μόσχῳ,
2563 1890 2650 1945 διὰ
2667 1890 2727 1943 τὸ
2753 1889 2891 1958 ἀγαν
2908 1888 3178 1952 εὐσθενὲς,
3207 1889 3301 1942 καὶ
3325 1889 3407 1941 ὅτι
3426 1888 3534 1940 τῶν
3561 1889 3625 1941 ὲν
3644 1891 3786 1958 ἠμε-

2212 1983 2395 2054 ρότητι
2428 1981 2523 2035 καὶ
2554 1979 2886 2050 καθαρότητι
2915 1976 3090 2043 ζώων,
3123 1978 3185 2031 τὸ
3214 1974 3473 2047 προῦχον,
3502 1979 3531 2031 6
3553 1977 3786 2047 μόσχος,

2207 2074 2303 2127 καὶ
2345 2074 2421 2136 ὠς
2465 2073 2523 2126 ὲν
2559 2071 2780 2143 μεγέθει
2837 2069 3088 2142 σώματος
3111 2108 3125 2133 ,
3184 2068 3245 2122 τὸ
3298 2068 3633 2142 ὑπερτεροῦν
3661 2086 3677 2100 ·
3729 2071 3785 2123 ἑν

2209 2164 2450 2234 ὑπεροχῇ
2483 2161 2539 2216 δὲ
2578 2163 2645 2233 τῇ
2678 2163 2865 2233 νοητῇ,
2897 2162 3076 2215 πάντα
3118 2159 3235 2213 ἐστὶ
3272 2158 3343 2212 τά
3385 2157 3651 2230 Χριστοῦ,
3691 2155 3786 2211 καὶ

2206 2257 2369 2322 αὐτὸς
2416 2258 2446 2311 6
2492 2254 2745 2328 προύχων
2795 2254 2890 2307 καὶ
2936 2252 3329 2323 ὑπερκείμενος
3370 2252 3436 2321 τῇ
3486 2249 3629 2304 κατά
3679 2249 3787 2303 πᾶν

2206 2348 2385 2404 ὁτιοῦν
2421 2347 2737 2419 ἀσυγκρίτῳ
2782 2344 3016 2415 διαφορᾷ
3046 2358 3060 2372 ·
3097 2344 3156 2397 ἐν
3210 2341 3267 2396 δὲ
3306 2341 3387 2413 τῷ
3414 2340 3571 2413 κριῷ,
3604 2339 3701 2394 διὰ
3727 2339 3787 2393 τὸ

2206 2441 2430 2507 τέλειον,
2487 2440 2582 2495 καὶ
2618 2439 2801 2511 μέντοι
2842 2436 2931 2490 διά
2973 2436 3036 2489 τὸ
3087 2436 3313 2497 ἄκακον,
3367 2435 3425 2488 ὲν
3480 2432 3557 2504 τῷ
3598 2433 3784 2504 ἀμνῷ’

2214 2553 2234 2587 ι
2294 2532 2435 2602 Ἐγὼ
2497 2532 2628 2603 γὰρ,
2684 2529 2872 2601 φησιν,
2929 2527 3006 2592 ὡς
3069 2526 3254 2597 ἀρνίον
3304 2526 3510 2580 ἄκακον
3575 2524 3787 2593 ἀγόμε-

2207 2642 2295 2681 νον
2322 2624 2418 2679 τοῦ
2446 2622 2687 2696 θύεσθαι,
2710 2621 2811 2676 οὐκ
2839 2620 3030 2691 ἔγνωνο
3067 2637 3085 2671 ι
3121 2619 3178 2671 ‘sv
3204 2617 3262 2671 δὲ
3303 2617 3381 2688 τῷ
3422 2616 3665 2688 χιμάρῳ,
3698 2613 3786 2667 διὰ

2207 2718 2306 2790 τὴν
2329 2716 2468 2788 ὑπέρ
2487 2731 2553 2784 γε
2578 2713 2687 2768 τῶν
2710 2711 3111 2786 ἡμαρτηκότων
3142 2710 3376 2781 σφαγήν.
3403 2708 3650 2779 Χίμαρος
3674 2706 3782 2777 γὰρ

2206 2808 2347 2880 ὑπὲρ
2371 2805 2646 2879 ἁμαρτίας
2678 2805 2739 2859 τὸ
2776 2804 2944 2876 θῦμα,
2976 2803 3118 2859 κατά
3161 2802 3252 2856 τὸν
3278 2801 3442 2872 νόμον
3462 2816 3477 2831 ·
3509 2797 3690 2852 είσέδυ
3721 2796 3781 2850 δι

2203 2899 2272 2954 δι’
2305 2900 2453 2971 ἡμᾶς
2500 2897 2592 2953 ’ὼν
2628 2897 2858 2953 θάνατον
2902 2898 2932 2951 6
2991 2893 3372 2967 Ἐμμανουὴλ,
3425 2893 3519 2947 καλ⁵
3541 2891 3654 2945 τῶν
3683 2892 3779 2963 ἀρ·

2205 2992 2376 3064 χαίων
2400 2989 2888 3062 πλημμελημάτων
2920 2985 3393 3060 ὲκλελυτρώμεθα,
3438 2987 3507 3040 δι’
3544 2987 3611 3057 ἢν
3650 2985 3777 3039 ύπέ-

2210 3095 2392 3149 μεινεν
2414 3078 2555 3148 ὑπὲρ
2569 3075 2730 3148 ἡμῶν
2747 3075 3064 3147 σφαγήν.Ἦ
3077 3073 3184 3130 οὐκ
3211 3070 3353 3129 εἶναι
3383 3074 3486 3149 φὴς
3507 3073 3774 3130 καὶτοῦτο

2207 3171 2405 3241 ἀληθές
2430 3187 2446 3236 ;
2514 3191 2522 3198 -

526 3276 690 3331 quam
714 3278 811 3333 pro
871 3263 1035 3318 nobis
1058 3262 1305 3333 pertulit,
1365 3278 1398 3317 a
1437 3262 1717 3319 veteribus
1752 3262 1970 3319 delictis
2027 3263 2245 3319 liberati
2273 3277 2483 3318 sumus.
2514 3261 2599 3317 An
2623 3275 2757 3317 vero
2795 3275 2907 3316 non
2935 3258 2992 3315 id
3034 3273 3155 3315 esse
3187 3272 3380 3315 verum
3402 3256 3604 3328 putas?

597 3351 794 3406 PALL.
837 3350 1040 3417 Quidni
1073 3350 1300 3422 putem?

598 3441 757 3498 ΟΥΕ.
792 3442 928 3497 Illud
962 3451 1147 3497 autem
1187 3443 1448 3499 observes
1479 3444 1667 3511 velim,
1721 3444 1935 3500 oblatos
1980 3443 2107 3515 qui-

526 3535 653 3591 dem
681 3551 803 3591 esse
833 3535 1033 3602 boves;
1075 3544 1332 3591 caeterum
1353 3536 1421 3591 ad
1450 3551 1618 3607 opera
1642 3536 1984 3593 tabernaculi
2015 3536 2111 3592 de—

526 3626 786 3689 stinatos,
834 3633 917 3688 ut,
951 3639 1077 3679 cum
1132 3633 1312 3680 castra
1372 3627 1585 3681 moveri
1612 3642 1752 3697 opus
1796 3637 1963 3694 esset,
2003 3627 2109 3699 ipsi

526 3729 701 3769 onera
729 3712 1005 3767 vehiculis
1040 3712 1297 3777 ferendo,
1322 3728 1607 3769 sacrorum
1652 3714 2005 3772 administros
2026 3716 2107 3771 la-

527 3801 661 3856 bore
690 3815 756 3855 ac
784 3798 1040 3854 molestia
1090 3799 1361 3856 levarent.
1413 3801 1476 3860 In
1525 3800 1746 3858 Christo
1785 3802 1935 3859 enirn
1970 3818 2108 3859 con-

524 3892 762 3964 quiescit
790 3890 1056 3956 Ecclesia,
1085 3898 1143 3946 et
1169 3906 1272 3946 nos
1302 3891 1419 3962 ipse
1441 3891 1550 3948 fert
1600 3901 1657 3948 et
1684 3893 1987 3961 laboribus,
2009 3895 2105 3966 qui

523 4000 692 4057 supra
713 3985 861 4039 vires
891 3990 1040 4049 sunt,
1081 3998 1303 4039 sacrum
1341 3983 1480 4039 illud
1522 3984 1964 4058 honoratumque
2006 4003 2101 4059 ge-

526 4092 651 4142 nus,
678 4092 746 4132 ac
794 4076 1059 4147 populum
1094 4090 1378 4131 sacrorum
1410 4092 1642 4148 operum
1685 4080 1926 4150 peritum
1974 4096 2102 4137 suc-

524 4167 787 4222 cumbere
824 4181 936 4221 non
975 4167 1269 4236 permittit.
1328 4166 1420 4223 Sic
1463 4168 1635 4240 igitur
1677 4171 1992 4240 supradicta
2033 4172 2101 4228 ad

523 4256 805 4312 Christum
839 4256 1129 4319 referenda
1167 4266 1315 4313 sunt.
1340 4256 1472 4325 Quae
1534 4269 1720 4316 autem
1753 4262 2101 4331 pertinebant

523 4348 593 4405 ad
623 4348 858 4404 hostiam
890 4348 1168 4415 salutaris,
1200 4364 1266 4405 ea
1307 4355 1410 4420 pro
1449 4351 1647 4421 seipsis
1696 4352 2104 4421 quodammodo

524 4438 802 4511 principes
838 4439 1164 4506 aﬂ‘erebant,
1190 4455 1255 4495 ac
1282 4449 1542 4510 tanquam
1575 4442 1935 4500 tabernaculo
1964 4461 2100 4503 con-

523 4533 831 4597 secrabant,
864 4532 1281 4601 oﬂ'erebantque
1305 4531 1419 4586 Deo
1446 4532 1502 4586 in
1527 4532 1757 4588 odorem
1786 4535 2095 4594 suavitatis.

524 4623 728 4691 Vitulaa
771 4634 957 4681 autem
984 4631 1145 4678 erant
1183 4623 1328 4687 dum,
1377 4622 1580 4679 arietes
1630 4625 1909 4697 quinque,
1956 4628 2099 4687 hirci

2130 3358 2173 3416 C
2277 3353 2488 3408 ΠᾹΔΔ.
2515 3353 2641 3417 Πῶς
2670 3352 2778 3423 γὰρ
2799 3349 2900 3417 ού;

2280 3444 2445 3498 ΚΥΡ.
2481 3444 2769 3515 ῧΕπιτήρει
2819 3443 2878 3498 δὲ
2918 3442 3001 3497 δτι
3039 3439 3560 3513 προσεκομίσθησαν
3599 3439 3698 3511 μὲν
3727 3439 3777 3493 οί

2212 3537 2425 3608 μόσχοι,
2462 3537 2707 3592 δέδονταί
2731 3553 2793 3607 γε
2824 3535 2933 3608 μὴν
2963 3537 3043 3600 είς
3069 3534 3140 3589 τά
3165 3534 3307 3605 ἔργα
3327 3534 3429 3605 τῆς
3454 3534 3682 3605 σκηνῆς,
3712 3532 3776 3587 ἶν’

2208 3630 2267 3683 ὲν
2288 3632 2409 3695 ταῖς
2451 3628 2807 3696 ἀναζεύξεσιν
2834 3627 2990 3682 αὐτοὶ
3012 3627 3268 3699 φέροντες
3291 3626 3379 3696 ἐφ’
3403 3625 3654 3696 ἁμαξῶν,
3683 3625 3776 3678 πό-

2206 3738 2300 3776 νου
2328 3722 2422 3777 καὶ
2440 3722 2598 3787 ἀνίας
2619 3721 2981 3779 ἀπαλλάτοιεν
3009 3719 3137 3783 τοὺς
3161 3717 3496 3790 ἱερουργούς.
3545 3716 3775 3771 Ἐπανει-

2207 3815 2441 3871 παύεται
2468 3818 2578 3887 γὰρ
2606 3817 2641 3887 ἡ
2686 3814 2983 3885 Ἐκκλησία
3009 3810 3254 3885 Χριστῷ,
3300 3814 3392 3864 καὶ
3431 3811 3598 3874 αὐτὸς
3634 3810 3775 3881 ἡμᾶς

2208 3909 2397 3981 φέρει,
2428 3910 2558 3972 ’τοῖς
2599 3906 2742 3978 ὑπὲρ
2770 3904 2999 3977 δύναμιν
3051 3903 3233 3967 πόνοις
3279 3901 3633 3974 περιπίπτειν
3680 3901 3775 3956 οὐκ

2206 4000 2379 4070 ἀφιεὶς
2406 4000 2470 4054 τὺ
2503 3998 2647 4071 ἱερὸν
2674 3998 2770 4053 καὶ
2805 3997 2985 4068 τίμιον
3014 3996 3193 4065 γένος,
3230 3993 3325 4047 καὶ
3348 3993 3440 4047 τὸν
3469 3992 3578 4053 τῶν
3609 3992 3775 4062 ἁγίων

2205 4090 2384 4162 ἔργων
2403 4091 2740 4161 ἐπιστήμονα
2772 4088 2922 4143 λαόν.
2952 4086 3109 4142 Οὕτω
3141 4086 3242 4157 μὲν
3269 4081 3364 4141 οὖν
3390 4084 3666 4151 ἀνοιστέον
3688 4083 3776 4136 ἐπὶ

2203 4181 2439 4253 Χριστὸν
2464 4179 2535 4235 τὰ
2555 4179 2939 4252 ὠνομασμένα.
2969 4178 3052 4233 Τὰ
3088 4176 3146 4231 δέ
3167 4194 3231 4246 γε
3257 4179 3337 4239 εἰς
3371 4176 3563 4231 θυσίαν
3608 4191 3776 4245 σωτη-

2207 4272 2321 4344 ρίου
2339 4270 2739 4342 προσεκόμιζον
2762 4269 2925 4324 οἱονεί
2954 4287 3073 4333 πως
3093 4263 3160 4322 αὖ
3186 4267 3302 4322 ἀνθ’
3320 4267 3529 4321 ἑαυτῶν
3557 4268 3607 4319 oi
3624 4264 3779 4335 ἡγού-

2206 4375 2382 4429 μενοι,
2421 4357 2804 4429 καθιεροῦντες
2828 4357 3029 4430 τρόπον
3053 4356 3174 4411 τινὰ
3200 4358 3267 4428 τῇ
3300 4356 3431 4427 ἁγίᾳ
3462 4357 3655 4425 σκηνῇ,
3685 4354 3779 4407 καὶ

2202 4451 2283 4513 εἰς
2319 4449 2496 4521 ὀσμὴν
2537 4449 2763 4513 εὐωδίας
2808 4448 3169 4522 ἀναφέροντες
3203 4448 3283 4519 τῷ
3331 4447 3471 4519 Θεῷ.
3506 4446 3777 4517 Δαμάλεις

2201 4537 2258 4597 δδ
2284 4534 2425 4613 ἦσαν
2474 4539 2603 4604 δύο,
2638 4540 2786 4611 κριοὶ⁸
2832 4541 3015 4603 πέντε,
3067 4540 3262 4611 τράγοι
3299 4538 3482 4598 πέντε.
3534 4539 3776 4609 ἀμνάδες

2204 4630 2386 4684 πέντε.
2418 4631 2530 4691 Καὶ
2554 4632 2754 4703 μόσχος
2788 4632 2909 4702 μιν,
2948 4633 2977 4686 6
3013 4632 3267 4704 Χριστὸς.
3302 4630 3562 4702 δαμάλεις
3603 4630 3665 4685 δὲ
3706 4627 3773 4685 αὖ

523 4718 790 4789 quinque,
815 4714 939 4786 agni
974 4713 1240 4792 quinque,
1268 4712 1347 4771 Ac
1373 4713 1584 4771 vitulus
1609 4716 1833 4787 quidem
1846 4717 2102 4777 Christus

2205 4722 2382 4791 ἡμεῖς,
2420 4720 2512 4774 καὶ
2534 4720 2690 4790 λόγος
2710 4722 2739 4779 6
2770 4720 2858 4779 ἐπ’
2888 4722 3114 4793 ἀμφοῖν,
3144 4723 3247 4777 οὐκ
3268 4720 3607 4794 ἀσύμφυλος.
3637 4721 3771 4792 ἀλη-

521 4816 629 4874 est,
664 4823 768 4865 nos
785 4807 1029 4865 vicissim
1047 4807 1263 4864 vitula:
1301 4806 1443 4869 ratio
1464 4807 1630 4870 etiam
1654 4810 1944 4882 utriusque
1984 4826 2098 4870 non

523 4907 611 4960 est
629 4900 831 4964 aliena,
858 4898 955 4955 sed
989 4914 1122 4955 vera
1163 4898 1352 4969 potius
1380 4908 1545 4971 atque
1577 4902 1899 4978 perspicua;
1948 4918 2098 4960 semu-

524 5004 623 5065 per
649 4989 798 5047 enim
824 4989 940 5047 fere
965 5004 1084 5047 mas
1107 4989 1416 5061 principem
1450 4991 1633 5048 locum
1654 5001 1828 5059 tenet,
1866 5002 1924 5050 et
1950 4995 2097 5067 apud

523 5079 934 5150 Deumhonore
959 5095 1026 5138 ac
1039 5080 1214 5152 gloria
1254 5090 1501 5152 praestat,
1565 5098 1798 5155 eamque
1842 5099 1959 5140 rem
1995 5101 2099 5143 suo

525 5171 844 5232 testimonio
865 5180 1065 5231 natura
1118 5174 1465 5245 comprobat.
1527 5174 1761 5234 inferior
1805 5187 1890 5235 est
1915 5188 2098 5237 autem

522 5262 747 5329 iemina,
806 5264 995 5334 illique
1046 5264 1313 5338 subjecta,
1378 5275 1436 5323 et
1485 5267 1731 5334 viribus,
1785 5279 1842 5326 et
1887 5271 2098 5331 honore

521 5356 815 5429 posterior,
834 5363 893 5411 et
919 5370 952 5411 α
978 5364 1132 5429 tergo
1155 5356 1563 5427 quodammodo
1603 5374 1811 5415 marem
1837 5377 2093 5433 sequens.

521 5447 685 5522 336
706 5447 803 5504 Est
824 5447 1011 5521 itaque
1033 5446 1175 5504 utin
1193 5462 1353 5505 mare
1389 5448 1568 5505 vitulo
1589 5449 1700 5505 dux
1730 5451 2092 5509 nosterChri-

521 5548 660 5605 stus,
677 5553 925 5597 nosvero
944 5539 1354 5612 quodammodo
1380 5540 1636 5613 subjecti,
1651 5552 1708 5599 et
1731 5544 1902 5603 multa
1926 5561 2092 5617 quam

594 5708 642 5746 “
668 5709 810 5773 Psal.
838 5674 1065 5780 xum-8.
1143 5715 1189 5748 “
1217 5714 1421 5773 Jerem.
1454 5730 1534 5781 ιι,
1570 5715 1661 5777 19,

2197 4812 2299 4884 θὴς
2355 4811 2411 4867 δὲ
2450 4812 2651 4885 μᾶλλον
2694 4813 2790 4868 καὶ
2836 4813 3090 4887 ἐναργής⁹
3144 4813 3614 4886 ἡγεμονικώτατον
3668 4813 3773 4884 γάρ
3846 4806 3853 4813 ’

2197 4904 2285 4959 ἀεί
2306 4921 2424 4969 πως
2449 4903 2510 4959 τδ
2546 4905 2715 4978 ἀρσεν
2742 4905 2881 4971 ἐστὶ,
2902 4906 2998 4985 καὶ
3020 4906 3232 4977 ένζτιμῇ
3262 4907 3360 4961 καὶ
3388 4904 3517 4977 δόξῃ
3540 4907 3609 4977 τῇ
3635 4921 3772 4957 παν-

2198 4996 2406 5068 αρίστῳ
2435 4997 2585 5069 παρά
2619 4996 2774 5068 Θεῷ,
2799 4997 2895 5051 καὶ
2924 4997 3139 5069 μάρτυς
3165 4999 3199 5069 η
3228 4996 3411 5067 φύσις,
3432 4994 3772 5067 ὁμολογοῦσα

2196 5087 2487 5160 τδχρῆμα.
2529 5089 2697 5144 Μετον
2729 5088 2787 5144 δὲ
2818 5089 2913 5143 καὶ
2949 5087 3365 5161 ὑπεστρωμένον
3391 5086 3455 5140 τὸ
3488 5084 3646 5156 θῆλυ,
3680 5085 3770 5139 καὶ

2195 5178 2361 5233 οἱονεὶ
2393 5178 2622 5234 κατόπιν
2656 5178 2735 5234 l6v
2768 5178 2869 5250 τῆς
2899 5177 3142 5248 ἀρσένων
3169 5177 3342 5249 ἀλκῆς
3367 5192 3429 5230 τε
3462 5176 3558 5231 καὶ
3585 5175 3767 5247 δόξης.

2200 5270 2356 5325 Ἔστι
2376 5270 2440 5341 δὴ
2458 5267 2551 5325 οὖν
2578 5272 2638 5325 ὲν
2658 5271 2849 5342 ἀρσενι
2881 5269 3067 5340 μόσχῳ
3084 5309 3101 5336 ,
3127 5267 3446 5341 καθηγητὴς
3480 5266 3580 5338 μὲν
3613 5266 3771 5337 ἡμῶν

2191 5363 2223 5416 6
2253 5362 2505 5433 Χριστὸς,
2531 5361 2914 5434 ὑπεζεύγμεθα
2940 5362 2999 5416 δὲ
3035 5360 3226 5431 ὥσπερ
3246 5361 3408 5430 ἡμεῖς
3434 5358 3530 5412 καὶ
3552 5359 3614 5411 ἐν
3639 5356 3769 5411 πολ-

2191 5451 2270 5525 λῷ
2305 5454 2476 5526 μείονι
2509 5454 2639 5527 παρ’
2671 5454 2834 5509 αὐτὸν
2863 5453 3004 5526 ἀλκῇ
3039 5466 3101 5507 τε
3122 5451 3219 5508 καὶ
3258 5450 3413 5522 δόξῃ,
3446 5452 3562 5516 καὶ,
3603 5448 3768 5516 ἀσύγ-

2190 5562 2379 5618 κριτον
2402 5547 2463 5602 τὸ
2500 5545 2854 5622 μεσολαδοῦν.
2881 5546 2946 5603 El
2972 5545 3082 5619 γὰρ
3106 5544 3202 5601 καὶ
3224 5543 3416 5615 γέγονε
3440 5541 3565 5599 καθ’
3597 5543 3763 5615 ἡμᾶς.
