3996 6212
313 346 420 404 713

999 352 1088 408 DE
1124 349 1568 407 ADORATIONE
1608 350 1674 406 IN
1715 349 1982 408 SPIRITU
2026 352 2115 407 ET
2156 352 2526 408 VERITATE.
2568 385 2635 393 —-—
2682 356 2808 411 LIB.
2851 355 2916 411 Χ.

3486 363 3591 417 716

310 463 561 535 ὁμοειδὴς
595 463 704 535 γὰρ
731 463 810 534 τῷ
846 464 1033 536 μόσχῳ
1066 464 1320 536 δάμαλις,
1354 466 1466 520 ἀλλ’
1503 466 1560 517 ὲν
1584 463 1751 535 πολλῇ
1781 463 1895 516 λίαν

2010 465 2101 520 ille
2142 474 2258 520 tum
2299 466 2498 523 robore
2538 476 2652 523 tum
2685 469 2856 540 gloria
2894 468 3204 536 inferiores,
3241 473 3592 544 longissimo-

313 559 556 630 ὑπεροχῇ
579 559 647 612 τὰ
679 559 869 614 αὑτοῦ.
920 580 937 612 (
979 561 1074 624 Τίς
1099 559 1208 632 γάρ
1240 559 1641 632 ὁμοιωθήσεται
1675 557 1754 630 τῷ
1787 557 1907 629 Θεῷ

311 652 368 703 ὲν
401 653 535 714 υἱοῖς
562 649 735 717 Θεοῦ;
771 671 789 703 ι
816 650 940 706 καθ’
969 653 1117 723 ἡμᾶς
1149 653 1258 724 γὰρ
1287 652 1422 724 ὁμοῦ
1465 652 1558 706 καὶ
1587 652 1728 724 ὑπὲρ
1757 653 1905 721 ἡμᾶς

307 745 337 795 ὁ
384 744 622 814 Χριστὸς
641 745 700 796 ὲν
732 745 976 817 ὑπεροχῇ
1011 745 1284 816 θεότητος,
1317 747 1365 798 εί
1401 747 1494 798 καὶ
1522 743 1711 813 γέγονε
1746 743 1903 814 σάρξ.

309 833 414 888 Δύο
440 851 502 902 γε
529 835 636 906 μὴν
652 838 708 888 αἱ
726 835 1005 907 δαμάλεις,
1027 838 1106 900 είς
1129 836 1318 902 τύπον,
1345 831 1497 906 οῐμαί
1522 851 1646 901 που,
1677 833 1784 888 τῶν
1812 833 1904 887 δύο

309 927 490 992 λαῶν,
535 929 1059 1000 συνδεδραμηκότων
1101 932 1180 994 είς
1227 930 1322 983 ἕνα
1359 929 1451 981 τὸν
1515 928 1609 982 ἀπ’
1660 928 1901 997 ἀμφοῖν,

311 1021 652 1094 συνείροντος
679 1024 761 1086 είς
778 1022 1009 1094 ἑνότητα
1034 1023 1133 1095 τὴν
1157 1021 1534 1094 πνευματικὴν
1551 1020 1639 1074 διὰ
1667 1019 1904 1084 πίστεως

307 1112 402 1167 τοῦ
439 1113 508 1166 δι’
547 1115 695 1185 ἡμᾶς
718 1132 777 1168 τε
806 1114 902 1168 καὶ
929 1117 1049 1185 μεθ’
1083 1116 1262 1186 ἡμῶν.
1297 1115 1457 1185 Κριοὶ
1489 1113 1547 1168 δὲ
1590 1113 1755 1167 πάλιν
1809 1112 1905 1166 καὶ

304 1207 471 1276 ἀμνοὶ
507 1207 807 1278 ίσάριθμοι,
832 1209 1060 1278 χίμαροί
1095 1225 1157 1261 τε
1178 1208 1275 1278 οὐχ
1308 1209 1525 1277 ἥττους,
1556 1205 1666 1258 τῶν
1684 1221 1904 1258 πιστευ-

305 1297 479 1350 όντων
518 1297 727 1368 πληθὺν
761 1298 1221 1371 ὑπεμφαίνοντες,
1271 1298 1372 1368 τὴν
1432 1297 1510 1361 ὡς
1551 1299 1608 1350 ὲν
1643 1296 1899 1368 πέμπτῳ,

305 1390 474 1460 φημὶ,
509 1391 976 1462 συνενηνεγμένην
996 1390 1194 1461 καιρῷ,
1219 1388 1343 1444 καθ’
1373 1387 1433 1442 ὃν
1455 1391 1488 1460 ὴ
1520 1388 1782 1460 ἐπιδημία
1807 1387 1900 1442 τοῦ

304 1480 579 1551 λέγοντος,
612 1501 630 1532 ι
673 1484 841 1535 Ὅταν
860 1483 1062 1553 ὑψωθῶ
1091 1484 1156 1536 ὲκ
1179 1483 1275 1552 τῆς
1295 1483 1419 1553 γῆς,
1451 1482 1658 1546 πάντας
1688 1481 1901 1535 ἑλκύσω

308 1573 448 1642 πρὸς
495 1573 750 1644 ἐμαυτόν.
803 1593 821 1626 ι
860 1573 1201 1646 Σημαίνεται
1237 1572 1293 1626 δὲ
1319 1573 1427 1626 τῶν
1455 1573 1900 1626 πεπιστευκότων

305 1662 398 1718 διὰ
429 1664 527 1736 μὲν
565 1665 674 1720 τῶν
708 1665 879 1737 κριῶν
911 1665 972 1719 τὸ
1017 1665 1094 1730 ὡς
1121 1667 1179 1719 ὲν
1213 1667 1474 1738 φρονήσει
1525 1663 1731 1718 τέλειον
1755 1705 1770 1728 ,
1806 1663 1900 1716 καὶ

305 1757 408 1828 τῆς
429 1761 626 1830 νοητῆς
653 1757 893 1829 ἡλικίας,
934 1758 1096 1828 δῆλον
1128 1759 1184 1811 δὲ
1217 1760 1302 1812 ὃτι
1338 1757 1442 1828 τῆς
1485 1759 1543 1811 ὲν
1571 1756 1811 1826 Χριστῷ,
1839 1756 1898 1810 τὸ

2010 572 2115 626 quc
2135 558 2426 614 intervallo
2456 559 2716 631 disjuncti
2741 580 2752 614 :
2792 577 2919 616 nam
2949 562 3055 618 ctsi
3080 565 3257 619 nostri
3282 565 3479 623 similis
3507 569 3593 624 fa-

2009 659 2131 705 ctus
2189 659 2276 706 est
2333 651 2548 722 (eadem
2594 655 3029 726 quippe._specie
3077 667 3206 712 sunt
3256 657 3463 714 vitulus
3529 676 3592 718 ac

2007 742 2226 814 vitula),
2254 744 2351 798 sed
2380 753 2584 810 tamen,
2623 763 2744 817 qua:
2789 748 2857 802 ad
2906 764 3035 802 cum
3085 751 3384 820 pertinent,
3433 752 3593 824 longe

2007 843 2137 889 sunt
2165 835 2580 892 excellentiora.
2636 857 2652 889 ι
2683 837 2818 905 Quis
2849 839 2997 895 enim
3025 842 3335 911 aequabitur
3368 844 3480 900 Deo
3534 847 3593 900 in

2006 926 2136 982 ﬁliis
2160 927 2258 982 Dei
2288 929 2368 983 "?
2395 949 2412 980 ι
2452 929 2625 985 Simul
2662 933 2811 986 enim
2839 942 2896 987 et
2929 933 3232 988 secundum
3258 950 3380 1000 nos,
3417 944 3474 991 et
3496 953 3590 991 su-

2003 1035 2106 1090 pra
2130 1035 2232 1074 nos
2284 1019 2542 1078 Christus
2580 1033 2701 1089 est;
2747 1039 2812 1078 ac
2869 1027 3241 1094 prmstantiam
3284 1027 3593 1085 divinitatis

2007 1109 2228 1176 retinet,
2251 1111 2386 1166 licet
2410 1113 2481 1167 sit
2510 1128 2638 1168 caro
2661 1114 2858 1169 factus.
2882 1114 3154 1170 Caeterum
3179 1117 3301 1174 dua:
3346 1130 3476 1174 sunt
3505 1121 3589 1175 vi-

2005 1201 2134 1257 tulae
2186 1202 2242 1257 in
2309 1202 2562 1274 ﬁguram,
2598 1214 2660 1260 ut
2694 1207 2912 1276 opinor,
2945 1207 3180 1262 duorum
3231 1212 3586 1280 populorum,

2005 1294 2100 1364 qui
2161 1309 2263 1348 suo
2321 1311 2598 1351 concursu
2662 1312 2834 1351 unum
2899 1297 3146 1353 efﬁciunt
3202 1301 3466 1370 populum
3521 1319 3588 1358 ex

2005 1396 2242 1456 utroque
2283 1386 2603 1452 conﬂatum,
2648 1404 2774 1443 cum
2815 1405 2912 1445 eos
2963 1391 3018 1445 in
3056 1392 3320 1449 unitatem
3361 1394 3592 1464 Spiritus

2003 1493 2102 1548 per
2129 1477 2291 1533 ﬁdem
2327 1479 2418 1534 ille
2460 1489 2718 1536 conserat
2743 1483 2918 1552 atque
2972 1494 3282 1552 connectat,
3335 1487 3432 1556 qui
3464 1502 3591 1557 pro-

2003 1579 2126 1639 pter
2146 1587 2246 1625 nos
2261 1581 2425 1642 atque
2451 1573 2597 1628 inter
2618 1590 2719 1630 nos
2738 1584 2824 1629 est
2853 1575 3049 1631 factus.
3080 1577 3300 1634 Arietes
3321 1589 3588 1649 praetcrea

2005 1672 2062 1716 et
2091 1663 2215 1733 agni
2250 1665 2500 1730 totidem,
2526 1666 2667 1721 hirci
2695 1683 2914 1738 quoque
2934 1668 3080 1723 haud
3099 1671 3410 1740 pauciores,
3439 1672 3587 1726 mul-

2003 1755 2301 1812 titudinem
2326 1757 2674 1814 credentium
2715 1760 2987 1825 indicant,
3036 1778 3158 1832 qua:
3189 1763 3385 1832 quinto
3428 1765 3586 1834 quasi

303 1851 515 1922 ἀρτίως
549 1828 692 1920 ἔχον,
718 1851 806 1904 διὰ
827 1851 883 1905 δὲ
915 1850 1026 1904 τῶν
1055 1850 1246 1922 ἀμνῶν
1271 1851 1332 1904 τὸ
1361 1850 1436 1913 ὡς
1461 1852 1518 1903 ὲν
1552 1847 1816 1918 ἁπλότητι
1840 1865 1895 1902 τε

2006 1856 2252 1920 tempore
2307 1851 2599 1922 contingit,
2635 1867 2746 1922 quo
2783 1828 3170 1923 tempore-ille
3206 1828 3461 1920 advenit,
3490 1857 3610 1925 qui,

307 1945 407 2000 καὶ
446 1945 672 2016 ἀκακία·
697 1965 715 1997 ‹
745 1944 838 2016 Μὴ
869 1964 888 1996 ι
915 1944 1025 2016 γὰρ
1054 1943 1137 2016 δὴ,
1171 1945 1360 2015 φησὶν,
1387 1941 1686 2013 κάδελφοὶ,
1708 1941 1896 1997 παιδία

305 2037 526 2104 γίνεσθε
550 2039 670 2101 ταῖς
709 2038 924 2108 φρεσὶν,
956 2036 1095 2090 ἀλλὰ
1129 2035 1196 2107 τῆ
1218 2036 1386 2106 κακίᾳ
1421 2034 1742 2105 νηπιάζετε,
1777 2034 1899 2096 ταῖς

302 2129 363 2183 δὲ
401 2130 566 2199 φρεσὶ
611 2129 808 2182 τέλειοι
845 2128 1087 2198 γίνεσθε*
1129 2147 1148 2180 ›
1186 2127 1276 2181 διὰ
1318 2127 1374 2180 δὲ
1415 2126 1523 2180 τῶν
1554 2125 1696 2198 ὑπὲρ
1727 2125 1903 2196 ἀμαρ-

303 2223 430 2286 τίας
467 2222 740 2294 χιμάρων,
762 2222 821 2276 τὸ
856 2223 942 2276 ἀεὶ
969 2222 1180 2277 δεῖσθαι
1208 2220 1556 2293 καθαρισμοῦ
1599 2221 1694 2273 καὶ
1722 2219 1904 2290 πλημ-

247 2312 254 2318 ’
309 2312 640 2383 μελημάτων
671 2313 941 2381 ἀφέσεως.
968 2313 1258 2384 Τοιγάρτοι
1298 2313 1392 2366 καὶ
1413 2309 1774 2381 δεδιδάγμεθα
1810 2310 1898 2364 at-

304 2420 426 2472 γειν
474 2405 533 2457 ὲν
584 2407 941 2476 προσευχαῖς·
981 2424 999 2456 ι
1047 2405 1216 2474 Ἀφες
1238 2405 1371 2476 ἡμῖν
1407 2404 1475 2458 τὰ
1509 2401 1894 2474 παραπτώμα-

302 2511 394 2548 τα.
436 2514 454 2546 ι
484 2493 558 2548 Οὐ
593 2494 705 2564 γάρ
746 2495 862 2546 ἐστι
905 2493 1134 2565 καιρὸς,
1168 2494 1256 2546 ὅτε
1298 2491 1373 2564 μὴ
1419 2491 1546 2564 βοᾷν
1597 2493 1894 2562 ἀναγκαῖον

302 2586 417 2648 τοῖς
449 2585 525 2648 ὼς
557 2584 772 2655 ἀληθῶς
805 2584 1118 2656 ἀρτίφροσι,
1146 2585 1241 2639 καὶ
1267 2587 1366 2656 τῆς
1395 2583 1745 2655 ἀνθρωπείας
1777 2582 1848 2654 φύ
1867 2613 1893 2624 -

306 2694 448 2742 σεως
471 2678 636 2732 εἰδόσι
656 2678 717 2732 τὸ
757 2678 973 2742 ἄναλκι,
999 2677 1114 2745 καὶ,
1151 2695 1170 2730 ι
1201 2676 1636 2750 Παραπτὼματα
1666 2674 1750 2740 τίς
1773 2691 1903 2729 συν·

303 2770 464 2839 ήσει;
495 2789 512 2822 ι
540 2769 656 2835 καὶ,
702 2789 720 2822 ι
766 2771 860 2824 Ἐκ
877 2770 988 2824 τῶν
1013 2769 1261 2842 κρυφίων
1296 2787 1395 2841 μου
1422 2767 1720 2841 καθάρισον
1752 2787 1842 2843 με.
1879 2789 1897 2822 ι

304 2861 480 2914 Τοῦτο
525 2861 686 2915 θυσία
743 2861 1127 2932 πνευματικὴ,
1177 2860 1453 2932 σωτηρίας
1503 2878 1563 2916 τε
1623 2862 1753 2936 πέρι
1794 2862 1902 2917 τῶν

304 2955 590 3027 ἡμετέρων
623 2953 810 3025 ψυχῶν
843 2951 1211 3017 εύωδιάζουσα
1239 2951 1317 3023 τῷ
1341 2952 1483 3022 Θεῷ.

2000 1939 2179 1995 dixit:
2229 1960 2247 1992 ι
2278 1940 2415 1996 Cum
2465 1942 2741 1999 exaltatus
2766 1943 2924 2000 fuero
2955 1960 2985 1998 a
3034 1953 3198 2017 terra,
3231 1961 3426 2002 omnes
3471 1955 3587 2002 tra-

1998 2033 2124 2088 ham
2162 2033 2230 2086 ad
2265 2048 2352 2086 me
2388 2033 2568 2104 ipsum
2591 2035 2658 2088 ⁸³.
2685 2054 2703 2086 ι
2760 2036 2864 2090 Per
2891 2036 3092 2090 arietes
3130 2044 3314 2091 autem
3373 2037 3586 2109 signiﬁ-

1999 2133 2156 2181 catur
2190 2125 2536 2180 credentium
2568 2127 2879 2196 prudentize
2913 2127 3200 2197 perfectio,
3225 2138 3281 2184 et
3319 2129 3584 2200 spiritua-

1999 2218 2070 2273 lis
2096 2217 2295 2281 astatis,
2317 2217 2470 2272 illius
2501 2217 2766 2272 nimirum
2805 2235 2913 2288 qua
2940 2219 2996 2273 in
3015 2219 3236 2275 Christo
3260 2221 3584 2288 crescimus,

2003 2311 2311 2376 absolutio,
2359 2326 2459 2380 per
2486 2326 2656 2382 agnos
2705 2326 2839 2365 vero
2878 2312 3202 2382 simplicitas
3235 2323 3290 2367 et
3319 2313 3586 2369 innocen-

2003 2401 2122 2456 tia:
2164 2399 2381 2456 cNolite
2408 2419 2427 2452 ι
2467 2400 2638 2466 enim,
2683 2400 2882 2471 inquit,
2927 2402 3193 2468 «fratres,
3231 2404 3385 2473 pueri
3443 2403 3585 2459 efﬁci

2002 2489 2276 2554 sensibus,
2305 2490 2400 2544 sed
2431 2490 2638 2545 malitia
2678 2491 2894 2561 parvuli
2938 2501 3134 2557 estote,
3176 2494 3433 2550 sensibus
3483 2511 3585 2550 au-

2003 2591 2111 2636 tem
2165 2581 2394 2652 perfecti
2444 2591 2623 2639 estote
2649 2584 2739 2636 ⁵³ι
2783 2602 2794 2638 :
2827 2600 2928 2655 per
2961 2585 3148 2641 hircos
3205 2586 3444 2657 denique
3485 2603 3586 2658 pro

1999 2684 2249 2748 peccato,
2280 2693 2500 2750 semper
2523 2692 2626 2734 nos
2657 2677 2971 2748 expiatione
2996 2693 3062 2733 ac
3088 2679 3412 2735 remissione
3453 2695 3583 2750 pec-

2001 2780 2250 2825 catorum
2285 2755 2424 2840 opus
2454 2769 2682 2825 habere.
2729 2771 2919 2841 Itaque
2936 2771 3120 2826 edocti
3144 2787 3334 2827 sumus
3359 2771 3414 2827 in
3454 2787 3583 2826 ora—

2001 2862 2250 2917 tionibus
2271 2862 2489 2917 dicere:
2526 2881 2543 2914 ι
2567 2862 2792 2918 Dimitte
2810 2862 2973 2918 nobis
2992 2863 3181 2918 debita
3209 2863 3274 2917 “.
3309 2883 3328 2915 ι
3359 2863 3581 2918 Nullum

2003 2956 2152 3010 enim
2191 2964 2408 3025 tempus
2434 2964 2538 3019 est,
2584 2971 2696 3025 quo
2732 2971 2844 3010 non
2896 2955 2965 3012 iis
2998 2965 3170 3021 certe,
3212 2956 3307 3026 qui
3339 2956 3584 3028 perfecta

304 3058 438 3104 sunt
500 3047 794 3120 prudentia
860 3047 1223 3117 humanmque
1291 3045 1684 3101 imbecillitatis
1743 3047 1888 3101 haud
1944 3043 2139 3115 ignari,
2188 3047 2427 3102 clamare
2465 3061 2690 3102 necesse
2747 3047 2850 3102 sit:
2889 3067 2906 3100 ι
2945 3047 3153 3104 Delicta
3202 3049 3327 3118 quis
3374 3049 3583 3105 intelli-

302 3142 420 3214 git?
448 3162 465 3192 ι
507 3150 582 3208 et,
631 3161 649 3193 ι
678 3141 762 3196 Ab
799 3140 1032 3196 occultis
1062 3139 1200 3194 meis
1236 3139 1439 3194 munda
1475 3155 1563 3195 me
1594 3141 1661 3194 ⁸⁸.
1701 3159 1720 3192 ι
1755 3141 1880 3196 Haec
1918 3149 2004 3196 est
2033 3141 2338 3212 spiritualis
2387 3141 2586 3208 hostia,
2647 3152 2702 3199 et
2739 3159 2860 3214 qua
2899 3160 3000 3214 pro
3060 3145 3236 3200 salute
3265 3155 3581 3202 nostrarum

301 3239 614 3292 animarum
645 3235 758 3290 Deo
785 3234 842 3287 in
879 3232 1107 3288 odorem
1130 3231 1420 3286 suavitatis
1447 3230 1696 3288 offertur.

378 3339 584 3392 IlAAA.
621 3333 864 3405 Ἀληθές.

378 3429 544 3484 ΚΥΡ.
579 3428 815 3500 Χριστὸν
847 3420 940 3480 οῦν
970 3425 1127 3494 ἔφην,
1177 3424 1251 3488 ῶς
1285 3425 1340 3478 ἔν
1377 3441 1438 3494 γε
1475 3424 1552 3495 τῷ
1590 3423 1775 3496 μόσχῳ
1802 3423 1896 3476 καὶ

302 3525 421 3586 τοῖς
451 3524 646 3592 κριοῖς,
679 3519 871 3590 ἀμνοϊς
900 3535 957 3572 τε
989 3519 1086 3572 καὶ
1124 3517 1373 3589 τράγοις,
1419 3519 1512 3571 καὶ
1549 3521 1662 3581 τοῖς
1689 3517 1896 3588 ἑτέροις

304 3611 848 3686 κατασημαίνεσθαι,
897 3611 992 3665 καὶ
1047 3610 1394 3681 ἀφαμαρτεῖν
1451 3607 1546 3662 τοῦ
1593 3609 1896 3680 πρέποντος

301 3706 548 3778 οίηθείην
573 3705 639 3759 ἂν
663 3704 779 3758 οῦτι
813 3720 914 3757 που
955 3702 1046 3756 τὸν
1090 3703 1182 3754 ἐπὶ
1221 3701 1353 3770 τῷδε
1411 3701 1588 3770 λόγον.
1632 3701 1695 3754 El
1740 3701 1797 3753 δὲ
1827 3700 1892 3772 δή

299 3817 391 3863 τις
437 3799 613 3852 ἕλοιτο
663 3798 759 3850 καὶ
797 3797 883 3865 ἐφ’
936 3796 1084 3866 ἡμᾶς
1131 3793 1329 3858 αὐτοὺς
1386 3795 1485 3864 τὴν
1536 3794 1642 3848 τῶν
1675 3793 1894 3847 ἐννοιῶν

305 3890 672 3964 μετακομίσαι
688 3889 937 3960 δύναμιν,
965 3888 1026 3941 τὸ
1055 3886 1260 3940 λυποῦν
1285 3887 1458 3952 οὐδὲν,
1490 3887 1743 3958 τοιαύτην
1773 3885 1894 3941 τινὰ

300 3985 540 4057 θεωρίαν
569 3985 683 4046 τοῖς
708 3980 1087 4052 προκειμένοις
1121 3981 1458 4049 ἐπενεγκεῖν.

375 4076 586 4131 ΠΛΛΛ.
633 4073 853 4128 Ὀποίαν
877 4073 942 4144 δὴ
977 4071 1081 4144 φῄς
1108 4089 1122 4138 ;

375 4171 541 4227 ΚΥΡ.
574 4167 1043 4242 Προσεκομίζοντο
1073 4165 1215 4220 κατὰ
1251 4166 1341 4220 τὸν
1367 4166 1528 4236 νόμον
1567 4165 1719 4238 παρά
1762 4181 1894 4217 παν-

295 4266 394 4328 τδς
419 4264 639 4336 Ἰσραὴλ
673 4263 744 4317 τά
785 4261 904 4334 ίερά
951 4261 1187 4332 θύματα.
1211 4262 1550 4332 ¹Ιῐροσεχεϊτο
1583 4259 1640 4312 δὲ
1668 4258 1742 4329 τῷ
1763 4257 1893 4329 θείῳ

297 4357 677 4428 θυσιαστηρίῳ
705 4355 815 4408 τῶν
839 4351 1195 4422 σφαζομένων
1215 4353 1275 4405 τὸ
1305 4345 1464 4422 αἷμα,
1488 4351 1770 4421 μονονουχὶ
1797 4367 1894 4402 κα-

292 4449 673 4521 ταγράφοντος
702 4447 776 4510 ὼς
816 4447 874 4498 ὲν
904 4446 1034 4514 σκιᾷ
1064 4443 1158 4498 τοῦ
1189 4443 1494 4515 δρωμένου,
1525 4441 1621 4496 καὶ
1649 4439 1895 4508 πλαγίως

293 4543 434 4611 ἡμῖν
473 4538 930 4611 ὑπεμφαίνοντος,
972 4537 1055 4590 ὃτι
1083 4533 1202 4606 Θεῷ
1234 4533 1312 4604 τῷ
1361 4533 1502 4604 ἀγίῳ
1542 4531 1642 4596 τὰς
1685 4531 1892 4586 ἑαυτῶν

291 4630 458 4702 ἡμῶν
488 4628 779 4700 καθιεροῦν
809 4628 1074 4698 προσήκει
1094 4625 1294 4696 ψυχάς.

370 4721 582 4775 ΠΑΑΑ.
632 4714 708 4771 Εὖ
735 4718 888 4787 εφης.

372 4812 534 4867 ΚΥΡ.
573 4809 782 4864 Οὐκοῦν
811 4810 926 4863 ἀνθ’
957 4806 1111 4878 ἡμῶν
1140 4805 1234 4860 καὶ
1259 4805 1397 4878 ὑπὲρ
1416 4803 1570 4876 ἡμῶν
1605 4802 1678 4855 τά
1701 4800 1876 4872 θύμα-

287 4925 385 4970 τα,
405 4904 498 4957 καὶ
521 4903 683 4973 ἡμεῖς
712 4901 878 4970 ἐσμεν
905 4901 963 4953 ὲν
1000 4899 1182 4962 αὐτοῖς
1216 4899 1265 4950 οἱ
1299 4896 1441 4950 κατά
1469 4894 1638 4948 τύπον
1670 4897 1881 4963 ἱερουρ-

284 4997 390 5067 γού
399 5013 571 5068 μενοι.

365 5090 578 5144 ΠΑΑΑ.
633 5085 877 5157 Ἀληθές.

368 5182 534 5236 ΚΥΡ.
568 5181 708 5251 Φέρε
736 5177 801 5249 δὴ
832 5173 924 5232 οῦν
979 5171 1558 5246 πολυπραγμονοῦντες
1605 5169 1781 5244 ὀρθῶς
1815 5169 1882 5222 τὰ

282 5274 367 5336 ὡς
385 5272 538 5343 παρὰ
554 5272 771 5325 πάντων
802 5264 1329 5339 προσκεκομισμένα
1358 5262 1448 5316 διὰ
1474 5262 1574 5335 τῆς
1595 5261 1705 5315 τῶν
1722 5263 1881 5331 ἡγου-

288 5367 473 5438 μένων
510 5364 713 5434 χειρὸς,
741 5361 842 5432 τῆς
889 5363 947 5414 ὲν
995 5356 1269 5428 πνεύματι
1313 5353 1547 5425 θεωρίας
1589 5353 1652 5408 τὸ
1682 5353 1880 5416 κάλλος

285 5458 774 5529 περιαθρήσωμεν.
813 5451 924 5507 Ἦν
975 5446 1068 5505 οὖν
1135 5450 1248 5521 ἀρα
1291 5447 1363 5502 τὰ
1399 5443 1882 5517 προσενηνεγμυα

280 5553 348 5604 ἐν
371 5549 633 5619 ἀργυροῖς
660 5544 903 5609 σκεύεσι,
927 5541 1187 5613 τρυϐλίῳ.
1224 5541 1389 5610 φημὶ,
1432 5538 1528 5594 καὶ
1563 5537 1750 5608 φιάλῃ,
1791 5552 1880 5588 σε·

283 5641 507 5707 μίδαλις
537 5638 913 5710 ὲλαιοθρεχής.
955 5634 1233 5705 Σύμσολον
1277 5633 1332 5686 δὲ
1362 5632 1746 5704 λαμπρότητος
1783 5630 1880 5701 μὲν

1926 3342 1968 3398 c
2073 3335 2270 3392 PALL.
2297 3309 2376 3390 η.
2405 3342 2508 3389 est.

2060 3427 2219 3483 CYB.
2247 3426 2529 3482 Christum
2571 3424 2739 3496 igitur
2763 3423 2878 3479 dixi
2913 3424 2968 3478 in
3005 3422 3180 3478 vitulo
3208 3432 3265 3478 et
3283 3423 3576 3490 arietibus,

1997 3519 2152 3591 agnis
2177 3533 2397 3591 quoque
2425 3528 2482 3575 et
2520 3519 2691 3573 hircis
2720 3516 3046 3587 caeterisque
3084 3514 3462 3571 animantibus
3500 3516 3578 3571 si-

1995 3610 2283 3684 gniﬁcari:
2324 3627 2505 3683 neque
2539 3626 2672 3668 vero
2712 3625 2892 3666 meam
2921 3609 3024 3664 hac
3067 3607 3136 3663 de
3176 3623 3238 3664 re
3275 3607 3578 3680 expositio-

1993 3721 2122 3761 nem
2147 3705 2387 3760 arhitror
2404 3705 2472 3760 ab
2493 3719 2562 3760 eo
2583 3703 2729 3776 quod
2750 3711 2960 3758 rectum
2987 3702 3060 3758 sit
3095 3701 3419 3758 abhorrere.
3448 3701 3577 3767 Sed,

1994 3798 2037 3853 si
2069 3799 2195 3871 quis
2218 3799 2350 3853 velit
2373 3798 2441 3852 ad
2466 3814 2568 3854 nos
2594 3798 2743 3869 ipsos
2772 3811 2992 3868 quoque
3023 3795 3424 3850 sententiarum
3465 3793 3576 3847 vim

1991 3891 2316 3954 transferre,
2357 3889 2495 3944 nihil
2537 3888 2795 3959 prohibet
2819 3885 3094 3958 ejusmodi
3147 3885 3463 3955 quampiam
3493 3900 3579 3939 το-

1992 3976 2270 4032 conditam
2301 3977 2719 4046 intelligentiam
2741 3975 3041 4056 propositis
3070 3973 3236 4032 rebus
3256 3974 3576 4044 adjungere.

2063 4069 2262 4126 PALL.
2296 4068 2618 4138 Cuiusmodi
2651 4068 2910 4123 tandem?
3037 4063 3042 4067 ’

2058 4160 2216 4217 CYR.
2277 4158 2690 4223 Otl'erebantur,
2744 4167 2806 4212 ut
2847 4159 2936 4214 lex
2973 4157 3361 4224 constituerat,
3411 4175 3578 4218 sacrm

1991 4251 2231 4306 victimae
2264 4249 2334 4305 ab
2360 4249 2623 4304 universo
2672 4248 2894 4304 lsraelis
2927 4249 3152 4319 populo.
3182 4248 3344 4321 367
3378 4248 3483 4306 Sed
3507 4251 3575 4306 ad

1992 4344 2164 4398 altare
2216 4341 2552 4396 fundebatur
2595 4354 2863 4396 caesorum
2901 4338 3266 4395 animantium
3314 4340 3572 4412 sanguis:

1992 4436 2050 4491 in
2082 4450 2194 4506 quo
2215 4449 2303 4492 res
2327 4434 2444 4506 ipsa
2463 4441 2614 4505 gesta
2635 4433 2798 4490 nobis
2818 4442 3079 4505 tanquam
3106 4433 3164 4488 in
3184 4432 3380 4488 umbra
3404 4447 3575 4504 prope

1991 4526 2287 4599 descripsit
2317 4535 2373 4581 et
2403 4525 2629 4596 oblique
2658 4524 3007 4596 signiﬁcavit,
3038 4523 3171 4589 Deo,
3206 4524 3301 4595 qui
3353 4533 3576 4580 sanctus

1990 4629 2097 4686 est,
2132 4628 2350 4675 nostras
2379 4619 2591 4674 animas
2620 4633 2723 4673 nos
2750 4631 3074 4672 consecrare
3104 4616 3329 4672 debere.

1913 4695 1958 4749 Ῐ)
2057 4713 2254 4770 PALL.
2287 4713 2455 4768 Recte
2481 4711 2580 4766 ais.

2057 4803 2215 4858 ΟΥΕ.
2269 4803 2470 4858 Nostro
2509 4801 2677 4873 igitur
2724 4801 2846 4857 loco
2877 4817 2941 4856 ac
2983 4816 3084 4872 pro
3129 4801 3290 4856 nobis
3339 4799 3574 4854 victimae

1987 4895 2317 4958 offeruntur,
2354 4910 2564 4962 nosque
2589 4894 2643 4947 in
2686 4893 2794 4946 illis
2829 4893 3006 4962 typiee
3031 4892 3422 4948 sacriﬁcamur.

2056 5077 2252 5135 PALL.
2284 5077 2362 5132 Ita
2397 5086 2500 5132 est.

2053 5168 2210 5224 CYR.
2241 5166 2353 5238 Age
2377 5181 2529 5238 ergo,
2557 5165 2850 5237 diligenter,
2881 5164 3259 5222 examinemus
3301 5183 3424 5240 qua:
3449 5178 3570 5226 tan-

1978 5275 2143 5333 quam
2181 5260 2252 5316 ab
2291 5259 2442 5315 omni
2486 5257 2842 5314 multitudine
2879 5274 2980 5330 per
3017 5273 3213 5315 manus
3254 5260 3566 5330 principum

1978 5353 2161 5408 oblata
2193 5360 2342 5416 sunt,
2371 5366 2435 5406 ac
2464 5350 2770 5422 spiritualis
2803 5350 3287 5420 contemplationis
3315 5349 3566 5420 pulchri-

1978 5445 2226 5501 tudinem
2268 5443 2797 5514 circumspiciamus.
2856 5441 3144 5510 Argenteis
3196 5440 3364 5510 igitur
3398 5438 3564 5503 vasis,

1979 5536 2182 5599 catino,
2234 5536 2479 5605 inquam,
2520 5549 2584 5588 ac
2612 5531 2816 5603 phiala,
2867 5531 3046 5585 simila
3084 5531 3264 5585 oblata
3313 5539 3396 5586 est
3441 5529 3565 5586 oleo

1979 5627 2282 5683 madefacta
2311 5645 2323 5680 :
2351 5635 2434 5682 est
2464 5636 2646 5680 autem
2667 5631 2951 5695 argentum
2981 5621 3292 5694 splendoris
3324 5631 3472 5689 nota,
3505 5635 3566 5680 ut

403 5831 444 5860 ⁸⁸
471 5825 612 5881 Psal.
638 5840 891 5885 Lxxxvm,
918 5823 970 5875 7.
1047 5823 1090 5854 ⁸²
1114 5821 1253 5877 Joan
1305 5836 1400 5885 xn,
1425 5817 1513 5873 δί.
1595 5819 1638 5851 ³³
1669 5817 1690 5874 ι
1717 5815 1842 5874 Cor.
1872 5832 1895 5869 κ

2007 5815 2096 5870 20.
2175 5818 2217 5850 ⁸³
2247 5815 2437 5872 Matth.
2473 5830 2546 5885 vr,
2584 5813 2666 5870 12.
2744 5815 2790 5847 ³⁵
2820 5811 2940 5868 Psal
3002 5826 3151 5873 xvm,
3187 5810 3278 5864 l3.

617 5919 886 5978 Parnm.
932 5917 1047 5977 Gn.
1098 5913 1334 5974 LXVIII

3164 5900 3239 5961 ‘23
3465 5919 3532 5965 qr:
