3996 6212
406 291 510 348 Ἠέἱ

1430 290 1484 344 S.
1525 289 1803 345 CYRILLI
1841 291 2312 346 ALEXANDRINI
2348 291 2663 348 ARCHIEP.

3570 287 3679 342 7H3

406 409 584 463 simila
608 411 762 470 vitae,
797 406 998 476 quippe
1037 419 1162 460 eum
1197 419 1267 458 ex
1314 403 1404 458 illa
1431 405 1589 475 panis
1614 407 1861 470 exsistat,
1889 405 1983 475 qui

2111 429 2115 455 ι
2161 407 2426 477 ἄργυρος,
2455 405 2600 477 ζωῆς
2644 406 2701 460 δὲ
2733 410 2766 477 ἡ
2825 403 3124 476 σεμίδαλις,
3151 403 3226 468 ὡς
3258 404 3422 474 ἄρτου
3459 403 3682 471 γένεσις

404 502 572 556 vitam
603 505 926 561 conservat;
952 495 1136 551 oleum
1169 493 1407 564 denique
1443 496 1662 566 signum
1692 504 1776 551 est
1800 495 1990 551 hilari-

407 595 553 649 tatis.
589 589 863 647 Oﬁ‘eratur
885 589 1068 659 itaque
1097 603 1128 644 a
1153 586 1313 642 nobis
1343 587 1476 658 ipsis
1498 603 1719 657 quoque
1737 589 1869 653 Deo,
1895 588 1989 659 qui

405 695 490 742 est
532 699 698 756 super
738 681 942 746 omnia,
987 681 1042 735 in
1093 680 1386 750 splendore
1431 679 1558 734 vita:
1597 679 1847 735 hilaritas
1896 696 1993 751 per

405 791 556 847 spem
582 791 702 847 quae
732 774 785 828 in
806 773 1026 829 Christo
1046 782 1130 827 est
1156 791 1168 826 :
1206 792 1223 823 ι
1253 771 1359 842 Spe
1380 772 1526 826 cnim
1553 772 1851 843 gaudentes
1869 775 1936 837 “,
1967 791 1984 825 ι

409 870 605 939 inquit.
625 868 740 935 Qui
773 868 919 923 enim
948 867 1066 922 ﬁeri
1106 874 1305 936 potest,
1335 873 1396 920 ut
1425 881 1534 919 non
1564 880 1776 919 summa
1803 865 1992 920 laetitia

401 952 555 1031 pleni
614 960 753 1025 sint,
809 961 902 1030 qui
955 974 1127 1030 genus
1173 959 1298 1013 vitae
1347 966 1512 1026 atque
1560 958 1995 1012 conversationis

401 1051 760 1123 splendidum
784 1050 1076 1121 diligenter
1103 1047 1465 1112 excoluerint,
1498 1054 1554 1102 et
1579 1047 1878 1102 Salvatoris
1896 1062 1994 1102 uo-

409 1145 510 1202 stri
561 1143 816 1199 mandata
866 1140 1259 1197 custodierint?
1315 1139 1517 1209 quibus
1560 1138 1789 1192 omnino
1850 1137 1994 1209 apud

406 1240 581 1294 Deum
618 1236 859 1307 reposita
897 1243 981 1288 est
1013 1233 1134 1305 ejus
1165 1232 1338 1303 ipsius
1387 1231 1573 1301 gloriae
1624 1228 1994 1300 participatio.

417 1350 434 1380 ι
468 1327 668 1384 Mortui
698 1327 844 1384 enim
875 1327 1026 1389 estis,
1061 1345 1078 1377 ι
1120 1324 1319 1394 inquit,
1366 1343 1383 1373 ι
1419 1330 1475 1378 et
1515 1322 1626 1376 vita
1649 1330 1834 1377 vestra
1869 1320 1994 1375 abs-

410 1422 629 1477 condita
659 1428 744 1474 est
779 1435 904 1475 cum
939 1417 1160 1473 Christo
1184 1416 1241 1470 in
1265 1416 1395 1470 Deo.
1437 1414 1576 1470 Cum
1618 1413 1871 1470 Christus
1897 1428 1996 1483 ap-

410 1514 676 1583 paruerit,
716 1513 829 1566 vita
862 1518 1072 1574 nostra,
1107 1516 1236 1564 tunc
1274 1517 1331 1563 et
1370 1523 1468 1561 vos
1497 1505 1834 1576 apparebitis
1873 1519 1998 1559 cum

409 1608 530 1674 ipso
556 1604 612 1659 in
640 1603 809 1674 gloria
836 1601 900 1654 ⁸⁷.
943 1620 961 1653 ι
1002 1601 1173 1672 igitur
1199 1598 1380 1653 simila
1405 1597 1529 1652 oleo
1552 1610 1843 1665 conspersa
1891 1601 1994 1648 est.

409 1697 554 1753 inest
577 1695 724 1755 enim
755 1693 810 1752 in
843 1699 1157 1749 sanctorum
1190 1689 1438 1743 virorum
1463 1687 1571 1741 vita
1605 1685 1694 1740 illa
1720 1693 1780 1739 ut
1809 1687 1864 1740 in
1904 1699 1998 1754 spe

2091 496 2185 550 τοῦ
2227 497 2539 570 συνέχοντος
2591 499 2670 562 είς
2709 496 2875 568 ζωὴν,
2901 495 3213 567 ἱλαρότητος
3264 494 3319 547 δὲ
3370 493 3430 546 τὸ
3469 493 3678 547 ἔλαιον.

2094 589 2460 661 Πφσαγέσθω
2487 589 2550 662 δὴ
2599 585 2693 645 οὖν
2742 590 2836 644 καὶ
2883 589 3018 659 πρὸς
3057 603 3119 656 γε
3162 584 3322 658 ἡμῶν
3363 584 3538 639 αὐτῶν
3600 585 3688 654 τῷ

2093 683 2185 736 ἐπὶ
2235 682 2450 737 πάντων
2479 682 2596 754 Θεῷ
2624 681 2684 736 τὸ
2717 681 2792 745 ὡς
2821 684 2878 735 tv
2916 679 3260 752 λαμπρότητι
3285 677 3430 748 ζωῆς
3467 676 3685 748 ἱλαρὸν,

2095 772 2277 826 ἐλπίδι
2303 775 2370 844 τῇ
2399 774 2457 825 tv
2486 772 2729 844 Χριστῷ.
2768 791 2786 824 ι
2821 773 2898 844 Τῇ
2933 773 3042 844 γὰρ
3076 770 3250 825 ἑλπίδι
3299 769 3606 841 χαίροντες,
3656 786 3678 820 ι

2095 862 2247 932 φησί.
2298 863 2424 927 Πῶς
2461 863 2505 915 δ’
2538 863 2604 917 ἂν
2645 859 2754 919 εἷεν
2816 863 2936 934 οὐχὶ
2974 863 3073 934 τῆς
3110 862 3370 917 ἀνωτάτω
3406 859 3692 930 θυμηδίας

2095 953 2338 1024 ἔμπλεῳ,
2356 954 2418 1007 τὺ
2435 955 2493 1006 tv
2519 954 2630 1025 ζωῇ
2647 971 2705 1007 τε
2729 956 2823 1008 καὶ
2842 954 3088 1026 πολιτείᾳ
3119 953 3420 1024 περιφανὲς
3441 951 3692 1022 ἐξησκη-

2095 1045 2253 1109 κότες
2282 1041 2340 1100 εὖ
2378 1046 2523 1117 μάλα
2566 1047 2673 1101 τῶν
2703 1046 2796 1101 τοῦ
2841 1047 3094 1116 Σωτῆρος
3135 1044 3295 1116 ἡμῶν
3324 1043 3692 1114 ὲνταλμάτων

2095 1140 2141 1192 οἱ
2171 1139 2432 1208 φύλακεςς
2481 1134 2562 1204 οἷς
2611 1139 2788 1210 πάντη
2822 1157 2880 1194 τε
2915 1141 3007 1192 καὶ
3041 1138 3259 1201 πάντως
3283 1137 3345 1190 τὺ
3373 1138 3430 1190 tv
3461 1135 3692 1208 μεθέξει

2095 1231 2354 1300 γενέσθαι
2393 1231 2492 1302 τῆς
2529 1231 2688 1304 δόξης
2717 1231 2885 1286 αὐτοῦ
2910 1229 3331 1302 τεθησαύρισται
3361 1227 3510 1299 παρὰ
3532 1227 3689 1298 Θεῷ.

2101 1323 2468 1379 «Ἀπεθάνετε
2511 1324 2641 1396 γὰρ,
2690 1323 2845 1396 φησι,
2901 1324 2996 1378 καὶ
3046 1324 3080 1394 ἡ
3119 1321 3231 1394 ζωὴ
3283 1320 3436 1391 ὑμῶν
3479 1319 3694 1390 κέκρυ-

2097 1437 2229 1474 πται
2258 1421 2353 1474 σὺν
2400 1417 2478 1489 τῷ
2517 1417 2743 1490 Χριστῷ
2768 1419 2824 1470 tv
2864 1417 2943 1487 τῷ
2971 1416 3111 1487 Θεῷ.
3165 1417 3332 1469 Ὅταν
3377 1415 3405 1466 6
3443 1412 3694 1485 Χριστὸς

2098 1509 2408 1582 φανερωθῇ,
2451 1507 2626 1581 ἡξωὴ
2671 1508 2848 1580 ἡμῶν,
2889 1509 3010 1562 τότε
3055 1507 3148 1561 καὶ
3197 1507 3353 1578 ὑμεῖς
3397 1507 3492 1560 σὺν
3525 1502 3694 1573 αὐτῷ

2099 1602 2552 1674 φανερωθήσεσθε
2578 1601 2636 1655 ὲν
2664 1600 2808 1673 δόξῃ.
2846 1619 2864 1652 ι
2899 1597 3162 1670 Οὐκοῦνή
3192 1596 3465 1668 σεμίδαλις
3509 1595 3696 1649 ἐλαιό-

2099 1694 2306 1757 δευτος.
2352 1694 2570 1748 Ἔνεστι
2612 1692 2720 1765 γὰρ
2766 1695 2832 1764 τῇ
2862 1691 2970 1745 τῶν
3017 1690 3186 1761 ἁγίων
3229 1688 3339 1761 ζωῇ
3391 1689 3482 1742 καὶ
3514 1687 3577 1740 τὸ
3609 1686 3695 1750 ὡς

409 1789 598 1860 gloria:
623 1785 898 1848 hilaritas,
927 1798 1052 1839 cum
1088 1780 1379 1850 splendore
1399 1778 1660 1832 nimirum
1692 1775 1996 1830 sanctitatis

2111 1787 2155 1836 ιν
2178 1782 2351 1836 ἑλπίδι
2367 1782 2524 1853 δόξης
2546 1782 2747 1853 ἱλαρὸν,
2772 1781 2914 1854 μετὰ
2930 1779 3313 1853 λαμπρότητος
3326 1777 3566 1849 δηλονότι
3584 1777 3698 1847 τῆς

410 1887 464 1933 et
490 1877 738 1951 iustitiae.
763 1873 1008 1931 Aureum
1039 1887 1205 1943 porro
1236 1870 1619 1925 mortariolum
1646 1869 1854 1924 incensi
1882 1869 2000 1938 ple-

413 1985 544 2026 num
577 1976 892 2025 sanctorum
932 1963 1403 2037 pulchritudinem
1439 1960 1731 2033 signiﬁcat,
1761 1967 1816 2015 et
1849 1960 1997 2014 illam

413 2071 674 2131 tanquam
717 2059 774 2114 in
815 2057 986 2113 sacris
1015 2057 1163 2112 vasis
1195 2054 1624 2110 suaveolentiam
1669 2052 1995 2116 sanctitatis,

413 2169 536 2223 qua:
569 2151 769 2208 deinde
795 2149 1026 2206 oﬁ‘ertur
1053 2149 1166 2204 Deo
1195 2147 1347 2202 velut
1378 2146 1585 2201 donum
1613 2144 1888 2216 quoddam
1917 2160 2003 2199 sa-

412 2263 482 2301 ne
505 2243 1024 2317 fragrantissimum.
1047 2243 1130 2297 An
1156 2255 1308 2305 vero,
1341 2239 1570 2302 Palladi,
1607 2245 1827 2292 sanctos
1852 2237 2002 2292 viros

412 2350 542 2393 vasa
577 2351 698 2392 esse
727 2333 1012 2405 splendida
1042 2341 1098 2387 et
1124 2332 1299 2394 electa
1319 2347 1427 2385 non
1455 2329 1812 2401 putabimus?

488 2428 688 2486 PALL.
721 2428 833 2498 Ego
859 2441 992 2480 vero
1023 2424 1260 2480 maxime
1289 2434 1444 2494 puto.

479 2520 639 2578 CYR.
662 2520 882 2577 Vitulus
899 2519 1069 2590 igitur
1091 2534 1122 2572 a
1142 2516 1374 2589 singulis
1398 2531 1541 2570 unus
1563 2514 1795 2571 oﬁ'ertur
1812 2556 1825 2580 ,
1850 2521 2004 2570 sunt-

408 2627 523 2684 que
570 2610 734 2666 simul
790 2609 1038 2665 universi
1084 2608 1396 2673 duodecim,
1453 2606 1548 2662 sed
1590 2607 2002 2661 tabernaculum

416 2717 603 2764 tamen
625 2705 836 2762 vehunt
879 2703 1018 2768 bini,
1055 2700 1123 2758 ad
1167 2700 1482 2756 vehiculum
1523 2715 1587 2754 ac
1608 2700 1800 2770 jugum
1833 2713 2004 2752 unum

413 2794 612 2866 juncti,
659 2792 1088 2862 Levitarumque
1145 2797 1273 2845 sunt
1322 2789 1646 2845 ministeriis
1701 2786 1950 2841 attributi
1990 2802 2002 2838 :

301 2933 306 2936 .
417 2902 541 2958 quae
584 2901 672 2942 res
708 2884 882 2956 ﬁgura
925 2892 1010 2939 est
1050 2883 1216 2954 368
1255 2881 1490 2937 duorum
1531 2880 1881 2952 populorum,
1912 2879 2008 2949 qui

418 2995 531 3034 non
553 2978 736 3033 adhuc
759 2977 1074 3049 dogmatum
1097 2985 1154 3032 et
1173 2975 1301 3030 vitae
1321 2972 1773 3029 dissimilitudine
1800 2972 2009 3044 disjun—

419 3074 516 3139 eti,
553 3071 649 3128 sed
683 3072 786 3128 sub
807 3087 978 3126 unum
1011 3067 1312 3125 Salvatoris
1337 3068 1512 3123 nostri
1538 3068 1728 3138 jugum
1770 3065 2010 3120 toleran-

423 3176 506 3220 ter
531 3179 596 3219 ac
631 3163 849 3218 fortiter
892 3160 1172 3233 conjuncti
1208 3166 1338 3215 sunt
1375 3167 1540 3229 atque
1579 3167 1958 3216 convenerunt
1992 3176 2003 3210 :

426 3274 446 3306 1
482 3254 732 3310 Viriliter
761 3252 911 3308 enim
938 3268 1060 3324 age,
1101 3271 1121 3304 ›
1152 3251 1353 3321 inquit,
1393 3269 1410 3301 ι
1447 3260 1504 3306 et
1538 3250 1878 3306 confortetur
1913 3263 2009 3304 cor

421 3361 600 3415 tuum,
627 3354 686 3404 et
716 3347 927 3402 sustine
951 3343 1245 3408 Dominum
1270 3344 1337 3398 ⁸⁸.
1374 3363 1392 3396 ι
1427 3343 1526 3399 Est
1566 3351 1752 3398 autem
1794 3343 1896 3398 bos
1926 3342 2008 3396 la-

422 3437 574 3494 boris
602 3433 1092 3492 tolerantissimum
1119 3434 1319 3489 animal
1351 3441 1516 3502 atque
1541 3431 2008 3497 robustissimum,

422 3528 614 3595 quales
649 3525 876 3580 omnino
918 3534 1069 3590 sunt,
1126 3523 1223 3593 qui
1265 3522 1528 3593 pietatem
1571 3522 1629 3577 in
1671 3524 1846 3579 Deum
1891 3539 2010 3578 am-

424 3617 762 3685 plectuntur,
823 3613 919 3682 qui
979 3611 1262 3668 Christum
1321 3611 1479 3682 quasi
1517 3613 1710 3682 jugum
1757 3612 1863 3667 sibi
1905 3613 2010 3668 im-

426 3705 666 3777 positum
698 3703 994 3768 sustinent,
1026 3703 1084 3757 in
1106 3702 1201 3757 illo
1231 3717 1389 3757 sacro
1427 3701 1784 3758 tabernaculo
1814 3703 2016 3774 ﬁgura-

429 3811 565 3856 tum.
600 3797 816 3867 Corpus
848 3811 1016 3867 porro
1065 3795 1214 3851 illius
1260 3795 1563 3852 Ecclesiam
1623 3796 1739 3867 ipse
1793 3813 2013 3868 quoque

428 3890 632 3947 Paulus
663 3888 887 3945 divinus
914 3887 1000 3942 vir
1019 3887 1260 3958 appellat
1282 3885 1374 3941 ‘3'.
1403 3887 1619 3943 Dictum
1645 3896 1728 3942 est
1751 3888 1916 3943 etiam
1944 3888 2015 3944 ad

428 3983 698 4040 Ananiam
735 3981 804 4037 de
835 3978 1028 4036 eodem
1057 3979 1264 4034 Paulo:
1299 3997 1316 4030 ι
1347 3979 1518 4044 Vade,
1553 3998 1570 4031 ι
1607 3980 1802 4050 inquit,
1834 4000 1850 4031 ι
1885 3980 2013 4051 quia

328 4075 330 4077 ’
430 4090 526 4130 vas
552 4071 841 4129 electionis
871 4079 960 4127 est
989 4070 1082 4126 hic
1109 4071 1265 4136 mihi,
1297 4079 1359 4126 ut
1387 4080 1568 4142 portet
1596 4086 1798 4127 nomen
1831 4087 2012 4128 meum

430 4179 618 4219 coram
646 4161 904 4235 gentibus
928 4163 996 4217 δ’.
1037 4181 1056 4214 ι
1094 4161 1254 4216 Aries
1276 4171 1540 4232 praeterea
1583 4170 1641 4217 et
1676 4176 1850 4232 agnus
1879 4162 2015 4216 alie-

430 4262 654 4320 runtur,
683 4253 782 4325 qui
820 4262 936 4310 tum
968 4253 1300 4324 antiquioris
1327 4261 1444 4308 tum
1473 4253 1799 4308 recentioris
1828 4253 2017 4323 populi

429 4346 498 4401 ad
526 4347 698 4402 Deum
721 4359 1002 4402 accessum
1027 4359 1092 4399 ac
1116 4344 1287 4399 veluti
1315 4343 1720 4398 dedicationem
1752 4343 2015 4413 spiritua-

2101 1876 2157 1928 tv
2173 1875 2411 1947 ὁσιότητι
2428 1876 2522 1930 καὶ
2536 1875 2870 1949 δικαιοσύνῃ.
2890 1876 2934 1929 Χ
2942 1874 3083 1946 ρυσῆ
3099 1874 3154 1928 δὲ
3175 1872 3371 1943 θυΐσκη
3403 1871 3695 1942 θυμιάμα-

2099 1987 2191 2034 τος
2242 1970 2476 2043 πλήρης,
2506 1969 2564 2024 τδ
2585 1971 2694 2024 τῶν
2722 1971 2892 2039 ἁγίων
2928 1969 3214 2041 γράφουσα
3237 1967 3453 2030 κάλλος,
3493 1967 3587 2019 καὶ
3612 1965 3694 2029 ὡς

2101 2066 2160 2119 ὲν
2189 2064 2437 2118 σκεύεσιν
2470 2063 2746 2128 ἐκλεκτοῖς
2777 2064 2839 2117 τδ
2886 2061 3084 2126 εὑῶδες
3139 2062 3196 2115 tv
3238 2056 3511 2130 ἁγιασμῷ,
3560 2055 3696 2113 εἶτα

2101 2155 2271 2228 δῶρον
2293 2154 2481 2225 ὥσπερ
2510 2171 2562 2207 τι
2606 2154 2724 2226 Θεῷ
2747 2153 2808 2208 τὸ
2837 2152 3198 2223 εὐοσμότατον
3214 2150 3448 2222 άληθῶς.
3468 2149 3538 2202 Ἣ
3559 2147 3697 2218 οὐχὶ

2103 2250 2272 2321 σκεύη
2317 2248 2548 2322 λαμπρὰ
2590 2251 2684 2302 καὶ
2717 2247 2992 2302 ἁπόλεκτα
3022 2244 3150 2308 τοὺς
3173 2243 3368 2312 ἁγίους
3417 2241 3696 2311 ὑπάρχειν

2103 2340 2433 2411 οἰησαίμεθα
2457 2339 2544 2406 ἂν,
2569 2334 2613 2394 ὦ
2638 2336 2940 2406 Παλλάδιε;

2176 2435 2390 2490 ΠΑΛΛ.
2423 2432 2675 2489 Μάλιστα
2699 2449 2784 2501 γε.

2175 2524 2342 2579 ΚΥΡ.
2372 2524 2588 2594 Μόσχος
2618 2522 2675 2576 δὲ
2701 2518 2770 2595 ἧν
2798 2523 2928 2592 παρ’
2955 2519 3208 2586 ἑκάστου,
3243 2519 3338 2574 καὶ
3367 2517 3696 2572 δυοκαίδεκα

2109 2617 2209 2691 μὲν
2267 2618 2320 2671 oi
2381 2615 2606 2680 πάντες.
2671 2613 3065 2691 Ἀχθοφοροῦσί
3117 2629 3181 2680 γε
3232 2612 3338 2681 μὴν
3390 2609 3487 2680 τὴν
3525 2609 3697 2676 ἁγίαν

2109 2690 2343 2781 σκηνὴν,
2365 2708 2506 2762 κατὰ
2529 2708 2623 2763 δύο
2638 2690 3124 2779 προσενηνεγμένα
3149 2705 3283 2777 πρὸς
3300 2703 3514 2774 ἄμαξαν
3537 2704 3693 2774 μίαν,

2109 2800 2202 2853 καὶ
2225 2799 2327 2852 ὑπὸ
2354 2798 2516 2868 ζυγὸν
2548 2797 2666 2863 ἕνα,
2694 2798 3082 2869 ὲκνενέμηνται
3099 2795 3156 2849 δὲ
3181 2798 3300 2859 ταῖς
3317 2794 3424 2847 τῶν
3450 2793 3695 2848 Λευιτῶν

2111 2891 2475 2964 ύπουργίαις’
2526 2892 2622 2944 καὶ
2678 2889 2848 2954 τύπος
2902 2888 2969 2944 ἂν
3024 2890 3110 2960 είη
3145 2887 3206 2942 τό
3249 2888 3438 2960 χρῆμα
3461 2886 3567 2940 τῶν
3595 2886 3696 2940 δύο

2110 2985 2275 3052 λαῶν,
2312 2985 2494 3039 οὐκέτι
2542 2983 2958 3057 μεμερισμένων
2989 2985 3066 3046 εἰς
3097 2981 3457 3053 ἀνομοιότητα
3488 2979 3694 3051 δογμά-

2111 3094 2219 3130 των
2249 3077 2345 3131 καὶ
2383 3075 2550 3146 ζωῆς,
2581 3074 3064 3145 συνενηνεγμένοιν
3088 3073 3144 3126 δὲ
3175 3074 3364 3143 ὥσπερ
3383 3072 3476 3124 καὶ
3515 3069 3697 3124 συνδε⁹

2111 3169 2475 3240 δραμηκότοιν
2529 3167 2635 3221 ὑπό
2686 3184 2748 3236 γε
2788 3167 2880 3220 τὸν
2921 3165 3018 3218 ἕνα
3068 3165 3162 3218 τοῦ
3231 3163 3486 3234 Σωτῆρος
3528 3160 3697 3228 ζυγὸν

2109 3260 2403 3334 τληπαθῶς
2466 3260 2560 3314 καὶ⁵
2618 3259 2898 3330 ἀνδρείως.
2957 3278 2975 3309 ι
3027 3254 3310 3328 Ἀνδρίζου
3349 3255 3479 3326 γὰρ,
3534 3255 3693 3323 φησι,

2111 3355 2203 3407 καὶ
2255 3349 2634 3424 κραταιούσθω
2689 3352 2723 3422 ἡ
2781 3349 2980 3419 καρδία
3009 3365 3124 3413 σου,
3163 3349 3258 3402 καὶ
3281 3346 3572 3416 ὑπόμεινον
3599 3345 3694 3398 τὸν

2111 3445 2335 3517 Κύριον.
2363 3465 2382 3497 ι
2417 3443 2704 3513 Τληπαθὲς
2730 3443 2787 3496 δὲ
2816 3442 2955 3508 ζῶον
2975 3443 3004 3495 6
3033 3443 3232 3512 μόσχος
3255 3439 3348 3493 καὶ
3367 3437 3696 3509 κραταιότα-

2113 3551 2222 3590 τον.
2256 3534 2457 3588 Τοιοίδε
2509 3534 2726 3597 πάντως
2756 3535 2805 3586 οἱ
2839 3531 3146 3594 θεοσεϐείας
3191 3528 3476 3602 ᾑρημένοι,
3530 3526 3696 3595 ζυγὸν

2113 3626 2296 3697 ὥςπερ
2331 3626 2414 3696 ἐφ’
2447 3626 2658 3688 ἑαυτοῖς
2690 3625 2978 3694 ἐπέχοντες
3019 3622 3110 3675 τὸν
3144 3620 3400 3692 Χριστὸν,
3430 3619 3505 3682 ὡς
3543 3621 3600 3671 tv
3626 3621 3693 3687 τῇ

2116 3718 2248 3790 ἁγίᾳ.
2283 3719 2459 3788 σκηνῇ
2505 3714 3078 3786 προανατυπούμενον.
3103 3712 3271 3782 Σῶμα
3298 3711 3354 3764 δὲ
3393 3707 3558 3764 αὑτοῦ
3594 3709 3696 3777 τὴν

2127 3808 2452 3880 Ἐκκλησίαν
2481 3808 2576 3860 καὶ
2608 3806 2636 3859 6
2667 3805 2806 3868 θεῖος
2832 3807 2961 3876 ἡμῖν
2996 3801 3246 3872 ὠνόμαζε
3279 3801 3512 3863 Παῦλος.
3551 3799 3700 3852 Ἐλέ-

2115 3918 2242 3971 γετο
2270 3900 2326 3954 δὲ
2358 3899 2450 3952 καὶ
2499 3898 2637 3968 πρὸς
2671 3895 2921 3951 Ἀνανίαν
2959 3896 3086 3968 περὶ
3109 3893 3297 3959 αὑτοῦ,
3329 3894 3472 3964 φημὶ
3509 3891 3574 3962 δὴ
3600 3887 3697 3944 τοῦ

2117 3990 2380 4047 Παύλου-ι
2404 3990 2667 4061 Πορεύου,
2692 3989 2771 4041 ὅτι
2803 3986 2993 4051 σκεῦος
3009 3986 3239 4056 ἐκλογῆς
3271 3986 3386 4038 ἐστί
3412 4002 3501 4054 μοι
3519 3978 3698 4047 οὗτος,

2117 4082 2210 4137 τοῦ
2251 4081 2522 4153 βαστάσαι
2580 4079 2642 4134 τὸ
2694 4080 2868 4151 ὄνομά
2908 4098 3007 4151 μου
3037 4080 3276 4132 ἐναντίον
3314 4077 3422 4130 τῶν
3457 4077 3645 4131 ἐθνῶν.
3675 4095 3696 4127 ›

2118 4175 2285 4248 Κριὸς
2313 4174 2369 4228 δὲ
2400 4173 2536 4245 πρὸς
2569 4171 2798 4236 τούτοις,
2831 4172 2924 4225 καὶ
2971 4171 3076 4243 μὴν
3107 4170 3201 4224 καὶ
3232 4169 3404 4239 ἁμνδς
3438 4169 3506 4223 τά
3534 4185 3703 4238 προσ-

2119 4266 2469 4339 ενηνεγμένα,
2499 4264 2593 4319 τοῦ
2659 4282 2718 4318 τε
2774 4263 3150 4336 πρεσϐυτέρου
3192 4260 3702 4332 προσενηνεγμένου

2121 4362 2216 4412 καὶ
2249 4357 2346 4412 τοῦ
2391 4360 2512 4412 νέου
2538 4356 2667 4411 λαοῦ
2716 4357 2816 4428 τὴν
2861 4356 2998 4426 πρὸς
3035 4355 3167 4410 Θεὸν
3235 4356 3420 4424 ἄφιξιν
3466 4354 3561 4408 καὶ
3601 4354 3702 4423 τὴν

433 4441 540 4495 lem
571 4454 682 4509 pra:
707 4453 767 4494 se
806 4437 1008 4494 ierunt.
1037 4435 1110 4492 Ut
1132 4436 1279 4490 enim
1327 4434 1382 4488 in
1423 4434 1604 4490 bobus
1635 4435 1926 4490 tolerantia
1959 4445 2006 4490 et

2119 4445 2405 4512 οἱονείπως
2439 4445 2716 4512 ἀνάθεσιν,
2763 4443 2923 4516 δῆλον
2961 4443 3017 4498 δὲ
3051 4445 3132 4498 ὃτι
3175 4444 3273 4515 τὴν
3301 4443 3701 4514 πνευματικὴν,

429 4530 699 4588 fortitudo
749 4527 1158 4601 designabatur,
1205 4524 1307 4590 sic,
1351 4535 1412 4581 ut
1448 4525 1667 4595 opinor,
1715 4526 1773 4580 in
1822 4525 2020 4582 ovibus

433 4637 653 4692 quoque
687 4621 780 4676 illa
822 4635 951 4676 cum
990 4615 1412 4673 mansuetudine
1441 4616 1668 4673 ubertas
1700 4633 1893 4674 eorum
1922 4620 2018 4689 qui

429 4732 534 4786 per
566 4713 732 4771 ﬁdem
759 4713 817 4767 in
829 4710 1118 4769 Christum
1135 4709 1418 4781 iustiﬁcati
1445 4719 1596 4777 sunt,
1616 4710 1778 4782 plane
1811 4711 2021 4769 indica-

437 4817 567 4875 tur;
607 4814 694 4864 est
723 4819 960 4876 namque
1005 4802 1062 4859 id
1098 4803 1300 4859 animal
1331 4811 1679 4860 mansuetum
1708 4813 1873 4877 atque
1901 4805 2020 4862 l'ru-

430 4909 725 4965 ctuosum,
759 4897 952 4966 quales
986 4902 1117 4950 sunt
1165 4910 1356 4951 omnes
1397 4895 1492 4965 qui
1524 4897 1892 4968 evangelicam
1933 4898 2017 4952 vi-

439 4989 601 5044 vendi
623 4990 897 5044 rationem
919 4986 1212 5057 diligenter
1233 4987 1441 5052 colunt,
1471 5003 1610 5057 quos
1631 4988 1746 5058 ipse
1767 4987 2020 5044 Christus

427 5079 861 5150 alloquebatur;
909 5096 926 5129 ι
963 5077 1125 5135 Omni
1155 5079 1368 5149 petenti
1406 5085 1459 5134 te
1491 5079 1707 5146 tribue;
1749 5087 1807 5135 et
1833 5081 1904 5136 ab
1931 5095 2018 5146 eo,

438 5173 534 5245 qui
576 5171 722 5228 tollit
745 5187 834 5227 res
865 5180 1006 5237 tuas,
1038 5186 1107 5226 ne
1139 5179 1376 5242 repetas,
1417 5180 1474 5227 et
1519 5171 1849 5243 percutienti
1886 5180 1937 5228 te
1966 5173 2022 5228 in

439 5269 664 5322 dextera
705 5263 946 5326 maxilla,
991 5273 1146 5320 verte
1194 5262 1272 5318 illi
1311 5272 1369 5320 et
1409 5263 1636 5319 alteram
1660 5264 1727 5317 ⁶⁰.
1763 5283 1782 5317 ι
1815 5263 2021 5324 Scribit

428 5358 606 5414 Ietiam
634 5355 834 5412 Paulus
860 5373 878 5407 ι
911 5373 928 5406 ι
956 5353 1188 5412 Servum
1209 5364 1395 5412 autem
1419 5355 1634 5410 Domini
1664 5369 1774 5410 non
1801 5366 2018 5428 oportet

435 5464 702 5521 pugnare,
735 5447 832 5504 sed
868 5456 1214 5506 mansuetum
1252 5462 1370 5504 esse
1403 5446 1472 5502 ad
1506 5461 1718 5515 omnes,
1762 5449 1820 5504 in
1861 5466 2016 5506 man-

430 5541 731 5598 suetudine
770 5541 1058 5598 docentcm
1089 5541 1302 5598 diversa
1335 5541 1636 5598 sentientes
1666 5543 1729 5596 ⁸⁸.
1769 5561 1787 5595 ι
1819 5543 2020 5599 Praedi-

2116 4539 2564 4610 ὑπεμφαίνοντες.
2624 4539 2832 4609 Ὥσπερ
2896 4537 3006 4608 γὰρ
3045 4537 3108 4590 τὸ
3161 4536 3436 4607 τληπαθὲς
3477 4535 3572 4588 καὶ
3603 4535 3703 4588 ἁν-

2114 4631 2290 4702 δρεῖον
2324 4629 2401 4693 ὡς
2445 4629 2503 4682 tv
2548 4646 2611 4698 γε
2653 4632 2766 4693 τοῖς
2815 4629 3038 4699 μόσχοις
3073 4627 3522 4700 κατεσημαίνετο.
3559 4626 3706 4680 κατὰ

2119 4723 2209 4777 τὸν
2234 4722 2370 4788 ἴσον,
2399 4717 2573 4792 οἶμαι,
2599 4722 2809 4776 τουτονὶ
2839 4721 3159 4794 τρόπονκαὶ
3195 4722 3252 4776 tv
3272 4723 3384 4782 τοῖς
3409 4717 3709 4789 προϐάτοις

2119 4814 2152 4886 ἠ
2208 4812 2284 4878 ὡς
2335 4817 2392 4868 tv
2446 4813 2713 4885 πραότητι
2774 4813 3121 4885 καρποφορία
3161 4810 3273 4865 τῶν
3323 4811 3412 4864 διὰ
3465 4809 3708 4872 πίστεως

2121 4905 2220 4976 τῆς
2257 4906 2315 4958 tv
2347 4902 2564 4978 Χριστῷ
2602 4903 3038 4975 δεδικαιωμένων
3083 4902 3449 4956 διαδείκνυται
3492 4899 3703 4968 σαφῶς.

2123 4997 2309 5068 Πρᾶον
2339 4997 2447 5070 γὰρ
2469 4996 2534 5067 δὴ
2560 4998 2621 5050 τὸ
2655 4995 2811 5062 ζῶον,
2845 4998 2940 5050 καὶ
2982 4996 3089 5068 μὴν
3119 4996 3422 5066 ἔγκαρπον.
3458 4993 3706 5046 Τοιοῦτοι

2124 5090 2182 5144 δὲ
2205 5090 2404 5152 πάντες
2427 5091 2477 5144 oi
2515 5089 2613 5161 τῆς
2643 5090 3005 5162 εὐαγγελικῆς
3033 5089 3308 5152 πολιτείας
3343 5086 3594 5157 ἀκριϐεῖς
3619 5087 3708 5155 t9-

2127 5177 2312 5244 γὰται,
2344 5171 2426 5240 οἷς
2446 5178 2540 5230 καὶ
2573 5178 2738 5242 αὐτὸς
2766 5179 3117 5249 ἐπεφώνησεν
3143 5179 3172 5232 6
3194 5176 3450 5248 Χριστός·
3479 5193 3499 5227 ι
3536 5174 3709 5228 Παντὶ

2125 5267 2202 5338 τῷ
2235 5267 2473 5322 αἰτοῦντί
2508 5286 2566 5322 σε
2616 5269 2758 5324 δίδου
2788 5309 2802 5334 ,
2835 5271 2930 5324 καὶ
2955 5269 3063 5324 ἀπὸ
3106 5267 3200 5323 τοῦ
3227 5267 3475 5339 αἴροντος
3511 5264 3582 5318 τά
3616 5263 3706 5325 σὰ,

2129 5363 2205 5433 μὴ
2230 5361 2474 5428 ἀπαίτει,
2497 5363 2592 5417 καὶ
2609 5360 2699 5433 ,τῷ
2726 5362 2941 5417 παίοντί
2966 5379 3026 5415 σε
3049 5363 3128 5426 είς
3155 5361 3253 5432 τὴν
3275 5359 3522 5429 σιαγόνα,
3551 5356 3712 5426 στρέ-

2125 5453 2224 5524 ψον
2241 5453 2388 5525 αὑτῷ
2416 5454 2513 5508 καὶ
2536 5454 2636 5524 τὴν
2665 5453 2855 5527 ἄλλην.
2886 5473 2906 5507 ι
2945 5455 3154 5526 Ρρὰφει
3183 5453 3240 5508 δὲ
3277 5452 3372 5507 καὶ
3393 5454 3422 5506 ό
3455 5449 3662 5511 Παῦλος
3683 5463 3703 5482 ο

2132 5563 2151 5596 ι
2185 5545 2379 5601 Δοῦλον
2407 5545 2462 5601 δὲ
2495 5547 2780 5618 Κυρίου,οὑ
2803 5548 2885 5601 δεῖ
2909 5546 3199 5620 μάχεσθαι,
3218 5546 3332 5600 ἁλλ’
3365 5546 3524 5618 ἤπιον
3565 5537 3708 5595 εἶναι

515 5654 571 5727 ’ᾖ
596 5652 751 5727 ἰξοῦ).
791 5669 894 5727 xu1
916 5653 1002 5727 η.
1079 5653 1124 5685 ³⁷
1153 5652 1268 5707 Col.
1311 5669 1389 5722 ιιι,
1421 5654 1474 5722 5,
1503 5655 1555 5709 4.
1615 5654 1680 5725 ,⁸³
1711 5656 1852 5712 Psal.
1886 5672 2006 5711 xxvi

2111 5658 2150 5714 ι.
2247 5658 2314 5690 ⁸⁸⁸
2345 5660 2460 5717 Col.
2491 5677 2541 5723 ι,
2593 5657 2682 5714 24.
2763 5660 2808 5693 ⁸⁸
2843 5661 2964 5716 Act.
3002 5677 3074 5727 ix,
3108 5661 3190 5715 15.
3271 5659 3315 5692 ⁸⁸
3345 5658 3478 5714 Luc.
3507 5673 3575 5725 vr,
3608 5657 3702 5713 30.

441 5721 490 5751 ⁴¹
532 5722 578 5780 Π
608 5721 748 5778 Tim.
779 5735 844 5786 tr,
867 5721 956 5776 24.
