3996 6212
344 387 451 442 717

1038 381 1126 437 DE
1166 377 1612 437 ADOBATIONE
1652 378 1719 434 iN
1762 378 2033 435 SPIRITU
2071 380 2165 435 ΕΤ
2202 379 2570 438 VERITATE.
2602 411 2672 419 -——
2710 379 2840 435 LIB.
2881 379 2949 434 Χ.

3518 385 3622 444 713

342 503 483 576 πρὸς
506 501 735 563 πάντας,
767 500 825 553 ὲν
867 499 1135 571 πραότητι
1160 496 1482 552 διδάσκοντα
1529 497 1654 560 τοὺς
1686 497 1925 552 ἀντιδια-

2041 499 2134 555 ctis
2169 508 2354 555 autem
2379 498 2522 554 haedi
2556 498 2722 554 etiam
2744 496 3079 553 oblationem
3100 497 3323 569 adjungi
3342 509 3621 570 oportere,

341 594 684 666 τιθεμένους.
707 612 727 645 ι
763 592 837 647 Τὸ
866 593 923 647 δὲ
956 594 1066 647 δεῖν
1102 590 1331 645 ἕπεσθαι
1372 593 1484 654 τοῖς
1521 591 1624 663 ήδη
1666 607 1928 664 προειρη-

344 688 531 758 μένοις
578 686 673 741 καὶ
705 685 805 758 τὴν
838 685 995 755 αίγὺς
1030 684 1373 758 προσφορὰν,
1402 683 1694 749 ἑκδείξειεν
1718 684 1785 739 ἂν
1810 685 1930 754 οὐχὶ

341 779 555 852 ἕτερον,
576 774 752 849 οἶμαι,
778 778 856 841 τὶ,
884 776 1026 848 πλὴν
1050 778 1187 848 ὅπερ
1218 775 1444 846 ἔναγχος
1465 774 1626 846 ἔφην,
1647 775 1708 828 τὸ
1725 774 1930 829 δεῖσθαι

340 869 410 942 δὴ
438 870 674 933 πάντας,
704 868 808 923 κᾶν
840 868 894 922 εἷ
920 886 1063 933 τινες
1086 863 1197 923 εἷεν
1220 867 1421 938 ἀγαθοὶ
1436 868 1530 940 τὴν
1561 868 1696 936 ἕξιν,
1716 867 1813 923 τοῦ
1842 869 1932 923 διὰ

345 961 746 1035 μεταγνώσεως
769 960 1115 1033 καθαρισμοῦ
1174 962 1267 1015 καὶ
1293 961 1598 1033 ἀμνηστίας
1633 978 1933 1033 παραπτω-

345 1056 552 1127 μάτων.
579 1056 689 1108 Καὶ
720 1053 878 1108 τοῦτο
907 1052 1261 1117 εἰδὼςόθεῖος
1294 1053 1398 1126 ἔφη
1427 1053 1610 1109 Δαόίδ.
1638 1072 1657 1105 ι
1686 1053 1811 1109 Ἐὰν
1845 1055 1935 1108 ἀνα

341 1145 507 1218 ομίας
521 1145 941 1219 παρατηρήσῃς,
966 1143 1161 1217 Κύριε,
1178 1144 1375 1217 Κύριε,
1391 1145 1475 1209 τίς
1493 1145 1860 1218 ὑποστήσεται
1879 1163 1927 1211 ς»

342 1240 597 1311 Χίμαρος
622 1238 688 1311 δὴ
709 1234 804 1294 οῦν
832 1239 895 1292 τὸ
908 1238 1047 1310 ὑπὲρ
1067 1238 1317 1308 ἀφέσεως
1339 1235 1508 1310 θῦμα,
1538 1239 1679 1293 κατὰ
1698 1238 1791 1292 τὸν
1823 1239 1934 1293 πά-

343 1329 434 1386 λαι
468 1331 653 1402 νόμον.
686 1329 1043 1399 Μετάγνωσις
1068 1329 1125 1383 δὲ
1170 1328 1290 1382 νυνὶ
1324 1330 1419 1383 καὶ
1444 1330 1754 1401 ἀμνηστίας
1786 1331 1935 1401 ιιίτη⁸

345 1441 432 1488 σις
457 1424 521 1477 τὸ
553 1421 677 1476 καθ’
716 1423 866 1494 ἡμᾶς
898 1422 1113 1494 ἱερεῖον,
1159 1422 1285 1487 τοὺς
1318 1422 1377 1482 ὲν
1423 1422 1698 1493 πνεύματί
1742 1439 1802 1475 τε
1842 1424 1936 1477 καὶ

342 1514 575 1586 ἀληθείᾳ
633 1514 957 1584 προσιόντας
1002 1511 1143 1583 Θεῷ.
1186 1530 1204 1564 ι
1243 1512 1387 1579 Λέγε
1456 1513 1600 1584 γάρ,
1664 1512 1830 1584 φησι,
1869 1513 1934 1565 σὺ

341 1603 445 1668 τάς
475 1604 750 1675 ἁμαρτίας
795 1618 889 1655 σου
923 1600 1163 1670 πρῶτος,
1192 1600 1282 1655 ἵνα
1313 1600 1632 1672 δικαιωθῇς.
1674 1619 1693 1652 ι
1730 1599 1936 1656 Ψάλλει

343 1695 401 1750 δέ
433 1712 538 1749 που
575 1696 671 1749 καὶ
697 1695 726 1748 ὁ
752 1693 934 1748 Δαϐίδ·
972 1712 991 1746 ι
1037 1686 1203 1757 Εἶπα,
1246 1690 1621 1763 Ἐξαγορεύσω
1650 1693 1770 1746 κατ’
1802 1692 1935 1764 ἐμοῦ

346 1786 446 1858 τὴν
460 1787 734 1858 ἁμαρτίαν
762 1802 863 1856 μου
889 1783 967 1855 τῷ
992 1784 1203 1856 Κυρίῳ,
1232 1783 1329 1837 καὶ
1353 1782 1417 1837 σὺ
1442 1784 1660 1855 ἀφῆκας
1685 1783 1786 1855 τὴν
1805 1784 1935 1839 ἀσέ-

2033 591 2089 647 id
2119 592 2258 647 nihil
2301 591 2474 656 aliud,
2525 600 2587 645 ut
2616 590 2836 662 opinor,
2871 588 3115 645 ostendit
3142 589 3249 645 nisi
3282 590 3429 662 quod
3459 593 3622 663 paulo

2032 694 2159 740 ante
2189 685 2326 749 dixi,
2357 699 2572 748 omnes,
2600 683 2819 738 etiamsi
2869 682 3061 752 probis
3096 682 3371 737 moribus
3392 682 3621 749 fuerint,

2033 776 2357 848 purgatione
2384 775 2722 846 paenitentia
2748 783 2805 830 et
2831 773 3170 830 offensarum
3213 774 3491 831 oblivione
3536 777 3623 832 in-

2033 865 2243 938 digere.
2287 865 2455 936 idque
2480 866 2659 922 sciens
2689 866 2883 921 beatus
2909 865 3078 920 David
3114 865 3334 922 aiebat:
3375 879 3393 918 ι
3425 861 3483 923 Si
3518 869 3626 923 ini-

2033 960 2274 1029 quitates
2302 959 2706 1025 observaveris,
2744 959 2994 1025 Domine,
3025 960 3277 1026 Domine,
3310 961 3437 1032 quis
3462 962 3626 1017 susti-

2034 1052 2190 1107 nebit
2220 1052 2299 1105 "?
2336 1070 2354 1102 ι
2386 1051 2585 1107 Haedus
2606 1051 2773 1123 igitur
2794 1066 2896 1121 pro
2925 1052 3250 1107 remissione
3272 1062 3624 1124 peccatorum

2035 1144 2291 1208 offertur,
2326 1145 2483 1216 juxta
2514 1152 2759 1200 veterem
2802 1144 3000 1215 legem,
3030 1154 3087 1200 et
3113 1160 3261 1199 nunc
3298 1147 3625 1216 pmnitentia

2035 1248 2092 1292 et
2128 1236 2424 1292 oblivionis
2450 1236 2648 1307 petitio
2678 1244 2929 1292 nostrum
2952 1220 3038 1293 est
3058 1238 3389 1294 sacrificium
3413 1240 3470 1296 in
3508 1242 3623 1312 spi-

2038 1332 2148 1385 ritu
2198 1338 2256 1386 et
2290 1330 2525 1384 veritate
2578 1329 2647 1383 ad
2702 1330 2877 1384 Deum
2925 1329 3324 1385 accedentium.
3388 1349 3405 1381 ‹
3461 1332 3560 1386 Dic
3597 1352 3616 1384 ι

2037 1424 2207 1489 enim,
2265 1423 2464 1494 inquit,
2506 1440 2522 1473 ι
2562 1430 2621 1475 ιιι
2652 1420 2805 1492 prior
2829 1421 3167 1491 {iniquitates
3201 1429 3342 1488 tuas,
3366 1430 3428 1478 ut
3458 1424 3624 1495 justi-

2039 1513 2221 1570 ilceris
2262 1514 2327 1567 ⁸³.
2382 1532 2399 1563 ι
2438 1512 2631 1568 Psailit
2658 1512 2829 1567 etiam
2872 1511 3122 1582 profecto
3165 1513 3377 1568 David:
3412 1526 3442 1566 ἰ
3480 1514 3622 1570 Dixi:

2037 1605 2355 1662 Conﬁtebor
2374 1605 2668 1660 adversum
2689 1619 2777 1660 me
2802 1604 3126 1675 injustitiam
3140 1620 3319 1660 meam
3339 1607 3504 1678 369
3519 1608 3626 1662 Do-

2039 1688 2213 1762 mino,
2269 1705 2327 1752 et
2348 1706 2407 1751 tu
2444 1695 2705 1751 remisisti
2750 1694 3085 1767 impietatem
3123 1697 3307 1753 cordis
3347 1699 3550 1754 mei“.
3599 1717 3617 1751 ι

2040 1788 2208 1845 Estne
2242 1790 2352 1860 jam
2397 1787 2496 1843 tibi
2540 1786 2759 1843 tandem
2801 1787 2948 1843 illius
2979 1787 3276 1844 oblationis
3312 1790 3625 1862 principum

344 1878 500 1934 ϐειαν
534 1881 632 1952 τῆς
686 1878 917 1950 καρδίας
961 1894 1089 1949 μου.
1137 1896 1156 1929 ι
1198 1872 1347 1948 *Δρά
1376 1893 1460 1931 σοι
1488 1875 1674 1931 λοιπὸν
1704 1876 1932 1948 σαφὴςό

2041 1882 2177 1937 ratio
2209 1878 2530 1952 perspicua?

343 1973 505 2041 λόγος
539 1973 666 2045 περὶ
696 1971 796 2043 τῆς
828 1970 938 2024 τῶν
961 1970 1238 2042 ἀρχόντων
1264 1969 1641 2042 δωροφορίας;

418 2064 627 2118 ΠΑΔΛ.
658 2063 807 2118 Πάνυ
851 2063 950 2135 μὲν
976 2058 1090 2117 οὗν.

419 2159 586 2213 ΚΥΡ.
617 2158 831 2229 Χρῆναι
860 2156 918 2209 δὲ
948 2152 1103 2228 οἶμαι
1132 2156 1357 2209 κάκεῖνο
1402 2155 1601 2222 εἰπεῖν,
1632 2171 1935 2227 προσκεκο·

350 2250 627 2323 μισμένης
659 2250 770 2320 γάρ
812 2250 915 2322 ήδη
957 2249 1059 2319 τῆς
1098 2252 1230 2320 παρ’
1258 2248 1494 2303 ἑκάστου
1542 2250 1636 2302 καὶ
1687 2248 1763 2312 ὼς
1792 2250 1935 2321 ὑπὲρ

348 2343 569 2397 πάντων
620 2341 835 2407 Θυσίας,
883 2341 1027 2412 ἀρχὴ
1056 2340 1165 2394 τῶν
1206 2340 1367 2393 θείων
1416 2339 1635 2409 ἐγένετο
1662 2340 1837 2409 λόγων
1876 2343 1935 2395 ὲν

346 2434 414 2503 τῇ
448 2431 580 2502 ἁγίᾳ
612 2432 785 2503 σκηνῇ
826 2428 963 2501 πρὸς
1006 2428 1099 2482 τὸν
1127 2428 1448 2500 ἱεροφάντην
1472 2428 1698 2497 Μωσέα.
1723 2427 1933 2502 Γέγρα-

346 2541 481 2577 πται
522 2523 582 2576 δὲ
629 2522 774 2575 οῦτω
820 2520 984 2575 πάλιν
1032 2521 1090 2573 ὲν
1134 2522 1247 2584 τοῖς
1295 2518 1609 2591 Ἀριθμοῖς·
1659 2538 1678 2571 ι
1714 2520 1863 2592 Αὕτη
1896 2522 1931 2592 ἡ

348 2616 654 2685 ἓγκαίνισις
712 2612 807 2667 τοῦ
859 2611 1281 2683 θυσιαστηρίου,
1333 2610 1471 2683 μετά
1532 2611 1594 2666 τὸ
1644 2606 1932 2685 πληρῶσαι

345 2709 447 2772 τὰς
472 2711 666 2781 χεῖρας
700 2705 887 2772 αὑτοῦ,
922 2706 1016 2759 καὶ
1055 2704 1194 2776 μετά
1225 2703 1285 2757 τὸ
1314 2704 1498 2775 χρίσαι
1529 2704 1712 2761 αὐτόν.
1748 2705 1835 2759 Ἐν
1855 2705 1933 2777 τῷ

346 2799 768 2870 εἰσπορεύεσθαι
794 2799 1104 2871 Μωσῆνᾲεὶς
1124 2797 1222 2869 τὴν
1256 2796 1459 2870 σκηνὴν
1482 2797 1577 2851 τοῦ
1604 2798 1930 2871 μαρτυρίου,

346 2892 443 2948 τοῦ
489 2867 721 2961 λαλῆσαι
771 2867 1081 2961 αῦτῷξδῖαἱ
1119 2867 1320 2961 ἤκουσε
1350 2867 1457 2961 την
1496 2867 1699 2962 φωνὴν-
1724 2867 1933 2962 Κύρίου

346 2983 442 3038 τοῦ
468 2982 606 3037 Θεοῦ
647 2983 936 3046 λαλοῦντος
968 2982 1105 3055 πρὸς
1144 2982 1306 3036 αὑτὸν
1336 2982 1544 3036 ἄνωθεν
1578 2981 1671 3036 τοῦ
1710 2981 1932 3054 ἱλαστη-

350 3075 504 3147 ρίου,
532 3075 560 3129 ὅ
607 3078 755 3129 ἐστιν
797 3074 890 3128 ἐπὶ
930 3074 1033 3144 τῆς
1062 3058 1299 3128 κιϐωτοῦ
1336 3072 1432 3127 τοῦ
1467 3074 1800 3147 μαρτυρίου,
1830 3074 1935 3129 ἀνὰ

352 3167 521 3237 μέσον
549 3167 659 3222 τῶν
689 3166 785 3221 δύο
824 3167 1142 3239 Χερουὸἰμ,
1174 3167 1269 3221 καὶ
1304 3165 1483 3221 ἐλάλει
1521 3167 1656 3239 πρὸς
1689 3167 1870 3222 αὐτόν.
1909 3186 1927 3219 ι

349 3257 797 3331 Τετελειωμένης
850 3258 960 3331 γάρ
1000 3259 1191 3331 ὥσπερ
1231 3258 1335 3329 τῆς
1382 3258 1542 3329 ἁγίας
1572 3258 1810 3329 σκηνῆς,
1839 3258 1936 3312 καὶ

348 3350 760 3422 ἀναδειχθέντος
811 3350 1003 3421 κόσμῳ
1052 3347 1149 3403 τοῦ
1198 3348 1433 3415 ἀληθοῦς
1485 3349 1859 3421 ἀγιάσματος,
1906 3350 1936 3403 ὃ

349 3445 500 3497 ἐστιν
528 3444 562 3514 ὴ
608 3440 928 3512 Ἐκκλησία,
958 3440 1080 3494 τότε
1118 3439 1181 3510 δὴ
1210 3439 1332 3493 τότε
1375 3438 1527 3511 φωνὴ
1565 3438 1758 3509 γέγονε
1797 3439 1936 3512 πρὸς

351 3536 498 3607 ἡμᾶς
536 3532 630 3588 τοῦ
656 3533 793 3588 Θεοῦ
820 3533 917 3588 καὶ
943 3534 1179 3604 Πατρός.
1216 3551 1234 3583 ι
1268 3532 1548 3604 Λελά).ηκε
1575 3533 1686 3602 γάρ
1713 3534 1848 3605 ἡμῖν
1873 3534 1932 3587 ὲν

353 3629 487 3702 mp,
533 3647 553 3681 ι
590 3629 650 3683 ὃν
705 3627 799 3683 καὶ
865 3626 1177 3697 ἱλαστήριον
1234 3621 1376 3679 εἷναί
1420 3643 1599 3695 φαμεν
1637 3626 1779 3698 ὑπὲρ
1823 3625 1933 3680 τῶν

352 3721 638 3793 ἁμαρτιῶν
686 3717 871 3792 ἡμῶν,
895 3718 1036 3772 κατὰ
1065 3718 1164 3781 τὰς
1198 3716 1442 3788 Γραφάς.
1474 3717 1717 3772 Ἀνωθεν
1734 3717 1791 3772 δὲ
1823 3717 1935 3772 τῶν

350 3811 640 3886 Κερουόἳμ
683 3814 717 3881 η
759 3812 933 3882 φωνή·
964 3810 1195 3873 κτίσεως
1240 3808 1349 3882 γάρ
1393 3808 1655 3865 ἀνωτάτω
1699 3810 1794 3863 καί¹
1830 3811 1931 3862 ὲπ-

350 3908 537 3961 έκεινα
562 3904 718 3970 Θεὸς,
755 3903 985 3975 οὐσιώδη
1016 3920 1076 3956 τε
1110 3903 1205 3956 καὶ
1234 3901 1647 3974 ἐνυπάρχουσαν
1666 3900 1763 3974 τὴν
1793 3900 1935 3955 κατὰ

353 3998 553 4063 παντὸς
571 3995 666 4050 τοῦ
702 3995 986 4065 γεγονότος
1018 3994 1158 4067 ἔχων
1192 3994 1486 4066 ὑπεροχήν·
1518 3992 1934 4066 διαπορθμεύων

349 4089 407 4142 δὲ
445 4089 525 4152 εἱς
565 4089 717 4159 ἡμᾶς
744 4086 845 4151 τὰς
889 4085 1097 4141 ἀνωθεν
1138 4086 1232 4140 καὶ
1264 4085 1418 4158 παρὰ
1470 4086 1684 4158 Πατρὸς
1725 4085 1929 4156 φωνάς,

351 4180 589 4248 ἔφασκεν
616 4182 646 4233 ό
675 4179 824 4245 Υἱὸς,
848 4177 910 4232 τὸ
942 4178 1141 4249 ἀληθὲς
1172 4178 1509 4250 ἱλαστήριον,
1545 4196 1563 4230 ι
1600 4177 1681 4231 Td
1712 4180 1933 4249 ῥήματα

345 4269 386 4323 ἃ
420 4267 535 4338 ἐγὼ
579 4268 727 4323 λαλῶ
772 4269 875 4323 οὐκ
921 4268 1068 4322 ἔστιν
1119 4269 1259 4341 ὲμά,
1302 4268 1438 4323 ἀλλά
1470 4268 1563 4322 τοῦ
1618 4267 1934 4340 πέμψαντός

353 4377 444 4431 με.
500 4381 519 4413 ι
571 4358 783 4414 Οὐκοῦν
832 4359 1041 4415 ἀνωθεν
1108 4361 1200 4413 τοῦ
1262 4360 1575 4432 ἱλαστηρίου
1630 4361 1854 4430 γέγονεν
1895 4363 1929 4431 ἡ

304 4470 321 4487 ο
350 4454 527 4524 φωνή.
557 4451 880 4524 Θαυμάσαις
906 4452 951 4506 δ’
987 4452 1053 4507 ἂν
1086 4452 1147 4507 οὐ
1190 4453 1428 4525 μετρίως
1451 4452 1548 4523 τὴν
1583 4451 1691 4506 τῶν
1724 4450 1935 4523 φυλάρ-

2110 2062 2308 2119 PALL.
2350 2062 2603 2117 Maxime.

2099 2155 2258 2212 CYR.
2292 2153 2431 2209 Illud
2471 2152 2639 2209 etiam
2679 2150 2974 2207 dicendum
3008 2166 3132 2205 esse
3167 2152 3428 2218 arbitror,
3460 2153 3626 2210 allato

2035 2250 2144 2319 iam
2167 2262 2198 2301 a
2224 2245 2459 2317 singulis
2478 2242 2770 2307 sacriﬁcio,
2795 2241 2943 2313 quod
2968 2252 3225 2312 tanquam
3245 2259 3347 2314 pro
3368 2246 3627 2301 omnibus

2036 2336 2397 2402 oﬂ'erebatur,
2447 2337 2623 2391 Deum
2672 2334 2893 2389 initium
2936 2333 3133 2390 fecisse
3171 2335 3227 2389 in
3267 2337 3629 2395 tabernaculo

2036 2446 2163 2487 cum
2206 2429 2390 2502 Moyse
2428 2428 2522 2484 illo
2563 2440 2848 2483 sacrorum
2900 2427 3205 2498 interprete
3251 2429 3627 2506 colloquendi;

2038 2524 2318 2595 Scriptum
2346 2529 2433 2579 est
2464 2529 2648 2577 autem
2683 2534 2877 2574 rursus
2898 2518 2967 2574 ad
2996 2518 3146 2573 hunc
3173 2520 3398 2575 modum
3427 2520 3487 2576 in
3512 2521 3630 2577 Nu-

2038 2617 2209 2672 meris
2254 2633 2267 2670 :
2328 2634 2347 2667 ‹
2392 2614 2521 2670 Haec
2568 2623 2654 2669 est
2692 2611 2969 2668 dedicatio
3007 2611 3219 2678 altaris,
3267 2623 3627 2685 posteaquam

2039 2709 2285 2780 implevit
2310 2723 2507 2764 manus
2534 2708 2675 2779 ejus,
2696 2715 2755 2762 et
2782 2713 3073 2776 postquam
3098 2704 3258 2758 unxit
3288 2703 3463 2760 illum.
3490 2705 3628 2762 Cum

2038 2802 2423 2874 ingrederetur
2463 2801 2677 2873 Moyses
2725 2799 2783 2853 in
2833 2795 3251 2852 tabernaculum
3301 2798 3627 2862 testimonii.

2037 2903 2099 2951 ut
2128 2896 2452 2967 loqueretur
2484 2908 2611 2948 cum
2651 2895 2792 2962 ipso,
2838 2898 2895 2945 et
2931 2887 3144 2944 audivit
3180 2903 3390 2969 vocem
3413 2889 3631 2946 Domini

2037 2988 2133 3045 Dei
2167 2986 2448 3059 loquentis
2480 2999 2608 3041 cum
2638 2982 2757 3054 ipso
2796 2996 2964 3052 supra
2996 2981 3463 3053 propitiatorium,
3486 2982 3633 3054 quod

2036 3089 2123 3136 est
2160 3094 2326 3151 supra
2364 3092 2549 3134 arcam
2586 3073 2887 3132 testimonii
2940 3072 3086 3129 inter
3108 3074 3267 3130 'duos
3306 3073 3630 3140 Cherubim,

2036 3164 2094 3229 et
2139 3171 2471 3243 loquebatur
2510 3184 2637 3224 cum
2690 3167 2811 3238 ipso
2847 3169 2914 3223 ⁸⁸.
2969 3186 2989 3219 ι
3041 3166 3210 3232 Nam,
3252 3178 3632 3224 consummato

2040 3265 2151 3335 jam
2185 3260 2591 3333 quodammodo
2641 3259 3017 3323 tabernaculo,
3053 3269 3111 3313 et
3137 3274 3267 3314 vera
3300 3259 3391 3314 illa
3425 3260 3630 3315 sancti~

2044 3355 2319 3419 ticatione,
2362 3352 2417 3407 id
2448 3360 2550 3416 est,
2593 3351 2841 3406 Ecclesia
2875 3348 3083 3405 mundo
3109 3350 3474 3416 manifestata,
3516 3360 3632 3408 tum

2043 3447 2282 3517 denique
2311 3459 2418 3500 vox
2446 3443 2541 3499 Dei
2583 3456 2647 3498 ac
2667 3440 2848 3497 Patris
2875 3442 3038 3498 nobis
3058 3442 3355 3498 insonavit.
3393 3462 3411 3495 ι
3448 3443 3630 3500 Locu-

2044 3548 2132 3595 tus
2156 3548 2241 3594 est
2274 3557 2292 3591 ι
2337 3536 2485 3592 enim
2534 3555 2553 3587 ι
2593 3533 2757 3590 nobis
2822 3533 2876 3587 in
2916 3533 3058 3589 Filio
3081 3535 3159 3599 ",
3192 3554 3212 3586 ι
3249 3550 3411 3606 quem
3442 3537 3632 3608 propj-

2044 3633 2324 3688 tiationem
2354 3645 2476 3687 esse
2509 3628 2747 3685 dicimus
2778 3643 2880 3701 pro
2918 3626 3158 3701 peccatis
3180 3628 3405 3694 nostris,
3431 3644 3630 3685 secun-

2042 3725 2172 3780 dum
2209 3723 2524 3795 Scripturas
2561 3723 2628 3777 ⁶⁷.
2671 3723 2921 3794 Desuper
2964 3729 3147 3777 autem
3186 3719 3486 3777 Cherubim
3525 3738 3631 3783 vox

2041 3817 2398 3883 audiebatur;
2428 3832 2552 3871 nam
2590 3815 2848 3886 superior
2880 3823 3134 3869 creatura
3165 3812 3314 3868 omni
3344 3821 3507 3884 atque
3541 3814 3628 3869 ul-

2044 3910 2214 3966 terior
2239 3918 2326 3964 est
2352 3909 2517 3973 Deus,
2543 3917 2602 3963 et
2625 3907 2906 3963 essentiali
2932 3913 3098 3976 atque
3120 3903 3281 3961 insita
3306 3905 3630 3961 excellentia

2041 3999 2300 4056 omnibus
2333 3998 2501 4053 rebus
2531 3996 2770 4053 conditis
2789 4003 3032 4066 praestat.
3061 3993 3198 4050 Cum
3229 3994 3414 4064 itaque
3435 4009 3629 4050 verum

2042 4088 2509 4164 propitiatorium,
2540 4087 2714 4143 Filius
2749 4102 2968 4158 nempe,
3001 4087 3069 4141 ad
3099 4100 3202 4141 nos
3228 4088 3630 4145 transmitteret

2042 4197 2269 4254 superas
2290 4182 2410 4236 illas
2428 4190 2485 4236 et
2506 4180 2686 4237 editas
2704 4197 2735 4237 a
2756 4181 2929 4237 Patre
2946 4194 3131 4245 voces,
3153 4178 3371 4237 dicebat
3401 4198 3413 4235 :
3451 4200 3469 4234 ι
3495 4182 3630 4239 Ver-

2041 4274 2109 4328 ba
2141 4289 2263 4345 quae
2299 4288 2401 4346 ego
2443 4274 2639 4343 loquor
2679 4288 2791 4328 non
2840 4281 2968 4328 sunt
3023 4288 3166 4339 mea,
3210 4274 3307 4330 sed
3362 4277 3483 4349 ejus
3533 4277 3627 4348 qui

2043 4367 2194 4423 misit
2228 4381 2316 4421 me
2344 4365 2410 4419 ⁸⁸.
2449 4385 2468 4417 ι
2503 4364 2677 4437 igitur
2709 4363 2778 4420 de
2820 4364 3209 4436 propitiatorio
3253 4381 3359 4422 vox
3396 4367 3626 4424 exstitit.

2040 4460 2154 4516 Nec
2176 4458 2533 4514 mediocriter
2563 4456 2949 4523 admiraberis,
2972 4456 3018 4511 si
3052 4456 3333 4529 principes
3357 4458 3624 4523 tribuum,

347 4560 462 4613 χων
486 4541 970 4614 ἀνασκοπούμενος
1006 4543 1289 4615 πρόσοδον.
1329 4541 1794 4616 Ἀπονεμηθείσης
1823 4544 1932 4619 γὰρ

2041 4565 2151 4621 quo
2182 4548 2377 4605 ordine
2400 4547 2753 4613 accesserint,
2781 4548 3107 4619 inspexeris.
3136 4547 3276 4604 Cum
3320 4549 3468 4605 enim
3497 4566 3629 4606 suns

346 4632 568 4705 ἡμέρας
598 4632 814 4704 ἑκάστῳ
839 4633 933 4687 καὶ
968 4633 1171 4700 ἱδικῶς,
1205 4632 1327 4687 καθ’
1358 4633 1425 4705 ἣν
1451 4633 1558 4687 ἔδει
1594 4633 1837 4707 πληροῦν
1863 4636 1931 4688 τά

2041 4639 2234 4711 cuique
2270 4638 2389 4695 dies
2410 4637 2634 4710 proprie
2666 4638 2969 4694 attributus
3002 4646 3168 4704 esset,
3194 4652 3306 4709 quo
3349 4637 3440 4694 die
3473 4639 3625 4710 jussa

346 4725 764 4797 συντεταγμένα
790 4726 886 4779 καὶ⁵
911 4725 1283 4797 προσκομίσαι
1313 4724 1375 4778 τὸ
1416 4723 1608 4797 δῶρον.
1634 4726 1932 4798 προσίεσαν

347 4818 454 4890 μὲν
493 4820 553 4873 ὲν
601 4817 796 4891 κόσμῳ
844 4818 990 4873 κατά
1035 4834 1101 4887 γε
1164 4817 1226 4871 τὸ
1279 4815 1358 4889 τῷ
1408 4817 1676 4893 νομοθέτῃ
1719 4818 1929 4873 δοκοῦν“

341 4908 489 4982 πλὴν
529 4909 593 4963 οὐ
641 4911 786 4964 κατά
835 4910 936 4980 τὴν
993 4908 1095 4979 τῆς
1142 4907 1409 4978 γενέσεως
1444 4910 1619 4977 τάξιν,
1661 4913 1779 4983 ἦτοι
1808 4911 1932 4967 καθ’

339 5000 595 5074 ἠλικίαν,
629 5000 745 5055 ἀλλ’
776 5000 898 5055 οὐδὲ
921 4999 1122 5071 ἀναμὶξ
1153 5000 1247 5054 καὶ
1290 5001 1455 5073 χύδην
1484 5002 1703 5067 ἀπλῶς,
1740 5020 1930 5057 συντι-

340 5090 594 5163 οειμένοι
646 5091 704 5146 δὲ
760 5092 962 5163 μᾶλλον
1005 5090 1195 5165 ὥσπερ
1240 5094 1319 5157 εἱς
1371 5094 1684 5164 οἰκονομίαν
1737 5112 1929 5167 μυστι-

339 5186 470 5255 κήν.

419 5278 630 5353 ΠΑΛᾼ.
663 5276 774 5331 Καὶ
799 5276 904 5351 μὴν
931 5276 961 5331 ὅ
986 5294 1040 5332 τι
1068 5277 1199 5331 ποτέ
1226 5279 1374 5332 ἑστιν
1400 5278 1428 5333 ὃ
1458 5280 1584 5351 φὴς,
1612 5280 1812 5335 ἐννοεῖν
1835 5282 1933 5335 οὐκ

338 5372 477 5441 ἔχω.
506 5368 687 5441 Φράζε
712 5368 777 5441 δὴ
803 5366 899 5423 οὖν
923 5385 1015 5441 μοι
1040 5369 1248 5438 σαφῶς.

335 5550 508 5607 ΚΠ).
550 5553 740 5607 Βούλει
780 5551 1030 5624 λέγωμεν
1058 5553 1115 5606 ὲν
1140 5552 1292 5619 τάξει
1319 5553 1412 5608 καὶ
1439 5552 1672 5627 καθεξῆς
1703 5556 1831 5618 τοὺς
1870 5555 1929 5622 ἐξ

2028 4731 2340 4800 perﬁceret,
2373 4746 2439 4786 ac
2469 4731 2675 4787 domtm
2708 4730 2954 4796 atl'erret,
2995 4731 3246 4787 ordinate
3281 4731 3361 4786 illi
3400 4731 3621 4803 quidem

2029 4830 2399 4887 accesserunt,
2426 4832 2490 4878 ut
2525 4821 2825 4893 legislatori
2850 4822 3031 4877 visum
3060 4830 3165 4885 est,
3196 4835 3308 4877 non
3339 4829 3523 4878 tamen
3557 4839 3625 4879 eo

2029 4913 2221 4969 ordine
2265 4929 2377 4985 quo
2419 4914 2653 4985 quisque
2686 4922 2850 4970 natus
2879 4923 3018 4982 erat,
3067 4915 3122 4971 id
3170 4925 3275 4982 est,
3322 4917 3501 4974 aetatis
3532 4934 3622 4974 ra—

2032 5006 2181 5062 tione
2210 5007 2437 5063 minime
2466 5008 2675 5074 habita,
2711 5022 2890 5078 neque
2925 5023 3119 5064 rursus
3139 5009 3365 5066 omnino
3394 5012 3621 5068 confuse

2036 5104 2201 5167 atque
2225 5099 2506 5168 permiste,
2541 5099 2636 5155 sed
2675 5099 2859 5172 potius
2893 5099 3065 5157 veluti
3106 5101 3336 5174 mystica
3366 5104 3620 5161 modera-

2037 5188 2187 5244 tione
2212 5189 2483 5262 dispositi.
3415 5181 3419 5185 ’

2102 5279 2299 5337 PALL.
2331 5281 2619 5353 Equidem,
2642 5283 2789 5354 quod
2815 5300 2845 5339 a
2878 5293 2931 5342 te
2962 5286 3169 5342 dictum
3199 5296 3303 5353 est,
3336 5286 3498 5360 quale
3525 5285 3616 5347 sit,

2031 5389 2139 5431 non
2178 5390 2400 5447 possum
2442 5377 2781 5449 intelligere;
2812 5378 3170 5448 quamobrem
3215 5393 3427 5447 expone
3479 5374 3615 5430 illud

2029 5467 2293 5538 apertius.
3448 5470 3453 5477 ’

2098 5558 2254 5614 CYR.
2276 5560 2444 5616 Visne
2497 5573 2558 5619 ut
2586 5562 2779 5619 ordine
2799 5568 2855 5616 et
2880 5570 3281 5632 consequenter
3309 5574 3405 5615 eos
3425 5560 3519 5631 qui
3548 5576 3616 5617 ex

413 5758 461 5830 ’ξ
487 5758 631 5830 Psal.
658 5774 849 5830 Διιχιηι,
884 5758 937 5813 3.
972 5828 984 5830 _
1012 5758 1061 5830 f'
1094 5756 1198 5814 lsa.
1232 5772 1382 5825 nul,
1412 5756 1503 5814 26.
1582 5756 1629 5790 ⁸⁸
1659 5756 1805 5815 Psal.
1840 5772 1932 5813 xxx

2041 5758 2073 5814 ι.
2153 5758 2386 5815 "Num.
2421 5775 2515 5828 vn,
2550 5759 2754 5830 88,89.
2833 5722 3242 5829 «trctari
3322 5766 3613 5826 ιτιιοωι.

339 5844 408 5895 ιι,
437 5828 490 5883 2.
570 5825 616 5859 ⁸³
649 5827 805 5884 Joan.
852 5845 926 5897 vr,
959 5828 1047 5884 66.
