3996 6212
420 269 522 326 719

1437 268 1491 323 8.
1533 261 1808 325 CYRILLI
1846 270 2314 327 ALEXANDRINI
2353 273 2670 330 ARCHIEP.

3563 276 3669 331 720

420 385 584 440 Jaeob
632 387 746 442 uati
790 396 940 450 sunt,
968 384 1389 440 recenseamus?
1425 385 1515 440 Sic
1549 386 1697 441 enim
1734 387 1987 442 facillime

2108 388 2301 443 Ἰακὼϐ
2337 389 2665 460 γεγονότας;
2709 390 2885 457 Σαφὲς
2925 388 3032 460 γάρ
3071 387 3134 441 ἂν
3183 387 3388 457 γίνοιτο
3419 390 3512 443 καὶ⁵
3548 391 3670 446 λίαν

419 478 772 548 perSpicuum
819 475 910 532 ﬁet
937 476 1212 547 quomodo
1242 477 1313 531 sit
1345 479 1672 534 accessionis
1717 479 1853 534 ordo
1887 479 1988 533 im-

420 575 677 620 mutatus.

486 655 682 710 PALL.
712 655 883 710 Velim
915 655 1187 726 equidem.

481 746 640 801 CYR.
677 747 773 802 Est
799 746 966 817 igitur
1002 748 1401 820 primogenitus
1440 749 1666 816 Ruben;
1696 759 1819 820 post
1845 749 1993 806 hunc

415 838 656 906 Simeon,
691 839 852 909 370
885 839 1037 904 Levi,
1086 851 1142 894 et
1179 840 1347 896 ludas
1376 856 1442 895 ex
1487 848 1658 895 matre
1707 840 1824 895 Lia.
1863 841 1992 895 Bala

415 931 614 986 deinde
659 932 855 986 ancilla
905 932 1020 985 Dan
1055 941 1110 986 et
1162 933 1514 1002 Nephthalim
1555 932 1746 1002 parit;
1789 933 1991 1003 Zelpha

416 1024 543 1079 item
571 1025 769 1080 ancilla
801 1023 931 1088 Lize,
965 1023 1079 1079 Cad
1109 1032 1164 1077 et
1183 1023 1340 1078 Aser.
1367 1023 1464 1078 Lia
1495 1039 1688 1078 rursus
1711 1031 1832 1093 post
1857 1023 1993 1077 alios

414 1123 669 1184 quatuor,
704 1114 951 1169 lssachar
977 1122 1030 1167 et
1056 1113 1297 1168 Zabulon
1322 1113 1494 1184 gignit
1525 1131 1537 1166 :
1566 1112 1632 1168 de
1660 1113 1866 1167 Rachel
1892 1128 1990 1166 au-

417 1217 522 1260 tem
561 1206 760 1276 Joseph
794 1214 850 1262 et
874 1205 1160 1276 Beniamin
1202 1206 1315 1260 nati
1357 1215 1503 1260 sunt.
1535 1205 1704 1277 Igitur
1731 1205 1893 1276 primi
1925 1221 1993 1259 ex

415 1297 510 1352 Lia
541 1298 712 1352 libera
745 1307 980 1368 quatuor
1004 1308 1150 1364 sunt,
1179 1298 1374 1354 Ruben
1409 1307 1466 1352 et
1499 1298 1739 1363 Simeon,
1775 1297 1904 1352 Levi
1938 1305 1994 1352 et

411 1391 579 1446 Judas
619 1409 633 1445 :
679 1407 747 1446 ex
789 1391 1004 1446 duabus
1052 1407 1218 1462 porro
1257 1392 1472 1447 ancillis
1519 1393 1647 1446 Bala
1690 1401 1745 1446 et
1791 1391 1991 1462 Zelpha

413 1494 668 1556 quatuor,
706 1485 821 1540 Dan
851 1493 907 1540 et
935 1485 1307 1555 Nephthalim,
1342 1484 1456 1540 Gad
1489 1493 1545 1538 et
1575 1485 1747 1539 Aser:
1782 1485 1869 1539 his
1901 1485 1991 1538 alii

413 1583 648 1648 (juatuor
679 1577 872 1641 additi,
913 1577 1022 1631 duo
1060 1593 1126 1632 ex
1173 1576 1290 1642 Lia,
1338 1577 1585 1632 lssacbar
1615 1585 1670 1631 et
1708 1577 1990 1643 Zabulon;

413 1667 524 1722 duo
554 1668 684 1722 item
729 1683 796 1721 ex
840 1667 1064 1732 Rachel,
1097 1666 1296 1736 Joseph
1339 1675 1395 1720 et
1437 1665 1757 1734 Benjamin:
1795 1665 1992 1719 memi-

2097 479 2194 532 ὼδὶ
2222 480 2282 532 τὸ
2319 482 2374 533 ὲν
2404 483 2470 550 τῇ
2497 479 2743 551 προσόδῳ
2776 479 3252 550 παρηλλαγμένον.

2168 654 2372 708 ΠΑΛΛ.
2416 656 2526 710 Καὶ
2564 655 2727 727 μάλα.

2133 747 2330 799 .KI‘P.
2378 745 2536 800 ’Ἐστι
2574 749 2752 800 τοίνυν
2803 747 3148 818 πρωτότοκος
3207 748 3304 818 μὲν
3339 749 3366 801 6
3406 730 3671 821 Ῥουϐὴμ,

2097 835 2180 886 ἐπ’
2233 834 2380 905 αύτῴ
2425 834 2480 886 δὲ
2525 833 2783 905 Συμεὼν,
2832 836 2998 898 Λευὶ,
3051 837 3145 890 καὶ
3209 835 3409 900 Ἰούδας
3457 838 3565 890 ἀπό
3607 855 3671 906 γε

2099 928 2305 1000 μητρὸς
2352 925 2450 996 τῆς
2490 928 2675 990 Λείας.
2727 926 2874 980 Βάλα
2936 927 2993 981 δὲ
3041 924 3108 982 αὖ
3163 927 3222 981 τὸ
3269 929 3673 1000 θεραπαινίδιον

2095 1020 2185 1073 τὸν
2225 1019 2332 1072 Δάν
2365 1036 2425 1072 τε
2471 1020 2564 1072 καὶ
2611 1019 2954 1091 Νεφθαλεὶμ,
2996 1021 3092 1074 καὶ
3139 1021 3245 1092 μὴν
3283 1023 3440 1092 καὶὴ
3490 1023 3674 1091 Ζελφὰ

2096 1110 2355 1181 παιδίσκη
2398 1110 2595 1174 Λείας,
2631 1110 2725 1164 τὸν
2775 1109 2881 1162 Γὰδ
2931 1111 3025 1164 καὶ
3077 1110 3262 1182 ’Λα-ηρ,
3303 1112 3529 1186 Λείαίγε
3568 1113 3674 1183 μὴν

2095 1203 2230 1274 πρὸς
2257 1203 2367 1264 τοῖς
2396 1201 2576 1264 ἄλλοις
2614 1200 2916 1272 τέσσαρσι,
2947 1200 3036 1253 τὸν
3079 1201 3297 1273 ἰσάχαρ
3338 1202 3430 1255 καὶ
3467 1201 3673 1256 Ζαϐου-

2095 1294 2200 1348 λὼν
2229 1293 2423 1347 τίκτει·
2456 1293 2718 1363 γενέσθην
2751 1293 2808 1346 δὲ
2863 1292 2956 1345 καὶ
2982 1292 3089 1345 ἀπὸ
3115 1292 3314 1363 Ῥαχὴλ
3357 1292 3558 1364 Ἰωσὴφ
3581 1295 3672 1346 καὶ

2096 1387 2376 1458 Βενιαμίν.
2409 1384 2616 1438 Οὐκοῦν
2660 1383 2872 1457 πρῶτοι
2915 1385 3012 1453 μὲν
3043 1385 3107 1437 ὲκ
3139 1385 3324 1451 Λείας,
3355 1387 3402 1438 οἱ
3436 1385 3495 1452 ἐξ
3523 1385 3675 1440 ὲλευο

2103 1479 2266 1549 θέρας
2321 1477 2616 1548 τέσσαρες,
2667 1475 2937 1546 Ῥουεὴμ,
2987 1476 3080 1530 καὶ
3130 1476 3381 1546 Συμεὼν,
3417 1475 3550 1530 Λευὶ
3581 1477 3674 1530 καὶ

2111 1571 2329 1634 Ἰούδας.
2388 1571 2483 1623 Ἐκ
2530 1569 2672 1623 δυοῖν
2717 1569 2775 1622 δὲ
2819 1569 3210 1640 θεραπαίναιν,
3252 1567 3426 1631 Βάλας
3467 1585 3531 1620 τε
3581 1570 3675 1622 καὶ

2099 1664 2341 1733 Ζελφᾶς,
2389 1662 2689 1731 τέσσαρες,
2737 1660 2842 1714 Δὰν
2899 1658 2992 1712 καὶ
3033 1657 3382 1729 Νεφθαλεὶμ,
3431 1657 3540 1712 Γὰδ
3583 1659 3673 1710 καὶ

413 1759 558 1813 uisse
591 1769 772 1814 autem
801 1774 1022 1813 necesse
1049 1767 1152 1821 est,
1183 1758 1382 1826 Joseph
1415 1765 1618 1811 sortem
1654 1757 1709 1810 in
1742 1756 1879 1810 duas
1909 1755 1987 1810 di-

2109 1757 2298 1827 Ἀσήρ.
2349 1753 2568 1826 ’Ἐτεροι
2627 1753 2683 1806 δὲ
2720 1748 2804 1808 ,αὖ
2862 1752 2955 1804 ἐπὶ
2994 1750 3204 1813 τόύτοις
3245 1749 3532 1820 τέσσαρες·
3584 1748 3674 1801 δύο

411 1850 584 1904 visam
608 1865 726 1905 esse
749 1849 945 1911 tribus,
974 1848 1027 1901 in
1051 1847 1312 1916 Ephraim
1341 1856 1396 1900 et
1416 1846 1679 1911 Manasse,
1707 1846 1898 1901 ambos
1922 1861 1990 1899 ex

413 1941 508 1996 illo
536 1941 748 2012 genitos
776 1942 839 1994 ⁶⁹.

2100 1847 2198 1918 μὲν
2229 1849 2292 1901 ὲκ
2325 1847 2519 1910 Λείας,
2563 1844 2784 1915 Ἰσάχαρ
2813 1860 2871 1896 τε
2912 1844 3005 1897 καὶ
3031 1840 3337 1907 Ζαϐουλὼν,
3375 1842 3482 1896 ἀπὸ
3517 1841 3578 1895 δέ
3612 1859 3673 1909 γι

2095 1940 2193 2009 τῆς
2233 1937 2464 2009 Ῥαχὴλ,
2518 1934 2717 2006 Ἰωσὴφ
2767 1935 2860 1989 καὶ
2923 1932 3200 2003 Βενιαμίν.
3245 1931 3573 2004 Μεμνῆσθαι
3617 1932 3674 1985 δὲ

411 2034 736 2100 ἀναγκαῖον,
770 2032 845 2096 ὠς
884 2033 963 2095 εἰς
1006 2030 1099 2085 δύο
1131 2032 1458 2103 μεμέρισται
1510 2031 1683 2100 φυλὰς
1719 2033 1747 2085 6
1784 2031 1981 2104 Ἰωσὴφ
2021 2030 2240 2102 κλῆρος,
2266 2032 2345 2095 εἴς
2409 2047 2468 2083 τε
2531 2029 2622 2083 τὸν
2660 2025 2903 2099 Ἐφρατμ
2957 2025 3051 2080 καὶ
3083 2025 3264 2096 μέντοι
3298 2025 3390 2078 τὸν
3444 2026 3671 2079 Μανασ-

413 2129 536 2193 σῆν,
567 2129 694 2190 τοὺς
721 2128 778 2194 ἐξ
807 2124 970 2181 αὐτοῦ
1001 2126 1311 2195 γεγονότας.

485 2219 678 2275 PALL.
700 2218 969 2289 Equidem
989 2217 1241 2272 ordinem
1261 2219 1544 2274 nominum
1565 2220 1769 2290 optime
1795 2230 1988 2279 teneo:

411 2314 507 2369 sed
539 2314 616 2370 tui
661 2313 772 2384 jam
806 2309 968 2366 olIicii
999 2319 1084 2366 est
1123 2310 1404 2366 declarare
1443 2311 1588 2382 quod
1630 2312 1685 2367 in
1729 2313 1799 2368 iis
1837 2331 1988 2384 quae-

414 2408 575 2462 ritur.

480 2499 637 2554 CYR.
669 2497 773 2565 Qui
811 2513 934 2553 cum
973 2496 1132 2552 donis
1163 2495 1518 2562 accedebant,
1559 2497 1784 2565 Palladi,
1815 2498 1870 2554 id
1908 2499 1989 2554 fa-

410 2590 650 2654 ciebant,
680 2605 792 2644 non
828 2589 1005 2644 aetatis
1026 2587 1213 2642 habita
1246 2588 1480 2654 ratione,
1505 2588 1600 2644 sed
1630 2590 1842 2660 primus
1863 2591 1989 2661 qui-

411 2688 535 2742 dem
570 2685 759 2751 Judas,
800 2683 1014 2741 etiamsi
1047 2684 1311 2754 temporis
1341 2683 1536 2740 ordine
1570 2694 1799 2755 quartus
1836 2697 1954 2741 erat
1973 2704 2000 2752 ;.

411 2778 788 2834 nonus-etiam
815 2785 941 2847 post
969 2791 1098 2831 eum
1129 2775 1374 2830 lssaebar
1400 2783 1457 2830 et
1482 2792 1589 2830 una
1617 2777 1863 2832 decimus
1887 2778 1988 2831 Za-

411 2869 598 2924 bulon.
621 2869 763 2924 Post
783 2869 882 2922 hos
919 2865 1159 2922 secunda
1186 2865 1355 2920 veluti
1393 2866 1579 2921 classis
1609 2868 1991 2936 consequitur,

412 2960 805 3032 primogenitus
822 2957 1040 3023 Ruben,
1069 2965 1125 3013 et
1149 2956 1244 3026 qui
1269 2956 1529 3027 deinceps
1561 2957 1755 3012 ordine
1791 2973 1988 3013 secun-

411 3053 515 3106 dus
546 3061 630 3106 est
657 3050 910 3116 Simeon;
945 3048 1142 3120 hisque
1168 3048 1498 3118 coniunctus
1536 3047 1652 3102 Dan
1688 3065 1753 3102 ex
1793 3051 1988 3106 ancilla

411 3152 592 3198 natus.
644 3142 862 3197 Tertius
907 3140 993 3195 bis
1031 3139 1243 3194 accedit
1289 3138 1424 3194 ordo
1464 3155 1533 3194 ex
1575 3140 1752 3195 tribus
1778 3141 1985 3206 liberis,

410 3229 690 3300 prraim,
723 3229 967 3284 Manasse
1006 3237 1062 3282 et
1105 3227 1408 3300 Benjamin.
1452 3226 1655 3294 Quarta
1701 3230 1891 3284 classis
1933 3230 1987 3286 in

407 3321 668 3377 extremis
699 3321 962 3376 collocata
995 3329 1080 3374 est
1117 3335 1330 3386 eorum,
1362 3319 1456 3390 qui
1501 3337 1567 3376 ex
1602 3321 1817 3377 ancillis
1854 3322 1986 3378 editi

409 3422 555 3478 sunt,
584 3423 802 3481 tresque
834 3411 1024 3466 itidem
1055 3422 1200 3478 sunt,
1244 3412 1382 3477 Dan,
1423 3411 1578 3476 Aser,
1611 3412 1984 3483 Nephtbalim,

2165 2221 2373 2276 ΠΛΛΛ.
2407 2218 2637 2290 Συνίημι
2685 2219 2786 2289 μὲν
2821 2211 2878 2271 εὖ
2926 2217 3071 2288 μάλα
3107 2218 3216 2273 τῶν
3259 2217 3543 2289 ὀνομάτων
3577 2218 3673 2290 τὴν

2091 2313 2266 2378 τάξινο
2301 2313 2355 2366 τί
2379 2313 2425 2366 δ’
2466 2313 2531 2366 ἂν
2558 2311 2642 2381 εἴη
2673 2308 2857 2363 λοιπὸν
2884 2309 2944 2363 τὸ
2971 2309 3297 2382 ζητούμενον
3323 2311 3398 2374 ὡς
3429 2309 3485 2364 ἐν
3518 2328 3584 2380 γε
3609 2311 3670 2380 δὴ

2090 2406 2330 2471 τούτοις,
2365 2405 2456 2458 σὸν
2487 2404 2587 2474 ἤδη
2620 2402 2960 2474 διατρανοῦν.

2162 2499 2324 2552 ΚΥΡ.
2362 2498 2685 2569 Προσιόντες
2705 2538 2721 2562 ,
2747 2491 2791 2551 ὧ
2831 2495 3096 2550 Παλλάδιε
3117 2539 3133 2565 ,
3157 2500 3268 2561 τοῖς
3298 2496 3493 2568 δώροις
3530 2497 3668 2566 ἅμα.

2091 2593 2248 2648 τοῦτο
2293 2592 2490 2665 ἔδρων,
2541 2592 2603 2646 οὐ
2659 2590 2779 2645 καθ’
2837 2589 3086 2662 ἡλικίαν,
3136 2588 3273 2643 ἀλλὰ
3318 2589 3536 2660 πρῶτος
3575 2588 3670 2658 μὲν

2103 2685 2324 2751 Ἰούδας,
2394 2686 2572 2740 καίτοι
2615 2685 2874 2756 τέταρτος
2914 2682 2987 2735 ὢν
3020 2681 3161 2736 κατὰ
3199 2681 3409 2753 χρόνον,
3449 2679 3671 2740 ἐννατος

2090 2779 2147 2833 δὲ
2177 2778 2295 2851 μετ’
2329 2779 2490 2833 αὑτὸν
2546 2777 2798 2850 Ἰσάχαρ,
2828 2777 2924 2830 καὶ
2959 2778 3055 2830 σὺν
3094 2776 3274 2838 αὐτοῖς
3311 2773 3539 2834 δέκατος
3567 2772 3668 2825 Ζα-

2093 2868 2317 2924 ϐουλὼν.
2367 2869 2656 2942 Συμμορία
2689 2869 2744 2921 δὲ
2777 2869 2966 2938 ὥσπερ
2999 2865 3136 2936 μετὰ
3163 2864 3384 2926 τούτους
3415 2861 3664 2932 δευτέρα,

2104 2961 2345 3032 Ῥουϐὴμ
2371 2963 2398 3014 6
2429 2960 2800 3031 πρωτότοκος,
2831 2959 2924 3012 καὶ
2957 2961 2984 3012 6
3014 2957 3245 3028 καθεξῆς
3280 2958 3372 3011 καὶ
3392 2956 3662 3026 δεύτερος,

2092 3053 2338 3126 Συμεών.
2387 3054 2663 3123 Συνῆπται
2703 3052 2761 3105 δὲ
2812 3051 2904 3105 καὶ
2957 3051 2984 3102 6
3018 3049 3124 3102 Δὰν
3181 3050 3244 3102 ἐκ
3289 3048 3504 3119 δούλης.
3559 3047 3666 3102 Καὶ

2092 3146 2228 3218 πρός
2271 3162 2334 3214 γε
2395 3145 2459 3216 δὴ
2505 3143 2749 3206 τούτοις,
2801 3143 2989 3212 τάγμα
3031 3141 3092 3193 τὸ
3141 3139 3322 3210 τρίτον
3366 3140 3454 3194 διὰ
3499 3139 3666 3211 τριῶν

2093 3237 2420 3306 ἐλευθέρων,
2468 3234 2710 3306 Ἐφραῒμ
2740 3249 2800 3286 τε
2827 3232 2922 3285 καὶ
2958 3231 3227 3301 Μανασσῆ
3261 3231 3355 3284 καὶ⁸
3383 3232 3663 3302 Βενιαμίν.

2091 3325 2378 3396 Συμμορία
2408 3323 2466 3376 δὲ
2496 3323 2730 3392 τετάρτη
2765 3323 2822 3374 ὲν
2860 3321 3110 3390 ἐσχάτοις
3129 3359 3145 3386 ,
3172 3319 3279 3374 τῶν
3305 3321 3369 3374 ὲκ
3400 3320 3664 3392 θεραπαι-

2091 3417 2196 3471 νῶν
2220 3415 2536 3486 γεγονότων.
2584 3415 2745 3485 Τρεῖς
2803 3413 2862 3467 δὲ
2892 3414 2957 3484 δὴ
3003 3410 3151 3467 οὗτοι
3193 3415 3384 3478 πάλιν,
3428 3413 3537 3468 Δάν
3576 3415 3666 3468 καὶ

407 3504 658 3574 quamvis
681 3513 922 3573 tempore
941 3505 1244 3559 nativitatis
1266 3503 1540 3558 anteirent
1562 3519 1656 3558 eos
1691 3505 1784 3573 qui
1806 3505 1987 3574 priore

2104 3509 2304 3580 Ἀσὴρ,
2356 3509 2451 3561 καὶ
2498 3505 2850 3577 Νεφθαλεὶμ,
2888 3505 3063 3560 καίτοι
3097 3505 3426 3578 προῦχοντες
3462 3505 3543 3576 τῷ
3568 3507 3665 3576 τῆς

407 3595 528 3648 loco
554 3594 804 3648 collocati
839 3602 985 3657 sunt,
1021 3593 1306 3662 Ephraim,
1349 3593 1595 3664 inquam,
1644 3603 1700 3648 et
1743 3595 1986 3650 Manasse

409 3692 464 3736 et
503 3683 804 3753 Benjamin.
837 3683 979 3737 Num
1011 3683 1177 3753 igitur
1226 3677 1424 3753 parum"
1466 3685 1830 3739 necessariam
1866 3701 1986 3740 esse

409 3788 601 3828 censes
629 3773 823 3828 harum
851 3790 1034 3829 rerum
1071 3775 1516 3877 inquisitionem?

472 3963 667 4019 PALL.
698 3964 810 4036 Ego
842 3980 974 4019 vero
1007 3967 1239 4021 maxime
1279 3969 1641 4022 necessariam
1689 3979 1854 4040 puto;
1891 3971 1987 4025 sed

407 4069 655 4124 quaenam
691 4056 762 4108 sit
793 4056 914 4124 ejus
948 4056 1025 4110 rei
1057 4055 1216 4122 ratio,
1245 4057 1457 4116 enitere
1488 4065 1546 4112 ut
1569 4058 1703 4113 mihi
1725 4059 1982 4128 explices.

476 4143 632 4199 CYR.
667 4144 896 4200 Videtur
915 4161 978 4200 ea
1001 4163 1108 4212 res,
1141 4157 1199 4203 ut
1223 4164 1324 4219 ego
1348 4149 1607 4214 arbitror,
1637 4165 1736 4219 per
1757 4150 1985 4222 aenigma

409 4235 708 4300 insinuare,
744 4253 864 4307 quae
883 4254 983 4309 per
1004 4238 1280 4295 Christum
1301 4241 1550 4296 instituta
1580 4249 1726 4308 sunt,
1755 4257 1819 4296 ea
1843 4242 1984 4311 apud

406 4328 580 4384 Deum
611 4328 849 4399 priorem
899 4331 1077 4386 locum
1121 4341 1327 4396 tenere,
1378 4348 1541 4402 quam
1579 4348 1643 4386 ea
1680 4349 1800 4403 quae
1858 4343 1987 4389 sunt

407 4420 524 4490 lege
555 4420 792 4487 sancita;
831 4429 888 4475 et
927 4423 1020 4491 qui
1057 4429 1215 4477 erant
1249 4421 1433 4491 primi,
1470 4437 1564 4475 eos
1602 4435 1722 4474 esse
1761 4422 1986 4478 ultimos

407 4512 608 4577 factos,
642 4529 706 4567 ac
734 4512 977 4567 vicissim
1017 4512 1240 4566 ultimos
1285 4511 1510 4582 primos.
1541 4511 1696 4576 Nam,
1723 4513 1816 4582 qui
1844 4523 1983 4568 tem-

407 4620 540 4673 pore
555 4604 904 4675 antiquiores
931 4613 1107 4668 erant,
1141 4613 1196 4658 et
1219 4603 1288 4658 ob
1317 4619 1438 4658 eam
1467 4619 1685 4658 causam
1717 4606 1986 4678 primoge-

408 4697 530 4762 niti,
550 4697 605 4752 id
627 4706 730 4763 est,
763 4694 925 4750 Israel
943 4703 1174 4766 gentesa
1194 4705 1344 4767 tergo
1363 4695 1640 4765 sequitur:
1661 4696 1860 4766 quippe
1889 4699 1983 4769 qui

407 4788 661 4859 spiritum
696 4787 950 4842 servilem
985 4787 1208 4852 habent,
1257 4796 1311 4841 et
1350 4787 1638 4844 servientis
1679 4788 1982 4844 Jerusalem

2090 3602 2358 3672 γενέσεως
2409 3600 2618 3672 χρόνῳ,
2669 3600 2781 3652 τῶν
2845 3599 2921 3662 ὡς
2966 3599 3118 3664 τάξει
3185 3600 3662 3670 προτεταγμένων,

2100 3694 2340 3766 Ἐφραῒμ
2393 3709 2476 3759 τε,
2526 3692 2691 3762 φημὶ,
2746 3692 2841 3744 καὶ
2887 3690 3188 3761 Μανασσῆ,
3237 3690 3332 3744 καὶ
3382 3691 3662 3762 Βενιαμίν.

2091 3781 2214 3857 ’Ἆρ’
2286 3786 2385 3838 οὐκ
2453 3783 2759 3852 ἀναγκαίαν
2820 3783 2924 3854 φῂς
2954 3783 3052 3854 τὴν
3123 3783 3216 3835 ἐπὶ
3283 3781 3496 3846 τούτοις
3565 3781 3661 3852 βά-

2090 3891 2278 3938 σανον;

2159 3964 2366 4016 ΠΑΛΛ.
2408 3961 2667 4017 Μάλιστά
2693 3978 2783 4032 γε·
2814 3962 2898 4026 τίς
2942 3958 3035 4016 οὖν
3081 3963 3109 4015 6
3147 3963 3326 4032 λόγος,
3360 3962 3538 4034 πειρῶ
3578 3981 3662 4034 μοι

2087 4055 2287 4124 λέγειν.

2159 4147 2322 4200 ΚΥΡ.
2359 4147 2598 4218 Αἴνιγμά
2628 4164 2731 4200 που
2762 4147 2821 4200 τὸ
2851 4146 3040 4218 χρῆμά
3075 4149 3210 4212 ἐστι,
3244 4147 3496 4219 καθάπερ
3523 4142 3665 4217 ἰγῷο

2091 4257 2188 4307 μαι
2229 4238 2412 4294 πάλιν.
2443 4240 2567 4292 Ὅτι
2599 4240 2751 4306 τάξιν
2794 4239 2906 4310 ἔχει
2950 4241 3051 4312 τὴν
3096 4239 3319 4312 πρώτην
3345 4241 3498 4313 παρὰ
3544 4242 3664 4313 Θεῷ

2085 4332 2152 4386 τὰ
2177 4331 2264 4385 διὰ
2299 4331 2533 4402 Χριστοῦ
2573 4331 2681 4385 τῶν
2716 4334 2772 4384 ὲν
2801 4332 2968 4404 νόμῳ·
3022 4335 3118 4389 καὶ
3146 4333 3226 4386 ὃτι
3256 4333 3528 4388 τέθεινται
3565 4336 3662 4405 μὶν

2085 4426 2133 4477 οἱ
2169 4423 2375 4496 πρῶτοι
2400 4423 2638 4494 ἔσχατοι,
2663 4425 2710 4476 οἱ
2741 4425 2796 4476 δὲ
2821 4424 3040 4495 ἔσχατοι
3091 4427 3320 4498 πρῶτοι.
3360 4429 3424 4480 Οἱ
3456 4428 3564 4499 γὰρ
3587 4427 3662 4492 ὡς

2085 4519 2143 4570 ἐν
2197 4517 2376 4589 χρόνῳ
2421 4516 2784 4588 πρεσὸύτεροι
2837 4518 2925 4571 διά
2987 4535 3046 4571 τε
3091 4518 3250 4572 τοῦτο
3301 4519 3670 4588 πρωτότοκοι,

2085 4607 2226 4661 τοῦτ’
2256 4607 2401 4660 ἐστιν
2429 4610 2457 4662 6
2511 4608 2758 4680 Ἰσραὴλ,
2794 4609 3023 4663 κατόπιν
3063 4611 3283 4682 ἔρχεται
3321 4612 3427 4664 τῶν
3461 4611 3660 4666 ὲθνῶν.

2086 4700 2195 4752 Καὶ
2217 4701 2264 4751 οἱ
2293 4699 2352 4752 τὸ
2380 4697 2563 4753 δοῦλον
2600 4699 2814 4770 ἔχοντες
2845 4699 3082 4771 πνεῦμα,
3121 4702 3216 4754 καὶ
3243 4702 3340 4772 τῆς
3375 4700 3660 4757 δουλευού-

2087 4808 2186 4860 σης
2221 4790 2573 4862 Ἰερουσαλὴμ
2599 4792 2726 4857 υἱοὶ,
2758 4791 2820 4844 τὸ
2855 4790 3115 4864 προῦχειν
3143 4795 3200 4846 ὲν
3243 4794 3368 4867 δόξῃ
3399 4811 3663 4868 παραχω-

339 4915 356 4920 -
411 4881 506 4934 ﬁlii
530 4881 598 4936 de
626 4881 1000 4952 pnestantiore
1038 4882 1196 4950 371
1231 4880 1400 4951 gloria
1423 4881 1731 4936 concedunt
1758 4881 1882 4936 [iliis
1910 4883 1978 4936 li-

2100 4885 2310 4956 ιήσουσι
2375 4887 2486 4948 τοῖς
2539 4885 2639 4956 τῆς
2700 4885 3022 4956 ἐλευθέρας,
3087 4887 3208 4958 ἥτις
3289 4888 3406 4940 ἐστὶ
3473 4867 3663 4959 μήτηρ

410 4972 573 5037 bene,
608 4989 729 5042 qua:
752 4981 835 5026 est
856 4981 1029 5026 mater
1050 4982 1234 5027 nostra
1256 4973 1521 5038 omnium,
1554 4973 1647 5043 qui
1675 4973 1731 5027 in
1757 4972 1976 5028 Christo

403 5061 684 5133 iustiﬁcati
712 5078 920 5128 sumus,
944 5071 1000 5118 et
1029 5079 1127 5132 per
1156 5064 1378 5134 Spiritus
1403 5065 1713 5120 libertatem
1749 5064 1815 5118 ad
1837 5065 1978 5121 libe-

408 5171 521 5212 ram
555 5154 923 5209 conditionem
952 5156 1145 5212 vocati.
1182 5157 1312 5212 Vide
1341 5157 1512 5222 enim,
1546 5157 1590 5211 si
1620 5157 1816 5227 placet,
1853 5157 1979 5212 dili-

2086 4976 2242 5047 ήμῶν
2267 4976 2377 5029 τῶν
2417 4979 2474 5030 ἐν
2517 4976 2740 5048 Χριστῷ
2775 4976 3238 5049 δεδικαιωμένων,
3277 4981 3371 5032 καὶ
3398 4981 3479 5043 εἰς
3504 4981 3663 5034 ἐλεύ-

2085 5067 2241 5140 θερον
2280 5068 2496 5140 ἀξίωμα
2529 5068 2883 5140 κεκλημένων
2916 5069 2983 5123 δι’
3015 5070 3299 5140 ἐλευθέρου
3324 5070 3659 5142 πνεύματος.

2088 5161 2229 5230 Ὅρα
2278 5160 2409 5230 γὰρ,
2443 5161 2491 5212 εἰ
2527 5159 2695 5226 δοκεῖ,
2740 5160 2849 5213 τῶν
2891 5161 3264 5234 θεωρημάτων
3306 5161 3369 5214 τὸ
3409 5163 3660 5234 ἀκριϐές.

407 5255 622 5317 gentem
682 5245 847 5317 hujus
895 5249 1370 5320 contemplationis
1441 5249 1728 5304 rationem.
1794 5251 1977 5306 Prima

2100 5249 2281 5321 Πρώτη
2317 5250 2415 5321 μὲν
2444 5250 2552 5321 γὰρ
2597 5251 2863 5322 προσάγει
2897 5251 2959 5306 τὸ
2995 5252 3168 5324 δῶρον
3210 5253 3243 5322 ἡ
3293 5251 3464 5306 Ἰούδα
3494 5253 3659 5325 φυλή·

405 5341 552 5394 enim
585 5339 730 5396 inter
784 5348 1008 5395 caeteras
1050 5339 1252 5396 donum
1292 5340 1450 5396 aﬂ'ert
1485 5342 1661 5396 tribus
1701 5341 1870 5407 Juda,
1908 5358 1975 5397 ex

2100 5342 2140 5407 ;ξ
2174 5336 2242 5411 ἧς
2269 5341 2437 5410 ἀνέφυ
2472 5343 2612 5396 κατὰ
2643 5344 2818 5414 σάρκα
2856 5346 3109 5417 Χριστός.
3148 5345 3257 5400 Καὶ
3287 5345 3423 5416 μετὰ
3452 5347 3663 5419 ταύτην

407 5444 514 5495 qua
546 5439 700 5485 ortus
733 5437 816 5484 est
846 5429 1144 5485 secundum
1189 5445 1406 5486 carnem
1435 5429 1725 5486 Christus:
1761 5441 1818 5487 et
1855 5440 1975 5502 post

2100 5433 2242 5496 ιύθὺς
2285 5434 2318 5503 ἡ
2357 5433 2576 5506 Ίσάχαρ
2607 5451 2663 5487 τε
2713 5437 2808 5489 καὶ
2844 5436 3148 5493 Ζαϐουλὼν·
3191 5437 3358 5507 ἄμφω
3397 5437 3453 5490 δὲ
3484 5438 3660 5510 ἥσθην

407 5532 526 5571 eam
561 5523 820 5576 continuo
855 5522 1030 5576 tribus
1051 5523 1294 5579 lssachar
1317 5531 1371 5580 et
1402 5523 1666 5591 Zabulon,
1690 5524 1784 5594 qui
1814 5525 1976 5579 ambo

2100 5524 2356 5596 ιλεύθεροι
2398 5526 2491 5582 καὶ
2523 5525 2585 5592 ἐξ
2621 5527 2940 5602 ἐλευθέρων.
2991 5525 3123 5584 Εἶτα
3163 5529 3406 5603 Ῥουὸὴμ
3437 5533 3467 5586 6
3501 5548 3658 5604 πρω-

438 5715 447 5722 ·
517 5691 560 5722 ⁸⁸
597 5679 731 5744 Gen.
767 5705 888 5744 xxxx
921 5708 1072 5772 seqq.
