3996 6212
329 275 429 331 7ῑί

1043 268 1132 324 DE
1170 267 1612 327 ADORATIONE
1652 271 1719 326 IN
1761 269 2030 326 SPIRITU
2071 267 2158 324 ET
2200 268 2568 326 VERITATE.
2609 299 2677 308 —
2712 268 2841 324 LIB.
2881 268 2949 322 Χ.

325 387 576 448 τότοκος,
613 378 841 452 Συμεών
882 394 940 431 τε
995 379 1090 432 καὶ
1131 378 1259 444 Γὰδ,
1297 381 1356 444 ὃς
1408 382 1556 436 ἔστιν
1601 382 1667 436 ὲκ
1694 380 1908 453 δούλης.

2017 381 2178 438 liberi
2218 374 2378 438 erant
2408 390 2556 437 et‘ex
2593 380 2816 448 liberis;
2855 381 3053 438 deinde
3095 383 3288 440 Rubcn
3324 387 3600 462 primoge-
3633 414 3635 416 ·

328 475 662 549 Σημαίνεται
703 471 762 526 δὲ
795 470 884 526 διὰ
913 470 1119 527 τούτων
1154 473 1183 526 6
1224 473 1462 546 Ἰσραήλ.
1517 475 1628 528 Καὶ
1654 474 1788 545 φέρε
1814 474 1912 539 τάς

327 567 412 636 ὐφ’
441 564 660 634 ἑκάστῳ
701 562 984 633 λέγωμεν,
1017 563 1084 616 ὲκ
1111 561 1213 633 τῆς
1246 562 1337 617 ἐπ’
1381 563 1567 628 αὐτοῖς
1613 564 1913 636 γενομένης

327 655 670 729 προφητείας
714 653 774 721 ἐξ
819 654 1016 709 Ἰακὼό
1051 653 1419 724 συλλέγοντες.
1471 657 1615 728 Ἔφη
1666 656 1844 711 τοίνυν
1883 659 1913 710 6

327 749 615 812 Θεσπέσιος
675 747 890 802 Ἰακώϐ·
928 767 948 801 ι
988 748 1233 820 Ῥουὸημ
1267 750 1610 822 πρωτότοκός
1657 768 1794 822 μου,
1847 753 1910 806 σὺ

329 840 483 912 ἰσχύς
526 859 651 912 μου,
683 839 780 894 καὶ
811 841 953 912 ἀρχὴ
986 839 1194 895 τέκνων
1227 858 1352 913 μου,
1388 842 1624 915 σκληρὸς
1647 843 1911 915 φέρεσθαι

326 937 420 988 καὶ
457 933 697 1005 σκληρὸς
728 932 988 1004 αὐθάδης⁸
1039 951 1058 985 ι
1101 933 1195 986 καὶ
1241 933 1427 988 πάλιν·
1487 954 1506 986 ι
1543 934 1769 1006 Συμεὼν
1818 937 1914 990 καὶ

323 1027 458 1080 Λευὶ
502 1025 720 1094 ἀδελφοὶ
783 1023 1136 1079 συνετέλεσαν
1165 1024 1381 1081 ἀδικίαν
1428 1025 1490 1091 ἐξ
1520 1026 1790 1097 αἱρέσεως
1815 1027 1914 1080 αὐ-

323 1117 456 1171 τῶν.
503 1118 598 1182 Εἰς
661 1115 853 1188 βουλὴν
900 1117 1082 1171 αὐτῶν
1131 1116 1207 1188 μή
1254 1118 1538 1191 είσέλθῃή
1587 1119 1735 1192 ψυχή
1784 1137 1909 1191 μου,

322 1211 422 1265 καὶ
452 1211 545 1264 ἐπὶ
586 1213 653 1282 τῇ
697 1209 957 1264 συστάσει
1002 1210 1181 1265 αὐτῶν
1227 1213 1301 1282 μὴ
1343 1213 1552 1283 ἐρεῖσαι
1593 1213 1662 1266 τά
1719 1213 1910 1285 ήπατά

326 1322 454 1377 μου·
487 1307 571 1360 ὅτι
617 1308 673 1358 ὲν
723 1305 802 1376 τῷ
825 1304 983 1384 θυμῷ
1002 1305 1182 1359 αὐτῶν
1207 1306 1540 1363 ἀπέκτειναν
1565 1307 1910 1380 ἀνθρώπους,

322 1394 419 1446 καὶ
451 1393 509 1446 ὲν
545 1396 611 1466 τῇ
659 1395 923 1470 ἐπιθυμίᾳ
967 1399 1146 1453 αὐτῶν
1208 1399 1653 1472 ὲνευροκόπησαν
1689 1401 1908 1475 ταῦρον.

336 1482 775 1555 Ἐπικατάρατος
811 1488 840 1540 6
869 1486 1040 1558 θυμὸς
1067 1488 1267 1554 αὐτῶν,
1311 1491 1394 1544 ὅτι
1445 1489 1707 1563 αὐθάδης,
1741 1494 1836 1546 καὶ
1878 1493 1911 1564 ή

325 1573 493 1644 μῆνις
535 1575 738 1643 αὐτῶν,
769 1578 852 1631 ὅτι
894 1579 1261 1653 ὲσκληρύνθη.
1321 1601 1338 1634 ι
1389 1582 1528 1652 Περὶ
1563 1582 1620 1635 δὲ
1671 1583 1766 1637 τοῦ
1804 1583 1912 1638 Γὰδ

324 1666 431 1739 ἔφη
455 1668 620 1722 πάλιν
651 1669 798 1723 τάδε·
834 1691 850 1724 ι
886 1673 1250 1745 Πειρατήριον
1285 1674 1652 1745 πειρατεύσει,
1686 1675 1778 1729 καὶ
1813 1676 1911 1729 αὐ-

321 1759 418 1824 τὸς
455 1762 806 1832 πειρατεύσει
845 1765 1008 1819 αὐτὸν
1038 1766 1177 1820 κατὰ
1201 1766 1389 1831 πόδας.
1429 1786 1449 1819 ›
1481 1768 1690 1823 Οὐκοῦν
1720 1771 1778 1824 ὲν
1815 1770 1911 1842 μὲν

321 1851 402 1923 τῷ
457 1852 702 1927 Ῥουϐὴμ
766 1858 1086 1930 σημαίνοιτο
1136 1860 1203 1916 ἂν
1249 1862 1473 1927 εἰκότως
1519 1865 1549 1916 6
1607 1863 1844 1936 Ἰσραὴλ,
1884 1866 1912 1918 6

320 1945 672 2015 πρωτότοκος
717 1948 816 2019 μὲν
863 1950 1008 2005 κατὰ
1055 1951 1278 2023 χρόνον,
1329 1954 1563 2024 σκληρὸς
1613 1953 1671 2008 δὲ
1713 1954 1778 2026 δὴ
1820 1956 1912 2009 καὶ

320 2036 568 2110 αὐθάδης
597 2041 692 2094 καὶ
726 2041 991 2115 ὑϐριστής
1015 2061 1028 2074 ο
1072 2046 1130 2099 ὲν
1172 2045 1231 2100 δέ
1274 2062 1339 2115 γε
1366 2046 1444 2118 τῷ
1475 2047 1719 2118 Συμεὼν,
1751 2040 1796 2116 ᾧ
1818 2049 1912 2102 καὶ

324 2130 598 2200 συνῆπται
670 2132 837 2198 Δευῖ,
886 2134 964 2197 ὠς
1011 2134 1232 2207 ἕτοιμος
1284 2136 1365 2200 είς
1423 2138 1766 2208 μιαιφονίαν,
1817 2141 1912 2193 καὶ

322 2223 642 2288 ἀπεκτονὼς
697 2225 795 2296 μὲν
843 2226 1061 2295 άγίουςο
1108 2246 1128 2280 ι
1170 2229 1346 2282 Τίνα»
1380 2229 1517 2301 γὰρ,
1554 2232 1708 2302 φησὶ,
1741 2251 1760 2284 ι
1800 2232 1912 2286 τῶν

325 2315 622 2385 προφητῶν
651 2316 752 2369 οὐκ
775 2316 1104 2373 ἀπέκτειναν
1122 2320 1173 2373 οί
1207 2320 1443 2394 πατέρες
1469 2322 1498 2374 ὐ
1508 2321 1625 2392 μῶν
1647 2340 1661 2387 ;
1687 2343 1705 2374 ι
1728 2341 1913 2396 νευρο-

323 2408 577 2476 κοπήσας
624 2407 682 2462 δὲ
727 2408 918 2481 ῶσπερ
963 2411 1058 2464 καὶ
1108 2411 1348 2482 ταῦρον,
1393 2414 1453 2478 ὃς
1495 2416 1611 2468 ἐστι
1653 2416 1909 2486 Χριστός.

322 2499 401 2552 υύ
434 2499 628 2570 γάρτοι
682 2501 841 2572 μόνος
868 2505 896 2556 6
929 2502 1038 2558 τῶν
1090 2504 1359 2563 Ἰουδαίων
1401 2511 1797 2581 καταφωρᾶται
1823 2528 1914 2564 τε-

319 2589 616 2661 τολμηκὼς
653 2593 723 2648 τά
765 2593 907 2648 κατὰ
947 2595 1056 2650 τῶν
1116 2597 1288 2665 άγίων
1346 2599 1442 2652 καὶ
1480 2599 1622 2654 κατά
1669 2602 1909 2672 Χριστοῦ

322 2683 675 2755 τολμήματα,
711 2687 1012 2760 συνέδραμε
1050 2688 1108 2743 δὲ
1146 2690 1362 2756 τούτοις
1391 2692 1485 2746 καὶ
1513 2692 1542 2745 6
1575 2693 1730 2759 Λευτ,
1763 2695 1910 2748 τοῦτ’

323 2773 442 2828 ἔστι
467 2775 528 2830 τὺ
557 2777 698 2850 ἱερὸν
721 2778 901 2847 γένος,
933 2781 983 2834 οἱ
1007 2779 1085 2853 τῷ
1119 2781 1491 2856 θυσιαστηρίῳ
1527 2787 1913 2860 προσεδρεύονο

323 2883 451 2931 τες,
502 2869 859 2942 Γραμματείς
900 2889 960 2926 τε
1001 2873 1098 2927 καὶ
1141 2875 1444 2948 Φαρισαῖοι.
1491 2879 1589 2933 Διὰ
1636 2879 1815 2946 τοῦτο,
1854 2883 1912 2935 ὲν

325 2961 450 3022 ταῖς
477 2959 572 3013 τοῦ
612 2962 961 3035 προπάτορος
1001 2965 1198 3020 ’ῐακὼὸ
1229 2969 1624 3047 προφητείαις,
1655 2972 1909 3039 συνέζευ-

2013 474 2186 540 nitus,
2213 473 2456 539 Simeon,
2486 483 2542 529 et
2559 473 2695 537 Gad,
2724 475 2820 544 qui
2843 484 2927 530 est
2956 491 3023 531 ex
3054 475 3248 532 ancilla
3280 471 3604 552 natusfpcr.

2014 563 2115 619 bos
2147 572 2328 619 autem
2358 562 2523 618 Israel
2559 562 2920 633 signiﬁcatur.
2948 565 3059 636 Age
3087 581 3241 637 ergo,
3261 567 3330 622 de
3356 584 3604 640 unoquo-

2013 671 2121 726 que
2159 656 2426 720 dicamus,
2453 664 2618 724 atque
2639 670 2707 709 ex
2755 655 2822 710 iis
2847 671 2970 726 quae
2988 671 3018 710 a
3038 657 3205 712 Jacob
3236 658 3304 714 de
3329 659 3438 714 illis
3459 677 3601 731 prae~

2014 748 2161 804 dicta
2190 755 2338 810 sunt,
2384 746 2636 801 nonnihil
2678 762 2978 802 sumamus.
3020 748 3166 802 Dixit
3201 749 3368 820 igitur
3407 751 3603 808 beatus

2012 837 2180 894 Jacob
2217 855 2230 890 :
2275 856 2292 888 ι
2331 835 2524 890 Ruben
2569 837 2970 908 primogenitus
3014 854 3190 904 meus,
3235 851 3290 895 tu
3340 842 3606 901 fortitudo

2014 946 2157 996 mea,
2182 939 2238 985 et
2270 928 2608 1000 principium
2637 929 2881 984 ﬁliorum
2912 946 3183 998 meorum,
3215 933 3388 990 durus
3414 936 3484 990 ad
3520 936 3602 992 fe-

2015 1020 2270 1085 rendum,
2295 1019 2470 1074 durus
2494 1028 2550 1074 et
2592 1035 2795 1090 procax
2820 1020 2887 1073 '°.
2925 1039 2942 1072 ›
2977 1021 3045 1074 Ει
3065 1022 3262 1078 iterum
3288 1044 3300 1078 :
3333 1043 3351 1076 ι
3381 1025 3602 1084 Simeon

2013 1120 2070 1168 et
2095 1110 2226 1167 Levi
2263 1110 2462 1166 fratres
2494 1109 2849 1180 perfecerunt
2881 1110 3228 1180 iniquitatem
3253 1129 3320 1170 ex
3351 1116 3604 1174 instituto

2015 1220 2135 1260 suo.
2166 1205 2224 1259 In
2249 1204 2540 1261 consilium
2571 1219 2764 1258 corum
2796 1219 2909 1258 non
2947 1203 3116 1259 intret
3157 1207 3339 1264 anima
3378 1225 3520 1276 mea,
3551 1222 3610 1266 et.

2016 1299 2072 1352 in
2104 1297 2511 1369 conspiratione
2539 1312 2732 1352 eorum
2763 1313 2874 1352 non
2908 1299 3178 1355 innitatur
3198 1304 3357 1373 jecur
3388 1318 3603 1368 meum,

2014 1392 2146 1462 quia
2171 1391 2230 1446 in
2250 1390 2436 1446 furore
2468 1406 2570 1446 suo
2591 1390 2919 1446 occiderunt
2939 1391 3107 1459 viros,
3136 1402 3192 1448 ct
3217 1396 3277 1449 in
3305 1393 3606 1464 cupiditate

2015 1500 2113 1540 sua
2155 1483 2632 1540 subnervaverunt
2673 1491 2893 1538 taurum
2923 1503 2934 1538 :
2971 1486 3296 1543 maledictus
3327 1487 3482 1543 furor
3509 1504 3605 1547 eo-

2015 1593 2160 1642 rum,
2214 1577 2344 1647 quia
2387 1577 2660 1648 pertinax,
2699 1585 2756 1633 et
2788 1577 2868 1644 ira
2901 1593 3116 1644 eorum,
3167 1580 3294 1649 quia
3336 1581 3607 1636 obdurata

2015 1679 2101 1725 est
2130 1671 2196 1724 '“.
2239 1689 2257 1721 ι
2294 1670 2371 1726 De
2401 1669 2516 1724 Cad
2544 1685 2674 1725 vero
2710 1671 2827 1726 haec
2851 1687 3045 1726 rursus
3074 1670 3213 1726 dixit
3244 1691 3255 1725 :
3297 1691 3314 1723 ι
3353 1672 3607 1728 Tentatio

1943 1737 1985 1794 Β
2019 1761 2248 1816 tentabit
2272 1776 2422 1826 eum,
2452 1770 2509 1816 et
2530 1761 2646 1832 ipse
2679 1761 2914 1818 tentabit
2949 1778 3075 1818 eum
3101 1778 3260 1819 secus
3288 1764 3456 1834 pedes
3481 1765 3546 1818 ⁷¹.
3583 1784 3600 1816 ι

2014 1853 2187 1924 Igitur
2211 1869 2310 1924 per
2339 1853 2536 1908 Ruben
2559 1870 2671 1909 non
2703 1855 2943 1911 absurde
2976 1857 3140 1911 Israel
3173 1857 3476 1927 accipitur;
3498 1858 3611 1925 pri?

2014 1944 2326 2016 mogenitus
2365 1944 2456 2000 ille
2485 1945 2710 2015 quidem
2746 1947 3011 2017 temporis
3053 1947 3270 2012 ordine,
3303 1948 3400 2004 sed
3433 1948 3610 2003 durus

2011 2047 2069 2094 et
2100 2051 2305 2108 procax
2349 2043 2406 2092 et
2448 2039 2880 2095 contumeliosus
2919 2058 2934 2094 :
2972 2055 3072 2110 per
3121 2039 3349 2095 Simeon
3398 2048 3608 2103 autem,

2013 2131 2103 2185 cui
2144 2131 2474 2202 conjunctus
2497 2139 2581 2186 est
2603 2131 2758 2198 Levi,
2782 2133 2926 2188 idem
2958 2134 3197 2204 populus
3226 2141 3287 2188 ut
3309 2134 3378 2189 ad
3405 2133 3608 2189 (sedem

2013 2233 2387 2296 promptus,et
2401 2231 2717 2280 sanctorum
2734 2225 2948 2280 occisor
2964 2225 3308 2296 signiﬁcatur
3328 2244 3372 2280 τι
3389 2224 3562 2293 Quem
3585 2247 3602 2276 ι

2013 2316 2164 2371 enim
2203 2334 2222 2367 ι
2260 2315 2683 2386 prophetarum,
2731 2334 2750 2367 ι
2785 2314 2986 2384 inquit,
3051 2333 3070 2366 ι
3108 2330 3220 2370 non
3286 2315 3612 2370 occiderunt

2015 2416 2200 2479 patres
2222 2407 2392 2463 vestri
2425 2407 2504 2461 7’?
2525 2427 2543 2460 ι
2569 2408 2644 2463 Ει
2668 2415 2888 2463 taurum
2914 2415 3203 2478 praeterea,
3231 2407 3327 2478 qui
3351 2406 3610 2464 Christus

2012 2509 2116 2566 est,
2153 2499 2549 2558 subnervavit:
2590 2514 2772 2569 neque
2814 2499 2963 2555 enim
3011 2499 3329 2556 Iudaeorum
3372 2500 3610 2571 populus

2013 2593 2283 2649 duntaxat
2321 2591 2506 2648 moliri
2543 2607 2712 2647 ausus
2745 2600 2830 2647 est
2862 2591 2956 2646 illa
2983 2591 3248 2648 adversus
3281 2599 3502 2648 sanctos
3522 2592 3607 2647 vi-

2013 2701 2104 2741 ros
2158 2693 2324 2757 atque
2356 2686 2538 2758 ipsum
2559 2684 2844 2742 Christum
2871 2685 3154 2751 facinora;
3189 2684 3286 2741 sed
3313 2685 3445 2740 Levi
3469 2700 3609 2756 quo-

2013 2795 2121 2850 que
2147 2795 2206 2835 se
2237 2779 2306 2836 iis
2334 2780 2547 2836 socium
2583 2779 2852 2850 adjunxit,
2899 2794 3056 2835 sacra
3096 2778 3360 2834 nimirum
3407 2777 3608 2842 tribus,

2013 2871 2107 2941 qui
2143 2872 2304 2928 altari
2325 2871 2534 2942 iugiter
2566 2879 2766 2942 prasto
2794 2879 2988 2937 erant,
3040 2868 3253 2926 Scribae
3292 2885 3514 2942 quoque
3544 2884 3613 2926 ac

2013 2963 2298 3020 Pharisaei.
2326 2963 2537 3020 Idcirco
2561 2963 2617 3018 in
2648 2963 3104 3034 praedictionibus
3128 2963 3298 3019 Jacob
3321 2962 3487 3034 primi
3509 2975 3620 3034 pac-

324 3067 454 3104 κται
492 3051 570 3124 τῷ
609 3053 837 3140 ξυμεὼν
883 3057 978 3110 καὶ
1005 3061 1033 3112 6
1065 3059 1215 3114 Λευτ.
1254 3061 1344 3116 Ἐν
1377 3061 1434 3115 δέ
1469 3079 1534 3132 γε
1580 3064 1658 3136 τῷ
1694 3066 1820 3131 Γάδ,
1851 3067 1909 3131 ὃς

2018 3055 2192 3111 rentis
2215 3070 2340 3110 cum
2367 3054 2591 3110 Simeon
2619 3054 2974 3125 conjungitur
3022 3053 3174 3110 Levi.
3211 3054 3315 3110 Per
3346 3053 3462 3111 Gad
3507 3070 3607 3110 au-

325 3143 478 3197 ὲστιν
506 3144 572 3198 ὲκ
596 3131 790 3217 δούλης
827 3149 924 3201 καὶ
956 3153 1332 3224 πειρατήριον,
1363 3154 1438 3219 ὡς
1463 3131 1732 3229 δυσγενής
1772 3161 1914 3214 κατὰ

323 3233 591 3308 γνώμην,
635 3237 730 3292 καὶ
778 3241 1056 3312 πειράζων
1095 3245 1186 3298 τὸν
1250 3247 1486 3318 Ἰησοῦν,
1537 3250 1634 3304 καὶ
1679 3253 1915 3322 παγίδας

327 3326 502 3392 ιστάς,
536 3329 616 3393 είς
645 3334 986 3404 κακουργίας
1027 3337 1195 3408 αὐτῷ’
1236 3341 1551 3413 προσῄεσαν
1591 3345 1700 3416 γὰρ
1725 3345 1914 3415 λέγον-

324 3435 439 3509 τες,
481 3438 508 3509 ι
564 3421 782 3489 Ἔξεστι
840 3423 1024 3481 δοῦναι
1086 3428 1290 3501 φόρους
1350 3433 1696 3509 Καίσαρι,ῆ
1747 3437 1846 3504 οὐ;
1887 3459 1904 3492 ι

325 3507 577 3573 Οὐκοῦν,
620 3511 819 3567 άνοίσω
865 3516 972 3588 γὰρ
1022 3512 1178 3582 αὖθις
1227 3517 1309 3584 είς
1364 3521 1427 3576 τὺ
1474 3507 1549 3578 ὲν
1577 3507 1774 3598 ἀρχαῖς
1819 3529 1912 3583 τὸν

323 3598 519 3694 λόγον,
540 3603 595 3694 ‘6
613 3605 674 3694 εν
716 3607 893 3678 χρόνῳ
931 3609 1278 3678 πρωτότοκος
1316 3613 1553 3687 Ἰσραήλ,
1597 3619 1625 3671 6
1673 3619 1909 3694 σκληρὸς

327 3691 422 3782 καὶ
460 3690 701 3766 αὐθάδης
731 3698 824 3749 καὶ
858 3696 1140 3773 ὑϐριστὴς,
1176 3705 1204 3757 6
1234 3705 1526 3779 πρόχειρος
1559 3709 1640 3772 είς
1684 3690 1908 3782 μιαιῷο-

324 3781 468 3846 νίαν,
507 3785 602 3838 καὶ
632 3784 910 3860 ἐπάρατον
948 3790 1048 3861 μὲν
1081 3792 1181 3864 τήν
1215 3795 1377 3866 μ’ήνιν
1406 3798 1566 3868 ἔχων,
1595 3781 1910 3870 ἀπεκτονὼς

323 3873 750 3970 δὲάνθρὼπους,
781 3881 877 3936 καὶ
897 3887 1314 3964 νευροκοπήσας
1342 3890 1564 3963 ταῦρον,
1594 3897 1624 3948 6
1646 3895 1910 3970 δυσγενὴς

324 3966 421 4020 καὶ
460 3969 660 4041 πικρὸς
697 3974 777 4037 εἰς
811 3973 1027 4039 δόλους,
1076 3978 1172 4033 καὶ
1205 3980 1440 4049 παγίδας
1478 3985 1630 4051 ίστὰς
1664 3989 1760 4044 καὶ
1796 3966 1910 4045 πει-

324 4061 613 4132 ρατήριον,
646 4065 876 4120 κατόπιν
919 4069 1179 4125 τέτακται
1219 4073 1330 4128 τῶν
1363 4077 1421 4128 ὲν
1462 4077 1687 4150 Χριστῷ
1715 4099 1775 4135 τε
1817 4085 1912 4138 καὶ

321 4150 658 4226 ἐλευθέρων,
709 4157 805 4211 καὶ
868 4159 916 4213 εί
973 4159 1258 4234 ἐλεύθερος
1321 4168 1441 4236 μεθ’
1493 4171 1677 4240 ἡμᾶς,
1728 4173 1805 4239 ὡς
1854 4178 1910 4231 ἐν

319 4243 442 4313 ὕψει
482 4245 637 4316 μόλις
675 4247 932 4321 ἔρχεσθαι
971 4252 1127 4310 Θεοῦ.

273 4418 282 4480 Ξ
395 4427 605 4483 ΠΑΛΔ.
638 4428 713 4508 Εὐ
748 4430 904 4503 ἔφης.

391 4521 560 4577 ΚΥΡ.
605 4524 934 4596 ’Δναμάθοις
964 4527 1010 4582 δ’
1055 4528 1122 4584 ἂν
1156 4532 1184 4585 ὅ
1218 4549 1390 4604 φημι,
1426 4534 1521 4588 καὶ
1563 4537 1676 4601 τοῖς
1709 4538 1907 4610 ἑφεξῆς

318 4613 410 4667 τὸν
436 4614 564 4670 νοῦν
589 4618 836 4686 ἐφιστάς.
863 4621 1026 4691 Τρεῖς
1053 4621 1163 4694 γάρ
1185 4623 1431 4696 ἀλλήλων
1463 4626 1714 4697 ἐχόμενοι
1745 4647 1910 4702 προσ⁹

316 4705 577 4778 εκὸμιζον
612 4707 829 4780 ἐφεξῆς,
860 4711 921 4777 ἐξ
944 4712 1238 4786 ἐλευθέρας
1269 4719 1371 4787 τῆς
1409 4716 1610 4789 Ῥαχὴλ
1632 4758 1647 4784 ,
1667 4719 1906 4792 Ἐφραίμ

317 4813 377 4850 τε
418 4799 513 4853 καὶ
542 4801 883 4874 Μανασσῆςῖ
912 4799 1045 4860 Εἶτα
1075 4809 1226 4880 τρεῖς
1262 4808 1510 4881 ἀλλήλων
1537 4812 1792 4882 ἐχόμενοί
1845 4830 1904 4866 τε

319 4891 416 4944 καὶ
461 4893 582 4962 μετ’
617 4895 862 4961 ἐκείνους
905 4898 954 4950 οί
1002 4900 1066 4953 ὲκ
1118 4898 1494 4972 θεραπαινῶν,
1543 4903 1690 4973 φημὶ
1729 4903 1786 4957 δὲ
1839 4905 1905 4976 δὴ

318 4982 520 5050 πάλιν,
553 4985 692 5052 Δάν,
725 4987 894 5061 Ἀσήρ
940 5007 1000 5044 τε
1047 4993 1141 5045 καὶ
1187 4992 1525 5064 Νεφθαλείμ.
1579 4995 1774 5068 Συνίης
1812 4993 1906 5052 οὖν

315 5074 402 5128 ὅτι
433 5077 888 5148 προεισόάλλουσι
921 5081 1021 5152 μὲν
1054 5083 1152 5135 καὶ
1193 5083 1580 5156 ἐκτετίμηνται
1608 5084 1730 5139 λίαν
1762 5087 1814 5139 οἱ
1845 5087 1905 5152 ἐξ

318 5167 643 5240 ἐλευθέρας,
697 5171 922 5226 ἕπονταί
970 5191 1034 5242 γε
1084 5175 1192 5246 μὴν
1240 5177 1291 5229 οί
1346 5178 1410 5229 ἐκ
1463 5177 1898 5251 θεραπαινῶνοῆ

317 5257 440 5329 οὐχὶ
473 5261 631 5315 τοῦτό
664 5264 813 5317 ἐστιν
860 5264 1126 5335 ἐναργὲς,
1159 5265 1188 5318 ὃ
1224 5266 1319 5320 καὶ
1363 5267 1530 5331 αὐτὸς
1571 5269 1704 5340 ἡμῖν
1734 5270 1763 5323 6
1811 5269 1899 5322 θε-

319 5351 544 5416 σπέσιος
605 5355 807 5425 γράφει
848 5357 1095 5421 Παῦλος;
1135 5377 1153 5410 ι
1193 5359 1362 5413 Ὅταν
1387 5377 1405 5409 ι
1431 5360 1559 5432 γὰρ,
1597 5362 1751 5432 φησὶ,
1799 5379 1817 5413 ι
1843 5362 1903 5416 τὸ

316 5443 596 5518 πλήρωμα
625 5448 732 5501 τῶν
762 5448 932 5503 ἐθνῶν
960 5449 1177 5522 εἰσέλθῃ
1201 5488 1216 5514 ,
1243 5450 1363 5504 τότε
1396 5453 1504 5516 πᾶς
1545 5452 1762 5524 Ἰσραὴλ
1799 5471 1903 5507 σω·-

319 5535 567 5606 θήσεται.
607 5556 624 5586 ι

2020 3159 2151 3213 tem,
2183 3149 2278 3219 qui
2300 3155 2386 3202 est
2423 3163 2454 3202 e
2477 3162 2655 3212 serva,
2683 3155 2740 3201 et
2765 3155 3186 3213 tentamentum,
3223 3147 3367 3203 idem
3402 3145 3608 3203 intelli-

2017 3242 2190 3313 gitur,
2222 3248 2283 3295 ut
2311 3241 2407 3310 qui
2438 3254 2604 3296 sensu
2625 3248 2682 3295 et
2708 3240 2894 3295 animo
2927 3239 3001 3296 sit
3041 3239 3292 3310 ignobili,
3335 3247 3392 3294 et
3420 3237 3607 3294 Iesum

2019 3341 2213 3399 tentet,
2250 3341 2416 3402 atque
2456 3331 2680 3387 malitia:
2728 3347 2840 3386 suae
2886 3332 3115 3401 laqueos
3145 3329 3335 3386 tendat
3367 3347 3380 3382 :
3419 3345 3605 3386 acces-

2015 3433 2207 3481 serunt
2228 3424 2397 3490 enim,
2426 3423 2674 3479 dicentes
2703 3441 2716 3476 :
2747 3443 2766 3475 ι
2792 3424 2950 3480 Licet
2973 3438 3200 3479 censum
3229 3423 3360 3478 dare
3383 3421 3605 3485 Caesari,

2015 3534 2085 3573 an
2111 3533 2224 3573 non
2246 3517 2294 3549 "
2319 3516 2344 3570 ?
2383 3535 2402 3568 ι
2435 3516 2610 3588 igitur
2631 3557 2646 3583 ,
2674 3524 2736 3570 ut
2763 3516 2917 3571 adzid
2949 3516 3097 3586 quod
3149 3515 3308 3578 initio
3353 3513 3604 3570 dicebam

2014 3626 2269 3667 revocem
2308 3609 2616 3666 orationem
2673 3624 2884 3674 meam,
2923 3609 3016 3664 ille
3061 3608 3224 3680 372
3274 3606 3460 3672 Israel,
3509 3608 3606 3678 qui

2012 3703 2280 3774 temporis
2325 3701 2520 3757 ordine
2567 3701 2972 3774 primogenitus
3009 3709 3149 3767 erat,
3205 3699 3299 3756 ille
3344 3697 3519 3756 durus
3550 3710 3607 3756 et

2011 3810 2214 3866 procax
2244 3802 2301 3851 et
2328 3794 2781 3859 contumeliosus,
2819 3793 2910 3850 ille
2946 3799 3234 3865 promptus
3274 3791 3344 3848 ad
3377 3790 3604 3855 caedem,

2012 3896 2068 3942 et
2089 3887 2184 3956 qui
2214 3885 2563 3942 maledictam
2588 3886 2728 3942 iram
2760 3886 2983 3950 retinet,
3011 3895 3069 3941 et
3096 3884 3350 3940 homines
3377 3883 3602 3946 occidit,

2011 3984 2069 4032 et
2101 3975 2459 4032 subnervavit
2483 3985 2728 4040 taurum,
2770 3976 2864 4030 ille
2901 3975 3160 4046 ignobilis
3196 3983 3253 4030 et
3282 3975 3513 4030 acerbus
3535 3975 3606 4030 ad

2014 4069 2310 4127 struendos
2335 4069 2513 4136 dolos,
2553 4078 2610 4126 et
2637 4071 2735 4142 qui
2770 4070 2997 4140 laqueos
3025 4069 3225 4135 tendit,
3254 4077 3313 4125 et
3337 4077 3601 4132 tentator,

2014 4163 2254 4234 denique
2281 4171 2408 4233 post
2431 4177 2549 4228 eos,
2582 4163 2678 4233 qui
2711 4163 2766 4218 in
2793 4162 3016 4220 Christo
3049 4171 3106 4218 et
3132 4161 3301 4218 liberi
3320 4171 3469 4229 sunt,
3491 4164 3602 4220 col~

2014 4258 2227 4314 locatus
2256 4265 2361 4324 est,
2394 4257 2500 4312 etsi
2539 4257 2680 4313 liber
2715 4265 2842 4328 post
2868 4271 2969 4312 nos
2996 4257 3123 4324 erit,
3167 4266 3229 4312 ut
3257 4257 3345 4312 vix
3380 4258 3600 4314 tandem

2017 4351 2083 4406 ad
2117 4350 2214 4406 Dei
2241 4357 2596 4420 conspectum
2626 4349 2829 4406 veniat.

1939 4437 1984 4493 D
2085 4443 2282 4499 PALL.
2312 4443 2641 4500 Rectissime
2671 4442 2827 4498 dicis.

2075 4534 2232 4591 CYR.
2259 4532 2416 4602 Quod
2447 4541 2634 4590 autem
2680 4533 2828 4600 dixi,
2858 4534 3018 4605 plane
3046 4535 3335 4606 intelliges,
3363 4536 3409 4592 si
3443 4537 3509 4591 ad
3536 4553 3599 4593 ea

2004 4640 2127 4696 quae
2156 4624 2418 4696 deinceps
2459 4632 2770 4696 sequuntur
2812 4624 3056 4680 animum
3096 4625 3399 4682 intenderis
3437 4645 3449 4681 :
3488 4637 3601 4683 tres

2005 4717 2153 4772 enim
2186 4716 2330 4772 inter
2363 4732 2422 4772 se
2454 4717 2737 4788 conjuncti
2764 4715 3030 4787 deinceps
3049 4717 3371 4773 obtulerunt
3394 4734 3462 4774 ex
3487 4719 3596 4775 Ra-

2008 4809 2164 4864 chele
2197 4809 2392 4873 libera,
2431 4809 2714 4879 Ephraim,
2759 4818 2816 4864 et
2856 4809 3155 4875 Manasses,
3195 4819 3252 4866 et
3289 4811 3596 4884 Benjamin.
3685 4797 3690 4804 ’

2006 4918 2242 4975 quorum
2298 4902 2516 4973 priores
2578 4917 2651 4958 ex
2711 4901 2914 4973 Joseph
2976 4912 3208 4974 parente
3267 4905 3382 4960 nati
3444 4917 3595 4964 sunt.

2004 4996 2267 5067 Ephraim
2293 5003 2350 5076 et
2373 4996 2681 5052 Manasses:
2712 4996 2914 5053 deinde
2941 5007 3068 5070 post
3097 4998 3222 5055 illos
3247 4999 3340 5055 alii
3369 5008 3481 5056 tres
3509 5002 3597 5056 in-

2002 5089 2180 5144 vicem
2227 5089 2432 5160 iuncti,
2487 5089 2921 5161 ancillarumque
2975 5089 3102 5156 ﬁlii,
3157 5091 3294 5157 Dan,
3350 5093 3594 5165 inquam,

2001 5178 2138 5234 Aser
2185 5189 2243 5236 et
2290 5179 2668 5250 Nephthalim.
2704 5180 3116 5237 Animadvertis
3146 5182 3312 5254 igitur
3341 5200 3371 5239 e
3407 5183 3598 5238 liberis

2012 5271 2236 5341 quidem
2270 5281 2428 5328 natos
2456 5273 2802 5337 antecedere,
2834 5283 2890 5328 et
2927 5273 2983 5329 in
3013 5291 3209 5346 magno
3251 5276 3460 5332 honore
3495 5276 3596 5328 lia-

2012 5363 2153 5429 bcri,
2180 5365 2338 5435 sequi
2369 5374 2554 5421 autem
2582 5365 2725 5421 ﬁlios
2751 5368 3074 5422 ancillarum
3111 5388 3122 5422 :
3155 5383 3339 5423 annon
3391 5369 3497 5422 hoc
3525 5367 3584 5422 il-

2009 5453 2106 5508 lud
2147 5463 2253 5519 est,
2303 5455 2450 5525 quod
2491 5457 2608 5527 ipse
2654 5458 2816 5512 nobis
2863 5458 3059 5514 beatus
3104 5459 3305 5515 Paulus
3351 5458 3543 5514 scribit
3573 5460 3626 5514 ?~

2018 5565 2035 5596 ‹
2065 5545 2202 5601 Cum
2237 5567 2255 5596 ι
2287 5546 2457 5612 enim,
2487 5547 2684 5616 inquit,
2719 5566 2738 5598 ι
2765 5547 3052 5617 plenitudo
3081 5549 3323 5620 gentium
3357 5549 3595 5606 intrave-

2010 5639 2104 5701 rit,
2144 5647 2275 5692 tunc
2303 5639 2670 5695 omnislsrael
2702 5640 2883 5694 salvus
2920 5641 3108 5696 erit".
3152 5659 3168 5691 ι

390 5739 438 5773 π
481 5739 616 5800 Gen.
666 5762 806 5814 χω,
849 5744 902 5812 5.
937 5747 986 5804 ι.
1068 5749 1108 5784 τι
1145 5748 1284 5808 Ibid.
1519 5755 1599 5819 ﬁt
1635 5749 1774 5810 Ibid.
1817 5750 1901 5809 ιιι.

2012 5752 2026 5782 ³
2064 5752 2184 5808 Act.
2233 5769 2323 5820 vn,
2360 5753 2448 5809 52.
2529 5755 2571 5786 7"
2605 5752 2793 5810 Matth.
2826 5769 2954 5821 χχιι,
3008 5754 3090 5809 17.
3125 5756 3168 5788 ⁷⁸
3201 5755 3358 5812 Rom.
3395 5771 3469 5821 XI,
3496 5753 3583 5809 23.

3492 275 3599 331 τῇ
3687 345 3691 350 1
