3996 6212
473 280 578 338 7‘35

1493 283 1546 337 S.
1583 282 1856 339 CYRIILI
1896 283 2368 342 ALEXANDRINI
2409 287 2728 344 ARCIIIEP.

3635 288 3737 343 ’⁸94

539 397 736 453 PALL.
781 398 946 452 Recte
987 397 1109 451 ais:
1159 407 1246 452 est
1292 397 1440 451 enim
1485 380 2029 488 subtilis-admodun

2229 402 2440 456 ΠΑΛΛ.
2491 401 2694 473 Ὀρθῶς
2727 398 2884 472 ἔφης⁸
2938 399 3093 471 ἰσχνὴ
3139 400 3246 472 γὰρ
3287 401 3427 470 ἄγαν
3472 405 3506 472 ὴ
3544 403 3739 474 ἐπιτή-

467 488 796 545 observatio.
1057 559 1061 563 ι

536 582 694 637 CYR.
723 581 887 651 Atqui
928 582 982 636 id
1026 597 1135 636 non
1181 597 1303 637 esse
1349 581 1486 638 falso
1521 582 1730 638 dictum
1763 583 1945 651 scies,
1995 593 2053 641 et

466 673 688 743 quidem
725 673 981 728 facillime
1017 693 1029 726 :
1062 675 1172 744 jam
1211 674 1358 729 enim
1386 674 1671 745 Scriptura
1697 692 1800 732 nos
1829 692 1897 732 ex
1926 677 2050 733 aliis

465 765 753 820 sententiis
775 765 1064 820 conﬁrmat
1088 785 1099 820 ε
1129 767 1319 822 ordine
1345 769 1670 839 congruenti
1691 769 1854 839 jussit
1880 769 2045 835 Deus,

463 867 526 912 ut
556 867 733 913 castra
763 850 1046 914 moverent
1075 869 1238 930 atque
1262 861 1528 924 locarent,
1562 876 1625 915 ac
1660 861 1920 916 sisterent
1952 863 2046 918 lilii

462 951 649 1014 Israel,
685 960 740 1006 et
774 961 834 1007 ut
865 953 1278 1008 tabernaculum
1315 953 1691 1017 circumirent,
1726 954 2042 1020 constituit,

455 1042 609 1111 juxta
635 1042 790 1108 illud,
822 1043 1039 1114 Opinor,
1063 1045 1209 1114 quod
1230 1055 1314 1100 cst
1340 1060 1370 1099 a
1395 1045 1556 1100 beato
1576 1045 1745 1099 David
1769 1045 2048 1116 eleganter

459 1133 811 1189 decantatum
835 1154 847 1189 :
878 1157 894 1188 ι
925 1137 993 1190 Et
1012 1135 1370 1190 circumdabo
1396 1136 1566 1190 altare
1587 1144 1765 1198 tuum,
1792 1135 2042 1201 Domine,

459 1233 519 1278 ut
548 1225 766 1280 audiam
795 1241 983 1280 vocem
1011 1227 1188 1282 laudis
1211 1233 1318 1280 tute
1351 1227 1419 1291 ³⁷⁵,
1459 1246 1477 1277 ›
1525 1226 1612 1280 vel
1651 1225 1785 1279 illud
1831 1244 1843 1278 :
1875 1243 1892 1275 ι
1923 1225 2045 1280 Cir-

457 1316 602 1369 cuivi
626 1326 681 1370 et
708 1316 982 1370 immolavi
1020 1316 1075 1370 in
1104 1316 1459 1370 tabernaculo
1492 1316 1664 1385 ipsius
1689 1315 1926 1370 hostiam
1951 1331 2045 1371 vo-

455 1407 796 1462 ciferationis
835 1409 902 1461 ".
949 1429 966 1459 ι
1000 1409 1312 1462 lnsinuatur
1356 1409 1522 1462 etiam
1575 1409 1723 1462 aliud
1759 1410 2042 1480 quidpiam

454 1511 575 1550 esse
613 1504 870 1565 tanquam
920 1497 974 1551 in
1013 1497 1185 1568 ﬁgura
1222 1497 1338 1552 ﬁeri
1361 1499 1594 1568 jussum.
1633 1499 1862 1569 Oportet
1892 1502 2042 1556 enim

455 1597 516 1642 ut
536 1603 637 1641 nos
657 1604 687 1642 a
710 1589 821 1643 Deo
845 1589 1072 1643 minime
1095 1589 1495 1660 disjungamur,
1521 1592 1615 1645 sed
1639 1593 1886 1662 proxime
1908 1609 2044 1664 quo-

453 1681 746 1736 dammodo
775 1691 830 1736 et
862 1683 1009 1738 circa
1045 1683 1197 1738 illum
1235 1692 1379 1738 stare
1415 1685 1722 1751 videamur,
1748 1702 1817 1740 ne
1843 1703 2040 1756 pecca-

454 1780 568 1826 tum
618 1773 1003 1844 interpositum
1036 1775 1126 1839 sit,
1157 1789 1296 1829 neve
1326 1775 1433 1828 ulla
1473 1776 1751 1830 smcularis
1789 1778 2041 1847 voluptas

451 1879 553 1920 nos
571 1865 800 1932 dividat,
827 1867 922 1922 sed
954 1876 1116 1921 recta:
1147 1867 1347 1921 mentis
1368 1869 1658 1937 praasentia
1681 1878 1736 1924 et
1761 1870 1828 1924 ad
1850 1885 2041 1928 omnes

450 1955 753 2012 laudandae
790 1959 1032 2013 actiones
1067 1959 1446 2028 suscipiendas
1483 1959 1738 2016 alacritas
1765 1961 1832 2016 ad
1873 1963 2040 2033 spiri-

451 2050 654 2103 tualem
697 2051 964 2105 unitatem
999 2051 1238 2121 colligat.
1269 2052 1404 2106 Nam
1438 2053 1530 2122 qui
1567 2053 1644 2108 sic
1686 2053 2040 2111 laudabiliter

449 2157 508 2196 se
541 2157 734 2212 gerere
763 2145 1099 2207 curaverint,
1131 2159 1228 2198 eos
1267 2153 1417 2198 certe
1449 2145 1504 2198 in
1544 2145 1738 2214 primis
1767 2146 1909 2201 dona
1954 2147 2036 2202 of-

448 2235 596 2289 ferre
626 2233 804 2290 decet.
823 2234 1099 2304 Scriptum
1121 2218 1211 2290 est
1240 2236 1386 2290 enim
1409 2254 1421 2289 :
1447 2256 1466 2286 ‹
1489 2235 1691 2292 Omnes
1719 2239 1772 2292 in
1799 2240 2037 2296 circuitu

445 2325 567 2395 ejus
594 2324 829 2380 afferent
859 2341 1087 2380 munera
1120 2327 1184 2380 "".
1220 2345 1237 2377 ι
1275 2327 1462 2396 Itaque
1505 2328 1670 2382 simul
1710 2328 1871 2398 373
1910 2345 2035 2385 cum

446 2415 804 2489 tabernaculo
841 2431 938 2471 eos
967 2416 1262 2486 proﬁcisci,
1299 2427 1356 2472 et
1387 2417 1463 2470 illi
1510 2415 1876 2473 circumfusos
1905 2436 2034 2488 pro-

445 2521 666 2562 movere
689 2507 876 2577 jussit,
907 2507 1102 2561 ordine
1125 2521 1345 2576 quoque
1373 2523 1483 2561 non
1507 2508 1602 2576 qui
1639 2508 1788 2562 aetati
1829 2525 2033 2566 conve-

441 2599 612 2664 niret,
637 2613 818 2668 neque
843 2598 936 2668 qui
971 2613 1001 2652 a
1033 2597 1227 2667 primis
1261 2597 1328 2650 ad
1361 2605 1637 2652 extremos
1659 2598 1882 2655 confuse
1909 2616 2036 2670 per-

441 2693 682 2755 veniret,
709 2691 805 2747 sed
827 2691 1021 2746 eadem
1054 2690 1267 2752 ratione
1290 2693 1614 2762 conjunctos
1639 2701 1804 2762 atque
1831 2693 2036 2750 discre-

445 2793 560 2848 tos,
611 2799 718 2854 qua
758 2785 814 2837 in
857 2782 1129 2837 donorum
1169 2782 1449 2838 oblatione
1495 2783 1748 2854 dispositi
1790 2784 2028 2841 fuerant.

439 2876 722 2946 Scriptum
740 2884 824 2930 est
842 2875 988 2930 enim
1012 2877 1066 2930 in
1093 2876 1350 2931 Numeris
1372 2876 1438 2930 ad
1465 2876 1614 2936 hunc
1637 2878 1894 2932 modum:
1918 2897 1936 2928 ι
1963 2878 2032 2933 Ει

439 2965 661 3020 locutus
693 2975 778 3020 est
807 2965 1071 3020 Dominus
1110 2966 1178 3020 ad
1220 2966 1438 3037 Moysen
1476 2975 1532 3020 et
1560 2966 1760 3032 Aaron,
1789 2968 1980 3023 dicens
2014 2987 2026 3023 :

438 3060 619 3114 Homo
633 3061 860 3131 junctus
885 3060 1189 3116 secundum
1210 3076 1404 3131 agmen
1433 3076 1614 3127 suum,
1637 3070 1694 3116 et
1722 3063 2024 3118 secundum

436 3151 616 3221 signa,
649 3151 954 3206 secundum
983 3151 1178 3206 domos
1213 3151 1546 3206 familiarum
1577 3167 1802 3207 suarum
1823 3163 2028 3210 castra-

440 3248 720 3294 metentur
760 3239 857 3294 filii
887 3240 1053 3296 Israel
1092 3256 1282 3296 coram
1305 3241 1559 3306 Domino,
1603 3242 1814 3298 circum
1850 3245 2033 3301 taber-

439 3331 698 3386 naculum
723 3332 1022 3388 testimonii
1045 3335 1585 3390 castrametabuntur
1605 3335 1700 3391 ﬁlii
1724 3335 1890 3392 Israel
1909 3339 1973 3392 ⁷⁸.
2005 3357 2022 3392 ›

439 3420 646 3477 Deinde
667 3423 994 3478 attributum
1024 3424 1222 3494 cuique
1257 3425 1437 3480 locum
1463 3427 1728 3492 ostendit,
1769 3428 2026 3497 ubinam,

437 3521 496 3568 et
521 3515 817 3584 quomodo,
840 3516 1003 3586 quive
1032 3517 1406 3574 castrabetari
1435 3518 1670 3575 debeant
1706 3537 1718 3573 :
1749 3521 2032 3592 subjungit

439 3605 588 3659 enim
631 3605 700 3660 ad
744 3606 894 3661 hunc
935 3608 1160 3662 modum
1205 3626 1218 3662 :
1261 3628 1278 3659 ι
1312 3609 1381 3664 Ει
1423 3610 1518 3679 qui
1569 3619 2029 3668 castrametantur

437 3695 604 3764 primi
619 3696 685 3750 ad
707 3697 999 3762 orientem,
1036 3713 1228 3767 agmen
1247 3709 1554 3755 castrorum
1571 3701 1712 3758 Juda
1733 3719 1858 3759 cum
1875 3721 2030 3761 exer-

440 3787 556 3841 citu
585 3802 707 3852 suo,
733 3796 788 3842 et
817 3798 1270 3846 castrametantes
1286 3792 1444 3862 juxta
1475 3809 1542 3848 ex
1570 3795 1719 3850 tribu
1756 3796 2025 3864 lssachar,

439 3887 496 3934 et
519 3889 974 3938 castrametantes
1009 3883 1163 3953 juxta
1195 3899 1291 3940 eos
1324 3900 1391 3941 ex
1427 3886 1575 3942 tribu
1611 3887 1857 3944 Zabulon
1897 3890 1964 3944 ⁸ο.
2002 3909 2019 3940 ›

438 3970 646 4026 Deinde
667 3973 964 4028 secundam
989 3973 1221 4031 classem
1246 3986 1516 4043 recenset,
1541 3987 1598 4033 et
1625 3979 1734 4034 ait:
1771 3998 1788 4030 ‹
1816 3981 2024 4052 Agmen

438 4075 740 4124 castrorum
774 4066 970 4123 Ruben
999 4069 1066 4125 ad
1106 4080 1353 4125 austrum
1382 4087 1508 4127 cum
1538 4073 1781 4128 exercitu
1807 4089 2020 4142 eorum,

425 4172 485 4217 et
510 4159 767 4230 princeps
790 4159 1028 4218 ﬁliorum
1044 4163 1240 4220 Ruben
1257 4165 1442 4220 Elisur
1460 4164 1607 4222 ﬁlius
1629 4165 2024 4247 Sediur,_exer-

437 4253 580 4306 citus
597 4253 716 4323 ejus
739 4255 998 4310 reccnsiti
1017 4271 1113 4311 sex
1132 4264 1189 4312 et
1209 4257 1570 4328 quadraginta
1590 4259 1764 4315 millia
1783 4268 1841 4316 et
1862 4262 2022 4330 quin-

437 4343 586 4415 genti
603 4360 618 4410 ;
633 4352 689 4399 et
705 4350 1325 4420 castrametantesjuxta
1347 4366 1472 4406 eum
1497 4367 1566 4407 ex
1592 4353 1742 4407 tribu
1763 4351 2018 4421 Simeon;

2157 508 2334 562 ρησις.

2225 584 2387 638 ΚΥΡ.
2418 584 2526 637 Καὶ
2551 582 2658 655 μὴν
2685 583 2767 636 ὅτι
2794 581 2855 635 τὸ
2874 583 2978 653 χρῆ
2990 598 3064 652 μα
3095 582 3197 636 οὐκ
3220 583 3583 654 ἐψευσμένον,
3604 587 3729 656 εἴσῃ

2149 690 2232 728 τοι
2259 675 2355 728 καὶ
2399 675 2519 728 λίαν
2565 672 2828 736 εὐπετῶς.
2877 674 3135 742 Ἐμπεδοῖ
3176 675 3283 744 γὰρ
3331 677 3483 745 ἡμᾶς
3531 676 3628 729 καὶ
3673 676 3738 742 ἐξ

2151 767 2359 837 ἐτέρων
2407 767 2569 832 εὐθὺς
2610 768 2830 821 ἐννοιῶν
2874 769 2903 821 δ
2945 767 3122 836 λόγος·
3166 769 3223 822 ὲν
3267 769 3460 840 κόσμῳ
3501 769 3611 842 γὰρ
3655 771 3738 839 τῷ

2151 860 2444 931 καθήκοντι
2473 860 2810 932 πράττεσθαι
2840 861 2951 914 δεῖν
2981 860 3186 914 ὲτύπου
3213 861 3346 926 Θεὸς
3374 862 3474 925 τάς
3508 879 3567 915 τε
3603 864 3739 916 ἀνα-

2151 952 2382 1018 ζεύξεις,
2427 954 2519 1006 καὶ
2571 954 2677 1024 μὴν
2732 953 2827 1006 καὶ
2882 953 3147 1022 ἱδρύσεις,
3192 952 3313 1022 ἦτοι
3368 953 3738 1021 συγκαταυλι-

2150 1045 2321 1114 σμοὺς
2354 1045 2460 1098 τῶν
2496 1043 2630 1098 υίῶν
2678 1042 2922 1115 Ἰσραὴλ,
2971 1043 3158 1114 κύκλῳ
3196 1061 3253 1096 τε
3306 1042 3442 1096 ίέναι
3472 1044 3575 1114 τῆς
3599 1061 3737 1114 σκη-

2149 1137 2244 1206 νῆς
2284 1132 2342 1190 εὖ
2397 1135 2542 1206 μάλα
2590 1135 2950 1206 προστέταχε,
2987 1133 3128 1188 κατά
3171 1151 3232 1203 γε
3270 1135 3353 1200 τὸ,
3388 1132 3567 1205 οἶμαι,
3596 1137 3737 1208 πρὸς

2148 1226 2242 1280 τοῦ
2280 1227 2526 1298 μάκαρος
2557 1225 2721 1279 Δαᾶδ
2753 1225 2987 1288 ἀστείως
3026 1223 3386 1295 ὑμνούμενονσ
3432 1244 3451 1276 ι
3490 1225 3600 1278 Καὶ
3629 1243 3734 1278 κυ-

2148 1317 2342 1371 κλώσω
2367 1308 2429 1372 τδ
2462 1316 2847 1387 θυσιαστήριον
2882 1333 3002 1380 σου,
3030 1315 3226 1387 Κύριε,
3267 1314 3360 1368 τοῦ
3396 1315 3630 1369 ἀκοῦσαί
3663 1332 3731 1385 με

2147 1410 2331 1480 φωνῆς
2361 1409 2622 1473 αἱνέσεώς
2661 1426 2790 1474 σου,
2841 1427 2859 1460 ι
2900 1409 3066 1477 ἤγουν
3093 1407 3183 1473 τὸ,
3220 1427 3237 1458 ι
3288 1406 3607 1460 Ἐκύκλωσα
3638 1408 3734 1461 καὶ

2146 1499 2315 1554 ἔθυσα
2366 1502 2423 1554 ὲν
2471 1503 2537 1571 τῇ
2596 1501 2771 1570 σκηνῇ
2827 1498 2994 1552 αὑτοῦ
3059 1497 3254 1551 θυσίαν
3305 1497 3648 1567 ἀλαλαγμοῦ.
3708 1517 3726 1550 ι

2155 1590 2624 1662 Ὕποσημαίνεται
2657 1590 2714 1644 δέ
2763 1607 2818 1644 τι
2853 1591 2946 1644 καὶ
2979 1591 3198 1662 ἓτερον,
3243 1588 3303 1642 τὸ
3349 1589 3424 1653 ὡς
3467 1590 3528 1642 ὲν
3567 1589 3730 1660 τύπῳ

2144 1681 2336 1753 δράσαι
2403 1682 2852 1753 κεκελευσμένον.
2906 1683 3027 1753 Χρὴ
3081 1681 3192 1752 γάρ
3240 1683 3390 1752 ἡμᾶς
3431 1681 3532 1734 οὐκ
3591 1681 3732 1733 ἀπο-

2073 1758 2116 1817 η
2143 1773 2664 1844 νοσφίζεσθαιθεοῦ,
2689 1774 2803 1828 ἀλλ’
2820 1775 3103 1836 οἱονείπως
3119 1773 3290 1844 ἀγχοῦ
3331 1773 3424 1826 καὶ
3452 1775 3509 1826 ὲν
3532 1771 3723 1842 κύκλῳ

2144 1864 2432 1934 φαίνεσθαι
2467 1863 2936 1936 περιεστηκότας,
2985 1866 3047 1918 οὑ
3093 1863 3500 1935 μεσολαϐούσης
3546 1864 3728 1933 ἁμαρ-

2140 1960 2280 2024 τίας,
2307 1959 2366 2011 ού
2400 1958 2695 2029 διαστάσης
2731 1958 3185 2028 ἡμᾶςλκοσμικῆς
3233 1955 3445 2026 ἡδονῆς,
3478 1954 3594 2008 ἀλλ’
3638 1956 3719 2020 εἰς

2141 2051 2369 2121 ἑνότητα
2421 2050 2517 2121 τὴν
2573 2049 2953 2120 πνευματικὴν
2993 2047 3345 2116 συλλέγοντος
3393 2045 3557 2118 ὀρθοῦ
3603 2047 3722 2100 δια-

2141 2142 2288 2207 νοίας
2332 2143 2764 2214 παραστήματος
2810 2140 3164 2212 ὲτοιμότητὸς
3200 2157 3259 2192 τε
3303 2139 3400 2209 τῆς
3439 2138 3576 2209 πρὸς
3617 2140 3728 2192 πᾶν

2138 2234 2316 2288 ὁτιοῦν
2366 2235 2473 2288 τῶν
2515 2233 2998 2305 τεθαυμασμένων.
3029 2233 3238 2304 Πρέπει
3272 2231 3380 2302 γάρ
3412 2230 3478 2284 ἂν
3497 2233 3584 2284 ὅτι
3617 2232 3727 2302 μάο

2138 2325 2297 2380 λιστά
2322 2344 2383 2395 γε
2426 2329 2540 2390 τοῖς
2575 2325 2751 2390 οὕτως
2784 2325 3090 2395 εὐδοκιμεῖν
3142 2324 3441 2395 ᾑρημένοις
3484 2323 3546 2375 τὸ
3588 2321 3725 2393 χρῆ-

2138 2436 2223 2472 ναι
2246 2421 2638 2490 καρποφορεῖν.
2655 2411 2965 2489 Γέγραπται
2983 2416 3091 2488 γάρ
3105 2416 3188 2469 ὅτι
3208 2433 3225 2466 ι
3249 2415 3458 2478 Πάντες
3470 2415 3520 2467 οἱ
3536 2412 3724 2484 κύκλῳ

2137 2511 2300 2566 αὐτοῦ
2321 2512 2527 2566 οἴσουσι
2547 2511 2715 2582 δῶρα.
2738 2532 2756 2562 ι
2783 2510 2993 2564 Οὐκοῦν
3011 2509 3364 2580 συναπαίρειν
3386 2510 3583 2571 αὐτοὺς
3599 2510 3724 2562 ὲκέο

2136 2602 2256 2657 λεύε
2291 2601 2582 2675 τῇσκηνῇ,
2610 2603 2705 2656 καὶ
2737 2601 2922 2672 κύκλῳ
2952 2600 3212 2671 βαδίζειν,
3246 2601 3340 2652 καὶ
3373 2599 3449 2663 ὡς
3479 2601 3537 2652 ἐν
3571 2599 3722 2664 τάξει

2136 2694 2316 2758 πάλιν,
2360 2695 2421 2747 οὐ
2467 2697 2586 2756 ταῖς
2631 2692 2870 2765 ἡλικίαις
2922 2690 3210 2763 πρεπούσῃ
3254 2692 3346 2743 καὶ
3396 2689 3722 2758 ἁσυγχύτως

2139 2788 2292 2861 ἰούσῃ
2331 2788 2467 2859 πρὸς
2497 2788 2623 2851 τοὺς
2653 2787 2919 2858 ὲσχάτους
2948 2785 3058 2839 ἀπὸ
3084 2783 3191 2839 τῶν
3225 2774 3480 2854 πρώτων,
3508 2798 3719 2851 συνημ-

2138 2879 2335 2950 μένους
2362 2877 2419 2931 δὲ
2449 2876 2612 2944 οὕτω,
2647 2879 2744 2930 καὶ
2772 2876 2877 2930 ἀνὰ
2911 2875 3098 2947 μέρος,
3137 2873 3389 2944 καθάπερ
3422 2873 3480 2926 ὲν
3515 2875 3582 2943 τῇ
3609 2872 3717 2925 τῶν

2132 2970 2320 3041 δώρων
2383 2971 2740 3041 προσαγωγῇ.
2797 2968 3113 3040 Γέγραπται
3169 2966 3226 3020 δὲ
3274 2965 3446 3028 οὕτως
3499 2965 3556 3018 ὲν
3605 2967 3720 3027 τοῖς

2147 3061 2443 3134 Ἀριθμοῖς,
2492 3079 2510 3112 ι
2564 3061 2672 3113 Καὶ
2706 3059 2936 3130 ὲλάλησε
2968 3058 3169 3130 Κύριος
3219 3057 3354 3128 πρὸς
3383 3055 3594 3125 Μωσῆν
3625 3053 3716 3108 καὶ

2148 3153 2358 3225 Ἀαρὼν
2418 3153 2626 3222 λέγων·
2679 3152 2998 3224 Ἀνθρωπος
3040 3152 3298 3223 ἐχόμενος
3340 3150 3484 3204 κατὰ
3529 3151 3716 3220 τάγμα

2131 3251 2296 3304 αὑτοῦ
2323 3249 2417 3302 καὶ
2442 3247 2581 3301 κατὰ
2600 3247 2875 3319 σημασίας
2893 3247 3010 3300 κατ’
3035 3247 3214 3310 οἴκους
3237 3243 3483 3314 πατριῶν
3513 3243 3713 3304 αὐτῶν,

2131 3340 2636 3413 παρεμϐαλέτωσαν
2666 3341 2714 3392 οἱ
2756 3339 2862 3392 υἱοὶ
2885 3339 3106 3410 Ἰσραὴλ
3142 3337 3321 3391 ἔναντι
3357 3335 3591 3405 Κυρίου,
3621 3333 3712 3387 κύ·

2131 3431 2244 3501 κλῳ
2275 3431 2372 3502 τῆς
2424 3432 2630 3502 σκηνῆς
2677 3427 2772 3481 τοῦ
2819 3428 3122 3500 μαρτυρίου
3169 3425 3618 3502 παρεμϐαλοῦσιν
3667 3425 3712 3476 oi

2129 3523 2237 3574 υἱοὶ
2282 3521 2522 3592 Ἰσραήλ.
2559 3542 2577 3572 ι
2613 3515 2750 3574 Εἶτα
2783 3520 2874 3574 τὸν
2908 3521 3125 3590 ἑκάστῳ
3155 3519 3319 3574 τόπον
3345 3517 3712 3588 ὲκνεμηθέντα

2129 3615 2393 3669 δεικνύει·
2435 3617 2558 3668 ὅποι
2589 3631 2648 3668 τε
2683 3615 2779 3668 καὶ
2807 3616 2957 3677 ὅπως
2987 3614 3081 3667 καὶ
3123 3612 3266 3676 τίνες
3309 3612 3356 3664 oi
3395 3607 3712 3680 παρεμϐάλ-

2127 3704 2326 3770 λοντες.
2348 3705 2629 3776 Ἑπιφέρει
2654 3704 2762 3776 γὰρ
2788 3704 2881 3758 ὡδί
2903 3721 2915 3734 ·
2945 3724 2964 3756 ι
3002 3704 3115 3758 Καὶ
3147 3705 3196 3756 οἱ
3236 3701 3711 3774 παρεμϐάλλοντες

2129 3795 2356 3866 πρῶτοι,
2399 3795 2542 3849 κατὰ
2586 3795 2872 3861 ἀνατολὰς,
2920 3795 3109 3865 τάγμα
3144 3791 3499 3865 παρεμϐολῆς
3542 3791 3711 3846 Ἰούδα

2130 3889 2226 3942 σὺν
2261 3887 2488 3958 δυνάμει
2512 3886 2714 3951 αύτῶν,
2743 3888 2838 3940 καὶ
2867 3887 2915 3940 ot
2947 3885 3427 3956 παρεμϐάλλοντες
3463 3883 3708 3953 ἐχόμενοι

2128 3979 2300 4050 φυλῆς
2328 3980 2569 4052 ἰσάχαρ,
2588 3980 2681 4033 καὶ
2697 3980 2746 4032 οἱ
2770 3977 3242 4050 παρεμϐάλλοντες
3261 3977 3511 4047 ἐχόμενοι
3537 3976 3708 4046 φυλῆς

2126 4071 2432 4127 Ζαϐουλὼν.
2471 4091 2490 4124 ι
2529 4067 2659 4126 Εἶτα
2685 4071 3054 4144 διαμέμνηται
3099 4070 3410 4142 συμμορίας
3447 4069 3705 4140 δευτέρας

2124 4166 2216 4218 καί
2245 4182 2398 4237 φησι·
2440 4184 2458 4217 ι
2495 4165 2692 4236 Τάγμα
2725 4163 3077 4234 παρεμϐολῆς
3110 4162 3350 4234 Ῥουϐὴμ
3391 4161 3530 4233 πρὸς
3559 4160 3706 4214 νότον

2125 4258 2222 4310 σὺν
2259 4257 2481 4328 δυνάμει
2517 4256 2717 4319 αὐτῶν,
2761 4255 2854 4309 καὶ
2884 4256 2912 4308 ὁ
2945 4254 3125 4324 ἄρχων
3145 4253 3253 4306 τῶν
3281 4254 3414 4306 υἱῶν
3443 4251 3703 4323 Ῥουϐῆμ,

2136 4350 2404 4422 Ἐλισοὺρ,
2439 4349 2554 4413 υίὸς
2587 4348 2832 4418 Σεδιοὺρ,
2874 4347 3103 4418 δύναμις
3131 4343 3296 4400 αὐτοῦ
3333 4347 3383 4398 οἱ
3429 4349 3708 4416 ἐπεσκεμ-

434 4446 491 4491 et
513 4445 965 4496 castrametantes
983 4443 1301 4513 juxtaeum
1329 4459 1398 4498 ex
1426 4443 1571 4497 tribu
1601 4443 1714 4499 Gad
1741 4445 1808 4498 “.
1839 4465 1858 4498 ι
1889 4445 2022 4501 Ter-

2134 4441 2279 4512 μένοι
2311 4439 2370 4507 ἒξ
2392 4440 2490 4510 καὶ,
2515 4438 2924 4508 τεσσαράκοντα
2948 4435 3185 4506 χιλιάδες
3215 4435 3308 4488 καὶ
3334 4434 3701 4489 πεντακόσιοι.

435 4528 564 4583 tiam
588 4529 675 4585 his
695 4530 842 4587 illico
867 4533 1100 4588 classem
1117 4533 1384 4604 adjungit,
1405 4533 1597 4590 dicens
1622 4552 1634 4587 :
1664 4555 1681 4586 ι
1706 4535 1915 4607 Agmen
1934 4552 2023 4592 ca-

433 4630 676 4676 strorum
711 4623 974 4692 Ephraim
1001 4639 1173 4694 prape
1203 4640 1354 4680 mare
1378 4641 1503 4680 cum
1532 4627 1778 4682 exercitu
1804 4643 2019 4694 eorum,

430 4721 488 4766 et
537 4720 992 4769 castrametantes
1039 4715 1193 4785 juxta
1241 4731 1370 4770 eum
1417 4717 1513 4786 qui
1559 4732 1628 4772 ex
1678 4719 1822 4775 tribu
1875 4720 2019 4776 Ben-

425 4803 599 4872 jamin
637 4805 706 4858 δ’.
746 4827 764 4856 ι
793 4804 1012 4872 Quartae
1032 4821 1254 4876 quoque
1297 4809 1487 4865 classis
1529 4811 1793 4867 continuo
1821 4814 2018 4868 merui-

427 4898 532 4964 nit,
569 4899 761 4954 dicens
793 4917 807 4953 :
841 4918 859 4951 ι
894 4900 1102 4970 Agmen
1129 4909 1437 4956 castrorum
1466 4903 1581 4960 Dan
1608 4903 1675 4958 ad
1707 4905 2017 4974 aquilonem

425 5005 553 5042 cum
581 4991 827 5046 exercitu
865 5006 994 5056 suo;
1023 4998 1080 5046 et
1113 5001 1564 5048 castrametantes
1594 5009 1767 5064 prope
1791 5010 1916 5048 cum
1951 5009 2018 5048 ex

430 5079 582 5139 tribu
621 5081 778 5146 Aser,
821 5091 877 5137 et
917 5089 1372 5139 castrametantes
1409 5101 1578 5155 prope
1608 5080 1733 5140 eum
1771 5101 1836 5140 ex
1870 5084 2013 5138 tribu

425 5169 778 5240 Nephthalim
803 5187 996 5227 omnes
1032 5173 1289 5229 recensiti
1311 5216 1325 5238 ,
1356 5175 1566 5246 inquit,
1605 5192 1636 5231 e
1671 5176 1870 5231 castris
1899 5176 2011 5230 Dan

425 5270 648 5316 centum
685 5261 1080 5333 quinquaginta
1116 5271 1172 5319 et
1197 5275 1405 5335 septem
1441 5265 1610 5321 millia
1637 5275 1694 5320 et
1726 5267 2002 5328 sexcenti,

424 5353 655 5410 extremi
682 5355 980 5410 movebunt
1002 5357 1218 5428 agmina
1238 5375 1335 5414 sua
1356 5359 1425 5412 ⁸³.
1457 5380 1474 5410 ι
1500 5360 1661 5414 Vides
1682 5361 1858 5429 primo
1885 5362 2006 5418 loco

421 5448 663 5516 positum
698 5463 820 5504 esse
856 5449 1074 5515 Iudam,
1105 5463 1161 5505 et
1197 5453 1317 5521 ejus
1348 5453 1546 5519 socios,
1579 5461 1634 5509 ct
1666 5455 2001 5526 praecipuum

425 5535 674 5592 habitare
708 5537 889 5594 locum
921 5539 989 5593 ad
1023 5540 1296 5595 orientem
1331 5550 1386 5597 et
1427 5554 1708 5610 austrum;
1743 5561 1868 5600 nam
1907 5551 2000 5617 qui

494 5674 542 5703 "
578 5675 718 5728 Psal.
746 5693 869 5739 xxv,
909 5677 963 5731 ﬁ.

425 5746 465 5775 “²
487 5742 623 5799 Ibid.
671 5743 843 5797 18-22.
938 5746 982 5777 ⁸³
1017 5747 1150 5802 Ibid.
1182 5749 1373 5804 25-31.

1043 5679 1091 5750 TT
1117 5679 1258 5750 Psal.
1298 5696 1440 5745 “vr,
1477 5684 1524 5740 6.
1609 5684 1652 5715 ⁷⁸
1688 5685 1828 5740 Psal.
1879 5701 2035 5750 ωιτν,
2063 5683 2147 5739 Il.

2125 4531 2238 4585 Καὶ
2286 4533 2334 4584 oi
2381 4527 2861 4600 παρεμϐάλλοντες
2894 4528 3144 4598 ἐχόμενοι
3172 4525 3362 4590 αὑτοῦ,
3397 4525 3574 4594 φυλῆς
3599 4527 3703 4578 Συ·

2125 4622 2292 4695 μεὼν,
2324 4623 2418 4676 καὶ
2437 4624 2486 4674 oi
2521 4619 3000 4692 παρεμϐάλλοντες
3031 4618 3281 4690 ἐχόμενοι
3309 4616 3493 4680 αὑτοῦ,
3527 4616 3704 4686 φυλῆς

2121 4716 2245 4770 ras.
2281 4736 2298 4767 ι
2321 4714 2430 4768 Kal.
2455 4714 2644 4786 τρίτην
2669 4712 2832 4776 εὐθὺς
2850 4712 3207 4766 ὲπισυνάπτει
3228 4711 3426 4781 λέγων·
3456 4729 3474 4760 ι
3497 4709 3703 4779 Τάγμα

2121 4806 2474 4879 παρεμϐολῆς
2537 4804 2778 4879 Ἐφραῒμ
2815 4804 2967 4875 παρὰ
3005 4803 3280 4858 θάλασσαν
3325 4803 3422 4857 σὺν
3471 4803 3702 4874 δυνάμει

2120 4899 2318 4963 αὐτῶν,
2354 4897 2450 4951 καὶ
2473 4900 2522 4950 οἱ
2551 4896 3029 4969 παρεμϐάλλοντες
3067 4896 3318 4968 ἐχόμενοι
3366 4895 3540 4968 φυλῆς
3566 4897 3700 4950 Βεν-

2120 4991 2294 5063 ιαμίν.
2337 5009 2354 5041 ι
2401 4991 2512 5044 Ka‘t
2565 4989 2672 5060 μὴν
2719 4988 2812 5042 καὶ
2864 4988 3134 5060 τετάρτης
3181 4986 3494 5060 συμμορίας
3539 4989 3700 5052 εὐθὺς

2115 5084 2482 5155 διαμέμνηται
2511 5082 2708 5152 λέγων,
2750 5100 2768 5132 ι
2801 5081 3003 5152 Τάγμα
3032 5080 3388 5153 παρεμϐολῆς
3415 5081 3523 5135 Δ·άν
3564 5083 3697 5154 πρὸς

2116 5178 2317 5249 βορρᾶν
2351 5176 2447 5229 σὺν
2487 5175 2714 5245 δυνάμει
2749 5173 2959 5226 αὐτῶν·
2997 5172 3091 5226 xat
3132 5175 3180 5225 ot
3221 5173 3695 5243 παρεμϐάλλοντες

2114 5267 2359 5337 ἐχόμενοι
2394 5263 2558 5316 αὐτοῦ
2593 5263 2764 5334 φυλῆς
2803 5262 2991 5333 Ἀσὴρ,
3029 5262 3125 5315 καὶ
3147 5263 3198 5315 οἱ
3222 5263 3693 5333 παρεμϐάλλοντες

2115 5359 2363 5430 ἐχόμενοι
2389 5356 2554 5410 αὑτοῦ
2578 5356 2750 5426 φυλῆς
2775 5355 3114 5426 Νεφθαλείμ,
3135 5357 3334 5418 πάντες
3357 5356 3407 5408 οἱ
3425 5356 3690 5426 ἐπεσκεμο

2119 5453 2288 5523 μένοι,
2315 5451 2468 5520 φησι,
2491 5449 2592 5519 τῆς
2614 5447 2968 5520 παρεμϐολῆς
2993 5447 3120 5513 Δάν,
3143 5448 3338 5502 ἑκατὸν
3362 5450 3688 5518 πεντήκοντα

2113 5547 2205 5600 καὶ
2237 5542 2378 5597 ἑπτὰ
2407 5541 2646 5614 χιλιάδες
2692 5542 2784 5595 καὶ
2825 5538 3119 5606 ἑξακόσιοι,
3163 5541 3378 5612 ἔσχατοι
3437 5539 3688 5613 ὲξαροῦσι

2228 5686 2269 5715 το
2308 5683 2468 5738 Num,
2506 5681 2717 5747 "me.
2797 5677 3008 5736 "Ibid.
3046 5681 3165 5737 2-5.
3245 5679 3457 5736 “Ibid.
3503 5678 3680 5736 10-1.3.
