3996 6212
356 251 463 310 7‘35

1063 250 1151 304 ma
1189 250 1632 308 nonanona
1671 251 1739 308 1N
1775 252 2047 310 SPIRITU
2087 254 2175 309 ET
2201 233 2578 311 'vnnirA'rE.
2603 284 2672 295 -
2710 253 2837 310 un.
2878 251 2971 308 x1.

3506 248 3620 302 726

358 369 497 424 κατὰ
541 367 796 439 τάγματα
833 365 1031 421 αὐτῶν.
1078 385 1096 419 ι
1139 368 1300 440 Ὁρᾷς
1328 369 1409 424 ὅτι
1439 371 1803 442 προτέτακται
1835 371 1934 442 μὲν

2059 388 2092 426 n
2115 371 2334 428 Christo
2367 382 2514 438 sunt,
2544 373 2600 427 in
2635 371 2844 426 lumine
2866 380 3174 435 versantur,
3201 378 3256 425 et
3284 368 3476 438 spiritu
3497 367 3607 422 fer-

358 458 560 522 Ἰούδας
591 459 683 512 καὶ
705 459 752 510 oi
779 458 877 511 σὺν
901 455 1068 529 αὐτῷ,
1089 459 1180 511 καὶ
1207 458 1298 512 τὸν
1315 459 1612 513 ἀπόλεκτον
1633 459 1744 531 ἔχει
1770 460 1932 514 τόπον

357 553 446 604 τὸν
482 549 619 620 πρὸς
647 548 728 619 ἠὼ
767 549 861 604 καὶ
889 550 1073 617 νότον;
1111 551 1168 602 ὲν
1206 552 1343 619 φωτὶ
1379 549 1487 623 γὰρ
1529 553 1577 604 oi
1608 554 1666 604 ὲν
1688 551 1930 624 Χριστῷ,

355 641 452 694 καὶ
483 639 560 710 τῷ
591 639 859 710 πνεύματι
892 636 1125 704 ζέοντες.
1153 638 1415 711 Δεύτερος
1440 639 1744 711 όῬουϐὴμ,
1771 640 1864 696 καὶ
1885 642 1932 694 οἱ

357 732 458 784 σὺν
489 729 657 800 αὐτῷ.
700 729 810 784 Καὶ
841 727 1013 800 τρίτοι
1062 729 1162 800 μὲν
1208 730 1370 784 πάλιν
1422 731 1472 784 οἱ
1517 729 1577 796 ἐξ
1622 730 1934 802 ἐλευθέρας.

356 817 491 875 Εἶτα
518 820 660 893 μετὰ
699 820 920 884 τούτους
963 819 1140 891 ἕτεροι
1172 823 1339 893 τρεῖς,
1372 822 1421 874 οἱ
1463 824 1527 875 ὲκ
1567 820 1932 894 θεραπαινῶν,

356 916 486 986 mp1
506 910 580 970 ὧν
603 917 819 987 εἴρηται
855 914 938 979 τὸ,
971 914 1262 985 (Ἔσχατοι
1283 913 1586 986 ὲξαροῦσιν.
1625 933 1642 966 ι
1679 910 1806 987 Ἆρ’
1837 915 1937 968 οὐκ

356 1007 589 1079 ἐναργὲς
610 1007 703 1062 καὶ
733 1004 1034 1078 οὐδαμόθεν
1062 1005 1390 1071 ἐνδοιαστὸν,
1423 1007 1505 1060 ὅτι
1543 1006 1936 1078 προτετίμηται

358 1103 455 1156 καὶ
507 1099 966 1173 προεισκέκληται
1022 1097 1116 1152 τοῦ
1160 1098 1506 1170 πρωτοτόκου
1553 1096 1614 1150 τὸ
1663 1096 1935 1169 δεύτερον,

357 1194 490 1247 τοῦτ
524 1193 661 1260 ἐστι,
700 1192 759 1246 τὺ
798 1194 856 1246 ὲν
901 1189 1145 1264 Χριστῷ,
1179 1189 1275 1245 καὶ
1323 1189 1432 1243 τῶν
1480 1190 1546 1243 ὲκ
1595 1188 1839 1252 δουλείας
1878 1189 1939 1242 τὸ

356 1283 645 1355 ἐλεύθερον
671 1285 728 1337 ὲν
755 1282 968 1349 πίστει;
1002 1283 1067 1337 Ol
1129 1281 1226 1353 μὲν
1273 1280 1381 1352 γὰρ
1424 1280 1684 1352 ἡγοῦνται
1717 1281 1804 1335 διὰ
1847 1279 1940 1333 τὸν

358 1375 422 1441 ἑξ
453 1373 623 1430 Ἰούδα
651 1374 906 1446 Χριστόν·
953 1376 1002 1428 οἱ
1027 1373 1086 1429 δὲ
1113 1373 1345 1429 κατόπιν
1363 1372 1611 1444 ἔρχονται
1638 1371 1812 1444 μόλις,
1844 1373 1939 1425 καὶ

358 1467 438 1529 ὡς
464 1466 524 1519 ὲν
546 1464 779 1537 δευτέρᾳ
806 1463 1080 1518 τέθεινται
1112 1462 1283 1531 τάξει.

433 1558 641 1612 ΠΑΛΛ.
696 1557 992 1630 Ὀρθότατα
1023 1556 1159 1630 ἔφης
1180 1573 1192 1586 ·
1233 1558 1324 1609 καί
1358 1573 1416 1609 σε
1450 1555 1549 1626 τῆς
1576 1553 1716 1608 οὕτω
1737 1549 1940 1621 λεπτῆς

359 1649 642 1721 ἀγχινοίας
671 1649 1040 1720 ἑπαινέσαιμι.

2034 473 2183 534 vent.
2227 463 2479 520 Secundo
2533 464 2656 519 loco
2686 462 2882 518 Ruben
2911 471 2968 517 et
3002 463 3122 534 ejus
3155 460 3412 528 comites;
3445 459 3614 514 tertio

2035 565 2244 616 rursus,
2270 551 2365 622 qui
2389 566 2419 606 e
2441 550 2617 605 libera
2640 559 2791 616 sunt,
2814 557 2938 620 post
2961 548 3063 604 hos
3083 550 3266 605 caeteri
3291 558 3404 604 tres
3422 563 3490 603 ex
3517 562 3620 604 τως

2036 641 2198 709 ciliis,
2226 642 2296 698 de
2317 642 2519 714 quibus
2548 642 2755 699 dictum
2777 651 2863 698 est
2891 660 2904 696 :
2942 661 2960 695 ι
2988 641 3229 696 Extremi
3256 640 3622 712 proﬁciscem—

2037 745 2147 789 tur.
2189 755 2208 787 ι
2246 731 2444 791 Annon
2487 735 2839 806 perspicuum
2869 742 2971 800 est,
3006 750 3071 790 ac
3100 735 3324 789 minime
3358 733 3615 797 dubium,

2036 823 2334 878 antelatum
2356 840 2476 880 esse
2503 840 2627 879 eum
2656 825 3042 895 primogenito,
3073 839 3138 880 ac
3162 824 3314 894 prius
3335 831 3622 888 vocatum,

2037 916 2131 986 qui
2161 915 2436 971 secundus
2468 923 2571 981 est,
2604 915 2768 987 374
2808 916 3043 987 pepulus
3083 916 3366 980 nimirum,
3405 917 3500 986 qui
3529 922 3615 972 est

2037 1009 2092 1063 in
2112 1007 2353 1074 Christo,
2376 1017 2432 1063 et
2459 1008 2695 1063 liberum
2721 1023 2820 1078 per
2844 1007 3006 1064 ﬁdem
3030 1009 3372 1079 propositum
3401 1007 3489 1072 iis,
3516 1006 3617 1076 qui.

2038 1117 2068 1156 e
2096 1114 2252 1156 serva
2275 1108 2403 1155 sunt
2423 1099 2569 1155 nati?
2590 1100 2671 1156 illi
2690 1101 2840 1156 enim
2865 1099 3188 1170 praecedunt
3208 1107 3432 1171 propter
3456 1098 3614 1155 Chri-

2039 1199 2204 1258 stum,
2229 1190 2324 1261 qui
2361 1207 2429 1246 ex
2463 1206 2662 1262 genere
2687 1189 2825 1246 Juda
2859 1198 3022 1246 natus
3053 1198 3167 1258 est;
3206 1189 3264 1245 hi
3288 1206 3419 1246 vero
3453 1189 3546 1244 vix
3583 1204 3614 1244 a

2040 1290 2190 1353 tergo
2215 1291 2545 1352 sequuntur,
2571 1291 2628 1338 et
2649 1282 2890 1338 secundo
2920 1281 3042 1338 loco
3067 1282 3230 1353 positi
3255 1291 3411 1338 sunt.

2111 1550 2308 1608 PALL.
2336 1550 2658 1607 Rectissime
2689 1566 2818 1606 sane
2845 1550 3053 1606 dictum
3079 1559 3181 1615 est,
3220 1567 3282 1605 ac
3306 1558 3451 1604 tuam
3479 1548 3618 1606 adeo

2041 1644 2296 1701 subtilem
2320 1642 2670 1714 prudentiam
2693 1641 2952 1698 admiror.

363 1852 3610 1907 Μ

949 1983 1347 2192 ΠΕΡΙ
1445 2057 1787 2189 ΤΗΣ
1871 2059 1944 2182 Ε

2059 2058 2078 2180 [
2172 2047 3052 2185 ΠΝΕΥΜΑΤΙ

1629 2317 1818 2406 ΚΑΙ
1890 2314 2381 2404 ΑΛΗΘΕΙΑ

776 2540 1997 2660 ΠΡΟΣΚΥΝΗΣΕΩΣ
2105 2539 2386 2653 ΚΑΙ
2497 2530 3235 2652 ΛΑΤΡΕΙΑΣ

1441 2763 1806 2850 ΛΟΓΟΣ
1897 2754 2588 2849 ΕΝΔΕΚΑΤΟΣ.
3214 2780 3219 2785 ·

438 3119 622 3232 DE
700 3111 1662 3234 'ADORATIONE
1779 3109 1960 3222 ET
2093 3105 2573 3225 CULTU
2706 3099 2851 3213 ΙΝ
2926 3094 3554 3212 .SPIRITU

1563 3363 1730 3470 ET
1803 3355 2463 3469 VEBITATE

1469 3584 1823 3667 LIBER
1907 3577 2648 3665 UNDECIMUS.

369 3927 513 3998 Περι
537 3925 884 3999 ίερωσύνης,
914 3923 1014 4004 καὶ
1048 3923 1376 4004 δτι-τύπος
1393 3917 1471 3994 ἦν
1511 3925 1547 3992 ἡ
1585 3923 1734 3977 κατὰ
1762 3923 1944 3991 νόμον

2059 3905 2210 3992 375
2260 3917 2337 3972 De
2374 3915 2690 4004 facerese:
2723 3902 3336 4004 _§€3‘§£’°ﬁ‘:‘_’lt.-‘f?f”e
3397 3901 3628 3974 βααναηι

913 3994 1025 4063 τῆς
1050 3994 1120 4048 ἐν
1147 3994 1406 4065 Χριστῷ.

445 4132 610 4186 ΚΥΡ.
631 4129 846 4202 Σηνῆς
871 4129 968 4200 μὲν
990 4129 1055 4200 δὴ
1081 4129 1209 4201 πέρι
1231 4129 1451 4184 καὶτῶν
1481 4128 1567 4182 ἐπ’
1589 4128 1728 4200 αὐτῇ
1749 4145 1952 4201 κεχρη-

375 4223 768 4294 σμῳδημένων,
819 4221 1078 4292 ἀποχρῶν
1110 4221 1240 4292 ἡμῖν
1279 4214 1337 4274 εὖ
1385 4219 1533 4291 μάλα
1581 4219 1676 4274 καὶ
1723 4220 1954 4284 ἀστείως

373 4314 544 4382 ἀπεξε
553 4313 745 4385 σμένος
757 4314 835 4377 είς
857 4313 1142 4385 ἰσχνότητα
1154 4312 1253 4383 τὴν
1270 4312 1644 4384 πνευματικὴν
1657 4310 1954 4382 ὲκπεποίη-

374 4423 466 4461 ται
491 4405 671 4474 λόγος.
696 4405 905 4476 Πρέποι
933 4405 978 4459 δ’
996 4404 1082 4470 ἂν,
1101 4402 1177 4467 ὥς
1205 4403 1268 4473 γέ
1299 4420 1389 4474 μοι
1415 4402 1688 4472 φαίνεται,
1712 4404 1953 4476 ωνερεῖς

374 4498 432 4550 δέ
469 4512 570 4549 που
604 4496 698 4550 καὶ
729 4495 912 4556 αὐτὸς,
947 4490 1042 4547 οἷδ’
1077 4493 1182 4559 ὄτι,
1230 4491 1338 4547 τῶν
1381 4492 1684 4564 ἱερωσύνης
1715 4491 1955 4562 ἅψασθαι

378 4587 578 4660 γερῶν,
609 4584 732 4639 τίνα
759 4602 817 4638 τε
855 4578 919 4638 αὖ
955 4583 1046 4638 τὸν
1091 4583 1294 4655 τρόπον
1324 4582 1412 4637 διὰ
1451 4585 1550 4654 τῆς
1577 4584 1635 4637 ὲν
1665 4583 1822 4654 τύπῳ
1861 4584 1956 4637 καὶ

378 4679 523 4735 κατὰ
562 4678 726 4749 νόμον
753 4679 786 4748 ἡ
819 4675 1024 4748 ἀληθὴς
1057 4674 1404 4747 σημαίνεται,
1444 4674 1591 4729 τοῦτ’
1633 4674 1799 4741 ἔστιν,
1834 4677 1867 4746 ή
1899 4676 1956 4730 ὲν

377 4770 602 4844 Χριστῷ
629 4788 688 4824 τε
719 4770 813 4824 καὶ
842 4768 909 4822 δι’
947 4766 1112 4821 αὑτοῦ
1142 4766 1204 4820 τὸ
1242 4765 1389 4838 ἱερὸν
1437 4766 1740 4836 ἁγιάζουσα
1777 4767 1952 4835 γένος,

377 4862 525 4934 φημὶ
548 4860 607 4914 δὲ
648 4860 713 4932 δὴ
754 4859 916 4914 πάλιν
948 4858 1075 4922 τοὺς
1115 4859 1174 4910 ὲν
1201 4857 1382 4911 πίστει
1413 4855 1954 4929 λελαμπρυσμένους,

380 4954 477 5007 καὶ
507 4950 606 5024 τὴν
632 4953 711 5016 είς
754 4950 888 5004 Θεὸν
930 4948 1239 5020 οἰκειότητα
1277 4947 1744 5018 πεπλουτηκότας,
1781 4948 1868 5003 διά
1892 4964 1956 5017 γε

381 5045 476 5100 τοῦ
516 5045 836 5116 μεταλαχεϊν
872 5041 1028 5111 ἁγίου
1060 5039 1396 5111 Πνεύματος.

454 5135 663 5191 ΠΑΛΛ.
694 5133 901 5204 Πρέποι
928 5130 1038 5202 γὰρ
1066 5128 1133 5184 ἂν
1163 5130 1258 5183 καὶ
1291 5129 1434 5200 μάλα
1465 5127 1710 5192 εἰκότως.

456 5227 615 5281 ΚΥΡ.
657 5200 1137 5291 Ἀποτελεσθείσης
1186 5220 1250 5291 δὴ
1280 5216 1375 5275 οὖν
1406 5222 1464 5275 ὲν
1497 5220 1688 5291 κόσμῳ
1715 5220 1793 5292 τῷ
1823 5221 1955 5292 πρέ-

2369 3986 2526 4056 fuisse
2549 3984 2691 4039 illius
2715 3981 2854 4050 quod
2877 3981 2932 4034 in
2959 3977 3165 4034 Christo
3190 3983 3285 4028 est.

2120 4122 2197 4176 De
2221 4116 2576 4174 tabernaculo
2597 4113 2818 4185 quidem
2840 4121 2898 4168 et
2930 4110 2998 4166 iis
3022 4124 3144 4180 qua:
3166 4107 3234 4162 de
3263 4121 3328 4161 eo
3356 4112 3628 4175 praecepta

2052 4219 2200 4277 sunt,
2224 4223 2405 4266 sermo
2434 4223 2467 4263 a
2495 4206 2657 4262 nobis
2683 4203 2816 4261 satis
2853 4202 3050 4274 plenus
3077 4207 3162 4255 est
3189 4196 3429 4261 habitus,
3466 4203 3523 4251 et
3559 4195 3627 4249 ad

2053 4301 2393 4375 spiritualem
2418 4298 2774 4355 subtilitatem
2795 4295 3074 4366 eleganter
3095 4290 3388 4362 expolitus.
3411 4287 3508 4344 Est
3535 4302 3631 4343 au-

2055 4403 2164 4450 tem
2190 4405 2551 4463 consequens,
2580 4395 2641 4442 ut
2661 4386 2798 4441 mihi
2831 4383 3051 4455 quidem
3079 4381 3322 4444 videtur,
3352 4388 3514 4449 teque
3547 4393 3632 4432 as-

2054 4503 2344 4546 sensurum
2386 4491 2539 4542 certo
2565 4480 2700 4546 scio,
2743 4477 2812 4535 ad
2849 4472 3141 4532 sacerdotii
3179 4486 3412 4526 munera
3453 4466 3630 4538 expli-

2054 4581 2227 4637 canda
2257 4576 2522 4642 transire;
2552 4586 2731 4644 quove
2754 4567 2918 4624 modo
2937 4581 3036 4638 per
3061 4563 3407 4636 ﬁgurativum
3435 4560 3626 4632 legale,

2054 4687 2244 4730 verum
2273 4667 2631 4741 signiﬁcetur,
2663 4663 2926 4720 nimirum
2955 4656 3112 4721 illud,
3145 4655 3291 4726 quod
3321 4653 3376 4708 in
3410 4649 3633 4709 Christo

2055 4771 2158 4829 est,
2189 4771 2246 4818 et
2269 4776 2369 4833 per
2389 4758 2667 4815 Christum
2695 4769 2865 4826 genus
2892 4749 3026 4807 illud
3064 4763 3278 4804 sacrum
3305 4744 3640 4803 sanctiﬁcat.

2055 4870 2171 4919 eos,
2203 4853 2448 4924 inquam,
2475 4849 2568 4920 qui
2590 4847 2717 4903 ﬁdei
2739 4845 2986 4901 claritate
3010 4850 3138 4898 sunt
3165 4841 3424 4904 illustres,
3451 4854 3514 4893 ac
3533 4835 3628 4892 Dei

2057 4943 2500 5016 conjunctionem
2526 4956 2624 5011 per
2664 4937 2903 5009 Spiritus
2933 4935 3106 4991 sancti
3147 4930 3628 5004 participationem

2059 5035 2356 5094 consecuti.

2128 5125 2323 5183 PALL.
2354 5125 2709 5194 Consequens
2734 5137 2886 5187 vero,
2915 5136 2976 5176 ac
3002 5120 3124 5191 jure
3153 5116 3364 5190 optimo
3389 5114 3629 5188 quidem.

2131 5218 2298 5289 376
2313 5215 2469 5273 CYR.
2494 5215 2666 5288 Igitur
2682 5255 2696 5279 ,
2726 5228 2882 5270 sacro
2903 5212 2996 5268 illo
3023 5209 3378 5267 tabernaculo
3398 5222 3522 5263 cum
3543 5205 3635 5258 de-

385 5333 540 5370 ποντι
573 5315 673 5384 τῆς
721 5313 882 5382 ἁγίας
918 5283 1142 5382 σκηνῆς,
1178 5283 1272 5363 καὶ
1303 5310 1382 5374 εἰς
1425 5307 1561 5374 εἶδος
1593 5283 1944 5383 ένῆνενμένης

2062 5283 2220 5362 εειῖιῖ
2234 5283 2430 5360 o'rnatu
2455 5283 2566 5375 jam
2591 5303 2861 5367 absoluto,
2885 5300 3261 5372 perductoque
3289 5296 3356 5354 ad
3378 5311 3497 5351 eam
3529 5293 3637 5347 for-

383 5409 446 5462 τδ
474 5410 532 5461 ὲν
563 5405 641 5476 τῷ
673 5405 792 5477 ὄρει
822 5401 1182 5474 παραδειχθὲν
1210 5401 1288 5473 τῷ
1321 5402 1590 5474 θεσπεσίῳ
1636 5404 1828 5475 Μωσῇ,
1864 5405 1944 5475 τὴπ

2059 5415 2202 5456 mam
2239 5413 2360 5469 quas
2374 5397 2433 5453 in
2456 5403 2642 5452 monte
2658 5392 3012 5449 fueratbeato
3027 5391 3195 5463 Moysi
3209 5397 3635 5448 ostensa,sacer—

384 5500 492 5554 τῶν
549 5471 739 5572 ιερέωὶι
787 5471 1349 5561 ἀνάδειξιν-ἐποιεῖτο
1399 5471 1573 5560 Θεὸς,
1607 5495 1702 5548 καὶ
1758 5471 1822 5566 δὴ
1867 5471 1962 5548 καὶ
2059 5485 2880 5561 dotesdesignatDcus:itaque
2897 5474 3480 5572 aitzcEttu,applic_a
3497 5471 3633 5572 δάιε

387 5565 613 5663 ἔφασκε,
649 5612 667 5644 ι
711 5593 822 5648 Καὶ
853 5593 916 5645 σὺ
963 5588 1312 5662 προσαγάγου
1350 5589 1483 5660 πρὸς
1533 5587 1723 5642 ἑαυτὸν
1765 5565 1854 5640 τόν
1903 5605 1944 5641 τε

2061 5583 2263 5646 Aaron,
2300 5579 2524 5634 fratrem
2558 5586 2734 5640 tuum,
2765 5583 2821 5629 et
2847 5572 2990 5628 ﬁlios
3011 5584 3129 5642 ejus
3162 5569 3228 5625 de
3272 5567 3400 5624 ﬁliis
3444 5565 3630 5634 Israel.

407 5683 616 5757 Ἀαρὼν
652 5684 742 5746 τὸν
774 5660 1020 5754 ἀδελφόν
1049 5699 1139 5738 σου
1193 5680 1283 5738 καὶ
1314 5682 1436 5745 τοὺς
1470 5679 1616 5744 υἱοὺς
1666 5677 1830 5734 αὑτοῦ
1899 5679 1944 5731 ὲ)

2063 5681 2123 5730 ιιι
2161 5670 2465 5731 sacerdotio
2491 5669 2804 5755 iungantur
2831 5665 2966 5721 mihi
2992 5706 3005 5722 .
3056 5664 3235 5722 Aaron
3278 5668 3333 5721 et
3360 5660 3548 5719 Nadab
3572 5665 3628 5716 et
