3996 6212
409 268 511 322 7ὰῖ

1430 263 1485 321 s.
1525 218 2310 321 evniLLi'ALEXANDmNi
2339 266 2658 325 Αιιειιιειι.

3555 269 3660 326 718

408 381 589 439 Ahiud
626 391 682 439 et
716 383 960 447 Eleazar,
992 389 1048 437 et
1087 379 1327 435 Ithamar
1352 378 1493 434 ﬁlios
1517 379 1700 436 Aaron
1726 380 1793 436 ".
1826 399 1844 432 ι
1876 380 1989 436 Νο-

2092 381 2204 436 τῶν
2239 380 2369 437 υἱῶν
2402 384 2620 456 Ἰσραὴλ
2652 382 2950 457 ἱερατεύειν
2970 401 3082 457 μοι,
3112 384 3325 458 Ἀαρὼν
3349 384 3446 440 καὶ
3473 384 3660 438 Ναδάδ

411 472 658 527 minatim
684 472 852 544 igitur
869 470 1029 527 electi
1056 469 1135 524 illi
1160 468 1267 524 viri
1290 477 1420 524 sunt
1460 468 1528 525 ad
1551 469 1842 526 sacerdotii
1868 484 1988 524 mu-

409 578 516 619 nus
537 563 736 618 vocati.
773 581 791 614 ι
824 561 1011 632 Neque
1044 559 1192 615 enim
1239 560 1344 616 sibi
1372 561 1660 632 quisquam
1688 561 1857 618 sumit
1883 561 1986 616 ho-

411 666 633 715 norem,
675 649 771 706 sed
802 650 896 721 qui
947 658 1176 705 vocatur
1214 665 1245 704 a
1288 650 1435 718 Deo,
1483 671 1500 703 ι
1535 651 1680 707 sicut
1720 652 1987 723 scriptum

407 744 492 791 est
526 736 593 789 ⁸⁸.
619 735 790 807 igitur
826 736 894 790 ad
923 736 1219 792 sacerdotii
1249 753 1471 804 munus,
1503 738 1649 808 quod
1681 753 1713 793 a
1751 738 1864 793 Deo
1887 737 1988 793 de-

406 823 603 889 fertur,
627 839 723 879 sua
746 834 940 896 sponte
960 826 1184 882 accedat
1205 842 1389 892 nemo,
1407 826 1524 892 sed,
1544 835 1606 882 ut
1627 835 1875 891 vocetur,
1895 842 1988 881 ex-

407 925 642 988 spectet;
672 918 899 990 alioqui,
942 919 987 974 si
1028 919 1218 976 divino
1247 919 1508 991 suffragio
1546 919 1774 974 minime
1807 919 1984 974 tribu-

410 1016 524 1063 tum
558 1025 751 1080 rapere
784 1012 1100 1077 tentaverit,
1143 1012 1197 1065 in
1232 1011 1475 1076 easdem,
1511 1026 1649 1081 quas
1679 1011 1890 1065 Dathan
1933 1018 1990 1066 et

406 1100 633 1167 Ahiron,
668 1118 859 1173 pmnas
894 1103 1117 1157 incidet.
1145 1104 1335 1174 Neque
1358 1119 1490 1159 vero
1522 1104 1623 1159 tibi
1661 1102 1864 1157 mirum
1896 1103 1982 1157 vi-

406 1187 526 1246 deri
555 1192 741 1257 debet,
767 1193 813 1248 si
852 1194 956 1248 hoc
983 1194 1180 1264 ipsum,
1204 1202 1397 1264 sponte
1423 1210 1482 1250 se
1504 1194 1759 1266 ingerere
1807 1196 1863 1249 in
1887 1210 1985 1249 no-

408 1281 513 1348 bis,
545 1282 844 1338 absurdum
868 1299 933 1339 ac
973 1292 1133 1354 turpe
1176 1285 1268 1350 sit,
1298 1284 1520 1355 quando
1552 1285 1718 1339 etiam
1760 1283 1828 1339 de
1867 1283 1987 1354 ipso

408 1373 629 1428 Christo
652 1374 845 1429 scribit
870 1374 1071 1430 Paulus
1101 1393 1114 1427 :
1148 1394 1166 1426 ι
1199 1375 1318 1430 Νοιι
1342 1376 1697 1446 semetipsum
1724 1374 1990 1430 clarifica-

407 1465 507 1528 vit,
541 1472 602 1519 ut
634 1465 879 1536 pontifex
911 1465 1087 1531 fieret,
1119 1465 1214 1520 sed
1246 1465 1340 1535 qui
1371 1465 1587 1522 locutus
1615 1474 1699 1521 est
1723 1465 1792 1519 ad
1817 1480 1944 1519 eum
1972 1482 1984 1518 :

409 1554 490 1609 Tu
516 1570 578 1610 es
605 1556 859 1612 sacerdos
882 1557 937 1611 in
958 1564 1225 1612 aeternum
1248 1557 1548 1613 secundum
1573 1557 1822 1613 ordinem
1854 1557 1987 1612 Mel-

408 1646 701 1704 chisedech
733 1650 800 1703 ¹¹⁶.
834 1668 852 1702 ι
882 1650 1026 1722 Ergo
1059 1651 1382 1717 vocationis,
1412 1666 1519 1722 qua
1542 1650 1796 1706 Christus
1822 1665 1987 1706 voca-

411 1748 499 1794 tus
522 1754 642 1795 esse
664 1740 887 1807 dicitur,
920 1742 1097 1813 imago
1120 1750 1204 1797 est
1222 1785 1237 1809 ,
1263 1742 1407 1813 quod
1436 1742 1503 1798 ad
1530 1742 1749 1814 Moysen
1776 1742 1989 1812 sapien-
2020 1724 2062 1779 Β

409 1838 494 1885 ter
516 1840 602 1887 est
627 1832 834 1887 dictum
866 1850 879 1886 :
912 1851 930 1884 ι
953 1833 1023 1888 Ει
1046 1840 1126 1898 ιιι,
1152 1834 1362 1904 applica
1394 1833 1462 1887 ad
1501 1842 1553 1888 te
1583 1834 1762 1903 ipsum
1805 1833 1987 1888 Aaron

408 1918 634 1978 fratrem
655 1932 833 1990 tuum,
856 1931 913 1980 et
935 1923 1078 1979 filios
1099 1925 1237 1995 ejus.
1267 1945 1285 1976 ι
1313 1925 1447 1980 Nam
1471 1924 1624 1991 illud,
1653 1943 1671 1977 ι
1699 1925 1929 1996 applica,
1963 1944 1980 1976 ι

407 2012 542 2081 quid
572 2012 741 2078 aliud,
764 2028 950 2083 quam,
975 2013 1210 2086 adjunge
1237 2023 1399 2085 atque
1422 2014 1626 2071 advoca
1649 2057 1665 2082 ,
1688 2014 1988 2087 significat?

410 2101 647 2157 Vocatus
675 2110 760 2157 est
803 2112 989 2158 autem
1025 2104 1279 2161 Christus
1323 2113 1581 2175 tanquam
1614 2106 1683 2160 ad
1713 2105 1988 2176 pontiﬁcis

406 2208 609 2248 munus
635 2208 734 2264 per
756 2195 1096 2251 voluntatem
1126 2198 1340 2264 Patris;
1373 2198 1535 2253 simul
1565 2207 1748 2253 autem
1775 2215 1900 2254 eum
1921 2214 1989 2255 eo

406 2283 811 2352 quodammodo
842 2286 1042 2351 vocati,
1074 2297 1571 2358 cooperatoresque
1608 2288 1772 2344 oilioii
1801 2305 1986 2345 sacer-

406 2374 608 2432 dotalis
639 2375 822 2433 eﬂ'ecti
861 2388 991 2434 sunt
1033 2380 1199 2435 etiam
1238 2381 1413 2436 sancti
1457 2380 1535 2436 illi
1566 2382 1842 2452 discipuli.
1878 2383 1987 2438 Ita-

405 2482 513 2538 que
538 2468 703 2527 etiam
740 2479 930 2540 aperte
958 2470 1218 2528 dicebant
1246 2490 1258 2525 :
1296 2491 1314 2524 ι
1354 2472 1453 2528 Dei
1478 2481 1866 2544 cooperatores
1891 2490 1986 2529 su-

404 2574 530 2614 mus
557 2558 623 2613 ⁸⁷.
658 2579 678 2612 ι
708 2558 939 2618 Omnem
972 2570 1233 2633 praeterea
1266 2564 1458 2621 orbem
1486 2574 1757 2621 terrarum
1786 2567 1987 2623 circui-

405 2650 558 2715 hant,
590 2651 963 2708 sacrificantes
989 2656 1044 2710 in
1082 2655 1339 2727 gentibus
1374 2656 1729 2729 Evangelium
1762 2658 1986 2715 Christi.

403 2743 665 2809 Quamvis
691 2745 839 2799 enim
865 2746 1045 2801 vocati
1075 2748 1185 2802 sint
1223 2744 1299 2803 illi
1329 2751 1553 2821 quidem
1582 2767 1682 2822 per
1708 2749 2019 2808 Christum,

404 2835 473 2890 ad
514 2837 898 2906 apostolatum,
941 2837 1106 2909 idque
1138 2840 1424 2897 verissime
1464 2840 1702 2906 dicatur,
1745 2850 1866 2897 erat
1906 2850 1988 2897 la-

404 2943 533 2983 men
572 2928 625 2983 id
665 2945 892 3000 prorsus
921 2944 989 2985 ex
1013 2930 1294 2987 voluntate
1322 2931 1500 2986 Patris
1528 2950 1541 2985 :
1571 2948 1680 2987 una
1724 2941 1810 2987 est
1839 2932 1987 2987 enim

2088 472 2184 527 καὶ
2228 472 2462 539 Ἀσιοὺδ,
2495 477 2588 530 καὶ
2628 475 2911 549 Ἐλεάζαρ,
2952 478 3047 533 καί⁵
3088 477 3316 551 ἰθάμαρ
3355 478 3505 541 υἱοὺς
3535 478 3664 531 ’Δα-

2090 565 2220 637 ρὼν.
2267 587 2286 620 ι
2342 569 2637 641 Ὀνομαστὶ
2677 570 2776 641 μὲν
2813 566 2906 625 οὖν
2939 572 2990 624 οἱ
3034 571 3324 625 ἀπόλεκτοι
3366 570 3661 641 κέκληνται

2088 658 2226 729 πρὸς
2276 660 2608 733 ἱερουργίαν.
2647 680 2667 713 ι
2710 661 2785 716 Οὐ
2817 662 2925 734 γάρ
2953 662 3131 734 ἑαυτῷ
3151 679 3235 726 τις
3263 662 3532 733 λαμϐάνει
3563 662 3663 731 τὴν

2086 752 2275 824 τιμὴν,
2324 753 2441 807 ἀλλ’
2478 755 2508 808 6
2538 752 2871 826 καλούμενος
2896 753 3002 809 ὑπὸ
3036 754 3132 809 τοῦ
3170 754 3328 817 Θεοῦ,
3367 774 3385 806 ι
3429 752 3665 811 κατάλτδ

2089 845 2493 916 γεγραμμένον.
2526 847 2653 901 Ἶτω
2676 846 2741 919 δὴ
2780 843 2873 901 οῦν
2907 846 3207 918 αὐτόμολος
3241 849 3339 918 μὲν
3373 846 3563 919 μηδεὶς
3582 848 3665 911 εἰς

2089 936 2149 990 τὸ
2176 935 2477 1009 ἱερατεύειν
2509 937 2587 1010 τῷ
2610 937 2753 1009 Θεῷ,
2784 939 3125 1011 περιμενέτω
3151 938 3208 993 δὲ
3235 939 3447 1008 κλῆσιν,
3469 938 3665 1008 ήγουν,

2091 1029 2358 1100 ἁρπάζειν
2389 1030 2706 1102 ἐπιχειρῶν,
2742 1030 2772 1085 6
2809 1032 2884 1103 μὴ
2909 1033 3031 1096 ταῖς
3063 1031 3270 1087 ἀνωθεν
3300 1030 3411 1102 ἔχει
3438 1030 3664 1102 ψήφοις,

2087 1120 2183 1192 τὴν
2212 1122 2389 1176 Δαθάν
2413 1140 2472 1177 τε
2498 1121 2594 1177 καὶ
2633 1122 2901 1195 Ἀσειρὼν
2928 1123 3116 1194 ὑφέξει
3138 1124 3318 1194 δίκην.
3349 1123 3464 1177 Καὶ
3504 1124 3667 1194 μήτοι

2092 1211 2381 1285 θαυμάσῃς
2408 1216 2459 1269 εί
2489 1215 2551 1269 τὸ
2576 1216 2873 1288 αὐτόμολον
2896 1218 2980 1286 ἐφ’
3013 1216 3171 1288 ἡμῶν
3203 1215 3433 1270 ἔκτοπόν
3459 1231 3518 1268 τε
3570 1214 3669 1268 καὶ

2088 1307 2343 1372 ἀκαλλὲς,
2388 1308 2478 1361 ὅτε
2525 1309 2621 1362 καὶ
2663 1309 2790 1380 περὶ
2833 1308 3001 1362 αὐτοῦ
3046 1308 3141 1362 τοῦ
3191 1306 3432 1379 Χριστοῦ
3461 1307 3667 1379 γράφει

2089 1396 2320 1460 Παῦλος,
2358 1414 2379 1447 ι
2416 1397 2527 1468 Οὐχ
2558 1397 2752 1452 ἑαυτὸν
2801 1397 3022 1463 ὲδόξασε
3050 1396 3347 1468 γενηθῆναι
3375 1395 3665 1467 ἀρχιερέα.

2088 1487 2202 1543 ἀλλ’
2223 1491 2252 1542 6
2277 1488 2517 1560 λαλήσας
2540 1489 2676 1561 πρὸς
2705 1491 2888 1555 αὐτὸν,
2937 1490 3008 1543 Σὺ
3041 1492 3221 1562 ἱερεὺς
3251 1491 3331 1553 εἰς
3368 1488 3460 1542 τὸν
3494 1487 3668 1541 αἰῶνα

2089 1579 2231 1635 κατὰ
2258 1580 2357 1651 τήν
2386 1580 2541 1646 τάξιν
2569 1580 2922 1651 Μελχισεδέκ.
2961 1600 2980 1634 ι
3015 1580 3270 1653 Κλήσεως
3297 1575 3391 1635 οὖν
3428 1579 3537 1651 ἄρα
3565 1580 3668 1649 τῆς

2090 1673 2183 1728 ἐπὶ
2236 1674 2459 1746 Χριστῷ
2508 1674 2808 1745 λεγομένης
2837 1673 3000 1729 εἰκὼν
3030 1675 3096 1729 ἂν
3131 1675 3217 1746 εἴη
3252 1673 3411 1727 πάλιν
3438 1673 3502 1725 τὸ
3531 1672 3670 1742 πρὸς

2090 1762 2289 1817 Μωσέα
2319 1763 2499 1833 σοφῶς
2537 1764 2845 1836 εἰρημένον,
2877 1783 2897 1816 ι
2935 1765 3046 1819 Καὶ
3069 1765 3133 1817 σὺ
3152 1764 3504 1836 προσαγάγου
3531 1760 3670 1834 πρὸς

2090 1855 2284 1909 ἑαυτὸν
2311 1854 2405 1910 τόν
2424 1872 2483 1908 τε
2514 1854 2727 1927 Ἀαρὼν
2742 1856 2836 1909 τὸν
2857 1855 3085 1926 ἀδελφόν
3108 1871 3225 1919 σου,
3251 1857 3347 1909 καὶ
3364 1855 3494 1918 τοὺς
3522 1856 3672 1918 υἱοὺς

2089 1946 2273 2002 αὐτοῦ.
2322 1966 2341 1999 ι
2392 1946 2466 2001 Τὸ
2513 1947 2623 2020 γὰρ
2656 1966 2676 2002 ι
2733 1949 3106 2021 προσαγάγου,
3144 1967 3163 2001 ι
3211 1947 3265 2001 τί
3296 1948 3487 2019 ἕτερον
3521 1947 3552 2018 ἢ
3582 1947 3670 2010 τὸ,

2088 2036 2367 2091 οἰκειῶσαι
2409 2054 2467 2091 τε
2523 2040 2619 2093 καὶ
2673 2039 2997 2111 προσκάλει,
3043 2038 3226 2111 δηλοῐ;
3268 2039 3550 2110 Κέκληται
3610 2037 3671 2092 δι

2089 2132 2279 2203 ῶσπερ
2298 2132 2379 2194 εἱς
2398 2131 2658 2204 ἀρχιερέα
2691 2130 2926 2203 Χριστὸς
2971 2129 3062 2185 διὰ
3089 2130 3281 2201 βουλῆς
3299 2130 3394 2184 τοῦ
3429 2129 3666 2201 Πατρός.

2089 2217 2498 2295 Συγκέκλῆνται
2531 2224 2589 2278 δὲ
2615 2224 2817 2297 τρόπον
2846 2222 2967 2278 τινὰ
2992 2222 3142 2295 αὐτῷ
3182 2224 3277 2277 καὶ
3308 2223 3562 2294 συνεργοὶ
3590 2221 3671 2274 τό·

2089 2313 2294 2370 θεινται
2324 2314 2461 2389 πρὸς
2498 2315 2811 2388 ἱερουργίαν
2863 2315 2958 2369 καὶ
2989 2317 3039 2368 οἱ
3085 2314 3365 2368 θεσπέσιοι
3402 2312 3665 2384 μαθηταί.

2090 2408 2377 2481 Τοιγάρτοι
2407 2408 2501 2462 καὶ
2528 2408 2827 2481 διαρρήδην
2849 2408 3109 2476 ἔφασκον,
3143 2426 3163 2459 ι
3201 2406 3339 2461 Θεοῦ
3364 2407 3476 2475 γάρ
3500 2407 3668 2476 ἐσμεν

2091 2502 2371 2571 συνεργοί·
2427 2517 2447 2553 ι
2500 2500 2862 2572 ⁴ιιεριεφοὶτων
2893 2499 2950 2553 δὲ
2997 2494 3063 2553 αὖ
3117 2497 3215 2551 καὶ
3243 2497 3343 2569 τὴν
3391 2498 3483 2566 ὑφ’
3513 2495 3668 2567 ἣλιον

2089 2594 2291 2657 πᾶσαν,
2354 2590 2764 2663 ἱερουργοῦντες
2815 2592 2897 2655 εἰς
2942 2590 3013 2645 τά
3058 2589 3184 2661 ἔθνη
3236 2588 3298 2643 τὸ
3337 2587 3669 2657 Εὐαγγέλιον

2089 2682 2349 2757 Χριστοῦ.
2407 2682 2718 2755 Κέκληνται
2779 2682 2879 2753 μὲν
2934 2682 3043 2752 γὰρ
3091 2682 3173 2745 εἰς
3218 2680 3525 2751 ἀποστολὴν
3580 2678 3667 2733 διὰ

2089 2776 2348 2849 Χριστοῦ,
2381 2776 2476 2831 καὶ
2509 2774 2717 2848 ἀληθὴς
2747 2777 2775 2828 6
2804 2776 2985 2844 λόγος.
3033 2774 3173 2828 Ἀλλ’
3211 2768 3283 2845 ἦν
3311 2790 3416 2828 που
3446 2772 3668 2837 πάντως

2089 2869 2151 2923 τὸ
2182 2871 2370 2942 χρῆμα
2391 2869 2485 2923 καὶ
2513 2868 2647 2923 αὐτὸ
2677 2868 2904 2940 θελητδν
2940 2867 3021 2939 τῷ
3048 2866 3258 2940 Πατρίσ
3290 2866 3390 2936 μία
3435 2864 3543 2936 γὰρ
3577 2866 3663 2932 ἐφ’

2091 2963 2263 3018 ἅπασι
2304 2964 2418 3024 τοῖς
2465 2959 2761 3033 δρωμένοις
2792 2961 2824 3031 ή
2853 2960 3054 3029 ψῆφος,
3085 2959 3170 3013 ὅτι
3212 2959 3309 3012 καὶ
3357 2956 3524 3028 βουλή
3570 2956 3664 3010 καὶ

404 3020 464 3075 in
490 3022 779 3088 omnibus,
824 3039 947 3095 qua:
996 3033 1300 3096 geruntur,
1348 3025 1632 3095 utriusque
1680 3025 1983 3091 sententia,

2092 3049 2251 3120 σοφία
2282 3047 2378 3103 καί¹
2398 3020 2413 3024 ﬁ
2432 3020 2649 3118 θέλησις
2698 3020 2794 3102 τοῦ
2813 3020 3051 3118 ’Πατρὸς
3124 3049 3153 3101 6
3188 3047 3338 3112 Υἱός.
3358 3020 3369 3028 ”
3388 3020 3602 3101 Οὐκοῦν
3637 3047 3666 3099 6

404 3115 613 3187 quippe
638 3132 762 3172 cum
793 3118 973 3175 Patris
1000 3126 1057 3175 et
1087 3119 1379 3193 consilium
1411 3128 1469 3173 et
1498 3120 1766 3191 sapientia
1803 3128 1859 3177 et
1883 3136 1983 3175 vo-

402 3206 589 3263 luntas
615 3209 687 3265 sit
717 3210 907 3265 Filius.
941 3210 1038 3267 Est
1064 3211 1233 3283 igitur
1264 3211 1447 3266 Aaron
1475 3211 1679 3269 Christi
1710 3212 1902 3286 ﬁgura,
1931 3223 1987 3270 et

406 3299 559 3355 illius
597 3303 913 3369 sacerdotii,
942 3303 1088 3374 quod
1120 3305 1175 3359 in
1211 3306 1408 3376 spiritu
1438 3313 1495 3361 et
1518 3306 1749 3363 veritate
1779 3306 1986 3362 intelli-

406 3392 573 3462 gitur,
618 3395 870 3464 qutedam
901 3404 963 3451 ut
1010 3398 1067 3453 in
1116 3400 1328 3456 umbris
1362 3402 1543 3457 adhuc
1573 3402 1988 3459 obscurioribus

407 3484 777 3557 praesignatio.
823 3487 1214 3546 Animadverte
1258 3501 1442 3549 autem
1465 3494 1651 3564 juberi
1697 3494 1888 3565 Moysi,
1928 3504 1990 3551 ut

407 3577 644 3646 applicet
681 3578 748 3632 ad
779 3594 838 3633 se
868 3580 1083 3647 Aaron;
1130 3582 1349 3639 inﬁrma
1377 3584 1525 3640 enim
1556 3592 1641 3640 est
1675 3585 1764 3639 lex
1792 3592 1849 3641 et
1882 3586 1988 3645 im-

407 3665 671 3734 perfecta,
697 3667 742 3721 si
773 3683 804 3721 a
832 3667 1054 3723 Christo
1078 3668 1412 3741 disjungitur
1443 3689 1456 3724 :
1491 3690 1510 3722 ι
1541 3671 1885 3741 lmpossibile
1906 3680 1991 3729 est

406 3755 556 3810 enim
585 3758 848 3827 sanguine
880 3765 1162 3814 taurorum
1200 3770 1256 3816 et
1287 3762 1569 3818 hircorum
1613 3764 1816 3820 auferri
1858 3782 1988 3837 pec-

409 3857 527 3903 cata
569 3848 635 3902 ⁸³.
667 3867 685 3900 ι
715 3849 877 3920 377
903 3849 1157 3908 Christus
1189 3862 1370 3910 autem
1411 3871 1575 3911 unam
1607 3872 1708 3928 pro
1734 3868 1987 3927 peccato-

409 3939 564 3994 ribus
586 3955 713 3995 cum
736 3940 1034 3999 obtulisset
1060 3941 1317 4009 hostiam,
1341 3949 1739 4001 consummavit
1759 3950 1813 4003 in
1842 3964 1989 4004 sem—

410 4034 687 4107 piternum
735 4035 1120 4092 sanetiticatos.
1171 4036 1358 4092 Sciant
1392 4037 1559 4110 igitur
1602 4040 1696 4110 qui
1743 4040 1991 4096 umbram

408 4124 591 4182 adhuc
630 4135 687 4182 et
715 4127 955 4183 litteram
1003 4128 1268 4201 diligunt,
1315 4139 1371 4186 et
1422 4131 1672 4187 Mosaicis
1721 4133 1993 4189 mandatis

410 4219 692 4276 mordicus
724 4220 1126 4296 adhaerescunt,
1172 4222 1276 4278 nisi
1316 4224 1421 4279 sibi
1466 4224 1600 4296 ipsis
1644 4226 1994 4297 adiunxerint

411 4318 576 4382 atque
605 4312 1003 4383 applicaverint
1031 4314 1367 4371 sacerdotem
1410 4316 1564 4371 illum
1602 4327 1658 4373 et
1686 4320 1990 4389 apostolum

2100 3142 2308 3213 Ἀαρὼν
2340 3139 2510 3205 τύπος
2533 3140 2598 3195 ἂν
2632 3140 2717 3213 εἴη
2767 3140 3029 3212 Χριστοῦ,
3060 3142 3155 3196 καὶ
3180 3144 3280 3214 τῆς
3307 3141 3364 3195 ὲν
3395 3139 3668 3213 πνεύματὶ

2087 3251 2146 3288 τε
2178 3235 2273 3287 καὶ.
2306 3232 2536 3305 ἀληθείᾳ
2564 3231 2865 3304 νοουμένης
2892 3232 3213 3305 ἱερωσύνης,
3240 3232 3401 3288 οἷονεί
3430 3232 3670 3303 προανά-

2086 3326 2271 3393 δειξις,
2302 3324 2379 3389 ὡς
2413 3326 2471 3378 ἐν
2505 3327 2686 3388 σκιαῖς
2712 3323 2793 3377 ἐτι
2823 3326 2943 3387 ταῖς
2981 3324 3396 3399 ἀμυδροτὲραις.
3422 3326 3589 3389 Σύνες
3611 3325 3668 3379 δὲ

2088 3421 2171 3474 ὅτι
2224 3416 2618 3490 προστάττεται
2653 3416 2858 3486 Μωσῆς
2891 3415 3342 3488 προσαγαγέσθαι
3369 3416 3505 3487 πρὸς
3537 3418 3666 3470 ἑαυ-

2090 3510 2180 3565 τὸν
2206 3510 2297 3564 τόν
2344 3527 2405 3563 τε
2456 3507 2666 3580 ’Δαρών
2684 3525 2698 3540 ·
2735 3507 2968 3580 ἀσθενὴς
2988 3509 3098 3577 γάρ
3144 3518 3263 3572 πως⁵
3294 3508 3391 3563 καὶ
3422 3507 3619 3577 ἀτελής
3641 3509 3671 3561 6

2090 3603 2272 3673 νόμος,
2295 3603 2347 3656 εἰ
2374 3601 2471 3654 καὶ
2491 3598 2909 3669 ἀπονοσφίζοιτο
2932 3598 3027 3653 τοῦ
3046 3598 3306 3671 Χριστοῦ.
3328 3618 3365 3658 ι,
3382 3598 3670 3652 ’Δδύνατον

2090 3695 2201 3766 γὰρ
2231 3689 2372 3765 αἷμα
2402 3692 2622 3764 ταύρων
2657 3693 2752 3747 καὶ
2779 3691 3001 3765 τράγων
3028 3693 3283 3764 ἀφαιρεῖν
3306 3690 3608 3762 ἁμαρτίας.
3648 3708 3666 3741 ι

2091 3786 2326 3859 Χριστὸς
2351 3783 2409 3838 δὲ
2446 3784 2575 3855 μίαν
2605 3782 2750 3854 ὑπὲρ
2784 3782 3129 3854 ἁμαρτωλῶν
3171 3782 3546 3854 προσενέγκας
3574 3780 3672 3839 θν-

2094 3881 2234 3946 σίαν,
2262 3876 2615 3933 τετελείωκεν
2641 3877 2721 3939 εἰς
2755 3874 2816 3928 τὸ
2841 3874 3088 3946 διηνεκὲς
3105 3875 3231 3939 τοὺς
3252 3873 3668 3945 ἁγιαζομένους.

2095 3975 2361 4027 Ἵστωσαν
2387 3970 2452 4041 δὴ
2491 3964 2584 4023 οὖν
2624 3970 2674 4022 οἱ
2708 3950 2866 4031 σκιᾶς
2898 3965 2979 4019 ἔτι
3016 3967 3110 4020 καὶ
3140 3966 3470 4038 γράμματος
3500 3966 3669 4037 φίλοι,

2093 4061 2188 4115 καὶ
2218 4058 2532 4115 Μωσαῖκῶν
2560 4056 2911 4127 ἑνταλμάτων
2941 4053 3343 4127 κατηξιωμένοι
3374 4053 3473 4127 (Ι),
3517 4056 3595 4120 ὡς
3620 4057 3672 4110 εἱ

2097 4153 2172 4225 μὴ
2206 4150 2643 4224 προσαγάγοιντο
2678 4146 2819 4219 πρὸς
2851 4147 3082 4211 ἑαυτοὺς
3122 4147 3215 4201 τὸν
3263 4147 3529 4220 ἀρχιερέα
3575 4150 3671 4203 καί

2093 4243 2389 4300 ἀπόστολον
2418 4245 2516 4314 τῆς
2546 4239 2833 4311 ὁμολογίας
2857 4238 3014 4311 ἡμῶν
3052 4238 3260 4310 Ἰησοῦν
3291 4238 3384 4292 τὸν
3411 4238 3667 4311 Χριστὸν,

2095 4337 2173 4400 εἱς
2204 4336 2358 4389 οὐδὲν
2384 4335 2570 4398 αὐτοῖς
2598 4331 2699 4403 τῆς
2729 4333 2786 4385 ὲν
2817 4330 2974 4403 τύπῳ
3000 4331 3256 4402 λατρείας
3287 4328 3582 4401 καταλήξει
3610 4329 3671 4383 τὺ

410 4402 772 4460 confessionis
804 4413 1023 4469 nostrae,
1055 4406 1241 4462 Jesum
1265 4407 1566 4473 Christum,
1591 4410 1726 4464 illud
1747 4410 1989 4465 studium

2096 4427 2435 4497 σπούδασμα.
2465 4426 2605 4479 Ποῖα
2640 4402 2749 4495 γάρ
2778 4409 2845 4477 ἀν
2874 4402 2988 4475 εἷεν
3019 4422 3171 4494 παρά
3191 4438 3255 4489 γε
3282 4420 3360 4492 τῷ
3399 4419 3672 4489 φιλαρέτῳ

411 4496 591 4554 cultus
619 4497 675 4552 in
701 4497 870 4569 figura
897 4499 1129 4555 exhibiti
1159 4515 1361 4553 vanum
1389 4510 1443 4554 et
1470 4500 1685 4554 irritum
1714 4501 1851 4558 fore.
1869 4502 1989 4569 Quo

409 4590 559 4645 enim
583 4607 815 4649 numero
839 4593 949 4648 sint
977 4592 1123 4663 apud
1144 4586 1366 4646 virtutis
1390 4600 1663 4646 amantem
1699 4593 1881 4649 Deum
1898 4594 1989 4649 illa

409 4684 535 4741 vita:
568 4685 870 4741 secundum
898 4687 1073 4756 legem
1104 4693 1238 4743 actae
1264 4685 1614 4739 ornamenta?
1641 4685 1827 4757 itaque
1850 4688 1990 4743 Pau-

409 4773 497 4829 lus
517 4773 609 4829 ille
630 4775 715 4829 vir
730 4773 1166 4845 sapientissimus
1190 4783 1413 4845 propter
1431 4773 1762 4830 eminentem
1784 4775 1987 4833 Christi

410 4866 715 4933 scientiam,
750 4875 811 4921 ut
839 4873 1079 4921 stercora
1107 4881 1164 4921 se
1193 4865 1447 4922 arbitrari
1488 4874 1736 4933 testatur,
1775 4885 1896 4939 qua:
1931 4870 1987 4925 in

408 4957 617 5013 mundo
653 4967 783 5013 sunt
825 4957 1030 5022 omnia,
1061 4957 1251 5027 eisque
1285 4957 1586 5028 spiritualia
1616 4959 1871 5029 praeferre
1910 4960 1987 5025 '9;

412 5048 578 5116 idque
605 5055 714 5112 est,
740 5048 1044 5103 secundum
1060 5048 1436 5103 sublimiorem
1453 5065 1697 5115 sensum,
1717 5050 1990 5122 applicare

410 5138 476 5194 ad
511 5152 568 5192 se
598 5139 799 5193 Aaron.

482 5229 679 5288 PALL.
737 5230 921 5287 Teneo
961 5231 1093 5302 quid
1140 5233 1274 5290 velis
1314 5253 1327 5289 :
1365 5236 1651 5307 perspicua
1703 5243 1787 5290 est
1836 5235 1983 5289 enim

409 5323 607 5379 oratio.

480 5416 637 5472 CYR.
657 5415 882 5489 Applica
913 5417 1080 5490 igitur
1116 5419 1184 5473 ad
1218 5427 1291 5486 te,
1329 5418 1527 5490 inquit,
1552 5418 1734 5474 Aaron
1760 5418 1983 5476 fratrem

481 5541 528 5612 ῗὲ
567 5543 740 5601 Exod.
778 5561 959 5611 xxvm,
999 5546 1049 5601 l.
1159 5544 1207 5579 "
1235 5546 1402 5603 llebr.
1431 5548 1554 5612 v,6.

417 5609 461 5639 ”
477 5611 713 5683 Philipp.
737 5631 813 5679 ιιι,
834 5615 886 5671 8.

1612 5518 1617 5523 ’
1668 5544 1716 5578 ι·
1742 5545 1881 5602 lbid.
1906 5547 1959 5615 5,
1993 5547 2046 5602 6.

2086 4519 2207 4591 Θεῷ
2260 4520 2358 4591 τῆς
2388 4519 2446 4572 ὲν
2469 4517 2617 4588 νόμῳ
2639 4515 2783 4587 ζωῆς
2808 4514 2878 4569 τὰ
2903 4516 3198 4586 αὐχήματα
3222 4532 3238 4581 ;
3264 4512 3553 4584 Τοιγάρτοι
3574 4513 3671 4566 καὶ

2088 4610 2297 4675 Παῦλος
2325 4612 2455 4682 ἡμῖν
2484 4610 2515 4663 6
2551 4608 2877 4678 σοφώτατος,
2903 4608 2993 4663 διά
3021 4608 3083 4662 τὸ
3105 4607 3375 4679 ὑπερέχον
3397 4608 3493 4677 τῆς
3520 4604 3669 4673 γνὼ-

2089 4721 2226 4767 σεως
2249 4704 2348 4775 τῆς
2366 4700 2628 4773 Χριστοῦ,
2654 4699 2901 4759 σκύϐαλα
2929 4700 3028 4771 μὲν
3045 4698 3298 4770 ἡγεῖσθαι
3313 4697 3379 4752 τά
3398 4698 3455 4750 ὲν
3475 4695 3671 4767 κόσμῳ

2088 4793 2275 4867 φησιν,
2306 4791 2629 4847 ἀνθελέσθαι
2654 4790 2712 4845 δὲ
2731 4790 2802 4845 τά
2834 4788 3215 4861 πνευματικά’
3241 4790 3334 4843 καὶ
3367 4786 3528 4841 τοῦτό
3549 4787 3669 4840 ἔστι

2088 4885 2316 4959 νοητῶς,
2367 4884 2428 4938 τὸ
2474 4883 2847 4958 προσάγεσθαι
2891 4883 3025 4956 πρὸς
3084 4883 3278 4938 ἑαυτὸν
3329 4880 3494 4936 αὐτὸν
3570 4878 3664 4932 τὶν

2100 4977 2329 5048 Ἀαρών.

2162 5243 2371 5298 ΠΑΛΛ.
2404 5242 2634 5313 Συνίημι
2664 5241 2694 5294 6
2722 5240 2826 5311 φῄς
2847 5257 2860 5270 ³
2891 5240 3064 5312 σαφὴς
3088 5241 3198 5311 γάρ
3236 5243 3263 5294 6
3291 5239 3468 5307 λόγος.

2159 5421 2323 5476 ΚΥΡ.
2382 5418 2743 5492 Πῳσαγὰγου
2789 5417 2999 5484 τοὶνυν,
3054 5420 3209 5490 φησι,
3262 5417 3395 5488 πρὸς
3466 5417 3662 5497 ἑαυτὸν

2151 5546 2250 5601 ’τι
2294 5544 2421 5602 Cor.
2449 5561 2527 5611 ιιι,
2574 5543 2636 5611 9;
2698 5543 2857 5598 Rom.
2916 5558 3025 5610 xvi,
3066 5540 3117 5597 3.
3194 5538 3240 5571 ⁸⁸
3277 5508 3555 5605 Πεὶιικί,

486 5724 562 5797 (l)
595 5725 730 5782 Cod.
766 5729 909 5797 ναι,
941 5732 1109 5802 ἀπρὶξ
1142 5733 1396 5804 ἡμμένοι,
1427 5735 1571 5806 quod
1608 5736 1883 5808 interpres
1911 5732 2172 5791 reddidit.
