  <div class='ocr_page' id='page_1' title='image "/cluster/home/n/w/nwhite01/storage/ocr_20150623/68/hvd.32044073501975/370.png"; bbox 0 0 3996 6212; ppageno 0'>
   <div class='ocr_carea' id='block_1_1' title="bbox 265 267 376 325">
    <p class='ocr_par' dir='ltr' id='par_1_1' title="bbox 265 267 376 325">
     <span class='ocr_line' id='line_1_1' title="bbox 265 267 376 325; baseline 0.009 -1"><span class='ocrx_word' id='word_1_1' title='bbox 265 267 376 325; x_wconf 71' lang='lat'><strong>729</strong></span> 
     </span>
    </p>
   </div>
   <div class='ocr_carea' id='block_1_2' title="bbox 981 265 2911 326">
    <p class='ocr_par' dir='ltr' id='par_1_2' title="bbox 981 265 2911 326">
     <span class='ocr_line' id='line_1_2' title="bbox 981 265 2911 326; baseline -0.001 -4"><span class='ocrx_word' id='word_1_2' title='bbox 981 266 1069 322; x_wconf 88' lang='lat' dir='ltr'><strong>DE</strong></span> <span class='ocrx_word' id='word_1_3' title='bbox 1104 266 1545 323; x_wconf 75' lang='lat' dir='ltr'><strong>ADORATIONE</strong></span> <span class='ocrx_word' id='word_1_4' title='bbox 1585 269 1651 324; x_wconf 82' lang='lat' dir='ltr'><strong>IN</strong></span> <span class='ocrx_word' id='word_1_5' title='bbox 1696 268 1967 326; x_wconf 74' lang='lat' dir='ltr'><strong>SPIRITU</strong></span> <span class='ocrx_word' id='word_1_6' title='bbox 2007 269 2096 325; x_wconf 88' lang='grc' dir='ltr'><strong>ΕΤ</strong></span> <span class='ocrx_word' id='word_1_7' title='bbox 2138 268 2506 324; x_wconf 79' lang='lat' dir='ltr'><strong>VERITATE.</strong></span> <span class='ocrx_word' id='word_1_8' title='bbox 2541 301 2612 310; x_wconf 90' lang='lat'><strong>——</strong></span> <span class='ocrx_word' id='word_1_9' title='bbox 2649 267 2778 322; x_wconf 87' lang='lat' dir='ltr'><strong>LIB.</strong></span> <span class='ocrx_word' id='word_1_10' title='bbox 2819 265 2911 322; x_wconf 76' lang='lat' dir='ltr'><strong>XI.</strong></span> 
     </span>
    </p>
   </div>
   <div class='ocr_carea' id='block_1_3' title="bbox 3445 232 3597 328">
    <p class='ocr_par' dir='ltr' id='par_1_3' title="bbox 3445 232 3597 328">
     <span class='ocr_line' id='line_1_3' title="bbox 3445 232 3597 328; baseline -0.026 -1"><span class='ocrx_word' id='word_1_11' title='bbox 3445 271 3547 328; x_wconf 67' lang='grc' dir='ltr'><strong>τεο</strong></span> <span class='ocrx_word' id='word_1_12' title='bbox 3580 232 3597 245; x_wconf 73' lang='grc'><em>’</em></span> 
     </span>
    </p>
   </div>
   <div class='ocr_carea' id='block_1_4' title="bbox 279 377 1863 455">
    <p class='ocr_par' dir='ltr' id='par_1_4' title="bbox 279 377 1860 455">
     <span class='ocr_line' id='line_1_4' title="bbox 279 377 1860 455; baseline 0 -19"><span class='ocrx_word' id='word_1_13' title='bbox 279 379 500 455; x_wconf 80' lang='grc' dir='ltr'>’Δαρὼν</span> <span class='ocrx_word' id='word_1_14' title='bbox 521 379 613 433; x_wconf 78' lang='grc' dir='ltr'>τὸν</span> <span class='ocrx_word' id='word_1_15' title='bbox 637 377 865 447; x_wconf 81' lang='grc' dir='ltr'>ἀδελφόν</span> <span class='ocrx_word' id='word_1_16' title='bbox 901 395 1017 445; x_wconf 87' lang='grc' dir='ltr'>σου,</span> <span class='ocrx_word' id='word_1_17' title='bbox 1047 383 1140 436; x_wconf 71' lang='grc' dir='ltr'>καὶ</span> <span class='ocrx_word' id='word_1_18' title='bbox 1159 381 1280 435; x_wconf 82' lang='grc' dir='ltr'>καθ’</span> <span class='ocrx_word' id='word_1_19' title='bbox 1296 383 1382 436; x_wconf 61' lang='lat' dir='ltr'><strong>Et:</strong></span> <span class='ocrx_word' id='word_1_20' title='bbox 1395 399 1504 454; x_wconf 89' lang='grc' dir='ltr'>ρον,</span> <span class='ocrx_word' id='word_1_21' title='bbox 1537 378 1716 454; x_wconf 72' lang='grc' dir='ltr'>οἶμαι,</span> <span class='ocrx_word' id='word_1_22' title='bbox 1735 383 1860 455; x_wconf 84' lang='grc' dir='ltr'>τρό-</span> 
     </span>
    </p>
   </div>
   <div class='ocr_carea' id='block_1_5' title="bbox 1971 377 3548 455">
    <p class='ocr_par' dir='ltr' id='par_1_5' title="bbox 1971 379 3548 455">
     <span class='ocr_line' id='line_1_5' title="bbox 1971 379 3548 455; baseline 0.003 -20"><span class='ocrx_word' id='word_1_23' title='bbox 1971 390 2162 448; x_wconf 84' lang='lat' dir='ltr'><strong>tuum;</strong></span> <span class='ocrx_word' id='word_1_24' title='bbox 2204 380 2311 436; x_wconf 87' lang='lat' dir='ltr'><strong>alia</strong></span> <span class='ocrx_word' id='word_1_25' title='bbox 2358 395 2577 451; x_wconf 90' lang='lat' dir='ltr'><strong>quoque</strong></span> <span class='ocrx_word' id='word_1_26' title='bbox 2609 379 2844 443; x_wconf 83' lang='lat' dir='ltr'><strong>ratione,</strong></span> <span class='ocrx_word' id='word_1_27' title='bbox 2892 390 2952 434; x_wconf 89' lang='lat' dir='ltr'><strong>ut</strong></span> <span class='ocrx_word' id='word_1_28' title='bbox 2993 381 3212 451; x_wconf 83' lang='lat' dir='ltr'><strong>Opinor,</strong></span> <span class='ocrx_word' id='word_1_29' title='bbox 3240 383 3346 438; x_wconf 83' lang='grc' dir='ltr'>Ιιοο</span> <span class='ocrx_word' id='word_1_30' title='bbox 3369 385 3548 455; x_wconf 89' lang='lat' dir='ltr'><strong>ipsum</strong></span> 
     </span>
    </p>
   </div>
   <div class='ocr_carea' id='block_1_6' title="bbox 270 468 1850 546">
    <p class='ocr_par' dir='ltr' id='par_1_6' title="bbox 270 468 1850 546">
     <span class='ocr_line' id='line_1_6' title="bbox 270 468 1850 546; baseline 0.001 -20"><span class='ocrx_word' id='word_1_31' title='bbox 270 490 392 539; x_wconf 86' lang='grc' dir='ltr'>πον,</span> <span class='ocrx_word' id='word_1_32' title='bbox 425 471 488 526; x_wconf 74' lang='grc' dir='ltr'>τὸ</span> <span class='ocrx_word' id='word_1_33' title='bbox 515 471 708 542; x_wconf 80' lang='grc' dir='ltr'><strong>χρῆμα</strong></span> <span class='ocrx_word' id='word_1_34' title='bbox 748 468 906 533; x_wconf 83' lang='grc' dir='ltr'>εἰδὼς</span> <span class='ocrx_word' id='word_1_35' title='bbox 939 473 1041 525; x_wconf 80' lang='grc' dir='ltr'>οὐκ</span> <span class='ocrx_word' id='word_1_36' title='bbox 1091 474 1388 537; x_wconf 81' lang='grc' dir='ltr'>ἀσυντελὲς</span> <span class='ocrx_word' id='word_1_37' title='bbox 1416 477 1496 539; x_wconf 88' lang='grc' dir='ltr'>εἰς</span> <span class='ocrx_word' id='word_1_38' title='bbox 1535 475 1722 546; x_wconf 79' lang='grc' dir='ltr'>ὄνησιν</span> <span class='ocrx_word' id='word_1_39' title='bbox 1752 474 1850 546; x_wconf 79' lang='grc' dir='ltr'>τὴν</span> 
     </span>
    </p>
   </div>
   <div class='ocr_carea' id='block_1_7' title="bbox 267 564 1853 637">
    <p class='ocr_par' dir='ltr' id='par_1_7' title="bbox 267 564 1853 637">
     <span class='ocr_line' id='line_1_7' title="bbox 267 564 1853 637; baseline 0.001 -20"><span class='ocrx_word' id='word_1_40' title='bbox 267 566 344 628; x_wconf 78' lang='grc' dir='ltr'>ὡς</span> <span class='ocrx_word' id='word_1_41' title='bbox 363 565 422 616; x_wconf 74' lang='grc' dir='ltr'>ὲν</span> <span class='ocrx_word' id='word_1_42' title='bbox 448 564 630 633; x_wconf 86' lang='grc' dir='ltr'><strong>νοήσει</strong></span> <span class='ocrx_word' id='word_1_43' title='bbox 660 566 1002 634; x_wconf 84' lang='grc' dir='ltr'>πνευματικῇ</span> <span class='ocrx_word' id='word_1_44' title='bbox 1025 583 1038 596; x_wconf 88' lang='grc'><strong>·</strong></span> <span class='ocrx_word' id='word_1_45' title='bbox 1069 564 1222 629; x_wconf 88' lang='grc' dir='ltr'>σύνες</span> <span class='ocrx_word' id='word_1_46' title='bbox 1250 565 1304 618; x_wconf 83' lang='grc' dir='ltr'>δὲ</span> <span class='ocrx_word' id='word_1_47' title='bbox 1323 565 1350 619; x_wconf 79' lang='grc' dir='ltr'><strong>ὃ</strong></span> <span class='ocrx_word' id='word_1_48' title='bbox 1381 566 1543 637; x_wconf 85' lang='grc' dir='ltr'>φημί.</span> <span class='ocrx_word' id='word_1_49' title='bbox 1563 567 1853 620; x_wconf 84' lang='grc' dir='ltr'>Ἀπεστέλ-</span> 
     </span>
    </p>
   </div>
   <div class='ocr_carea' id='block_1_8' title="bbox 270 652 1853 727">
    <p class='ocr_par' dir='ltr' id='par_1_8' title="bbox 270 652 1853 727">
     <span class='ocr_line' id='line_1_8' title="bbox 270 652 1853 727; baseline 0.001 -20"><span class='ocrx_word' id='word_1_50' title='bbox 270 656 394 708; x_wconf 80' lang='grc' dir='ltr'>λετο</span> <span class='ocrx_word' id='word_1_51' title='bbox 437 653 535 724; x_wconf 85' lang='grc' dir='ltr'>μὲν</span> <span class='ocrx_word' id='word_1_52' title='bbox 567 652 678 724; x_wconf 84' lang='grc' dir='ltr'><strong>γὰρ</strong></span> <span class='ocrx_word' id='word_1_53' title='bbox 711 653 938 722; x_wconf 83' lang='grc' dir='ltr'><strong>Μωσῆς,</strong></span> <span class='ocrx_word' id='word_1_54' title='bbox 963 653 1064 723; x_wconf 83' lang='grc' dir='ltr'>τῆς</span> <span class='ocrx_word' id='word_1_55' title='bbox 1091 655 1149 707; x_wconf 83' lang='grc' dir='ltr'>ἐν</span> <span class='ocrx_word' id='word_1_56' title='bbox 1192 654 1452 726; x_wconf 80' lang='grc' dir='ltr'>Αἰγύπτῳ</span> <span class='ocrx_word' id='word_1_57' title='bbox 1475 655 1853 727; x_wconf 79' lang='grc' dir='ltr'><strong>ταλαιπωρίας</strong></span> 
     </span>
    </p>
   </div>
   <div class='ocr_carea' id='block_1_9' title="bbox 270 744 1852 818">
    <p class='ocr_par' dir='ltr' id='par_1_9' title="bbox 270 744 1852 818">
     <span class='ocr_line' id='line_1_9' title="bbox 270 744 1852 818; baseline -0.001 -18"><span class='ocrx_word' id='word_1_58' title='bbox 270 745 586 816; x_wconf 80' lang='grc' dir='ltr'>ὲκκομίζων</span> <span class='ocrx_word' id='word_1_59' title='bbox 608 746 701 799; x_wconf 80' lang='grc' dir='ltr'>τὸν</span> <span class='ocrx_word' id='word_1_60' title='bbox 745 745 982 816; x_wconf 76' lang='grc' dir='ltr'>Ἰσραήλ.</span> <span class='ocrx_word' id='word_1_61' title='bbox 1016 744 1152 798; x_wconf 82' lang='grc' dir='ltr'>Εἶτα</span> <span class='ocrx_word' id='word_1_62' title='bbox 1183 748 1281 817; x_wconf 80' lang='grc' dir='ltr'>τὴν</span> <span class='ocrx_word' id='word_1_63' title='bbox 1309 747 1598 818; x_wconf 80' lang='grc' dir='ltr'>ἀνθρώπου</span> <span class='ocrx_word' id='word_1_64' title='bbox 1626 747 1852 818; x_wconf 85' lang='grc' dir='ltr'>δύναμιν</span> 
     </span>
    </p>
   </div>
   <div class='ocr_carea' id='block_1_10' title="bbox 273 837 1854 910">
    <p class='ocr_par' dir='ltr' id='par_1_10' title="bbox 273 837 1854 910">
     <span class='ocr_line' id='line_1_10' title="bbox 273 837 1854 910; baseline -0.001 -19"><span class='ocrx_word' id='word_1_65' title='bbox 273 837 722 908; x_wconf 78' lang='grc' dir='ltr'>ὑπερανεστηκὸς</span> <span class='ocrx_word' id='word_1_66' title='bbox 750 838 911 906; x_wconf 78' lang='grc' dir='ltr'>ἄγαν,</span> <span class='ocrx_word' id='word_1_67' title='bbox 950 838 1045 892; x_wconf 77' lang='grc' dir='ltr'><strong>καὶ</strong></span> <span class='ocrx_word' id='word_1_68' title='bbox 1067 837 1210 910; x_wconf 88' lang='grc' dir='ltr'>πέρα</span> <span class='ocrx_word' id='word_1_69' title='bbox 1239 837 1303 909; x_wconf 82' lang='grc' dir='ltr'>δὴ</span> <span class='ocrx_word' id='word_1_70' title='bbox 1328 838 1543 910; x_wconf 85' lang='grc' dir='ltr'>μέτρων</span> <span class='ocrx_word' id='word_1_71' title='bbox 1576 840 1675 909; x_wconf 79' lang='grc' dir='ltr'>τῆς</span> <span class='ocrx_word' id='word_1_72' title='bbox 1703 837 1854 891; x_wconf 84' lang='grc' dir='ltr'>ὲνού-</span> 
     </span>
    </p>
   </div>
   <div class='ocr_carea' id='block_1_11' title="bbox 271 927 1854 1000">
    <p class='ocr_par' dir='ltr' id='par_1_11' title="bbox 271 927 1854 1000">
     <span class='ocr_line' id='line_1_11' title="bbox 271 927 1854 1000; baseline 0 -18"><span class='ocrx_word' id='word_1_73' title='bbox 271 945 374 1000; x_wconf 83' lang='grc' dir='ltr'><strong>σης</strong></span> <span class='ocrx_word' id='word_1_74' title='bbox 406 927 590 999; x_wconf 89' lang='grc' dir='ltr'>ἰσχύος</span> <span class='ocrx_word' id='word_1_75' title='bbox 625 945 684 981; x_wconf 85' lang='grc' dir='ltr'>τε</span> <span class='ocrx_word' id='word_1_76' title='bbox 732 928 826 981; x_wconf 81' lang='grc' dir='ltr'><strong>καὶ</strong></span> <span class='ocrx_word' id='word_1_77' title='bbox 873 928 1207 996; x_wconf 79' lang='grc' dir='ltr'><strong>εὐγλωττίας</strong></span> <span class='ocrx_word' id='word_1_78' title='bbox 1251 929 1398 1000; x_wconf 82' lang='grc' dir='ltr'>αὐτῷ</span> <span class='ocrx_word' id='word_1_79' title='bbox 1448 929 1509 982; x_wconf 87' lang='grc' dir='ltr'>τὺ</span> <span class='ocrx_word' id='word_1_80' title='bbox 1546 929 1854 999; x_wconf 77' lang='grc' dir='ltr'>ἐγχείρημα</span> 
     </span>
    </p>
   </div>
   <div class='ocr_carea' id='block_1_12' title="bbox 270 1019 1852 1092">
    <p class='ocr_par' dir='ltr' id='par_1_12' title="bbox 270 1019 1852 1092">
     <span class='ocr_line' id='line_1_12' title="bbox 270 1019 1852 1092; baseline 0.001 -18"><span class='ocrx_word' id='word_1_81' title='bbox 270 1021 508 1092; x_wconf 83' lang='grc' dir='ltr'><strong>βλέπων,</strong></span> <span class='ocrx_word' id='word_1_82' title='bbox 554 1020 807 1091; x_wconf 79' lang='grc' dir='ltr'><strong>ἐλιπάρει</strong></span> <span class='ocrx_word' id='word_1_83' title='bbox 853 1019 1029 1086; x_wconf 82' lang='grc' dir='ltr'>λέγων</span> <span class='ocrx_word' id='word_1_84' title='bbox 1055 1036 1070 1052; x_wconf 78' lang='grc' dir='ltr'><strong>ο</strong></span> <span class='ocrx_word' id='word_1_85' title='bbox 1109 1040 1127 1072; x_wconf 81' lang='grc' dir='ltr'><strong>ι</strong></span> <span class='ocrx_word' id='word_1_86' title='bbox 1175 1021 1305 1075; x_wconf 78' lang='grc' dir='ltr'>Ἰδοὺ</span> <span class='ocrx_word' id='word_1_87' title='bbox 1342 1021 1443 1074; x_wconf 84' lang='grc' dir='ltr'>οὐκ</span> <span class='ocrx_word' id='word_1_88' title='bbox 1480 1020 1705 1084; x_wconf 77' lang='grc' dir='ltr'>εὖλαλός</span> <span class='ocrx_word' id='word_1_89' title='bbox 1740 1023 1852 1091; x_wconf 83' lang='grc' dir='ltr'><strong>εἰμι</strong></span> 
     </span>
    </p>
   </div>
   <div class='ocr_carea' id='block_1_13' title="bbox 269 1107 1856 1185">
    <p class='ocr_par' dir='ltr' id='par_1_13' title="bbox 269 1107 1856 1185">
     <span class='ocr_line' id='line_1_13' title="bbox 269 1107 1856 1185; baseline -0.001 -18"><span class='ocrx_word' id='word_1_90' title='bbox 269 1112 379 1185; x_wconf 68' lang='grc' dir='ltr'>πρὸ</span> <span class='ocrx_word' id='word_1_91' title='bbox 400 1115 501 1184; x_wconf 83' lang='grc' dir='ltr'>τῆς</span> <span class='ocrx_word' id='word_1_92' title='bbox 525 1113 673 1183; x_wconf 80' lang='grc' dir='ltr'>χθὲς,</span> <span class='ocrx_word' id='word_1_93' title='bbox 703 1112 824 1165; x_wconf 83' lang='grc' dir='ltr'>οὐδὲ</span> <span class='ocrx_word' id='word_1_94' title='bbox 856 1112 962 1184; x_wconf 81' lang='grc' dir='ltr'><strong>πρὸ</strong></span> <span class='ocrx_word' id='word_1_95' title='bbox 985 1111 1084 1183; x_wconf 81' lang='grc' dir='ltr'>τῆς</span> <span class='ocrx_word' id='word_1_96' title='bbox 1112 1113 1321 1183; x_wconf 83' lang='grc' dir='ltr'><strong>τρίτης,</strong></span> <span class='ocrx_word' id='word_1_97' title='bbox 1347 1113 1466 1166; x_wconf 76' lang='grc' dir='ltr'>οὐδὲ</span> <span class='ocrx_word' id='word_1_98' title='bbox 1492 1113 1585 1182; x_wconf 73' lang='grc' dir='ltr'>ἀφ’</span> <span class='ocrx_word' id='word_1_99' title='bbox 1615 1107 1676 1167; x_wconf 79' lang='grc' dir='ltr'><strong>οῦ</strong></span> <span class='ocrx_word' id='word_1_100' title='bbox 1705 1113 1856 1184; x_wconf 71' lang='grc' dir='ltr'><strong>ἤρξω</strong></span> 
     </span>
    </p>
   </div>
   <div class='ocr_carea' id='block_1_14' title="bbox 266 1202 1857 1274">
    <p class='ocr_par' dir='ltr' id='par_1_14' title="bbox 266 1202 1857 1274">
     <span class='ocr_line' id='line_1_14' title="bbox 266 1202 1857 1274; baseline -0.001 -16"><span class='ocrx_word' id='word_1_101' title='bbox 266 1205 453 1258; x_wconf 81' lang='grc' dir='ltr'>λαλεῖν</span> <span class='ocrx_word' id='word_1_102' title='bbox 481 1203 561 1273; x_wconf 82' lang='grc' dir='ltr'><strong>τῷ</strong></span> <span class='ocrx_word' id='word_1_103' title='bbox 581 1202 876 1274; x_wconf 77' lang='grc' dir='ltr'>θεράποντε</span> <span class='ocrx_word' id='word_1_104' title='bbox 901 1220 1018 1264; x_wconf 81' lang='grc' dir='ltr'>σου,</span> <span class='ocrx_word' id='word_1_105' title='bbox 1049 1203 1373 1274; x_wconf 74' lang='grc' dir='ltr'>ἰσχνόφωνος</span> <span class='ocrx_word' id='word_1_106' title='bbox 1391 1205 1483 1257; x_wconf 73' lang='grc' dir='ltr'><strong>καὶ</strong></span> <span class='ocrx_word' id='word_1_107' title='bbox 1507 1203 1857 1274; x_wconf 79' lang='grc' dir='ltr'>βραδύγλωσ-</span> 
     </span>
    </p>
   </div>
   <div class='ocr_carea' id='block_1_15' title="bbox 271 1294 1855 1368">
    <p class='ocr_par' dir='ltr' id='par_1_15' title="bbox 271 1294 1855 1368">
     <span class='ocr_line' id='line_1_15' title="bbox 271 1294 1855 1368; baseline 0.001 -19"><span class='ocrx_word' id='word_1_108' title='bbox 271 1297 364 1360; x_wconf 84' lang='grc' dir='ltr'>σός</span> <span class='ocrx_word' id='word_1_109' title='bbox 397 1298 518 1367; x_wconf 87' lang='grc' dir='ltr'><strong>εἰμι</strong></span> <span class='ocrx_word' id='word_1_110' title='bbox 548 1295 682 1364; x_wconf 73' lang='grc' dir='ltr'><strong>ἐγώ.</strong></span> <span class='ocrx_word' id='word_1_111' title='bbox 725 1315 741 1346; x_wconf 76' lang='grc' dir='ltr'><strong>ι</strong></span> <span class='ocrx_word' id='word_1_112' title='bbox 777 1294 914 1348; x_wconf 84' lang='grc' dir='ltr'>Θεοῦ</span> <span class='ocrx_word' id='word_1_113' title='bbox 950 1295 1007 1348; x_wconf 85' lang='grc' dir='ltr'>δὲ</span> <span class='ocrx_word' id='word_1_114' title='bbox 1050 1296 1187 1368; x_wconf 76' lang='grc' dir='ltr'>πρὸς</span> <span class='ocrx_word' id='word_1_115' title='bbox 1235 1295 1430 1357; x_wconf 86' lang='grc' dir='ltr'>ταῦτα,</span> <span class='ocrx_word' id='word_1_116' title='bbox 1470 1315 1488 1347; x_wconf 81' lang='grc' dir='ltr'><strong>ι</strong></span> <span class='ocrx_word' id='word_1_117' title='bbox 1543 1296 1640 1358; x_wconf 87' lang='grc' dir='ltr'>Τίς</span> <span class='ocrx_word' id='word_1_118' title='bbox 1688 1296 1855 1350; x_wconf 84' lang='grc' dir='ltr'>ἔδωκε</span> 
     </span>
    </p>
   </div>
   <div class='ocr_carea' id='block_1_16' title="bbox 271 1384 1856 1458">
    <p class='ocr_par' dir='ltr' id='par_1_16' title="bbox 271 1384 1856 1458">
     <span class='ocr_line' id='line_1_16' title="bbox 271 1384 1856 1458; baseline 0 -18"><span class='ocrx_word' id='word_1_119' title='bbox 271 1387 454 1458; x_wconf 81' lang='grc' dir='ltr'><strong>στόμα</strong></span> <span class='ocrx_word' id='word_1_120' title='bbox 471 1384 766 1456; x_wconf 80' lang='grc' dir='ltr'>ἀνθρώπῳ,</span> <span class='ocrx_word' id='word_1_121' title='bbox 800 1405 817 1437; x_wconf 73' lang='grc' dir='ltr'><strong>ι</strong></span> <span class='ocrx_word' id='word_1_122' title='bbox 849 1385 1121 1454; x_wconf 90' lang='grc' dir='ltr'>λέγοντος,</span> <span class='ocrx_word' id='word_1_123' title='bbox 1153 1405 1170 1438; x_wconf 83' lang='grc' dir='ltr'><strong>ι</strong></span> <span class='ocrx_word' id='word_1_124' title='bbox 1213 1386 1297 1449; x_wconf 86' lang='grc' dir='ltr'><strong>τίς</strong></span> <span class='ocrx_word' id='word_1_125' title='bbox 1331 1386 1553 1455; x_wconf 81' lang='grc' dir='ltr'>ἐποίησε</span> <span class='ocrx_word' id='word_1_126' title='bbox 1573 1386 1856 1456; x_wconf 73' lang='grc' dir='ltr'><strong>δύσκωφον</strong></span> 
     </span>
    </p>
   </div>
   <div class='ocr_carea' id='block_1_17' title="bbox 268 1478 1857 1551">
    <p class='ocr_par' dir='ltr' id='par_1_17' title="bbox 268 1478 1857 1551">
     <span class='ocr_line' id='line_1_17' title="bbox 268 1478 1857 1551; baseline -0.001 -17"><span class='ocrx_word' id='word_1_127' title='bbox 268 1481 366 1534; x_wconf 78' lang='grc' dir='ltr'>καὶ</span> <span class='ocrx_word' id='word_1_128' title='bbox 389 1480 594 1548; x_wconf 80' lang='grc' dir='ltr'>κωφὸν,</span> <span class='ocrx_word' id='word_1_129' title='bbox 635 1479 899 1550; x_wconf 77' lang='grc' dir='ltr'><strong>βλέποντα</strong></span> <span class='ocrx_word' id='word_1_130' title='bbox 932 1479 1027 1532; x_wconf 83' lang='grc' dir='ltr'><strong>καί</strong></span> <span class='ocrx_word' id='word_1_131' title='bbox 1057 1478 1257 1549; x_wconf 83' lang='grc' dir='ltr'>τυφλόν</span> <span class='ocrx_word' id='word_1_132' title='bbox 1282 1496 1296 1543; x_wconf 89' lang='lat'><strong>;</strong></span> <span class='ocrx_word' id='word_1_133' title='bbox 1334 1479 1435 1532; x_wconf 85' lang='grc' dir='ltr'><strong>οὐκ</strong></span> <span class='ocrx_word' id='word_1_134' title='bbox 1463 1478 1574 1548; x_wconf 73' lang='grc' dir='ltr'><strong>ἐγὼ</strong></span> <span class='ocrx_word' id='word_1_135' title='bbox 1604 1479 1809 1551; x_wconf 85' lang='grc' dir='ltr'>Κύριος</span> <span class='ocrx_word' id='word_1_136' title='bbox 1829 1480 1857 1532; x_wconf 98' lang='lat'><strong>6</strong></span> 
     </span>
    </p>
   </div>
   <div class='ocr_carea' id='block_1_18' title="bbox 268 1569 1856 1642">
    <p class='ocr_par' dir='ltr' id='par_1_18' title="bbox 268 1569 1856 1642">
     <span class='ocr_line' id='line_1_18' title="bbox 268 1569 1856 1642; baseline -0.002 -17"><span class='ocrx_word' id='word_1_137' title='bbox 268 1571 444 1638; x_wconf 86' lang='grc' dir='ltr'><strong>Θεός;</strong></span> <span class='ocrx_word' id='word_1_138' title='bbox 490 1571 584 1625; x_wconf 72' lang='grc' dir='ltr'>καὶ</span> <span class='ocrx_word' id='word_1_139' title='bbox 612 1569 707 1624; x_wconf 91' lang='grc' dir='ltr'><strong>νῦν</strong></span> <span class='ocrx_word' id='word_1_140' title='bbox 755 1569 1012 1642; x_wconf 78' lang='grc' dir='ltr'>πορεύου,</span> <span class='ocrx_word' id='word_1_141' title='bbox 1052 1571 1146 1624; x_wconf 71' lang='grc' dir='ltr'>καὶ</span> <span class='ocrx_word' id='word_1_142' title='bbox 1177 1569 1287 1638; x_wconf 80' lang='grc' dir='ltr'><strong>ἐγὼ</strong></span> <span class='ocrx_word' id='word_1_143' title='bbox 1339 1572 1534 1638; x_wconf 79' lang='grc' dir='ltr'>ἀνοίξω</span> <span class='ocrx_word' id='word_1_144' title='bbox 1571 1572 1632 1625; x_wconf 79' lang='grc' dir='ltr'>τὸ</span> <span class='ocrx_word' id='word_1_145' title='bbox 1686 1571 1856 1641; x_wconf 81' lang='grc' dir='ltr'><strong>στόμα</strong></span> 
     </span>
    </p>
   </div>
   <div class='ocr_carea' id='block_1_19' title="bbox 273 1659 1850 1733">
    <p class='ocr_par' dir='ltr' id='par_1_19' title="bbox 273 1659 1850 1733">
     <span class='ocr_line' id='line_1_19' title="bbox 273 1659 1850 1733; baseline -0.002 -17"><span class='ocrx_word' id='word_1_146' title='bbox 273 1680 387 1717; x_wconf 87' lang='grc' dir='ltr'>σου.</span> <span class='ocrx_word' id='word_1_147' title='bbox 441 1681 460 1714; x_wconf 68' lang='grc' dir='ltr'><strong>ι</strong></span> <span class='ocrx_word' id='word_1_148' title='bbox 495 1663 606 1733; x_wconf 76' lang='grc' dir='ltr'><strong>Τῆς</strong></span> <span class='ocrx_word' id='word_1_149' title='bbox 651 1662 762 1714; x_wconf 84' lang='grc' dir='ltr'><strong>τῶν</strong></span> <span class='ocrx_word' id='word_1_150' title='bbox 803 1661 1244 1732; x_wconf 84' lang='grc' dir='ltr'><strong>κατορθωμάτων</strong></span> <span class='ocrx_word' id='word_1_151' title='bbox 1283 1661 1560 1733; x_wconf 82' lang='grc' dir='ltr'><strong>ὑπεροχῆς</strong></span> <span class='ocrx_word' id='word_1_152' title='bbox 1601 1659 1850 1733; x_wconf 80' lang='grc' dir='ltr'><strong>ἡττώμε-</strong></span> 
     </span>
    </p>
   </div>
   <div class='ocr_carea' id='block_1_20' title="bbox 1958 471 3552 543">
    <p class='ocr_par' dir='ltr' id='par_1_20' title="bbox 1958 471 3552 543">
     <span class='ocr_line' id='line_1_20' title="bbox 1958 471 3552 543; baseline 0.003 -15"><span class='ocrx_word' id='word_1_153' title='bbox 1958 473 2024 528; x_wconf 88' lang='lat' dir='ltr'><strong>ad</strong></span> <span class='ocrx_word' id='word_1_154' title='bbox 2075 471 2380 543; x_wconf 81' lang='lat' dir='ltr'><strong>Spiritualis</strong></span> <span class='ocrx_word' id='word_1_155' title='bbox 2411 473 2785 542; x_wconf 68' lang='lat' dir='ltr'><strong>intelligentiae</strong></span> <span class='ocrx_word' id='word_1_156' title='bbox 2810 472 3050 527; x_wconf 88' lang='lat' dir='ltr'><strong>fructum</strong></span> <span class='ocrx_word' id='word_1_157' title='bbox 3084 475 3334 530; x_wconf 90' lang='lat' dir='ltr'><strong>nonnihil</strong></span> <span class='ocrx_word' id='word_1_158' title='bbox 3368 476 3552 533; x_wconf 88' lang='lat' dir='ltr'><strong>valere</strong></span> 
     </span>
    </p>
   </div>
   <div class='ocr_carea' id='block_1_21' title="bbox 1959 561 3546 632">
    <p class='ocr_par' dir='ltr' id='par_1_21' title="bbox 1959 561 3546 632">
     <span class='ocr_line' id='line_1_21' title="bbox 1959 561 3546 632; baseline 0.002 -14"><span class='ocrx_word' id='word_1_159' title='bbox 1959 563 2176 628; x_wconf 90' lang='lat' dir='ltr'><strong>sciens;</strong></span> <span class='ocrx_word' id='word_1_160' title='bbox 2213 561 2308 617; x_wconf 91' lang='lat' dir='ltr'><strong>sed</strong></span> <span class='ocrx_word' id='word_1_161' title='bbox 2347 562 2495 632; x_wconf 93' lang='lat' dir='ltr'><strong>quod</strong></span> <span class='ocrx_word' id='word_1_162' title='bbox 2552 561 2803 618; x_wconf 91' lang='lat' dir='ltr'><strong>dicturus</strong></span> <span class='ocrx_word' id='word_1_163' title='bbox 2847 578 2967 616; x_wconf 92' lang='lat' dir='ltr'><strong>sum</strong></span> <span class='ocrx_word' id='word_1_164' title='bbox 2993 604 3007 628; x_wconf 92' lang='lat'><strong>,</strong></span> <span class='ocrx_word' id='word_1_165' title='bbox 3061 563 3314 619; x_wconf 80' lang='lat' dir='ltr'><strong>advertas</strong></span> <span class='ocrx_word' id='word_1_166' title='bbox 3361 567 3546 622; x_wconf 84' lang='lat' dir='ltr'><strong>velim.</strong></span> 
     </span>
    </p>
   </div>
   <div class='ocr_carea' id='block_1_22' title="bbox 1959 652 3550 727">
    <p class='ocr_par' dir='ltr' id='par_1_22' title="bbox 1959 652 3550 727">
     <span class='ocr_line' id='line_1_22' title="bbox 1959 652 3550 727; baseline 0.003 -19"><span class='ocrx_word' id='word_1_167' title='bbox 1959 654 2276 708; x_wconf 85' lang='lat' dir='ltr'><strong>Mittebatur</strong></span> <span class='ocrx_word' id='word_1_168' title='bbox 2305 668 2543 722; x_wconf 87' lang='lat' dir='ltr'><strong>namque</strong></span> <span class='ocrx_word' id='word_1_169' title='bbox 2566 652 2797 725; x_wconf 78' lang='lat' dir='ltr'><strong>Moyses,</strong></span> <span class='ocrx_word' id='word_1_170' title='bbox 2838 663 2898 708; x_wconf 91' lang='lat' dir='ltr'><strong>ut</strong></span> <span class='ocrx_word' id='word_1_171' title='bbox 2927 670 2994 708; x_wconf 77' lang='lat' dir='ltr'><strong>ex</strong></span> <span class='ocrx_word' id='word_1_172' title='bbox 3014 653 3229 727; x_wconf 66' lang='lat' dir='ltr'><strong>Egypti</strong></span> <span class='ocrx_word' id='word_1_173' title='bbox 3253 655 3550 712; x_wconf 80' lang='lat' dir='ltr'><strong>afflictione</strong></span> 
     </span>
    </p>
   </div>
   <div class='ocr_carea' id='block_1_23' title="bbox 1960 743 3551 814">
    <p class='ocr_par' dir='ltr' id='par_1_23' title="bbox 1960 743 3551 814">
     <span class='ocr_line' id='line_1_23' title="bbox 1960 743 3551 814; baseline 0.003 -16"><span class='ocrx_word' id='word_1_174' title='bbox 1960 744 2216 798; x_wconf 88' lang='lat' dir='ltr'><strong>Israelem</strong></span> <span class='ocrx_word' id='word_1_175' title='bbox 2251 743 2518 798; x_wconf 86' lang='lat' dir='ltr'><strong>educeret</strong></span> <span class='ocrx_word' id='word_1_176' title='bbox 2545 761 2558 809; x_wconf 87' lang='lat'><strong>;</strong></span> <span class='ocrx_word' id='word_1_177' title='bbox 2592 744 2686 814; x_wconf 92' lang='lat' dir='ltr'><strong>qni</strong></span> <span class='ocrx_word' id='word_1_178' title='bbox 2713 761 2837 799; x_wconf 91' lang='lat' dir='ltr'><strong>cum</strong></span> <span class='ocrx_word' id='word_1_179' title='bbox 2861 746 3117 802; x_wconf 85' lang='lat' dir='ltr'><strong>humanis</strong></span> <span class='ocrx_word' id='word_1_180' title='bbox 3140 747 3353 802; x_wconf 90' lang='lat' dir='ltr'><strong>viribus</strong></span> <span class='ocrx_word' id='word_1_181' title='bbox 3376 749 3551 803; x_wconf 91' lang='lat' dir='ltr'><strong>multo</strong></span> 
     </span>
    </p>
   </div>
   <div class='ocr_carea' id='block_1_24' title="bbox 1961 834 3551 910">
    <p class='ocr_par' dir='ltr' id='par_1_24' title="bbox 1961 834 3551 910">
     <span class='ocr_line' id='line_1_24' title="bbox 1961 834 3551 910; baseline 0.003 -22"><span class='ocrx_word' id='word_1_182' title='bbox 1961 834 2331 899; x_wconf 85' lang='lat' dir='ltr'><strong>antecellere,</strong></span> <span class='ocrx_word' id='word_1_183' title='bbox 2386 850 2609 904; x_wconf 81' lang='lat' dir='ltr'><strong>suaeque</strong></span> <span class='ocrx_word' id='word_1_184' title='bbox 2677 836 2953 893; x_wconf 80' lang='lat' dir='ltr'><strong>facultatis</strong></span> <span class='ocrx_word' id='word_1_185' title='bbox 3005 849 3168 910; x_wconf 88' lang='lat' dir='ltr'><strong>atque</strong></span> <span class='ocrx_word' id='word_1_186' title='bbox 3223 841 3551 910; x_wconf 62' lang='lat' dir='ltr'><strong>eloquentia:</strong></span> 
     </span>
    </p>
   </div>
   <div class='ocr_carea' id='block_1_25' title="bbox 1961 926 3552 1003">
    <p class='ocr_par' dir='ltr' id='par_1_25' title="bbox 1961 926 3552 1003">
     <span class='ocr_line' id='line_1_25' title="bbox 1961 926 3552 1003; baseline 0.004 -24"><span class='ocrx_word' id='word_1_187' title='bbox 1961 926 2187 980; x_wconf 90' lang='lat' dir='ltr'><strong>modum</strong></span> <span class='ocrx_word' id='word_1_188' title='bbox 2237 941 2498 996; x_wconf 91' lang='lat' dir='ltr'><strong>superare</strong></span> <span class='ocrx_word' id='word_1_189' title='bbox 2539 926 2672 981; x_wconf 92' lang='lat' dir='ltr'><strong>illud</strong></span> <span class='ocrx_word' id='word_1_190' title='bbox 2715 943 2852 998; x_wconf 83' lang='lat' dir='ltr'><strong>Opus</strong></span> <span class='ocrx_word' id='word_1_191' title='bbox 2898 930 3267 1001; x_wconf 81' lang='lat' dir='ltr'><strong>intelligeret,</strong></span> <span class='ocrx_word' id='word_1_192' title='bbox 3325 933 3552 1003; x_wconf 82' lang='lat' dir='ltr'><strong>rogabat</strong></span> 
     </span>
    </p>
   </div>
   <div class='ocr_carea' id='block_1_26' title="bbox 1961 1018 3548 1088">
    <p class='ocr_par' dir='ltr' id='par_1_26' title="bbox 1961 1018 3548 1088">
     <span class='ocr_line' id='line_1_26' title="bbox 1961 1018 3548 1088; baseline 0.004 -16"><span class='ocrx_word' id='word_1_193' title='bbox 1961 1018 2150 1073; x_wconf 90' lang='lat' dir='ltr'><strong>dicens</strong></span> <span class='ocrx_word' id='word_1_194' title='bbox 2185 1036 2199 1072; x_wconf 89' lang='lat'>:</span> <span class='ocrx_word' id='word_1_195' title='bbox 2237 1037 2254 1068; x_wconf 78' lang='grc' dir='ltr'><strong>ι</strong></span> <span class='ocrx_word' id='word_1_196' title='bbox 2293 1018 2434 1072; x_wconf 90' lang='lat' dir='ltr'><strong>Ecce</strong></span> <span class='ocrx_word' id='word_1_197' title='bbox 2467 1033 2576 1072; x_wconf 90' lang='lat' dir='ltr'><strong>non</strong></span> <span class='ocrx_word' id='word_1_198' title='bbox 2600 1034 2718 1073; x_wconf 92' lang='lat' dir='ltr'><strong>sum</strong></span> <span class='ocrx_word' id='word_1_199' title='bbox 2759 1020 3022 1088; x_wconf 85' lang='lat' dir='ltr'><strong>eloquens</strong></span> <span class='ocrx_word' id='word_1_200' title='bbox 3049 1032 3174 1078; x_wconf 87' lang='lat' dir='ltr'><strong>ante</strong></span> <span class='ocrx_word' id='word_1_201' title='bbox 3207 1023 3548 1086; x_wconf 89' lang='lat' dir='ltr'><strong>hesternum,</strong></span> 
     </span>
    </p>
   </div>
   <div class='ocr_carea' id='block_1_27' title="bbox 1943 1109 3552 1187">
    <p class='ocr_par' dir='ltr' id='par_1_27' title="bbox 1943 1109 3552 1187">
     <span class='ocr_line' id='line_1_27' title="bbox 1943 1109 3552 1187; baseline 0.007 -26"><span class='ocrx_word' id='word_1_202' title='bbox 1943 1123 2141 1178; x_wconf 80' lang='lat' dir='ltr'><strong>neque</strong></span> <span class='ocrx_word' id='word_1_203' title='bbox 2194 1117 2319 1163; x_wconf 86' lang='lat' dir='ltr'><strong>ante</strong></span> <span class='ocrx_word' id='word_1_204' title='bbox 2368 1109 2573 1164; x_wconf 90' lang='lat' dir='ltr'><strong>nudius</strong></span> <span class='ocrx_word' id='word_1_205' title='bbox 2620 1110 2915 1164; x_wconf 89' lang='lat' dir='ltr'><strong>tertianum</strong></span> <span class='ocrx_word' id='word_1_206' title='bbox 2947 1112 3114 1178; x_wconf 87' lang='lat' dir='ltr'><strong>diem,</strong></span> <span class='ocrx_word' id='word_1_207' title='bbox 3143 1130 3321 1184; x_wconf 88' lang='lat' dir='ltr'><strong>neque</strong></span> <span class='ocrx_word' id='word_1_208' title='bbox 3351 1131 3416 1171; x_wconf 82' lang='lat' dir='ltr'><strong>ex</strong></span> <span class='ocrx_word' id='word_1_209' title='bbox 3443 1133 3552 1187; x_wconf 89' lang='lat' dir='ltr'><strong>quo</strong></span> 
     </span>
    </p>
   </div>
   <div class='ocr_carea' id='block_1_28' title="bbox 1963 1201 3552 1278">
    <p class='ocr_par' dir='ltr' id='par_1_28' title="bbox 1963 1201 3552 1278">
     <span class='ocr_line' id='line_1_28' title="bbox 1963 1201 3552 1278; baseline 0.004 -22"><span class='ocrx_word' id='word_1_210' title='bbox 1963 1201 2178 1270; x_wconf 89' lang='lat' dir='ltr'><strong>coepisti</strong></span> <span class='ocrx_word' id='word_1_211' title='bbox 2232 1201 2383 1271; x_wconf 86' lang='lat' dir='ltr'><strong>loqui</strong></span> <span class='ocrx_word' id='word_1_212' title='bbox 2434 1202 2502 1256; x_wconf 90' lang='lat' dir='ltr'><strong>ad</strong></span> <span class='ocrx_word' id='word_1_213' title='bbox 2563 1218 2786 1256; x_wconf 85' lang='lat' dir='ltr'><strong>servum</strong></span> <span class='ocrx_word' id='word_1_214' title='bbox 2837 1213 3038 1269; x_wconf 86' lang='lat' dir='ltr'><strong>tuum;</strong></span> <span class='ocrx_word' id='word_1_215' title='bbox 3077 1206 3264 1275; x_wconf 82' lang='lat' dir='ltr'><strong>gracili</strong></span> <span class='ocrx_word' id='word_1_216' title='bbox 3315 1223 3552 1278; x_wconf 85' lang='lat' dir='ltr'><strong>namque</strong></span> 
     </span>
    </p>
   </div>
   <div class='ocr_carea' id='block_1_29' title="bbox 1962 1293 3554 1368">
    <p class='ocr_par' dir='ltr' id='par_1_29' title="bbox 1962 1293 3554 1368">
     <span class='ocr_line' id='line_1_29' title="bbox 1962 1293 3554 1368; baseline 0.007 -22"><span class='ocrx_word' id='word_1_217' title='bbox 1962 1308 2096 1347; x_wconf 85' lang='lat' dir='ltr'><strong>voce</strong></span> <span class='ocrx_word' id='word_1_218' title='bbox 2153 1309 2215 1347; x_wconf 91' lang='lat' dir='ltr'><strong>ac</strong></span> <span class='ocrx_word' id='word_1_219' title='bbox 2247 1293 2434 1365; x_wconf 84' lang='lat' dir='ltr'><strong>lingua</strong></span> <span class='ocrx_word' id='word_1_220' title='bbox 2459 1294 2702 1349; x_wconf 83' lang='lat' dir='ltr'><strong>tardiore</strong></span> <span class='ocrx_word' id='word_1_221' title='bbox 2727 1312 2848 1349; x_wconf 89' lang='lat' dir='ltr'><strong>sum</strong></span> <span class='ocrx_word' id='word_1_222' title='bbox 2876 1313 2977 1368; x_wconf 89' lang='lat' dir='ltr'><strong>ego</strong></span> <span class='ocrx_word' id='word_1_223' title='bbox 3003 1298 3067 1350; x_wconf 75' lang='grc' dir='ltr'><strong>ὀ.</strong></span> <span class='ocrx_word' id='word_1_224' title='bbox 3103 1318 3122 1349; x_wconf 76' lang='grc' dir='ltr'><strong>ι</strong></span> <span class='ocrx_word' id='word_1_225' title='bbox 3161 1298 3243 1353; x_wconf 88' lang='lat' dir='ltr'><strong>Ad</strong></span> <span class='ocrx_word' id='word_1_226' title='bbox 3265 1299 3381 1355; x_wconf 71' lang='lat' dir='ltr'><strong>haec</strong></span> <span class='ocrx_word' id='word_1_227' title='bbox 3408 1302 3554 1356; x_wconf 88' lang='lat' dir='ltr'><strong>Deus</strong></span> 
     </span>
    </p>
   </div>
   <div class='ocr_carea' id='block_1_30' title="bbox 1964 1383 3556 1462">
    <p class='ocr_par' dir='ltr' id='par_1_30' title="bbox 1964 1383 3556 1462">
     <span class='ocr_line' id='line_1_30' title="bbox 1964 1383 3556 1462; baseline 0.007 -24"><span class='ocrx_word' id='word_1_228' title='bbox 1964 1399 2089 1438; x_wconf 92' lang='lat' dir='ltr'><strong>cum</strong></span> <span class='ocrx_word' id='word_1_229' title='bbox 2117 1383 2363 1440; x_wconf 88' lang='lat' dir='ltr'><strong>diceret:</strong></span> <span class='ocrx_word' id='word_1_230' title='bbox 2402 1405 2420 1436; x_wconf 90' lang='grc'><strong><em>‹</em></strong></span> <span class='ocrx_word' id='word_1_231' title='bbox 2457 1385 2594 1452; x_wconf 88' lang='lat' dir='ltr'><strong>Quis</strong></span> <span class='ocrx_word' id='word_1_232' title='bbox 2641 1387 2795 1444; x_wconf 90' lang='lat' dir='ltr'><strong>dedit</strong></span> <span class='ocrx_word' id='word_1_233' title='bbox 2827 1405 2888 1443; x_wconf 94' lang='lat' dir='ltr'><strong>os</strong></span> <span class='ocrx_word' id='word_1_234' title='bbox 2920 1389 3251 1446; x_wconf 87' lang='lat' dir='ltr'><strong>homini?et</strong></span> <span class='ocrx_word' id='word_1_235' title='bbox 3276 1392 3400 1462; x_wconf 91' lang='lat' dir='ltr'><strong>quis</strong></span> <span class='ocrx_word' id='word_1_236' title='bbox 3424 1392 3556 1450; x_wconf 89' lang='lat' dir='ltr'><strong>fecit</strong></span> 
     </span>
    </p>
   </div>
   <div class='ocr_carea' id='block_1_31' title="bbox 1965 1475 3554 1544">
    <p class='ocr_par' dir='ltr' id='par_1_31' title="bbox 1965 1475 3554 1544">
     <span class='ocr_line' id='line_1_31' title="bbox 1965 1475 3554 1544; baseline 0.006 -15"><span class='ocrx_word' id='word_1_237' title='bbox 1965 1475 2193 1530; x_wconf 89' lang='lat' dir='ltr'><strong>surdum</strong></span> <span class='ocrx_word' id='word_1_238' title='bbox 2239 1492 2302 1532; x_wconf 89' lang='lat' dir='ltr'><strong>ac</strong></span> <span class='ocrx_word' id='word_1_239' title='bbox 2350 1487 2585 1544; x_wconf 87' lang='lat' dir='ltr'><strong>mutum,</strong></span> <span class='ocrx_word' id='word_1_240' title='bbox 2639 1479 2916 1535; x_wconf 83' lang='lat' dir='ltr'><strong>videntem</strong></span> <span class='ocrx_word' id='word_1_241' title='bbox 2974 1496 3037 1536; x_wconf 93' lang='lat' dir='ltr'><strong>ac</strong></span> <span class='ocrx_word' id='word_1_242' title='bbox 3083 1485 3334 1538; x_wconf 67' lang='lat' dir='ltr'><strong>caecum?</strong></span> <span class='ocrx_word' id='word_1_243' title='bbox 3373 1500 3554 1539; x_wconf 88' lang='lat' dir='ltr'><strong>nonne</strong></span> 
     </span>
    </p>
   </div>
   <div class='ocr_carea' id='block_1_32' title="bbox 1963 1569 3553 1646">
    <p class='ocr_par' dir='ltr' id='par_1_32' title="bbox 1963 1569 3553 1646">
     <span class='ocr_line' id='line_1_32' title="bbox 1963 1569 3553 1646; baseline 0.006 -23"><span class='ocrx_word' id='word_1_244' title='bbox 1963 1583 2064 1639; x_wconf 90' lang='lat' dir='ltr'><strong>ego</strong></span> <span class='ocrx_word' id='word_1_245' title='bbox 2099 1569 2365 1626; x_wconf 91' lang='lat' dir='ltr'><strong>Dominus</strong></span> <span class='ocrx_word' id='word_1_246' title='bbox 2404 1571 2590 1626; x_wconf 87' lang='lat' dir='ltr'><strong>Deus?</strong></span> <span class='ocrx_word' id='word_1_247' title='bbox 2623 1571 2690 1626; x_wconf 89' lang='lat' dir='ltr'><strong>Et</strong></span> <span class='ocrx_word' id='word_1_248' title='bbox 2712 1589 2861 1628; x_wconf 91' lang='lat' dir='ltr'><strong>nunc</strong></span> <span class='ocrx_word' id='word_1_249' title='bbox 2897 1573 3056 1638; x_wconf 89' lang='lat' dir='ltr'><strong>vade,</strong></span> <span class='ocrx_word' id='word_1_250' title='bbox 3090 1583 3145 1628; x_wconf 90' lang='lat' dir='ltr'><strong>et</strong></span> <span class='ocrx_word' id='word_1_251' title='bbox 3185 1591 3286 1645; x_wconf 91' lang='lat' dir='ltr'><strong>ego</strong></span> <span class='ocrx_word' id='word_1_252' title='bbox 3312 1579 3553 1646; x_wconf 90' lang='lat' dir='ltr'><strong>aperiam</strong></span> 
     </span>
    </p>
   </div>
   <div class='ocr_carea' id='block_1_33' title="bbox 1965 1663 3554 1738">
    <p class='ocr_par' dir='ltr' id='par_1_33' title="bbox 1965 1663 3554 1738">
     <span class='ocr_line' id='line_1_33' title="bbox 1965 1663 3554 1738; baseline 0.004 -22"><span class='ocrx_word' id='word_1_253' title='bbox 1965 1676 2028 1716; x_wconf 90' lang='lat' dir='ltr'><strong>os</strong></span> <span class='ocrx_word' id='word_1_254' title='bbox 2078 1670 2234 1716; x_wconf 90' lang='lat' dir='ltr'><strong>tuum</strong></span> <span class='ocrx_word' id='word_1_255' title='bbox 2268 1663 2336 1727; x_wconf 68' lang='grc' dir='ltr'><strong>θ’,</strong></span> <span class='ocrx_word' id='word_1_256' title='bbox 2372 1683 2390 1714; x_wconf 74' lang='grc' dir='ltr'><strong>ι</strong></span> <span class='ocrx_word' id='word_1_257' title='bbox 2444 1664 2536 1718; x_wconf 91' lang='lat' dir='ltr'><strong>ille</strong></span> <span class='ocrx_word' id='word_1_258' title='bbox 2572 1663 2735 1719; x_wconf 77' lang='lat' dir='ltr'><strong>ofﬁcii</strong></span> <span class='ocrx_word' id='word_1_259' title='bbox 2775 1665 3152 1735; x_wconf 84' lang='lat' dir='ltr'><strong>magnitudine</strong></span> <span class='ocrx_word' id='word_1_260' title='bbox 3196 1667 3394 1732; x_wconf 90' lang='lat' dir='ltr'><strong>victus,</strong></span> <span class='ocrx_word' id='word_1_261' title='bbox 3429 1684 3554 1738; x_wconf 81' lang='lat' dir='ltr'><strong>per-</strong></span> 
     </span>
    </p>
   </div>
   <div class='ocr_carea' id='block_1_34' title="bbox 271 1747 1863 1830">
    <p class='ocr_par' dir='ltr' id='par_1_34' title="bbox 271 1753 1852 1825">
     <span class='ocr_line' id='line_1_34' title="bbox 271 1753 1852 1825; baseline -0.001 -19"><span class='ocrx_word' id='word_1_262' title='bbox 271 1771 380 1818; x_wconf 85' lang='grc' dir='ltr'>νος,</span> <span class='ocrx_word' id='word_1_263' title='bbox 405 1753 595 1807; x_wconf 75' lang='grc' dir='ltr'>ἐδεδίει</span> <span class='ocrx_word' id='word_1_264' title='bbox 620 1753 800 1819; x_wconf 87' lang='grc' dir='ltr'>πάλιν,</span> <span class='ocrx_word' id='word_1_265' title='bbox 847 1753 940 1807; x_wconf 74' lang='grc' dir='ltr'><strong>καὶ</strong></span> <span class='ocrx_word' id='word_1_266' title='bbox 979 1753 1044 1825; x_wconf 84' lang='grc' dir='ltr'>δὴ</span> <span class='ocrx_word' id='word_1_267' title='bbox 1092 1753 1378 1823; x_wconf 69' lang='grc' dir='ltr'>έφασκε,ῗι</span> <span class='ocrx_word' id='word_1_268' title='bbox 1406 1753 1631 1825; x_wconf 87' lang='grc' dir='ltr'>Δέομαι,</span> <span class='ocrx_word' id='word_1_269' title='bbox 1658 1753 1852 1824; x_wconf 85' lang='grc' dir='ltr'>Κύριε,</span> 
     </span>
    </p>
   </div>
   <div class='ocr_carea' id='block_1_35' title="bbox 1971 1747 3554 1830">
    <p class='ocr_par' dir='ltr' id='par_1_35' title="bbox 1971 1753 3554 1830">
     <span class='ocr_line' id='line_1_35' title="bbox 1971 1753 3554 1830; baseline 0.005 -24"><span class='ocrx_word' id='word_1_270' title='bbox 1971 1753 2146 1807; x_wconf 75' lang='lat' dir='ltr'><strong>timuit</strong></span> <span class='ocrx_word' id='word_1_271' title='bbox 2168 1753 2390 1819; x_wconf 90' lang='lat' dir='ltr'><strong>iterum,</strong></span> <span class='ocrx_word' id='word_1_272' title='bbox 2432 1770 2496 1809; x_wconf 88' lang='lat' dir='ltr'><strong>ac</strong></span> <span class='ocrx_word' id='word_1_273' title='bbox 2532 1754 2710 1809; x_wconf 83' lang='lat' dir='ltr'><strong>dixit:</strong></span> <span class='ocrx_word' id='word_1_274' title='bbox 2755 1775 2773 1807; x_wconf 86' lang='grc'><strong><em>‹</em></strong></span> <span class='ocrx_word' id='word_1_275' title='bbox 2808 1755 3072 1826; x_wconf 77' lang='lat' dir='ltr'><strong>Obsecro,</strong></span> <span class='ocrx_word' id='word_1_276' title='bbox 3111 1757 3363 1823; x_wconf 92' lang='lat' dir='ltr'><strong>Domine,</strong></span> <span class='ocrx_word' id='word_1_277' title='bbox 3413 1759 3554 1830; x_wconf 81' lang='lat' dir='ltr'><strong>elige</strong></span> 
     </span>
    </p>
   </div>
   <div class='ocr_carea' id='block_1_36' title="bbox 273 1845 1853 1920">
    <p class='ocr_par' dir='ltr' id='par_1_36' title="bbox 273 1845 1853 1920">
     <span class='ocr_line' id='line_1_36' title="bbox 273 1845 1853 1920; baseline -0.002 -20"><span class='ocrx_word' id='word_1_278' title='bbox 273 1847 622 1920; x_wconf 83' lang='grc' dir='ltr'>προχείρισαι</span> <span class='ocrx_word' id='word_1_279' title='bbox 666 1846 825 1900; x_wconf 74' lang='grc' dir='ltr'>ἄλλον</span> <span class='ocrx_word' id='word_1_280' title='bbox 845 1889 861 1913; x_wconf 88' lang='grc'><strong>,</strong></span> <span class='ocrx_word' id='word_1_281' title='bbox 899 1847 992 1900; x_wconf 86' lang='grc' dir='ltr'>τὸν</span> <span class='ocrx_word' id='word_1_282' title='bbox 1018 1846 1334 1917; x_wconf 83' lang='grc' dir='ltr'>δυνάμενον,</span> <span class='ocrx_word' id='word_1_283' title='bbox 1362 1845 1420 1898; x_wconf 82' lang='grc' dir='ltr'>ὃν</span> <span class='ocrx_word' id='word_1_284' title='bbox 1450 1845 1788 1910; x_wconf 87' lang='grc' dir='ltr'>ἀποστελεῖς.</span> <span class='ocrx_word' id='word_1_285' title='bbox 1835 1865 1853 1897; x_wconf 73' lang='grc' dir='ltr'><strong>ι</strong></span> 
     </span>
    </p>
   </div>
   <div class='ocr_carea' id='block_1_37' title="bbox 275 1937 1858 2012">
    <p class='ocr_par' dir='ltr' id='par_1_37' title="bbox 275 1937 1858 2012">
     <span class='ocr_line' id='line_1_37' title="bbox 275 1937 1858 2012; baseline -0.002 -19"><span class='ocrx_word' id='word_1_286' title='bbox 275 1939 696 2012; x_wconf 78' lang='grc' dir='ltr'>Προεχειρίζετο</span> <span class='ocrx_word' id='word_1_287' title='bbox 729 1937 786 1991; x_wconf 80' lang='grc' dir='ltr'>δὲ</span> <span class='ocrx_word' id='word_1_288' title='bbox 828 1938 889 1992; x_wconf 82' lang='grc' dir='ltr'><strong>τὸ</strong></span> <span class='ocrx_word' id='word_1_289' title='bbox 917 1937 1176 2008; x_wconf 86' lang='grc' dir='ltr'><strong>τηνικάδε</strong></span> <span class='ocrx_word' id='word_1_290' title='bbox 1225 1937 1357 2000; x_wconf 84' lang='grc' dir='ltr'>Θεὸς</span> <span class='ocrx_word' id='word_1_291' title='bbox 1401 1937 1743 2008; x_wconf 83' lang='grc' dir='ltr'>παραχρῆμα</span> <span class='ocrx_word' id='word_1_292' title='bbox 1766 1937 1858 1990; x_wconf 84' lang='grc' dir='ltr'>τὸν</span> 
     </span>
    </p>
   </div>
   <div class='ocr_carea' id='block_1_38' title="bbox 284 2027 1858 2104">
    <p class='ocr_par' dir='ltr' id='par_1_38' title="bbox 284 2027 1858 2104">
     <span class='ocr_line' id='line_1_38' title="bbox 284 2027 1858 2104; baseline -0.003 -18"><span class='ocrx_word' id='word_1_293' title='bbox 284 2031 521 2104; x_wconf 78' lang='grc' dir='ltr'>’Δαρὼν,</span> <span class='ocrx_word' id='word_1_294' title='bbox 571 2033 650 2096; x_wconf 87' lang='grc' dir='ltr'><strong>είς</strong></span> <span class='ocrx_word' id='word_1_295' title='bbox 695 2030 862 2084; x_wconf 86' lang='grc' dir='ltr'>τύπον</span> <span class='ocrx_word' id='word_1_296' title='bbox 900 2029 996 2082; x_wconf 88' lang='grc' dir='ltr'><strong>τοῦ</strong></span> <span class='ocrx_word' id='word_1_297' title='bbox 1046 2029 1224 2083; x_wconf 69' lang='grc' dir='ltr'>πάντα</span> <span class='ocrx_word' id='word_1_298' title='bbox 1273 2030 1512 2093; x_wconf 81' lang='grc' dir='ltr'><strong>εὐκόλως</strong></span> <span class='ocrx_word' id='word_1_299' title='bbox 1561 2027 1858 2100; x_wconf 75' lang='grc' dir='ltr'><strong>κατορθοῦν</strong></span> 
     </span>
    </p>
   </div>
   <div class='ocr_carea' id='block_1_39' title="bbox 274 2119 1856 2196">
    <p class='ocr_par' dir='ltr' id='par_1_39' title="bbox 274 2119 1856 2196">
     <span class='ocr_line' id='line_1_39' title="bbox 274 2119 1856 2196; baseline -0.006 -19"><span class='ocrx_word' id='word_1_300' title='bbox 274 2123 479 2187; x_wconf 74' lang='grc' dir='ltr'>εἰδότος</span> <span class='ocrx_word' id='word_1_301' title='bbox 497 2121 758 2196; x_wconf 78' lang='grc' dir='ltr'><strong>Χριστοῦ·</strong></span> <span class='ocrx_word' id='word_1_302' title='bbox 785 2120 1122 2192; x_wconf 84' lang='grc' dir='ltr'>λελύτρωται</span> <span class='ocrx_word' id='word_1_303' title='bbox 1144 2119 1199 2173; x_wconf 78' lang='grc' dir='ltr'>δὲ</span> <span class='ocrx_word' id='word_1_304' title='bbox 1222 2121 1320 2191; x_wconf 80' lang='grc' dir='ltr'><strong>οὐχ</strong></span> <span class='ocrx_word' id='word_1_305' title='bbox 1346 2119 1548 2191; x_wconf 81' lang='grc' dir='ltr'>ἑτέρως</span> <span class='ocrx_word' id='word_1_306' title='bbox 1567 2122 1594 2172; x_wconf 85' lang='grc' dir='ltr'>ὀ</span> <span class='ocrx_word' id='word_1_307' title='bbox 1620 2119 1856 2190; x_wconf 79' lang='grc' dir='ltr'>Ἰσραὴλ,</span> 
     </span>
    </p>
   </div>
   <div class='ocr_carea' id='block_1_40' title="bbox 275 2211 1861 2288">
    <p class='ocr_par' dir='ltr' id='par_1_40' title="bbox 275 2211 1861 2288">
     <span class='ocr_line' id='line_1_40' title="bbox 275 2211 1861 2288; baseline -0.003 -19"><span class='ocrx_word' id='word_1_308' title='bbox 275 2218 323 2269; x_wconf 86' lang='grc' dir='ltr'>εἰ</span> <span class='ocrx_word' id='word_1_309' title='bbox 370 2214 446 2288; x_wconf 81' lang='grc' dir='ltr'><strong>μὴ</strong></span> <span class='ocrx_word' id='word_1_310' title='bbox 473 2216 683 2270; x_wconf 86' lang='grc' dir='ltr'>δέδοται</span> <span class='ocrx_word' id='word_1_311' title='bbox 711 2215 974 2286; x_wconf 83' lang='grc' dir='ltr'>συνεργὸς</span> <span class='ocrx_word' id='word_1_312' title='bbox 1019 2217 1086 2285; x_wconf 81' lang='grc' dir='ltr'><strong>τῇ</strong></span> <span class='ocrx_word' id='word_1_313' title='bbox 1125 2213 1371 2276; x_wconf 78' lang='grc' dir='ltr'><strong>Μωσέως</strong></span> <span class='ocrx_word' id='word_1_314' title='bbox 1413 2211 1737 2284; x_wconf 83' lang='grc' dir='ltr'>ἰσχνομυθίᾳ</span> <span class='ocrx_word' id='word_1_315' title='bbox 1767 2213 1861 2264; x_wconf 77' lang='grc' dir='ltr'><strong>καὶ</strong></span> 
     </span>
    </p>
   </div>
   <div class='ocr_carea' id='block_1_41' title="bbox 276 2303 1857 2380">
    <p class='ocr_par' dir='ltr' id='par_1_41' title="bbox 276 2303 1857 2380">
     <span class='ocr_line' id='line_1_41' title="bbox 276 2303 1857 2380; baseline -0.006 -17"><span class='ocrx_word' id='word_1_316' title='bbox 276 2309 534 2380; x_wconf 77' lang='grc' dir='ltr'><strong>ἀσθενείᾳ</strong></span> <span class='ocrx_word' id='word_1_317' title='bbox 565 2308 746 2374; x_wconf 89' lang='grc' dir='ltr'>πάλιν,</span> <span class='ocrx_word' id='word_1_318' title='bbox 778 2307 853 2370; x_wconf 83' lang='grc' dir='ltr'><strong>ὡς</strong></span> <span class='ocrx_word' id='word_1_319' title='bbox 893 2309 949 2361; x_wconf 80' lang='grc' dir='ltr'>ἐν</span> <span class='ocrx_word' id='word_1_320' title='bbox 979 2305 1148 2360; x_wconf 86' lang='grc' dir='ltr'>εἰκόνι</span> <span class='ocrx_word' id='word_1_321' title='bbox 1185 2307 1250 2376; x_wconf 83' lang='grc' dir='ltr'><strong>τῇ</strong></span> <span class='ocrx_word' id='word_1_322' title='bbox 1296 2303 1507 2376; x_wconf 82' lang='grc' dir='ltr'>Ἀαρὼν</span> <span class='ocrx_word' id='word_1_323' title='bbox 1531 2307 1560 2358; x_wconf 89' lang='lat'><strong>6</strong></span> <span class='ocrx_word' id='word_1_324' title='bbox 1590 2303 1823 2376; x_wconf 77' lang='grc' dir='ltr'>Χριστός</span> <span class='ocrx_word' id='word_1_325' title='bbox 1842 2321 1857 2334; x_wconf 90' lang='grc'><strong>·</strong></span> 
     </span>
    </p>
   </div>
   <div class='ocr_carea' id='block_1_42' title="bbox 274 2394 1860 2470">
    <p class='ocr_par' dir='ltr' id='par_1_42' title="bbox 274 2394 1860 2470">
     <span class='ocr_line' id='line_1_42' title="bbox 274 2394 1860 2470; baseline -0.006 -14"><span class='ocrx_word' id='word_1_326' title='bbox 274 2401 420 2456; x_wconf 80' lang='grc' dir='ltr'><strong>οὕτω</strong></span> <span class='ocrx_word' id='word_1_327' title='bbox 467 2400 700 2455; x_wconf 86' lang='grc' dir='ltr'>κάνθάδε</span> <span class='ocrx_word' id='word_1_328' title='bbox 731 2400 966 2470; x_wconf 84' lang='grc' dir='ltr'>νοήσεις.</span> <span class='ocrx_word' id='word_1_329' title='bbox 1013 2397 1088 2452; x_wconf 85' lang='grc' dir='ltr'>Τὸ</span> <span class='ocrx_word' id='word_1_330' title='bbox 1129 2397 1238 2469; x_wconf 82' lang='grc' dir='ltr'>γὰρ</span> <span class='ocrx_word' id='word_1_331' title='bbox 1288 2396 1514 2459; x_wconf 80' lang='grc' dir='ltr'>ἀσθενὲς</span> <span class='ocrx_word' id='word_1_332' title='bbox 1563 2395 1658 2450; x_wconf 90' lang='grc' dir='ltr'><strong>τοῦ</strong></span> <span class='ocrx_word' id='word_1_333' title='bbox 1697 2394 1860 2465; x_wconf 84' lang='grc' dir='ltr'>νόμου</span> 
     </span>
    </p>
   </div>
   <div class='ocr_carea' id='block_1_43' title="bbox 275 2486 1862 2563">
    <p class='ocr_par' dir='ltr' id='par_1_43' title="bbox 275 2486 1862 2563">
     <span class='ocr_line' id='line_1_43' title="bbox 275 2486 1862 2563; baseline -0.006 -16"><span class='ocrx_word' id='word_1_334' title='bbox 275 2492 501 2547; x_wconf 81' lang='grc' dir='ltr'>τελειῶν</span> <span class='ocrx_word' id='word_1_335' title='bbox 540 2492 598 2545; x_wconf 84' lang='grc' dir='ltr'>ὲν</span> <span class='ocrx_word' id='word_1_336' title='bbox 628 2490 873 2563; x_wconf 82' lang='grc' dir='ltr'><strong>Χριστῷ,</strong></span> <span class='ocrx_word' id='word_1_337' title='bbox 905 2489 1278 2562; x_wconf 70' lang='grc' dir='ltr'>παρεκόμισεν</span> <span class='ocrx_word' id='word_1_338' title='bbox 1308 2490 1402 2554; x_wconf 81' lang='grc' dir='ltr'>εἰς.</span> <span class='ocrx_word' id='word_1_339' title='bbox 1433 2487 1735 2559; x_wconf 74' lang='grc' dir='ltr'><strong>ἱερωσύνην</strong></span> <span class='ocrx_word' id='word_1_340' title='bbox 1771 2486 1862 2539; x_wconf 78' lang='grc' dir='ltr'><strong>τὸν</strong></span> 
     </span>
    </p>
   </div>
   <div class='ocr_carea' id='block_1_44' title="bbox 291 2579 1858 2657">
    <p class='ocr_par' dir='ltr' id='par_1_44' title="bbox 291 2579 1858 2657">
     <span class='ocr_line' id='line_1_44' title="bbox 291 2579 1858 2657; baseline -0.004 -17"><span class='ocrx_word' id='word_1_341' title='bbox 291 2584 530 2657; x_wconf 83' lang='grc' dir='ltr'>Ἀαρὼν,</span> <span class='ocrx_word' id='word_1_342' title='bbox 565 2584 663 2639; x_wconf 75' lang='grc' dir='ltr'>καὶ</span> <span class='ocrx_word' id='word_1_343' title='bbox 682 2583 946 2637; x_wconf 85' lang='grc' dir='ltr'>συνάπτει</span> <span class='ocrx_word' id='word_1_344' title='bbox 975 2582 1262 2654; x_wconf 73' lang='grc' dir='ltr'>χρησίμως</span> <span class='ocrx_word' id='word_1_345' title='bbox 1280 2580 1358 2651; x_wconf 80' lang='grc' dir='ltr'><strong>τῷ</strong></span> <span class='ocrx_word' id='word_1_346' title='bbox 1378 2579 1633 2651; x_wconf 79' lang='grc' dir='ltr'><strong>μακαρίῳ</strong></span> <span class='ocrx_word' id='word_1_347' title='bbox 1661 2581 1858 2651; x_wconf 78' lang='grc' dir='ltr'>Μωσῇ.</span> 
     </span>
    </p>
   </div>
   <div class='ocr_carea' id='block_1_45' title="bbox 278 2670 1862 2746">
    <p class='ocr_par' dir='ltr' id='par_1_45' title="bbox 278 2670 1862 2746">
     <span class='ocr_line' id='line_1_45' title="bbox 278 2670 1862 2746; baseline -0.006 -14"><span class='ocrx_word' id='word_1_348' title='bbox 278 2678 416 2733; x_wconf 77' lang='grc' dir='ltr'><strong>Οὔτε</strong></span> <span class='ocrx_word' id='word_1_349' title='bbox 449 2677 557 2746; x_wconf 77' lang='grc' dir='ltr'>γὰρ</span> <span class='ocrx_word' id='word_1_350' title='bbox 599 2678 680 2740; x_wconf 84' lang='grc' dir='ltr'>εἰς</span> <span class='ocrx_word' id='word_1_351' title='bbox 729 2675 997 2746; x_wconf 86' lang='grc' dir='ltr'>λύτρωσιν</span> <span class='ocrx_word' id='word_1_352' title='bbox 1027 2673 1314 2746; x_wconf 73' lang='grc' dir='ltr'>ἀρκέσειεν</span> <span class='ocrx_word' id='word_1_353' title='bbox 1366 2671 1431 2726; x_wconf 84' lang='grc' dir='ltr'>ἂν</span> <span class='ocrx_word' id='word_1_354' title='bbox 1460 2673 1488 2724; x_wconf 91' lang='lat'><strong>6</strong></span> <span class='ocrx_word' id='word_1_355' title='bbox 1527 2671 1710 2741; x_wconf 75' lang='grc' dir='ltr'>νόμος,</span> <span class='ocrx_word' id='word_1_356' title='bbox 1738 2670 1862 2723; x_wconf 75' lang='grc' dir='ltr'>οὔτε</span> 
     </span>
    </p>
   </div>
   <div class='ocr_carea' id='block_1_46' title="bbox 284 2761 1864 2842">
    <p class='ocr_par' dir='ltr' id='par_1_46' title="bbox 284 2761 1864 2842">
     <span class='ocr_line' id='line_1_46' title="bbox 284 2761 1864 2842; baseline -0.006 -19"><span class='ocrx_word' id='word_1_357' title='bbox 284 2771 392 2842; x_wconf 81' lang='grc' dir='ltr'>μὴν</span> <span class='ocrx_word' id='word_1_358' title='bbox 444 2772 524 2834; x_wconf 88' lang='grc' dir='ltr'><strong>είς</strong></span> <span class='ocrx_word' id='word_1_359' title='bbox 583 2769 644 2822; x_wconf 79' lang='grc' dir='ltr'>τὸ</span> <span class='ocrx_word' id='word_1_360' title='bbox 698 2767 959 2822; x_wconf 86' lang='grc' dir='ltr'>δύνασθαι</span> <span class='ocrx_word' id='word_1_361' title='bbox 1008 2764 1250 2820; x_wconf 79' lang='grc' dir='ltr'>τελειοῦν</span> <span class='ocrx_word' id='word_1_362' title='bbox 1295 2764 1376 2828; x_wconf 84' lang='grc' dir='ltr'><strong>είς</strong></span> <span class='ocrx_word' id='word_1_363' title='bbox 1423 2762 1694 2834; x_wconf 81' lang='grc' dir='ltr'>άγιασμὸν</span> <span class='ocrx_word' id='word_1_364' title='bbox 1736 2761 1864 2826; x_wconf 77' lang='grc' dir='ltr'>τοὺς</span> 
     </span>
    </p>
   </div>
   <div class='ocr_carea' id='block_1_47' title="bbox 277 2854 1863 2932">
    <p class='ocr_par' dir='ltr' id='par_1_47' title="bbox 277 2854 1863 2932">
     <span class='ocr_line' id='line_1_47' title="bbox 277 2854 1863 2932; baseline -0.004 -18"><span class='ocrx_word' id='word_1_365' title='bbox 277 2859 814 2932; x_wconf 72' lang='grc' dir='ltr'>ἑκλελυτρωμένους.</span> <span class='ocrx_word' id='word_1_366' title='bbox 851 2859 1137 2929; x_wconf 84' lang='grc' dir='ltr'>Λύτρωσις</span> <span class='ocrx_word' id='word_1_367' title='bbox 1157 2858 1214 2910; x_wconf 79' lang='grc' dir='ltr'>δὲ</span> <span class='ocrx_word' id='word_1_368' title='bbox 1240 2857 1334 2909; x_wconf 78' lang='grc' dir='ltr'>καὶ</span> <span class='ocrx_word' id='word_1_369' title='bbox 1373 2854 1643 2925; x_wconf 76' lang='grc' dir='ltr'><strong>ἁγιασμὸς</strong></span> <span class='ocrx_word' id='word_1_370' title='bbox 1675 2858 1702 2909; x_wconf 88' lang='lat'><strong>6</strong></span> <span class='ocrx_word' id='word_1_371' title='bbox 1727 2856 1863 2925; x_wconf 83' lang='grc' dir='ltr'>Χρι-</span> 
     </span>
    </p>
   </div>
   <div class='ocr_carea' id='block_1_48' title="bbox 280 2946 1865 3024">
    <p class='ocr_par' dir='ltr' id='par_1_48' title="bbox 280 2946 1865 3024">
     <span class='ocr_line' id='line_1_48' title="bbox 280 2946 1865 3024; baseline -0.004 -17"><span class='ocrx_word' id='word_1_372' title='bbox 280 2953 425 3019; x_wconf 75' lang='grc' dir='ltr'>στὸς,</span> <span class='ocrx_word' id='word_1_373' title='bbox 445 2952 931 3024; x_wconf 83' lang='grc' dir='ltr'>συνεργαζομένων</span> <span class='ocrx_word' id='word_1_374' title='bbox 956 2951 1126 3019; x_wconf 82' lang='grc' dir='ltr'>ἁγίων</span> <span class='ocrx_word' id='word_1_375' title='bbox 1146 2967 1160 2981; x_wconf 88' lang='grc'><strong>·</strong></span> <span class='ocrx_word' id='word_1_376' title='bbox 1176 2948 1427 3020; x_wconf 88' lang='grc' dir='ltr'>καθάπερ</span> <span class='ocrx_word' id='word_1_377' title='bbox 1449 2949 1640 3020; x_wconf 81' lang='grc' dir='ltr'>ἀμέλει</span> <span class='ocrx_word' id='word_1_378' title='bbox 1661 2946 1865 3017; x_wconf 80' lang='grc' dir='ltr'><strong>Μωσῆς</strong></span> 
     </span>
    </p>
   </div>
   <div class='ocr_carea' id='block_1_49' title="bbox 279 3039 1866 3118">
    <p class='ocr_par' dir='ltr' id='par_1_49' title="bbox 279 3039 1866 3118">
     <span class='ocr_line' id='line_1_49' title="bbox 279 3039 1866 3118; baseline -0.003 -19"><span class='ocrx_word' id='word_1_379' title='bbox 279 3047 386 3118; x_wconf 78' lang='grc' dir='ltr'>μὲν</span> <span class='ocrx_word' id='word_1_380' title='bbox 414 3045 493 3116; x_wconf 84' lang='grc' dir='ltr'><strong>τῷ</strong></span> <span class='ocrx_word' id='word_1_381' title='bbox 533 3044 745 3116; x_wconf 85' lang='grc' dir='ltr'>Ἀαρὼν</span> <span class='ocrx_word' id='word_1_382' title='bbox 777 3046 837 3097; x_wconf 85' lang='grc' dir='ltr'>ὲν</span> <span class='ocrx_word' id='word_1_383' title='bbox 868 3042 1130 3113; x_wconf 80' lang='grc' dir='ltr'>Αἰγύπτῳ</span> <span class='ocrx_word' id='word_1_384' title='bbox 1175 3042 1328 3109; x_wconf 87' lang='grc' dir='ltr'>τότε,</span> <span class='ocrx_word' id='word_1_385' title='bbox 1366 3041 1517 3114; x_wconf 82' lang='grc' dir='ltr'><strong>αὐτῷ</strong></span> <span class='ocrx_word' id='word_1_386' title='bbox 1548 3047 1612 3111; x_wconf 84' lang='grc' dir='ltr'><strong>γε</strong></span> <span class='ocrx_word' id='word_1_387' title='bbox 1651 3041 1754 3113; x_wconf 82' lang='grc' dir='ltr'><strong>μὴν</strong></span> <span class='ocrx_word' id='word_1_388' title='bbox 1789 3039 1866 3111; x_wconf 84' lang='grc' dir='ltr'><strong>τῷ</strong></span> 
     </span>
    </p>
   </div>
   <div class='ocr_carea' id='block_1_50' title="bbox 1965 1845 3556 1921">
    <p class='ocr_par' dir='ltr' id='par_1_50' title="bbox 1965 1845 3556 1921">
     <span class='ocr_line' id='line_1_50' title="bbox 1965 1845 3556 1921; baseline 0.001 -22"><span class='ocrx_word' id='word_1_389' title='bbox 1965 1846 2156 1911; x_wconf 88' lang='lat' dir='ltr'><strong>alium,</strong></span> <span class='ocrx_word' id='word_1_390' title='bbox 2207 1845 2302 1916; x_wconf 89' lang='lat' dir='ltr'><strong>qui</strong></span> <span class='ocrx_word' id='word_1_391' title='bbox 2353 1847 2548 1916; x_wconf 87' lang='lat' dir='ltr'><strong>possit,</strong></span> <span class='ocrx_word' id='word_1_392' title='bbox 2595 1863 2762 1917; x_wconf 89' lang='lat' dir='ltr'><strong>quem</strong></span> <span class='ocrx_word' id='word_1_393' title='bbox 2813 1848 3002 1902; x_wconf 88' lang='lat' dir='ltr'><strong>mittas</strong></span> <span class='ocrx_word' id='word_1_394' title='bbox 3047 1849 3114 1902; x_wconf 82' lang='lat'><strong>&quot;.</strong></span> <span class='ocrx_word' id='word_1_395' title='bbox 3151 1868 3168 1900; x_wconf 72' lang='grc' dir='ltr'><strong>ι</strong></span> <span class='ocrx_word' id='word_1_396' title='bbox 3201 1849 3355 1903; x_wconf 90' lang='lat' dir='ltr'><strong>Tunc</strong></span> <span class='ocrx_word' id='word_1_397' title='bbox 3389 1849 3556 1921; x_wconf 79' lang='lat' dir='ltr'><strong>igitur</strong></span> 
     </span>
    </p>
   </div>
   <div class='ocr_carea' id='block_1_51' title="bbox 1967 1938 3554 2012">
    <p class='ocr_par' dir='ltr' id='par_1_51' title="bbox 1967 1938 3554 2012">
     <span class='ocr_line' id='line_1_51' title="bbox 1967 1938 3554 2012; baseline 0 -19"><span class='ocrx_word' id='word_1_398' title='bbox 1967 1939 2149 1993; x_wconf 90' lang='lat' dir='ltr'><strong>statim</strong></span> <span class='ocrx_word' id='word_1_399' title='bbox 2199 1939 2345 1993; x_wconf 91' lang='lat' dir='ltr'><strong>Deus</strong></span> <span class='ocrx_word' id='word_1_400' title='bbox 2399 1938 2566 2009; x_wconf 83' lang='lat' dir='ltr'><strong>elegit</strong></span> <span class='ocrx_word' id='word_1_401' title='bbox 2607 1940 2788 1994; x_wconf 81' lang='lat' dir='ltr'><strong>Aaron</strong></span> <span class='ocrx_word' id='word_1_402' title='bbox 2833 1939 2888 1993; x_wconf 87' lang='lat' dir='ltr'><strong>in</strong></span> <span class='ocrx_word' id='word_1_403' title='bbox 2927 1939 3134 1996; x_wconf 86' lang='lat' dir='ltr'><strong>Christi</strong></span> <span class='ocrx_word' id='word_1_404' title='bbox 3181 1940 3431 2012; x_wconf 85' lang='lat' dir='ltr'><strong>figuram,</strong></span> <span class='ocrx_word' id='word_1_405' title='bbox 3460 1942 3554 2011; x_wconf 88' lang='lat' dir='ltr'><strong>qui</strong></span> 
     </span>
    </p>
   </div>
   <div class='ocr_carea' id='block_1_52' title="bbox 1965 2029 3559 2102">
    <p class='ocr_par' dir='ltr' id='par_1_52' title="bbox 1965 2029 3559 2102">
     <span class='ocr_line' id='line_1_52' title="bbox 1965 2029 3559 2102; baseline 0.002 -19"><span class='ocrx_word' id='word_1_406' title='bbox 1965 2029 2149 2084; x_wconf 90' lang='lat' dir='ltr'><strong>omnia</strong></span> <span class='ocrx_word' id='word_1_407' title='bbox 2181 2029 2342 2084; x_wconf 90' lang='lat' dir='ltr'><strong>facile</strong></span> <span class='ocrx_word' id='word_1_408' title='bbox 2373 2030 2640 2099; x_wconf 84' lang='lat' dir='ltr'><strong>perficere</strong></span> <span class='ocrx_word' id='word_1_409' title='bbox 2666 2031 2820 2086; x_wconf 89' lang='lat' dir='ltr'><strong>novit</strong></span> <span class='ocrx_word' id='word_1_410' title='bbox 2849 2050 2862 2085; x_wconf 91' lang='lat'><strong>:</strong></span> <span class='ocrx_word' id='word_1_411' title='bbox 2898 2047 3078 2102; x_wconf 90' lang='lat' dir='ltr'><strong>neque</strong></span> <span class='ocrx_word' id='word_1_412' title='bbox 3106 2032 3265 2086; x_wconf 88' lang='lat' dir='ltr'><strong>aliter</strong></span> <span class='ocrx_word' id='word_1_413' title='bbox 3289 2033 3559 2089; x_wconf 78' lang='lat' dir='ltr'><strong>liberatus</strong></span> 
     </span>
    </p>
   </div>
   <div class='ocr_carea' id='block_1_53' title="bbox 1965 2121 3559 2197">
    <p class='ocr_par' dir='ltr' id='par_1_53' title="bbox 1965 2121 3559 2197">
     <span class='ocr_line' id='line_1_53' title="bbox 1965 2121 3559 2197; baseline 0.003 -22"><span class='ocrx_word' id='word_1_414' title='bbox 1965 2122 2162 2176; x_wconf 81' lang='lat' dir='ltr'><strong>fuisset</strong></span> <span class='ocrx_word' id='word_1_415' title='bbox 2205 2121 2395 2186; x_wconf 90' lang='lat' dir='ltr'><strong>Israel,</strong></span> <span class='ocrx_word' id='word_1_416' title='bbox 2430 2122 2537 2176; x_wconf 90' lang='lat' dir='ltr'><strong>nisi</strong></span> <span class='ocrx_word' id='word_1_417' title='bbox 2573 2123 2650 2176; x_wconf 92' lang='lat' dir='ltr'><strong>illi</strong></span> <span class='ocrx_word' id='word_1_418' title='bbox 2684 2123 2852 2194; x_wconf 80' lang='lat' dir='ltr'><strong>Moysi</strong></span> <span class='ocrx_word' id='word_1_419' title='bbox 2885 2125 3038 2180; x_wconf 89' lang='lat' dir='ltr'><strong>vocis</strong></span> <span class='ocrx_word' id='word_1_420' title='bbox 3070 2125 3360 2196; x_wconf 86' lang='lat' dir='ltr'><strong>gracilitati</strong></span> <span class='ocrx_word' id='word_1_421' title='bbox 3395 2135 3559 2197; x_wconf 87' lang='lat' dir='ltr'><strong>atque</strong></span> 
     </span>
    </p>
   </div>
   <div class='ocr_carea' id='block_1_54' title="bbox 1967 2211 3558 2290">
    <p class='ocr_par' dir='ltr' id='par_1_54' title="bbox 1967 2211 3558 2290">
     <span class='ocr_line' id='line_1_54' title="bbox 1967 2211 3558 2290; baseline 0.003 -24"><span class='ocrx_word' id='word_1_422' title='bbox 1967 2212 2272 2268; x_wconf 81' lang='lat' dir='ltr'><strong>infirmitati</strong></span> <span class='ocrx_word' id='word_1_423' title='bbox 2327 2211 2583 2268; x_wconf 88' lang='lat' dir='ltr'><strong>Christus</strong></span> <span class='ocrx_word' id='word_1_424' title='bbox 2641 2212 2836 2268; x_wconf 88' lang='lat' dir='ltr'><strong>itidem</strong></span> <span class='ocrx_word' id='word_1_425' title='bbox 2895 2224 3156 2285; x_wconf 88' lang='lat' dir='ltr'><strong>tanquam</strong></span> <span class='ocrx_word' id='word_1_426' title='bbox 3209 2216 3264 2271; x_wconf 92' lang='lat' dir='ltr'><strong>in</strong></span> <span class='ocrx_word' id='word_1_427' title='bbox 3322 2217 3558 2290; x_wconf 81' lang='lat' dir='ltr'><strong>imagine</strong></span> 
     </span>
    </p>
   </div>
   <div class='ocr_carea' id='block_1_55' title="bbox 1967 2291 3558 2378">
    <p class='ocr_par' dir='ltr' id='par_1_55' title="bbox 1967 2291 3558 2378">
     <span class='ocr_line' id='line_1_55' title="bbox 1967 2291 3558 2378; baseline 0.001 -18"><span class='ocrx_word' id='word_1_428' title='bbox 1967 2304 2147 2360; x_wconf 84' lang='lat' dir='ltr'><strong>Aaron</strong></span> <span class='ocrx_word' id='word_1_429' title='bbox 2198 2305 2361 2360; x_wconf 90' lang='lat' dir='ltr'><strong>datus</strong></span> <span class='ocrx_word' id='word_1_430' title='bbox 2414 2315 2561 2360; x_wconf 90' lang='lat' dir='ltr'><strong>esset</strong></span> <span class='ocrx_word' id='word_1_431' title='bbox 2619 2305 2859 2377; x_wconf 88' lang='lat' dir='ltr'><strong>adjutor.</strong></span> <span class='ocrx_word' id='word_1_432' title='bbox 2911 2307 2994 2362; x_wconf 85' lang='lat' dir='ltr'><strong>Ad</strong></span> <span class='ocrx_word' id='word_1_433' title='bbox 3041 2308 3296 2363; x_wconf 89' lang='lat' dir='ltr'><strong>eumdem</strong></span> <span class='ocrx_word' id='word_1_434' title='bbox 3335 2291 3558 2378; x_wconf 85' lang='lat' dir='ltr'><strong>quoque</strong></span> 
     </span>
    </p>
   </div>
   <div class='ocr_carea' id='block_1_56' title="bbox 1968 2395 3558 2470">
    <p class='ocr_par' dir='ltr' id='par_1_56' title="bbox 1968 2395 3558 2470">
     <span class='ocr_line' id='line_1_56' title="bbox 1968 2395 3558 2470; baseline 0.003 -21"><span class='ocrx_word' id='word_1_435' title='bbox 1968 2395 2190 2450; x_wconf 91' lang='lat' dir='ltr'><strong>modum</strong></span> <span class='ocrx_word' id='word_1_436' title='bbox 2220 2396 2324 2450; x_wconf 93' lang='lat' dir='ltr'><strong>hoc</strong></span> <span class='ocrx_word' id='word_1_437' title='bbox 2347 2395 2468 2450; x_wconf 90' lang='lat' dir='ltr'><strong>loco</strong></span> <span class='ocrx_word' id='word_1_438' title='bbox 2490 2396 2652 2450; x_wconf 82' lang='lat' dir='ltr'><strong>velim</strong></span> <span class='ocrx_word' id='word_1_439' title='bbox 2680 2397 2949 2468; x_wconf 84' lang='lat' dir='ltr'><strong>intelligas</strong></span> <span class='ocrx_word' id='word_1_440' title='bbox 2975 2416 2989 2464; x_wconf 93' lang='lat'><strong>;</strong></span> <span class='ocrx_word' id='word_1_441' title='bbox 3026 2408 3086 2453; x_wconf 89' lang='lat' dir='ltr'><strong>ut</strong></span> <span class='ocrx_word' id='word_1_442' title='bbox 3134 2399 3280 2454; x_wconf 90' lang='lat' dir='ltr'><strong>enim</strong></span> <span class='ocrx_word' id='word_1_443' title='bbox 3305 2399 3442 2470; x_wconf 87' lang='lat' dir='ltr'><strong>legis</strong></span> <span class='ocrx_word' id='word_1_444' title='bbox 3471 2399 3558 2454; x_wconf 90' lang='lat' dir='ltr'><strong>in—</strong></span> 
     </span>
    </p>
   </div>
   <div class='ocr_carea' id='block_1_57' title="bbox 1969 2485 3558 2559">
    <p class='ocr_par' dir='ltr' id='par_1_57' title="bbox 1969 2485 3558 2559">
     <span class='ocr_line' id='line_1_57' title="bbox 1969 2485 3558 2559; baseline 0.001 -18"><span class='ocrx_word' id='word_1_445' title='bbox 1969 2487 2285 2541; x_wconf 73' lang='lat' dir='ltr'><strong>firmitatem</strong></span> <span class='ocrx_word' id='word_1_446' title='bbox 2323 2487 2380 2540; x_wconf 92' lang='lat' dir='ltr'><strong>in</strong></span> <span class='ocrx_word' id='word_1_447' title='bbox 2412 2485 2634 2542; x_wconf 90' lang='lat' dir='ltr'><strong>Christo</strong></span> <span class='ocrx_word' id='word_1_448' title='bbox 2659 2487 2975 2557; x_wconf 85' lang='lat' dir='ltr'><strong>perﬁceret,</strong></span> <span class='ocrx_word' id='word_1_449' title='bbox 3013 2487 3150 2543; x_wconf 88' lang='lat' dir='ltr'><strong>adeo</strong></span> <span class='ocrx_word' id='word_1_450' title='bbox 3177 2489 3355 2559; x_wconf 89' lang='lat' dir='ltr'><strong>ipsum</strong></span> <span class='ocrx_word' id='word_1_451' title='bbox 3377 2488 3558 2544; x_wconf 82' lang='lat' dir='ltr'><strong>Aaron</strong></span> 
     </span>
    </p>
   </div>
   <div class='ocr_carea' id='block_1_58' title="bbox 1970 2577 3560 2652">
    <p class='ocr_par' dir='ltr' id='par_1_58' title="bbox 1970 2577 3560 2652">
     <span class='ocr_line' id='line_1_58' title="bbox 1970 2577 3560 2652; baseline 0.001 -20"><span class='ocrx_word' id='word_1_452' title='bbox 1970 2578 2037 2633; x_wconf 91' lang='lat' dir='ltr'><strong>ad</strong></span> <span class='ocrx_word' id='word_1_453' title='bbox 2084 2577 2422 2634; x_wconf 86' lang='lat' dir='ltr'><strong>sacerdotale</strong></span> <span class='ocrx_word' id='word_1_454' title='bbox 2454 2593 2658 2633; x_wconf 90' lang='lat' dir='ltr'><strong>munus</strong></span> <span class='ocrx_word' id='word_1_455' title='bbox 2687 2580 2960 2650; x_wconf 85' lang='lat' dir='ltr'><strong>provexit,</strong></span> <span class='ocrx_word' id='word_1_456' title='bbox 3001 2587 3167 2650; x_wconf 90' lang='lat' dir='ltr'><strong>atque</strong></span> <span class='ocrx_word' id='word_1_457' title='bbox 3205 2580 3367 2634; x_wconf 86' lang='lat' dir='ltr'><strong>beato</strong></span> <span class='ocrx_word' id='word_1_458' title='bbox 3390 2580 3560 2652; x_wconf 88' lang='lat' dir='ltr'><strong>Moysi</strong></span> 
     </span>
    </p>
   </div>
   <div class='ocr_carea' id='block_1_59' title="bbox 1971 2671 3558 2743">
    <p class='ocr_par' dir='ltr' id='par_1_59' title="bbox 1971 2671 3558 2743">
     <span class='ocr_line' id='line_1_59' title="bbox 1971 2671 3558 2743; baseline -0.003 -14"><span class='ocrx_word' id='word_1_459' title='bbox 1971 2672 2181 2729; x_wconf 91' lang='lat' dir='ltr'><strong>utiliter</strong></span> <span class='ocrx_word' id='word_1_460' title='bbox 2215 2672 2482 2743; x_wconf 81' lang='lat' dir='ltr'><strong>adjunxit.</strong></span> <span class='ocrx_word' id='word_1_461' title='bbox 2519 2671 2685 2741; x_wconf 80' lang='lat'><strong>378</strong></span> <span class='ocrx_word' id='word_1_462' title='bbox 2711 2671 2901 2742; x_wconf 87' lang='lat' dir='ltr'><strong>Neque</strong></span> <span class='ocrx_word' id='word_1_463' title='bbox 2924 2672 3072 2727; x_wconf 89' lang='lat' dir='ltr'><strong>enim</strong></span> <span class='ocrx_word' id='word_1_464' title='bbox 3098 2671 3165 2726; x_wconf 90' lang='lat' dir='ltr'><strong>ad</strong></span> <span class='ocrx_word' id='word_1_465' title='bbox 3188 2671 3558 2735; x_wconf 86' lang='lat' dir='ltr'><strong>liberandum,</strong></span> 
     </span>
    </p>
   </div>
   <div class='ocr_carea' id='block_1_60' title="bbox 1970 2764 3561 2834">
    <p class='ocr_par' dir='ltr' id='par_1_60' title="bbox 1970 2764 3561 2834">
     <span class='ocr_line' id='line_1_60' title="bbox 1970 2764 3561 2834; baseline 0 -15"><span class='ocrx_word' id='word_1_466' title='bbox 1970 2779 2150 2834; x_wconf 91' lang='lat' dir='ltr'><strong>neque</strong></span> <span class='ocrx_word' id='word_1_467' title='bbox 2180 2764 2245 2818; x_wconf 91' lang='lat' dir='ltr'><strong>ad</strong></span> <span class='ocrx_word' id='word_1_468' title='bbox 2280 2764 2678 2834; x_wconf 84' lang='lat' dir='ltr'><strong>perficiendum</strong></span> <span class='ocrx_word' id='word_1_469' title='bbox 2719 2765 2775 2818; x_wconf 92' lang='lat' dir='ltr'><strong>in</strong></span> <span class='ocrx_word' id='word_1_470' title='bbox 2827 2764 3257 2821; x_wconf 84' lang='lat' dir='ltr'><strong>sanctificatione</strong></span> <span class='ocrx_word' id='word_1_471' title='bbox 3297 2765 3432 2821; x_wconf 88' lang='lat' dir='ltr'><strong>satis</strong></span> <span class='ocrx_word' id='word_1_472' title='bbox 3475 2766 3561 2820; x_wconf 86' lang='lat' dir='ltr'><strong>vi-</strong></span> 
     </span>
    </p>
   </div>
   <div class='ocr_carea' id='block_1_61' title="bbox 1971 2857 3560 2934">
    <p class='ocr_par' dir='ltr' id='par_1_61' title="bbox 1971 2857 3560 2934">
     <span class='ocr_line' id='line_1_61' title="bbox 1971 2857 3560 2934; baseline -0.001 -21"><span class='ocrx_word' id='word_1_473' title='bbox 1971 2858 2114 2913; x_wconf 91' lang='lat' dir='ltr'><strong>rium</strong></span> <span class='ocrx_word' id='word_1_474' title='bbox 2139 2867 2223 2914; x_wconf 91' lang='lat' dir='ltr'><strong>est</strong></span> <span class='ocrx_word' id='word_1_475' title='bbox 2248 2858 2302 2934; x_wconf 84' lang='lat' dir='ltr'><strong>in</strong></span> <span class='ocrx_word' id='word_1_476' title='bbox 2333 2859 2471 2929; x_wconf 86' lang='lat' dir='ltr'><strong>lege,</strong></span> <span class='ocrx_word' id='word_1_477' title='bbox 2499 2857 2594 2912; x_wconf 89' lang='lat' dir='ltr'><strong>sed</strong></span> <span class='ocrx_word' id='word_1_478' title='bbox 2630 2865 2947 2927; x_wconf 90' lang='lat' dir='ltr'><strong>utrumque,</strong></span> <span class='ocrx_word' id='word_1_479' title='bbox 2987 2866 3044 2912; x_wconf 92' lang='lat' dir='ltr'><strong>et</strong></span> <span class='ocrx_word' id='word_1_480' title='bbox 3071 2857 3326 2912; x_wconf 88' lang='lat' dir='ltr'><strong>liberatio</strong></span> <span class='ocrx_word' id='word_1_481' title='bbox 3351 2864 3406 2912; x_wconf 92' lang='lat' dir='ltr'><strong>et</strong></span> <span class='ocrx_word' id='word_1_482' title='bbox 3431 2872 3560 2912; x_wconf 91' lang='lat' dir='ltr'><strong>san-</strong></span> 
     </span>
    </p>
   </div>
   <div class='ocr_carea' id='block_1_62' title="bbox 1972 2947 3562 3020">
    <p class='ocr_par' dir='ltr' id='par_1_62' title="bbox 1972 2947 3562 3020">
     <span class='ocr_line' id='line_1_62' title="bbox 1972 2947 3562 3020; baseline -0.001 -17"><span class='ocrx_word' id='word_1_483' title='bbox 1972 2949 2265 3013; x_wconf 82' lang='lat' dir='ltr'><strong>ctificatio,</strong></span> <span class='ocrx_word' id='word_1_484' title='bbox 2291 2947 2548 3004; x_wconf 87' lang='lat' dir='ltr'><strong>Christus</strong></span> <span class='ocrx_word' id='word_1_485' title='bbox 2573 2955 2678 3014; x_wconf 86' lang='lat' dir='ltr'><strong>est,</strong></span> <span class='ocrx_word' id='word_1_486' title='bbox 2717 2949 2932 3004; x_wconf 88' lang='lat' dir='ltr'><strong>tametsi</strong></span> <span class='ocrx_word' id='word_1_487' title='bbox 2969 2958 3342 3020; x_wconf 90' lang='lat' dir='ltr'><strong>cooperentur</strong></span> <span class='ocrx_word' id='word_1_488' title='bbox 3387 2947 3562 3004; x_wconf 86' lang='lat' dir='ltr'><strong>sancti</strong></span> 
     </span>
    </p>
   </div>
   <div class='ocr_carea' id='block_1_63' title="bbox 1970 3039 3563 3112">
    <p class='ocr_par' dir='ltr' id='par_1_63' title="bbox 1970 3039 3563 3112">
     <span class='ocr_line' id='line_1_63' title="bbox 1970 3039 3563 3112; baseline 0 -18"><span class='ocrx_word' id='word_1_489' title='bbox 1970 3040 2098 3105; x_wconf 84' lang='lat' dir='ltr'><strong>viri,</strong></span> <span class='ocrx_word' id='word_1_490' title='bbox 2146 3050 2208 3096; x_wconf 91' lang='lat' dir='ltr'><strong>ut</strong></span> <span class='ocrx_word' id='word_1_491' title='bbox 2245 3047 2395 3096; x_wconf 89' lang='lat' dir='ltr'><strong>certe</strong></span> <span class='ocrx_word' id='word_1_492' title='bbox 2424 3039 2636 3112; x_wconf 86' lang='lat' dir='ltr'><strong>Moyses</strong></span> <span class='ocrx_word' id='word_1_493' title='bbox 2681 3041 2785 3110; x_wconf 81' lang='lat' dir='ltr'><strong>ipsi</strong></span> <span class='ocrx_word' id='word_1_494' title='bbox 2820 3040 3022 3094; x_wconf 79' lang='lat' dir='ltr'><strong>Aaroni</strong></span> <span class='ocrx_word' id='word_1_495' title='bbox 3066 3049 3198 3096; x_wconf 90' lang='lat' dir='ltr'><strong>tunc</strong></span> <span class='ocrx_word' id='word_1_496' title='bbox 3232 3041 3289 3096; x_wconf 89' lang='lat' dir='ltr'><strong>in</strong></span> <span class='ocrx_word' id='word_1_497' title='bbox 3331 3039 3563 3112; x_wconf 61' lang='lat' dir='ltr'><strong>Egypto</strong></span> 
     </span>
    </p>
   </div>
   <div class='ocr_carea' id='block_1_64' title="bbox 289 3110 1863 3211">
    <p class='ocr_par' dir='ltr' id='par_1_64' title="bbox 289 3110 1863 3211">
     <span class='ocr_line' id='line_1_64' title="bbox 289 3110 1863 3211; baseline -0.006 -16"><span class='ocrx_word' id='word_1_498' title='bbox 289 3110 507 3211; x_wconf 40' lang='grc' dir='ltr'>ίΔαρων</span> <span class='ocrx_word' id='word_1_499' title='bbox 536 3139 584 3191; x_wconf 86' lang='grc' dir='ltr'>οἰ</span> <span class='ocrx_word' id='word_1_500' title='bbox 615 3110 742 3192; x_wconf 76' lang='grc' dir='ltr'>υἱοί.</span> <span class='ocrx_word' id='word_1_501' title='bbox 777 3135 868 3207; x_wconf 89' lang='grc' dir='ltr'>Τῷ</span> <span class='ocrx_word' id='word_1_502' title='bbox 897 3110 958 3189; x_wconf 69' lang='grc' dir='ltr'><strong>δὲ⁷</strong></span> <span class='ocrx_word' id='word_1_503' title='bbox 980 3135 1044 3207; x_wconf 81' lang='grc' dir='ltr'>δὴ</span> <span class='ocrx_word' id='word_1_504' title='bbox 1069 3110 1284 3188; x_wconf 71' lang='grc' dir='ltr'>πάντων</span> <span class='ocrx_word' id='word_1_505' title='bbox 1310 3110 1560 3206; x_wconf 81' lang='grc' dir='ltr'>ἀρχιερεῖ</span> <span class='ocrx_word' id='word_1_506' title='bbox 1580 3110 1673 3188; x_wconf 58' lang='grc' dir='ltr'><strong>καλ</strong></span> <span class='ocrx_word' id='word_1_507' title='bbox 1696 3110 1863 3203; x_wconf 59' lang='grc' dir='ltr'>ήγουέ-</span> 
     </span>
    </p>
   </div>
   <div class='ocr_carea' id='block_1_65' title="bbox 1971 3110 3565 3211">
    <p class='ocr_par' dir='ltr' id='par_1_65' title="bbox 1971 3110 3565 3204">
     <span class='ocr_line' id='line_1_65' title="bbox 1971 3110 3565 3204; baseline 0 -17"><span class='ocrx_word' id='word_1_508' title='bbox 1971 3132 2181 3188; x_wconf 84' lang='lat' dir='ltr'><strong>socium</strong></span> <span class='ocrx_word' id='word_1_509' title='bbox 2226 3147 2284 3186; x_wconf 91' lang='lat' dir='ltr'><strong>se</strong></span> <span class='ocrx_word' id='word_1_510' title='bbox 2331 3110 2526 3200; x_wconf 79' lang='lat' dir='ltr'><strong>operis</strong></span> <span class='ocrx_word' id='word_1_511' title='bbox 2559 3131 2837 3201; x_wconf 84' lang='lat' dir='ltr'><strong>praestitit,</strong></span> <span class='ocrx_word' id='word_1_512' title='bbox 2863 3139 2919 3186; x_wconf 91' lang='lat' dir='ltr'><strong>et</strong></span> <span class='ocrx_word' id='word_1_513' title='bbox 2951 3133 3130 3188; x_wconf 90' lang='lat' dir='ltr'><strong>eidem</strong></span> <span class='ocrx_word' id='word_1_514' title='bbox 3171 3143 3357 3204; x_wconf 87' lang='lat' dir='ltr'><strong>postea</strong></span> <span class='ocrx_word' id='word_1_515' title='bbox 3391 3110 3565 3202; x_wconf 86' lang='lat' dir='ltr'><strong>ipsius</strong></span> 
     </span>
    </p>
   </div>
   <div class='ocr_carea' id='block_1_66' title="bbox 282 3226 1864 3304">
    <p class='ocr_par' dir='ltr' id='par_1_66' title="bbox 282 3226 1864 3304">
     <span class='ocr_line' id='line_1_66' title="bbox 282 3226 1864 3304; baseline -0.003 -20"><span class='ocrx_word' id='word_1_516' title='bbox 282 3231 433 3304; x_wconf 78' lang='grc' dir='ltr'>μένῳ</span> <span class='ocrx_word' id='word_1_517' title='bbox 456 3229 677 3302; x_wconf 86' lang='grc' dir='ltr'><strong>Χριστῷ</strong></span> <span class='ocrx_word' id='word_1_518' title='bbox 712 3227 1133 3300; x_wconf 82' lang='grc' dir='ltr'>συνειργάζοντο</span> <span class='ocrx_word' id='word_1_519' title='bbox 1167 3226 1372 3299; x_wconf 82' lang='grc' dir='ltr'>νοητῶς</span> <span class='ocrx_word' id='word_1_520' title='bbox 1399 3227 1493 3280; x_wconf 77' lang='grc' dir='ltr'>καὶ</span> <span class='ocrx_word' id='word_1_521' title='bbox 1517 3229 1565 3280; x_wconf 89' lang='grc' dir='ltr'><strong>οἱ</strong></span> <span class='ocrx_word' id='word_1_522' title='bbox 1588 3226 1864 3280; x_wconf 89' lang='grc' dir='ltr'>θεσπέσιοι</span> 
     </span>
    </p>
   </div>
   <div class='ocr_carea' id='block_1_67' title="bbox 282 3318 1866 3391">
    <p class='ocr_par' dir='ltr' id='par_1_67' title="bbox 282 3318 1866 3391">
     <span class='ocr_line' id='line_1_67' title="bbox 282 3318 1866 3391; baseline 0 -20"><span class='ocrx_word' id='word_1_523' title='bbox 282 3320 548 3391; x_wconf 75' lang='grc' dir='ltr'>μαθηταί.</span> <span class='ocrx_word' id='word_1_524' title='bbox 572 3321 761 3375; x_wconf 78' lang='grc' dir='ltr'>Πάντα</span> <span class='ocrx_word' id='word_1_525' title='bbox 794 3319 894 3391; x_wconf 82' lang='grc' dir='ltr'>μὲν</span> <span class='ocrx_word' id='word_1_526' title='bbox 924 3318 1162 3390; x_wconf 82' lang='grc' dir='ltr'>ἰσχύοντι</span> <span class='ocrx_word' id='word_1_527' title='bbox 1186 3319 1508 3390; x_wconf 78' lang='grc' dir='ltr'>κατορθοῦν,</span> <span class='ocrx_word' id='word_1_528' title='bbox 1545 3321 1638 3373; x_wconf 77' lang='grc' dir='ltr'><strong>καὶ</strong></span> <span class='ocrx_word' id='word_1_529' title='bbox 1663 3320 1761 3390; x_wconf 85' lang='grc' dir='ltr'><strong>ούχ</strong></span> <span class='ocrx_word' id='word_1_530' title='bbox 1792 3321 1866 3382; x_wconf 85' lang='grc' dir='ltr'><strong>ὼς</strong></span> 
     </span>
    </p>
   </div>
   <div class='ocr_carea' id='block_1_68' title="bbox 279 3408 1867 3483">
    <p class='ocr_par' dir='ltr' id='par_1_68' title="bbox 279 3408 1867 3483">
     <span class='ocr_line' id='line_1_68' title="bbox 279 3408 1867 3483; baseline -0.004 -15"><span class='ocrx_word' id='word_1_531' title='bbox 279 3413 599 3468; x_wconf 87' lang='grc' dir='ltr'>ἀσθενοῦντι</span> <span class='ocrx_word' id='word_1_532' title='bbox 646 3412 1052 3483; x_wconf 80' lang='grc' dir='ltr'>συντρέχοντες,</span> <span class='ocrx_word' id='word_1_533' title='bbox 1099 3410 1214 3464; x_wconf 78' lang='grc' dir='ltr'>ἀλλ’</span> <span class='ocrx_word' id='word_1_534' title='bbox 1249 3411 1324 3475; x_wconf 83' lang='grc' dir='ltr'>ὡς</span> <span class='ocrx_word' id='word_1_535' title='bbox 1369 3410 1698 3482; x_wconf 78' lang='grc' dir='ltr'>κεκλημένοι</span> <span class='ocrx_word' id='word_1_536' title='bbox 1731 3408 1867 3480; x_wconf 81' lang='grc' dir='ltr'>πρὸς</span> 
     </span>
    </p>
   </div>
   <div class='ocr_carea' id='block_1_69' title="bbox 282 3500 1865 3576">
    <p class='ocr_par' dir='ltr' id='par_1_69' title="bbox 282 3500 1865 3576">
     <span class='ocr_line' id='line_1_69' title="bbox 282 3500 1865 3576; baseline -0.005 -16"><span class='ocrx_word' id='word_1_537' title='bbox 282 3504 594 3576; x_wconf 75' lang='grc' dir='ltr'>ὑπουργίαν</span> <span class='ocrx_word' id='word_1_538' title='bbox 631 3505 727 3558; x_wconf 74' lang='grc' dir='ltr'>καὶ</span> <span class='ocrx_word' id='word_1_539' title='bbox 757 3502 1071 3575; x_wconf 80' lang='grc' dir='ltr'>ἀριστίνδην</span> <span class='ocrx_word' id='word_1_540' title='bbox 1101 3501 1533 3572; x_wconf 82' lang='grc' dir='ltr'>ἐπιλελεγμένοι,</span> <span class='ocrx_word' id='word_1_541' title='bbox 1564 3501 1660 3554; x_wconf 74' lang='grc' dir='ltr'>καὶ</span> <span class='ocrx_word' id='word_1_542' title='bbox 1692 3500 1754 3554; x_wconf 81' lang='grc' dir='ltr'>τὸ</span> <span class='ocrx_word' id='word_1_543' title='bbox 1782 3501 1865 3569; x_wconf 80' lang='grc' dir='ltr'><strong>ἐφ’</strong></span> 
     </span>
    </p>
   </div>
   <div class='ocr_carea' id='block_1_70' title="bbox 281 3595 1866 3668">
    <p class='ocr_par' dir='ltr' id='par_1_70' title="bbox 281 3595 1866 3668">
     <span class='ocr_line' id='line_1_70' title="bbox 281 3595 1866 3668; baseline -0.004 -15"><span class='ocrx_word' id='word_1_544' title='bbox 281 3599 490 3653; x_wconf 69' lang='grc' dir='ltr'>ἅπασιν</span> <span class='ocrx_word' id='word_1_545' title='bbox 520 3598 770 3661; x_wconf 80' lang='grc' dir='ltr'>εὐσθενὲς</span> <span class='ocrx_word' id='word_1_546' title='bbox 800 3597 931 3668; x_wconf 79' lang='grc' dir='ltr'>παρ’</span> <span class='ocrx_word' id='word_1_547' title='bbox 966 3595 1131 3649; x_wconf 78' lang='grc' dir='ltr'>αὐτοῦ</span> <span class='ocrx_word' id='word_1_548' title='bbox 1164 3595 1559 3666; x_wconf 87' lang='grc' dir='ltr'>κερδαίνοντες.</span> <span class='ocrx_word' id='word_1_549' title='bbox 1589 3595 1700 3648; x_wconf 74' lang='grc' dir='ltr'><strong>Καὶ</strong></span> <span class='ocrx_word' id='word_1_550' title='bbox 1725 3611 1866 3666; x_wconf 78' lang='grc' dir='ltr'>μαρο</span> 
     </span>
    </p>
   </div>
   <div class='ocr_carea' id='block_1_71' title="bbox 278 3687 1869 3763">
    <p class='ocr_par' dir='ltr' id='par_1_71' title="bbox 278 3687 1869 3763">
     <span class='ocr_line' id='line_1_71' title="bbox 278 3687 1869 3763; baseline -0.003 -19"><span class='ocrx_word' id='word_1_551' title='bbox 278 3694 508 3763; x_wconf 84' lang='grc' dir='ltr'>τυρήσει</span> <span class='ocrx_word' id='word_1_552' title='bbox 550 3690 726 3760; x_wconf 90' lang='grc' dir='ltr'>λέγων</span> <span class='ocrx_word' id='word_1_553' title='bbox 767 3693 794 3745; x_wconf 88' lang='lat'><strong>6</strong></span> <span class='ocrx_word' id='word_1_554' title='bbox 824 3689 1107 3752; x_wconf 84' lang='grc' dir='ltr'>θεσπέσιος</span> <span class='ocrx_word' id='word_1_555' title='bbox 1136 3687 1372 3753; x_wconf 86' lang='grc' dir='ltr'>Παῦλος·</span> <span class='ocrx_word' id='word_1_556' title='bbox 1415 3706 1433 3740; x_wconf 82' lang='grc' dir='ltr'>ι</span> <span class='ocrx_word' id='word_1_557' title='bbox 1484 3688 1670 3743; x_wconf 87' lang='grc' dir='ltr'>Πάντα</span> <span class='ocrx_word' id='word_1_558' title='bbox 1702 3687 1869 3758; x_wconf 85' lang='grc' dir='ltr'><strong>ἰσχύω</strong></span> 
     </span>
    </p>
   </div>
   <div class='ocr_carea' id='block_1_72' title="bbox 283 3779 1315 3856">
    <p class='ocr_par' dir='ltr' id='par_1_72' title="bbox 283 3779 1315 3856">
     <span class='ocr_line' id='line_1_72' title="bbox 283 3779 1315 3856; baseline -0.004 -20"><span class='ocrx_word' id='word_1_559' title='bbox 283 3784 344 3838; x_wconf 75' lang='grc' dir='ltr'><strong>έν</strong></span> <span class='ocrx_word' id='word_1_560' title='bbox 377 3782 457 3856; x_wconf 84' lang='grc' dir='ltr'>τῷ</span> <span class='ocrx_word' id='word_1_561' title='bbox 489 3781 872 3855; x_wconf 70' lang='grc' dir='ltr'>ἐνδυναμοῦντί</span> <span class='ocrx_word' id='word_1_562' title='bbox 911 3799 976 3853; x_wconf 90' lang='grc' dir='ltr'><strong>με</strong></span> <span class='ocrx_word' id='word_1_563' title='bbox 1012 3779 1254 3854; x_wconf 83' lang='grc' dir='ltr'><strong>Χριστῷ.</strong></span> <span class='ocrx_word' id='word_1_564' title='bbox 1296 3799 1315 3833; x_wconf 73' lang='grc' dir='ltr'><strong>ι</strong></span> 
     </span>
    </p>
   </div>
   <div class='ocr_carea' id='block_1_73' title="bbox 355 4048 1867 4121">
    <p class='ocr_par' dir='ltr' id='par_1_73' title="bbox 355 4048 1867 4121">
     <span class='ocr_line' id='line_1_73' title="bbox 355 4048 1867 4121; baseline -0.003 -15"><span class='ocrx_word' id='word_1_565' title='bbox 355 4051 568 4109; x_wconf 72' lang='grc' dir='ltr'><strong>ΠΑΑΛ.</strong></span> <span class='ocrx_word' id='word_1_566' title='bbox 603 4050 814 4105; x_wconf 82' lang='grc' dir='ltr'>υύκοῦν</span> <span class='ocrx_word' id='word_1_567' title='bbox 845 4050 1134 4105; x_wconf 84' lang='grc' dir='ltr'>ἀπόλεκτοι</span> <span class='ocrx_word' id='word_1_568' title='bbox 1164 4052 1260 4105; x_wconf 71' lang='grc' dir='ltr'>καὶ</span> <span class='ocrx_word' id='word_1_569' title='bbox 1291 4049 1554 4121; x_wconf 79' lang='grc' dir='ltr'>ὀνομαστί</span> <span class='ocrx_word' id='word_1_570' title='bbox 1577 4048 1867 4120; x_wconf 79' lang='grc' dir='ltr'>κέκληνται</span> 
     </span>
    </p>
   </div>
   <div class='ocr_carea' id='block_1_74' title="bbox 281 4142 1536 4216">
    <p class='ocr_par' dir='ltr' id='par_1_74' title="bbox 281 4142 1536 4216">
     <span class='ocr_line' id='line_1_74' title="bbox 281 4142 1536 4216; baseline -0.002 -17"><span class='ocrx_word' id='word_1_571' title='bbox 281 4146 422 4216; x_wconf 77' lang='grc' dir='ltr'>πρὸς</span> <span class='ocrx_word' id='word_1_572' title='bbox 460 4145 772 4216; x_wconf 78' lang='grc' dir='ltr'>ἱερουργίαν</span> <span class='ocrx_word' id='word_1_573' title='bbox 813 4143 1026 4216; x_wconf 84' lang='grc' dir='ltr'>Ἀαρών</span> <span class='ocrx_word' id='word_1_574' title='bbox 1056 4161 1116 4198; x_wconf 86' lang='grc' dir='ltr'><strong>τε</strong></span> <span class='ocrx_word' id='word_1_575' title='bbox 1149 4144 1245 4198; x_wconf 80' lang='grc' dir='ltr'><strong>καὶ</strong></span> <span class='ocrx_word' id='word_1_576' title='bbox 1265 4145 1314 4197; x_wconf 80' lang='lat' dir='ltr'><strong>oi</strong></span> <span class='ocrx_word' id='word_1_577' title='bbox 1339 4142 1536 4198; x_wconf 89' lang='grc' dir='ltr'>λοιποί.</span> 
     </span>
    </p>
   </div>
   <div class='ocr_carea' id='block_1_75' title="bbox 357 4235 1872 4308">
    <p class='ocr_par' dir='ltr' id='par_1_75' title="bbox 357 4235 1872 4308">
     <span class='ocr_line' id='line_1_75' title="bbox 357 4235 1872 4308; baseline -0.003 -16"><span class='ocrx_word' id='word_1_578' title='bbox 357 4239 527 4292; x_wconf 82' lang='grc' dir='ltr'><strong>ΚΥΡ.</strong></span> <span class='ocrx_word' id='word_1_579' title='bbox 583 4238 695 4293; x_wconf 73' lang='grc' dir='ltr'>Καὶ</span> <span class='ocrx_word' id='word_1_580' title='bbox 732 4237 870 4308; x_wconf 83' lang='grc' dir='ltr'>πρός</span> <span class='ocrx_word' id='word_1_581' title='bbox 917 4253 981 4306; x_wconf 87' lang='grc' dir='ltr'><strong>γε</strong></span> <span class='ocrx_word' id='word_1_582' title='bbox 1025 4237 1089 4308; x_wconf 83' lang='grc' dir='ltr'>δὴ</span> <span class='ocrx_word' id='word_1_583' title='bbox 1135 4235 1348 4301; x_wconf 90' lang='grc' dir='ltr'>τούτοις</span> <span class='ocrx_word' id='word_1_584' title='bbox 1396 4235 1627 4306; x_wconf 88' lang='grc' dir='ltr'>λαμπρά</span> <span class='ocrx_word' id='word_1_585' title='bbox 1666 4253 1727 4289; x_wconf 88' lang='grc' dir='ltr'><strong>τε</strong></span> <span class='ocrx_word' id='word_1_586' title='bbox 1779 4237 1872 4289; x_wconf 76' lang='grc' dir='ltr'><strong>καὶ</strong></span> 
     </span>
    </p>
   </div>
   <div class='ocr_carea' id='block_1_76' title="bbox 285 4327 1872 4402">
    <p class='ocr_par' dir='ltr' id='par_1_76' title="bbox 285 4327 1872 4402">
     <span class='ocr_line' id='line_1_76' title="bbox 285 4327 1872 4402; baseline -0.003 -18"><span class='ocrx_word' id='word_1_587' title='bbox 285 4330 592 4402; x_wconf 83' lang='grc' dir='ltr'>ἰεροπρεπῆ</span> <span class='ocrx_word' id='word_1_588' title='bbox 658 4329 728 4383; x_wconf 85' lang='grc' dir='ltr'><strong>τά</strong></span> <span class='ocrx_word' id='word_1_589' title='bbox 777 4329 1066 4402; x_wconf 79' lang='grc' dir='ltr'>ἐσθήματα</span> <span class='ocrx_word' id='word_1_590' title='bbox 1126 4327 1637 4392; x_wconf 77' lang='grc' dir='ltr'>κατασκευάζεσθαι</span> <span class='ocrx_word' id='word_1_591' title='bbox 1687 4328 1872 4392; x_wconf 78' lang='grc' dir='ltr'>αὐτοῖς</span> 
     </span>
    </p>
   </div>
   <div class='ocr_carea' id='block_1_77' title="bbox 1965 3219 3562 3278">
    <p class='ocr_par' dir='ltr' id='par_1_77' title="bbox 1965 3219 3562 3278">
     <span class='ocr_line' id='line_1_77' title="bbox 1965 3219 3562 3278; baseline 0 -1"><span class='ocrx_word' id='word_1_592' title='bbox 1965 3222 2146 3277; x_wconf 84' lang='lat' dir='ltr'><strong>Aaron</strong></span> <span class='ocrx_word' id='word_1_593' title='bbox 2209 3219 2327 3274; x_wconf 81' lang='lat' dir='ltr'><strong>filii.</strong></span> <span class='ocrx_word' id='word_1_594' title='bbox 2374 3219 2444 3275; x_wconf 87' lang='lat' dir='ltr'><strong>At</strong></span> <span class='ocrx_word' id='word_1_595' title='bbox 2493 3236 2626 3274; x_wconf 91' lang='lat' dir='ltr'><strong>vero</strong></span> <span class='ocrx_word' id='word_1_596' title='bbox 2673 3221 2820 3276; x_wconf 90' lang='lat' dir='ltr'><strong>illius</strong></span> <span class='ocrx_word' id='word_1_597' title='bbox 2882 3223 3082 3276; x_wconf 85' lang='lat' dir='ltr'><strong>summi</strong></span> <span class='ocrx_word' id='word_1_598' title='bbox 3107 3223 3412 3278; x_wconf 91' lang='lat' dir='ltr'><strong>sacerdotis</strong></span> <span class='ocrx_word' id='word_1_599' title='bbox 3441 3237 3562 3278; x_wconf 81' lang='lat' dir='ltr'><strong>om-</strong></span> 
     </span>
    </p>
   </div>
   <div class='ocr_carea' id='block_1_78' title="bbox 1966 3310 3566 3383">
    <p class='ocr_par' dir='ltr' id='par_1_78' title="bbox 1966 3310 3566 3383">
     <span class='ocr_line' id='line_1_78' title="bbox 1966 3310 3566 3383; baseline -0.001 -14"><span class='ocrx_word' id='word_1_600' title='bbox 1966 3314 2121 3369; x_wconf 89' lang='lat' dir='ltr'><strong>nium</strong></span> <span class='ocrx_word' id='word_1_601' title='bbox 2154 3322 2319 3382; x_wconf 90' lang='lat' dir='ltr'><strong>atque</strong></span> <span class='ocrx_word' id='word_1_602' title='bbox 2375 3311 2645 3381; x_wconf 90' lang='lat' dir='ltr'><strong>principis</strong></span> <span class='ocrx_word' id='word_1_603' title='bbox 2671 3310 2877 3367; x_wconf 89' lang='lat' dir='ltr'><strong>Christi</strong></span> <span class='ocrx_word' id='word_1_604' title='bbox 2908 3313 3271 3382; x_wconf 90' lang='lat' dir='ltr'><strong>spiritualiter</strong></span> <span class='ocrx_word' id='word_1_605' title='bbox 3304 3329 3566 3383; x_wconf 81' lang='lat' dir='ltr'><strong>coopera-</strong></span> 
     </span>
    </p>
   </div>
   <div class='ocr_carea' id='block_1_79' title="bbox 1968 3405 3563 3475">
    <p class='ocr_par' dir='ltr' id='par_1_79' title="bbox 1968 3405 3563 3475">
     <span class='ocr_line' id='line_1_79' title="bbox 1968 3405 3563 3475; baseline 0.001 -14"><span class='ocrx_word' id='word_1_606' title='bbox 1968 3416 2116 3462; x_wconf 91' lang='lat' dir='ltr'><strong>tores</strong></span> <span class='ocrx_word' id='word_1_607' title='bbox 2153 3405 2381 3461; x_wconf 88' lang='lat' dir='ltr'><strong>fuerunt</strong></span> <span class='ocrx_word' id='word_1_608' title='bbox 2427 3405 2598 3460; x_wconf 90' lang='lat' dir='ltr'><strong>etiam</strong></span> <span class='ocrx_word' id='word_1_609' title='bbox 2652 3405 2798 3460; x_wconf 88' lang='lat' dir='ltr'><strong>beati</strong></span> <span class='ocrx_word' id='word_1_610' title='bbox 2858 3405 3137 3475; x_wconf 90' lang='lat' dir='ltr'><strong>discipuli,</strong></span> <span class='ocrx_word' id='word_1_611' title='bbox 3186 3407 3439 3475; x_wconf 89' lang='lat' dir='ltr'><strong>quamvis</strong></span> <span class='ocrx_word' id='word_1_612' title='bbox 3471 3406 3563 3462; x_wconf 91' lang='lat' dir='ltr'><strong>ille</strong></span> 
     </span>
    </p>
   </div>
   <div class='ocr_carea' id='block_1_80' title="bbox 1967 3496 3564 3569">
    <p class='ocr_par' dir='ltr' id='par_1_80' title="bbox 1967 3496 3564 3569">
     <span class='ocr_line' id='line_1_80' title="bbox 1967 3496 3564 3569; baseline -0.002 -13"><span class='ocrx_word' id='word_1_613' title='bbox 1967 3499 2152 3556; x_wconf 90' lang='lat' dir='ltr'><strong>omnia</strong></span> <span class='ocrx_word' id='word_1_614' title='bbox 2210 3506 2396 3569; x_wconf 90' lang='lat' dir='ltr'><strong>posset</strong></span> <span class='ocrx_word' id='word_1_615' title='bbox 2435 3496 2677 3563; x_wconf 81' lang='lat' dir='ltr'><strong>eﬂicere,</strong></span> <span class='ocrx_word' id='word_1_616' title='bbox 2734 3497 2895 3567; x_wconf 90' lang='lat' dir='ltr'><strong>eique</strong></span> <span class='ocrx_word' id='word_1_617' title='bbox 2948 3513 3058 3552; x_wconf 89' lang='lat' dir='ltr'><strong>non</strong></span> <span class='ocrx_word' id='word_1_618' title='bbox 3103 3506 3165 3552; x_wconf 91' lang='lat' dir='ltr'><strong>ut</strong></span> <span class='ocrx_word' id='word_1_619' title='bbox 3198 3496 3475 3552; x_wconf 90' lang='lat' dir='ltr'><strong>imbecillo</strong></span> <span class='ocrx_word' id='word_1_620' title='bbox 3504 3513 3564 3553; x_wconf 83' lang='lat' dir='ltr'><strong>se</strong></span> 
     </span>
    </p>
   </div>
   <div class='ocr_carea' id='block_1_81' title="bbox 1967 3589 3563 3662">
    <p class='ocr_par' dir='ltr' id='par_1_81' title="bbox 1967 3589 3563 3662">
     <span class='ocr_line' id='line_1_81' title="bbox 1967 3589 3563 3662; baseline -0.001 -16"><span class='ocrx_word' id='word_1_621' title='bbox 1967 3592 2198 3646; x_wconf 88' lang='lat' dir='ltr'><strong>comites</strong></span> <span class='ocrx_word' id='word_1_622' title='bbox 2238 3589 2639 3662; x_wconf 84' lang='lat' dir='ltr'><strong>adjunxissent,</strong></span> <span class='ocrx_word' id='word_1_623' title='bbox 2691 3589 2787 3644; x_wconf 92' lang='lat' dir='ltr'><strong>sed</strong></span> <span class='ocrx_word' id='word_1_624' title='bbox 2829 3599 2890 3645; x_wconf 91' lang='lat' dir='ltr'><strong>ut</strong></span> <span class='ocrx_word' id='word_1_625' title='bbox 2927 3590 2996 3644; x_wconf 91' lang='lat' dir='ltr'><strong>ad</strong></span> <span class='ocrx_word' id='word_1_626' title='bbox 3029 3589 3563 3644; x_wconf 88' lang='lat' dir='ltr'><strong>subministrandum</strong></span> 
     </span>
    </p>
   </div>
   <div class='ocr_carea' id='block_1_82' title="bbox 1967 3681 3566 3754">
    <p class='ocr_par' dir='ltr' id='par_1_82' title="bbox 1967 3681 3566 3754">
     <span class='ocr_line' id='line_1_82' title="bbox 1967 3681 3566 3754; baseline -0.001 -15"><span class='ocrx_word' id='word_1_627' title='bbox 1967 3683 2148 3739; x_wconf 84' lang='lat' dir='ltr'><strong>vocati</strong></span> <span class='ocrx_word' id='word_1_628' title='bbox 2194 3698 2259 3738; x_wconf 88' lang='lat' dir='ltr'><strong>ac</strong></span> <span class='ocrx_word' id='word_1_629' title='bbox 2289 3698 2403 3754; x_wconf 65' lang='lat' dir='ltr'><strong>prae</strong></span> <span class='ocrx_word' id='word_1_630' title='bbox 2426 3683 2642 3738; x_wconf 70' lang='lat' dir='ltr'><strong>caeteris</strong></span> <span class='ocrx_word' id='word_1_631' title='bbox 2665 3683 2850 3749; x_wconf 90' lang='lat' dir='ltr'><strong>electi,</strong></span> <span class='ocrx_word' id='word_1_632' title='bbox 2871 3681 3087 3737; x_wconf 89' lang='lat' dir='ltr'><strong>viribus</strong></span> <span class='ocrx_word' id='word_1_633' title='bbox 3109 3682 3178 3738; x_wconf 90' lang='lat' dir='ltr'><strong>ab</strong></span> <span class='ocrx_word' id='word_1_634' title='bbox 3202 3697 3267 3738; x_wconf 92' lang='lat' dir='ltr'><strong>eo</strong></span> <span class='ocrx_word' id='word_1_635' title='bbox 3287 3681 3356 3737; x_wconf 91' lang='lat' dir='ltr'><strong>ad</strong></span> <span class='ocrx_word' id='word_1_636' title='bbox 3379 3681 3566 3737; x_wconf 84' lang='lat' dir='ltr'><strong>omnia</strong></span> 
     </span>
    </p>
   </div>
   <div class='ocr_carea' id='block_1_83' title="bbox 1968 3773 3568 3846">
    <p class='ocr_par' dir='ltr' id='par_1_83' title="bbox 1968 3773 3568 3846">
     <span class='ocr_line' id='line_1_83' title="bbox 1968 3773 3568 3846; baseline -0.003 -14"><span class='ocrx_word' id='word_1_637' title='bbox 1968 3774 2305 3846; x_wconf 79' lang='lat' dir='ltr'><strong>perficienda</strong></span> <span class='ocrx_word' id='word_1_638' title='bbox 2361 3775 2616 3846; x_wconf 89' lang='lat' dir='ltr'><strong>sumptis.</strong></span> <span class='ocrx_word' id='word_1_639' title='bbox 2657 3773 2828 3846; x_wconf 82' lang='lat' dir='ltr'><strong>Cujus</strong></span> <span class='ocrx_word' id='word_1_640' title='bbox 2877 3775 2958 3831; x_wconf 93' lang='lat' dir='ltr'><strong>rei</strong></span> <span class='ocrx_word' id='word_1_641' title='bbox 3016 3775 3173 3830; x_wconf 91' lang='lat' dir='ltr'><strong>testis</strong></span> <span class='ocrx_word' id='word_1_642' title='bbox 3229 3782 3314 3830; x_wconf 84' lang='lat' dir='ltr'><strong>est</strong></span> <span class='ocrx_word' id='word_1_643' title='bbox 3373 3773 3568 3829; x_wconf 83' lang='lat' dir='ltr'><strong>beatus</strong></span> 
     </span>
    </p>
   </div>
   <div class='ocr_carea' id='block_1_84' title="bbox 1969 3865 3567 3939">
    <p class='ocr_par' dir='ltr' id='par_1_84' title="bbox 1969 3865 3567 3939">
     <span class='ocr_line' id='line_1_84' title="bbox 1969 3865 3567 3939; baseline -0.003 -15"><span class='ocrx_word' id='word_1_644' title='bbox 1969 3869 2209 3934; x_wconf 91' lang='lat' dir='ltr'><strong>Paulus,</strong></span> <span class='ocrx_word' id='word_1_645' title='bbox 2250 3883 2376 3923; x_wconf 89' lang='lat' dir='ltr'><strong>cum</strong></span> <span class='ocrx_word' id='word_1_646' title='bbox 2416 3868 2596 3922; x_wconf 89' lang='lat' dir='ltr'><strong>dicit:</strong></span> <span class='ocrx_word' id='word_1_647' title='bbox 2649 3887 2667 3919; x_wconf 73' lang='grc' dir='ltr'><strong>ι</strong></span> <span class='ocrx_word' id='word_1_648' title='bbox 2701 3867 2902 3924; x_wconf 88' lang='lat' dir='ltr'><strong>Omnia</strong></span> <span class='ocrx_word' id='word_1_649' title='bbox 2950 3883 3174 3939; x_wconf 89' lang='lat' dir='ltr'><strong>possum</strong></span> <span class='ocrx_word' id='word_1_650' title='bbox 3228 3869 3284 3923; x_wconf 91' lang='lat' dir='ltr'><strong>in</strong></span> <span class='ocrx_word' id='word_1_651' title='bbox 3333 3882 3421 3931; x_wconf 90' lang='lat' dir='ltr'><strong>eo,</strong></span> <span class='ocrx_word' id='word_1_652' title='bbox 3472 3865 3567 3936; x_wconf 89' lang='lat' dir='ltr'><strong>qui</strong></span> 
     </span>
    </p>
   </div>
   <div class='ocr_carea' id='block_1_85' title="bbox 1969 3960 2773 4018">
    <p class='ocr_par' dir='ltr' id='par_1_85' title="bbox 1969 3960 2773 4018">
     <span class='ocr_line' id='line_1_85' title="bbox 1969 3960 2773 4018; baseline -0.006 -2"><span class='ocrx_word' id='word_1_653' title='bbox 1969 3978 2058 4018; x_wconf 89' lang='lat' dir='ltr'><strong>me</strong></span> <span class='ocrx_word' id='word_1_654' title='bbox 2088 3961 2359 4017; x_wconf 87' lang='lat' dir='ltr'><strong>confortat</strong></span> <span class='ocrx_word' id='word_1_655' title='bbox 2387 3960 2610 4016; x_wconf 89' lang='lat' dir='ltr'><strong>Christo</strong></span> <span class='ocrx_word' id='word_1_656' title='bbox 2641 3961 2706 4014; x_wconf 78' lang='lat'><strong>&quot;.</strong></span> <span class='ocrx_word' id='word_1_657' title='bbox 2755 3980 2773 4011; x_wconf 77' lang='grc' dir='ltr'><strong>ι</strong></span> 
     </span>
    </p>
   </div>
   <div class='ocr_carea' id='block_1_86' title="bbox 2043 4048 3564 4121">
    <p class='ocr_par' dir='ltr' id='par_1_86' title="bbox 2043 4048 3564 4121">
     <span class='ocr_line' id='line_1_86' title="bbox 2043 4048 3564 4121; baseline -0.003 -13"><span class='ocrx_word' id='word_1_658' title='bbox 2043 4051 2242 4108; x_wconf 84' lang='lat' dir='ltr'><strong>PALL.</strong></span> <span class='ocrx_word' id='word_1_659' title='bbox 2301 4051 2474 4121; x_wconf 89' lang='lat' dir='ltr'><strong>Igitur</strong></span> <span class='ocrx_word' id='word_1_660' title='bbox 2515 4049 2715 4105; x_wconf 90' lang='lat' dir='ltr'><strong>delecti</strong></span> <span class='ocrx_word' id='word_1_661' title='bbox 2763 4065 2828 4104; x_wconf 91' lang='lat' dir='ltr'><strong>ac</strong></span> <span class='ocrx_word' id='word_1_662' title='bbox 2858 4049 3183 4104; x_wconf 89' lang='lat' dir='ltr'><strong>nominatim</strong></span> <span class='ocrx_word' id='word_1_663' title='bbox 3215 4048 3469 4119; x_wconf 89' lang='lat' dir='ltr'><strong>appellati</strong></span> <span class='ocrx_word' id='word_1_664' title='bbox 3495 4049 3564 4104; x_wconf 89' lang='lat' dir='ltr'><strong>ad</strong></span> 
     </span>
    </p>
   </div>
   <div class='ocr_carea' id='block_1_87' title="bbox 1973 4140 3420 4212">
    <p class='ocr_par' dir='ltr' id='par_1_87' title="bbox 1973 4140 3420 4212">
     <span class='ocr_line' id='line_1_87' title="bbox 1973 4140 3420 4212; baseline -0.002 -13"><span class='ocrx_word' id='word_1_665' title='bbox 1973 4143 2268 4200; x_wconf 89' lang='lat' dir='ltr'><strong>sacerdotii</strong></span> <span class='ocrx_word' id='word_1_666' title='bbox 2292 4157 2497 4196; x_wconf 93' lang='lat' dir='ltr'><strong>munus</strong></span> <span class='ocrx_word' id='word_1_667' title='bbox 2530 4140 2710 4196; x_wconf 90' lang='lat' dir='ltr'><strong>vocati</strong></span> <span class='ocrx_word' id='word_1_668' title='bbox 2743 4149 2875 4196; x_wconf 92' lang='lat' dir='ltr'><strong>sunt</strong></span> <span class='ocrx_word' id='word_1_669' title='bbox 2896 4142 3080 4196; x_wconf 86' lang='lat' dir='ltr'><strong>Aaron</strong></span> <span class='ocrx_word' id='word_1_670' title='bbox 3113 4157 3177 4196; x_wconf 93' lang='lat' dir='ltr'><strong>ac</strong></span> <span class='ocrx_word' id='word_1_671' title='bbox 3200 4141 3420 4212; x_wconf 90' lang='lat' dir='ltr'><strong>reliqui.</strong></span> 
     </span>
    </p>
   </div>
   <div class='ocr_carea' id='block_1_88' title="bbox 2042 4233 3568 4304">
    <p class='ocr_par' dir='ltr' id='par_1_88' title="bbox 2042 4233 3568 4304">
     <span class='ocr_line' id='line_1_88' title="bbox 2042 4233 3568 4304; baseline 0 -13"><span class='ocrx_word' id='word_1_672' title='bbox 2042 4235 2200 4292; x_wconf 78' lang='lat' dir='ltr'><strong>CYB.</strong></span> <span class='ocrx_word' id='word_1_673' title='bbox 2239 4233 2320 4288; x_wconf 86' lang='lat' dir='ltr'><strong>Ad</strong></span> <span class='ocrx_word' id='word_1_674' title='bbox 2368 4233 2486 4287; x_wconf 68' lang='lat' dir='ltr'><strong>haec</strong></span> <span class='ocrx_word' id='word_1_675' title='bbox 2529 4242 2712 4288; x_wconf 88' lang='lat' dir='ltr'><strong>vestes</strong></span> <span class='ocrx_word' id='word_1_676' title='bbox 2774 4233 2884 4287; x_wconf 92' lang='lat' dir='ltr'><strong>illis</strong></span> <span class='ocrx_word' id='word_1_677' title='bbox 2928 4249 3146 4304; x_wconf 90' lang='lat' dir='ltr'><strong>quoque</strong></span> <span class='ocrx_word' id='word_1_678' title='bbox 3173 4235 3464 4304; x_wconf 60' lang='lat' dir='ltr'><strong>praclaras</strong></span> <span class='ocrx_word' id='word_1_679' title='bbox 3512 4244 3568 4291; x_wconf 90' lang='lat' dir='ltr'><strong>et</strong></span> 
     </span>
    </p>
   </div>
   <div class='ocr_carea' id='block_1_89' title="bbox 1975 4325 3562 4398">
    <p class='ocr_par' dir='ltr' id='par_1_89' title="bbox 1975 4325 3562 4398">
     <span class='ocr_line' id='line_1_89' title="bbox 1975 4325 3562 4398; baseline -0.006 -11"><span class='ocrx_word' id='word_1_680' title='bbox 1975 4328 2304 4388; x_wconf 87' lang='lat' dir='ltr'><strong>sacerdotali</strong></span> <span class='ocrx_word' id='word_1_681' title='bbox 2335 4342 2566 4382; x_wconf 89' lang='lat' dir='ltr'><strong>munere</strong></span> <span class='ocrx_word' id='word_1_682' title='bbox 2597 4327 2790 4398; x_wconf 85' lang='lat' dir='ltr'><strong>dignas</strong></span> <span class='ocrx_word' id='word_1_683' title='bbox 2815 4326 3011 4382; x_wconf 85' lang='lat' dir='ltr'><strong>confici</strong></span> <span class='ocrx_word' id='word_1_684' title='bbox 3049 4325 3331 4396; x_wconf 60' lang='lat' dir='ltr'><strong>pratcepit,</strong></span> <span class='ocrx_word' id='word_1_685' title='bbox 3353 4325 3562 4381; x_wconf 82' lang='lat' dir='ltr'><strong>dicens:</strong></span> 
     </span>
    </p>
   </div>
   <div class='ocr_carea' id='block_1_90' title="bbox 285 4418 1863 4513">
    <p class='ocr_par' dir='ltr' id='par_1_90' title="bbox 285 4418 1863 4492">
     <span class='ocr_line' id='line_1_90' title="bbox 285 4418 1863 4492; baseline -0.003 -16"><span class='ocrx_word' id='word_1_686' title='bbox 285 4421 599 4492; x_wconf 76' lang='grc' dir='ltr'>ἐνομοθέτει</span> <span class='ocrx_word' id='word_1_687' title='bbox 661 4421 857 4489; x_wconf 80' lang='grc' dir='ltr'>λέγων’</span> <span class='ocrx_word' id='word_1_688' title='bbox 916 4439 934 4472; x_wconf 79' lang='grc' dir='ltr'>ι</span> <span class='ocrx_word' id='word_1_689' title='bbox 991 4421 1101 4474; x_wconf 72' lang='grc' dir='ltr'><strong>Καὶ</strong></span> <span class='ocrx_word' id='word_1_690' title='bbox 1157 4419 1409 4490; x_wconf 83' lang='grc' dir='ltr'>ποιήσεις</span> <span class='ocrx_word' id='word_1_691' title='bbox 1467 4418 1659 4490; x_wconf 80' lang='grc' dir='ltr'>στολὴν</span> <span class='ocrx_word' id='word_1_692' title='bbox 1713 4419 1863 4488; x_wconf 81' lang='grc' dir='ltr'>ἀγίαν</span> 
     </span>
    </p>
   </div>
   <div class='ocr_carea' id='block_1_91' title="bbox 1971 4418 3568 4513">
    <p class='ocr_par' dir='ltr' id='par_1_91' title="bbox 1985 4418 3568 4480">
     <span class='ocr_line' id='line_1_91' title="bbox 1985 4418 3568 4480; baseline -0.002 -4"><span class='ocrx_word' id='word_1_693' title='bbox 1985 4445 2003 4476; x_wconf 73' lang='grc' dir='ltr'>ι</span> <span class='ocrx_word' id='word_1_694' title='bbox 2031 4425 2101 4480; x_wconf 88' lang='lat' dir='ltr'><strong>Et</strong></span> <span class='ocrx_word' id='word_1_695' title='bbox 2152 4421 2323 4478; x_wconf 88' lang='lat' dir='ltr'><strong>facies</strong></span> <span class='ocrx_word' id='word_1_696' title='bbox 2359 4421 2556 4476; x_wconf 88' lang='lat' dir='ltr'><strong>stolam</strong></span> <span class='ocrx_word' id='word_1_697' title='bbox 2581 4428 2825 4476; x_wconf 88' lang='lat' dir='ltr'><strong>sanctam</strong></span> <span class='ocrx_word' id='word_1_698' title='bbox 2856 4420 3035 4475; x_wconf 84' lang='lat' dir='ltr'><strong>Aaron</strong></span> <span class='ocrx_word' id='word_1_699' title='bbox 3059 4418 3215 4473; x_wconf 82' lang='lat' dir='ltr'><strong>fratri</strong></span> <span class='ocrx_word' id='word_1_700' title='bbox 3249 4427 3344 4473; x_wconf 91' lang='lat' dir='ltr'><strong>tuo</strong></span> <span class='ocrx_word' id='word_1_701' title='bbox 3373 4419 3440 4473; x_wconf 91' lang='lat' dir='ltr'><strong>ad</strong></span> <span class='ocrx_word' id='word_1_702' title='bbox 3470 4419 3568 4473; x_wconf 91' lang='lat' dir='ltr'><strong>ho-</strong></span> 
     </span>
    </p>
   </div>
   <div class='ocr_carea' id='block_1_92' title="bbox 298 4510 1872 4586">
    <p class='ocr_par' dir='ltr' id='par_1_92' title="bbox 298 4510 1872 4586">
     <span class='ocr_line' id='line_1_92' title="bbox 298 4510 1872 4586; baseline -0.004 -17"><span class='ocrx_word' id='word_1_703' title='bbox 298 4513 514 4586; x_wconf 79' lang='grc' dir='ltr'>’Δαρὼν</span> <span class='ocrx_word' id='word_1_704' title='bbox 545 4512 624 4584; x_wconf 85' lang='grc' dir='ltr'>τῷ</span> <span class='ocrx_word' id='word_1_705' title='bbox 663 4511 876 4583; x_wconf 79' lang='grc' dir='ltr'>ἁδελφῷ</span> <span class='ocrx_word' id='word_1_706' title='bbox 908 4528 1000 4566; x_wconf 89' lang='grc' dir='ltr'><strong>σου</strong></span> <span class='ocrx_word' id='word_1_707' title='bbox 1037 4513 1115 4575; x_wconf 86' lang='grc' dir='ltr'><strong>εἰς</strong></span> <span class='ocrx_word' id='word_1_708' title='bbox 1144 4511 1308 4584; x_wconf 81' lang='grc' dir='ltr'>τιμὴν</span> <span class='ocrx_word' id='word_1_709' title='bbox 1345 4510 1439 4564; x_wconf 70' lang='grc' dir='ltr'><strong>καὶ</strong></span> <span class='ocrx_word' id='word_1_710' title='bbox 1466 4510 1645 4575; x_wconf 79' lang='grc' dir='ltr'>δόξαν,</span> <span class='ocrx_word' id='word_1_711' title='bbox 1669 4511 1764 4563; x_wconf 73' lang='grc' dir='ltr'><strong>καὶ</strong></span> <span class='ocrx_word' id='word_1_712' title='bbox 1807 4511 1872 4563; x_wconf 73' lang='grc' dir='ltr'>σὺ</span> 
     </span>
    </p>
   </div>
   <div class='ocr_carea' id='block_1_93' title="bbox 285 4603 1875 4680">
    <p class='ocr_par' dir='ltr' id='par_1_93' title="bbox 285 4603 1875 4680">
     <span class='ocr_line' id='line_1_93' title="bbox 285 4603 1875 4680; baseline -0.004 -18"><span class='ocrx_word' id='word_1_713' title='bbox 285 4609 525 4680; x_wconf 88' lang='grc' dir='ltr'>λάλησον</span> <span class='ocrx_word' id='word_1_714' title='bbox 559 4608 695 4660; x_wconf 84' lang='grc' dir='ltr'>πᾶσι</span> <span class='ocrx_word' id='word_1_715' title='bbox 733 4607 847 4669; x_wconf 86' lang='grc' dir='ltr'>τοῖς</span> <span class='ocrx_word' id='word_1_716' title='bbox 876 4607 1058 4674; x_wconf 80' lang='grc' dir='ltr'>σοφοῖς</span> <span class='ocrx_word' id='word_1_717' title='bbox 1097 4607 1164 4675; x_wconf 83' lang='grc' dir='ltr'><strong>τῇ</strong></span> <span class='ocrx_word' id='word_1_718' title='bbox 1203 4605 1431 4676; x_wconf 83' lang='grc' dir='ltr'>διανοίᾳ,</span> <span class='ocrx_word' id='word_1_719' title='bbox 1480 4603 1574 4668; x_wconf 81' lang='grc' dir='ltr'>οὓς</span> <span class='ocrx_word' id='word_1_720' title='bbox 1602 4603 1875 4674; x_wconf 74' lang='grc' dir='ltr'>ἐνέπλησα</span> 
     </span>
    </p>
   </div>
   <div class='ocr_carea' id='block_1_94' title="bbox 288 4695 1875 4770">
    <p class='ocr_par' dir='ltr' id='par_1_94' title="bbox 288 4695 1875 4770">
     <span class='ocr_line' id='line_1_94' title="bbox 288 4695 1875 4770; baseline -0.005 -17"><span class='ocrx_word' id='word_1_721' title='bbox 288 4701 511 4770; x_wconf 85' lang='grc' dir='ltr'>πνεῦμα</span> <span class='ocrx_word' id='word_1_722' title='bbox 548 4698 874 4770; x_wconf 82' lang='grc' dir='ltr'>αἰσθήσεως,</span> <span class='ocrx_word' id='word_1_723' title='bbox 932 4697 1027 4750; x_wconf 78' lang='grc' dir='ltr'><strong>καὶ</strong></span> <span class='ocrx_word' id='word_1_724' title='bbox 1073 4699 1358 4765; x_wconf 84' lang='grc' dir='ltr'>ποιήσουσι</span> <span class='ocrx_word' id='word_1_725' title='bbox 1392 4695 1492 4768; x_wconf 75' lang='grc' dir='ltr'>τὴν</span> <span class='ocrx_word' id='word_1_726' title='bbox 1538 4695 1729 4768; x_wconf 80' lang='grc' dir='ltr'>στολὴν</span> <span class='ocrx_word' id='word_1_727' title='bbox 1778 4697 1875 4764; x_wconf 79' lang='grc' dir='ltr'><strong>τὴν</strong></span> 
     </span>
    </p>
   </div>
   <div class='ocr_carea' id='block_1_95' title="bbox 290 4782 1869 4864">
    <p class='ocr_par' dir='ltr' id='par_1_95' title="bbox 290 4782 1869 4864">
     <span class='ocr_line' id='line_1_95' title="bbox 290 4782 1869 4864; baseline -0.006 -17"><span class='ocrx_word' id='word_1_728' title='bbox 290 4793 452 4862; x_wconf 80' lang='grc' dir='ltr'>ἁγίαν</span> <span class='ocrx_word' id='word_1_729' title='bbox 505 4791 715 4864; x_wconf 81' lang='grc' dir='ltr'>’Δαρὼν</span> <span class='ocrx_word' id='word_1_730' title='bbox 767 4792 846 4854; x_wconf 82' lang='grc' dir='ltr'>εἰς</span> <span class='ocrx_word' id='word_1_731' title='bbox 873 4793 934 4844; x_wconf 77' lang='grc' dir='ltr'><strong>τδ</strong></span> <span class='ocrx_word' id='word_1_732' title='bbox 980 4789 1135 4858; x_wconf 73' lang='grc' dir='ltr'>ἅγιον</span> <span class='ocrx_word' id='word_1_733' title='bbox 1177 4791 1235 4842; x_wconf 83' lang='grc' dir='ltr'>ὲν</span> <span class='ocrx_word' id='word_1_734' title='bbox 1279 4782 1313 4860; x_wconf 79' lang='grc' dir='ltr'>ἦ</span> <span class='ocrx_word' id='word_1_735' title='bbox 1363 4787 1664 4860; x_wconf 86' lang='grc' dir='ltr'>ἱερατεύσει</span> <span class='ocrx_word' id='word_1_736' title='bbox 1703 4803 1813 4858; x_wconf 87' lang='grc' dir='ltr'>μοι.</span> <span class='ocrx_word' id='word_1_737' title='bbox 1852 4805 1869 4837; x_wconf 72' lang='grc' dir='ltr'><strong>ι</strong></span> 
     </span>
    </p>
   </div>
   <div class='ocr_carea' id='block_1_96' title="bbox 291 4879 1877 4956">
    <p class='ocr_par' dir='ltr' id='par_1_96' title="bbox 291 4879 1877 4956">
     <span class='ocr_line' id='line_1_96' title="bbox 291 4879 1877 4956; baseline -0.007 -15"><span class='ocrx_word' id='word_1_738' title='bbox 291 4886 506 4950; x_wconf 82' lang='grc' dir='ltr'>Παῦλος</span> <span class='ocrx_word' id='word_1_739' title='bbox 542 4887 641 4956; x_wconf 84' lang='grc' dir='ltr'>μὲν</span> <span class='ocrx_word' id='word_1_740' title='bbox 668 4879 761 4940; x_wconf 86' lang='grc' dir='ltr'><strong>οῦν</strong></span> <span class='ocrx_word' id='word_1_741' title='bbox 785 4887 812 4937; x_wconf 87' lang='grc' dir='ltr'><strong>ὁ</strong></span> <span class='ocrx_word' id='word_1_742' title='bbox 844 4884 1156 4951; x_wconf 81' lang='grc' dir='ltr'>σοφώτατος</span> <span class='ocrx_word' id='word_1_743' title='bbox 1172 4884 1286 4944; x_wconf 84' lang='grc' dir='ltr'>τοῖς</span> <span class='ocrx_word' id='word_1_744' title='bbox 1317 4883 1374 4934; x_wconf 79' lang='grc' dir='ltr'>ἐν</span> <span class='ocrx_word' id='word_1_745' title='bbox 1392 4881 1575 4934; x_wconf 85' lang='grc' dir='ltr'>πίστει</span> <span class='ocrx_word' id='word_1_746' title='bbox 1595 4879 1877 4932; x_wconf 79' lang='grc' dir='ltr'>δεδικαιωο</span> 
     </span>
    </p>
   </div>
   <div class='ocr_carea' id='block_1_97' title="bbox 294 4967 1878 5047">
    <p class='ocr_par' dir='ltr' id='par_1_97' title="bbox 294 4967 1878 5047">
     <span class='ocr_line' id='line_1_97' title="bbox 294 4967 1878 5047; baseline -0.007 -18"><span class='ocrx_word' id='word_1_747' title='bbox 294 4977 480 5047; x_wconf 91' lang='grc' dir='ltr'>μένοις</span> <span class='ocrx_word' id='word_1_748' title='bbox 512 4974 611 5045; x_wconf 83' lang='grc' dir='ltr'><strong>τὴν</strong></span> <span class='ocrx_word' id='word_1_749' title='bbox 640 4972 802 5042; x_wconf 84' lang='grc' dir='ltr'>ἁγίαν</span> <span class='ocrx_word' id='word_1_750' title='bbox 842 4972 1012 5034; x_wconf 79' lang='grc' dir='ltr'>ὅντως</span> <span class='ocrx_word' id='word_1_751' title='bbox 1044 4971 1138 5024; x_wconf 77' lang='grc' dir='ltr'><strong>καὶ</strong></span> <span class='ocrx_word' id='word_1_752' title='bbox 1181 4969 1241 5035; x_wconf 80' lang='grc' dir='ltr'>ἐξ</span> <span class='ocrx_word' id='word_1_753' title='bbox 1266 4968 1495 5041; x_wconf 83' lang='grc' dir='ltr'>οὐρανοῦ</span> <span class='ocrx_word' id='word_1_754' title='bbox 1543 4967 1734 5038; x_wconf 83' lang='grc' dir='ltr'>στολὴν</span> <span class='ocrx_word' id='word_1_755' title='bbox 1783 4968 1878 5020; x_wconf 84' lang='grc' dir='ltr'>άν-</span> 
     </span>
    </p>
   </div>
   <div class='ocr_carea' id='block_1_98' title="bbox 293 5059 1878 5136">
    <p class='ocr_par' dir='ltr' id='par_1_98' title="bbox 293 5059 1878 5136">
     <span class='ocr_line' id='line_1_98' title="bbox 293 5059 1878 5136; baseline -0.008 -13"><span class='ocrx_word' id='word_1_756' title='bbox 293 5068 566 5124; x_wconf 82' lang='grc' dir='ltr'>ἁπτεσθαι</span> <span class='ocrx_word' id='word_1_757' title='bbox 589 5067 700 5120; x_wconf 87' lang='grc' dir='ltr'>δεῖν</span> <span class='ocrx_word' id='word_1_758' title='bbox 727 5065 1088 5136; x_wconf 80' lang='grc' dir='ltr'>συμϐουλεύει</span> <span class='ocrx_word' id='word_1_759' title='bbox 1119 5063 1364 5134; x_wconf 83' lang='grc' dir='ltr'>γράφων·</span> <span class='ocrx_word' id='word_1_760' title='bbox 1394 5082 1410 5112; x_wconf 79' lang='grc' dir='ltr'><strong>ι</strong></span> <span class='ocrx_word' id='word_1_761' title='bbox 1435 5060 1757 5116; x_wconf 84' lang='grc' dir='ltr'>Ἐνδύσασθε</span> <span class='ocrx_word' id='word_1_762' title='bbox 1787 5059 1878 5112; x_wconf 76' lang='grc' dir='ltr'><strong>τὸν</strong></span> 
     </span>
    </p>
   </div>
   <div class='ocr_carea' id='block_1_99' title="bbox 294 5153 1880 5233">
    <p class='ocr_par' dir='ltr' id='par_1_99' title="bbox 294 5153 1880 5233">
     <span class='ocr_line' id='line_1_99' title="bbox 294 5153 1880 5233; baseline -0.007 -16"><span class='ocrx_word' id='word_1_763' title='bbox 294 5163 501 5233; x_wconf 85' lang='grc' dir='ltr'>Κύριον</span> <span class='ocrx_word' id='word_1_764' title='bbox 544 5160 700 5232; x_wconf 80' lang='grc' dir='ltr'>ήμῶν</span> <span class='ocrx_word' id='word_1_765' title='bbox 767 5157 976 5228; x_wconf 80' lang='grc' dir='ltr'>Ἰησοῦν</span> <span class='ocrx_word' id='word_1_766' title='bbox 1029 5157 1284 5228; x_wconf 87' lang='grc' dir='ltr'>Χριστόν.</span> <span class='ocrx_word' id='word_1_767' title='bbox 1326 5176 1343 5208; x_wconf 81' lang='grc' dir='ltr'>ι</span> <span class='ocrx_word' id='word_1_768' title='bbox 1386 5154 1558 5208; x_wconf 89' lang='grc' dir='ltr'>Τοῦτο</span> <span class='ocrx_word' id='word_1_769' title='bbox 1599 5153 1792 5225; x_wconf 84' lang='grc' dir='ltr'>γάρτοι</span> <span class='ocrx_word' id='word_1_770' title='bbox 1851 5154 1880 5205; x_wconf 90' lang='lat'><strong>6</strong></span> 
     </span>
    </p>
   </div>
   <div class='ocr_carea' id='block_1_100' title="bbox 293 5247 1880 5327">
    <p class='ocr_par' dir='ltr' id='par_1_100' title="bbox 293 5247 1880 5327">
     <span class='ocr_line' id='line_1_100' title="bbox 293 5247 1880 5327; baseline -0.007 -16"><span class='ocrx_word' id='word_1_771' title='bbox 293 5257 585 5327; x_wconf 84' lang='grc' dir='ltr'>προφήτης</span> <span class='ocrx_word' id='word_1_772' title='bbox 643 5253 872 5316; x_wconf 76' lang='grc' dir='ltr'>Ἡσαΐας</span> <span class='ocrx_word' id='word_1_773' title='bbox 931 5251 1405 5321; x_wconf 87' lang='grc' dir='ltr'>προανακεκράγει</span> <span class='ocrx_word' id='word_1_774' title='bbox 1455 5249 1629 5318; x_wconf 89' lang='grc' dir='ltr'>λέγων</span> <span class='ocrx_word' id='word_1_775' title='bbox 1682 5247 1757 5313; x_wconf 88' lang='grc' dir='ltr'><strong>ὼς</strong></span> <span class='ocrx_word' id='word_1_776' title='bbox 1816 5248 1880 5300; x_wconf 81' lang='grc' dir='ltr'><strong>ὲκ</strong></span> 
     </span>
    </p>
   </div>
   <div class='ocr_carea' id='block_1_101' title="bbox 294 5341 1874 5419">
    <p class='ocr_par' dir='ltr' id='par_1_101' title="bbox 294 5341 1874 5419">
     <span class='ocr_line' id='line_1_101' title="bbox 294 5341 1874 5419; baseline -0.004 -19"><span class='ocrx_word' id='word_1_777' title='bbox 294 5346 592 5419; x_wconf 84' lang='grc' dir='ltr'>προσώπου</span> <span class='ocrx_word' id='word_1_778' title='bbox 635 5363 734 5416; x_wconf 85' lang='grc' dir='ltr'><strong>της</strong></span> <span class='ocrx_word' id='word_1_779' title='bbox 786 5343 1134 5414; x_wconf 85' lang='grc' dir='ltr'>Ἐκκλησίας,</span> <span class='ocrx_word' id='word_1_780' title='bbox 1175 5362 1194 5395; x_wconf 71' lang='grc' dir='ltr'><strong>ι</strong></span> <span class='ocrx_word' id='word_1_781' title='bbox 1258 5343 1627 5412; x_wconf 77' lang='grc' dir='ltr'>’Ᾱγαλλιάσθω</span> <span class='ocrx_word' id='word_1_782' title='bbox 1663 5345 1696 5413; x_wconf 84' lang='grc' dir='ltr'><strong>ή</strong></span> <span class='ocrx_word' id='word_1_783' title='bbox 1731 5341 1874 5412; x_wconf 73' lang='grc' dir='ltr'>ψυχή</span> 
     </span>
    </p>
   </div>
   <div class='ocr_carea' id='block_1_102' title="bbox 299 5435 1877 5510">
    <p class='ocr_par' dir='ltr' id='par_1_102' title="bbox 299 5435 1877 5510">
     <span class='ocr_line' id='line_1_102' title="bbox 299 5435 1877 5510; baseline -0.004 -16"><span class='ocrx_word' id='word_1_784' title='bbox 299 5459 405 5510; x_wconf 84' lang='grc' dir='ltr'><strong>μου</strong></span> <span class='ocrx_word' id='word_1_785' title='bbox 436 5439 530 5493; x_wconf 73' lang='grc' dir='ltr'><strong>ἐπὶ</strong></span> <span class='ocrx_word' id='word_1_786' title='bbox 552 5438 629 5509; x_wconf 81' lang='grc' dir='ltr'>τῷ</span> <span class='ocrx_word' id='word_1_787' title='bbox 659 5437 872 5507; x_wconf 84' lang='grc' dir='ltr'>Κυρίῳ,</span> <span class='ocrx_word' id='word_1_788' title='bbox 906 5436 1121 5491; x_wconf 78' lang='grc' dir='ltr'>ἐνέδυσε</span> <span class='ocrx_word' id='word_1_789' title='bbox 1147 5436 1255 5507; x_wconf 85' lang='grc' dir='ltr'><strong>γάρ</strong></span> <span class='ocrx_word' id='word_1_790' title='bbox 1281 5453 1348 5506; x_wconf 85' lang='grc' dir='ltr'>με</span> <span class='ocrx_word' id='word_1_791' title='bbox 1373 5436 1586 5507; x_wconf 80' lang='grc' dir='ltr'>ἱμάτιον</span> <span class='ocrx_word' id='word_1_792' title='bbox 1611 5435 1877 5506; x_wconf 87' lang='grc' dir='ltr'>σωτηρίου</span> 
     </span>
    </p>
   </div>
   <div class='ocr_carea' id='block_1_103' title="bbox 296 5524 1882 5604">
    <p class='ocr_par' dir='ltr' id='par_1_103' title="bbox 296 5524 1882 5604">
     <span class='ocr_line' id='line_1_103' title="bbox 296 5524 1882 5604; baseline -0.006 -17"><span class='ocrx_word' id='word_1_793' title='bbox 296 5535 392 5587; x_wconf 69' lang='grc' dir='ltr'><strong>καὶ</strong></span> <span class='ocrx_word' id='word_1_794' title='bbox 443 5533 644 5604; x_wconf 82' lang='grc' dir='ltr'>χιτῶνα</span> <span class='ocrx_word' id='word_1_795' title='bbox 695 5530 1057 5603; x_wconf 76' lang='grc' dir='ltr'>εὐφροσύνης.</span> <span class='ocrx_word' id='word_1_796' title='bbox 1106 5549 1123 5579; x_wconf 77' lang='grc' dir='ltr'><strong>ι</strong></span> <span class='ocrx_word' id='word_1_797' title='bbox 1170 5529 1422 5600; x_wconf 83' lang='grc' dir='ltr'>Ἕσθημα</span> <span class='ocrx_word' id='word_1_798' title='bbox 1456 5529 1520 5599; x_wconf 80' lang='grc' dir='ltr'>δὴ</span> <span class='ocrx_word' id='word_1_799' title='bbox 1567 5524 1659 5582; x_wconf 83' lang='grc' dir='ltr'>οὖν</span> <span class='ocrx_word' id='word_1_800' title='bbox 1711 5528 1772 5579; x_wconf 74' lang='grc' dir='ltr'>το</span> <span class='ocrx_word' id='word_1_801' title='bbox 1803 5527 1882 5589; x_wconf 84' lang='grc' dir='ltr'><strong>εἰς</strong></span> 
     </span>
    </p>
   </div>
   <div class='ocr_carea' id='block_1_104' title="bbox 367 5644 1715 5707">
    <p class='ocr_par' dir='ltr' id='par_1_104' title="bbox 367 5644 1715 5707">
     <span class='ocr_line' id='line_1_104' title="bbox 367 5644 1715 5707; baseline -0.001 -7"><span class='ocrx_word' id='word_1_802' title='bbox 367 5647 414 5677; x_wconf 80' lang='grc'><strong>⁹⁰</strong></span> <span class='ocrx_word' id='word_1_803' title='bbox 444 5645 615 5700; x_wconf 81' lang='lat' dir='ltr'><strong>Exod.</strong></span> <span class='ocrx_word' id='word_1_804' title='bbox 643 5662 716 5707; x_wconf 78' lang='lat' dir='ltr'><strong>tv,</strong></span> <span class='ocrx_word' id='word_1_805' title='bbox 743 5646 824 5702; x_wconf 85' lang='lat' dir='ltr'><strong>IO.</strong></span> <span class='ocrx_word' id='word_1_806' title='bbox 943 5647 983 5679; x_wconf 82' lang='lat'><strong>&quot;</strong></span> <span class='ocrx_word' id='word_1_807' title='bbox 1019 5645 1157 5702; x_wconf 86' lang='lat' dir='ltr'><strong>Ibid.</strong></span> <span class='ocrx_word' id='word_1_808' title='bbox 1195 5647 1275 5699; x_wconf 85' lang='lat' dir='ltr'><strong>il.</strong></span> <span class='ocrx_word' id='word_1_809' title='bbox 1395 5647 1438 5677; x_wconf 80' lang='grc'><strong>⁹²</strong></span> <span class='ocrx_word' id='word_1_810' title='bbox 1467 5644 1605 5700; x_wconf 82' lang='lat' dir='ltr'><strong>Ibid.</strong></span> <span class='ocrx_word' id='word_1_811' title='bbox 1633 5645 1715 5698; x_wconf 73' lang='lat'><strong>15.</strong></span> 
     </span>
    </p>
   </div>
   <div class='ocr_carea' id='block_1_105' title="bbox 300 5714 748 5781">
    <p class='ocr_par' dir='ltr' id='par_1_105' title="bbox 300 5714 748 5781">
     <span class='ocr_line' id='line_1_105' title="bbox 300 5714 748 5781; baseline -0.004 -10"><span class='ocrx_word' id='word_1_812' title='bbox 300 5714 347 5748; x_wconf 85' lang='lat'>&quot;</span> <span class='ocrx_word' id='word_1_813' title='bbox 375 5716 477 5771; x_wconf 79' lang='lat' dir='ltr'><strong>Isa.</strong></span> <span class='ocrx_word' id='word_1_814' title='bbox 523 5732 628 5781; x_wconf 74' lang='lat' dir='ltr'><strong>LXI,</strong></span> <span class='ocrx_word' id='word_1_815' title='bbox 667 5715 748 5770; x_wconf 85' lang='lat' dir='ltr'><strong>IO.</strong></span> 
     </span>
    </p>
   </div>
   <div class='ocr_carea' id='block_1_106' title="bbox 1832 5641 2348 5714">
    <p class='ocr_par' dir='ltr' id='par_1_106' title="bbox 1832 5641 2348 5714">
     <span class='ocr_line' id='line_1_106' title="bbox 1832 5641 2348 5714; baseline -0.016 -13"><span class='ocrx_word' id='word_1_816' title='bbox 1832 5644 1876 5674; x_wconf 78' lang='lat'><strong>”</strong></span> <span class='ocrx_word' id='word_1_817' title='bbox 1897 5643 2136 5714; x_wconf 81' lang='lat' dir='ltr'><strong>Philipp.</strong></span> <span class='ocrx_word' id='word_1_818' title='bbox 2166 5659 2238 5708; x_wconf 74' lang='lat' dir='ltr'><strong>tv,</strong></span> <span class='ocrx_word' id='word_1_819' title='bbox 2266 5641 2348 5696; x_wconf 80' lang='lat' dir='ltr'><strong>l5.</strong></span> 
     </span>
    </p>
   </div>
   <div class='ocr_carea' id='block_1_107' title="bbox 1973 4511 3566 4586">
    <p class='ocr_par' dir='ltr' id='par_1_107' title="bbox 1973 4511 3566 4586">
     <span class='ocr_line' id='line_1_107' title="bbox 1973 4511 3566 4586; baseline -0.004 -13"><span class='ocrx_word' id='word_1_820' title='bbox 1973 4532 2168 4573; x_wconf 88' lang='lat' dir='ltr'><strong>norem</strong></span> <span class='ocrx_word' id='word_1_821' title='bbox 2207 4524 2262 4572; x_wconf 91' lang='lat' dir='ltr'><strong>et</strong></span> <span class='ocrx_word' id='word_1_822' title='bbox 2285 4514 2512 4586; x_wconf 82' lang='lat' dir='ltr'><strong>gloriam</strong></span> <span class='ocrx_word' id='word_1_823' title='bbox 2545 4533 2556 4568; x_wconf 94' lang='lat'>:</span> <span class='ocrx_word' id='word_1_824' title='bbox 2595 4523 2650 4569; x_wconf 89' lang='lat' dir='ltr'><strong>et</strong></span> <span class='ocrx_word' id='word_1_825' title='bbox 2679 4522 2738 4568; x_wconf 88' lang='lat' dir='ltr'><strong>tu</strong></span> <span class='ocrx_word' id='word_1_826' title='bbox 2782 4513 3012 4584; x_wconf 90' lang='lat' dir='ltr'><strong>loquere</strong></span> <span class='ocrx_word' id='word_1_827' title='bbox 3040 4511 3108 4566; x_wconf 89' lang='lat' dir='ltr'><strong>ad</strong></span> <span class='ocrx_word' id='word_1_828' title='bbox 3129 4525 3320 4565; x_wconf 88' lang='lat' dir='ltr'><strong>omnes</strong></span> <span class='ocrx_word' id='word_1_829' title='bbox 3346 4511 3566 4582; x_wconf 84' lang='lat' dir='ltr'><strong>sapien-</strong></span> 
     </span>
    </p>
   </div>
   <div class='ocr_carea' id='block_1_108' title="bbox 1972 4602 3566 4677">
    <p class='ocr_par' dir='ltr' id='par_1_108' title="bbox 1972 4602 3566 4677">
     <span class='ocr_line' id='line_1_108' title="bbox 1972 4602 3566 4677; baseline -0.005 -15"><span class='ocrx_word' id='word_1_830' title='bbox 1972 4614 2058 4662; x_wconf 83' lang='lat' dir='ltr'><strong>tes</strong></span> <span class='ocrx_word' id='word_1_831' title='bbox 2091 4614 2296 4671; x_wconf 88' lang='lat' dir='ltr'><strong>mente,</strong></span> <span class='ocrx_word' id='word_1_832' title='bbox 2345 4622 2486 4677; x_wconf 90' lang='lat' dir='ltr'><strong>quos</strong></span> <span class='ocrx_word' id='word_1_833' title='bbox 2527 4606 2752 4676; x_wconf 88' lang='lat' dir='ltr'><strong>implevi</strong></span> <span class='ocrx_word' id='word_1_834' title='bbox 2809 4604 3006 4675; x_wconf 87' lang='lat' dir='ltr'><strong>spiritu</strong></span> <span class='ocrx_word' id='word_1_835' title='bbox 3058 4602 3472 4673; x_wconf 69' lang='lat' dir='ltr'><strong>intelligentiae;</strong></span> <span class='ocrx_word' id='word_1_836' title='bbox 3511 4610 3566 4656; x_wconf 88' lang='lat' dir='ltr'><strong>et</strong></span> 
     </span>
    </p>
   </div>
   <div class='ocr_carea' id='block_1_109' title="bbox 1972 4692 3564 4755">
    <p class='ocr_par' dir='ltr' id='par_1_109' title="bbox 1972 4692 3564 4755">
     <span class='ocr_line' id='line_1_109' title="bbox 1972 4692 3564 4755; baseline -0.006 0"><span class='ocrx_word' id='word_1_837' title='bbox 1972 4699 2180 4755; x_wconf 88' lang='lat' dir='ltr'><strong>facient</strong></span> <span class='ocrx_word' id='word_1_838' title='bbox 2227 4699 2425 4752; x_wconf 89' lang='lat' dir='ltr'><strong>stolam</strong></span> <span class='ocrx_word' id='word_1_839' title='bbox 2456 4706 2706 4751; x_wconf 88' lang='lat' dir='ltr'><strong>sanctam</strong></span> <span class='ocrx_word' id='word_1_840' title='bbox 2747 4695 2927 4750; x_wconf 81' lang='lat' dir='ltr'><strong>Aaron</strong></span> <span class='ocrx_word' id='word_1_841' title='bbox 2962 4695 3019 4749; x_wconf 92' lang='lat' dir='ltr'><strong>in</strong></span> <span class='ocrx_word' id='word_1_842' title='bbox 3052 4692 3564 4755; x_wconf 81' lang='lat' dir='ltr'><strong>sanctilicationem,</strong></span> 
     </span>
    </p>
   </div>
   <div class='ocr_carea' id='block_1_110' title="bbox 1973 4785 3568 4860">
    <p class='ocr_par' dir='ltr' id='par_1_110' title="bbox 1973 4785 3568 4860">
     <span class='ocr_line' id='line_1_110' title="bbox 1973 4785 3568 4860; baseline -0.004 -14"><span class='ocrx_word' id='word_1_843' title='bbox 1973 4807 2101 4846; x_wconf 92' lang='lat' dir='ltr'><strong>cum</strong></span> <span class='ocrx_word' id='word_1_844' title='bbox 2135 4805 2243 4860; x_wconf 89' lang='lat' dir='ltr'><strong>qua</strong></span> <span class='ocrx_word' id='word_1_845' title='bbox 2267 4789 2577 4844; x_wconf 89' lang='lat' dir='ltr'><strong>sacerdotio</strong></span> <span class='ocrx_word' id='word_1_846' title='bbox 2604 4788 2862 4859; x_wconf 86' lang='lat' dir='ltr'><strong>fungatur</strong></span> <span class='ocrx_word' id='word_1_847' title='bbox 2879 4787 3016 4842; x_wconf 90' lang='lat' dir='ltr'><strong>mihi</strong></span> <span class='ocrx_word' id='word_1_848' title='bbox 3034 4788 3098 4840; x_wconf 75' lang='lat'><strong>&quot;.</strong></span> <span class='ocrx_word' id='word_1_849' title='bbox 3130 4807 3147 4839; x_wconf 74' lang='grc' dir='ltr'><strong>ι</strong></span> <span class='ocrx_word' id='word_1_850' title='bbox 3167 4786 3371 4841; x_wconf 88' lang='lat' dir='ltr'><strong>Paulus</strong></span> <span class='ocrx_word' id='word_1_851' title='bbox 3402 4785 3568 4855; x_wconf 84' lang='lat' dir='ltr'><strong>igitur</strong></span> 
     </span>
    </p>
   </div>
   <div class='ocr_carea' id='block_1_111' title="bbox 1975 4877 3565 4952">
    <p class='ocr_par' dir='ltr' id='par_1_111' title="bbox 1975 4877 3565 4952">
     <span class='ocr_line' id='line_1_111' title="bbox 1975 4877 3565 4952; baseline -0.004 -15"><span class='ocrx_word' id='word_1_852' title='bbox 1975 4883 2064 4938; x_wconf 90' lang='lat' dir='ltr'><strong>vir</strong></span> <span class='ocrx_word' id='word_1_853' title='bbox 2126 4880 2571 4952; x_wconf 89' lang='lat' dir='ltr'><strong>sapientissimus</strong></span> <span class='ocrx_word' id='word_1_854' title='bbox 2615 4895 2729 4946; x_wconf 91' lang='lat' dir='ltr'><strong>eos,</strong></span> <span class='ocrx_word' id='word_1_855' title='bbox 2782 4881 2876 4950; x_wconf 91' lang='lat' dir='ltr'><strong>qui</strong></span> <span class='ocrx_word' id='word_1_856' title='bbox 2919 4880 3024 4934; x_wconf 85' lang='lat' dir='ltr'><strong>fide</strong></span> <span class='ocrx_word' id='word_1_857' title='bbox 3065 4877 3348 4950; x_wconf 84' lang='lat' dir='ltr'><strong>justiﬁcati</strong></span> <span class='ocrx_word' id='word_1_858' title='bbox 3386 4885 3565 4940; x_wconf 87' lang='lat' dir='ltr'><strong>erant,</strong></span> 
     </span>
    </p>
   </div>
   <div class='ocr_carea' id='block_1_112' title="bbox 1979 4968 3566 5030">
    <p class='ocr_par' dir='ltr' id='par_1_112' title="bbox 1979 4968 3566 5030">
     <span class='ocr_line' id='line_1_112' title="bbox 1979 4968 3566 5030; baseline -0.005 0"><span class='ocrx_word' id='word_1_859' title='bbox 1979 4980 2170 5030; x_wconf 91' lang='lat' dir='ltr'><strong>sancta</strong></span> <span class='ocrx_word' id='word_1_860' title='bbox 2206 4973 2297 5027; x_wconf 89' lang='lat' dir='ltr'><strong>illa</strong></span> <span class='ocrx_word' id='word_1_861' title='bbox 2321 4988 2387 5028; x_wconf 91' lang='lat' dir='ltr'><strong>ac</strong></span> <span class='ocrx_word' id='word_1_862' title='bbox 2414 4987 2543 5025; x_wconf 91' lang='lat' dir='ltr'><strong>vere</strong></span> <span class='ocrx_word' id='word_1_863' title='bbox 2578 4972 2645 5027; x_wconf 90' lang='lat' dir='ltr'><strong>de</strong></span> <span class='ocrx_word' id='word_1_864' title='bbox 2676 4972 2816 5027; x_wconf 85' lang='lat' dir='ltr'><strong>coelo</strong></span> <span class='ocrx_word' id='word_1_865' title='bbox 2843 4973 2980 5028; x_wconf 91' lang='lat' dir='ltr'><strong>stola</strong></span> <span class='ocrx_word' id='word_1_866' title='bbox 3010 4980 3070 5025; x_wconf 89' lang='lat' dir='ltr'><strong>ut</strong></span> <span class='ocrx_word' id='word_1_867' title='bbox 3105 4970 3405 5025; x_wconf 90' lang='lat' dir='ltr'><strong>induantur</strong></span> <span class='ocrx_word' id='word_1_868' title='bbox 3434 4968 3566 5024; x_wconf 91' lang='lat' dir='ltr'><strong>hor-</strong></span> 
     </span>
    </p>
   </div>
   <div class='ocr_carea' id='block_1_113' title="bbox 1979 5061 3566 5132">
    <p class='ocr_par' dir='ltr' id='par_1_113' title="bbox 1979 5061 3566 5132">
     <span class='ocr_line' id='line_1_113' title="bbox 1979 5061 3566 5132; baseline -0.003 -12"><span class='ocrx_word' id='word_1_869' title='bbox 1979 5075 2154 5132; x_wconf 91' lang='lat' dir='ltr'><strong>tatur,</strong></span> <span class='ocrx_word' id='word_1_870' title='bbox 2194 5065 2481 5130; x_wconf 84' lang='lat' dir='ltr'><strong>scribens:</strong></span> <span class='ocrx_word' id='word_1_871' title='bbox 2547 5085 2563 5115; x_wconf 80' lang='grc' dir='ltr'>ι</span> <span class='ocrx_word' id='word_1_872' title='bbox 2594 5065 2809 5120; x_wconf 89' lang='lat' dir='ltr'><strong>lnduite</strong></span> <span class='ocrx_word' id='word_1_873' title='bbox 2858 5063 3149 5118; x_wconf 89' lang='lat' dir='ltr'><strong>Dominum</strong></span> <span class='ocrx_word' id='word_1_874' title='bbox 3183 5072 3433 5119; x_wconf 90' lang='lat' dir='ltr'><strong>nostrum</strong></span> <span class='ocrx_word' id='word_1_875' title='bbox 3475 5061 3566 5117; x_wconf 81' lang='lat' dir='ltr'><strong>Je-</strong></span> 
     </span>
    </p>
   </div>
   <div class='ocr_carea' id='block_1_114' title="bbox 1979 5153 3570 5226">
    <p class='ocr_par' dir='ltr' id='par_1_114' title="bbox 1979 5153 3570 5226">
     <span class='ocr_line' id='line_1_114' title="bbox 1979 5153 3570 5226; baseline -0.004 -14"><span class='ocrx_word' id='word_1_876' title='bbox 1979 5172 2100 5212; x_wconf 88' lang='lat' dir='ltr'><strong>sum</strong></span> <span class='ocrx_word' id='word_1_877' title='bbox 2160 5156 2443 5212; x_wconf 86' lang='lat' dir='ltr'><strong>Christum</strong></span> <span class='ocrx_word' id='word_1_878' title='bbox 2490 5156 2557 5208; x_wconf 79' lang='lat'><strong>&quot;.</strong></span> <span class='ocrx_word' id='word_1_879' title='bbox 2588 5176 2604 5206; x_wconf 78' lang='grc' dir='ltr'><strong>ι</strong></span> <span class='ocrx_word' id='word_1_880' title='bbox 2652 5156 2819 5211; x_wconf 85' lang='lat' dir='ltr'><strong>Isaias</strong></span> <span class='ocrx_word' id='word_1_881' title='bbox 2853 5170 3070 5226; x_wconf 89' lang='lat' dir='ltr'><strong>quoque</strong></span> <span class='ocrx_word' id='word_1_882' title='bbox 3105 5155 3369 5225; x_wconf 89' lang='lat' dir='ltr'><strong>propheta</strong></span> <span class='ocrx_word' id='word_1_883' title='bbox 3397 5153 3570 5208; x_wconf 90' lang='lat' dir='ltr'><strong>multo</strong></span> 
     </span>
    </p>
   </div>
   <div class='ocr_carea' id='block_1_115' title="bbox 1979 5243 3567 5319">
    <p class='ocr_par' dir='ltr' id='par_1_115' title="bbox 1979 5243 3567 5319">
     <span class='ocr_line' id='line_1_115' title="bbox 1979 5243 3567 5319; baseline -0.007 -13"><span class='ocrx_word' id='word_1_884' title='bbox 1979 5259 2109 5306; x_wconf 87' lang='lat' dir='ltr'><strong>ante</strong></span> <span class='ocrx_word' id='word_1_885' title='bbox 2160 5258 2420 5319; x_wconf 88' lang='lat' dir='ltr'><strong>tanquam</strong></span> <span class='ocrx_word' id='word_1_886' title='bbox 2475 5266 2539 5304; x_wconf 77' lang='lat' dir='ltr'><strong>ex</strong></span> <span class='ocrx_word' id='word_1_887' title='bbox 2583 5248 2846 5304; x_wconf 62' lang='lat' dir='ltr'><strong>Ecclesiae</strong></span> <span class='ocrx_word' id='word_1_888' title='bbox 2889 5264 3122 5318; x_wconf 88' lang='lat' dir='ltr'><strong>persona</strong></span> <span class='ocrx_word' id='word_1_889' title='bbox 3150 5247 3443 5308; x_wconf 88' lang='lat' dir='ltr'><strong>clamabat,</strong></span> <span class='ocrx_word' id='word_1_890' title='bbox 3481 5243 3567 5296; x_wconf 89' lang='lat' dir='ltr'><strong>di-</strong></span> 
     </span>
    </p>
   </div>
   <div class='ocr_carea' id='block_1_116' title="bbox 1985 5332 3570 5401">
    <p class='ocr_par' dir='ltr' id='par_1_116' title="bbox 1985 5332 3570 5401">
     <span class='ocr_line' id='line_1_116' title="bbox 1985 5332 3570 5401; baseline -0.009 -3"><span class='ocrx_word' id='word_1_891' title='bbox 1985 5359 2121 5398; x_wconf 88' lang='lat' dir='ltr'><strong>cens</strong></span> <span class='ocrx_word' id='word_1_892' title='bbox 2171 5361 2182 5395; x_wconf 89' lang='lat'><strong>:</strong></span> <span class='ocrx_word' id='word_1_893' title='bbox 2238 5362 2256 5393; x_wconf 79' lang='grc' dir='ltr'><strong>ι</strong></span> <span class='ocrx_word' id='word_1_894' title='bbox 2301 5343 2550 5397; x_wconf 81' lang='lat' dir='ltr'><strong>Exsultet</strong></span> <span class='ocrx_word' id='word_1_895' title='bbox 2591 5341 2775 5395; x_wconf 87' lang='lat' dir='ltr'><strong>anima</strong></span> <span class='ocrx_word' id='word_1_896' title='bbox 2816 5356 2936 5395; x_wconf 88' lang='lat' dir='ltr'><strong>mea</strong></span> <span class='ocrx_word' id='word_1_897' title='bbox 2980 5341 3036 5393; x_wconf 92' lang='lat' dir='ltr'><strong>in</strong></span> <span class='ocrx_word' id='word_1_898' title='bbox 3071 5339 3345 5401; x_wconf 91' lang='lat' dir='ltr'><strong>Domino;</strong></span> <span class='ocrx_word' id='word_1_899' title='bbox 3394 5332 3570 5388; x_wconf 88' lang='lat' dir='ltr'><strong>induit</strong></span> 
     </span>
    </p>
   </div>
   <div class='ocr_carea' id='block_1_117' title="bbox 1985 5423 3562 5493">
    <p class='ocr_par' dir='ltr' id='par_1_117' title="bbox 1985 5423 3562 5493">
     <span class='ocr_line' id='line_1_117' title="bbox 1985 5423 3562 5493; baseline -0.011 -3"><span class='ocrx_word' id='word_1_900' title='bbox 1985 5435 2138 5490; x_wconf 89' lang='lat' dir='ltr'><strong>enim</strong></span> <span class='ocrx_word' id='word_1_901' title='bbox 2169 5449 2256 5487; x_wconf 90' lang='lat' dir='ltr'><strong>me</strong></span> <span class='ocrx_word' id='word_1_902' title='bbox 2295 5433 2623 5488; x_wconf 86' lang='lat' dir='ltr'><strong>vestimento</strong></span> <span class='ocrx_word' id='word_1_903' title='bbox 2654 5431 2866 5493; x_wconf 84' lang='lat' dir='ltr'><strong>salutis,</strong></span> <span class='ocrx_word' id='word_1_904' title='bbox 2908 5439 2964 5482; x_wconf 89' lang='lat' dir='ltr'><strong>et</strong></span> <span class='ocrx_word' id='word_1_905' title='bbox 2991 5430 3175 5482; x_wconf 88' lang='lat' dir='ltr'><strong>tunica</strong></span> <span class='ocrx_word' id='word_1_906' title='bbox 3199 5425 3403 5482; x_wconf 59' lang='lat' dir='ltr'><strong>laetitia:</strong></span> <span class='ocrx_word' id='word_1_907' title='bbox 3431 5423 3494 5475; x_wconf 78' lang='lat'><strong>&quot;.</strong></span> <span class='ocrx_word' id='word_1_908' title='bbox 3545 5441 3562 5472; x_wconf 80' lang='grc'>›</span> 
     </span>
    </p>
   </div>
   <div class='ocr_carea' id='block_1_118' title="bbox 1987 5517 3572 5596">
    <p class='ocr_par' dir='ltr' id='par_1_118' title="bbox 1987 5517 3572 5596">
     <span class='ocr_line' id='line_1_118' title="bbox 1987 5517 3572 5596; baseline -0.008 -13"><span class='ocrx_word' id='word_1_909' title='bbox 1987 5527 2172 5583; x_wconf 79' lang='lat' dir='ltr'><strong>Vestis</strong></span> <span class='ocrx_word' id='word_1_910' title='bbox 2211 5526 2375 5596; x_wconf 82' lang='lat' dir='ltr'><strong>igitur</strong></span> <span class='ocrx_word' id='word_1_911' title='bbox 2415 5525 2481 5578; x_wconf 90' lang='lat' dir='ltr'><strong>ad</strong></span> <span class='ocrx_word' id='word_1_912' title='bbox 2525 5525 2786 5577; x_wconf 79' lang='lat' dir='ltr'><strong>honorem</strong></span> <span class='ocrx_word' id='word_1_913' title='bbox 2825 5531 2879 5573; x_wconf 78' lang='lat' dir='ltr'><strong>et</strong></span> <span class='ocrx_word' id='word_1_914' title='bbox 2911 5521 3135 5591; x_wconf 88' lang='lat' dir='ltr'><strong>gloriam</strong></span> <span class='ocrx_word' id='word_1_915' title='bbox 3182 5519 3339 5588; x_wconf 86' lang='lat' dir='ltr'><strong>plane</strong></span> <span class='ocrx_word' id='word_1_916' title='bbox 3377 5517 3572 5571; x_wconf 87' lang='lat' dir='ltr'><strong>sacrati</strong></span> 
     </span>
    </p>
   </div>
   <div class='ocr_carea' id='block_1_119' title="bbox 2457 5634 3572 5704">
    <p class='ocr_par' dir='ltr' id='par_1_119' title="bbox 2457 5634 3572 5704">
     <span class='ocr_line' id='line_1_119' title="bbox 2457 5634 3572 5704; baseline -0.004 -8"><span class='ocrx_word' id='word_1_917' title='bbox 2457 5641 2498 5671; x_wconf 64' lang='grc' dir='ltr'>θ’</span> <span class='ocrx_word' id='word_1_918' title='bbox 2518 5638 2692 5696; x_wconf 81' lang='lat' dir='ltr'><strong>Exod.</strong></span> <span class='ocrx_word' id='word_1_919' title='bbox 2726 5654 2908 5694; x_wconf 75' lang='lat' dir='ltr'><strong>xxvm.</strong></span> <span class='ocrx_word' id='word_1_920' title='bbox 2935 5637 2986 5690; x_wconf 69' lang='grc'><strong>2.</strong></span> <span class='ocrx_word' id='word_1_921' title='bbox 3098 5635 3141 5664; x_wconf 78' lang='grc'><strong>⁸³</strong></span> <span class='ocrx_word' id='word_1_922' title='bbox 3165 5635 3322 5690; x_wconf 75' lang='lat' dir='ltr'><strong>Rom.</strong></span> <span class='ocrx_word' id='word_1_923' title='bbox 3345 5651 3454 5704; x_wconf 77' lang='lat' dir='ltr'><strong>xm,</strong></span> <span class='ocrx_word' id='word_1_924' title='bbox 3484 5634 3505 5691; x_wconf 78' lang='lat' dir='ltr'><strong>I</strong></span> <span class='ocrx_word' id='word_1_925' title='bbox 3522 5636 3572 5692; x_wconf 74' lang='lat'><em>6.</em></span> 
     </span>
    </p>
   </div>
  </div>
