3996 6212
429 267 523 322 751
1443 259 1498 315 S.
1539 257 1816 314 CVRlLLl
1851 255 2320 312 ALEXANDRINI
2359 251 2674 308 ARCHIEP.

3576 243 3681 300 T59

429 379 711 448 sanctique
742 374 959 448 generis
985 373 1242 430 Christus
1262 379 1368 438 est,
1400 380 1564 441 atque
1594 369 1915 442 praeclarum
1945 383 2010 422 ac

2132 366 2274 438 ειμὴν
2309 365 2402 419 καὶ
2449 363 2607 431 δόξαν
2647 359 2865 432 ἀληθῶς
2889 359 2966 430 τῷ
3017 357 3148 429 ἱερῷ
3188 358 3280 412 καὶ
3319 357 3459 426 ἁγίῳ
3511 359 3687 425 γένει’

430 483 737 539 supernum
809 475 1122 521 sanctarum
1206 463 1512 518 animarum
1603 467 2006 516 ornamentum.

439 581 456 612 ‹
485 560 762 629 Quotquot
795 559 944 612 enim
984 557 1245 626 baptizati
1275 555 1408 610 estis
1436 555 1494 610 in
1520 552 1820 616 Christum,
1852 573 1869 604 ι
1923 553 2009 606 in-

433 655 572 722 quit,
614 671 631 703 ι
669 650 949 706 Christum
999 649 1259 704 induistis
1315 649 1358 679 ⁸⁷
1389 664 1404 713 ;
1441 667 1459 699 ι
1522 645 1670 716 quod
1725 645 2012 700 verissime

434 744 640 798 dictum
678 753 781 798 est.
832 742 941 796 Lex
967 757 1135 812 porro
1166 749 1423 810 tanquam
1451 739 1506 793 in
1541 739 1750 794 umbris
1779 747 1834 793 et
1874 738 2014 792 ima-

434 833 558 904 gine
617 841 846 887 exornat
887 833 1065 902 ipsum
1115 832 1316 896 Aaron,
1376 846 1606 900 eamque
1655 830 1802 884 illius
1850 829 2015 884 variae

433 923 603 977 vestis
656 923 885 993 gloriam
930 922 996 976 ad
1043 921 1322 976 Christum
1365 921 1530 976 refert
1564 938 1578 986 ;
1619 919 2014 990 propemodum

434 1014 580 1068 enim
631 1030 740 1068 una
781 1029 905 1068 cum
961 1014 1056 1067 illo
1099 1013 1397 1068 artiﬁcioso
1443 1021 1703 1082 apparatu
1761 1020 2014 1067 contexta

437 1105 576 1160 ratio
627 1106 854 1177 mystica
876 1114 1040 1174 atque
1076 1105 1294 1160 subtilis
1321 1105 1618 1169 invenitur,
1641 1119 1762 1173 quae
1789 1104 2016 1174 ﬁgurate

439 1197 737 1254 Salvatoris
764 1199 935 1254 nostri
966 1199 1193 1269 gloriam
1227 1197 1450 1252 indicat.
1484 1197 1620 1252 Vide
1643 1196 1789 1251 enim
1823 1212 2014 1265 quem-

437 1291 731 1345 admodum
777 1290 1013 1345 vestium
1062 1288 1288 1358 opiﬁces
1333 1287 1526 1358 spiritu
1571 1286 1880 1356 sapientiae,
1921 1285 2015 1354 qui

439 1385 602 1439 datur
642 1399 673 1438 a
709 1384 842 1446 Deo,
880 1383 1122 1452 repletos
1156 1396 1277 1436 esse
1313 1381 1480 1444 dicat,
1521 1379 1614 1448 qui
1640 1378 1866 1448 spiritus
1893 1377 2017 1431 illos

439 1473 506 1528 ad
533 1471 711 1527 ﬁoridi
742 1487 807 1526 ac
853 1470 1118 1542 varicgati
1148 1469 1332 1539 operis
1362 1468 1710 1522 eﬁ‘ectionem
1749 1465 2016 1536 perduce-

440 1571 545 1627 ret,
595 1571 650 1618 et
684 1562 888 1618 Christi
937 1563 1165 1632 gloriam
1204 1559 1260 1613 in
1292 1558 1632 1614 vestimentis
1661 1557 2013 1612 describeret.

438 1654 605 1725 379
641 1653 780 1709 Sunt
821 1662 1005 1709 autem
1051 1669 1115 1708 ea
1158 1651 1396 1724 opiﬁcia,
1424 1651 1698 1721 pectorale
1727 1659 1783 1704 et
1820 1665 2015 1719 super-

2116 455 2372 527 Χριστδς,
2414 453 2677 526 κόσμημα
2703 471 2760 508 τε
2783 451 3033 525 λαμπρὸν
3054 451 3145 505 καὶ
3169 449 3540 522 ύπερκόσμιον
3567 451 3690 512 ταῖς

2117 548 2227 602 τῶν
2271 546 2442 614 άγίων
2474 545 2690 615 ψυχαῖς.
2726 562 2743 594 ι
2777 545 2936 596 Ὅσοι
2977 542 3086 613 γὰρ
3123 542 3201 604 είς
3220 535 3694 612 Χριστὺνὲῦαπτί-

2121 639 2304 710 σθητε,
2335 636 2571 709 Χριστὸν
2593 635 2934 700 ἐνεδύσασθε,
2970 653 2988 687 ι
3016 634 3171 704 φησὶ,
3201 632 3295 685 καὶ
3321 630 3527 702 ἀληθὴς
3549 629 3578 680 ὁ
3603 630 3695 684 λό-

2119 749 2234 801 γος.
2300 731 2386 794 Ὠς
2434 732 2490 783 ὲν
2544 732 2720 792 σκιαῖς
2764 727 2820 782 δὲ
2867 729 2896 781 ό
2939 727 3102 797 νόμος
3145 722 3543 778 κατακαλλύνει
3601 721 3696 774 τὸν

2133 819 2362 892 Ἀαρὼν,
2394 819 2472 882 εἰς
2509 817 2742 889 Χριστὸν
2774 816 3060 887 ἀναφέρων
3091 813 3193 884 τὴν
3218 815 3282 866 ὲκ
3309 811 3402 866 τοῦ
3435 811 3697 876 ποικίλως

2121 908 2378 964 ἐστάλθαι
2415 907 2589 973 δόξαν.
2635 906 2937 976 Μονονουχὶ
2981 905 3087 978 γὰρ
3136 905 3230 959 καὶ
3284 903 3698 972 συνυφασμένος

2121 1003 2185 1071 τῇ
2235 999 2344 1053 τῶν
2393 999 2748 1071 τεχνημάτων
2817 999 3130 1068 κατασκευῇ
3183 995 3444 1066 μυστικός
3489 1011 3550 1048 τε
3601 994 3700 1046 καὶ

2121 1087 2353 1159 ἀκριὸὴς
2381 1088 2694 1158 εὑρίσκεται
2725 1086 2903 1155 λόγος,
2934 1084 3348 1157 αἰνιγματωδῶς
3383 1083 3699 1154 ὑποφαίνων

2122 1176 2214 1230 τοῦ
2245 1177 2498 1248 Σωτῆρος
2525 1177 2624 1249 τὴν
2655 1175 2829 1243 δόξαν.
2860 1175 2970 1230 Θὲα
2989 1174 3096 1246 γὰρ
3121 1176 3268 1238 ὅπως
3299 1175 3398 1246 τῆς
3429 1174 3699 1237 συνέσεως

2122 1270 2218 1341 τῆς
2258 1269 2408 1341 παρὰ
2465 1268 2599 1322 Θεοῦ
2664 1267 2773 1322 τῶν
2827 1267 3150 1338 ἐσθημάτων
3189 1267 3312 1329 τοὺς
3340 1268 3698 1337 τεχνουργοὺς

2124 1359 2538 1429 άναπεπλῆσθαί
2576 1376 2760 1430 φησιν,
2795 1361 2877 1423 είς
2906 1358 3105 1428 εὐανθῆ
3136 1357 3543 1426 ποικιλουργίαν
3564 1357 3699 1411 ἀπο-

2123 1453 2460 1525 κομίζοντος,
2491 1453 2587 1507 καὶ
2618 1453 2715 1523 τὴν
2733 1451 2970 1524 Χριστοῦ
3004 1454 3115 1514 τοῖς
3140 1449 3700 1521 ἀμφίοιςὲγγράφον-

2123 1564 2213 1610 τος
2243 1546 2417 1612 δόξαν.
2456 1544 2812 1616 Περιστήθιον
2837 1543 2892 1598 δὲ
2927 1542 3020 1597 καὶ
3045 1544 3279 1613 ὲπωμὶς,
3306 1543 3399 1596 καὶ
3432 1541 3696 1613 ποδήρης,

2126 1640 2220 1692 καὶ
2255 1637 2417 1711 χιτὼν
2469 1640 2498 1692 ό
2529 1635 2899 1707 κοσυμὸωτὺς,
2935 1635 3146 1706 κίδαρίς
3190 1652 3252 1688 τε
3285 1635 3380 1688 καὶ
3416 1634 3585 1704 ζώνη,
3629 1634 3698 1685 τὰ

441 1720 723 1802 ιῖιῖωέτειε
764 1755 820 1801 et
859 1746 1045 1801 talaris
1084 1720 1288 1808 tunica,
1325 1753 1380 1799 et
1426 1720 1617 1798 tunica
1666 1743 1896 1797 ﬁmbriis
1935 1757 2023 1796 or-

2132 1727 2612 1800 τεχνουργούμενα,
2647 1725 2787 1779 αύτά
2821 1741 2879 1778 τε
2935 1723 3027 1778 καὶ
3053 1722 3190 1794 πρὸς
3216 1721 3426 1786 τούτοις
3453 1722 3638 1794 ἕτερα,
3665 1720 3701 1775 ἃ.

440 1846 592 1903 nata,
641 1838 842 1892 cidaris
886 1837 1053 1892 etiam
1087 1845 1142 1891 et
1175 1851 1331 1899 zona,
1365 1844 1420 1888 et
1449 1834 1711 1888 nonnulla
1746 1833 1849 1886 alia
1882 1848 2021 1902 prae-

443 1936 614 1991 terea,
640 1925 708 1980 de
728 1925 934 1995 quibus
957 1925 1230 1995 sigillatim
1257 1925 1364 1978 erit
1391 1923 1570 1986 nobis,
1597 1932 1657 1978 ut
1683 1938 1770 1977 res
1793 1924 2019 1993 patitur,

442 2011 848 2067 disserendum.
892 2012 967 2066 De
1019 2013 1087 2066 iis
1133 2013 1320 2083 igitur,
1368 2011 1462 2081 qui
1518 2011 1585 2066 ad
1622 2027 1686 2066 ea
1713 2027 1878 2080 opera
1909 2011 2026 2066 efﬁ-

443 2103 638 2158 cienda
675 2104 1114 2169 assumebantur,
1170 2105 1286 2158 ait:
1336 2124 1353 2155 ι
1389 2103 1456 2158 Et
1490 2104 1592 2173 ipsi
1632 2103 1906 2174 accipient
1931 2120 2027 2159 au-

445 2211 566 2250 rum
587 2195 1012 2267 etbyacinthum
1042 2205 1097 2249 et
1129 2210 1452 2264 purpuram,
1485 2205 1541 2250 et
1573 2210 1797 2250 coccum
1819 2204 1875 2251 et
1898 2196 2026 2268 bys-

445 2302 566 2342 sum
587 2287 652 2340 ’⁸.
689 2307 706 2338 ι
736 2285 812 2342 Ac
835 2286 970 2340 mihi
1001 2303 1192 2342 rursus
1216 2287 1283 2342 ad
1308 2303 1391 2352 ea,
1420 2302 1541 2357 qua:
1563 2287 1843 2357 proposita
1875 2298 2023 2354 sunt,

444 2377 644 2432 mentis
681 2377 855 2432 aciem
903 2377 1157 2433 intendas
1204 2377 1389 2442 velim,
1424 2387 1587 2447 atque
1627 2377 1730 2433 hoc
1764 2387 1891 2435 ante
1922 2380 2027 2434 alia

445 2466 782 2522 consideres.

520 2557 717 2613 PALL.
749 2557 890 2625 Quid
917 2557 1064 2613 istud
1097 2566 1184 2613 est
1213 2557 1236 2609 ?

513 2649 670 2704 CYR.
698 2651 893 2705 Annon
940 2666 1008 2706 ex
1033 2667 1169 2704 auro
1195 2660 1250 2704 et
1271 2651 1434 2722 bysso
1462 2660 1517 2706 et
1545 2666 1787 2720 purpura
1816 2659 1871 2704 et
1900 2664 2028 2704 coc-

445 2741 573 2796 cino
604 2750 770 2806 torto,
797 2757 860 2796 ac
881 2741 1180 2813 hyacintho
1200 2743 1365 2796 etiam
1386 2756 1452 2796 ea
1471 2740 1654 2796 omnia
1681 2739 1824 2795 facta
1851 2749 2025 2804 erant,

446 2847 568 2902 qua:
587 2830 657 2886 ad
695 2831 1112 2886 tabernaculum
1138 2832 1510 2903 pertinebant,
1538 2832 1837 2900 eademque
1867 2831 2027 2886 Chri-

447 2925 517 2978 sti
551 2922 776 2994 ﬁguram
800 2923 1106 2994 gerebant?

518 3013 716 3069 PALL.
746 3013 825 3068 lta
849 3022 952 3068 est.

516 3103 675 3160 CYR.
708 3105 844 3160 Vide
875 3104 1042 3176 igitur
1074 3122 1140 3161 ex
1167 3106 1395 3161 materia
1425 3106 1616 3161 eadem
1642 3107 1806 3162 etiam
1839 3109 2029 3177 praeci-

448 3194 544 3265 pui
573 3193 875 3248 sacerdotis
903 3194 1097 3249 stolam
1119 3210 1239 3250 esse
1269 3195 1594 3261 confectam,
1649 3211 1771 3266 qua:
1819 3195 2028 3252 Christi

450 3285 679 3355 gloriam
707 3293 768 3340 ut
803 3285 858 3339 in
887 3285 1121 3357 imagine
1146 3285 1335 3340 itidem
1366 3302 1430 3341 ac
1459 3287 1648 3358 ﬁguris
1686 3289 2026 3356 contineret;

451 3392 576 3432 nam
601 3377 791 3432 eadem
817 3378 1004 3442 verba,
1031 3387 1088 3433 et
1108 3378 1418 3434 intellectus
1440 3396 1548 3435 non
1573 3380 1843 3447 diversus,
1869 3381 2029 3437 Chri-

450 3470 519 3524 sti
561 3470 788 3542 gloriam
837 3471 1162 3542 signiﬁcant.
1212 3471 1348 3527 Nam
1390 3473 1436 3527 is
1467 3482 1528 3528 ut
1557 3473 1613 3527 in
1643 3489 1778 3528 auro
1808 3474 2028 3544 quidem

450 3562 616 3627 Deus,
652 3571 713 3617 ut
745 3562 800 3616 in
830 3553 1074 3632 purpura
1097 3562 1302 3632 regiam
1336 3562 1660 3633 dignitatem
1699 3563 1928 3629 habens,
1970 3574 2031 3620 ut

451 3651 506 3704 in
535 3650 697 3721 bysso
735 3650 888 3704 tenui
934 3649 1179 3704 Verbum
1224 3649 1428 3704 subtile
1469 3660 1525 3705 et
1563 3652 1809 3720 corporis
1835 3669 2030 3722 expers

453 3741 826 3810 intelligitur:
867 3739 1012 3793 idem
1059 3754 1278 3808 quoque
1326 3749 1387 3794 ut
1440 3739 1496 3794 in
1553 3754 1717 3794 cocco
1764 3740 2030 3812 ﬁguratur

431 3839 678 3903 _pr0pter
714 3831 898 3886 carnis
942 3839 1198 3885 naturam
1238 3847 1253 3896 ;
1285 3837 1355 3909 ut.
1387 3831 1442 3884 in
1473 3831 1767 3902 hyacintho
1794 3834 2029 3904 denique

453 3920 596 3976 aeris
617 3920 854 3991 speciem
879 3919 1146 3975 referente
1171 3920 1240 3992 (is
1257 3928 1340 3974 est
1361 3920 1507 3975 enim
1530 3921 1811 3994 hyacinthi
1832 3924 2027 3996 color),

455 4023 746 4086 propterea
772 4013 916 4084 quod
946 4028 976 4068 e
997 4012 1250 4082 supernis
1271 4019 1354 4066 est
1378 4020 1435 4067 et
1460 4027 1490 4067 e
1517 4013 1676 4069 coelo.
1699 4013 1840 4080 Quid
1861 4015 2033 4070 enim?

455 4105 647 4160 Nonne
674 4111 728 4158 et
753 4104 899 4159 Deus
919 4103 1082 4158 simul
1105 4111 1160 4158 et
1182 4105 1296 4159 Rex
1318 4111 1403 4160 est
1423 4103 1556 4159 illud
1573 4119 1640 4159 ex
1665 4103 1776 4161 Deo
1800 4105 2032 4162 Parente

458 4197 699 4252 Verbum
725 4197 750 4248 ?

527 4287 726 4341 PALL.
757 4286 890 4353 Quis
916 4289 1126 4359 neget?

2124 1822 2218 1874 καὶ
2255 1820 2357 1875 ἀνὰ
2383 1819 2548 1890 μέρος
2577 1820 2728 1890 ἡμῖν,
2768 1817 2843 1882 ὼς
2869 1816 2967 1882 ενι,
3004 1814 3299 1883 λελέξεται.
3324 1815 3471 1886 Ἔφη
3519 1814 3703 1867 τοίνυν

2125 1911 2253 1983 περὶ
2281 1910 2388 1964 τῶν
2419 1912 2497 1976 είς
2525 1911 2659 1982 ἔργα
2702 1907 3184 1981 παρειλημμένων,
3225 1926 3243 1959 ι
3281 1905 3392 1960 Καὶ
3423 1906 3580 1960 αὐτοὶ
3606 1905 3704 1976 λή-

2123 2003 2310 2072 ψονται
2335 2002 2396 2056 τὸ
2422 2002 2664 2074 χρυσίον,
2691 2001 2782 2055 καὶ
2811 1999 2909 2071 τὴν
2941 1998 3215 2065 ὑάκινθον,
3244 1999 3338 2051 καὶ
3365 1997 3468 2067 τὴν
3487 1995 3702 2069 πορφύ-

2127 2111 2248 2166 ραν,
2282 2095 2374 2148 καὶ
2401 2094 2460 2147 τὸ
2490 2093 2760 2158 κόκκινον,
2795 2090 2889 2145 καὶ
2932 2089 3147 2161 βύσσον.
3189 2107 3206 2140 ι
3253 2087 3362 2142 Καί
3411 2105 3503 2159 μοι
3542 2087 3704 2143 πάλιν

2125 2184 2322 2239 λεπτὸν
2347 2185 2507 2248 ἐνιεὶς
2541 2187 2654 2248 τοῖς
2683 2183 3061 2254 προκειμένοις
3082 2181 3173 2235 τὸν
3214 2179 3356 2246 νοῦν,
3390 2180 3484 2233 καὶ
3509 2179 3613 2250 πρό
3638 2195 3704 2247 γε

2125 2276 2189 2347 δὴ
2213 2275 2320 2329 τῶν
2351 2274 2526 2330 ἄλλων
2556 2274 2712 2346 ἄθρει
2739 2273 2804 2346 δὴ
2823 2273 2963 2327 τόδε.

2201 2555 2414 2610 ΠΛΛΛ.
2455 2555 2528 2606 Τὸ
2558 2554 2708 2605 ποῖον
2737 2551 2791 2604 τί
2826 2551 2964 2621 φής;

2199 2647 2362 2702 ΚΥΡ.
2403 2647 2478 2701 Ού
2527 2645 2635 2718 γὰρ
2678 2644 2900 2716 χρυσίου
2944 2641 3038 2696 καὶ
3089 2639 3309 2711 βύσσου,
3342 2639 3435 2692 καὶ
3477 2637 3582 2710 μὴν
3609 2640 3706 2692 καὶ

2128 2738 2410 2810 πορφύρας
2461 2739 2555 2792 καὶ
2599 2737 2855 2791 κοκκίνου
2897 2731 3297 2804 κεκλωσμένου,
3343 2730 3598 2784 ὑακίνθου
3643 2747 3707 2782 τι

2127 2827 2194 2884 αὗ
2225 2832 2403 2884 πάντα
2442 2827 2768 2898 πεποίηνται
2819 2826 2888 2881 τὰ
2935 2826 2994 2878 ἐν
3040 2827 3106 2895 τῇ
3164 2824 3360 2894 σκηνῇ,
3395 2823 3487 2875 καὶ
3519 2817 3586 2892 ἦν
3623 2825 3708 2885 είς

2087 2913 2094 2921 ’
2127 2925 2298 2979 τύπον
2330 2922 2569 2994 Χριστοῦ
2590 2939 2604 2988 ;

2200 3017 2410 3071 ΠΑΛΛ.
2451 3009 2578 3069 Ὧδε
2614 3013 2746 3086 ἔχει.

2201 3109 2364 3162 ΚΥΡ.
2403 3107 2513 3162 Θὲα
2545 3106 2602 3160 δὲ
2645 3105 2708 3177 δὴ
2755 3105 2836 3158 ὅτι
2879 3102 2967 3157 διά
3015 3102 3124 3157 τῶν
3168 3104 3350 3158 αύτῶν
3390 3105 3485 3159 καὶ
3528 3107 3560 3176 ὴ
3613 3101 3705 3156 τοῦ

2133 3197 2460 3271 προύχοντος
2505 3198 2562 3251 ὲν
2630 3196 2900 3270 ἱερωσύνῃ
2962 3196 3318 3267 διεσκευάσθη
3374 3199 3558 3270 στολὴ,
3610 3197 3708 3268 τὴν

2130 3289 2365 3362 Χριστοῦ
2400 3288 2554 3354 δόξαν
2601 3287 2677 3352 ὡς
2725 3289 2782 3342 ὲν
2831 3287 2998 3341 είκόνι
3052 3287 3115 3359 δὴ
3167 3288 3331 3341 πάλιν
3375 3290 3470 3344 καὶ
3516 3289 3708 3351 trimi;

2085 3443 2089 3447 _
2129 3381 2411 3434 ὠδίνουσαο
2439 3379 2589 3448 λόγοι
2619 3379 2728 3449 γὰρ
2775 3381 2823 3433 οἱ
2863 3380 3037 3444 αὐτοὶ,
3068 3380 3269 3450 γνῶσις
3302 3381 3359 3436 δὲ
3394 3382 3493 3452 ούχ
3523 3381 3705 3452 ἑτέρα,

2131 3473 2189 3526 τὺ
2221 3471 2458 3546 Χριστοῦ
2492 3471 2690 3536 κάλλος
2725 3473 3214 3544 κατασημαίνουσι.
3242 3473 3577 3527 Γινώσκεται
3601 3473 3710 3543 γὰρ

2128 3566 2201 3630 ὡς
2234 3567 2292 3619 ὲν
2329 3564 2514 3637 χρυσῷ
2546 3565 2645 3637 μὲν
2672 3563 2821 3628 Θεὸς,
2845 3565 2920 3628 ὡς
2944 3565 3002 3618 ἐν
3032 3564 3288 3636 πορφύρᾳ
3331 3564 3393 3618 τὸ
3431 3564 3710 3635 βασίλειον

2129 3657 2268 3727 ἔχων
2314 3656 2566 3727 ἀξίωμα,
2615 3655 2710 3709 καὶ
2762 3654 2836 3718 ὡς
2871 3655 2929 3707 ὲν
2981 3653 3162 3725 βύσσῳ
3201 3654 3371 3726 λεπτῇ
3436 3654 3596 3723 λόγος
3627 3655 3710 3707 ίσ-

2129 3747 2253 3818 χνὸς
2287 3748 2378 3800 καὶ
2403 3745 2711 3818 ἀσώματος,
2751 3744 2827 3810 ὡς
2861 3745 2918 3798 ὲν
2958 3745 3192 3816 κοκκίνῳ
3226 3743 3313 3799 διὰ
3357 3744 3454 3815 τὴν
3501 3743 3708 3817 σάρκα·

2131 3840 2189 3892 ὲν
2251 3837 2489 3910 ὑακίνθῳ
2540 3855 2604 3907 γε
2657 3837 2762 3910 μὴν
2812 3839 3124 3908 ἀεροφανεῖ,
3190 3836 3548 3907 τοιουτόχρως
3602 3838 3713 3906 γὰρ

2131 3928 2403 3994 ὑάκινθος,
2435 3927 2523 3982 διὰ
2567 3927 2628 3980 τὸ
2685 3925 2892 3981 ἄνωθεν
2944 3926 3036 3979 καὶ
3087 3925 3148 3990 ἐξ
3209 3925 3556 3996 ούρανοῦ.Ἦ
3603 3924 3712 3994 γὰρ
3821 3966 3833 3975 .

2131 4021 2252 4092 ούχὶ
2278 4020 2410 4084 Θεός
2442 4037 2499 4074 τε
2533 4019 2648 4090 ἅμα
2699 4021 2795 4072 καὶ
2851 4017 3104 4088 βασιλεὺς
3145 4017 3174 4070 ό
3224 4018 3288 4071 ὲκ
3335 4017 3471 4071 Θεοῦ
3501 4017 3712 4088 Πατρδς

2133 4112 2305 4182 Λόγος
2321 4130 2335 4175 ς

2205 4294 2412 4350 ΠΑΛΛ.
2454 4295 2578 4360 Πῶς
2607 4295 2715 4367 γὰρ
2745 4294 2832 4359 οὗ,

525 4378 683 4436 CYR.
722 4379 911 4436 Nonne
954 4389 1238 4451 praeterea,
1273 4397 1398 4437 cum
1428 4381 1666 4437 Verbum
1687 4392 1833 4437 esset
1858 4381 2024 4437 Patris

2207 4387 2370 4442 ΚΥΡ.
2412 4387 2547 4459 Ούχὶ
2579 4387 2635 4441 δὲ
2664 4387 2836 4456 Λόγος
2871 4385 2947 4442 ὢν
2992 4385 3086 4440 τοῦ
3141 4385 3351 4458 Πατρὸς
3399 4386 3591 4450 λεπτὸς
3615 4389 3718 4440 καὶ

457 4469 658 4527 subtile
716 4480 772 4526 et
809 4471 1052 4542 corporis
1077 4488 1291 4542 expers,
1331 4471 1478 4526 idem
1511 4473 1568 4526 in
1614 4487 1780 4527 carne
1804 4472 2031 4540 factum,

458 4572 513 4618 et
540 4563 608 4618 de
631 4563 886 4633 supernis
914 4573 998 4619 est
1026 4563 1050 4617 ?

527 4655 727 4712 PALL.
757 4657 984 4711 Verum.

527 4744 686 4800 CYR.
716 4743 886 4815 Igitur
929 4743 1121 4798 eadem
1168 4749 1252 4797 est
1291 4742 1513 4799 omnino
1558 4741 1750 4808 etiam,
1791 4743 1936 4813 quod
1966 4743 2034 4799 ad

452 4834 802 4890 subtiliorem
837 4833 1351 4904 contemplationem
1382 4833 1642 4904 pertinet,
1688 4836 1914 4890 materia
1939 4851 2035 4892 ve-

459 4925 866 4990 stimentorum,
917 4932 974 4980 et
1011 4940 1201 4980 eorum
1245 4940 1366 4995 quae
1413 4926 1469 4980 in
1507 4926 1842 4982 tabernaculi
1869 4941 2035 4998 opere

455 5016 707 5072 confecta
739 5025 886 5072 sunt.
923 5016 1032 5072 Sed
1065 5017 1132 5072 de
1168 5017 1254 5072 his
1280 5018 1433 5074 satis.
1481 5018 1599 5074 Jam
1643 5035 1777 5076 vero
1826 5018 1894 5073 de
1946 5020 2032 5083 iis,

457 5122 580 5177 qua:
620 5107 690 5162 ad
722 5109 991 5163 honorem
1034 5116 1090 5165 ct
1129 5109 1358 5180 gloriam
1388 5110 1568 5166 Aaron
1601 5111 1752 5166 varie
1782 5119 2034 5165 contexta

457 5205 610 5264 sunt,
663 5198 880 5254 dicendi
935 5208 1150 5270 tempus
1187 5210 1288 5256 est.
1340 5201 1510 5274 igitur
1536 5244 1551 5268 ,
1603 5222 1620 5253 ι
1648 5203 1716 5257 Ει
1745 5200 1970 5267 facient,
2008 5221 2026 5254 ι

461 5291 660 5362 inquit,
711 5309 729 5343 ι
769 5293 1216 5364 superhumerale
1247 5309 1313 5348 ex
1346 5294 1507 5366 bysso
1544 5303 1706 5359 torta,
1743 5309 1880 5364 opus
1917 5302 2032 5348 tex-

460 5381 559 5437 tile
616 5382 948 5449 variatoris,
1012 5384 1122 5438 duo
1175 5382 1645 5453 superhumeralia
1695 5383 2031 5439 continentia

458 5483 624 5531 erunt
650 5475 774 5547 ipsi,
803 5474 1034 5532 alterum
1061 5476 1216 5531 alteri
1241 5475 1295 5529 in
1318 5475 1533 5531 duabus
1555 5475 1804 5545 partibus
1819 5475 2027 5547 juncta,

537 5679 581 5712 "
611 5675 782 5733 Galat.
815 5697 892 5744 ιιι,
922 5681 1009 5733 27.
1087 5679 1130 5710 ⁵³⁸
1155 5681 1324 5735 Εκωό.
1357 5697 1535 5748 xm",
1563 5682 1613 5736 5.

2134 4474 2442 4547 ἀσώματος,
2475 4476 2700 4546 γέγονεν
2724 4477 2782 4530 ἐν
2813 4476 2976 4549 σαρκὶ
3003 4475 3098 4530 καὶ
3131 4474 3277 4528 ἔστιν
3301 4474 3507 4529 ἄνωθεν
3533 4492 3548 4539 ;

2205 4648 2415 4704 IIAAA.
2469 4648 2709 4721 Ἀληθές.

2204 4741 2368 4796 ΚΥΡ.
2409 4742 2474 4794 Ai
2501 4742 2663 4796 αύταὶ
2705 4741 2993 4814 τοιγαροῦν
3033 4742 3468 4813 ἀπαραλλάκτως
3516 4741 3611 4796 καὶ
3635 4741 3720 4806 ὡς

2136 4833 2192 4884 ὲν
2226 4831 2428 4904 θεωρίᾳ
2461 4831 2629 4903 λεπτῇ
2674 4831 2784 4886 τῶν
2813 4832 3137 4904 ἐσθημάτων
3163 4834 3217 4887 ai
3268 4832 3412 4896 ὕλαι,
3444 4832 3536 4886 καὶ
3567 4832 3706 4903 μέν-

2134 4940 2216 4977 τοι
2256 4924 2350 4977 καὶ
2402 4922 2510 4977 τῶν
2550 4924 3078 4994 κατεσκευασμένων
3121 4925 3178 4977 ὲν
3219 4927 3287 4997 τῇ
3335 4923 3465 4994 ἁγίᾳ
3512 4925 3714 4994 σκηνῇ.

2134 5014 2242 5068 Καὶ
2258 5014 2416 5068 ταυτὶ
2439 5013 2536 5085 μὲν
2553 5007 2675 5077 ὧδε,
2691 5015 2759 5068 τὰ
2778 5015 2834 5068 δὲ
2855 5017 2933 5079 είς
2946 5014 3108 5086 τιμὴν
3123 5015 3216 5070 καὶ
3234 5014 3392 5079 δόξαν
3409 5013 3488 5085 τῷ
3501 5013 3720 5085 ’Δαρὼν

2136 5106 2392 5170 ποικίλως
2431 5107 2778 5178 ὲξυφασμένα
2824 5106 3016 5178 καιρὸς
3066 5107 3166 5178 ἤδη
3217 5107 3414 5176 λέγειν.
3474 5105 3716 5168 Ούκοῦν,

2139 5195 2287 5251 «Καὶ
2331 5199 2636 5268 ποιήσουσι,
2680 5198 2835 5268 φησὶ,
2901 5197 3002 5270 τὴν
3047 5197 3300 5268 ἐπωμίδα
3369 5198 3438 5250 ὲκ
3511 5196 3719 5266 βύσσου

2137 5288 2541 5359 κεκλωσμένης,
2579 5289 2741 5361 ἔργον
2776 5289 3013 5359 ύφαντὸν
3041 5287 3340 5351 ποικιλτοῦ,
3375 5286 3469 5341 δύο
3498 5287 3720 5358 ἐπωμίο

2139 5382 2230 5445 δες
2271 5381 2593 5452 συνέχουσαι
2624 5380 2837 5436 ἔσονται
2875 5382 3045 5452 αύτῷ,
3086 5381 3250 5453 ἑτέρα
3275 5379 3373 5450 τὴν
3395 5377 3594 5448 ἑτέραν
3621 5379 3724 5431 επὶ

2139 5477 2248 5538 τοῖς
2283 5471 2375 5526 δύο
2409 5471 2632 5545 μέρεσι]
2680 5473 3043 5546 ἐξηρτημένα.
3083 5472 3192 5528 Καὶ
3229 5472 3289 5526 τὸ
3334 5471 3563 5542 ὕφασμα
3601 5467 3720 5522 τῶν
