3996 6212
341 279 448 336 736

1003 287 1090 343 DE
1127 287 1566 345 ADOIIATIONE
1603 289 1668 343 IN
1709 285 1977 344 SPIRITU
2020 283 2109 340 ET
2153 281 2519 339 VERITATE.
2555 309 2624 318 —
2664 279 2792 333 LIB.
2835 278 2925 332 XI.

3485 280 3591 338 7'54

331 404 640 474 ἐπωμίδων,
686 405 714 457 6
746 405 891 458 ἐστιν
921 405 1007 459 ἐπ’
1036 403 1185 475 αὐτῷ
1237 404 1378 459 κατὰ
1431 404 1527 476 τὴν
1566 405 1803 475 ποίησιν,
1851 397 1888 457 il

2011 409 2068 456 et
2107 406 2322 454 textura
2360 393 2918 468 superhumeralium,
2949 406 3071 462 quae
3099 400 3185 456 est
3211 392 3267 447 in
3296 393 3417 464 ipso
3442 393 3598 462 juxta

329 496 498 550 αὑτοῦ
528 495 682 549 ἐσται
717 498 782 549 ἐκ
819 496 1022 568 χρυσοῦ
1059 499 1154 553 καὶ
1195 497 1451 554 ὑακίνθου
1488 500 1581 552 καὶ
1622 498 1910 570 πορφύρας

327 590 420 643 καὶ
451 589 705 642 κοκκίνου
750 590 1172 661 διανενησμένου
1205 593 1299 645 καὶ
1352 591 1550 662 βύσσου
1595 591 1911 661 κεκλωσμέ-

325 700 444 753 νης.
481 701 499 733 ι
527 681 701 749 ’Υλην
737 682 794 736 δὲ
822 686 937 746 τοῖς
966 684 1253 755 ὑφάσμασι
1288 685 1412 747 δοὺς
1442 683 1540 755 τὴν
1585 683 1685 754 ἤδη
1723 701 1908 754 προει-

329 774 598 846 ρημένην,
627 774 790 837 εὐθὺς
814 776 1082 848 ἐπιφέρειο
1107 796 1125 828 ι
1150 777 1261 829 Καὶ
1282 775 1428 848 λήψῃ
1453 778 1578 840 τοὺς
1598 775 1690 828 δύο
1706 774 1904 838 λίθους.

321 863 505 926 λίθους
537 863 906 933 σμαράγδους,
935 867 1028 919 καὶ
1045 865 1270 934 γλύψεις
1297 868 1352 918 ἐν
1369 866 1550 928 αὐτοῖς
1570 865 1638 918 τὰ
1667 864 1907 934 ὀνόματα

318 953 431 1006 τῶν
467 953 599 1006 υίῶν
645 952 880 1024 Ἰσραὴλ,
922 954 982 1019 ἒξ
1017 956 1258 1026 ὀνόματα
1310 956 1440 1025 περὶ
1487 954 1577 1007 τὸν
1618 955 1764 1008 λίθον
1813 954 1906 1008 τὸν

316 1043 440 1105 Eva,
481 1044 575 1096 καὶ⁹
615 1043 686 1096 τὰ
735 1044 794 1111 ἒξ
841 1044 1082 1115 ὀνόματα
1118 1047 1184 1099 τά
1207 1045 1369 1099 λοιπὰ
1396 1047 1486 1101 ἐπὶ
1515 1046 1605 1100 τὸν
1638 1046 1782 1099 λίθον
1814 1047 1906 1099 τὸν

313 1134 591 1204 δεύτερον,
622 1135 764 1188 κατὰ
798 1135 896 1200 τὰς
934 1137 1176 1204 γενέσεις
1217 1138 1424 1203 αὐτῶν,
1473 1138 1634 1208 ἔργον
1691 1138 1906 1210 λιθουρο

315 1227 488 1296 γικῆς
533 1227 764 1297 τέχνης’
812 1227 1042 1298 γλύμμα
1089 1229 1384 1299 σφραγίδος
1425 1229 1740 1298 διαγλύψεις
1777 1232 1904 1294 τοὺς

313 1318 502 1380 λίθους
531 1319 626 1372 ἐπὶ
675 1321 787 1381 τοῖς
821 1319 1047 1388 ὀνόμασι
1080 1319 1188 1373 τῶν
1223 1320 1353 1374 υἱῶν
1398 1321 1633 1390 Ἰσραήλ.
1669 1323 1778 1374 Καὶ
1808 1320 1904 1392 θή-

314 1427 431 1474 σεις
473 1409 599 1474 τοὺς
629 1409 723 1463 δύο
751 1411 932 1474 λίθους
961 1413 1053 1464 ἐπὶ
1089 1411 1198 1464 τῶν
1250 1412 1417 1482 ὤμων
1461 1413 1563 1482 τῆς
1595 1413 1891 1484 ἐπωμίδος’

311 1502 453 1556 λίθοι
488 1502 833 1574 μνημόσυνόν
859 1504 966 1556 είσι
1005 1506 1118 1565 τοῖς
1142 1505 1279 1568 υίοῖς
1307 1505 1543 1577 Ἰσραήλ.
1563 1504 1588 1557 ⁷»

284 1620 287 1621 ν
385 1594 593 1647 ΠΑΛΛ.
635 1593 812 1657 Βαθὺς
850 1595 967 1665 μὲν,
994 1594 1071 1657 ὡς
1118 1595 1314 1662 ἔοικεν,
1346 1598 1374 1650 6
1430 1599 1487 1652 ἐν
1527 1600 1640 1661 τοῖς
1691 1597 1899 1669 θεωρήο

313 1703 451 1757 μασι
491 1687 665 1754 λόγος·
717 1686 894 1758 πειρῶ
922 1687 978 1740 δὲ
1027 1688 1294 1758 πρότερον
1326 1689 1504 1742 ἐκεῖνο
1537 1689 1732 1754 εἰπεῖν,
1760 1689 1812 1742 τί
1839 1688 1899 1741 τὸ

2017 491 2386 554 είΥεοιίοηεω,
2419 505 2485 545 ex
2527 490 2645 558 ipso
2683 487 2811 551 erit,
2847 501 2914 540 ex
2952 499 3090 539 auro
3123 492 3181 540 et
3214 484 3510 557 hyacintho
3543 498 3621 564 et!

2017 597 2262 652 purpura
2283 589 2340 636 et
2364 596 2529 636 cocco
2559 588 2726 644 torto,
2750 585 2805 632 et
2824 577 2987 648 bysso
3011 585 3140 631 neta
3160 578 3229 632 ⁸⁸.
3269 596 3287 630 ›
3321 577 3459 634 Cum
3493 575 3622 654 ita-

2015 687 2122 742 que
2156 671 2444 727 materiam
2475 686 2598 741 quae
2636 685 2784 724 nunc
2817 669 2964 724 dicta
2986 677 3090 733 est,
3119 669 3400 726 textilibus
3426 673 3598 727 vesti-

2014 763 2119 818 bus
2163 763 2468 828 tribuisset,
2508 762 2771 817 continuo
2816 761 3098 832 subjungit
3132 779 3144 814 :
3201 780 3220 812 ι
3257 762 3327 816 Ει
3359 763 3596 833 accipies

2012 856 2153 912 duos
2193 857 2436 926 lapides,
2479 855 2644 926 380
2669 855 2882 926 lapides
2919 854 3254 924 smaragdos,
3294 863 3349 909 et
3379 857 3598 927 sculpes

2014 947 2070 1002 in
2098 947 2179 1003 eis
2200 948 2422 1002 nomina
2455 947 2693 1001 ﬁliorum
2725 945 2890 1000 Israel
2914 963 2926 1000 :
2954 961 3051 1000 sex
3077 948 3301 1002 nomina
3329 946 3384 1000 in
3415 946 3595 1016 lapide

2011 1055 2143 1103 uno,
2177 1048 2235 1094 et
2275 1055 2370 1095 sex
2407 1039 2630 1094 nomina
2665 1038 2876 1107 reliqua
2904 1038 2961 1092 in
2999 1037 3180 1107 lapide
3209 1039 3402 1103 altero,
3439 1039 3593 1109 juxta

2011 1132 2326 1186 nativitates
2361 1143 2572 1193 eorum,
2598 1146 2736 1200 opus
2774 1131 3088 1201 gemmariae
3117 1131 3270 1185 artis.
3299 1131 3593 1202 Sculptura

2011 1222 2170 1293 sigilli
2210 1223 2427 1292 sculpes
2462 1220 2674 1290 lapides
2705 1219 3022 1274 nominibus
3044 1219 3280 1274 ﬁliorum
3307 1221 3502 1277 Israel:
3536 1230 3593 1276 et

2010 1330 2180 1384 pones
2236 1315 2374 1368 duos
2421 1313 2631 1383 lapides
2677 1315 2734 1368 in
2787 1313 3034 1368 humeris
3080 1312 3587 1383 superhumeralis:

2006 1402 2217 1473 lapides
2249 1404 2564 1458 memoriale
2587 1413 2717 1458 sunt
2748 1402 2875 1457 ﬁliis
2901 1403 3066 1458 Israel
3100 1405 3137 1456 ¹.
3174 1423 3192 1455 ›

2079 1577 2276 1632 PALL.
2322 1578 2598 1633 Profunda
2630 1578 2887 1648 equidem
2918 1578 3137 1633 videtur
3181 1581 3588 1649 propositarum

2005 1670 2366 1739 quaestionum
2391 1671 2531 1724 ratio
2552 1688 2564 1722 :
2585 1671 2680 1725 sed
2702 1672 2912 1726 enitere
2937 1671 3041 1724 hoc
3070 1671 3204 1724 mihi
3241 1673 3391 1740 prius
3419 1689 3588 1742 expo-

311 1780 502 1850 χρῆμα
531 1781 629 1849 τῆς
685 1781 915 1849 ἐπίκλην
965 1780 1259 1851 ἐπωμίδος,
1309 1781 1343 1853 ἢ
1375 1785 1527 1836 ποῖον
1567 1782 1634 1837 ἂν
1665 1780 1779 1852 ἔχοι
1802 1783 1888 1851 τῆς

2003 1780 2134 1820 nere
2155 1765 2418 1834 quidnam
2443 1764 2577 1818 illud
2604 1763 2674 1817 sit
2699 1762 2846 1832 quod
2881 1761 3190 1830 appellatur
3221 1761 3586 1831 superhume-

309 1869 656 1940 κατασκευῆς
683 1871 774 1924 τὸν
803 1871 1023 1940 τρόπον.

380 1964 546 2016 ΚΥΡ.
593 1963 860 2034 ’Υφασμά
882 1981 933 2017 τι
955 1963 1181 2033 χιτῶνος
1209 1965 1285 2030 ὡς
1318 1964 1377 2018 ὲν
1423 1964 1549 2019 εῐδει
1583 1965 1678 2019 καὶ
1736 1965 1897 2035 μέχρι

309 2056 536 2126 στέρνου
585 2055 773 2125 διῆκον
824 2055 1080 2123 γενέσθαι
1146 2056 1533 2128 προστέταχεν,
1586 2057 1662 2120 ὼς
1713 2057 1899 2120 αὐτοῖς

308 2147 419 2200 ἔσω
446 2163 507 2199 τε
547 2146 640 2199 καὶ
679 2144 757 2210 ὡς
787 2148 845 2200 ὲν
877 2146 994 2217 χρῷ
1020 2147 1115 2200 καὶ
1151 2148 1311 2219 μέχρι
1359 2147 1540 2202 ποδῶν
1590 2147 1895 2217 ἐσθήμασιν

309 2239 776 2309 ἐπενηνεγμένου,
829 2239 926 2293 xal.
982 2239 1080 2310 τὴν
1104 2241 1168 2292 ἐκ
1223 2239 1425 2310 χρυσοῦ
1462 2241 1557 2294 καὶ
1610 2239 1895 2311 πορφύρας

309 2329 718 2401 ἁπαστράπτων
751 2330 948 2400 αὐγὴν,
975 2334 1088 2394 τοῖς
1130 2329 1238 2382 τῶν
1268 2329 1559 2399 θεωμένων
1595 2329 1895 2398 ὀφθαλμοῖς

309 2421 508 2477 σεπτόν
544 2439 603 2475 τε
649 2421 746 2475 καὶ
799 2423 1125 2494 ίεροπρεπὲς
1155 2421 1447 2475 ἐντέκοιτὸ
1479 2421 1685 2491 θαῦμα.
1724 2420 1894 2474 Τοῦτο

302 2513 575 2584 κέκληκεν
598 2513 866 2584 ἐπωμίδα,
893 2512 982 2566 διὰ
1002 2513 1084 2578 τὸ,
1117 2509 1290 2583 οἶμαι,
1320 2511 1490 2584 βραχὺ
1509 2511 1601 2566 τοῦ
1617 2514 1894 2584 τεχνήμα-

304 2621 416 2671 τος,
439 2606 534 2659 καὶ
561 2605 621 2658 τὸ
649 2607 853 2675 ἀμφοῖν
881 2604 946 2676 δὴ
974 2604 1124 2676 μόλις
1153 2604 1539 2658 ἐπιτάννυσθαι
1559 2607 1673 2658 τοῖν
1695 2603 1888 2674 ὦμοιν.

314 2697 406 2753 Ἐν
432 2698 606 2770 ταύτῃ
650 2698 714 2768 δὴ
743 2692 836 2752 οὖν
876 2702 941 2769 τῇ
981 2696 1216 2767 ἐπωμίδι
1254 2696 1348 2749 δύο
1403 2694 1602 2760 λίθους,
1641 2697 1892 2768 σμαράγ-

303 2792 394 2845 δου
413 2790 472 2844 δὲ
503 2786 685 2853 αὗται,
715 2788 1033 2860 κλῶσμασιν
1079 2790 1280 2858 ίσχνοίς
1305 2784 1366 2841 εὖ
1399 2787 1542 2858 μάλα
1573 2787 1889 2857 διεσφιγμὲ-

302 2901 399 2948 νας
445 2883 809 2954 ἐνερείδεσθαι
856 2883 967 2936 δεῖν
1029 2880 1283 2934 διετύπου
1331 2880 1538 2950 σαφῶς,
1580 2883 1888 2950 ἐνορωρυγ-

303 2973 483 3040 μένων
527 2971 794 3042 εὐτέχνως
822 2971 1081 3042 ὀνομαστὶ
1115 2970 1222 3024 τῶν
1250 2969 1454 3040 φυλῶν,
1487 2969 1563 3032 ὡς
1601 2969 1660 3036 ἒξ
1687 2971 1744 3022 ἐν
1789 2971 1889 3040 μιᾷ

296 3063 608 3134 γράφεσθαι
635 3065 790 3135 λίθῳ.
829 3066 942 3118 Kal.
976 3065 1063 3128 τίς
1094 3067 1122 3118 6
1152 3063 1304 3117 τοῦδε
1336 3062 1513 3132 λόγος,
1561 3063 1721 3126 αὑτός
1757 3065 1888 3134 ἡμῖν
1915 3099 1958 3156 c

2005 1855 2141 1921 rale,
2165 1871 2344 1925 quove
2366 1855 2530 1909 modo
2551 1853 2884 1908 confectum.

2068 1946 2225 2003 CYR.
2265 1948 2528 2002 Textilem
2568 1946 2860 2016 quamdam
2925 1954 3136 2002 vestem
3176 1929 3378 2000 tunicae
3414 1945 3586 2000 instar

2000 2052 2174 2106 usque
2202 2037 2271 2091 ad
2296 2045 2488 2107 peetus
2526 2036 2893 2106 pertinentem
2921 2036 3040 2092 ﬁeri
3065 2036 3252 2108 jussit,
3278 2045 3359 2101 ut,
3393 2037 3461 2091 iis
3488 2053 3584 2092 ve-

1998 2130 2195 2194 stibus,
2233 2146 2356 2199 quae
2398 2130 2692 2184 interiores
2723 2137 2930 2194 essent,
2974 2139 3030 2185 et
3061 2144 3264 2200 corpus
3298 2130 3584 2201 continge-

1998 2230 2144 2285 rent,
2185 2233 2241 2276 et
2275 2236 2448 2290 usque
2491 2221 2560 2275 ad
2596 2220 2764 2290 pedes
2825 2220 3269 2286 demitterentur,
3329 2206 3581 2291 superin-

1996 2311 2180 2377 ducta,
2227 2319 2283 2368 et
2317 2313 2438 2367 auri
2495 2328 2559 2366 ac
2592 2327 2853 2382 purpurae
2899 2311 3192 2381 splendore
3231 2311 3466 2382 fulgens,
3503 2313 3585 2366 in-

1996 2404 2268 2458 tuentium
2293 2403 2468 2458 oculis
2485 2403 2850 2458 venerandam
2878 2411 2933 2458 et
2964 2402 3582 2472 sacerdotalimajestate

1995 2496 2215 2566 dignam
2255 2495 2674 2551 admirationem
2731 2495 3036 2565 ingeneret.
3073 2495 3225 2550 Hanc
3247 2495 3463 2548 vocavit
3485 2509 3580 2548 su-

1993 2587 2402 2656 perhumerale,
2440 2602 2560 2651 seu,
2594 2600 2657 2642 ut
2694 2587 2882 2642 Graece
2908 2595 3014 2651 est,
3052 2587 3324 2656 ἐπωμίδα,
3359 2596 3583 2656 propter

1994 2678 2342 2742 brevitatem,
2383 2687 2444 2733 ut
2489 2677 2750 2741 arbitror,
2797 2678 3000 2748 operis,
3034 2686 3090 2732 et
3124 2678 3270 2747 quod
3301 2677 3392 2730 vix
3417 2693 3580 2746 super

1994 2777 2294 2837 utrumque
2330 2768 2625 2823 humerum
2662 2768 3074 2823 extenderetur.
3124 2768 3184 2823 In
3234 2768 3341 2822 hoc
3395 2768 3577 2837 itaque

1992 2860 2432 2930 superhumerali
2481 2859 2620 2914 duos
2671 2859 2883 2929 lapides
2933 2857 3228 2931 (smaragdi
3275 2860 3332 2914 hi
3392 2861 3576 2928 erant)

1992 2952 2254 3007 tenuibus
2297 2952 2530 3007 texturis
2582 2951 2758 3022 probe
2805 2952 3135 3006 constrictos
3179 2951 3347 3007 inseri
3393 2951 3576 3023 jussit,

1993 3041 2282 3112 insculptis
2311 3043 2612 3098 artiﬁciose
2652 3059 2751 3113 per
2781 3042 3004 3098 nomina
3050 3043 3341 3109 tribubus,
3399 3044 3474 3098 ita
3519 3051 3580 3098 ut

291 3158 545 3226 διεσάφει
581 3156 788 3226 λέγων·
821 3176 838 3209 ι
862 3158 972 3210 Καὶ
1011 3156 1241 3227 λήψεται
1287 3154 1496 3226 Ἀαρὼν
1537 3155 1606 3208 τὰ
1645 3155 1885 3225 ὀνόματα

1999 3149 2084 3189 sex
2115 3135 2171 3188 in
2207 3150 2314 3190 uno
2342 3135 2526 3204 lapide
2559 3135 3028 3191 describerentur.
3077 3135 3317 3206 Ejusque
3362 3137 3443 3191 rei
3488 3152 3576 3190 ra-

289 3245 408 3300 τῶν
438 3245 572 3299 υίῶν
611 3245 830 3317 Ἰσραὴλ
871 3245 1052 3300 ἔναντι
1088 3245 1293 3315 Κυρίου
1332 3245 1559 3298 ἐπὶτῶν
1592 3245 1686 3300 δύο
1715 3244 1884 3317 ῶμων

297 3337 490 3402 αὑτοῦ,
520 3338 864 3409 μνημόσυνον
885 3339 1013 3410 περὶ
1037 3337 1237 3392 αὐτῶν.
1269 3357 1287 3390 ι

371 3514 577 3568 ΠΔΛΛ.
619 3513 934 3584 Νομιοῦμεν
971 3513 1028 3567 δὲ
1081 3514 1132 3567 τί
1180 3514 1268 3568 διά
1297 3532 1357 3568 τε
1416 3516 1528 3569 τῶν
1576 3515 1740 3570 λίθων
1789 3517 1883 3569 καὶ

292 3603 406 3656 τῶν
439 3604 498 3655 ἐν
535 3603 716 3667 αὐτοῖς
745 3603 1140 3674 ὑποδηλοῦσθαι
1164 3605 1358 3670 πάλιν;

368 3694 536 3748 ΚΥΡ.
583 3697 781 3748 Ἀκουε
811 3695 898 3767 δή·
939 3696 1096 3766 ὠχρὰ
1141 3697 1237 3768 μὲν
1281 3695 1426 3759 λίθος
1471 3699 1502 3767 ἡ
1543 3699 1880 3768 σμάραγδος.

306 3785 624 3856 Ἐννήχεται
659 3787 716 3840 δὲ
750 3786 888 3858 αὐτῇ
917 3787 978 3840 τὸ
1008 3787 1287 3856 αὐγοειδὲς
1319 3789 1376 3839 ἐν
1411 3787 1584 3857 βάθει,
1629 3791 1882 3843 καὶοὶον-

293 3876 346 3930 εὶ
377 3878 555 3947 σκότῳ
610 3878 990 3949 συγκέκραταί
1042 3879 1176 3947 φῶς·
1240 3880 1504 3951 ἐκατέρου
1543 3881 1678 3953 πρὸς
1720 3884 1882 3936 ἑαυτὸ

292 3967 359 4019 τὺ
382 3968 539 4039 νικᾷν
563 3967 937 4030 ἀνθέλκοντος.
973 3964 1097 4041 'Ap‘
1122 3967 1234 4030 οὖν,
1261 3964 1305 4023 ὧ
1338 3970 1622 4032 Παλλάδιε,
1651 3971 1784 4040 πρὸς
1822 3971 1881 4025 τὸ

295 4058 434 4127 ὑψοῦ
456 4077 515 4112 τε
545 4059 640 4112 καὶ
678 4059 792 4113 ἄνω
841 4060 1055 4130 βλέπων
1097 4064 1125 4115 ό
1156 4060 1251 4113 τοῦ
1290 4063 1542 4130 σώματος
1578 4061 1877 4132 ὀφθαλμὸς,

292 4152 389 4204 καὶ
420 4153 745 4215 κατατείνας
769 4155 850 4216 εἰς
873 4152 932 4206 τὸ
952 4153 1087 4223 βαθὺ
1108 4153 1244 4224 πρὸς
1275 4153 1472 4224 αἰθέρα
1505 4156 1596 4207 καὶ
1626 4154 1878 4224 οὐρανὸν,

290 4244 414 4312 οὐχὶ
452 4243 630 4314 τοιᾷδέ
683 4261 787 4297 τινι
829 4245 1090 4316 προϐαλεῖ
1139 4245 1372 4316 θεωρίας
1422 4244 1598 4316 ὠχρὸς
1631 4245 1740 4316 γάρ
1776 4263 1877 4299 που

291 4335 388 4386 καὶ
420 4333 495 4396 ὡς
529 4337 585 4386 ἐν
628 4333 783 4404 βάθει
810 4335 996 4404 μέλας,
1022 4335 1116 4389 καὶ
1146 4337 1285 4405 φωτὶ
1329 4335 1536 4407 μετρίῳ
1570 4335 1875 4407 συμμιγὴς,

290 4429 321 4478 ὁ
358 4426 620 4480 ἀνωτάτω
647 4427 768 4480 λίαν
801 4427 989 4499 αἰθήρ.

365 4607 576 4661 ΠᾹΛΛ.
620 4603 744 4662 ’Ὧδε
779 4609 912 4682 ἔχει.

367 4699 528 4755 ΚΥΡ.
564 4701 758 4756 Είκόνα
782 4703 846 4774 δὴ
867 4701 960 4758 οὖν
987 4703 1218 4778 οὐρανοῦ
1252 4708 1352 4779 τὴν
1379 4707 1525 4763 λίθον
1557 4712 1789 4764 ποιεῖται
1815 4711 1874 4763 τὸ

291 4789 535 4860 Γράμμα
574 4793 636 4846 τὸ
696 4794 862 4865 ἱερόν.
895 4795 1000 4850 Καὶ
1050 4799 1125 4869 μή
1184 4815 1266 4852 τοι
1307 4800 1594 4873 θαυμάσῃς
1646 4803 1735 4857 ὅτε
1779 4803 1874 4855 καὶ

292 4885 582 4956 σαπφείρῳ
642 4888 964 4958 παρεικάζει
1027 4890 1191 4942 πάλιν
1245 4891 1422 4945 αὐτόν.
1473 4893 1639 4964 Ὠχρά
1694 4895 1802 4965 γὰρ
1839 4896 1872 4963 ἡ

291 4975 622 5048 σάπφειρος,
667 4981 761 5033 καὶ
800 4981 900 5052 τῆς
943 4982 1003 5035 ἐν
1051 4984 1351 5054 σμαράγδῳ
1393 4984 1520 5048 θέας
1547 4986 1608 5038 οὐ
1636 4987 1872 5057 μακράν.

293 5068 613 5138 Γέγραπται
665 5071 721 5123 δὲ
764 5072 936 5136 οὕτως
1007 5075 1064 5128 ἐν
1105 5077 1172 5146 τῇ
1238 5075 1450 5146 Ἐξόδιρ,
1519 5077 1665 5129 (Καὶ
1708 5076 1872 5148 ἀνέϐη

293 5159 499 5228 Μωσῆς
531 5161 624 5213 καὶ
665 5160 896 5231 Ἀαρὼν,
962 5164 1055 5217 καὶ
1106 5165 1313 5230 Ναδὰὅ,
1366 5165 1459 5218 καὶ
1518 5165 1748 5231 Ἀὁιοὺδ,
1779 5167 1873 5220 καὶ

295 5250 668 5321 ἐϐδομήκοντα
712 5253 813 5323 τῆς
847 5257 1139 5327 γερουσίας
1177 5257 1412 5331 Ἰσραήλ.
1472 5257 1580 5312 Καὶ
1620 5253 1759 5310 εἶδον
1779 5259 1870 5312 τὸν

291 5340 458 5393 τόπον
491 5337 552 5396 οὗ
601 5345 849 5415 εἱστήκει
884 5347 912 5399 6
954 5346 1086 5412 Θεὸς
1124 5350 1368 5420 ’1σραήλ’
1398 5350 1493 5401 καὶ
1517 5348 1586 5402 τὰ
1613 5349 1720 5402 ὑπὸ
1747 5351 1872 5413 τοὺς

294 5433 463 5497 πόδας
491 5435 680 5501 αὐτοῦ,
711 5437 845 5491 ὡσεὶ
874 5440 1035 5510 ἔργον
1079 5439 1226 5492 λίθου
1264 5440 1586 5511 σαπφείρου,
1617 5442 1712 5495 καὶ
1760 5441 1869 5495 ὣσ-

297 5541 403 5594 περ
427 5523 563 5588 εἶδος
586 5528 962 5599 στερεώματος
985 5530 1078 5584 τοῦ
1107 5530 1357 5601 οὐρανοῦ,
1389 5535 1453 5604 τῇ
1482 5533 1830 5606 καθαρότητι.
1847 5553 1863 5585 ι

1987 3227 2192 3281 tionem
2237 3227 2353 3296 ipse
2374 3227 2537 3281 nobis
2560 3226 2882 3292 declaravit,
2911 3229 3104 3284 dicens
3135 3246 3148 3281 :
3193 3248 3211 3278 ι
3244 3229 3312 3282 Et
3334 3228 3579 3298 portabit

1984 3316 2166 3371 Aaron
2206 3318 2432 3372 nomina
2483 3317 2724 3372 ﬁliorum
2770 3319 2957 3383 Israel,
3003 3333 3190 3374 coram
3234 3319 3486 3385 Domino,
3521 3320 3576 3374 in

1984 3409 2202 3464 duobus
2227 3389 2474 3465 humeris
2501 3411 2636 3476 suis,
2675 3410 2731 3464 in
2768 3411 3164 3465 monimentum
3188 3426 3287 3479 pro
3312 3410 3448 3479 ipsis
3475 3414 3514 3464 ’.
3549 3430 3568 3461 ο

2052 3523 2248 3578 PALL.
2284 3521 2426 3588 Quid
2464 3539 2598 3578 vero
2637 3523 3064 3579 existimandum
3091 3531 3174 3578 est
3205 3521 3482 3593 lapidibus
3519 3533 3576 3579 et

1983 3630 2177 3669 eorum
2212 3615 2511 3684 sculpturis
2534 3613 2827 3686 signiﬁcari
2855 3615 2878 3668 ?

2053 3702 2210 3758 CYR.
2251 3703 2452 3773 Accipe
2483 3703 2615 3774 jam.
2654 3703 2882 3758 Lividus
2927 3703 3069 3774 lapis
3106 3711 3190 3758 est
3212 3702 3570 3775 smaragdus:

1982 3793 2149 3848 habet
2184 3802 2364 3849 tamen
2387 3793 2738 3865 splendorem
2772 3795 2828 3850 in
2857 3795 3133 3866 profundo
3152 3797 3303 3851 velut
3324 3795 3577 3851 innatano
3648 3814 3654 3820 ·

1983 3894 2113 3951 rem,
2162 3901 2226 3940 ac
2277 3885 2467 3941 lumen
2510 3887 2917 3956 quodammodo
2970 3887 3265 3942 admistum
3304 3888 3572 3955 tenebris,

1981 3993 2215 4046 quorum
2261 3986 2558 4047 utrumque
2593 3979 2828 4033 alterum
2856 3978 3078 4032 vincere
3104 3978 3406 4032 contendit.
3429 3979 3573 4034 Num

1980 4069 2168 4139 igitur,
2217 4069 2446 4133 Palladi,
2499 4068 2590 4123 hic
2614 4068 2864 4138 corporis
2900 4068 3094 4123 oculus
3125 4083 3345 4122 sursum
3377 4083 3575 4125 versus

1979 4172 2035 4218 et
2067 4163 2120 4216 in
2146 4161 2383 4216 sublime
2413 4169 2692 4232 spectans,
2721 4170 2777 4215 et
2799 4176 2962 4230 quam
2985 4161 3303 4232 longissime
3331 4160 3387 4214 in
3418 4175 3571 4215 sum-

1980 4268 2128 4307 mum
2172 4268 2354 4307 aerem
2426 4260 2482 4306 et
2546 4253 2746 4307 coelum
2799 4252 3082 4318 intentus,
3139 4267 3251 4307 non
3300 4252 3568 4324 ejusmodi

1979 4344 2270 4415 quamdam
2302 4343 2544 4413 speciem
2580 4343 2860 4397 incurrit?
2892 4343 3118 4398 Lividus
3139 4353 3224 4398 est
3244 4345 3392 4398 enim
3415 4359 3568 4408 sane,

1907 4445 1952 4499 D
1977 4451 2041 4492 ac
2066 4435 2219 4490 velut
2245 4435 2301 4489 in
2324 4433 2599 4504 profundo
2625 4435 2800 4504 niger,
2828 4441 2884 4487 et
2907 4434 3114 4488 lumine
3139 4434 3404 4490 mediocri
3428 4444 3568 4490 tem-

1981 4536 2202 4598 peratus
2231 4526 2319 4580 ille
2345 4527 2507 4593 longe
2535 4541 2824 4595 supremus
2855 4541 2968 4580 aer.

2049 4620 2245 4676 I‘ALL.
2284 4619 2364 4674 Ita
2399 4627 2502 4674 est.

2049 4713 2206 4768 CYR.
2235 4712 2477 4768 Utuntur
2508 4725 2639 4780 ergo
2672 4711 2776 4766 hoc
2798 4709 2980 4780 lapide
3003 4725 3170 4764 sacrm
3192 4709 3414 4764 Litterae
3440 4718 3561 4764 tan-

1977 4818 2142 4872 quam
2187 4801 2424 4872 imagine
2467 4800 2703 4873 quadam
2735 4801 2897 4855 caeli:
2933 4815 3114 4870 neque
3152 4799 3250 4853 tibi
3283 4799 3335 4853 id
3363 4799 3566 4854 mirum

1976 4893 2228 4947 videatur
2258 4930 2272 4955 ,
2327 4907 2452 4946 cum
2516 4891 2682 4945 etiam
2758 4889 3020 4959 sapphiro
3076 4888 3213 4944 illud
3284 4888 3565 4959 persimile

1973 4982 2138 5037 faciat
2163 4999 2176 5034 :
2222 4979 2423 5051 pallida
2450 4989 2536 5034 est
2560 4980 2706 5035 enim
2741 4995 2954 5051 gemma
2989 4979 3307 5049 sapphirus,
3336 4968 3392 5034 et
3421 4993 3568 5033 sma-

1973 5076 2125 5147 ragdi
2152 5075 2333 5146 specie
2370 5090 2482 5129 non
2510 5074 2672 5145 longe
2698 5081 2929 5130 remota.
2962 5074 3062 5129 Est
3099 5080 3283 5128 autem
3316 5073 3391 5128 ita
3419 5071 3559 5128 scri-

1971 5175 2125 5238 ptum
2167 5167 2221 5222 in
2255 5166 2443 5222 Exodo
2477 5185 2489 5219 :
2525 5165 2686 5236 381
2717 5184 2736 5217 ι
2769 5165 2837 5220 Ει
2863 5165 3109 5221 ascendit
3131 5164 3341 5237 Moyses
3368 5173 3424 5219 et
3450 5162 3558 5218 Aa-

1970 5276 2090 5324 ron,
2121 5269 2176 5315 et
2201 5260 2385 5315 Nadab
2407 5267 2464 5315 et
2485 5259 2686 5325 Abiud,
2711 5267 2767 5314 et
2787 5260 3128 5331 septuaginta
3163 5274 3194 5314 e
3221 5257 3533 5314 senioribus

1973 5353 2164 5417 Israel,
2199 5361 2256 5408 et
2285 5353 2543 5408 viderunt
2576 5352 2758 5408 locum
2801 5353 2897 5408 ubi
2922 5352 3100 5407 stabat
3119 5351 3268 5404 Deus
3289 5347 3475 5406 Israel,
3500 5353 3562 5398 et

1974 5445 2077 5499 sub
2100 5445 2332 5513 pedibus
2354 5446 2473 5515 ejus
2493 5445 2648 5514 quasi
2665 5459 2804 5514 opus
2825 5443 3020 5512 lapidis
3039 5439 3300 5509 sapphiri,
3327 5444 3382 5491 et
3397 5434 3562 5504 quasi

1974 5538 2185 5607 species
2227 5535 2565 5604 ﬁrmamenti
2594 5535 2740 5601 coeli,
2791 5549 2914 5589 cum
2947 5545 3144 5602 purum
3183 5536 3266 5583 est
3291 5527 3330 5582 ³.
3360 5545 3378 5578 ι
3417 5525 3562 5582 Nam

370 5705 414 5737 θ’
439 5703 611 5760 Exod.
641 5721 823 5773 xxvm,
860 5707 978 5762 6—8.
1061 5709 1074 5738 ί
1101 5708 1238 5764 Ibid.
1265 5710 1412 5765 9-12.
1490 5713 1506 5743 ³
1535 5711 1673 5766 Ibid.
1748 5712 1766 5743 ³
1799 5711 1969 5768 Exod.
1998 5727 2138 5775 xxn',
2162 5712 2215 5776 9,
2249 5713 2326 5766 ιο.
