  <div class='ocr_page' id='page_1' title='image "/cluster/home/n/w/nwhite01/storage/ocr_20150623/68/hvd.32044073501975/373.png"; bbox 0 0 3996 6212; ppageno 0'>
   <div class='ocr_carea' id='block_1_1' title="bbox 393 260 500 346">
    <p class='ocr_par' dir='ltr' id='par_1_1' title="bbox 393 260 500 346">
     <span class='ocr_line' id='line_1_1' title="bbox 393 260 500 346; baseline 0.019 -3"><span class='ocrx_word' id='word_1_1' title='bbox 393 260 500 346; x_wconf 76' lang='lat'><strong>735</strong></span> 
     </span>
    </p>
   </div>
   <div class='ocr_carea' id='block_1_2' title="bbox 1416 282 2654 346">
    <p class='ocr_par' dir='ltr' id='par_1_2' title="bbox 1416 282 2654 346">
     <span class='ocr_line' id='line_1_2' title="bbox 1416 282 2654 346; baseline -0.002 -4"><span class='ocrx_word' id='word_1_2' title='bbox 1416 286 1472 342; x_wconf 82' lang='lat' dir='ltr'><strong>S.</strong></span> <span class='ocrx_word' id='word_1_3' title='bbox 1513 282 1788 345; x_wconf 77' lang='lat' dir='ltr'><strong>CYRILLI</strong></span> <span class='ocrx_word' id='word_1_4' title='bbox 1825 289 2294 346; x_wconf 74' lang='lat' dir='ltr'><strong>ALEXANDle</strong></span> <span class='ocrx_word' id='word_1_5' title='bbox 2327 287 2654 345; x_wconf 76' lang='lat' dir='ltr'><strong>ARCHIEP.</strong></span> 
     </span>
    </p>
   </div>
   <div class='ocr_carea' id='block_1_3' title="bbox 3544 282 3647 336">
    <p class='ocr_par' dir='ltr' id='par_1_3' title="bbox 3544 282 3647 336">
     <span class='ocr_line' id='line_1_3' title="bbox 3544 282 3647 336; baseline 0.019 -2"><span class='ocrx_word' id='word_1_6' title='bbox 3544 282 3647 336; x_wconf 72' lang='lat'><strong>736</strong></span> 
     </span>
    </p>
   </div>
   <div class='ocr_carea' id='block_1_4' title="bbox 395 395 1986 474">
    <p class='ocr_par' dir='ltr' id='par_1_4' title="bbox 395 397 1968 471">
     <span class='ocr_line' id='line_1_4' title="bbox 395 397 1968 471; baseline 0.003 -16"><span class='ocrx_word' id='word_1_7' title='bbox 395 401 524 470; x_wconf 86' lang='lat' dir='ltr'><strong>quia</strong></span> <span class='ocrx_word' id='word_1_8' title='bbox 563 399 618 454; x_wconf 83' lang='lat' dir='ltr'><strong>iu</strong></span> <span class='ocrx_word' id='word_1_9' title='bbox 650 397 882 471; x_wconf 63' lang='lat' dir='ltr'><strong>Egypto</strong></span> <span class='ocrx_word' id='word_1_10' title='bbox 926 398 1022 454; x_wconf 79' lang='lat' dir='ltr'><strong>ﬁlii</strong></span> <span class='ocrx_word' id='word_1_11' title='bbox 1061 399 1227 454; x_wconf 82' lang='lat' dir='ltr'><strong>Israel</strong></span> <span class='ocrx_word' id='word_1_12' title='bbox 1252 400 1538 456; x_wconf 77' lang='lat' dir='ltr'><strong>coluerunt</strong></span> <span class='ocrx_word' id='word_1_13' title='bbox 1563 410 1893 467; x_wconf 84' lang='lat' dir='ltr'><strong>creaturam,</strong></span> <span class='ocrx_word' id='word_1_14' title='bbox 1911 415 1968 462; x_wconf 89' lang='lat' dir='ltr'><strong>et</strong></span> 
     </span>
    </p>
   </div>
   <div class='ocr_carea' id='block_1_5' title="bbox 2090 395 3652 474">
    <p class='ocr_par' dir='ltr' id='par_1_5' title="bbox 2090 395 3652 474">
     <span class='ocr_line' id='line_1_5' title="bbox 2090 395 3652 474; baseline -0.006 -17"><span class='ocrx_word' id='word_1_15' title='bbox 2090 401 2305 474; x_wconf 76' lang='grc' dir='ltr'>Ἐπειδὴ</span> <span class='ocrx_word' id='word_1_16' title='bbox 2349 402 2456 472; x_wconf 84' lang='grc' dir='ltr'><strong>γὰρ</strong></span> <span class='ocrx_word' id='word_1_17' title='bbox 2497 401 2556 455; x_wconf 88' lang='grc' dir='ltr'><strong>ἐν</strong></span> <span class='ocrx_word' id='word_1_18' title='bbox 2601 400 2864 470; x_wconf 75' lang='grc' dir='ltr'>Δίγύπτῳ</span> <span class='ocrx_word' id='word_1_19' title='bbox 2907 397 3188 467; x_wconf 79' lang='grc' dir='ltr'><strong>γεγονότες</strong></span> <span class='ocrx_word' id='word_1_20' title='bbox 3235 395 3284 449; x_wconf 74' lang='lat' dir='ltr'><strong>oi</strong></span> <span class='ocrx_word' id='word_1_21' title='bbox 3335 395 3396 461; x_wconf 78' lang='grc' dir='ltr'>ἐξ</span> <span class='ocrx_word' id='word_1_22' title='bbox 3435 395 3652 466; x_wconf 79' lang='grc' dir='ltr'>Ἰσραὴλ</span> 
     </span>
    </p>
   </div>
   <div class='ocr_carea' id='block_1_6' title="bbox 397 490 1968 563">
    <p class='ocr_par' dir='ltr' id='par_1_6' title="bbox 397 490 1968 563">
     <span class='ocr_line' id='line_1_6' title="bbox 397 490 1968 563; baseline 0.002 -17"><span class='ocrx_word' id='word_1_23' title='bbox 397 491 598 547; x_wconf 68' lang='lat' dir='ltr'><strong>caelum</strong></span> <span class='ocrx_word' id='word_1_24' title='bbox 644 490 807 546; x_wconf 89' lang='lat' dir='ltr'><strong>deum</strong></span> <span class='ocrx_word' id='word_1_25' title='bbox 853 491 1219 561; x_wconf 76' lang='lat' dir='ltr'><strong>appellabant,</strong></span> <span class='ocrx_word' id='word_1_26' title='bbox 1261 491 1386 547; x_wconf 92' lang='lat' dir='ltr'><strong>ideo</strong></span> <span class='ocrx_word' id='word_1_27' title='bbox 1434 504 1741 563; x_wconf 77' lang='lat' dir='ltr'><strong>opportune</strong></span> <span class='ocrx_word' id='word_1_28' title='bbox 1784 511 1968 549; x_wconf 89' lang='lat' dir='ltr'><strong>rerum</strong></span> 
     </span>
    </p>
   </div>
   <div class='ocr_carea' id='block_1_7' title="bbox 399 581 1969 656">
    <p class='ocr_par' dir='ltr' id='par_1_7' title="bbox 399 581 1969 656">
     <span class='ocr_line' id='line_1_7' title="bbox 399 581 1969 656; baseline 0.004 -22"><span class='ocrx_word' id='word_1_29' title='bbox 399 581 645 635; x_wconf 88' lang='lat' dir='ltr'><strong>omnium</strong></span> <span class='ocrx_word' id='word_1_30' title='bbox 699 581 789 635; x_wconf 92' lang='lat' dir='ltr'><strong>ille</strong></span> <span class='ocrx_word' id='word_1_31' title='bbox 827 581 1088 636; x_wconf 89' lang='lat' dir='ltr'><strong>Dominus</strong></span> <span class='ocrx_word' id='word_1_32' title='bbox 1123 597 1288 652; x_wconf 86' lang='lat' dir='ltr'><strong>super</strong></span> <span class='ocrx_word' id='word_1_33' title='bbox 1318 581 1496 652; x_wconf 89' lang='lat' dir='ltr'><strong>ipsum</strong></span> <span class='ocrx_word' id='word_1_34' title='bbox 1532 600 1751 656; x_wconf 91' lang='lat' dir='ltr'><strong>quoque</strong></span> <span class='ocrx_word' id='word_1_35' title='bbox 1786 585 1969 640; x_wconf 80' lang='lat' dir='ltr'><strong>ﬁrma-</strong></span> 
     </span>
    </p>
   </div>
   <div class='ocr_carea' id='block_1_8' title="bbox 399 670 1969 744">
    <p class='ocr_par' dir='ltr' id='par_1_8' title="bbox 399 670 1969 744">
     <span class='ocr_line' id='line_1_8' title="bbox 399 670 1969 744; baseline 0.004 -20"><span class='ocrx_word' id='word_1_36' title='bbox 399 682 643 725; x_wconf 81' lang='lat' dir='ltr'><strong>mentum</strong></span> <span class='ocrx_word' id='word_1_37' title='bbox 697 670 895 727; x_wconf 88' lang='lat' dir='ltr'><strong>sedens</strong></span> <span class='ocrx_word' id='word_1_38' title='bbox 943 672 1242 740; x_wconf 90' lang='lat' dir='ltr'><strong>apparuit,</strong></span> <span class='ocrx_word' id='word_1_39' title='bbox 1288 682 1350 726; x_wconf 91' lang='lat' dir='ltr'><strong>ut</strong></span> <span class='ocrx_word' id='word_1_40' title='bbox 1399 674 1771 744; x_wconf 80' lang='lat' dir='ltr'><strong>intelligerent</strong></span> <span class='ocrx_word' id='word_1_41' title='bbox 1817 676 1969 730; x_wconf 93' lang='lat' dir='ltr'><strong>illum</strong></span> 
     </span>
    </p>
   </div>
   <div class='ocr_carea' id='block_1_9' title="bbox 397 760 1968 834">
    <p class='ocr_par' dir='ltr' id='par_1_9' title="bbox 397 760 1968 834">
     <span class='ocr_line' id='line_1_9' title="bbox 397 760 1968 834; baseline 0.005 -20"><span class='ocrx_word' id='word_1_42' title='bbox 397 761 578 815; x_wconf 89' lang='lat' dir='ltr'><strong>omnia</strong></span> <span class='ocrx_word' id='word_1_43' title='bbox 629 760 732 816; x_wconf 85' lang='lat' dir='ltr'><strong>sub</strong></span> <span class='ocrx_word' id='word_1_44' title='bbox 770 761 1003 831; x_wconf 87' lang='lat' dir='ltr'><strong>pedibus</strong></span> <span class='ocrx_word' id='word_1_45' title='bbox 1031 762 1258 829; x_wconf 87' lang='lat' dir='ltr'><strong>habere,</strong></span> <span class='ocrx_word' id='word_1_46' title='bbox 1289 772 1344 819; x_wconf 92' lang='lat' dir='ltr'><strong>et</strong></span> <span class='ocrx_word' id='word_1_47' title='bbox 1376 765 1548 834; x_wconf 91' lang='lat' dir='ltr'><strong>ipsius</strong></span> <span class='ocrx_word' id='word_1_48' title='bbox 1577 766 1701 820; x_wconf 78' lang='grc' dir='ltr'>εωιὶ</span> <span class='ocrx_word' id='word_1_49' title='bbox 1727 781 1847 822; x_wconf 92' lang='lat' dir='ltr'><strong>esse</strong></span> <span class='ocrx_word' id='word_1_50' title='bbox 1869 767 1968 822; x_wconf 85' lang='lat' dir='ltr'><strong>do-</strong></span> 
     </span>
    </p>
   </div>
   <div class='ocr_carea' id='block_1_10' title="bbox 401 851 1973 926">
    <p class='ocr_par' dir='ltr' id='par_1_10' title="bbox 401 851 1973 926">
     <span class='ocr_line' id='line_1_10' title="bbox 401 851 1973 926; baseline 0.006 -22"><span class='ocrx_word' id='word_1_51' title='bbox 401 851 629 912; x_wconf 84' lang='lat' dir='ltr'><strong>minum.</strong></span> <span class='ocrx_word' id='word_1_52' title='bbox 671 860 731 905; x_wconf 93' lang='lat' dir='ltr'><strong>ut</strong></span> <span class='ocrx_word' id='word_1_53' title='bbox 761 852 907 907; x_wconf 89' lang='lat' dir='ltr'><strong>illius</strong></span> <span class='ocrx_word' id='word_1_54' title='bbox 931 852 1269 909; x_wconf 72' lang='lat' dir='ltr'><strong>effectorem.</strong></span> <span class='ocrx_word' id='word_1_55' title='bbox 1305 855 1570 926; x_wconf 87' lang='lat' dir='ltr'><strong>lntelligis</strong></span> <span class='ocrx_word' id='word_1_56' title='bbox 1591 856 1757 926; x_wconf 79' lang='lat' dir='ltr'><strong>igitur</strong></span> <span class='ocrx_word' id='word_1_57' title='bbox 1789 873 1973 913; x_wconf 87' lang='lat' dir='ltr'><strong>sacras</strong></span> 
     </span>
    </p>
   </div>
   <div class='ocr_carea' id='block_1_11' title="bbox 401 939 1974 1012">
    <p class='ocr_par' dir='ltr' id='par_1_11' title="bbox 401 939 1974 1012">
     <span class='ocr_line' id='line_1_11' title="bbox 401 939 1974 1012; baseline 0.004 -20"><span class='ocrx_word' id='word_1_58' title='bbox 401 939 639 994; x_wconf 81' lang='lat' dir='ltr'><strong>Litteras</strong></span> <span class='ocrx_word' id='word_1_59' title='bbox 679 941 837 1010; x_wconf 91' lang='lat' dir='ltr'><strong>quasi</strong></span> <span class='ocrx_word' id='word_1_60' title='bbox 880 940 1108 1012; x_wconf 85' lang='lat' dir='ltr'><strong>ﬁguram</strong></span> <span class='ocrx_word' id='word_1_61' title='bbox 1156 943 1448 1010; x_wconf 89' lang='lat' dir='ltr'><strong>quamdam</strong></span> <span class='ocrx_word' id='word_1_62' title='bbox 1484 951 1541 996; x_wconf 91' lang='lat' dir='ltr'><strong>et</strong></span> <span class='ocrx_word' id='word_1_63' title='bbox 1580 942 1870 1012; x_wconf 81' lang='lat' dir='ltr'><strong>imaginem</strong></span> <span class='ocrx_word' id='word_1_64' title='bbox 1905 943 1974 998; x_wconf 85' lang='lat' dir='ltr'><strong>ad</strong></span> 
     </span>
    </p>
   </div>
   <div class='ocr_carea' id='block_1_12' title="bbox 395 1028 1973 1100">
    <p class='ocr_par' dir='ltr' id='par_1_12' title="bbox 395 1028 1973 1100">
     <span class='ocr_line' id='line_1_12' title="bbox 395 1028 1973 1100; baseline 0 -17"><span class='ocrx_word' id='word_1_65' title='bbox 395 1028 524 1084; x_wconf 69' lang='lat' dir='ltr'><strong>caeli</strong></span> <span class='ocrx_word' id='word_1_66' title='bbox 570 1029 808 1099; x_wconf 90' lang='lat' dir='ltr'><strong>speciem</strong></span> <span class='ocrx_word' id='word_1_67' title='bbox 857 1029 1268 1100; x_wconf 78' lang='lat' dir='ltr'><strong>signiﬁcandam</strong></span> <span class='ocrx_word' id='word_1_68' title='bbox 1305 1029 1566 1084; x_wconf 90' lang='lat' dir='ltr'><strong>adhibere</strong></span> <span class='ocrx_word' id='word_1_69' title='bbox 1597 1029 1832 1098; x_wconf 92' lang='lat' dir='ltr'><strong>lapidem</strong></span> <span class='ocrx_word' id='word_1_70' title='bbox 1855 1044 1973 1083; x_wconf 81' lang='lat' dir='ltr'><strong>me-</strong></span> 
     </span>
    </p>
   </div>
   <div class='ocr_carea' id='block_1_13' title="bbox 400 1118 1976 1188">
    <p class='ocr_par' dir='ltr' id='par_1_13' title="bbox 400 1118 1976 1188">
     <span class='ocr_line' id='line_1_13' title="bbox 400 1118 1976 1188; baseline 0 -15"><span class='ocrx_word' id='word_1_71' title='bbox 400 1118 573 1176; x_wconf 88' lang='lat' dir='ltr'><strong>diocri</strong></span> <span class='ocrx_word' id='word_1_72' title='bbox 612 1120 848 1188; x_wconf 89' lang='lat' dir='ltr'><strong>quodam</strong></span> <span class='ocrx_word' id='word_1_73' title='bbox 879 1120 1084 1173; x_wconf 91' lang='lat' dir='ltr'><strong>lumine</strong></span> <span class='ocrx_word' id='word_1_74' title='bbox 1111 1119 1520 1188; x_wconf 80' lang='lat' dir='ltr'><strong>pallescentem,</strong></span> <span class='ocrx_word' id='word_1_75' title='bbox 1555 1135 1678 1175; x_wconf 92' lang='lat' dir='ltr'><strong>cum</strong></span> <span class='ocrx_word' id='word_1_76' title='bbox 1706 1121 1775 1175; x_wconf 90' lang='lat' dir='ltr'><strong>sit</strong></span> <span class='ocrx_word' id='word_1_77' title='bbox 1801 1120 1976 1174; x_wconf 82' lang='lat' dir='ltr'><strong>ferru-</strong></span> 
     </span>
    </p>
   </div>
   <div class='ocr_carea' id='block_1_14' title="bbox 401 1209 1504 1281">
    <p class='ocr_par' dir='ltr' id='par_1_14' title="bbox 401 1209 1504 1281">
     <span class='ocr_line' id='line_1_14' title="bbox 401 1209 1504 1281; baseline -0.001 -17"><span class='ocrx_word' id='word_1_78' title='bbox 401 1210 560 1281; x_wconf 77' lang='lat' dir='ltr'><strong>gineo</strong></span> <span class='ocrx_word' id='word_1_79' title='bbox 588 1212 823 1281; x_wconf 91' lang='lat' dir='ltr'><strong>quodam</strong></span> <span class='ocrx_word' id='word_1_80' title='bbox 857 1210 1146 1279; x_wconf 88' lang='lat' dir='ltr'><strong>splendore</strong></span> <span class='ocrx_word' id='word_1_81' title='bbox 1169 1209 1458 1281; x_wconf 68' lang='lat' dir='ltr'><strong>praeditum</strong></span> <span class='ocrx_word' id='word_1_82' title='bbox 1481 1211 1504 1262; x_wconf 88' lang='lat'><strong>?</strong></span> 
     </span>
    </p>
   </div>
   <div class='ocr_carea' id='block_1_15' title="bbox 473 1300 1130 1370">
    <p class='ocr_par' dir='ltr' id='par_1_15' title="bbox 473 1300 1130 1370">
     <span class='ocr_line' id='line_1_15' title="bbox 473 1300 1130 1370; baseline -0.003 -13"><span class='ocrx_word' id='word_1_83' title='bbox 473 1301 673 1357; x_wconf 80' lang='lat' dir='ltr'><strong>PALL.</strong></span> <span class='ocrx_word' id='word_1_84' title='bbox 721 1300 937 1370; x_wconf 88' lang='lat' dir='ltr'><strong>Optime</strong></span> <span class='ocrx_word' id='word_1_85' title='bbox 971 1301 1130 1357; x_wconf 91' lang='lat' dir='ltr'><strong>dicis.</strong></span> 
     </span>
    </p>
   </div>
   <div class='ocr_carea' id='block_1_16' title="bbox 472 1391 1974 1463">
    <p class='ocr_par' dir='ltr' id='par_1_16' title="bbox 472 1391 1974 1463">
     <span class='ocr_line' id='line_1_16' title="bbox 472 1391 1974 1463; baseline -0.001 -15"><span class='ocrx_word' id='word_1_86' title='bbox 472 1392 630 1448; x_wconf 83' lang='lat' dir='ltr'><strong>CYR.</strong></span> <span class='ocrx_word' id='word_1_87' title='bbox 671 1392 805 1448; x_wconf 72' lang='lat' dir='ltr'><strong>lei</strong></span> <span class='ocrx_word' id='word_1_88' title='bbox 839 1392 1003 1463; x_wconf 82' lang='lat' dir='ltr'><strong>igitur</strong></span> <span class='ocrx_word' id='word_1_89' title='bbox 1036 1402 1120 1448; x_wconf 87' lang='lat' dir='ltr'><strong>est</strong></span> <span class='ocrx_word' id='word_1_90' title='bbox 1152 1401 1282 1446; x_wconf 89' lang='lat' dir='ltr'><strong>nota</strong></span> <span class='ocrx_word' id='word_1_91' title='bbox 1319 1391 1657 1463; x_wconf 80' lang='lat' dir='ltr'><strong>smaragdus,</strong></span> <span class='ocrx_word' id='word_1_92' title='bbox 1693 1401 1748 1446; x_wconf 91' lang='lat' dir='ltr'><strong>et</strong></span> <span class='ocrx_word' id='word_1_93' title='bbox 1779 1391 1974 1446; x_wconf 88' lang='lat' dir='ltr'><strong>inscri-</strong></span> 
     </span>
    </p>
   </div>
   <div class='ocr_carea' id='block_1_17' title="bbox 405 1482 1975 1554">
    <p class='ocr_par' dir='ltr' id='par_1_17' title="bbox 405 1482 1975 1554">
     <span class='ocr_line' id='line_1_17' title="bbox 405 1482 1975 1554; baseline 0.001 -18"><span class='ocrx_word' id='word_1_94' title='bbox 405 1490 557 1552; x_wconf 86' lang='lat' dir='ltr'><strong>ptum</strong></span> <span class='ocrx_word' id='word_1_95' title='bbox 590 1482 756 1537; x_wconf 90' lang='lat' dir='ltr'><strong>habet</strong></span> <span class='ocrx_word' id='word_1_96' title='bbox 788 1499 884 1553; x_wconf 90' lang='lat' dir='ltr'><strong>per</strong></span> <span class='ocrx_word' id='word_1_97' title='bbox 913 1498 1114 1554; x_wconf 85' lang='lat' dir='ltr'><strong>genera</strong></span> <span class='ocrx_word' id='word_1_98' title='bbox 1151 1490 1314 1552; x_wconf 88' lang='lat' dir='ltr'><strong>atque</strong></span> <span class='ocrx_word' id='word_1_99' title='bbox 1349 1483 1525 1539; x_wconf 87' lang='lat' dir='ltr'><strong>tribus</strong></span> <span class='ocrx_word' id='word_1_100' title='bbox 1567 1484 1744 1554; x_wconf 91' lang='lat' dir='ltr'><strong>ipsum</strong></span> <span class='ocrx_word' id='word_1_101' title='bbox 1788 1483 1975 1550; x_wconf 90' lang='lat' dir='ltr'><strong>Israel,</strong></span> 
     </span>
    </p>
   </div>
   <div class='ocr_carea' id='block_1_18' title="bbox 405 1574 1976 1646">
    <p class='ocr_par' dir='ltr' id='par_1_18' title="bbox 405 1574 1976 1646">
     <span class='ocr_line' id='line_1_18' title="bbox 405 1574 1976 1646; baseline 0.003 -20"><span class='ocrx_word' id='word_1_102' title='bbox 405 1575 694 1644; x_wconf 90' lang='lat' dir='ltr'><strong>locumque</strong></span> <span class='ocrx_word' id='word_1_103' title='bbox 735 1574 792 1628; x_wconf 90' lang='lat' dir='ltr'><strong>in</strong></span> <span class='ocrx_word' id='word_1_104' title='bbox 831 1574 1270 1644; x_wconf 86' lang='lat' dir='ltr'><strong>superhumerali</strong></span> <span class='ocrx_word' id='word_1_105' title='bbox 1318 1584 1476 1630; x_wconf 85' lang='lat' dir='ltr'><strong>nacta</strong></span> <span class='ocrx_word' id='word_1_106' title='bbox 1512 1593 1525 1628; x_wconf 89' lang='lat'><strong>:</strong></span> <span class='ocrx_word' id='word_1_107' title='bbox 1566 1591 1632 1629; x_wconf 89' lang='lat' dir='ltr'><strong>ex</strong></span> <span class='ocrx_word' id='word_1_108' title='bbox 1665 1590 1774 1646; x_wconf 94' lang='lat' dir='ltr'><strong>quo</strong></span> <span class='ocrx_word' id='word_1_109' title='bbox 1818 1575 1976 1630; x_wconf 81' lang='lat' dir='ltr'><strong>facile</strong></span> 
     </span>
    </p>
   </div>
   <div class='ocr_carea' id='block_1_19' title="bbox 342 1666 1978 1738">
    <p class='ocr_par' dir='ltr' id='par_1_19' title="bbox 342 1666 1978 1738">
     <span class='ocr_line' id='line_1_19' title="bbox 342 1666 1978 1738; baseline 0.002 -20"><span class='ocrx_word' id='word_1_110' title='bbox 342 1693 349 1710; x_wconf 73' lang='grc' dir='ltr'><strong>ι</strong></span> <span class='ocrx_word' id='word_1_111' title='bbox 405 1666 635 1738; x_wconf 76' lang='lat' dir='ltr'><strong>intelligi</strong></span> <span class='ocrx_word' id='word_1_112' title='bbox 675 1675 874 1737; x_wconf 80' lang='lat' dir='ltr'><strong>potest,</strong></span> <span class='ocrx_word' id='word_1_113' title='bbox 908 1667 1226 1737; x_wconf 80' lang='lat' dir='ltr'><strong>quicunque</strong></span> <span class='ocrx_word' id='word_1_114' title='bbox 1269 1667 1695 1737; x_wconf 88' lang='lat' dir='ltr'><strong>descriptionem</strong></span> <span class='ocrx_word' id='word_1_115' title='bbox 1742 1667 1797 1721; x_wconf 91' lang='lat' dir='ltr'><strong>in</strong></span> <span class='ocrx_word' id='word_1_116' title='bbox 1839 1667 1978 1722; x_wconf 65' lang='lat' dir='ltr'><strong>caelo</strong></span> 
     </span>
    </p>
   </div>
   <div class='ocr_carea' id='block_1_20' title="bbox 2069 487 3652 565">
    <p class='ocr_par' dir='ltr' id='par_1_20' title="bbox 2069 487 3652 565">
     <span class='ocr_line' id='line_1_20' title="bbox 2069 487 3652 565; baseline -0.006 -18"><span class='ocrx_word' id='word_1_117' title='bbox 2069 493 2456 565; x_wconf 84' lang='grc' dir='ltr'>λελατρεΰκασι</span> <span class='ocrx_word' id='word_1_118' title='bbox 2488 495 2556 564; x_wconf 78' lang='grc' dir='ltr'>τῇ</span> <span class='ocrx_word' id='word_1_119' title='bbox 2601 491 2798 555; x_wconf 83' lang='grc' dir='ltr'>κτίσει,</span> <span class='ocrx_word' id='word_1_120' title='bbox 2837 493 2931 544; x_wconf 76' lang='grc' dir='ltr'>καὶ</span> <span class='ocrx_word' id='word_1_121' title='bbox 2959 489 3080 542; x_wconf 81' lang='grc' dir='ltr'>θεὸν</span> <span class='ocrx_word' id='word_1_122' title='bbox 3103 487 3335 543; x_wconf 83' lang='grc' dir='ltr'>ἐκάλουν</span> <span class='ocrx_word' id='word_1_123' title='bbox 3367 487 3457 540; x_wconf 71' lang='grc' dir='ltr'><strong>τὸν</strong></span> <span class='ocrx_word' id='word_1_124' title='bbox 3485 489 3652 558; x_wconf 72' lang='grc' dir='ltr'>οὐραο</span> 
     </span>
    </p>
   </div>
   <div class='ocr_carea' id='block_1_21' title="bbox 2069 577 3654 654">
    <p class='ocr_par' dir='ltr' id='par_1_21' title="bbox 2069 577 3654 654">
     <span class='ocr_line' id='line_1_21' title="bbox 2069 577 3654 654; baseline -0.003 -20"><span class='ocrx_word' id='word_1_125' title='bbox 2069 582 2177 644; x_wconf 83' lang='grc' dir='ltr'>νδν,</span> <span class='ocrx_word' id='word_1_126' title='bbox 2211 584 2498 654; x_wconf 83' lang='grc' dir='ltr'><strong>χρησίμως</strong></span> <span class='ocrx_word' id='word_1_127' title='bbox 2545 583 2728 645; x_wconf 84' lang='grc' dir='ltr'>αὐτοῖς</span> <span class='ocrx_word' id='word_1_128' title='bbox 2773 582 2802 633; x_wconf 92' lang='lat'><strong>6</strong></span> <span class='ocrx_word' id='word_1_129' title='bbox 2833 579 2940 634; x_wconf 84' lang='grc' dir='ltr'><strong>τῶν</strong></span> <span class='ocrx_word' id='word_1_130' title='bbox 2991 579 3128 634; x_wconf 89' lang='grc' dir='ltr'>δλων</span> <span class='ocrx_word' id='word_1_131' title='bbox 3181 577 3385 649; x_wconf 80' lang='grc' dir='ltr'>Κύριος</span> <span class='ocrx_word' id='word_1_132' title='bbox 3421 579 3516 630; x_wconf 79' lang='grc' dir='ltr'>καὶ</span> <span class='ocrx_word' id='word_1_133' title='bbox 3560 577 3654 630; x_wconf 79' lang='grc' dir='ltr'><strong>ἐπ’</strong></span> 
     </span>
    </p>
   </div>
   <div class='ocr_carea' id='block_1_22' title="bbox 2069 659 3652 746">
    <p class='ocr_par' dir='ltr' id='par_1_22' title="bbox 2069 659 3652 746">
     <span class='ocr_line' id='line_1_22' title="bbox 2069 659 3652 746; baseline -0.005 -17"><span class='ocrx_word' id='word_1_134' title='bbox 2069 674 2232 728; x_wconf 85' lang='grc' dir='ltr'>αὐτοῦ</span> <span class='ocrx_word' id='word_1_135' title='bbox 2260 673 2507 746; x_wconf 77' lang='grc' dir='ltr'>βεϐηκὼς</span> <span class='ocrx_word' id='word_1_136' title='bbox 2529 673 2775 742; x_wconf 84' lang='grc' dir='ltr'>ἐφαίνετο</span> <span class='ocrx_word' id='word_1_137' title='bbox 2803 671 2894 726; x_wconf 89' lang='grc' dir='ltr'><strong>τοῦ</strong></span> <span class='ocrx_word' id='word_1_138' title='bbox 2927 659 3324 742; x_wconf 74' lang='grc' dir='ltr'>περεὼματος,</span> <span class='ocrx_word' id='word_1_139' title='bbox 3355 669 3422 722; x_wconf 83' lang='grc' dir='ltr'><strong>ἶν’</strong></span> <span class='ocrx_word' id='word_1_140' title='bbox 3461 669 3652 722; x_wconf 76' lang='grc' dir='ltr'>είδεῖιν</span> 
     </span>
    </p>
   </div>
   <div class='ocr_carea' id='block_1_23' title="bbox 2071 758 3654 832">
    <p class='ocr_par' dir='ltr' id='par_1_23' title="bbox 2071 758 3654 832">
     <span class='ocr_line' id='line_1_23' title="bbox 2071 758 3654 832; baseline -0.006 -14"><span class='ocrx_word' id='word_1_141' title='bbox 2071 767 2153 819; x_wconf 75' lang='grc' dir='ltr'><strong>ότι</strong></span> <span class='ocrx_word' id='word_1_142' title='bbox 2187 766 2363 820; x_wconf 87' lang='grc' dir='ltr'>πάντα</span> <span class='ocrx_word' id='word_1_143' title='bbox 2390 765 2496 819; x_wconf 78' lang='grc' dir='ltr'>ὑπὸ</span> <span class='ocrx_word' id='word_1_144' title='bbox 2555 764 2722 826; x_wconf 80' lang='grc' dir='ltr'>πόδας</span> <span class='ocrx_word' id='word_1_145' title='bbox 2749 762 2884 832; x_wconf 76' lang='grc' dir='ltr'>ἔχει,</span> <span class='ocrx_word' id='word_1_146' title='bbox 2917 764 3013 815; x_wconf 78' lang='grc' dir='ltr'>καὶ</span> <span class='ocrx_word' id='word_1_147' title='bbox 3044 759 3226 815; x_wconf 78' lang='grc' dir='ltr'>αὐτῶν</span> <span class='ocrx_word' id='word_1_148' title='bbox 3264 762 3380 812; x_wconf 91' lang='grc' dir='ltr'>ἐστι</span> <span class='ocrx_word' id='word_1_149' title='bbox 3410 758 3520 811; x_wconf 86' lang='grc' dir='ltr'>τῶν</span> <span class='ocrx_word' id='word_1_150' title='bbox 3557 759 3654 810; x_wconf 80' lang='lat'><strong>06-</strong></span> 
     </span>
    </p>
   </div>
   <div class='ocr_carea' id='block_1_24' title="bbox 2076 844 3654 930">
    <p class='ocr_par' dir='ltr' id='par_1_24' title="bbox 2076 844 3654 930">
     <span class='ocr_line' id='line_1_24' title="bbox 2076 844 3654 930; baseline -0.006 -19"><span class='ocrx_word' id='word_1_151' title='bbox 2076 857 2253 930; x_wconf 86' lang='grc' dir='ltr'>ρανῶν</span> <span class='ocrx_word' id='word_1_152' title='bbox 2281 855 2569 924; x_wconf 74' lang='grc' dir='ltr'><strong>δεσπότης,</strong></span> <span class='ocrx_word' id='word_1_153' title='bbox 2596 855 2672 919; x_wconf 86' lang='grc' dir='ltr'><strong>ὡς</strong></span> <span class='ocrx_word' id='word_1_154' title='bbox 2697 852 3047 924; x_wconf 87' lang='grc' dir='ltr'>δημιουργός,</span> <span class='ocrx_word' id='word_1_155' title='bbox 3087 851 3283 920; x_wconf 87' lang='grc' dir='ltr'>Συνίης</span> <span class='ocrx_word' id='word_1_156' title='bbox 3323 844 3417 902; x_wconf 83' lang='grc' dir='ltr'>οὖν</span> <span class='ocrx_word' id='word_1_157' title='bbox 3445 850 3527 902; x_wconf 87' lang='grc' dir='ltr'>ὅτι</span> <span class='ocrx_word' id='word_1_158' title='bbox 3557 848 3654 902; x_wconf 81' lang='grc' dir='ltr'>τῦ·</span> 
     </span>
    </p>
   </div>
   <div class='ocr_carea' id='block_1_25' title="bbox 2071 939 3652 1020">
    <p class='ocr_par' dir='ltr' id='par_1_25' title="bbox 2071 939 3652 1020">
     <span class='ocr_line' id='line_1_25' title="bbox 2071 939 3652 1020; baseline -0.006 -18"><span class='ocrx_word' id='word_1_159' title='bbox 2071 965 2172 1002; x_wconf 84' lang='grc' dir='ltr'><strong>πον</strong></span> <span class='ocrx_word' id='word_1_160' title='bbox 2203 949 2392 1020; x_wconf 87' lang='grc' dir='ltr'>ὥσπερ</span> <span class='ocrx_word' id='word_1_161' title='bbox 2422 946 2546 1001; x_wconf 82' lang='grc' dir='ltr'>τινὰ</span> <span class='ocrx_word' id='word_1_162' title='bbox 2572 947 2668 1000; x_wconf 69' lang='grc' dir='ltr'>καὶ</span> <span class='ocrx_word' id='word_1_163' title='bbox 2715 943 3021 1012; x_wconf 75' lang='grc' dir='ltr'>είκονισμδν</span> <span class='ocrx_word' id='word_1_164' title='bbox 3053 939 3283 1013; x_wconf 83' lang='grc' dir='ltr'>οὐρανοῦ</span> <span class='ocrx_word' id='word_1_165' title='bbox 3320 939 3384 994; x_wconf 83' lang='grc' dir='ltr'>τὸ</span> <span class='ocrx_word' id='word_1_166' title='bbox 3410 940 3652 1012; x_wconf 82' lang='grc' dir='ltr'>Γράμμα</span> 
     </span>
    </p>
   </div>
   <div class='ocr_carea' id='block_1_26' title="bbox 2073 1032 3654 1110">
    <p class='ocr_par' dir='ltr' id='par_1_26' title="bbox 2073 1032 3654 1110">
     <span class='ocr_line' id='line_1_26' title="bbox 2073 1032 3654 1110; baseline -0.006 -17"><span class='ocrx_word' id='word_1_167' title='bbox 2073 1041 2303 1094; x_wconf 89' lang='grc' dir='ltr'>ποιεῖται</span> <span class='ocrx_word' id='word_1_168' title='bbox 2353 1039 2414 1092; x_wconf 84' lang='grc' dir='ltr'>τὸ</span> <span class='ocrx_word' id='word_1_169' title='bbox 2470 1038 2636 1110; x_wconf 82' lang='grc' dir='ltr'>ἱερὸν,</span> <span class='ocrx_word' id='word_1_170' title='bbox 2669 1037 2768 1108; x_wconf 79' lang='grc' dir='ltr'>τὴν</span> <span class='ocrx_word' id='word_1_171' title='bbox 2827 1036 2902 1098; x_wconf 82' lang='grc' dir='ltr'>ὡς</span> <span class='ocrx_word' id='word_1_172' title='bbox 2953 1034 3011 1087; x_wconf 85' lang='grc' dir='ltr'><strong>ἐν</strong></span> <span class='ocrx_word' id='word_1_173' title='bbox 3064 1032 3268 1103; x_wconf 85' lang='grc' dir='ltr'>μετρίῳ</span> <span class='ocrx_word' id='word_1_174' title='bbox 3311 1032 3451 1102; x_wconf 81' lang='grc' dir='ltr'>φωτὶ</span> <span class='ocrx_word' id='word_1_175' title='bbox 3521 1047 3654 1085; x_wconf 79' lang='grc' dir='ltr'>κατ-</span> 
     </span>
    </p>
   </div>
   <div class='ocr_carea' id='block_1_27' title="bbox 2072 1119 3258 1200">
    <p class='ocr_par' dir='ltr' id='par_1_27' title="bbox 2072 1119 3258 1200">
     <span class='ocr_line' id='line_1_27' title="bbox 2072 1119 3258 1200; baseline -0.01 -16"><span class='ocrx_word' id='word_1_176' title='bbox 2072 1128 2360 1200; x_wconf 86' lang='grc' dir='ltr'>ωχριῶσαν</span> <span class='ocrx_word' id='word_1_177' title='bbox 2381 1127 2526 1182; x_wconf 91' lang='grc' dir='ltr'>λίθον</span> <span class='ocrx_word' id='word_1_178' title='bbox 2549 1142 2568 1195; x_wconf 85' lang='lat'><strong>;</strong></span> <span class='ocrx_word' id='word_1_179' title='bbox 2605 1124 2919 1195; x_wconf 81' lang='grc' dir='ltr'>κυαναυγὴς</span> <span class='ocrx_word' id='word_1_180' title='bbox 2947 1120 3055 1193; x_wconf 83' lang='grc' dir='ltr'><strong>γὰρ</strong></span> <span class='ocrx_word' id='word_1_181' title='bbox 3079 1119 3258 1191; x_wconf 82' lang='grc' dir='ltr'>φύσει.</span> 
     </span>
    </p>
   </div>
   <div class='ocr_carea' id='block_1_28' title="bbox 2148 1301 2810 1375">
    <p class='ocr_par' dir='ltr' id='par_1_28' title="bbox 2148 1301 2810 1375">
     <span class='ocr_line' id='line_1_28' title="bbox 2148 1301 2810 1375; baseline -0.003 -19"><span class='ocrx_word' id='word_1_182' title='bbox 2148 1303 2354 1356; x_wconf 75' lang='grc' dir='ltr'><strong>ΠᾹΛΛ.</strong></span> <span class='ocrx_word' id='word_1_183' title='bbox 2398 1302 2627 1375; x_wconf 81' lang='grc' dir='ltr'>Ἀριστα</span> <span class='ocrx_word' id='word_1_184' title='bbox 2654 1301 2810 1370; x_wconf 73' lang='grc' dir='ltr'>ἔφης.</span> 
     </span>
    </p>
   </div>
   <div class='ocr_carea' id='block_1_29' title="bbox 2146 1388 3654 1466">
    <p class='ocr_par' dir='ltr' id='par_1_29' title="bbox 2146 1388 3654 1466">
     <span class='ocr_line' id='line_1_29' title="bbox 2146 1388 3654 1466; baseline -0.004 -18"><span class='ocrx_word' id='word_1_185' title='bbox 2146 1395 2309 1449; x_wconf 82' lang='grc' dir='ltr'>ΚΥΡ.</span> <span class='ocrx_word' id='word_1_186' title='bbox 2347 1393 2590 1466; x_wconf 80' lang='grc' dir='ltr'>Οὐρανοῦ</span> <span class='ocrx_word' id='word_1_187' title='bbox 2619 1393 2684 1465; x_wconf 84' lang='grc' dir='ltr'>δὴ</span> <span class='ocrx_word' id='word_1_188' title='bbox 2715 1388 2808 1447; x_wconf 76' lang='grc' dir='ltr'>οὖν</span> <span class='ocrx_word' id='word_1_189' title='bbox 2853 1393 3136 1464; x_wconf 83' lang='grc' dir='ltr'>σημεῖονή</span> <span class='ocrx_word' id='word_1_190' title='bbox 3171 1391 3502 1463; x_wconf 85' lang='grc' dir='ltr'>σμάραγδος,</span> <span class='ocrx_word' id='word_1_191' title='bbox 3557 1405 3654 1458; x_wconf 82' lang='grc' dir='ltr'>γε·</span> 
     </span>
    </p>
   </div>
   <div class='ocr_carea' id='block_1_30' title="bbox 2077 1482 3655 1557">
    <p class='ocr_par' dir='ltr' id='par_1_30' title="bbox 2077 1482 3655 1557">
     <span class='ocr_line' id='line_1_30' title="bbox 2077 1482 3655 1557; baseline -0.003 -19"><span class='ocrx_word' id='word_1_192' title='bbox 2077 1485 2394 1556; x_wconf 84' lang='grc' dir='ltr'>γραμμένον</span> <span class='ocrx_word' id='word_1_193' title='bbox 2430 1485 2624 1556; x_wconf 77' lang='grc' dir='ltr'>ἔχουσα</span> <span class='ocrx_word' id='word_1_194' title='bbox 2655 1485 2796 1539; x_wconf 83' lang='grc' dir='ltr'>κατὰ</span> <span class='ocrx_word' id='word_1_195' title='bbox 2824 1483 2980 1553; x_wconf 90' lang='grc' dir='ltr'>γένος</span> <span class='ocrx_word' id='word_1_196' title='bbox 2999 1485 3088 1538; x_wconf 80' lang='grc' dir='ltr'>τὸν</span> <span class='ocrx_word' id='word_1_197' title='bbox 3121 1483 3356 1557; x_wconf 80' lang='grc' dir='ltr'>Ἰσραὴλ,</span> <span class='ocrx_word' id='word_1_198' title='bbox 3380 1482 3474 1536; x_wconf 77' lang='grc' dir='ltr'>καὶ</span> <span class='ocrx_word' id='word_1_199' title='bbox 3488 1482 3655 1534; x_wconf 82' lang='grc' dir='ltr'>τόπον</span> 
     </span>
    </p>
   </div>
   <div class='ocr_carea' id='block_1_31' title="bbox 2076 1569 3652 1648">
    <p class='ocr_par' dir='ltr' id='par_1_31' title="bbox 2076 1569 3652 1648">
     <span class='ocr_line' id='line_1_31' title="bbox 2076 1569 3652 1648; baseline -0.004 -17"><span class='ocrx_word' id='word_1_200' title='bbox 2076 1577 2315 1648; x_wconf 81' lang='grc' dir='ltr'><strong>λαχοῦσα</strong></span> <span class='ocrx_word' id='word_1_201' title='bbox 2359 1578 2458 1648; x_wconf 80' lang='grc' dir='ltr'>τὴν</span> <span class='ocrx_word' id='word_1_202' title='bbox 2503 1576 2772 1648; x_wconf 87' lang='grc' dir='ltr'>ἐπωμίδα,</span> <span class='ocrx_word' id='word_1_203' title='bbox 2818 1575 2884 1630; x_wconf 79' lang='grc' dir='ltr'>δι’</span> <span class='ocrx_word' id='word_1_204' title='bbox 2933 1569 2994 1629; x_wconf 79' lang='grc' dir='ltr'><strong>οῦ</strong></span> <span class='ocrx_word' id='word_1_205' title='bbox 3034 1575 3300 1646; x_wconf 88' lang='grc' dir='ltr'>παρέσται</span> <span class='ocrx_word' id='word_1_206' title='bbox 3353 1575 3510 1637; x_wconf 87' lang='grc' dir='ltr'>νοεῖν,</span> <span class='ocrx_word' id='word_1_207' title='bbox 3550 1572 3652 1636; x_wconf 85' lang='grc' dir='ltr'><strong>ὡς,</strong></span> 
     </span>
    </p>
   </div>
   <div class='ocr_carea' id='block_1_32' title="bbox 2079 1662 3656 1738">
    <p class='ocr_par' dir='ltr' id='par_1_32' title="bbox 2079 1662 3656 1738">
     <span class='ocr_line' id='line_1_32' title="bbox 2079 1662 3656 1738; baseline -0.004 -16"><span class='ocrx_word' id='word_1_208' title='bbox 2079 1668 2237 1738; x_wconf 83' lang='grc' dir='ltr'>οἵπερ</span> <span class='ocrx_word' id='word_1_209' title='bbox 2291 1667 2357 1722; x_wconf 81' lang='grc' dir='ltr'>ἂν</span> <span class='ocrx_word' id='word_1_210' title='bbox 2396 1665 2504 1722; x_wconf 77' lang='grc' dir='ltr'>εἷεν</span> <span class='ocrx_word' id='word_1_211' title='bbox 2535 1667 2634 1738; x_wconf 79' lang='grc' dir='ltr'>τὴν</span> <span class='ocrx_word' id='word_1_212' title='bbox 2679 1666 3005 1738; x_wconf 77' lang='grc' dir='ltr'>ἀπογραφὴν</span> <span class='ocrx_word' id='word_1_213' title='bbox 3055 1665 3309 1737; x_wconf 80' lang='grc' dir='ltr'><strong>λαχόντες</strong></span> <span class='ocrx_word' id='word_1_214' title='bbox 3339 1667 3399 1718; x_wconf 87' lang='grc' dir='ltr'><strong>ἐν</strong></span> <span class='ocrx_word' id='word_1_215' title='bbox 3419 1662 3656 1734; x_wconf 82' lang='grc' dir='ltr'>οὐρανῷ.</span> 
     </span>
    </p>
   </div>
   <div class='ocr_carea' id='block_1_33' title="bbox 406 1752 1986 1829">
    <p class='ocr_par' dir='ltr' id='par_1_33' title="bbox 406 1757 1982 1828">
     <span class='ocr_line' id='line_1_33' title="bbox 406 1757 1982 1828; baseline 0.001 -16"><span class='ocrx_word' id='word_1_216' title='bbox 406 1758 685 1814; x_wconf 86' lang='lat' dir='ltr'><strong>consecuti</strong></span> <span class='ocrx_word' id='word_1_217' title='bbox 718 1757 944 1824; x_wconf 87' lang='lat' dir='ltr'><strong>fuerint,</strong></span> <span class='ocrx_word' id='word_1_218' title='bbox 973 1774 1068 1814; x_wconf 92' lang='lat' dir='ltr'><strong>eos</strong></span> <span class='ocrx_word' id='word_1_219' title='bbox 1105 1775 1331 1828; x_wconf 90' lang='lat' dir='ltr'><strong>prorsus</strong></span> <span class='ocrx_word' id='word_1_220' title='bbox 1364 1760 1419 1813; x_wconf 91' lang='lat' dir='ltr'><strong>in</strong></span> <span class='ocrx_word' id='word_1_221' title='bbox 1452 1757 1673 1813; x_wconf 89' lang='lat' dir='ltr'><strong>Christo</strong></span> <span class='ocrx_word' id='word_1_222' title='bbox 1700 1759 1982 1828; x_wconf 91' lang='lat' dir='ltr'><strong>requietu-</strong></span> 
     </span>
    </p>
   </div>
   <div class='ocr_carea' id='block_1_34' title="bbox 2090 1752 3658 1829">
    <p class='ocr_par' dir='ltr' id='par_1_34' title="bbox 2090 1754 3658 1829">
     <span class='ocr_line' id='line_1_34' title="bbox 2090 1754 3658 1829; baseline -0.005 -15"><span class='ocrx_word' id='word_1_223' title='bbox 2090 1754 2229 1814; x_wconf 77' lang='grc' dir='ltr'>οὗτοι</span> <span class='ocrx_word' id='word_1_224' title='bbox 2254 1759 2430 1829; x_wconf 83' lang='grc' dir='ltr'><strong>πάντη</strong></span> <span class='ocrx_word' id='word_1_225' title='bbox 2459 1776 2519 1812; x_wconf 90' lang='grc' dir='ltr'><strong>τε</strong></span> <span class='ocrx_word' id='word_1_226' title='bbox 2543 1758 2634 1812; x_wconf 81' lang='grc' dir='ltr'>καὶ</span> <span class='ocrx_word' id='word_1_227' title='bbox 2663 1757 2884 1822; x_wconf 84' lang='grc' dir='ltr'>πάντως</span> <span class='ocrx_word' id='word_1_228' title='bbox 2912 1756 3389 1811; x_wconf 85' lang='grc' dir='ltr'>ἐπαναπαύσονται</span> <span class='ocrx_word' id='word_1_229' title='bbox 3422 1754 3502 1825; x_wconf 84' lang='grc' dir='ltr'><strong>τῷ</strong></span> <span class='ocrx_word' id='word_1_230' title='bbox 3525 1755 3658 1825; x_wconf 84' lang='grc' dir='ltr'>Χρι-</span> 
     </span>
    </p>
   </div>
   <div class='ocr_carea' id='block_1_35' title="bbox 407 1847 1987 1918">
    <p class='ocr_par' dir='ltr' id='par_1_35' title="bbox 407 1847 1987 1918">
     <span class='ocr_line' id='line_1_35' title="bbox 407 1847 1987 1918; baseline 0.002 -17"><span class='ocrx_word' id='word_1_231' title='bbox 407 1862 518 1913; x_wconf 87' lang='lat' dir='ltr'><strong>ros,</strong></span> <span class='ocrx_word' id='word_1_232' title='bbox 559 1849 655 1918; x_wconf 91' lang='lat' dir='ltr'><strong>qui</strong></span> <span class='ocrx_word' id='word_1_233' title='bbox 697 1847 898 1918; x_wconf 91' lang='lat' dir='ltr'><strong>probos</strong></span> <span class='ocrx_word' id='word_1_234' title='bbox 935 1849 1083 1903; x_wconf 91' lang='lat' dir='ltr'><strong>viros</strong></span> <span class='ocrx_word' id='word_1_235' title='bbox 1116 1847 1512 1918; x_wconf 89' lang='lat' dir='ltr'><strong>propemodum</strong></span> <span class='ocrx_word' id='word_1_236' title='bbox 1549 1847 1601 1901; x_wconf 89' lang='lat' dir='ltr'><strong>in</strong></span> <span class='ocrx_word' id='word_1_237' title='bbox 1633 1848 1880 1904; x_wconf 86' lang='lat' dir='ltr'><strong>humeris</strong></span> <span class='ocrx_word' id='word_1_238' title='bbox 1909 1857 1987 1903; x_wconf 85' lang='lat' dir='ltr'><strong>te—</strong></span> 
     </span>
    </p>
   </div>
   <div class='ocr_carea' id='block_1_36' title="bbox 403 1939 1984 2011">
    <p class='ocr_par' dir='ltr' id='par_1_36' title="bbox 403 1939 1984 2011">
     <span class='ocr_line' id='line_1_36' title="bbox 403 1939 1984 2011; baseline 0 -16"><span class='ocrx_word' id='word_1_239' title='bbox 403 1948 520 2005; x_wconf 89' lang='lat' dir='ltr'><strong>net,</strong></span> <span class='ocrx_word' id='word_1_240' title='bbox 547 1949 603 1995; x_wconf 88' lang='lat' dir='ltr'><strong>et</strong></span> <span class='ocrx_word' id='word_1_241' title='bbox 627 1941 747 1996; x_wconf 93' lang='lat' dir='ltr'><strong>loco</strong></span> <span class='ocrx_word' id='word_1_242' title='bbox 777 1941 1014 1995; x_wconf 81' lang='lat' dir='ltr'><strong>ﬁliorum</strong></span> <span class='ocrx_word' id='word_1_243' title='bbox 1049 1941 1233 1995; x_wconf 88' lang='lat' dir='ltr'><strong>habet.</strong></span> <span class='ocrx_word' id='word_1_244' title='bbox 1264 1940 1544 2011; x_wconf 88' lang='lat' dir='ltr'><strong>Ejusmodi</strong></span> <span class='ocrx_word' id='word_1_245' title='bbox 1569 1939 1828 2010; x_wconf 90' lang='lat' dir='ltr'><strong>quiddam</strong></span> <span class='ocrx_word' id='word_1_246' title='bbox 1855 1940 1984 1995; x_wconf 90' lang='lat' dir='ltr'><strong>bea-</strong></span> 
     </span>
    </p>
   </div>
   <div class='ocr_carea' id='block_1_37' title="bbox 409 2030 1986 2101">
    <p class='ocr_par' dir='ltr' id='par_1_37' title="bbox 409 2030 1986 2101">
     <span class='ocr_line' id='line_1_37' title="bbox 409 2030 1986 2101; baseline 0.003 -19"><span class='ocrx_word' id='word_1_247' title='bbox 409 2039 498 2085; x_wconf 91' lang='lat' dir='ltr'><strong>tus</strong></span> <span class='ocrx_word' id='word_1_248' title='bbox 541 2045 759 2100; x_wconf 85' lang='lat' dir='ltr'><strong>quoque</strong></span> <span class='ocrx_word' id='word_1_249' title='bbox 806 2031 1017 2101; x_wconf 83' lang='lat' dir='ltr'><strong>Moyses</strong></span> <span class='ocrx_word' id='word_1_250' title='bbox 1068 2030 1224 2094; x_wconf 79' lang='lat' dir='ltr'><strong>dixit,</strong></span> <span class='ocrx_word' id='word_1_251' title='bbox 1271 2046 1396 2084; x_wconf 91' lang='lat' dir='ltr'><strong>cum</strong></span> <span class='ocrx_word' id='word_1_252' title='bbox 1440 2046 1471 2085; x_wconf 90' lang='lat' dir='ltr'><strong>a</strong></span> <span class='ocrx_word' id='word_1_253' title='bbox 1507 2030 1602 2085; x_wconf 89' lang='lat' dir='ltr'><strong>Dei</strong></span> <span class='ocrx_word' id='word_1_254' title='bbox 1644 2032 1986 2101; x_wconf 90' lang='lat' dir='ltr'><strong>protectione</strong></span> 
     </span>
    </p>
   </div>
   <div class='ocr_carea' id='block_1_38' title="bbox 409 2120 1984 2192">
    <p class='ocr_par' dir='ltr' id='par_1_38' title="bbox 409 2120 1984 2192">
     <span class='ocr_line' id='line_1_38' title="bbox 409 2120 1984 2192; baseline 0.003 -18"><span class='ocrx_word' id='word_1_255' title='bbox 409 2120 633 2176; x_wconf 88' lang='lat' dir='ltr'><strong>laudare</strong></span> <span class='ocrx_word' id='word_1_256' title='bbox 667 2121 836 2176; x_wconf 85' lang='lat' dir='ltr'><strong>vellet</strong></span> <span class='ocrx_word' id='word_1_257' title='bbox 869 2121 1124 2176; x_wconf 89' lang='lat' dir='ltr'><strong>Israelem</strong></span> <span class='ocrx_word' id='word_1_258' title='bbox 1159 2140 1172 2175; x_wconf 93' lang='lat'>:</span> <span class='ocrx_word' id='word_1_259' title='bbox 1207 2141 1224 2172; x_wconf 75' lang='grc' dir='ltr'><strong>ι</strong></span> <span class='ocrx_word' id='word_1_260' title='bbox 1260 2121 1414 2176; x_wconf 89' lang='lat' dir='ltr'><strong>Sicut</strong></span> <span class='ocrx_word' id='word_1_261' title='bbox 1452 2123 1632 2192; x_wconf 88' lang='lat' dir='ltr'><strong>aquila</strong></span> <span class='ocrx_word' id='word_1_262' title='bbox 1675 2123 1867 2178; x_wconf 84' lang='lat' dir='ltr'><strong>fovens</strong></span> <span class='ocrx_word' id='word_1_263' title='bbox 1897 2125 1984 2178; x_wconf 92' lang='lat' dir='ltr'><strong>ni-</strong></span> 
     </span>
    </p>
   </div>
   <div class='ocr_carea' id='block_1_39' title="bbox 407 2209 1984 2285">
    <p class='ocr_par' dir='ltr' id='par_1_39' title="bbox 407 2209 1984 2285">
     <span class='ocr_line' id='line_1_39' title="bbox 407 2209 1984 2285; baseline 0.002 -19"><span class='ocrx_word' id='word_1_264' title='bbox 407 2209 538 2266; x_wconf 90' lang='lat' dir='ltr'><strong>dum</strong></span> <span class='ocrx_word' id='word_1_265' title='bbox 577 2225 759 2277; x_wconf 88' lang='lat' dir='ltr'><strong>suum,</strong></span> <span class='ocrx_word' id='word_1_266' title='bbox 785 2221 842 2266; x_wconf 90' lang='lat' dir='ltr'><strong>et</strong></span> <span class='ocrx_word' id='word_1_267' title='bbox 873 2227 1038 2282; x_wconf 88' lang='lat' dir='ltr'><strong>super</strong></span> <span class='ocrx_word' id='word_1_268' title='bbox 1067 2212 1230 2282; x_wconf 90' lang='lat' dir='ltr'><strong>pullis</strong></span> <span class='ocrx_word' id='word_1_269' title='bbox 1259 2214 1374 2268; x_wconf 89' lang='lat' dir='ltr'><strong>suis</strong></span> <span class='ocrx_word' id='word_1_270' title='bbox 1399 2212 1752 2279; x_wconf 87' lang='lat' dir='ltr'><strong>desideravit,</strong></span> <span class='ocrx_word' id='word_1_271' title='bbox 1780 2229 1984 2285; x_wconf 82' lang='lat' dir='ltr'><strong>expan—</strong></span> 
     </span>
    </p>
   </div>
   <div class='ocr_carea' id='block_1_40' title="bbox 407 2301 1986 2376">
    <p class='ocr_par' dir='ltr' id='par_1_40' title="bbox 407 2301 1986 2376">
     <span class='ocr_line' id='line_1_40' title="bbox 407 2301 1986 2376; baseline 0.003 -19"><span class='ocrx_word' id='word_1_272' title='bbox 407 2301 544 2358; x_wconf 90' lang='lat' dir='ltr'><strong>dens</strong></span> <span class='ocrx_word' id='word_1_273' title='bbox 591 2305 706 2358; x_wconf 87' lang='lat' dir='ltr'><strong>alas</strong></span> <span class='ocrx_word' id='word_1_274' title='bbox 745 2319 873 2359; x_wconf 89' lang='lat' dir='ltr'><strong>suas</strong></span> <span class='ocrx_word' id='word_1_275' title='bbox 928 2304 1138 2374; x_wconf 90' lang='lat' dir='ltr'><strong>accepit</strong></span> <span class='ocrx_word' id='word_1_276' title='bbox 1185 2319 1303 2370; x_wconf 92' lang='lat' dir='ltr'><strong>eos,</strong></span> <span class='ocrx_word' id='word_1_277' title='bbox 1346 2313 1401 2360; x_wconf 93' lang='lat' dir='ltr'><strong>et</strong></span> <span class='ocrx_word' id='word_1_278' title='bbox 1451 2306 1750 2376; x_wconf 88' lang='lat' dir='ltr'><strong>assumpsit</strong></span> <span class='ocrx_word' id='word_1_279' title='bbox 1795 2322 1890 2362; x_wconf 91' lang='lat' dir='ltr'><strong>eos</strong></span> <span class='ocrx_word' id='word_1_280' title='bbox 1930 2307 1986 2362; x_wconf 94' lang='lat' dir='ltr'><strong>in</strong></span> 
     </span>
    </p>
   </div>
   <div class='ocr_carea' id='block_1_41' title="bbox 409 2393 1986 2468">
    <p class='ocr_par' dir='ltr' id='par_1_41' title="bbox 409 2393 1986 2468">
     <span class='ocr_line' id='line_1_41' title="bbox 409 2393 1986 2468; baseline 0.004 -22"><span class='ocrx_word' id='word_1_281' title='bbox 409 2394 655 2449; x_wconf 86' lang='lat' dir='ltr'><strong>humeris</strong></span> <span class='ocrx_word' id='word_1_282' title='bbox 696 2395 810 2449; x_wconf 89' lang='lat' dir='ltr'><strong>suis</strong></span> <span class='ocrx_word' id='word_1_283' title='bbox 847 2394 886 2448; x_wconf 74' lang='grc'>⁶.</span> <span class='ocrx_word' id='word_1_284' title='bbox 918 2414 936 2446; x_wconf 73' lang='grc' dir='ltr'><strong>ι</strong></span> <span class='ocrx_word' id='word_1_285' title='bbox 983 2393 1294 2461; x_wconf 87' lang='lat' dir='ltr'><strong>Quinetiam</strong></span> <span class='ocrx_word' id='word_1_286' title='bbox 1344 2397 1513 2452; x_wconf 86' lang='lat' dir='ltr'><strong>David</strong></span> <span class='ocrx_word' id='word_1_287' title='bbox 1556 2406 1745 2452; x_wconf 91' lang='lat' dir='ltr'><strong>sancto</strong></span> <span class='ocrx_word' id='word_1_288' title='bbox 1788 2397 1986 2468; x_wconf 90' lang='lat' dir='ltr'><strong>cuique</strong></span> 
     </span>
    </p>
   </div>
   <div class='ocr_carea' id='block_1_42' title="bbox 407 2485 1984 2556">
    <p class='ocr_par' dir='ltr' id='par_1_42' title="bbox 407 2485 1984 2556">
     <span class='ocr_line' id='line_1_42' title="bbox 407 2485 1984 2556; baseline 0.002 -15"><span class='ocrx_word' id='word_1_289' title='bbox 407 2485 535 2541; x_wconf 85' lang='lat' dir='ltr'><strong>etin</strong></span> <span class='ocrx_word' id='word_1_290' title='bbox 570 2486 845 2556; x_wconf 90' lang='lat' dir='ltr'><strong>adjutorio</strong></span> <span class='ocrx_word' id='word_1_291' title='bbox 864 2487 1127 2541; x_wconf 81' lang='lat' dir='ltr'><strong>Altissimi</strong></span> <span class='ocrx_word' id='word_1_292' title='bbox 1153 2487 1422 2542; x_wconf 88' lang='lat' dir='ltr'><strong>habitanti</strong></span> <span class='ocrx_word' id='word_1_293' title='bbox 1452 2487 1703 2556; x_wconf 67' lang='lat' dir='ltr'><strong>praecinit</strong></span> <span class='ocrx_word' id='word_1_294' title='bbox 1741 2506 1754 2542; x_wconf 93' lang='lat'>:</span> <span class='ocrx_word' id='word_1_295' title='bbox 1798 2507 1817 2539; x_wconf 77' lang='grc' dir='ltr'><strong>ι</strong></span> <span class='ocrx_word' id='word_1_296' title='bbox 1852 2487 1984 2544; x_wconf 87' lang='lat' dir='ltr'><strong>Sca-</strong></span> 
     </span>
    </p>
   </div>
   <div class='ocr_carea' id='block_1_43' title="bbox 408 2577 1986 2648">
    <p class='ocr_par' dir='ltr' id='par_1_43' title="bbox 408 2577 1986 2648">
     <span class='ocr_line' id='line_1_43' title="bbox 408 2577 1986 2648; baseline 0.003 -17"><span class='ocrx_word' id='word_1_297' title='bbox 408 2577 555 2648; x_wconf 88' lang='lat' dir='ltr'><strong>pulis</strong></span> <span class='ocrx_word' id='word_1_298' title='bbox 583 2579 718 2643; x_wconf 91' lang='lat' dir='ltr'><strong>suis,</strong></span> <span class='ocrx_word' id='word_1_299' title='bbox 753 2597 772 2630; x_wconf 75' lang='grc'><strong>»</strong></span> <span class='ocrx_word' id='word_1_300' title='bbox 822 2579 1098 2648; x_wconf 87' lang='lat' dir='ltr'><strong>inquiens,</strong></span> <span class='ocrx_word' id='word_1_301' title='bbox 1139 2598 1156 2630; x_wconf 80' lang='grc' dir='ltr'><strong>ι</strong></span> <span class='ocrx_word' id='word_1_302' title='bbox 1196 2579 1551 2634; x_wconf 89' lang='lat' dir='ltr'><strong>obumbrabit</strong></span> <span class='ocrx_word' id='word_1_303' title='bbox 1591 2580 1689 2634; x_wconf 88' lang='lat' dir='ltr'><strong>tibi</strong></span> <span class='ocrx_word' id='word_1_304' title='bbox 1722 2581 1775 2645; x_wconf 73' lang='grc' dir='ltr'>’ς</span> <span class='ocrx_word' id='word_1_305' title='bbox 1805 2598 1824 2631; x_wconf 73' lang='grc' dir='ltr'><strong>ι</strong></span> <span class='ocrx_word' id='word_1_306' title='bbox 1865 2595 1986 2635; x_wconf 87' lang='lat' dir='ltr'><strong>sca-</strong></span> 
     </span>
    </p>
   </div>
   <div class='ocr_carea' id='block_1_44' title="bbox 409 2669 1988 2741">
    <p class='ocr_par' dir='ltr' id='par_1_44' title="bbox 409 2669 1988 2741">
     <span class='ocr_line' id='line_1_44' title="bbox 409 2669 1988 2741; baseline 0.003 -18"><span class='ocrx_word' id='word_1_307' title='bbox 409 2669 586 2740; x_wconf 86' lang='lat' dir='ltr'><strong>pulas,</strong></span> <span class='ocrx_word' id='word_1_308' title='bbox 632 2677 693 2724; x_wconf 91' lang='lat' dir='ltr'><strong>ut</strong></span> <span class='ocrx_word' id='word_1_309' title='bbox 733 2670 950 2739; x_wconf 90' lang='lat' dir='ltr'><strong>opinor,</strong></span> <span class='ocrx_word' id='word_1_310' title='bbox 980 2677 1164 2740; x_wconf 89' lang='lat' dir='ltr'><strong>partes</strong></span> <span class='ocrx_word' id='word_1_311' title='bbox 1207 2671 1453 2740; x_wconf 90' lang='lat' dir='ltr'><strong>corporis</strong></span> <span class='ocrx_word' id='word_1_312' title='bbox 1477 2687 1598 2741; x_wconf 70' lang='lat' dir='ltr'><strong>quae</strong></span> <span class='ocrx_word' id='word_1_313' title='bbox 1635 2671 1738 2727; x_wconf 89' lang='lat' dir='ltr'><strong>sub</strong></span> <span class='ocrx_word' id='word_1_314' title='bbox 1775 2672 1988 2727; x_wconf 90' lang='lat' dir='ltr'><strong>cervice</strong></span> 
     </span>
    </p>
   </div>
   <div class='ocr_carea' id='block_1_45' title="bbox 411 2760 1988 2833">
    <p class='ocr_par' dir='ltr' id='par_1_45' title="bbox 411 2760 1988 2833">
     <span class='ocr_line' id='line_1_45' title="bbox 411 2760 1988 2833; baseline 0.002 -20"><span class='ocrx_word' id='word_1_315' title='bbox 411 2767 559 2824; x_wconf 89' lang='lat' dir='ltr'><strong>sunt,</strong></span> <span class='ocrx_word' id='word_1_316' title='bbox 592 2767 648 2814; x_wconf 92' lang='lat' dir='ltr'><strong>et</strong></span> <span class='ocrx_word' id='word_1_317' title='bbox 693 2760 955 2815; x_wconf 91' lang='lat' dir='ltr'><strong>humeros</strong></span> <span class='ocrx_word' id='word_1_318' title='bbox 996 2760 1266 2825; x_wconf 89' lang='lat' dir='ltr'><strong>indicans,</strong></span> <span class='ocrx_word' id='word_1_319' title='bbox 1301 2775 1409 2815; x_wconf 91' lang='lat' dir='ltr'><strong>non</strong></span> <span class='ocrx_word' id='word_1_320' title='bbox 1453 2763 1677 2816; x_wconf 90' lang='lat' dir='ltr'><strong>omnino</strong></span> <span class='ocrx_word' id='word_1_321' title='bbox 1721 2771 1888 2833; x_wconf 88' lang='lat' dir='ltr'><strong>terga.</strong></span> <span class='ocrx_word' id='word_1_322' title='bbox 1927 2762 1988 2816; x_wconf 92' lang='lat' dir='ltr'><strong>In</strong></span> 
     </span>
    </p>
   </div>
   <div class='ocr_carea' id='block_1_46' title="bbox 413 2850 1990 2922">
    <p class='ocr_par' dir='ltr' id='par_1_46' title="bbox 413 2850 1990 2922">
     <span class='ocr_line' id='line_1_46' title="bbox 413 2850 1990 2922; baseline 0.002 -18"><span class='ocrx_word' id='word_1_323' title='bbox 413 2850 661 2905; x_wconf 87' lang='lat' dir='ltr'><strong>humeris</strong></span> <span class='ocrx_word' id='word_1_324' title='bbox 693 2850 860 2921; x_wconf 83' lang='lat' dir='ltr'><strong>igitur</strong></span> <span class='ocrx_word' id='word_1_325' title='bbox 890 2851 1280 2921; x_wconf 88' lang='lat' dir='ltr'><strong>portabuntur,</strong></span> <span class='ocrx_word' id='word_1_326' title='bbox 1308 2859 1371 2906; x_wconf 91' lang='lat' dir='ltr'><strong>ut</strong></span> <span class='ocrx_word' id='word_1_327' title='bbox 1402 2852 1670 2922; x_wconf 91' lang='lat' dir='ltr'><strong>propheta</strong></span> <span class='ocrx_word' id='word_1_328' title='bbox 1699 2852 1837 2907; x_wconf 80' lang='lat' dir='ltr'><strong>dixit</strong></span> <span class='ocrx_word' id='word_1_329' title='bbox 1864 2853 1904 2918; x_wconf 83' lang='lat'><strong>&#39;,</strong></span> <span class='ocrx_word' id='word_1_330' title='bbox 1933 2853 1990 2908; x_wconf 90' lang='lat' dir='ltr'><strong>in</strong></span> 
     </span>
    </p>
   </div>
   <div class='ocr_carea' id='block_1_47' title="bbox 411 2942 1990 3014">
    <p class='ocr_par' dir='ltr' id='par_1_47' title="bbox 411 2942 1990 3014">
     <span class='ocr_line' id='line_1_47' title="bbox 411 2942 1990 3014; baseline 0.001 -16"><span class='ocrx_word' id='word_1_331' title='bbox 411 2943 640 2998; x_wconf 87' lang='lat' dir='ltr'><strong>brachio</strong></span> <span class='ocrx_word' id='word_1_332' title='bbox 691 2951 1071 3009; x_wconf 90' lang='lat' dir='ltr'><strong>assumentur,</strong></span> <span class='ocrx_word' id='word_1_333' title='bbox 1122 2942 1350 3014; x_wconf 90' lang='lat' dir='ltr'><strong>perinde</strong></span> <span class='ocrx_word' id='word_1_334' title='bbox 1399 2953 1562 3013; x_wconf 91' lang='lat' dir='ltr'><strong>atque</strong></span> <span class='ocrx_word' id='word_1_335' title='bbox 1605 2944 1695 2998; x_wconf 93' lang='lat' dir='ltr'><strong>ille</strong></span> <span class='ocrx_word' id='word_1_336' title='bbox 1731 2945 1990 3014; x_wconf 88' lang='lat' dir='ltr'><strong>antiquus</strong></span> 
     </span>
    </p>
   </div>
   <div class='ocr_carea' id='block_1_48' title="bbox 2089 1845 3658 1924">
    <p class='ocr_par' dir='ltr' id='par_1_48' title="bbox 2089 1845 3658 1924">
     <span class='ocr_line' id='line_1_48' title="bbox 2089 1845 3658 1924; baseline -0.005 -18"><span class='ocrx_word' id='word_1_337' title='bbox 2089 1853 2218 1924; x_wconf 86' lang='grc' dir='ltr'><strong>στῷ,</strong></span> <span class='ocrx_word' id='word_1_338' title='bbox 2258 1851 2538 1922; x_wconf 83' lang='grc' dir='ltr'>μονονουχὶ</span> <span class='ocrx_word' id='word_1_339' title='bbox 2566 1851 2660 1904; x_wconf 73' lang='grc' dir='ltr'>καὶ</span> <span class='ocrx_word' id='word_1_340' title='bbox 2693 1849 2778 1902; x_wconf 82' lang='grc' dir='ltr'><strong>ἐπ’</strong></span> <span class='ocrx_word' id='word_1_341' title='bbox 2800 1848 2964 1920; x_wconf 79' lang='grc' dir='ltr'>ὤμων</span> <span class='ocrx_word' id='word_1_342' title='bbox 3003 1849 3198 1920; x_wconf 79' lang='grc' dir='ltr'>ἔχοντι,</span> <span class='ocrx_word' id='word_1_343' title='bbox 3225 1849 3318 1901; x_wconf 76' lang='grc' dir='ltr'>καὶ</span> <span class='ocrx_word' id='word_1_344' title='bbox 3358 1847 3434 1910; x_wconf 85' lang='grc' dir='ltr'><strong>ὡς</strong></span> <span class='ocrx_word' id='word_1_345' title='bbox 3470 1847 3527 1899; x_wconf 83' lang='grc' dir='ltr'><strong>ἐν</strong></span> <span class='ocrx_word' id='word_1_346' title='bbox 3553 1845 3658 1898; x_wconf 81' lang='grc' dir='ltr'>τά·</span> 
     </span>
    </p>
   </div>
   <div class='ocr_carea' id='block_1_49' title="bbox 2086 1937 3660 2012">
    <p class='ocr_par' dir='ltr' id='par_1_49' title="bbox 2086 1937 3660 2012">
     <span class='ocr_line' id='line_1_49' title="bbox 2086 1937 3660 2012; baseline -0.004 -16"><span class='ocrx_word' id='word_1_347' title='bbox 2086 1943 2166 2010; x_wconf 78' lang='grc' dir='ltr'>ξει</span> <span class='ocrx_word' id='word_1_348' title='bbox 2197 1942 2402 1996; x_wconf 87' lang='grc' dir='ltr'>τέκνων</span> <span class='ocrx_word' id='word_1_349' title='bbox 2435 1941 2741 2012; x_wconf 77' lang='grc' dir='ltr'>ποιουμένῳ</span> <span class='ocrx_word' id='word_1_350' title='bbox 2759 1942 2883 2004; x_wconf 78' lang='grc' dir='ltr'>τοὺς</span> <span class='ocrx_word' id='word_1_351' title='bbox 2911 1939 3168 2008; x_wconf 82' lang='grc' dir='ltr'>ἀγαθούς.</span> <span class='ocrx_word' id='word_1_352' title='bbox 3204 1939 3457 1992; x_wconf 87' lang='grc' dir='ltr'>Τοιοῦτον</span> <span class='ocrx_word' id='word_1_353' title='bbox 3479 1937 3535 1991; x_wconf 80' lang='grc' dir='ltr'>δὲ</span> <span class='ocrx_word' id='word_1_354' title='bbox 3559 1937 3660 1990; x_wconf 74' lang='grc' dir='ltr'>καὶ</span> 
     </span>
    </p>
   </div>
   <div class='ocr_carea' id='block_1_50' title="bbox 2083 2028 3662 2104">
    <p class='ocr_par' dir='ltr' id='par_1_50' title="bbox 2083 2028 3662 2104">
     <span class='ocr_line' id='line_1_50' title="bbox 2083 2028 3662 2104; baseline -0.006 -15"><span class='ocrx_word' id='word_1_355' title='bbox 2083 2037 2112 2089; x_wconf 97' lang='lat'><strong>6</strong></span> <span class='ocrx_word' id='word_1_356' title='bbox 2144 2033 2284 2097; x_wconf 89' lang='grc' dir='ltr'>θεῖος</span> <span class='ocrx_word' id='word_1_357' title='bbox 2335 2033 2440 2104; x_wconf 77' lang='grc' dir='ltr'>ἔφη</span> <span class='ocrx_word' id='word_1_358' title='bbox 2487 2033 2716 2101; x_wconf 81' lang='grc' dir='ltr'><strong>Μωσῆς,</strong></span> <span class='ocrx_word' id='word_1_359' title='bbox 2746 2032 2920 2102; x_wconf 81' lang='grc' dir='ltr'>φειδοῖ</span> <span class='ocrx_word' id='word_1_360' title='bbox 2942 2035 3008 2103; x_wconf 81' lang='grc' dir='ltr'>τῇ</span> <span class='ocrx_word' id='word_1_361' title='bbox 3041 2029 3189 2102; x_wconf 79' lang='grc' dir='ltr'>παρὰ</span> <span class='ocrx_word' id='word_1_362' title='bbox 3221 2029 3356 2084; x_wconf 91' lang='grc' dir='ltr'>Θεοῦ</span> <span class='ocrx_word' id='word_1_363' title='bbox 3383 2028 3662 2083; x_wconf 81' lang='grc' dir='ltr'>κατακαλ-</span> 
     </span>
    </p>
   </div>
   <div class='ocr_carea' id='block_1_51' title="bbox 2084 2119 3658 2198">
    <p class='ocr_par' dir='ltr' id='par_1_51' title="bbox 2084 2119 3658 2198">
     <span class='ocr_line' id='line_1_51' title="bbox 2084 2119 3658 2198; baseline -0.005 -18"><span class='ocrx_word' id='word_1_364' title='bbox 2084 2127 2257 2180; x_wconf 85' lang='grc' dir='ltr'>λύνων</span> <span class='ocrx_word' id='word_1_365' title='bbox 2296 2126 2389 2180; x_wconf 86' lang='grc' dir='ltr'>τὸν</span> <span class='ocrx_word' id='word_1_366' title='bbox 2449 2125 2686 2198; x_wconf 74' lang='grc' dir='ltr'>’Ῑσραήλο</span> <span class='ocrx_word' id='word_1_367' title='bbox 2722 2143 2740 2176; x_wconf 76' lang='grc' dir='ltr'><strong>ι</strong></span> <span class='ocrx_word' id='word_1_368' title='bbox 2781 2124 2869 2186; x_wconf 81' lang='grc' dir='ltr'>Ὠς</span> <span class='ocrx_word' id='word_1_369' title='bbox 2922 2123 3078 2187; x_wconf 84' lang='grc' dir='ltr'>ἀετδς</span> <span class='ocrx_word' id='word_1_370' title='bbox 3125 2121 3395 2176; x_wconf 73' lang='grc' dir='ltr'>σκεπάσαι</span> <span class='ocrx_word' id='word_1_371' title='bbox 3434 2119 3658 2174; x_wconf 82' lang='grc' dir='ltr'>νοσσιὰν</span> 
     </span>
    </p>
   </div>
   <div class='ocr_carea' id='block_1_52' title="bbox 2086 2210 3661 2283">
    <p class='ocr_par' dir='ltr' id='par_1_52' title="bbox 2086 2210 3661 2283">
     <span class='ocr_line' id='line_1_52' title="bbox 2086 2210 3661 2283; baseline -0.005 -11"><span class='ocrx_word' id='word_1_372' title='bbox 2086 2217 2300 2283; x_wconf 78' lang='grc' dir='ltr'>ἑαυτοῦ,</span> <span class='ocrx_word' id='word_1_373' title='bbox 2354 2219 2447 2272; x_wconf 79' lang='grc' dir='ltr'>καὶ</span> <span class='ocrx_word' id='word_1_374' title='bbox 2504 2217 2598 2271; x_wconf 84' lang='grc' dir='ltr'><strong>ἐπί</strong></span> <span class='ocrx_word' id='word_1_375' title='bbox 2638 2218 2750 2280; x_wconf 87' lang='grc' dir='ltr'>τοῖς</span> <span class='ocrx_word' id='word_1_376' title='bbox 2797 2218 3037 2278; x_wconf 87' lang='grc' dir='ltr'>νεοσσοῖς</span> <span class='ocrx_word' id='word_1_377' title='bbox 3100 2213 3262 2268; x_wconf 81' lang='grc' dir='ltr'>αὐτοῦ</span> <span class='ocrx_word' id='word_1_378' title='bbox 3324 2210 3661 2282; x_wconf 72' lang='grc' dir='ltr'>ἐπεπόθησε,</span> 
     </span>
    </p>
   </div>
   <div class='ocr_carea' id='block_1_53' title="bbox 2085 2303 3662 2377">
    <p class='ocr_par' dir='ltr' id='par_1_53' title="bbox 2085 2303 3662 2377">
     <span class='ocr_line' id='line_1_53' title="bbox 2085 2303 3662 2377; baseline -0.004 -15"><span class='ocrx_word' id='word_1_379' title='bbox 2085 2309 2216 2372; x_wconf 75' lang='grc' dir='ltr'>διεὶς</span> <span class='ocrx_word' id='word_1_380' title='bbox 2242 2307 2342 2368; x_wconf 81' lang='grc' dir='ltr'><strong>τὰς</strong></span> <span class='ocrx_word' id='word_1_381' title='bbox 2373 2307 2648 2377; x_wconf 87' lang='grc' dir='ltr'>πτέρυγας</span> <span class='ocrx_word' id='word_1_382' title='bbox 2689 2305 2856 2361; x_wconf 84' lang='grc' dir='ltr'>αὑτοῦ</span> <span class='ocrx_word' id='word_1_383' title='bbox 2909 2306 3126 2370; x_wconf 78' lang='grc' dir='ltr'>ἐδέξατο</span> <span class='ocrx_word' id='word_1_384' title='bbox 3179 2305 3400 2368; x_wconf 75' lang='grc' dir='ltr'>αὐτοὺς,</span> <span class='ocrx_word' id='word_1_385' title='bbox 3433 2303 3526 2357; x_wconf 82' lang='grc' dir='ltr'>καὶ</span> <span class='ocrx_word' id='word_1_386' title='bbox 3564 2305 3662 2356; x_wconf 85' lang='grc' dir='ltr'>άν-</span> 
     </span>
    </p>
   </div>
   <div class='ocr_carea' id='block_1_54' title="bbox 2087 2393 3662 2469">
    <p class='ocr_par' dir='ltr' id='par_1_54' title="bbox 2087 2393 3662 2469">
     <span class='ocr_line' id='line_1_54' title="bbox 2087 2393 3662 2469; baseline -0.003 -14"><span class='ocrx_word' id='word_1_387' title='bbox 2087 2401 2277 2456; x_wconf 77' lang='grc' dir='ltr'>έλαὸεν</span> <span class='ocrx_word' id='word_1_388' title='bbox 2301 2401 2499 2463; x_wconf 83' lang='grc' dir='ltr'>αὐτοὺς</span> <span class='ocrx_word' id='word_1_389' title='bbox 2551 2398 2771 2453; x_wconf 75' lang='grc' dir='ltr'>ἐπὶτῶν</span> <span class='ocrx_word' id='word_1_390' title='bbox 2818 2397 3167 2469; x_wconf 84' lang='grc' dir='ltr'>μεταφρένων</span> <span class='ocrx_word' id='word_1_391' title='bbox 3219 2395 3401 2450; x_wconf 85' lang='grc' dir='ltr'>αὑτοῦ.</span> <span class='ocrx_word' id='word_1_392' title='bbox 3447 2413 3466 2447; x_wconf 70' lang='grc' dir='ltr'><strong>ι</strong></span> <span class='ocrx_word' id='word_1_393' title='bbox 3499 2393 3662 2450; x_wconf 77' lang='grc' dir='ltr'>Ἀλλὰ</span> 
     </span>
    </p>
   </div>
   <div class='ocr_carea' id='block_1_55' title="bbox 2085 2487 3663 2565">
    <p class='ocr_par' dir='ltr' id='par_1_55' title="bbox 2085 2487 3663 2565">
     <span class='ocr_line' id='line_1_55' title="bbox 2085 2487 3663 2565; baseline -0.004 -18"><span class='ocrx_word' id='word_1_394' title='bbox 2085 2493 2149 2565; x_wconf 84' lang='grc' dir='ltr'><strong>δή</strong></span> <span class='ocrx_word' id='word_1_395' title='bbox 2195 2510 2297 2547; x_wconf 89' lang='grc' dir='ltr'><strong>που</strong></span> <span class='ocrx_word' id='word_1_396' title='bbox 2344 2493 2486 2547; x_wconf 78' lang='grc' dir='ltr'>καὶὸ</span> <span class='ocrx_word' id='word_1_397' title='bbox 2510 2490 2676 2545; x_wconf 72' lang='grc' dir='ltr'>Δασὶδ</span> <span class='ocrx_word' id='word_1_398' title='bbox 2706 2488 3045 2561; x_wconf 80' lang='grc' dir='ltr'>άναμελῳδεῖ</span> <span class='ocrx_word' id='word_1_399' title='bbox 3070 2487 3207 2560; x_wconf 84' lang='grc' dir='ltr'>ἁγίῳ</span> <span class='ocrx_word' id='word_1_400' title='bbox 3248 2487 3431 2551; x_wconf 80' lang='grc' dir='ltr'>παντὶ,</span> <span class='ocrx_word' id='word_1_401' title='bbox 3480 2488 3572 2541; x_wconf 85' lang='grc' dir='ltr'>καὶ</span> <span class='ocrx_word' id='word_1_402' title='bbox 3597 2489 3663 2541; x_wconf 81' lang='grc' dir='ltr'><strong>ἐν</strong></span> 
     </span>
    </p>
   </div>
   <div class='ocr_carea' id='block_1_56' title="bbox 2089 2579 3665 2655">
    <p class='ocr_par' dir='ltr' id='par_1_56' title="bbox 2089 2579 3665 2655">
     <span class='ocr_line' id='line_1_56' title="bbox 2089 2579 3665 2655; baseline -0.004 -18"><span class='ocrx_word' id='word_1_403' title='bbox 2089 2582 2312 2655; x_wconf 76' lang='grc' dir='ltr'>βοηθείᾳ</span> <span class='ocrx_word' id='word_1_404' title='bbox 2343 2583 2436 2636; x_wconf 90' lang='grc' dir='ltr'><strong>τοῦ</strong></span> <span class='ocrx_word' id='word_1_405' title='bbox 2475 2582 2729 2652; x_wconf 78' lang='grc' dir='ltr'>Ὑψίστου</span> <span class='ocrx_word' id='word_1_406' title='bbox 2763 2581 3127 2651; x_wconf 83' lang='grc' dir='ltr'>κατῳκηκότι,</span> <span class='ocrx_word' id='word_1_407' title='bbox 3154 2597 3174 2632; x_wconf 74' lang='grc' dir='ltr'><strong>ι</strong></span> <span class='ocrx_word' id='word_1_408' title='bbox 3205 2579 3328 2635; x_wconf 79' lang='grc' dir='ltr'>Ἐπὶ</span> <span class='ocrx_word' id='word_1_409' title='bbox 3359 2579 3470 2632; x_wconf 82' lang='grc' dir='ltr'><strong>τῶν</strong></span> <span class='ocrx_word' id='word_1_410' title='bbox 3499 2595 3665 2649; x_wconf 80' lang='grc' dir='ltr'>μεταο</span> 
     </span>
    </p>
   </div>
   <div class='ocr_carea' id='block_1_57' title="bbox 2087 2670 3664 2748">
    <p class='ocr_par' dir='ltr' id='par_1_57' title="bbox 2087 2670 3664 2748">
     <span class='ocr_line' id='line_1_57' title="bbox 2087 2670 3664 2748; baseline -0.003 -19"><span class='ocrx_word' id='word_1_411' title='bbox 2087 2677 2300 2748; x_wconf 85' lang='grc' dir='ltr'>φρένων</span> <span class='ocrx_word' id='word_1_412' title='bbox 2331 2675 2497 2729; x_wconf 85' lang='grc' dir='ltr'>αὐτοῦ</span> <span class='ocrx_word' id='word_1_413' title='bbox 2543 2674 2852 2728; x_wconf 77' lang='grc' dir='ltr'>ἐπισκιάσει</span> <span class='ocrx_word' id='word_1_414' title='bbox 2920 2691 3038 2741; x_wconf 91' lang='grc' dir='ltr'>σοι,</span> <span class='ocrx_word' id='word_1_415' title='bbox 3075 2691 3094 2724; x_wconf 70' lang='grc' dir='ltr'><strong>ι</strong></span> <span class='ocrx_word' id='word_1_416' title='bbox 3129 2672 3281 2742; x_wconf 83' lang='grc' dir='ltr'>φησί.</span> <span class='ocrx_word' id='word_1_417' title='bbox 3330 2670 3664 2740; x_wconf 79' lang='grc' dir='ltr'>Μετάφρενά</span> 
     </span>
    </p>
   </div>
   <div class='ocr_carea' id='block_1_58' title="bbox 2089 2759 3660 2839">
    <p class='ocr_par' dir='ltr' id='par_1_58' title="bbox 2089 2759 3660 2839">
     <span class='ocr_line' id='line_1_58' title="bbox 2089 2759 3660 2839; baseline -0.006 -16"><span class='ocrx_word' id='word_1_418' title='bbox 2089 2785 2192 2822; x_wconf 87' lang='grc' dir='ltr'><strong>που</strong></span> <span class='ocrx_word' id='word_1_419' title='bbox 2216 2767 2466 2839; x_wconf 88' lang='grc' dir='ltr'>καθάπερ</span> <span class='ocrx_word' id='word_1_420' title='bbox 2491 2759 2702 2837; x_wconf 79' lang='grc' dir='ltr'>ἐγῷμαι</span> <span class='ocrx_word' id='word_1_421' title='bbox 2740 2765 2810 2819; x_wconf 82' lang='grc' dir='ltr'>τὰ</span> <span class='ocrx_word' id='word_1_422' title='bbox 2840 2764 3140 2836; x_wconf 76' lang='grc' dir='ltr'>ὑπαυχένια</span> <span class='ocrx_word' id='word_1_423' title='bbox 3171 2763 3334 2836; x_wconf 87' lang='grc' dir='ltr'>μέρη,</span> <span class='ocrx_word' id='word_1_424' title='bbox 3370 2763 3468 2815; x_wconf 70' lang='grc' dir='ltr'>καὶ</span> <span class='ocrx_word' id='word_1_425' title='bbox 3494 2761 3562 2815; x_wconf 78' lang='grc' dir='ltr'><strong>τά</strong></span> <span class='ocrx_word' id='word_1_426' title='bbox 3579 2759 3660 2823; x_wconf 81' lang='grc' dir='ltr'><strong>ὡς</strong></span> 
     </span>
    </p>
   </div>
   <div class='ocr_carea' id='block_1_59' title="bbox 2089 2853 3656 2931">
    <p class='ocr_par' dir='ltr' id='par_1_59' title="bbox 2089 2853 3656 2931">
     <span class='ocr_line' id='line_1_59' title="bbox 2089 2853 3656 2931; baseline -0.006 -18"><span class='ocrx_word' id='word_1_427' title='bbox 2089 2861 2147 2914; x_wconf 88' lang='grc' dir='ltr'><strong>ἐν</strong></span> <span class='ocrx_word' id='word_1_428' title='bbox 2171 2859 2340 2930; x_wconf 78' lang='grc' dir='ltr'>ὤμοις</span> <span class='ocrx_word' id='word_1_429' title='bbox 2371 2859 2675 2931; x_wconf 84' lang='grc' dir='ltr'>ὑποδηλῶν,</span> <span class='ocrx_word' id='word_1_430' title='bbox 2723 2859 2817 2912; x_wconf 78' lang='grc' dir='ltr'>καὶ</span> <span class='ocrx_word' id='word_1_431' title='bbox 2847 2859 2968 2929; x_wconf 79' lang='grc' dir='ltr'>οὑχὶ</span> <span class='ocrx_word' id='word_1_432' title='bbox 2991 2857 3056 2930; x_wconf 78' lang='grc' dir='ltr'>δὴ</span> <span class='ocrx_word' id='word_1_433' title='bbox 3109 2856 3327 2919; x_wconf 87' lang='grc' dir='ltr'>πάντως</span> <span class='ocrx_word' id='word_1_434' title='bbox 3375 2854 3446 2908; x_wconf 80' lang='grc' dir='ltr'>τὰ</span> <span class='ocrx_word' id='word_1_435' title='bbox 3487 2853 3656 2906; x_wconf 86' lang='grc' dir='ltr'>νῶτα.</span> 
     </span>
    </p>
   </div>
   <div class='ocr_carea' id='block_1_60' title="bbox 2103 2945 3660 3022">
    <p class='ocr_par' dir='ltr' id='par_1_60' title="bbox 2103 2945 3660 3022">
     <span class='ocr_line' id='line_1_60' title="bbox 2103 2945 3660 3022; baseline -0.004 -18"><span class='ocrx_word' id='word_1_436' title='bbox 2103 2951 2220 3004; x_wconf 79' lang='grc' dir='ltr'>Ἐπ’</span> <span class='ocrx_word' id='word_1_437' title='bbox 2251 2949 2418 3022; x_wconf 80' lang='grc' dir='ltr'>ὤμων</span> <span class='ocrx_word' id='word_1_438' title='bbox 2465 2949 2529 3022; x_wconf 80' lang='grc' dir='ltr'>δὴ</span> <span class='ocrx_word' id='word_1_439' title='bbox 2579 2947 2672 3004; x_wconf 84' lang='grc' dir='ltr'>οὖν</span> <span class='ocrx_word' id='word_1_440' title='bbox 2715 2950 3065 3021; x_wconf 83' lang='grc' dir='ltr'>ἁρθήσονται,</span> <span class='ocrx_word' id='word_1_441' title='bbox 3093 2948 3238 3002; x_wconf 78' lang='grc' dir='ltr'>κατὰ</span> <span class='ocrx_word' id='word_1_442' title='bbox 3268 2947 3368 3018; x_wconf 78' lang='grc' dir='ltr'><strong>τὴν</strong></span> <span class='ocrx_word' id='word_1_443' title='bbox 3401 2945 3495 3000; x_wconf 86' lang='grc' dir='ltr'><strong>τοῦ</strong></span> <span class='ocrx_word' id='word_1_444' title='bbox 3528 2960 3660 3015; x_wconf 81' lang='grc' dir='ltr'>προ-</span> 
     </span>
    </p>
   </div>
   <div class='ocr_carea' id='block_1_61' title="bbox 413 3034 1986 3149">
    <p class='ocr_par' dir='ltr' id='par_1_61' title="bbox 413 3034 1986 3149">
     <span class='ocr_line' id='line_1_61' title="bbox 413 3034 1986 3108; baseline 0.001 -18"><span class='ocrx_word' id='word_1_445' title='bbox 413 3034 694 3105; x_wconf 85' lang='lat' dir='ltr'><strong>Ephraim,</strong></span> <span class='ocrx_word' id='word_1_446' title='bbox 731 3037 1046 3108; x_wconf 90' lang='lat' dir='ltr'><strong>quicunque</strong></span> <span class='ocrx_word' id='word_1_447' title='bbox 1079 3051 1330 3104; x_wconf 90' lang='lat' dir='ltr'><strong>superam</strong></span> <span class='ocrx_word' id='word_1_448' title='bbox 1372 3035 1520 3090; x_wconf 86' lang='lat' dir='ltr'><strong>illam</strong></span> <span class='ocrx_word' id='word_1_449' title='bbox 1562 3035 1986 3107; x_wconf 88' lang='lat' dir='ltr'><strong>descriptionem</strong></span> 
     </span>
     <span class='ocr_line' id='line_1_62' title="bbox 419 3127 1952 3149; baseline 0.001 0"><span class='ocrx_word' id='word_1_450' title='bbox 419 3129 688 3149; x_wconf 53' lang='lat' dir='ltr'><strong>_-_--x_-n!</strong></span> <span class='ocrx_word' id='word_1_451' title='bbox 743 3129 943 3149; x_wconf 55' lang='lat' dir='ltr'><strong>l&#39;____!_n</strong></span> <span class='ocrx_word' id='word_1_452' title='bbox 1008 3143 1159 3149; x_wconf 68' lang='lat'><strong>_---_.</strong></span> <span class='ocrx_word' id='word_1_453' title='bbox 1221 3127 1505 3149; x_wconf 56' lang='lat' dir='ltr'><strong>-I-_:-_-_‘</strong></span> <span class='ocrx_word' id='word_1_454' title='bbox 1556 3143 1665 3149; x_wconf 55' lang='grc' dir='ltr'><strong>Α---</strong></span> <span class='ocrx_word' id='word_1_455' title='bbox 1716 3137 1760 3149; x_wconf 67' lang='grc' dir='ltr'><strong>,ι</strong></span> <span class='ocrx_word' id='word_1_456' title='bbox 1814 3127 1952 3149; x_wconf 45' lang='grc' dir='ltr'><strong>,ΔΑΒ</strong></span> 
     </span>
    </p>
   </div>
   <div class='ocr_carea' id='block_1_62' title="bbox 2090 3034 3662 3149">
    <p class='ocr_par' dir='ltr' id='par_1_62' title="bbox 2093 3036 3662 3112">
     <span class='ocr_line' id='line_1_63' title="bbox 2093 3036 3662 3112; baseline -0.004 -18"><span class='ocrx_word' id='word_1_457' title='bbox 2093 3041 2262 3112; x_wconf 83' lang='grc' dir='ltr'>φήτου</span> <span class='ocrx_word' id='word_1_458' title='bbox 2301 3040 2504 3112; x_wconf 81' lang='grc' dir='ltr'>φωνὴν,</span> <span class='ocrx_word' id='word_1_459' title='bbox 2541 3040 2637 3094; x_wconf 79' lang='grc' dir='ltr'>καὶ</span> <span class='ocrx_word' id='word_1_460' title='bbox 2691 3039 2784 3093; x_wconf 78' lang='grc' dir='ltr'>ἐπὶ</span> <span class='ocrx_word' id='word_1_461' title='bbox 2841 3038 3124 3112; x_wconf 87' lang='grc' dir='ltr'>βραχίονος</span> <span class='ocrx_word' id='word_1_462' title='bbox 3186 3036 3662 3107; x_wconf 82' lang='grc' dir='ltr'>ἀναληφθήσονται</span> 
     </span>
    </p>
   </div>
   <div class='ocr_carea' id='block_1_63' title="bbox 411 3127 1986 3198">
    <p class='ocr_par' dir='ltr' id='par_1_63' title="bbox 411 3127 1986 3198">
     <span class='ocr_line' id='line_1_64' title="bbox 411 3127 1986 3198; baseline 0 -16"><span class='ocrx_word' id='word_1_463' title='bbox 411 3129 690 3184; x_wconf 88' lang='lat' dir='ltr'><strong>consecuti</strong></span> <span class='ocrx_word' id='word_1_464' title='bbox 743 3129 966 3193; x_wconf 84' lang='lat' dir='ltr'><strong>fuerint,</strong></span> <span class='ocrx_word' id='word_1_465' title='bbox 1001 3143 1165 3198; x_wconf 90' lang='lat' dir='ltr'><strong>quam</strong></span> <span class='ocrx_word' id='word_1_466' title='bbox 1217 3127 1511 3198; x_wconf 80' lang='lat' dir='ltr'><strong>gloriosam</strong></span> <span class='ocrx_word' id='word_1_467' title='bbox 1551 3143 1670 3182; x_wconf 91' lang='lat' dir='ltr'><strong>esse</strong></span> <span class='ocrx_word' id='word_1_468' title='bbox 1710 3137 1766 3184; x_wconf 91' lang='lat' dir='ltr'><strong>et</strong></span> <span class='ocrx_word' id='word_1_469' title='bbox 1809 3127 1986 3183; x_wconf 89' lang='lat' dir='ltr'><strong>admi-</strong></span> 
     </span>
    </p>
   </div>
   <div class='ocr_carea' id='block_1_64' title="bbox 410 3220 1986 3290">
    <p class='ocr_par' dir='ltr' id='par_1_64' title="bbox 410 3220 1986 3290">
     <span class='ocr_line' id='line_1_65' title="bbox 410 3220 1986 3290; baseline -0.001 -14"><span class='ocrx_word' id='word_1_470' title='bbox 410 3220 670 3284; x_wconf 89' lang='lat' dir='ltr'><strong>randam,</strong></span> <span class='ocrx_word' id='word_1_471' title='bbox 717 3228 774 3275; x_wconf 89' lang='lat' dir='ltr'><strong>et</strong></span> <span class='ocrx_word' id='word_1_472' title='bbox 809 3220 1010 3276; x_wconf 90' lang='lat' dir='ltr'><strong>divinis</strong></span> <span class='ocrx_word' id='word_1_473' title='bbox 1057 3221 1382 3276; x_wconf 86' lang='lat' dir='ltr'><strong>muneribus</strong></span> <span class='ocrx_word' id='word_1_474' title='bbox 1425 3221 1635 3276; x_wconf 67' lang='lat' dir='ltr'><strong>caeteris</strong></span> <span class='ocrx_word' id='word_1_475' title='bbox 1677 3220 1986 3290; x_wconf 80' lang='lat' dir='ltr'><strong>pulchritu-</strong></span> 
     </span>
    </p>
   </div>
   <div class='ocr_carea' id='block_1_65' title="bbox 408 3311 1990 3382">
    <p class='ocr_par' dir='ltr' id='par_1_65' title="bbox 408 3311 1990 3382">
     <span class='ocr_line' id='line_1_66' title="bbox 408 3311 1990 3382; baseline -0.002 -12"><span class='ocrx_word' id='word_1_476' title='bbox 408 3314 539 3371; x_wconf 86' lang='lat' dir='ltr'><strong>dine</strong></span> <span class='ocrx_word' id='word_1_477' title='bbox 583 3311 743 3382; x_wconf 79' lang='lat' dir='ltr'><strong>longe</strong></span> <span class='ocrx_word' id='word_1_478' title='bbox 785 3320 1154 3381; x_wconf 58' lang='lat' dir='ltr'><strong>praestantem,</strong></span> <span class='ocrx_word' id='word_1_479' title='bbox 1191 3312 1306 3382; x_wconf 91' lang='lat' dir='ltr'><strong>ipse</strong></span> <span class='ocrx_word' id='word_1_480' title='bbox 1350 3311 1598 3382; x_wconf 83' lang='lat' dir='ltr'><strong>Salvath</strong></span> <span class='ocrx_word' id='word_1_481' title='bbox 1639 3311 1845 3367; x_wconf 91' lang='lat' dir='ltr'><strong>sanctis</strong></span> <span class='ocrx_word' id='word_1_482' title='bbox 1875 3311 1990 3367; x_wconf 91' lang='lat' dir='ltr'><strong>suis</strong></span> 
     </span>
    </p>
   </div>
   <div class='ocr_carea' id='block_1_66' title="bbox 413 3373 1990 3470">
    <p class='ocr_par' dir='ltr' id='par_1_66' title="bbox 413 3373 1990 3470">
     <span class='ocr_line' id='line_1_67' title="bbox 413 3373 1990 3470; baseline 0.001 -17"><span class='ocrx_word' id='word_1_483' title='bbox 413 3373 708 3470; x_wconf 63' lang='lat' dir='ltr'><strong>discipulis</strong></span> <span class='ocrx_word' id='word_1_484' title='bbox 724 3373 1039 3466; x_wconf 76' lang='lat' dir='ltr'><strong>declaravit,</strong></span> <span class='ocrx_word' id='word_1_485' title='bbox 1061 3373 1251 3457; x_wconf 70' lang='lat' dir='ltr'><strong>dicens</strong></span> <span class='ocrx_word' id='word_1_486' title='bbox 1271 3400 1340 3456; x_wconf 89' lang='lat' dir='ltr'><strong>ad</strong></span> <span class='ocrx_word' id='word_1_487' title='bbox 1366 3373 1763 3456; x_wconf 53' lang='lat' dir='ltr'><strong>huncinodum</strong></span> <span class='ocrx_word' id='word_1_488' title='bbox 1789 3419 1803 3454; x_wconf 90' lang='lat'><strong>:</strong></span> <span class='ocrx_word' id='word_1_489' title='bbox 1837 3420 1855 3452; x_wconf 87' lang='grc'><strong>‹</strong></span> <span class='ocrx_word' id='word_1_490' title='bbox 1882 3400 1990 3455; x_wconf 87' lang='grc' dir='ltr'><strong>Νο-</strong></span> 
     </span>
    </p>
   </div>
   <div class='ocr_carea' id='block_1_67' title="bbox 329 3487 1988 3562">
    <p class='ocr_par' dir='ltr' id='par_1_67' title="bbox 329 3487 1988 3562">
     <span class='ocr_line' id='line_1_68' title="bbox 329 3487 1988 3562; baseline 0.001 -20"><span class='ocrx_word' id='word_1_491' title='bbox 329 3521 335 3524; x_wconf 98' lang='grc'><strong>-</strong></span> <span class='ocrx_word' id='word_1_492' title='bbox 415 3487 509 3543; x_wconf 86' lang='lat' dir='ltr'><strong>lite</strong></span> <span class='ocrx_word' id='word_1_493' title='bbox 535 3490 791 3560; x_wconf 89' lang='lat' dir='ltr'><strong>gaudere,</strong></span> <span class='ocrx_word' id='word_1_494' title='bbox 818 3491 964 3560; x_wconf 88' lang='lat' dir='ltr'><strong>quod</strong></span> <span class='ocrx_word' id='word_1_495' title='bbox 991 3490 1258 3546; x_wconf 66' lang='lat' dir='ltr'><strong>daemonia</strong></span> <span class='ocrx_word' id='word_1_496' title='bbox 1284 3491 1654 3562; x_wconf 88' lang='lat' dir='ltr'><strong>subjiciuntur</strong></span> <span class='ocrx_word' id='word_1_497' title='bbox 1677 3491 1866 3556; x_wconf 88' lang='lat' dir='ltr'><strong>vobis;</strong></span> <span class='ocrx_word' id='word_1_498' title='bbox 1893 3488 1988 3544; x_wconf 89' lang='lat' dir='ltr'><strong>sed</strong></span> 
     </span>
    </p>
   </div>
   <div class='ocr_carea' id='block_1_68' title="bbox 415 3577 1991 3650">
    <p class='ocr_par' dir='ltr' id='par_1_68' title="bbox 415 3577 1991 3650">
     <span class='ocr_line' id='line_1_69' title="bbox 415 3577 1991 3650; baseline -0.001 -18"><span class='ocrx_word' id='word_1_499' title='bbox 415 3580 596 3649; x_wconf 84' lang='lat' dir='ltr'><strong>potius</strong></span> <span class='ocrx_word' id='word_1_500' title='bbox 618 3579 871 3650; x_wconf 87' lang='lat' dir='ltr'><strong>gaudete,</strong></span> <span class='ocrx_word' id='word_1_501' title='bbox 895 3579 1042 3650; x_wconf 91' lang='lat' dir='ltr'><strong>quod</strong></span> <span class='ocrx_word' id='word_1_502' title='bbox 1080 3580 1303 3634; x_wconf 89' lang='lat' dir='ltr'><strong>nomina</strong></span> <span class='ocrx_word' id='word_1_503' title='bbox 1332 3589 1513 3634; x_wconf 87' lang='lat' dir='ltr'><strong>vestra</strong></span> <span class='ocrx_word' id='word_1_504' title='bbox 1543 3579 1744 3648; x_wconf 90' lang='lat' dir='ltr'><strong>scripta</strong></span> <span class='ocrx_word' id='word_1_505' title='bbox 1777 3588 1904 3633; x_wconf 88' lang='lat' dir='ltr'><strong>sunt</strong></span> <span class='ocrx_word' id='word_1_506' title='bbox 1934 3577 1991 3631; x_wconf 92' lang='lat' dir='ltr'><strong>in</strong></span> 
     </span>
    </p>
   </div>
   <div class='ocr_carea' id='block_1_69' title="bbox 415 3666 1989 3739">
    <p class='ocr_par' dir='ltr' id='par_1_69' title="bbox 415 3666 1989 3739">
     <span class='ocr_line' id='line_1_70' title="bbox 415 3666 1989 3739; baseline -0.001 -17"><span class='ocrx_word' id='word_1_507' title='bbox 415 3669 638 3724; x_wconf 76' lang='lat' dir='ltr'><strong>coelis&#39;.</strong></span> <span class='ocrx_word' id='word_1_508' title='bbox 680 3687 698 3720; x_wconf 71' lang='grc' dir='ltr'><strong>ι</strong></span> <span class='ocrx_word' id='word_1_509' title='bbox 740 3669 893 3723; x_wconf 89' lang='lat' dir='ltr'><strong>Illam</strong></span> <span class='ocrx_word' id='word_1_510' title='bbox 937 3684 1103 3739; x_wconf 90' lang='lat' dir='ltr'><strong>porro</strong></span> <span class='ocrx_word' id='word_1_511' title='bbox 1145 3669 1201 3722; x_wconf 93' lang='lat' dir='ltr'><strong>in</strong></span> <span class='ocrx_word' id='word_1_512' title='bbox 1247 3667 1522 3737; x_wconf 87' lang='lat' dir='ltr'><strong>lapidibus</strong></span> <span class='ocrx_word' id='word_1_513' title='bbox 1565 3666 1989 3738; x_wconf 86' lang='lat' dir='ltr'><strong>descriptionem</strong></span> 
     </span>
    </p>
   </div>
   <div class='ocr_carea' id='block_1_70' title="bbox 417 3758 1989 3827">
    <p class='ocr_par' dir='ltr' id='par_1_70' title="bbox 417 3758 1989 3827">
     <span class='ocr_line' id='line_1_71' title="bbox 417 3758 1989 3827; baseline 0 -15"><span class='ocrx_word' id='word_1_514' title='bbox 417 3759 533 3813; x_wconf 87' lang='lat' dir='ltr'><strong>fore</strong></span> <span class='ocrx_word' id='word_1_515' title='bbox 575 3759 754 3827; x_wconf 86' lang='lat' dir='ltr'><strong>inquit</strong></span> <span class='ocrx_word' id='word_1_516' title='bbox 794 3759 920 3813; x_wconf 82' lang='lat' dir='ltr'><strong>[iliis</strong></span> <span class='ocrx_word' id='word_1_517' title='bbox 961 3759 1128 3813; x_wconf 89' lang='lat' dir='ltr'><strong>Israel</strong></span> <span class='ocrx_word' id='word_1_518' title='bbox 1170 3759 1579 3814; x_wconf 85' lang='lat' dir='ltr'><strong>monimentum</strong></span> <span class='ocrx_word' id='word_1_519' title='bbox 1645 3773 1827 3812; x_wconf 90' lang='lat' dir='ltr'><strong>coram</strong></span> <span class='ocrx_word' id='word_1_520' title='bbox 1881 3758 1989 3812; x_wconf 90' lang='lat' dir='ltr'><strong>Do-</strong></span> 
     </span>
    </p>
   </div>
   <div class='ocr_carea' id='block_1_71' title="bbox 418 3847 1991 3920">
    <p class='ocr_par' dir='ltr' id='par_1_71' title="bbox 418 3847 1991 3920">
     <span class='ocr_line' id='line_1_72' title="bbox 418 3847 1991 3920; baseline 0 -15"><span class='ocrx_word' id='word_1_521' title='bbox 418 3847 588 3915; x_wconf 89' lang='lat' dir='ltr'><strong>mino,</strong></span> <span class='ocrx_word' id='word_1_522' title='bbox 621 3865 760 3920; x_wconf 91' lang='lat' dir='ltr'><strong>quos</strong></span> <span class='ocrx_word' id='word_1_523' title='bbox 793 3850 882 3904; x_wconf 89' lang='lat' dir='ltr'><strong>ille</strong></span> <span class='ocrx_word' id='word_1_524' title='bbox 914 3858 1170 3920; x_wconf 86' lang='lat' dir='ltr'><strong>tanquam</strong></span> <span class='ocrx_word' id='word_1_525' title='bbox 1209 3850 1265 3904; x_wconf 93' lang='lat' dir='ltr'><strong>in</strong></span> <span class='ocrx_word' id='word_1_526' title='bbox 1308 3849 1488 3904; x_wconf 81' lang='lat' dir='ltr'><strong>Aaron</strong></span> <span class='ocrx_word' id='word_1_527' title='bbox 1527 3865 1759 3920; x_wconf 87' lang='lat' dir='ltr'><strong>persona</strong></span> <span class='ocrx_word' id='word_1_528' title='bbox 1790 3865 1991 3920; x_wconf 90' lang='lat' dir='ltr'><strong>prope-</strong></span> 
     </span>
    </p>
   </div>
   <div class='ocr_carea' id='block_1_72' title="bbox 417 3940 1994 4012">
    <p class='ocr_par' dir='ltr' id='par_1_72' title="bbox 417 3940 1994 4012">
     <span class='ocr_line' id='line_1_73' title="bbox 417 3940 1994 4012; baseline 0.001 -16"><span class='ocrx_word' id='word_1_529' title='bbox 417 3940 641 3996; x_wconf 88' lang='lat' dir='ltr'><strong>modum</strong></span> <span class='ocrx_word' id='word_1_530' title='bbox 689 3941 997 4008; x_wconf 89' lang='lat' dir='ltr'><strong>intueatur;</strong></span> <span class='ocrx_word' id='word_1_531' title='bbox 1043 3942 1206 4012; x_wconf 79' lang='lat'><strong>382</strong></span> <span class='ocrx_word' id='word_1_532' title='bbox 1258 3940 1499 3996; x_wconf 86' lang='lat' dir='ltr'><strong>admittit</strong></span> <span class='ocrx_word' id='word_1_533' title='bbox 1532 3942 1679 3997; x_wconf 91' lang='lat' dir='ltr'><strong>enim</strong></span> <span class='ocrx_word' id='word_1_534' title='bbox 1715 3957 1816 3997; x_wconf 91' lang='lat' dir='ltr'><strong>nos</strong></span> <span class='ocrx_word' id='word_1_535' title='bbox 1848 3942 1994 3998; x_wconf 85' lang='lat' dir='ltr'><strong>Deus</strong></span> 
     </span>
    </p>
   </div>
   <div class='ocr_carea' id='block_1_73' title="bbox 417 4031 1994 4103">
    <p class='ocr_par' dir='ltr' id='par_1_73' title="bbox 417 4031 1994 4103">
     <span class='ocr_line' id='line_1_74' title="bbox 417 4031 1994 4103; baseline 0 -14"><span class='ocrx_word' id='word_1_536' title='bbox 417 4047 483 4089; x_wconf 81' lang='lat' dir='ltr'><strong>ac</strong></span> <span class='ocrx_word' id='word_1_537' title='bbox 511 4034 672 4090; x_wconf 88' lang='lat' dir='ltr'><strong>Pater</strong></span> <span class='ocrx_word' id='word_1_538' title='bbox 714 4033 770 4088; x_wconf 91' lang='lat' dir='ltr'><strong>in</strong></span> <span class='ocrx_word' id='word_1_539' title='bbox 802 4035 1120 4089; x_wconf 90' lang='lat' dir='ltr'><strong>memoriam</strong></span> <span class='ocrx_word' id='word_1_540' title='bbox 1155 4034 1212 4088; x_wconf 93' lang='lat' dir='ltr'><strong>in</strong></span> <span class='ocrx_word' id='word_1_541' title='bbox 1239 4031 1480 4098; x_wconf 88' lang='lat' dir='ltr'><strong>Christo,</strong></span> <span class='ocrx_word' id='word_1_542' title='bbox 1507 4033 1562 4087; x_wconf 91' lang='lat' dir='ltr'><strong>in</strong></span> <span class='ocrx_word' id='word_1_543' title='bbox 1604 4048 1778 4103; x_wconf 89' lang='lat' dir='ltr'><strong>eoque</strong></span> <span class='ocrx_word' id='word_1_544' title='bbox 1809 4041 1866 4089; x_wconf 90' lang='lat' dir='ltr'><strong>et</strong></span> <span class='ocrx_word' id='word_1_545' title='bbox 1898 4033 1994 4089; x_wconf 88' lang='lat' dir='ltr'><strong>do-</strong></span> 
     </span>
    </p>
   </div>
   <div class='ocr_carea' id='block_1_74' title="bbox 419 4125 1993 4200">
    <p class='ocr_par' dir='ltr' id='par_1_74' title="bbox 419 4125 1993 4200">
     <span class='ocr_line' id='line_1_75' title="bbox 419 4125 1993 4200; baseline 0 -20"><span class='ocrx_word' id='word_1_546' title='bbox 419 4126 633 4183; x_wconf 87' lang='lat' dir='ltr'><strong>mestici</strong></span> <span class='ocrx_word' id='word_1_547' title='bbox 675 4126 803 4182; x_wconf 89' lang='lat' dir='ltr'><strong>facti</strong></span> <span class='ocrx_word' id='word_1_548' title='bbox 842 4143 1032 4183; x_wconf 90' lang='lat' dir='ltr'><strong>sumus</strong></span> <span class='ocrx_word' id='word_1_549' title='bbox 1071 4136 1128 4184; x_wconf 90' lang='lat' dir='ltr'><strong>et</strong></span> <span class='ocrx_word' id='word_1_550' title='bbox 1157 4131 1276 4200; x_wconf 87' lang='lat' dir='ltr'><strong>ejus</strong></span> <span class='ocrx_word' id='word_1_551' title='bbox 1308 4125 1645 4199; x_wconf 89' lang='lat' dir='ltr'><strong>inspectione</strong></span> <span class='ocrx_word' id='word_1_552' title='bbox 1678 4125 1906 4196; x_wconf 88' lang='lat' dir='ltr'><strong>dignati,</strong></span> <span class='ocrx_word' id='word_1_553' title='bbox 1937 4134 1993 4181; x_wconf 88' lang='lat' dir='ltr'><strong>et</strong></span> 
     </span>
    </p>
   </div>
   <div class='ocr_carea' id='block_1_75' title="bbox 420 4219 1399 4291">
    <p class='ocr_par' dir='ltr' id='par_1_75' title="bbox 420 4219 1399 4291">
     <span class='ocr_line' id='line_1_76' title="bbox 420 4219 1399 4291; baseline 0.001 -18"><span class='ocrx_word' id='word_1_554' title='bbox 420 4229 680 4288; x_wconf 87' lang='lat' dir='ltr'><strong>tanquam</strong></span> <span class='ocrx_word' id='word_1_555' title='bbox 706 4219 762 4272; x_wconf 93' lang='lat' dir='ltr'><strong>in</strong></span> <span class='ocrx_word' id='word_1_556' title='bbox 784 4219 880 4274; x_wconf 91' lang='lat' dir='ltr'><strong>Dei</strong></span> <span class='ocrx_word' id='word_1_557' title='bbox 909 4220 1053 4276; x_wconf 89' lang='lat' dir='ltr'><strong>libro</strong></span> <span class='ocrx_word' id='word_1_558' title='bbox 1081 4220 1399 4291; x_wconf 90' lang='lat' dir='ltr'><strong>conscripti.</strong></span> 
     </span>
    </p>
   </div>
   <div class='ocr_carea' id='block_1_76' title="bbox 493 4313 1025 4370">
    <p class='ocr_par' dir='ltr' id='par_1_76' title="bbox 493 4313 1025 4370">
     <span class='ocr_line' id='line_1_77' title="bbox 493 4313 1025 4370; baseline 0.006 -3"><span class='ocrx_word' id='word_1_559' title='bbox 493 4313 686 4368; x_wconf 84' lang='lat' dir='ltr'><strong>PALL.</strong></span> <span class='ocrx_word' id='word_1_560' title='bbox 729 4314 896 4370; x_wconf 82' lang='lat' dir='ltr'><strong>Recte</strong></span> <span class='ocrx_word' id='word_1_561' title='bbox 925 4316 1025 4370; x_wconf 92' lang='lat' dir='ltr'><strong>ais.</strong></span> 
     </span>
    </p>
   </div>
   <div class='ocr_carea' id='block_1_77' title="bbox 2093 3126 3663 3201">
    <p class='ocr_par' dir='ltr' id='par_1_77' title="bbox 2093 3126 3663 3201">
     <span class='ocr_line' id='line_1_78' title="bbox 2093 3126 3663 3201; baseline -0.004 -17"><span class='ocrx_word' id='word_1_562' title='bbox 2093 3129 2232 3184; x_wconf 82' lang='grc' dir='ltr'>κατὰ</span> <span class='ocrx_word' id='word_1_563' title='bbox 2287 3131 2379 3184; x_wconf 79' lang='grc' dir='ltr'><strong>τὸν</strong></span> <span class='ocrx_word' id='word_1_564' title='bbox 2415 3131 2640 3201; x_wconf 81' lang='grc' dir='ltr'>ἀρχαῖον</span> <span class='ocrx_word' id='word_1_565' title='bbox 2679 3129 2939 3201; x_wconf 80' lang='grc' dir='ltr'>Ἐφραῖμ,</span> <span class='ocrx_word' id='word_1_566' title='bbox 2972 3129 3022 3182; x_wconf 73' lang='lat' dir='ltr'><strong>oi</strong></span> <span class='ocrx_word' id='word_1_567' title='bbox 3073 3129 3173 3198; x_wconf 81' lang='grc' dir='ltr'>τὴν</span> <span class='ocrx_word' id='word_1_568' title='bbox 3234 3126 3347 3181; x_wconf 80' lang='grc' dir='ltr'><strong>άνω</strong></span> <span class='ocrx_word' id='word_1_569' title='bbox 3405 3126 3663 3197; x_wconf 83' lang='grc' dir='ltr'>λαχόντες</span> 
     </span>
    </p>
   </div>
   <div class='ocr_carea' id='block_1_78' title="bbox 2091 3216 3666 3292">
    <p class='ocr_par' dir='ltr' id='par_1_78' title="bbox 2091 3216 3666 3292">
     <span class='ocr_line' id='line_1_79' title="bbox 2091 3216 3666 3292; baseline -0.003 -18"><span class='ocrx_word' id='word_1_570' title='bbox 2091 3220 2506 3292; x_wconf 76' lang='grc' dir='ltr'>ἀπογραφὴν,ὴν</span> <span class='ocrx_word' id='word_1_571' title='bbox 2527 3220 2725 3274; x_wconf 79' lang='grc' dir='ltr'>εὐκλεᾶ</span> <span class='ocrx_word' id='word_1_572' title='bbox 2738 3237 2794 3273; x_wconf 90' lang='grc' dir='ltr'><strong>τε</strong></span> <span class='ocrx_word' id='word_1_573' title='bbox 2817 3221 2912 3273; x_wconf 74' lang='grc' dir='ltr'>καὶ</span> <span class='ocrx_word' id='word_1_574' title='bbox 2930 3219 3251 3287; x_wconf 76' lang='grc' dir='ltr'>άξιάγαστον</span> <span class='ocrx_word' id='word_1_575' title='bbox 3268 3217 3483 3272; x_wconf 73' lang='grc' dir='ltr'>καὶτῶν</span> <span class='ocrx_word' id='word_1_576' title='bbox 3506 3216 3666 3271; x_wconf 81' lang='grc' dir='ltr'>θείων</span> 
     </span>
    </p>
   </div>
   <div class='ocr_carea' id='block_1_79' title="bbox 2091 3309 3666 3388">
    <p class='ocr_par' dir='ltr' id='par_1_79' title="bbox 2091 3309 3666 3388">
     <span class='ocr_line' id='line_1_80' title="bbox 2091 3309 3666 3388; baseline -0.006 -17"><span class='ocrx_word' id='word_1_577' title='bbox 2091 3315 2444 3388; x_wconf 80' lang='grc' dir='ltr'>χαρισμάτων</span> <span class='ocrx_word' id='word_1_578' title='bbox 2463 3315 2524 3368; x_wconf 77' lang='grc' dir='ltr'>τὸ</span> <span class='ocrx_word' id='word_1_579' title='bbox 2548 3313 2742 3378; x_wconf 86' lang='grc' dir='ltr'>κάλλος</span> <span class='ocrx_word' id='word_1_580' title='bbox 2761 3313 3161 3384; x_wconf 78' lang='grc' dir='ltr'>ὑπερκειμένην</span> <span class='ocrx_word' id='word_1_581' title='bbox 3198 3311 3360 3374; x_wconf 77' lang='grc' dir='ltr'>αὐτὸς</span> <span class='ocrx_word' id='word_1_582' title='bbox 3389 3309 3666 3379; x_wconf 73' lang='grc' dir='ltr'>ἀπέφηνεν</span> 
     </span>
    </p>
   </div>
   <div class='ocr_carea' id='block_1_80' title="bbox 2089 3401 3663 3479">
    <p class='ocr_par' dir='ltr' id='par_1_80' title="bbox 2089 3401 3663 3479">
     <span class='ocr_line' id='line_1_81' title="bbox 2089 3401 3663 3479; baseline -0.003 -18"><span class='ocrx_word' id='word_1_583' title='bbox 2089 3410 2118 3461; x_wconf 90' lang='lat'><strong>6</strong></span> <span class='ocrx_word' id='word_1_584' title='bbox 2149 3408 2356 3479; x_wconf 82' lang='grc' dir='ltr'>Σωτὴρ,</span> <span class='ocrx_word' id='word_1_585' title='bbox 2405 3410 2517 3471; x_wconf 87' lang='grc' dir='ltr'>τοῖς</span> <span class='ocrx_word' id='word_1_586' title='bbox 2568 3407 2744 3476; x_wconf 85' lang='grc' dir='ltr'>ἁγίοις</span> <span class='ocrx_word' id='word_1_587' title='bbox 2789 3405 3053 3477; x_wconf 84' lang='grc' dir='ltr'>μαθηταῖς</span> <span class='ocrx_word' id='word_1_588' title='bbox 3081 3403 3258 3475; x_wconf 84' lang='grc' dir='ltr'>ὡδίπη</span> <span class='ocrx_word' id='word_1_589' title='bbox 3300 3401 3494 3471; x_wconf 87' lang='grc' dir='ltr'>λέγων·</span> <span class='ocrx_word' id='word_1_590' title='bbox 3530 3402 3663 3472; x_wconf 78' lang='grc' dir='ltr'><strong>«Μὴ</strong></span> 
     </span>
    </p>
   </div>
   <div class='ocr_carea' id='block_1_81' title="bbox 2093 3491 3663 3569">
    <p class='ocr_par' dir='ltr' id='par_1_81' title="bbox 2093 3491 3663 3569">
     <span class='ocr_line' id='line_1_82' title="bbox 2093 3491 3663 3569; baseline -0.003 -19"><span class='ocrx_word' id='word_1_591' title='bbox 2093 3498 2313 3569; x_wconf 84' lang='grc' dir='ltr'>χαίρετε</span> <span class='ocrx_word' id='word_1_592' title='bbox 2343 3498 2423 3552; x_wconf 87' lang='grc' dir='ltr'>ὃτι</span> <span class='ocrx_word' id='word_1_593' title='bbox 2459 3497 2531 3550; x_wconf 81' lang='grc' dir='ltr'>τὰ</span> <span class='ocrx_word' id='word_1_594' title='bbox 2560 3496 2813 3566; x_wconf 88' lang='grc' dir='ltr'>δαιμόνια</span> <span class='ocrx_word' id='word_1_595' title='bbox 2844 3495 3212 3550; x_wconf 78' lang='grc' dir='ltr'>ὑποτάσσεται</span> <span class='ocrx_word' id='word_1_596' title='bbox 3250 3493 3401 3564; x_wconf 83' lang='grc' dir='ltr'>ὑμῖν,</span> <span class='ocrx_word' id='word_1_597' title='bbox 3443 3491 3663 3562; x_wconf 72' lang='grc' dir='ltr'>χαίρετε</span> 
     </span>
    </p>
   </div>
   <div class='ocr_carea' id='block_1_82' title="bbox 2093 3583 3664 3660">
    <p class='ocr_par' dir='ltr' id='par_1_82' title="bbox 2093 3583 3664 3660">
     <span class='ocr_line' id='line_1_83' title="bbox 2093 3583 3664 3660; baseline -0.006 -17"><span class='ocrx_word' id='word_1_598' title='bbox 2093 3590 2149 3643; x_wconf 82' lang='grc' dir='ltr'>δὲ</span> <span class='ocrx_word' id='word_1_599' title='bbox 2181 3589 2398 3660; x_wconf 80' lang='grc' dir='ltr'>μᾶλλον,</span> <span class='ocrx_word' id='word_1_600' title='bbox 2455 3589 2537 3642; x_wconf 82' lang='grc' dir='ltr'>ὅτι</span> <span class='ocrx_word' id='word_1_601' title='bbox 2586 3587 2656 3642; x_wconf 80' lang='grc' dir='ltr'>τὰ</span> <span class='ocrx_word' id='word_1_602' title='bbox 2700 3587 2943 3658; x_wconf 82' lang='grc' dir='ltr'>ὀνόματα</span> <span class='ocrx_word' id='word_1_603' title='bbox 2970 3585 3126 3656; x_wconf 83' lang='grc' dir='ltr'>ὑμῶν</span> <span class='ocrx_word' id='word_1_604' title='bbox 3179 3583 3558 3655; x_wconf 79' lang='grc' dir='ltr'>ἐγγέγραπται</span> <span class='ocrx_word' id='word_1_605' title='bbox 3603 3583 3664 3635; x_wconf 80' lang='grc' dir='ltr'><strong>ἐν</strong></span> 
     </span>
    </p>
   </div>
   <div class='ocr_carea' id='block_1_83' title="bbox 2092 3673 3668 3749">
    <p class='ocr_par' dir='ltr' id='par_1_83' title="bbox 2092 3673 3668 3749">
     <span class='ocr_line' id='line_1_84' title="bbox 2092 3673 3668 3749; baseline -0.005 -16"><span class='ocrx_word' id='word_1_606' title='bbox 2092 3682 2206 3742; x_wconf 89' lang='grc' dir='ltr'>τοῖς</span> <span class='ocrx_word' id='word_1_607' title='bbox 2247 3680 2512 3748; x_wconf 82' lang='grc' dir='ltr'>οὐρανοῖς.</span> <span class='ocrx_word' id='word_1_608' title='bbox 2559 3697 2578 3731; x_wconf 71' lang='grc' dir='ltr'><strong>ι</strong></span> <span class='ocrx_word' id='word_1_609' title='bbox 2631 3679 2991 3749; x_wconf 86' lang='grc' dir='ltr'>Μνημόσυνον</span> <span class='ocrx_word' id='word_1_610' title='bbox 3023 3676 3081 3730; x_wconf 77' lang='grc' dir='ltr'>δὲ</span> <span class='ocrx_word' id='word_1_611' title='bbox 3118 3676 3219 3747; x_wconf 79' lang='grc' dir='ltr'>τὴν</span> <span class='ocrx_word' id='word_1_612' title='bbox 3242 3674 3301 3730; x_wconf 82' lang='grc' dir='ltr'>ἒν</span> <span class='ocrx_word' id='word_1_613' title='bbox 3348 3691 3412 3743; x_wconf 90' lang='grc' dir='ltr'><strong>γε</strong></span> <span class='ocrx_word' id='word_1_614' title='bbox 3446 3677 3559 3738; x_wconf 87' lang='grc' dir='ltr'>τοῖς</span> <span class='ocrx_word' id='word_1_615' title='bbox 3591 3673 3668 3726; x_wconf 80' lang='grc' dir='ltr'>λί-</span> 
     </span>
    </p>
   </div>
   <div class='ocr_carea' id='block_1_84' title="bbox 2093 3763 3669 3842">
    <p class='ocr_par' dir='ltr' id='par_1_84' title="bbox 2093 3763 3669 3842">
     <span class='ocr_line' id='line_1_85' title="bbox 2093 3763 3669 3842; baseline -0.005 -18"><span class='ocrx_word' id='word_1_616' title='bbox 2093 3770 2206 3834; x_wconf 83' lang='grc' dir='ltr'>θοις</span> <span class='ocrx_word' id='word_1_617' title='bbox 2261 3770 2589 3842; x_wconf 79' lang='grc' dir='ltr'>ἀπογραφὴν</span> <span class='ocrx_word' id='word_1_618' title='bbox 2644 3769 2862 3823; x_wconf 75' lang='grc' dir='ltr'>ἔσεσθαί</span> <span class='ocrx_word' id='word_1_619' title='bbox 2910 3785 3043 3839; x_wconf 81' lang='grc' dir='ltr'>φησι</span> <span class='ocrx_word' id='word_1_620' title='bbox 3093 3770 3206 3831; x_wconf 85' lang='grc' dir='ltr'>τοῖς</span> <span class='ocrx_word' id='word_1_621' title='bbox 3262 3767 3398 3830; x_wconf 80' lang='grc' dir='ltr'>υἱοῖς</span> <span class='ocrx_word' id='word_1_622' title='bbox 3451 3763 3669 3838; x_wconf 78' lang='grc' dir='ltr'>Ἰσραὴλ</span> 
     </span>
    </p>
   </div>
   <div class='ocr_carea' id='block_1_85' title="bbox 2095 3856 3669 3935">
    <p class='ocr_par' dir='ltr' id='par_1_85' title="bbox 2095 3856 3669 3935">
     <span class='ocr_line' id='line_1_86' title="bbox 2095 3856 3669 3935; baseline -0.004 -21"><span class='ocrx_word' id='word_1_623' title='bbox 2095 3861 2273 3915; x_wconf 74' lang='grc' dir='ltr'>ἔναντι</span> <span class='ocrx_word' id='word_1_624' title='bbox 2312 3862 2538 3935; x_wconf 82' lang='grc' dir='ltr'>Κυρίου,</span> <span class='ocrx_word' id='word_1_625' title='bbox 2599 3861 2882 3932; x_wconf 77' lang='grc' dir='ltr'>μονονουχὶ</span> <span class='ocrx_word' id='word_1_626' title='bbox 2928 3859 3022 3914; x_wconf 75' lang='grc' dir='ltr'>καὶ</span> <span class='ocrx_word' id='word_1_627' title='bbox 3050 3858 3468 3923; x_wconf 82' lang='grc' dir='ltr'>ἐνατενίζοντος,</span> <span class='ocrx_word' id='word_1_628' title='bbox 3500 3856 3577 3920; x_wconf 84' lang='grc' dir='ltr'><strong>ὡς</strong></span> <span class='ocrx_word' id='word_1_629' title='bbox 3608 3856 3669 3909; x_wconf 84' lang='grc' dir='ltr'><strong>ἐν</strong></span> 
     </span>
    </p>
   </div>
   <div class='ocr_carea' id='block_1_86' title="bbox 2108 3949 3666 4025">
    <p class='ocr_par' dir='ltr' id='par_1_86' title="bbox 2108 3949 3666 4025">
     <span class='ocr_line' id='line_1_87' title="bbox 2108 3949 3666 4025; baseline -0.004 -18"><span class='ocrx_word' id='word_1_630' title='bbox 2108 3953 2316 4025; x_wconf 80' lang='grc' dir='ltr'>Ἀαρών</span> <span class='ocrx_word' id='word_1_631' title='bbox 2335 3969 2349 3983; x_wconf 84' lang='grc'><em>’</em></span> <span class='ocrx_word' id='word_1_632' title='bbox 2378 3953 2676 4024; x_wconf 75' lang='grc' dir='ltr'>εἰσδέχεται</span> <span class='ocrx_word' id='word_1_633' title='bbox 2704 3951 2812 4024; x_wconf 81' lang='grc' dir='ltr'>γὰρ</span> <span class='ocrx_word' id='word_1_634' title='bbox 2841 3953 2988 4022; x_wconf 76' lang='grc' dir='ltr'>ἡμᾶς</span> <span class='ocrx_word' id='word_1_635' title='bbox 3018 3953 3045 4005; x_wconf 89' lang='lat'><strong>6</strong></span> <span class='ocrx_word' id='word_1_636' title='bbox 3073 3949 3206 4013; x_wconf 78' lang='grc' dir='ltr'>Θεὸς</span> <span class='ocrx_word' id='word_1_637' title='bbox 3227 3951 3321 4003; x_wconf 78' lang='grc' dir='ltr'>καὶ</span> <span class='ocrx_word' id='word_1_638' title='bbox 3363 3949 3557 4020; x_wconf 81' lang='grc' dir='ltr'>Πατὴρ</span> <span class='ocrx_word' id='word_1_639' title='bbox 3584 3949 3666 4008; x_wconf 82' lang='grc' dir='ltr'><strong>είς</strong></span> 
     </span>
    </p>
   </div>
   <div class='ocr_carea' id='block_1_87' title="bbox 2095 4040 3670 4116">
    <p class='ocr_par' dir='ltr' id='par_1_87' title="bbox 2095 4040 3670 4116">
     <span class='ocr_line' id='line_1_88' title="bbox 2095 4040 3670 4116; baseline -0.004 -17"><span class='ocrx_word' id='word_1_640' title='bbox 2095 4045 2399 4116; x_wconf 83' lang='grc' dir='ltr'>ἀνάμνησιν</span> <span class='ocrx_word' id='word_1_641' title='bbox 2431 4047 2487 4098; x_wconf 93' lang='grc' dir='ltr'><strong>ἐν</strong></span> <span class='ocrx_word' id='word_1_642' title='bbox 2526 4044 2765 4114; x_wconf 82' lang='grc' dir='ltr'>Χριστῷ,</span> <span class='ocrx_word' id='word_1_643' title='bbox 2811 4043 2906 4096; x_wconf 82' lang='grc' dir='ltr'><strong>καὶ</strong></span> <span class='ocrx_word' id='word_1_644' title='bbox 2934 4043 3234 4112; x_wconf 85' lang='grc' dir='ltr'>γεγόναμεν</span> <span class='ocrx_word' id='word_1_645' title='bbox 3262 4043 3322 4094; x_wconf 88' lang='grc' dir='ltr'><strong>ἐν</strong></span> <span class='ocrx_word' id='word_1_646' title='bbox 3349 4040 3498 4111; x_wconf 83' lang='grc' dir='ltr'>αὑτῷ</span> <span class='ocrx_word' id='word_1_647' title='bbox 3528 4040 3670 4108; x_wconf 82' lang='grc' dir='ltr'>γνὼ-</span> 
     </span>
    </p>
   </div>
   <div class='ocr_carea' id='block_1_88' title="bbox 2096 4132 3668 4209">
    <p class='ocr_par' dir='ltr' id='par_1_88' title="bbox 2096 4132 3668 4209">
     <span class='ocr_line' id='line_1_89' title="bbox 2096 4132 3668 4209; baseline -0.003 -19"><span class='ocrx_word' id='word_1_648' title='bbox 2096 4139 2248 4209; x_wconf 87' lang='grc' dir='ltr'>ριμοί</span> <span class='ocrx_word' id='word_1_649' title='bbox 2279 4154 2340 4190; x_wconf 90' lang='grc' dir='ltr'><strong>τε</strong></span> <span class='ocrx_word' id='word_1_650' title='bbox 2369 4137 2462 4191; x_wconf 74' lang='grc' dir='ltr'>καὶ</span> <span class='ocrx_word' id='word_1_651' title='bbox 2493 4136 2787 4200; x_wconf 86' lang='grc' dir='ltr'>ἐποπτείας</span> <span class='ocrx_word' id='word_1_652' title='bbox 2811 4134 2973 4202; x_wconf 77' lang='grc' dir='ltr'>ἄξιοι,</span> <span class='ocrx_word' id='word_1_653' title='bbox 3007 4135 3100 4189; x_wconf 77' lang='grc' dir='ltr'>καὶ</span> <span class='ocrx_word' id='word_1_654' title='bbox 3127 4133 3203 4198; x_wconf 82' lang='grc' dir='ltr'><strong>ὡς</strong></span> <span class='ocrx_word' id='word_1_655' title='bbox 3236 4135 3294 4187; x_wconf 89' lang='grc' dir='ltr'><strong>ἐν</strong></span> <span class='ocrx_word' id='word_1_656' title='bbox 3324 4132 3492 4204; x_wconf 79' lang='grc' dir='ltr'>βίϐλῳ</span> <span class='ocrx_word' id='word_1_657' title='bbox 3505 4132 3668 4186; x_wconf 86' lang='grc' dir='ltr'>Θεοῦ.</span> 
     </span>
    </p>
   </div>
   <div class='ocr_carea' id='block_1_89' title="bbox 2165 4313 2803 4385">
    <p class='ocr_par' dir='ltr' id='par_1_89' title="bbox 2165 4313 2803 4385">
     <span class='ocr_line' id='line_1_90' title="bbox 2165 4313 2803 4385; baseline -0.002 -16"><span class='ocrx_word' id='word_1_658' title='bbox 2165 4315 2369 4369; x_wconf 78' lang='grc' dir='ltr'><strong>ΠΔΛΔ.</strong></span> <span class='ocrx_word' id='word_1_659' title='bbox 2426 4314 2628 4385; x_wconf 76' lang='grc' dir='ltr'>Ὀρθῶς</span> <span class='ocrx_word' id='word_1_660' title='bbox 2649 4313 2803 4384; x_wconf 78' lang='grc' dir='ltr'>ἔφης.</span> 
     </span>
    </p>
   </div>
   <div class='ocr_carea' id='block_1_90' title="bbox 489 4404 1986 4479">
    <p class='ocr_par' dir='ltr' id='par_1_90' title="bbox 489 4405 1986 4479">
     <span class='ocr_line' id='line_1_91' title="bbox 489 4405 1986 4479; baseline -0.002 -16"><span class='ocrx_word' id='word_1_661' title='bbox 489 4405 646 4463; x_wconf 83' lang='lat' dir='ltr'><strong>CYR.</strong></span> <span class='ocrx_word' id='word_1_662' title='bbox 682 4406 820 4462; x_wconf 86' lang='lat' dir='ltr'><strong>Huic</strong></span> <span class='ocrx_word' id='word_1_663' title='bbox 843 4409 1078 4462; x_wconf 88' lang='lat' dir='ltr'><strong>alterum</strong></span> <span class='ocrx_word' id='word_1_664' title='bbox 1107 4423 1326 4478; x_wconf 89' lang='lat' dir='ltr'><strong>quoque</strong></span> <span class='ocrx_word' id='word_1_665' title='bbox 1355 4418 1738 4464; x_wconf 88' lang='lat' dir='ltr'><strong>ornamentum</strong></span> <span class='ocrx_word' id='word_1_666' title='bbox 1768 4407 1986 4479; x_wconf 86' lang='lat' dir='ltr'><strong>adjungi</strong></span> 
     </span>
    </p>
   </div>
   <div class='ocr_carea' id='block_1_91' title="bbox 2090 4404 3672 4479">
    <p class='ocr_par' dir='ltr' id='par_1_91' title="bbox 2164 4404 3672 4477">
     <span class='ocr_line' id='line_1_92' title="bbox 2164 4404 3672 4477; baseline -0.005 -15"><span class='ocrx_word' id='word_1_667' title='bbox 2164 4408 2328 4462; x_wconf 83' lang='grc' dir='ltr'>ΚΥΡ.</span> <span class='ocrx_word' id='word_1_668' title='bbox 2391 4407 2670 4477; x_wconf 85' lang='grc' dir='ltr'>Κόσμημα</span> <span class='ocrx_word' id='word_1_669' title='bbox 2713 4406 2770 4459; x_wconf 81' lang='grc' dir='ltr'>δὲ</span> <span class='ocrx_word' id='word_1_670' title='bbox 2827 4405 2999 4476; x_wconf 84' lang='grc' dir='ltr'>τούτῳ</span> <span class='ocrx_word' id='word_1_671' title='bbox 3045 4406 3138 4458; x_wconf 78' lang='grc' dir='ltr'>καὶ</span> <span class='ocrx_word' id='word_1_672' title='bbox 3182 4404 3367 4474; x_wconf 81' lang='grc' dir='ltr'>ἕτερον</span> <span class='ocrx_word' id='word_1_673' title='bbox 3426 4419 3672 4472; x_wconf 83' lang='grc' dir='ltr'>προσεπ-</span> 
     </span>
    </p>
   </div>
   <div class='ocr_carea' id='block_1_92' title="bbox 415 4497 1997 4572">
    <p class='ocr_par' dir='ltr' id='par_1_92' title="bbox 415 4497 1997 4572">
     <span class='ocr_line' id='line_1_93' title="bbox 415 4497 1997 4572; baseline -0.002 -18"><span class='ocrx_word' id='word_1_674' title='bbox 415 4499 593 4572; x_wconf 88' lang='lat' dir='ltr'><strong>jubet,</strong></span> <span class='ocrx_word' id='word_1_675' title='bbox 627 4497 816 4554; x_wconf 91' lang='lat' dir='ltr'><strong>dicens</strong></span> <span class='ocrx_word' id='word_1_676' title='bbox 841 4517 854 4552; x_wconf 91' lang='lat'><strong>:</strong></span> <span class='ocrx_word' id='word_1_677' title='bbox 886 4518 904 4550; x_wconf 75' lang='grc' dir='ltr'><strong>ι</strong></span> <span class='ocrx_word' id='word_1_678' title='bbox 934 4499 1002 4553; x_wconf 86' lang='grc' dir='ltr'>Ει</span> <span class='ocrx_word' id='word_1_679' title='bbox 1023 4498 1192 4554; x_wconf 81' lang='lat' dir='ltr'><strong>facies</strong></span> <span class='ocrx_word' id='word_1_680' title='bbox 1213 4499 1428 4553; x_wconf 89' lang='lat' dir='ltr'><strong>scutula</strong></span> <span class='ocrx_word' id='word_1_681' title='bbox 1445 4514 1514 4553; x_wconf 89' lang='lat' dir='ltr'><strong>ex</strong></span> <span class='ocrx_word' id='word_1_682' title='bbox 1544 4514 1680 4554; x_wconf 91' lang='lat' dir='ltr'><strong>auro</strong></span> <span class='ocrx_word' id='word_1_683' title='bbox 1707 4515 1847 4570; x_wconf 90' lang='lat' dir='ltr'><strong>puro</strong></span> <span class='ocrx_word' id='word_1_684' title='bbox 1868 4513 1997 4568; x_wconf 89' lang='lat' dir='ltr'><strong>per-</strong></span> 
     </span>
    </p>
   </div>
   <div class='ocr_carea' id='block_1_93' title="bbox 422 4589 1998 4660">
    <p class='ocr_par' dir='ltr' id='par_1_93' title="bbox 422 4589 1998 4660">
     <span class='ocr_line' id='line_1_94' title="bbox 422 4589 1998 4660; baseline -0.003 -14"><span class='ocrx_word' id='word_1_685' title='bbox 422 4590 617 4656; x_wconf 88' lang='lat' dir='ltr'><strong>mista;</strong></span> <span class='ocrx_word' id='word_1_686' title='bbox 651 4599 708 4646; x_wconf 93' lang='lat' dir='ltr'><strong>et</strong></span> <span class='ocrx_word' id='word_1_687' title='bbox 747 4590 916 4645; x_wconf 88' lang='lat' dir='ltr'><strong>facies</strong></span> <span class='ocrx_word' id='word_1_688' title='bbox 949 4591 1084 4645; x_wconf 91' lang='lat' dir='ltr'><strong>duas</strong></span> <span class='ocrx_word' id='word_1_689' title='bbox 1124 4589 1370 4643; x_wconf 81' lang='lat' dir='ltr'><strong>fimbrias</strong></span> <span class='ocrx_word' id='word_1_690' title='bbox 1410 4604 1477 4644; x_wconf 89' lang='lat' dir='ltr'><strong>ex</strong></span> <span class='ocrx_word' id='word_1_691' title='bbox 1515 4604 1650 4644; x_wconf 88' lang='lat' dir='ltr'><strong>auro</strong></span> <span class='ocrx_word' id='word_1_692' title='bbox 1694 4605 1834 4660; x_wconf 91' lang='lat' dir='ltr'><strong>puro</strong></span> <span class='ocrx_word' id='word_1_693' title='bbox 1870 4604 1998 4659; x_wconf 90' lang='lat' dir='ltr'><strong>per-</strong></span> 
     </span>
    </p>
   </div>
   <div class='ocr_carea' id='block_1_94' title="bbox 423 4678 2001 4750">
    <p class='ocr_par' dir='ltr' id='par_1_94' title="bbox 423 4678 2001 4750">
     <span class='ocr_line' id='line_1_95' title="bbox 423 4678 2001 4750; baseline -0.001 -15"><span class='ocrx_word' id='word_1_694' title='bbox 423 4681 614 4737; x_wconf 84' lang='lat' dir='ltr'><strong>mistas</strong></span> <span class='ocrx_word' id='word_1_695' title='bbox 656 4679 903 4745; x_wconf 80' lang='lat' dir='ltr'><strong>ﬂoribus,</strong></span> <span class='ocrx_word' id='word_1_696' title='bbox 948 4695 1089 4750; x_wconf 88' lang='lat' dir='ltr'><strong>opus</strong></span> <span class='ocrx_word' id='word_1_697' title='bbox 1137 4679 1340 4744; x_wconf 86' lang='lat' dir='ltr'><strong>tortile,</strong></span> <span class='ocrx_word' id='word_1_698' title='bbox 1382 4687 1439 4733; x_wconf 87' lang='lat' dir='ltr'><strong>et</strong></span> <span class='ocrx_word' id='word_1_699' title='bbox 1476 4678 1724 4749; x_wconf 89' lang='lat' dir='ltr'><strong>impones</strong></span> <span class='ocrx_word' id='word_1_700' title='bbox 1755 4679 2001 4734; x_wconf 81' lang='lat' dir='ltr'><strong>ﬁmbrias</strong></span> 
     </span>
    </p>
   </div>
   <div class='ocr_carea' id='block_1_95' title="bbox 423 4770 1998 4829">
    <p class='ocr_par' dir='ltr' id='par_1_95' title="bbox 423 4770 1998 4829">
     <span class='ocr_line' id='line_1_96' title="bbox 423 4770 1998 4829; baseline -0.001 -2"><span class='ocrx_word' id='word_1_701' title='bbox 423 4780 594 4829; x_wconf 89' lang='lat' dir='ltr'><strong>tortas</strong></span> <span class='ocrx_word' id='word_1_702' title='bbox 640 4773 871 4827; x_wconf 90' lang='lat' dir='ltr'><strong>scutulis</strong></span> <span class='ocrx_word' id='word_1_703' title='bbox 913 4770 981 4825; x_wconf 92' lang='lat' dir='ltr'><strong>ad</strong></span> <span class='ocrx_word' id='word_1_704' title='bbox 1029 4770 1332 4826; x_wconf 85' lang='lat' dir='ltr'><strong>humeralia</strong></span> <span class='ocrx_word' id='word_1_705' title='bbox 1379 4785 1571 4827; x_wconf 88' lang='lat' dir='ltr'><strong>eorum</strong></span> <span class='ocrx_word' id='word_1_706' title='bbox 1623 4787 1689 4826; x_wconf 86' lang='lat' dir='ltr'><strong>ex</strong></span> <span class='ocrx_word' id='word_1_707' title='bbox 1734 4771 1998 4827; x_wconf 88' lang='lat' dir='ltr'><strong>anteriori</strong></span> 
     </span>
    </p>
   </div>
   <div class='ocr_carea' id='block_1_96' title="bbox 423 4863 1997 4936">
    <p class='ocr_par' dir='ltr' id='par_1_96' title="bbox 423 4863 1997 4936">
     <span class='ocr_line' id='line_1_97' title="bbox 423 4863 1997 4936; baseline -0.001 -16"><span class='ocrx_word' id='word_1_708' title='bbox 423 4873 596 4935; x_wconf 87' lang='lat' dir='ltr'><strong>parte.</strong></span> <span class='ocrx_word' id='word_1_709' title='bbox 630 4865 698 4919; x_wconf 88' lang='lat' dir='ltr'><strong>Et</strong></span> <span class='ocrx_word' id='word_1_710' title='bbox 729 4864 898 4920; x_wconf 88' lang='lat' dir='ltr'><strong>facies</strong></span> <span class='ocrx_word' id='word_1_711' title='bbox 927 4863 1187 4919; x_wconf 88' lang='lat' dir='ltr'><strong>rationale</strong></span> <span class='ocrx_word' id='word_1_712' title='bbox 1214 4864 1544 4935; x_wconf 77' lang='lat' dir='ltr'><strong>iudiciorum</strong></span> <span class='ocrx_word' id='word_1_713' title='bbox 1575 4881 1714 4936; x_wconf 90' lang='lat' dir='ltr'><strong>opus</strong></span> <span class='ocrx_word' id='word_1_714' title='bbox 1738 4865 1997 4931; x_wconf 81' lang='lat' dir='ltr'><strong>textoris;</strong></span> 
     </span>
    </p>
   </div>
   <div class='ocr_carea' id='block_1_97' title="bbox 425 4955 2001 5027">
    <p class='ocr_par' dir='ltr' id='par_1_97' title="bbox 425 4955 2001 5027">
     <span class='ocr_line' id='line_1_98' title="bbox 425 4955 2001 5027; baseline -0.001 -17"><span class='ocrx_word' id='word_1_715' title='bbox 425 4957 494 5011; x_wconf 90' lang='lat' dir='ltr'><strong>ad</strong></span> <span class='ocrx_word' id='word_1_716' title='bbox 533 4957 752 5012; x_wconf 89' lang='lat' dir='ltr'><strong>modum</strong></span> <span class='ocrx_word' id='word_1_717' title='bbox 784 4956 1251 5027; x_wconf 89' lang='lat' dir='ltr'><strong>superhumeralis</strong></span> <span class='ocrx_word' id='word_1_718' title='bbox 1284 4955 1452 5012; x_wconf 83' lang='lat' dir='ltr'><strong>facies</strong></span> <span class='ocrx_word' id='word_1_719' title='bbox 1485 4956 1655 5024; x_wconf 91' lang='lat' dir='ltr'><strong>illud;</strong></span> <span class='ocrx_word' id='word_1_720' title='bbox 1687 4973 1755 5012; x_wconf 85' lang='lat' dir='ltr'><strong>ex</strong></span> <span class='ocrx_word' id='word_1_721' title='bbox 1781 4971 1915 5011; x_wconf 88' lang='lat' dir='ltr'><strong>auro</strong></span> <span class='ocrx_word' id='word_1_722' title='bbox 1945 4965 2001 5010; x_wconf 91' lang='lat' dir='ltr'><strong>et</strong></span> 
     </span>
    </p>
   </div>
   <div class='ocr_carea' id='block_1_98' title="bbox 427 5047 1998 5118">
    <p class='ocr_par' dir='ltr' id='par_1_98' title="bbox 427 5047 1998 5118">
     <span class='ocr_line' id='line_1_99' title="bbox 427 5047 1998 5118; baseline 0.001 -19"><span class='ocrx_word' id='word_1_723' title='bbox 427 5047 722 5118; x_wconf 86' lang='lat' dir='ltr'><strong>hyacintho</strong></span> <span class='ocrx_word' id='word_1_724' title='bbox 765 5055 822 5103; x_wconf 90' lang='lat' dir='ltr'><strong>et</strong></span> <span class='ocrx_word' id='word_1_725' title='bbox 863 5053 1106 5118; x_wconf 86' lang='lat' dir='ltr'><strong>purpura</strong></span> <span class='ocrx_word' id='word_1_726' title='bbox 1160 5057 1217 5102; x_wconf 91' lang='lat' dir='ltr'><strong>et</strong></span> <span class='ocrx_word' id='word_1_727' title='bbox 1263 5047 1486 5102; x_wconf 90' lang='lat' dir='ltr'><strong>coccino</strong></span> <span class='ocrx_word' id='word_1_728' title='bbox 1541 5056 1706 5113; x_wconf 88' lang='lat' dir='ltr'><strong>torto,</strong></span> <span class='ocrx_word' id='word_1_729' title='bbox 1750 5057 1806 5101; x_wconf 89' lang='lat' dir='ltr'><strong>et</strong></span> <span class='ocrx_word' id='word_1_730' title='bbox 1837 5047 1998 5117; x_wconf 84' lang='lat' dir='ltr'><strong>bysso</strong></span> 
     </span>
    </p>
   </div>
   <div class='ocr_carea' id='block_1_99' title="bbox 429 5138 1995 5212">
    <p class='ocr_par' dir='ltr' id='par_1_99' title="bbox 429 5138 1995 5212">
     <span class='ocr_line' id='line_1_100' title="bbox 429 5138 1995 5212; baseline 0 -20"><span class='ocrx_word' id='word_1_731' title='bbox 429 5146 571 5192; x_wconf 91' lang='lat' dir='ltr'><strong>torta</strong></span> <span class='ocrx_word' id='word_1_732' title='bbox 616 5138 783 5192; x_wconf 86' lang='lat' dir='ltr'><strong>facies</strong></span> <span class='ocrx_word' id='word_1_733' title='bbox 823 5139 992 5206; x_wconf 86' lang='lat' dir='ltr'><strong>illud;</strong></span> <span class='ocrx_word' id='word_1_734' title='bbox 1027 5141 1464 5212; x_wconf 88' lang='lat' dir='ltr'><strong>quadrangulum</strong></span> <span class='ocrx_word' id='word_1_735' title='bbox 1501 5142 1610 5197; x_wconf 91' lang='lat' dir='ltr'><strong>erit</strong></span> <span class='ocrx_word' id='word_1_736' title='bbox 1653 5141 1856 5210; x_wconf 80' lang='lat' dir='ltr'><strong>duplex</strong></span> <span class='ocrx_word' id='word_1_737' title='bbox 1899 5155 1995 5193; x_wconf 86' lang='lat' dir='ltr'><strong>ex-</strong></span> 
     </span>
    </p>
   </div>
   <div class='ocr_carea' id='block_1_100' title="bbox 430 5231 1995 5306">
    <p class='ocr_par' dir='ltr' id='par_1_100' title="bbox 430 5231 1995 5306">
     <span class='ocr_line' id='line_1_101' title="bbox 430 5231 1995 5306; baseline 0.001 -20"><span class='ocrx_word' id='word_1_738' title='bbox 430 5241 592 5286; x_wconf 60' lang='lat' dir='ltr'><strong>tenta</strong></span> <span class='ocrx_word' id='word_1_739' title='bbox 623 5231 815 5301; x_wconf 71' lang='lat' dir='ltr'><strong>palma:</strong></span> <span class='ocrx_word' id='word_1_740' title='bbox 849 5248 1160 5288; x_wconf 89' lang='lat' dir='ltr'><strong>mensuram</strong></span> <span class='ocrx_word' id='word_1_741' title='bbox 1192 5235 1245 5289; x_wconf 90' lang='lat' dir='ltr'><strong>in</strong></span> <span class='ocrx_word' id='word_1_742' title='bbox 1279 5235 1642 5306; x_wconf 89' lang='lat' dir='ltr'><strong>longitudine,</strong></span> <span class='ocrx_word' id='word_1_743' title='bbox 1670 5243 1728 5290; x_wconf 91' lang='lat' dir='ltr'><strong>et</strong></span> <span class='ocrx_word' id='word_1_744' title='bbox 1751 5242 1995 5288; x_wconf 89' lang='lat' dir='ltr'><strong>tantum-</strong></span> 
     </span>
    </p>
   </div>
   <div class='ocr_carea' id='block_1_101' title="bbox 429 5324 1995 5398">
    <p class='ocr_par' dir='ltr' id='par_1_101' title="bbox 429 5324 1995 5398">
     <span class='ocr_line' id='line_1_102' title="bbox 429 5324 1995 5398; baseline 0.002 -18"><span class='ocrx_word' id='word_1_745' title='bbox 429 5326 554 5380; x_wconf 88' lang='lat' dir='ltr'><strong>dem</strong></span> <span class='ocrx_word' id='word_1_746' title='bbox 581 5325 634 5380; x_wconf 93' lang='lat' dir='ltr'><strong>in</strong></span> <span class='ocrx_word' id='word_1_747' title='bbox 657 5324 980 5393; x_wconf 88' lang='lat' dir='ltr'><strong>latitudine;</strong></span> <span class='ocrx_word' id='word_1_748' title='bbox 1007 5338 1063 5382; x_wconf 88' lang='lat' dir='ltr'><strong>et</strong></span> <span class='ocrx_word' id='word_1_749' title='bbox 1085 5340 1294 5385; x_wconf 80' lang='lat' dir='ltr'><strong>attexes</strong></span> <span class='ocrx_word' id='word_1_750' title='bbox 1332 5331 1409 5385; x_wconf 88' lang='lat' dir='ltr'><strong>illi</strong></span> <span class='ocrx_word' id='word_1_751' title='bbox 1449 5337 1717 5384; x_wconf 86' lang='lat' dir='ltr'><strong>texturam</strong></span> <span class='ocrx_word' id='word_1_752' title='bbox 1759 5339 1995 5398; x_wconf 90' lang='lat' dir='ltr'><strong>quatuor</strong></span> 
     </span>
    </p>
   </div>
   <div class='ocr_carea' id='block_1_102' title="bbox 429 5417 1994 5490">
    <p class='ocr_par' dir='ltr' id='par_1_102' title="bbox 429 5417 1994 5490">
     <span class='ocr_line' id='line_1_103' title="bbox 429 5417 1994 5490; baseline 0.001 -18"><span class='ocrx_word' id='word_1_753' title='bbox 429 5418 720 5473; x_wconf 90' lang='lat' dir='ltr'><strong>ordinibus</strong></span> <span class='ocrx_word' id='word_1_754' title='bbox 746 5417 986 5489; x_wconf 93' lang='lat' dir='ltr'><strong>lapidum</strong></span> <span class='ocrx_word' id='word_1_755' title='bbox 1020 5421 1280 5478; x_wconf 84' lang='lat' dir='ltr'><strong>intextam</strong></span> <span class='ocrx_word' id='word_1_756' title='bbox 1303 5423 1345 5475; x_wconf 82' lang='grc'>⁸.</span> <span class='ocrx_word' id='word_1_757' title='bbox 1389 5441 1406 5473; x_wconf 73' lang='grc' dir='ltr'><strong>ι</strong></span> <span class='ocrx_word' id='word_1_758' title='bbox 1447 5421 1672 5487; x_wconf 85' lang='lat' dir='ltr'><strong>Deinde,</strong></span> <span class='ocrx_word' id='word_1_759' title='bbox 1699 5437 1824 5475; x_wconf 94' lang='lat' dir='ltr'><strong>cum</strong></span> <span class='ocrx_word' id='word_1_760' title='bbox 1852 5421 1994 5490; x_wconf 91' lang='lat' dir='ltr'><strong>lapi-</strong></span> 
     </span>
    </p>
   </div>
   <div class='ocr_carea' id='block_1_103' title="bbox 431 5507 1991 5590">
    <p class='ocr_par' dir='ltr' id='par_1_103' title="bbox 431 5507 1991 5590">
     <span class='ocr_line' id='line_1_104' title="bbox 431 5507 1991 5590; baseline 0 -28"><span class='ocrx_word' id='word_1_761' title='bbox 431 5509 560 5563; x_wconf 86' lang='lat' dir='ltr'><strong>dum</strong></span> <span class='ocrx_word' id='word_1_762' title='bbox 601 5507 823 5565; x_wconf 88' lang='lat' dir='ltr'><strong>nomina</strong></span> <span class='ocrx_word' id='word_1_763' title='bbox 860 5509 1106 5567; x_wconf 88' lang='lat' dir='ltr'><strong>ordinate</strong></span> <span class='ocrx_word' id='word_1_764' title='bbox 1142 5511 1436 5581; x_wconf 90' lang='lat' dir='ltr'><strong>posuisset,</strong></span> <span class='ocrx_word' id='word_1_765' title='bbox 1463 5510 1709 5582; x_wconf 84' lang='lat' dir='ltr'><strong>adjungit</strong></span> <span class='ocrx_word' id='word_1_766' title='bbox 1751 5510 1949 5590; x_wconf 77' lang='lat' dir='ltr'><strong>iterum</strong></span> <span class='ocrx_word' id='word_1_767' title='bbox 1981 5528 1991 5562; x_wconf 90' lang='lat'><strong>:</strong></span> 
     </span>
    </p>
   </div>
   <div class='ocr_carea' id='block_1_104' title="bbox 506 5692 1966 5780">
    <p class='ocr_par' dir='ltr' id='par_1_104' title="bbox 506 5692 1966 5780">
     <span class='ocr_line' id='line_1_105' title="bbox 506 5692 1966 5780; baseline -0.001 -34"><span class='ocrx_word' id='word_1_768' title='bbox 506 5692 528 5726; x_wconf 65' lang='grc' dir='ltr'>δ</span> <span class='ocrx_word' id='word_1_769' title='bbox 557 5693 714 5750; x_wconf 85' lang='lat' dir='ltr'><strong>Deut.</strong></span> <span class='ocrx_word' id='word_1_770' title='bbox 745 5713 907 5763; x_wconf 73' lang='lat' dir='ltr'><strong>xxxn,</strong></span> <span class='ocrx_word' id='word_1_771' title='bbox 954 5698 1038 5751; x_wconf 81' lang='lat' dir='ltr'><strong>Il.</strong></span> <span class='ocrx_word' id='word_1_772' title='bbox 1115 5699 1132 5728; x_wconf 83' lang='grc'><strong><em>⁵</em></strong></span> <span class='ocrx_word' id='word_1_773' title='bbox 1158 5698 1296 5780; x_wconf 59' lang='lat' dir='ltr'><strong>Psal.</strong></span> <span class='ocrx_word' id='word_1_774' title='bbox 1339 5715 1423 5762; x_wconf 81' lang='lat' dir='ltr'><strong>xc,</strong></span> <span class='ocrx_word' id='word_1_775' title='bbox 1459 5698 1505 5753; x_wconf 68' lang='grc' dir='ltr'><strong>ί.</strong></span> <span class='ocrx_word' id='word_1_776' title='bbox 1619 5698 1637 5728; x_wconf 74' lang='grc'><strong>⁸</strong></span> <span class='ocrx_word' id='word_1_777' title='bbox 1671 5692 1966 5761; x_wconf 69' lang='lat' dir='ltr'><strong>Ose.x1,5.</strong></span> 
     </span>
    </p>
   </div>
   <div class='ocr_carea' id='block_1_105' title="bbox 2095 4494 3674 4568">
    <p class='ocr_par' dir='ltr' id='par_1_105' title="bbox 2095 4494 3674 4568">
     <span class='ocr_line' id='line_1_106' title="bbox 2095 4494 3674 4568; baseline -0.005 -15"><span class='ocrx_word' id='word_1_778' title='bbox 2095 4498 2328 4568; x_wconf 84' lang='grc' dir='ltr'>ἀγεσθαι</span> <span class='ocrx_word' id='word_1_779' title='bbox 2364 4497 2472 4551; x_wconf 87' lang='grc' dir='ltr'>δεῖν</span> <span class='ocrx_word' id='word_1_780' title='bbox 2505 4498 2778 4552; x_wconf 86' lang='grc' dir='ltr'>ἐπιτάττει</span> <span class='ocrx_word' id='word_1_781' title='bbox 2819 4497 3014 4565; x_wconf 89' lang='grc' dir='ltr'>λέγων,</span> <span class='ocrx_word' id='word_1_782' title='bbox 3047 4514 3064 4548; x_wconf 81' lang='grc' dir='ltr'><strong>ι</strong></span> <span class='ocrx_word' id='word_1_783' title='bbox 3089 4496 3200 4550; x_wconf 73' lang='grc' dir='ltr'><strong>Καὶ</strong></span> <span class='ocrx_word' id='word_1_784' title='bbox 3229 4496 3474 4564; x_wconf 85' lang='grc' dir='ltr'>ποιήσεις</span> <span class='ocrx_word' id='word_1_785' title='bbox 3509 4494 3674 4547; x_wconf 81' lang='grc' dir='ltr'>ἀσπι-</span> 
     </span>
    </p>
   </div>
   <div class='ocr_carea' id='block_1_106' title="bbox 2094 4584 3670 4659">
    <p class='ocr_par' dir='ltr' id='par_1_106' title="bbox 2094 4584 3670 4659">
     <span class='ocr_line' id='line_1_107' title="bbox 2094 4584 3670 4659; baseline -0.005 -15"><span class='ocrx_word' id='word_1_786' title='bbox 2094 4591 2280 4654; x_wconf 85' lang='grc' dir='ltr'>δίσκας</span> <span class='ocrx_word' id='word_1_787' title='bbox 2329 4589 2393 4642; x_wconf 88' lang='grc' dir='ltr'><strong>ἐκ</strong></span> <span class='ocrx_word' id='word_1_788' title='bbox 2428 4585 2632 4659; x_wconf 82' lang='grc' dir='ltr'>χρυσοῦ</span> <span class='ocrx_word' id='word_1_789' title='bbox 2703 4586 2945 4658; x_wconf 87' lang='grc' dir='ltr'>καθαροῦ</span> <span class='ocrx_word' id='word_1_790' title='bbox 2990 4585 3508 4657; x_wconf 86' lang='grc' dir='ltr'>καταμεμιγμένας,</span> <span class='ocrx_word' id='word_1_791' title='bbox 3573 4584 3670 4637; x_wconf 69' lang='grc' dir='ltr'>καὶ</span> 
     </span>
    </p>
   </div>
   <div class='ocr_carea' id='block_1_107' title="bbox 2096 4676 3668 4751">
    <p class='ocr_par' dir='ltr' id='par_1_107' title="bbox 2096 4676 3668 4751">
     <span class='ocr_line' id='line_1_108' title="bbox 2096 4676 3668 4751; baseline -0.004 -16"><span class='ocrx_word' id='word_1_792' title='bbox 2096 4682 2342 4751; x_wconf 81' lang='grc' dir='ltr'>ποιήσεις</span> <span class='ocrx_word' id='word_1_793' title='bbox 2375 4678 2466 4732; x_wconf 86' lang='grc' dir='ltr'>δύο</span> <span class='ocrx_word' id='word_1_794' title='bbox 2483 4679 2768 4748; x_wconf 81' lang='grc' dir='ltr'>κροσσωτὰ</span> <span class='ocrx_word' id='word_1_795' title='bbox 2801 4680 2865 4731; x_wconf 81' lang='grc' dir='ltr'><strong>ἐκ</strong></span> <span class='ocrx_word' id='word_1_796' title='bbox 2889 4678 3112 4748; x_wconf 89' lang='grc' dir='ltr'>χρυσίου</span> <span class='ocrx_word' id='word_1_797' title='bbox 3143 4676 3381 4751; x_wconf 85' lang='grc' dir='ltr'>καθαροῦ</span> <span class='ocrx_word' id='word_1_798' title='bbox 3418 4691 3668 4746; x_wconf 87' lang='grc' dir='ltr'>καταμε-</span> 
     </span>
    </p>
   </div>
   <div class='ocr_carea' id='block_1_108' title="bbox 2101 4765 3671 4843">
    <p class='ocr_par' dir='ltr' id='par_1_108' title="bbox 2101 4765 3671 4843">
     <span class='ocr_line' id='line_1_109' title="bbox 2101 4765 3671 4843; baseline -0.004 -19"><span class='ocrx_word' id='word_1_799' title='bbox 2101 4771 2343 4843; x_wconf 80' lang='grc' dir='ltr'>μιγμένα</span> <span class='ocrx_word' id='word_1_800' title='bbox 2370 4772 2428 4825; x_wconf 86' lang='grc' dir='ltr'><strong>ἐν</strong></span> <span class='ocrx_word' id='word_1_801' title='bbox 2458 4771 2676 4824; x_wconf 74' lang='grc' dir='ltr'>ἄνθεσιν</span> <span class='ocrx_word' id='word_1_802' title='bbox 2719 4769 2877 4842; x_wconf 78' lang='grc' dir='ltr'>ἔργον</span> <span class='ocrx_word' id='word_1_803' title='bbox 2913 4769 3140 4839; x_wconf 83' lang='grc' dir='ltr'>πλοκῆς,</span> <span class='ocrx_word' id='word_1_804' title='bbox 3165 4768 3258 4823; x_wconf 74' lang='grc' dir='ltr'>καὶ</span> <span class='ocrx_word' id='word_1_805' title='bbox 3290 4767 3569 4838; x_wconf 76' lang='grc' dir='ltr'>ἐπιθήσεις</span> <span class='ocrx_word' id='word_1_806' title='bbox 3600 4765 3671 4818; x_wconf 77' lang='grc' dir='ltr'>τὰ</span> 
     </span>
    </p>
   </div>
   <div class='ocr_carea' id='block_1_109' title="bbox 2097 4859 3670 4936">
    <p class='ocr_par' dir='ltr' id='par_1_109' title="bbox 2097 4859 3670 4936">
     <span class='ocr_line' id='line_1_110' title="bbox 2097 4859 3670 4936; baseline -0.006 -17"><span class='ocrx_word' id='word_1_807' title='bbox 2097 4863 2386 4936; x_wconf 82' lang='grc' dir='ltr'>κροσσωτὰ</span> <span class='ocrx_word' id='word_1_808' title='bbox 2413 4862 2483 4916; x_wconf 79' lang='grc' dir='ltr'>τὰ</span> <span class='ocrx_word' id='word_1_809' title='bbox 2515 4861 2868 4933; x_wconf 85' lang='grc' dir='ltr'>πεπλεγμένα</span> <span class='ocrx_word' id='word_1_810' title='bbox 2917 4863 3009 4915; x_wconf 74' lang='grc' dir='ltr'>ἐπὶ</span> <span class='ocrx_word' id='word_1_811' title='bbox 3057 4861 3158 4927; x_wconf 84' lang='grc' dir='ltr'>τὰς</span> <span class='ocrx_word' id='word_1_812' title='bbox 3216 4859 3540 4923; x_wconf 85' lang='grc' dir='ltr'>ἀσπιδίσκας</span> <span class='ocrx_word' id='word_1_813' title='bbox 3573 4859 3670 4912; x_wconf 82' lang='grc' dir='ltr'>καὶ</span> 
     </span>
    </p>
   </div>
   <div class='ocr_carea' id='block_1_110' title="bbox 2096 4951 3667 5028">
    <p class='ocr_par' dir='ltr' id='par_1_110' title="bbox 2096 4951 3667 5028">
     <span class='ocr_line' id='line_1_111' title="bbox 2096 4951 3667 5028; baseline -0.004 -16"><span class='ocrx_word' id='word_1_814' title='bbox 2096 4957 2195 5022; x_wconf 77' lang='grc' dir='ltr'><strong>τὰς</strong></span> <span class='ocrx_word' id='word_1_815' title='bbox 2218 4957 2541 5028; x_wconf 85' lang='grc' dir='ltr'>παρωμίδας</span> <span class='ocrx_word' id='word_1_816' title='bbox 2566 4955 2747 5012; x_wconf 77' lang='grc' dir='ltr'>αὐτῶν</span> <span class='ocrx_word' id='word_1_817' title='bbox 2771 4957 2837 5008; x_wconf 86' lang='grc' dir='ltr'><strong>ἐκ</strong></span> <span class='ocrx_word' id='word_1_818' title='bbox 2861 4955 2967 5009; x_wconf 82' lang='grc' dir='ltr'>τῶν</span> <span class='ocrx_word' id='word_1_819' title='bbox 2995 4954 3357 5025; x_wconf 88' lang='grc' dir='ltr'>ἐμπροσθίων.</span> <span class='ocrx_word' id='word_1_820' title='bbox 3378 4951 3488 5006; x_wconf 80' lang='grc' dir='ltr'><strong>Καὶ</strong></span> <span class='ocrx_word' id='word_1_821' title='bbox 3510 4953 3667 5023; x_wconf 83' lang='grc' dir='ltr'>ποιή-</span> 
     </span>
    </p>
   </div>
   <div class='ocr_carea' id='block_1_111' title="bbox 2097 5045 3668 5118">
    <p class='ocr_par' dir='ltr' id='par_1_111' title="bbox 2097 5045 3668 5118">
     <span class='ocr_line' id='line_1_112' title="bbox 2097 5045 3668 5118; baseline -0.004 -16"><span class='ocrx_word' id='word_1_822' title='bbox 2097 5067 2211 5113; x_wconf 90' lang='grc' dir='ltr'>σεις</span> <span class='ocrx_word' id='word_1_823' title='bbox 2252 5049 2432 5117; x_wconf 85' lang='grc' dir='ltr'>λόγιον</span> <span class='ocrx_word' id='word_1_824' title='bbox 2477 5047 2585 5100; x_wconf 82' lang='grc' dir='ltr'>τῶν</span> <span class='ocrx_word' id='word_1_825' title='bbox 2621 5046 2878 5118; x_wconf 83' lang='grc' dir='ltr'>κρίσεων,</span> <span class='ocrx_word' id='word_1_826' title='bbox 2931 5045 3092 5116; x_wconf 79' lang='grc' dir='ltr'>ἔργον</span> <span class='ocrx_word' id='word_1_827' title='bbox 3129 5045 3362 5113; x_wconf 83' lang='grc' dir='ltr'>ὑφάντου</span> <span class='ocrx_word' id='word_1_828' title='bbox 3402 5046 3544 5098; x_wconf 80' lang='grc' dir='ltr'>κατὰ</span> <span class='ocrx_word' id='word_1_829' title='bbox 3575 5045 3668 5098; x_wconf 81' lang='grc' dir='ltr'>τὸν</span> 
     </span>
    </p>
   </div>
   <div class='ocr_carea' id='block_1_112' title="bbox 2095 5135 3670 5209">
    <p class='ocr_par' dir='ltr' id='par_1_112' title="bbox 2095 5135 3670 5209">
     <span class='ocr_line' id='line_1_113' title="bbox 2095 5135 3670 5209; baseline -0.003 -17"><span class='ocrx_word' id='word_1_830' title='bbox 2095 5138 2300 5209; x_wconf 75' lang='grc' dir='ltr'>ῥυθμὸν</span> <span class='ocrx_word' id='word_1_831' title='bbox 2330 5139 2428 5208; x_wconf 79' lang='grc' dir='ltr'>τῆς</span> <span class='ocrx_word' id='word_1_832' title='bbox 2455 5135 2748 5206; x_wconf 86' lang='grc' dir='ltr'>ἐπωμίδος,</span> <span class='ocrx_word' id='word_1_833' title='bbox 2776 5138 3022 5204; x_wconf 79' lang='grc' dir='ltr'>ποιήσεις</span> <span class='ocrx_word' id='word_1_834' title='bbox 3065 5136 3196 5190; x_wconf 79' lang='grc' dir='ltr'>αὐτὸ</span> <span class='ocrx_word' id='word_1_835' title='bbox 3224 5138 3287 5189; x_wconf 82' lang='grc' dir='ltr'><strong>ἐκ</strong></span> <span class='ocrx_word' id='word_1_836' title='bbox 3321 5136 3542 5206; x_wconf 85' lang='grc' dir='ltr'>χρυσίου</span> <span class='ocrx_word' id='word_1_837' title='bbox 3577 5137 3670 5188; x_wconf 80' lang='grc' dir='ltr'>καὶ</span> 
     </span>
    </p>
   </div>
   <div class='ocr_carea' id='block_1_113' title="bbox 2095 5227 3667 5298">
    <p class='ocr_par' dir='ltr' id='par_1_113' title="bbox 2095 5227 3667 5298">
     <span class='ocr_line' id='line_1_114' title="bbox 2095 5227 3667 5298; baseline -0.004 -14"><span class='ocrx_word' id='word_1_838' title='bbox 2095 5229 2373 5293; x_wconf 84' lang='grc' dir='ltr'>ὑακίνθου,</span> <span class='ocrx_word' id='word_1_839' title='bbox 2411 5229 2506 5282; x_wconf 78' lang='grc' dir='ltr'>καὶ</span> <span class='ocrx_word' id='word_1_840' title='bbox 2541 5228 2828 5298; x_wconf 83' lang='grc' dir='ltr'>πορφύρας</span> <span class='ocrx_word' id='word_1_841' title='bbox 2858 5227 2951 5282; x_wconf 72' lang='grc' dir='ltr'>καὶ</span> <span class='ocrx_word' id='word_1_842' title='bbox 2991 5227 3242 5281; x_wconf 81' lang='grc' dir='ltr'>κοκκίνου</span> <span class='ocrx_word' id='word_1_843' title='bbox 3267 5228 3667 5294; x_wconf 82' lang='grc' dir='ltr'>κεκλωσμένου,</span> 
     </span>
    </p>
   </div>
   <div class='ocr_carea' id='block_1_114' title="bbox 2100 5319 3666 5394">
    <p class='ocr_par' dir='ltr' id='par_1_114' title="bbox 2100 5319 3666 5394">
     <span class='ocr_line' id='line_1_115' title="bbox 2100 5319 3666 5394; baseline -0.004 -16"><span class='ocrx_word' id='word_1_844' title='bbox 2100 5324 2193 5379; x_wconf 77' lang='grc' dir='ltr'>καὶ</span> <span class='ocrx_word' id='word_1_845' title='bbox 2217 5323 2410 5394; x_wconf 86' lang='grc' dir='ltr'>βύσσου</span> <span class='ocrx_word' id='word_1_846' title='bbox 2439 5321 2844 5391; x_wconf 81' lang='grc' dir='ltr'>κεκλωσμένης,</span> <span class='ocrx_word' id='word_1_847' title='bbox 2879 5323 3123 5391; x_wconf 80' lang='grc' dir='ltr'>ποιήσεις</span> <span class='ocrx_word' id='word_1_848' title='bbox 3145 5319 3280 5374; x_wconf 73' lang='grc' dir='ltr'>αὺτδ</span> <span class='ocrx_word' id='word_1_849' title='bbox 3299 5320 3666 5390; x_wconf 78' lang='grc' dir='ltr'>τετράγωνον,</span> 
     </span>
    </p>
   </div>
   <div class='ocr_carea' id='block_1_115' title="bbox 2102 5409 3673 5482">
    <p class='ocr_par' dir='ltr' id='par_1_115' title="bbox 2102 5409 3673 5482">
     <span class='ocr_line' id='line_1_116' title="bbox 2102 5409 3673 5482; baseline -0.004 -14"><span class='ocrx_word' id='word_1_850' title='bbox 2102 5415 2253 5468; x_wconf 73' lang='grc' dir='ltr'>ἔσται</span> <span class='ocrx_word' id='word_1_851' title='bbox 2295 5412 2515 5467; x_wconf 87' lang='grc' dir='ltr'>διπλοῦν</span> <span class='ocrx_word' id='word_1_852' title='bbox 2555 5410 2836 5480; x_wconf 77' lang='grc' dir='ltr'>σπιθαμῆς</span> <span class='ocrx_word' id='word_1_853' title='bbox 2869 5411 2929 5463; x_wconf 83' lang='grc' dir='ltr'>τὸ</span> <span class='ocrx_word' id='word_1_854' title='bbox 2966 5412 3140 5482; x_wconf 76' lang='grc' dir='ltr'>μῆκος</span> <span class='ocrx_word' id='word_1_855' title='bbox 3170 5411 3263 5464; x_wconf 71' lang='grc' dir='ltr'>καὶ</span> <span class='ocrx_word' id='word_1_856' title='bbox 3309 5409 3584 5479; x_wconf 80' lang='grc' dir='ltr'>σπιθαμῆς</span> <span class='ocrx_word' id='word_1_857' title='bbox 3613 5409 3673 5462; x_wconf 82' lang='grc' dir='ltr'><strong>τὺ</strong></span> 
     </span>
    </p>
   </div>
   <div class='ocr_carea' id='block_1_116' title="bbox 2106 5499 3672 5578">
    <p class='ocr_par' dir='ltr' id='par_1_116' title="bbox 2106 5499 3672 5578">
     <span class='ocr_line' id='line_1_117' title="bbox 2106 5499 3672 5578; baseline -0.005 -18"><span class='ocrx_word' id='word_1_858' title='bbox 2106 5502 2281 5578; x_wconf 79' lang='grc' dir='ltr'>εὖρος.</span> <span class='ocrx_word' id='word_1_859' title='bbox 2312 5504 2417 5558; x_wconf 73' lang='grc' dir='ltr'><strong>Καὶ</strong></span> <span class='ocrx_word' id='word_1_860' title='bbox 2463 5501 2790 5572; x_wconf 78' lang='grc' dir='ltr'>καθυφανεῖς</span> <span class='ocrx_word' id='word_1_861' title='bbox 2841 5503 2897 5556; x_wconf 83' lang='grc' dir='ltr'><strong>ἐν</strong></span> <span class='ocrx_word' id='word_1_862' title='bbox 2930 5501 3079 5572; x_wconf 84' lang='grc' dir='ltr'><strong>αὑτῷ</strong></span> <span class='ocrx_word' id='word_1_863' title='bbox 3126 5501 3349 5572; x_wconf 74' lang='grc' dir='ltr'>ὕφασμα</span> <span class='ocrx_word' id='word_1_864' title='bbox 3391 5499 3530 5554; x_wconf 75' lang='grc' dir='ltr'>κατὰ</span> <span class='ocrx_word' id='word_1_865' title='bbox 3580 5499 3672 5552; x_wconf 79' lang='grc' dir='ltr'><strong>τὸν</strong></span> 
     </span>
    </p>
   </div>
   <div class='ocr_carea' id='block_1_117' title="bbox 2081 5685 3231 5755">
    <p class='ocr_par' dir='ltr' id='par_1_117' title="bbox 2081 5685 3231 5755">
     <span class='ocr_line' id='line_1_118' title="bbox 2081 5685 3231 5755; baseline -0.007 -9"><span class='ocrx_word' id='word_1_866' title='bbox 2081 5691 2254 5746; x_wconf 73' lang='lat' dir='ltr'><strong>’Luc.</strong></span> <span class='ocrx_word' id='word_1_867' title='bbox 2299 5707 2349 5755; x_wconf 85' lang='lat' dir='ltr'><strong>x,</strong></span> <span class='ocrx_word' id='word_1_868' title='bbox 2389 5689 2478 5743; x_wconf 72' lang='lat'><strong>‘20.</strong></span> <span class='ocrx_word' id='word_1_869' title='bbox 2579 5687 2597 5716; x_wconf 81' lang='grc'><strong><em>⁸</em></strong></span> <span class='ocrx_word' id='word_1_870' title='bbox 2627 5687 2796 5744; x_wconf 70' lang='lat' dir='ltr'><strong>Exod.</strong></span> <span class='ocrx_word' id='word_1_871' title='bbox 2825 5703 3006 5754; x_wconf 60' lang='grc' dir='ltr'>χχι-ιιι,</span> <span class='ocrx_word' id='word_1_872' title='bbox 3046 5685 3231 5742; x_wconf 76' lang='grc'><strong>13-17.</strong></span> 
     </span>
    </p>
   </div>
  </div>
