3996 6212
321 329 426 385 73'!

991 327 1080 381 DE
1119 323 1556 381 ADORATIONE
1588 323 1654 377 ΙΝ
1697 319 1967 378 SPIRITU
2009 321 2095 376 ET
2133 321 2501 377 VERITATE.
2539 353 2607 361 —
2642 323 2769 377 LIB.
2808 323 2898 377 Xl.

3450 327 3558 388 738

315 445 466 500 λίθον
495 441 863 513 τετράστιχον.
890 459 906 492 ο
940 437 1071 494 Εῐτα
1110 440 1217 494 τῶν
1252 438 1414 492 λίθων
1440 437 1652 501 συνθεὶς
1673 436 1742 490 τὰ
1774 436 1886 490 ὀνό-

2002 457 2012 488 ι
2043 437 2111 491 Ει
2142 436 2352 506 lapides
2391 437 2500 491 sint
2530 453 2596 492 ex
2622 436 2938 491 nominibus
2961 431 3196 490 ﬁliorum
3225 436 3392 491 Israel
3418 437 3556 492 duo-

319 552 466 606 ματα
499 532 696 595 αὐτῶν,
733 533 1070 602 προσεπάγει
1093 531 1274 594 πάλιν,
1311 549 1329 582 ι
1354 529 1462 584 Kal
1485 531 1532 582 οι
1564 528 1699 581 λίθοι
1721 528 1888 582 εστω-

317 644 418 682 σαν
468 628 532 680 ἐκ
588 625 696 678 τῶν
739 624 1017 692 ὀνομάτων
1070 622 1178 675 τῶν
1219 621 1350 675 υίῶν
1404 619 1620 692 Ἰσραὴλ
1656 619 1886 685 δώδεκα,

313 716 459 770 κατά
486 714 556 768 τὰ
579 712 818 782 ὀνόματα
845 710 1046 775 αὐτῶν,
1079 710 1279 778 γλυφαὶ
1316 709 1628 782 σφραγίδων
1655 708 1887 762 ἑκάστου

314 807 458 862 κατὰ
502 806 570 860 τὰ
617 803 858 874 ὀνόματα
899 801 1082 856 αὐτῶν
1129 801 1372 855 εστωσαν
1424 803 1504 864 είς
1555 799 1653 864 τὰς
1685 799 1891 854 δώδεκα

314 897 510 967 φυλάς.
542 917 560 948 ι
585 897 695 950 Kal
717 895 842 964 ἐξῆς
870 894 984 965 μετ’
1009 893 1187 962 ὀλίγα·
1217 894 1358 946 «Καὶ
1383 892 1628 963 λήψεται,
1653 910 1672 944 ι
1701 891 1886 962 φησὶν,

319 1008 338 1042 ι
384 989 594 1060 Ἀαρὼν
633 988 703 1041 τὰ
747 987 986 1057 ὀνόματα
1047 987 1158 1040 τῶν
1209 987 1340 1040 υίῶν
1382 983 1594 1057 Ἰσραὴλ
1647 984 1743 1038 ἐπὶ
1795 982 1889 1036 τοῦ

309 1082 497 1146 λογίου
525 1081 626 1150 τῆς
661 1080 912 1150 κρίσεως,
950 1079 1043 1132 ἐπὶ
1073 1076 1167 1131 τοῦ
1209 1077 1437 1147 στήθους
1477 1075 1697 1129 εἰσιόντι
1729 1075 1808 1136 είς
1830 1070 1892 1124 τὸ

313 1176 526 1243 ’Δγιον,
558 1173 898 1244 μνημόσυνον
923 1170 1103 1224 ἔναντι
1133 1167 1334 1238 Κυρίου
1361 1167 1453 1222 τοῦ
1479 1165 1634 1219 Θεοῦ.
1655 1183 1675 1218 ι

385 1265 596 1320 ΠΑΛΛ.
651 1263 737 1326 Ὠς
787 1261 923 1332 βαθὺ
972 1259 1066 1314 τοῦ
1112 1260 1292 1328 λογίου
1319 1258 1378 1312 τὸ
1416 1258 1625 1328 χρῆμα,
1667 1254 1889 1322 δυσέφι-

312 1356 445 1422 κτός
474 1373 534 1409 τε
564 1353 762 1426 κομιδῆ
795 1353 890 1409 καὶ
920 1353 1079 1418 αὐτὸς
1111 1347 1249 1407 εἷναί
1278 1368 1368 1422 μοι
1411 1349 1556 1404 δοκεῖ
1591 1347 1689 1418 τῆς
1723 1363 1890 1400 κατα-

317 1448 521 1518 σκευῆς
553 1448 582 1500 ό
609 1446 828 1517 τρόπος.

385 1626 550 1681 ΚΥΡ.
599 1626 760 1680 ’ἰτέον
789 1625 853 1696 δὴ
905 1622 998 1678 οὖν
1048 1621 1316 1688 ἐπάὺτὰ,
1368 1622 1464 1676 καὶ⁸
1511 1622 1585 1686 ὡς
1629 1620 1800 1691 ἀγχοῦ
1827 1621 1888 1692 δὴ

316 1721 464 1790 μάλα
495 1719 596 1791 τῆς
644 1718 921 1789 ἀληθείας,
957 1719 1006 1770 εἰ
1045 1717 1140 1770 καὶ
1169 1716 1244 1786 μὴ
1293 1715 1527 1769 είσάπαν
1571 1714 1743 1787 αὐτῆς
1794 1716 1890 1783 ἐφ·

314 1810 529 1864 ικέσθαι
561 1809 720 1879 τυχὸν
745 1808 1030 1879 ἐπιτρέπει
1069 1807 1130 1860 τὸ
1161 1806 1404 1868 ἄναντες.
1451 1805 1531 1857 Τὰ
1555 1804 1744 1876 γάρτοι
1771 1802 1890 1856 λίαν

312 1899 610 1970 ἁσυμφανῆ
655 1899 758 1953 κᾶν
789 1897 920 1966 γοῦν
958 1899 1014 1950 ἐν
1052 1895 1300 1965 ἐσόπτρῳ
1339 1894 1576 1964 βλέπειν,
1616 1891 1782 1962 φαίην
1823 1891 1889 1944 ἂν

310 1991 491 2059 ἔγωγε
536 1988 762 2061 θατέρου
805 1988 1120 2056 διενεγκεῖν,
1164 1985 1260 2038 τοῦ
1316 1985 1436 2056 μηδ’
1471 1983 1605 2046 ὅλως
1647 1982 1888 2052 ὲννενοῆ·

313 2083 442 2137 σθαι
466 2081 630 2150 λέγω.
648 2079 786 2152 Ἐρῶ
819 2080 883 2149 δὴ
905 2075 1021 2143 οὖν,
1051 2078 1127 2141 ὡς
1147 2073 1260 2132 οἶόν
1283 2094 1340 2130 τε
1369 2077 1464 2130 καὶ
1499 2076 1574 2139 ὡς
1607 2075 1672 2128 ἂν
1709 2075 1889 2144 ἔχοιμι

311 2175 461 2232 κατὰ
487 2175 632 2230 νοῦν.
672 2171 1020 2236 Ἀσπιδίσκας
1050 2170 1143 2224 δύο
1173 2170 1506 2241 προστέταχε
1542 2166 1792 2235 γενέσθαι
1826 2167 1890 2218 ἐκ

312 2268 541 2340 χρυσίου
585 2266 650 2337 δὴ
694 2263 956 2335 καθαροῦ,
992 2261 1291 2332 εὐρυτέρας
1323 2260 1423 2331 μὲν
1454 2261 1488 2330 ἢ
1518 2257 1658 2313 κατὰ
1703 2256 1892 2328 νομίσ-

317 2378 490 2431 ματος
523 2358 750 2423 κύκλον”,
786 2358 844 2410 ἐν
875 2355 1006 2409 εῖδει
1059 2371 1123 2422 γε
1169 2354 1275 2424 μὴν
1315 2352 1391 2423 τῷ
1422 2349 1588 2420 αὐτῷ’
1641 2348 1894 2403 κυκλοτε-

319 2455 412 2525 ρές
440 2454 548 2525 γὰρ
575 2452 636 2506 τὸ
671 2452 932 2523 νόμισμα·
981 2444 1099 2502 εἷτα
1127 2447 1220 2502 δύο
1266 2443 1549 2516 κροσσωτὰ
1578 2442 1894 2514 μεμιγμένα

315 2550 376 2601 ἐν
402 2546 616 2602 ἄνθεσιν
645 2546 712 2598 ἐκ
738 2543 961 2615 χρυσίου
1008 2537 1269 2612 καθαροῦ.
1301 2537 1496 2610 Σειρὰς
1543 2535 1600 2589 δὲ
1627 2532 1762 2588 εἶναί
1795 2550 1895 2603 φα-

320 2655 420 2708 μεν
448 2637 515 2692 τὰ
541 2635 848 2707 κροσσωτὰ,
901 2629 1396 2701 ἐκπεποικιλμένην
1434 2625 1662 2697 ἐχούσας
1692 2623 1789 2694 τὴν
1819 2622 1894 2685 ὡς

318 2733 378 2785 ἐν
398 2728 685 2802 χρώμασιν
706 2726 846 2797 δψιν.
871 2723 1040 2794 Ἀνθη
1061 2722 1169 2794 γὰρ
1191 2723 1294 2792 ἔφη
1332 2719 1401 2773 τὰ
1432 2716 1718 2789 χρώματα.
1756 2712 1894 2766 Βύσ-

320 2837 410 2882 σος
460 2818 517 2872 δὲ
561 2815 630 2886 ἦν
675 2817 781 2887 ἄρα
822 2815 918 2869 καὶ
973 2811 1228 2884 πορφύρα
1255 2810 1432 2871 ταυτὶ,
1464 2806 1560 2860 καὶ
1586 2805 1734 2875 νῆμα
1767 2820 1896 2874 χρυ-

320 2909 470 2974 σοῦν,
510 2909 606 2962 καὶ
657 2907 764 2978 μὴν
796 2906 890 2960 καὶ
915 2903 1186 2966 ὑάκινθος,
1219 2902 1313 2956 καὶ
1360 2898 1588 2969 κλῶσμα
1616 2896 1676 2949 τὺ
1705 2895 1895 2948 κόκκι-

317 3017 431 3055 νον.
462 2999 573 3054 Kal
621 2998 760 3068 πρός
797 3013 861 3066 γε
911 2994 976 3065 δὴ
1023 2994 1197 3064 τούτῳ
1238 2992 1437 3064 χρῇναι
1488 2986 1738 3058 γενέσθαι
1763 2987 1896 3056 φησὶ

1990 529 2167 584 decim
2210 530 2366 600 juxta
2409 530 2629 584 nomina
2675 543 2887 592 eorum,
2919 527 3214 598 sculptura:
3257 527 3556 598 sigillorum

1990 621 2216 690 singulis
2243 622 2395 691 juxta
2430 621 2653 675 nomina
2679 635 2871 676 eorum
2908 620 3018 674 sint
3055 621 3111 676 in
3141 621 3428 678 duodecim
3459 621 3559 676 tri-

1990 709 2230 765 bubus“.
2271 730 2289 762 ι
2335 711 2403 765 Ει
2433 720 2554 780 post
2587 727 2759 781 pauca
2795 727 2812 764 :
2857 730 2875 762 ι
2911 711 2978 766 Et
3010 712 3270 782 portabit,
3306 731 3324 762 ›
3360 711 3558 781 inquit,

1999 820 2016 852 ι
2061 803 2243 856 Aaron
2276 803 2497 856 nomina
2529 791 2765 858 ﬁliorum
2797 805 2964 859 Israel
3007 805 3060 858 in
3092 805 3340 859 rationali
3365 804 3558 875 judicii

1991 894 2045 950 in
2078 902 2317 964 pectore,
2344 910 2467 948 cum
2503 894 2807 965 ingreditur
2837 895 2891 949 in
2925 895 3204 960 Sanctum,
3245 895 3559 950 memorialo

1991 1001 2177 1040 coram
2206 985 2437 1040 Domino
2467 987 2579 1040 Deo
2611 987 2674 1038 ⁸ο.
2711 1005 2727 1036 ι

2062 1250 2256 1305 PALL.
2304 1249 2610 1306 Obscurum
2649 1266 2776 1306 sane
2813 1260 2897 1306 est
2941 1251 3116 1321 ipsum
3160 1251 3420 1307 rationale
3457 1271 3469 1304 :
3505 1261 3561 1308 et

1993 1340 2133 1393 ratio
2170 1354 2389 1408 quoque
2442 1354 2508 1393 ex
2553 1354 2659 1408 qua
2699 1345 3074 1394 constructum
3115 1349 3218 1400 est,
3258 1339 3390 1393 mihi
3436 1341 3558 1410 qui-

1991 1431 2114 1486 dem
2145 1430 2379 1486 diﬁicilis
2423 1431 2715 1486 admodum
2760 1444 2880 1486 esse
2927 1430 2994 1485 ad
3043 1431 3453 1502 intelligendum
3482 1430 3562 1484 vi-

1992 1523 2174 1577 detur.

2061 1613 2217 1667 CYR.
2259 1614 2339 1668 Ad
2384 1614 2501 1668 haec
2539 1613 2704 1684 igitur
2733 1612 3054 1684 explicanda
3087 1613 3420 1684 pergendum
3457 1624 3560 1678 est,

1993 1715 2048 1759 et
2081 1705 2324 1775 proxime
2353 1707 2420 1761 ad
2451 1706 2736 1760 veritatem
2770 1705 2955 1760 accedi
2993 1705 3228 1775 poterit,
3268 1705 3370 1759 etsi
3413 1703 3562 1759 omni

1991 1809 2058 1849 ex
2084 1806 2235 1864 parte
2270 1795 2418 1849 illam
2455 1796 2717 1864 consequi
2753 1795 2985 1849 fortasse
3017 1794 3130 1864 ipsa
3164 1795 3243 1849 rei
3277 1794 3566 1850 diilicullas

1993 1885 2218 1941 minime
2252 1885 2543 1956 permittit.
2587 1885 2721 1940 Nam
2767 1899 2856 1940 res
2883 1884 3040 1939 valde
3075 1885 3337 1939 obscuras
3383 1884 3468 1940 vel
3509 1884 3565 1939 in

1993 1977 2218 2046 speculo
2257 1977 2444 2032 videre
2489 1984 2729 2046 prastat,
2757 1991 2920 2046 quam
2961 1975 3166 2030 nullam
3201 1991 3428 2046 prorsus
3470 1991 3565 2030 ea-

1993 2083 2118 2122 rum
2165 2067 2582 2138 intelligentiam
2627 2082 2843 2138 capere.
2874 2066 3058 2120 Dicam
3100 2065 3284 2137 igitur,
3325 2075 3385 2119 ut
3420 2066 3568 2121 vires

1992 2159 2191 2226 ferent,
2219 2167 2275 2214 et
2311 2166 2370 2214 ut
2410 2169 2592 2214 mente
2626 2159 2912 2229 complecti
2950 2169 3161 2230 potero.
3199 2157 3420 2213 Scutula
3457 2156 3568 2211 duo

1993 2249 2110 2305 ﬁeri
2155 2251 2418 2321 praecepit
2461 2265 2528 2304 ex
2577 2265 2712 2304 auro
2760 2266 2920 2320 puro,
2953 2251 3145 2304 latiora
3190 2249 3281 2303 illa
3321 2248 3566 2319 quidem,

1993 2355 2155 2409 quam
2177 2341 2247 2395 sit
2270 2339 2616 2394 numismatis
2649 2339 2908 2402 ambitus,
2937 2338 3030 2393 sed
3059 2338 3232 2392 forma
3260 2345 3440 2392 tamen
3472 2353 3566 2392 ea—

1993 2429 2145 2483 dem:
2173 2429 2407 2484 rotunda
2432 2444 2627 2498 nempe
2651 2438 2735 2484 est
2758 2428 3108 2483 numismatis
3131 2427 3300 2498 ﬁgura
3329 2444 3342 2480 :
3368 2426 3566 2482 deinde
3619 2459 3630 2468 -

1993 2519 2131 2574 duas
2157 2518 2400 2575 ﬁmbrias
2430 2519 2657 2574 ﬂoribus
2684 2519 2974 2589 permistas
3001 2534 3066 2574 ex
3094 2533 3230 2572 auro
3263 2533 3420 2587 puro.
3461 2516 3569 2574 Ca-

1995 2613 2208 2667 tenulas
2232 2618 2414 2666 autem
2443 2627 2563 2666 esse
2589 2618 2844 2681 putamus
2872 2609 3134 2673 ﬁmbrias,
3170 2609 3409 2678 speciem
3441 2617 3567 2665 tan-

1994 2719 2157 2774 quam
2183 2703 2459 2759 coloribus
2479 2704 2741 2757 variatam
2773 2701 3073 2766 habentes;
3103 2715 3228 2754 nam
3255 2700 3419 2756 ﬂores
3441 2717 3568 2757 cum

1994 2795 2152 2859 dixit,
2187 2794 2399 2850 colores
2445 2792 2700 2863 intelligit
2737 2809 2750 2844 :
2789 2791 2826 2844 ii
2866 2798 3050 2845 autem
3096 2799 3252 2846 erant
3286 2789 3480 2862 byssus
3514 2801 3571 2846 et

1995 2900 2258 2955 purpura,
2295 2893 2350 2939 et
2386 2897 2554 2938 aurea
2594 2881 2946 2962 ﬁla,‘necnon
2983 2879 3312 2952 hyacinthus
3361 2889 3418 2935 et
3455 2892 3570 2937 tor-

1998 2985 2111 3030 tum
2141 2975 2444 3030 coccinum.
2488 2973 2650 3044 383
2679 2972 2761 3028 Ad
2795 2972 2911 3028 haec
2943 2970 3062 3026 ﬁeri
3091 2980 3345 3041 oportere
3392 2971 3572 3041 inquit

315 3060 933 3163 τετράγωνον-ὕφασμα,
963 3060 1054 3138 καὶ
1079 3060 1430 3147 ὼςνένηεῖδει
1482 3079 1671 3139 κύϐου,
1703 3075 1894 3129 σπιθα-

2002 3063 2316 3132 quadratam
2353 3071 2622 3118 texturam
2647 3061 2772 3116 cubi
2801 3060 2982 3131 specie
3015 3061 3081 3115 ad
3116 3060 3310 3129 palmae
3339 3068 3572 3114 extenta:

321 3151 526 3254 μιαῖον,
562 3151 880 3251 ἰσόπλευρόν
913 3176 1182 3246 πανταχῆ.
1222 3171 1630 3241 Ἐνυφαίνεσθαι
1679 3168 1734 3221 δὲ
1781 3167 1891 3220 δεῖν

2002 3170 2334 3219 mensuram,
2359 3155 2532 3224 aequis
2555 3153 2798 3222 undique
2823 3152 3112 3216 lateribus,
3134 3151 3222 3206 cui
3255 3151 3573 3206 intexendas

319 3274 471 3345 αὐτῷ
499 3275 600 3338 τὰς
625 3272 947 3327 δυοκαίδεκα
973 3269 1158 3332 λίθους
1191 3262 1250 3321 εὖ
1287 3265 1432 3338 μάλα
1463 3263 1619 3334 φησὶ,
1664 3259 1760 3314 καὶ
1791 3257 1895 3312 ἀνὰ

317 3372 471 3440 τρεῖς
498 3367 775 3438 κειμένας,
803 3365 876 3428 ὡς
921 3366 980 3416 ἐν
1020 3362 1312 3431 τέσσαρσιν
1340 3357 1482 3420 ὅλοις
1513 3354 1715 3429 στίχοις
1745 3353 1892 3440 ἐντε-

318 3439 666 3531 τορευμένων
712 3456 901 3517 αὐταῖς
954 3451 1215 3521 ὀνομαστὶ
1266 3449 1374 3500 τῶν
1422 3443 1624 3515 φυλῶν.
1685 3439 1894 3495 Οὐκοῦν

319 3553 432 3607 ἀπὸ
461 3551 560 3622 μὲν
598 3551 696 3620 τῆς
736 3543 1029 3616 ἐπωμίδος,
1065 3543 1294 3612 χρυσαῖς
1327 3539 1422 3591 καὶ
1464 3534 1797 3590 πολυειδέσιν
1837 3532 1894 3584 αἱ

321 3642 639 3697 ἀσπιδίσκαι
703 3637 910 3708 σειραῖς
971 3629 1481 3701 ἐκκεκρεμασμέναι
1554 3623 1895 3691 ὑπεκάθηντο

325 3735 508 3806 μέντοι
540 3731 742 3803 ⁴ἡρέμα,
774 3728 834 3782 τὺ
877 3726 1012 3798 ὑψοῦ
1034 3745 1092 3780 τε
1118 3727 1290 3780 δοκεῖν
1317 3721 1517 3778 καὶέπ’
1547 3720 1724 3782 αὐτοῖς
1758 3713 1896 3772 εἶναι

319 3831 436 3890 τοῖς
471 3826 660 3897 ὤμοις.
686 3824 958 3876 Ἦπτοντο
987 3821 1044 3875 δὲ
1067 3819 1176 3872 τῶν
1211 3817 1447 3888 στέρνων
1470 3813 1564 3867 καὶ
1591 3812 1772 3874 αὐτοῖς
1794 3809 1893 3881 ἠδη

322 3919 648 3991 ἐπῃὼρηντο
677 3918 789 3978 τοῖς
839 3915 1081 3984 μαστοῖςο
1123 3909 1231 3964 ἀπὸ
1255 3909 1313 3962 δέ
1337 3925 1400 3976 γε
1425 3905 1532 3960 τῶν
1561 3900 1896 3958 άσπιδισκῶν

326 4012 535 4082 σειραῖς
560 4009 774 4078 ἑτέραις
797 4005 857 4058 τὸ
881 4003 1245 4075 τῶναρίσεων
1272 3999 1450 4068 λόγιον
1478 3992 1539 4050 εὖ
1565 3995 1707 4067 μάλα
1738 4010 1900 4064 προσο

321 4099 636 4174 ηρτημένον
691 4098 984 4167 ἐπενήχετο
1027 4093 1106 4165 τῷ
1159 4091 1387 4163 στέρνῳ,
1436 4086 1763 4161 κροσσωτῶν
1807 4086 1898 4138 ἐκ·

324 4188 810 4262 κεκρεμασμένων.
847 4187 954 4238 Kal
1000 4180 1068 4256 ἦν
1097 4183 1198 4237 οὐκ
1221 4179 1572 4251 ἀθαύμαστον
1590 4179 1704 4241 τοῖς
1731 4174 1898 4247 ὁρῶσι

323 4284 386 4336 τὸ
418 4280 634 4352 χρῆμα,
663 4278 832 4340 λίθοις
861 4276 957 4330 καὶ
1001 4273 1186 4346 χρυσῷ
1217 4271 1471 4341 διαφανὲς
1507 4269 1600 4323 καὶ
1645 4269 1766 4330 ταῖς
1792 4265 1899 4319 τῶν

326 4373 530 4441 ἐτέρων
591 4369 731 4423 ὑλῶν
786 4367 1062 4439 εὐχροίαις
1139 4363 1413 4429 πανδόξως
1461 4356 1895 4431 ἐξειργασμένον.

1995 3263 2114 3302 esse
2157 3246 2447 3302 duodecim
2484 3261 2725 3316 gemmas
2763 3245 2859 3309 ait,
2889 3244 3064 3300 ternis
3098 3244 3155 3298 in
3196 3243 3441 3313 singulos
3479 3258 3571 3298 or-

1995 3337 2154 3392 dines
2180 3336 2480 3406 dispositis,
2511 3337 2586 3390 ita
2621 3342 2682 3389 ut
2713 3335 2768 3388 in
2803 3342 3040 3404 quatuor
3063 3334 3336 3390 universis
3360 3335 3571 3390 ordini-

1995 3427 2098 3481 bus
2132 3426 2418 3494 insculpta:
2457 3435 2642 3479 essent
2680 3423 2858 3478 tribus
2894 3423 3165 3478 universa:
3196 3439 3295 3493 per
3325 3424 3567 3478 nomina.

1995 3518 2192 3574 Aureis
2232 3517 2399 3588 igitur
2436 3532 2502 3572 ac
2527 3515 2692 3571 variis
2728 3515 2995 3570 catenulis
3028 3531 3096 3572 ex
3138 3514 3570 3586 superhumerali

1995 3609 2365 3680 pendentibus
2397 3607 2610 3663 scutula
2650 3605 2854 3660 sensim
2890 3607 3132 3676 subjecta
3166 3615 3343 3669 erant,
3381 3615 3442 3661 ut
3477 3621 3572 3660 suo

1995 3701 2183 3772 perius
2205 3709 2260 3756 et
2283 3700 2338 3754 in
2364 3699 2498 3769 ipsis
2524 3713 2643 3754 esse
2670 3697 2915 3753 humeris
2940 3697 3259 3754 viderentur
3278 3739 3293 3763 ,
3320 3696 3415 3752 sed
3443 3712 3573 3753 con-

1999 3791 2274 3863 tingerent
2305 3800 2516 3863 pectus,
2551 3797 2607 3845 et
2641 3790 2707 3845 ad
2739 3803 3004 3845 mammas
3047 3804 3311 3860 suspensa
3338 3797 3522 3844 essent
3557 3806 3567 3840 :

1997 3898 2061 3936 ex
2112 3883 2342 3938 scutulis
2388 3889 2570 3936 autem
2619 3881 2950 3952 iudiciorum
2988 3881 3254 3936 rationale
3305 3879 3573 3935 catenulis

1999 3975 2122 4029 aliis
2170 3975 2339 4044 probe
2387 3975 2667 4045 alligatum
2718 3974 3022 4028 inhaerebat
3068 3971 3297 4042 pectori,
3343 3970 3573 4025 ﬁmbriis

1999 4065 2386 4136 pendentibus,
2409 4065 2545 4118 adeo
2570 4070 2630 4116 ut
2656 4063 2787 4116 illud
2811 4070 3193 4116 ornamentum
3231 4060 3574 4115 intuentibus

1999 4156 2247 4211 maximae
2278 4154 2626 4210 admirationi
2660 4163 2824 4216 esset,
2853 4151 3083 4223 gemmis
3113 4159 3170 4207 et
3195 4166 3328 4205 auro
3351 4149 3571 4220 conspi-

2001 4263 2186 4311 cuum,
2212 4255 2268 4301 et
2292 4246 2525 4316 egregiis
2547 4245 2778 4300 aliarum
2801 4259 3020 4314 quoque
3043 4243 3396 4298 materiarum
3427 4243 3574 4298 colo-

2002 4339 2156 4393 ribus
2193 4336 2593 4393 admirabiliter
2629 4335 2991 4390 elaboratum.
3047 4335 3107 4389 ld
3152 4349 3370 4405 quoque
3406 4350 3572 4389 orna-

330 4425 591 4516 Ἐσεσθαι
625 4460 683 4527 δέ
710 4460 806 4514 καὶ
834 4425 992 4512 τοῦτο
1019 4425 1181 4510 πάλιν
1202 4456 1280 4518 είς
1305 4425 1609 4522 άνάμνησιν
1622 4425 1738 4511 τοῖς
1762 4447 1894 4509 υἱοῖς

2002 4429 2171 4485 menti
2219 4443 2392 4500 genus
2434 4427 2510 4480 ait
2547 4426 2663 4482 fore
2707 4426 2834 4480 ﬁliis
2875 4425 3041 4480 lsrael
3076 4425 3132 4479 in
3174 4425 3570 4480 monimentum

339 4552 576 4624 Ἰσραὴλ,
636 4551 815 4605 ἐναντι
869 4548 1075 4618 Κυρίου
1145 4545 1399 4608 εἰσιόντος
1453 4541 1665 4613 ’Δαρὼν
1709 4541 1788 4602 είς
1842 4536 1906 4590 τὸ

331 4645 543 4712 ’Λγιον.
580 4637 727 4713 *Δρά
761 4658 842 4694 σοι
878 4639 1046 4706 σαφὲς
1073 4635 1248 4699 ῶςοένι
1275 4634 1460 4688 λοιπὸν
1508 4633 1616 4685 τῶν
1638 4629 1906 4701 τεχνημά-

327 4750 436 4786 των
458 4732 523 4786 τὸ
553 4731 774 4802 σχῆμας

400 4829 608 4881 ΠΔΔΔ.
642 4824 754 4878 Kal
785 4823 948 4895 μάλα.
1003 4819 1141 4875 Ἀνθ’
1172 4819 1291 4873 ὅτου
1324 4818 1380 4871 δὲ
1409 4817 1472 4889 δὴ
1497 4816 1560 4869 τὸ
1589 4815 1767 4884 λόγιον
1798 4813 1907 4867 τῶν

329 4921 563 4992 κρίσεων
588 4917 760 4988 ὄνομα
775 4915 851 4986 τῷ
871 4913 1032 4985 τεχνή
1041 4928 1199 4984 ματι;

401 5097 568 5150 ΚΥΡ.
614 5095 689 5148 οὐ
737 5094 846 5165 γὰρ
912 5090 975 5162 δὴ
1033 5090 1128 5143 καὶ
1177 5085 1424 5158 ἐπωμίδα
1487 5081 1783 5152 κεκλῆσθαι
1844 5081 1904 5133 τὸ

330 5188 610 5258 ἀνωτέρω,
665 5186 754 5240 διὰ
808 5183 870 5238 τὸ
913 5184 1115 5255 ἀμφοῖν
1158 5175 1510 5232 ἐπιτετᾶσθαι
1553 5175 1662 5228 τοῖν
1711 5171 1906 5243 ῶμοιν,

333 5277 790 5348 ἐτυμολογοῦντες
815 5275 1152 5350 είρήκαμεν;

406 5454 615 5508 ΠΔΛΛ.
649 5452 776 5506 Ναί.
818 5450 884 5504 Τί
912 5443 1004 5502 οὖν
1031 5446 1187 5500 τοῦτό
1221 5461 1318 5514 γε;

415 5543 576 5599 ΚΥΡ.
611 5545 731 5598 Ὅτι
765 5543 928 5596 πάλιν
967 5538 1180 5610 ἐτύμως
1215 5554 1272 5590 τε
1314 5535 1405 5590 καὶ
1441 5535 1721 5604 ἀναλόγως
1750 5535 1808 5588 τὸ
1838 5533 1912 5596 ὡς

400 5721 421 5754 ν
442 5721 614 5778 Exod.
645 5708 826 5789 mm,
857 5723 946 5777 ei.
1025 5721 1067 5753 ιο
1097 5720 1234 5777 lbid.
1266 5720 1353 5774 29.

2003 4537 2183 4578 coram
2212 4519 2462 4583 Domino,
2490 4519 2669 4572 Aaron
2703 4518 2756 4572 in
2796 4515 3166 4573 sanctuarium
3212 4513 3570 4584 ingrediente.

2001 4616 2167 4670 Estne
2230 4612 2326 4666 tibi
2361 4613 2473 4682 jam
2509 4611 2726 4666 tandem
2773 4609 3081 4680 perspicua,
3114 4607 3292 4678 quoad
3326 4606 3445 4661 ﬁeri
3473 4621 3572 4676 po-

2002 4713 2128 4768 test,
2157 4705 2353 4759 horum
2384 4702 2726 4772 opiﬁciorum
2758 4701 2968 4756 forma?

2073 4797 2268 4851 PALL.
2309 4796 2539 4850 Maxime
2566 4811 2697 4850 vero
2726 4814 2738 4848 :
2767 4804 3022 4850 caeterum
3052 4805 3216 4861 quam
3247 4789 3320 4844 ob
3358 4803 3574 4844 causam

2010 4890 2062 4943 id
2134 4885 2413 4955 opiﬁcium
2477 4886 2740 4941 rationale
2797 4884 3129 4955 iudiciorum
3178 4891 3261 4937 est
3335 4880 3574 4950 appella-

2013 4979 2166 5034 tum?

2080 5074 2234 5128 (ΝΒ.
2297 5072 2488 5125 Nonne
2553 5067 2999 5137 superhumerale
3053 5066 3185 5121 item
3247 5063 3575 5134 appellatum

2009 5181 2127 5220 esse
2155 5180 2223 5219 ex
2245 5179 2312 5218 eo
2335 5160 2482 5233 quod
2507 5174 2670 5229 super
2697 5168 2989 5230 utrumque
3023 5159 3316 5214 humerum
3351 5155 3576 5211 induce-

2009 5268 2182 5323 retur,
2225 5256 2380 5313 verbi
2439 5253 2708 5326 originem
2756 5264 3062 5323 spectantes
3116 5252 3373 5323 superius
3427 5248 3576 5301 dice—

2009 5349 2205 5404 bamus
2222 5349 2245 5400 ?

2077 5437 2274 5494 PALL.
2309 5438 2407 5492 Ita.
2435 5434 2576 5503 Quid
2612 5436 2761 5491 tum?

2081 5530 2236 5588 CYR.
2272 5529 2409 5595 Quia
2440 5528 2629 5583 itidem
2663 5533 2810 5580 recte
2841 5541 2907 5580 ex
2937 5523 3087 5578 vocis
3120 5517 3328 5588 origine
3357 5530 3420 5572 ac
3454 5526 3580 5587 pro.
