3996 6212
417 317 519 372 7'59

1433 307 1490 362 S.
1532 304 1807 360 CYRILLI
1839 300 2309 358 ALEXANDRINI
2348 299 2666 355 ARCHIEP.

3350 238 3379 264 Ι

3555 299 3668 355 740

417 437 668 502 portione
709 427 761 482 id
806 425 949 496 quod
985 423 1040 476 in
1082 422 1244 477 corde
1271 429 1326 475 et
1348 419 1654 474 visceribus
1693 419 1993 489 repositum

2102 417 2153 468 ὲν
2200 415 2398 486 καρδίᾳ
2428 431 2488 468 τε
2533 415 2627 467 καὶ
2675 414 3001 483 σπλάγχνοις
3037 412 3454 483 ἀποτεθειμένον
3491 415 3674 484 λόγιον

419 527 522 578 est,
562 515 824 570 rationale
857 510 1190 582 iudiciorum
1225 507 1553 578 appellatum
1585 520 1705 560 esse
1737 504 1990 568 dicimus,

418 622 543 660 cum
580 605 738 659 sedes
765 599 1168 672 quodammodo
1197 597 1470 652 facultatis
1506 605 1706 650 nostra:
1749 594 1991 648 rationa-

420 701 488 753 lis
527 713 622 752 cor
660 712 724 750 ac
760 696 973 749 viscera
1010 693 1120 747 sint
1155 709 1168 744 :
1201 691 1430 745 inhzeret
1473 696 1656 743 autem
1701 702 1992 758 propemo-

420 787 549 839 dum
576 794 632 839 et
656 783 817 838 inﬁxa
846 794 930 837 est
957 780 1258 836 secundum
1292 787 1540 833 naturam
1583 777 1713 831 huic
1742 777 1992 831 rationali

419 876 661 931 facultati
695 876 863 930 etiam
899 875 992 929 illa
1030 873 1084 927 in
1117 873 1536 943 quibuscunque
1576 871 1740 924 rebus
1772 871 1995 940 agendis

422 977 569 1022 recta
603 975 659 1021 et
698 967 908 1036 integra
948 964 1229 1036 judicandi
1275 963 1522 1025 facultas,
1556 960 1611 1015 id
1655 971 1758 1025 est,
1783 962 1991 1031 justum

417 1059 708 1129 judicium,
734 1066 791 1112 et
821 1056 967 1126 quod
1000 1070 1116 1109 rem
1145 1069 1418 1123 quamque
1447 1053 1623 1107 decet.
1649 1051 1728 1106 An
1755 1068 1886 1107 vero
1912 1053 1993 1107 fa-

422 1151 596 1204 cultas
629 1147 874 1210 rationis,
904 1159 1023 1215 quae
1053 1155 1136 1200 est
1173 1147 1228 1198 in
1261 1144 1440 1206 nobis,
1471 1159 1579 1197 non
1613 1143 1871 1213 expendit
1906 1159 1994 1198 re-

422 1255 545 1294 rum
574 1237 908 1308 agendarum
939 1243 1184 1298 naturas,
1206 1242 1261 1289 et
1283 1249 1313 1286 a
1337 1233 1502 1287 rebus
1521 1233 1875 1302 przeferendis
1895 1249 1993 1304 pa-

423 1347 545 1385 rum
568 1329 839 1400 jucundas
867 1327 1197 1397 inutilesque
1229 1324 1500 1402 secernit?

415 1449 420 1454 -
491 1422 687 1476 PALL.
731 1419 873 1475 Sane
888 1423 890 1426 ’
908 1435 1057 1473 vero.

487 1512 643 1566 CYR.
677 1510 850 1580 'Atqui
891 1508 1174 1563 consuevit
1207 1507 1488 1578 Scriptura
1519 1507 1700 1563 divina
1726 1507 1993 1577 judicium

422 1603 692 1672 appellare
724 1607 832 1654 vim
878 1600 1023 1654 illam
1050 1614 1158 1668 qua
1205 1609 1353 1655 recte
1396 1615 1459 1654 ac
1491 1601 1636 1670 juste
1662 1600 1989 1670 judicamus.

2095 506 2206 560 τῶν
2254 507 2488 578 κρίσεων
2533 504 2846 576 ὠνομάσθαι
2897 503 3096 575 φαμέν.
3151 504 3501 576 Ἐνδιαίτημα
3561 509 3676 580 γὰρ

2097 599 2282 670 ὥσπερ
2312 599 2407 652 τοῦ
2439 600 2496 651 ἐν
2557 600 2690 668 ἡμῖν
2726 597 2943 668 λογικοῦ
2989 597 3187 667 καρδία
3232 598 3326 650 καὶ
3362 598 3674 670 σπλάγχνα.

2110 693 2451 763 Ἐρήρεισται
2479 691 2536 744 δὲ
2568 690 2757 761 ὥσπερ
2786 689 2880 742 καὶ
2909 689 3397 760 ὲγκαταπέπηκται
3429 692 3677 760 φυσικῶς

2097 784 2176 855 τῷ
2209 787 2266 838 ὲν
2299 786 2431 855 ἡμῖν
2460 783 2664 852 λογικῷ
2711 785 2806 836 καὶ
2833 784 2867 853 ἡ
2897 777 2985 852 écp"
3007 783 3220 853 ἑκάστῳ
3251 783 3360 835 τῶν
3387 783 3676 854 πρακτέων

2099 876 2232 948 ὀρθή
2267 893 2325 929 τε
2366 875 2462 930 καὶ
2505 875 2828 945 ἀδιάϐλητος
2881 875 3088 945 κρίσις,
3130 874 3272 928 τοῦτ’
3306 874 3473 936 ἔστιν,
3525 877 3558 945 ἠ
3597 877 3678 928 δι-

2102 975 2438 1047 καιοκρισία,
2478 977 2572 1028 καὶ
2605 974 2664 1026 τὸ
2693 975 2906 1042 ἑκάστῳ
2941 972 3148 1039 πρέπον
3167 988 3182 1004 ·
3213 972 3246 1042 ἢ
3294 972 3403 1042 γὰρ
3434 972 3554 1041 οὐχὶ
3583 972 3676 1024 λο-

2098 1067 2227 1137 γική
2263 1081 2346 1127 τις
2378 1066 2434 1117 ὲν
2466 1065 2596 1134 ἡμῖν
2628 1060 2727 1126 τὰς
2759 1063 2866 1114 τῶν
2907 1061 3194 1131 πρακτέων
3221 1061 3540 1116 ταλαντεύει
3573 1060 3676 1130 φύ-

2101 1174 2235 1220 σεις,
2267 1157 2360 1209 καὶ
2388 1156 2673 1226 ἀποκρίνει
2702 1154 2812 1208 τῶν
2850 1154 3149 1224 ἀμεινόνων
3177 1155 3239 1207 τὸ
3275 1155 3441 1225 ἄχαρί
3479 1171 3539 1207 τε
3578 1155 3676 1207 καὶ

2100 1244 2408 1308 ἀλυσιτελές
2431 1261 2446 1309 ;

2171 1426 2376 1478 ΠΑΛΛ.
2409 1425 2518 1478 Καὶ
2551 1423 2712 1476 πάνυ.

2170 1517 2336 1570 ΚΥΡ.
2376 1516 2574 1584 Κρίσιν
2616 1515 2672 1568 δὲ
2717 1515 3004 1586 ὀνομάζειν
3049 1511 3170 1576 ἔθος
3213 1515 3280 1584 τῇ
3333 1512 3676 1583 θεοπνεύστῳ

2099 1609 2288 1680 Γραφῇ
2329 1609 2426 1679 τὴν
2477 1607 2744 1679 ὀρθότητα
2777 1608 2872 1662 καὶ
2901 1604 3320 1677 δικαιοκρισίαν.
3356 1606 3467 1659 Καὶ
3488 1605 3619 1672 γοῦν
3648 1608 3678 1658 ὁ

421 1694 608 1762 Itaque
657 1691 852 1747 beatus
898 1690 1066 1744 David
1111 1691 1166 1744 in
1207 1691 1435 1746 Psalmis
1475 1692 1554 1746 ait
1591 1709 1605 1744 :
1657 1711 1674 1743 ι
1718 1693 1868 1746 Beati
1902 1693 1994 1762 qui

2102 1699 2388 1761 θεσπέσιος
2419 1697 2614 1766 ψάλλει
2642 1697 2824 1750 Δαϐίδ·
2872 1717 2890 1750 ι
2926 1697 3204 1768 Μακάριοι
3231 1697 3280 1748 oi
3311 1697 3678 1764 φυλάσσοντες

423 1759 741 1837 custodiunt
769 1780 1058 1851 judicium,
1093 1787 1149 1833 et
1189 1778 1400 1833 faciunt
1437 1779 1704 1852 justitiam
1748 1779 1804 1832 in
1845 1759 1993 1832 omni

2102 1791 2295 1862 κρίσιν,
2331 1791 2425 1843 καὶ
2460 1789 2739 1852 ποιοῦντες
2761 1789 3108 1860 δικαιοσύνην
3137 1793 3194 1843 ὲν
3225 1790 3388 1842 παντὶ
3417 1789 3615 1859 καιρῷ.
3651 1807 3672 1839 ›

423 1881 670 1941 tempore
696 1872 758 1922 υ.
792 1888 810 1918 ι
848 1867 995 1922 Dixit
1029 1868 1194 1921 etiam
1227 1881 1461 1920 rursus:
1488 1884 1506 1916 ι
1530 1867 1598 1920 Ει
1629 1867 1801 1921 honor
1829 1869 1991 1938 regis,

419 1964 686 2033 judicium
730 1960 958 2029 diligere
995 1961 1058 2012 η.
1093 1978 1110 2008 ι
1150 1958 1410 2012 Praeclara
1455 1973 1690 2027 namque
1733 1959 1876 2029 regis
1913 1967 1996 2015 est

423 2054 594 2124 gloria
623 2061 679 2106 et
714 2051 908 2113 bonos,
935 2051 980 2103 si
1000 2050 1266 2119 justitiam
1294 2048 1501 2120 diligat.
1536 2049 1702 2121 384
1732 2050 1789 2104 ld
1831 2050 1996 2122 igitur

423 2149 828 2206 ornamentum,
870 2140 1016 2211 quod
1065 2139 1218 2194 cordi
1260 2155 1326 2195 ac
1366 2141 1577 2209 pectori
1627 2144 1995 2215 superjectum

423 2242 528 2298 est,
559 2233 822 2288 rationale
853 2232 1288 2301 vocaturjndicii
1321 2232 1394 2287 ob
1426 2248 1545 2287 eam
1578 2248 1818 2298 causam,
1849 2233 1994 2304 quod

428 2326 503 2378 ibi
537 2325 701 2379 situm
743 2335 846 2389 est,
875 2325 969 2379 ubi
1001 2324 1284 2378 rationalis
1324 2323 1600 2379 facultatis
1629 2333 1715 2380 est
1739 2326 1910 2390 locus,
1941 2326 1996 2380 in

345 2436 361 2455 ο
425 2416 682 2471 facultate
717 2424 865 2472 recte
901 2429 967 2470 ac
998 2417 1146 2486 justc
1179 2414 1458 2484 judicandi
1495 2417 1634 2470 ratio
1665 2417 1994 2473 continetur.

423 2507 483 2561 ln
521 2508 625 2563 hoc
649 2509 846 2563 eodem
871 2523 1004 2563 vero
1036 2507 1288 2562 rationali
1321 2507 1530 2577 lapides
1551 2508 1840 2564 duodecim
1870 2519 1997 2565 sunt

423 2609 562 2648 auro
605 2595 821 2660 inclusi,
852 2596 908 2649 in
947 2597 1121 2665 iisque
1165 2596 1436 2652 universae
1469 2597 1646 2652 tribus
1675 2599 1992 2670 descriptae:

424 2703 602 2758 neque
648 2704 780 2744 vero
822 2689 1059 2744 absurde
1112 2698 1423 2744 sanctorum
1473 2692 1715 2746 virorum
1769 2692 1996 2764 ﬁguram

423 2788 642 2848 gerunt,
675 2781 766 2850 qui
813 2788 925 2834 tum
970 2781 1315 2851 splendorem
1358 2782 1581 2847 habent,
1617 2792 1733 2838 tum
1771 2786 1996 2855 pretiosi

425 2878 554 2923 sunt
595 2878 650 2923 et
691 2869 861 2925 veluti
902 2871 1113 2941 lapides
1150 2872 1373 2941 quidam
1405 2874 1584 2938 electi,
1609 2892 1673 2931 ac
1704 2891 1994 2946 propemo-

421 2962 554 3016 dum
584 2965 639 3016 in
663 2962 865 3019 Christi
894 2964 1058 3018 corde
1084 2973 1246 3033 atque
1273 2964 1455 3019 animo
1479 2966 1660 3034 positi.
1693 2965 1831 3022 Sunt
1852 2969 1995 3023 enim

2099 1885 2241 1953 Ἔφη
2286 1883 2342 1936 δέ
2385 1901 2487 1937 που
2538 1883 2721 1937 πάλινυ
2776 1902 2794 1934 ι
2843 1883 2951 1936 Καὶ
2986 1883 3120 1954 τιμὴ
3162 1882 3458 1953 βασιλέως,
3495 1882 3678 1952 κρίσιν

2095 1975 2314 2044 ἀγαπᾷν
2356 1974 2450 2044 (Ι).
2498 1973 2744 2047 Λαμπρά
2780 1973 2888 2045 γὰρ
2936 1976 2969 2033 ἠ
3011 1973 3270 2042 βασιλέως
3306 1972 3442 2043 τιμή
3488 1988 3549 2024 τε
3581 1971 3680 2026 καὶ

2093 2063 2240 2130 δόξα,
2271 2065 2895 2148 φιλοῦσαοδικαιοσύνην.
2933 2065 3125 2133 Λόγιον
3164 2059 3258 2118 οὖν
3297 2064 3404 2134 ἄρα
3443 2063 3680 2134 κρίσεως

2093 2159 2153 2212 τὸ
2203 2159 2399 2229 καρδία
2428 2161 2521 2212 καὶ
2555 2160 2798 2230 στέρνοις
2828 2158 3255 2229 ὲπερῤιμμένον,
3286 2155 3375 2209 διὰ
3398 2155 3460 2208 τὸ
3488 2155 3682 2224 ὥσπερ

2089 2254 2155 2304 ’ἐν
2179 2250 2331 2321 τόπῳ
2367 2251 2579 2304 κεῖσθαι
2609 2250 2702 2303 τοῦ
2743 2249 2985 2318 λογικοῦ,
3015 2251 3070 2302 ὲν
3108 2241 3152 2316 ᾧ
3181 2250 3213 2317 ἠ
3247 2247 3478 2319 ὀρθότης
3509 2248 3567 2298 ὲν
3593 2247 3680 2298 δι-

2096 2341 2377 2413 καιοσύνῃ.
2423 2341 2511 2393 Ἐν
2541 2341 2688 2410 αὑτῴ
2724 2340 2781 2394 δὲ
2815 2340 2990 2410 τούτῳ
3025 2339 3162 2393 λίθοι
3189 2338 3514 2392 δυοκαίδεκα
3539 2355 3680 2408 χρυ-

2098 2431 2198 2502 σίῳ
2253 2431 2594 2502 περισχετοὶ,
2640 2431 2853 2502 γραφὴν
2893 2431 3142 2500 ἔχοντες,
3181 2430 3281 2493 τὰς
3312 2428 3505 2499 φυλάς.
3555 2425 3682 2481 Εἶεν

2094 2523 2138 2576 δ’
2165 2523 2231 2575 ἂν
2260 2523 2431 2586 τύπος
2473 2524 2681 2595 ἀνδρῶν
2721 2524 2892 2592 ἁγίων
2914 2562 2929 2586 ,
2960 2525 3008 2577 οἳ
3049 2523 3293 2594 λαμπροί
3331 2523 3392 2576 τέ
3422 2524 3532 2576 είσι
3583 2524 3681 2575 καὶ

2095 2615 2301 2684 τίμιοι,
2329 2615 2424 2666 καὶ
2453 2609 2542 2667 οἷά
2574 2631 2722 2678 τινες
2750 2616 3040 2669 ἀπόλεκτοι
3072 2615 3230 2678 λίθοι,
3270 2615 3557 2686 μονονουχῚ⁷
3584 2613 3681 2666 καὶ

2096 2709 2175 2768 είς
2209 2705 2334 2759 νοῦν
2359 2709 2453 2760 καὶ
2484 2707 2711 2778 καρδίαν
2741 2708 2982 2779 κείμενοι
3013 2707 3103 2761 τοῦ
3130 2708 3367 2780 Χριστοῦ
3390 2724 3404 2738 ⁶
3433 2709 3528 2761 καὶ
3569 2709 3679 2776 γάρ

2097 2797 2234 2848 εἰσιν
2263 2795 2476 2867 ἀληθῶς
2513 2797 2730 2868 μνήμης
2770 2798 2931 2863 ἄξιοι,
2972 2798 3060 2851 διά
3089 2815 3151 2867 γε
3181 2798 3241 2851 τὸ
3271 2800 3327 2850 έν
3357 2798 3524 2868 ἀρετῇ
3556 2796 3676 2850 δια-

2099 2887 2283 2955 φανὲς,
2311 2887 2405 2940 καὶ
2435 2888 2493 2942 τὸ
2526 2887 2602 2951 ὡς
2631 2890 2688 2941 ὲν
2715 2889 2972 2960 ἁγιασμῷ
2995 2889 3195 2960 τίμιον.
3239 2888 3677 2960 Ἀποκρέμανται

2097 2977 2154 3030 δὲ
2175 2975 2268 3029 τοῦ
2293 2977 2475 3044 λογίου
2503 2977 2612 3030 τῶν
2643 2979 2876 3049 κρίσεων
2897 2981 2992 3032 καὶ
3009 2973 3247 3051 κρωσσοὶ
3270 2982 3481 3050 χρυσοῖ,
3507 2995 3681 3048 παρα·

424 3053 584 3121 plane
623 3054 794 3125 digni,
837 3055 930 3124 qui
976 3065 1474 3110 commemorentur
1513 3066 1736 3127 propter
1778 3059 1995 3117 virtutis

2102 3065 2404 3136 δηλοῦντος,
2436 3065 2610 3139 οἶμαι,
2639 3069 2732 3122 τοῦ
2765 3071 3107 3142 πράγματος,
3137 3071 3218 3124 ὅτι
3250 3072 3347 3141 τῆς
3372 3069 3481 3124 τῶν
3510 3071 3676 3139 ἁγίων

424 3148 726 3202 claritatem
773 3147 1204 3218 dignitatemque
1243 3147 1705 3205 sanctiﬁcationis.
1751 3152 1995 3210 Pendent

2102 3158 2375 3229 πληθύοςὸ
2394 3160 2559 3224 πολύς
2595 3179 2653 3214 τε
2685 3164 2776 3216 καὶ
2809 3163 3178 3235 ἀναρίθμητος
3195 3162 3300 3216 τῶν
3339 3162 3680 3234 ἀνδραγαθη-

424 3245 608 3290 autem
653 3236 720 3290 de
750 3236 1000 3291 rationali
1040 3237 1372 3307 iudiciorum
1405 3253 1584 3293 aureae
1616 3255 1834 3310 quoque
1875 3242 1996 3297 ﬁm-

411 3323 557 3377 rbrize
593 3341 605 3377 :
635 3340 740 3394 qua
777 3342 833 3379 re
861 3325 1220 3393 signiﬁcatur,
1250 3333 1311 3380 ut
1338 3326 1551 3396 opinor,
1584 3327 1653 3382 de
1685 3337 1998 3385 sanctorum

427 3413 708 3470 hominum
754 3423 899 3472 rnatu
935 3418 1231 3472 maximum
1263 3428 1319 3474 et
1345 3418 1618 3474 inﬁnitum
1649 3437 1832 3477 rerum
1865 3440 2002 3494 prte-

2104 3249 2288 3319 μάτων
2316 3250 2571 3323 scema)
2592 3255 2870 3324 μονονουχὶ
2909 3254 3004 3308 καὶ
3039 3254 3431 3325 ἀπηρτημένος
3462 3255 3677 3326 ὁρᾶται.

2093 3339 2216 3393 Καὶ
2248 3340 2377 3409 γοῦν
2415 3343 2446 3394 ὁ
2471 3341 2736 3413 μακάριος
2781 3345 2946 3398 Δαθὶδ
2980 3345 3194 3416 καὶτῆς
3237 3344 3562 3414 Ἐκκλησίας
3588 3343 3680 3397 τὸν

2103 3431 2305 3502 κόσμον
2338 3435 2396 3486 ὲν
2425 3438 2764 3505 κροσσωτοῖς
2794 3433 2930 3490 εἷναί
2962 3455 3146 3509 φησιν.

427 3506 574 3560 clare
622 3514 897 3590 gestarum
940 3521 1171 3561 examen
1214 3523 1384 3578 prope
1428 3515 1755 3580 suspensum
1800 3513 1998 3582 videri,
2035 3516 2268 3590 ideoque
2338 3523 2530 3577 beatus
2593 3525 2761 3580 David
2803 3506 3058 3584 Ecclesiae
3102 3528 3287 3583 itidem
3326 3535 3579 3582 ornatum
3620 3528 3677 3581 in

430 3597 662 3650 ﬁmbriis
692 3587 812 3650 esse
842 3597 977 3650 dicit
1006 3599 1067 3650 ‘3.

499 3686 697 3741 PALL.
737 3686 1034 3740 Credibilis
1065 3702 1193 3742 sane
1223 3689 1512 3758 expositio.

502 3779 657 3831 CYR.
699 3777 743 3830 A
772 3777 1024 3830 rationali
1051 3786 1232 3831 autem
1259 3779 1594 3849 judiciorum
1627 3785 1810 3840 aureis
1836 3769 2008 3842 annu-

429 3871 495 3925 lis
520 3877 771 3924 conserta
798 3869 946 3922 varia
985 3879 1040 3924 et
1065 3869 1312 3940 pulchris
1337 3873 1612 3930 coloribus
1638 3889 1826 3934 ornata
1855 3889 2005 3937 cate-

430 3962 558 4016 nula
602 3960 802 4030 serpit,
844 3969 906 4014 ut
962 3961 1300 4029 dicebamus,
1351 3975 1408 4020 et
1449 3981 1548 4036 per
1591 3969 1754 4024 ambo
1793 3974 2003 4030 scutula

432 4053 719 4116 transiens,
749 4051 815 4105 ad
847 4052 1022 4121 ipsum
1067 4056 1316 4123 pervenit
1346 4059 1604 4113 verticem
1645 4063 2004 4130 superhume-

431 4144 580 4208 ralis,
615 4144 670 4198 in
697 4159 806 4213 quo
831 4159 1057 4214 gemmae
1095 4145 1480 4218 descriptionis
1505 4163 1680 4207 erant.
1731 4154 1874 4221 Quid
1904 4173 2002 4212 au-

432 4243 542 4288 tem
584 4233 638 4287 id
682 4248 901 4302 quoque
939 4235 1030 4299 sit,
1064 4237 1374 4306 perspicere
1417 4254 1599 4310 opera:
1634 4244 1869 4312 pretium
1897 4254 2002 4301 est.

2173 3705 2381 3758 HAAA.
2413 3705 2640 3772 Πιθανδς
2668 3710 2696 3760 ὁ
2725 3708 2900 3778 λόγος.

2171 3795 2337 3848 ΚΥΡ.
2385 3797 2516 3850 Ἀπὸ
2553 3797 2608 3850 δέ
2633 3815 2696 3866 γε
2733 3799 2826 3852 τοῦ
2868 3799 3049 3869 λογίου
3073 3802 3180 3855 τῶν
3205 3803 3436 3874 κρίσεων
3460 3805 3680 3874 χρυσοῖς

2099 3884 2382 3949 δακτύλοις
2407 3887 2768 3960 ἑνειλημμένη
2794 3893 3009 3962 ποικίλη
3029 3909 3086 3944 τε
3103 3894 3195 3947 καὶ
3219 3894 3430 3964 εὕχρως
3446 3895 3675 3966 ἀνέρπει

2101 3977 2278 4048 σειρά,
2304 3978 2556 4049 καθάπερ
2582 3980 2842 4051 ἐλέγομεν
2861 4023 2876 4047 ,
2904 3984 2997 4043 καὶ
3037 3983 3101 4038 δι’
3133 3987 3334 4056 ἀμφοῖν
3368 3985 3520 4039 ίοῦσα
3555 3989 3674 4040 ταῖν

2097 4067 2467 4133 ἀσπιδίσκαιν,
2500 4070 2588 4122 ἐπ’
2613 4071 2747 4124 αὐτὸ
2774 4072 2950 4144 διήκει
2976 4073 3077 4144 τῆς
3106 4077 3376 4148 ἐπωμίδος
3399 4078 3461 4131 τὸ
3485 4077 3675 4148 ἀκρον,

2098 4149 2243 4230 ὲφ⁶ᾔ
2276 4158 2373 4228 τῆς
2405 4160 2733 4232 ἀπογραφῆς
2761 4166 2814 4216 αί
2845 4163 2998 4219 λίθοι.
3032 4167 3097 4219 Τί
3122 4166 3165 4218 δ’
3193 4167 3260 4220 ἂν
3295 4168 3380 4239 εἴη
3415 4171 3511 4222 καὶ
3535 4169 3673 4234 τόδε,

2103 4247 2221 4311 πῶς
2245 4249 2345 4302 οὐκ
2371 4248 2518 4314 ἀξιον
2550 4252 2704 4317 ίδεῖν;
2734 4256 2890 4308 Δοκεῖ
2919 4256 2983 4326 δὴ
3010 4253 3103 4311 οὖν
3127 4275 3216 4328 μοι
3241 4259 3588 4332 παραδηλοῦν
3614 4260 3678 4312 τὸ

432 4324 662 4378 Videtur
687 4324 870 4394 itaque
898 4326 1031 4380 mihi
1057 4327 1158 4382 hoc.
1181 4329 1409 4400 aenigma
1431 4333 1698 4400 ejusmodi
1725 4337 1995 4407 quidpiam

2103 4341 2329 4411 αἴνιγμα
2350 4345 2611 4398 τοιουτονί
2637 4363 2690 4399 τι
2718 4347 2895 4400 πάλιν·
2942 4324 3030 4412 Ὦς
3063 4324 3171 4422 γάρ
3192 4352 3243 4404 οἱ
3267 4324 3404 4406 λίθοι
3430 4324 3482 4405 δι
3507 4354 3675 4423 τίμιοι

431 4414 740 4485 signiﬁcare
771 4433 783 4468 :
820 4415 976 4482 Nam,
1020 4419 1113 4488 qui
1159 4428 1285 4475 sunt
1331 4430 1391 4473 ut
1431 4423 1640 4492 lapides
1678 4427 1924 4495 pretiosi,
1955 4440 1995 4483 e1

2103 4431 2198 4485 καὶ
2237 4435 2293 4485 ὲν
2326 4432 2526 4500 γνώσει
2569 4453 2626 4490 τε
2660 4438 2752 4490 καὶ
2787 4441 2844 4492 ἐν
2879 4414 3366 4514 μνήμῃ-Χριστοῦ,
3401 4445 3537 4516 πρὸς
3563 4414 3676 4514 ’τὴν

432 4521 571 4576 quos
596 4507 852 4562 Christus
879 4517 936 4564 et
961 4511 1271 4581 cognitione
1309 4520 1365 4565 et
1398 4514 1658 4567 memoria
1690 4519 1995 4587 complecti-

2104 4522 2216 4576 ἀνω
2237 4523 2518 4594 τρέχοντες
2544 4507 2892 4600 ἀπογραφὴν,
2916 4507 2982 4584 τδ
2994 4507 3110 4604 χρῆ
3121 4507 3194 4603 μα
3223 4507 3562 4604 κερδαίνουσι
3587 4507 3677 4587 δίά

434 4605 544 4664 tur,
571 4598 608 4652 ii
650 4599 717 4652 ad
751 4599 899 4654 illam
939 4615 1229 4670 supemam
1267 4601 1690 4672 descriptionem
1723 4623 1821 4678 per
1852 4624 1995 4665 arma

2102 4613 2209 4667 τῶν
2240 4615 2421 4670 ὅπλων
2444 4617 2543 4687 τῆς
2571 4621 2916 4692 δικαιοσύνης
2951 4623 3058 4677 τῶν
3089 4624 3277 4692 δεξιῶν
3319 4626 3411 4680 καὶ
3452 4628 3675 4697 ἀριστε-

429 4690 658 4761 justitiae
705 4690 897 4744 dextra
941 4699 998 4744 et
1048 4691 1268 4745 sinistra
1316 4695 1679 4763 perveniunt;
1727 4699 1807 4754 sic
1855 4701 1995 4756 enim

2106 4704 2236 4775 pt'IW'
2270 4707 2471 4776 γράφει
2493 4709 2600 4780 γὰρ
2619 4704 2719 4764 ὧδε
2748 4690 2933 4782 σαφῶς
2957 4717 2984 4767 ὁ
3008 4690 3290 4780 θεσπέσιος
3311 4690 3541 4780 Παῦλος.
3566 4719 3676 4772 Καὶ

434 4779 593 4847 plane
629 4779 822 4834 scribit
858 4779 1052 4835 beatus
1087 4781 1287 4838 Paulus
1320 4801 1332 4836 :
1371 4790 1536 4854 atque
1565 4786 1732 4843 etiam
1763 4790 1892 4846 alibi
1919 4793 1995 4848 di-

2106 4794 2212 4865 μὴν
2240 4798 2335 4850 καὶ
2363 4779 2586 4871 ἑτέρωθί
2620 4820 2802 4873 φησιν·
2831 4779 2855 4856 ⁷ι
2907 4806 3223 4861 Ἐνδύσασθε
3248 4808 3348 4880 τὴν
3375 4779 3676 4862 πανοπλίαν

434 4870 510 4926 cit
543 4887 556 4925 :
593 4890 610 4922 ι
652 4871 867 4927 induite
899 4886 996 4926 vos
1023 4883 1358 4929 armaturam
1385 4876 1482 4932 Dei
1513 4878 1575 4931 “.
1611 4898 1629 4930 ι
1675 4881 1851 4938 Aurea
1879 4894 1995 4938 sunt

2102 4885 2195 4938 τοῦ
2229 4887 2388 4942 Θεοῦ.
2429 4870 2752 4964 »νΧρυσάνδὲ
2774 4893 2843 4948 τὰ
2886 4895 3154 4964 βασιλέως¹
3180 4870 3340 4964 ὅπλα,
3377 4903 3578 4972 χρυσαῖ
3620 4901 3676 4953 δὲ

435 4975 599 5028 porro
621 4961 765 5032 regis
788 4977 959 5028 arma,
987 4977 1148 5017 aurea
1172 4963 1302 5018 item
1328 4967 1560 5032 scutula,
1591 4969 1798 5041 Deique
1824 4987 1995 5028 arma-

2102 4977 2300 5046 ὁμοίως
2331 4982 2387 5033 αἱ
2434 4961 2784 5051 ἀσπιδίσκαι,
2815 4961 2908 5041 καλ
2945 4988 3042 5060 τὴν
3074 4961 3167 5043 τοῦ
3201 4961 3336 5045 Θεοῦ
3375 4961 3677 5046 πανοπλίαν

435 5058 614 5105 turam
659 5052 890 5123 ﬁgurate
932 5053 1247 5110 indicantia.
1294 5057 1412 5112 Non
1449 5059 1615 5130 igitur
1652 5063 1756 5116 alia
1794 5064 1995 5120 ratione

2102 5068 2512 5139 αἰνιγματωδῶς
2552 5075 2968 5144 ὕποφαίνουσαι.
3000 5052 3288 5154 ⁷Ἐσόμεθα
3333 5084 3398 5155 δὴ
3439 5079 3534 5138 οὖν
3577 5084 3677 5154 οὐχ

437 5138 555 5193 ﬁeri
591 5149 788 5209 potest,
829 5150 894 5197 ut
929 5143 984 5197 in
1029 5145 1126 5199 Dei
1163 5149 1424 5203 memoria
1450 5158 1506 5204 et
1531 5150 1900 5221 descriptione
1929 5154 1995 5209 si-

2102 5157 2301 5230 ἑτέρως
2333 5162 2390 5214 ὲν
2441 5167 2629 5238 μνήμῃ
2672 5138 2731 5222 τε
2761 5173 2857 5225 καὶ
2896 5138 3190 5247 ἀπογραφιῇ
3225 5138 3398 5240 Θεοῦί
3431 5175 3508 5248 μὴ
3555 5138 3676 5245 οὐχῖ

409 5245 577 5294 mus,
609 5231 715 5286 nisi
757 5247 908 5287 arma
947 5235 1173 5305 justitiae
1213 5240 1631 5310 arripuerimus,
1672 5258 1735 5298 ac
1773 5258 1872 5312 per
1916 5245 1995 5300 illa

2102 5225 2210 5301 τῶν
2237 5249 2416 5306 ὃπλων
2585 5225 2928 5332 δίκαιοσύνης
3274 5225 3675 5324 iaciat

435 5328 586 5378 recte
606 5321 856 5378 faciendo
885 5327 1280 5384 transierimus.
1303 5331 1420 5386 Jam
1451 5347 1602 5397 vero,
1638 5335 1786 5403 quod
1808 5349 1995 5405 super-

2106 5342 2272 5409 ίόντες
2312 5321 2647 5417 πρακτικῶς.
2687 5356 2758 5408 Τὸ
2786 5356 2840 5411 δὲ
2983 5321 3092 5429 τῆς.
3121 5321 3393 5433 ἐπωμίδος
3433 5321 3675 5432 ἀνήφθαι

504 5483 546 5515 ⁸³
580 5481 720 5539 Psal.
744 5503 827 5554 ον,
863 5486 915 5541 3.
1004 5490 1045 5522 ¹²
1081 5491 1222 5547 Psal.
1250 5508 1431 5556 xcvm,
1461 5495 1513 5549 5.
1591 5495 1634 5526 ⁸³
1662 5495 1804 5553 Psal.
1843 5515 1985 5565 xuv,

2105 5538 2113 5546 -
2172 5507 2214 5538 “
2247 5506 2449 5578 Ephes.
2471 5527 2546 5576 vi,
2573 5513 2659 5568 Η.

507 5639 582 5708 (1)
615 5640 704 5700 Sic
731 5645 863 5715 legit
899 5645 1154 5718 Cyrillus,
1202 5666 1327 5705 cum
1368 5655 1588 5711 codices
1633 5675 1824 5718 omnes
1852 5663 1999 5718 Psal-

433 5668 1999 5806 ηιδέἔηὲζ⁸ίιιξὶ⁵ἕέινῖῑῖἑὲὲ¹Ἑαῶῗῗῶἓὲἑῗῗὶρίέἓίῗθέτξῗέἷ
2105 5668 2258 5806 σμίξῖ
2285 5671 2639 5806 ίέῗκῒξῗ⁰¹¹ί⁰³
2676 5680 2834 5754 ¹⁰⁸¹¹;
2863 5691 3035 5747 me"
3093 5698 3272 5747 “me”
3305 5699 3556 5762 υιθτφλθυ
3584 5689 3674 5744 θ⁶⁴

2105 5741 2258 5824 σμὸς,
2292 5741 2473 5813 legem.
