3996 6212
315 337 413 395 '76]

967 325 1092 388 ’ΒΕ
1134 331 1569 388 ADORATIONE
1608 311 1680 385 ni
1717 329 1986 385 srmrru
2031 331 2118 387 er
2154 336 2519 393 manus.
2559 369 2629 379 -
2661 339 2790 394 LIB.
2832 339 2920 394 χι.

3470 338 3574 393 ’με

317 461 378 512 τδ
406 457 586 525 λόγιον
611 452 1044 525 κατασημήνειεν
1066 453 1152 518 ἂν,
1185 449 1357 523 οἶμαι,
1392 453 1453 506 τὸ
1485 457 1598 517 τοῖς
1629 455 1739 510 ἄνω
1772 470 1892 506 συν-

2001 454 2269 511 humerali
2319 468 2562 528 aptatum
2613 469 2698 514 est.
2742 459 3028 522 rationale,
3063 471 3126 512 ea
3174 473 3230 510 re
3277 454 3571 526 signiﬁcari

317 550 492 623 ἧφθαι
518 547 586 602 τὰ
609 547 761 600 κάτω
782 586 798 610 ,
831 545 1203 616 μεσιτεύοντος
1232 545 1328 597 τοῦ
1359 545 1616 615 Χριστοῦ.
1665 564 1683 597 ι
1725 547 1894 610 Αὐτὸς

319 640 431 710 γάρ
462 639 611 692 ἔστιν
657 638 688 708 ἠ
730 637 919 707 εἰρήνη
951 634 1106 705 ήμῶν
1128 674 1141 697 ,
1171 637 1200 688 6
1235 635 1465 704 ποιήσας
1513 633 1582 687 τὰ
1612 636 1894 706 ἀμφότερα

317 732 398 795 ἓν,
425 751 443 782 ι
479 728 620 784 κατὰ
651 728 748 790 τὰς
786 726 1028 799 Γραφάς,
1063 726 1156 778 καὶ
1184 726 1282 795 τῆς
1314 725 1420 778 τῶν
1453 724 1621 792 ἁγίων
1649 727 1894 794 ἀγγέλων

319 820 560 892 πληθύος
600 818 679 889 τῷ
717 817 998 886 συνδέσμῳ
1038 816 1135 886 τῆς
1189 815 1411 886 ἀγάπης
1455 816 1782 887 ἀπαρτήσας
1828 816 1897 870 τὰ

315 913 653 986 ἀνθρώπινα.
695 910 890 964 ’ἰστέον
919 910 976 962 δὲ
1030 909 1111 961 ὅτι
1142 910 1235 962 καὶ
1265 910 1293 962 6
1329 910 1600 979 μακάριος
1639 908 1895 980 Ίεζεκιὴλ

314 1005 410 1058 τὸν
429 1004 665 1076 ἄρχοντα
687 1001 886 1070 Τύρου
911 1001 1089 1054 πάντα
1114 1001 1209 1070 μὲν
1231 999 1411 1071 τίμιον
1433 999 1577 1053 λίθον
1593 999 1895 1053 ἐνδεδύσθαι

319 1095 503 1167 φησιν’
559 1093 956 1165 ἀπαριθμεῖται
990 1092 1048 1144 δὲ
1078 1090 1322 1154 τούτους,
1353 1090 1446 1155 οὓς
1477 1092 1571 1144 καί
1600 1092 1660 1144 ὲν
1697 1090 1778 1161 τῷ
1811 1091 1897 1143 λο-

317 1189 424 1259 γίῳ
455 1185 564 1239 τῶν
602 1185 835 1256 κρίσεων
865 1181 1136 1235 τεθεῖσθαί
1172 1197 1338 1252 φησιν
1383 1183 1411 1236 6
1441 1181 1724 1246 θεσπέσιος
1768 1183 1897 1236 Μω-

320 1281 444 1350 σῆς.
473 1276 652 1332 *Ησαν
680 1277 736 1331 δὲ
762 1269 932 1339 οὗτοι,
962 1274 1176 1346 σάρδιον
1201 1313 1216 1338 ,
1243 1274 1520 1341 τοπάζιον,
1560 1275 1893 1345 σμάραγδος,

319 1368 556 1442 ἄνθραξ,
585 1367 923 1437 σάπφειρος,
955 1365 1050 1419 καὶ
1093 1364 1309 1430 ίάσπις,
1341 1364 1614 1436 λιγύριον,
1653 1367 1894 1437 ἀχάτης,

319 1460 644 1530 ἀμέθυστος,
674 1454 1010 1528 χρυσόλιθος,
1039 1454 1344 1526 βηρύλλιον,
1366 1454 1598 1525 ὀνύχιον.
1621 1455 1898 1525 Τετάχατο

319 1553 376 1607 δὲ
397 1551 502 1605 ἀνὰ
517 1551 686 1622 τρεῖς,
711 1551 803 1602 καὶ
829 1550 886 1602 ὲν
913 1548 1054 1611 ὅλοις
1077 1547 1335 1618 τέσσαρσι
1359 1547 1581 1618 στίχοις,
1603 1547 1664 1600 τὸ
1685 1548 1897 1618 ἑδραῖον

322 1648 379 1698 ὲν
405 1645 586 1697 πίστει
605 1642 714 1695 τῶν
740 1643 797 1694 ἐν
821 1640 1018 1713 καρδία
1046 1641 1140 1694 καὶ
1165 1641 1350 1711 μνήμῃ
1379 1638 1616 1710 Χριστοῦ
1642 1656 1900 1709 σκιαγρα-

321 1735 528 1806 φούσης
557 1737 688 1806 ἡμῖν
719 1733 819 1804 τῆς
852 1732 1067 1786 τοιᾶσδε
1097 1732 1317 1795 θέσεως.
1355 1732 1594 1795 Πίστεως
1634 1730 1732 1801 μὲν
1788 1731 1896 1800 γὰρ

317 1828 382 1881 τὸ
409 1827 512 1883 άνά
536 1829 704 1894 τρεῖς,
735 1827 830 1880 καὶ
856 1825 932 1890 ὠς
959 1827 1018 1879 ὲν
1043 1824 1232 1895 Τριάδι
1263 1823 1530 1894 σύμϐολον
1547 1839 1560 1852 ο
1614 1823 1895 1894 ἑδραιότη-

316 1937 409 1984 τος
432 1919 488 1973 δὲ
513 1919 574 1971 τὸ
605 1918 676 1982 ὡς
701 1920 756 1971 ὲν
773 1916 1098 1989 τετραγώνῳ
1118 1933 1177 1968 τε
1195 1916 1288 1969 καὶ
1312 1915 1615 1986 ἰσοπλεύρῳ
1635 1917 1892 1988 σχήματι.

317 2011 592 2082 Πεποίητο
635 2010 743 2081 γὰρ
791 2009 934 2063 οὕτω
981 2008 1044 2061 τὸ
1090 2007 1290 2076 λόγιον,
1337 2009 1421 2077 ἐφ’
1457 2000 1502 2076 ᾧ
1547 2009 1639 2062 καὶ
1669 2009 1724 2060 αἰ
1759 2007 1894 2062 λίθοι

315 2103 664 2158 δυοκαίδεκα.

393 2372 602 2425 ΠΛΛΛ.
644 2369 931 2440 Πείθομαι.

391 2464 556 2518 ΚΥΡ.
611 2462 720 2514 Καὶ
754 2461 891 2532 πρός
933 2475 996 2527 γε
1044 2456 1110 2530 δὴ
1146 2455 1356 2520 τούτοις
1396 2455 1892 2510 συναναπλέκεσθαί

314 2573 368 2609 τι
397 2555 493 2608 καὶ
520 2555 706 2624 ἕτερον
734 2554 856 2615 ταῖς
897 2549 1219 2604 δυοκαίδεκα
1250 2549 1419 2612 λίθοις
1450 2550 1890 2619 προσεπιτάττει,

315 2649 523 2715 λέγων’
563 2665 580 2696 ι
620 2645 730 2698 Καὶ
763 2642 1041 2713 ἐπιθήσεις
1083 2641 1176 2694 ἐπὶ
1223 2641 1284 2694 τὸ
1313 2640 1492 2708 λόγιον
1523 2642 1622 2712 τῆς
1659 2641 1892 2712 κρίσεως

315 2737 414 2808 τὴν
444 2737 676 2806 δήλωσιν
717 2735 813 2788 καὶ
849 2732 946 2804 τὴν
992 2731 1269 2802 ἀλήθειαν,
1323 2732 1416 2785 καί
1462 2731 1614 2786 ἔσται
1658 2731 1750 2785 ἐπὶ
1797 2732 1890 2786 τοῦ

318 2827 553 2898 στήθους
599 2823 847 2895 ’Δαρὼν,
887 2824 1017 2878 ὃταν
1059 2822 1442 2894 εἰσπορεύηται
1482 2824 1562 2886 εἰς
1604 2823 1664 2875 τὸ
1703 2823 1892 2892 Ἀγιον

315 2919 498 2973 ἔναντι
537 2916 762 2988 Κυρίου,
801 2915 896 2969 καὶ
923 2913 1143 2968 εἰσοίσει
1187 2913 1395 2985 ’Λαρὼν
1425 2914 1521 2976 τὰς
1551 2915 1760 2984 κρίσεις
1784 2914 1892 2968 τῶν

318 3011 450 3064 υἱῶν
506 3009 718 3080 Ἰσραὴλ
794 3009 885 3061 ἐπὶ
919 3005 1012 3060 τοῦ
1063 3005 1291 3076 στήθους
1334 3006 1512 3060 ἔναντι
1550 3008 1758 3078 Κυρίου
1805 3007 1892 3060 διὰ

316 3103 538 3164 παντός.
580 3121 598 3153 ι
645 3101 887 3172 Δήλωσιν
936 3100 1033 3169 μὲν
1064 3095 1157 3152 οὖν
1189 3098 1441 3168 ὀνομάζει
1481 3098 1576 3152 καί
1603 3099 1886 3170 ἀλήθειαν,

315 3191 378 3243 οὐ
433 3189 538 3259 μὴν
589 3189 667 3242 ἔτι
717 3187 812 3242 καὶ
850 3187 1252 3258 διαμεμήνυκεν
1295 3186 1539 3257 ἐναργῶς
1590 3188 1796 3259 πότερα
1827 3188 1892 3259 δὴ

315 3281 532 3345 λίθους,
576 3281 720 3351 ἢὼς
768 3283 826 3334 ὲν
877 3279 1056 3350 μικρῷ
1105 3279 1334 3350 πινακίῳ
1381 3279 1600 3350 γραφὴν
1640 3279 1892 3347 γενέσθαι

314 3373 707 3445 προστέταχεν.
761 3373 1126 3443 Μεμνήσομαι
1170 3372 1226 3425 δὲ
1279 3372 1560 3441 προφήτου
1608 3370 1888 3438 λέγοντος,

321 3482 338 3514 ι
385 3464 530 3517 Διότι
565 3463 778 3535 ἡμέρας
811 3463 1010 3526 πολλὰς
1043 3462 1370 3532 καθήσονται
1403 3464 1452 3514 οί
1492 3461 1598 3515 υἱοί⁸
1653 3461 1890 3530 Ἰσραὴλ,

314 3558 417 3612 οὐκ
440 3557 590 3620 ὄντος
621 3556 906 3627 βασιλέως,
925 3554 1046 3608 οὐδὲ
1071 3555 1349 3626 ἄρχοντος,
1375 3555 1474 3606 οὐκ
1491 3552 1656 3624 οὔσης
1678 3552 1890 3616 θυσίας,

315 3650 440 3704 οὐδὲ
479 3651 633 3712 δντος
674 3647 1088 3719 θυσιαστηρίου,
1121 3645 1243 3700 οὔτε
1287 3646 1575 3718 ἱερατείας,
1626 3645 1751 3701 οὕτε
1803 3645 1892 3716 δήσ

322 3743 449 3798 λων.
493 3761 511 3794 ι
557 3742 693 3794 Ἀλλ’
737 3741 836 3795 εἴτ’
864 3737 956 3795 οὖν
991 3735 1100 3793 εἷεν
1133 3737 1228 3791 καί
1268 3735 1442 3792 ταῦτα
1483 3737 1642 3803 λίθοι,
1671 3738 1768 3792 εἴτ’
1799 3734 1894 3792 οὖν

319 3833 395 3896 ὡς
414 3835 469 3886 ἐν
493 3833 680 3886 πίνακι
709 3833 884 3903 χρυσῇ
905 3831 1012 3885 τῶν
1029 3831 1310 3900 ὀνομάτων
1338 3833 1546 3902 γραφῇ,
1577 3830 1893 3902 πολυπραγὲ

320 3926 542 3996 μονήσει
578 3925 676 3994 μὲν
706 3925 767 3977 οὑ
801 3924 920 3976 λίαν
951 3924 980 3974 6
1011 3923 1166 3992 λόγος
1187 3962 1202 3986 ,
1234 3922 1557 3994 γνωσόμεθα
1598 3923 1654 3976 δὲ
1680 3924 1760 3986 εἰς
1794 3922 1891 3976 τύ·

317 4033 419 4069 πον
444 4015 586 4070 αὐτὰ
607 4015 899 4080 τεθεῖσθαι,
932 4013 1166 4085 Χριστοῦ
1204 4015 1450 4078 συνόντος
1475 4015 1668 4084 ἁγίοις.
1697 4032 1716 4066 ι
1763 4015 1891 4068 Ἰδοὺ

318 4107 458 4177 γὰρ,
491 4107 663 4177 φησὶ,
704 4107 821 4178 μεθ’
852 4106 1004 4178 ὑμῶν
1037 4109 1152 4177 εἰμι
1187 4107 1364 4170 πάσας
1393 4108 1490 4171 τὰς
1523 4108 1764 4179 ἡμέρας,
1800 4108 1892 4162 καὶ

315 4199 424 4262 ἓως
457 4198 765 4262 συντελείας
795 4197 888 4252 τοῦ
921 4197 1137 4262 αἰῶνος.
1175 4217 1193 4249 ι
1237 4198 1488 4270 ’Δλήθεια
1521 4199 1694 4253 δὲκαὶ
1720 4199 1892 4270 δήλω-

318 4309 404 4356 σις
452 4293 482 4343 6
512 4291 763 4361 Χριστός.
804 4291 1090 4361 Ἐγνωμεν
1125 4290 1234 4362 γὰρ
1262 4291 1320 4344 ὲν
1357 4290 1506 4362 αύτῷ
1529 4290 1620 4345 τὸν
1651 4291 1890 4362 Πατέρα,

317 4383 415 4438 καὶ
441 4383 740 4454 δεδήλωκεν
762 4384 891 4454 ἡμῖν
927 4384 987 4436 τὸ
1021 4383 1225 4451 ἀγαθὸν
1267 4381 1431 4437 αὐτοῦ
1467 4381 1675 4453 θέλημα
1712 4384 1771 4437 τὸ
1807 4383 1892 4437 τέ-

1995 548 2212 616 opinor,
2244 548 2464 605 Christo
2503 550 2830 620 interposito
2870 550 3191 610 mediatore,
3231 548 3446 618 superis
3484 549 3570 602 in-

1997 640 2108 694 fera
2137 656 2257 696 esse
2284 657 2549 696 connexa.
2603 661 2619 693 ι
2653 643 2773 711 Ipse
2810 652 2892 696 est
2917 641 3063 695 enim
3103 656 3206 710 pax
3246 650 3450 701 nostra,
3477 641 3570 710 qui

1995 731 2126 786 fecit
2159 742 2388 801 utraque
2440 750 2632 798 unum,
2673 754 2688 784 ι
2741 742 2800 786 ιιι
2843 733 3140 802 Scriptura:
3175 732 3396 786 tradunt
3423 733 3486 796 ¹⁵,
3515 739 3572 785 et

1995 824 2311 895 angelorum
2338 827 2504 880 coetui
2544 826 2839 879 humanam
2869 833 3117 879 naturam
3146 824 3429 879 charitatis
3452 823 3571 877 vin-

1996 915 2121 970 culo
2170 915 2434 970 devinxit.
2488 917 2598 971 Nec
2646 917 3004 987 ignorandum
3054 926 3139 970 est
3198 915 3344 984 quod
3405 914 3569 968 etiam

1996 1006 2190 1062 beatus
2219 1007 2482 1078 propheta
2523 1009 2774 1063 Ezechiel
2812 1008 3115 1078 principem
3148 1006 3274 1077 Tyri
3308 1005 3454 1060 omni
3489 1005 3569 1059 la-

1996 1096 2123 1166 pide
2164 1097 2406 1166 pretioso
2448 1098 2700 1152 indutum
2740 1114 2858 1153 esse
2888 1098 2966 1151 ait
2999 1097 3076 1162 ¹⁶;
3120 1095 3281 1166 385
3317 1095 3569 1151 eosdem-

1995 1203 2103 1258 que
2142 1199 2416 1254 numerat,
2444 1205 2584 1260 quos
2611 1191 2805 1245 beatus
2834 1190 3042 1258 Moyses
3063 1188 3116 1242 in
3150 1189 3398 1242 rationali
3421 1187 3568 1258 judi-

1996 1281 2208 1334 ciorum
2233 1281 2440 1350 positos
2465 1296 2584 1336 esse
2613 1281 2766 1335 dicit.
2795 1281 2860 1334 Hi
2894 1288 3074 1334 autem
3102 1289 3278 1342 erant,
3304 1280 3568 1341 sardium,

1997 1373 2300 1441 topazium,
2369 1373 2716 1443 smaragdus,
2785 1371 3182 1436 carbunculus,
3249 1371 3567 1440 sapphirus,

1990 1465 2182 1535 jaspis,
2223 1465 2498 1538 ligyrium,
2527 1466 2768 1529 achates,
2796 1466 3153 1535 amethystus,
3180 1463 3572 1534 chrysolithus,

1997 1557 2308 1628 beryllium,
2352 1557 2666 1628 onychium.
2696 1556 2859 1610 Terni
2893 1565 3073 1610 autem
3111 1554 3358 1624 dispositi
3390 1564 3568 1616 erant,

1998 1645 2070 1700 ita
2098 1655 2159 1700 ut
2188 1647 2243 1700 in
2265 1647 2583 1702 universum
2605 1656 2841 1717 quatuor
2861 1647 3084 1701 ordines
3108 1646 3413 1711 eﬁicerent;
3451 1661 3573 1716 qua:

1997 1737 2302 1806 dispositio,
2329 1753 2541 1800 eorum,
2585 1738 2676 1807 qui
2716 1738 2770 1791 in
2794 1737 2996 1792 Christi
3023 1737 3189 1791 corde
3222 1751 3284 1790 ac
3310 1737 3572 1791 memoria

1929 1797 1966 1853 Β
1998 1797 2298 1891 habentur,
2331 1827 2457 1883 ﬁdei
2507 1797 2823 1882 ﬁrmitatem
2872 1829 3029 1882 nobis
3073 1829 3382 1882 adumbrat.
3435 1828 3569 1883 Nam

1999 1918 2124 1973 ﬁdei
2150 1921 2363 1992 signum
2388 1927 2492 1985 est,
2525 1921 2671 1990 quod
2696 1921 2838 1974 terni
2867 1930 2921 1974 et
2946 1929 3196 1990 tanquam
3224 1921 3279 1974 in
3304 1920 3572 1976 Trinitate

1997 2010 2245 2082 dispositi
2273 2021 2430 2077 sunt;
2459 2010 2734 2066 ﬁrmitatis
2758 2019 2962 2074 autem,
2989 2010 3132 2080 quod
3157 2027 3220 2065 ea
3244 2011 3413 2082 ﬁgura
3438 2027 3571 2067 con-

1997 2101 2234 2164 formati,
2274 2117 2395 2171 quae
2436 2101 2713 2172 quadratae
2746 2110 2892 2156 esset
2958 2109 3014 2156 et
3054 2102 3281 2171 paribus
3329 2102 3572 2173 undique

1993 2193 2280 2248 lateribus.
2311 2193 2400 2248 Sic
2429 2194 2573 2247 enim
2605 2194 2872 2248 rationale
2910 2194 3168 2250 eﬁ‘ectum
3205 2205 3343 2263 erat,
3375 2197 3430 2252 in
3463 2214 3573 2268 quo

1993 2293 2150 2341 erant
2177 2301 2404 2355 gemmae
2436 2285 2541 2340 illa:
2565 2285 2856 2339 duodecim
2884 2285 3179 2341 collocata.

2065 2377 2261 2432 PALL.
2289 2376 2595 2431 Assentior.

2065 2468 2219 2523 CYR.
2250 2468 2520 2522 Praeterea
2559 2467 2707 2521 aliud
2747 2465 3022 2536 quoddam
3065 2477 3448 2522 ornamentum
3486 2468 3571 2523 his

1995 2559 2284 2615 duodecim
2319 2559 2549 2630 gemmis
2589 2560 2810 2614 annecti
2859 2559 3128 2629 prazcipit,
3166 2559 3355 2614 dicens
3395 2577 3408 2612 :
3453 2579 3471 2612 ι
3505 2560 3573 2615 Et

1995 2653 2241 2723 impones
2271 2667 2435 2721 super
2477 2651 2740 2705 rationale
2768 2651 2961 2721 judicii
2989 2649 3482 2704 manifestationem
3515 2659 3572 2704 et

1993 2742 2300 2806 veritatem,
2321 2748 2376 2795 et
2396 2740 2502 2795 erit
2529 2755 2691 2810 supra
2712 2748 2904 2810 pectus
2921 2740 3123 2805 Aaron,
3147 2755 3270 2793 cum
3301 2739 3574 2810 ingredie-

1994 2842 2084 2888 tur
2108 2833 2163 2886 in
2187 2831 2446 2887 Sanctum
2477 2845 2661 2886 coram
2684 2831 3013 2894 Domino,et
3053 2829 3250 2883 inferet
3269 2828 3471 2893 Aaron,
3487 2830 3573 2899 ju-
3624 2845 3626 2847 ‘
3723 2903 3726 2912 Ι

1991 2923 2136 2980 dicia
2174 2923 2412 2978 ﬁliorum
2450 2922 2616 2978 Israel
2657 2922 2713 2976 in
2765 2931 2987 2992 pectore
3035 2934 3220 2975 coram
3246 2920 3477 2975 Domino
3515 2921 3571 2975 in

1992 3025 2320 3087 perpetuum
2353 3016 2416 3070 ”.
2443 3033 2460 3066 ι
2496 3014 2988 3069 Manifestationem
3015 3013 3182 3082 igitur
3200 3027 3264 3079 ac
3285 3012 3571 3067 veritatem

1917 3125 1963 3186 ε
1994 3109 2249 3176 appellat,
2271 3121 2381 3160 non
2414 3113 2598 3160 tamen
2622 3113 2807 3174 aperte
2842 3103 3104 3158 indicavit
3134 3111 3320 3157 utrum
3365 3103 3573 3172 lapides

1991 3199 2218 3262 fuerint,
2244 3214 2314 3252 an
2338 3198 2489 3253 velut
2522 3197 2577 3251 in
2601 3211 2765 3266 parva
2789 3195 2988 3249 tabella
3010 3210 3130 3250 eam
3156 3193 3571 3264 inscriptionem

1993 3290 2112 3344 ﬁeri
2154 3288 2402 3360 jusserit.
2467 3287 2690 3342 Memini
2758 3287 2922 3341 etiam
2975 3287 3256 3355 pr0phetae
3295 3287 3568 3342 dicentis:

2000 3401 2018 3431 ι
2042 3381 2179 3446 Quia
2204 3379 2322 3434 dies
2361 3378 2566 3434 multos
2610 3377 2882 3432 sedebunt
2931 3376 3028 3429 lilii
3076 3377 3241 3432 Israel
3275 3378 3392 3432 sine
3421 3394 3569 3447 rege.

1993 3472 2108 3527 sine
2134 3470 2402 3542 principe,
2427 3469 2545 3524 sine
2577 3467 2866 3533 sacriﬁcio,
2899 3475 2958 3522 et
2985 3467 3102 3522 sine
3143 3468 3322 3531 altari,
3366 3476 3421 3522 et
3453 3469 3572 3523 sine

1991 3561 2321 3623 sacerdotio,
2355 3569 2411 3614 et
2445 3559 2563 3614 sine
2603 3557 3135 3614 manifestationibus
3158 3558 3221 3611 ¹⁸.
3255 3577 3272 3608 ι
3314 3557 3420 3612 Sed
3453 3558 3570 3613 sive

1992 3652 2203 3722 lapides
2229 3652 2304 3706 illi
2328 3651 2554 3714 fuerint,
2599 3649 2713 3704 sive
2737 3657 2997 3718 tanquam
3020 3648 3074 3700 in
3103 3663 3268 3702 aurea
3287 3648 3486 3703 tabella
3505 3663 3573 3703 ea

1991 3732 2214 3800 nomina
2239 3743 2514 3813 descripta
2553 3741 2784 3806 fuerint,
2812 3740 2888 3796 id'
2911 3754 3042 3794 vero
3080 3755 3188 3794 non
3217 3739 3445 3795 nimium
3470 3754 3570 3794 cu-

1993 3837 2135 3892 riose
2160 3834 2654 3907 pervestigabimus
2687 3850 2700 3885 :
2739 3840 2950 3888 tantum
2985 3831 3127 3886 scire
3174 3831 3307 3886 satis
3338 3831 3444 3886 erit
3506 3845 3572 3884 ea

1993 3929 2050 3983 in
2086 3929 2311 3999 ﬁguram
2337 3926 2542 3984 Christi
2566 3940 2688 3980 esse
2717 3923 2920 3994 posita,
2953 3923 3047 3992 qui
3071 3938 3178 3976 una
3219 3937 3342 3975 cum
3369 3920 3573 3976 sanctis

1993 4018 2311 4072 hominibus
2329 4024 2611 4071 versatur:
2644 4033 2660 4065 ι
2687 4014 2829 4068 Ecce
2869 4011 3036 4075 enim,
3063 4009 3260 4080 inquit,
3287 4010 3570 4064 vobiscum

1991 4123 2114 4164 sum
2134 4107 2389 4163 omnibus
2420 4105 2634 4168 diebus,
2657 4111 2713 4158 et
2743 4117 2915 4172 usque
2949 4101 3015 4155 ad
3041 4099 3570 4156 consummationem

1993 4199 2178 4256 saeculi
2201 4198 2296 4252 ³⁸.»
2334 4195 2549 4252 Veritas
2597 4203 2779 4250 autem
2820 4208 2884 4247 ac
2916 4190 3281 4245 manifestatio
3319 4189 3571 4247 Christus

1992 4299 2110 4356 est;
2143 4290 2197 4344 in
2224 4303 2290 4342 eo
2318 4287 2464 4345 enim
2499 4287 2717 4342 Patrem
2753 4281 3134 4354 cOgnovimus,
3165 4289 3222 4336 et
3250 4281 3568 4336 manifesta-

1993 4383 2072 4439 vit
2091 4381 2251 4436 nobis
2274 4379 2474 4434 bonam
2507 4377 2679 4448 ipsius
2707 4375 3066 4437 voluntatem,
3100 4382 3156 4428 et
3186 4372 3482 4442 perfectam
3515 4379 3571 4425 et

317 4477 461 4529 λειον
483 4475 578 4529 καὶ
602 4475 918 4545 εὐάρεστον,
942 4475 1084 4528 κατά
1106 4473 1204 4536 τὰς
1230 4473 1471 4544 Γραφάς.
1494 4472 1636 4544 Ἔφη
1659 4472 1767 4544 γάρ
1790 4489 1891 4527 που

1998 4474 2469 4545 beneplacentem,
2499 4471 2654 4542 juxta
2684 4469 2995 4536 Scripturas
3016 4467 3060 4498 ⁸ο
3085 4481 3099 4518 :
3129 4465 3207 4518 ait
3226 4464 3373 4519 enim
3413 4463 3570 4518 Chri-

315 4567 550 4640 Χριστός
572 4584 586 4597 ο
647 4585 666 4618 ι
695 4566 892 4620 Οὐκέτι
919 4565 1062 4634 λέγω
1093 4565 1237 4636 ὑμᾶς
1265 4564 1481 4627 δούλους
1506 4603 1520 4627 ,
1569 4564 1725 4634 ὑμεῖς
1749 4563 1891 4631 φίλοι

319 4659 422 4729 μού
453 4660 598 4725 ὲστε,
632 4659 715 4712 δτι
743 4660 921 4713 πάντα
954 4657 990 4714 ἂ
1020 4659 1228 4727 ’ήκουσα
1261 4657 1406 4728 παρά
1433 4657 1524 4710 τοῦ
1547 4654 1758 4727 Πατρός
1791 4671 1892 4724 μου

313 4749 628 4820 ἀπήγγειλα
673 4751 819 4820 ὑμῖν.
861 4769 879 4802 ι
928 4748 1181 4819 Ἀλήθεια
1209 4747 1268 4800 δὲ
1307 4748 1402 4801 καί.
1433 4748 1635 4819 ἑτέρως
1689 4748 1894 4818 Ἐμμα-

315 4841 497 4912 νουήλ,
531 4841 616 4894 ὅτι
645 4839 806 4912 μόνος
834 4840 995 4902 αὐτὸς
1032 4837 1175 4892 κατὰ
1201 4838 1360 4908 φύσιν
1393 4837 1540 4902 Υἱὸς,
1579 4837 1673 4892 καὶ
1715 4839 1790 4899 ὡς
1828 4840 1894 4892 ἐκ

313 4930 450 4984 Θεοῦ
482 4930 636 4995 Θεὸς,
665 4931 821 5001 μόνος
859 4932 1045 4999 ἆγιος,
1075 4929 1235 4999 μόνος
1264 4927 1488 5000 Κύριος·
1544 4929 1818 5001 μεθεκτῶς
1834 4931 1889 4984 δὲ

315 5026 348 5093 ή
392 5023 608 5087 κτίσις,
647 5000 742 5077 καὶ
779 5024 920 5077 κατὰ
967 5022 1225 5094 μίμησιν,
1261 5023 1360 5076 ὅσα
1408 5023 1501 5076 καὶ
1545 5000 1706 5079 axi-.6:
1753 5018 1891 5076 εἶναι

313 5118 538 5168 νοεῖται.
569 5115 793 5168 Σὸνεστι
817 5115 882 5186 δὴ
909 5109 1002 5168 οὖν
1027 5117 1141 5178 τοῖς
1165 5113 1340 5183 ἁγίοις
1365 5113 1439 5178 ὡς
1466 5115 1524 5167 ὲν
1545 5113 1690 5184 δήλῳ
1714 5131 1771 5167 τε
1800 5115 1893 5168 καὶ

315 5205 545 5276 ἀληθείᾳ
573 5204 858 5276 νοούμενος
882 5207 911 5259 6
937 5205 1191 5276 Χριστὸς,
1221 5204 1278 5269 ὃς
1302 5205 1396 5258 καὶ
1421 5206 1478 5257 ὲν
1503 5202 1892 5274 προσώπῳτοῦ

317 5299 529 5370 Πατρὸς
563 5299 805 5371 εἰσφέρει
833 5297 902 5351 τά
945 5297 1067 5352 καθ’
1098 5299 1270 5369 ἡμᾶς,
1304 5298 1535 5352 πάντοτε
1571 5295 1680 5361 ζῶν
1712 5297 1791 5360 εἰς
1835 5297 1895 5348 τὸ

314 5390 665 5460 ἐντυγχάνειν
695 5390 836 5456 ὑπὲρ
871 5389 1050 5460 ήμῶν.
1083 5387 1252 5441 Τοῦτο
1285 5388 1426 5461 γὰρ,
1447 5385 1617 5459 οἶμαι,
1650 5387 1779 5441 ἐστι’
1806 5387 1886 5452 τὸ,

314 5482 426 5534 Καὶ
458 5481 683 5534 εἰσοίσει
733 5480 942 5552 Ἀαρὼν
985 5479 1084 5542 τὰς
1112 5477 1320 5549 κρίσεις
1365 5478 1470 5531 τῶν
1505 5479 1634 5533 υἰῶν
1676 5477 1890 5550 Ἰσραήλ

390 5691 434 5762 '_'
463 5690 663 5762 Ephes.
691 5707 748 5762 ιι,
776 5690 863 5762 H.
906 5689 983 5762 _"
1009 5688 1209 5743 Ezech.
1252 5704 1448 5762 sunt,
1480 5688 1564 5762 εδ.

319 5762 365 5793 ⁸ο
385 5756 544 5817 Rom.
581 5777 673 5825 xu,
696 5760 748 5815 2.
825 5760 867 5790 “
899 5758 1056 5817 Joan.
1100 5774 1206 5824 xvi,
1247 5758 1329 5812 15.
1410 5760 1454 5790 ”
1482 5757 1646 5810 Hebr.
1678 5773 1770 5822 vn,
1794 5756 1884 5811 25.

1988 4573 2108 4616 etus
2142 4576 2156 4612 :
2195 4577 2212 4610 ι
2244 4558 2361 4613 Jam
2393 4570 2504 4610 non
2537 4553 2712 4609 dicam
2734 4567 2831 4606 vos
2864 4564 3072 4613 servos,
3113 4562 3212 4602 vos
3248 4546 3408 4602 amici
3460 4545 3568 4600 mei

1988 4652 2122 4708 estis
2144 4693 2158 4718 ,
2182 4650 2311 4722 quia
2335 4647 2541 4711 omnia,
2575 4659 2696 4715 quae
2719 4641 2902 4698 audivi
2925 4655 2955 4694 a
2985 4640 3144 4694 Patre
3176 4652 3320 4709 meo,
3349 4652 3568 4691 annun-

1992 4748 2119 4802 tiavi
2145 4745 2300 4800 vobis
2326 4745 2426 4797 ³³.»
2461 4740 2677 4796 Veritas
2696 4737 2957 4792 estetiam
2978 4735 3080 4790 alia
3098 4734 3308 4789 ratione
3323 4732 3413 4787 ille
3440 4733 3567 4788 Em-

1990 4833 2227 4890 manuel:
2245 4831 2372 4902 quia
2390 4830 2540 4885 solus
2559 4829 2673 4898 ipse
2689 4834 2773 4881 est
2799 4824 3098 4881 secundum
3125 4830 3378 4878 naturam
3398 4821 3569 4876 Filius

1989 4934 2046 4982 et
2059 4925 2273 4980 utDeus
2286 4939 2353 4978 ex
2365 4923 2497 4985 Deo,
2514 4920 2662 4974 solus
2678 4918 2927 4982 Sanctus,
2948 4917 3097 4971 solus
3106 4915 3390 4980 Dominus;
3405 4922 3566 4968 atve-

1991 5034 2054 5074 ro
2075 5025 2322 5072 creatura
2344 5029 2440 5084 per
2452 5009 2926 5083 participationem
2948 5016 3109 5078 atque
3131 5006 3493 5060 imitationem
3512 5004 3568 5060 id

1990 5120 2094 5174 est,
2112 5107 2479 5180 quodcunque
2497 5104 2587 5160 ille
2603 5119 2723 5160 esse
2737 5101 3078 5172 intelligitur.
3097 5098 3264 5170 386
3277 5097 3445 5152 Adest
3462 5097 3566 5151 ita-

1992 5218 2096 5276 que
2133 5200 2386 5257 Christus
2431 5212 2554 5253 cum
2588 5193 2793 5250 sanctis
2820 5192 2954 5246 viris
2986 5204 3248 5262 praesens,
3288 5203 3413 5242 cum
3451 5193 3568 5240 tan-

1992 5309 2157 5363 quam
2211 5293 2267 5346 in
2313 5288 2748 5346 manifestatione
2810 5300 2873 5339 ac
2934 5282 3168 5338 veritate
3221 5277 3565 5348 intelligitur,

1995 5386 2251 5456 idemque
2283 5397 2502 5438 causam
2545 5388 2788 5436 nostram
2820 5377 2876 5430 in
2908 5378 3263 5442 conspectum
3287 5365 3460 5456 Patris
3481 5379 3568 5417 re-

1995 5479 2122 5542 fert,
2155 5454 2370 5546 semper
2387 5457 2590 5529 Ivivcns
2614 5471 2682 5526 ad
2703 5465 3156 5538 interpellandum
3181 5475 3280 5530 pro
3301 5454 3461 5511 nobis
3478 5456 3524 5487 "
3549 5473 3564 5510 :

1655 5688 1696 5717 "’
1719 5684 1892 5743 Exod.
1923 5699 2119 5748 xxviii,
2164 5681 2264 5746 29,
2306 5679 2392 5733 30.
2473 5676 2516 5708 ¹⁸
2558 5673 2682 5730 Ose.
2724 5687 2802 5737 ιιι,
2842 5671 2896 5724 4.
2974 5671 3016 5702 ¹⁹
3040 5665 3230 5723 Matth.
3262 5663 3562 5730 xxvmﬁﬁ.
