  <div class='ocr_page' id='page_1' title='image "/cluster/home/n/w/nwhite01/storage/ocr_20150623/68/hvd.32044073501975/377.png"; bbox 0 0 3996 6212; ppageno 0'>
   <div class='ocr_carea' id='block_1_1' title="bbox 447 293 552 351">
    <p class='ocr_par' dir='ltr' id='par_1_1' title="bbox 447 293 552 351">
     <span class='ocr_line' id='line_1_1' title="bbox 447 293 552 351; baseline -0.019 0"><span class='ocrx_word' id='word_1_1' title='bbox 447 293 552 351; x_wconf 70' lang='grc'><strong>745</strong></span> 
     </span>
    </p>
   </div>
   <div class='ocr_carea' id='block_1_2' title="bbox 1481 282 2728 349">
    <p class='ocr_par' dir='ltr' id='par_1_2' title="bbox 1481 282 2728 349">
     <span class='ocr_line' id='line_1_2' title="bbox 1481 282 2728 349; baseline 0.001 -4"><span class='ocrx_word' id='word_1_2' title='bbox 1481 289 1537 345; x_wconf 87' lang='lat' dir='ltr'><strong>S.</strong></span> <span class='ocrx_word' id='word_1_3' title='bbox 1579 289 1858 346; x_wconf 76' lang='lat' dir='ltr'><strong>CYRILLI</strong></span> <span class='ocrx_word' id='word_1_4' title='bbox 1897 282 2370 349; x_wconf 77' lang='lat' dir='ltr'><strong>ALEXANDBINI</strong></span> <span class='ocrx_word' id='word_1_5' title='bbox 2411 291 2728 348; x_wconf 80' lang='lat' dir='ltr'><strong>ARCHIEP.</strong></span> 
     </span>
    </p>
   </div>
   <div class='ocr_carea' id='block_1_3' title="bbox 3626 299 3730 353">
    <p class='ocr_par' dir='ltr' id='par_1_3' title="bbox 3626 299 3730 353">
     <span class='ocr_line' id='line_1_3' title="bbox 3626 299 3730 353; baseline 0.029 -3"><span class='ocrx_word' id='word_1_6' title='bbox 3626 299 3730 353; x_wconf 66' lang='grc'><strong>744</strong></span> 
     </span>
    </p>
   </div>
   <div class='ocr_carea' id='block_1_4' title="bbox 442 408 2026 486">
    <p class='ocr_par' dir='ltr' id='par_1_4' title="bbox 442 408 2026 484">
     <span class='ocr_line' id='line_1_4' title="bbox 442 408 2026 484; baseline 0.001 -20"><span class='ocrx_word' id='word_1_7' title='bbox 442 408 499 465; x_wconf 90' lang='lat' dir='ltr'><strong>id</strong></span> <span class='ocrx_word' id='word_1_8' title='bbox 536 411 688 466; x_wconf 89' lang='lat' dir='ltr'><strong>enim</strong></span> <span class='ocrx_word' id='word_1_9' title='bbox 720 420 825 476; x_wconf 84' lang='lat' dir='ltr'><strong>est,</strong></span> <span class='ocrx_word' id='word_1_10' title='bbox 862 421 925 465; x_wconf 86' lang='lat' dir='ltr'><strong>ut</strong></span> <span class='ocrx_word' id='word_1_11' title='bbox 953 411 1170 480; x_wconf 83' lang='lat' dir='ltr'><strong>Opinor,</strong></span> <span class='ocrx_word' id='word_1_12' title='bbox 1217 409 1375 474; x_wconf 88' lang='lat' dir='ltr'><strong>illud,</strong></span> <span class='ocrx_word' id='word_1_13' title='bbox 1414 409 1481 464; x_wconf 83' lang='lat' dir='ltr'><strong>Et</strong></span> <span class='ocrx_word' id='word_1_14' title='bbox 1509 410 1706 466; x_wconf 82' lang='lat' dir='ltr'><strong>inferet</strong></span> <span class='ocrx_word' id='word_1_15' title='bbox 1733 423 1914 466; x_wconf 74' lang='lat' dir='ltr'><strong>Aaron</strong></span> <span class='ocrx_word' id='word_1_16' title='bbox 1954 415 2026 484; x_wconf 88' lang='lat' dir='ltr'><strong>ju-</strong></span> 
     </span>
    </p>
   </div>
   <div class='ocr_carea' id='block_1_5' title="bbox 2130 408 3735 486">
    <p class='ocr_par' dir='ltr' id='par_1_5' title="bbox 2145 411 3735 486">
     <span class='ocr_line' id='line_1_5' title="bbox 2145 411 3735 486; baseline 0.001 -20"><span class='ocrx_word' id='word_1_17' title='bbox 2145 414 2326 468; x_wconf 75' lang='grc' dir='ltr'>ἔναντι</span> <span class='ocrx_word' id='word_1_18' title='bbox 2393 415 2596 486; x_wconf 82' lang='grc' dir='ltr'>Κυρίου</span> <span class='ocrx_word' id='word_1_19' title='bbox 2661 413 2752 466; x_wconf 72' lang='grc' dir='ltr'>ἐπὶ</span> <span class='ocrx_word' id='word_1_20' title='bbox 2780 411 2874 465; x_wconf 87' lang='grc' dir='ltr'><strong>τοῦ</strong></span> <span class='ocrx_word' id='word_1_21' title='bbox 2924 412 3153 483; x_wconf 71' lang='grc' dir='ltr'>στήθους</span> <span class='ocrx_word' id='word_1_22' title='bbox 3219 413 3380 468; x_wconf 82' lang='grc' dir='ltr'>αὑτοῦ</span> <span class='ocrx_word' id='word_1_23' title='bbox 3438 412 3526 468; x_wconf 69' lang='grc' dir='ltr'><strong>διὰ</strong></span> <span class='ocrx_word' id='word_1_24' title='bbox 3590 433 3735 468; x_wconf 87' lang='grc' dir='ltr'>παν-</span> 
     </span>
    </p>
   </div>
   <div class='ocr_carea' id='block_1_6' title="bbox 443 501 2037 572">
    <p class='ocr_par' dir='ltr' id='par_1_6' title="bbox 443 501 2037 572">
     <span class='ocr_line' id='line_1_6' title="bbox 443 501 2037 572; baseline 0.002 -16"><span class='ocrx_word' id='word_1_25' title='bbox 443 502 586 557; x_wconf 87' lang='lat' dir='ltr'><strong>dicia</strong></span> <span class='ocrx_word' id='word_1_26' title='bbox 630 502 870 558; x_wconf 81' lang='lat' dir='ltr'><strong>filiorum</strong></span> <span class='ocrx_word' id='word_1_27' title='bbox 908 501 1073 556; x_wconf 89' lang='lat' dir='ltr'><strong>Israel</strong></span> <span class='ocrx_word' id='word_1_28' title='bbox 1111 516 1294 554; x_wconf 88' lang='lat' dir='ltr'><strong>coram</strong></span> <span class='ocrx_word' id='word_1_29' title='bbox 1337 502 1569 556; x_wconf 88' lang='lat' dir='ltr'><strong>Domino</strong></span> <span class='ocrx_word' id='word_1_30' title='bbox 1599 502 1653 555; x_wconf 89' lang='lat' dir='ltr'><strong>in</strong></span> <span class='ocrx_word' id='word_1_31' title='bbox 1693 513 1913 572; x_wconf 76' lang='lat' dir='ltr'><strong>pectore</strong></span> <span class='ocrx_word' id='word_1_32' title='bbox 1937 520 2037 560; x_wconf 93' lang='lat' dir='ltr'><strong>suo</strong></span> 
     </span>
    </p>
   </div>
   <div class='ocr_carea' id='block_1_7' title="bbox 443 594 885 665">
    <p class='ocr_par' dir='ltr' id='par_1_7' title="bbox 443 594 885 665">
     <span class='ocr_line' id='line_1_7' title="bbox 443 594 885 665; baseline -0.002 -18"><span class='ocrx_word' id='word_1_33' title='bbox 443 594 497 648; x_wconf 91' lang='lat' dir='ltr'><strong>in</strong></span> <span class='ocrx_word' id='word_1_34' title='bbox 533 604 885 665; x_wconf 88' lang='lat' dir='ltr'><strong>perpetuum.</strong></span> 
     </span>
    </p>
   </div>
   <div class='ocr_carea' id='block_1_8' title="bbox 515 686 968 741">
    <p class='ocr_par' dir='ltr' id='par_1_8' title="bbox 515 686 968 741">
     <span class='ocr_line' id='line_1_8' title="bbox 515 686 968 741; baseline -0.007 0"><span class='ocrx_word' id='word_1_35' title='bbox 515 686 713 741; x_wconf 77' lang='lat' dir='ltr'><strong>PALL.</strong></span> <span class='ocrx_word' id='word_1_36' title='bbox 752 687 833 740; x_wconf 89' lang='lat' dir='ltr'><strong>Ita</strong></span> <span class='ocrx_word' id='word_1_37' title='bbox 863 696 968 741; x_wconf 91' lang='lat' dir='ltr'><strong>est.</strong></span> 
     </span>
    </p>
   </div>
   <div class='ocr_carea' id='block_1_9' title="bbox 515 776 2035 849">
    <p class='ocr_par' dir='ltr' id='par_1_9' title="bbox 515 776 2035 849">
     <span class='ocr_line' id='line_1_9' title="bbox 515 776 2035 849; baseline -0.001 -17"><span class='ocrx_word' id='word_1_38' title='bbox 515 776 670 832; x_wconf 80' lang='lat' dir='ltr'><strong>CYB.</strong></span> <span class='ocrx_word' id='word_1_39' title='bbox 713 778 932 834; x_wconf 83' lang='lat' dir='ltr'><strong>Vestem</strong></span> <span class='ocrx_word' id='word_1_40' title='bbox 961 779 1144 834; x_wconf 88' lang='lat' dir='ltr'><strong>adhuc</strong></span> <span class='ocrx_word' id='word_1_41' title='bbox 1177 779 1469 849; x_wconf 81' lang='lat' dir='ltr'><strong>quamdam</strong></span> <span class='ocrx_word' id='word_1_42' title='bbox 1495 793 1705 832; x_wconf 88' lang='lat' dir='ltr'><strong>sacram</strong></span> <span class='ocrx_word' id='word_1_43' title='bbox 1755 787 1811 832; x_wconf 85' lang='lat' dir='ltr'><strong>et</strong></span> <span class='ocrx_word' id='word_1_44' title='bbox 1861 778 2035 833; x_wconf 91' lang='lat' dir='ltr'><strong>admi-</strong></span> 
     </span>
    </p>
   </div>
   <div class='ocr_carea' id='block_1_10' title="bbox 443 872 2035 945">
    <p class='ocr_par' dir='ltr' id='par_1_10' title="bbox 443 872 2035 945">
     <span class='ocr_line' id='line_1_10' title="bbox 443 872 2035 945; baseline 0.001 -19"><span class='ocrx_word' id='word_1_45' title='bbox 443 873 674 928; x_wconf 88' lang='lat' dir='ltr'><strong>rabilem</strong></span> <span class='ocrx_word' id='word_1_46' title='bbox 697 873 1008 945; x_wconf 83' lang='lat' dir='ltr'><strong>ﬁerijubet,</strong></span> <span class='ocrx_word' id='word_1_47' title='bbox 1031 874 1252 932; x_wconf 86' lang='lat' dir='ltr'><strong>dicens:</strong></span> <span class='ocrx_word' id='word_1_48' title='bbox 1291 894 1307 924; x_wconf 78' lang='grc' dir='ltr'><strong>ι</strong></span> <span class='ocrx_word' id='word_1_49' title='bbox 1335 874 1402 927; x_wconf 85' lang='lat' dir='ltr'><strong>Et</strong></span> <span class='ocrx_word' id='word_1_50' title='bbox 1424 873 1595 928; x_wconf 80' lang='lat' dir='ltr'><strong>facies</strong></span> <span class='ocrx_word' id='word_1_51' title='bbox 1625 873 1865 927; x_wconf 91' lang='lat' dir='ltr'><strong>tunicam</strong></span> <span class='ocrx_word' id='word_1_52' title='bbox 1899 872 2035 927; x_wconf 89' lang='lat' dir='ltr'><strong>tala-</strong></span> 
     </span>
    </p>
   </div>
   <div class='ocr_carea' id='block_1_11' title="bbox 443 966 2038 1038">
    <p class='ocr_par' dir='ltr' id='par_1_11' title="bbox 443 966 2038 1038">
     <span class='ocr_line' id='line_1_11' title="bbox 443 966 2038 1038; baseline 0.001 -20"><span class='ocrx_word' id='word_1_53' title='bbox 443 979 580 1029; x_wconf 91' lang='lat' dir='ltr'><strong>rem,</strong></span> <span class='ocrx_word' id='word_1_54' title='bbox 618 973 790 1019; x_wconf 91' lang='lat' dir='ltr'><strong>totam</strong></span> <span class='ocrx_word' id='word_1_55' title='bbox 830 966 1277 1038; x_wconf 85' lang='lat' dir='ltr'><strong>hyacinthinam;</strong></span> <span class='ocrx_word' id='word_1_56' title='bbox 1310 976 1365 1020; x_wconf 89' lang='lat' dir='ltr'><strong>et</strong></span> <span class='ocrx_word' id='word_1_57' title='bbox 1393 966 1499 1020; x_wconf 87' lang='lat' dir='ltr'><strong>erit</strong></span> <span class='ocrx_word' id='word_1_58' title='bbox 1531 967 1794 1035; x_wconf 77' lang='lat' dir='ltr'><strong>capitium</strong></span> <span class='ocrx_word' id='word_1_59' title='bbox 1823 981 1891 1020; x_wconf 83' lang='lat' dir='ltr'><strong>ex</strong></span> <span class='ocrx_word' id='word_1_60' title='bbox 1920 966 2038 1036; x_wconf 90' lang='lat' dir='ltr'><strong>ipsa</strong></span> 
     </span>
    </p>
   </div>
   <div class='ocr_carea' id='block_1_12' title="bbox 442 1057 2038 1127">
    <p class='ocr_par' dir='ltr' id='par_1_12' title="bbox 442 1057 2038 1127">
     <span class='ocr_line' id='line_1_12' title="bbox 442 1057 2038 1127; baseline -0.001 -16"><span class='ocrx_word' id='word_1_61' title='bbox 442 1057 710 1123; x_wconf 89' lang='lat' dir='ltr'><strong>medium,</strong></span> <span class='ocrx_word' id='word_1_62' title='bbox 738 1073 894 1112; x_wconf 89' lang='lat' dir='ltr'><strong>oram</strong></span> <span class='ocrx_word' id='word_1_63' title='bbox 927 1059 1139 1114; x_wconf 84' lang='lat' dir='ltr'><strong>habens</strong></span> <span class='ocrx_word' id='word_1_64' title='bbox 1160 1058 1214 1112; x_wconf 92' lang='lat' dir='ltr'><strong>in</strong></span> <span class='ocrx_word' id='word_1_65' title='bbox 1241 1059 1478 1113; x_wconf 88' lang='lat' dir='ltr'><strong>circuitu</strong></span> <span class='ocrx_word' id='word_1_66' title='bbox 1514 1057 1722 1127; x_wconf 87' lang='lat' dir='ltr'><strong>capitii,</strong></span> <span class='ocrx_word' id='word_1_67' title='bbox 1756 1072 1896 1127; x_wconf 83' lang='lat' dir='ltr'><strong>Opus</strong></span> <span class='ocrx_word' id='word_1_68' title='bbox 1921 1066 2038 1111; x_wconf 79' lang='lat' dir='ltr'><strong>tex-</strong></span> 
     </span>
    </p>
   </div>
   <div class='ocr_carea' id='block_1_13' title="bbox 441 1149 2032 1220">
    <p class='ocr_par' dir='ltr' id='par_1_13' title="bbox 441 1149 2032 1220">
     <span class='ocr_line' id='line_1_13' title="bbox 441 1149 2032 1220; baseline -0.001 -18"><span class='ocrx_word' id='word_1_69' title='bbox 441 1149 600 1214; x_wconf 82' lang='lat' dir='ltr'><strong>toris,</strong></span> <span class='ocrx_word' id='word_1_70' title='bbox 627 1151 1042 1205; x_wconf 86' lang='lat' dir='ltr'><strong>commissuram</strong></span> <span class='ocrx_word' id='word_1_71' title='bbox 1061 1158 1372 1204; x_wconf 79' lang='lat' dir='ltr'><strong>contextam</strong></span> <span class='ocrx_word' id='word_1_72' title='bbox 1389 1165 1456 1204; x_wconf 78' lang='lat' dir='ltr'><strong>ex</strong></span> <span class='ocrx_word' id='word_1_73' title='bbox 1475 1149 1700 1220; x_wconf 81' lang='lat' dir='ltr'><strong>ipsa,ne</strong></span> <span class='ocrx_word' id='word_1_74' title='bbox 1724 1158 2032 1217; x_wconf 83' lang='lat' dir='ltr'><strong>rumpatur.</strong></span> 
     </span>
    </p>
   </div>
   <div class='ocr_carea' id='block_1_14' title="bbox 441 1239 2034 1310">
    <p class='ocr_par' dir='ltr' id='par_1_14' title="bbox 441 1239 2034 1310">
     <span class='ocr_line' id='line_1_14' title="bbox 441 1239 2034 1310; baseline -0.001 -14"><span class='ocrx_word' id='word_1_75' title='bbox 441 1239 511 1296; x_wconf 85' lang='lat' dir='ltr'><strong>Et</strong></span> <span class='ocrx_word' id='word_1_76' title='bbox 539 1240 708 1295; x_wconf 84' lang='lat' dir='ltr'><strong>facies</strong></span> <span class='ocrx_word' id='word_1_77' title='bbox 735 1240 801 1295; x_wconf 93' lang='lat' dir='ltr'><strong>ad</strong></span> <span class='ocrx_word' id='word_1_78' title='bbox 834 1249 1142 1296; x_wconf 78' lang='lat' dir='ltr'><strong>extremum</strong></span> <span class='ocrx_word' id='word_1_79' title='bbox 1196 1242 1398 1296; x_wconf 66' lang='lat' dir='ltr'><strong>tunicae</strong></span> <span class='ocrx_word' id='word_1_80' title='bbox 1430 1241 1711 1306; x_wconf 82' lang='lat' dir='ltr'><strong>deorsum,</strong></span> <span class='ocrx_word' id='word_1_81' title='bbox 1747 1240 1901 1310; x_wconf 90' lang='lat' dir='ltr'><strong>quasi</strong></span> <span class='ocrx_word' id='word_1_82' title='bbox 1933 1239 2034 1294; x_wconf 85' lang='lat' dir='ltr'><strong>llo-</strong></span> 
     </span>
    </p>
   </div>
   <div class='ocr_carea' id='block_1_15' title="bbox 441 1331 2034 1404">
    <p class='ocr_par' dir='ltr' id='par_1_15' title="bbox 441 1331 2034 1404">
     <span class='ocr_line' id='line_1_15' title="bbox 441 1331 2034 1404; baseline 0 -18"><span class='ocrx_word' id='word_1_83' title='bbox 441 1331 621 1386; x_wconf 84' lang='lat' dir='ltr'><strong>rentis</strong></span> <span class='ocrx_word' id='word_1_84' title='bbox 657 1332 787 1386; x_wconf 86' lang='lat' dir='ltr'><strong>mali</strong></span> <span class='ocrx_word' id='word_1_85' title='bbox 821 1332 1009 1402; x_wconf 90' lang='lat' dir='ltr'><strong>punici</strong></span> <span class='ocrx_word' id='word_1_86' title='bbox 1046 1333 1420 1404; x_wconf 82' lang='lat' dir='ltr'><strong>malogranata</strong></span> <span class='ocrx_word' id='word_1_87' title='bbox 1453 1349 1520 1388; x_wconf 77' lang='lat' dir='ltr'><strong>ex</strong></span> <span class='ocrx_word' id='word_1_88' title='bbox 1560 1332 1876 1404; x_wconf 79' lang='lat' dir='ltr'><strong>hyacintho,</strong></span> <span class='ocrx_word' id='word_1_89' title='bbox 1902 1348 2034 1402; x_wconf 89' lang='lat' dir='ltr'><strong>pur-</strong></span> 
     </span>
    </p>
   </div>
   <div class='ocr_carea' id='block_1_16' title="bbox 437 1425 2034 1498">
    <p class='ocr_par' dir='ltr' id='par_1_16' title="bbox 437 1425 2034 1498">
     <span class='ocr_line' id='line_1_16' title="bbox 437 1425 2034 1498; baseline 0.003 -22"><span class='ocrx_word' id='word_1_90' title='bbox 437 1438 599 1493; x_wconf 88' lang='lat' dir='ltr'><strong>pura,</strong></span> <span class='ocrx_word' id='word_1_91' title='bbox 634 1433 692 1479; x_wconf 89' lang='lat' dir='ltr'><strong>et</strong></span> <span class='ocrx_word' id='word_1_92' title='bbox 722 1425 948 1480; x_wconf 90' lang='lat' dir='ltr'><strong>coccino</strong></span> <span class='ocrx_word' id='word_1_93' title='bbox 982 1435 1131 1489; x_wconf 91' lang='lat' dir='ltr'><strong>neto,</strong></span> <span class='ocrx_word' id='word_1_94' title='bbox 1165 1435 1222 1480; x_wconf 92' lang='lat' dir='ltr'><strong>et</strong></span> <span class='ocrx_word' id='word_1_95' title='bbox 1245 1427 1406 1498; x_wconf 81' lang='lat' dir='ltr'><strong>bysso</strong></span> <span class='ocrx_word' id='word_1_96' title='bbox 1436 1435 1580 1480; x_wconf 82' lang='lat' dir='ltr'><strong>torta</strong></span> <span class='ocrx_word' id='word_1_97' title='bbox 1601 1426 1657 1480; x_wconf 88' lang='lat' dir='ltr'><strong>in</strong></span> <span class='ocrx_word' id='word_1_98' title='bbox 1690 1426 2034 1482; x_wconf 77' lang='lat' dir='ltr'><strong>extremitate</strong></span> 
     </span>
    </p>
   </div>
   <div class='ocr_carea' id='block_1_17' title="bbox 440 1515 2032 1589">
    <p class='ocr_par' dir='ltr' id='par_1_17' title="bbox 440 1515 2032 1589">
     <span class='ocr_line' id='line_1_17' title="bbox 440 1515 2032 1589; baseline 0.002 -21"><span class='ocrx_word' id='word_1_99' title='bbox 440 1515 641 1570; x_wconf 55' lang='lat' dir='ltr'><strong>tunicae</strong></span> <span class='ocrx_word' id='word_1_100' title='bbox 687 1516 743 1570; x_wconf 92' lang='lat' dir='ltr'><strong>in</strong></span> <span class='ocrx_word' id='word_1_101' title='bbox 776 1516 1038 1572; x_wconf 89' lang='lat' dir='ltr'><strong>circuitu.</strong></span> <span class='ocrx_word' id='word_1_102' title='bbox 1091 1518 1292 1573; x_wconf 87' lang='lat' dir='ltr'><strong>Eadem</strong></span> <span class='ocrx_word' id='word_1_103' title='bbox 1327 1518 1538 1588; x_wconf 89' lang='lat' dir='ltr'><strong>species</strong></span> <span class='ocrx_word' id='word_1_104' title='bbox 1566 1519 1671 1572; x_wconf 87' lang='lat' dir='ltr'><strong>erit</strong></span> <span class='ocrx_word' id='word_1_105' title='bbox 1693 1518 2032 1589; x_wconf 78' lang='lat' dir='ltr'><strong>malograna-</strong></span> 
     </span>
    </p>
   </div>
   <div class='ocr_carea' id='block_1_18' title="bbox 441 1601 2031 1680">
    <p class='ocr_par' dir='ltr' id='par_1_18' title="bbox 441 1601 2031 1680">
     <span class='ocr_line' id='line_1_18' title="bbox 441 1601 2031 1680; baseline 0.006 -24"><span class='ocrx_word' id='word_1_106' title='bbox 441 1601 622 1659; x_wconf 87' lang='lat' dir='ltr'><strong>tis:et</strong></span> <span class='ocrx_word' id='word_1_107' title='bbox 655 1605 1022 1661; x_wconf 90' lang='lat' dir='ltr'><strong>tintinnabula</strong></span> <span class='ocrx_word' id='word_1_108' title='bbox 1052 1622 1218 1664; x_wconf 89' lang='lat' dir='ltr'><strong>aurea</strong></span> <span class='ocrx_word' id='word_1_109' title='bbox 1245 1609 1313 1663; x_wconf 89' lang='lat' dir='ltr'><strong>iis</strong></span> <span class='ocrx_word' id='word_1_110' title='bbox 1334 1609 1654 1680; x_wconf 90' lang='lat' dir='ltr'><strong>interposita</strong></span> <span class='ocrx_word' id='word_1_111' title='bbox 1682 1610 1738 1664; x_wconf 91' lang='lat' dir='ltr'><strong>in</strong></span> <span class='ocrx_word' id='word_1_112' title='bbox 1765 1610 2031 1676; x_wconf 90' lang='lat' dir='ltr'><strong>circuitu;</strong></span> 
     </span>
    </p>
   </div>
   <div class='ocr_carea' id='block_1_19' title="bbox 438 1697 2029 1770">
    <p class='ocr_par' dir='ltr' id='par_1_19' title="bbox 438 1697 2029 1770">
     <span class='ocr_line' id='line_1_19' title="bbox 438 1697 2029 1770; baseline 0.005 -21"><span class='ocrx_word' id='word_1_113' title='bbox 438 1704 564 1764; x_wconf 86' lang='lat' dir='ltr'><strong>post</strong></span> <span class='ocrx_word' id='word_1_114' title='bbox 588 1697 802 1768; x_wconf 83' lang='lat' dir='ltr'><strong>singula</strong></span> <span class='ocrx_word' id='word_1_115' title='bbox 821 1699 1191 1770; x_wconf 79' lang='lat' dir='ltr'><strong>malogranata</strong></span> <span class='ocrx_word' id='word_1_116' title='bbox 1214 1701 1647 1756; x_wconf 88' lang='lat' dir='ltr'><strong>tintinnabulum</strong></span> <span class='ocrx_word' id='word_1_117' title='bbox 1673 1713 1728 1757; x_wconf 92' lang='lat' dir='ltr'><strong>et</strong></span> <span class='ocrx_word' id='word_1_118' title='bbox 1751 1703 2029 1767; x_wconf 86' lang='lat' dir='ltr'><strong>ﬂoridum,</strong></span> 
     </span>
    </p>
   </div>
   <div class='ocr_carea' id='block_1_20' title="bbox 2139 507 2253 570">
    <p class='ocr_par' dir='ltr' id='par_1_20' title="bbox 2139 507 2253 570">
     <span class='ocr_line' id='line_1_20' title="bbox 2139 507 2253 570; baseline -0.009 -11"><span class='ocrx_word' id='word_1_119' title='bbox 2139 507 2253 570; x_wconf 86' lang='grc' dir='ltr'>τός.</span> 
     </span>
    </p>
   </div>
   <div class='ocr_carea' id='block_1_21' title="bbox 2214 683 2708 755">
    <p class='ocr_par' dir='ltr' id='par_1_21' title="bbox 2214 683 2708 755">
     <span class='ocr_line' id='line_1_21' title="bbox 2214 683 2708 755; baseline 0.004 -19"><span class='ocrx_word' id='word_1_120' title='bbox 2214 683 2422 736; x_wconf 62' lang='lat' dir='ltr'><strong>nam.</strong></span> <span class='ocrx_word' id='word_1_121' title='bbox 2466 683 2708 755; x_wconf 78' lang='grc' dir='ltr'><strong>Ἀληθές.</strong></span> 
     </span>
    </p>
   </div>
   <div class='ocr_carea' id='block_1_22' title="bbox 2210 775 3734 851">
    <p class='ocr_par' dir='ltr' id='par_1_22' title="bbox 2210 775 3734 851">
     <span class='ocr_line' id='line_1_22' title="bbox 2210 775 3734 851; baseline 0.003 -23"><span class='ocrx_word' id='word_1_122' title='bbox 2210 775 2376 831; x_wconf 88' lang='grc' dir='ltr'>ΚΥΡ.</span> <span class='ocrx_word' id='word_1_123' title='bbox 2424 775 2772 848; x_wconf 85' lang='grc' dir='ltr'>Ἱεροπρεπὲς</span> <span class='ocrx_word' id='word_1_124' title='bbox 2810 777 2866 831; x_wconf 82' lang='grc' dir='ltr'>δέ</span> <span class='ocrx_word' id='word_1_125' title='bbox 2909 794 2958 830; x_wconf 91' lang='grc' dir='ltr'><strong>τι</strong></span> <span class='ocrx_word' id='word_1_126' title='bbox 3011 779 3104 831; x_wconf 74' lang='grc' dir='ltr'>καὶ</span> <span class='ocrx_word' id='word_1_127' title='bbox 3145 777 3475 847; x_wconf 78' lang='grc' dir='ltr'>ἁξιάγαστον</span> <span class='ocrx_word' id='word_1_128' title='bbox 3522 780 3734 851; x_wconf 77' lang='grc' dir='ltr'>ἄμφιον</span> 
     </span>
    </p>
   </div>
   <div class='ocr_carea' id='block_1_23' title="bbox 2141 869 3738 940">
    <p class='ocr_par' dir='ltr' id='par_1_23' title="bbox 2141 869 3738 940">
     <span class='ocr_line' id='line_1_23' title="bbox 2141 869 3738 940; baseline 0.004 -18"><span class='ocrx_word' id='word_1_129' title='bbox 2141 869 2649 934; x_wconf 76' lang='grc' dir='ltr'><strong>κατασκευάζεσθαι</strong></span> <span class='ocrx_word' id='word_1_130' title='bbox 2689 873 2798 925; x_wconf 88' lang='grc' dir='ltr'>δεῖν</span> <span class='ocrx_word' id='word_1_131' title='bbox 2839 873 3119 926; x_wconf 75' lang='grc' dir='ltr'><strong>ἐπιτάττει</strong></span> <span class='ocrx_word' id='word_1_132' title='bbox 3151 871 3360 940; x_wconf 82' lang='grc' dir='ltr'>λέγων’</span> <span class='ocrx_word' id='word_1_133' title='bbox 3398 892 3416 923; x_wconf 84' lang='grc' dir='ltr'><strong>ι</strong></span> <span class='ocrx_word' id='word_1_134' title='bbox 3463 873 3576 927; x_wconf 78' lang='grc' dir='ltr'>Καὶ</span> <span class='ocrx_word' id='word_1_135' title='bbox 3605 892 3738 928; x_wconf 78' lang='grc' dir='ltr'>ποιο</span> 
     </span>
    </p>
   </div>
   <div class='ocr_carea' id='block_1_24' title="bbox 2140 961 3735 1036">
    <p class='ocr_par' dir='ltr' id='par_1_24' title="bbox 2140 961 3735 1036">
     <span class='ocr_line' id='line_1_24' title="bbox 2140 961 3735 1036; baseline 0.002 -21"><span class='ocrx_word' id='word_1_136' title='bbox 2140 963 2293 1031; x_wconf 78' lang='grc' dir='ltr'>ήσεις</span> <span class='ocrx_word' id='word_1_137' title='bbox 2327 961 2598 1033; x_wconf 83' lang='grc' dir='ltr'><strong>ὑποδύτην</strong></span> <span class='ocrx_word' id='word_1_138' title='bbox 2623 963 2754 1035; x_wconf 79' lang='grc' dir='ltr'>ποδή</span> <span class='ocrx_word' id='word_1_139' title='bbox 2765 981 2856 1036; x_wconf 90' lang='grc' dir='ltr'><strong>ρη,</strong></span> <span class='ocrx_word' id='word_1_140' title='bbox 2876 963 2995 1018; x_wconf 82' lang='grc' dir='ltr'>ὅλον</span> <span class='ocrx_word' id='word_1_141' title='bbox 3025 965 3353 1027; x_wconf 77' lang='grc' dir='ltr'><strong>ὑακίνθινον,</strong></span> <span class='ocrx_word' id='word_1_142' title='bbox 3375 965 3470 1018; x_wconf 72' lang='grc' dir='ltr'><strong>κιιῖ⁵</strong></span> <span class='ocrx_word' id='word_1_143' title='bbox 3492 963 3646 1018; x_wconf 78' lang='grc' dir='ltr'>ἔσται</span> <span class='ocrx_word' id='word_1_144' title='bbox 3668 966 3735 1018; x_wconf 78' lang='grc' dir='ltr'>τὸ</span> 
     </span>
    </p>
   </div>
   <div class='ocr_carea' id='block_1_25' title="bbox 2140 1054 3735 1128">
    <p class='ocr_par' dir='ltr' id='par_1_25' title="bbox 2140 1054 3735 1128">
     <span class='ocr_line' id='line_1_25' title="bbox 2140 1054 3735 1128; baseline 0.003 -23"><span class='ocrx_word' id='word_1_145' title='bbox 2140 1055 2491 1126; x_wconf 82' lang='grc' dir='ltr'>περιστόμιον</span> <span class='ocrx_word' id='word_1_146' title='bbox 2527 1055 2587 1120; x_wconf 76' lang='grc' dir='ltr'>ἐξ</span> <span class='ocrx_word' id='word_1_147' title='bbox 2623 1055 2789 1109; x_wconf 83' lang='grc' dir='ltr'>αὐτοῦ</span> <span class='ocrx_word' id='word_1_148' title='bbox 2835 1057 3033 1127; x_wconf 76' lang='grc' dir='ltr'>μέσον,</span> <span class='ocrx_word' id='word_1_149' title='bbox 3084 1055 3196 1110; x_wconf 79' lang='grc' dir='ltr'><strong>ῶαν</strong></span> <span class='ocrx_word' id='word_1_150' title='bbox 3225 1056 3364 1126; x_wconf 77' lang='grc' dir='ltr'>ἔχων</span> <span class='ocrx_word' id='word_1_151' title='bbox 3401 1057 3588 1128; x_wconf 82' lang='grc' dir='ltr'>κύκλῳ</span> <span class='ocrx_word' id='word_1_152' title='bbox 3630 1054 3735 1112; x_wconf 82' lang='grc' dir='ltr'><strong>τοῦ</strong></span> 
     </span>
    </p>
   </div>
   <div class='ocr_carea' id='block_1_26' title="bbox 2139 1147 3729 1221">
    <p class='ocr_par' dir='ltr' id='par_1_26' title="bbox 2139 1147 3729 1221">
     <span class='ocr_line' id='line_1_26' title="bbox 2139 1147 3729 1221; baseline 0.004 -23"><span class='ocrx_word' id='word_1_153' title='bbox 2139 1147 2492 1218; x_wconf 83' lang='grc' dir='ltr'>περιστομίου</span> <span class='ocrx_word' id='word_1_154' title='bbox 2513 1188 2528 1212; x_wconf 89' lang='grc'><strong>,</strong></span> <span class='ocrx_word' id='word_1_155' title='bbox 2564 1148 2726 1218; x_wconf 83' lang='grc' dir='ltr'>ἔργον</span> <span class='ocrx_word' id='word_1_156' title='bbox 2753 1149 3020 1219; x_wconf 85' lang='grc' dir='ltr'>ὑφάντου,</span> <span class='ocrx_word' id='word_1_157' title='bbox 3051 1148 3150 1219; x_wconf 81' lang='grc' dir='ltr'>τὴν</span> <span class='ocrx_word' id='word_1_158' title='bbox 3180 1150 3454 1221; x_wconf 81' lang='grc' dir='ltr'>συμϐολὴν</span> <span class='ocrx_word' id='word_1_159' title='bbox 3483 1168 3729 1220; x_wconf 87' lang='grc' dir='ltr'>συνυφα-</span> 
     </span>
    </p>
   </div>
   <div class='ocr_carea' id='block_1_27' title="bbox 2141 1234 3731 1310">
    <p class='ocr_par' dir='ltr' id='par_1_27' title="bbox 2141 1234 3731 1310">
     <span class='ocr_line' id='line_1_27' title="bbox 2141 1234 3731 1310; baseline 0.006 -25"><span class='ocrx_word' id='word_1_160' title='bbox 2141 1237 2346 1304; x_wconf 74' lang='grc' dir='ltr'>σμένην</span> <span class='ocrx_word' id='word_1_161' title='bbox 2388 1234 2446 1298; x_wconf 73' lang='grc' dir='ltr'>ἐξ</span> <span class='ocrx_word' id='word_1_162' title='bbox 2477 1235 2676 1302; x_wconf 86' lang='grc' dir='ltr'>αὑτοῦ,</span> <span class='ocrx_word' id='word_1_163' title='bbox 2720 1237 2808 1290; x_wconf 77' lang='grc' dir='ltr'>ἵνα</span> <span class='ocrx_word' id='word_1_164' title='bbox 2851 1238 2926 1308; x_wconf 81' lang='grc' dir='ltr'>μὴ</span> <span class='ocrx_word' id='word_1_165' title='bbox 2981 1241 3146 1310; x_wconf 76' lang='grc' dir='ltr'>ῥαγῇ.</span> <span class='ocrx_word' id='word_1_166' title='bbox 3186 1240 3296 1292; x_wconf 72' lang='grc' dir='ltr'>Καὶ</span> <span class='ocrx_word' id='word_1_167' title='bbox 3337 1242 3587 1308; x_wconf 82' lang='grc' dir='ltr'>ποιήσεις</span> <span class='ocrx_word' id='word_1_168' title='bbox 3617 1241 3731 1294; x_wconf 83' lang='grc' dir='ltr'>ὑπὸ</span> 
     </span>
    </p>
   </div>
   <div class='ocr_carea' id='block_1_28' title="bbox 2135 1324 3728 1405">
    <p class='ocr_par' dir='ltr' id='par_1_28' title="bbox 2135 1324 3728 1405">
     <span class='ocr_line' id='line_1_28' title="bbox 2135 1324 3728 1405; baseline 0.007 -29"><span class='ocrx_word' id='word_1_169' title='bbox 2135 1324 2198 1378; x_wconf 82' lang='grc' dir='ltr'>τὸ</span> <span class='ocrx_word' id='word_1_170' title='bbox 2236 1324 2395 1396; x_wconf 86' lang='grc' dir='ltr'>λῶμα</span> <span class='ocrx_word' id='word_1_171' title='bbox 2442 1327 2535 1379; x_wconf 86' lang='grc' dir='ltr'><strong>τοῦ</strong></span> <span class='ocrx_word' id='word_1_172' title='bbox 2583 1327 2848 1382; x_wconf 83' lang='grc' dir='ltr'>ὑποδύτου</span> <span class='ocrx_word' id='word_1_173' title='bbox 2889 1330 3169 1390; x_wconf 84' lang='grc' dir='ltr'>κάτωθεν,</span> <span class='ocrx_word' id='word_1_174' title='bbox 3211 1330 3345 1384; x_wconf 77' lang='grc' dir='ltr'>ὡσεὶ</span> <span class='ocrx_word' id='word_1_175' title='bbox 3391 1332 3728 1405; x_wconf 79' lang='grc' dir='ltr'>ὲξανθούσης</span> 
     </span>
    </p>
   </div>
   <div class='ocr_carea' id='block_1_29' title="bbox 2139 1418 3730 1494">
    <p class='ocr_par' dir='ltr' id='par_1_29' title="bbox 2139 1418 3730 1494">
     <span class='ocr_line' id='line_1_29' title="bbox 2139 1418 3730 1494; baseline 0.006 -24"><span class='ocrx_word' id='word_1_176' title='bbox 2139 1418 2268 1488; x_wconf 73' lang='grc' dir='ltr'>ῥόας</span> <span class='ocrx_word' id='word_1_177' title='bbox 2305 1419 2557 1488; x_wconf 76' lang='grc' dir='ltr'>ῥοΐσκους</span> <span class='ocrx_word' id='word_1_178' title='bbox 2580 1418 2639 1485; x_wconf 76' lang='grc' dir='ltr'>ἐξ</span> <span class='ocrx_word' id='word_1_179' title='bbox 2661 1419 2941 1486; x_wconf 79' lang='grc' dir='ltr'><strong>ὑακίνθου,</strong></span> <span class='ocrx_word' id='word_1_180' title='bbox 2980 1423 3076 1475; x_wconf 78' lang='grc' dir='ltr'>καὶ</span> <span class='ocrx_word' id='word_1_181' title='bbox 3108 1421 3430 1494; x_wconf 86' lang='grc' dir='ltr'>πορφύρας,</span> <span class='ocrx_word' id='word_1_182' title='bbox 3464 1423 3558 1476; x_wconf 83' lang='grc' dir='ltr'>καὶ</span> <span class='ocrx_word' id='word_1_183' title='bbox 3592 1441 3730 1479; x_wconf 64' lang='lat' dir='ltr'><strong>nox-</strong></span> 
     </span>
    </p>
   </div>
   <div class='ocr_carea' id='block_1_30' title="bbox 2138 1507 3729 1585">
    <p class='ocr_par' dir='ltr' id='par_1_30' title="bbox 2138 1507 3729 1585">
     <span class='ocr_line' id='line_1_30' title="bbox 2138 1507 3729 1585; baseline 0.006 -26"><span class='ocrx_word' id='word_1_184' title='bbox 2138 1507 2288 1561; x_wconf 87' lang='grc' dir='ltr'>κίνου</span> <span class='ocrx_word' id='word_1_185' title='bbox 2319 1509 2765 1578; x_wconf 85' lang='grc' dir='ltr'>διανενησμένου,</span> <span class='ocrx_word' id='word_1_186' title='bbox 2802 1512 2896 1563; x_wconf 79' lang='grc' dir='ltr'>καὶ</span> <span class='ocrx_word' id='word_1_187' title='bbox 2935 1509 3136 1580; x_wconf 80' lang='grc' dir='ltr'>βύσσου</span> <span class='ocrx_word' id='word_1_188' title='bbox 3166 1512 3588 1585; x_wconf 81' lang='grc' dir='ltr'>κεκλωσμένης,</span> <span class='ocrx_word' id='word_1_189' title='bbox 3616 1515 3729 1569; x_wconf 80' lang='grc' dir='ltr'><strong>ὑπὸ</strong></span> 
     </span>
    </p>
   </div>
   <div class='ocr_carea' id='block_1_31' title="bbox 2136 1598 3729 1676">
    <p class='ocr_par' dir='ltr' id='par_1_31' title="bbox 2136 1598 3729 1676">
     <span class='ocr_line' id='line_1_31' title="bbox 2136 1598 3729 1676; baseline 0.004 -23"><span class='ocrx_word' id='word_1_190' title='bbox 2136 1598 2230 1653; x_wconf 87' lang='grc' dir='ltr'><strong>τοῦ</strong></span> <span class='ocrx_word' id='word_1_191' title='bbox 2257 1598 2507 1670; x_wconf 84' lang='grc' dir='ltr'>λὼματος</span> <span class='ocrx_word' id='word_1_192' title='bbox 2531 1600 2624 1654; x_wconf 91' lang='grc' dir='ltr'><strong>τοῦ</strong></span> <span class='ocrx_word' id='word_1_193' title='bbox 2651 1601 2918 1656; x_wconf 87' lang='grc' dir='ltr'>ὑποδύτου</span> <span class='ocrx_word' id='word_1_194' title='bbox 2949 1603 3153 1676; x_wconf 82' lang='grc' dir='ltr'>κύκλῳ.</span> <span class='ocrx_word' id='word_1_195' title='bbox 3181 1604 3256 1658; x_wconf 82' lang='grc' dir='ltr'>Τὸ</span> <span class='ocrx_word' id='word_1_196' title='bbox 3283 1606 3412 1659; x_wconf 74' lang='grc' dir='ltr'>αὐτὸ</span> <span class='ocrx_word' id='word_1_197' title='bbox 3443 1602 3582 1670; x_wconf 81' lang='grc' dir='ltr'>εἶδος</span> <span class='ocrx_word' id='word_1_198' title='bbox 3609 1608 3729 1670; x_wconf 77' lang='grc' dir='ltr'>τοῖς</span> 
     </span>
    </p>
   </div>
   <div class='ocr_carea' id='block_1_32' title="bbox 2139 1692 3729 1769">
    <p class='ocr_par' dir='ltr' id='par_1_32' title="bbox 2139 1692 3729 1769">
     <span class='ocr_line' id='line_1_32' title="bbox 2139 1692 3729 1769; baseline 0.006 -26"><span class='ocrx_word' id='word_1_199' title='bbox 2139 1692 2402 1762; x_wconf 77' lang='grc' dir='ltr'>ῥοΐσκοις,</span> <span class='ocrx_word' id='word_1_200' title='bbox 2450 1695 2544 1746; x_wconf 68' lang='grc' dir='ltr'>καὶ</span> <span class='ocrx_word' id='word_1_201' title='bbox 2602 1693 2855 1758; x_wconf 80' lang='grc' dir='ltr'>κώδωνας</span> <span class='ocrx_word' id='word_1_202' title='bbox 2909 1695 3144 1766; x_wconf 58' lang='grc' dir='ltr'>χρυσοῦς</span> <span class='ocrx_word' id='word_1_203' title='bbox 3193 1696 3470 1769; x_wconf 78' lang='grc' dir='ltr'>ἀναμέσον</span> <span class='ocrx_word' id='word_1_204' title='bbox 3513 1699 3729 1753; x_wconf 84' lang='grc' dir='ltr'>τούτων</span> 
     </span>
    </p>
   </div>
   <div class='ocr_carea' id='block_1_33' title="bbox 438 1763 2026 1860">
    <p class='ocr_par' dir='ltr' id='par_1_33' title="bbox 438 1763 2026 1848">
     <span class='ocr_line' id='line_1_33' title="bbox 438 1763 2026 1848; baseline 0.004 -7"><span class='ocrx_word' id='word_1_205' title='bbox 438 1763 546 1843; x_wconf 76' lang='lat' dir='ltr'><strong>sub</strong></span> <span class='ocrx_word' id='word_1_206' title='bbox 567 1763 920 1846; x_wconf 64' lang='lat' dir='ltr'><strong>extremitate</strong></span> <span class='ocrx_word' id='word_1_207' title='bbox 972 1792 1176 1847; x_wconf 66' lang='lat' dir='ltr'><strong>tunica:</strong></span> <span class='ocrx_word' id='word_1_208' title='bbox 1207 1793 1264 1846; x_wconf 90' lang='lat' dir='ltr'><strong>in</strong></span> <span class='ocrx_word' id='word_1_209' title='bbox 1301 1793 1557 1848; x_wconf 89' lang='lat' dir='ltr'><strong>circuitu.</strong></span> <span class='ocrx_word' id='word_1_210' title='bbox 1607 1794 1675 1848; x_wconf 84' lang='lat' dir='ltr'><strong>Et</strong></span> <span class='ocrx_word' id='word_1_211' title='bbox 1703 1794 1811 1848; x_wconf 89' lang='lat' dir='ltr'><strong>erit</strong></span> <span class='ocrx_word' id='word_1_212' title='bbox 1850 1794 2026 1848; x_wconf 85' lang='lat' dir='ltr'><strong>Aaron</strong></span> 
     </span>
    </p>
   </div>
   <div class='ocr_carea' id='block_1_34' title="bbox 2130 1763 3727 1860">
    <p class='ocr_par' dir='ltr' id='par_1_34' title="bbox 2139 1763 3727 1860">
     <span class='ocr_line' id='line_1_34' title="bbox 2139 1763 3727 1860; baseline 0.004 -22"><span class='ocrx_word' id='word_1_213' title='bbox 2139 1785 2456 1858; x_wconf 76' lang='grc' dir='ltr'>περικύκλῳ</span> <span class='ocrx_word' id='word_1_214' title='bbox 2524 1787 2676 1859; x_wconf 77' lang='grc' dir='ltr'>παρὰ</span> <span class='ocrx_word' id='word_1_215' title='bbox 2733 1763 2960 1858; x_wconf 63' lang='grc' dir='ltr'><strong>ῥοΐσκον⁷</strong></span> <span class='ocrx_word' id='word_1_216' title='bbox 3002 1789 3237 1860; x_wconf 79' lang='grc' dir='ltr'>χρυσοῦν</span> <span class='ocrx_word' id='word_1_217' title='bbox 3295 1763 3520 1846; x_wconf 77' lang='grc' dir='ltr'>κώδωνα</span> <span class='ocrx_word' id='word_1_218' title='bbox 3554 1834 3570 1860; x_wconf 87' lang='grc'><strong>,</strong></span> <span class='ocrx_word' id='word_1_219' title='bbox 3624 1794 3727 1846; x_wconf 81' lang='grc' dir='ltr'>καὶ</span> 
     </span>
    </p>
   </div>
   <div class='ocr_carea' id='block_1_35' title="bbox 437 1880 2031 1956">
    <p class='ocr_par' dir='ltr' id='par_1_35' title="bbox 437 1880 2031 1956">
     <span class='ocr_line' id='line_1_35' title="bbox 437 1880 2031 1956; baseline 0.003 -20"><span class='ocrx_word' id='word_1_220' title='bbox 437 1880 571 1936; x_wconf 90' lang='lat' dir='ltr'><strong>dum</strong></span> <span class='ocrx_word' id='word_1_221' title='bbox 621 1882 869 1954; x_wconf 75' lang='lat' dir='ltr'><strong>fungitur</strong></span> <span class='ocrx_word' id='word_1_222' title='bbox 911 1883 1242 1949; x_wconf 85' lang='lat' dir='ltr'><strong>sacerdotio,</strong></span> <span class='ocrx_word' id='word_1_223' title='bbox 1287 1884 1544 1942; x_wconf 90' lang='lat' dir='ltr'><strong>audietur</strong></span> <span class='ocrx_word' id='word_1_224' title='bbox 1577 1901 1682 1940; x_wconf 81' lang='lat' dir='ltr'><strong>vox</strong></span> <span class='ocrx_word' id='word_1_225' title='bbox 1712 1887 1852 1956; x_wconf 91' lang='lat' dir='ltr'><strong>ejus,</strong></span> <span class='ocrx_word' id='word_1_226' title='bbox 1903 1887 2031 1941; x_wconf 92' lang='lat' dir='ltr'><strong>dum</strong></span> 
     </span>
    </p>
   </div>
   <div class='ocr_carea' id='block_1_36' title="bbox 437 1972 2034 2050">
    <p class='ocr_par' dir='ltr' id='par_1_36' title="bbox 437 1972 2034 2050">
     <span class='ocr_line' id='line_1_36' title="bbox 437 1972 2034 2050; baseline 0.005 -24"><span class='ocrx_word' id='word_1_227' title='bbox 437 1972 752 2044; x_wconf 80' lang='lat' dir='ltr'><strong>ingreditur</strong></span> <span class='ocrx_word' id='word_1_228' title='bbox 777 1975 833 2027; x_wconf 90' lang='lat' dir='ltr'><strong>in</strong></span> <span class='ocrx_word' id='word_1_229' title='bbox 860 1973 1122 2028; x_wconf 86' lang='lat' dir='ltr'><strong>Sanctum</strong></span> <span class='ocrx_word' id='word_1_230' title='bbox 1152 1990 1338 2030; x_wconf 84' lang='lat' dir='ltr'><strong>coram</strong></span> <span class='ocrx_word' id='word_1_231' title='bbox 1360 1976 1612 2041; x_wconf 91' lang='lat' dir='ltr'><strong>Domino,</strong></span> <span class='ocrx_word' id='word_1_232' title='bbox 1637 1987 1694 2032; x_wconf 90' lang='lat' dir='ltr'><strong>et</strong></span> <span class='ocrx_word' id='word_1_233' title='bbox 1714 1977 1843 2032; x_wconf 91' lang='lat' dir='ltr'><strong>dum</strong></span> <span class='ocrx_word' id='word_1_234' title='bbox 1873 1994 2034 2050; x_wconf 78' lang='lat' dir='ltr'><strong>egre-</strong></span> 
     </span>
    </p>
   </div>
   <div class='ocr_carea' id='block_1_37' title="bbox 436 2065 2036 2141">
    <p class='ocr_par' dir='ltr' id='par_1_37' title="bbox 436 2065 2036 2141">
     <span class='ocr_line' id='line_1_37' title="bbox 436 2065 2036 2141; baseline 0.004 -22"><span class='ocrx_word' id='word_1_235' title='bbox 436 2065 610 2131; x_wconf 86' lang='lat' dir='ltr'><strong>ditur,</strong></span> <span class='ocrx_word' id='word_1_236' title='bbox 656 2081 727 2120; x_wconf 91' lang='lat' dir='ltr'><strong>ne</strong></span> <span class='ocrx_word' id='word_1_237' title='bbox 779 2067 1051 2122; x_wconf 89' lang='lat' dir='ltr'><strong>moriatur</strong></span> <span class='ocrx_word' id='word_1_238' title='bbox 1086 2068 1152 2122; x_wconf 79' lang='grc'><strong>²⁸.</strong></span> <span class='ocrx_word' id='word_1_239' title='bbox 1201 2087 1220 2118; x_wconf 79' lang='grc' dir='ltr'><strong>ι</strong></span> <span class='ocrx_word' id='word_1_240' title='bbox 1267 2067 1604 2124; x_wconf 87' lang='lat' dir='ltr'><strong>Subuculam</strong></span> <span class='ocrx_word' id='word_1_241' title='bbox 1652 2070 1820 2141; x_wconf 78' lang='lat' dir='ltr'><strong>igitur</strong></span> <span class='ocrx_word' id='word_1_242' title='bbox 1853 2086 1918 2126; x_wconf 88' lang='lat' dir='ltr'><strong>ac</strong></span> <span class='ocrx_word' id='word_1_243' title='bbox 1955 2080 2036 2126; x_wconf 90' lang='lat' dir='ltr'><strong>ta-</strong></span> 
     </span>
    </p>
   </div>
   <div class='ocr_carea' id='block_1_38' title="bbox 436 2157 2032 2232">
    <p class='ocr_par' dir='ltr' id='par_1_38' title="bbox 436 2157 2032 2232">
     <span class='ocr_line' id='line_1_38' title="bbox 436 2157 2032 2232; baseline 0.006 -22"><span class='ocrx_word' id='word_1_244' title='bbox 436 2157 609 2212; x_wconf 89' lang='lat' dir='ltr'><strong>larem</strong></span> <span class='ocrx_word' id='word_1_245' title='bbox 645 2167 876 2224; x_wconf 86' lang='lat' dir='ltr'><strong>vestem,</strong></span> <span class='ocrx_word' id='word_1_246' title='bbox 900 2160 1145 2215; x_wconf 90' lang='lat' dir='ltr'><strong>tunicam</strong></span> <span class='ocrx_word' id='word_1_247' title='bbox 1188 2161 1427 2232; x_wconf 83' lang='lat' dir='ltr'><strong>longam,</strong></span> <span class='ocrx_word' id='word_1_248' title='bbox 1475 2170 1532 2216; x_wconf 91' lang='lat' dir='ltr'><strong>et</strong></span> <span class='ocrx_word' id='word_1_249' title='bbox 1557 2162 1626 2217; x_wconf 90' lang='lat' dir='ltr'><strong>ad</strong></span> <span class='ocrx_word' id='word_1_250' title='bbox 1661 2163 2032 2220; x_wconf 89' lang='lat' dir='ltr'><strong>amiciendum</strong></span> 
     </span>
    </p>
   </div>
   <div class='ocr_carea' id='block_1_39' title="bbox 435 2252 2034 2328">
    <p class='ocr_par' dir='ltr' id='par_1_39' title="bbox 435 2252 2034 2328">
     <span class='ocr_line' id='line_1_39' title="bbox 435 2252 2034 2328; baseline 0.006 -25"><span class='ocrx_word' id='word_1_251' title='bbox 435 2257 640 2319; x_wconf 89' lang='lat' dir='ltr'><strong>aptam,</strong></span> <span class='ocrx_word' id='word_1_252' title='bbox 689 2259 746 2305; x_wconf 92' lang='lat' dir='ltr'><strong>et</strong></span> <span class='ocrx_word' id='word_1_253' title='bbox 787 2266 819 2305; x_wconf 89' lang='lat' dir='ltr'><strong>a</strong></span> <span class='ocrx_word' id='word_1_254' title='bbox 865 2252 1007 2306; x_wconf 91' lang='lat' dir='ltr'><strong>collo</strong></span> <span class='ocrx_word' id='word_1_255' title='bbox 1047 2253 1168 2323; x_wconf 86' lang='lat' dir='ltr'><strong>ipso</strong></span> <span class='ocrx_word' id='word_1_256' title='bbox 1211 2253 1279 2308; x_wconf 90' lang='lat' dir='ltr'><strong>ad</strong></span> <span class='ocrx_word' id='word_1_257' title='bbox 1323 2263 1609 2328; x_wconf 82' lang='lat' dir='ltr'><strong>extremos</strong></span> <span class='ocrx_word' id='word_1_258' title='bbox 1662 2271 1837 2326; x_wconf 89' lang='lat' dir='ltr'><strong>usque</strong></span> <span class='ocrx_word' id='word_1_259' title='bbox 1863 2257 2034 2327; x_wconf 90' lang='lat' dir='ltr'><strong>pedes</strong></span> 
     </span>
    </p>
   </div>
   <div class='ocr_carea' id='block_1_40' title="bbox 434 2342 2031 2420">
    <p class='ocr_par' dir='ltr' id='par_1_40' title="bbox 434 2342 2031 2420">
     <span class='ocr_line' id='line_1_40' title="bbox 434 2342 2031 2420; baseline 0.006 -25"><span class='ocrx_word' id='word_1_260' title='bbox 434 2342 804 2411; x_wconf 86' lang='lat' dir='ltr'><strong>pertinentem</strong></span> <span class='ocrx_word' id='word_1_261' title='bbox 848 2345 1141 2414; x_wconf 86' lang='lat' dir='ltr'><strong>perspicue</strong></span> <span class='ocrx_word' id='word_1_262' title='bbox 1176 2346 1450 2416; x_wconf 81' lang='lat' dir='ltr'><strong>appellat;</strong></span> <span class='ocrx_word' id='word_1_263' title='bbox 1493 2363 1560 2401; x_wconf 84' lang='lat' dir='ltr'><strong>ex</strong></span> <span class='ocrx_word' id='word_1_264' title='bbox 1599 2347 1896 2420; x_wconf 88' lang='lat' dir='ltr'><strong>hyacintho</strong></span> <span class='ocrx_word' id='word_1_265' title='bbox 1929 2365 2031 2405; x_wconf 89' lang='lat' dir='ltr'><strong>au--</strong></span> 
     </span>
    </p>
   </div>
   <div class='ocr_carea' id='block_1_41' title="bbox 438 2433 2030 2508">
    <p class='ocr_par' dir='ltr' id='par_1_41' title="bbox 438 2433 2030 2508">
     <span class='ocr_line' id='line_1_41' title="bbox 438 2433 2030 2508; baseline 0.004 -22"><span class='ocrx_word' id='word_1_266' title='bbox 438 2441 572 2498; x_wconf 92' lang='lat' dir='ltr'><strong>tem,</strong></span> <span class='ocrx_word' id='word_1_267' title='bbox 603 2433 731 2503; x_wconf 89' lang='lat' dir='ltr'><strong>quia</strong></span> <span class='ocrx_word' id='word_1_268' title='bbox 759 2449 1012 2504; x_wconf 68' lang='lat' dir='ltr'><strong>supernae</strong></span> <span class='ocrx_word' id='word_1_269' title='bbox 1037 2435 1187 2490; x_wconf 86' lang='lat' dir='ltr'><strong>illius</strong></span> <span class='ocrx_word' id='word_1_270' title='bbox 1211 2436 1645 2506; x_wconf 89' lang='lat' dir='ltr'><strong>incorruptionis</strong></span> <span class='ocrx_word' id='word_1_271' title='bbox 1676 2446 1760 2492; x_wconf 90' lang='lat' dir='ltr'><strong>est</strong></span> <span class='ocrx_word' id='word_1_272' title='bbox 1793 2437 2030 2508; x_wconf 83' lang='lat' dir='ltr'><strong>signum,</strong></span> 
     </span>
    </p>
   </div>
   <div class='ocr_carea' id='block_1_42' title="bbox 434 2523 2031 2600">
    <p class='ocr_par' dir='ltr' id='par_1_42' title="bbox 434 2523 2031 2600">
     <span class='ocr_line' id='line_1_42' title="bbox 434 2523 2031 2600; baseline 0.005 -22"><span class='ocrx_word' id='word_1_273' title='bbox 434 2540 633 2596; x_wconf 85' lang='lat' dir='ltr'><strong>nempe</strong></span> <span class='ocrx_word' id='word_1_274' title='bbox 662 2523 891 2581; x_wconf 88' lang='lat' dir='ltr'><strong>Christi.</strong></span> <span class='ocrx_word' id='word_1_275' title='bbox 958 2527 1241 2598; x_wconf 86' lang='lat' dir='ltr'><strong>Ejusmodi</strong></span> <span class='ocrx_word' id='word_1_276' title='bbox 1287 2529 1570 2599; x_wconf 89' lang='lat' dir='ltr'><strong>quidpiam</strong></span> <span class='ocrx_word' id='word_1_277' title='bbox 1594 2531 1788 2586; x_wconf 89' lang='lat' dir='ltr'><strong>beatus</strong></span> <span class='ocrx_word' id='word_1_278' title='bbox 1812 2547 2031 2600; x_wconf 89' lang='lat' dir='ltr'><strong>quoque</strong></span> 
     </span>
    </p>
   </div>
   <div class='ocr_carea' id='block_1_43' title="bbox 435 2615 2032 2692">
    <p class='ocr_par' dir='ltr' id='par_1_43' title="bbox 435 2615 2032 2692">
     <span class='ocr_line' id='line_1_43' title="bbox 435 2615 2032 2692; baseline 0.005 -23"><span class='ocrx_word' id='word_1_279' title='bbox 435 2615 607 2670; x_wconf 87' lang='lat' dir='ltr'><strong>David</strong></span> <span class='ocrx_word' id='word_1_280' title='bbox 631 2615 903 2686; x_wconf 59' lang='lat' dir='ltr'><strong>praecinit,</strong></span> <span class='ocrx_word' id='word_1_281' title='bbox 952 2631 1079 2672; x_wconf 89' lang='lat' dir='ltr'><strong>cum</strong></span> <span class='ocrx_word' id='word_1_282' title='bbox 1126 2633 1194 2673; x_wconf 83' lang='lat' dir='ltr'><strong>ex</strong></span> <span class='ocrx_word' id='word_1_283' title='bbox 1239 2634 1474 2690; x_wconf 87' lang='lat' dir='ltr'><strong>persona</strong></span> <span class='ocrx_word' id='word_1_284' title='bbox 1508 2621 1606 2675; x_wconf 90' lang='lat' dir='ltr'><strong>Dei</strong></span> <span class='ocrx_word' id='word_1_285' title='bbox 1633 2621 1700 2676; x_wconf 89' lang='lat' dir='ltr'><strong>de</strong></span> <span class='ocrx_word' id='word_1_286' title='bbox 1732 2621 1820 2687; x_wconf 90' lang='lat' dir='ltr'><strong>iis,</strong></span> <span class='ocrx_word' id='word_1_287' title='bbox 1850 2622 1944 2692; x_wconf 92' lang='lat' dir='ltr'><strong>qui</strong></span> <span class='ocrx_word' id='word_1_288' title='bbox 1974 2622 2032 2677; x_wconf 90' lang='lat' dir='ltr'><strong>in</strong></span> 
     </span>
    </p>
   </div>
   <div class='ocr_carea' id='block_1_44' title="bbox 433 2707 2029 2783">
    <p class='ocr_par' dir='ltr' id='par_1_44' title="bbox 433 2707 2029 2783">
     <span class='ocr_line' id='line_1_44' title="bbox 433 2707 2029 2783; baseline 0.004 -21"><span class='ocrx_word' id='word_1_289' title='bbox 433 2707 684 2763; x_wconf 89' lang='lat' dir='ltr'><strong>ecclesiis</strong></span> <span class='ocrx_word' id='word_1_290' title='bbox 717 2709 1046 2765; x_wconf 88' lang='lat' dir='ltr'><strong>sacerdotali</strong></span> <span class='ocrx_word' id='word_1_291' title='bbox 1076 2726 1307 2767; x_wconf 89' lang='lat' dir='ltr'><strong>munere</strong></span> <span class='ocrx_word' id='word_1_292' title='bbox 1330 2711 1636 2783; x_wconf 79' lang='lat' dir='ltr'><strong>funguntur</strong></span> <span class='ocrx_word' id='word_1_293' title='bbox 1670 2713 1807 2768; x_wconf 75' lang='lat' dir='ltr'><strong>dixit</strong></span> <span class='ocrx_word' id='word_1_294' title='bbox 1838 2731 1850 2766; x_wconf 89' lang='lat'><strong>:</strong></span> <span class='ocrx_word' id='word_1_295' title='bbox 1883 2734 1900 2766; x_wconf 80' lang='grc' dir='ltr'><strong>ι</strong></span> <span class='ocrx_word' id='word_1_296' title='bbox 1929 2713 2029 2769; x_wconf 86' lang='lat' dir='ltr'><strong>Sa-</strong></span> 
     </span>
    </p>
   </div>
   <div class='ocr_carea' id='block_1_45' title="bbox 433 2799 2030 2872">
    <p class='ocr_par' dir='ltr' id='par_1_45' title="bbox 433 2799 2030 2872">
     <span class='ocr_line' id='line_1_45' title="bbox 433 2799 2030 2872; baseline 0.005 -19"><span class='ocrx_word' id='word_1_297' title='bbox 433 2799 689 2855; x_wconf 75' lang='lat' dir='ltr'><strong>cerdotes</strong></span> <span class='ocrx_word' id='word_1_298' title='bbox 723 2801 843 2872; x_wconf 87' lang='lat' dir='ltr'><strong>ejus</strong></span> <span class='ocrx_word' id='word_1_299' title='bbox 895 2801 1124 2857; x_wconf 89' lang='lat' dir='ltr'><strong>induam</strong></span> <span class='ocrx_word' id='word_1_300' title='bbox 1177 2803 1404 2857; x_wconf 87' lang='lat' dir='ltr'><strong>salutari</strong></span> <span class='ocrx_word' id='word_1_301' title='bbox 1436 2805 1500 2857; x_wconf 74' lang='lat'><strong>“.</strong></span> <span class='ocrx_word' id='word_1_302' title='bbox 1529 2826 1547 2856; x_wconf 77' lang='grc' dir='ltr'><strong>ι</strong></span> <span class='ocrx_word' id='word_1_303' title='bbox 1593 2804 1828 2861; x_wconf 88' lang='lat' dir='ltr'><strong>Induere</strong></span> <span class='ocrx_word' id='word_1_304' title='bbox 1864 2806 2030 2861; x_wconf 90' lang='lat' dir='ltr'><strong>etiam</strong></span> 
     </span>
    </p>
   </div>
   <div class='ocr_carea' id='block_1_46' title="bbox 433 2891 2030 2965">
    <p class='ocr_par' dir='ltr' id='par_1_46' title="bbox 433 2891 2030 2965">
     <span class='ocr_line' id='line_1_46' title="bbox 433 2891 2030 2965; baseline 0.005 -21"><span class='ocrx_word' id='word_1_305' title='bbox 433 2891 732 2946; x_wconf 88' lang='lat' dir='ltr'><strong>Dominum</strong></span> <span class='ocrx_word' id='word_1_306' title='bbox 786 2893 975 2948; x_wconf 86' lang='lat' dir='ltr'><strong>Jesum</strong></span> <span class='ocrx_word' id='word_1_307' title='bbox 1035 2894 1358 2960; x_wconf 88' lang='lat' dir='ltr'><strong>Christum,</strong></span> <span class='ocrx_word' id='word_1_308' title='bbox 1422 2895 1643 2965; x_wconf 88' lang='lat' dir='ltr'><strong>sapiens</strong></span> <span class='ocrx_word' id='word_1_309' title='bbox 1693 2896 1779 2949; x_wconf 91' lang='lat' dir='ltr'><strong>vir</strong></span> <span class='ocrx_word' id='word_1_310' title='bbox 1835 2896 2030 2952; x_wconf 88' lang='lat' dir='ltr'><strong>beatus</strong></span> 
     </span>
    </p>
   </div>
   <div class='ocr_carea' id='block_1_47' title="bbox 435 2983 2028 3057">
    <p class='ocr_par' dir='ltr' id='par_1_47' title="bbox 435 2983 2028 3057">
     <span class='ocr_line' id='line_1_47' title="bbox 435 2983 2028 3057; baseline 0.003 -19"><span class='ocrx_word' id='word_1_311' title='bbox 435 2983 640 3039; x_wconf 86' lang='lat' dir='ltr'><strong>Paulus</strong></span> <span class='ocrx_word' id='word_1_312' title='bbox 669 2985 830 3040; x_wconf 88' lang='lat' dir='ltr'><strong>nobis</strong></span> <span class='ocrx_word' id='word_1_313' title='bbox 861 2985 916 3039; x_wconf 92' lang='lat' dir='ltr'><strong>in</strong></span> <span class='ocrx_word' id='word_1_314' title='bbox 948 2985 1181 3056; x_wconf 88' lang='lat' dir='ltr'><strong>epistola</strong></span> <span class='ocrx_word' id='word_1_315' title='bbox 1219 2985 1482 3055; x_wconf 68' lang='lat' dir='ltr'><strong>praecepit</strong></span> <span class='ocrx_word' id='word_1_316' title='bbox 1517 2987 1563 3017; x_wconf 77' lang='grc'><strong>’⁵</strong></span> <span class='ocrx_word' id='word_1_317' title='bbox 1601 3003 1614 3038; x_wconf 92' lang='lat'><strong>:</strong></span> <span class='ocrx_word' id='word_1_318' title='bbox 1648 2985 1862 3057; x_wconf 90' lang='lat' dir='ltr'><strong>hocque</strong></span> <span class='ocrx_word' id='word_1_319' title='bbox 1893 2987 2028 3044; x_wconf 91' lang='lat' dir='ltr'><strong>illud</strong></span> 
     </span>
    </p>
   </div>
   <div class='ocr_carea' id='block_1_48' title="bbox 2137 1876 3726 1955">
    <p class='ocr_par' dir='ltr' id='par_1_48' title="bbox 2137 1876 3726 1955">
     <span class='ocr_line' id='line_1_48' title="bbox 2137 1876 3726 1955; baseline 0.005 -26"><span class='ocrx_word' id='word_1_320' title='bbox 2137 1876 2351 1930; x_wconf 82' lang='grc' dir='ltr'>ἄνθινον</span> <span class='ocrx_word' id='word_1_321' title='bbox 2386 1878 2480 1932; x_wconf 77' lang='grc' dir='ltr'><strong>ἐπὶ</strong></span> <span class='ocrx_word' id='word_1_322' title='bbox 2509 1879 2603 1934; x_wconf 89' lang='grc' dir='ltr'><strong>τοῦ</strong></span> <span class='ocrx_word' id='word_1_323' title='bbox 2643 1879 2897 1950; x_wconf 84' lang='grc' dir='ltr'>λώματος</span> <span class='ocrx_word' id='word_1_324' title='bbox 2935 1880 3031 1934; x_wconf 90' lang='grc' dir='ltr'><strong>τοῦ</strong></span> <span class='ocrx_word' id='word_1_325' title='bbox 3073 1882 3336 1938; x_wconf 85' lang='grc' dir='ltr'>ὑποδύτου</span> <span class='ocrx_word' id='word_1_326' title='bbox 3367 1883 3573 1955; x_wconf 83' lang='grc' dir='ltr'>κύκλῳ.</span> <span class='ocrx_word' id='word_1_327' title='bbox 3609 1886 3726 1940; x_wconf 81' lang='grc' dir='ltr'>Καὶ</span> 
     </span>
    </p>
   </div>
   <div class='ocr_carea' id='block_1_49' title="bbox 2137 1967 3727 2047">
    <p class='ocr_par' dir='ltr' id='par_1_49' title="bbox 2137 1967 3727 2047">
     <span class='ocr_line' id='line_1_49' title="bbox 2137 1967 3727 2047; baseline 0.007 -27"><span class='ocrx_word' id='word_1_328' title='bbox 2137 1967 2288 2021; x_wconf 76' lang='grc' dir='ltr'>ἔσται</span> <span class='ocrx_word' id='word_1_329' title='bbox 2331 1968 2544 2042; x_wconf 82' lang='grc' dir='ltr'>Ἀαρὼν</span> <span class='ocrx_word' id='word_1_330' title='bbox 2571 1971 2629 2022; x_wconf 85' lang='grc' dir='ltr'>ὲν</span> <span class='ocrx_word' id='word_1_331' title='bbox 2660 1970 2738 2040; x_wconf 85' lang='grc' dir='ltr'><strong>τῷ</strong></span> <span class='ocrx_word' id='word_1_332' title='bbox 2758 1971 3094 2043; x_wconf 87' lang='grc' dir='ltr'>λειτουργεῖν</span> <span class='ocrx_word' id='word_1_333' title='bbox 3113 1975 3353 2045; x_wconf 82' lang='grc' dir='ltr'>άκουστὴ</span> <span class='ocrx_word' id='word_1_334' title='bbox 3384 1975 3416 2046; x_wconf 73' lang='grc' dir='ltr'><em>ἡ</em></span> <span class='ocrx_word' id='word_1_335' title='bbox 3446 1975 3600 2047; x_wconf 80' lang='grc' dir='ltr'>φωνὴ</span> <span class='ocrx_word' id='word_1_336' title='bbox 3625 1977 3727 2030; x_wconf 77' lang='grc' dir='ltr'>αὑ-</span> 
     </span>
    </p>
   </div>
   <div class='ocr_carea' id='block_1_50' title="bbox 2133 2059 3722 2137">
    <p class='ocr_par' dir='ltr' id='par_1_50' title="bbox 2133 2059 3722 2137">
     <span class='ocr_line' id='line_1_50' title="bbox 2133 2059 3722 2137; baseline 0.006 -25"><span class='ocrx_word' id='word_1_337' title='bbox 2133 2059 2252 2123; x_wconf 89' lang='grc' dir='ltr'>τοῦ,</span> <span class='ocrx_word' id='word_1_338' title='bbox 2272 2061 2493 2114; x_wconf 80' lang='grc' dir='ltr'>εἰσιόντι</span> <span class='ocrx_word' id='word_1_339' title='bbox 2516 2064 2596 2126; x_wconf 84' lang='grc' dir='ltr'><strong>είς</strong></span> <span class='ocrx_word' id='word_1_340' title='bbox 2621 2062 2881 2131; x_wconf 73' lang='grc' dir='ltr'>τὸἋγιον</span> <span class='ocrx_word' id='word_1_341' title='bbox 2913 2064 3089 2118; x_wconf 73' lang='grc' dir='ltr'>ἔναντι</span> <span class='ocrx_word' id='word_1_342' title='bbox 3118 2065 3346 2137; x_wconf 79' lang='grc' dir='ltr'>Κυρίου,</span> <span class='ocrx_word' id='word_1_343' title='bbox 3377 2067 3473 2119; x_wconf 77' lang='grc' dir='ltr'>καὶ</span> <span class='ocrx_word' id='word_1_344' title='bbox 3497 2067 3722 2132; x_wconf 76' lang='grc' dir='ltr'>ἐξιόντι,</span> 
     </span>
    </p>
   </div>
   <div class='ocr_carea' id='block_1_51' title="bbox 2137 2150 3720 2232">
    <p class='ocr_par' dir='ltr' id='par_1_51' title="bbox 2137 2150 3720 2232">
     <span class='ocr_line' id='line_1_51' title="bbox 2137 2150 3720 2232; baseline 0.008 -29"><span class='ocrx_word' id='word_1_345' title='bbox 2137 2150 2223 2204; x_wconf 86' lang='grc' dir='ltr'><strong>ῖνα</strong></span> <span class='ocrx_word' id='word_1_346' title='bbox 2259 2151 2335 2224; x_wconf 83' lang='grc' dir='ltr'>μὴ</span> <span class='ocrx_word' id='word_1_347' title='bbox 2363 2152 2637 2226; x_wconf 81' lang='grc' dir='ltr'>ἀποθάνῃ.</span> <span class='ocrx_word' id='word_1_348' title='bbox 2686 2173 2706 2206; x_wconf 75' lang='grc' dir='ltr'><strong>ι</strong></span> <span class='ocrx_word' id='word_1_349' title='bbox 2755 2155 3057 2227; x_wconf 87' lang='grc' dir='ltr'>Ύποδύτην</span> <span class='ocrx_word' id='word_1_350' title='bbox 3092 2157 3193 2228; x_wconf 78' lang='grc' dir='ltr'>μὲν</span> <span class='ocrx_word' id='word_1_351' title='bbox 3227 2153 3318 2212; x_wconf 83' lang='grc' dir='ltr'><strong>οῦν</strong></span> <span class='ocrx_word' id='word_1_352' title='bbox 3358 2159 3453 2212; x_wconf 72' lang='grc' dir='ltr'><strong>καὶ</strong></span> <span class='ocrx_word' id='word_1_353' title='bbox 3485 2160 3720 2232; x_wconf 77' lang='grc' dir='ltr'>ποδήρη,</span> 
     </span>
    </p>
   </div>
   <div class='ocr_carea' id='block_1_52' title="bbox 2135 2240 3723 2319">
    <p class='ocr_par' dir='ltr' id='par_1_52' title="bbox 2135 2240 3723 2319">
     <span class='ocr_line' id='line_1_52' title="bbox 2135 2240 3723 2319; baseline 0.008 -26"><span class='ocrx_word' id='word_1_354' title='bbox 2135 2240 2338 2314; x_wconf 83' lang='grc' dir='ltr'>χιτῶνα</span> <span class='ocrx_word' id='word_1_355' title='bbox 2372 2243 2602 2315; x_wconf 72' lang='grc' dir='ltr'>μακρὸν,</span> <span class='ocrx_word' id='word_1_356' title='bbox 2638 2245 2814 2315; x_wconf 82' lang='grc' dir='ltr'>εὐφυᾶ</span> <span class='ocrx_word' id='word_1_357' title='bbox 2843 2263 2903 2299; x_wconf 88' lang='grc' dir='ltr'><strong>τε</strong></span> <span class='ocrx_word' id='word_1_358' title='bbox 2931 2247 3070 2318; x_wconf 84' lang='grc' dir='ltr'>πρὸς</span> <span class='ocrx_word' id='word_1_359' title='bbox 3101 2247 3449 2319; x_wconf 78' lang='grc' dir='ltr'>περιστολὴν,</span> <span class='ocrx_word' id='word_1_360' title='bbox 3486 2251 3581 2304; x_wconf 80' lang='grc' dir='ltr'>καὶ</span> <span class='ocrx_word' id='word_1_361' title='bbox 3625 2251 3723 2305; x_wconf 75' lang='grc' dir='ltr'><strong>τὸν</strong></span> 
     </span>
    </p>
   </div>
   <div class='ocr_carea' id='block_1_53' title="bbox 2135 2335 3722 2412">
    <p class='ocr_par' dir='ltr' id='par_1_53' title="bbox 2135 2335 3722 2412">
     <span class='ocr_line' id='line_1_53' title="bbox 2135 2335 3722 2412; baseline 0.005 -22"><span class='ocrx_word' id='word_1_362' title='bbox 2135 2338 2200 2391; x_wconf 82' lang='grc' dir='ltr'>ὲκ</span> <span class='ocrx_word' id='word_1_363' title='bbox 2249 2335 2433 2410; x_wconf 84' lang='grc' dir='ltr'>δειρῆς</span> <span class='ocrx_word' id='word_1_364' title='bbox 2477 2338 2645 2409; x_wconf 79' lang='grc' dir='ltr'>αὐτῆς</span> <span class='ocrx_word' id='word_1_365' title='bbox 2689 2341 2769 2403; x_wconf 77' lang='grc' dir='ltr'><strong>εἰς</strong></span> <span class='ocrx_word' id='word_1_366' title='bbox 2804 2338 3008 2410; x_wconf 78' lang='grc' dir='ltr'>ἄκρους</span> <span class='ocrx_word' id='word_1_367' title='bbox 3043 2339 3192 2394; x_wconf 85' lang='grc' dir='ltr'>ίόντα</span> <span class='ocrx_word' id='word_1_368' title='bbox 3224 2341 3426 2406; x_wconf 83' lang='grc' dir='ltr'><strong>πόδας,</strong></span> <span class='ocrx_word' id='word_1_369' title='bbox 3461 2342 3722 2412; x_wconf 77' lang='grc' dir='ltr'>ὀνομάζει</span> 
     </span>
    </p>
   </div>
   <div class='ocr_carea' id='block_1_54' title="bbox 2135 2431 3719 2510">
    <p class='ocr_par' dir='ltr' id='par_1_54' title="bbox 2135 2431 3719 2510">
     <span class='ocr_line' id='line_1_54' title="bbox 2135 2431 3719 2510; baseline 0.003 -26"><span class='ocrx_word' id='word_1_370' title='bbox 2135 2431 2346 2502; x_wconf 72' lang='grc' dir='ltr'>σαφῶςο</span> <span class='ocrx_word' id='word_1_371' title='bbox 2389 2431 2448 2499; x_wconf 79' lang='grc' dir='ltr'>ἐξ</span> <span class='ocrx_word' id='word_1_372' title='bbox 2483 2432 2740 2486; x_wconf 80' lang='grc' dir='ltr'>ὑακίνθου</span> <span class='ocrx_word' id='word_1_373' title='bbox 2778 2433 2856 2498; x_wconf 80' lang='grc' dir='ltr'>δὲ,</span> <span class='ocrx_word' id='word_1_374' title='bbox 2886 2435 2969 2486; x_wconf 85' lang='grc' dir='ltr'>ὄτι</span> <span class='ocrx_word' id='word_1_375' title='bbox 2999 2433 3101 2503; x_wconf 80' lang='grc' dir='ltr'>τῆς</span> <span class='ocrx_word' id='word_1_376' title='bbox 3152 2432 3362 2488; x_wconf 80' lang='grc' dir='ltr'>ἄνωθεν</span> <span class='ocrx_word' id='word_1_377' title='bbox 3405 2435 3719 2510; x_wconf 73' lang='grc' dir='ltr'>ἀφθαρσίας</span> 
     </span>
    </p>
   </div>
   <div class='ocr_carea' id='block_1_55' title="bbox 2135 2521 3723 2600">
    <p class='ocr_par' dir='ltr' id='par_1_55' title="bbox 2135 2521 3723 2600">
     <span class='ocr_line' id='line_1_55' title="bbox 2135 2521 3723 2600; baseline 0.006 -24"><span class='ocrx_word' id='word_1_378' title='bbox 2135 2521 2424 2592; x_wconf 89' lang='grc' dir='ltr'>σύμϐολον,</span> <span class='ocrx_word' id='word_1_379' title='bbox 2455 2523 2701 2577; x_wconf 81' lang='grc' dir='ltr'>τουτέστι</span> <span class='ocrx_word' id='word_1_380' title='bbox 2732 2523 2994 2594; x_wconf 79' lang='grc' dir='ltr'>Χριστοῦ.</span> <span class='ocrx_word' id='word_1_381' title='bbox 3047 2525 3324 2581; x_wconf 75' lang='grc' dir='ltr'>Τοιουτονὶ</span> <span class='ocrx_word' id='word_1_382' title='bbox 3352 2529 3544 2600; x_wconf 80' lang='grc' dir='ltr'>γάρτοι</span> <span class='ocrx_word' id='word_1_383' title='bbox 3567 2531 3664 2584; x_wconf 72' lang='grc' dir='ltr'>καὶ</span> <span class='ocrx_word' id='word_1_384' title='bbox 3691 2534 3723 2585; x_wconf 92' lang='lat'><strong>6</strong></span> 
     </span>
    </p>
   </div>
   <div class='ocr_carea' id='block_1_56' title="bbox 2133 2612 3720 2689">
    <p class='ocr_par' dir='ltr' id='par_1_56' title="bbox 2133 2612 3720 2689">
     <span class='ocr_line' id='line_1_56' title="bbox 2133 2612 3720 2689; baseline 0.006 -23"><span class='ocrx_word' id='word_1_385' title='bbox 2133 2612 2421 2679; x_wconf 80' lang='grc' dir='ltr'>θεσπέσιος</span> <span class='ocrx_word' id='word_1_386' title='bbox 2476 2614 2642 2669; x_wconf 79' lang='grc' dir='ltr'>Δαϐὶδ</span> <span class='ocrx_word' id='word_1_387' title='bbox 2705 2615 3216 2688; x_wconf 85' lang='grc' dir='ltr'>προαναπεφώνηκε</span> <span class='ocrx_word' id='word_1_388' title='bbox 3282 2620 3455 2689; x_wconf 85' lang='grc' dir='ltr'>λέγων</span> <span class='ocrx_word' id='word_1_389' title='bbox 3513 2621 3590 2685; x_wconf 83' lang='grc' dir='ltr'>ὡς</span> <span class='ocrx_word' id='word_1_390' title='bbox 3651 2624 3720 2675; x_wconf 78' lang='grc' dir='ltr'>ἐκ</span> 
     </span>
    </p>
   </div>
   <div class='ocr_carea' id='block_1_57' title="bbox 2132 2705 3717 2784">
    <p class='ocr_par' dir='ltr' id='par_1_57' title="bbox 2132 2705 3717 2784">
     <span class='ocr_line' id='line_1_57' title="bbox 2132 2705 3717 2784; baseline 0.005 -25"><span class='ocrx_word' id='word_1_391' title='bbox 2132 2705 2426 2778; x_wconf 86' lang='grc' dir='ltr'>προσώπου</span> <span class='ocrx_word' id='word_1_392' title='bbox 2477 2708 2573 2762; x_wconf 87' lang='grc' dir='ltr'><strong>τοῦ</strong></span> <span class='ocrx_word' id='word_1_393' title='bbox 2627 2708 2760 2762; x_wconf 82' lang='grc' dir='ltr'>Θεοῦ</span> <span class='ocrx_word' id='word_1_394' title='bbox 2806 2710 2936 2782; x_wconf 76' lang='grc' dir='ltr'>περὶ</span> <span class='ocrx_word' id='word_1_395' title='bbox 2997 2711 3105 2764; x_wconf 90' lang='grc' dir='ltr'><strong>τῶν</strong></span> <span class='ocrx_word' id='word_1_396' title='bbox 3140 2713 3196 2764; x_wconf 82' lang='grc' dir='ltr'>ὲν</span> <span class='ocrx_word' id='word_1_397' title='bbox 3242 2715 3363 2776; x_wconf 83' lang='grc' dir='ltr'>ταῖς</span> <span class='ocrx_word' id='word_1_398' title='bbox 3395 2713 3717 2784; x_wconf 75' lang='grc' dir='ltr'>ἐκκλησίαις</span> 
     </span>
    </p>
   </div>
   <div class='ocr_carea' id='block_1_58' title="bbox 2133 2798 3717 2876">
    <p class='ocr_par' dir='ltr' id='par_1_58' title="bbox 2133 2798 3717 2876">
     <span class='ocr_line' id='line_1_58' title="bbox 2133 2798 3717 2876; baseline 0.005 -26"><span class='ocrx_word' id='word_1_399' title='bbox 2133 2798 2579 2869; x_wconf 76' lang='grc' dir='ltr'>ἱερουργούντων·</span> <span class='ocrx_word' id='word_1_400' title='bbox 2638 2818 2656 2850; x_wconf 81' lang='grc' dir='ltr'><strong>ι</strong></span> <span class='ocrx_word' id='word_1_401' title='bbox 2715 2800 2856 2863; x_wconf 80' lang='grc' dir='ltr'>Τοὺς</span> <span class='ocrx_word' id='word_1_402' title='bbox 2904 2801 3070 2872; x_wconf 78' lang='grc' dir='ltr'>ἱερεῖς</span> <span class='ocrx_word' id='word_1_403' title='bbox 3095 2801 3268 2873; x_wconf 81' lang='grc' dir='ltr'>αὐτῆς</span> <span class='ocrx_word' id='word_1_404' title='bbox 3303 2802 3510 2859; x_wconf 74' lang='grc' dir='ltr'>ἐνδύσω</span> <span class='ocrx_word' id='word_1_405' title='bbox 3538 2821 3717 2876; x_wconf 65' lang='grc' dir='ltr'>σωτηι</span> 
     </span>
    </p>
   </div>
   <div class='ocr_carea' id='block_1_59' title="bbox 2134 2877 3714 2970">
    <p class='ocr_par' dir='ltr' id='par_1_59' title="bbox 2134 2877 3714 2970">
     <span class='ocr_line' id='line_1_59' title="bbox 2134 2877 3714 2970; baseline 0.004 -27"><span class='ocrx_word' id='word_1_406' title='bbox 2134 2891 2276 2961; x_wconf 82' lang='grc' dir='ltr'>ρίαν.</span> <span class='ocrx_word' id='word_1_407' title='bbox 2304 2910 2322 2941; x_wconf 78' lang='grc' dir='ltr'><strong>ι</strong></span> <span class='ocrx_word' id='word_1_408' title='bbox 2373 2877 2696 2946; x_wconf 65' lang='grc' dir='ltr'>Ἐνδύσασθε</span> <span class='ocrx_word' id='word_1_409' title='bbox 2721 2894 2812 2947; x_wconf 82' lang='grc' dir='ltr'>τὸν</span> <span class='ocrx_word' id='word_1_410' title='bbox 2832 2893 3036 2966; x_wconf 88' lang='grc' dir='ltr'>Κύριον</span> <span class='ocrx_word' id='word_1_411' title='bbox 3056 2895 3213 2966; x_wconf 77' lang='grc' dir='ltr'>ἡμῶν</span> <span class='ocrx_word' id='word_1_412' title='bbox 3227 2896 3435 2968; x_wconf 79' lang='grc' dir='ltr'>Ἰησοῦν</span> <span class='ocrx_word' id='word_1_413' title='bbox 3455 2899 3714 2970; x_wconf 71' lang='grc' dir='ltr'>Χριστὸν,</span> 
     </span>
    </p>
   </div>
   <div class='ocr_carea' id='block_1_60' title="bbox 2130 2983 3715 3058">
    <p class='ocr_par' dir='ltr' id='par_1_60' title="bbox 2130 2983 3715 3058">
     <span class='ocr_line' id='line_1_60' title="bbox 2130 2983 3715 3058; baseline 0.005 -22"><span class='ocrx_word' id='word_1_414' title='bbox 2130 2985 2225 3037; x_wconf 72' lang='grc' dir='ltr'>καὶ</span> <span class='ocrx_word' id='word_1_415' title='bbox 2255 2985 2285 3036; x_wconf 98' lang='lat'><strong>6</strong></span> <span class='ocrx_word' id='word_1_416' title='bbox 2315 2983 2476 3052; x_wconf 80' lang='grc' dir='ltr'>σοφὸς</span> <span class='ocrx_word' id='word_1_417' title='bbox 2501 2985 2632 3054; x_wconf 77' lang='grc' dir='ltr'>ἡμῖν</span> <span class='ocrx_word' id='word_1_418' title='bbox 2666 2984 2973 3038; x_wconf 77' lang='grc' dir='ltr'>ἐπιστέλλει</span> <span class='ocrx_word' id='word_1_419' title='bbox 3003 2985 3235 3051; x_wconf 86' lang='grc' dir='ltr'>Παῦλος.</span> <span class='ocrx_word' id='word_1_420' title='bbox 3269 2989 3379 3042; x_wconf 76' lang='grc' dir='ltr'>Καὶ</span> <span class='ocrx_word' id='word_1_421' title='bbox 3406 2989 3568 3044; x_wconf 87' lang='grc' dir='ltr'>τοῦτο</span> <span class='ocrx_word' id='word_1_422' title='bbox 3586 3034 3601 3058; x_wconf 92' lang='grc'><strong>,</strong></span> <span class='ocrx_word' id='word_1_423' title='bbox 3634 2987 3715 3044; x_wconf 76' lang='grc' dir='ltr'><strong>οἷ-</strong></span> 
     </span>
    </p>
   </div>
   <div class='ocr_carea' id='block_1_61' title="bbox 436 3075 2026 3164">
    <p class='ocr_par' dir='ltr' id='par_1_61' title="bbox 436 3075 2026 3149">
     <span class='ocr_line' id='line_1_61' title="bbox 436 3075 2026 3149; baseline 0.003 -20"><span class='ocrx_word' id='word_1_424' title='bbox 436 3083 519 3130; x_wconf 83' lang='lat' dir='ltr'><strong>est</strong></span> <span class='ocrx_word' id='word_1_425' title='bbox 548 3075 617 3130; x_wconf 92' lang='lat' dir='ltr'><strong>de</strong></span> <span class='ocrx_word' id='word_1_426' title='bbox 648 3075 790 3131; x_wconf 64' lang='lat' dir='ltr'><strong>caelo</strong></span> <span class='ocrx_word' id='word_1_427' title='bbox 827 3076 1226 3143; x_wconf 89' lang='lat' dir='ltr'><strong>habitaculum,</strong></span> <span class='ocrx_word' id='word_1_428' title='bbox 1261 3092 1370 3148; x_wconf 91' lang='lat' dir='ltr'><strong>quo</strong></span> <span class='ocrx_word' id='word_1_429' title='bbox 1411 3077 1564 3132; x_wconf 90' lang='lat' dir='ltr'><strong>indui</strong></span> <span class='ocrx_word' id='word_1_430' title='bbox 1595 3087 1937 3149; x_wconf 82' lang='lat' dir='ltr'><strong>emptamus,</strong></span> <span class='ocrx_word' id='word_1_431' title='bbox 1964 3080 2026 3134; x_wconf 91' lang='lat' dir='ltr'><strong>il-</strong></span> 
     </span>
    </p>
   </div>
   <div class='ocr_carea' id='block_1_62' title="bbox 2130 3075 3712 3164">
    <p class='ocr_par' dir='ltr' id='par_1_62' title="bbox 2135 3075 3712 3150">
     <span class='ocr_line' id='line_1_62' title="bbox 2135 3075 3712 3150; baseline 0.004 -21"><span class='ocrx_word' id='word_1_432' title='bbox 2135 3093 2255 3147; x_wconf 88' lang='grc' dir='ltr'>μαι,</span> <span class='ocrx_word' id='word_1_433' title='bbox 2279 3076 2394 3130; x_wconf 80' lang='grc' dir='ltr'>ἔστι</span> <span class='ocrx_word' id='word_1_434' title='bbox 2420 3075 2482 3129; x_wconf 79' lang='grc' dir='ltr'>τὸ</span> <span class='ocrx_word' id='word_1_435' title='bbox 2502 3077 2694 3148; x_wconf 70' lang='grc' dir='ltr'>οἰκητή</span> <span class='ocrx_word' id='word_1_436' title='bbox 2705 3093 2816 3148; x_wconf 92' lang='grc' dir='ltr'>ριον</span> <span class='ocrx_word' id='word_1_437' title='bbox 2843 3077 2998 3147; x_wconf 80' lang='grc' dir='ltr'>ἡμῶν</span> <span class='ocrx_word' id='word_1_438' title='bbox 3026 3076 3089 3130; x_wconf 83' lang='grc' dir='ltr'><strong>τὺ</strong></span> <span class='ocrx_word' id='word_1_439' title='bbox 3111 3077 3168 3145; x_wconf 73' lang='grc' dir='ltr'><strong>ἐξ</strong></span> <span class='ocrx_word' id='word_1_440' title='bbox 3198 3079 3450 3150; x_wconf 85' lang='grc' dir='ltr'>οὐρανοῦ,</span> <span class='ocrx_word' id='word_1_441' title='bbox 3475 3080 3505 3133; x_wconf 83' lang='grc' dir='ltr'><strong>ὃ</strong></span> <span class='ocrx_word' id='word_1_442' title='bbox 3522 3082 3712 3137; x_wconf 78' lang='grc' dir='ltr'>ὲπιποο</span> 
     </span>
    </p>
   </div>
   <div class='ocr_carea' id='block_1_63' title="bbox 434 3167 2023 3239">
    <p class='ocr_par' dir='ltr' id='par_1_63' title="bbox 434 3167 2023 3239">
     <span class='ocr_line' id='line_1_63' title="bbox 434 3167 2023 3239; baseline 0.004 -18"><span class='ocrx_word' id='word_1_443' title='bbox 434 3167 486 3222; x_wconf 84' lang='lat' dir='ltr'><strong>la</strong></span> <span class='ocrx_word' id='word_1_444' title='bbox 508 3169 896 3225; x_wconf 83' lang='lat' dir='ltr'><strong>exsultationis</strong></span> <span class='ocrx_word' id='word_1_445' title='bbox 951 3171 1160 3236; x_wconf 80' lang='lat' dir='ltr'><strong>tunica,</strong></span> <span class='ocrx_word' id='word_1_446' title='bbox 1218 3180 1276 3225; x_wconf 88' lang='lat' dir='ltr'><strong>et</strong></span> <span class='ocrx_word' id='word_1_447' title='bbox 1330 3171 1718 3226; x_wconf 91' lang='lat' dir='ltr'><strong>indumentum</strong></span> <span class='ocrx_word' id='word_1_448' title='bbox 1745 3173 2023 3239; x_wconf 89' lang='lat' dir='ltr'><strong>salutaris,</strong></span> 
     </span>
    </p>
   </div>
   <div class='ocr_carea' id='block_1_64' title="bbox 429 3259 2029 3336">
    <p class='ocr_par' dir='ltr' id='par_1_64' title="bbox 429 3259 2029 3336">
     <span class='ocr_line' id='line_1_64' title="bbox 429 3259 2029 3336; baseline 0.005 -24"><span class='ocrx_word' id='word_1_449' title='bbox 429 3259 584 3330; x_wconf 80' lang='lat' dir='ltr'><strong>juxta</strong></span> <span class='ocrx_word' id='word_1_450' title='bbox 610 3260 895 3330; x_wconf 67' lang='lat' dir='ltr'><strong>prophetae</strong></span> <span class='ocrx_word' id='word_1_451' title='bbox 961 3277 1152 3316; x_wconf 92' lang='lat' dir='ltr'><strong>vocem</strong></span> <span class='ocrx_word' id='word_1_452' title='bbox 1196 3263 1262 3316; x_wconf 77' lang='grc'><strong>³⁸.</strong></span> <span class='ocrx_word' id='word_1_453' title='bbox 1301 3261 1436 3318; x_wconf 87' lang='lat' dir='ltr'><strong>Coeli</strong></span> <span class='ocrx_word' id='word_1_454' title='bbox 1478 3272 1662 3318; x_wconf 90' lang='lat' dir='ltr'><strong>autem</strong></span> <span class='ocrx_word' id='word_1_455' title='bbox 1716 3263 1890 3336; x_wconf 82' lang='lat' dir='ltr'><strong>ﬁgura</strong></span> <span class='ocrx_word' id='word_1_456' title='bbox 1945 3274 2029 3321; x_wconf 90' lang='lat' dir='ltr'><strong>est</strong></span> 
     </span>
    </p>
   </div>
   <div class='ocr_carea' id='block_1_65' title="bbox 433 3349 2028 3423">
    <p class='ocr_par' dir='ltr' id='par_1_65' title="bbox 433 3349 2028 3423">
     <span class='ocr_line' id='line_1_65' title="bbox 433 3349 2028 3423; baseline 0.004 -18"><span class='ocrx_word' id='word_1_457' title='bbox 433 3351 551 3420; x_wconf 89' lang='lat' dir='ltr'><strong>ipse</strong></span> <span class='ocrx_word' id='word_1_458' title='bbox 577 3349 967 3423; x_wconf 90' lang='lat' dir='ltr'><strong>hyacinthinus</strong></span> <span class='ocrx_word' id='word_1_459' title='bbox 987 3354 1160 3419; x_wconf 91' lang='lat' dir='ltr'><strong>color,</strong></span> <span class='ocrx_word' id='word_1_460' title='bbox 1186 3363 1249 3408; x_wconf 90' lang='lat' dir='ltr'><strong>ut</strong></span> <span class='ocrx_word' id='word_1_461' title='bbox 1279 3362 1364 3409; x_wconf 91' lang='lat' dir='ltr'><strong>est</strong></span> <span class='ocrx_word' id='word_1_462' title='bbox 1384 3354 1672 3410; x_wconf 85' lang='lat' dir='ltr'><strong>manifeste</strong></span> <span class='ocrx_word' id='word_1_463' title='bbox 1697 3355 1926 3411; x_wconf 90' lang='lat' dir='ltr'><strong>dictum.</strong></span> <span class='ocrx_word' id='word_1_464' title='bbox 1951 3356 2028 3412; x_wconf 83' lang='lat' dir='ltr'><strong>Ac</strong></span> 
     </span>
    </p>
   </div>
   <div class='ocr_carea' id='block_1_66' title="bbox 433 3441 2026 3517">
    <p class='ocr_par' dir='ltr' id='par_1_66' title="bbox 433 3441 2026 3517">
     <span class='ocr_line' id='line_1_66' title="bbox 433 3441 2026 3517; baseline 0.004 -23"><span class='ocrx_word' id='word_1_465' title='bbox 433 3456 562 3497; x_wconf 86' lang='lat' dir='ltr'><strong>vere</strong></span> <span class='ocrx_word' id='word_1_466' title='bbox 586 3441 703 3499; x_wconf 65' lang='lat' dir='ltr'><strong>haec</strong></span> <span class='ocrx_word' id='word_1_467' title='bbox 742 3443 972 3514; x_wconf 89' lang='lat' dir='ltr'><strong>quidem</strong></span> <span class='ocrx_word' id='word_1_468' title='bbox 1007 3444 1152 3500; x_wconf 90' lang='lat' dir='ltr'><strong>dicta</strong></span> <span class='ocrx_word' id='word_1_469' title='bbox 1210 3455 1358 3510; x_wconf 91' lang='lat' dir='ltr'><strong>sunt,</strong></span> <span class='ocrx_word' id='word_1_470' title='bbox 1395 3445 1439 3500; x_wconf 91' lang='lat' dir='ltr'><strong>si</strong></span> <span class='ocrx_word' id='word_1_471' title='bbox 1473 3446 1541 3500; x_wconf 87' lang='lat' dir='ltr'><strong>de</strong></span> <span class='ocrx_word' id='word_1_472' title='bbox 1568 3447 1729 3501; x_wconf 92' lang='lat' dir='ltr'><strong>nobis</strong></span> <span class='ocrx_word' id='word_1_473' title='bbox 1760 3447 1894 3517; x_wconf 92' lang='lat' dir='ltr'><strong>ipsis</strong></span> <span class='ocrx_word' id='word_1_474' title='bbox 1939 3448 2026 3501; x_wconf 90' lang='lat' dir='ltr'><strong>in-</strong></span> 
     </span>
    </p>
   </div>
   <div class='ocr_carea' id='block_1_67' title="bbox 432 3534 2026 3610">
    <p class='ocr_par' dir='ltr' id='par_1_67' title="bbox 432 3534 2026 3610">
     <span class='ocr_line' id='line_1_67' title="bbox 432 3534 2026 3610; baseline 0.004 -22"><span class='ocrx_word' id='word_1_475' title='bbox 432 3534 780 3606; x_wconf 83' lang='lat' dir='ltr'><strong>telligantur;</strong></span> <span class='ocrx_word' id='word_1_476' title='bbox 818 3535 1004 3590; x_wconf 90' lang='lat' dir='ltr'><strong>amicti</strong></span> <span class='ocrx_word' id='word_1_477' title='bbox 1051 3553 1288 3607; x_wconf 87' lang='lat' dir='ltr'><strong>namque</strong></span> <span class='ocrx_word' id='word_1_478' title='bbox 1325 3537 1737 3607; x_wconf 89' lang='lat' dir='ltr'><strong>incorruptione</strong></span> <span class='ocrx_word' id='word_1_479' title='bbox 1790 3555 2026 3610; x_wconf 86' lang='lat' dir='ltr'><strong>superna</strong></span> 
     </span>
    </p>
   </div>
   <div class='ocr_carea' id='block_1_68' title="bbox 431 3623 2031 3701">
    <p class='ocr_par' dir='ltr' id='par_1_68' title="bbox 431 3623 2031 3701">
     <span class='ocr_line' id='line_1_68' title="bbox 431 3623 2031 3701; baseline 0.006 -23"><span class='ocrx_word' id='word_1_480' title='bbox 431 3638 644 3679; x_wconf 77' lang='lat' dir='ltr'><strong>sumus.</strong></span> <span class='ocrx_word' id='word_1_481' title='bbox 679 3623 776 3678; x_wconf 89' lang='lat' dir='ltr'><strong>Sin</strong></span> <span class='ocrx_word' id='word_1_482' title='bbox 816 3624 934 3694; x_wconf 87' lang='lat' dir='ltr'><strong>ipse</strong></span> <span class='ocrx_word' id='word_1_483' title='bbox 986 3641 1207 3696; x_wconf 87' lang='lat' dir='ltr'><strong>quoque</strong></span> <span class='ocrx_word' id='word_1_484' title='bbox 1240 3626 1496 3682; x_wconf 88' lang='lat' dir='ltr'><strong>Christus</strong></span> <span class='ocrx_word' id='word_1_485' title='bbox 1538 3629 1878 3701; x_wconf 83' lang='lat' dir='ltr'><strong>intelligatur</strong></span> <span class='ocrx_word' id='word_1_486' title='bbox 1912 3639 2031 3688; x_wconf 84' lang='lat' dir='ltr'><strong>tan-</strong></span> 
     </span>
    </p>
   </div>
   <div class='ocr_carea' id='block_1_69' title="bbox 430 3713 2024 3791">
    <p class='ocr_par' dir='ltr' id='par_1_69' title="bbox 430 3713 2024 3791">
     <span class='ocr_line' id='line_1_69' title="bbox 430 3713 2024 3791; baseline 0.008 -25"><span class='ocrx_word' id='word_1_487' title='bbox 430 3729 597 3783; x_wconf 85' lang='lat' dir='ltr'><strong>quam</strong></span> <span class='ocrx_word' id='word_1_488' title='bbox 629 3713 688 3768; x_wconf 90' lang='lat' dir='ltr'><strong>in</strong></span> <span class='ocrx_word' id='word_1_489' title='bbox 721 3715 902 3769; x_wconf 80' lang='lat' dir='ltr'><strong>Aaron</strong></span> <span class='ocrx_word' id='word_1_490' title='bbox 929 3731 1166 3784; x_wconf 90' lang='lat' dir='ltr'><strong>persona</strong></span> <span class='ocrx_word' id='word_1_491' title='bbox 1202 3718 1427 3773; x_wconf 88' lang='lat' dir='ltr'><strong>talarem</strong></span> <span class='ocrx_word' id='word_1_492' title='bbox 1449 3720 1774 3776; x_wconf 87' lang='lat' dir='ltr'><strong>subuculam</strong></span> <span class='ocrx_word' id='word_1_493' title='bbox 1795 3723 2024 3791; x_wconf 90' lang='lat' dir='ltr'><strong>habens,</strong></span> 
     </span>
    </p>
   </div>
   <div class='ocr_carea' id='block_1_70' title="bbox 430 3803 2027 3886">
    <p class='ocr_par' dir='ltr' id='par_1_70' title="bbox 430 3803 2027 3886">
     <span class='ocr_line' id='line_1_70' title="bbox 430 3803 2027 3886; baseline 0.007 -28"><span class='ocrx_word' id='word_1_494' title='bbox 430 3803 793 3860; x_wconf 90' lang='lat' dir='ltr'><strong>nihilominus</strong></span> <span class='ocrx_word' id='word_1_495' title='bbox 822 3805 1109 3862; x_wconf 88' lang='lat' dir='ltr'><strong>verissime</strong></span> <span class='ocrx_word' id='word_1_496' title='bbox 1159 3808 1382 3864; x_wconf 90' lang='lat' dir='ltr'><strong>dicitur.</strong></span> <span class='ocrx_word' id='word_1_497' title='bbox 1423 3810 1518 3866; x_wconf 87' lang='lat' dir='ltr'><strong>Ille</strong></span> <span class='ocrx_word' id='word_1_498' title='bbox 1547 3827 1783 3882; x_wconf 91' lang='lat' dir='ltr'><strong>namque</strong></span> <span class='ocrx_word' id='word_1_499' title='bbox 1823 3813 2027 3886; x_wconf 82' lang='lat' dir='ltr'><strong>Unige-</strong></span> 
     </span>
    </p>
   </div>
   <div class='ocr_carea' id='block_1_71' title="bbox 429 3894 2027 3977">
    <p class='ocr_par' dir='ltr' id='par_1_71' title="bbox 429 3894 2027 3977">
     <span class='ocr_line' id='line_1_71' title="bbox 429 3894 2027 3977; baseline 0.007 -28"><span class='ocrx_word' id='word_1_500' title='bbox 429 3894 585 3952; x_wconf 87' lang='lat' dir='ltr'><strong>nitus</strong></span> <span class='ocrx_word' id='word_1_501' title='bbox 609 3911 733 3951; x_wconf 90' lang='lat' dir='ltr'><strong>cum</strong></span> <span class='ocrx_word' id='word_1_502' title='bbox 753 3897 824 3953; x_wconf 88' lang='lat' dir='ltr'><strong>sit</strong></span> <span class='ocrx_word' id='word_1_503' title='bbox 845 3897 1146 3953; x_wconf 89' lang='lat' dir='ltr'><strong>secundum</strong></span> <span class='ocrx_word' id='word_1_504' title='bbox 1185 3909 1442 3956; x_wconf 89' lang='lat' dir='ltr'><strong>naturam</strong></span> <span class='ocrx_word' id='word_1_505' title='bbox 1485 3903 1652 3968; x_wconf 91' lang='lat' dir='ltr'><strong>Deus,</strong></span> <span class='ocrx_word' id='word_1_506' title='bbox 1688 3904 2027 3977; x_wconf 89' lang='lat' dir='ltr'><strong>incorrupti-</strong></span> 
     </span>
    </p>
   </div>
   <div class='ocr_carea' id='block_1_72' title="bbox 431 3982 2028 4065">
    <p class='ocr_par' dir='ltr' id='par_1_72' title="bbox 431 3982 2028 4065">
     <span class='ocr_line' id='line_1_72' title="bbox 431 3982 2028 4065; baseline 0.01 -28"><span class='ocrx_word' id='word_1_507' title='bbox 431 3982 544 4040; x_wconf 86' lang='lat' dir='ltr'><strong>bile</strong></span> <span class='ocrx_word' id='word_1_508' title='bbox 570 4001 730 4041; x_wconf 89' lang='lat' dir='ltr'><strong>suum</strong></span> <span class='ocrx_word' id='word_1_509' title='bbox 770 4001 974 4058; x_wconf 88' lang='lat' dir='ltr'><strong>corpus</strong></span> <span class='ocrx_word' id='word_1_510' title='bbox 1007 3987 1214 4055; x_wconf 88' lang='lat' dir='ltr'><strong>effecit,</strong></span> <span class='ocrx_word' id='word_1_511' title='bbox 1241 3999 1440 4045; x_wconf 90' lang='lat' dir='ltr'><strong>etcum</strong></span> <span class='ocrx_word' id='word_1_512' title='bbox 1468 3992 1603 4048; x_wconf 90' lang='lat' dir='ltr'><strong>illud</strong></span> <span class='ocrx_word' id='word_1_513' title='bbox 1625 4009 1876 4065; x_wconf 60' lang='lat' dir='ltr'><strong>superna»</strong></span> <span class='ocrx_word' id='word_1_514' title='bbox 1898 3997 2028 4053; x_wconf 66' lang='lat' dir='ltr'><strong>vitae</strong></span> 
     </span>
    </p>
   </div>
   <div class='ocr_carea' id='block_1_73' title="bbox 429 4077 2028 4150">
    <p class='ocr_par' dir='ltr' id='par_1_73' title="bbox 429 4077 2028 4150">
     <span class='ocr_line' id='line_1_73' title="bbox 429 4077 2028 4150; baseline 0.009 -20"><span class='ocrx_word' id='word_1_515' title='bbox 429 4077 636 4132; x_wconf 80' lang='lat' dir='ltr'><strong>amictu</strong></span> <span class='ocrx_word' id='word_1_516' title='bbox 664 4078 955 4144; x_wconf 87' lang='lat' dir='ltr'><strong>induisset,</strong></span> <span class='ocrx_word' id='word_1_517' title='bbox 978 4096 1208 4150; x_wconf 88' lang='lat' dir='ltr'><strong>prorsus</strong></span> <span class='ocrx_word' id='word_1_518' title='bbox 1230 4082 1426 4138; x_wconf 90' lang='lat' dir='ltr'><strong>mortis</strong></span> <span class='ocrx_word' id='word_1_519' title='bbox 1449 4083 1735 4140; x_wconf 88' lang='lat' dir='ltr'><strong>dominatu</strong></span> <span class='ocrx_word' id='word_1_520' title='bbox 1752 4088 2028 4146; x_wconf 88' lang='lat' dir='ltr'><strong>valentius</strong></span> 
     </span>
    </p>
   </div>
   <div class='ocr_carea' id='block_1_74' title="bbox 432 4166 2026 4240">
    <p class='ocr_par' dir='ltr' id='par_1_74' title="bbox 432 4166 2026 4240">
     <span class='ocr_line' id='line_1_74' title="bbox 432 4166 2026 4240; baseline 0.008 -19"><span class='ocrx_word' id='word_1_521' title='bbox 432 4166 690 4222; x_wconf 88' lang='lat' dir='ltr'><strong>reddidit.</strong></span> <span class='ocrx_word' id='word_1_522' title='bbox 722 4170 886 4240; x_wconf 74' lang='lat'><strong>387</strong></span> <span class='ocrx_word' id='word_1_523' title='bbox 916 4171 974 4223; x_wconf 88' lang='lat' dir='ltr'><strong>In</strong></span> <span class='ocrx_word' id='word_1_524' title='bbox 1013 4169 1234 4227; x_wconf 89' lang='lat' dir='ltr'><strong>Christo</strong></span> <span class='ocrx_word' id='word_1_525' title='bbox 1254 4174 1402 4228; x_wconf 87' lang='lat' dir='ltr'><strong>enim</strong></span> <span class='ocrx_word' id='word_1_526' title='bbox 1434 4175 1740 4231; x_wconf 90' lang='lat' dir='ltr'><strong>secundum</strong></span> <span class='ocrx_word' id='word_1_527' title='bbox 1770 4187 2026 4234; x_wconf 89' lang='lat' dir='ltr'><strong>naturam</strong></span> 
     </span>
    </p>
   </div>
   <div class='ocr_carea' id='block_1_75' title="bbox 431 4257 2024 4337">
    <p class='ocr_par' dir='ltr' id='par_1_75' title="bbox 431 4257 2024 4337">
     <span class='ocr_line' id='line_1_75' title="bbox 431 4257 2024 4337; baseline 0.008 -25"><span class='ocrx_word' id='word_1_528' title='bbox 431 4257 596 4312; x_wconf 89' lang='lat' dir='ltr'><strong>simul</strong></span> <span class='ocrx_word' id='word_1_529' title='bbox 627 4269 685 4313; x_wconf 92' lang='lat' dir='ltr'><strong>et</strong></span> <span class='ocrx_word' id='word_1_530' title='bbox 715 4273 783 4314; x_wconf 77' lang='lat' dir='ltr'><strong>ex</strong></span> <span class='ocrx_word' id='word_1_531' title='bbox 810 4261 1236 4331; x_wconf 88' lang='lat' dir='ltr'><strong>participatione</strong></span> <span class='ocrx_word' id='word_1_532' title='bbox 1259 4264 1734 4337; x_wconf 90' lang='lat' dir='ltr'><strong>incorruptionem</strong></span> <span class='ocrx_word' id='word_1_533' title='bbox 1771 4286 1836 4325; x_wconf 86' lang='lat' dir='ltr'><strong>ac</strong></span> <span class='ocrx_word' id='word_1_534' title='bbox 1856 4271 2024 4325; x_wconf 85' lang='lat' dir='ltr'><strong>vitam</strong></span> 
     </span>
    </p>
   </div>
   <div class='ocr_carea' id='block_1_76' title="bbox 429 4346 2022 4430">
    <p class='ocr_par' dir='ltr' id='par_1_76' title="bbox 429 4346 2022 4430">
     <span class='ocr_line' id='line_1_76' title="bbox 429 4346 2022 4430; baseline 0.009 -27"><span class='ocrx_word' id='word_1_535' title='bbox 429 4346 633 4415; x_wconf 89' lang='lat' dir='ltr'><strong>inesse,</strong></span> <span class='ocrx_word' id='word_1_536' title='bbox 665 4349 798 4405; x_wconf 89' lang='lat' dir='ltr'><strong>hinc</strong></span> <span class='ocrx_word' id='word_1_537' title='bbox 836 4367 1058 4422; x_wconf 90' lang='lat' dir='ltr'><strong>quoque</strong></span> <span class='ocrx_word' id='word_1_538' title='bbox 1099 4354 1409 4427; x_wconf 82' lang='lat' dir='ltr'><strong>intelliges;</strong></span> <span class='ocrx_word' id='word_1_539' title='bbox 1443 4373 1571 4412; x_wconf 88' lang='lat' dir='ltr'><strong>nam</strong></span> <span class='ocrx_word' id='word_1_540' title='bbox 1607 4370 1667 4416; x_wconf 91' lang='lat' dir='ltr'><strong>ut</strong></span> <span class='ocrx_word' id='word_1_541' title='bbox 1692 4361 1787 4430; x_wconf 90' lang='lat' dir='ltr'><strong>qui</strong></span> <span class='ocrx_word' id='word_1_542' title='bbox 1825 4377 2022 4417; x_wconf 88' lang='lat' dir='ltr'><strong>secun-</strong></span> 
     </span>
    </p>
   </div>
   <div class='ocr_carea' id='block_1_77' title="bbox 2129 3169 3715 3246">
    <p class='ocr_par' dir='ltr' id='par_1_77' title="bbox 2129 3169 3715 3246">
     <span class='ocr_line' id='line_1_77' title="bbox 2129 3169 3715 3246; baseline -0.001 -19"><span class='ocrx_word' id='word_1_543' title='bbox 2129 3172 2330 3242; x_wconf 84' lang='grc' dir='ltr'>θοῦμεν</span> <span class='ocrx_word' id='word_1_544' title='bbox 2361 3169 2702 3234; x_wconf 76' lang='grc' dir='ltr'>ἐνδύσασθαι,</span> <span class='ocrx_word' id='word_1_545' title='bbox 2732 3172 2761 3222; x_wconf 93' lang='lat'><strong>6</strong></span> <span class='ocrx_word' id='word_1_546' title='bbox 2787 3169 2888 3240; x_wconf 82' lang='grc' dir='ltr'>τῆς</span> <span class='ocrx_word' id='word_1_547' title='bbox 2916 3169 3256 3242; x_wconf 81' lang='grc' dir='ltr'>εὐφροσύνης</span> <span class='ocrx_word' id='word_1_548' title='bbox 3283 3171 3468 3242; x_wconf 77' lang='grc' dir='ltr'>χιτὼν,</span> <span class='ocrx_word' id='word_1_549' title='bbox 3500 3174 3562 3226; x_wconf 82' lang='grc' dir='ltr'>τὸ</span> <span class='ocrx_word' id='word_1_550' title='bbox 3591 3177 3715 3246; x_wconf 78' lang='grc' dir='ltr'>ἱμά-</span> 
     </span>
    </p>
   </div>
   <div class='ocr_carea' id='block_1_78' title="bbox 2125 3259 3710 3337">
    <p class='ocr_par' dir='ltr' id='par_1_78' title="bbox 2125 3259 3710 3337">
     <span class='ocr_line' id='line_1_78' title="bbox 2125 3259 3710 3337; baseline 0.001 -19"><span class='ocrx_word' id='word_1_551' title='bbox 2125 3282 2237 3318; x_wconf 86' lang='grc' dir='ltr'>τιον</span> <span class='ocrx_word' id='word_1_552' title='bbox 2265 3260 2359 3315; x_wconf 89' lang='grc' dir='ltr'><strong>τοῦ</strong></span> <span class='ocrx_word' id='word_1_553' title='bbox 2406 3260 2676 3332; x_wconf 78' lang='grc' dir='ltr'>σωτηρίου</span> <span class='ocrx_word' id='word_1_554' title='bbox 2698 3300 2713 3326; x_wconf 93' lang='grc'><strong>,</strong></span> <span class='ocrx_word' id='word_1_555' title='bbox 2743 3259 2886 3313; x_wconf 82' lang='grc' dir='ltr'>κατὰ</span> <span class='ocrx_word' id='word_1_556' title='bbox 2922 3260 3020 3330; x_wconf 80' lang='grc' dir='ltr'>τὴν</span> <span class='ocrx_word' id='word_1_557' title='bbox 3047 3260 3141 3314; x_wconf 88' lang='grc' dir='ltr'><strong>τοῦ</strong></span> <span class='ocrx_word' id='word_1_558' title='bbox 3185 3264 3466 3335; x_wconf 81' lang='grc' dir='ltr'>προφήτου</span> <span class='ocrx_word' id='word_1_559' title='bbox 3504 3266 3710 3337; x_wconf 81' lang='grc' dir='ltr'>φωνήν.</span> 
     </span>
    </p>
   </div>
   <div class='ocr_carea' id='block_1_79' title="bbox 2127 3350 3714 3428">
    <p class='ocr_par' dir='ltr' id='par_1_79' title="bbox 2127 3350 3714 3428">
     <span class='ocr_line' id='line_1_79' title="bbox 2127 3350 3714 3428; baseline 0.001 -19"><span class='ocrx_word' id='word_1_560' title='bbox 2127 3352 2371 3423; x_wconf 82' lang='grc' dir='ltr'>Οὐρανοῦ</span> <span class='ocrx_word' id='word_1_561' title='bbox 2415 3353 2470 3406; x_wconf 81' lang='grc' dir='ltr'>δὲ</span> <span class='ocrx_word' id='word_1_562' title='bbox 2504 3352 2676 3415; x_wconf 89' lang='grc' dir='ltr'>τύπος</span> <span class='ocrx_word' id='word_1_563' title='bbox 2705 3352 2767 3404; x_wconf 73' lang='grc' dir='ltr'>τὸ</span> <span class='ocrx_word' id='word_1_564' title='bbox 2803 3350 3003 3424; x_wconf 87' lang='grc' dir='ltr'>χρῶμα</span> <span class='ocrx_word' id='word_1_565' title='bbox 3049 3353 3109 3407; x_wconf 78' lang='grc' dir='ltr'>τὸ</span> <span class='ocrx_word' id='word_1_566' title='bbox 3155 3354 3462 3408; x_wconf 83' lang='grc' dir='ltr'>ὑακίνθινον</span> <span class='ocrx_word' id='word_1_567' title='bbox 3495 3357 3714 3428; x_wconf 74' lang='grc' dir='ltr'>εἴρηται</span> 
     </span>
    </p>
   </div>
   <div class='ocr_carea' id='block_1_80' title="bbox 2128 3441 3710 3517">
    <p class='ocr_par' dir='ltr' id='par_1_80' title="bbox 2128 3441 3710 3517">
     <span class='ocr_line' id='line_1_80' title="bbox 2128 3441 3710 3517; baseline 0.004 -20"><span class='ocrx_word' id='word_1_568' title='bbox 2128 3444 2336 3513; x_wconf 75' lang='grc' dir='ltr'>σαφῶς.</span> <span class='ocrx_word' id='word_1_569' title='bbox 2369 3443 2478 3496; x_wconf 65' lang='grc' dir='ltr'>Καὶ</span> <span class='ocrx_word' id='word_1_570' title='bbox 2508 3441 2715 3514; x_wconf 82' lang='grc' dir='ltr'>ἀληθὴς</span> <span class='ocrx_word' id='word_1_571' title='bbox 2745 3444 2843 3512; x_wconf 79' lang='grc' dir='ltr'>μὲν</span> <span class='ocrx_word' id='word_1_572' title='bbox 2869 3445 2897 3496; x_wconf 90' lang='lat'><strong>6</strong></span> <span class='ocrx_word' id='word_1_573' title='bbox 2919 3444 3092 3512; x_wconf 87' lang='grc' dir='ltr'>λόγος,</span> <span class='ocrx_word' id='word_1_574' title='bbox 3117 3445 3194 3508; x_wconf 86' lang='grc' dir='ltr'><strong>ῶς</strong></span> <span class='ocrx_word' id='word_1_575' title='bbox 3219 3447 3303 3515; x_wconf 78' lang='grc' dir='ltr'><strong>ἐφ’</strong></span> <span class='ocrx_word' id='word_1_576' title='bbox 3326 3447 3482 3517; x_wconf 83' lang='grc' dir='ltr'>ἡμῶν</span> <span class='ocrx_word' id='word_1_577' title='bbox 3510 3447 3710 3503; x_wconf 76' lang='grc' dir='ltr'>αὐτῶν.</span> 
     </span>
    </p>
   </div>
   <div class='ocr_carea' id='block_1_81' title="bbox 2126 3534 3712 3609">
    <p class='ocr_par' dir='ltr' id='par_1_81' title="bbox 2126 3534 3712 3609">
     <span class='ocr_line' id='line_1_81' title="bbox 2126 3534 3712 3609; baseline 0.003 -19"><span class='ocrx_word' id='word_1_578' title='bbox 2126 3534 2426 3606; x_wconf 87' lang='grc' dir='ltr'>Περιϐεϐλή</span> <span class='ocrx_word' id='word_1_579' title='bbox 2438 3535 2576 3606; x_wconf 88' lang='grc' dir='ltr'>μεθα</span> <span class='ocrx_word' id='word_1_580' title='bbox 2597 3535 2706 3605; x_wconf 78' lang='grc' dir='ltr'>γὰρ</span> <span class='ocrx_word' id='word_1_581' title='bbox 2733 3535 3039 3606; x_wconf 84' lang='grc' dir='ltr'>ἀφθαρσίαν</span> <span class='ocrx_word' id='word_1_582' title='bbox 3068 3537 3166 3609; x_wconf 80' lang='grc' dir='ltr'>τὴν</span> <span class='ocrx_word' id='word_1_583' title='bbox 3185 3539 3411 3594; x_wconf 77' lang='grc' dir='ltr'>ἄνωθεν.</span> <span class='ocrx_word' id='word_1_584' title='bbox 3441 3541 3505 3594; x_wconf 69' lang='lat' dir='ltr'><strong>Et</strong></span> <span class='ocrx_word' id='word_1_585' title='bbox 3534 3541 3592 3595; x_wconf 78' lang='grc' dir='ltr'>δὲ</span> <span class='ocrx_word' id='word_1_586' title='bbox 3619 3545 3712 3596; x_wconf 75' lang='grc' dir='ltr'>καὶ</span> 
     </span>
    </p>
   </div>
   <div class='ocr_carea' id='block_1_82' title="bbox 2126 3629 3712 3706">
    <p class='ocr_par' dir='ltr' id='par_1_82' title="bbox 2126 3629 3712 3706">
     <span class='ocr_line' id='line_1_82' title="bbox 2126 3629 3712 3706; baseline 0.004 -24"><span class='ocrx_word' id='word_1_587' title='bbox 2126 3629 2288 3692; x_wconf 75' lang='grc' dir='ltr'>αὐτὸς</span> <span class='ocrx_word' id='word_1_588' title='bbox 2318 3630 2489 3682; x_wconf 87' lang='grc' dir='ltr'>νοοῖτο</span> <span class='ocrx_word' id='word_1_589' title='bbox 2516 3629 2770 3701; x_wconf 80' lang='grc' dir='ltr'>Χριστὸς,</span> <span class='ocrx_word' id='word_1_590' title='bbox 2800 3629 2876 3693; x_wconf 87' lang='grc' dir='ltr'>ὡς</span> <span class='ocrx_word' id='word_1_591' title='bbox 2905 3631 2962 3682; x_wconf 83' lang='grc' dir='ltr'>ἑν</span> <span class='ocrx_word' id='word_1_592' title='bbox 3008 3629 3220 3701; x_wconf 79' lang='grc' dir='ltr'>Ἀαρὼν</span> <span class='ocrx_word' id='word_1_593' title='bbox 3251 3631 3341 3685; x_wconf 83' lang='grc' dir='ltr'>τὸν</span> <span class='ocrx_word' id='word_1_594' title='bbox 3369 3633 3586 3706; x_wconf 73' lang='grc' dir='ltr'>ποδήρη</span> <span class='ocrx_word' id='word_1_595' title='bbox 3620 3635 3712 3688; x_wconf 69' lang='grc' dir='ltr'>τιν</span> 
     </span>
    </p>
   </div>
   <div class='ocr_carea' id='block_1_83' title="bbox 2128 3716 3706 3794">
    <p class='ocr_par' dir='ltr' id='par_1_83' title="bbox 2128 3716 3706 3794">
     <span class='ocr_line' id='line_1_83' title="bbox 2128 3716 3706 3794; baseline 0.005 -22"><span class='ocrx_word' id='word_1_596' title='bbox 2128 3719 2398 3791; x_wconf 86' lang='grc' dir='ltr'>ὑποδύτην</span> <span class='ocrx_word' id='word_1_597' title='bbox 2437 3719 2605 3789; x_wconf 78' lang='grc' dir='ltr'>ἔχων,</span> <span class='ocrx_word' id='word_1_598' title='bbox 2641 3720 2792 3774; x_wconf 82' lang='grc' dir='ltr'>οὐδὲν</span> <span class='ocrx_word' id='word_1_599' title='bbox 2832 3716 2995 3794; x_wconf 69' lang='grc' dir='ltr'>ἦττον</span> <span class='ocrx_word' id='word_1_600' title='bbox 3032 3724 3165 3793; x_wconf 79' lang='grc' dir='ltr'>ἡμῖν</span> <span class='ocrx_word' id='word_1_601' title='bbox 3206 3722 3414 3794; x_wconf 81' lang='grc' dir='ltr'>ἀληθὴς</span> <span class='ocrx_word' id='word_1_602' title='bbox 3456 3727 3487 3778; x_wconf 93' lang='lat'><strong>6</strong></span> <span class='ocrx_word' id='word_1_603' title='bbox 3529 3725 3706 3794; x_wconf 81' lang='grc' dir='ltr'>λόγος,</span> 
     </span>
    </p>
   </div>
   <div class='ocr_carea' id='block_1_84' title="bbox 2126 3809 3713 3888">
    <p class='ocr_par' dir='ltr' id='par_1_84' title="bbox 2126 3809 3713 3888">
     <span class='ocr_line' id='line_1_84' title="bbox 2126 3809 3713 3888; baseline 0.004 -25"><span class='ocrx_word' id='word_1_604' title='bbox 2126 3810 2258 3874; x_wconf 83' lang='grc' dir='ltr'>Θεὸς</span> <span class='ocrx_word' id='word_1_605' title='bbox 2305 3809 2414 3882; x_wconf 84' lang='grc' dir='ltr'><strong>γὰρ</strong></span> <span class='ocrx_word' id='word_1_606' title='bbox 2457 3809 2534 3863; x_wconf 83' lang='grc' dir='ltr'>ὢν</span> <span class='ocrx_word' id='word_1_607' title='bbox 2580 3811 2722 3864; x_wconf 75' lang='grc' dir='ltr'>κατὰ</span> <span class='ocrx_word' id='word_1_608' title='bbox 2773 3810 2935 3880; x_wconf 84' lang='grc' dir='ltr'>φύσιν</span> <span class='ocrx_word' id='word_1_609' title='bbox 2972 3815 3001 3867; x_wconf 88' lang='lat'><strong>6</strong></span> <span class='ocrx_word' id='word_1_610' title='bbox 3037 3813 3383 3886; x_wconf 84' lang='grc' dir='ltr'>Μονογενὴς,</span> <span class='ocrx_word' id='word_1_611' title='bbox 3433 3815 3713 3888; x_wconf 77' lang='grc' dir='ltr'>ἄφθαρτον</span> 
     </span>
    </p>
   </div>
   <div class='ocr_carea' id='block_1_85' title="bbox 2126 3902 3711 3980">
    <p class='ocr_par' dir='ltr' id='par_1_85' title="bbox 2126 3902 3711 3980">
     <span class='ocr_line' id='line_1_85' title="bbox 2126 3902 3711 3980; baseline 0.002 -22"><span class='ocrx_word' id='word_1_612' title='bbox 2126 3903 2385 3958; x_wconf 84' lang='grc' dir='ltr'>ἀποτελεῖ</span> <span class='ocrx_word' id='word_1_613' title='bbox 2409 3904 2470 3957; x_wconf 80' lang='grc' dir='ltr'>τὸ</span> <span class='ocrx_word' id='word_1_614' title='bbox 2499 3903 2630 3956; x_wconf 81' lang='grc' dir='ltr'>ἴδιον</span> <span class='ocrx_word' id='word_1_615' title='bbox 2664 3902 2846 3972; x_wconf 87' lang='grc' dir='ltr'>σῶμα,</span> <span class='ocrx_word' id='word_1_616' title='bbox 2881 3904 2974 3956; x_wconf 78' lang='grc' dir='ltr'>καὶ</span> <span class='ocrx_word' id='word_1_617' title='bbox 3003 3903 3115 3976; x_wconf 76' lang='grc' dir='ltr'>ζωῇ</span> <span class='ocrx_word' id='word_1_618' title='bbox 3141 3908 3206 3977; x_wconf 83' lang='grc' dir='ltr'><strong>τῇ</strong></span> <span class='ocrx_word' id='word_1_619' title='bbox 3239 3907 3444 3961; x_wconf 82' lang='grc' dir='ltr'>ἄνωθεν</span> <span class='ocrx_word' id='word_1_620' title='bbox 3478 3909 3711 3980; x_wconf 86' lang='grc' dir='ltr'>περιϐα-</span> 
     </span>
    </p>
   </div>
   <div class='ocr_carea' id='block_1_86' title="bbox 2127 3993 3710 4066">
    <p class='ocr_par' dir='ltr' id='par_1_86' title="bbox 2127 3993 3710 4066">
     <span class='ocr_line' id='line_1_86' title="bbox 2127 3993 3710 4066; baseline 0.003 -17"><span class='ocrx_word' id='word_1_621' title='bbox 2127 3995 2233 4049; x_wconf 89' lang='grc' dir='ltr'>λὼν</span> <span class='ocrx_word' id='word_1_622' title='bbox 2279 3995 2446 4061; x_wconf 78' lang='grc' dir='ltr'>αὐτὸ,</span> <span class='ocrx_word' id='word_1_623' title='bbox 2489 3995 2587 4066; x_wconf 82' lang='grc' dir='ltr'>τῆς</span> <span class='ocrx_word' id='word_1_624' title='bbox 2620 3993 2714 4048; x_wconf 90' lang='grc' dir='ltr'><strong>τοῦ</strong></span> <span class='ocrx_word' id='word_1_625' title='bbox 2758 3994 2992 4050; x_wconf 85' lang='grc' dir='ltr'>θανάτου</span> <span class='ocrx_word' id='word_1_626' title='bbox 3035 3996 3350 4063; x_wconf 82' lang='grc' dir='ltr'>πλεονεξίας</span> <span class='ocrx_word' id='word_1_627' title='bbox 3396 3999 3563 4053; x_wconf 79' lang='grc' dir='ltr'>ἐτίθει</span> <span class='ocrx_word' id='word_1_628' title='bbox 3605 4018 3710 4054; x_wconf 80' lang='grc' dir='ltr'><strong>που</strong></span> 
     </span>
    </p>
   </div>
   <div class='ocr_carea' id='block_1_87' title="bbox 2126 4086 3713 4161">
    <p class='ocr_par' dir='ltr' id='par_1_87' title="bbox 2126 4086 3713 4161">
     <span class='ocr_line' id='line_1_87' title="bbox 2126 4086 3713 4161; baseline 0.003 -21"><span class='ocrx_word' id='word_1_629' title='bbox 2126 4088 2344 4151; x_wconf 84' lang='grc' dir='ltr'>πάντως</span> <span class='ocrx_word' id='word_1_630' title='bbox 2377 4088 2436 4140; x_wconf 80' lang='grc' dir='ltr'>ὲν</span> <span class='ocrx_word' id='word_1_631' title='bbox 2466 4086 2747 4158; x_wconf 84' lang='grc' dir='ltr'>ἀμείνοσιν</span> <span class='ocrx_word' id='word_1_632' title='bbox 2767 4104 2780 4118; x_wconf 89' lang='grc'><strong>·</strong></span> <span class='ocrx_word' id='word_1_633' title='bbox 2818 4088 2899 4141; x_wconf 79' lang='grc' dir='ltr'>ὅτι</span> <span class='ocrx_word' id='word_1_634' title='bbox 2931 4088 3041 4161; x_wconf 85' lang='grc' dir='ltr'><strong>γὰρ</strong></span> <span class='ocrx_word' id='word_1_635' title='bbox 3083 4090 3332 4159; x_wconf 79' lang='grc' dir='ltr'>φυσικῶς</span> <span class='ocrx_word' id='word_1_636' title='bbox 3375 4107 3435 4144; x_wconf 90' lang='grc' dir='ltr'><strong>τε</strong></span> <span class='ocrx_word' id='word_1_637' title='bbox 3462 4091 3583 4161; x_wconf 73' lang='grc' dir='ltr'>ἅμα</span> <span class='ocrx_word' id='word_1_638' title='bbox 3615 4094 3713 4148; x_wconf 76' lang='grc' dir='ltr'>καὶ</span> 
     </span>
    </p>
   </div>
   <div class='ocr_carea' id='block_1_88' title="bbox 2125 4178 3713 4255">
    <p class='ocr_par' dir='ltr' id='par_1_88' title="bbox 2125 4178 3713 4255">
     <span class='ocr_line' id='line_1_88' title="bbox 2125 4178 3713 4255; baseline 0.002 -20"><span class='ocrx_word' id='word_1_639' title='bbox 2125 4178 2443 4251; x_wconf 81' lang='grc' dir='ltr'>ἁμεθέκτως</span> <span class='ocrx_word' id='word_1_640' title='bbox 2472 4181 2530 4231; x_wconf 81' lang='grc' dir='ltr'>ὲν</span> <span class='ocrx_word' id='word_1_641' title='bbox 2564 4179 2786 4250; x_wconf 84' lang='grc' dir='ltr'>Χριστῷ</span> <span class='ocrx_word' id='word_1_642' title='bbox 2829 4180 2925 4233; x_wconf 75' lang='grc' dir='ltr'>καὶ</span> <span class='ocrx_word' id='word_1_643' title='bbox 2964 4180 3243 4254; x_wconf 82' lang='grc' dir='ltr'>ἀφθαρσία</span> <span class='ocrx_word' id='word_1_644' title='bbox 3272 4182 3371 4236; x_wconf 84' lang='grc' dir='ltr'>καὶ</span> <span class='ocrx_word' id='word_1_645' title='bbox 3407 4183 3543 4255; x_wconf 76' lang='grc' dir='ltr'>ζωὴ,</span> <span class='ocrx_word' id='word_1_646' title='bbox 3585 4201 3713 4238; x_wconf 85' lang='grc' dir='ltr'>συν-</span> 
     </span>
    </p>
   </div>
   <div class='ocr_carea' id='block_1_89' title="bbox 2124 4269 3712 4349">
    <p class='ocr_par' dir='ltr' id='par_1_89' title="bbox 2124 4269 3712 4349">
     <span class='ocr_line' id='line_1_89' title="bbox 2124 4269 3712 4349; baseline 0.004 -25"><span class='ocrx_word' id='word_1_647' title='bbox 2124 4273 2277 4344; x_wconf 84' lang='grc' dir='ltr'>ήσεις</span> <span class='ocrx_word' id='word_1_648' title='bbox 2305 4269 2617 4325; x_wconf 82' lang='grc' dir='ltr'>κάντεῦθεν.</span> <span class='ocrx_word' id='word_1_649' title='bbox 2661 4271 2806 4343; x_wconf 85' lang='grc' dir='ltr'>Ἔφη</span> <span class='ocrx_word' id='word_1_650' title='bbox 2838 4272 2937 4343; x_wconf 84' lang='grc' dir='ltr'>μὲν</span> <span class='ocrx_word' id='word_1_651' title='bbox 2968 4274 3076 4343; x_wconf 81' lang='grc' dir='ltr'>γὰρ</span> <span class='ocrx_word' id='word_1_652' title='bbox 3103 4274 3198 4328; x_wconf 81' lang='grc' dir='ltr'>ἆτε</span> <span class='ocrx_word' id='word_1_653' title='bbox 3229 4275 3292 4346; x_wconf 81' lang='grc' dir='ltr'>δὴ</span> <span class='ocrx_word' id='word_1_654' title='bbox 3316 4277 3410 4329; x_wconf 72' lang='grc' dir='ltr'>καὶ</span> <span class='ocrx_word' id='word_1_655' title='bbox 3444 4276 3712 4349; x_wconf 76' lang='grc' dir='ltr'>ὑπάρχων</span> 
     </span>
    </p>
   </div>
   <div class='ocr_carea' id='block_1_90' title="bbox 2125 4362 3705 4440">
    <p class='ocr_par' dir='ltr' id='par_1_90' title="bbox 2125 4362 3705 4440">
     <span class='ocr_line' id='line_1_90' title="bbox 2125 4362 3705 4440; baseline 0.004 -24"><span class='ocrx_word' id='word_1_656' title='bbox 2125 4362 2267 4418; x_wconf 87' lang='grc' dir='ltr'>κατὰ</span> <span class='ocrx_word' id='word_1_657' title='bbox 2304 4363 2468 4432; x_wconf 81' lang='grc' dir='ltr'>φύσιν</span> <span class='ocrx_word' id='word_1_658' title='bbox 2508 4363 2662 4427; x_wconf 72' lang='grc' dir='ltr'>Θεὸς,</span> <span class='ocrx_word' id='word_1_659' title='bbox 2713 4382 2732 4415; x_wconf 86' lang='grc' dir='ltr'><strong>ι</strong></span> <span class='ocrx_word' id='word_1_660' title='bbox 2796 4363 2938 4432; x_wconf 82' lang='grc' dir='ltr'><strong>Ἐγὼ</strong></span> <span class='ocrx_word' id='word_1_661' title='bbox 2971 4368 3087 4436; x_wconf 83' lang='grc' dir='ltr'>εἰμι</span> <span class='ocrx_word' id='word_1_662' title='bbox 3125 4369 3158 4438; x_wconf 81' lang='grc' dir='ltr'><strong>ὴ</strong></span> <span class='ocrx_word' id='word_1_663' title='bbox 3202 4367 3501 4433; x_wconf 84' lang='grc' dir='ltr'>ἀνάστασις</span> <span class='ocrx_word' id='word_1_664' title='bbox 3538 4371 3632 4423; x_wconf 71' lang='grc' dir='ltr'>καὶ</span> <span class='ocrx_word' id='word_1_665' title='bbox 3668 4376 3705 4440; x_wconf 72' lang='grc' dir='ltr'>ἡ</span> 
     </span>
    </p>
   </div>
   <div class='ocr_carea' id='block_1_91' title="bbox 430 4439 2026 4534">
    <p class='ocr_par' dir='ltr' id='par_1_91' title="bbox 430 4439 2013 4521">
     <span class='ocr_line' id='line_1_91' title="bbox 430 4439 2013 4521; baseline 0.008 -27"><span class='ocrx_word' id='word_1_666' title='bbox 430 4439 563 4496; x_wconf 85' lang='lat' dir='ltr'><strong>dum</strong></span> <span class='ocrx_word' id='word_1_667' title='bbox 600 4451 854 4497; x_wconf 86' lang='lat' dir='ltr'><strong>naturam</strong></span> <span class='ocrx_word' id='word_1_668' title='bbox 886 4443 1033 4499; x_wconf 90' lang='lat' dir='ltr'><strong>Deus</strong></span> <span class='ocrx_word' id='word_1_669' title='bbox 1061 4454 1225 4511; x_wconf 89' lang='lat' dir='ltr'><strong>esset,</strong></span> <span class='ocrx_word' id='word_1_670' title='bbox 1263 4446 1401 4502; x_wconf 81' lang='lat' dir='ltr'><strong>dixit</strong></span> <span class='ocrx_word' id='word_1_671' title='bbox 1431 4466 1444 4501; x_wconf 88' lang='lat'>:</span> <span class='ocrx_word' id='word_1_672' title='bbox 1482 4468 1501 4500; x_wconf 78' lang='grc' dir='ltr'><strong>ι</strong></span> <span class='ocrx_word' id='word_1_673' title='bbox 1537 4450 1651 4521; x_wconf 80' lang='lat' dir='ltr'><strong>Ego</strong></span> <span class='ocrx_word' id='word_1_674' title='bbox 1680 4467 1801 4506; x_wconf 90' lang='lat' dir='ltr'><strong>sum</strong></span> <span class='ocrx_word' id='word_1_675' title='bbox 1830 4468 2013 4508; x_wconf 89' lang='lat' dir='ltr'><strong>resur-</strong></span> 
     </span>
    </p>
   </div>
   <div class='ocr_carea' id='block_1_92' title="bbox 2130 4439 3709 4534">
    <p class='ocr_par' dir='ltr' id='par_1_92' title="bbox 2130 4439 3709 4534">
     <span class='ocr_line' id='line_1_92' title="bbox 2130 4439 3709 4534; baseline 0.005 -26"><span class='ocrx_word' id='word_1_676' title='bbox 2130 4455 2255 4527; x_wconf 72' lang='grc' dir='ltr'>ζωή.</span> <span class='ocrx_word' id='word_1_677' title='bbox 2287 4473 2306 4507; x_wconf 73' lang='grc' dir='ltr'><strong>ι</strong></span> <span class='ocrx_word' id='word_1_678' title='bbox 2329 4456 2836 4526; x_wconf 84' lang='grc' dir='ltr'>Ζωοποιούμενοςδὲ</span> <span class='ocrx_word' id='word_1_679' title='bbox 2861 4458 3078 4512; x_wconf 79' lang='grc' dir='ltr'>κατὰτὸ</span> <span class='ocrx_word' id='word_1_680' title='bbox 3093 4459 3188 4512; x_wconf 84' lang='grc' dir='ltr'>ἀνθ</span> <span class='ocrx_word' id='word_1_681' title='bbox 3195 4457 3483 4531; x_wconf 81' lang='grc' dir='ltr'>ρώπινον,ι</span> <span class='ocrx_word' id='word_1_682' title='bbox 3495 4439 3709 4534; x_wconf 76' lang='grc' dir='ltr'>Ὠσπερ</span> 
     </span>
    </p>
   </div>
   <div class='ocr_carea' id='block_1_93' title="bbox 433 4534 2018 4605">
    <p class='ocr_par' dir='ltr' id='par_1_93' title="bbox 433 4534 2018 4605">
     <span class='ocr_line' id='line_1_93' title="bbox 433 4534 2018 4605; baseline 0.008 -18"><span class='ocrx_word' id='word_1_683' title='bbox 433 4534 605 4589; x_wconf 89' lang='lat' dir='ltr'><strong>rectio</strong></span> <span class='ocrx_word' id='word_1_684' title='bbox 634 4542 691 4589; x_wconf 90' lang='lat' dir='ltr'><strong>et</strong></span> <span class='ocrx_word' id='word_1_685' title='bbox 721 4535 834 4590; x_wconf 88' lang='lat' dir='ltr'><strong>vita</strong></span> <span class='ocrx_word' id='word_1_686' title='bbox 869 4537 936 4590; x_wconf 76' lang='grc'><strong>⁸⁷.</strong></span> <span class='ocrx_word' id='word_1_687' title='bbox 973 4556 993 4588; x_wconf 76' lang='grc' dir='ltr'><strong>ι</strong></span> <span class='ocrx_word' id='word_1_688' title='bbox 1020 4537 1182 4605; x_wconf 74' lang='grc' dir='ltr'><strong>⁵Ιιίοιιι</strong></span> <span class='ocrx_word' id='word_1_689' title='bbox 1218 4546 1399 4593; x_wconf 91' lang='lat' dir='ltr'><strong>tamen</strong></span> <span class='ocrx_word' id='word_1_690' title='bbox 1433 4542 1737 4596; x_wconf 87' lang='lat' dir='ltr'><strong>secundum</strong></span> <span class='ocrx_word' id='word_1_691' title='bbox 1765 4552 2018 4599; x_wconf 88' lang='lat' dir='ltr'><strong>naturam</strong></span> 
     </span>
    </p>
   </div>
   <div class='ocr_carea' id='block_1_94' title="bbox 429 4625 2017 4707">
    <p class='ocr_par' dir='ltr' id='par_1_94' title="bbox 429 4625 2017 4707">
     <span class='ocr_line' id='line_1_94' title="bbox 429 4625 2017 4707; baseline 0.009 -30"><span class='ocrx_word' id='word_1_692' title='bbox 429 4625 738 4681; x_wconf 77' lang='lat' dir='ltr'><strong>viviﬁcatus</strong></span> <span class='ocrx_word' id='word_1_693' title='bbox 768 4627 1086 4693; x_wconf 89' lang='lat' dir='ltr'><strong>humanam,</strong></span> <span class='ocrx_word' id='word_1_694' title='bbox 1126 4648 1143 4679; x_wconf 80' lang='grc' dir='ltr'><strong>ι</strong></span> <span class='ocrx_word' id='word_1_695' title='bbox 1179 4629 1334 4686; x_wconf 88' lang='lat' dir='ltr'><strong>Sicut</strong></span> <span class='ocrx_word' id='word_1_696' title='bbox 1367 4632 1513 4686; x_wconf 88' lang='lat' dir='ltr'><strong>enim</strong></span> <span class='ocrx_word' id='word_1_697' title='bbox 1554 4633 1734 4700; x_wconf 89' lang='lat' dir='ltr'><strong>Pater,</strong></span> <span class='ocrx_word' id='word_1_698' title='bbox 1766 4654 1784 4686; x_wconf 78' lang='grc' dir='ltr'><strong>ι</strong></span> <span class='ocrx_word' id='word_1_699' title='bbox 1818 4636 2017 4707; x_wconf 83' lang='lat' dir='ltr'><strong>inquit,</strong></span> 
     </span>
    </p>
   </div>
   <div class='ocr_carea' id='block_1_95' title="bbox 440 4717 2018 4790">
    <p class='ocr_par' dir='ltr' id='par_1_95' title="bbox 440 4717 2018 4790">
     <span class='ocr_line' id='line_1_95' title="bbox 440 4717 2018 4790; baseline 0.012 -24"><span class='ocrx_word' id='word_1_700' title='bbox 440 4736 458 4766; x_wconf 76' lang='grc' dir='ltr'><strong>ε</strong></span> <span class='ocrx_word' id='word_1_701' title='bbox 491 4717 658 4774; x_wconf 88' lang='lat' dir='ltr'><strong>habet</strong></span> <span class='ocrx_word' id='word_1_702' title='bbox 689 4719 855 4774; x_wconf 86' lang='lat' dir='ltr'><strong>vitam</strong></span> <span class='ocrx_word' id='word_1_703' title='bbox 889 4719 945 4773; x_wconf 93' lang='lat' dir='ltr'><strong>in</strong></span> <span class='ocrx_word' id='word_1_704' title='bbox 975 4720 1292 4790; x_wconf 87' lang='lat' dir='ltr'><strong>semetipso,</strong></span> <span class='ocrx_word' id='word_1_705' title='bbox 1323 4724 1403 4778; x_wconf 90' lang='lat' dir='ltr'><strong>sic</strong></span> <span class='ocrx_word' id='word_1_706' title='bbox 1431 4723 1585 4780; x_wconf 90' lang='lat' dir='ltr'><strong>dedit</strong></span> <span class='ocrx_word' id='word_1_707' title='bbox 1609 4735 1664 4780; x_wconf 89' lang='lat' dir='ltr'><strong>et</strong></span> <span class='ocrx_word' id='word_1_708' title='bbox 1690 4727 1826 4783; x_wconf 90' lang='lat' dir='ltr'><strong>Filio</strong></span> <span class='ocrx_word' id='word_1_709' title='bbox 1850 4729 2018 4784; x_wconf 87' lang='lat' dir='ltr'><strong>vitam</strong></span> 
     </span>
    </p>
   </div>
   <div class='ocr_carea' id='block_1_96' title="bbox 434 4809 2018 4891">
    <p class='ocr_par' dir='ltr' id='par_1_96' title="bbox 434 4809 2018 4891">
     <span class='ocr_line' id='line_1_96' title="bbox 434 4809 2018 4891; baseline 0.01 -30"><span class='ocrx_word' id='word_1_710' title='bbox 434 4809 636 4865; x_wconf 88' lang='lat' dir='ltr'><strong>habere</strong></span> <span class='ocrx_word' id='word_1_711' title='bbox 661 4812 717 4864; x_wconf 89' lang='lat' dir='ltr'><strong>in</strong></span> <span class='ocrx_word' id='word_1_712' title='bbox 751 4810 1048 4881; x_wconf 89' lang='lat' dir='ltr'><strong>semetipso</strong></span> <span class='ocrx_word' id='word_1_713' title='bbox 1103 4814 1169 4866; x_wconf 81' lang='grc'><strong>’⁸.</strong></span> <span class='ocrx_word' id='word_1_714' title='bbox 1211 4834 1228 4864; x_wconf 75' lang='grc' dir='ltr'><strong>ι</strong></span> <span class='ocrx_word' id='word_1_715' title='bbox 1259 4814 1451 4886; x_wconf 80' lang='lat' dir='ltr'><strong>Igitur,</strong></span> <span class='ocrx_word' id='word_1_716' title='bbox 1477 4819 1696 4874; x_wconf 89' lang='lat' dir='ltr'><strong>etiamsi</strong></span> <span class='ocrx_word' id='word_1_717' title='bbox 1725 4819 1841 4891; x_wconf 90' lang='lat' dir='ltr'><strong>ipse</strong></span> <span class='ocrx_word' id='word_1_718' title='bbox 1858 4820 2018 4877; x_wconf 86' lang='lat' dir='ltr'><strong>Chri-</strong></span> 
     </span>
    </p>
   </div>
   <div class='ocr_carea' id='block_1_97' title="bbox 432 4901 2017 4983">
    <p class='ocr_par' dir='ltr' id='par_1_97' title="bbox 432 4901 2017 4983">
     <span class='ocr_line' id='line_1_97' title="bbox 432 4901 2017 4983; baseline 0.011 -30"><span class='ocrx_word' id='word_1_719' title='bbox 432 4908 553 4957; x_wconf 85' lang='lat' dir='ltr'><strong>stus</strong></span> <span class='ocrx_word' id='word_1_720' title='bbox 610 4902 950 4974; x_wconf 80' lang='lat' dir='ltr'><strong>intelligatur</strong></span> <span class='ocrx_word' id='word_1_721' title='bbox 1023 4901 1103 4969; x_wconf 90' lang='lat' dir='ltr'><strong>is,</strong></span> <span class='ocrx_word' id='word_1_722' title='bbox 1158 4906 1250 4975; x_wconf 90' lang='lat' dir='ltr'><strong>qui</strong></span> <span class='ocrx_word' id='word_1_723' title='bbox 1305 4923 1541 4978; x_wconf 89' lang='lat' dir='ltr'><strong>superna</strong></span> <span class='ocrx_word' id='word_1_724' title='bbox 1607 4910 2017 4983; x_wconf 87' lang='lat' dir='ltr'><strong>incorruptione</strong></span> 
     </span>
    </p>
   </div>
   <div class='ocr_carea' id='block_1_98' title="bbox 430 4992 2015 5073">
    <p class='ocr_par' dir='ltr' id='par_1_98' title="bbox 430 4992 2015 5073">
     <span class='ocr_line' id='line_1_98' title="bbox 430 4992 2015 5073; baseline 0.008 -27"><span class='ocrx_word' id='word_1_725' title='bbox 430 4992 668 5048; x_wconf 79' lang='lat' dir='ltr'><strong>amictus</strong></span> <span class='ocrx_word' id='word_1_726' title='bbox 699 5009 821 5049; x_wconf 89' lang='lat' dir='ltr'><strong>esse</strong></span> <span class='ocrx_word' id='word_1_727' title='bbox 876 4993 1103 5060; x_wconf 89' lang='lat' dir='ltr'><strong>dicitur,</strong></span> <span class='ocrx_word' id='word_1_728' title='bbox 1149 4996 1287 5051; x_wconf 90' lang='lat' dir='ltr'><strong>nihil</strong></span> <span class='ocrx_word' id='word_1_729' title='bbox 1347 4999 1418 5054; x_wconf 89' lang='lat' dir='ltr'><strong>ab</strong></span> <span class='ocrx_word' id='word_1_730' title='bbox 1478 5015 1565 5067; x_wconf 93' lang='lat' dir='ltr'><strong>eo,</strong></span> <span class='ocrx_word' id='word_1_731' title='bbox 1620 5003 1771 5073; x_wconf 90' lang='lat' dir='ltr'><strong>quod</strong></span> <span class='ocrx_word' id='word_1_732' title='bbox 1803 5004 2015 5069; x_wconf 89' lang='lat' dir='ltr'><strong>deceat,</strong></span> 
     </span>
    </p>
   </div>
   <div class='ocr_carea' id='block_1_99' title="bbox 431 5084 2018 5164">
    <p class='ocr_par' dir='ltr' id='par_1_99' title="bbox 431 5084 2018 5164">
     <span class='ocr_line' id='line_1_99' title="bbox 431 5084 2018 5164; baseline 0.01 -28"><span class='ocrx_word' id='word_1_733' title='bbox 431 5084 712 5139; x_wconf 85' lang='lat' dir='ltr'><strong>aberrabit</strong></span> <span class='ocrx_word' id='word_1_734' title='bbox 735 5086 930 5140; x_wconf 86' lang='lat' dir='ltr'><strong>oratio.</strong></span> <span class='ocrx_word' id='word_1_735' title='bbox 986 5086 1067 5142; x_wconf 88' lang='lat' dir='ltr'><strong>Ad</strong></span> <span class='ocrx_word' id='word_1_736' title='bbox 1095 5097 1372 5146; x_wconf 77' lang='lat' dir='ltr'><strong>extremas</strong></span> <span class='ocrx_word' id='word_1_737' title='bbox 1422 5101 1605 5148; x_wconf 89' lang='lat' dir='ltr'><strong>autem</strong></span> <span class='ocrx_word' id='word_1_738' title='bbox 1637 5103 1823 5164; x_wconf 86' lang='lat' dir='ltr'><strong>partes</strong></span> <span class='ocrx_word' id='word_1_739' title='bbox 1845 5097 2018 5151; x_wconf 88' lang='lat' dir='ltr'><strong>malo-</strong></span> 
     </span>
    </p>
   </div>
   <div class='ocr_carea' id='block_1_100' title="bbox 431 5173 2016 5252">
    <p class='ocr_par' dir='ltr' id='par_1_100' title="bbox 431 5173 2016 5252">
     <span class='ocr_line' id='line_1_100' title="bbox 431 5173 2016 5252; baseline 0.01 -27"><span class='ocrx_word' id='word_1_740' title='bbox 431 5181 655 5243; x_wconf 74' lang='lat' dir='ltr'><strong>granata</strong></span> <span class='ocrx_word' id='word_1_741' title='bbox 710 5181 873 5243; x_wconf 87' lang='lat' dir='ltr'><strong>atque</strong></span> <span class='ocrx_word' id='word_1_742' title='bbox 922 5173 1292 5234; x_wconf 88' lang='lat' dir='ltr'><strong>tintinnabula</strong></span> <span class='ocrx_word' id='word_1_743' title='bbox 1340 5181 1550 5240; x_wconf 82' lang='lat' dir='ltr'><strong>alterna</strong></span> <span class='ocrx_word' id='word_1_744' title='bbox 1612 5184 1791 5252; x_wconf 86' lang='lat' dir='ltr'><strong>posita</strong></span> <span class='ocrx_word' id='word_1_745' title='bbox 1840 5195 2016 5252; x_wconf 89' lang='lat' dir='ltr'><strong>erant,</strong></span> 
     </span>
    </p>
   </div>
   <div class='ocr_carea' id='block_1_101' title="bbox 431 5262 2014 5336">
    <p class='ocr_par' dir='ltr' id='par_1_101' title="bbox 431 5262 2014 5336">
     <span class='ocr_line' id='line_1_101' title="bbox 431 5262 2014 5336; baseline 0.012 -23"><span class='ocrx_word' id='word_1_746' title='bbox 431 5262 804 5334; x_wconf 76' lang='lat' dir='ltr'><strong>maiogranata</strong></span> <span class='ocrx_word' id='word_1_747' title='bbox 855 5263 1079 5334; x_wconf 87' lang='lat' dir='ltr'><strong>quidem</strong></span> <span class='ocrx_word' id='word_1_748' title='bbox 1141 5279 1417 5336; x_wconf 83' lang='lat' dir='ltr'><strong>contexta,</strong></span> <span class='ocrx_word' id='word_1_749' title='bbox 1487 5273 1853 5330; x_wconf 85' lang='lat' dir='ltr'><strong>tintinnabula</strong></span> <span class='ocrx_word' id='word_1_750' title='bbox 1880 5293 2014 5333; x_wconf 88' lang='lat' dir='ltr'><strong>vero</strong></span> 
     </span>
    </p>
   </div>
   <div class='ocr_carea' id='block_1_102' title="bbox 426 5360 2012 5440">
    <p class='ocr_par' dir='ltr' id='par_1_102' title="bbox 426 5360 2012 5440">
     <span class='ocr_line' id='line_1_102' title="bbox 426 5360 2012 5440; baseline 0.009 -31"><span class='ocrx_word' id='word_1_751' title='bbox 426 5369 617 5418; x_wconf 87' lang='lat' dir='ltr'><strong>aurea,</strong></span> <span class='ocrx_word' id='word_1_752' title='bbox 649 5363 710 5410; x_wconf 91' lang='lat' dir='ltr'><strong>ut</strong></span> <span class='ocrx_word' id='word_1_753' title='bbox 737 5364 793 5410; x_wconf 91' lang='lat' dir='ltr'><strong>et</strong></span> <span class='ocrx_word' id='word_1_754' title='bbox 811 5369 1005 5410; x_wconf 90' lang='lat' dir='ltr'><strong>sonum</strong></span> <span class='ocrx_word' id='word_1_755' title='bbox 1031 5374 1160 5414; x_wconf 86' lang='lat' dir='ltr'><strong>vere</strong></span> <span class='ocrx_word' id='word_1_756' title='bbox 1182 5360 1468 5428; x_wconf 88' lang='lat' dir='ltr'><strong>haberent,</strong></span> <span class='ocrx_word' id='word_1_757' title='bbox 1495 5372 1570 5427; x_wconf 88' lang='lat' dir='ltr'><strong>et,</strong></span> <span class='ocrx_word' id='word_1_758' title='bbox 1605 5365 1736 5420; x_wconf 89' lang='lat' dir='ltr'><strong>dum</strong></span> <span class='ocrx_word' id='word_1_759' title='bbox 1759 5369 2012 5440; x_wconf 79' lang='lat' dir='ltr'><strong>ingrede-</strong></span> 
     </span>
    </p>
   </div>
   <div class='ocr_carea' id='block_1_103' title="bbox 430 5447 2010 5529">
    <p class='ocr_par' dir='ltr' id='par_1_103' title="bbox 430 5447 2010 5529">
     <span class='ocr_line' id='line_1_103' title="bbox 430 5447 2010 5529; baseline 0.012 -30"><span class='ocrx_word' id='word_1_760' title='bbox 430 5457 590 5502; x_wconf 78' lang='lat' dir='ltr'><strong>retur.</strong></span> <span class='ocrx_word' id='word_1_761' title='bbox 613 5447 793 5503; x_wconf 84' lang='lat' dir='ltr'><strong>Aaron</strong></span> <span class='ocrx_word' id='word_1_762' title='bbox 847 5447 918 5503; x_wconf 91' lang='lat' dir='ltr'><strong>in.</strong></span> <span class='ocrx_word' id='word_1_763' title='bbox 949 5447 1147 5507; x_wconf 87' lang='lat' dir='ltr'><strong>Sancta</strong></span> <span class='ocrx_word' id='word_1_764' title='bbox 1179 5463 1516 5521; x_wconf 86' lang='lat' dir='ltr'><strong>sanctorum,</strong></span> <span class='ocrx_word' id='word_1_765' title='bbox 1555 5457 1676 5528; x_wconf 90' lang='lat' dir='ltr'><strong>ejus</strong></span> <span class='ocrx_word' id='word_1_766' title='bbox 1702 5458 2010 5529; x_wconf 80' lang='lat' dir='ltr'><strong>ingressum</strong></span> 
     </span>
    </p>
   </div>
   <div class='ocr_carea' id='block_1_104' title="bbox 428 5538 2011 5619">
    <p class='ocr_par' dir='ltr' id='par_1_104' title="bbox 428 5538 2011 5619">
     <span class='ocr_line' id='line_1_104' title="bbox 428 5538 2011 5619; baseline 0.014 -30"><span class='ocrx_word' id='word_1_767' title='bbox 428 5538 775 5595; x_wconf 90' lang='lat' dir='ltr'><strong>notissimum</strong></span> <span class='ocrx_word' id='word_1_768' title='bbox 795 5540 1055 5597; x_wconf 89' lang='lat' dir='ltr'><strong>facerent.</strong></span> <span class='ocrx_word' id='word_1_769' title='bbox 1080 5543 1139 5599; x_wconf 87' lang='lat' dir='ltr'><strong>Id</strong></span> <span class='ocrx_word' id='word_1_770' title='bbox 1166 5561 1386 5618; x_wconf 91' lang='lat' dir='ltr'><strong>quoque</strong></span> <span class='ocrx_word' id='word_1_771' title='bbox 1409 5548 1716 5619; x_wconf 84' lang='lat' dir='ltr'><strong>symbolum</strong></span> <span class='ocrx_word' id='word_1_772' title='bbox 1750 5560 1834 5607; x_wconf 91' lang='lat' dir='ltr'><strong>cst</strong></span> <span class='ocrx_word' id='word_1_773' title='bbox 1864 5554 2011 5610; x_wconf 88' lang='lat' dir='ltr'><strong>illius</strong></span> 
     </span>
    </p>
   </div>
   <div class='ocr_carea' id='block_1_105' title="bbox 500 5648 1196 5723">
    <p class='ocr_par' dir='ltr' id='par_1_105' title="bbox 500 5648 1196 5723">
     <span class='ocr_line' id='line_1_105' title="bbox 500 5648 1196 5723; baseline 0.011 -21"><span class='ocrx_word' id='word_1_774' title='bbox 500 5649 543 5723; x_wconf 59' lang='grc' dir='ltr'><strong>ξ’</strong></span> <span class='ocrx_word' id='word_1_775' title='bbox 569 5648 739 5703; x_wconf 78' lang='lat' dir='ltr'><strong>Exod.</strong></span> <span class='ocrx_word' id='word_1_776' title='bbox 775 5670 962 5723; x_wconf 69' lang='lat' dir='ltr'><strong>xxviii,</strong></span> <span class='ocrx_word' id='word_1_777' title='bbox 1007 5655 1196 5710; x_wconf 77' lang='lat' dir='ltr'><strong>3l-55.</strong></span> 
     </span>
    </p>
   </div>
   <div class='ocr_carea' id='block_1_106' title="bbox 1305 5659 1842 5732">
    <p class='ocr_par' dir='ltr' id='par_1_106' title="bbox 1305 5659 1842 5732">
     <span class='ocr_line' id='line_1_106' title="bbox 1305 5659 1842 5732; baseline 0.02 -20"><span class='ocrx_word' id='word_1_778' title='bbox 1305 5659 1351 5691; x_wconf 75' lang='lat'><strong>&quot;&#39;</strong></span> <span class='ocrx_word' id='word_1_779' title='bbox 1376 5659 1518 5716; x_wconf 85' lang='lat' dir='ltr'><strong>Psal.</strong></span> <span class='ocrx_word' id='word_1_780' title='bbox 1545 5679 1721 5732; x_wconf 77' lang='lat' dir='ltr'><strong>cxm,</strong></span> <span class='ocrx_word' id='word_1_781' title='bbox 1755 5665 1842 5722; x_wconf 77' lang='grc'>16.</span> 
     </span>
    </p>
   </div>
   <div class='ocr_carea' id='block_1_107' title="bbox 431 5716 1430 5784">
    <p class='ocr_par' dir='ltr' id='par_1_107' title="bbox 431 5716 1430 5784">
     <span class='ocr_line' id='line_1_107' title="bbox 431 5716 1430 5784; baseline 0.006 -12"><span class='ocrx_word' id='word_1_782' title='bbox 431 5716 478 5748; x_wconf 82' lang='lat'>&quot;</span> <span class='ocrx_word' id='word_1_783' title='bbox 502 5716 660 5772; x_wconf 83' lang='lat' dir='ltr'><strong>Joan.</strong></span> <span class='ocrx_word' id='word_1_784' title='bbox 689 5735 740 5784; x_wconf 76' lang='grc' dir='ltr'><strong>ν,</strong></span> <span class='ocrx_word' id='word_1_785' title='bbox 762 5722 851 5779; x_wconf 74' lang='lat'><strong>26.</strong></span> <span class='ocrx_word' id='word_1_786' title='bbox 950 5716 958 5723; x_wconf 67' lang='grc'><strong><em>⁷</em></strong></span> <span class='ocrx_word' id='word_1_787' title='bbox 1427 5751 1430 5756; x_wconf 95' lang='grc'><strong><em>-</em></strong></span> 
     </span>
    </p>
   </div>
   <div class='ocr_carea' id='block_1_108' title="bbox 1947 5673 2535 5740">
    <p class='ocr_par' dir='ltr' id='par_1_108' title="bbox 1947 5673 2535 5740">
     <span class='ocr_line' id='line_1_108' title="bbox 1947 5673 2535 5740; baseline 0.009 -10"><span class='ocrx_word' id='word_1_788' title='bbox 1947 5673 1992 5704; x_wconf 72' lang='grc'><strong>’³</strong></span> <span class='ocrx_word' id='word_1_789' title='bbox 2015 5673 2174 5730; x_wconf 82' lang='lat' dir='ltr'><strong>Rom.</strong></span> <span class='ocrx_word' id='word_1_790' title='bbox 2202 5691 2314 5740; x_wconf 82' lang='lat' dir='ltr'><strong>xm,</strong></span> <span class='ocrx_word' id='word_1_791' title='bbox 2350 5677 2535 5736; x_wconf 69' lang='lat'><strong>12-14.</strong></span> 
     </span>
    </p>
   </div>
   <div class='ocr_carea' id='block_1_109' title="bbox 2116 4546 3711 4624">
    <p class='ocr_par' dir='ltr' id='par_1_109' title="bbox 2116 4546 3711 4624">
     <span class='ocr_line' id='line_1_109' title="bbox 2116 4546 3711 4624; baseline 0.006 -26"><span class='ocrx_word' id='word_1_792' title='bbox 2116 4547 2228 4616; x_wconf 84' lang='grc' dir='ltr'>γὰρ</span> <span class='ocrx_word' id='word_1_793' title='bbox 2252 4546 2281 4599; x_wconf 87' lang='lat'><strong>6</strong></span> <span class='ocrx_word' id='word_1_794' title='bbox 2305 4547 2516 4618; x_wconf 77' lang='grc' dir='ltr'>Πατὴρ,</span> <span class='ocrx_word' id='word_1_795' title='bbox 2557 4565 2577 4600; x_wconf 76' lang='grc' dir='ltr'><strong>ι</strong></span> <span class='ocrx_word' id='word_1_796' title='bbox 2623 4549 2811 4618; x_wconf 74' lang='grc' dir='ltr'>φησὶν,</span> <span class='ocrx_word' id='word_1_797' title='bbox 2847 4569 2866 4603; x_wconf 82' lang='grc' dir='ltr'><strong>ι</strong></span> <span class='ocrx_word' id='word_1_798' title='bbox 2887 4549 3000 4622; x_wconf 78' lang='grc' dir='ltr'>ἔχει</span> <span class='ocrx_word' id='word_1_799' title='bbox 3037 4549 3183 4622; x_wconf 75' lang='grc' dir='ltr'>ζωὴν</span> <span class='ocrx_word' id='word_1_800' title='bbox 3210 4554 3268 4607; x_wconf 82' lang='grc' dir='ltr'>ὲν</span> <span class='ocrx_word' id='word_1_801' title='bbox 3303 4554 3481 4624; x_wconf 79' lang='grc' dir='ltr'>ἑαυτῷ</span> <span class='ocrx_word' id='word_1_802' title='bbox 3506 4593 3521 4617; x_wconf 92' lang='grc'><strong>,</strong></span> <span class='ocrx_word' id='word_1_803' title='bbox 3562 4554 3711 4608; x_wconf 75' lang='grc' dir='ltr'>οὕτω</span> 
     </span>
    </p>
   </div>
   <div class='ocr_carea' id='block_1_110' title="bbox 2117 4637 3709 4715">
    <p class='ocr_par' dir='ltr' id='par_1_110' title="bbox 2117 4637 3709 4715">
     <span class='ocr_line' id='line_1_110' title="bbox 2117 4637 3709 4715; baseline 0.006 -23"><span class='ocrx_word' id='word_1_804' title='bbox 2117 4637 2321 4709; x_wconf 76' lang='grc' dir='ltr'>καὶτῷ</span> <span class='ocrx_word' id='word_1_805' title='bbox 2349 4638 2463 4710; x_wconf 84' lang='grc' dir='ltr'><strong>Υῑῷ</strong></span> <span class='ocrx_word' id='word_1_806' title='bbox 2499 4639 2700 4694; x_wconf 76' lang='grc' dir='ltr'>δέδωκε</span> <span class='ocrx_word' id='word_1_807' title='bbox 2739 4641 2886 4713; x_wconf 78' lang='grc' dir='ltr'>ζωὴν</span> <span class='ocrx_word' id='word_1_808' title='bbox 2925 4642 3071 4714; x_wconf 77' lang='grc' dir='ltr'>ἔχειν</span> <span class='ocrx_word' id='word_1_809' title='bbox 3107 4647 3166 4698; x_wconf 76' lang='grc' dir='ltr'>ὲν</span> <span class='ocrx_word' id='word_1_810' title='bbox 3199 4645 3396 4715; x_wconf 80' lang='grc' dir='ltr'>ἑαυτῷ.</span> <span class='ocrx_word' id='word_1_811' title='bbox 3438 4667 3458 4699; x_wconf 69' lang='grc' dir='ltr'><strong>ι</strong></span> <span class='ocrx_word' id='word_1_812' title='bbox 3493 4646 3709 4701; x_wconf 80' lang='grc' dir='ltr'>Οὐκοῦν</span> 
     </span>
    </p>
   </div>
   <div class='ocr_carea' id='block_1_111' title="bbox 2117 4730 3708 4810">
    <p class='ocr_par' dir='ltr' id='par_1_111' title="bbox 2117 4730 3708 4810">
     <span class='ocr_line' id='line_1_111' title="bbox 2117 4730 3708 4810; baseline 0.006 -27"><span class='ocrx_word' id='word_1_813' title='bbox 2117 4730 2223 4784; x_wconf 80' lang='grc' dir='ltr'>κᾶν</span> <span class='ocrx_word' id='word_1_814' title='bbox 2253 4732 2302 4783; x_wconf 83' lang='grc' dir='ltr'><strong>εί</strong></span> <span class='ocrx_word' id='word_1_815' title='bbox 2331 4731 2492 4795; x_wconf 78' lang='grc' dir='ltr'>αὐτὸς</span> <span class='ocrx_word' id='word_1_816' title='bbox 2520 4731 2695 4787; x_wconf 82' lang='grc' dir='ltr'>νοοῖτο</span> <span class='ocrx_word' id='word_1_817' title='bbox 2736 4735 2991 4804; x_wconf 80' lang='grc' dir='ltr'>Χριστὸς,</span> <span class='ocrx_word' id='word_1_818' title='bbox 3025 4737 3054 4790; x_wconf 84' lang='grc' dir='ltr'><strong>ὁ</strong></span> <span class='ocrx_word' id='word_1_819' title='bbox 3084 4737 3397 4809; x_wconf 80' lang='grc' dir='ltr'>ἀφθαρσίαν</span> <span class='ocrx_word' id='word_1_820' title='bbox 3422 4738 3525 4810; x_wconf 78' lang='grc' dir='ltr'>τὴν</span> <span class='ocrx_word' id='word_1_821' title='bbox 3559 4740 3708 4792; x_wconf 75' lang='grc' dir='ltr'>ἀνω-</span> 
     </span>
    </p>
   </div>
   <div class='ocr_carea' id='block_1_112' title="bbox 2119 4821 3709 4899">
    <p class='ocr_par' dir='ltr' id='par_1_112' title="bbox 2119 4821 3709 4899">
     <span class='ocr_line' id='line_1_112' title="bbox 2119 4821 3709 4899; baseline 0.007 -25"><span class='ocrx_word' id='word_1_822' title='bbox 2119 4821 2208 4874; x_wconf 90' lang='grc' dir='ltr'><strong>θεν</strong></span> <span class='ocrx_word' id='word_1_823' title='bbox 2254 4821 2680 4895; x_wconf 82' lang='grc' dir='ltr'>περιϐεϐλῆσθαι</span> <span class='ocrx_word' id='word_1_824' title='bbox 2718 4825 3042 4898; x_wconf 85' lang='grc' dir='ltr'>λεγόμενος,</span> <span class='ocrx_word' id='word_1_825' title='bbox 3087 4828 3208 4898; x_wconf 71' lang='grc' dir='ltr'><strong>οὐχὶ</strong></span> <span class='ocrx_word' id='word_1_826' title='bbox 3255 4828 3354 4883; x_wconf 88' lang='grc' dir='ltr'><strong>τοῦ</strong></span> <span class='ocrx_word' id='word_1_827' title='bbox 3399 4829 3709 4899; x_wconf 78' lang='grc' dir='ltr'>πρέποντος</span> 
     </span>
    </p>
   </div>
   <div class='ocr_carea' id='block_1_113' title="bbox 2118 4911 3708 4991">
    <p class='ocr_par' dir='ltr' id='par_1_113' title="bbox 2118 4911 3708 4991">
     <span class='ocr_line' id='line_1_113' title="bbox 2118 4911 3708 4991; baseline 0.005 -27"><span class='ocrx_word' id='word_1_828' title='bbox 2118 4911 2382 4983; x_wconf 79' lang='grc' dir='ltr'>ὲξοίχοιτο</span> <span class='ocrx_word' id='word_1_829' title='bbox 2404 4913 2470 4967; x_wconf 81' lang='grc' dir='ltr'>ἂν</span> <span class='ocrx_word' id='word_1_830' title='bbox 2501 4914 2528 4965; x_wconf 82' lang='lat'><strong>6</strong></span> <span class='ocrx_word' id='word_1_831' title='bbox 2565 4913 2740 4984; x_wconf 82' lang='grc' dir='ltr'>λόγος.</span> <span class='ocrx_word' id='word_1_832' title='bbox 2774 4916 2919 4988; x_wconf 84' lang='grc' dir='ltr'>Πρὸς</span> <span class='ocrx_word' id='word_1_833' title='bbox 2952 4916 3010 4971; x_wconf 86' lang='grc' dir='ltr'>δέ</span> <span class='ocrx_word' id='word_1_834' title='bbox 3039 4935 3101 4986; x_wconf 87' lang='grc' dir='ltr'><strong>γε</strong></span> <span class='ocrx_word' id='word_1_835' title='bbox 3131 4919 3196 4990; x_wconf 71' lang='grc' dir='ltr'>δὴ</span> <span class='ocrx_word' id='word_1_836' title='bbox 3225 4922 3339 4984; x_wconf 86' lang='grc' dir='ltr'>τοῖς</span> <span class='ocrx_word' id='word_1_837' title='bbox 3367 4920 3518 4975; x_wconf 86' lang='grc' dir='ltr'>κάτω</span> <span class='ocrx_word' id='word_1_838' title='bbox 3543 4921 3708 4991; x_wconf 71' lang='grc' dir='ltr'>τυχὸν</span> 
     </span>
    </p>
   </div>
   <div class='ocr_carea' id='block_1_114' title="bbox 2120 5005 3707 5081">
    <p class='ocr_par' dir='ltr' id='par_1_114' title="bbox 2120 5005 3707 5081">
     <span class='ocr_line' id='line_1_114' title="bbox 2120 5005 3707 5081; baseline 0.006 -24"><span class='ocrx_word' id='word_1_839' title='bbox 2120 5005 2333 5076; x_wconf 81' lang='grc' dir='ltr'>μέρεσι,</span> <span class='ocrx_word' id='word_1_840' title='bbox 2375 5006 2582 5078; x_wconf 73' lang='grc' dir='ltr'>ῥοΐσκοι</span> <span class='ocrx_word' id='word_1_841' title='bbox 2620 5009 2716 5061; x_wconf 84' lang='grc' dir='ltr'>καὶ</span> <span class='ocrx_word' id='word_1_842' title='bbox 2744 5008 2994 5074; x_wconf 83' lang='grc' dir='ltr'>κώδωνες</span> <span class='ocrx_word' id='word_1_843' title='bbox 3026 5010 3502 5081; x_wconf 81' lang='grc' dir='ltr'>παραλλάσσοντες</span> <span class='ocrx_word' id='word_1_844' title='bbox 3525 5011 3595 5066; x_wconf 83' lang='grc' dir='ltr'>τὰ</span> <span class='ocrx_word' id='word_1_845' title='bbox 3615 5014 3707 5080; x_wconf 75' lang='grc' dir='ltr'><strong>ἑγ-</strong></span> 
     </span>
    </p>
   </div>
   <div class='ocr_carea' id='block_1_115' title="bbox 2117 5097 3703 5176">
    <p class='ocr_par' dir='ltr' id='par_1_115' title="bbox 2117 5097 3703 5176">
     <span class='ocr_line' id='line_1_115' title="bbox 2117 5097 3703 5176; baseline 0.008 -27"><span class='ocrx_word' id='word_1_846' title='bbox 2117 5097 2368 5167; x_wconf 87' lang='grc' dir='ltr'>κείμενα·</span> <span class='ocrx_word' id='word_1_847' title='bbox 2393 5099 2486 5152; x_wconf 78' lang='grc' dir='ltr'>καὶ</span> <span class='ocrx_word' id='word_1_848' title='bbox 2511 5100 2723 5170; x_wconf 78' lang='grc' dir='ltr'>ροἲσκοι</span> <span class='ocrx_word' id='word_1_849' title='bbox 2755 5101 2856 5172; x_wconf 81' lang='grc' dir='ltr'>μὲν</span> <span class='ocrx_word' id='word_1_850' title='bbox 2878 5099 2953 5166; x_wconf 86' lang='grc' dir='ltr'>ὡς</span> <span class='ocrx_word' id='word_1_851' title='bbox 2977 5105 3404 5175; x_wconf 80' lang='grc' dir='ltr'>συνυφασμένοι,</span> <span class='ocrx_word' id='word_1_852' title='bbox 3432 5108 3628 5176; x_wconf 69' lang='grc' dir='ltr'>χρυσοῖ</span> <span class='ocrx_word' id='word_1_853' title='bbox 3648 5109 3703 5161; x_wconf 66' lang='grc' dir='ltr'>δὲ</span> 
     </span>
    </p>
   </div>
   <div class='ocr_carea' id='block_1_116' title="bbox 2117 5187 3700 5270">
    <p class='ocr_par' dir='ltr' id='par_1_116' title="bbox 2117 5187 3700 5270">
     <span class='ocr_line' id='line_1_116' title="bbox 2117 5187 3700 5270; baseline 0.007 -29"><span class='ocrx_word' id='word_1_854' title='bbox 2117 5189 2165 5241; x_wconf 90' lang='grc' dir='ltr'><strong>οί</strong></span> <span class='ocrx_word' id='word_1_855' title='bbox 2201 5187 2469 5254; x_wconf 79' lang='grc' dir='ltr'>κώδωνες·</span> <span class='ocrx_word' id='word_1_856' title='bbox 2500 5190 2576 5254; x_wconf 83' lang='grc' dir='ltr'>ὡς</span> <span class='ocrx_word' id='word_1_857' title='bbox 2621 5191 2688 5244; x_wconf 75' lang='grc' dir='ltr'>ἂν</span> <span class='ocrx_word' id='word_1_858' title='bbox 2729 5192 2918 5264; x_wconf 79' lang='grc' dir='ltr'>εὖηχοί</span> <span class='ocrx_word' id='word_1_859' title='bbox 2947 5211 3004 5247; x_wconf 87' lang='grc' dir='ltr'><strong>τε</strong></span> <span class='ocrx_word' id='word_1_860' title='bbox 3038 5190 3148 5249; x_wconf 79' lang='grc' dir='ltr'>εἷεν</span> <span class='ocrx_word' id='word_1_861' title='bbox 3181 5197 3323 5252; x_wconf 83' lang='grc' dir='ltr'>κατὰ</span> <span class='ocrx_word' id='word_1_862' title='bbox 3364 5196 3428 5250; x_wconf 80' lang='grc' dir='ltr'><strong>τὸ</strong></span> <span class='ocrx_word' id='word_1_863' title='bbox 3454 5198 3662 5270; x_wconf 80' lang='grc' dir='ltr'>ἀληθὲς</span> <span class='ocrx_word' id='word_1_864' title='bbox 3687 5241 3700 5261; x_wconf 87' lang='grc'><strong>,</strong></span> 
     </span>
    </p>
   </div>
   <div class='ocr_carea' id='block_1_117' title="bbox 2119 5279 3703 5359">
    <p class='ocr_par' dir='ltr' id='par_1_117' title="bbox 2119 5279 3703 5359">
     <span class='ocr_line' id='line_1_117' title="bbox 2119 5279 3703 5359; baseline 0.005 -27"><span class='ocrx_word' id='word_1_865' title='bbox 2119 5281 2216 5335; x_wconf 73' lang='grc' dir='ltr'>καὶ</span> <span class='ocrx_word' id='word_1_866' title='bbox 2271 5279 2378 5351; x_wconf 81' lang='grc' dir='ltr'>μὴν</span> <span class='ocrx_word' id='word_1_867' title='bbox 2429 5282 2527 5334; x_wconf 77' lang='grc' dir='ltr'>καὶ</span> <span class='ocrx_word' id='word_1_868' title='bbox 2577 5282 2878 5348; x_wconf 84' lang='grc' dir='ltr'>είσθέοντος</span> <span class='ocrx_word' id='word_1_869' title='bbox 2923 5286 3134 5359; x_wconf 84' lang='grc' dir='ltr'>Ἀαρὼν</span> <span class='ocrx_word' id='word_1_870' title='bbox 3171 5289 3254 5353; x_wconf 83' lang='grc' dir='ltr'><strong>είς</strong></span> <span class='ocrx_word' id='word_1_871' title='bbox 3289 5289 3358 5343; x_wconf 83' lang='grc' dir='ltr'>τὰ</span> <span class='ocrx_word' id='word_1_872' title='bbox 3400 5290 3568 5358; x_wconf 72' lang='grc' dir='ltr'>’Ἅγια</span> <span class='ocrx_word' id='word_1_873' title='bbox 3595 5290 3703 5343; x_wconf 88' lang='grc' dir='ltr'><strong>τῶν</strong></span> 
     </span>
    </p>
   </div>
   <div class='ocr_carea' id='block_1_118' title="bbox 2121 5374 3695 5455">
    <p class='ocr_par' dir='ltr' id='par_1_118' title="bbox 2121 5374 3695 5455">
     <span class='ocr_line' id='line_1_118' title="bbox 2121 5374 3695 5455; baseline 0.006 -29"><span class='ocrx_word' id='word_1_874' title='bbox 2121 5374 2311 5442; x_wconf 86' lang='grc' dir='ltr'>ἁγίων,</span> <span class='ocrx_word' id='word_1_875' title='bbox 2335 5376 2747 5449; x_wconf 73' lang='grc' dir='ltr'>ἐπισημοτάτην</span> <span class='ocrx_word' id='word_1_876' title='bbox 2774 5379 2938 5433; x_wconf 78' lang='grc' dir='ltr'>αὑτοῦ</span> <span class='ocrx_word' id='word_1_877' title='bbox 2966 5381 3229 5436; x_wconf 82' lang='grc' dir='ltr'>ποιῶνται</span> <span class='ocrx_word' id='word_1_878' title='bbox 3253 5383 3355 5454; x_wconf 78' lang='grc' dir='ltr'><strong>τὴν</strong></span> <span class='ocrx_word' id='word_1_879' title='bbox 3385 5382 3695 5455; x_wconf 69' lang='grc' dir='ltr'>εἰσδρομὴν.</span> 
     </span>
    </p>
   </div>
   <div class='ocr_carea' id='block_1_119' title="bbox 2115 5466 3698 5546">
    <p class='ocr_par' dir='ltr' id='par_1_119' title="bbox 2115 5466 3698 5546">
     <span class='ocr_line' id='line_1_119' title="bbox 2115 5466 3698 5546; baseline 0.005 -27"><span class='ocrx_word' id='word_1_880' title='bbox 2115 5466 2394 5537; x_wconf 83' lang='grc' dir='ltr'>Σύμϐολον</span> <span class='ocrx_word' id='word_1_881' title='bbox 2417 5467 2474 5521; x_wconf 80' lang='grc' dir='ltr'>δὲ</span> <span class='ocrx_word' id='word_1_882' title='bbox 2499 5469 2591 5522; x_wconf 74' lang='grc' dir='ltr'>καὶ</span> <span class='ocrx_word' id='word_1_883' title='bbox 2615 5469 2776 5524; x_wconf 88' lang='grc' dir='ltr'>τοῦτό</span> <span class='ocrx_word' id='word_1_884' title='bbox 2823 5475 2938 5525; x_wconf 71' lang='grc' dir='ltr'>ἐστι</span> <span class='ocrx_word' id='word_1_885' title='bbox 2968 5472 3070 5544; x_wconf 79' lang='grc' dir='ltr'>τῆς</span> <span class='ocrx_word' id='word_1_886' title='bbox 3099 5473 3368 5546; x_wconf 89' lang='grc' dir='ltr'>σωτηρίου</span> <span class='ocrx_word' id='word_1_887' title='bbox 3402 5476 3500 5527; x_wconf 74' lang='grc' dir='ltr'>καὶ</span> <span class='ocrx_word' id='word_1_888' title='bbox 3527 5473 3698 5542; x_wconf 81' lang='grc' dir='ltr'>σοφῆς</span> 
     </span>
    </p>
   </div>
   <div class='ocr_carea' id='block_1_120' title="bbox 2116 5557 3696 5635">
    <p class='ocr_par' dir='ltr' id='par_1_120' title="bbox 2116 5557 3696 5635">
     <span class='ocr_line' id='line_1_120' title="bbox 2116 5557 3696 5635; baseline 0.004 -25"><span class='ocrx_word' id='word_1_889' title='bbox 2116 5557 2449 5630; x_wconf 86' lang='grc' dir='ltr'>οίκονομίας,</span> <span class='ocrx_word' id='word_1_890' title='bbox 2499 5563 2642 5634; x_wconf 68' lang='grc' dir='ltr'>φημὶ</span> <span class='ocrx_word' id='word_1_891' title='bbox 2672 5563 2736 5635; x_wconf 79' lang='grc' dir='ltr'>δὴ</span> <span class='ocrx_word' id='word_1_892' title='bbox 2770 5563 2868 5618; x_wconf 88' lang='grc' dir='ltr'><strong>τοῦ</strong></span> <span class='ocrx_word' id='word_1_893' title='bbox 2915 5565 3059 5619; x_wconf 92' lang='grc' dir='ltr'>θείου</span> <span class='ocrx_word' id='word_1_894' title='bbox 3110 5584 3167 5621; x_wconf 88' lang='grc' dir='ltr'><strong>τε</strong></span> <span class='ocrx_word' id='word_1_895' title='bbox 3205 5568 3301 5621; x_wconf 73' lang='grc' dir='ltr'>καὶ</span> <span class='ocrx_word' id='word_1_896' title='bbox 3341 5565 3696 5635; x_wconf 80' lang='grc' dir='ltr'>εὐαγγελικοῦ</span> 
     </span>
    </p>
   </div>
   <div class='ocr_carea' id='block_1_121' title="bbox 2652 5676 3692 5745">
    <p class='ocr_par' dir='ltr' id='par_1_121' title="bbox 2652 5676 3692 5745">
     <span class='ocr_line' id='line_1_121' title="bbox 2652 5676 3692 5745; baseline 0.002 -10"><span class='ocrx_word' id='word_1_897' title='bbox 2652 5676 2829 5737; x_wconf 83' lang='lat' dir='ltr'><strong>&quot;Isa.</strong></span> <span class='ocrx_word' id='word_1_898' title='bbox 2858 5695 2964 5745; x_wconf 70' lang='lat' dir='ltr'><strong>ut,</strong></span> <span class='ocrx_word' id='word_1_899' title='bbox 3012 5679 3096 5736; x_wconf 81' lang='lat' dir='ltr'><strong>IO.</strong></span> <span class='ocrx_word' id='word_1_900' title='bbox 3204 5683 3248 5714; x_wconf 82' lang='lat'>&quot;</span> <span class='ocrx_word' id='word_1_901' title='bbox 3289 5681 3444 5738; x_wconf 78' lang='lat' dir='ltr'><strong>Joan.</strong></span> <span class='ocrx_word' id='word_1_902' title='bbox 3476 5696 3553 5736; x_wconf 78' lang='grc' dir='ltr'>ιι.</span> <span class='ocrx_word' id='word_1_903' title='bbox 3601 5680 3692 5737; x_wconf 73' lang='lat'><strong>25.</strong></span> 
     </span>
    </p>
   </div>
  </div>
