3996 6212
408 266 524 326 ηιτ

1457 268 1514 320 S.
1551 264 1827 322 εγιιιιιι
1866 262 2335 321 ALEXANDRINI
2374 261 2690 321 ARCHIEP.

3582 252 3686 314 πίε

414 402 649 460 regnum
675 395 854 442 tamen
877 393 932 441 et
953 384 1199 455 gloriam.
1229 382 1319 437 Sic
1337 383 1485 437 enim
1506 386 1794 437 consecrat
1815 378 1994 450 ipsum

2097 376 2394 448 ἀποστολὴ,
2426 375 2564 448 πλὴν
2588 378 2667 440 είς
2702 372 2980 446 βασιλείαν
3010 371 3103 426 καὶ
3135 368 3314 437 δόξαν.
3345 371 3556 425 Τιλειοῖ
3574 373 3687 442 γὰρ

420 482 623 543 Aaron,
657 478 788 533 dum
823 478 881 531 in
914 477 1033 547 ejus
1061 476 1240 530 fronte
1263 491 1490 529 aureum
1513 474 1778 529 circulum
1802 472 1954 542 ponit
1980 488 1995 523 :

416 570 803 624 universorum
821 566 1274 621 autemDominus
1295 574 1379 620 est
1402 574 1565 634 atque
1593 565 1709 620 Rex
1725 563 1997 626 Christus,

417 670 475 713 et
497 660 799 713 secundum
834 646 1112 720 naturam,
1162 665 1221 709 et
1266 654 1570 710 secundum
1608 653 1998 724 ,participatioa

418 764 564 804 nem.
598 746 733 802 Cum
753 748 903 800 enim
945 747 1091 802 Deus
1124 762 1221 815 per
1258 756 1511 801 naturam
1555 753 1720 809 esset,
1748 746 1998 800 exinani-

415 840 493 894 vit
525 839 905 909 semeptisum,
946 854 1009 893 ac
1035 838 1258 893 demisit
1281 838 1347 891 ad
1380 836 1523 892 servi
1546 836 1777 891 formam
1812 838 1878 902 ³³,
1910 853 1999 893 re-

412 946 694 1002 gnumque
716 931 938 1002 accipit,
969 931 1116 1000 quod
1129 931 1196 986 ad
1223 931 1524 985 humanum
1559 928 1804 984 habitum
1826 930 1999 999 perti—

417 1033 529 1087 net,
561 1023 685 1077 licet
706 1023 816 1093 jam
844 1021 969 1076 inde
996 1022 1064 1077 ab
1089 1021 1246 1076 initio
1270 1022 1515 1093 ejusdem
1538 1022 1779 1076 cumDeo
1804 1029 1861 1075 et
1888 1020 2002 1074 Pa-

413 1124 830 1169 treconsessus
859 1114 1153 1182 particeps,
1189 1113 1424 1168 etsimul
1459 1128 1585 1168 cum
1629 1127 1696 1166 eo
1735 1112 2001 1166 Dominus

416 1204 663 1259 omnium
712 1219 775 1257 ac
828 1203 1141 1258 moderator
1183 1211 1348 1259 esset.
1415 1204 1535 1260 Iam
1583 1220 1715 1259 vero
1757 1204 1999 1273 intelligc

416 1310 655 1366 quonam
700 1295 863 1349 modo
910 1294 1128 1349 mitram
1170 1310 1236 1348 ex
1267 1295 1562 1367 hyacintho
1588 1295 1879 1360 habuerit;
1909 1294 1996 1349 cui

418 1385 632 1455 insigne
669 1385 822 1454 regni
871 1385 1193 1454 praeclarum
1239 1386 1462 1448 inesset,
1495 1385 1720 1450 lamina,
1753 1384 1995 1453 inquam,

414 1492 601 1530 aurea.
628 1477 725 1532 Est
765 1484 949 1531 autem
985 1476 1314 1548 hyacinthus
1348 1478 1472 1533 cmli
1509 1478 1724 1548 signum
1759 1494 1771 1529 :
1814 1492 1992 1531 recor-

415 1572 548 1622 dare
574 1567 741 1638 igitur
767 1567 971 1623 Christi
1017 1566 1254 1621 dicentis
1287 1584 1301 1618 :
1337 1586 1355 1618 ί
1392 1567 1642 1637 Regnum
1673 1580 1855 1620 meum
1886 1579 2000 1618 non

415 1667 500 1714 est
539 1659 607 1714 de
644 1660 749 1715 hoc
796 1658 1003 1713 mundo
1024 1659 1089 1713 ".
1126 1678 1144 1709 ι
1174 1660 1362 1729 Neque
1411 1659 1558 1713 enim
1601 1657 1856 1713 Christus
1904 1671 1997 1709 rex

406 1761 700 1816 terrenus,
731 1750 830 1805 sed
880 1749 1123 1806 celestis
1158 1759 1265 1815 est,
1330 1750 1753 1819 universamque
1783 1756 1998 1803 creatu—
2029 1740 2067 1794 Β

416 1857 533 1896 ram
561 1841 665 1896 sub
686 1841 926 1912 pedibus
952 1841 1118 1896 habet
1145 1859 1156 1894 :
1191 1856 1317 1895 cum
1348 1856 1482 1895 vero
1507 1839 1808 1896 addidisset
1837 1856 1849 1891 :
1887 1860 1904 1889 ι
1929 1838 1998 1892 Ει

414 1933 656 2005 portabit
699 1933 883 1989 Aaron
944 1939 1171 2003 peccata
1236 1939 1553 1986 sanctorum
1594 1970 1609 1996 ,
1659 1943 1997 2001 qumcunquc

415 2024 879 2079 sanctificaverint
896 2064 911 2089 ,
938 2023 1117 2078 omnis
1142 2022 1274 2077 doni
1300 2031 1613 2091 sanctorum
1663 2038 1854 2077 eorum
1878 2022 1943 2085 ³³,
1970 2039 1987 2072 ι

415 2131 637 2171 onmem
663 2130 944 2172 accessum
968 2124 1132 2185 atque
1158 2113 1556 2185 ,perfectiOnem
1581 2130 1701 2170 esse
1725 2115 1782 2169 in
1838 2113 1998 2169 Chri-

416 2215 503 2273 sto
528 2215 715 2277 aperte
732 2206 1130 2263 demonstravit
1164 2206 1521 2277 :..qninetiam
1550 2204 1997 2277 justifieationem

416 2308 635 2351 omnem
658 2296 717 2351 in
746 2297 864 2367 ipso
895 2304 951 2351 et
988 2311 1087 2366 per
1113 2288 1294 2375 ipsum
1330 2310 1471 2362 esse,
1497 2304 1746 2352 veterum
1778 2312 1996 2367 quoque

416 2399 768 2460 peccatorum
825 2387 1264 2458 depositionem;
1313 2387 1481 2461 389
1516 2389 1637 2467 ipse
1658 2391 1811 2444 enim
1857 2391 1999 2445 tollit

416 2489 637 2549 peccata
668 2486 878 2549 nostra,
900 2489 957 2534 et
986 2495 1085 2549 per
1109 2480 1290 2551 ipsum
1315 2472 1679 2551 acceptabiies
1705 2480 1995 2550 efﬁcimur,

417 2571 546 2624 dum
575 2566 880 2638 spiritualia
914 2583 1145 2623 munera
1167 2569 1282 2625 Deo
1301 2585 1366 2625 ac
1396 2568 1867 2625 Patrioﬂerimus.

460 2678 683 2739 .PALL.
714 2679 884 2735 Recte
905 2678 1005 2734 ais.
1678 2664 1679 2667 “

487 2771 645 2827 CIR.
696 2772 990 2826 Immotum
1058 2786 1225 2843 porro
1276 2780 1441 2842 atque
1496 2784 1826 2845 perpetuum
1878 2774 1996 2831 fore

420 2863 718 2920 Salvatoris
751 2862 926 2919 nostri
948 2879 1199 2934 regnum,
1232 2876 1288 2921 et
1325 2865 1395 2919 ad
1428 2865 1642 2922 inﬁnita
1670 2869 1868 2923 saecula
1889 2868 1996 2922 du-

419 2966 688 3019 raturum,
706 2957 967 3026 praeclare
984 2956 1245 3022 ostendit,
1265 2957 1334 3012 de
1355 2958 1533 3013 mitrae
1548 2958 1749 3015 lamina
1770 2959 1992 3015 dicens:

425 3072 444 3102 ι
487 3052 551 3105 Et
573 3050 677 3105 erit
708 3065 876 3121 supra
916 3048 1152 3104 frontem
1200 3050 1381 3105 Aaron
1423 3060 1690 3120 perpetuo
1723 3052 1789 3105 ³⁸.
1826 3070 1844 3104 ι
1875 3052 1993 3119 Quo

420 3143 637 3197 tandem
658 3142 823 3213 igitur
835 3141 1019 3198 abibit
1039 3141 1216 3197 audax
1240 3149 1296 3196 et
1319 3141 1544 3198 insanus
1572 3141 1863 3214 impiorum
1888 3145 1996 3200 ha:-

422 3235 720 3289 reticorum
772 3249 976 3300 sermo,
1027 3234 1350 3306 nugantium
1398 3234 1537 3301 fore,
1589 3245 1651 3292 ut
1702 3237 1995 3308 aliquando

420 3329 635 3384 desinat
658 3327 862 3383 Christi
886 3343 1136 3400 regnum,
1168 3337 1225 3384 et
1266 3328 1448 3384 tradat
1488 3329 1780 3401 imperium
1806 3333 1916 3387 Deo
1940 3340 1996 3386 et

420 3421 592 3487 patri,
615 3429 670 3476 et
696 3436 728 3476 a
771 3420 1078 3477 divinitatis
1106 3437 1367 3478 consessu
1392 3423 1613 3480 recedat
1639 3424 1997 3481 Emmanuel?

420 3514 495 3568 De
521 3514 607 3569 his
636 3513 785 3569 enim
811 3513 949 3568 adeo
974 3515 1136 3569 tetris
1161 3530 1229 3569 ac
1254 3514 1410 3569 vanis
1432 3514 1663 3571 docendi
1691 3517 1996 3572 rationibus

421 3606 743 3676 gloriantur,
768 3606 971 3676 quibus
1007 3607 1115 3662 dici
1166 3623 1274 3662 non
1296 3608 1535 3664 absurde
1559 3610 1732 3679 possit
1771 3628 1782 3663 :
1828 3629 1845 3661 ι
1891 3610 1995 3664 Er-

423 3695 556 3749 ratis
601 3695 911 3751 nescientes
966 3695 1280 3766 Scripturas
1328 3698 1392 3752 ".
1428 3718 1447 3751 ι
1502 3699 1605 3764 En,
1656 3715 1780 3754 cum
1807 3709 1996 3770 aperte

422 3795 585 3856 atque
615 3786 908 3856 perspicue
933 3786 1023 3841 ille
1057 3787 1201 3844 Deus
1225 3798 1282 3845 et
1311 3790 1472 3845 Pater
1503 3798 1768 3860 perpetua
1790 3800 1846 3845 et
1877 3791 1994 3861 glo-

425 3879 502 3932 ria
529 3887 586 3933 et
615 3878 843 3942 honore,
871 3895 936 3934 ac
980 3882 1133 3952 regni
1174 3882 1485 3954 insignibus
1537 3892 1763 3938 coronet
1788 3883 1991 3949 Aaron,

422 3969 524 4039 ipsi
549 3970 618 4025 ab
643 3985 710 4025 eo
741 3985 1002 4027 coronam
1044 3973 1319 4037 auferunt.
1368 3988 1433 4029 ac
1477 3975 1872 4046 propemodum
1900 3993 1995 4032 ac-

422 4061 817 4117 commodatam
842 4063 1007 4118 fronti
1039 4078 1246 4120 sacram
1274 4064 1493 4120 mitram
1514 4065 1814 4136 abripiunt.

491 4314 688 4371 PALL.
714 4314 791 4369 Ita
824 4326 927 4371 est.

2101 469 2275 532 οὕτως
2297 469 2391 521 τὸν
2421 467 2657 538 Ἀαρὼν,
2679 465 2914 537 χρυσοῦν
2935 464 3030 518 ἐπὶ
3050 463 3128 534 τῷ
3150 461 3384 535 μετώπῳ
3404 462 3468 516 τὸ
3490 462 3688 533 ψαλίον

2100 559 2289 623 τιθείς.
2321 558 2521 629 Κύριος
2552 557 2608 611 δὲ
2635 558 2744 611 τῶν
2776 556 2913 611 ὅλων
2951 556 3041 609 καὶ
3068 554 3339 626 βασιλεὺς,
3368 557 3398 609 ό
3423 554 3687 623 Χριστὸς,

2102 651 2347 723 φυσικῶς
2375 669 2436 706 τε
2468 650 2586 721 ἅμα
2633 650 2727 704 καὶ
2759 648 3059 720 μεθεκτῶς.
3093 647 3226 711 Θεδς
3273 646 3384 719 γὰρ
3408 646 3487 699 ῶν
3514 646 3685 715 φύσει

2102 744 2405 800 κεκένωκεν
2434 743 2648 807 ἑαυτὸν,
2678 742 2868 805 καθεὶς
2901 743 2957 796 ἐν
2985 739 3171 794 δούλου
3211 741 3414 811 μορφῇ.
3449 739 3563 793 Καὶ
3593 739 3689 793 δέ-

2100 854 2253 909 χεται
2289 835 2586 906 βασιλείαν,
2636 835 2780 889 κατὰ
2808 851 2872 904 γε
2909 834 2971 887 τὸ
3004 833 3216 905 πρέπον
3243 832 3318 903 τῷ
3354 833 3690 904 ἀνθρωπίνῳ

2101 934 2362 999 σχήματι,
2389 927 2566 980 καίτοι
2594 926 2845 999 σύνεδρος
2867 924 2942 979 ὢν
2965 924 3173 980 ἄνωθέν
3192 942 3252 978 τε
3274 925 3369 979 καὶ
3388 926 3484 980 ἀπ’
3506 923 3686 998 ἀρχῆς

2098 1019 2175 1090 τῷ
2206 1018 2326 1090 Θεῷ
2357 1019 2454 1073 καὶ
2496 1017 2688 1089 Πατρὶ,
2724 1018 2819 1071 και
2854 1017 3246 1087 συγκαταρχων
3281 1016 3392 1070 τῶν
3418 1017 3556 1070 ὅλων
3587 1018 3687 1070 καὶ

2101 1113 2485 1182 συνδεσπότης.
2528 1111 2691 1175 Συνες
2716 1110 2773 1164 δὲ
2804 1111 2952 1172 ὅπως
2993 1108 3054 1175 ἐξ
3090 1107 3345 1163 ὑακίνθου
3392 1109 3615 1177 γέγονεν
3646 1108 3683 1179 ἠ

2103 1203 2268 1274 μίτρα
2298 1200 2484 1267 αὑτοῦ,
2514 1202 2574 1255 τὸ
2606 1200 2860 1273 λαμπρὸν
2889 1201 2990 1269 τῆς
3023 1199 3297 1273 βασιλείας
3323 1200 3522 1271 ἔχουσα
3550 1201 3680 1254 σύν-

2100 1299 2269 1369 θημα,
2306 1298 2449 1369 φημὶ
2474 1298 2537 1369 δὴ
2567 1298 2627 1351 τὸ
2657 1297 2889 1351 πέταλον
2918 1297 2979 1351 τὸ
3010 1297 3268 1369 χρυσοῦν.
3305 1296 3590 1359 Ὑάκινθος
3617 1295 3677 1349 δὲ

2098 1389 2328 1460 οὐρανοῦ
2364 1392 2611 1460 σημεῖον·
2643 1387 2740 1441 καὶ
2766 1387 3108 1458 διαμέμνησο
3138 1387 3386 1455 λέγοντος
3413 1387 3507 1441 τοῦ
3539 1388 3678 1458 Χριο

2101 1480 2248 1541 στοῦ,
2287 1500 2306 1533 ι
2354 1481 2417 1534 Ἦ
2451 1479 2697 1562 βασιλεία
2726 1482 2757 1551 ἡ
2931 1481 3033 1533 οὐκ
3072 1480 3219 1533 ἐστιν
3249 1483 3313 1534 ὲκ
3340 1480 3435 1533 τοῦ
3470 1480 3678 1551 κόσμου

2097 1573 2310 1629 τούτου.
2343 1592 2363 1626 ι
2396 1573 2470 1626 υύ
2502 1555 2612 1644 γὰρ
2640 1555 2880 1640 ἐπίγειος
2920 1572 3193 1643 βασιλεὺς,
3223 1572 3337 1627 ἁλλ’
3375 1573 3625 1645 οὐράνιος
3647 1573 3680 1627 ό

2100 1664 2350 1736 Χριστὸς,
2384 1664 2512 1735 ὃλην
2543 1664 2647 1717 ὑπὸ
2678 1664 2843 1727 πόδας
2876 1664 3014 1735 ἔχων
3041 1663 3141 1737 τὴν
3190 1665 3386 1719 κτίσιν.
3427 1666 3679 1737 Προσεπ-

2097 1756 2335 1825 ενεγκὼν
2355 1757 2433 1821 δὲ,
2466 1758 2547 1811 ὅτι
2576 1775 2594 1808 ι
2633 1757 2743 1810 Καὶ
2772 1756 2956 1830 ὲξαρεῖ
2988 1754 3197 1828 Ἀαριῖιν
3219 1758 3282 1810 τὰ
3308 1758 3682 1828 ἁμαρτήματα

2095 1850 2205 1901 τῶν
2252 1848 2422 1917 ἁγίων
2471 1848 2569 1902 ὅσα
2599 1847 2666 1902 ἂν
2713 1849 2986 1918 ἁγιὰσωσι
3008 1888 3023 1913 ,
3055 1848 3255 1911 παντὸς
3294 1848 3524 1919 δόματος
3562 1847 3682 1902 τῶν

2097 1936 2267 2005 ἁγίων
2293 1936 2490 2000 αὐτῶν,
2521 1956 2537 1988 μ
2568 1937 2649 1990 ὅτι
2672 1937 2821 1990 πᾶσά
2847 1953 2906 1990 τε
2928 1936 3262 2008 προσαγωγὴ
3286 1938 3380 1989 καὶ
3400 1936 3682 1999 τελείωσις

2094 2029 2155 2083 ἐν
2204 2027 2456 2099 Χριστῷ,
2508 2028 2914 2099 διαμεμήνυκεν
2965 2028 3246 2098 ἐναργῶς,
3295 2027 3388 2082 καὶ
3436 2027 3545 2098 μὴν
3594 2028 3681 2080 ὅτι

2096 2122 2247 2175 πᾶσα
2273 2120 2558 2183 δικαίωσις
2582 2122 2641 2173 ὲν
2667 2119 2816 2190 αὐτῷ
2853 2136 2913 2173 τε
2943 2120 3037 2173 καὶ
3064 2119 3131 2172 δι’
3163 2118 3351 2184 αὐτοῦ,
3384 2119 3481 2172 καὶ
3507 2120 3541 2189 ἡ
3568 2117 3684 2173 τῶν

2099 2212 2263 2266 πάλαι
2298 2209 2790 2282 πλημμελημάτων
2841 2211 3122 2274 ἀπόθεσις.
3157 2211 3329 2275 Αὐτὸς
3372 2213 3481 2282 γὰρ
3518 2209 3685 2281 ἡμῶν

2095 2303 2241 2372 αίρει
2266 2301 2365 2366 τὰς
2397 2301 2698 2372 ἁμαρτίας,
2731 2300 2823 2353 καὶ
2849 2300 2916 2353 δι’
2944 2297 3108 2353 αὐτοῦ
3133 2298 3440 2369 γεγόναμεν
3462 2297 3680 2364 “not,

2094 2393 2194 2456 τὰς
2213 2395 2271 2446 ἐν
2301 2394 2575 2464 πνεύματι
2606 2392 2943 2465 δωροφορίας
2971 2391 3431 2465 προσκομίξοντες
3458 2389 3537 2462 τῷ
3555 2387 3683 2459 Θιῷ

2095 2488 2189 2541 καὶ
2217 2486 2413 2558 Πατρί.

2168 2689 2372 2743 ΠΑΛΛ.
2407 2682 2481 2742 Εὖ
2510 2687 2665 2758 ἔφης.

2164 2781 2329 2834 ΚΥΡ.
2364 2777 2731 2832 Ἄναπόθετον
2755 2775 2811 2830 δὲ
2837 2775 2930 2829 καὶ
2954 2773 3178 2848 διηνεκῆ
3202 2774 3297 2829 καὶ
3323 2775 3404 2839 είς
3433 2774 3679 2846 ἀπεράν-

2094 2889 2222 2935 τους
2251 2870 2459 2935 αῖῶνας
2501 2868 2889 2940 ἐκτεινομένην
2940 2867 3039 2939 τὴν
3073 2866 3169 2920 τοῦ
3216 2866 3472 2938 Σωτῆρος
3513 2867 3674 2937 ἡμων

2098 2963 2374 3036 βασιλείαν
2404 2958 2464 3018 εὖ
2497 2962 2642 3034 μάλα
2670 2960 3061 3025 καταδεικνὺς,
3094 2961 3223 3032 περί
3249 2976 3307 3014 τε
3341 2959 3443 3030 τῆς
3477 2958 3678 3031 μίτρας

2095 3055 2190 3110 τοῦ
2234 3053 2468 3109 πετάλου
2512 3053 2691 3125 φησί’
2728 3070 2747 3105 ι
2800 3053 2911 3107 Καὶ
2955 3051 3109 3106 ἔσται
3149 3052 3242 3105 ἐπὶ
3290 3048 3385 3103 τοῦ
3420 3048 3675 3121 μετώπου

2109 3146 2320 3220 Ἀαρὼν
2343 3146 2432 3200 διὰ
2455 3147 2677 3211 παντός.
2719 3165 2738 3199 ι
2782 3141 2918 3200 Εἶτα
2949 3146 3043 3199 ποῖ
3073 3144 3192 3197 ποτ’
3225 3142 3292 3197 ἂν
3317 3144 3454 3213 ἡμῖν
3483 3144 3511 3197 ό
3540 3141 3677 3213 θρα-

2097 3239 2194 3304 σὺς
2225 3240 2320 3295 καὶ
2347 3238 2695 3310 ἀπόπληκτος
2725 3238 2833 3292 τῶν
2865 3237 3097 3291 ἀνοσίων
3131 3236 3427 3307 αἱρετικῶν
3463 3236 3681 3306 οἰχήσε-

2094 3348 2185 3393 ται
2226 3329 2420 3400 λόγος,
2467 3328 2937 3400 πεφλυαρηκότων
2983 3328 3067 3381 ὃτι
3109 3326 3404 3398 καταλήξει
3453 3329 3582 3381 ποτὲ
3610 3326 3676 3381 τό

2095 3422 2334 3495 Χριστοῦ
2369 3423 2599 3493 κράτος,
2638 3422 2733 3477 καὶ
2782 3418 3094 3494 παραδώσει
3136 3419 3234 3492 τὴν
3279 3418 3559 3490 βασιλείαν
3593 3417 3676 3489 τῷ

2094 3514 2213 3585 Θεῷ
2253 3515 2345 3568 καὶ
2379 3515 2575 3585 Πατρὶ,
2610 3515 2719 3567 τῶν
2748 3514 2844 3584 τῆς
2875 3513 3129 3584 θεότητος
3161 3513 3533 3583 ἀποφοιτήσας
3565 3510 3677 3562 θώο

2094 3623 2209 3660 κων
2240 3607 2268 3660 ό
2311 3604 2697 3676 Ἐμμανουήλς
2744 3603 3224 3675 Ἐπισεμνὺνονται
3271 3602 3380 3674 γὰρ
3415 3604 3532 3663 τοῖς
3567 3594 3676 3654 ὦδε

2093 3695 2286 3760 δεινοῖς
2314 3698 2409 3749 καὶ
2438 3694 2703 3768 ὲξιτήλοις
2734 3695 3020 3766 δόγμασιν,
3055 3689 3138 3758 οἷς
3157 3693 3451 3748 ἀκόλουθον
3476 3695 3676 3746 εἰπεῖν’

2100 3787 2444 3851 «Πλανᾶσθε,
2480 3788 2555 3859 μὴ
2580 3788 2779 3851 εἰδότες
2804 3789 2902 3850 τὰς
2927 3788 3202 3858 Γραφὰς.»
3245 3786 3377 3840 Ἰδοὺ
3407 3786 3538 3858 γὰρ,
3567 3785 3678 3837 ἰδοὺ

2097 3879 2285 3948 σαφῶς
2311 3895 2371 3932 τε
2392 3880 2487 3932 καὶ
2515 3878 2760 3949 ἐναργῶς
2779 3876 2874 3929 τοῦ
2901 3875 3036 3931 Θεοῦ
3066 3879 3160 3931 καὶ
3189 3876 3402 3947 Πατρός
3423 3875 3555 3947 δόξῃ
3580 3874 3679 3928 καὶ

2093 3973 2226 4042 τιμῇ
2270 3970 2541 4039 διηνεκεῖ,
2581 3970 2677 4023 καὶ
2731 3974 2844 4033 τοῖς
2887 3968 2986 4039 τῆς
3031 3967 3310 4039 βασιλείας
3367 3967 3676 4035 συνθήμασι

2095 4063 2426 4126 ταινιοῦντος
2460 4063 2553 4117 τὸν
2598 4060 2828 4133 Ἀαρὼν,
2862 4059 3331 4129 ἀποστεφανοῦσιν
3364 4059 3549 4121 αὐτοὶ,
3582 4059 3679 4112 καὶ

2099 4156 2381 4228 μονονουχὶ
2430 4158 2544 4218 τοῖς
2598 4153 2872 4225 μετώποις
2923 4151 3317 4224 ιμπρέπουσαν
3368 4152 3470 4223 τὴν
3517 4152 3675 4223 ἱερὰν

2094 4247 2399 4318 ἁρπάζουσι
2430 4246 2648 4318 μίτραν.

2167 4338 2375 4392 (una.
2419 4336 2659 4408 Ἀληθές.

486 4407 642 4463 CYR.
676 4427 695 4458 ι
740 4407 977 4464 Cidarim
1006 4425 1224 4482 quoque
1270 4422 1328 4467 et
1371 4429 1563 4470 zonam
1605 4431 1674 4471 ex
1723 4417 1884 4487 bysso
1909 4423 1991 4473 la-

2167 4430 2330 4485 Krr.
2370 4449 2393 4481 ς
2447 4407 2674 4499 meum
2715 4444 2777 4481 τε
2818 4428 2911 4482 καὶ
2961 4427 3136 4498 ζώνην
3169 4429 3234 4484 ἐκ
3278 4429 3478 4500 βύσσου
3519 4430 3678 4502 ποιή-

419 4502 551 4565 cies,
585 4520 603 4550 ι
636 4501 814 4571 inquit
837 4502 904 4555 ⁸⁸.
938 4502 1190 4558 Militaris
1232 4519 1366 4558 vero
1416 4505 1637 4561 habitus
1667 4506 1847 4562 Aaron
1873 4507 1994 4563 cin-

418 4592 605 4662 gulum
631 4601 687 4645 et
727 4592 877 4662 galea
908 4609 921 4644 :
951 4593 1219 4663 ejusmodi
1259 4608 1492 4663 namque
1524 4596 1764 4665 speciem
1794 4596 1996 4653 cidaris

419 4684 587 4738 refert
620 4700 632 4735 :
662 4682 867 4737 bellum
908 4683 1055 4737 enim
1078 4698 1181 4754 pro
1212 4683 1373 4739 nobis
1405 4684 1661 4741 Christus
1681 4688 1849 4759 gessit
1883 4708 1900 4740 ι
1936 4689 1994 4744 in

418 4790 581 4828 manu
624 4773 838 4828 occulta
861 4772 927 4837 ”,
964 4793 981 4823 ι
1031 4773 1175 4830 sicut
1200 4774 1467 4846 scriptum
1504 4788 1619 4845 est;
1646 4788 1704 4835 et
1733 4799 1750 4831 ‹
1787 4784 1991 4837 Arcum

417 4879 577 4919 suum
606 4865 859 4929 intendit,
882 4874 937 4920 et
958 4854 1170 4935 paravit
1194 4867 1370 4933 illum,
1396 4870 1618 4942 sagittas
1644 4888 1772 4928 suas
1796 4874 1994 4929 arden-

418 4956 567 5011 tibus
592 4958 778 5015 effecit
796 4959 861 5024 ιο,
899 4978 917 5009 ι
944 4966 1002 5014 et
1029 4958 1228 5031 dejecit
1248 4961 1603 5033 principatus,
1632 4965 1991 5036 triumphavit

410 5049 710 5119 potentias,
750 5050 1063 5106 deturbatit
1101 5052 1525 5121 dominationes,
1555 5066 1612 5111 et
1646 5072 1761 5121 eos,
1796 5058 1891 5128 qui
1933 5059 1989 5113 in

411 5148 565 5194 terra
587 5148 763 5204 erant,
785 5156 909 5196 cum
931 5142 1127 5213 captivi
1151 5152 1488 5210 tenerentur.
1510 5147 1783 5203 liberavit.
1804 5149 1993 5206 Fuisse

415 5240 601 5288 autem
625 5230 731 5287 hoc
754 5232 875 5303 ejus
906 5234 1108 5291 bellum
1134 5251 1244 5293 nou
1269 5239 1764 5311 spectabile‘atque
1791 5257 1990 5312 corpo-

418 5335 596 5386 reum,
645 5335 824 5392 neque
872 5324 1139 5394 ejusmodi
1174 5337 1383 5385 etcum
1432 5345 1597 5387 carne
1628 5342 1686 5387 et
1724 5333 1992 5404 sanguine

412 5421 719 5485 gereretur,
747 5414 976 5472 indicari
1009 5419 1225 5476 videtur
1248 5436 1348 5491 per
1372 5421 1623 5493 tenigma,
1666 5420 1723 5477 in
1753 5438 1823 5479 eo
1842 5424 1990 5495 quod

489 5597 533 5672 ξ
555 5599 791 5672 Philipp.
815 5618 873 5667 ιι,
898 5603 949 5659 7.
1020 5604 1066 5637 ³⁸
1086 5604 1243 5659 Juan.
1266 5566 1526 5671 “111,36.
1601 5608 1645 5641 ³⁸
1669 5564 1840 5667 Exod.
1866 5564 2028 5667 xxviii

418 5666 656 5723 “Exod.
688 5666 850 5739 inim,
886 5674 971 5727 tl.
1046 5676 1091 5707 δθ
1109 5675 1249 5731 Psal.
1285 5666 1503 5745 “1,13,
1538 5678 1626 5734 14.

2098 4537 2233 4585 σεις,
2268 4540 2286 4574 ι
2320 4519 2473 4592 φησί.
2519 4520 2918 4589 Στρατιωτικδν
2944 4519 3000 4572 δὲ
3036 4520 3114 4591 τῷ
3149 4518 3360 4593 ’Δαρὼν
3382 4522 3444 4574 τὸ
3464 4522 3673 4593 σχῆμα,

2096 4611 2316 4682 ζωστήρ
2342 4628 2400 4664 τε
2440 4610 2532 4663 καὶ
2572 4610 2792 4680 κράνος·
2833 4612 2891 4663 ἑν
2938 4609 3068 4663 εἴδει
3098 4611 3209 4682 γάρ
3250 4629 3365 4676 πως
3396 4614 3429 4683 ἡ
3463 4612 3679 4685 κίδαρις

2095 4702 2174 4774 τῷ
2201 4701 2383 4773 τοιῷδέ
2418 4702 2554 4755 ἐστι.
2582 4700 2935 4771 Πεπολέμηκε
2962 4703 3071 4775 γὰρ
3099 4704 3241 4775 ὑπὲρ
3263 4704 3418 4776 ἡμῶν
3458 4706 3488 4758 ό
3535 4704 3678 4777 Χρι-

2100 4793 2225 4857 στὸς
2270 4810 2291 4840 ι
2329 4793 2389 4844 ὲν
2423 4795 2567 4867 χειρὶ
2611 4794 2885 4865 κρυφαία,
2919 4813 2938 4846 ι
2986 4794 3126 4847 κατὰ
3166 4795 3228 4847 τὸ
3265 4796 3675 4865 γεγραμμένον,

2097 4883 2191 4937 καὶ
2227 4901 2245 4933 ι
2274 4882 2348 4936 Τὸ
2377 4884 2528 4949 τόξον
2570 4884 2737 4939 αὑτοῦ
2782 4885 3038 4950 ἐνέτεινε,
3068 4885 3164 4939 καὶ⁵
3195 4885 3493 4956 ἡτοίμασεν
3520 4885 3674 4953 αὐτὸ,

2094 4973 2164 5027 τὰ
2194 4971 2324 5044 βέλη
2366 4974 2534 5028 αὑτοῦ
2577 4978 2688 5040 τοῖς
2733 4975 3045 5047 καιομένοις
3095 4976 3477 5048 ἐξειργάσατο,
3519 4996 3540 5031 ι
3578 4981 3678 5032 καὶ

2092 5062 2341 5119 καθεῖλεν
2377 5064 2553 5137 ἀρχὰς
2576 5106 2591 5130 ,
2624 5065 3024 5138 τεθριάμσευκε
3052 5067 3345 5137 δυνάμεις,
3389 5068 3677 5122 κατέσεισε

2092 5156 2437 5227 κυριότητας,
2467 5158 2568 5212 καῖ
2577 5157 2954 5230 αἰχμαλώτους
2968 5160 3126 5224 ὄντας
3138 5160 3410 5232 ἐρρύσατο
3428 5163 3556 5225 τοὺς
3577 5161 3674 5215 ὲπὶ

2091 5247 2190 5316 τῆς
2210 5246 2334 5315 γῆς.
2367 5246 2490 5300 Ὀτι
2515 5247 2572 5300 δὲ
2607 5249 2705 5319 οὐκ
2731 5249 2926 5321 ὁρατὸς
2951 5249 2984 5321 ἦ
3018 5250 3195 5321 παχὺς
3218 5254 3247 5305 ό
3269 5251 3527 5323 πόλεμος,
3554 5251 3679 5307 οὐδὲ

2090 5330 2204 5391 οἷον
2225 5336 2362 5408 πρὸς
2384 5332 2524 5410 αἷμα
2548 5340 2643 5393 καὶ
2667 5341 2868 5414 σάρκα,
2902 5341 3125 5412 γέγονεν
3151 5342 3320 5413 αὐτῷ,
3350 5344 3678 5414 amatur;

2088 5429 2267 5485 ἔοικεν
2293 5432 2708 5502 αἰνιγματωδῶς
2742 5432 2804 5487 τὺ
2846 5435 2911 5487 ἑκ
2942 5433 3143 5505 βύσσου
3182 5435 3354 5507 μόνης
3396 5436 3499 5505 τῆς
3532 5435 3675 5505 ἄγαν

2036 5652 2050 5679 ,
2077 5611 2165 5669 58.
2225 5612 2271 5646 ³⁶
2303 5613 2437 5668 ibid.
2515 5613 2557 5646 "
2589 5613 2778 5671 Matth.
2807 5616 3042 5682 “11,29.
3107 5616 3339 5673 "Exod.
3364 5632 3547 5681 xavur,
3569 5614 3663 5673 39.
