3996 6212
324 246 433 304 759

1036 245 1127 300 DE
1152 243 1593 302 ADORATIONE
1628 243 1696 299 IN
1728 240 1998 299 SPIRITU
2036 240 2126 297 ΕΤ
2154 239 2524 296 VERITATE.
2562 239 2693 295 LIB.
2734 238 2824 294 XI.

3495 240 3595 295 730

329 365 515 437 ίσχνῆς
564 364 667 436 τὴν
700 362 1003 435 πολεμικὴν
1039 363 1297 433 γενέσθαι
1342 362 1565 433 σκευὴν,
1604 362 1818 433 κίδαρίν
1859 379 1919 415 τε

2036 376 2090 416 ax
2116 339 2278 432 bysso
2312 368 2544 425 tantum,
2569 376 2690 430 quae
2709 360 2927 414 subtilis
2947 367 3031 414 est
3065 358 3382 425 admodum,
3411 361 3597 415 confc-

327 457 649 528 xal.(rbvnv.
681 457 888 527 Κόσμῳ
933 457 1033 527 μὲν
1061 451 1155 510 οῦν
1202 457 1523 528 ίεροπρεπεῖ
1559 454 1811 527 λαμπρόν
1853 470 1910 507 τε

326 548 424 603 xal
440 547 774 617 ἀξιάγαστον
793 546 1087 618 ὑποφαίνει
1108 546 1199 601 τῦν
1230 546 1462 619 Ἀαρών.
1484 546 1915 617 Προσεπιτάττει

326 645 385 697 δὲ
422 641 618 710 λέγων’
663 660 682 692 ι
714 641 826 695 Kal
851 644 965 704 τοῖς
995 641 1130 704 υἱοῖς
1169 639 1383 711 ’Δαρὼν
1413 643 1663 710 ποιήσεις
1684 638 1918 709 χιτῶνας

329 734 427 788 καὶ
457 732 669 798 ζώνας,
716 731 809 786 καὶ
840 730 1081 802 κιδάρεις
1122 732 1373 802 ποιήσεις
1414 730 1600 794 αὐτοῖς
1636 730 1715 792 είς
1752 729 1917 800 τιμὴν

331 823 426 876 καὶ
460 821 640 886 δόξαν.
688 820 801 874 Kal
848 818 1093 883 ὲνδύσεις
1121 819 1263 874 αύτά
1300 817 1512 890 Ἀαρὼν
1557 817 1648 872 τὸν
1691 818 1918 887 ἀδελφόν

334 932 453 980 σου,
500 914 595 966 καὶ
620 912 747 975 τοὺς
773 911 924 977 υἱοὺς
950 911 1120 965 αὐτοῦ
1158 912 1278 982 μετ’
1320 909 1509 965 αὑτοῦ.
1559 909 1670 964 Kal
1709 909 1916 980 χρίσεις

329 1005 551 1068 αὐτοὺς,
577 1006 674 1058 καὶ
702 1003 1009 1075 ἐμπλήσεις
1039 1003 1218 1058 αὐτῶν
1258 1003 1357 1067 τὰς
1379 1005 1569 1074 χεῖρας
1590 1040 1605 1064 ,
1637 1001 1733 1054 καὶ
1762 1000 1921 1069 ἁγιά-

334 1112 452 1159 σεις
479 1096 699 1159 αὐτοὺς,
726 1094 815 1148 ἵνα
844 1092 1170 1165 ἱερατεύωσί
1193 1110 1304 1164 μοι.
1337 1094 1447 1147 Kal
1471 1093 1719 1164 ποιήσεις
1740 1091 1921 1153 αὐτοῖς

335 1185 639 1259 περισκελῆ
658 1185 778 1238 λινᾶ
799 1185 1040 1254 καλύψαι
1062 1182 1453 1255 ἀσχημοσύνην
1476 1183 1687 1254 χρωτὸς
1710 1181 1889 1236 αὐτῶν
1904 1221 1919 1245 ,

333 1279 447 1333 ἀπὸ
474 1277 673 1349 ὀσφύος
701 1277 806 1342 ἕως
838 1276 1032 1348 μηρῶν
1059 1275 1234 1331 ἔσται.
1254 1275 1364 1330 Kal
1387 1276 1500 1342 ἔξει
1543 1275 1755 1347 Ἀαρὼν
1783 1273 1924 1327 αὐτὰ

334 1370 435 1425 καὶ
464 1371 513 1423 oi
547 1369 655 1423 υἱοὶ
682 1368 848 1422 αὑτοῦ
870 1410 885 1431 ,
916 1369 1047 1423 ὅταν
1082 1367 1513 1438 εἰσπορεύωνται
1541 1369 1621 1431 εἰς
1653 1366 1749 1437 τὴν
1785 1383 1922 1436 σκη-

229 1452 235 1455 ’
336 1461 435 1531 νὴν
463 1459 555 1514 τοῦ
593 1459 919 1531 μαρτυρίου,
943 1458 978 1530 ἢ
1012 1458 1142 1512 ὅταν
1170 1457 1656 1530 προσπορεύωνται
1682 1457 1925 1528 λειτουρ-

336 1555 455 1622 γεῖν
485 1550 623 1622 πρὸς
665 1551 726 1604 τὸ
771 1551 1158 1621 θυσιαστήριον
1193 1549 1288 1603 τοῦ
1338 1549 1514 1619 ἁγίου.
1561 1550 1671 1604 Kal
1701 1550 1802 1602 ούκ
1828 1551 1926 1602 ἑπ-

341 1642 562 1705 άξονται
594 1639 731 1711 πρὸς
769 1640 995 1703 ἑαυτοὺς
1027 1640 1322 1711 ἁμαρτίαν,
1353 1639 1438 1694 ἵνα
1474 1639 1548 1710 μή
1590 1638 1923 1693 ἀποθάνωσι.

2016 458 2163 505 ctum
2181 460 2266 507 est
2280 450 2536 506 bellicum
2567 449 3250 515 instrumentum,cidaris,
3275 448 3519 527 inquam,
3543 458 3598 503 et

2017 559 2174 597 zona.
2205 543 2374 599 Sacro
2408 543 2576 615 igitur
2618 551 2817 597 ornatu
2856 540 3067 596 clarum
3118 549 3284 611 atque
3314 539 3597 593 admiran-

2016 633 2146 689 dum
2183 634 2425 689 ostendit
2449 635 2651 688 Aaron.
2693 633 2960 703 Praecepit
2999 639 3185 687 autem
3219 632 3477 701 insuper,
3513 630 3594 683 dic

2016 742 2147 781 cens
2183 744 2195 779 :
2242 745 2259 777 ι
2302 726 2369 780 Et
2405 725 2535 779 ﬁliis
2569 726 2750 780 Aaron
2778 724 2945 780 facies
2972 723 3189 779 tunicas
3219 732 3276 778 et
3307 737 3510 776 zonas:
3545 733 3603 776 et

2018 818 2233 874 cidares
2266 817 2435 872 facies
2460 817 2613 888 ipsis”,
2648 817 2704 870 in
2737 817 3002 872 honorem
3041 828 3097 871 et
3125 815 3354 885 gloriam
3392 833 3404 868 :
3435 824 3486 870 et
3514 813 3600 867 in-

2018 913 2155 967 dues
2183 912 2266 966 eis
2313 912 2499 966 Aaron
2540 909 2766 964 fratrem
2819 917 2996 973 tuum,
3040 916 3096 962 et
3145 908 3288 962 ﬁlios
3315 908 3435 978 ejus
3480 916 3603 977 post

2019 1020 2169 1060 eum.
2194 1004 2264 1058 Et
2296 1017 2470 1072 unges
2497 1016 2612 1063 eos,
2662 1009 2718 1054 ct
2766 999 3023 1069 implebis
3073 1014 3268 1054 manus
3290 1014 3506 1063 eorum,
3547 1008 3605 1052 rt

2021 1090 2395 1147 sanctiﬁcabis
2418 1105 2533 1154 eos,
2586 1096 2647 1143 ut
2674 1087 2983 1142 sacerdotio
3024 1086 3320 1158 fungantur
3346 1087 3503 1142 mihi.
3536 1089 3605 1142 lit

2022 1184 2191 1240 facies
2211 1183 2320 1238 illis
2343 1180 2625 1236 femoralia
2664 1180 2831 1243 linea,
2855 1189 2915 1233 ut
2935 1179 3186 1249 operiant
3209 1179 3603 1250 turpitudinem

2024 1276 2274 1346 corporis
2304 1274 2430 1341 sui;
2461 1290 2495 1329 a
2520 1274 2725 1328 lumbis
2773 1289 2948 1342 usque
2980 1271 3046 1326 ad
3088 1271 3292 1327 femora
3315 1280 3515 1326 erunt:
3550 1282 3607 1325 ιι

2023 1367 2265 1438 portabit
2320 1382 2385 1421 ea
2436 1366 2617 1420 Aaron
2671 1374 2728 1419 et
2766 1363 2865 1418 ﬁlii
2886 1365 3025 1435 ejus,
3054 1380 3178 1419 cum
3232 1363 3607 1435 ingredientnr

2024 1457 2083 1511 in
2108 1455 2521 1510 tabernaculum
2551 1453 2873 1517 testimonii,
2906 1462 3001 1507 aut
3030 1469 3153 1507 cum
3186 1454 3605 1524 proﬁciscentur

2024 1547 2093 1601 ad
2120 1546 2545 1602 ministrandum
2562 1545 2635 1600 ad
2656 1545 2829 1599 altare
2854 1544 3338 1611 sanctiﬁcationis;
3368 1545 3531 1621 390
3550 1556 3608 1600 et

2028 1654 2136 1693 non
2165 1638 2431 1694 inducent
2476 1638 2581 1693 sibi
2633 1637 2767 1708 ipsis
2814 1648 3124 1707 peccatum,
3160 1655 3230 1694 ne
3263 1639 3605 1706 moriantur;

340 1733 592 1803 Νόμιμον
632 1728 849 1782 αἰώνιον
876 1728 1027 1800 αὐτῷ
1082 1729 1180 1783 καὶ
1207 1729 1285 1800 τῷ
1307 1730 1586 1800 σπέρματι
1611 1726 1776 1782 αὐτοῦ
1810 1729 1927 1798 μετ’

2036 1729 2334 1801 legitimum
2385 1730 2781 1800 sempiternum
2836 1730 2940 1800 ipsi
2988 1739 3046 1785 et
3088 1730 3283 1785 semini
3334 1731 3455 1802 ejus
3484 1740 3609 1801 post

340 1825 530 1878 αὐτόν.
560 1842 580 1875 ι
624 1823 784 1895 Ὁρᾷς
809 1822 890 1875 ὅτι
909 1823 1005 1876 καὶ
1029 1822 1214 1886 αὐτοῖς
1240 1823 1350 1885 τοῖς
1378 1820 1438 1887 ἐξ
1476 1818 1685 1891 ’Λαρὼν
1713 1819 1925 1891 ἐμπρέ-

341 1933 437 1987 πει
465 1916 547 1981 τὸ,
579 1915 657 1980 ὡς
690 1915 749 1968 ἓν
780 1931 846 1982 γε
876 1913 955 1986 τῷ
980 1913 1263 1985 πολεμικῷ
1297 1912 1635 1984 καθορᾶσθαι
1661 1913 1924 1987 σχήματι.

342 1985 601 2079 Μάχιμον
629 2005 740 2077 γὰρ
767 2004 827 2059 τὸ
858 1985 1001 2077 ἱερὸν
1027 2002 1175 2058 ἅπαν
1200 2004 1320 2056 ἐστὶ
1352 2002 1537 2072 γένος,
1580 2001 1669 2056 καὶ
1700 1985 1757 2056 ού
1788 2000 1928 2071 πρὸς

342 2094 485 2171 αἷμα
510 2099 608 2155 καὶ
626 2099 803 2167 σάρκα
826 2094 1217 2170 στρατεύεσθαί
1239 2112 1298 2149 τε
1319 2097 1413 2149 καὶ
1430 2095 1745 2165 ἀντεξάγειν
1766 2094 1925 2157 εἱδὸς,

346 2191 483 2247 ἀλλά
526 2190 628 2262 τῆς
665 2188 894 2262 βεϐήλου
938 2184 1313 2242 κατακωλύειν
1352 2184 1648 2256 ἁμαρτίας,
1690 2183 1930 2255 ἑμερανὲ-

348 2280 521 2335 στατά
549 2296 609 2333 τε
652 2279 748 2332 καὶ
786 2277 1019 2347 λογικῶς
1045 2276 1157 2331 τῶν
1195 2275 1297 2346 τῆς
1337 2273 1597 2346 ἀληθείας
1643 2274 1931 2345 δογμάτων

348 2370 823 2443 ὑπερμαχόμενον,
847 2370 941 2423 καὶ
961 2367 1363 2441 αίχμαλωτίζον
1390 2369 1497 2421 πᾶν
1521 2366 1701 2436 νόημα
1728 2367 1809 2429 είς
1835 2364 1931 2437 τήν

348 2460 598 2531 ὖπακοὴν
625 2458 718 2513 τοῦ
745 2457 982 2531 Χριστοῦ
1007 2501 1021 2525 ,
1064 2457 1209 2512 καθά
1241 2458 1571 2529 γέγραπται.
1600 2454 1932 2527 Περισκελές

348 2569 409 2607 τε
433 2550 615 2605 λινοῦν
638 2551 844 2615 αὐτοῖς,
867 2549 928 2605 τὸ
949 2549 1182 2614 ἀκαλλὲς
1204 2567 1266 2603 τε
1290 2549 1384 2603 καὶ
1407 2548 1653 2619 ἄσχημον
1668 2547 1777 2601 τῶν
1805 2546 1934 2617 περὶ

349 2642 561 2717 μηροὺς
596 2642 959 2708 κατασκιάζον
1007 2637 1066 2697 εῦ
1106 2641 1273 2712 μάλα.
1308 2640 1490 2712 Σεμνά
1526 2639 1636 2710 γὰρ
1678 2633 1737 2693 εὖ
1785 2637 1933 2708 μάλα

351 2737 533 2790 πάντα
570 2734 640 2789 τὰ
669 2732 779 2787 τῶν
806 2733 1000 2802 ἁγίων,
1030 2734 1125 2787 καὶ
1153 2724 1402 2804 ἄσχημον
1431 2733 1490 2785 ὲν
1521 2731 1705 2794 αὐτοῖς
1737 2728 1893 2782 οὐδέν
1914 2744 1928 2757 ·

349 2825 715 2898 ὖποσημαίνει
741 2825 799 2879 δέ
830 2842 948 2890 πως
993 2825 1053 2879 τὸ
1091 2823 1273 2878 λινοῦν
1314 2825 1428 2888 τοῖς
1471 2823 1801 2893 περιμηροῖς
1837 2818 1933 2874 τοῦ

351 2918 607 2990 σώματος
672 2918 900 2989 μέρεσιν
955 2915 1410 2989 ἐπενηνεγμένον,
1454 2916 1538 2968 ὅτι
1592 2916 1703 2976 τοῖς
1755 2913 1935 2983 ἁγίοις

350 3009 780 3083 πρεπωδεστάτη
809 3009 917 3063 τῶν
947 3010 1046 3082 τῆς
1081 3009 1283 3081 σαρκὸς
1319 3007 1526 3080 ἡδονῶν
1559 3007 1593 3078 ἡ
1633 3005 1931 3077 ἀπόψυξις⁶

351 3069 559 3174 clm»
587 3103 696 3174 γὰρ
723 3069 785 3155 τῦ
813 3069 1131 3155 λινοῦνί-Τὸ
1155 3069 1218 3154 δὲ
1252 3069 1455 3173 θερμὸν
1488 3102 1567 3164 είς
1581 3069 1801 3172 ’ὀρέξεις
1829 3069 1934 3162 τὰς
1959 3069 2004 3127 c

355 3196 784 3268 μυσαρωτάτας,
817 3194 962 3248 ὁσίου
995 3192 1195 3257 παντὸς
1222 3192 1520 3266 ἀλλότριον.
1568 3191 1662 3246 Ἐκ
1697 3191 1842 3245 λίνου
1875 3189 1931 3243 δὲ

353 3289 451 3342 καὶ
495 3288 695 3360 ἑτέρως
729 3290 843 3351 τοῖς
879 3286 1123 3360 ἱερᾶσθαι
1169 3285 1448 3356 λαχοῦσιν,
1499 3285 1682 3355 ἀμφιά
1725 3300 1786 3337 τε
1837 3282 1932 3336 καὶ

353 3381 674 3454 περισκελῆ.
706 3379 936 3453 Naupth
961 3379 1072 3448 γάρ
1110 3378 1290 3450 ἔργων
1317 3378 1618 3448 ἀποφοιτᾷν
1635 3377 1933 3444 ἀναγκαῖον

354 3470 555 3536 αὐτούς
574 3487 589 3502 ’
618 3468 885 3542 σύμϐολον
900 3469 957 3523 δὲ
978 3469 1302 3541 νεκρότητος
1324 3468 1398 3531 ὡς
1421 3470 1485 3522 ὲκ
1512 3466 1811 3537 θνησειδίου
1839 3466 1936 3535 λη-

357 3562 516 3633 φθὲν,
535 3563 677 3635 φημὶ
696 3562 761 3635 δὴ
792 3561 1081 3634 προϐάτου.
1103 3559 1333 3632 Νεκρῶν
1344 3556 1438 3613 οῦν
1460 3558 1637 3631 ἔργων
1653 3558 1931 3623 ἀπόθεσις,

354 3655 436 3720 ὣς
469 3657 528 3710 ἐν
577 3655 730 3726 τύπῳ
764 3654 949 3718 πάλιν,
992 3654 1055 3708 τὸ
1090 3655 1204 3717 τοῖς
1235 3655 1301 3706 ἐκ
1340 3650 1485 3704 λίνου
1526 3649 1804 3712 ἐστάλθαι,
1840 3647 1937 3703 καὶ

358 3746 482 3818 ούχί
510 3745 578 3818 δὴ
610 3746 808 3819 μᾶλλον
852 3747 967 3810 τοῖς
994 3744 1055 3812 ἐξ
1097 3742 1263 3815 ἐρίων
1301 3740 1611 3810 ἐσθήμασι*
1656 3739 1751 3792 καὶ
1779 3737 1938 3792 τοῦτο

359 3840 525 3910 νόμος
548 3839 699 3908 ἅγιος
725 3840 753 3892 ὁ
781 3838 1052 3908 διηνεκής.
1092 3835 1321 3904 Ἐψεται
1347 3832 1404 3886 δὲ
1438 3833 1521 3886 ὃτι
1554 3831 1731 3897 πάντη
1759 3847 1818 3884 τε
1846 3830 1941 3884 καὶ

361 3932 583 3996 πάντως
602 3931 663 3985 τὺ
684 3928 1001 3984 ὲκτεθνάναι
1020 3927 1152 3991 δεῖν,
1172 3923 1477 3997 ⁴ἠμεληκόσι
1498 3923 1592 3977 τοῦ
1615 3921 1937 3995 πρέποντος,

359 4026 476 4083 Καὶ
502 4025 603 4097 τῆς
644 4025 727 4079 ὅτι
760 4020 995 4095 μάλιστα
1021 4017 1341 4091 πρεπούσης
1383 4014 1566 4079 αὐτοῖς
1611 4013 1942 4084 εὐκοσμίας,

360 4118 771 4191 διαμεμήνυκεν
801 4113 971 4169 εἰπὼν
993 4114 1023 4168 ὅ
1043 4130 1097 4166 τι
1142 4110 1250 4183 χρὴ
1282 4107 1582 4182 φοροῦντας
1615 4106 1939 4177 ἱερουργεῖν

362 4210 478 4264 Ka‘t
503 4210 605 4263 οὐκ
653 4207 943 4274 ἐπάξονται
963 4245 980 4272 ,
1015 4204 1182 4275 φησι,
1214 4202 1353 4274 πρὸς
1390 4198 1615 4261 ἑαυτοὺς
1647 4196 1942 4269 ἁμαρτίαν,

364 4300 453 4354 ἵνα
484 4298 562 4371 μὴ
592 4297 958 4352 ἀποθάνωσιν.

2032 1819 2212 1892 ipsum
2238 1821 2301 1876 “.
2342 1840 2360 1873 ι
2412 1821 2579 1878 Vides
2625 1822 2760 1892 ipsis
2805 1838 3026 1894 quoque
3061 1822 3189 1879 ﬁliis
3225 1824 3408 1879 Aaron
3446 1824 3609 1878 dero.

2029 1928 2152 1967 rum
2175 1928 2316 1976 esse,
2343 1912 2489 1982 quod
2532 1912 2730 1969 bellico
2762 1915 2958 1970 habitu
2982 1916 3160 1971 induti
3188 1916 3447 1971 videntur
3475 1934 3487 1968 :
3518 1932 3607 1972 sa-

2028 2004 2353 2059 crumenim
2402 2004 2539 2059 illud
2600 2019 2776 2076 genus
2817 2006 3135 2062 universum
3159 2015 3243 2062 cst
3280 2006 3347 2062 ad
3372 2023 3608 2078 pugnam

2029 2104 2237 2165 aptum,
2267 2110 2378 2151 non
2404 2095 2550 2165 quod
2610 2096 2878 2152 adversus
2914 2114 3138 2153 carnem
3183 2107 3240 2154 et
3285 2099 3607 2170 sanguinem

2030 2186 2233 2241 bellum
2266 2202 2457 2257 gerere
2486 2195 2542 2242 et
2567 2203 2831 2259 pugnare,
2866 2189 2963 2243 sed
2991 2190 3141 2260 quod
3168 2190 3443 2260 impurum
3477 2206 3609 2260 pec-

2031 2287 2211 2334 catum
2268 2279 2566 2349 reprimere
2595 2279 2782 2347 norit;
2828 2284 2941 2336 tum
2981 2283 3329 2353 apertissime
3367 2291 3424 2337 et
3484 2299 3611 2337 ora-

2033 2367 2199 2424 tionis
2242 2367 2457 2423 viribus
2502 2384 2603 2438 pro
2635 2369 2888 2425 veritatis
2932 2370 3204 2442 dogmatis
3256 2372 3609 2433 decertandi»,

2034 2467 2150 2514 tum
2186 2476 2319 2517 vero
2377 2477 2596 2518 omnem
2654 2462 3075 2534 intelligentiam
3128 2464 3198 2519 ad
3244 2463 3612 2521 obedientiam

2032 2552 2237 2608 Christi
2263 2553 2531 2624 captivam
2554 2554 2828 2620 ducendo,
2862 2555 3006 2612 sicut
3029 2556 3296 2626 scriptum
3319 2565 3405 2613 est
3427 2557 3493 2611 “.
3518 2557 3613 2612 Li-

2034 2661 2138 2701 nea
2156 2662 2320 2717 porro
2337 2647 2446 2701 illis
2466 2654 2595 2701 sunt
2616 2646 2922 2712 femoralia,
2946 2657 3007 2702 ut
3029 2646 3431 2704 deformitatem
3452 2657 3616 2720 atque

2035 2734 2455 2806 turpitudinem,
2487 2751 2610 2807 qum
2653 2735 2710 2790 in
2736 2735 3043 2793 femoribus
3066 2745 3172 2804 est,
3205 2738 3411 2810 optime
3431 2748 3619 2795 conte-

2035 2836 2182 2898 gant.
2217 2828 2351 2883 Nam
2377 2829 2583 2893 omnia,
2608 2844 2732 2900 quae
2744 2828 2816 2884 ad
2843 2837 3063 2884 sanctos
3087 2830 3387 2901 pertinent,
3437 2832 3618 2889 hone-

2037 2919 2276 2974 stissima
2304 2927 2455 2983 sunt,
2481 2919 2730 2991 nihilque
2760 2921 2817 2975 in
2845 2920 2954 2976 illis
2985 2929 3143 2992 turpe
3170 2922 3498 2978 estzlineum
3519 2941 3619 2981 au-

2039 3017 2148 3066 tem
2208 3010 2593 3066 indumentum
2638 3013 2889 3082 partibus
2938 3014 3190 3084 corporis
3224 3014 3369 3070 circa
3414 3015 3621 3070 femora

2038 3102 2323 3157 inductum
2370 3119 2544 3173 prope
2607 3104 2873 3171 insinuat,
2915 3106 3387 3177 refrigerationem
3443 3109 3622 3166 carnis

2037 3193 2380 3263 voluptatum
2407 3194 2642 3250 maxime
2666 3195 2864 3252 decere
2907 3207 3125 3254 sanctos
3160 3219 3173 3253 :
3208 3200 3354 3256 linea
3385 3217 3621 3273 namque

2034 3285 2205 3340 vestis
2233 3285 2430 3357 frigida
2461 3295 2564 3341 cst.
2594 3289 2797 3345 Fervor
2811 3301 2996 3347 autem
3026 3294 3138 3359 ille,
3156 3309 3267 3364 quo
3296 3296 3623 3366 turpissima:

2036 3377 2399 3446 appetitiones
2444 3380 2775 3448 excitantur,
2805 3384 2875 3437 ab
2923 3401 3257 3456 unoquoque
3283 3388 3406 3455 viro
3431 3398 3623 3443 sancto

2035 3476 2121 3522 est
2167 3469 2400 3526 alienus.
2443 3472 2563 3529 Alia
2600 3489 2819 3544 quoque
2862 3475 3095 3540 ratione,
3140 3477 3232 3547 qui
3283 3479 3622 3534 sacerdotale.

2035 3573 2239 3614 munus
2267 3562 2447 3617 sortiti
2478 3573 2626 3630 sunt,
2642 3580 2837 3620 eorum
2876 3574 2934 3621 et
2953 3575 3136 3623 vestes
3165 3576 3223 3624 et
3247 3568 3529 3625 femoralia
3557 3587 3623 3626 ex

2036 3648 2151 3704 lino
2182 3649 2356 3716 fiunt;
2384 3654 2589 3709 etenim
2611 3654 2735 3710 illos
2769 3671 2801 3711 a
2824 3657 3058 3713 mortuis
3078 3660 3341 3728 operibus
3368 3661 3625 3718 recedere

2036 3756 2263 3798 necesse
2304 3754 2424 3811 est;
2476 3746 2691 3816 signum
2735 3759 2919 3805 autem
2959 3752 3313 3808 mortalitatis
3337 3763 3442 3819 est,
3475 3756 3623 3825 quod

2039 3848 2107 3888 ex
2135 3849 2366 3904 corpore
2392 3838 2662 3895 morituro
2691 3841 2949 3905 sumitur,
2977 3856 3045 3896 cx
3066 3858 3188 3907 ove,
3218 3843 3462 3914 inquam.
3493 3847 3627 3902 Esse

2040 3924 2211 3995 igitur
2251 3927 2432 3993 lineis,
2473 3945 2583 3984 non
2617 3930 2790 3985 laneis
2821 3932 3068 3986 vestibus
3094 3932 3368 3998 indutum,
3398 3934 3626 4006 ﬁgurate

2043 4017 2333 4082 signiﬁcat,
2363 4034 2531 4088 opera
2569 4028 2787 4076 mortua
2816 4022 3091 4093 deponere
3117 4041 3131 4077 :
3158 4038 3330 4095 eaque
3357 4026 3444 4081 lex
3473 4042 3628 4085 sanc-

2044 4117 2099 4163 ta
2127 4117 2212 4165 est
2266 4116 2432 4179 atque
2485 4121 2769 4182 perpetua.
2825 4114 2965 4170 Fore
2994 4121 3179 4170 autem
3221 4118 3447 4173 omnino
3472 4127 3554 4185 ut,
3580 4121 3627 4175 si

2044 4201 2184 4271 ejus,
2204 4200 2350 4271 quod
2386 4201 2600 4267 deceat,
2624 4213 2791 4273 atque
2811 4205 3136 4271 honestatis,
3167 4223 3288 4279 quae
3319 4209 3428 4265 illis
3455 4212 3628 4266 maxi-

2048 4306 2135 4345 me
2161 4291 2438 4357 convenit,
2462 4295 2798 4366 negligentes
2817 4296 2947 4363 sint,
2971 4313 3069 4353 eos
3097 4300 3288 4355 mortis
3312 4317 3472 4372 poma
3495 4319 3631 4358 cor.-

361 4396 649 4459 sequatur,
677 4386 962 4452 indicavit,
990 4401 1115 4441 cum
1160 4382 1323 4450 dixit,
1353 4380 1576 4438 indutos
1634 4396 1699 4437 ea
1728 4387 1884 4436 veste
1943 4382 2264 4443 sacriﬁcare
2322 4395 2621 4456 oportere:
2654 4389 2723 4446 Et
2772 4407 2884 4447 non
2935 4391 3218 4458 inducent,
3288 4393 3487 4466 inquit,
3524 4396 3629 4452 sili

365 4478 506 4551 ipsis
528 4486 836 4551 peccatum,
862 4493 932 4533 ne
969 4477 1296 4533 moriantur.

439 4571 648 4624 ΗΑΛΛ.
711 4567 981 4639 Ἀσφαλὴς
1002 4568 1032 4621 ὁ
1050 4567 1210 4637 νόμος
1234 4567 1295 4619 τὸ
1320 4565 1537 4653 ἑκάστῳ
1577 4563 1856 4630 λυσιτελὲς
1888 4563 1935 4620 εἰ

2124 4570 2321 4629 PALL.
2349 4572 2522 4630 Cauta
2552 4589 2616 4630 ac
2632 4574 2859 4646 provida
2882 4577 2969 4633 lex
2992 4586 3096 4644 est,
3116 4594 3260 4644 cum,
3283 4581 3415 4651 quid
3434 4583 3635 4653 cuique.

371 4659 521 4733 μάλα
550 4657 908 4721 καταδεικνὺς
929 4696 943 4719 ,
994 4656 1090 4712 καὶ
1124 4656 1193 4710 τὰ
1223 4654 1291 4709 δι’
1320 4647 1394 4709 ὧν
1420 4655 1618 4726 ἄριστα
1655 4655 1771 4728 ἔχοι
1799 4656 1948 4728 σαφῆ

368 4753 653 4816 καθιστάς.

440 4844 607 4899 ΚΥΡ.
642 4835 772 4897 Ὧδε
796 4843 929 4915 ἔχει·
960 4842 1056 4897 καὶ
1094 4841 1252 4913 στολῇ
1286 4840 1384 4911 μὲν
1420 4842 1486 4912 τῇ
1511 4840 1688 4912 τοιᾷδε
1713 4840 1776 4894 τὸ
1808 4840 1951 4914 ἱερὸν

367 4937 467 4991 καὶ
525 4934 825 4990 ἁπόλεκτον
870 4933 1266 4989 κατακαλλύνει
1297 4934 1471 5003 γένος,
1508 4932 1725 5001 ἁγιάζει
1766 4931 1824 4986 δὲ
1858 4932 1952 4985 καὶ

368 5029 611 5100 ἑτέρως,
653 5027 729 5092 ὼς
759 5029 818 5081 ὲν
857 5028 987 5098 σκιᾷ
1017 5027 1115 5099 μὲν
1139 5026 1250 5089 ἔτι,
1292 5023 1431 5096 πλὴν
1474 5025 1533 5077 ὲν
1576 5023 1818 5097 Χριστῷ.
1855 5025 1893 5077 Γ
1897 5024 1952 5079 ἑο

369 5137 613 5191 γραπται
648 5120 757 5192 γάρ
787 5118 845 5173 δὲ
872 5119 988 5172 ὡὸίο
1037 5136 1057 5168 ι
1091 5119 1198 5173 Καὶ
1229 5116 1403 5172 ταῦτά
1432 5117 1578 5169 ἐστιν
1618 5115 1656 5172 ἀ
1705 5117 1951 5188 ποιήσεις

371 5214 578 5278 αὐτοῖς·
611 5212 838 5282 ἀγίασαι
864 5212 1063 5277 αὐτοὺς
1115 5211 1256 5266 ὥστε
1282 5209 1584 5284 ἱερατεύειν
1606 5227 1697 5282 μοι
1731 5210 1951 5275 αὐτοὺς,
2012 5220 2015 5223 ’

371 5300 521 5377 λήψῃ
552 5305 846 5377 μοσχάριον
874 5307 938 5358 ὲκ
960 5303 1098 5375 βοῶν
1120 5303 1200 5369 ἓν,
1224 5303 1318 5357 καὶ
1339 5302 1528 5375 κριοὺς
1547 5301 1642 5355 δύο
1666 5300 1951 5373 ἀμώμους,

370 5394 469 5449 καὶ
489 5394 690 5464 ἄρτους
713 5395 955 5468 ἀζύμους
987 5393 1402 5466 πεφυραμένους
1435 5395 1493 5446 ὲν
1522 5391 1706 5462 ἐλαίῳ,
1736 5393 1830 5445 καὶ
1862 5390 1955 5446 λά-

371 5503 514 5556 γανα
543 5483 729 5560 ἄζυμα
754 5487 1090 5563 κεχρισμένα
1129 5488 1187 5541 ἐν
1212 5485 1393 5557 ἐλαίῳ.
1426 5484 1713 5559 Σεμίδαλιν
1746 5487 1809 5539 ἐκ
1848 5502 1952 5540 πυ-

446 5672 492 5709 “
514 5672 688 5733 Exod.
720 5692 907 5746 xxvrn,
937 5676 1126 5736 40-43.
1204 5677 1258 5756 δέ
1297 5676 1341 5734 ll
1368 5674 1492 5734 Cor.
1547 5691 1601 5745 ι,
1641 5674 1694 5744 5,
1730 5674 1780 5730 6.

393 5782 429 5807 ,.

2048 4664 2322 4734 expediat,
2347 4667 2554 4737 Optime
2580 4667 2952 4733 demonstret,
2981 4678 3037 4724 et
3068 4687 3168 4742 per
3188 4664 3312 4743 qua:
3344 4689 3402 4730 se
3429 4677 3635 4746 optime

2051 4753 2284 4823 quisque
2307 4754 2513 4811 habere
2533 4756 2726 4825 possit,
2749 4758 3039 4828 perspidua
3065 4759 3247 4817 faciat.

2120 4841 2278 4898 ΟΥΕ.
2310 4843 2389 4898 Ita
2424 4852 2529 4901 est.
2564 4846 2845 4916 Ejusmodi
2885 4848 3054 4919 igitur
3100 4857 3253 4906 veste
3301 4867 3519 4908 sacrum
3579 4864 3637 4908 et

2050 4935 2288 4992 electum
2313 4952 2487 5007 genus
2517 4947 2785 5004 exornat;
2811 4940 2907 4995 sed
2941 4941 3046 4997 alia
3072 4942 3285 4999 ratione
3307 4944 3634 5009 sanctificat,

2058 5036 2120 5082 ut
2148 5028 2203 5084 in
2233 5029 2432 5086 umbra
2462 5029 2686 5101 quidem
2718 5031 2922 5091 adhuc.
2953 5033 3047 5088 sed
3082 5034 3136 5089 in
3181 5033 3404 5093 Christo
3432 5047 3633 5093 tamen.

2058 5119 2136 5176 lta
2170 5121 2339 5193 igitur
2370 5121 2640 5192 scriptum
2676 5119 2800 5183 est":
2844 5142 2863 5175 ι
2897 5124 2967 5180 Ει
2994 5125 3114 5182 haec
3136 5137 3286 5193 sunt,
3313 5145 3436 5200 qua:
3468 5130 3637 5185 facies

2065 5211 2181 5267 eis:
2210 5213 2582 5270 sanctiﬁcabis
2630 5202 2753 5295 eos,
2783 5221 2844 5270 ut
2868 5218 3177 5275 sacerdotio
3205 5220 3503 5291 fungantur
3537 5219 3638 5273 mi-

2059 5304 2150 5359 hi:
2182 5305 2420 5375 accipies
2475 5305 2711 5378 vitulum
2752 5321 2817 5361 ex
2852 5299 3032 5363 bobus
3077 5325 3246 5373 unum
3274 5351 3290 5374 ,
3325 5317 3381 5364 et
3435 5308 3639 5363 arietes

2058 5393 2197 5450 duos
2228 5395 2629 5474 immaculatos,
2653 5384 2709 5451 et
2736 5411 2906 5465 panes
2956 5412 3195 5466 azymos,
3228 5398 3352 5453 oleo
3406 5396 3553 5465 litos.
3582 5408 3641 5456 et

2059 5487 2250 5559 lagana
2305 5503 2512 5559 azyma,
2549 5494 2714 5543 uncta
2761 5488 2907 5553 oleo,
2967 5488 3207 5544 similam
3244 5504 3310 5544 ex
3359 5488 3636 5547 frumento
