3996 6212
354 322 463 385 ’15)

1066 320 1153 375 DE
1192 319 1633 377 ADORATIONE
1670 321 1739 378 IN
1783 320 2055 378 SPIRITU
2091 322 2180 378 ET
2219 320 2579 381 VERITATE
2643 325 2771 380 LIB.
2816 322 2914 381 XL

3528 333 3631 391 73$

354 436 652 513 θύρας”τῆς
681 438 887 510 σκηνῆς
918 432 1012 492 τοῦ
1046 438 1370 510 μαρτυρίου.
1402 439 1509 493 Καὶ
1529 438 1676 511 λήψῃ
1705 439 1814 494 ἀπὸ
1850 439 1930 493 τοί

2050 440 2315 511 sanguine
2342 442 2524 508 vituli,
2550 451 2606 498 et
2644 458 2818 514 pones
2844 460 3013 516 super
3061 446 3173 502 duo
3207 462 3415 504 cornua
3443 450 3632 505 altaris

346 534 585 602 αἵματος
619 529 712 586 τοῦ
734 530 1076 602 gemenda
1105 529 1291 601 θήσεις
1309 531 1402 585 ἐπὶ
1427 530 1538 585 τῶν
1571 530 1665 585 δύο
1696 530 1945 602 κεράτων

348 628 446 678 τσῦ
480 620 875 693 θυσιαστηρίου
908 617 987 691 τῷ
1013 618 1266 691 δακτύλῳ
1298 636 1415 675 σου.
1440 619 1514 675 Τὸ
1546 618 1602 673 δὲ
1624 620 1811 676 λοιπὸν
1836 622 1946 675 πᾶν

346 710 495 787 αἷμα
529 714 742 784 ἐκχεεῖς
786 711 939 783 παρα
957 711 1057 782 τὴν
1093 708 1250 779 βάσιν
1272 710 1365 764 τοῦ
1398 709 1809 783 θυσιαστηρίου.
1847 712 1946 768 καὶ

348 806 498 878 λήψῃ
531 806 639 859 πᾶν
666 803 729 858 th
764 804 932 875 στέαρ
962 803 1024 857 τὸ
1060 803 1154 857 ἐπὶ
1190 803 1290 872 τῆς
1333 802 1564 868 κοιλίας,
1602 802 1695 857 καὶ
1729 806 1822 861 τὸν
1856 805 1946 859 λο-

348 899 446 953 σδν
484 897 576 951 τὸν
626 898 720 951 ἐπὶ
764 894 858 949 τοῦ
887 896 1121 965 ἥπατος,
1154 895 1248 948 καὶ
1280 895 1406 958 τοὺς
1426 894 1520 949 δύο
1554 897 1808 969 νεφροὺς,
1848 898 1944 951 καὶ

344 990 410 1044 τὸ
430 989 598 1060 στέαρ
614 989 677 1042 τδ
696 988 782 1041 ἐπ’
801 986 1003 1046 αὐτῶν.
1025 987 1121 1041 καὶ
1148 986 1429 1060 ἐπιθήσεις
1451 988 1547 1041 ἐπὶ
1563 988 1621 1043 τὸ
1645 988 1943 1062 θυσιαστή-

348 1099 488 1154 ριον.
523 1082 605 1136 Τὰ
635 1082 692 1136 δὲ
725 1080 935 1153 κρέατα
968 1080 1062 1134 τοῦ
1106 1080 1333 1151 μόσχου,
1386 1082 1479 1135 καὶ
1526 1082 1584 1135 τὸ
1614 1081 1816 1154 δέρμα,
1848 1084 1945 1139 καὶ

344 1174 448 1246 τὴν
473 1173 677 1244 κόπρον
704 1171 1076 1235 κατακαύσεις
1105 1172 1240 1241 πυρὶ
1263 1172 1368 1239 ἔξω
1401 1173 1498 1242 τῆς
1538 1173 1899 1245 παρεμϐολῆς
1926 1192 1939 1203 ο

346 1265 625 1339 ἁμαρτίας
645 1264 755 1336 γάρ
780 1267 918 1319 ἐστι.
956 1263 1067 1316 Καὶ
1093 1264 1184 1318 τὸν
1208 1263 1362 1335 κριὸν
1393 1263 1539 1335 λήψῃ
1573 1265 1666 1318 τὸν
1697 1265 1812 1328 ἕνα,
1845 1266 1939 1318 καὶ

344 1355 701 1426 ἐπιθήσουσιν
737 1351 945 1422 Ἀαρὼν
964 1353 1058 1407 καὶ
1079 1354 1127 1406 οί
1166 1353 1273 1406 υἱοὶ
1298 1352 1464 1407 αὐτοῦ
1502 1352 1603 1416 τὰς
1624 1357 1815 1425 χεῖρας
1838 1355 1940 1408 αὐ-

342 1445 455 1500 τῶν
477 1447 571 1499 ἐπὶ
602 1444 702 1517 τήν
728 1443 971 1515 κεφαλὴν
1000 1444 1093 1499 τοῦ
1130 1443 1310 1517 κριοῦ,
1356 1446 1449 1500 καὶ
1489 1445 1720 1515 σφάξεις
1755 1447 1937 1514 αὐτὸν,

340 1537 442 1590 καὶ
479 1535 662 1591 λαϐὼν
716 1536 781 1590 τὸ
830 1529 970 1606 αἷμα
996 1539 1252 1607 προχεεξ
1280 1536 1419 1608 πρὸς
1460 1537 1518 1591 τδ
1553 1537 1940 1608 θυσιαστήριον

342 1627 550 1700 κύκλῳ,
589 1627 806 1682 καὶτὸν
842 1625 997 1699 κριὸν
1026 1626 1405 1699 διχοτομήσεις
1432 1627 1573 1682 κατᾶ
1607 1628 1743 1700 μέλη
1779 1643 1793 1657 ·
1845 1630 1940 1683 καὶ

343 1721 570 1786 πλυνεῖς
602 1719 673 1775 τὰ
706 1719 952 1775 ὲνδόσθια
981 1720 1076 1773 καὶ
1111 1722 1238 1784 τοὺς
1281 1720 1447 1785 πόδας
1478 1720 1651 1787 ὕδατι,
1690 1723 1783 1775 καὶ
1812 1724 1933 1776 ἑπι-

341 1781 682 1884 θήσειςνὲπὶ
731 1811 800 1866 τὰ
843 1781 1255 1883 διχοτομήματα
1302 1813 1399 1866 σὺν
1429 1781 1521 1882 *τῇ
1555 1781 1786 1885 κειραλῇ,
1839 1816 1932 1867 καὶ
1967 1781 2007 1834 Β

338 1905 582 1967 ἀνοίσεις
602 1903 723 1958 ὅλον
753 1903 845 1960 τὸν
868 1904 1023 1975 κριὸν
1055 1905 1148 1957 ἐπὶ
1173 1903 1235 1958 τὸ
1266 1903 1674 1977 θυσιαστήριον,
1707 1904 1932 1960 ὁλοκαύ-

340 2013 503 2066 τωμα
532 1995 609 2066 τῷ
630 1994 822 2065 Κυρίῳ
851 1996 930 2059 είς
957 1993 1134 2067 ὀσμὴν
1162 1994 1391 2060 εὐωδίας
1416 2011 1429 2027 ο
1466 1994 1721 2066 θυμίαμα
1743 1995 1934 2069 Κυρίῳ

339 2087 485 2142 ἐστί.
528 2088 637 2141 Καὶ
660 2085 806 2159 λήψῃ
829 2086 921 2141 τὸν
949 2087 1106 2159 κριὸν
1138 2086 1231 2141 τὸν
1263 2085 1541 2159 δεύτερον,
1602 2088 1697 2142 καὶ
1737 2088 1933 2160 ἐπιθήσ-

342 2196 431 2233 σει
479 2176 693 2250 Ἀαρὼν
720 2177 816 2232 xal.
859 2180 909 2231 οἱ
946 2178 1055 2232 υἱοὶ
1082 2177 1249 2233 αὐτοῦ
1278 2178 1377 2255 τὰς
1403 2181 1593 2250 χεῖρας
1626 2179 1806 2233 αὐτῶν
1840 2180 1934 2233 ἐπὶ

340 2269 444 2341 τὴν
469 2267 716 2337 κεφαλήν
744 2266 838 2321 τοῦ
869 2268 1048 2340 κριοῦ,
1075 2270 1170 2323 καὶ
1196 2267 1418 2338 σφάξεις
1440 2269 1625 2335 αὐτὸν,
1654 2271 1749 2323 κειὶ¹
1788 2269 1934 2341 λήψῃ

340 2360 438 2415 τοῦ
472 2360 708 2431 αἵματος
734 2360 927 2424 αὐτοῦ,
961 2360 1055 2414 καί
1098 2359 1382 2432 ἑπιθήσεις
1411 2362 1503 2413 ἐπὶ
1534 2360 1624 2414 τὸν
1647 2361 1802 2415 λοϐὸν
1836 2362 1932 2415 τοῦ

338 2452 482 2517 duo;
526 2452 740 2524 'Aapt‘ov
770 2453 865 2507 τοῦ
885 2450 1084 2517 δεξιοῦ,
1107 2452 1202 2507 καὶ
1238 2453 1330 2506 ἐπὶ
1360 2452 1419 2506 τὸ
1448 2453 1617 2523 ἄκρον
1634 2456 1733 2524 τῆς
1753 2451 1934 2519 δεξιᾶς

339 2545 548 2617 χειρὸς,
570 2536 668 2599 καλ
691 2545 785 2599 ἐπὶ
804 2544 862 2599 τὸ
882 2545 1050 2615 ἄκρον
1084 2544 1177 2598 τοῦ
1198 2544 1357 2609 ποδὸς
1388 2544 1480 2597 τοῦ
1511 2544 1709 2611 δεξιοῦ,
1730 2548 1823 2599 καὶ
1840 2545 1933 2599 ἐπὶ

337 2636 671 2702 τούςλοϐοὐς
690 2636 799 2691 τῶν
818 2635 974 2691 ὢτων
1002 2635 1111 2691 τῶν
1127 2635 1260 2689 υἱῶν
1276 2634 1444 2690 αὐτοῦ
1472 2636 1581 2689 τῶν
1601 2634 1813 2701 δεξιῶν,
1838 2636 1933 2691 καὶ

342 2730 439 2782 ἐπὶ
454 2728 524 2783 τὰ
552 2730 699 2801 ἄκρα
728 2728 838 2782 τῶν
861 2729 1064 2802 χειρῶν
1078 2727 1382 2782 αὐτῶντῶν
1407 2726 1615 2795 δεξιῶν,
1646 2728 1741 2781 καὶ
1758 2728 1850 2781 ἐπὶ
1867 2724 1935 2782 τὰ

339 2821 488 2892 ἄκρα
515 2820 625 2875 τῶν
663 2820 840 2877 ποδῶν
859 2820 1038 2877 αὐτῶν
1059 2820 1166 2873 τῶν
1182 2818 1390 2885 δεξιῶν.
1410 2819 1521 2873 Καὶ
1538 2818 1682 2890 λήψῃ
1706 2817 1813 2871 ἀπὸ
1838 2816 1931 2871 τοῦ

339 2913 575 2986 αἵματος
614 2912 709 2967 τοῦ
757 2912 1170 2984 θυσιαστηρίου,
1202 2912 1300 2966 καὶ
1334 2911 1441 2966 ἀπὸ
1474 2909 1571 2965 τοῦ
1612 2911 1795 2966 ελαίου
1829 2909 1934 2981 τῆς

340 3003 596 3074 κρίσεως,
626 3004 720 3057 καὶ
738 3005 919 3073 ρανεῖς
942 3004 1036 3057 ὲπὶ
1058 3001 1268 3075 Ἀαρὼν
1285 3003 1379 3056 καὶ
1394 3001 1487 3055 ὲπὶ
1502 3003 1600 3073 τὴν
1619 3000 1811 3073 στολήν
1831 3001 1930 3058 αὐ-

2049 529 2222 601 digito
2248 540 2373 598 tuo;
2431 532 2704 603 reliquum
2729 548 2862 588 vero
2913 534 3234 605 sanguinem
3268 535 3519 594 eﬁ‘uudes
3563 540 3630 594 ad

2045 621 2219 677 basim
2237 623 2456 679 altaris:
2478 631 2535 680 et
2556 626 2794 695 accipies
2819 627 3059 697 adipem,
3074 629 3267 698 quiest
3295 645 3461 701 super
3483 648 3621 687 ven-

2047 721 2155 778 tre,
2183 722 2241 769 et
2266 714 2511 785 pinnam,
2531 729 2654 786 quae
2674 724 2757 771 est
2776 732 2943 787 super
2961 721 3168 790 jecore,
3210 728 3266 775 et
3299 721 3440 777 duos
3471 739 3632 778 renes

2044 811 2102 859 et
2133 804 2373 875 adipem,
2398 807 2493 876 qui
2547 815 2633 861 est
2681 823 2849 879 super
2875 809 3029 879 ipsis,
3057 817 3114 865 et
3173 812 3426 883 impones
3462 829 3629 886 super

2044 893 2237 949 altare.
2294 893 2499 951 Carnes
2558 906 2741 951 autem
2799 898 2960 954 vituli
3011 911 3067 956 et
3120 904 3319 973 pellem
3350 912 3411 961 et
3440 905 3629 963 ﬁmum

2044 986 2338 1042 combures
2376 987 2485 1059 igni
2518 996 2673 1043 extra
2706 999 2918 1057 castra;
2955 1008 3055 1062 pro
3086 1005 3311 1063 peccato
3349 998 3497 1052 enim
3520 1009 3629 1054 est.

2044 1078 2111 1131 Et
2134 1077 2374 1148 accipies
2408 1078 2647 1134 arietem
2681 1097 2875 1145 unum,
2927 1090 2985 1137 et
3035 1083 3321 1154 imponent
3350 1087 3531 1142 Aaron
3571 1097 3631 1142 et

2046 1168 2141 1223 ﬁlii
2165 1170 2288 1239 ejus
2310 1185 2505 1225 manus
2531 1166 2661 1225 sua's
2702 1186 2868 1242 super
2907 1182 3071 1244 caput
3101 1173 3312 1239 arietis,
3331 1184 3387 1230 et
3422 1176 3621 1231 immo-

2043 1259 2184 1314 labis
2208 1276 2357 1323 cum,
2416 1267 2474 1314 et
2521 1270 2809 1333 acceptum
2852 1264 3176 1334 sanguinem
3216 1267 3622 1335 profundes'ad

2043 1349 2214 1403 altare
2243 1365 2343 1420 per
2366 1349 2692 1418 circuitum,
2722 1363 2779 1408 et
2801 1352 3031 1409 arietem
3054 1355 3432 1427 coneidesper
3456 1352 3625 1411 mem—

2043 1439 2163 1504 bra,
2211 1448 2268 1496 ct
2301 1441 2514 1497 lavabis
2554 1442 2820 1497 interiora
2857 1453 2914 1498 et
2940 1445 3109 1515 pedes
3141 1461 3307 1516 aqua,
3340 1452 3398 1501 et
3444 1446 3623 1517 impo-

2040 1547 2142 1586 nes
2166 1547 2333 1603 super
2362 1533 2857 1589 concisionescum
2882 1534 3061 1605 capite
3088 1553 3101 1589 :
3133 1546 3191 1591 et
3218 1535 3420 1591 oﬁeres
3448 1544 3622 1591 totum

2040 1622 2273 1678 arietem
2305 1640 2475 1696 super
2502 1625 2693 1690 altare,
2727 1625 3113 1681 holocaustum
3143 1627 3381 1682 Domino
3405 1628 3459 1680 in
3483 1627 3612 1682 odo-

2042 1730 2156 1769 rem
2191 1716 2503 1782 suavitatis,
2544 1716 2793 1772 incensio
2830 1736 2843 1772 :
2878 1726 2963 1773 est
2991 1718 3245 1773 Domino.
3279 1719 3346 1774 Et
3384 1719 3626 1791 accipies

2037 1811 2288 1874 arietem,
2320 1817 2375 1864 et
2412 1810 2897 1880 imponentAaron
2929 1821 2986 1866 et
3010 1811 3105 1865 ﬁlii
3136 1812 3255 1883 ejus
3283 1827 3477 1867 manus
3495 1827 3625 1867 suas

2036 1915 2204 1971 super
2219 1910 2383 1971 caput
2407 1901 2617 1967 arietis,
2646 1911 2701 1957 et
2723 1902 3035 1958 immolabis
3060 1918 3209 1968 eum,
3260 1916 3316 1959 et
3345 1919 3532 1959 sumes
3554 1904 3623 1959 de

2035 1991 2300 2063 sanguine
2319 1992 2488 2057 illius,
2507 2000 2562 2048 et
2578 2008 2749 2063 pones
2772 2008 2938 2063 super
2953 2001 3257 2048 extremum
3276 1992 3426 2048 auris
3443 1994 3633 2049 Aarort’

2035 2082 2262 2148 dextne,
2299 2093 2356 2138 et
2392 2099 2558 2154 super
2588 2085 2967 2140 summitatem
3010 2101 3207 2142 manus
3246 2088 3366 2157 ejus
3391 2087 3623 2155 dextrae,

2035 2183 2094 2229 et
2123 2189 2289 2244 super
2319 2176 2693 2230 summitatem
2753 2176 2911 2246 pedis
2940 2178 3062 2248 ejus
3120 2177 3325 2244 dextri,
3351 2188 3409 2236 et
3455 2196 3619 2250 super

2037 2272 2284 2320 extrema
2331 2267 2551 2321 aurium
2586 2267 2825 2321 ﬁliorum
2857 2268 2977 2338 ejus
3003 2268 3343 2335 dextrarum,
3372 2279 3427 2325 et
3459 2287 3625 2341 super

2038 2357 2384 2413 summitates
2407 2372 2673 2412 manuum
2704 2358 2952 2428 ipsorum
2976 2359 3315 2424 dexttarum,
3361 2371 3418 2417 et
3455 2378 3622 2433 super

2037 2450 2385 2506 summitates
2422 2449 2626 2521 pedum
2678 2451 2924 2521 ipsorum
2957 2451 3298 2507 dextrorum.
3341 2454 3410 2508 Et
3437 2468 3629 2517 sumes,

2035 2541 2105 2598 de
2132 2543 2420 2613 sanguine,
2449 2542 2544 2613 qui
2578 2550 2663 2598 est
2710 2558 2880 2614 super
2912 2543 3106 2610 altare,
3161 2553 3217 2600 et
3248 2544 3315 2600 de
3349 2545 3472 2601 oleo
3514 2563 3622 2601 un-

2037 2633 2262 2701 ctionis,
2304 2640 2361 2689 et
2381 2649 2637 2704 asperges
2679 2649 2847 2704 super
2888 2633 3093 2701 Aaron,
3127 2645 3185 2690 et
3235 2652 3401 2707 super
3426 2637 3620 2693 stolam

2035 2725 2177 2795 ejus,
2221 2735 2279 2781 et
2316 2740 2483 2797 super
2534 2724 2677 2781 ﬁlios
2705 2727 2847 2798 ejus,
2882 2736 2938 2782 et
2971 2728 3137 2798 super
3184 2729 3352 2784 stolas
3384 2729 3620 2786 ﬁliorum

2034 2818 2161 2890 ejus.
2184 2834 2312 2874 cum
2334 2818 2474 2889 ipso,
2507 2826 2562 2873 et
2593 2817 3028 2874 sanctiﬁcabitur
3057 2818 3172 2890 ipse
3188 2828 3243 2875 ct
3268 2821 3406 2875 stola
3429 2820 3620 2892 ipsius,

2034 2920 2091 2966 et
2112 2908 2217 2965 ﬁlii
2250 2912 2392 2981 ejus,
2423 2910 2650 2966 etstolaa
2679 2910 2915 2966 ﬁliorum
2949 2913 3069 2983 ejus
3112 2929 3237 2968 cum
3267 2928 3353 2967 eo.
3384 2913 3623 2987 Sangui-

2034 3017 2163 3057 nem
2185 3017 2319 3057 vero
2334 3000 2524 3058 arietis
2543 3001 2844 3072 profundes
2879 3003 2947 3058 ad
2967 3005 3141 3059 altare
3166 3020 3262 3077 per
3277 3004 3575 3061 circuitum
3603 3023 3620 3070 ;

337 3093 459 3159 τοῦ,
487 3098 581 3148 καί
603 3095 695 3151 ἐπὶ
719 3095 843 3159 τούς
867 3094 1018 3158 υἱοὺς
1046 3093 1212 3149 αὐτοῦ
1234 3094 1328 3148 καὶ
1352 3095 1442 3147 ἐπὶ
1468 3094 1567 3157 τὰς
1594 3092 1789 3159 στολὰς
1822 3091 1930 3146 τῶν

2036 3101 2093 3146 et
2120 3107 2304 3148 sumes
2324 3092 2394 3147 ab
2416 3091 2578 3164 393
2602 3092 2773 3147 ariete
2788 3092 3006 3164 adipem
3026 3096 3167 3167 ejus,
3187 3106 3244 3152 et
3262 3096 3502 3167 adipem,
3526 3097 3622 3170 qui

340 3186 477 3241 υἱῶν
500 3185 665 3240 αὐτοῦ
700 3186 819 3258 μετ’
856 3186 1042 3248 αὐτοῦ,
1076 3186 1168 3239 καὶ
1188 3184 1581 3254 ἁγιασθήσεται
1597 3184 1759 3247 αὐτὸς
1783 3185 1927 3255 καλή

341 3277 506 3349 στολὴ
527 3276 712 3339 αὐτοῦ,
744 3277 909 3331 καἱοὶ
932 3277 1038 3330 υἱοὶ
1062 3275 1227 3330 αὐτοῦ
1244 3276 1337 3330 καὶ
1352 3276 1409 3329 αἱ
1444 3275 1629 3329 στολαὶ
1661 3273 1768 3329 τῶν
1792 3273 1928 3327 υἱῶν

337 3369 529 3425 αὐτοῦ.
571 3370 643 3423 Τὸ
669 3368 725 3423 δὲ
785 3363 928 3441 αἷμα
964 3368 1059 3423 τοῦ
1091 3368 1247 3440 κριοῦ
1288 3373 1541 3441 προχεείς
1573 3370 1710 3440 πρδς
1740 3368 1797 3421 τὸ
1832 3367 1930 3421 θυ-

341 3462 661 3532 σιαστήριον
683 3461 890 3532 κύκλῳ,
923 3462 1016 3514 καὶ
1050 3461 1198 3533 λήψῃ
1224 3462 1333 3515 ἀπὸ
1359 3461 1453 3514 τοῦ
1492 3460 1649 3531 κριοῦ
1672 3461 1732 3514 τὸ
1762 3459 1927 3532 στέαρ

336 3552 530 3618 αὐτοῦ,
567 3553 663 3608 καὶ
698 3553 761 3607 τ’)
788 3554 960 3625 στέαρ
994 3552 1057 3607 τὸ
1081 3553 1503 3608 κατακαλύπτον
1547 3553 1646 3623 τὴν
1693 3551 1925 3615 κοιλίαν,

338 3644 434 3700 καὶ
474 3644 569 3698 τὸν
622 3644 782 3699 λοδδν
810 3644 907 3699 τοῦ
951 3646 1185 3716 ἥπατος,
1224 3645 1320 3699 καὶ
1371 3646 1497 3708 τούς
1537 3644 1633 3699 δύο
1669 3651 1925 3717 νεφροὺς,

339 3734 437 3788 καὶ
478 3734 541 3788 τὸ
574 3735 743 3807 στέαρ
788 3736 849 3789 τὸ
882 3736 974 3789 ὐπ’
1007 3735 1208 3799 αὐτῶν,
1255 3735 1468 3790 καὶτὸν
1520 3733 1785 3806 βραχίονα
1833 3734 1927 3788 τὸν

335 3823 511 3889 δεξιόν
533 3841 546 3854 ’
573 3825 690 3879 ἔστι
738 3825 849 3897 γὰρ
877 3826 1161 3890 τελείωσις
1190 3824 1333 3897 αὐτη
1362 3839 1375 3853 '
1415 3827 1510 3880 καὶ
1540 3827 1704 3898 ἄρτον
1734 3825 1831 3880 ἕνα
1866 3825 1927 3893 ἐξ

337 3917 521 3972 ὲλαίου
541 3958 557 3984 ,
591 3917 687 3972 καὶ
717 3916 953 3983 λάγανον
984 3918 1043 3972 ἓν
1076 3918 1183 3972 ἀπὸ
1217 3918 1313 3972 τοῦ
1350 3917 1514 3973 κανοῦ
1549 3918 1657 3973 τῶν
1699 3917 1925 3988 ἀζύμων

336 4007 449 4062 τῶν
494 4006 934 4078 προτεθειμένων
991 4009 1172 4063 ἔναντι
1227 4009 1458 4079 Κυρίου.
1502 4009 1612 4063 Καὶ
1644 4009 1925 4078 ἐπιθήσεις

337 4094 409 4148 τὰ
439 4096 613 4150 πάντα
638 4096 730 4150 ὲπὶ
755 4097 853 4160 τὰς
884 4099 1070 4168 χεῖρας
1113 4095 1345 4168 Ἀαρὼν,
1382 4097 1475 4152 καὶ
1502 4097 1593 4150 ἐπὶ
1621 4097 1720 4160 τὰς
1738 4100 1926 4168 χεῖρας

334 4185 448 4239 τῶν
477 4187 611 4242 υἱῶν
633 4188 822 4245 αὐτοῦ.
859 4191 970 4243 Καὶ
993 4191 1241 4262 ἀφοριεῖς
1270 4190 1409 4244 αὐτὰ
1433 4190 1715 4261 ἀφόρισμα
1744 4189 1923 4244 ἔναντι

338 4278 569 4349 Κυρίου,
596 4279 691 4332 καὶ
720 4280 867 4353 λήψῃ
898 4281 1040 4335 αὐτὰ
1086 4284 1153 4336 ἐκ
1196 4282 1303 4336 τῶν
1341 4281 1540 4353 χειρῶν
1573 4281 1774 4346 αὐτῶν,
1828 4281 1924 4335 καὶ

336 4367 577 4433 ἀνοίσεις
610 4370 702 4423 ἐπὶ
742 4371 802 4425 τὸ
840 4371 1231 4444 θυσιαστήριον
1264 4373 1363 4442 τῆς
1391 4372 1809 4437 ὁλοκαυτώσεως
1842 4376 1923 4439 είς

2029 3185 2209 3255 operit
2239 3193 2573 3249 ventrem,et
2599 3185 2826 3256 pinnam
2855 3187 3083 3258 jecoris,
3112 3190 3323 3253 etduos
3344 3206 3524 3257 renes,
3561 3200 3619 3246 et

2029 3276 2266 3347 adipem,
2285 3276 2381 3347 qui
2405 3292 2572 3348 super
2597 3285 2702 3341 est,
2724 3285 2781 3333 et
2803 3290 3018 3335 armum
3043 3280 3299 3337 dextrum
3331 3282 3437 3355 (est
3460 3284 3611 3339 enim

2026 3365 2430 3423 consummatio
2469 3364 2631 3437 haec),
2654 3376 2710 3422 et
2741 3383 2939 3439 panem
2981 3387 3152 3426 unum
3180 3387 3248 3427 ex
3286 3372 3429 3438 oleo,
3462 3384 3518 3428 et
3543 3374 3621 3431 la-

2029 3474 2234 3528 ganum
2260 3474 2431 3512 unum
2456 3459 2524 3519 de
2560 3459 2802 3515 canistro
2842 3477 3160 3533 azymorum
3212 3465 3620 3534 propositorum

2026 3557 2153 3604 ante
2174 3549 2551 3614 Dominum,et
2571 3550 2822 3614 impones
2845 3553 3028 3607 omnia
3058 3554 3113 3607 in
3134 3570 3330 3610 manus
3354 3555 3535 3612 Aaron
3565 3569 3623 3614 et

2027 3640 2081 3694 in
2099 3656 2294 3695 manus
2307 3640 2547 3697 ﬁliorum
2577 3645 2719 3715 ejus,
2746 3652 2804 3700 et
2836 3644 3123 3715 separabis
3138 3661 3201 3699 ea
3214 3647 3618 3717 separatioucm

2026 3749 2209 3787 coram
2234 3733 2491 3799 Domino,
2542 3744 2599 3790 et
2623 3751 2813 3793 sumes
2845 3752 2913 3792 ea
2946 3736 3014 3791 de
3043 3737 3299 3793 manibus
3329 3753 3542 3804 eorum,
3566 3749 3623 3795 et

2026 3823 2415 3897 oﬁ'eres’super
2438 3825 2609 3882 altare
2633 3826 2941 3883 holocausti
2976 3830 3032 3882 in
3071 3827 3295 3883 odorem
3335 3828 3622 3885 suavitatis

2025 3931 2208 3970 coram
2228 3915 2460 3972 Domino
2483 3936 2496 3971 :
2517 3917 2724 3973 oblatio
2739 3928 2823 3974 est
2847 3919 3100 3974 Domino.
3127 3920 3193 3975 Et
3218 3934 3402 3975 sumes
3424 3929 3618 3990 pectu-

2024 4008 2237 4062 sculum
2253 4007 2320 4062 ab
2344 4008 2517 4064 ariete
2529 4010 3207 4080 consummationis,‘quod
3231 4018 3313 4065 est
3334 4010 3537 4076 Aaron,
3562 4022 3620 4068 et

2023 4098 2305 4168 separabis
2329 4099 2462 4154 illud
2496 4101 2903 4170 scparationem
2936 4117 3121 4157 coram
3157 4101 3411 4165 Domino,
3437 4111 3491 4156 et
3512 4104 3618 4159 erit

2028 4190 2126 4246 tibi
2157 4184 2211 4245 in
2240 4200 2475 4263 partem,
2508 4202 2565 4246 et
2596 4192 2967 4249 sanctiﬁcabis
2993 4194 3375 4264 pectusculum
3419 4210 3616 4265 segre-

2025 4283 2325 4354 gationem,
2380 4293 2436 4339 et
2466 4300 2681 4339 armum
2725 4284 3115 4356 separatiouis,
3150 4286 3243 4356 qui
3282 4287 3498 4342 ablatus
3532 4295 3617 4340 cst

2027 4377 2096 4432 de
2123 4376 2298 4433 ariete
2329 4376 2819 4433 consummationis
2852 4377 2919 4432 ab
2953 4382 3137 4432 Aaron
3178 4387 3234 4434 ct
3266 4395 3295 4434 a
3324 4378 3450 4433 ﬁliis
3472 4380 3612 4448 ejus,

334 4459 518 4532 ὀσμὴν
548 4460 779 4525 εὐωδίας
824 4462 1005 4517 ἔναντι
1040 4464 1246 4535 Κυρίου
1270 4481 1285 4495 ’
1319 4464 1600 4535 κάρπωμά
1651 4466 1767 4520 ἐστι
1807 4468 1921 4519 Ku-

2033 4478 2082 4525 et
2103 4467 2212 4525 erit
2242 4467 2421 4523 Aaron
2449 4475 2504 4522 et
2541 4466 2670 4522 ﬁliis
2697 4468 2820 4539 ejus
2847 4466 3155 4537 legitimum
3210 4466 3610 4537 sempiternum

338 4551 462 4622 ρίῳ.
511 4553 623 4606 Καὶ
656 4551 800 4624 λήψῃ
834 4554 894 4607 τὸ
934 4553 1218 4625 στηθύνιον
1260 4554 1366 4607 ἀπὸ
1397 4554 1487 4607 τοῦ
1517 4553 1672 4627 κριοῦ
1701 4556 1803 4627 τῆς
1831 4573 1921 4609 τε.

336 4638 630 4705 λειώσεως,
664 4643 692 4697 ὅ
740 4644 888 4698 ἐστιν
938 4631 1186 4716 Ἀαρών,
1242 4648 1335 4700 καὶ
1367 4647 1615 4719 ἀφορεείς
1649 4648 1781 4701 αὐτὸ
1820 4651 1924 4719 ἀφ-

338 4731 541 4804 όρισμα
588 4735 768 4790 ἔναντι
806 4738 1035 4808 Κυρίου,
1079 4740 1174 4793 καὶ
1205 4739 1358 4793 ἔσται
1400 4759 1482 4794 σοι
1510 4743 1566 4793 ἐν
1599 4741 1795 4810 μερίδι,
1833 4742 1925 4795 καὶ

339 4823 592 4893 ἀγιάσεις
635 4825 696 4879 τὸ
736 4825 1020 4899 στηθύνιον
1059 4830 1363 4902 ἁφόρισμα,
1413 4832 1624 4886 καὶτὸν
1662 4832 1922 4903 βραχίονα

336 4912 434 4967 τοῦ
473 4916 871 4988 ἀφαιρέματος,
915 4919 974 4985 ὃς
1022 4921 1353 4995 ἀξώρισται,
1406 4924 1502 4978 καὶ
1538 4923 1596 4988 δς
1642 4924 1921 4997 ἀφῄρηται

334 5007 449 5064 ἀπὸ
472 5008 570 5061 τοῦ
607 5009 766 5081 κριοῦ
793 5011 893 5082 τῆς
919 5011 1253 5080 τελειώσεως
1288 5015 1397 5069 ἀπὸ
1434 5015 1526 5069 τοῦ
1564 5016 1777 5087 Ἀαρὼν
1830 5017 1924 5069 καὶ

336 5096 447 5150 ἀπὸ
467 5096 576 5152 τῶν
593 5098 724 5153 υίῶν
759 5102 947 5169 αὐτοῦ,
985 5105 1081 5158 καί
1106 5104 1262 5158 ἔσται
1294 5104 1506 5178 Ἀαρὼν
1530 5106 1626 5159 καὶ
1648 5108 1760 5170 τοῖς
1787 5107 1924 5170 υἱοῖς

337 5188 505 5244 αὐτοῦ
542 5191 769 5263 νόμιμον
799 5194 1013 5249 αἰώνιον
1051 5196 1205 5268 παρὰ
1232 5197 1341 5250 τῶν
1363 5197 1494 5251 υἱῶν
1527 5197 1774 5271 Ἰσραήλ’
1804 5198 1921 5253 ἐστι

337 5278 448 5349 γὰρ
474 5283 757 5355 ἀερόρισμα
782 5286 961 5350 τοῦτο,
1000 5288 1093 5343 καὶ
1121 5289 1405 5361 ἀραίρεμα
1441 5290 1592 5345 ἔσται
1633 5291 1784 5363 παρὰ
1814 5292 1922 5345 τῶν

337 5367 475 5422 υίῶν
519 5371 734 5445 Ἰσραήλ
771 5376 882 5428 ἀπὸ
918 5377 1027 5429 τῶν
1056 5377 1314 5447 θυμάτων
1351 5378 1458 5433 τῶν
1494 5382 1781 5452 σωτηρίων
1814 5381 1923 5434 τῶν

337 5462 470 5516 υἱῶν
508 5466 741 5539 Ἰσραὴλ,
779 5469 1066 5541 ἀφαίρεμα
1102 5472 1315 5543 Κυρίῳ.
1368 5490 1386 5523 ι
1427 5473 1536 5526 Καὶ
1571 5475 1692 5545 μετ’
1726 5472 1918 5543 ὀλίγα·

340 5571 363 5606 ε
404 5555 513 5607 Kal
542 5558 632 5611 τὸν
670 5560 827 5631 κριὸν
864 5563 963 5633 τῆς
993 5563 1325 5630 τελειώσεως
1356 5564 1521 5641 λήψῃ,
1557 5565 1653 5622 καὶ
1696 5567 1923 5640 ἐψήσεις

334 5644 410 5697 τὰ
443 5647 581 5715 κρέα
609 5650 671 5703 ἐν
696 5652 846 5724 τόπῳ
878 5654 1042 5726 ἁγίῳ,
1090 5656 1180 5710 καὶ
1232 5657 1437 5712 ἔδονται
1482 5657 1688 5731 Ἀαρών
1736 5661 1828 5714 καί
1867 5660 1917 5713 οἱ

412 5755 454 5789 ⁸⁷
489 5756 661 5817 Ελοά.
701 5777 846 5829 xm,
878 5761 1054 5819 Ιθ-ὅιί.

2030 4577 2062 4617 a
2095 4560 2224 4616 ﬁliis
2253 4560 2443 4627 Israel;
2469 4570 2554 4615 est
2581 4560 2729 4614 enim
2754 4559 3031 4631 separatio
3068 4559 3183 4615 Ita‘c
3218 4568 3274 4613 et
3305 4557 3550 4628 demptio
3583 4577 3613 4612 τι

2028 4652 2317 4707 sacriﬁciis
2348 4651 2684 4706 salutaribus
2712 4650 2951 4705 ﬁliorum
3000 4650 3185 4713 lsracl,
3221 4650 3465 4720 demptio
3502 4648 3611 4706 Do-

2029 4745 2199 4798 mino.
2227 4765 2243 4793 ι
2290 4744 2502 4814 Etpost
2538 4758 2747 4814 pauca:
2815 4764 2831 4794 ι
2861 4744 2926 4798 Et
2980 4744 3210 4799 arietem
3261 4756 3611 4798 consumma~

2029 4837 2193 4891 tionis
2227 4852 2432 4899 sumes,
2486 4847 2544 4891 et
2591 4852 2794 4906 coques
2842 4852 3037 4895 carnes
3067 4837 3122 4890 iu
3150 4836 3271 4890 loco
3315 4843 3526 4899 sancto,
3558 4842 3614 4890 et
3691 4866 3695 4870 -

2029 4928 2195 4982 edcnt
2227 4927 2409 4982 Aaron
2432 4938 2487 4982 et
2512 4928 2607 4982 ﬁlii
2629 4929 2750 4998 ejus
2780 4944 2974 4983 carnes
3005 4927 3197 4982 arietis
3221 4939 3275 4982 et
3300 4942 3490 4996 panes,
3516 4927 3610 4996 qui

2030 5027 2158 5072 sunt
2199 5018 2253 5072 in
2280 5018 2555 5085 canistro;
2593 5028 2649 5075 et
2679 5019 2746 5074 ad
2771 5021 2972 5077 ostium
2999 5018 3340 5075 tabernaculi
3368 5019 3614 5073 testimo-

2028 5109 2105 5164 uii
2138 5110 2305 5166 edent
2342 5129 2427 5175 ea,
2453 5111 2508 5166 in
2532 5112 2736 5183 quibus
2764 5100 3092 5168 saultiﬁcati
3128 5121 3257 5169 sunt
3293 5113 3346 5168 in
3372 5111 3526 5182 ipsis,
3552 5121 3614 5165 ut

2026 5209 2489 5257 consecrarentur
2544 5218 2740 5258 manus
2785 5219 2977 5259 eorum
3028 5203 3097 5258 ad
3154 5201 3610 5259 sanctiﬁcaudum

2027 5307 2161 5358 eos;
2194 5301 2251 5349 et
2282 5294 2589 5365 alienigena
2621 5311 2729 5351 non
2755 5295 2885 5350 edet
2907 5311 2973 5350 ex
3001 5295 3115 5355 eis:
3150 5304 3278 5350 sunt
3311 5293 3459 5348 enim
3483 5305 3611 5343 san-

2027 5390 2136 5438 cta.
2159 5381 2314 5450 Quod
2341 5384 2386 5439 si
2419 5386 2670 5440 relictqu
2704 5386 2869 5440 fuerit
2890 5385 2957 5439 de
2990 5385 3249 5442 carnibus
3272 5380 3463 5438 hostiae
3480 5392 3610 5431 cou-

2026 5476 2432 5542 summatiouis,
2490 5486 2543 5531 et
2576 5478 2643 5531 de
2685 5477 2919 5546 panibus
2952 5492 3124 5545 usque
3181 5487 3359 5535 mane,
3395 5468 3609 5540 reliqua

2025 5568 2321 5625 combures
2371 5569 2479 5641 igni
2524 5586 2538 5624 :
2596 5584 2704 5623 non
2772 5567 3171 5623 comedentur:
3224 5569 3410 5618 sancta
3457 5561 3607 5617 enim

2025 5668 2154 5715 sunt
2179 5660 2241 5714 δ’.
2266 5679 2285 5713 ι
