3996 6212
373 363 478 431 πίε

1395 353 1451 409 S.
1492 351 1766 409 CYRILLI
1806 349 2275 406 ALEXANDRINI
2313 348 2633 405 AltClllEP.

3538 339 3649 397 756

307 462 314 471 ’
373 478 478 531 υἱοὶ
512 474 675 531 αὐτοῦ
699 474 769 530 τά
808 473 944 547 κρέα
972 472 1066 526 τοῦ
1098 470 1276 546 κριοῦ,
1326 470 1574 534 καὶτοὺς
1608 469 1805 541 ἄρτους
1834 468 1961 531 τοῦς
1994 467 2053 520 ἐν
2089 465 2168 537 τῷ
2218 465 2390 535 κανῷ,
2447 463 2601 535 παρὰ
2631 462 2732 526 τὰς
2782 459 2956 531 θύρας
2992 458 3090 530 τῆς
3129 459 3338 529 σκηνῆς
3372 454 3470 511 τοῦ
3499 473 3645 528 pup-

370 572 556 641 τυρίου
604 570 809 624 ἔδονται
851 564 1014 630 αὐτὰ,
1058 565 1118 619 ἐν
1170 558 1252 626 οἷς
1288 562 1632 634 ἡγιάσθησαν
1706 562 1765 614 ὲν
1811 560 1994 622 αὐτοῖς
2065 557 2351 612 τελειῶσαι
2394 555 2493 619 τὰς
2538 557 2729 627 χεῖρας
2783 553 2964 607 αὐτῶν
3012 552 3236 620 ἁγιάσαι
3285 550 3505 613 αὐτοὺς,
3545 553 3645 604 καὶ

370 660 665 731 ἀλλογενὴς
717 660 817 712 ούκ
859 657 1037 710 ἔδεται
1099 656 1194 710 ἀπ’
1247 654 1455 709 αὐτῶν*
1505 654 1758 725 ἔστιγὰρ
1792 653 1943 723 ἆγια.
1996 652 2122 707 Ἐάν
2160 652 2217 707 δὲ
2262 648 2601 720 καταλειφθῇ
2650 647 2759 702 ἀπὸ
2790 646 2900 700 τῶν
2941 644 3125 715 κρεῶν
3145 644 3245 713 τῆς
3283 642 3477 706 θυσίας
3541 644 3647 715 τῆς

367 753 700 815 τελειώσεως
730 753 825 805 καὶ
857 752 963 804 τῶν
985 750 1163 821 ἄρτων
1187 749 1292 813 ἕως
1327 748 1468 821 πρωῒ
1488 793 1501 811 ,
1547 748 1917 813 κατακαύσεις
1953 746 2022 801 τὰ
2051 747 2214 802 λοιπὰ
2252 746 2407 818 πυρί.
2440 743 2516 799 Ού
2541 743 2883 815 βρωθήσεται
2903 758 2918 769 ⁸
2955 740 3204 810 ἁγίασμα
3239 738 3349 807 γάρ
3393 739 3565 791 ἔσται

440 844 638 900 PALL.
670 843 843 912 Quam
870 842 1156 898 recondita
1182 850 1312 897 sunt
1350 841 1468 898 haec
1489 842 1630 913 legis
1662 840 1945 897 mandata!

2122 840 2333 895 IIAAA.
2385 838 2475 901 Ὦς
2516 836 2654 909 βαθὺ
2690 835 2752 890 τι
2791 835 2981 907 χρῆμα
3008 832 3118 887 τῶν
3159 830 3401 902 νομικῶν
3451 830 3646 883 ὲνταλ-

421 1025 887 1082 CYliJiecondita
903 1040 1037 1079 vero
1052 1022 1346 1078 admodum
1364 1039 1378 1076 :
1398 1035 1545 1079 reete
1561 1023 1708 1078 enim
1729 1020 1914 1077 dixisti
1932 1037 1948 1075 :

369 1135 482 1176 non
507 1131 688 1176 tamen
716 1134 947 1189 prorsus
971 1117 1227 1180 obscura,
1263 1115 1309 1171 si
1351 1116 1514 1171 nobis
1542 1115 1787 1171 divinum
1821 1113 1949 1184 Spi-

370 1214 515 1269 ritus
549 1212 724 1268 sancti
755 1212 941 1265 lumen
967 1209 1258 1265 aﬁ‘ulserit.
1314 1208 1423 1280 Age
1470 1223 1602 1278 ergo
1624 1207 1858 1277 singula,
1891 1214 1953 1260 ut

372 1307 490 1363 ﬁeri
553 1304 777 1377 poterit,
823 1302 1185 1374 explicemus.
1229 1299 1502 1355 Dominus
1549 1307 1742 1354 noster
1790 1297 1952 1353 Iesus

369 1396 624 1453 Christus
656 1411 756 1450 nos
782 1393 1089 1449 innumeris
1119 1390 1299 1447 modis
1324 1389 1649 1456 sanctiﬁcat,
1682 1398 1743 1445 et
1764 1402 1953 1444 sacros

371 1496 734 1558 acceptosque
773 1485 986 1551 reddit;
1035 1500 1135 1554 per
1160 1484 1340 1554 ipsum
1369 1496 1609 1551 namque
1634 1488 1690 1537 et
1737 1480 1793 1534 in
1832 1480 1952 1549 ipso

318 1650 321 1653 Α
371 1594 656 1634 accessum
692 1578 1012 1642 habuimus,
1040 1585 1095 1631 et
1123 1576 1266 1647 grati
1305 1576 1419 1630 Deo
1441 1590 1507 1630 ac
1534 1573 1681 1628 Patri
1738 1588 1949 1628 sumus.

371 1671 479 1726 Sed
502 1672 664 1727 nobis
692 1670 786 1741 qui
844 1671 947 1726 sub
983 1669 1209 1725 interitu
1250 1676 1306 1724 et
1341 1674 1570 1739 peccato
1607 1666 1950 1732 tenebamur,

372 1763 663 1819 utilissima
702 1772 758 1819 et
783 1763 851 1818 ad
876 1763 1111 1818 salutem
1148 1761 1203 1816 in
1226 1761 1422 1832 primis
1468 1759 1781 1815 necessaria
1803 1773 1953 1813 mors

370 1858 490 1929 ejus
509 1864 611 1920 est,
642 1864 806 1925 atque
834 1855 1003 1909 etiam
1034 1852 1145 1907 vita
1171 1869 1186 1919 ;
1223 1860 1491 1923 praeterea
1534 1851 1626 1904 llla
1657 1848 1946 1920 perfectio,

371 1964 479 2018 qua
531 1964 629 2018 per
661 1961 863 2017 corpus
888 1946 1009 2015 ejus
1039 1952 1096 1999 et
1130 1944 1451 2014 sanguinem
1486 1940 1839 2011 perﬁcimur:
1895 1939 1952 1994 in

369 2032 591 2091 Christo
611 2050 869 2105 namque,
891 2051 1000 2089 non
1024 2034 1079 2087 in
1116 2033 1255 2103 lege,
1300 2030 1565 2101 perfectio
1602 2030 1708 2085 sita
1739 2036 1845 2084 est.

444 2206 642 2275 PALL.
672 2208 842 2262 Recte
870 2208 1030 2263 dicis.

442 2300 601 2356 CYR.
632 2298 796 2372 394.
827 2299 964 2355 Vide
994 2300 1164 2369 igitur
1186 2314 1251 2355 ea
1279 2307 1537 2368 tanquam
1570 2298 1626 2353 in
1650 2298 1836 2371 ﬁguris
1861 2299 1957 2353 ad-

369 2390 500 2455 huc,
532 2406 632 2461 per
678 2406 801 2461 qua:
857 2391 1049 2446 salvali
1105 2400 1161 2446 et
1210 2390 1557 2457 sanctiﬁcati,
1603 2401 1661 2447 et
1712 2392 1854 2447 sacri
1893 2406 1957 2447 ac

370 2482 545 2538 sancti
593 2481 724 2539 facti
770 2483 943 2538 simus
968 2483 1021 2538 in
1053 2482 1292 2539 Christo.
1326 2484 1548 2539 Vitulus
1584 2499 1652 2538 ex
1684 2483 1863 2539 bobus
1887 2484 1954 2540 ad

371 2572 708 2629 sacriﬁcium
724 2573 1041 2640 adducitur,
1060 2580 1115 2629 et
1133 2573 1447 2630 immolatur
1466 2575 1532 2629 ad
1552 2575 1731 2646 ipsum
1749 2574 1954 2631 ostium

373 2665 743 2731 tabernaculi,
768 2665 1025 2720 manibus
1051 2682 1218 2737 super
1246 2666 1400 2721 illum
1440 2666 1747 2738 impositis;
1771 2666 1955 2722 effun-

369 2758 630 2830 diturque
654 2761 776 2831 ejus
813 2760 1036 2831 sanguis
1064 2760 1132 2815 ad
1167 2760 1363 2824 altare,
1394 2768 1451 2815 et
1480 2760 1631 2816 illius
1657 2775 1862 2816 cornua
1888 2776 1956 2816 eo

370 2863 782 2925 perunguntur;
804 2854 1088 2913 interanea
1123 2855 1292 2909 etiam
1328 2864 1587 2926 tanquam
1618 2856 1955 2912 odoratissi-

370 2960 521 2999 mum
553 2945 838 3001 incensum
878 2946 1206 3014 adolentur;
1243 2946 1518 3017 reliquum
1573 2962 1703 3002 vero
1753 2963 1956 3018 corpus

370 3045 719 3107 exportatum
765 3047 922 3093 extra
984 3046 1165 3093 castra
1216 3038 1583 3095 comburitur.
1636 3038 1715 3095 Ac
1751 3039 1957 3096 vitulus

371 3128 595 3198 quidem
631 3127 885 3184 Christus
913 3137 1018 3195 est,
1057 3137 1116 3183 ut
1145 3128 1241 3200 qui
1272 3128 1439 3183 simul
1483 3137 1640 3184 extra
1680 3129 1871 3201 jugum
1898 3135 1957 3183 et

372 3221 477 3276 sub
501 3222 634 3292 jugo
660 3230 843 3289 esset;
866 3237 1014 3287 nam,
1039 3237 1163 3277 cum
1197 3221 1499 3277 secundum
1540 3230 1791 3276 naturam
1810 3221 1956 3277 Deus

371 3321 538 3377 esset,
571 3313 749 3368 factus
776 3322 861 3369 est
902 3314 1007 3369 sub
1051 3314 1169 3386 lege
1212 3330 1311 3385 per
1352 3313 1777 3369 humanitatem.
1811 3312 1954 3380 Quid

2057 949 2266 1004 ματων.

2124 1023 2290 1077 ΚΥΡ.
2332 1021 2478 1075 Βαθῦ
2503 1020 2604 1092 μὲν
2633 1014 2728 1073 οῦν
2763 1017 2914 1071 λίαψ
2942 1015 3078 1087 ἔφης
3111 1016 3221 1085 γὰρ
3258 1013 3466 1086 ὀρθῶς·
3498 1012 3644 1084 πλὴν

2052 1113 2153 1168 οῦκ
2199 1111 2434 1166 εἰσάπαν
2479 1109 2820 1180 άσυμφανὲς,
2858 1107 2920 1161 τδ
2951 1106 3094 1160 θεῖον
3131 1108 3187 1159 ἐν
3216 1108 3351 1176 ἡμῖν
3380 1105 3647 1174 ὲναστρά-

2053 1222 2276 1267 πτοντος
2308 1203 2424 1272 φῶς
2457 1202 2551 1255 τοῦ
2578 1201 2735 1268 ἁγίου
2757 1200 3094 1270 Πνεύματος.
3125 1200 3237 1253 Καὶ
3271 1197 3403 1269 φέρε
3436 1196 3501 1265 δὴ
3534 1195 3645 1248 πά-

2052 1295 2157 1361 λιν,
2193 1293 2269 1357 ὡς
2290 1294 2391 1357 ενι,
2419 1291 2489 1347 τὰ
2512 1293 2597 1362 ἐφ’
2630 1291 2844 1362 ἑκάστῳ
2891 1290 3166 1360 λέγωμεν.
3204 1288 3361 1342 Κατὰ
3411 1286 3646 1358 μυρίους

2052 1387 2210 1450 ὂσους
2230 1387 2377 1457 ἡμᾶς
2411 1383 2630 1453 ἁγιάζει
2652 1382 2886 1455 τρόπους
2917 1383 2946 1436 ὁ
2974 1382 3179 1453 Κύριος
3222 1380 3384 1452 ἡμῶν
3427 1378 3637 1451 Ἰησοῦς

2052 1478 2307 1549 Χριστὸς,
2343 1475 2523 1549 ἱερούς
2563 1492 2622 1530 τε
2656 1475 2751 1529 καὶ
2783 1474 3215 1546 εὐπροσδέκτους
3259 1473 3533 1527 ἀποτελεῖ.
3562 1471 3649 1524 Δι’

2053 1568 2219 1622 αὐτοῦ
2243 1569 2351 1640 γάρ
2387 1585 2447 1621 τε
2488 1565 2584 1620 καὶ
2609 1568 2667 1620 ὲν
2708 1564 2856 1636 αύτῷ
2883 1565 2982 1636 τὴν
3003 1564 3369 1636 προσαγωγὴν
3402 1564 3647 1633 ἐσχήκα-

2057 1678 2175 1733 μεν,
2211 1661 2307 1714 καί
2340 1663 2510 1731 ἐσμεν
2545 1659 2647 1712 οὒκ
2686 1656 2998 1728 ἀνεθέλητοι
3044 1656 3121 1728 τῷ
3160 1654 3279 1727 Θεῷ
3317 1656 3412 1710 καὶ
3447 1653 3646 1726 Πατρί.

2053 1752 2470 1825 Χρειωδέστατά
2497 1766 2558 1804 τε
2582 1751 2675 1804 καὶ
2712 1750 2985 1818 ἀναγκαῖα
3018 1748 3156 1820 πρὸς
3185 1746 3458 1818 σωτηρίαν
3480 1747 3642 1817 ἡμῖν,

2051 1847 2166 1908 τοῖς
2188 1845 2293 1899 ὑπὸ
2317 1844 2525 1917 φθοράν
2552 1862 2612 1898 τε
2646 1844 2738 1898 καὶ
2758 1842 3054 1914 ἁμαρτίαν,
3084 1841 3113 1894 ὅ
3137 1857 3195 1894 τε
3225 1841 3454 1903 θάνατος
3476 1841 3648 1894 αὑτοῦ

2053 1939 2148 1992 καὶ
2184 1938 2282 2009 μέν
2299 1955 2382 1992 τοι
2424 1937 2520 1991 καὶ
2569 1937 2603 2008 ἡ
2634 1934 2769 2006 ζωὴ,
2822 1935 2919 1990 καὶ
2960 1934 3099 2006 πρὸς
3146 1932 3357 1996 τούτοις
3386 1931 3470 1986 ἔτι
3496 1934 3530 2004 ἡ
3555 1931 3651 1985 διὰ

2052 2030 2145 2085 τοῦ
2181 2029 2432 2101 σώματος
2487 2046 2545 2083 τε
2597 2028 2693 2083 καὶ
2738 2027 2969 2097 αἷματος
3010 2025 3177 2080 αὐτοῦ
3224 2023 3538 2089 τελείωσις·
3584 2024 3653 2076 ὲν

2053 2120 2275 2193 Χριστῷ
2303 2119 2411 2191 γάρ
2427 2119 2512 2189 δὴ,
2530 2119 2624 2173 καὶ
2650 2118 2753 2172 οὐκ
2782 2119 2839 2173 ὲν
2871 2116 3023 2188 νόμῳ
3050 2114 3109 2169 τὸ
3132 2114 3356 2169 τέλειον.

2128 2215 2332 2269 ΠΑΛΛ.
2359 2209 2433 2267 Εὖ
2459 2213 2618 2284 ἔφης.

2128 2307 2296 2363 ΚΥΡ.
2329 2306 2522 2377 ’Λθρει
2547 2304 2611 2376 δὴ
2645 2297 2740 2358 οῦν
2767 2302 2844 2367 ὡς
2862 2303 2921 2357 ἐν
2947 2300 3140 2363 τύποις
3167 2299 3247 2354 ἔτι
3284 2300 3354 2354 τά
3375 2299 3443 2354 δι’
3477 2291 3552 2354 ὧν
3579 2293 3646 2356 εῦ

2060 2397 2207 2468 μάλα
2242 2394 2571 2466 σεσώσμεθά
2614 2411 2674 2448 τε
2725 2395 2819 2447 καὶ
2860 2391 3208 2464 ἠγιάσμεθα.
3272 2390 3408 2464 ἱεροί
3444 2407 3504 2444 τε
3548 2390 3648 2444 καὶ

2056 2489 2198 2558 ἅγιοι
2233 2487 2540 2559 γεγόναμεν
2566 2488 2626 2541 ὲν
2656 2484 2897 2558 Χριστῷ.
2938 2484 3251 2554 Μοσχάριον
3285 2477 3357 2554 ἦν
3391 2483 3456 2536 ὲκ
3496 2480 3651 2552 βοῶν

2056 2581 2119 2637 τδ
2149 2583 2229 2646 είς
2256 2580 2446 2635 θυσίαν
2469 2580 2728 2652 ἠγμένον,
2757 2578 2853 2633 καὶ
2876 2575 3140 2645 σφάζεται
3167 2574 3266 2647 μὲν
3286 2575 3423 2646 πρὸς
3449 2574 3648 2638 αύτατς

2055 2676 2175 2738 ταῖς
2204 2672 2397 2747 θύραις
2421 2673 2520 2744 τῆς
2555 2671 2717 2741 ἁγίας
2757 2670 2984 2741 σκηνῆς,
3015 2667 3465 2739 ἐπενηνεγμένων
3490 2663 3653 2734 αύτῷ

2055 2763 2166 2817 τῶν
2185 2761 2407 2835 χειρῶν.
2433 2763 2758 2834 Προσεχεῖτο
2790 2760 2847 2813 δὲ
2874 2761 2936 2813 τδ
2965 2755 3104 2830 αἷμα
3133 2758 3211 2830 τῷ
3246 2757 3644 2827 θυσιαστηρίῳ.

2057 2854 2507 2926 καταχριομένων
2531 2852 2681 2924 αὐτῷ
2707 2853 2814 2905 τῶν
2840 2852 3088 2924 κεράτων
3113 2867 3128 2883 ·
3160 2852 3261 2904 καὶ
3287 2849 3644 2913 καπνίζονται

2061 2947 2161 3019 μὲν
2187 2948 2245 3001 ἐν
2275 2944 2427 3011 τάξει
2452 2945 2561 2998 τῶν
2599 2944 2981 3014 ιύοσμοτάτων
3013 2943 3374 3015 θυμιαμάτων
3396 2941 3464 2995 τά
3493 2939 3644 2993 ἐντό-

2058 3039 2206 3094 σθια.
2243 3038 2316 3092 Τὸ
2367 3038 2422 3091 δὲ
2453 3037 2639 3091 λοιπὸν
2685 3036 3033 3108 ἐμπίπραται
3081 3035 3259 3107 σῶμα,
3289 3035 3647 3103 διακομισθὲν

2056 3128 2315 3184 ἐπέκεινα
2361 3129 2465 3200 τῆς
2530 3127 2904 3199 παρεμϐολῆς.
2952 3128 3061 3181 Καὶ
3117 3127 3414 3199 μοσχάριον
3468 3126 3566 3197 μὲν
3611 3128 3647 3179 ὀ

2059 3223 2317 3296 Χριστὸς,
2355 3222 2430 3285 ὡς
2460 3221 2563 3287 ἔξω
2607 3219 2773 3288 ζυγοῦ
2802 3221 2894 3273 καὶ
2927 3218 3033 3283 ύπδ
3063 3218 3249 3288 ζυγόν.
3276 3220 3408 3284 Θεὸς
3429 3220 3538 3290 γάρ
3566 3218 3644 3271 ὢν

2058 3315 2216 3385 φύσει
2247 3314 2469 3384 γέγονεν
2502 3313 2606 3366 ὑπὸ
2638 3312 2801 3382 νόμον
2834 3310 2922 3365 διὰ
2958 3311 3019 3365 τὸ
3049 3310 3406 3380 ἀνθρώπινον.
3457 3306 3495 3382 ἦ
3533 3310 3647 3382 γὰρ

371 3403 558 3459 enim?
592 3419 775 3460 nonne
810 3404 1020 3459 vitulus
1075 3420 1277 3475 parvus
1321 3405 1452 3476 jugo
1499 3402 1723 3475 quidem
1778 3402 1953 3458 adhuc

2062 3406 2182 3476 οὐχὶ
2233 3405 2293 3459 τὸ
2345 3402 2518 3477 βραχὺ
2563 3402 2857 3474 μοσχάριον
2928 3400 3096 3471 ζυγοῦ
3149 3402 3247 3474 μὲν
3281 3400 3448 3473 άηθές
3502 3403 3644 3466 ἐστι,

373 3495 625 3549 insuetus
660 3502 765 3558 est,
803 3494 900 3549 sed
930 3495 1052 3566 ejus
1083 3501 1299 3550 natura:
1326 3502 1531 3558 tamen,
1558 3507 1682 3564 quae
1709 3493 1846 3564 jugo
1877 3492 1956 3548 fe-

373 3583 550 3639 rendo
579 3584 654 3638 sit
685 3583 853 3653 apta?

442 3675 641 3730 PALL.
678 3675 758 3729 lta
790 3683 899 3729 est.

443 3763 604 3819 CYR.
639 3762 857 3817 Vitulus
901 3761 1070 3832 igitur
1106 3764 1413 3833 appellatus
1447 3772 1532 3819 est
1579 3762 1834 3819 Christus
1865 3778 1955 3817 sa-

373 3854 547 3927 pienti
594 3852 847 3919 consilio,
889 3862 951 3908 ut
989 3853 1045 3910 in
1080 3854 1275 3910 eadem
1315 3870 1374 3911 re
1422 3856 1764 3928 intelligatur
1794 3872 1825 3911 a
1850 3873 1955 3912 no-

374 3946 461 4001 bis
491 3954 605 4002 tum
656 3947 777 4017 ejus
800 3946 969 4002 Verbi
1012 3945 1362 4003 divinitatem
1417 3948 1645 4003 minime
1680 3957 1956 4003 assuetam

374 4047 497 4087 esse
552 4031 831 4097 servituti,
878 4040 994 4087 tum
1037 4047 1159 4088 eam
1191 4041 1467 4099 naturam,
1506 4048 1630 4105 qua:
1674 4032 1778 4087 sub
1822 4034 1956 4104 jugo

373 4134 542 4191 esset,
573 4125 721 4196 quod
746 4125 814 4180 ad
845 4126 967 4197 ejus
995 4126 1397 4181 humanitatem
1424 4125 1641 4189 attinet,
1695 4123 1952 4189 subiisse.

374 4218 695 4272 [inmolatur
725 4226 909 4274 autem
941 4228 1199 4297 tanquam
1236 4234 1338 4290 pro
1368 4234 1525 4277 sacro
1576 4218 1954 4281 tabernaculo,

374 4326 438 4365 ac
458 4325 558 4380 pro
592 4310 678 4375 iis,
714 4310 810 4380 qui
846 4311 953 4366 sibi
992 4328 1188 4367 manus
1233 4311 1625 4381 imposuissent
1657 4309 1882 4380 (Levites
1918 4309 1955 4363 ii

373 4409 533 4455 erant
563 4408 618 4455 et
643 4401 1016 4472 sacerdotes):
1048 4418 1173 4457 nam
1212 4401 1302 4456 ille
1323 4411 1576 4456 mortuus
1595 4409 1679 4455 est
1716 4415 1818 4470 pro
1849 4401 1954 4453 Ec-

374 4489 540 4546 clesia
572 4499 629 4546 et
656 4491 744 4555 iis,
769 4491 863 4562 qui
903 4499 1033 4546 sunt
1064 4492 1142 4546 illi
1166 4506 1264 4560 per
1302 4490 1463 4545 tidem
1494 4488 1824 4545 consecrati.
1860 4488 1957 4544 Sa-

2059 3495 2273 3565 φύσεώς
2299 3513 2362 3566 γε
2402 3495 2507 3568 μὴν
2544 3494 2640 3564 τῆς
2673 3494 2778 3547 ὕπο
2804 3492 3008 3563 ζυγὸνς

2128 3674 2338 3731 ΠΛΛΛ.
2375 3667 2500 3726 Ὧῖε
2533 3672 2666 3745 ἔχει.

2128 3766 2297 3822 ΚΥΡ.
2331 3765 2648 3838 Μοσχάριον
2668 3765 2734 3840 δὴ
2771 3761 2867 3822 οὖν
2890 3766 3208 3836 ὠνόμασται
3241 3763 3402 3819 πάλιν
3435 3763 3647 3817 οἰκονο-

2062 3857 2238 3931 μικῶς
2263 3860 2292 3913 ὁ
2323 3857 2560 3930 Χριστὸς
2580 3898 2594 3921 ,
2627 3858 2696 3911 ἵν’
2750 3859 2811 3912 ἐν
2856 3856 3038 3928 ταυτῷ
3071 3856 3263 3927 νοῆται
3304 3854 3443 3928 πρὸς
3483 3852 3647 3925 ἡμῶν

2059 3950 2154 4005 καί⁸
2201 3948 2264 4004 τὸ
2312 3949 2477 4021 ἄηθες
2503 3950 2604 4020 τῆς
2636 3948 2729 4005 τοῦ
2763 3951 2940 4020 Λόγου
2967 3949 3220 4021 θεότητος
3259 3950 3339 4012 εἰς
3371 3945 3641 4009 δουλείαν,

2059 4043 2153 4097 καὶ
2179 4042 2240 4096 τὸ
2281 4042 2356 4107 ὼς
2385 4046 2442 4098 ὲν
2477 4043 2637 4114 φύσει
2665 4042 2916 4113 γενέσθαι
2956 4045 3022 4114 τῇ
3060 4041 3165 4095 ύπδ
3209 4040 3371 4110 ζυγὸν
3402 4038 3546 4097 κατά
3573 4055 3642 4105 γε

2058 4132 2119 4187 τὸ
2139 4131 2495 4205 ἀνθρώπινον.
2533 4132 2807 4202 Σφάζεται
2837 4133 2894 4186 δὲ
2938 4132 3015 4196 ὡς
3068 4131 3209 4202 ὑπέρ
3239 4148 3301 4199 γε
3333 4131 3433 4199 τῆς
3475 4129 3644 4196 ἁγίας

2064 4227 2272 4297 σκηνῆς
2305 4224 2402 4279 καὶ
2429 4224 2539 4278 τῶν
2569 4224 2870 4278 ὲπιθέντων
2904 4225 3055 4296 αύτῷ
3091 4223 3190 4288 τὰς
3217 4224 3402 4294 χεῖρας
3428 4237 3443 4251 ·
3483 4222 3644 4276 Λευῖο

2056 4334 2145 4369 ται
2170 4317 2227 4370 δὲ
2254 4307 2399 4368 οὗτοι
2429 4314 2523 4368 καὶ
2554 4314 2721 4385 ἱερεῖς
2747 4331 2760 4344 ·
2808 4313 3047 4367 ἀπέθανε
3075 4313 3186 4384 γὰρ
3243 4312 3385 4382 ὑπέρ
3430 4327 3489 4363 τε
3539 4309 3643 4377 τῆς

2069 4405 2399 4475 Ἐκκλησίας-
2450 4405 2545 4457 καὶ
2588 4404 2695 4456 τῶν
2742 4403 2892 4473 αύτῷ
2953 4401 3378 4473 καθιερωμένων
3413 4398 3504 4453 διὰ
3536 4397 3641 4467 τῆς

2057 4500 2315 4562 πίστεως.
2363 4482 2527 4566 Ἰερδς
2572 4498 2628 4551 δὲ
2655 4499 2738 4552 ὅτι
2796 4497 2890 4552 καὶ
2926 4498 3003 4560 ὡς
3030 4498 3088 4549 ἐν
3108 4496 3297 4566 τρόπῳ
3327 4492 3518 4555 θυσίας
3549 4491 3641 4544 εύ-

375 4596 523 4638 eram
554 4598 720 4654 porro
744 4582 936 4645 fuisse,
958 4592 1015 4636 et
1056 4582 1109 4635 in
1142 4579 1399 4634 sacriﬁcii
1424 4594 1632 4635 morem
1668 4588 1953 4650 acceptam

2062 4591 2392 4663 πρόσδεκτος
2439 4590 2520 4661 τῷ
2557 4589 2676 4661 Θεῷ
2723 4591 2819 4644 καὶ
2860 4590 3037 4662 Πατρὶ
3083 4588 3179 4642 τοῦ
3219 4584 3568 4658 Ἐμμανουὴλ
3608 4584 3642 4637 ὀ

374 4674 489 4730 Deo
521 4690 586 4730 ac
621 4674 769 4730 Patri
830 4670 1204 4727 Emmanuelis
1251 4679 1507 4735 mortem,
1556 4687 1624 4727 ex
1667 4687 1734 4728 eo
1767 4671 1953 4749 videre

2062 4685 2307 4750 θάνατος,
2343 4682 2498 4754 πάρα
2525 4699 2607 4735 σοι
2639 4684 2802 4744 νοεῖν,
2833 4678 3240 4752 προσ-χεομένου
3286 4676 3379 4732 τοῦ
3403 4676 3641 4746 αἵματος

375 4767 524 4832 licet,
581 4766 730 4837 quod
764 4764 986 4836 sanguis
1023 4764 1090 4819 ad
1123 4763 1294 4819 altare
1345 4762 1620 4830 funditur,
1668 4774 1726 4820 et
1762 4782 1828 4821 ex
1872 4740 1952 4822 leo

2062 4776 2135 4848 τῷ
2161 4740 2306 4845 άγίῷι
2332 4740 2702 4845 θυσιαστηρίῳ
2721 4813 2736 4837 ,
2783 4740 2890 4826 καὶ.
2925 4740 3312 4843 καταξρίοντος
3352 4740 3505 4832 αύτδ,
3537 4765 3633 4818 θυ-

373 4860 719 4931 perungitur,
753 4857 901 4929 quod
953 4857 1085 4912 item
1135 4855 1432 4912 adolentur
1487 4858 1772 4925 intestina,
1834 4877 1953 4932 qua:

2062 4868 2352 4941 μιωμένων
2396 4865 2454 4919 δὲ
2493 4866 2588 4919 καὶ
2634 4863 2743 4919 τῶν
2780 4863 3091 4926 ἑντοσθίων,
3136 4862 3173 4916 ἃ
3223 4862 3315 4915 καὶ
3353 4861 3434 4922 είς
3467 4858 3640 4913 τύπον

374 4948 646 5005 virtutum
673 4950 994 5005 intimarum
1030 4958 1087 5004 et
1120 4949 1175 5003 in
1211 4948 1397 5005 animo
1433 4949 1846 5005 reconditarum
1888 4952 1953 5005 ﬁ-

2062 4954 2168 5035 εἷεν
2203 4958 2269 5013 ἂν
2305 4957 2415 5011 τῶν
2476 4958 2557 5021 είς
2615 4955 2677 5009 τὸ
2722 4955 2832 5010 ἔσω
2879 4955 2975 5010 καὶ
3014 4957 3094 5019 είς
3133 4953 3260 5008 νοῦν
3290 4950 3521 5026 ἀρετῶν,
3551 4944 3642 5012 αἷς

374 5059 566 5113 guram
596 5054 815 5115 gerunt,
856 5045 912 5099 in
932 5044 1137 5115 quibus
1161 5042 1466 5114 Spiritualis
1497 5041 1637 5097 odor
1663 5043 1824 5106 inest,
1858 5059 1953 5097 ue-

2062 5052 2234 5105 Ξνεστι
2271 5051 2370 5123 μὲν
2407 5050 2470 5105 τὸ
2501 5049 2700 5113 εὐῶδες
2735 5048 3140 5121 πνευματικῶς,
3190 5047 3251 5101 ού
3287 5045 3410 5100 καθ’
3444 5043 3546 5098 ἕνα
3581 5041 3640 5095 δὲ

372 5147 483 5204 que
520 5133 610 5188 ille
641 5133 895 5204 simplex,
948 5149 1074 5189 cum
1131 5134 1390 5189 intestina
1440 5134 1767 5205 multiplicia
1823 5135 1953 5201 sint,

2062 5144 2279 5215 τρόπον,
2307 5144 2430 5198 ἐπεί
2461 5160 2542 5197 τοι
2565 5142 2737 5198 πολλὰ
2766 5142 2835 5197 τὰ
2876 5140 3145 5203 ὲντόσθια,
3179 5137 3382 5210 πιμελὴ
3409 5138 3506 5191 καὶ
3550 5153 3642 5189 νε·-

375 5226 565 5297 adeps,
596 5239 778 5290 renes,
808 5225 974 5296 pinna
995 5225 1218 5297 jecoris.
1246 5225 1607 5282 Comburitur
1635 5235 1818 5282 autem
1868 5244 1953 5283 re-

2062 5233 2183 5304 φροὶ
2202 5274 2217 5297 ,
2250 5233 2345 5286 καὶ
2376 5234 2405 5286 ὁ
2432 5231 2588 5297 λοϐὸς
2628 5230 2724 5286 τοῦ
2770 5232 3000 5304 ἥπατος.
3049 5230 3424 5301 Ἑμπίπραται
3452 5226 3510 5281 δὲ
3540 5224 3637 5278 τοῦ

372 5318 586 5388 liquum
625 5332 826 5388 corpus
875 5326 1030 5373 extra
1078 5325 1288 5383 castra;
1342 5334 1469 5373 nam
1525 5327 1678 5372 extra
1735 5328 1952 5388 portam

2062 5321 2308 5393 σώματος
2352 5321 2414 5376 τὸ
2453 5321 2794 5394 λειπόμενον,
2826 5321 2931 5389 ἔξω
2961 5322 3058 5392 τῆς
3087 5318 3457 5395 παρεμξολῆςο
3490 5315 3640 5380 Ἕξω

374 5426 572 5480 passus
629 5419 717 5466 est
768 5409 1053 5477 Christus;
1108 5410 1189 5468 sic
1234 5411 1382 5467 enim
1427 5409 1622 5465 scribit
1650 5410 1852 5465 Paulus
1885 5411 1949 5465 “‘.

2062 5415 2164 5488 γὰρ
2189 5415 2289 5485 τῆς
2322 5413 2495 5486 πύλης
2530 5414 2730 5471 ἔπαθεν
2775 5416 2804 5469 ὁ
2836 5415 3101 5486 Χριστος·
3142 5414 3345 5484 γράφει
3375 5410 3431 5464 δὲ
3459 5398 3637 5473 οὕτως

375 5500 532 5567 Quod
560 5510 743 5559 autem
775 5502 885 5575 igni
904 5518 1104 5575 corpus
1129 5502 1458 5565 absumitur,
1508 5501 1698 5557 subtili
1739 5502 1953 5557 ratione

2062 5507 2084 5560 δ
2117 5504 2346 5569 Παῦλος.
2397 5506 2471 5560 Τὸ
2514 5505 2571 5560 δέ
2609 5522 2674 5574 γε
2713 5505 2845 5578 πυρὶ
2876 5502 3218 5558 δαπανᾶσθαι
3241 5501 3301 5555 τὸ
3334 5501 3491 5572 σῶμα
3529 5517 3635 5554 κα·

377 5589 666 5663 designare
702 5603 905 5666 potest,
945 5596 1098 5652 nullo
1150 5596 1314 5652 modo
1361 5596 1483 5669 ejus
1540 5596 1854 5667 passionem
1897 5603 1951 5652 et

2062 5598 2419 5667 τασημήνειεν
2448 5595 2513 5652 ἂν
2544 5594 2771 5667 ἰσχνῶς,
2790 5594 2946 5651 ὅτιτὸ
2978 5594 3152 5658 πάθος
3177 5592 3325 5664 αύτῷ
3351 5592 3445 5647 καὶ
3477 5591 3505 5646 *5
3536 5589 3635 5646 θά-

447 5764 494 5803 ⁵⁸
519 5765 687 5823 Ilebr.
720 5784 831 5832 xm,
864 5769 945 5824 12.
