3996 6212
329 350 436 406 737

328 481 489 518 vaso:
532 464 592 518 οὗ

336 501 487 528 νων,
532 501 592 518 -...
649 501 779 535 ..γης
816 501 1031 530 ...υννη
1079 501 1236 520 ...νη
1277 501 1470 531 "ut...
1504 501 1604 521 νυν.
1651 501 1731 531 ς...
1780 501 1913 536 ηε...-

330 555 479 625 πράν
544 555 637 610 καὶ
682 555 1118 629 ιμφανεστάτην⁴
1153 557 1533 630 ἐκτελευτήσει
1586 558 1768 625 δόξαν.
1822 558 1913 611 Ἐν

329 645 465 699 εῖδει
494 646 605 718 7&9
626 646 693 719 δὴ
717 646 796 718 τῷ
827 647 1003 719 πυρὸς
1033 648 1234 701 νοεῖται
1270 648 1333 702 τὸ
1357 648 1499 702 θεῖον
1517 664 1530 677 ’
1563 646 1912 719 καταδέϐηκε

326 738 385 792 δὲ
439 736 615 800 οὕτως
661 738 759 793 καί⁵
807 740 902 793 ἐπὶ
932 738 994 793 τὸ
1037 739 1165 811 ὅρος
1194 740 1256 793 τὸ
1289 741 1439 794 Σινά.
1469 739 1808 794 Καταλύσων
1852 739 1910 793 δὲ

327 830 423 884 τοῦ
457 831 690 886 Θανάτου
734 832 796 886 τὸ
840 832 1063 902 κράτος,
1098 833 1264 887 ὑπέδυ
1292 835 1384 888 τὸν
1424 833 1657 889 θάνατον
1702 835 1911 887 οίκονο-

329 921 508 992 μικῶς
529 925 558 976 6
587 923 844 995 Χριστὸς,
867 924 936 977 ἶν’
969 924 1046 989 ὡς
1074 925 1207 990 Θεὸς
1229 925 1517 998 δοξάζηται
1557 926 1693 995 πρὸς
1727 924 1904 996 ἡμῶν.

330 1015 533 1085 Ἐρπει
566 1013 631 1085 δὴ
659 1010 753 1069 οὖν
784 1017 865 1077 είς
895 1015 1171 1087 θεοπρεπῆ
1200 1016 1359 1083 δόξαν
1391 1019 1420 1070 6
1449 1016 1696 1080 θάνατος,
1724 1015 1788 1068 τὸ
1816 1014 1908 1069 τέ-

323 1103 418 1169 λος
444 1105 585 1178 ἔχων
603 1106 664 1160 τὸ
689 1106 989 1161 ἀναϐιῶναι
1014 1107 1286 1180 λαμπρὸν.
1318 1110 1411 1164 καὶ
1442 1108 1503 1163 τὸ
1521 1108 1581 1163 ἐν
1604 1126 1667 1178 γε
1695 1108 1772 1179 τῷ
1802 1126 1903 1163 πα-

323 1196 440 1252 θεῖν
477 1200 855 1272 μικροπρεπὲς
876 1239 892 1264 ,
923 1200 1193 1266 εὐκλείαις
1223 1205 1351 1266 ταῖς
1382 1202 1643 1256 ἀνωτάτω
1672 1199 1907 1272 νικώμε-

323 1304 437 1352 νον,
474 1289 682 1358 οῐχεται
728 1288 868 1361 πρὸς
904 1288 967 1342 τὸ
998 1289 1195 1360 μηδέν·
1228 1290 1323 1343 καὶ
1351 1289 1529 1355 τοῦτο,
1564 1286 1719 1361 οῗμαι
1759 1288 1905 1343 ἔστιν

321 1379 760 1451 αἰνιγματωδῶς,
775 1380 838 1434 τὺ
863 1380 1207 1435 δαπανᾶσθαι
1231 1380 1365 1452 πυρὶ
1384 1380 1445 1435 τδ
1468 1381 1663 1452 νεκρὸν
1698 1380 1905 1452 μοσχά-

324 1485 459 1540 ριον.
507 1469 780 1524 Ἐπειπὼν
815 1470 894 1536 δὲ,
920 1471 1002 1524 δτι
1027 1470 1271 1541 ἁμαρτία
1305 1469 1416 1542 γάρ
1454 1472 1621 1536 ἐστιν,
1651 1472 1732 1534 είς
1765 1472 1905 1525 ἀπο-

320 1560 592 1634 κάθαρσιν
613 1564 886 1635 ἁμαρτίας
905 1563 967 1617 τὸ
991 1561 1228 1635 Χριστοῦ
1250 1563 1500 1631 γενέσθαι
1526 1563 1612 1617 δια
1621 1564 1903 1636 μεμήνυκε

320 1651 512 1716 πάθος,
542 1652 637 1707 καὶ
655 1653 718 1707 τὸ
740 1654 930 1725 χρῆμά
953 1654 1101 1707 ἐστιν
1117 1654 1215 1708 οὐκ
1243 1653 1582 1724 ἀσυμςανές.

389 1744 605 1798 ΠΑΔΛ.
630 1745 708 1799 οὐ
731 1745 842 1815 7&9
868 1741 983 1801 οὖν.

1057 351 1144 407 DE
1175 351 1618 410 ADORATIONE
1654 352 1725 408 IN
1765 350 2039 408 SPIRITU
2073 349 2164 406 ET
2199 350 2571 406 V'ERITATE.
2613 351 2743 405 LIB.
2782 350 2874 407 XI.

644 467 781 535 πρὸς
816 463 1033 530 ἀδοξίαν
1079 464 1236 520 ἔσται
1271 465 1470 531 ποθὲν,
1504 466 1621 521 ἀλλ’
1651 467 1732 531 είς
1779 467 1893 536 λαμ

2020 473 2254 519 mortem
2314 464 2391 519 illi
2433 464 2748 536 ignominiae
2802 465 3064 529 laturam,
3117 462 3212 519 sed
3276 463 3596 535 praeclarum

3494 349 3602 409 753

2013 556 2202 627 gloria:
2235 566 2399 627 atque
2456 557 2725 611 illustrem
2776 557 2996 615 exitum.
3051 556 3400 623 habituram;
3455 557 3600 629 ignis

2012 649 2162 703 enim
2198 647 2383 719 specie
2436 647 2699 705 divinitas
2738 650 3088 721 intelligitur,
3150 665 3275 705 cum
3309 649 3477 705 etiam
3537 651 3594 706 in

2011 748 2256 795 montem
2289 740 2419 795 Sina
2447 755 2510 794 ea
2546 741 2721 795 forma
2778 741 3167 808 descenderit;
3208 732 3597 798 destructurus

2008 845 2143 885 vero
2172 831 2366 886 mortis
2400 831 2691 901 imperium
2710 832 2985 897 Christus,
3011 833 3414 904 dispensatorie
3443 848 3594 888 mor-

2011 930 2121 979 tem
2155 924 2349 985 subiit,
2381 931 2496 979 uta
2527 925 2687 980 nobis
2716 934 2975 995 tanquam
2996 926 3143 981 Deus
3160 926 3589 997 gloriﬁcaretur.

2007 1014 2151 1069 Mors
2173 1015 2358 1085 itaque
2384 1016 2452 1071 ad
2481 1016 2724 1071 divinam
2758 1017 2987 1087 gloriam
3037 1018 3235 1082 tendit,
3267 1034 3393 1073 cum
3426 1017 3593 1074 ﬁnem

2006 1102 2080 1158 sit
2117 1105 2440 1173 praeclarum
2470 1113 2786 1169 consecuta,
2815 1105 2990 1175 ipsam
3007 1123 3204 1177 nempe
3231 1108 3595 1163 resurrectio-

2004 1208 2155 1258 nem,
2180 1202 2237 1248 et
2274 1193 2560 1248 humilitas
2592 1194 2684 1249 illa
2718 1195 2962 1265 patiendi
2997 1195 3228 1251 summis
3245 1197 3389 1253 victa
3410 1197 3597 1253 hono-'

2006 1284 2162 1339 ribus
2213 1285 2555 1341 absumitur:
2612 1287 2801 1356 idque,
2840 1296 2902 1341 ut
2952 1287 3171 1357 opinor,
3206 1298 3291 1344 est
3336 1287 3589 1360 ﬁgurate,

2004 1376 2169 1447 395
2195 1377 2343 1448 quod
2381 1378 2607 1433 occisus
2659 1379 2864 1433 vitulus
2922 1379 3035 1450 igni
3067 1388 3471 1434 concrematur.
3529 1380 3590 1435 ιιι

2005 1485 2074 1525 eo
2098 1478 2303 1533 autem,
2328 1470 2475 1539 quod
2515 1470 2785 1540 adjunxit,
2817 1471 3109 1527 Peccatum
3142 1480 3263 1536 est,
3293 1471 3358 1526 ad
3391 1484 3588 1541 pecca~

2008 1569 2127 1617 tum
2153 1560 2486 1632 expiandum
2511 1560 2718 1617 Christi
2749 1562 3061 1633 passionem
3082 1562 3252 1617 fuisse
3274 1569 3586 1632 susceptam

2005 1653 2308 1719 indicavit;
2338 1668 2514 1723 eaque
2545 1654 2879 1709 resminime
2907 1654 3143 1709 obscura
3168 1661 3284 1712 εει..

2076 1744 2275 1800 PALL.
2317 1744 2547 1800 Minime
2572 1761 2727 1801 vero.

387 1834 557 1889 ΚΥΡ.
592 1831 726 1890 Εἶτα
749 1835 905 1909 κριὸς
936 1837 965 1889 6
1002 1836 1218 1907 πρῶτος
1256 1836 1594 1909 λαμϐάνεται
1627 1838 1723 1892 καὶ
1761 1838 1895 1907 σφά-

2067 1836 2225 1892 CYR.
2264 1836 2474 1893 Deinde
2522 1838 2667 1892 aries
2703 1837 2855 1906 prior
2894 1837 3135 1891 sumitur
3179 1843 3239 1892 et
3270 1835 3587 1890 immolatur

315 1929 473 1993 ζεται
526 1930 623 2000 μὲν
658 1930 716 1984 ὲν
754 1928 855 2001 ἴσῳ
895 1929 975 2001 τῷ
1021 1930 1208 2003 μόσχῳ
1231 1946 1247 1963 ο
1278 1931 1595 2001 προσεχεϊτο
1635 1929 1693 1983 δὲ
1721 1927 1789 1984 αὖ
1820 1929 1899 2000 τῷ

315 2020 687 2094 θυσιαστηρίῳ
725 2020 786 2075 τὸ
828 2017 989 2092 αἷμα,
1013 2021 1107 2076 καὶ
1145 2021 1385 2087 μελειστὶ
1414 2021 1743 2092 τεμνόμενος
1797 2021 1898 2075 άν-

315 2109 567 2181 εφέρετο,
594 2109 702 2165 τῶν
745 2109 1033 2164 ἔντοσθίων
1082 2110 1548 2180 ἐκπεπλυσμένων
1589 2110 1763 2173 ῦδατι,
1803 2126 1898 2164 κε-

314 2203 459 2276 φαλῇ
482 2221 544 2257 τε
563 2205 681 2275 ἅμα
711 2206 807 2257 καὶ
844 2205 1020 2269 ποσὶν,
1048 2204 1131 2257 ὅτι
1164 2202 1419 2274 θυμίαμά
1442 2205 1560 2257 ἐστι
1583 2220 1598 2235 ³
1625 2204 1897 2276 γράφεται

311 2293 372 2348 δὲ
418 2294 581 2349 πάλιν
623 2296 757 2365 ημῖν
804 2296 901 2349 καὶ
927 2294 1016 2349 διὰ
1043 2295 1250 2349 τούτων
1275 2297 1303 2349 6
1323 2294 1578 2367 Χριστὸς,
1614 2296 1644 2349 6
1667 2297 1727 2348 ὲν
1756 2294 1898 2366 κριῷ

308 2386 393 2457 τῷ
414 2385 608 2458 τελείῳ
634 2386 860 2451 τέλειος,
898 2385 1059 2455 ἁγίαν
1087 2386 1225 2457 ἔχων
1265 2387 1433 2456 ζωήν.
1470 2387 1633 2457 Δηλοί
1666 2386 1795 2457 7&9,
1824 2382 1898 2440 οἷ-

315 2481 418 2552 μαί
453 2496 556 2537 που
606 2480 711 2542 δτι,
735 2479 798 2534 τὸ
828 2478 1185 2551 προσκεῖσθαι
1214 2479 1277 2533 τὸ
1318 2474 1462 2550 αἷμα
1491 2478 1570 2549 τῷ
1603 2479 1896 2549 θυσιαστη-

313 2573 418 2644 ρίῳ
444 2590 475 2637 -_
495 2571 640 2643 ζωῆς
666 2571 774 2643 γὰρ
796 2572 967 2637 τύπος
1006 2570 1068 2625 τὸ
1112 2566 1273 2644 αἷμα,
1310 2572 1405 2627 καὶ⁸
1433 2574 1514 2635 είς
1559 2571 1732 2643 ὀσμὴν
1758 2573 1896 2626 εὐω-

308 2662 430 2727 δίας
454 2662 817 2734 ἀνακείμενος
858 2662 937 2733 τῷ
969 2661 1090 2734 Θεῷ
1116 2663 1213 2717 καὶ
1244 2663 1442 2733 Πατρὶ,
1478 2662 1554 2727 ὡς
1587 2663 1725 2735 ὑπὲρ
1758 2663 1896 2718 πάν-

310 2769 422 2807 των
446 2770 511 2807 τε
539 2752 656 2824 ἅμα
684 2754 781 2807 καὶ
823 2753 966 2825 ὑπὲρ
999 2753 1234 2808 ἑκάστου
1262 2768 1277 2783 ο
1311 2752 1483 2817 τύπος
1519 2754 1575 2808 δὲ
1601 2752 1761 2809 τοῦτο
1787 2753 1895 2808 πά-

308 2844 413 2910 λιν,
436 2844 499 2897 τδ
529 2843 901 2915 ἀναφέρεσθαι
942 2843 1035 2897 τὸν
1068 2843 1228 2913 κριὸν
1260 2844 1356 2898 ἐπὶ
1395 2843 1457 2898 τὸ
1484 2844 1889 2915 θυσιαστήριον,

307 2936 385 3001 ὡς
434 2938 494 2990 ἐν
525 2937 690 2990 παντί
718 2953 778 2991 τε
809 2936 907 2990 καὶ
935 2937 1078 2989 κατὰ
1115 2936 1298 3007 μέλος.
1335 2935 1487 3007 Μέλη
1511 2936 1567 2990 δὲ
1597 2937 1761 3008 ἡμεῖς
1785 2938 1891 2993 άνά

311 3027 479 3099 μέρος
502 3026 761 3098 Χριστοῦ,
790 3027 884 3081 καὶ
905 3026 963 3080 ἓν
989 3026 1192 3087 πάντες
1216 3025 1483 3096 νοούμεθα
1514 3026 1675 3098 σῶμα
1694 3043 1709 3057 ⁸
1736 3026 1890 3096 ἅγιος

304 3119 365 3174 δὲ
392 3120 475 3174 ὅτι
508 3120 603 3173 καὶ
654 3119 801 3191 ίερδς
848 3119 969 3183 ὅλος
1023 3119 1119 3173 καὶ
1161 3117 1351 3172 σπίλον
1396 3117 1740 3191 ἀκαθαρσίας
1787 3120 1889 3174 οὐκ

306 3210 471 3281 ιχων,
505 3213 540 3283 ἡ
584 3185 1026 3265 τῶνϋὲντοσθίων
1058 3209 1319 3274 ἔκπλυσις
1367 3204 1427 3264 τῦ
1461 3185 1608 3280 μάλά
1641 3211 1889 3283 παραδη-
1915 3185 1958 3243 C

306 3305 411 3359 λοῐ.
444 3303 887 3376 Συναναφέρεται
922 3302 980 3358 δὲ
1006 3303 1218 3375 κεφαλὴ
1249 3304 1341 3357 καὶ
1368 3303 1548 3369 πόδες,
1584 3305 1644 3359 τὸ
1668 3306 1764 3361 ἀπ’
1791 3305 1890 3377 ἀρ-

304 3398 413 3468 χῆς
465 3396 560 3449 καὶ
609 3394 771 3467 μέχρι
802 3395 1005 3459 παντὸς
1030 3395 1227 3460 εὐῶδες
1270 3396 1329 3450 ὲν
1370 3396 1627 3468 ἁγιασμῷ
1666 3398 1769 3469 τῆς
1794 3397 1889 3452 τοῦ

307 3487 559 3559 Σωτῆρος
600 3486 745 3559 ζωῆς
783 3486 1192 3557 ὑποφαίνοντας.
1236 3488 1444 3553 Παντὸς
1470 3488 1581 3561 γάρ
1618 3486 1760 3554 ζὼου
1802 3508 1891 3545 κε-

315 3578 461 3650 φαλὴ
517 3577 618 3649 μὲν
647 3577 813 3650 ἀρχὴ,
858 3577 1153 3648 κατάληξις
1182 3578 1238 3631 δὲ
1275 3577 1465 3649 ὥσπερ
1492 3582 1587 3634 καὶ
1623 3580 1716 3633 τοῦ
1751 3598 1891 3635 πανο

303 3669 398 3733 τδς
429 3667 680 3741 σώματος
729 3671 779 3724 ot
827 3670 988 3734 πόδες
1038 3670 1101 3723 τὸ
1142 3669 1316 3734 τέλος.
1378 3672 1449 3724 Ἢ
1493 3672 1587 3726 καὶ
1616 3673 1754 3743 τάχα
1785 3690 1888 3728 που

304 3764 448 3817 νοεῖν
474 3762 697 3832 ἄμεινον
742 3763 826 3827 είς
867 3762 1038 3816 τύπον
1092 3762 1193 3833 μὲν
1243 3761 1337 3816 νοῦ
1386 3763 1620 3835 κεφαλὴ,
1661 3756 1890 3835 πορείας

302 3870 370 3921 γι
413 3852 523 3925 μὴν
561 3853 661 3923 τῆς
698 3854 821 3908 κατ’
877 3854 1162 3924 ὲνέργειαν
1205 3857 1514 3924 πρακτικῆς
1542 3855 1667 3918 τοὺς
1700 3855 1885 3923 πόδας.

304 3942 493 4015 Εὑὼδη
532 3944 591 3997 δὲ
641 3943 818 3999 πάντα
849 3944 908 3997 ὲν
938 3942 1179 4016 Χριστῷ,
1222 3943 1316 3996 καὶ
1361 3945 1440 4007 είς
1474 3944 1642 4015 ἀκρον
1685 3944 1890 4015 ἥκοντα

300 4036 671 4109 καθαρότητος
688 4038 782 4091 καὶ
796 4038 1046 4107 νοήματα
1067 4038 1162 4107 καὶ
1186 4036 1414 4109 πράξεις
1433 4054 1449 4068 ·
1481 4037 1542 4090 οὐ
1567 4035 1677 4109 7&9
1699 4038 1888 4109 ἐποίη-

307 4142 403 4180 σεν
466 4126 941 4199 ἁμαρτίαν-ταύτῃ
988 4144 1071 4181 τοι
1116 4128 1212 4181 καὶ
1243 4126 1664 4198 ὁλοκαυτώματα
1685 4128 1778 4183 καὶ
1806 4128 1893 4183 θυ⁸

301 4216 514 4287 σίασμά
562 4234 696 4289 φησι
742 4216 842 4289 τὴν
877 4217 1212 4289 καθιέρωσιν
1245 4217 1339 4271 τοῦ
1378 4218 1566 4288 κριοῦ.
1602 4219 1664 4273 οὐ
1687 4219 1796 4291 γάρ
1826 4222 1889 4274 ὲκ

303 4310 508 4381 μέρους
537 4311 692 4380 ἀγιος
741 4312 774 4382 ἢ
834 4313 999 4384 ἱερός.
1033 4313 1242 4381 Πρέποι
1274 4312 1384 4383 γάρ
1432 4312 1499 4365 ἂν
1544 4314 1647 4366 οὐκ
1696 4314 1889 4385 ἐκείνῳ

300 4399 488 4465 ποθὲν,
528 4401 662 4471 ἡμῖν
688 4401 746 4455 δὲ
778 4401 998 4473 μᾶλλον,
1033 4402 1094 4456 τὸ
1123 4402 1220 4456 καὶ
1254 4400 1502 4455 ἀσθενεῖν
1543 4401 1653 4455 ἔσθ’
1681 4403 1768 4456 ὅτε
1794 4403 1889 4456 καὶ

300 4490 567 4546 ὲναλῶναι
614 4492 919 4564 πταίσμασι
951 4508 968 4527 ο
1005 4493 1247 4565 καθαρὸς
1272 4493 1382 4565 γὰρ
1408 4493 1583 4559 οὐδεὶς
1620 4493 1680 4560 ἐξ
1704 4496 1886 4567 άμαρυ
1918 4523 1960 4580 υ

298 4583 456 4648 τιῶν,
477 4585 572 4639 καὶ
597 4584 768 4640 πολλὰ
797 4586 1061 4658 πταίομεν
1089 4587 1347 4652 ἅπαντες,
1372 4584 1513 4640 κατὰ
1544 4586 1605 4640 τὸ
1635 4603 1886 4658 γεγραμο

377 4693 489 4730 νον.

377 4693 489 4730 νον.

303 4674 583 4823 μέηΑΑΑ.
618 4767 730 4822 Καὶ
762 4768 879 4831 πῶς
919 4767 985 4822 ἀν
1024 4750 1107 4832 τις
1139 4768 1304 4823 οἴοιτο
1340 4770 1503 4840 τυχδν
1530 4810 1544 4835 ,
1590 4768 1683 4822 καὶ
1715 4768 1884 4841 αὐτὴν

298 4858 556 4927 γενέσθαι
578 4859 676 4932 τὴν
704 4859 941 4932 Χριστοῦ
964 4859 1107 4932 ζωὴν
1126 4860 1267 4933 ὑπὲρ
1299 4860 1492 4932 ήμῶν;

376 5036 539 5091 ΚΥΡ.
564 5037 678 5091 Καὶ
699 5035 805 5108 μὴν
831 5037 955 5111 εἴσῃ
975 5055 1058 5092 τοι
1079 5039 1171 5093 καὶ
1201 5022 1345 5110 μάλα
1373 5036 1591 5110 ῥᾳδίως,
1624 5039 1884 5110 ἐννοήσας

297 5128 383 5182 δτι
432 5127 531 5198 τῆς
587 5130 648 5182 ὲν
691 5128 860 5199 Ἀδάμ
890 5130 1253 5201 παρασάσεως
1282 5130 1588 5202 γεγόναμεν
1613 5132 1881 5197 κοινωνοὶ,

303 5217 467 5286 μόνον
488 5216 548 5270 δὲ
567 5207 700 5287 ὀὐχὶ
724 5216 947 5271 καὶτῶν
969 5218 1164 5290 ἐκείνῳ
1192 5217 1749 5289 πεπλημμελημένων
1789 5220 1883 5272 ὲκ-

299 5309 599 5378 τετίκαμεν
666 5307 857 5373 δίκας,
906 5309 1313 5381 διαδραμούσης
1360 5311 1442 5373 είς
1495 5310 1740 5376 ἅπαντας
1787 5311 1888 5381 τῆς

298 5401 466 5470 ἀρᾶς,
492 5401 587 5453 καὶ
613 5400 675 5454 τὸ
720 5400 781 5466 ἐξ
818 5402 1032 5456 ἐκείνου
1067 5403 1224 5472 γένος
1265 5401 1738 5473 κατανεμηθείσης
1760 5404 1887 5475 τρό-

299 5510 406 5547 πον
428 5490 552 5545 τινὰ
581 5493 681 5563 τῆς
721 5494 916 5566 ὀργῆς.
946 5495 1220 5550 Καθίκετο
1263 5494 1445 5549 τοίνυν
1492 5496 1573 5558 είς
1615 5495 1888 5568 ὲνανθρω-

301 5586 542 5656 πέτηται,
593 5586 689 5641 καὶ
723 5587 1036 5660 ἐσκήνωσεν
1084 5590 1142 5643 ὲν
1170 5589 1306 5660 ἡμῖν
1332 5588 1362 5641 6
1398 5588 1740 5660 Μονογενὴς,
1791 5588 1886 5644 καὶ

378 5764 422 5797 ⁸⁸
441 5764 603 5823 Rom.
645 5766 818 5836 111,5.
894 5767 939 5799 ⁸⁸
975 5766 1078 5823 Job
1112 5782 1222 5838 xxv,
1264 5767 1315 5824 4.
1392 5767 1432 5802 ⁸¹
1466 5767 1579 5825 Jac.
1606 5782 1685 5837 ιιι,
1718 5766 1775 5823 2.

1998 1942 2154 1998 eque
2192 1942 2256 1983 ac
2285 1927 2519 1983 vitulus:
2548 1928 2850 1986 ellunditur
2880 1929 3009 1984 item
3033 1928 3255 1998 sanguis
3282 1926 3350 1982 ad
3391 1927 3584 1993 altare,

1997 2030 2055 2077 et
2082 2021 2429 2076 membratim
2448 2038 2623 2078 ctesus
2646 2022 2898 2085 ollertur,
2944 2022 3224 2077 intestinis
3252 2022 3380 2076 lotis
3406 2037 3574 2090 aqua,

1998 2128 2125 2169 cum
2157 2113 2340 2183 capite
2361 2113 2523 2167 simul
2557 2128 2622 2167 ac
2646 2112 2905 2181 pedibus,
2948 2112 3081 2182 quia
3124 2111 3412 2166 incensum
3458 2116 3580 2164 est:

1996 2219 2098 2275 per
2152 2218 2275 2274 quae
2306 2219 2500 2258 rursus
2530 2203 2695 2257 nobis
2720 2203 2975 2258 Christus
3007 2202 3362 2265 describitur,
3394 2200 3485 2255 ille
3525 2198 3580 2255 iu

1996 2295 2170 2351 ariete
2194 2294 2440 2365 perfecto
2464 2294 2764 2365 perfectus,
2782 2302 3138 2365 sanctamque
3163 2294 3330 2348 vitam
3348 2293 3578 2348 habens:

1997 2385 2052 2441 id
2082 2386 2232 2441 enim
2262 2385 2554 2458 signiﬁcat,
2585 2386 2883 2456 utopinor,
2918 2385 3065 2456 quod
3120 2386 3346 2455 sanguis
3392 2385 3461 2439 ad
3497 2383 3580 2438 al-

1996 2483 2114 2531 tare
2137 2476 2391 2533 funditur
2416 2495 2429 2532 :
2471 2478 2695 2548 sanguis
2728 2478 2933 2548 quippe
2959 2477 3083 2532 vitae
3110 2476 3285 2547 ﬁgura
3315 2484 3420 2539 est,
3444 2482 3501 2529 et
3523 2475 3579 2530 in

1992 2569 2225 2625 odorem
2248 2570 2537 2625 suavitatis
2562 2570 2783 2625 oblatus
2818 2569 2932 2625 Deo
2952 2576 3011 2624 et
3069 2569 3219 2624 Patri
3260 2583 3361 2639 pro
3391 2567 3580 2621 omni.

1993 2660 2101 2717 bus
2122 2661 2286 2717 simul
2307 2676 2373 2716 ac
2395 2662 2626 2733 singulis
2645 2680 2659 2727 ;
2679 2661 2846 2732 hujus
2862 2660 2992 2716 item
3013 2661 3095 2716 rei
3125 2660 3298 2732 ﬁgura
3325 2669 3409 2715 est
3429 2663 3577 2730 quod

1993 2753 2140 2809 aries
2169 2753 2349 2819 altari,
2377 2764 2434 2811 et
2472 2762 2736 2824 tanquam
2775 2762 2923 2810 totus
2959 2762 3015 2811 et
3048 2769 3147 2824 per
3179 2753 3427 2808 membra
3471 2767 3579 2808 cae-

1992 2862 2094 2902 sus
2120 2846 2527 2918 imponebatur.
2554 2846 2665 2900 Nos
2687 2845 2817 2901 item
2841 2855 2898 2901 et
2927 2845 3129 2916 singuli
3157 2844 3403 2899 membra
3419 2842 3580 2901 Chri-

1990 2938 2067 2993 sti
2085 2954 2297 3003 sumus,
2337 2947 2395 2994 et
2422 2938 2671 2993 universi
2693 2953 2864 2992 unum
2888 2953 3091 3008 corpus
3114 2937 3478 3008 intelligimur
3507 2936 3574 2999 “;

1991 3037 2167 3086 totum
2199 3045 2367 3101 porro
2392 3030 2545 3085 illum
2562 3045 2685 3086 esse
2697 3045 2915 3086 sacrum
2938 3045 3001 3085 ac
3025 3037 3298 3094 sanctum,
3318 3038 3376 3084 et
3392 3027 3576 3086 labem

1993 3121 2328 3192 impuritatis
2351 3122 2557 3178 habere
2575 3114 2802 3187 nullam,
2826 3122 3039 3177 ablutio
3061 3121 3152 3176 illa
3185 3120 3575 3176 intestinorum

1990 3201 2196 3283 optime
2226 3214 2489 3270 declarat.
2527 3214 2701 3271 Simul
2732 3224 2917 3270 autem
2958 3213 3271 3269 oﬁ‘eruntur
3318 3221 3487 3284 caput
3518 3222 3577 3269 et

1989 3304 2180 3375 pedes,
2237 3312 2299 3359 ut
2330 3304 2422 3359 illa
2482 3305 2915 3360 suaveolentiam
2969 3304 3301 3370 sanctitatis,
3340 3320 3463 3374 qua:
3514 3302 3571 3358 in

1992 3391 2293 3447 Salvatoris
2331 3392 2507 3448 nostri
2550 3393 2663 3447 vita
2696 3409 2728 3448 a
2753 3392 3030 3463 principio
3082 3408 3259 3462 usque
3303 3393 3360 3447 in
3406 3391 3572 3448 ﬁnem

1990 3482 2115 3545 fuit,
2162 3484 2474 3539 ostendant.
2532 3484 2668 3539 Nam
2721 3485 2988 3556 cujusque
3043 3482 3343 3539 animantis
3401 3493 3573 3553 caput

1990 3575 2321 3646 principium
2351 3584 2470 3643 est;
2500 3585 2808 3631 extremum
2828 3592 2961 3632 vero
2981 3593 3046 3633 ac
3072 3576 3197 3656 ﬁnis
3238 3576 3410 3632 totius
3446 3591 3573 3631 cor-

1990 3668 2143 3739 poris
2165 3667 2353 3739 pedes.
2380 3668 2491 3724 Aut
2516 3668 2752 3726 fortasse
2799 3669 3001 3725 melius
3028 3677 3134 3734 est,
3161 3668 3220 3723 in
3272 3666 3475 3723 mentis
3506 3667 3572 3721 ﬁ-

1989 3776 2178 3831 guram
2206 3770 2373 3833 caput
2394 3763 2681 3833 accipere;
2712 3762 2966 3824 incessus
3010 3778 3143 3819 vero
3175 3763 3297 3834 ejus
3319 3802 3333 3824 ,
3367 3775 3479 3831 quo
3514 3759 3573 3815 in

1991 3853 2306 3910 actionibus
2332 3853 2636 3911 eﬁiciendis
2665 3856 3074 3928 progredimur,
3105 3855 3295 3926 pedes.
3314 3854 3376 3909 ln
3406 3853 3572 3909 Chri-

1990 3949 2077 3997 sto
2096 3949 2281 3998 autem
2320 3943 2551 3999 odorem
2575 3944 2807 4014 spirant,
2830 3948 2891 3999 et
2910 3960 3132 4000 summa
3157 3944 3397 4014 puritate
3427 3958 3573 4015 pra:-

1990 4041 2136 4088 stant
2164 4034 2348 4089 omnia
2376 4042 2492 4089 tum
2522 4034 2781 4104 cogitata,
2831 4044 2949 4090 tum
2973 4034 3148 4097 facta;
3202 4048 3381 4103 neque
3423 4032 3571 4087 enim

1989 4132 2275 4194 peccatum
2305 4124 2454 4188 fecit,
2474 4125 2547 4178 ob
2566 4140 2797 4194 eamque
2820 4139 3039 4180 causam
3069 4124 3211 4179 hanc
3235 4122 3571 4179 oblationem

1990 4214 2177 4269 arietis
2202 4222 2258 4269 et
2284 4214 2677 4270 holocaustum
2700 4223 2759 4271 et
2797 4215 3088 4271 incensum
3157 4215 3435 4286 appellat;
3470 4231 3568 4269 ne-

1989 4322 2098 4377 que
2134 4306 2282 4362 enim
2335 4321 2404 4361 ex
2465 4315 2621 4376 parte
2668 4316 2893 4362 sanctus
2925 4315 3020 4361 aut
3068 4322 3229 4362 sacer
3284 4316 3403 4362 est:
3458 4323 3570 4364 non

1988 4397 2138 4454 enim
2178 4396 2469 4457 inﬁrmitas
2497 4398 2613 4452 ulla
2637 4406 2733 4453 aut
2760 4400 2949 4470 lapsus
2972 4399 3176 4469 aliquis
3204 4399 3261 4453 in
3296 4399 3452 4454 illum
3474 4414 3568 4453 ca-

1991 4489 2094 4553 dit,
2123 4496 2185 4542 ut
2203 4489 2366 4545 nobis
2392 4490 2689 4559 contingit;
2710 4505 2871 4546 nemo
2893 4490 3096 4561 quippe
3124 4490 3362 4545 mundus
3383 4506 3414 4544 a
3440 4503 3568 4559 pce-

1991 4581 2131 4637 catis
2162 4582 2209 4614 '°
2230 4622 2247 4648 ,
2280 4590 2338 4638 et
2368 4583 2424 4637 in
2458 4583 2648 4638 multis
2678 4584 3009 4639 oﬁ‘endimus
3055 4597 3270 4647 omnes,
3320 4589 3382 4636 ut
3430 4580 3569 4638 scriv

1991 4683 2144 4745 ptum
2171 4682 2257 4730 est
2285 4676 2352 4730 δι.

2063 4765 2260 4820 PALL.
2297 4765 2403 4821 Sed
2440 4765 2614 4836 ipsam
2666 4781 2886 4837 quoque
2935 4766 3236 4823 Salvatoris
3275 4767 3450 4821 nostri
3483 4766 3571 4821 vi—

1992 4866 2101 4912 tam
2129 4871 2228 4926 pro
2262 4857 2424 4912 nobis
2469 4857 2661 4924 fuisse,
2721 4873 2829 4933 qua
2866 4859 3080 4915 ratione
3133 4859 3405 4931 quispiam
3449 4860 3570 4914 exi-

1986 4946 2209 5002 stimare
2236 4948 2450 5017 potest?

2058 5038 2216 5095 CYR.
2252 5037 2532 5109 Percipies
2556 5039 2610 5095 id
2641 5055 2792 5105 vero,
2850 5048 2907 5095 et
2937 5041 3163 5111 quidem
3192 5042 3375 5109 facile,
3411 5043 3459 5099 si
3489 5045 3573 5100 in-

1992 5132 2271 5189 tellexeris
2302 5133 2455 5188 illius
2492 5133 2547 5188 in
2589 5133 2764 5189 Adam
2796 5136 3250 5211 transgressionis
3295 5153 3399 5193 nos
3447 5154 3570 5193 esse

1986 5221 2288 5292 participes
2317 5221 2511 5287 factos,
2543 5229 2600 5279 et
2624 5239 2840 5289 eorum,
2875 5240 2996 5295 qua:
3036 5224 3129 5283 ille
3168 5225 3423 5295 doliquit,
3448 5241 3573 5295 perv

1987 5315 2221 5371 solvisse
2247 5330 2462 5386 pmnas,
2494 5331 2620 5371 cum
2664 5315 2719 5372 in
2750 5316 3044 5371 universos
3068 5317 3455 5387 pcrtransierit
3478 5316 3569 5370 illa

1988 5408 2327 5473 maledictio,
2383 5416 2441 5463 et
2480 5408 2629 5479 quod
2684 5423 2753 5462 cx
2785 5423 2852 5463 eo
2901 5418 3079 5462 satum
3119 5416 3205 5463 est
3245 5423 3439 5478 genus,
3475 5407 3567 5461 illa

1987 5498 2073 5555 ira
2099 5498 2506 5570 quodammodo
2535 5499 2759 5567 depasta
2792 5497 2882 5551 sit.
2915 5498 3082 5568 396
3106 5498 3200 5552 lllc
3232 5496 3398 5567 igitur
3433 5496 3562 5552 Uni-

1989 5589 2207 5661 genitus
2230 5589 2298 5646 ad
2328 5586 2570 5644 hominis
2625 5592 2878 5643 naturam
2917 5584 3223 5650 descendit,
3264 5593 3319 5641 ct
3342 5584 3562 5645 habita-
