3996 6212
387 312 494 379 ξω

1414 325 1469 382 s.
1514 304 1791 382 erant!
1830 324 2299 383 ALEXANDRINI
2338 326 2658 384 ARCHIEP.

3543 322 3652 380 τω

388 429 760 502 τίιὶιιιόοιιίε,
795 443 852 491 et
890 450 1009 491 sese
1049 436 1163 491 Deo
1208 451 1273 492 ac
1312 437 1461 493 Patri
1514 439 1773 509 subjecit.
1818 459 1837 491 ι
1862 438 1965 494 Fa-

2082 439 2346 511 3πέθηκεν
2389 439 2583 494 ἑαυτὸν
2623 438 2704 510 τῷ
2730 437 2852 510 Θιῷ
2891 438 2982 492 καὶ
3022 436 3218 509 Πατρί.
3254 456 3274 488 ι
3309 435 3509 504 Γέγονε
3538 436 3654 507 γὰρ

388 537 513 585 ctus
541 536 627 584 est
650 529 798 583 enim
838 528 1105 583 obediens
1136 543 1310 599 usque
1364 530 1432 584 ad
1493 540 1727 586 mortem
1758 532 1826 597 ⁸²,
1856 550 1875 584 ›
1909 539 1968 587 et

389 618 540 675 illius
561 635 627 673 ex
648 618 819 674 Adam
841 618 1177 675 desertionis
1205 621 1415 679 crimen
1436 622 1595 684 eluit,
1620 631 1676 678 et
1702 623 1967 678 obedien-

389 709 479 762 tia:
508 722 619 763 sum
672 706 899 763 odorem
932 715 1189 778 tanquam
1242 725 1345 779 pro
1387 711 1646 767 omnibus
1692 713 1855 769 simul
1911 723 1968 769 et

389 799 618 869 singulis
663 799 776 853 Deo
812 809 870 854 et
924 799 1073 854 Patri
1104 800 1327 866 obtulit,
1375 818 1440 858 ac
1475 818 1576 872 per
1618 804 1798 873 ipsum
1830 804 1964 859 salvi

388 890 517 945 lacti
547 905 785 945 sumus:
835 894 996 963 cujus
1046 892 1128 947 rei
1178 893 1383 948 Paulus
1434 894 1595 949 testis
1629 904 1734 960 est,
1769 896 1968 966 quisic

390 981 647 1053 scripsit:
701 1002 718 1035 ι
743 984 934 1055 Igitur,
971 985 1116 1040 sicut
1156 1001 1255 1056 per
1284 987 1449 1041 unius
1476 986 1739 1043 delictum
1761 989 1817 1043 in
1845 1004 1967 1043 om-

389 1088 491 1129 nes
539 1075 791 1131 homines
818 1076 873 1131 in
926 1076 1476 1143 condemnationem,
1534 1080 1615 1135 sic
1668 1081 1834 1136 etiam
1867 1097 1970 1152 per

391 1167 557 1222 unius
586 1168 858 1239 justitiam
902 1168 957 1223 in
988 1184 1181 1225 omnes
1212 1170 1268 1224 in
1295 1169 1750 1240 justiﬁcationem
1811 1172 1960 1228 vitae.

392 1257 548 1314 Sicut
566 1260 713 1315 enim
739 1275 838 1330 per
864 1261 1029 1315 unius
1053 1261 1294 1318 hominis
1321 1259 1751 1318 inobedientiam
1775 1279 1970 1334 pecca-

396 1360 545 1407 tores
592 1352 875 1407 constituti
937 1360 1067 1407 sunt
1094 1352 1252 1407 multi
1279 1369 1294 1419 ;
1324 1353 1404 1409 sic
1456 1369 1557 1423 per
1597 1353 1969 1412 obedientiam

394 1443 561 1498 unius
580 1444 820 1499 hominis
828 1445 963 1517 justi
994 1445 1403 1502 constituentur
1427 1445 1586 1501 multi
1607 1446 1654 1478 ⁸³
1675 1488 1688 1501 .
1712 1465 1731 1497 ι
1758 1446 1970 1505 Intelli-

396 1537 481 1606 gis
514 1535 681 1607 igitur
713 1537 892 1592 salvos
913 1552 1015 1593 nos
1031 1553 1152 1594 esse
1169 1537 1362 1604 factos,
1382 1536 1603 1593 Christo
1633 1537 1772 1593 utin
1810 1538 1971 1594 vituli

398 1625 570 1697 ﬁgura
607 1641 708 1697 pro
730 1626 889 1683 nobis
916 1635 1164 1693 mortuo,
1201 1627 1296 1683 sed
1318 1643 1419 1697 per
1447 1628 1567 1699 ejus
1598 1627 1972 1683 obedientiam

394 1726 449 1771 et
497 1719 665 1773 vitam
707 1720 761 1774 in
794 1718 1224 1775 sanctiﬁcatione
1277 1728 1453 1773 actam
1490 1734 1716 1773 suavem
1752 1718 1865 1774 Deo
1907 1734 1972 1774 ac

394 1810 545 1865 Patri
591 1810 821 1865 odorem
865 1810 1169 1865 redolere?
1213 1810 1351 1864 Nam
1398 1810 1466 1865 ad
1507 1819 1756 1864 sanctum
1800 1810 1973 1865 altare
2006 1790 2045 1845 Β

396 1903 588 1958 arietis
617 1918 784 1958 cruor
812 1901 1223 1957 effundebatur.

467 1993 666 2050 PALL.
700 1992 887 2047 Teneo
907 1990 1056 2061 quod
1084 1990 1245 2046 dicis.

467 2082 626 2138 CYR.
657 2081 926 2139 Eumdem
977 2096 1112 2137 vero
1146 2090 1207 2136 ut
1239 2080 1402 2135 nobis
1439 2080 1591 2135 varie
1629 2089 1889 2150 tanquam
1919 2080 1977 2136 in

399 2175 613 2231 umbris
642 2174 956 2247 efﬁngeret:
983 2176 1051 2230 Et
1073 2190 1277 2239 sumes,
1336 2174 1535 2245 inquit,
1570 2173 1802 2229 arietem
1841 2173 1978 2229 aite-

399 2279 545 2329 rum,
577 2265 672 2335 qui
701 2264 867 2320 etiam
894 2264 963 2320 ad
995 2263 1253 2320 eumdem
1284 2262 1509 2319 modum
1537 2278 1648 2334 quo
1678 2263 1851 2333 prior,
1877 2263 1979 2317 im-

397 2357 657 2423 molatur,
696 2358 1032 2429 ungitur-que
1060 2356 1267 2422 Aaron,
1289 2365 1577 2427 ccetusque
1603 2354 1977 2426 subjectorum

399 2446 478 2502 illi
538 2445 889 2503 sacerdotum
942 2447 1341 2512 sanctiﬁcatur,
1377 2446 1656 2518 sanguine
1689 2446 1758 2501 ad
1796 2455 1978 2501 extre-

397 2550 519 2594 mas
537 2538 765 2594 dextras
797 2554 995 2596 manus
1023 2546 1081 2595 et
1132 2555 1299 2595 aures
1340 2548 1397 2595 et
1421 2539 1592 2610 pedes
1638 2538 1811 2594 illito:
1846 2554 1976 2594 san-

398 2629 675 2686 etiﬁcatur
722 2630 891 2685 etiam
946 2630 1304 2687 sacerdotum
1372 2631 1514 2687 stola
1572 2631 1839 2702 sanguine
1892 2646 1979 2685 re-

399 2736 615 2794 spersa:
649 2730 766 2778 tum
795 2722 1041 2793 reliquus
1059 2723 1284 2795 sanguis
1308 2724 1407 2780 Dei
1434 2725 1591 2796 jussu
1620 2724 1689 2779 ad
1707 2724 1879 2779 basim
1899 2723 1979 2778 al-

401 2815 536 2870 taris
555 2814 833 2870 funditur.
858 2814 1167 2871 Sumuntur
1219 2816 1423 2873 deinde
1469 2816 1728 2874 intestina
1765 2826 1823 2873 et
1848 2833 1976 2889 azy-

398 2919 523 2961 mus
542 2906 699 2977 panis
732 2914 790 2962 et
814 2907 1070 2978 laganum
1108 2924 1300 2975 unum,
1349 2909 1513 2965 ambo
1541 2910 1638 2965 lita
1687 2910 1831 2975 oleo,
1880 2924 1975 2964 ea-

396 3013 506 3069 que
545 3000 662 3056 suis
690 3000 951 3056 manibus
1002 3001 1257 3071 imposita
1282 3000 1465 3057 Aaron
1501 3002 1732 3073 ejusque
1763 3000 1861 3055 ﬁlii
1891 3000 1977 3055 af-

2068 531 2308 600 ὐπήκοος
2342 530 2508 601 μέχρι
2554 530 2807 589 θανάτου.
2839 547 2858 580 ι
2898 529 3002 598 τῆς
3049 527 3111 593 ἐξ
3151 525 3321 598 ’Δδὰμ
3347 527 3654 594 άποταξίας

2065 620 2343 690 ἀφανίζων
2391 621 2463 674 τά
2514 620 2874 691 ἐγκλήματα,
2917 620 3014 674 καὶ
3055 620 3156 690 τῆς
3208 618 3523 681 εὐπειθείας
3550 617 3654 690 τὴι

2066 713 2296 767 εὐωδίαν
2327 714 2404 779 ὡς
2445 713 2587 784 ὑπὲρ
2619 713 2839 767 πάντων
2874 729 2934 765 τε
2975 711 3091 782 ἅμα
3124 710 3220 764 καὶ⁸
3244 710 3387 782 ὑπὲρ
3414 709 3653 764 ἑκάστου

2068 810 2425 879 προσαγήοχε
2450 805 2529 878 τῷ
2553 804 2672 877 Θεῷ
2708 805 2803 859 καὶ
2839 805 3036 875 Ila-:91,
3062 804 3158 858 καὶ
3179 803 3249 859 δι’
3281 802 3446 858 αὐτοῦ
3476 801 3653 856 σεσώ-

2069 898 2244 968 σμεθα
2268 916 2281 929 ·
2308 900 2405 952 καὶ
2437 899 2645 970 μάρτυς
2669 898 2699 951 ὁ
2722 897 2932 963 Παῦλος
2967 898 3063 951 ὡδὶ
3094 895 3394 969 γεγραφώς
3421 914 3435 927 ο
3473 895 3655 964 ιἈρα

2066 986 2181 1055 οὖν,
2215 990 2290 1055 ὡς
2317 991 2385 1044 δι’
2419 991 2537 1055 ἑνὸς
2578 989 3028 1064 παραπτώματος
3064 992 3145 1053 είς
3177 989 3389 1051 πάντας
3445 986 3653 1058 ἀνθρὼ-

2068 1097 2205 1145 πους
2229 1082 2309 1144 εἰς
2342 1080 2680 1152 κατάκριμα,
2719 1079 2864 1134 οὕτω
2907 1079 3004 1133 καὶ⁵
3032 1080 3237 1143 δι’ὲνὺς
3278 1077 3653 1149 δικαιώματος

2069 1174 2149 1236 είς
2195 1173 2407 1236 πάντας
2437 1172 2760 1244 ἀνθρώπους
2815 1175 2895 1237 εἰς
2936 1172 3220 1227 δικαίωσιν
3246 1170 3391 1241 ζωῆς
3416 1187 3431 1201 ⁸
3462 1169 3654 1239 ὥσπερ

2068 1264 2179 1335 γὰρ
2202 1264 2291 1320 διὰ
2313 1265 2413 1335 τῆς
2438 1266 2721 1336 παρακοῆς
2752 1264 2845 1319 τοῦ
2877 1264 2997 1329 ἑνὸς
3025 1261 3317 1334 ἀνθρώπου
3334 1260 3653 1332 ἁμαρτωλοὶ

2070 1357 2487 1429 κατεστάθησαν
2525 1358 2575 1411 οι
2617 1356 2823 1419 πολλοὶ,
2860 1355 3004 1410 οὕτω
3032 1353 3123 1408 διὰ
3152 1353 3253 1423 τῆς
3278 1353 3529 1421 ὑπακοῆς
3555 1349 3654 1404 τοῦ

2072 1449 2191 1513 ἑνὸς
2216 1447 2507 1520 ἀνθρώπου
2533 1448 2735 1503 δίκαιοι
2763 1445 3271 1515 κατασταθήσονται
3305 1446 3353 1497 oi
3386 1442 3589 1496 πολλοί.
3629 1460 3651 1494 ο

2072 1540 2269 1611 Συνίης
2302 1536 2396 1594 οὖν
2423 1540 2506 1594 δτι
2562 1538 2882 1609 σεσώσμεθα
2937 1538 3037 1608 μὲν
3065 1538 3143 1601 ὡς
3166 1536 3223 1589 ἐν
3246 1552 3309 1604 γε
3340 1533 3418 1604 τῷ
3445 1535 3648 1604 μόσχῳ,

2070 1631 2370 1696 τεθνεῶτος
2394 1632 2537 1702 ὑπὲρ
2565 1630 2724 1703 ἡμῶν
2763 1629 2861 1685 τοῦ
2895 1629 3133 1701 Χριστοῦ
3159 1668 3176 1693 ,
3205 1624 3569 1696 εὐωδιὰζομεν
3592 1624 3653 1677 δὲ

2072 1724 2150 1795 τῷ
2173 1723 2292 1795 Θεῷ
2321 1725 2416 1777 καὶ
2446 1724 2621 1794 Harp).
2665 1722 2753 1776 διὰ
2783 1722 2883 1792 τῆς
2911 1721 3189 1791 ὑποταγῆς
3214 1718 3377 1774 αὑτοῦ
3416 1717 3512 1770 καὶ
3550 1714 3656 1784 τῆς

2076 1818 2135 1870 ὲν
2159 1814 2417 1886 ἁγιασμῷ
2443 1814 2616 1885 ζωῆςς
2649 1816 2974 1885 Προσεχείτο
2999 1813 3109 1885 γὰρ
3128 1812 3189 1867 τὸ
3215 1806 3355 1883 αἷμα
3376 1807 3471 1863 τοῦ
3494 1806 3654 1879 κριοῦ

2075 1905 2155 1974 τῷ
2189 1905 2332 1976 ἁγίῳ
2360 1905 2755 1976 θυσιαστηρίῳ.

2148 1994 2356 2049 ΠΑΛΛ.
2379 1994 2611 2064 Συνίημι
2633 1994 2663 2047 ὃ
2708 1998 2835 2064 φής.

2147 2085 2311 2140 ΚΥΡ.
2358 2085 2720 2157 Πολυτρόπως
2762 2085 2819 2139 δὲ
2849 2084 2942 2138 τὸν
2970 2082 3133 2137 αὐτὸν
3156 2084 3289 2153 ἡμῖν
3312 2077 3662 2134 διαπλάττων

2076 2178 2153 2242 ὠς
2187 2178 2246 2231 ὲν
2275 2179 2454 2241 σκιαῖς
2478 2195 2492 2211 ο
2521 2178 2634 2232 Καὶ
2654 2177 2820 2249 λήψῃ,
2857 2176 3015 2245 φησι,
3044 2174 3198 2245 κριὸν
3230 2173 3335 2227 «δν
3377 2170 3658 2242 δεύτερον,

2077 2269 2170 2323 καὶ
2199 2269 2501 2340 πράττεται
2529 2268 2627 2340 μὲν
2653 2268 2739 2322 ἐπ’
2769 2266 2920 2337 αὑτῷ
2949 2265 3088 2322 κατὰ
3109 2267 3200 2320 τὸν
3223 2264 3441 2335 πρῶτον
3460 2262 3494 2331 ἡ
3517 2277 3662 2331 σφα·-

2076 2362 2169 2433 γη.
2204 2361 2577 2432 Καταχρίεται
2605 2359 2662 2414 δὲ
2695 2359 2926 2431 ⁹Δαρὼν,
2976 2358 3073 2413 καὶ
3123 2357 3186 2411 τὸ
3230 2357 3321 2409 ὑπ’
3356 2353 3507 2424 αὐτῷ
3547 2352 3664 2406 τῶν

2081 2454 2273 2526 ἱερέων
2313 2452 2601 2523 ἁγιάζεται
2639 2452 2846 2521 στίφος,
2887 2450 3268 2520 ἐπιτιθεμένου
3298 2446 3391 2502 τοῦ
3426 2448 3663 2516 αἵματος

2077 2543 2164 2597 ἐπ’
2197 2544 2387 2616 ἄκροις
2411 2542 2594 2613 χειρὸς
2626 2541 2721 2594 καλ⁸
2740 2540 2925 2603 ὠτίου,
2956 2540 3051 2594 καὶ
3085 2538 3194 2609 μὴν
3224 2536 3319 2590 καὶ
3353 2534 3510 2597 ποδὸς
3545 2531 3663 2587 τῶν

2076 2634 2268 2701 δεξιῶν
2291 2653 2305 2667 ο
2375 2632 2667 2701 ἁγιάζεται
2701 2632 2761 2686 δὲ
2807 2631 2905 2686 καὶ
2933 2630 3040 2684 τῶν
3073 2628 3325 2699 ίερέωνὴ
3360 2625 3521 2696 στολὴ
3553 2641 3659 2677 κα-

2077 2724 2533 2798 ταῤῥαίντισθεῖσα
2566 2723 2645 2794 τῷ
2678 2723 2892 2795 αἵματι,
2938 2717 3058 2775 εἶτα
3090 2719 3183 2774 τοῦ
3215 2718 3494 2778 λείποντος
3525 2716 3652 2769 ἑπι-

2079 2810 2448 2890 προχεόμένου
2498 2818 2566 2887 τῇ
2614 2815 2768 2886 βάσει
2825 2813 2922 2869 τοῦ
2978 2810 3399 2882 θυσιαστηρίου,
3430 2804 3661 2863 κατὰτδ

2077 2910 2198 2979 Θεῷ
2248 2907 2441 2963 δοκοῦν
2468 2947 2484 2971 ,
2544 2906 2991 2978 άπολαμδὰνεται
3043 2903 3113 2957 τά
3158 2920 3218 2957 τε
3267 2900 3518 2955 ὲντὸσθια
3548 2898 3646 2953 καὶ

2078 3000 2287 3069 acopo;
2331 2997 2494 3069 ἄρτος
2546 2998 2640 3051 καὶ
2693 2996 2927 3064 λάγανον
2966 2995 3026 3049 ἓν
3046 3010 3059 3024 ·
3092 2994 3261 3065 ἄμφω
3294 2992 3355 3045 δὲ
3384 2986 3454 3062 ἦν
3481 2990 3660 3043 ἐλαιό-

398 3090 611 3157 ferunt;
650 3092 855 3163 excipit
874 3101 1058 3149 autem
1084 3093 1415 3150 sacriﬁcium
1457 3102 1515 3148 et
1551 3092 1716 3149 offert
1742 3092 1973 3164 Moyses.

2082 3092 2244 3146 δευτα
2271 3106 2287 3121 ⁸
2336 3092 2431 3145 καὶ
2479 3088 2911 3161 προεκκομίζουσι
2967 3087 3066 3158 μὲν
3109 3086 3168 3138 ἐν
3200 3083 3388 3155 χερσὶν
3416 3081 3661 3144 ἐνθέντες

398 3183 625 3239 Armum
646 3194 914 3256 praeterea
965 3195 1131 3257 atque
1170 3186 1551 3257 pectusculum
1595 3185 1777 3257 inquit
1818 3185 1979 3241 attri-

399 3275 495 3330 bui
515 3286 767 3346 oportere
787 3279 1082 3346 sacerdoti,
1114 3289 1171 3335 et
1208 3281 1353 3335 inter
1379 3288 1631 3351 separata
1674 3278 1976 3335 numerari.

397 3367 611 3425 Nomen
638 3379 823 3426 autem
849 3371 1002 3426 estei
1038 3372 1333 3438 sacriﬁcio,
1363 3372 1524 3429 Aries
1552 3370 1983 3428 consummatio-

400 3460 508 3516 nis.
543 3461 791 3519 Incensis
824 3463 1064 3534 denique
1101 3465 1404 3530 intestinis,
1459 3466 1731 3536 reliquum
1782 3477 1982 3532 corpus

401 3567 527 3607 eum
558 3555 794 3624 panibus
845 3555 1050 3619 editur,
1079 3565 1136 3611 et
1159 3557 1427 3627 reliquiae,
1449 3571 1572 3626 quae
1613 3555 1671 3609 in
1699 3561 1980 3624 posterum

400 3645 549 3700 diem
603 3646 1023 3716 superfuissent,
1052 3648 1163 3718 igni
1213 3648 1643 3713 comburuntur;
1690 3646 1773 3701 sic
1808 3645 1960 3700 enim

403 3752 577 3793 sacras
593 3737 800 3793 littera)
817 3738 1130 3794 eontinent.

472 3927 670 3983 PALL.
702 3926 874 3996 Quam
903 3925 1126 3982 abditus
1151 3933 1235 3982 est
1258 3925 1350 3982 hic
1391 3924 1692 3996 Scriptum
1721 3924 1909 3981 locus!

473 4020 632 4078 CYR.
660 4020 831 4076 Recte
858 4018 1101 4075 indicas:
1132 4017 1356 4075 abditus
1397 4023 1484 4074 est
1506 4016 1656 4071 enim
1702 4032 1852 4080 sane,
1885 4015 1981 4072 sed

404 4114 653 4169 continet
682 4122 864 4168 tamen
890 4111 1097 4169 Christi
1122 4110 1464 4184 mysterium.
1488 4108 1689 4164 Factus
1712 4116 1797 4164 est
1823 4123 1983 4163 nam-

405 4217 515 4271 que
532 4201 692 4256 nobis
705 4200 851 4256 aries
865 4200 1513 4265 consummationis,cum
1545 4198 1602 4252 in
1624 4197 1771 4253 omni
1796 4212 1982 4252 rerum

405 4294 741 4364 optimarum
762 4308 965 4364 genere
1009 4308 1112 4349 nos
1160 4292 1445 4348 absolutos
1506 4297 1674 4360 atque
1706 4289 1984 4361 perfectos

407 4384 639 4450 reddat,
669 4394 727 4441 et
763 4400 864 4456 per
896 4384 1389 4441 sanctiﬁcationem
1428 4382 1484 4436 in
1515 4380 1715 4451 spiritu
1758 4379 1984 4434 virtuti-

2087 3183 2245 3248 ἰδίαις
2269 3183 2320 3235 οἱ
2353 3182 2495 3250 ἀμφὶ
2515 3181 2609 3235 τὸν
2652 3178 2884 3252 Ἀαρὼν,
2912 3177 3237 3246 ἀποδέχεται
3264 3175 3322 3229 δὲ
3340 3173 3441 3244 τὴν
3466 3172 3663 3226 θυσίαν

2081 3275 2175 3329 καὶ
2224 3273 2486 3345 ἀναφέρει
2524 3271 2744 3342 Μωσῆς.
2776 3271 2896 3324 Δεῖν
2922 3268 2979 3321 δὲ
3009 3267 3144 3338 πρὸς
3168 3265 3380 3330 τούτοις
3398 3264 3505 3334 ἔφη
3526 3263 3662 3335 βραο

2081 3366 2235 3439 κίονα
2276 3366 2373 3418 καὶ
2414 3362 2712 3434 ’στηθὴνιον
2749 3358 3149 3417 ἁποτὰττεσθαι
3178 3357 3258 3429 τῷ
3300 3359 3458 3431 ἱερεῖ,
3485 3356 3579 3409 καὶ
3599 3355 3662 3407 ἐν

2085 3456 2248 3528 μοίρᾳ
2267 3454 2483 3509 κεῖσθαι
2514 3452 2625 3506 τῶν
2655 3449 3096 3523 ἀφαιρουμένων.
3133 3449 3345 3520 Ὄνομα
3373 3446 3432 3500 δὲ
3464 3443 3541 3515 τῷ
3560 3443 3661 3498 θῦ-

2086 3565 2236 3619 ματι,
2280 3546 2433 3619 κριδς
2467 3542 2819 3607 τελειώσεως.
2857 3541 3287 3612 Τεθυμιαμένων
3318 3537 3378 3592 δὲ
3421 3536 3532 3590 τῶν
3577 3537 3664 3590 ὲν⁸

2082 3639 2336 3701 τοσθίων,
2381 3640 2444 3693 τὸ
2474 3630 2659 3691 λοιπὸν
2690 3636 2788 3689 σὺν
2820 3634 3005 3706 ἄρτοις
3036 3631 3273 3686 ἐσθίεται
3313 3628 3496 3699 σῶμα,
3526 3626 3666 3698 πυρὶ

2083 3729 2539 3801 κατακαιομένων
2576 3728 2686 3782 τῶν
2719 3728 2802 3791 είς
2846 3725 2908 3780 τὸ
2954 3722 3101 3796 πρωῒ
3125 3719 3660 3792 καταλελειμμέικυν.

2087 3823 2242 3893 Ἔχει
2269 3820 2378 3893 γὰρ
2410 3813 2513 3874 ὦδε
2539 3818 2603 3872 τὸ
2631 3817 2871 3889 γράμμα
2904 3815 2968 3870 τὸ
2997 3813 3164 3887 ίερόν.

2153 3914 2362 3967 ΠᾹΛΛ.
2403 3911 2492 3975 Ὠς
2521 3909 2688 3981 βαθὺς
2716 3911 2744 3963 ὸ
2761 3908 2955 3977 λόγοςι

2152 4006 2316 4061 ΚΥΡ.
2354 4006 2534 4075 Ἐφης
2552 4001 2729 4073 ὀρθῶς
2753 4019 2767 4034 ο
2810 3999 2977 4072 βαθὺς
2995 3998 3106 4071 γὰρ
3133 3999 3200 4071 δὴ
3228 3998 3373 4063 λίαν,
3402 3994 3582 4050 ὠδίνει
3602 3993 3667 4047 δὶ

2086 4100 2194 4171 μὴν
2232 4099 2295 4153 τὸ
2326 4094 2564 4169 Χριστοῦ
2597 4093 2917 4164 μυστήριον.
2954 4089 3148 4159 Γέγονε
3176 4089 3288 4161 γὰρ
3332 4089 3466 4158 ἡμῖν
3511 4084 3668 4157 κριὸς

2082 4187 2414 4251 τελειώσεως
2441 4187 2521 4249 είς
2560 4184 2668 4238 πᾶν
2687 4179 2868 4236 ὁτιοῦν
2898 4179 3005 4234 τῶν
3028 4178 3267 4251 ἀρίστων
3297 4175 3497 4249 ἀρτίως
3525 4174 3669 4245 ἔχον.

2085 4300 2181 4346 τας
2224 4280 2571 4349 ἀποφαίνων,
2618 4276 2714 4331 καὶ
2741 4272 3220 4345 ἑκπρεπεστάτους
3246 4272 3305 4324 ὲν
3344 4270 3569 4341 ἀρεταῖς
3596 4266 3667 4320 δι’

2085 4370 2360 4444 ἀγιασμοῦ
2391 4371 2449 4425 ὲν
2481 4367 2770 4438 πνεύματι,
2803 4364 2900 4419 καὶ
2937 4363 3045 4435 πρό
3076 4378 3142 4432 γε
3163 4361 3270 4416 τῶν
3296 4360 3472 4415 ἄλλων
3498 4355 3669 4427 ἀκοὴν

405 4476 512 4532 bus
559 4445 799 4549 insignes
838 4474 1065 4543 eﬂiciat;
1113 4482 1170 4530 et
1216 4483 1347 4529 ante
1391 4472 1497 4526 alia
1544 4486 1708 4525 aures
1763 4470 1979 4540 adjiciat

2089 4465 2187 4535 μὲν
2229 4460 2426 4526 ἐνθεὶς,
2457 4459 2556 4529 τὴν
2592 4456 2843 4526 εὐλογίας
2895 4454 3102 4526 πλήρη,
3140 4452 3413 4512 τουτέστι,
3457 4450 3558 4518 τὴν
3587 4445 3673 4549 51:)-

406 4566 567 4638 397
591 4566 975 4622 benedictione
997 4567 1209 4635 plenas,
1232 4564 1354 4618 illas
1375 4575 1574 4631 nempe
1599 4560 1985 4629 obtemperan-

406 4666 490 4713 tes
513 4664 569 4714 et
594 4657 803 4721 faciles,
831 4665 888 4711 et
909 4656 977 4711 ad
1000 4656 1119 4725 ejus
1140 4652 1364 4724 quidem
1387 4651 1640 4723 dogmata
1664 4649 1983 4721 excipienda

406 4756 653 4819 paratas,
694 4748 1067 4804 insusurratas
1105 4759 1243 4800 vero
1285 4758 1458 4815 nugas
1499 4750 1556 4799 et
1596 4742 1984 4799 exsecrandam

408 4841 797 4897 nonnullorum
852 4839 1269 4909 loquacitatem,
1320 4835 1417 4906 qui
1467 4834 1755 4891 veritatem
1809 4849 1987 4906 oppu-

408 4942 576 5004 gnant
600 4940 658 4988 et
699 4948 825 4989 cum
866 4929 1032 4986 rectis
1062 4927 1333 4998 dogmatis
1369 4927 1575 4983 bellum
1636 4936 1854 4998 gerunt,
1883 4927 1992 4982 mi-

410 5024 556 5079 nimc
602 5025 938 5079 sustinentes
978 5039 993 5074 :
1025 5020 1073 5076 is
1117 5017 1265 5074 enim
1305 5026 1393 5074 est
1436 5017 1651 5074 aurium
1681 5019 1994 5073 sanctarum

410 5117 643 5171 fructus.
690 5114 867 5184 Atque
906 5112 1004 5174 vis
1038 5110 1396 5167 admirandus
1436 5110 1679 5166 Joannes
1726 5108 1799 5163 ita
1833 5108 1995 5163 nobis

409 5205 583 5261 ferme
623 5202 702 5257 ait
735 5219 750 5256 :
790 5220 808 5252 ι
848 5201 1089 5264 Fratres,
1121 5198 1351 5270 probate
1399 5198 1651 5268 spiritus,
1699 5196 1745 5252 si
1778 5213 1846 5251 ex
1882 5196 1995 5253 Dco

410 5303 539 5353 sunt
586 5313 600 5350 :
649 5292 829 5349 omnis
888 5291 1149 5362 spiritus,
1215 5289 1311 5361 qui
1371 5304 1482 5344 non
1543 5287 1837 5344 conﬁtetur
1897 5287 1989 5343 1e-

409 5405 530 5445 sum
560 5388 861 5450 Christum,
889 5401 954 5440 ex
994 5384 1107 5439 Deo
1139 5397 1251 5438 non
1290 5390 1405 5447 est;
1437 5390 1495 5437 et
1521 5379 1702 5436 omnis
1739 5380 1985 5450 spiritus,

410 5483 505 5551 qui
528 5481 821 5537 conﬁtetur
849 5479 1035 5535 Jesum
1065 5476 1367 5541 Christum,
1400 5490 1469 5530 ex
1495 5475 1609 5530 Deo
1633 5480 1721 5530 est
1745 5474 1809 5529 “.
1843 5493 1863 5525 ι
1890 5474 1987 5529 Ni—

413 5570 487 5625 hil
521 5580 703 5628 autem
725 5578 832 5635 est,
855 5584 967 5640 quo
994 5568 1194 5624 melius
1220 5566 1385 5621 verba
1435 5564 1742 5636 probentur
1768 5572 1826 5620 et
1858 5577 1987 5622 exa-

2088 4555 2247 4625 πειθῆ
2300 4555 2395 4608 καὶ
2431 4553 2666 4624 εὐήνιον,
2706 4549 2801 4603 καὶ
2837 4544 3161 4617 ἐπιτηδείως
3204 4543 3305 4615 μὲν
3327 4541 3558 4612 ἔχουσαν
3588 4538 3671 4602 είς

2089 4645 2407 4719 παραδοχὴν
2444 4642 2555 4697 τῶν
2578 4641 2710 4712 περὶ
2733 4637 2900 4695 αὐτοῦ
2928 4636 3239 4707 δογμάτων,
3268 4633 3369 4687 οὐκ
3405 4633 3672 4700 ἀνεχομεο

2090 4754 2188 4807 νην
2215 4735 2271 4790 δὲ
2286 4733 2531 4806 ψιθύρων
2563 4731 2924 4805 τερετισμῶν,
2945 4727 3040 4783 καὶ
3071 4725 3320 4798 μυσαρᾰς
3331 4720 3675 4790 ἁθυρογλωσ-

2094 4829 2236 4892 σίας,
2265 4828 2334 4899 ἣν
2356 4825 2422 4882 ἂν
2450 4824 2686 4880 ποιοῖντό
2709 4840 2856 4887 τινες
2880 4824 2947 4893 τῇ
2975 4818 3206 4893 ἀληθείᾳ
3232 4815 3553 4889 μαχόμενοι,
3575 4810 3674 4866 καὶ

2088 4924 2202 4986 τοῖς
2251 4921 2351 4993 τῆς
2394 4918 2685 4991 ὀρθότητος
2721 4913 3112 4982 ἁντεξὰγοντες
3153 4910 3421 4980 δόγμασιν
3440 4922 3456 4937 ·
3499 4904 3671 4972 ἀκοῆς

2088 5012 2200 5085 γὰρ
2235 5011 2302 5082 δὴ
2330 5008 2490 5064 τοῦτο
2520 5007 2623 5078 τῆς
2654 5006 2817 5075 ἁγίας
2853 5003 3088 5076 καρπός.
3123 5002 3236 5056 Καὶ
3263 4998 3373 5070 μὴν
3416 4995 3674 5063 ’ῐωὰννης

2091 5104 2222 5174 ἡμῖν
2251 5105 2281 5156 ὁ
2305 5100 2587 5165 θεσπέσιος
2618 5091 2723 5153 ὧδέ
2743 5099 2818 5169 πή
2849 5113 3036 5167 φησιν·
3066 5114 3087 5148 ι
3140 5089 3410 5159 ’Δδελφοὶ,
3442 5085 3674 5156 δοκιμάο

2090 5194 2212 5260 ςετε
2243 5193 2313 5247 τά
2341 5191 2649 5264 πνεύματα,
2674 5193 2724 5244 εἰ
2751 5191 2818 5244 ὲκ
2843 5187 2938 5242 τοῦ
2964 5185 3100 5241 Θεοῦ
3129 5187 3248 5239 ἐστι
3269 5200 3284 5215 ·
3314 5182 3422 5235 πᾶν
3453 5178 3676 5247 πνεῦμα

2092 5286 2123 5340 δ
2142 5287 2215 5357 μὴ
2234 5284 2489 5355 δμολογεϊ
2529 5282 2737 5355 Ἰησοῦν
2756 5281 3013 5353 Χριστὸν,
3038 5280 3103 5333 ὲκ
3125 5276 3219 5331 τοῦ
3249 5273 3385 5328 Θεοῦ
3410 5273 3511 5327 οὐκ
3532 5270 3673 5329 ἔστι,

2094 5376 2190 5432 καί⁷
2225 5378 2334 5431 πᾶν
2364 5375 2580 5446 πνεῦμα
2615 5376 2645 5429 ὅ
2671 5369 3153 5446 ὀμολογεῖΊησοῦν
3200 5364 3455 5438 Χριστὸν,
3485 5363 3551 5414 ἐκ
3579 5358 3675 5412 τοῦ

2093 5467 2233 5523 Θεοῦ
2258 5470 2395 5523 ἐστι.
2430 5485 2449 5520 ι
2489 5466 2733 5529 Βὰσανος
2776 5463 2834 5517 δὲ
2871 5462 3135 5536 ῥημάτων
3171 5457 3466 5528 πράττοιτο
3497 5451 3564 5505 ἂν
3595 5450 3677 5502 εί-

2096 5564 2270 5628 κότως
2324 5563 2421 5635 οὐχ
2452 5561 2651 5635 ἑτέρως
2693 5559 2876 5625 τέποι
2912 5554 3113 5629 μᾶλλον
3144 5552 3178 5623 ἢ
3213 5552 3291 5615 είς
3321 5543 3435 5613 οῦς.
3483 5544 3679 5613 Ἀγιον

488 5746 532 5783 ι·
585 5743 821 5813 Philipp.
880 5760 936 5807 ιι,
979 5743 1032 5797 8.
1107 5745 1152 5775 εδ
1207 5744 1363 5798 Rom.
1402 5760 1453 5807 ιο,
1502 5702 1711 5809 ιεξίο.
1790 5742 1833 5777 υ
1867 5744 1911 5799 n
1949 5745 1977 5799 J

2092 5786 2102 5796 .
2130 5760 2204 5807 ιγ,
2222 5742 2357 5797 ’1-5.
