3996 6212
306 322 406 378 761

1027 319 1116 374 DE
1154 317 1597 387 ADOBATIONE
1634 317 1704 374 IN
1742 313 2015 375 SPIRITU
2050 316 2139 374 ET
2176 317 2545 373 VERITATE.
2588 317 2716 373 LIB.
2753 316 2845 372 XI.

3494 315 3599 375 765

307 438 373 509 δὴ
402 434 494 491 οῦν
532 435 688 490 ἔσται
724 434 789 490 τὸ
812 430 906 500 οῦς
937 436 1053 499 τοῖς
1091 436 1193 506 τῆς
1217 433 1509 507 ἀκριϐείας
1564 434 1659 490 καὶ
1685 434 1894 506 δογμα-

2025 431 2301 498 ninentur,
2355 447 2521 503 quam
2558 446 2741 487 aures.
2796 431 3010 486 Sancta:
3057 429 3168 483 sint
3198 425 3381 499 igitur
3427 440 3592 483 aures

309 528 471 598 τικῆς
490 526 785 599 ὀρθότητος
818 525 1196 598 ἐπιμεληταῖς.
1247 526 1410 580 Ἀλλὰ
1430 525 1588 581 τοῦτό
1615 529 1731 582 ἐστι
1765 529 1901 599 Χρι-

312 618 443 677 στοῦ
483 619 546 675 τὸ
595 620 770 692 δῶρον
798 621 893 675 καὶ
927 619 1100 686 ξένιον
1129 619 1384 692 οὐρανοῦ,
1429 621 1525 674 καὶ
1565 619 1902 692 κατόρθωσις

314 714 548 785 αἰματος
577 712 673 767 τοῦ
717 712 875 783 ἁγίου
899 728 911 742 ·
944 708 1204 767 ἁπάντων
1238 712 1349 785 γὰρ
1378 714 1514 783 ἡμῖν
1546 712 1657 767 τῶν
1690 712 1905 785 ἐξαιρέ-

310 825 426 861 των
461 809 496 878 ἡ
528 807 725 875 κτῆσις
756 806 815 858 ἐν
842 805 993 877 αύτῷ
1040 822 1101 858 τε
1147 807 1244 859 καὶ
1293 806 1361 859 δι’
1393 804 1579 860 αὐτοῦ.
1612 804 1903 877 Τοιγάρτοι

314 899 409 955 καὶ
468 896 593 970 χεὶρ
642 897 922 969 ἠγιὰζετο,
960 897 1277 969 πρακτικῆς
1326 897 1609 970 ἐνεργείας
1643 880 1906 968 παραδειξὶ

316 990 506 1060 anxi],
542 989 642 1043 καὶ
678 988 860 1059 μέντοι
909 989 1005 1042 καὶ
1045 988 1202 1052 ποῦς.
1234 987 1334 1059 τῆς
1376 988 1436 1041 ὲν
1474 989 1718 1060 τροχιαίς
1748 986 1932 1059 ὀρθόσ.

312 1098 480 1152 τητος
531 1080 801 1153 σύμϐολον
830 1082 1080 1152 ἐναργές.
1119 1081 1327 1151 Ἀγίοις
1373 1080 1484 1152 γὰρ
1533 1083 1682 1154 ἡμᾶς
1723 1080 1907 1153 ἔργοις

319 1173 782 1245 ἑπισεμνύνεσθαι
810 1174 938 1248 χρὴ,
967 1176 1060 1228 καὶ
1081 1174 1404 1246 διαστείχειν
1424 1171 1485 1229 εὖ
1522 1174 1669 1246 μάλα
1695 1175 1798 1247 τὴν
1826 1175 1908 1239 είς

320 1269 434 1323 πᾶν
469 1266 649 1323 ὁτιοῦν
675 1266 784 1322 τῶν
815 1267 1162 1338 ἀρεσκόντων
1186 1267 1307 1339 Θεῷ
1345 1267 1669 1322 διάττουσαν
1694 1266 1906 1341 τρίὸον,

320 1358 467 1414 κατὰ
488 1359 548 1413 τὺ
573 1360 630 1415 ὲν
656 1357 907 1430 Ψαλμοῖς
936 1357 1213 1429 ᾀδόμενον.
1242 1377 1262 1411 ‹
1299 1358 1409 1412 Καὶ
1438 1359 1749 1431 ἐπέστρεψα
1781 1363 1910 1426 τοὺς

322 1451 493 1516 πόδας
524 1468 627 1522 μου
658 1452 738 1516 εἰς
759 1453 826 1504 τὰ
859 1450 1137 1524 μαρτύριά
1158 1468 1274 1518 σου,
1307 1470 1327 1506 ι
1357 1452 1528 1523 ήγουν
1565 1453 1628 1507 τὸ
1660 1454 1719 1507 ὲν
1742 1451 1910 1526 βίὸλῳ

323 1542 672 1615 Παροιμιῶν,
712 1562 732 1595 ι
798 1541 996 1610 Ὀρθὰς
1024 1542 1248 1616 τροχιὰς
1291 1544 1435 1599 ποίει
1481 1546 1594 1608 σοῖς
1625 1545 1773 1611 ποσὶ,
1814 1546 1910 1600 καὶ

321 1634 426 1699 τὰς
470 1635 622 1699 ὁδούς
659 1651 753 1690 σου
774 1634 1097 1692 κατεύθυνε.
1136 1656 1155 1689 ι
1195 1637 1500 1708 Κεκτήσθω
1527 1636 1590 1709 δὴ
1621 1633 1716 1692 οῦν
1744 1636 1804 1691 τὸ
1837 1639 1912 1691 ίε-

327 1729 422 1801 ρδν
451 1730 548 1784 καὶ
573 1728 874 1784 ἀπόλεκτον
915 1728 1072 1798 γένος
1103 1730 1262 1798 ἁγίαν
1302 1730 1400 1802 μὲν
1430 1728 1620 1803 ἀκοὴν,
1653 1729 1813 1802 χείρά
1848 1746 1909 1784 τε

324 1800 530 1889 ὁμοίως
554 1820 649 1874 καὶ
679 1820 816 1874 πόδα
845 1820 987 1875 κατά
1017 1836 1080 1889 γε
1108 1821 1233 1884 τοὺς
1265 1800 1468 1893 ἀρτίως
1495 1800 1629 1893 ἡμῖν
1656 1800 1911 1893 ίεὶρημέ-
1943 1800 1985 1856 Β

325 1930 455 1978 νους
482 1913 720 1986 τρόπους
747 1929 760 1943 ·
792 1911 943 1978 δεξιά
970 1929 1029 1965 τε
1055 1913 1246 1982 ⁸πάντα
1280 1912 1544 1984 χριόμενα
1598 1913 1691 1966 καὶ
1732 1913 1810 1977 ὼς
1853 1914 1912 1968 ἐν

328 2004 499 2077 μοίρᾳ
518 2008 584 2076 τῇ
617 2004 838 2075 λοίσθῳ,
860 2004 1161 2072 τουτέστιν,
1183 2006 1243 2058 ἐν
1262 2004 1471 2078 ἄκροις.
1496 2004 1571 2058 Τὸ
1607 2005 1717 2075 γὰρ
1744 2005 1914 2076 ἄκρον

325 2097 466 2168 φησὶ
491 2096 585 2150 τοῦ
616 2097 773 2164 ὠτὸς,
794 2096 889 2150 καὶ
919 2097 1027 2169 μὴν
1048 2097 1143 2153 καὶ
1168 2096 1328 2161 ποδὸς
1358 2096 1453 2175 καὶ
1474 2096 1655 2170 χειρός
1680 2114 1696 2129 ο
1726 2098 1915 2154 ἅπασα

325 2191 459 2261 γὰρ,
485 2186 663 2261 οἶμαι,
695 2188 895 2261 πρᾶξις
930 2188 1112 2261 ἀγαθὴ
1138 2189 1362 2260 γενναία
1390 2189 1450 2245 τέ
1484 2191 1602 2244 ἐστι
1629 2191 1724 2246 καὶ
1741 2189 1914 2259 δεξιὰ,

325 2284 390 2337 τὸ
421 2283 498 2347 ὡς
541 2284 601 2337 ἐν
633 2283 931 2355 φαυλότητι
966 2283 1153 2337 σκαιὸν
1204 2283 1307 2338 οὐκ
1356 2282 1578 2354 ἔχουσα,
1612 2285 1709 2339 καὶ
1752 2284 1915 2358 μέχρι

325 2378 441 2432 ⁴ι’ῶν
466 2378 673 2449 ἄκρων,
706 2378 734 2432 ὅ
762 2379 881 2431 ὲστι
911 2376 1075 2449 μέχρι
1104 2377 1307 2442 παντὸς
1345 2377 1465 2448 ἦτοι
1497 2377 1706 2442 τέλους.
1736 2379 1916 2450 Προσ-

330 2472 458 2542 ἠκει
506 2471 616 2543 γὰρ
646 2466 786 2525 εἶναι
833 2468 1041 2535 δεξιοὺς
1072 2472 1131 2524 ὲν
1160 2470 1419 2542 ἁγιασμῷ
1461 2471 1589 2536 τοὺς
1619 2469 1740 2543 Θεῷ
1783 2470 1919 2525 καθ-

330 2564 666 2636 ιερωμένους
708 2562 870 2635 μέχρι
905 2561 1107 2626 παντὸς
1136 2564 1193 2616 ἐν
1220 2562 1489 2635 ὑπομονῇ.
1521 2580 1540 2615 ι
1583 2562 1644 2617 '0
1680 2563 1790 2635 γὰρ
1819 2564 1920 2635 ἀρ-

332 2655 585 2729 ξάμενος,
637 2656 824 2727 φησιν,
862 2654 1024 2727 ἔργον
1058 2655 1261 2724 ἀγαθὸν
1305 2656 1363 2709 ἑν
1404 2655 1555 2728 ὑμῖν,
1603 2655 1921 2712 ἐπιτελεσά-

331 2765 434 2803 τω.
470 2766 489 2800 ι
524 2747 797 2801 Ἐκτοπον
824 2747 881 2802 δὲ
923 2747 1045 2802 λίαν
1078 2748 1172 2801 καὶ
1205 2747 1265 2801 τὸ
1287 2747 1480 2802 ἀνόπιν
1512 2747 1686 2803 ίέσθαι
1716 2748 1920 2820 τρόπον

331 2839 457 2894 τινὰ
515 2838 890 2911 διαπεραίνειν
950 2838 1245 2905 ὀκνοῦντας
1292 2838 1355 2894 τὺ
1415 2839 1639 2910 ἀγαθόν.
1698 2839 1920 2912 Ἐπειδὴ

332 2932 392 2986 δὲ
439 2933 521 2996 είς
557 2930 729 2986 τύπον
764 2930 902 2986 Θεοῦ
954 2931 1179 3002 Μωσῆς,
1212 2930 1647 3005 προσκομίζουσι
1697 2932 1796 3004 μὲν
1821 2932 1920 3004 τὴν

336 3025 530 3080 θυσίαν
569 3026 618 3078 οί
665 3024 811 3096 ἀμφὶ
852 3025 945 3079 τὸν
996 3023 1231 3098 Ἀαρὼν,
1268 3024 1591 3096 ὑποδέχεται
1635 3025 1693 3079 δὲ
1735 3025 1919 3092 αὐτὸς,

2003 531 2169 579 certae
2211 522 2461 579 veritatis
2506 530 2564 577 et
2605 530 2885 577 rectorum
2929 519 3245 590 dogmatum
3289 513 3590 571 studiosis:

2003 613 2059 670 id
2088 628 2255 685 porro
2284 614 2493 671 Christi
2536 613 2741 669 donum
2788 619 2893 677 est,
2924 618 2980 666 et
3022 609 3246 665 coeleste
3275 621 3497 670 munus,
3542 614 3599 659 et

2002 706 2177 762 sancti
2224 705 2373 761 illius
2404 705 2687 775 sanguinis
2731 718 2873 774 opus
2900 719 2913 757 :
2944 716 3071 757 nam
3105 715 3299 755 omnes
3332 713 3422 753 res
3456 712 3594 768 prte-

2003 799 2181 855 claras
2204 799 2260 853 in
2286 799 2407 869 ipso
2428 807 2486 854 et
2509 814 2609 869 per
2635 798 2815 869 ipsum
2840 795 3255 866 consequimur.
3284 793 3523 861 Ideoque
3544 798 3595 846 ct

2004 907 2202 947 manus
2247 890 2715 955 sanctiﬁcabatur,
2751 905 2873 960 qum
2918 898 3003 943 est
3037 888 3107 943 ad
3155 885 3497 959 operandam
3543 891 3598 938 et

2016 981 2349 1037 ‘lIiciendum
2376 989 2523 1052 apta,
2545 988 2602 1036 et
2622 995 2740 1051 pes,
2764 979 2857 1049 qui
2884 987 3160 1033 rectorum
3181 989 3467 1049 gressuum
3487 974 3601 1030 evi-

2010 1073 2150 1129 dens
2181 1080 2269 1129 est
2294 1073 2511 1145 signum
2542 1089 2607 1129 ac
2635 1079 2786 1135 nota,
2812 1071 2889 1125 De
2912 1069 3117 1124 sanctis
3144 1068 3291 1123 enim
3316 1067 3475 1122 factis
3498 1080 3601 1121 no-

2006 1165 2094 1222 bis
2117 1166 2346 1238 gloriam
2372 1180 2569 1237 parare
2602 1171 2842 1235 oportet,
2870 1170 2926 1218 et
2953 1177 3054 1233 per
3077 1176 3198 1215 eam
3229 1160 3479 1215 semitam
3515 1159 3600 1212 in-

2007 1258 2336 1324 cedendum,
2364 1274 2487 1330 quae
2515 1273 2617 1313 nos
2640 1257 2706 1311 ad
2739 1271 2805 1311 ea
2830 1254 3037 1318 omnia,
3066 1267 3189 1323 qua
3218 1252 3332 1307 Deo
3361 1251 3599 1321 placent,

2008 1350 2420 1421 compendiaria
2447 1350 2535 1405 via
2570 1349 2860 1420 perducat,
2895 1348 3051 1419 juxta
3080 1345 3157 1411 id,
3186 1344 3334 1416 quod
3366 1344 3423 1400 in
3449 1344 3602 1398 Psal-

2008 1444 2116 1499 mis
2139 1443 2357 1499 canitur
2387 1459 2401 1496 :
2444 1461 2462 1493 ι
2492 1441 2557 1497 Ει
2590 1441 2838 1501 converti
2878 1440 3049 1511 pedes
3086 1453 3240 1494 meos
3271 1438 3327 1491 in
3352 1435 3606 1491 testimo-

2008 1536 2113 1607 nia
2129 1542 2222 1591 tua
2250 1535 2325 1602 ⁸²;
2375 1552 2393 1588 ι
2424 1542 2481 1590 et
2512 1534 2669 1600 illud,
2700 1534 2847 1605 quod
2882 1535 2939 1589 in
2986 1533 3134 1589 libro
3178 1528 3606 1586 Proverbiorum

2010 1628 2248 1686 habetur
2280 1645 2294 1682 :
2328 1646 2346 1679 ι
2383 1627 2586 1683 Rectos
2611 1641 2832 1698 gressus
2870 1626 2955 1681 fac
2983 1624 3219 1696 pedibus
3251 1622 3383 1688 tuis,
3411 1630 3468 1676 et
3492 1620 3609 1675 vias

2013 1730 2138 1777 tuas
2179 1720 2353 1792 dirige
2392 1720 2462 1774 ⁸⁸.
2503 1739 2522 1774 ι
2556 1719 2744 1776 Genus
2788 1719 2956 1791 igitur
3001 1732 3219 1773 sacrum
3268 1724 3325 1771 et
3368 1715 3608 1769 electum

2011 1823 2229 1871 sanctas
2255 1828 2421 1869 aures
2448 1812 2671 1878 haheat,
2704 1827 2927 1867 manum
2952 1810 3209 1866 similiter
3231 1823 3296 1863 ac
3321 1806 3516 1878 pedem
3542 1805 3611 1860 iis

2012 1926 2154 1982 quos
2168 1910 2280 1982 jam
2302 1908 2544 1966 diximus
2563 1907 2763 1973 modis,
2786 1906 3088 1976 dextraque
3112 1903 3293 1959 omnia
3317 1907 3609 1972 peruncta,

2013 2010 2071 2057 et
2119 2010 2381 2072 tanquam
2436 2013 2653 2056 summo
2697 1998 2839 2062 loco,
2868 1995 2923 2050 id
2961 2003 3067 2060 est,
3102 1995 3157 2050 in
3192 1992 3474 2048 extremis.
3501 1990 3612 2044 Ex-

2016 2102 2256 2150 tremum
2301 2093 2450 2149 enim
2495 2091 2677 2161 inquit
2735 2088 2886 2144 auris
2910 2129 2925 2154 ,
2957 2096 3014 2143 et
3054 2086 3243 2158 pedis,
3279 2093 3335 2141 et
3373 2096 3568 2139 manus
3595 2121 3611 2137 .

2014 2185 2196 2242 omnis
2238 2184 2387 2240 enim
2429 2182 2574 2239 actio
2613 2181 2824 2253 proba,
2872 2196 2994 2236 mea
3031 2179 3256 2251 quidem
3307 2175 3612 2240 sententia,

2016 2288 2243 2335 strenua
2274 2292 2340 2333 ac
2381 2278 2576 2332 dextra
2616 2283 2723 2339 est,
2755 2272 3004 2343 nihilque
3038 2272 3107 2328 de
3148 2271 3284 2327 vitio
3327 2270 3616 2326 sinistrum

2016 2369 2204 2436 habet,
2235 2378 2293 2425 et
2329 2384 2505 2440 usque
2538 2367 2609 2424 ad
2658 2376 2924 2429 extrema,
2960 2363 3014 2419 id
3048 2372 3154 2428 est,
3200 2371 3472 2434 perpetuo
3517 2376 3615 2416 seu

2017 2463 2087 2519 ad
2112 2444 2274 2518 [inerti
2300 2478 2475 2533 usque
2493 2460 2821 2533 porrigitur.
2852 2457 2955 2525 Qui
2980 2456 3129 2512 enim
3162 2455 3277 2511 Deo
3305 2451 3615 2509 consecrati

2019 2562 2185 2620 sunt,
2215 2568 2313 2610 eos
2338 2553 2395 2608 in
2425 2550 2861 2609 sanctiﬁcatione
2914 2549 3138 2604 dextros
3181 2560 3302 2601 esse
3332 2553 3389 2600 et
3416 2557 3642 2615 νεῖμε-ν

2014 2654 2116 2723 tuo
2137 2653 2557 2718 perseverantes
2576 2642 2858 2701 convenit.
2900 2660 2918 2692 ι
2951 2638 3056 2706 Qui
3090 2637 3319 2708 incepit,
3362 2655 3381 2688 ι
3410 2634 3615 2705 inquit,

2027 2757 2047 2792 ι
2081 2754 2218 2811 opus
2245 2738 2453 2796 bonum
2484 2738 2539 2793 in
2573 2734 2752 2800 vobis,
2783 2731 3034 2804 perﬁciat
3062 2730 3132 2784 δ’.
3172 2748 3189 2783 ι
3220 2726 3393 2784 Valde
3429 2735 3616 2781 autem

2019 2828 2326 2884 absurdum
2395 2834 2500 2892 est,
2565 2834 2869 2880 retrorsum
2945 2819 3144 2875 cedere
3205 2812 3614 2887 quodammodo

2020 2921 2152 2976 boni
2187 2920 2372 2991 operis
2400 2916 2725 2990 perﬁciendi
2756 2923 3042 2986 pertaesos.
3077 2908 3207 2975 Sed,
3232 2907 3490 2979 quoniam
3519 2904 3619 2960 Dei

2020 3013 2252 3086 ﬁguram
2286 3012 2425 3084 gerit
2467 3010 2701 3083 Moyses,
2747 3007 2987 3063 aﬂ‘erunt
3024 3002 3249 3074 quidem
3291 2996 3621 3055 sacriﬁcium

333 3117 501 3172 οἱονεί
528 3136 646 3183 πως
674 3116 809 3172 Θεοῦ
852 3118 945 3173 καὶ
984 3117 1073 3172 διὰ
1096 3116 1250 3172 τοῦδε
1280 3118 1806 3189 κατασημαίνοντος,
1837 3119 1920 3171 ὃτι

2025 3103 2205 3159 Aaron
2228 3110 2285 3158 et
2310 3104 2431 3174 ejus
2475 3100 2569 3156 lilii
2590 3141 2605 3166 ,
2633 3098 2728 3155 sed
2753 3097 2847 3153 ille
2871 3095 3133 3166 suscipit;
3162 3108 3271 3163 qua
3297 3092 3354 3146 in
3388 3105 3448 3145 re
3476 3088 3624 3144 Deus

333 3209 450 3265 τῶν
516 3179 690 3275 οὕτως
738 3210 1089 3281 ήγιασμένων
1151 3208 1251 3273 τὰς
1308 3209 1401 3263 ἐπὶ
1452 3179 1672 3281 Χριστῷ
1732 3179 1923 3275 θυσίας

2025 3192 2431 3265 quodammodo
2461 3192 2732 3261 designat,
2756 3204 2814 3245 sc
2834 3203 3049 3252 eorum,
3073 3184 3171 3256 qui
3194 3184 3267 3238 ita
3289 3179 3615 3238 sanctiﬁcati

342 3305 627 3377 μονονουχὶ
648 3304 742 3357 καὶ
761 3303 869 3359 ἀπὸ
899 3302 1081 3377 χειρὸς
1111 3303 1192 3368 είς
1234 3304 1395 3375 χεῖρα
1418 3302 1650 3371 δέξεται,
1696 3302 1791 3357 καὶ
1826 3305 1927 3359 οὐκ

338 3395 647 3464 ἀπαξιώσει
680 3395 741 3450 τὸ
765 3395 957 3469 χρῆμα
975 3412 990 3429 ’
1021 3393 1259 3468 Χριστοῦ
1286 3393 1397 3467 γὰρ
1417 3393 1530 3465 ἔχει
1554 3393 1654 3469 τὴν
1678 3394 1924 3460 εὐωδίαν,

338 3485 649 3554 καὶτοῦτο,
688 3484 879 3560 οἶμαι,
914 3486 1062 3541 ἔστιν
1109 3488 1144 3558 ἠ
1189 3485 1299 3539 τῶν
1347 3484 1638 3539 ὲντοσθίων
1677 3483 1930 3556 ἀναφορὰ

341 3581 709 3652 θυμιωμένων
743 3579 913 3651 αὐτῷ.
966 3578 1278 3653 Ἀφαίρεμα
1330 3577 1388 3633 δὲ
1425 3576 1504 3650 τῷ
1539 3578 1682 3650 ἱερεῖ
1732 3577 1930 3649 στηθύ-

339 3690 478 3736 νιον,
535 3671 631 3726 καὶ
683 3670 926 3743 βραχίων
973 3668 1082 3725 ἀπὸ
1117 3668 1210 3723 τοῦ
1250 3666 1407 3741 κριοῦ
1446 3668 1546 3738 τῆς
1569 3666 1926 3733 τελειώσεως.

341 3765 456 3819 Καὶ
496 3762 736 3836 βραχίων
768 3762 868 3834 μὲν
899 3760 1082 3834 ἰσχύος
1118 3760 1185 3815 ἂν
1204 3760 1289 3833 εἴη
1322 3758 1609 3831 σύμϐολον,
1645 3757 1931 3830 στηθύνιον

341 3859 403 3911 δὲ
438 3856 667 3930 καρδίας
703 3856 801 3910 καὶ
842 3852 1079 3924 νεφρῶν.
1119 3852 1341 3907 Δέδοται
1370 3851 1427 3906 δὲ
1459 3850 1537 3921 τῷ
1566 3850 1709 3923 ἁγίῳ
1743 3868 1802 3905 τε
1832 3852 1931 3907 καὶ

346 3945 480 4020 ἱερῷ
519 3946 666 4016 γένει
716 3944 982 4017 Χριστὸς,
1014 3940 1243 4014 δύναμις
1285 3941 1383 3995 καὶ
1419 3939 1584 4011 σοφία
1633 3940 1786 4012 παρὰ
1832 3941 1928 3995 τοῦ

342 4040 484 4095 Θεοῦ
518 4041 612 4094 καὶ
639 4037 876 4109 Πατρός.
922 4037 997 4092 Ἢ
1036 4037 1140 4091 οὐκ
1186 4036 1245 4090 ὲν
1276 4033 1427 4107 αὐτῷ
1481 4032 1635 4104 σοφοί
1662 4033 1723 4088 τέ
1766 4034 1933 4106 ὲσμεν

345 4135 441 4188 καὶ
478 4134 620 4203 ἄγαν
649 4129 925 4194 εῦσθενεῖς
943 4145 961 4197 ;

421 4312 629 4366 ΠΑΛΛ.
680 4308 806 4373 Πῶς
832 4307 943 4380 γὰρ
966 4305 1028 4360 οῦ
1051 4323 1067 4373 ;
1091 4305 1407 4378 γέγραπται
1432 4301 1541 4375 γὰρ
1565 4303 1648 4357 ὅτι
1675 4299 1933 4372 Χριστὸς,

347 4402 488 4458 Θεοῦ
541 4402 771 4474 δύναμις
810 4402 905 4456 καὶ
935 4397 1074 4453 Θεοῦ
1118 4398 1298 4468 σοφία,
1326 4396 1551 4467 γέγονεν
1586 4395 1720 4467 ἡμῖν
1760 4391 1937 4448 ταῦτα

350 4512 428 4548 πα
437 4493 508 4566 ρὰ
531 4492 625 4548 τοῦ
660 4491 818 4547 Θεοῦ.

426 4586 590 4641 ΚΥΡ.
645 4585 788 4658 Ἱερὰ
818 4584 877 4638 δὲ
924 4580 1129 4656 βρῶσις
1160 4581 1271 4643 τοῖς
1309 4578 1390 4643 εἰς
1421 4575 1762 4648 λειτουργίαν
1792 4574 1937 4644 ἐξει-

350 4676 637 4749 λεγμένοις
666 4676 736 4731 τὰ
773 4675 932 4749 κρέα.
971 4673 1193 4727 Δέδοται
1234 4670 1291 4725 δὲ
1319 4673 1435 4735 τοῖς
1470 4668 1703 4740 ἀζύμοις
1754 4667 1938 4741 ἄρτοις

353 4770 514 4842 ὁμοῦ,
547 4766 982 4841 συμμετέχοντος
1015 4763 1229 4826 οὐδενὸς
1273 4760 1381 4816 τῶν
1431 4758 1758 4830 ἀλλογενῶν,
1804 4759 1861 4830 ἣ,
1891 4759 1939 4811 εί

356 4860 518 4914 τοῦτο
555 4859 703 4933 δρῴη
751 4874 855 4923 τις,
907 4857 1001 4910 καὶ
1048 4851 1463 4925 τεθνηξομένου.
1496 4851 1713 4922 Ψυχαίς
1736 4849 1844 4921 γὰρ
1875 4847 1941 4902 ἂν

356 4952 559 5025 πρέποι
606 4954 725 5016 ταῖς
771 4951 945 5023 ίεραίς
987 4948 1048 5002 τὸ
1082 4948 1140 5002 ὲν
1173 4944 1387 5019 μεθέξει
1442 4943 1689 5016 γίνεσθαι
1736 4940 1943 5015 τροφῆς

357 5046 555 5114 ἁγίας,
608 5043 879 5107 τουτέστι,
935 5041 1029 5096 τοῦ
1081 5040 1333 5113 σώματος
1386 5035 1483 5092 τοῦ
1528 5034 1786 5108 Χριστοῦ,
1846 5033 1943 5088 καὶ

358 5133 657 5208 ἀπρόσιτος
705 5137 816 5198 τοῖς
855 5132 1202 5202 ἀλλογενέσιν
1230 5133 1265 5203 ή
1292 5126 1532 5199 εὐλογία.
1575 5126 1767 5181 Norico
1796 5124 1843 5179 δ’
1878 5122 1944 5178 ἂν

361 5226 674 5299 ἑτερογενὲς
727 5226 820 5281 καὶ
844 5224 906 5280 τδ
927 5226 1160 5280 ἄπιστον
1182 5222 1262 5277 ἔτι
1287 5222 1383 5277 καὶ
1407 5219 1740 5276 ἀϐάπτιστον
1765 5216 1943 5287 γένος,

361 5320 460 5374 καὶ
513 5320 651 5392 πρὸς
682 5317 895 5382 τούτοις
938 5317 1020 5371 ἔτι
1055 5315 1117 5370 τὸ
1159 5312 1599 5385 ὲξεστραμμένον
1635 5313 1716 5375 εἰς
1766 5308 1951 5381 ἑτερό-

362 5427 537 5484 φρονα
564 5412 711 5479 νοῦν,
742 5412 836 5466 καὶ
861 5412 987 5475 ταῖς
1014 5408 1123 5463 τῶν
1147 5407 1320 5478 ἁγίων
1340 5405 1444 5461 ἀσύ
1454 5403 1657 5475 μϐατον
1681 5400 1946 5473 γνώμαις,

365 5506 461 5560 καὶ
504 5504 581 5569 ώς
606 5505 665 5559 ἐν
696 5504 993 5576 φαυλότητι
1018 5501 1303 5572 δογμάτων
1325 5494 1807 5570 διεσχοινισμένον.
1844 5494 1949 5546 Δα-

366 5599 605 5652 πανᾶται
646 5598 704 5652 δὲ
744 5597 841 5651 καὶ
869 5595 1003 5668 πυρὶ
1035 5595 1141 5648 πᾶν
1173 5593 1297 5648 ὅσον
1333 5590 1449 5645 ἐστὶ
1484 5590 1583 5661 τῆς
1612 5584 1802 5649 θυσίας
1834 5583 1944 5637 λεί-

2028 3295 2176 3351 sunt,
2207 3285 2390 3339 oblata
2439 3282 2496 3336 in
2545 3281 2766 3336 Christo
2800 3278 3070 3335 sacriﬁcia
3108 3273 3509 3347 prapemodum
3554 3270 3625 3325 de

2027 3378 2285 3435 manibus
2328 3376 2384 3429 in
2422 3388 2619 3429 manus
2654 3378 3035 3441 accepturum,
3069 3367 3237 3438 398
3262 3380 3441 3435 neque
3476 3363 3623 3425 fore.

2029 3479 2091 3526 ut
2118 3469 2172 3524 id
2200 3483 2403 3524 munus
2436 3464 2790 3536 dedignetur,
2822 3460 2969 3533 quod
3010 3456 3218 3516 Christi
3265 3455 3421 3513 suavi
3454 3454 3627 3509 odore

2030 3566 2102 3622 sit
2133 3563 2425 3636 praeditum
2456 3581 2470 3616 :
2499 3561 2685 3631 idque,
2719 3567 2782 3614 ut
2827 3558 3047 3629 opinor,
3079 3563 3166 3611 est
3211 3554 3625 3609 interaneorum

2030 3657 2259 3720 oblatio,
2287 3671 2409 3727 qum
2430 3655 2509 3710 illi
2540 3652 2934 3709 incenduntur.
2965 3649 3298 3721 Separantur
3326 3653 3508 3702 autem
3532 3642 3624 3698 sa-

2031 3750 2242 3807 cerdoti
2277 3748 2661 3821 pectusculum
2686 3751 2743 3801 et
2762 3759 2951 3800 armus
2973 3742 3041 3798 ab
3063 3740 3238 3797 ariete
3273 3752 3626 3794 consumma-

2033 3845 2220 3901 tionis.
2253 3844 2322 3899 Et
2353 3858 2542 3898 armus
2568 3841 2772 3896 virium
2806 3854 2927 3894 esse
2952 3845 3081 3892 nota
3106 3839 3310 3906 potest,
3336 3837 3632 3903 pectuscu-

2034 3936 2149 3992 lum
2178 3951 2310 3992 vero
2337 3934 2520 3990 cordis
2550 3948 2615 3989 ac
2646 3947 2865 3987 renum.
2896 3929 3067 3983 Datus
3095 3934 3180 3981 est
3220 3933 3405 3978 autem
3441 3927 3633 3975 sancto

2036 4044 2302 4100 sacroque
2332 4028 2519 4099 generi
2548 4026 2801 4083 Christus
2845 4039 2877 4077 a
2911 4023 3025 4077 Deo
3053 4036 3117 4074 ac
3158 4020 3341 4081 Patre,
3368 4015 3547 4069 virtus
3575 4021 3632 4067 et

2036 4118 2325 4192 sapientia.
2355 4119 2438 4173 An
2468 4131 2600 4172 vero
2626 4131 2737 4170 non
2769 4113 2824 4168 in
2858 4127 2924 4167 eo
2947 4110 3223 4181 sapientes
3252 4121 3316 4161 ac
3342 4104 3515 4160 fortes
3536 4119 3632 4159 su-

2036 4210 2307 4358 in:sz
2336 4299 2537 4368 Quidni
2572 4297 2784 4353 simus?
2823 4295 3090 4367 scriptum
3137 4296 3227 4347 est
3267 4289 3438 4354 enim,
3470 4285 3635 4343 Chri-

2039 4404 2186 4452 stum
2209 4394 2309 4451 Dei
2332 4393 2594 4449 virtutem
2617 4405 2738 4446 esse
2788 4387 2999 4458 Deique
3022 4383 3371 4461 sapientiam,
3398 4392 3637 4449 cumque

1965 4484 2009 4541 D
2039 4488 2156 4544 haec
2183 4486 2346 4543 nobis
2369 4501 2400 4540 a
2424 4485 2540 4541 Deo
2570 4482 2775 4539 factum
2803 4494 2929 4535 esse
2960 4478 3025 4533 ⁸⁸.

2103 4579 2263 4637 CYR.
2300 4579 2440 4634 Esca
2474 4590 2646 4647 porro
2689 4587 2848 4628 sacra
2888 4566 3210 4624 hominibus
3243 4564 3310 4619 ad
3342 4559 3440 4618 Dei
3468 4557 3637 4615 mini-

2033 4673 2266 4731 sterium
2290 4669 2482 4727 electis
2509 4681 2704 4723 carnes
2738 4672 2887 4728 sunt,
2923 4676 3102 4730 eaque
3126 4656 3291 4714 simul
3317 4669 3441 4711 cum
3470 4651 3642 4707 infer-

2037 4764 2298 4822 mentatis
2324 4762 2563 4835 panibus
2586 4759 2732 4822 data,
2761 4756 2915 4811 nullo
2940 4751 3246 4822 alienigena
3271 4745 3341 4803 ad
3367 4745 3487 4816 ejus
3514 4759 3644 4835 par-

2037 4855 2412 4926 ticipationem
2436 4834 2677 4906 admisso
2700 4890 2715 4914 ,
2749 4856 2868 4913 aut,
2889 4846 2934 4901 si
2958 4844 3084 4916 quis
3117 4840 3173 4896 id
3209 4838 3450 4901 fecisset,
3475 4834 3639 4890 etiam

2048 4923 2342 5004 morituro.
2375 4943 2573 4999 Sacros
2598 4939 2744 4995 enim
2774 4937 2989 4993 animos
3016 4934 3176 4988 decet
3197 4944 3318 4985 esse
3344 4935 3546 4983 sanctae
3573 4923 3643 4978 il-

2047 5039 2156 5095 lius
2178 5052 2337 5101 escce,
2366 5035 2419 5091 id
2448 5042 2555 5099 est,
2586 5030 2834 5103 corporis
2866 5025 3070 5085 Christi
3101 5020 3433 5095 participes;
3463 5031 3644 5085 neque

2049 5128 2372 5201 alienigenis
2420 5126 2551 5182 licet
2582 5123 2652 5180 ad
2692 5119 3139 5206 benedictionem
3171 5111 3459 5171 accedere.
3494 5108 3643 5163 Alie—

2048 5238 2181 5278 num
2206 5197 2375 5293 μοι·το
2412 5234 2587 5292 genus
2614 5214 2825 5273 censeri
2857 5197 3057 5284 potest,
3089 5218 3204 5263 tum
3234 5203 3370 5261 illud
3422 5197 3643 5256 inﬂdelc

2047 5322 2104 5370 et
2134 5292 2486 5384 baptismatis
2529 5324 2750 5380 expers,
2798 5315 2915 5360 tum
2960 5309 3226 5373 praeterea
3262 5294 3395 5353 illud
3429 5292 3645 5346 diversa

2049 5383 2309 5477 opinione
2340 5415 2685 5475 perversum,
2721 5406 2778 5453 et
2799 5411 2829 5450 a
2860 5401 3177 5448 sanctorum
3205 5383 3491 5441 hominum
3516 5392 3665 5432 sen-.

2049 5469 2223 5552 tentia
2252 5469 2546 5558 dissidens,
2582 5508 2646 5547 ac
2684 5489 3001 5559 dogmatum
3035 5476 3384 5551 improbitate
3428 5469 3641 5542 disiun-

2052 5596 2223 5642 ctum.
2260 5586 2642 5643 Absumuntur
2685 5587 2869 5634 autem
2902 5574 3014 5647 igni
3051 5582 3241 5627 omnes
3271 5563 3524 5621 sacriﬁcii
3553 5577 3643 5619 r0-

441 5785 485 5819 ”
515 5785 853 5851 Psal.cxvm,
896 5783 983 5841 59.
1036 5783 1106 5859 _"
1140 5781 1301 5839 Prov.
1337 5795 1406 5847 iv,
1447 5777 1515 5833 26
1536 5794 1552 5846 ;
1588 5773 1756 5832 llehr.
1784 5788 1880 5837 xu,
1918 5790 1923 5802 ί

2082 5767 2125 5799 ⁸⁷
2157 5762 2397 5834 Philipp.
2433 5774 2474 5829 ι,
2512 5760 2564 5817 6.
2643 5757 2687 5792 ⁸⁸
2719 5756 2742 5815 ι
2775 5752 2903 5813 Cor.
2934 5768 2973 5822 ι,
3013 5748 3102 5807 ει.
