3996 6212
372 282 478 340 765

1402 278 1458 332 S.
1499 276 1777 333 CYlllLLl
1818 272 2290 332 ALEXANDRINI
2328 270 2646 328 ARClllEP.

3531 267 3643 326 7st

378 392 579 463 li’quite,
620 392 689 449 iis
722 407 793 448 ne
819 397 1041 464 postero
1062 389 1284 461 quidem
1314 387 1402 444 die
1430 389 1574 445 vesci
1604 387 1957 459 permittente

2062 387 2247 457 ψανον,
2276 387 2376 440 οὐκ
2424 384 2667 455 ἐφιέντος
2701 381 2905 435 ἐσθίειν
2950 381 3044 435 τοῦ
3094 382 3257 451 νόμον
3305 383 3401 436 καὶ
3434 384 3514 447 εἰς
3540 386 3646 456 τὴν

377 489 495 559 lege
533 506 545 541 :
577 489 813 543 alterum
838 488 984 542 enim
1025 485 1473 543 sanctiﬁcationis
1517 482 1740 538 modum
1773 480 1830 535 in
1867 480 1955 536 fu-

380 587 507 633 turo
527 580 747 644 smeulo,
772 589 835 634 ut
851 578 1069 648 opinor,
1099 577 1443 640 habebimus,
1467 574 1563 645 qui
1584 590 1692 628 non
1706 574 1817 643 jam
1838 587 1962 627 cor-

380 670 672 740 poraliter,
704 669 800 724 sed
839 670 1199 741 spiritualiter
1227 668 1524 730 eﬁicietur,
1556 674 1613 720 ct
1638 680 1703 720 ea
1745 663 1959 719 ratione

377 774 540 829 quam
577 760 731 814 novit
768 761 878 825 ille,
913 762 1005 831 qui
1037 760 1220 815 omnia
1251 760 1505 813 immutat
1537 757 1704 820 Deus,
1736 762 1793 812 et
1817 769 1958 825 quo-

379 863 596 918 cunque
616 850 869 915 voluerit,
901 851 1178 907 transfert.
1218 851 1315 905 His
1350 859 1533 904 autem
1558 847 1743 903 verbis
1762 847 1959 916 adjun-

379 946 465 991 cta
493 946 577 992 est
606 954 716 993 non
746 940 928 1010 inepta
956 940 1348 1011 intelligentia;
1374 954 1521 1003 nam,
1547 937 1824 993 destructa
1846 927 1959 1009 jam

379 1023 435 1077 in
461 1026 623 1081 nobis
648 1037 822 1083 morte
848 1036 969 1098 post
991 1028 1454 1083 resurrectionem
1477 1043 1545 1081 ex
1572 1026 1823 1091 mortuis,
1848 1042 1960 1081 non

377 1127 543 1171 erunt
578 1118 668 1172 illa
697 1119 1007 1173 necessaria
1032 1134 1131 1188 per
1156 1134 1277 1188 quae
1306 1127 1539 1173 mortem
1565 1116 1807 1188 ellugere
1829 1117 1962 1173 licc-

381 1207 491 1263 bat.
527 1208 680 1263 Alter
714 1209 880 1280 igitur
920 1210 1371 1266 sanctiﬁcationis
1406 1211 1601 1283 modus
1636 1211 1784 1265 illius
1819 1218 1960 1265 tem-

378 1300 531 1370 poris
551 1301 718 1356 statui
740 1303 1074 1358 conveniens
1094 1303 1414 1374 cogitandus
1437 1311 1539 1368 est,
1563 1319 1686 1357 cum
1710 1302 1962 1359 Christus

378 1392 665 1447 nobiscum
697 1394 824 1448 erit.
863 1394 1000 1450 Cum
1032 1395 1217 1466 igitur,
1250 1394 1396 1465 quod
1426 1395 1587 1450 nobis
1620 1396 1674 1449 in
1720 1403 1961 1450 mentem

378 1483 551 1548 venit,
584 1483 887 1540 dixerimus
918 1503 931 1539 :
964 1486 1051 1549 iis,
1077 1487 1172 1557 qui
1209 1487 1434 1542 meliora
1468 1486 1772 1557 intelligere
1804 1495 1961 1559 pote-

380 1581 545 1639 runt,
577 1576 961 1631 concedemus.
998 1577 1066 1631 Et
1110 1577 1340 1633 fortasse
1379 1577 1647 1649 ejusmodi
1679 1575 1960 1646 quidpiam

382 1663 655 1733 signiﬁcat
675 1665 871 1721 beatus
890 1667 1113 1731 Paulus,
1130 1667 1321 1723 dicens
1345 1686 1357 1721 :
1380 1686 1397 1718 ‹
1422 1667 1560 1724 Cum
1587 1667 1798 1721 venerit
1815 1666 1960 1737 quod

2060 478 2249 551 αὔριον
2270 495 2281 505 ·
2311 475 2581 548 ἁγιασμοῦ
2608 474 2735 546 γάρ,
2767 471 2943 545 οἶμαι,
2967 477 3052 539 τὶς
3086 474 3271 546 ἔτερος
3310 477 3443 546 ἡμῖν
3486 476 3644 532 ἔσται

2060 571 2260 642 τρόπος
2294 567 2435 623 κατά
2474 568 2566 622 τὸν
2607 564 2781 620 αἰῶνα
2827 566 2920 620 τὸν
2962 566 3224 637 μέλλοντα
3256 569 3647 638 πνευματικῶς

2060 661 2473 736 ὲνεργούμενος,
2513 661 2695 715 οὐκέτι
2731 660 3079 731 σωματικῶς,
3122 661 3216 716 καὶ
3265 661 3388 715 καθ’
3433 662 3492 716 δν
3528 659 3647 719 οἶδε

2061 752 2217 821 λόγον
2260 753 2290 805 ὁ
2322 753 2497 807 πάντα
2546 747 2967 822 μετασκευάξων
3018 749 3173 813 Θεὸς,
3222 749 3319 804 καὶ
3367 743 3528 821 οἷπερ
3577 751 3647 807 ἂν

2065 845 2304 919 βούλοιτο
2340 843 2665 917 μετατιθείς.
2700 843 2933 913 Ἔψεται
2964 843 3021 896 δέ
3054 859 3140 906 τις
3166 845 3281 907 τοῖς
3321 842 3500 910 λόγοις
3543 844 3646 898 οῦκ

2063 936 2320 1001 ἀσύνετος
2364 936 2519 1002 νοῦς·
2562 935 2863 1008 λελυμένης
2911 934 3019 1007 γὰρ
3055 936 3113 988 ὲν
3152 936 3283 1005 ἡμίν
3309 934 3407 1004 τῆς
3440 934 3647 1004 φθορᾶς

2067 1023 2208 1096 μετά
2228 1041 2291 1092 γε
2318 1024 2381 1077 τὸ
2399 1022 2698 1078 ἀναϐιῶναι
2728 1023 2890 1095 τυχὸν
2904 1023 2967 1076 ἐκ
2991 1022 3225 1093 νεκρῶν,
3246 1022 3345 1077 οὐκ
3373 1024 3650 1091 ἀναγκαῖά

2064 1132 2182 1178 πως
2212 1115 2329 1167 ἐστὶ
2359 1114 2428 1168 ea:
2453 1115 2519 1168 δι’
2552 1105 2626 1168 ὧν
2658 1112 2723 1167 ἂν
2750 1110 2818 1185 ἦν
2857 1113 3116 1167 δύνασθαι
3152 1114 3498 1185 διαδράσκειν
3545 1116 3647 1168 αύ-

2064 1208 2184 1279 τήν.
2218 1208 2445 1278 Ἕτερος
2470 1205 2535 1276 δὴ
2563 1201 2656 1260 οῦν
2689 1204 2966 1276 ἀγιασμοῦ
2992 1206 3193 1278 τρόπος
3222 1208 3290 1277 τῇ
3319 1207 3414 1259 τοῦ
3448 1205 3644 1279 καιροῦ

2064 1296 2399 1351 καταστάσει
2452 1295 2680 1367 πρέπων
2733 1294 3183 1365 ὲπινοηθήσεται,
3223 1294 3474 1359 συνόντος
3514 1296 3646 1367 ἡμῖν

2063 1386 2159 1442 τοῦ
2199 1385 2455 1458 Χριστοῦ.
2491 1386 2565 1439 Τὸ
2614 1385 2672 1439 δὲ
2712 1386 2793 1450 είς
2819 1384 2943 1439 νοῦν
2969 1381 3104 1455 ἧκον
3140 1386 3408 1449 εἰπόντες,
3435 1388 3548 1450 τοῖς
3577 1386 3645 1440 τὰ

2065 1476 2275 1549 ἀμείνω
2300 1475 2478 1529 νοοῦσι
2514 1474 3012 1545 παραχωρήσομεν.
3058 1474 3169 1528 Καὶ
3200 1473 3340 1545 τάχα
3377 1493 3430 1529 τι
3473 1474 3646 1537 τοιοῦ-

2064 1584 2157 1620 τον
2184 1566 2542 1637 ὑποσημαίνει
2568 1566 2742 1636 λέγων
2757 1568 2784 1619 ὁ
2802 1566 3085 1631 θεσπέσιος
3109 1566 3341 1632 Παῦλος·
3369 1569 3570 1623 «Ὅταν
3587 1568 3645 1624 δὲ

2067 1659 2196 1734 ἔλθῃ
2222 1659 2283 1713 τὺ
2301 1659 2526 1724 τέλειον,
2544 1659 2605 1711 τὸ
2635 1660 2701 1712 ὲκ
2734 1658 2936 1729 μέρους
2955 1660 3453 1733 καταργηθήσεται,
3476 1680 3496 1714 ι
3522 1662 3647 1716 ἀντὶ

379 1728 682 1823 perfectum
715 1764 820 1820 est,
854 1728 1214 1812 evacuabitur
1246 1758 1393 1828 quod
1421 1773 1488 1813 ex
1522 1766 1676 1828 parte
1705 1764 1819 1826 est;
1857 1778 1876 1809 ι
1905 1757 1958 1812 id

2065 1728 2196 1818 τοῦ,
2214 1752 2386 1824 πέρας
2409 1750 2516 1815 ἔξει
2545 1750 2638 1805 καὶ
2666 1728 2948 1822 στήσεται.

377 1853 482 1909 est,
516 1843 678 1900 ﬁnem
714 1846 939 1902 habebit
962 1857 1019 1903 et
1050 1848 1331 1903 consistet.

451 1936 647 1991 PALL.
678 1937 1117 1995 Consentaneum
1152 1940 1393 1995 videtur.

452 2026 609 2083 CYR.
642 2029 821 2099 Atque
851 2030 969 2086 baae
1008 2032 1342 2101 perﬁcienda
1387 2034 1551 2105 399
1582 2051 1701 2091 esse
1737 2036 1875 2091 dixit
1907 2035 1963 2092 in

377 2123 795 2179 consecratione
818 2126 1185 2181 sacerdotum.
1208 2127 1561 2201 Congrcgatis
1580 2140 1760 2186 autem
1786 2147 1965 2187 sacer-

378 2212 601 2269 dotibus
640 2214 827 2280 lsracl,
860 2226 915 2271 et
947 2217 1000 2272 in
1036 2220 1335 2275 Ecclesiam
1379 2223 1644 2287 collectis,
1688 2224 1963 2294 publicam

373 2316 568 2356 eorum
594 2302 1017 2360 declarationem
1046 2305 1164 2362 ﬁeri
1192 2311 1469 2381 pnceepit,
1496 2311 1722 2367 dicens:
1751 2332 1768 2363 ι
1799 2313 1964 2370 Sume

377 2390 559 2446 Aaron
592 2399 648 2447 et
680 2391 819 2447 ﬁlios
849 2394 989 2464 ejus,
1020 2403 1076 2450 et
1102 2397 1284 2451 oleum
1314 2399 1609 2465 unctionis,
1649 2400 1964 2457 etvitnlum

377 2496 479 2551 pro
495 2490 742 2552 peccato,
760 2490 817 2538 et
830 2482 1210 2559 duos_arieles,
1229 2496 1284 2542 et
1301 2488 1600 2544 canistrum
1624 2506 1962 2563 azymorum,

376 2579 434 2627 et
456 2587 674 2627 omnem
702 2577 1177 2647 congregationem
1204 2594 1442 2635 convoca
1468 2581 1536 2636 ad
1561 2582 1760 2636 ostium
1787 2581 1966 2639 taber-

376 2665 558 2719 naculi
588 2667 908 2721 testimonii.
935 2669 1003 2723 Et
1032 2669 1171 2731 dixit
1196 2671 1406 2742 Moyses
1431 2674 1843 2745 congregationi
1872 2693 1885 2730 :
1910 2684 1966 2732 et

377 2756 506 2812 fecit
526 2758 668 2813 sicut
689 2768 1025 2830 praeceperat
1049 2761 1099 2816 ei
1124 2762 1417 2827 Dominus;
1443 2771 1498 2818 et
1518 2775 1847 2821 conventum
1870 2767 1967 2822 ha-

375 2847 574 2903 buitad
593 2850 793 2904 ostium
810 2850 1145 2907 tabernaculi
1162 2856 1483 2909 testimonii.
1502 2857 1569 2911 Et
1582 2856 1960 2929 dixitMoyses:

376 2938 492 2994 lloc
518 2948 602 2995 est
628 2940 881 3007 verbum,
913 2943 1061 3014 quod
1082 2945 1360 3000 mandavit
1382 2947 1645 3002 Dominus
1673 2947 1884 3016 facere;
1907 2959 1965 3006 et

2138 1923 2344 1977 IIAAA.
2392 1923 2629 1977 Ἔοικεν.

2137 2015 2300 2069 ΚΥΡ.
2343 2013 2512 2067 Ἰἀυτλ⁸
2547 2015 2647 2085 μὲν
2691 2007 2784 2069 οὖν
2817 2014 2920 2089 ἔφη
2954 2015 3398 2089 διαπεραίνεσθαι
3425 2018 3535 2073 δεῖν
3565 2018 3649 2085 εἰς

2063 2107 2164 2179 τὴν
2202 2109 2312 2161 τῶν
2342 2106 2501 2179 ἱερῶν
2539 2105 2838 2163 τελείωσιν.
2889 2108 3389 2182 Συνεγηγερμένων
3440 2112 3499 2165 δὲ
3537 2110 3650 2165 τῶν

2069 2203 2263 2275 ἱερέων
2311 2201 2548 2274 Ἰσραὴλ,
2583 2201 2678 2256 καὶ
2712 2202 3143 2274 συνειλεγμένων
3169 2205 3250 2268 είς
3290 2204 3647 2276 Ἐκκλησίαν,

2064 2295 2163 2366 τὴν
2188 2296 2267 2359 είς
2296 2295 2535 2365 ἐμφανὲς
2579 2294 2854 2362 ἀνάδειξιν
2898 2294 3151 2350 διετύπου
3193 2295 3371 2365 λέγων
3399 2313 3412 2326 ·
3444 2315 3465 2349 ι
3495 2298 3649 2353 Λάϐε

2078 2384 2290 2455 Ἀαρὼν
2341 2384 2436 2438 καὶ
2477 2385 2606 2448 τοὺς
2649 2384 2800 2448 υἱοὺς
2846 2383 3033 2450 αὑτοῦ,
3077 2385 3171 2439 καὶ
3199 2385 3260 2439 τὸ
3314 2386 3495 2441 ἔλαιον
3543 2388 3651 2458 τῆς

2067 2477 2320 2547 κρίσεως,
2348 2477 2443 2530 καὶ
2462 2478 2553 2530 τὸν
2584 2476 2781 2548 μόσχον
2808 2478 2900 2531 τὸν
2926 2479 3055 2550 περὶ
3081 2480 3378 2552 ἁμαρτίας,
3406 2481 3502 2534 καὶ
3519 2482 3650 2546 τοῦς

2066 2566 2158 2621 δύο
2173 2569 2379 2639 κριοὺς,
2395 2568 2488 2622 καὶ
2507 2568 2567 2623 τδ
2584 2568 2781 2623 κανοῦν
2809 2568 2918 2624 τῶν
2944 2570 3192 2642 ἀζύμων,
3223 2572 3318 2625 καὶ
3343 2574 3522 2626 πᾶσαν
3546 2573 3650 2642 τὴν

2069 2659 2394 2729 συναγωγὴν
2439 2659 2804 2731 ἔκκλησίασον
2848 2662 2940 2715 ἐπὶ
2966 2663 3066 2733 τὴν
3093 2661 3265 2735 θύραν
3304 2663 3403 2734 τῆς
3441 2663 3651 2736 σκηνῆς

2063 2752 2159 2807 τοῦ
2204 2755 2540 2826 ημαρτυρίου.
2594 2755 2705 2809 Καὶ
2776 2751 2898 2809 sine
2954 2756 3162 2826 Μωσῆς
3210 2760 3277 2828 τῇ
3331 2762 3645 2831 συναγωγῇδ

2067 2841 2186 2915 [καὶ
2216 2843 2438 2916 ἐποίησε
2466 2843 2526 2899 ὃν
2556 2845 2758 2916 τρόπον
2789 2844 3087 2912 συνέταξεν
3121 2845 3268 2917 αὑτῷ
3296 2846 3502 2919 Κύριος
3549 2848 3648 2904 καὶ

2066 2935 2455 3004 ὲξεκκ).ησίασε
2479 2937 2578 3007 τὴν
2600 2935 2920 3009 συναγωγὴν
2951 2938 3043 2992 ἐπὶ
3059 2938 3160 3010 τὴν
3186 2937 3354 3010 θύραν
3385 2942 3486 3011 τῆς
3513 2958 3649 3012 σκη-

377 3030 558 3088 induit
576 3032 837 3089 decenter
850 3034 1031 3090 Aaron
1052 3043 1216 3107 atque
1233 3038 1401 3092 etiam
1420 3039 1752 3105 sacerdotes,
1771 3056 1958 3112 asper-

2066 3029 2162 3099 νῆς
2192 3027 2284 3081 τοῦ
2313 3029 2635 3100 μαρτυρίου.
2672 3028 2784 3083 Καὶ
2812 3024 2935 3082 εἶπε
2979 3028 3252 3103 Μωσῆς
3310 3030 3481 3085 Τοῦτό
3523 3032 3641 3085 ἔστι

375 3122 555 3193 sitque
590 3124 713 3178 oleo
746 3124 1023 3181 unctionis
1058 3127 1230 3182 altare
1267 3129 1491 3197 septies,
1523 3138 1580 3184 et
1617 3130 1801 3187 omnia
1842 3131 1963 3202 ejus

374 3230 524 3281 vasa,
548 3224 604 3271 et
622 3214 859 3282 labrum,
886 3217 1084 3288 inquit,
1112 3218 1524 3275 tabernaculum
1541 3229 1598 3276 et
1619 3221 1823 3287 omnia,
1839 3238 1963 3294 qua:

376 3310 433 3365 in
455 3325 522 3365 eo
536 3319 715 3376 erant,
735 3321 791 3368 et
812 3314 1173 3373 sanctiﬁcavit
1197 3331 1262 3371 ea
1287 3317 1352 3369 ‘°.
1381 3336 1399 3369 ι
1425 3315 1686 3373 Sanctum
1712 3320 1960 3375 estenim

375 3400 794 3458 tabernaculum
818 3403 1066 3473 quidem,
1099 3405 1270 3461 altare
1306 3414 1489 3463 tamen
1529 3407 1960 3466 sanctiﬁcatione

374 3487 613 3568 Spiritus
644 3493 887 3563 perfecte
910 3495 1197 3564 praaditum
1222 3505 1325 3560 est,
1358 3513 1469 3552 non
1495 3506 1751 3568 tanquam
1779 3516 1847 3555 ex
1872 3514 1960 3556 ra-

376 3562 664 3636 tionalium
687 3591 1010 3638 naturarum
1038 3601 1273 3641 numero
1296 3588 1413 3657 ejus
1436 3588 1713 3659 particeps
1758 3589 1961 3645 factum

377 3673 580 3741 (neque
611 3673 758 3727 enim
797 3672 870 3726 ita
909 3683 1160 3729 sanctum
1190 3684 1295 3740 est,
1333 3684 1394 3730 ut
1428 3678 1582 3733 verbi
1626 3679 1823 3749 gratia,
1860 3696 1960 3737 an-

374 3762 482 3832 geli
505 3769 721 3826 natnra,
745 3772 805 3816 ut
825 3762 1066 3818 hominis
1090 3764 1317 3836 anima),
1342 3766 1520 3835 sedex
1542 3777 1799 3825 contactu
1820 3787 1960 3841 quo-

374 3851 669 3907 dammodo
704 3852 978 3919 sacriﬁcii,
1012 3855 1159 3925 quod
1190 3872 1356 3927 super
1388 3857 1522 3913 illud
1556 3859 1956 3930 imponebatur.

372 3943 607 4001 Sanctus
633 3954 716 4002 est
736 3947 885 4001 enim
902 3948 1067 4003 etiam
1087 3948 1262 4014 locus,
1296 3950 1607 4023 ubicunque
1623 3952 1963 4012 fueritChri-

372 4044 511 4092 stus.
537 4038 812 4095 Peruncto
839 4040 1006 4111 igitur
1031 4040 1192 4096 altari
1217 4043 1437 4113 septies,
1464 4043 1570 4098 hoc
1590 4054 1692 4109 est,
1719 4045 1956 4113 abunde,

371 4126 676 4183 sanctiﬁcat
692 4130 869 4199 ipsum
888 4118 1069 4185 Aaron
1091 4149 1102 4186 :
1124 4130 1484 4188 infuditenim
1507 4150 1670 4205 super
1686 4135 1837 4192 illum
1860 4154 1957 4192 un-

370 4219 570 4274 ctionis
585 4222 787 4287 oleum,
802 4238 866 4276 ac
883 4233 1144 4293 praeterea
1162 4224 1364 4280 obtulit
1379 4226 1586 4282 hostias
1603 4236 1716 4283 tum
1731 4246 1831 4299 pro
1845 4230 1955 4297 illo,

373 4318 487 4364 tum
509 4327 607 4381 pro
623 4313 743 4383 ejus
759 4313 883 4368 ﬁliis
898 4330 964 4371 eo
981 4315 1164 4379 modo,
1178 4330 1288 4386 quo
1304 4317 1559 4387 superius
1581 4320 1953 4389 exposuimus.

2061 3118 2122 3172 τὸ
2175 3119 2327 3190 ῥῆμα
2384 3118 2413 3172 ὃ
2453 3119 2753 3173 ἐνετείλατο
2807 3120 3013 3188 Κύριος
3059 3122 3304 3192 ποιῆσαι.
3340 3123 3449 3176 Καὶ
3496 3124 3647 3194 ἀμφ-

2065 3209 2264 3264 ιέννυσι
2295 3210 2392 3281 μὲν
2430 3211 2488 3265 ὲν
2525 3211 2717 3283 κόσμῳ
2762 3212 2855 3266 τὸν
2920 3213 3136 3285 Δαρὼν,
3165 3215 3260 3268 καὶ
3288 3214 3475 3287 μέντοι
3506 3218 3633 3281 τοὺς

2065 3303 2265 3375 ἱερέας.
2313 3306 2621 3378 Προσρανεῖ
2651 3307 2708 3361 δὲ
2749 3306 2831 3378 τῷ
2866 3307 3029 3380 ἐλαίῳ
3051 3311 3153 3380 τῆς
3182 3310 3415 3381 κρίσεως
3454 3311 3517 3364 τδ
3553 3311 3648 3365 θυ-

2063 3396 2377 3466 σιαστήριον
2415 3397 2666 3462 ἑπτάκις,
2708 3400 2801 3454 καὶ
2832 3400 2925 3452 ἐπὶ
2959 3400 3139 3454 πάντα
3160 3400 3323 3455 αὑτοῦ
3354 3401 3425 3455 τὰ
3451 3401 3645 3473 σκεύη,

2061 3488 2155 3540 καὶ
2202 3488 2293 3541 ἐπὶ
2344 3488 2436 3542 τὸν
2481 3487 2743 3563 λουτῆρα,
2792 3493 2949 3564 φησὶ,
2997 3495 3093 3547 καὶ
3134 3493 3233 3549 τὴν
3287 3494 3518 3566 σκηνὴν,
3549 3495 3647 3549 καὶ

2063 3577 2241 3631 πάντα
2268 3577 2340 3632 τὰ
2365 3580 2423 3633 ὲν
2452 3579 2611 3652 αὐτῇ,
2642 3582 2734 3634 καὶ
2764 3583 2995 3654 ἡγίασεν
3021 3584 3183 3638 αὑτά.
3217 3603 3236 3635 ι
3283 3583 3440 3653 ’Δγία
3473 3584 3580 3656 γὰρ
3605 3586 3644 3656 ἠ

2064 3668 2259 3740 σκηνὴ.
2297 3670 2663 3725 καταπλουτεί
2691 3673 2748 3728 δὲ
2780 3674 3000 3739 τελείως
3033 3675 3095 3729 τὸ
3129 3675 3517 3747 θυσιαστήριον
3553 3676 3647 3729 τὸν

2060 3759 2148 3815 διὰ
2185 3762 2504 3833 ῐῙνεύματος
2536 3765 2831 3836 άγιασμδν,
2864 3766 2964 3837 οὐχ
3006 3766 3084 3831 ὡς
3110 3768 3167 3821 ὲν
3207 3766 3358 3831 τάξει
3392 3766 3649 3838 μετίσχον

2059 3853 2171 3907 τῶν
2205 3853 2439 3923 λογικῶν
2468 3871 2484 3887 °
2511 3856 2572 3909 οὐ
2604 3855 2713 3927 γάρ
2757 3856 2930 3921 οῦτως
2952 3857 3128 3925 ἆγιον,
3163 3857 3260 3921 ὼς,
3290 3851 3403 3910 οἷον
3436 3859 3607 3911 εἰπεῖν
3627 3896 3646 3920 ,

2060 3946 2291 4016 ἀγγέλου
2315 3947 2493 4016 φύσις,
2508 3949 2675 4021 ἦγουν
2691 3948 2977 4021 ἀνθρώπου
2991 3949 3138 4021 ψυχή
3160 3967 3174 3981 ·
3204 3950 3317 4005 ἀλλ’
3342 3952 3509 4004 οἱονεί
3528 3968 3648 4016 πως

2060 4034 2120 4099 ἐξ
2172 4035 2389 4106 ἐπαφῆς
2435 4036 2532 4107 τῆς
2572 4036 2956 4108 ἐπιτιθεμένης
3003 4036 3197 4101 θυσίας
3237 4038 3404 4109 αύτῷ.
3452 4040 3644 4108 ’Δγιος

2059 4126 2168 4198 γὰρ
2196 4126 2290 4180 καὶ
2318 4126 2482 4191 τόπος
2522 4129 2577 4181 ἐν
2605 4122 2756 4201 ᾧπερ
2788 4127 2853 4183 ἂν
2896 4129 3110 4198 γένοιτο
3161 4130 3418 4203 Χριστός.
3456 4133 3644 4185 Καταο

2060 4217 2255 4286 χρίσας
2285 4218 2347 4287 δὴ
2382 4213 2475 4271 οῦν
2502 4217 2563 4271 τὸ
2592 4216 2975 4291 θυσιαστήριον
3005 4220 3254 4284 ἑπτάκις,
3278 4221 3306 4274 ὅ
3327 4222 3441 4274 ὲστι
3481 4221 3647 4274 πλουο

2063 4308 2212 4373 σίως,
2243 4309 2459 4378 ἁγιάζει
2482 4309 2573 4362 τὸν
2600 4308 2810 4382 Ἀαρών
2834 4325 2849 4340 ·
2880 4310 3333 4383 προσεπήντλησε
3362 4313 3471 4384 γάρ
3494 4312 3644 4385 αὐτῷ

372 4400 469 4456 llis
480 4418 609 4458 vero
622 4404 897 4473 perfectis,
912 4409 1170 4478 prazccpit
1186 4408 1368 4462 adhuc
1381 4408 1597 4465 dicens:
1613 4432 1629 4461 ι
1652 4388 1716 4465 lit
1733 4412 1801 4466 ab
1818 4413 1958 4469 ostio

2062 4400 2122 4453 τὸ
2154 4401 2252 4470 τῆς
2280 4400 2513 4471 χρίσεως
2547 4399 2743 4467 ἔλαιον,
2769 4402 2865 4455 καὶ
2902 4402 3039 4471 πρός
3063 4418 3126 4470 γε
3166 4401 3231 4469 δὴ
3261 4401 3435 4471 τούτῳ
3475 4419 3644 4474 προσ-

371 4494 706 4550 tabernaculi
742 4499 1038 4553 testimonii
1067 4510 1179 4553 non
1203 4501 1561 4571 egrediemini
1597 4510 1802 4571 septem
1838 4503 1957 4559 die-

2062 4495 2320 4566 κεκόμικε
2365 4495 2464 4559 τάς
2515 4495 2703 4560 θυσίας
2740 4495 2841 4560 τὰς
2862 4497 3005 4569 ὑπέρ
3039 4515 3098 4550 τε
3126 4497 3289 4552 αὑτοῦ
3315 4498 3409 4552 καὶ
3431 4497 3542 4550 τῶν
3583 4497 3646 4562 ἐξ

368 4584 494 4652 bus,
521 4596 807 4657 quousque
830 4588 948 4643 dies
978 4591 1289 4660 impleatur,
1323 4590 1443 4646 dies
1470 4594 1958 4650 consummationis

2062 4586 2223 4640 αὑτοῦ
2272 4587 2414 4641 κατά
2459 4605 2523 4656 γε
2568 4590 2697 4653 τοὺς
2746 4588 2951 4660 ἀρτίως
2987 4592 3120 4660 ἡμῖν
3173 4589 3645 4661 προαποδοθέντας

367 4685 585 4732 vestrae.
631 4678 848 4748 Septem
883 4680 1031 4734 enim
1079 4679 1198 4735 dies
1229 4682 1578 4737 consecrabit
1620 4700 1817 4739 manus
1857 4702 1955 4740 ve-

334 4764 342 4781 ‘
366 4777 529 4832 atras,
555 4768 696 4823 sicut
724 4770 854 4824 fecit
876 4769 965 4825 die
990 4771 1114 4836 hoc,
1143 4787 1253 4841 quo
1274 4772 1552 4828 mandavit
1579 4775 1845 4831 Dominus
1870 4777 1953 4832 fa-

364 4871 513 4921 cere,
542 4865 602 4912 ut
632 4858 964 4928 propitietur
999 4874 1101 4929 pro
1131 4861 1311 4927 vobis,
1341 4870 1396 4917 et
1426 4861 1494 4917 ad
1530 4863 1732 4919 ostium
1765 4866 1947 4921 taber-

365 4948 551 5002 naculi
586 4949 884 5005 testimonii
927 4951 1192 5008 scdebitis
1226 4963 1432 5024 septem
1481 4954 1600 5011 dies
1645 4973 1658 5010 :
1694 4966 1854 5011 nocte
1891 4965 1949 5011 et

363 5035 457 5093 die
490 5040 779 5095 servabitis
800 5043 1076 5099 custodias
1099 5046 1336 5112 Domini,
1362 5055 1417 5101 ul
1451 5063 1560 5102 non
1592 5047 1903 5103 moriamini
1929 5065 1942 5099 :

364 5127 447 5183 sic
465 5127 613 5184 enim
639 5134 918 5186 mandavit
940 5134 1073 5187 mibi
1105 5135 1370 5190 Dominus
1393 5136 1537 5191 Deus
1560 5138 1626 5190 ".
1665 5156 1682 5187 ι
1714 5135 1946 5203 Quinam

365 5220 911 5293 uniuscujuscunque
945 5224 1201 5281 sacriﬁcii
1239 5226 1405 5282 fuerit
1434 5218 1593 5293 ritus,
1633 5228 1765 5282 satis
1796 5236 1881 5283 est
1917 5244 1948 5283 a

367 5314 525 5370 nobis
542 5313 812 5385 superiori
835 5331 1086 5373 sermone
1104 5318 1536 5375 demonstratum
1555 5337 1570 5385 ;
1590 5329 1947 5391 quapropter,

363 5406 567 5462 omissa
590 5405 658 5463 de
690 5406 778 5462 bis
812 5407 978 5463 rebus
1006 5409 1310 5466 subtilitate
1345 5410 1674 5475 disserendi,
1711 5411 1778 5466 ad
1814 5410 1948 5466 illud

368 5509 675 5567 pergamus.
707 5498 826 5554 Non
860 5500 1128 5570 permittit
1158 5502 1245 5557 lex
1279 5517 1394 5567 eos,
1429 5501 1522 5571 qui
1559 5517 1770 5557 sacram
1798 5517 1951 5574 egre-

2050 4678 2307 4749 τρόπους.
2360 4678 2576 4751 Ἐπειδὴ
2602 4680 2658 4734 δὲ
2689 4681 2767 4743 είς
2797 4681 2971 4751 πέρας
2995 4677 3133 4753 ἦκτο
3158 4683 3337 4746 ταυτὶ,
3372 4698 3634 4755 προσεπι-

2050 4771 2232 4825 τάττει
2258 4769 2452 4840 λέγων,
2493 4790 2510 4822 ι
2550 4771 2658 4824 Kal
2696 4772 2806 4826 ἀπὸ
2832 4772 2929 4842 τῆς
2962 4773 3136 4844 θύρας
3173 4774 3276 4844 τῆς
3311 4774 3513 4846 σκηνῆς
3547 4774 3641 4826 καὶ

2056 4862 2357 4933 μαρτυρίου
2388 4862 2488 4915 οὐκ
2510 4861 2854 4927 ἐξελεύσεσθε
2887 4863 3027 4917 έπτά
3056 4864 3291 4935 ἡμέρας.
3323 4864 3429 4927 ἕως
3451 4862 3636 4935 ἡμέρα

2053 4953 2338 5026 πληρωθῇ,
2357 4952 2540 5026 ἡμέρα
2557 4952 2887 5018 τελειώσεως
2907 4955 2935 5007 ὑ
2944 4954 3080 5025 μῶν.
3097 4955 3273 5009 Ἐπτά
3294 4955 3402 5027 γὰρ
3424 4954 3530 5026 ήμέ
3539 4972 3640 5025 ρας

2052 5043 2329 5099 τελειώσει
2358 5043 2458 5107 τάς
2484 5046 2673 5115 χεῖρας
2697 5042 2872 5115 ὑμῶν,
2903 5042 3154 5116 καθάπερ
3179 5045 3436 5115 ἐποίησεν
3465 5046 3523 5098 ὲν
3569 5047 3637 5116 τῇ

2053 5134 2239 5209 ἡμέρᾳ
2252 5132 2446 5206 ταύτῃ.
2513 5134 2817 5189 ἐνετείλατο
2828 5135 2909 5189 Κύ
2919 5152 3030 5206 ριος
3041 5136 3133 5188 τοῦ
3155 5136 3548 5207 ποιῆσαι,ὦστε
3563 5138 3639 5205 ἐξα

2048 5224 2333 5278 ιλὰσασθαι
2366 5225 2492 5298 περὶ
2515 5224 2689 5295 ὑμῶν,
2719 5226 2813 5279 καὶ
2838 5226 2928 5280 ἐπ”.
2950 5226 3047 5296 τὴν
3079 5226 3251 5299 θύραν
3297 5228 3396 5298 τῆς
3429 5228 3640 5299 σκηνῆς

2046 5317 2140 5371 τοῦ
2163 5318 2464 5390 μαρτυρίου
2489 5316 2781 5372 καθίσεσθε
2815 5318 2955 5371 έπτά
2988 5319 3223 5392 ἡμέρας.
3278 5319 3523 5392 ἸΙμέραν
3579 5320 3637 5374 δὲ

2050 5410 2143 5463 καὶ
2176 5407 2346 5462 νύκτα
2388 5408 2697 5476 φυλάξασθε
2734 5409 2804 5462 τά
2836 5410 3164 5482 φυλὰγματα
3186 5411 3415 5482 Κυρίου,
3445 5413 3532 5467 ἵνα
3560 5411 3636 5483 μὴ

2049 5499 2358 5572 ἀποθάνητε
2376 5514 2389 5529 ·
2407 5498 2581 5565 οὕτως
2601 5499 2709 5573 γὰρ
2733 5499 3034 5556 ἐνετείλατό
3051 5517 3136 5573 μου
3162 5499 3367 5574 Κύριος
3386 5502 3414 5556 ό
3433 5500 3584 5568 Θεός.
3610 5521 3630 5556 ι

436 5689 527 5753 ⁸⁹1
560 5698 683 5753 Cor.
716 5716 827 5767 xm,
869 5704 948 5758 lO.
1028 5707 1069 5737 "
1099 5707 1272 5763 Lcrit.
1307 5723 1417 5773 vni,
1461 5708 1577 5764 {-7.
1656 5710 1697 5743 "
1756 5710 1889 5767 ibid.
1946 5711 2136 5770 53-33.
