3996 6212
310 327 419 384 τῧὸ

1039 334 1124 390 DE
1163 336 1604 397 ADORATIONE
1642 336 1713 399 IN
1746 340 2019 402 SPIRITU
2060 344 2150 402 ET
2189 346 2558 404 VERITATE.
2602 346 2730 402 LIB.
2772 348 2863 403 XI.

3484 356 3584 413 766

328 443 539 535 Ὁποῖος
572 439 802 513 μὲνοῦν
832 444 918 514 ἐφ’
946 447 1150 535 ἐκάστῃ
1178 452 1287 505 τῶν
1320 453 1523 509 θυσιῶν
1552 456 1744 526 γέγονε
1774 458 1897 532 τρό·

2000 461 2253 534 giamque
2288 472 2493 519 sortem
2523 463 2705 535 adepti
2728 472 2877 529 sunt,
2899 473 2954 519 et
2976 466 3042 520 ad
3065 467 3355 533 sacerdotii
3387 486 3586 527 munus

311 548 434 597 πος,
473 532 734 604 ἀποχρῶν
766 538 900 607 ἡμῖν
928 533 989 592 εὗ
1024 540 1171 611 μάλα
1204 542 1428 611 διέδειξε
1452 546 1629 616 λόγος.
1657 546 1895 621 Τοιγάρ-

306 638 392 675 τοι
424 621 682 690 μεθέντες
706 624 769 678 τὸ
798 625 854 678 ἐν
887 644 949 695 γε
990 628 1200 694 τούτοις
1227 632 1584 702 ἰσχνομυθεῖν,
1620 635 1712 690 ἐπὶ
1739 637 1898 692 τοῦτο

311 713 504 784 ἴωμεν.
531 714 647 768 Οὐκ
672 717 891 788 ἐφίησιν
914 720 943 772 6
970 722 1133 791 νόμος
1161 724 1286 786 τοὺς
1313 725 1457 795 ἱερὸν
1483 729 1576 781 καὶ
1599 728 1899 784 ἀπόλεκτον

311 805 866 878 καταπλουτῆσαντας
917 811 1141 882 κλῆρον,
1197 815 1652 887 τετελειωμένους
1696 837 1756 873 τε
1793 818 1897 892 ἤδη

311 894 453 966 πρὸς
497 896 559 949 τὸ
598 897 848 967 ἱερᾶσθαι
889 899 1020 965 δεῖν,
1045 900 1151 967 ἔξω
1179 921 1280 957 που
1314 906 1574 977 φέρεσθαι
1602 908 1702 978 τῆς
1738 908 1899 977 ἁγίας

308 986 540 1055 σκηνῆς,
575 986 692 1040 ἀλλ’
728 987 809 1052 είς
844 989 1077 1061 ἑϐδόμην
1110 994 1323 1064 ἡμέραν
1377 994 1507 1049 εἴσω
1539 1013 1597 1051 τε
1630 997 1894 1064 καθίζειν,
1942 1035 1950 1041 -

307 1075 406 1128 καὶ
437 1079 717 1148 μονονουχὶ
745 1081 1008 1152 προσηλοῖ
1031 1087 1152 1148 ταῖς
1177 1083 1389 1155 θύραις,
1426 1088 1526 1158 οὐχ
1559 1088 1898 1160 ὑπεραίρον-

306 1183 410 1230 τας
427 1167 520 1221 τὸν
543 1168 714 1233 οὐδὸν,
730 1169 829 1239 τὴν
850 1171 908 1223 ὲν
934 1172 1118 1237 τόποις
1139 1174 1319 1244 ἀγίοις
1339 1177 1556 1230 καθισιν
1606 1179 1668 1231 σύ
1678 1179 1894 1250 μσολον,

308 1254 469 1330 οῐμαί
512 1277 637 1324 που,
666 1261 837 1325 τιθεὶς
871 1263 1218 1336 ἐδραιότητος
1258 1268 1353 1321 καὶ
1400 1269 1663 1340 διαμονῆς
1695 1270 1794 1340 τῆς
1839 1273 1900 1327 ἐν

309 1355 592 1427 ἁγιασμῷ.
633 1359 1013 1430 Διερηρεῖσθαι
1038 1362 1146 1432 γὰρ
1178 1362 1262 1416 δεῖ
1299 1364 1393 1417 καὶ
1414 1364 1727 1436 ἀκλονήτως
1754 1365 1897 1436 ἔχειν

307 1450 393 1512 είς
446 1448 646 1520 ἀρετὴν
691 1451 990 1519 ἀναγκαῖον
1042 1455 1211 1523 ἡμᾶς,
1258 1455 1387 1519 τοὺς
1425 1455 1545 1526 οῖγε
1589 1455 1899 1526 τετάγμεθα

308 1539 699 1611 προσεδρεύειν
735 1540 876 1612 Θεῷ,
904 1544 1008 1597 οὐκ
1040 1543 1145 1609 ἔξω
1174 1544 1473 1615 φοιτῶντας
1498 1546 1593 1599 τοῦ
1628 1546 1899 1618 καθήκον-

307 1646 401 1694 τος
445 1631 647 1701 τρόπου
692 1632 784 1687 καὶ
819 1633 1048 1706 γνώμης
1092 1636 1450 1707 ἐκτρέχοντας
1494 1637 1894 1710 isporrpemﬁc'

308 1719 483 1790 ἀγχοῦ
507 1719 564 1773 δέ
585 1720 775 1792 ῶσπερ
798 1723 885 1776 ἀεὶ
907 1723 997 1777 καὶ
1021 1724 1304 1789 οίκοῧντας
1330 1724 1480 1797 παρὰ
1495 1725 1637 1796 Θεῷ,
1663 1726 1805 1779 κατά
1833 1742 1896 1795 γε

1999 554 2316 610 obeundum
2334 557 2443 628 jam
2466 557 2794 619 consecrati,
2819 572 2849 612 e
2873 572 3033 612 sacro
3057 558 3409 615 tabernaculo
3427 578 3587 618 exce-

1999 646 2152 712 dere,
2178 646 2272 701 sed
2293 646 2361 701 ad
2388 648 2682 717 septimum
2718 663 2891 717 usque
2916 648 3061 703 diem
3088 664 3184 704 eos
3218 651 3368 706 intus
3401 656 3585 709 cousi-

1998 735 2127 791 dere
2152 737 2328 807 jubet,
2358 752 2421 791 ac
2448 752 2618 807 prope
2641 736 2896 802 dixerim,
2929 740 3071 793 ostio
3093 738 3280 811 aﬁigit,
3302 740 3464 812 400
3484 758 3587 799 nec

1998 829 2167 883 limen
2197 828 2383 898 egredi
2418 829 2578 895 sinit;
2612 844 2774 899 quam
2798 829 2852 882 in
2886 830 3059 885 sacris
3088 831 3197 885 illis
3229 832 3366 886 locis
3388 835 3587 888 sessio-

1998 919 2731 990 nem,ut_opinor,ﬁrmitatis
2748 928 2910 989 atque
2933 924 3335 990 permansionis
3355 924 3410 977 in
3429 939 3580 979 sano-

1999 1010 2299 1066 tiﬁcatioue
2324 1011 2631 1082 symbolum
2655 1010 2930 1080 quoddam
2957 1027 3077 1065 esse
3113 1014 3304 1067 voluit.
3346 1013 3582 1071 Necesse

1998 1103 2146 1157 enim
2182 1111 2285 1169 est,
2326 1111 2405 1165 ut,
2441 1103 2536 1174 qui
2574 1104 2631 1157 in
2668 1103 2773 1157 hac
2816 1103 3055 1156 statione
3085 1103 3335 1158 collocati
3370 1119 3581 1176 sumus,

1998 1204 2197 1268 praesto
2224 1197 2396 1252 simus
2424 1196 2557 1259 Deo,
2594 1194 2739 1248 ﬁrmi
2768 1203 2932 1264 atque
2958 1194 3265 1249 immobiles
3295 1194 3351 1248 in
3378 1196 3581 1250 virtute

1998 1302 2338 1352 maneamus,
2372 1303 2441 1342 ne
2468 1296 2623 1342 extra
2654 1302 2871 1340 morum
2912 1284 3198 1349 terminos,
3224 1286 3318 1355 qui
3357 1300 3459 1340 nos
3491 1285 3579 1339 de-

1999 1386 2146 1445 cent,
2175 1380 2543 1452 egrediamur,
2565 1387 2660 1433 aut
2689 1394 2719 1433 e
2744 1393 2899 1432 sacro
2931 1393 3093 1433 sensu
3116 1377 3465 1440 excedamus,
3488 1375 3584 1431 sed

1999 1486 2218 1540 semper
2253 1485 2423 1540 prope
2462 1469 2867 1539 quodammodo
2901 1469 3104 1534 simus,
3150 1477 3207 1523 et
3235 1468 3376 1538 apud
3412 1468 3583 1522 Deum

1999 1560 2332 1627 babitemus,
2356 1564 2511 1633 juxta
2536 1562 2693 1627 illud,
2722 1562 2867 1633 quod
2898 1571 2984 1616 est
3011 1562 3291 1632 prophetae
3313 1578 3448 1617 voce
3470 1561 3587 1617 dic-

2000 1661 2116 1707 tum
2141 1671 2155 1707 z
2186 1671 2203 1705 ι
2230 1652 2494 1719 Qumrens
2516 1669 2720 1723 qumre,
2743 1661 2799 1707 et
2820 1652 2964 1722 apud
2990 1669 3076 1707 me
3106 1652 3298 1707 habita
3323 1655 3387 1706 τ’.
3423 1671 3441 1703 ι
3472 1652 3588 1707 lloc

2000 1755 2182 1802 autem
2216 1763 2314 1817 per
2341 1754 2548 1817 septem
2576 1746 2695 1800 dies
2724 1746 2901 1802 facere
2925 1745 3089 1816 jussit
3123 1744 3353 1817 Moyses.
3386 1743 3503 1810 Qua
3528 1743 3582 1797 in

305 1807 694 1909 τδείρημένον
731 1808 821 1863 διὰ
859 1812 1041 1881 φωνῆς
1085 1813 1392 1883 προφήτου·
1430 1833 1449 1865 ι
1488 1813 1678 1885 Ζητῶν
1720 1814 1892 1884 ζήτει,

1998 1854 2056 1893 re
2088 1838 2433 1909 septenarius
2454 1853 2719 1892 numerus
2755 1837 2810 1890 id
2838 1836 3108 1907 signiﬁcat
3156 1850 3275 1890 esse
3299 1835 3461 1889 nobis
3482 1835 3584 1889 ad-

308 1897 407 1951 καὶ
454 1898 586 1971 παρ’
631 1901 756 1972 ἐμοὶ
793 1901 953 1957 οἴκει.
990 1921 1009 1953 ι
1066 1903 1160 1967 Είς
1198 1903 1339 1957 ἐπτά
1391 1904 1448 1958 δὲ
1491 1904 1649 1958 τοῦτο
1682 1904 1894 1976 ἡμέρας

307 1990 486 2042 ποιεῖν
526 1990 814 2044 ἐκέλευσεν
853 1994 882 2045 6
925 1994 1131 2062 Μωσῆς
1154 2009 1167 2024 ⁸
1215 1995 1277 2049 τὸ
1304 1997 1362 2048 ἐν
1400 1998 1565 2052 παντὶ
1609 1998 1667 2052 δὲ
1704 1999 1900 2069 χρῆναι

306 2081 491 2152 καιρῷ
522 2081 640 2153 Θεῷ
681 2084 1066 2155 προσεδρεύειν
1111 2085 1449 2155 ἐπείγεσθαι,
1490 2087 1584 2143 τοῦ
1630 2088 1770 2142 ἐπτά
1802 2106 1900 2159 ση-

309 2175 594 2244 μαίνοντος
613 2218 629 2239 ,
653 2176 818 2228 οἱονεὶ
848 2176 957 2247 γάρ
987 2194 1103 2241 πως
1134 2177 1196 2231 τὸ
1223 2178 1399 2232 διόλου
1455 2180 1550 2234 καὶ
1578 2179 1669 2234 διά
1698 2180 1900 2244 παντὸς

308 2264 496 2335 φησίν.
524 2264 669 2318 Εῖσω
702 2265 760 2319 δέ
799 2265 960 2330 ὄντας
1001 2267 1205 2338 σκηνῆς
1261 2268 1566 2323 ἐντέλλεται
1597 2273 1783 2342 τηρεῖν
1812 2269 1900 2325 ιτά

309 2353 641 2425 φυλάγματα
670 2354 897 2425 Κυρίου,
920 2355 1018 2427 τῆς
1044 2356 1196 2429 παρὰ
1224 2357 1342 2428 Θεῷ
1375 2359 1733 2431 προσεδρείας
1757 2376 1896 2433 καρ-

308 2445 431 2512 πὸν,
476 2445 540 2499 τὸ
581 2446 831 2510 εὐπειθὲς
864 2447 1199 2516 ὑποφαίνων,
1257 2448 1352 2502 καὶ
1393 2449 1457 2502 τὸ
1502 2450 1638 2521 δρᾷν
1687 2450 1896 2505 ἐθέλειν

307 2538 454 2608 ἅπερ
492 2538 560 2593 ἀν
594 2539 766 2594 ἕλοιτο
811 2540 1141 2611 νομοθετεῖν,
1183 2541 1615 2613 Προσεδρευτέον
1661 2535 1765 2597 ὧδε
1818 2542 1897 2614 τῷ

307 2629 527 2681 παντων
558 2628 824 2700 Δεσπότη,
858 2630 995 2701 πρὸς
1023 2628 1156 2683 αὑτό
1184 2646 1288 2682 που
1317 2630 1379 2683 τὸ
1408 2630 1619 2685 λοῖσθον
1644 2630 1758 2685 τῶν
1788 2648 1891 2685 κα-

307 2717 422 2772 κῶν
454 2718 555 2789 τῆς
594 2721 678 2773 ἐπ’
721 2719 948 2788 ἀγαθοῖς
1000 2719 1280 2791 ῥᾳθυμίας·
1321 2720 1727 2792 ἐκτελευτὼσης
1770 2721 1895 2776 ἀεί’

309 2812 730 2883 προσεπήνεγκε
780 2812 892 2882 γὰρ
935 2813 964 2865 6
1013 2813 1217 2882 Μωσῆς
1277 2812 1447 2886 ταύτῃ
1497 2831 1599 2878 τοι,
1646 2813 1898 2886 καθάπερ

307 2896 544 2973 ἐγῷμαι,
575 2903 656 2967 τὸ,
692 2922 710 2955 ι
747 2903 866 2957 Ἶνα
898 2903 973 2976 μὴ
1010 2901 1339 2973 ἀποθάνητε.
1382 2922 1401 2957 ι

382 2994 592 3048 ΠΑΔΛ.
631 2994 840 3066 Ὀρθῶς
865 2993 1023 3065 ἔφης.

382 3087 552 3142 ΚΥΡ.
612 3087 1045 3159 Τετελειωμένος
1084 3087 1141 3142 δέ
1184 3087 1286 3160 ῆδη
1332 3088 1469 3161 πρὸς
1522 3087 1834 3160 ίερουργίαν
1866 3089 1896 3143 6

322 3175 537 3249 Ἀαρὼν
568 3177 795 3247 ἄρχεται
857 3177 1098 3247 πληροῦν
1121 3176 1190 3231 τά
1214 3177 1596 3249 νενομισμένα.
1636 3178 1743 3231 Kal
1772 3176 1894 3230 τίνα
1920 3209 1964 3265 C

307 3266 376 3338 δὴ
405 3266 627 3338 τρόπον,
667 3266 799 3338 φέρε
830 3266 895 3337 δὴ
924 3266 1192 3337 λέγωμεν.
1240 3267 1552 3337 Γέγραπται
1584 3266 1694 3339 γὰρ
1732 3268 1893 3322 πάλιν

309 3360 372 3411 ἐν
398 3356 478 3428 τῷ
503 3358 794 3427 Λευιτικῷ·
836 3375 856 3409 ι
894 3359 1005 3412 Kal
1033 3358 1266 3429 ἐγενήθη
1299 3362 1365 3430 τῇ
1397 3358 1579 3430 ἡμέρᾳ
1603 3362 1669 3429 τῇ
1709 3358 1892 3428 ὀγδόῃ,

311 3449 543 3502 ἐκάλεσε
583 3450 791 3521 Μωσῆς
845 3449 1081 3521 ’Δαρὼν,
1123 3451 1218 3504 καὶ
1249 3451 1373 3514 τοὺς
1399 3450 1549 3512 υίοὺς
1581 3448 1770 3515 αὐτοῦ,
1801 3448 1897 3503 καὶ

308 3540 413 3611 τὴν
466 3539 759 3611 γερουσίαν
832 3540 1084 3612 Ἰσραὴλ,
1147 3541 1243 3595 καὶ
1309 3536 1433 3594 εἷπε
1490 3541 1697 3610 Μωσῆς
1759 3538 1896 3611 πρὸς

326 3629 540 3701 ’Δαρών
556 3648 571 3662 ·
589 3630 737 3687 Λάσε
764 3632 973 3703 σεαυτῷ
997 3634 1290 3704 μοσχάριον
1308 3634 1371 3685 ὲκ
1398 3630 1535 3701 βοῶν
1559 3631 1687 3700 περὶ
1714 3630 1897 3701 ἀμαρ-

313 3723 458 3787 τίας,
491 3723 585 3776 καὶ
613 3723 765 3795 κριὸν
808 3726 890 3788 είς
918 3724 1305 3795 ὁλοκαύτωμα,
1341 3724 1565 3793 ἄμωμα,
1592 3724 1687 3776 καὶ
1735 3738 1899 3795 προσ-

312 3812 510 3879 ένεγκε
536 3812 675 3866 αὐτὰ
703 3812 883 3867 ἔναντι
907 3813 1133 3885 Κυρίου.
1172 3815 1279 3868 Kal
1301 3817 1365 3885 τῇ
1392 3814 1650 3885 γερουσίᾳ
1683 3812 1897 3885 Ἰσραὴλ

310 3904 568 3975 λάλησον,
591 3904 764 3975 λέγων
784 3920 800 3938 ·
831 3905 1039 3960 Λάϐετε
1072 3906 1306 3977 χίμαρον
1335 3905 1395 3971 ἐξ
1421 3906 1593 3975 αίγῶν
1631 3905 1728 3959 Eva
1765 3905 1894 3977 περὶ

309 3997 615 4068 ἁμαρτίας,
665 3997 758 4051 καὶ
803 3996 1120 4069 μοσχάριον,
1157 3998 1249 4050 καὶ
1288 3997 1457 4067 ἀμνὸν
1503 3996 1773 4050 ἐνιαύσιον
1816 3998 1897 4061 είς

308 4088 713 4161 ολοκάρπωσιν,
740 4089 969 4160 ἄμωμα,
998 4090 1093 4143 καὶ
1123 4089 1344 4159 μόσχον,
1384 4088 1477 4143 καὶ
1508 4088 1661 4160 κριὸν
1686 4090 1765 4152 είς
1800 4088 1896 4141 θν-

313 4178 436 4233 σξαν
461 4179 732 4251 σωτηρίου
759 4179 938 4234 ἔναντι
964 4180 1193 4252 Κυρίου,
1222 4180 1318 4233 καὶ
1345 4180 1622 4250 σεμίδαλιν
1650 4197 1899 4251 πεφυρα-

315 4270 489 4341 μένην
530 4271 588 4324 ἐν
620 4269 805 4341 ἐλαίῳ,
840 4271 921 4323 δτι
975 4271 1217 4342 σήμερον
1266 4270 1473 4339 Κύριος
1518 4257 1812 4341 ὀφθήσεται
1840 4270 1898 4324 ἐν

312 4362 466 4429 ὑμῖν.
496 4359 605 4412 Kal
651 4359 861 4425 ἔλαϐον,
884 4359 1021 4413 καθὸ
1068 4360 1370 4413 ἐνετείλατο
1397 4361 1601 4429 Μωσῆς
1636 4361 1897 4415 ἀπέναντι

310 4454 411 4523 τῆς
463 4455 669 4522 σκηνῆς
717 4450 807 4504 τοῦ
860 4450 1183 4521 μαρτυρίου,
1229 4450 1324 4504 καὶ
1386 4450 1692 4523 προσῆλθεν
1746 4454 1897 4506 πᾶσα

2001 1930 2310 1995 nitendum,
2336 1937 2399 1984 ut
2419 1929 2565 1984 omni
2590 1938 2839 1999 tempore
2859 1929 2971 1983 Deo
2994 1935 3191 1998 pnesto
3211 1927 3413 1993 simus;
3438 1926 3585 1981 idem

2000 2022 2148 2076 enim
2174 2030 2276 2085 est,
2302 2037 2366 2076 ac
2399 2020 2443 2075 si
2469 2020 2717 2085 dixisset,
2752 2035 2971 2089 semper
2992 2034 3056 2075 ac
3098 2026 3386 2089 perpetuo.
3431 2018 3583 2072 intra

2000 2114 2419 2169 tabernaculum
2451 2129 2583 2167 vero
2619 2121 2930 2167 manentem
2966 2110 3212 2182 praecipit
3241 2126 3459 2165 servare
3483 2125 3583 2164 cu-

2000 2203 2208 2258 stodias
2247 2201 2485 2266 Domini,
2522 2199 2836 2271 signiﬁcans
2877 2199 3025 2253 illius
3071 2196 3429 2259 assiduitatis,
3476 2210 3584 2264 qua

1999 2294 2112 2349 Deo
2138 2294 2461 2357 assidemus,
2488 2291 2724 2347 fructum
2751 2306 2871 2346 esse
2896 2289 3287 2353 obedientiam,
3312 2298 3368 2343 et
3391 2288 3587 2341 volun-

2001 2394 2168 2441 tatem
2199 2379 2561 2455 exsequendi:
2584 2381 2729 2453 quod
2762 2381 2854 2436 ille
2880 2380 3309 2452 praecipiendum
3345 2379 3582 2434 duxerit.

1997 2477 2081 2532 Ad
2111 2477 2261 2533 hunc
2293 2477 2460 2548 igitur
2485 2475 2709 2530 modum
2741 2472 2819 2527 illi
2843 2473 3090 2527 omnium
3122 2472 3354 2526 Domino
3387 2479 3586 2542 praesto

1996 2582 2118 2623 esse
2153 2566 2440 2630 debemus,
2481 2580 2606 2621 cum
2641 2564 2733 2618 ille
2773 2563 2829 2616 in
2869 2571 3015 2617 recte
3060 2562 3217 2616 factis
3259 2562 3489 2631 languor
3527 2560 3584 2615 in

1996 2665 2306 2714 extremum
2333 2658 2601 2712 malorum
2626 2653 2873 2709 omnium
2907 2652 3125 2708 desinat
3151 2670 3163 2706 :
3195 2667 3314 2707 eam
3340 2652 3485 2706 enim
3511 2650 3585 2706 ob

1996 2763 2248 2814 causam,
2294 2756 2356 2803 ut
2397 2748 2651 2802 existimo
2675 2787 2691 2813 ,
2730 2745 2983 2819 adiunxit
3013 2743 3225 2816 Moyses
3256 2743 3349 2797 illa
3390 2741 3561 2798 verba

2004 2857 2023 2891 ι
2064 2854 2135 2895 ne
2168 2837 2501 2894 moriamini.
2533 2855 2552 2889 ι

2068 2993 2266 3051 PALL.
2303 2994 2474 3049 Recte
2506 2998 2593 3048 est
2620 3007 2652 3046 a
2683 2997 2735 3047 te
2763 2990 2993 3047 dictum.

2064 3084 2223 3140 ΟΥΕ.
2256 3084 2375 3140 lam
2400 3098 2557 3146 vero,
2582 3090 2936 3152 posteaquam
2962 3080 3031 3136 ad
3064 3077 3353 3136 sacerdotii
3383 3090 3585 3131 munus

1996 3183 2348 3230 consecratus
2377 3182 2461 3228 est
2479 3171 2683 3237 Aaron,
2710 3171 2904 3241 incipit
2927 3170 3268 3227 sacriﬁcandi
3295 3168 3461 3223 ritum
3490 3180 3585 3220 ex-

1996 3266 2169 3335 sequi.
2187 3265 2307 3331 Quo
2330 3275 2513 3319 autem
2540 3263 2594 3318 id
2616 3263 2780 3317 modo
2802 3263 2986 3327 faciat,
3010 3262 3285 3333 agendum
3307 3261 3580 3318 dicamus.

1995 3355 2272 3425 Scriptum
2300 3362 2385 3410 est
2417 3354 2563 3410 enim
2596 3369 2787 3407 rursus
2816 3353 2871 3407 in
2904 3353 3151 3408 Levitico
3179 3370 3193 3407 :
3228 3372 3247 3403 ‹
3282 3353 3351 3407 Et
3381 3353 3582 3407 factum

1993 3456 2080 3505 est
2106 3448 2162 3502 in
2193 3446 2284 3501 die
2307 3455 2501 3501 octavo
2525 3446 2744 3501 vocavit
2771 3445 2981 3515 Moyses
3005 3443 3185 3499 Aaron
3210 3451 3267 3499 et
3295 3442 3438 3498 ﬁlios
3463 3442 3584 3511 ejus

1993 3550 2051 3598 et
2081 3541 2327 3597 seniores
2357 3540 2544 3603 lsrael,
2578 3547 2635 3594 et
2664 3538 2804 3593 dixit
2836 3538 3045 3609 Moyses
3071 3536 3138 3590 ad
3159 3535 3341 3590 Aaron
3372 3550 3386 3587 :
3416 3532 3585 3587 Sume

1996 3632 2094 3688 tibi
2127 3631 2362 3687 vitulum
2386 3648 2453 3687 ex
2476 3631 2653 3686 bobus
2681 3646 2782 3700 pro
2804 3636 3049 3699 peccato,
3077 3636 3134 3683 et
3155 3626 3382 3681 arietem
3407 3624 3462 3678 in
3486 3623 3586 3678 bo-

1992 3724 2298 3779 loeaustum
2336 3722 2778 3786 immaculatum,
2818 3728 2875 3775 et
2906 3718 3046 3774 oﬂer
3089 3718 3180 3772 illa
3220 3725 3347 3772 ante
3394 3715 3583 3770 Domi-

1992 3831 2147 3871 num.
2177 3815 2247 3870 Et
2279 3814 2351 3870 ad
2389 3814 2639 3870 seniores
2675 3812 2840 3867 lsrael
2885 3812 3132 3881 loquere,
3161 3810 3351 3866 dicens
3381 3826 3395 3863 :
3420 3808 3584 3864 Aeci-

1994 3907 2107 3978 pite
2137 3907 2353 3962 hircum
2386 3905 2455 3960 de
2483 3904 2667 3974 capris
2702 3919 2872 3958 unum
2915 3918 3019 3973 pro
3059 3910 3285 3973 peccato
3325 3900 3381 3954 in
3424 3900 3583 3954 holo-

1995 4011 2244 4055 caustum
2286 3999 2728 4061 immaculatum,
2765 4003 2822 4052 et
2873 3995 3107 4049 vitulum
3145 4001 3201 4048 et
3256 3992 3485 4047 arietem
3525 3990 3583 4045 in

1996 4089 2326 4145 sacriﬁcium
2352 4088 2608 4143 salutaris
2633 4102 2816 4141 coram
2841 4085 3094 4148 Domino,
3119 4091 3174 4138 et
3195 4081 3429 4137 similam
3454 4097 3585 4137 con-

1995 4196 2239 4251 spersam
2268 4181 2423 4238 oleo:
2451 4178 2580 4248 quia
2615 4177 2779 4233 hodie
2813 4176 3076 4232 Dominus
3097 4174 3375 4230 videbitur
3403 4174 3459 4228 in
3480 4187 3583 4229 vo-

1996 4271 2100 4326 bis.
2133 4271 2201 4326 Et
2228 4277 2579 4339 acceperunt,
2611 4268 2757 4323 sicut
2789 4275 3126 4338 praeceperat
3156 4266 3365 4338 Moyses
3394 4280 3583 4321 coram

1998 4360 2353 4416 tabernaculo
2388 4359 2721 4425 testimonii;
2762 4367 2818 4414 et
2852 4359 3083 4413 accessit
3113 4358 3367 4414 universa
3404 4357 3579 4429 Syna-

1999 4469 2153 4525 goga,
2184 4461 2239 4509 et
2261 4460 2532 4507 steterunt
2557 4461 2681 4507 ante
2715 4450 3040 4516 Dominum;
3073 4457 3128 4505 et
3164 4449 3305 4505 dixit
3330 4449 3578 4520 Moyses:

314 4544 611 4614 συναγωγὴ
635 4586 650 4605 ,
706 4544 802 4597 καὶ
843 4542 1077 4613 ἔστησαν
1135 4540 1316 4595 ἔναντι
1363 4544 1595 4615 Κυρίου,
1642 4544 1737 4598 καὶ
1774 4540 1894 4597 εἷπε

2000 4544 2116 4599 Hoc
2138 4544 2389 4605 verbum,
2421 4542 2570 4612 quod
2596 4542 2735 4597 dixit
2763 4539 3264 4605 Dominus,,l‘acite,
3289 4548 3345 4594 et
3372 4539 3577 4594 videbi-

311 4635 541 4705 Μωσῆςο
593 4632 764 4687 Τοῦτο
804 4634 865 4687 τὸ
904 4634 1075 4704 ῥῆμα,
1107 4633 1135 4687 δ
1164 4630 1286 4687 εἷπε
1330 4634 1558 4703 Κύριος.
1606 4636 1893 4706 ποιήσατε,

313 4728 411 4780 καὶ
430 4726 726 4795 ὀφθήσεται
748 4726 806 4777 ἐν
826 4725 955 4794 ὑμῖν
974 4725 1007 4795 ὴ
1027 4724 1154 4792 δόξα
1170 4726 1397 4798 Κυρίου.
1417 4727 1528 4779 Kal
1548 4720 1670 4779 εἷπε
1688 4726 1895 4795 Μωσῆς

311 4818 391 4889 τῷ
433 4818 680 4889 Ἀαρών·
708 4816 1009 4886 .Πρὸσελθε
1057 4815 1193 4887 πρὸς
1235 4817 1296 4870 τὸ
1340 4816 1745 4889 θυσιαστήριον,
1800 4818 1896 4870 καὶ

315 4911 542 4980 ποίησον
574 4910 634 4962 τὸ
667 4908 798 4981 περὶ
834 4908 934 4977 τῆς
966 4892 1242 4981 ἁμαρτίας
1288 4924 1400 4968 σου.
1444 4909 1539 4962 xal
1573 4908 1634 4961 τὸ
1674 4907 1897 4962 ὁλοκαύ-

309 5000 477 5071 τωμά
520 5016 635 5063 σου,
666 5000 761 5053 καὶ
800 4998 1044 5063 ἐξίλασαι
1072 4998 1198 5070 περὶ
1224 4997 1473 5061 σεαυτοῦ,
1507 4998 1601 5051 καὶ
1623 4998 1714 5052 τοῦ
1743 4999 1894 5051 οἴκου

314 5107 431 5153 σου,
479 5090 573 5145 καὶ
614 5090 842 5159 ποίησον
887 5089 956 5142 τά
991 5088 1144 5160 δῶρα
1176 5087 1273 5142 τοῦ
1318 5087 1471 5152 λαοῦ,
1518 5088 1613 5142 καὶ
1651 5088 1896 5154 ἐξίλασαι
1933 5111 1937 5115 ·

313 5181 448 5251 περὶ
488 5180 690 5245 αὐτῶν,
721 5179 974 5251 καθάπερ
1000 5180 1303 5234 ἐνετείλατο
1329 5179 1553 5251 Κύριος.
1594 5198 1613 5232 ι
1660 5180 1893 5246 Δεπτὸν,

2002 4646 2091 4690 tur
2112 4636 2166 4689 in
2195 4634 2353 4689 vobis
2370 4634 2540 4705 gloria
2564 4633 2804 4689 Domini.
2836 4633 2903 4688 Et
2924 4633 3001 4687 ait
3021 4632 3231 4704 Moyses
3258 4630 3326 4685 ad
3355 4631 3535 4685 Aaron
3564 4648 3577 4684 :

1999 4727 2212 4783 Accede
2251 4726 2318 4782 ad
2352 4728 2543 4789 altare,
2583 4733 2641 4782 et
2676 4726 2761 4781 [ac
2792 4742 2892 4798 pro
2928 4734 3149 4797 peccato
3185 4733 3298 4788 tuo,
3329 4733 3385 4780 et
3422 4724 3581 4779 bolu-

1993 4829 2249 4879 caustum
2268 4825 2442 4881 tuum,
2460 4826 2516 4873 et
2542 4833 2706 4872 exora
2724 4833 2824 4887 pro
2844 4826 2895 4872 te
2910 4826 2966 4873 et
2989 4833 3089 4888 pro
3119 4817 3283 4872 domo
3298 4825 3410 4881 tua,
3427 4825 3483 4871 et
3499 4816 3582 4872 fac

1993 4909 2141 4968 dona
2165 4909 2323 4982 ἀοι
2353 4910 2563 4979 populi,
2588 4917 2644 4964 et
2665 4924 2833 4965 exora
2871 4925 2971 4979 pro
3002 4907 3579 4980 ipsis,.sicut-manda-

1999 5004 2079 5059 vit
2102 5003 2366 5059 Dominus
2389 5002 2455 5057 “.
2490 5023 2508 5055 ι
2540 5002 2596 5057 Si
2626 5004 2905 5066 subtilem,
2931 5002 3157 5067 Palladi,
3183 5002 3383 5057 mentis
3406 5002 3579 5057 aciem

2001 5095 2056 5151 in
2080 5112 2264 5151 sacras
2303 5095 2517 5151 litteras
2554 5095 2878 5161 intenderis,
2921 5094 2976 5149 in
3015 5095 3116 5150 hac
3143 5111 3360 5166 quoque
3389 5110 3448 5150 re
3478 5109 3578 5165 op-

2002 5183 2133 5238 time
2156 5184 2462 5256 perspicies
2488 5184 2705 5241 elucere
2730 5184 2932 5241 Christi
2960 5185 3299 5259 mysterium.

312 5270 361 5330 ὦ
402 5276 691 5341 Παλλάδιε,
730 5278 840 5340 τοῖς
884 5277 1048 5348 ἱεροῖς
1089 5276 1383 5358 Γράμμασι
1428 5277 1519 5329 τὸν
1556 5275 1681 5330 νοῦν
1731 5276 1892 5340 ἐνιεὶς
1931 5280 2321 5353 περιαθρησεις
2348 5276 2407 5334 εὖ
2439 5279 2585 5352 μάλα
2614 5282 2717 5335 κάν
2745 5279 2879 5352 τῷδε
2936 5281 3192 5352 διαφανὲς
3250 5280 3312 5334 τὸ
3344 5274 3577 5348 Χριστοῦ

318 5372 640 5441 μυστήριον.

387 5461 601 5516 ΙΙΛΛΛ.
634 5461 768 5514 Τίνα
800 5461 1001 5532 τρόπον
1018 5477 1032 5525 ;

387 5553 553 5608 ΚΥΡ.
600 5554 688 5606 Ἐν
720 5553 904 5624 ἡμέρᾳ
924 5551 1034 5623 γὰρ
1055 5549 1219 5622 ὀγδόῃ
1250 5553 1545 5624 καταλήγει
1579 5555 1676 5626 μὲν
1709 5554 1897 5627 ὥσπερ

316 5644 413 5698 τοῦ
466 5644 713 5716 ἱερᾶσθαι
746 5644 970 5717 Μωσῆς.
1024 5641 1285 5715 Ἀρχεταί
1322 5660 1385 5714 γε
1435 5645 1539 5717 μὴν
1587 5649 1615 5701 6
1662 5645 1893 5729 ‘Aaptbv,

395 5793 436 5824 "
478 5804 582 5863 lca.
627 5823 736 5876 xxi,
800 5806 882 5862 1'2.
960 5808 1001 5841 ⁸³
1034 5806 1209 5865 Levit.
1253 5823 1325 5876 rx,
1358 5808 1469 5862 1-7.

2078 5467 2276 5525 PALL.
2307 5467 2426 5535 Quo
2447 5466 2663 5522 tandem
2697 5465 2899 5521 modo?

2076 5557 2232 5614 (ΠΒ.
2265 5561 2471 5617 Octavo
2493 5567 2640 5613 certe
2664 5558 2753 5611 die
2782 5554 2988 5610 desinit
3008 5548 3415 5623 quodammodo
3435 5549 3571 5622 Moy-

2006 5662 2094 5704 ses
2127 5647 2306 5706 oﬁicio
2333 5647 2635 5707 sacerdotis
2677 5645 2860 5716 iungi;
2895 5643 2990 5700 sed
3026 5641 3214 5713 incipit
3246 5639 3445 5708 Aaron,
3474 5655 3582 5698 non
