3996 6212
447 288 554 347 ’ἵθἹ

1414 340 1420 346 .
1495 286 1553 343 S.
1596 285 1874 344 CYRILLI
1910 285 2385 344 ALEXANDBINI
2422 286 2741 345 ARCHIEP.

3611 287 3715 345 768

450 376 637 458 tamen
665 398 1177 474 conticuitMoyses,
1226 399 1359 455 licet
1394 400 1506 471 jam
1534 389 1718 456 Aaron
1758 398 1825 456 ad
1853 414 2026 457 sacer-

2134 397 2274 471 πλὴν
2313 400 2375 453 οὐ
2419 399 2710 471 σεσίγηκεν
2736 400 2765 454 ό
2799 399 3028 472 Μωσῆς,
3059 399 3236 455 καίτοι
3272 399 3575 466 διάττοντος
3614 402 3719 474 ἠδη

450 496 596 552 dotis
648 509 877 551 munera
928 502 1201 565 pergeret.
1248 491 1488 563 Tempus
1544 493 1693 548 enim
1748 491 2037 555 sacerdotii

451 582 658 637 Christi
682 580 817 636 illud
862 590 1229 652 congruenter
1282 581 1626 653 intelligitur,
1692 581 1840 653 quod
1913 591 2040 653 post

449 674 623 745 legem
647 671 769 736 fuit,
792 671 849 726 id
880 681 984 737 est,
1014 679 1243 728 octavus
1271 671 1410 738 dies,
1452 673 1508 727 in
1543 687 1706 742 quem
1731 671 1924 728 incidit
1951 687 2039 728 re-

450 760 741 826 surrectio,
786 768 842 816 et
878 760 1095 815 initium
1143 759 1418 831 quoddam
1459 759 1665 816 factum
1725 768 1812 815 est
1849 759 2036 817 saeculi

449 852 614 920 novi;
667 868 809 908 nova
838 852 985 909 enim
1036 853 1090 907 in
1112 851 1336 908 Christo
1369 859 1644 915 creatura,
1693 851 1842 906 sicut
1893 850 2034 905 scri-

451 953 604 1018 ptum
627 955 712 1001 est
733 945 799 1000 “.
838 944 943 1000 Sed
989 945 1211 1000 Christo
1229 946 1341 1015 jam
1374 951 1569 999 octavo
1617 942 1707 997 die
1735 942 2031 1010 declarato,

449 1034 617 1107 Moysi
650 1036 961 1091 observatio
1012 1035 1176 1090 ﬁnem
1206 1035 1296 1089 illa
1331 1034 1553 1104 quidem
1581 1033 1802 1106 accipit)
1848 1051 2034 1105 neque

448 1124 595 1181 enim
617 1124 799 1181 adhuc
829 1125 883 1180 id
914 1124 1102 1195 ﬁguris
1124 1131 1180 1179 et
1199 1125 1409 1180 umbris
1432 1122 1609 1180 Deum
1631 1124 1909 1195 colimus),
1935 1124 2031 1181 sed

451 1224 631 1272 tamen
667 1216 759 1271 illa
800 1216 937 1286 legis
965 1216 1237 1271 institutio
1286 1231 1396 1270 non
1433 1216 1734 1281 conticuit;
1765 1216 1851 1270 lex
1883 1215 2031 1272 enim

449 1309 754 1377 spiritualis
778 1317 863 1364 est
883 1308 1283 1379 spiritualibus,
1308 1314 1365 1363 et
1393 1322 1611 1377 semper
1641 1307 1847 1365 Christi
1880 1323 2033 1380 mys-

452 1400 657 1455 terium
702 1399 983 1471 praedicat.
1013 1399 1302 1454 Professus
1326 1406 1411 1453 est
1439 1414 1573 1454 vero
1601 1398 1812 1471 Moyses
1837 1406 2032 1456 octavo

450 1491 542 1546 die
583 1492 762 1547 visum
796 1490 865 1545 iri
940 1490 1153 1545 Domini
1204 1489 1435 1561 gloriam
1464 1507 1477 1544 :
1504 1505 1630 1544 nam
1674 1490 1763 1545 lex
1814 1498 2029 1561 Iempus

448 1581 717 1636 adventus
767 1581 1064 1636 Salvatoris
1110 1580 1288 1636 nostri
1337 1580 1607 1650 praedixit.
1653 1580 1735 1636 Ad
1773 1580 1889 1636 haec
1923 1581 2027 1636 ite-

449 1684 570 1723 rum
598 1668 846 1739 przecipit
895 1668 1051 1739 prius
1087 1669 1309 1738 quidem
1348 1684 1451 1739 pro
1492 1686 1550 1725 se
1574 1672 1693 1741 ipso
1717 1669 1900 1727 Aaron
1934 1687 2024 1727 sa-

2140 492 2278 564 πρδς
2303 491 2373 547 τὰ
2396 492 2495 562 τῆς
2520 491 2819 563 ἱερωσύνης
2843 492 2979 565 ἔργα
3000 492 3096 547 τοῦ
3128 492 3356 565 Ἀαρών.
3380 493 3584 566 Χρόνος
3609 496 3724 566 γὰρ

2136 579 2201 650 δὴ
2228 582 2328 650 τῆς
2357 580 2657 652 ἱερωσύνης
2702 581 2939 653 Χριστοῦ
2979 581 3137 636 νοοίτ¹
3166 580 3233 636 ἂν
3259 582 3483 646 είκότως
3512 585 3541 637 ό
3576 584 3726 653 μετὰ

2135 672 2227 728 τὸν
2257 674 2440 744 νόμον,
2480 672 2625 727 τοῦτ’
2657 673 2825 736 ἐστιν,
2856 674 2889 745 ἡ
2926 673 3108 745 όγδόη,
3149 674 3271 728 καθ’
3302 675 3369 745 ην
3415 676 3449 747 η
3480 675 3725 729 ἀνάσταο

2137 779 2242 829 σις,
2284 763 2378 817 καὶ
2404 762 2543 834 ἀρχή
2585 780 2670 826 τις
2699 761 2887 833 ὥσπερ
2934 761 3132 825 αἰῶνος
3177 762 3321 815 νέου.
3372 764 3547 833 Καινὴ
3608 764 3724 833 γὰρ

2134 853 2310 916 κτίσις
2338 854 2396 908 ὲν
2422 852 2664 926 Χριστῷ,
2690 853 2831 907 κατὰ
2856 853 2916 907 τὸ
2938 854 3346 926 γεγραμμένον.
3381 853 3723 924 ’Δναδεδειγ-

2137 947 2299 1018 μένου
2347 946 2403 1000 δὲ
2438 947 2539 1018 ἤδη
2579 946 2817 1018 Χριστοῦ
2875 945 3018 1000 κατὰ
3046 946 3145 1016 τὴν
3173 946 3384 1015 ὀγδόην,
3414 946 3724 1018 καταλήγει

2079 1057 2094 1063 ο
2138 1037 2236 1089 μὲν
2270 1037 2339 1091 τὰ
2378 1036 2656 1101 Μωσέως·
2689 1036 2750 1089 οὺ
2804 1037 2913 1107 γὰρ
2951 1038 3008 1089 ὲν
3045 1035 3239 1099 τύποις
3285 1035 3368 1089 ἔτι
3401 1038 3496 1091 καὶ
3537 1041 3723 1102 σκιαῖς

2132 1117 2464 1200 λατρεῦομεν
2482 1143 2495 1157 ³
2522 1128 2558 1200 ἥ
2580 1145 2648 1198 γε,
2668 1129 2775 1201 μὴν
2798 1127 3007 1198 ἐννόμῳ
3041 1127 3324 1191 παίδευσις
3344 1129 3406 1181 οὺ
3431 1129 3720 1199 σεσίγηκε,

2133 1219 2501 1290 πνευματικὸς
2539 1220 2649 1291 γὰρ
2677 1222 2706 1273 ό
2728 1221 2890 1290 νόμος
2909 1222 3022 1285 τοῖς
3048 1221 3464 1291 πνευματικοῖς,
3499 1220 3599 1274 καὶ
3631 1221 3721 1274 ἀεὶ

2129 1311 2191 1363 τὸ
2212 1310 2448 1381 Χριστοῦ
2487 1311 2638 1365 λαλεῖ
2672 1313 2994 1384 μυστήριον.
3041 1311 3442 1383 Ἑπηγγέλλετο
3469 1312 3573 1382 μὲν
3622 1308 3718 1366 οῦν

2128 1400 2158 1455 ό
2190 1402 2396 1473 Μωσῆς
2432 1401 2573 1456 κατὰ
2616 1402 2715 1474 τὴν
2753 1402 2947 1474 ὀγδόην
2980 1402 3196 1475 ἡμέραν
3241 1402 3580 1473 ὀφθήσεσθαι
3602 1402 3719 1475 ’τὴν

2127 1492 2289 1558 δόξαν
2346 1494 2576 1566 Κυρίου.
2621 1493 3139 1565 Προαναπεφώνηκε
3174 1493 3284 1564 γὰρ
3321 1494 3352 1547 ό
3400 1494 3571 1565 νόμος
3617 1495 3719 1566 τῆς

2130 1587 2221 1640 τοῦ
2249 1587 2502 1658 Σωτῆρος
2546 1581 2702 1658 ἡμῶν
2736 1585 3029 1658 ἐπιδημίας
3059 1586 3151 1641 τὸν
3184 1585 3393 1660 χρόνον.
3433 1588 3710 1657 Προσεπι-

2127 1681 2306 1735 τάττει
2366 1680 2423 1735 δὲ
2470 1681 2652 1744 πάλιν,
2710 1680 2974 1751 πρότερον
3033 1679 3131 1748 μὲν
3183 1679 3323 1750 ὑπὲρ
3372 1678 3570 1733 ἑαυτοῦ
3609 1679 3707 1734 τὸν

447 1758 653 1815 criﬁcia
690 1760 891 1824 facere,
920 1767 1108 1830 postea
1152 1776 1284 1815 vero
1338 1776 1439 1831 pro
1488 1761 1747 1817 universo
1774 1764 1976 1834 populo
2009 1783 2022 1818 :

2138 1771 2349 1843 ’Δαρὼν
2397 1770 2587 1836 θυσίας
2620 1746 2916 1826 ἐπιτελεῖν-⁸
2965 1746 3102 1841 μετὰ
3137 1770 3193 1823 δὲ
3225 1746 3403 1836 τοῦτο,
3431 1768 3533 1832 τὰς
3564 1770 3710 1842 ὑπὲρ

446 1865 552 1921 qua
579 1850 635 1905 in
659 1865 717 1904 re
747 1850 906 1904 nobis
926 1850 1039 1921 jam
1077 1848 1304 1920 ﬁguram
1340 1850 1743 1920 quodammodo
1769 1852 2023 1922 praebuit,

445 1940 814 2012 praeclareque
834 1955 897 1995 ac
919 1940 1206 2010 perspicue
1235 1941 1497 2006 ostendit,
1534 1942 1628 2013 qui
1658 1943 1816 1997 electi
1843 1954 2029 2000 essent

445 2030 513 2086 ad
553 2030 943 2095 sacerdotium,
974 2038 1029 2084 ct
1055 2030 1150 2099 qui
1174 2030 1659 2087 sanctiﬁcationem
1689 2032 1744 2087 in
1765 2033 1871 2089 ﬁde
1904 2051 2029 2105 per-

444 2122 714 2192 ciperent,
745 2121 814 2177 iis
841 2130 901 2176 ut
927 2121 1101 2177 sancti
1152 2122 1265 2176 sint
1287 2137 1351 2176 ac
1384 2122 1545 2187 sacri,
1586 2123 1865 2193 aptissime
1891 2141 2025 2181 con-

444 2211 654 2266 venire.
684 2211 792 2267 Sed
813 2212 1039 2282 quinam
1078 2210 1246 2266 fuerit
1267 2211 1562 2269 oblationis
1592 2214 1807 2281 modus,
1838 2226 1898 2271 ut
1923 2232 2025 2287 po-

444 2302 696 2365 terimus,
749 2302 1164 2373 explicabimus.
1209 2302 1423 2359 Vitulus
1466 2305 1634 2376 igitur
1663 2322 1767 2377 pro
1801 2318 2027 2378 peccato

442 2403 499 2451 et
516 2395 826 2464 expiatione
852 2393 1201 2450 sacerdotum
1249 2395 1656 2461 immolabatur,
1686 2396 1920 2469 fusoque
1955 2399 2024 2455 ad

441 2487 616 2543 altare
659 2486 951 2558 sanguine,
1000 2496 1057 2541 et
1112 2486 1390 2542 intestinis
1449 2487 1707 2554 incensis,
1751 2474 2024 2562 reliquum

439 2590 647 2650 corpus
699 2578 809 2649 igni
849 2578 1295 2633 comburebatur.
1332 2579 1489 2635 Aries
1527 2580 1724 2636 deinde
1752 2590 1899 2639 totus
1942 2584 2026 2639 in-

441 2667 782 2723 cendebatur
848 2677 1114 2724 consueta
1165 2668 1470 2726 holocausti
1530 2672 1669 2743 lege.
1719 2673 1838 2729 Jam
1891 2692 2025 2733 vero

444 2755 634 2811 hircus
654 2757 878 2812 victima
911 2767 1032 2813 erat
1053 2757 1121 2812 ad
1144 2759 1330 2829 papuli
1364 2771 1646 2830 peccatum
1668 2764 2020 2837 expiandum,

438 2847 647 2903 vitulus
664 2856 848 2902 autem
873 2857 930 2903 et
948 2864 1121 2919 agnus
1146 2849 1200 2903 in
1231 2850 1611 2906 holocaustum
1637 2870 1651 2919 ;
1675 2854 1818 2910 aries
1842 2864 1899 2911 et
1923 2857 2023 2913 bos

440 2939 510 2994 ad
557 2938 891 2994 sacriﬁcium
942 2940 1220 3006 salutaris,
1268 2943 1428 2998 altari
1450 2943 1617 2999 etiam
1641 2945 1820 3002 simila
1843 2948 2019 3018 impo-

440 3031 567 3095 sita,
608 3031 788 3086 sinon
845 3039 981 3095 tota,
1044 3039 1101 3087 at
1131 3033 1336 3105 pugillo
1376 3043 1434 3091 et
1462 3050 1530 3090 ex
1582 3046 1757 3108 parte.
1810 3039 2019 3096 Deinde

442 3121 621 3191 inquit
652 3138 667 3175 :
702 3139 720 3173 ι
757 3121 825 3176 Ει
863 3121 1091 3178 elevatis
1140 3122 1325 3179 Aaron
1359 3126 1614 3184 manibus
1652 3128 1710 3184 in
1729 3131 2014 3201 populum,

441 3209 721 3266 benedixit
750 3210 832 3266 eis
872 3220 967 3268 :et
993 3211 1303 3280 descendit,
1346 3225 1704 3289 posteaquam
1742 3219 1875 3277 fecit
1921 3237 2021 3294 pro

440 3312 666 3373 peccato
706 3312 763 3359 et
794 3304 1117 3361 holocausta
1142 3314 1200 3362 et
1230 3308 1514 3377 salutaria,
1548 3320 1607 3368 et
1634 3312 1914 3385 ingressus
1938 3325 2025 3373 est

437 3394 652 3467 Moyses
688 3403 743 3450 et
796 3395 977 3452 Aaron
1016 3398 1074 3453 in
1141 3399 1561 3458 tabernaculum
1616 3407 1936 3472 testimonii,
1970 3416 2027 3465 et

435 3485 645 3556 egressi
708 3485 1109 3544 benedixerunt
1150 3490 1465 3547 universum
1512 3495 1777 3564 populum
1804 3515 1817 3549 :
1846 3505 1903 3552 et
1929 3515 2027 3570 ap-

437 3576 622 3644 paruit
653 3576 822 3646 gloria
842 3578 1059 3633 Domini
1083 3580 1232 3635 omni
1277 3583 1502 3651 populo.
1552 3583 1713 3654 502
1741 3587 1810 3643 Et
1839 3604 2025 3659 egres-

433 3677 534 3718 sus
557 3676 643 3720 est
662 3665 801 3734 ignis
828 3682 860 3719 a
879 3667 1129 3732 Domino,
1152 3678 1209 3723 et
1234 3669 1518 3726 devoravit
1537 3687 1660 3741 qua:
1682 3686 1841 3732 erant
1863 3694 2029 3749 super

431 3753 596 3842 altari
633 3755 951 3811 holocausta
996 3766 1052 3812 et
1106 3758 1340 3830 adipes:
1377 3772 1433 3818 et
1460 3763 1600 3819 vidit
1643 3769 1825 3824 omnis
1848 3786 2026 3842 popu-

435 3841 544 3908 lus,
570 3852 628 3899 et
656 3844 892 3914 expavit,
920 3854 977 3900 et
997 3846 1320 3903 ceciderunt
1357 3849 1413 3904 in
1437 3849 1632 3907 [aciem
1649 3854 1715 3908 ".
1752 3873 1771 3906 ι

2127 1862 2330 1927 παντὸς
2356 1862 2451 1916 τοῦ
2490 1860 2641 1928 λαοῦ,
2668 1862 2859 1926 τύπον,
2896 1856 3072 1932 οἶμαι,
3106 1859 3358 1932 τδχρῆμα
3397 1859 3573 1924 τιθεὶς
3606 1862 3717 1925 τοῖς

2126 1951 2248 2007 καθ’
2265 1954 2413 2025 ἡμᾶς
2433 1953 2533 2024 ἤδη
2552 1969 2687 2018 πως,
2705 1953 2799 2007 καὶ
2813 1951 3124 2021 ὑποφαίνων
3140 1948 3200 2006 εῦ
3235 1951 3380 2023 μάλα
3392 1953 3488 2006 καὶ
3504 1952 3712 2022 σαφῶς.

2127 2044 2211 2098 ὅτι
2236 2046 2348 2108 τοῖς
2371 2042 2769 2114 δξειλεγμὲνοις
2797 2045 2878 2106 είς
2913 2041 3233 2116 ἱερωσύνην,
3261 2044 3357 2097 καὶ
3381 2045 3497 2107 τοῖς
3531 2043 3628 2096 τὸν
3655 2045 3715 2097 ιν

2126 2136 2310 2189 πίστει
2362 2134 2676 2206 δεχομένοις
2720 2135 3010 2206 ἁγιασμόν,
3049 2135 3247 2206 πρέποι
3292 2134 3360 2189 ἂν
3393 2135 3626 2199 εἰκότως
3654 2136 3715 2188 τδ

2127 2227 2314 2296 ἁγίους
2364 2243 2425 2280 τε
2470 2220 2609 2281 εῖναι
2657 2227 2752 2280 καὶ
2813 2227 3011 2298 ἱερούς.
3048 2225 3145 2290 Τίς
3184 2225 3229 2279 δ’
3261 2225 3328 2279 ἂν
3359 2226 3572 2294 γένοιτο
3613 2226 3713 2296 τῆς

2125 2318 2488 2389 προσαγωγῆς
2509 2319 2538 2373 ό
2556 2318 2777 2389 τρόπος,
2806 2317 2882 2381 ὼς
2912 2317 2993 2370 ενι
3020 2316 3165 2388 δηλῶ
3175 2334 3361 2395 σομεν.
3396 2318 3712 2390 Βίοσχᾶριον

2126 2405 2219 2465 οῦν
2253 2408 2394 2478 ὑπὲρ
2426 2409 2699 2480 ἁμαρτίας
2728 2409 2821 2462 καὶ
2854 2407 3198 2481 καθαρισμοῦ
3224 2409 3332 2462 τῶν
3363 2409 3710 2481 ἱερουργοῦν-

2122 2517 2231 2554 των
2252 2499 2538 2568 ἐσφάζετο.
2567 2499 2943 2571 Προχεομὲνου
2993 2500 3049 2553 δὲ
3076 2499 3170 2553 τοῦ
3204 2500 3435 2570 αἵματος
3457 2500 3537 2571 τῷ
3573 2501 3711 2572 ἁγίῳ

2127 2591 2521 2663 θυσιαστηρίῳ,
2569 2592 2983 2663 τεθυμιαμένων
3024 2592 3080 2646 δὲ
3110 2592 3206 2648 κσιὶ⁵
3248 2592 3358 2647 τῶν
3395 2594 3707 2653 ὲντοσθίων.

2127 2683 2262 2755 πυρὶ
2281 2682 2344 2736 τὸ
2359 2682 2636 2738 ἐπίλοιπον
2648 2683 3014 2753 κατεφλέγετο
3034 2682 3213 2753 σῶμα.
3245 2684 3411 2755 Κριὸς
3439 2684 3494 2738 δὲ
3515 2685 3584 2756 δὴ
3605 2686 3710 2739 κά-

2123 2773 2208 2828 λιν
2233 2772 2295 2827 τδ
2316 2773 2769 2846 όλοκαυτούμενον
2801 2769 2891 2844 ἦν,
2921 2773 3064 2827 κατά
3088 2791 3150 2843 γε
3177 2774 3271 2827 τὸν
3300 2774 3505 2846 συνήθη
3543 2776 3711 2846 νόμον

2121 2865 2220 2935 τῆς
2250 2864 2701 2930 όλοκαυτὼσεωςο
2750 2865 2987 2937 χίμαρος
3036 2866 3094 2920 δὲ
3137 2868 3199 2920 τὸ
3227 2867 3375 2938 θῦμα
3412 2868 3548 2940 πρὸς
3577 2869 3709 2921 ἀποο

2121 2952 2390 3023 κάθαρσιν
2410 2955 2683 3025 ἁμαρτίας
2702 2954 2797 3007 τοῦ
2813 2954 2943 3008 λαοῦ
2965 2970 2981 2987 ο
3010 2958 3305 3027 μοσχάριον
3324 2957 3381 3011 δὲ
3397 2959 3490 3010 καὶ
3513 2958 3704 3027 ἀμνὸς,

2123 3044 2192 3099 τὰ
2218 3046 2299 3108 είς
2338 3044 2721 3110 ὁλοκαύτωσιν,
2770 3045 2925 3118 κριός
2949 3063 3010 3100 τε
3050 3048 3148 3101 καὶ
3181 3047 3380 3119 μόσχος
3408 3050 3488 3113 είς
3517 3048 3706 3102 θυσίαν

2123 3135 2411 3206 σωτηρίου,
2449 3135 2860 3207 ιπιτεθειμένης
2911 3135 2989 3208 τῷ
3038 3135 3412 3207 θυσιαστηρίῳ
3458 3138 3560 3191 καὶ
3612 3137 3706 3207 τῆς

2125 3226 2479 3298 σεμιδάλεως,
2513 3228 2562 3281 εί
2598 3228 2692 3281 καὶ
2719 3226 2796 3299 μὴ
2821 3228 3002 3299 πάσης
3024 3229 3205 3299 τυχὸν,
3230 3229 3364 3283 ἀλλὰ
3391 3229 3592 3301 δρακδς
3620 3231 3708 3283 καὶ

2124 3319 2189 3372 ὲκ
2229 3319 2445 3391 μέρους.
2478 3313 2615 3374 Εἶτά
2655 3336 2852 3390 φησιν,
2910 3321 2993 3374 δτι
3048 3340 3068 3373 ι
3100 3321 3210 3376 Καὶ
3258 3322 3454 3392 ἐξάρας
3499 3322 3706 3392 Ἀαρὼν

2124 3413 2224 3483 τὰς
2279 3415 2469 3483 χεῖρας
2501 3413 2598 3467 ἐπὶ
2644 3413 2736 3466 τὸν
2785 3414 2933 3477 λαὸν,
2985 3414 3285 3485 ηὑλόγησεν
3338 3414 3559 3479 αὐτοὺς,
3616 3413 3707 3467 καὶ⁵

2125 3502 2328 3572 κατέϐη
2370 3505 2599 3575 ποιήσας
2642 3503 2706 3558 τὸ
2747 3505 2877 3577 περὶ
2907 3506 3007 3576 τῆς
3034 3506 3327 3577 ἁμαρτίας,
3361 3504 3552 3559 καὶτὰ
3592 3504 3705 3559 ὀλο-

2127 3592 2461 3664 καυτώματα
2482 3596 2575 3649 καὶ
2603 3598 2671 3649 τὰ
2696 3595 2792 3650 τοῦ
2817 3596 3107 3668 σωτηρίου,
3137 3598 3233 3651 καί⁵
3255 3596 3476 3667 εἰσῆλθε
3503 3597 3705 3665 Μωσῆς

2128 3684 2223 3737 καὶ
2263 3684 2471 3756 Ἀαρὼν
2496 3687 2577 3750 είς
2605 3686 2705 3757 τὴν
2737 3686 2942 3759 σκηνὴν
2966 3687 3059 3742 τοῦ
3094 3688 3416 3759 μαρτυρίου,
3445 3687 3540 3742 καὶ
3562 3686 3704 3752 ἐξελ-

2128 3771 2312 3839 θόντες
2346 3776 2648 3848 εὐλόγησαν
2682 3778 2898 3832 ἅπαντα
2929 3778 3019 3833 τὸν
3046 3778 3194 3843 λαὸν,
3219 3779 3313 3834 καὶ
3341 3778 3499 3849 ὤφθη
3522 3780 3559 3850 ἡ
3582 3779 3703 3843 δόξα

2129 3865 2337 3937 Κυρίου
2360 3868 2525 3921 παντὶ
2554 3867 2632 3940 τῷ
2659 3868 2796 3938 λαιῖ»,
2821 3870 2917 3924 καὶ
2945 3868 3137 3939 ἐξῆλθε
3166 3869 3278 3941 πῦρ
3305 3871 3456 3941 παρὰ
3478 3871 3701 3942 Κυρίου,

553 3937 831 4031 κατέφαγε
854 3941 924 3995 τὰ
944 3942 1038 3995 ἐπὶ
1063 3940 1156 3996 τοῦ
1198 3943 1613 4019 θυσιαστηρίου,
1643 3949 1713 4004 τά
1769 3968 1830 4005 τε
1886 3952 2335 4031 ὁλοκαυτώματα,
2381 3964 2476 4017 κσι)⁸
2514 3937 2854 4031 τὰνστέατα,
2903 3966 2997 4019 καὶ
3032 3937 3151 4019 εἶδε
3189 3937 3296 4029 ad;
3324 3965 3356 4018 ὁ
3387 3937 3580 4030 ήλαδς,
3616 3962 3702 4019 καὶ

436 4027 650 4100 ἐξέστη,
680 4030 773 4084 καὶ
803 4028 996 4084 ἔπεσον
1024 4032 1117 4084 ἐπὶ
1140 4033 1453 4103 πρόσωπον.
1485 4054 1505 4089 ι

506 4120 704 4176 PALL.
761 4120 906 4188 Quid
939 4106 1107 4195 igitur
1133 4126 1351 4181 tandem
1385 4127 1454 4184 de
1481 4128 1569 4185 his
1614 4131 1780 4189 rebus
1824 4134 2015 4191 diccne

435 4214 568 4269 dum
598 4214 800 4284 putas?

2190 4141 2400 4197 IIAAA.
2432 4141 2497 4196 Τί
2525 4142 2591 4214 δὴ
2620 4139 2715 4199 οῦν
2741 4147 2848 4215 ἄρα
2875 4144 2971 4198 καὶ
3006 4145 3097 4197 επὶ
3123 4144 3303 4199 τοῖσδε
3343 4144 3486 4215 quis;

2189 4291 2353 4348 ΚΥΡ.
2388 4294 2565 4367 Ὠφθη
2619 4296 2717 4368 μὲν
2749 4293 2842 4351 οῦν
2883 4297 3025 4352 κατά
3071 4314 3135 4365 γε
3164 4298 3226 4352 τὸ
3271 4298 3534 4370 ἀληθὲςή
3577 4297 3701 4364 δόξει

2121 4384 2325 4454 Κυρίου
2377 4386 2520 4440 κατὰ
2566 4386 2664 4458 τὴν
2711 4388 2924 4458 ὀγδόην,
2975 4389 3094 4460 ἤτοι
3138 4389 3363 4458 γέγονεν
3395 4390 3645 4460 ἐμφανὴς
3672 4391 3700 4441 ό

506 4303 663 4360 CYR.
693 4302 819 4360 Visa
862 4312 947 4359 est
988 4321 1122 4378 ergo
1154 4324 1346 4364 revera
1382 4309 1555 4379 gloria
1577 4312 1790 4368 Domini
1824 4325 2019 4373 octavo

434 4394 547 4459 die,
576 4393 630 4448 id
657 4401 761 4458 est,
787 4394 958 4450 Filius
986 4397 1308 4453 manifestus
1333 4406 1418 4453 est
1455 4399 1650 4464 factus,
1685 4403 1779 4471 qui
1803 4405 2021 4474 estglo-

438 4482 519 4536 ria
545 4482 639 4536 Dei
664 4482 920 4538 acPatris
947 4501 960 4537 :
988 4484 1070 4539 sic
1099 4486 1247 4540 enim
1277 4486 1429 4540 illum
1474 4490 1786 4557 appellavit,
1831 4491 2020 4548 dicens

2128 4475 2267 4539 Υἱὸς,
2298 4478 2332 4547 ἠ
2356 4476 2482 4544 δόξα
2514 4481 2607 4531 τοῦ
2636 4478 2770 4533 Θεοῦ
2800 4481 2890 4532 καὶ
2912 4481 3122 4552 Πατρός
3144 4498 3157 4511 ·
3188 4480 3437 4550 ὠνόμαζε
3467 4479 3577 4552 γὰρ
3600 4480 3698 4535 αὖ·

435 4573 503 4627 ad
548 4572 771 4629 beatum
819 4574 1080 4645 Moysen:
1115 4594 1133 4626 ι
1172 4576 1307 4631 Vivo
1359 4590 1482 4646 ego,
1509 4550 1671 4634 Udicit
1713 4550 2013 4650 Dominus;

2128 4566 2210 4651 τὸν
2257 4566 2397 4620 οὕτω
2426 4567 2599 4635 λέγων
2644 4570 2782 4642 πρὸς
2829 4550 3155 4625 Μωσέα-τὸν
3208 4573 3516 4644 ίεριειτατονο
3544 4550 3579 4623 ἡ(
3618 4571 3700 4625 Ζῶ

434 4671 586 4719 certe
629 4663 948 4735 implebitur
990 4664 1163 4734 gloria
1224 4666 1440 4721 Domini
1492 4670 1670 4745 omnis
1730 4677 1874 4726 terra
1892 4673 1955 4726 “.
1998 4692 2016 4725 ι

2128 4656 2268 4725 ἐγὼ,
2321 4657 2466 4729 λέγει
2518 4661 2759 4731 Κύριος,
2823 4662 2856 4734 ἢ
2937 4663 3043 4734 μὴν
3104 4662 3548 4735 ἐμπλησθήσεται
3602 4662 3699 4732 τῆς

434 4754 636 4810 Sacros
677 4770 846 4825 porro
900 4770 1003 4810 nos
1046 4754 1214 4811 eﬁicit
1250 4757 1387 4828 ipse,
1415 4758 1547 4815 dum
1574 4760 1631 4815 in
1662 4760 1818 4818 bovis
1855 4762 2025 4834 ﬁgura

2128 4748 2275 4818 Βόξης
2320 4749 2525 4821 Κυρίου
2570 4753 2723 4805 πᾶσα
2766 4754 2799 4822 ἡ
2853 4753 2943 4823 γῆ.
2986 4772 3004 4804 ι
3057 4752 3258 4822 ἰεροὺς
3294 4753 3348 4805 δὲ
3380 4753 3527 4823 ἡμᾶς
3561 4753 3697 4804 ἀπο-

435 4860 538 4914 pro
567 4846 724 4901 nobis
769 4846 1107 4912 immolatur,
1156 4857 1263 4904 cta
1313 4860 1543 4919 peccato
1586 4869 1688 4908 nos
1722 4854 1940 4920 liberat,
1967 4866 2024 4911 et

2128 4838 2298 4907 σαίνει
2347 4839 2507 4904 αὐτδς
2536 4841 2675 4913 ὑπὲρ
2700 4840 2856 4912 ἡμῶν
2878 4842 2951 4907 ὡς
2981 4840 3038 4896 ἐν
3071 4859 3133 4910 γε
3172 4843 3251 4912 τῷ
3284 4844 3468 4914 μόσχῳ
3498 4841 3697 4911 σςοαζό-

437 4936 692 4992 univcrsa
748 4939 981 4994 crimina
1017 4941 1268 5004 remittit,
1324 4951 1380 4997 et
1404 4946 1646 5001 maculas
1670 4962 1739 5002 ex
1763 4946 2025 5003 condem-

2128 4947 2300 5000 μενος,
2342 4933 2434 4985 καὶ
2481 4933 2752 5003 ἁμαρτίας
2797 4933 3116 5006 ἐλευθερῶν,
3168 4936 3265 4989 καὶ
3297 4935 3494 4998 παντὸς
3526 4935 3699 4998 ἀνιεὶς

436 5026 658 5082 natione
707 5037 1014 5085 contractas
1050 5030 1346 5102 abstergit;
1410 5034 1711 5108 itidemque
1765 5038 1897 5093 dum
1958 5038 2014 5093 in

2128 5020 2487 5092 ἐγκλήματος,
2528 5023 2731 5076 καὶτὸν
2757 5025 2821 5077 ἐκ
2845 5025 2941 5077 τοῦ
2968 5026 3341 5095 κατεγνῶσθαι
3378 5026 3697 5096 διασμήχω)

439 5117 662 5171 odorem
683 5121 970 5176 suavitatis
993 5122 1298 5191 spiritualis
1326 5132 1386 5179 ut
1416 5127 1561 5182 aries
1577 5138 2011 5195 consummatur,

2128 5112 2314 5183 ῥύπον,
2348 5114 2435 5166 καί
2466 5114 2631 5179 αὐτὸς
2659 5115 2858 5185 ὁμοίως
2895 5116 2973 5180 είς
3000 5116 3176 5188 ὀσμὴν
3204 5117 3432 5181 εὐωδίας
3457 5116 3555 5188 τῆς
3576 5134 3698 5187 νοηο

433 5216 493 5264 et
520 5208 634 5278 ipse
662 5208 806 5263 idcm
834 5209 894 5264 ﬁt
922 5211 1102 5268 hostia
1131 5215 1406 5281 salutaris,
1434 5226 1491 5273 et
1510 5234 1612 5274 suo
1632 5236 1731 5274 nos
1754 5221 2019 5291 sanguine

2128 5204 2211 5274 τῆς
2225 5204 2299 5267 ὠς
2323 5204 2474 5275 κριὸς
2495 5205 2699 5259 τελειού
2709 5224 2886 5277 μενος,
2907 5208 3071 5272 αὐτὸς
3103 5209 3196 5262 καὶ
3236 5209 3397 5262 θυσία
3429 5210 3695 5280 σωτηρίου

435 5299 759 5356 sanctiﬁcat.
802 5301 923 5372 Ipse
950 5304 1116 5360 etiam
1147 5306 1324 5362 simila
1355 5318 1441 5364 cst
1473 5310 1596 5365 oleo
1627 5311 1744 5374 lita,
1787 5313 1843 5366 in
1877 5312 2018 5366 hila-

2128 5295 2416 5365 γινὸμενος,
2454 5296 2547 5349 καὶ
2570 5296 2810 5363 ἁγιάζων
2855 5297 3002 5369 ἡμᾶς
3041 5299 3120 5371 τῷ
3154 5299 3269 5371 ἰδίῳ
3299 5299 3511 5369 αἵματι,
3537 5299 3696 5360 αὐτὸς

437 5389 599 5446 ritate
628 5392 752 5447 vita:
793 5402 994 5448 sancta:
1024 5395 1263 5466 seipsum
1291 5398 1403 5454 Deo
1438 5415 1502 5453 ac
1551 5398 1698 5453 Patri
1729 5416 1828 5469 pro
1859 5400 2018 5456 nobis

2128 5385 2210 5436 καὶ
2235 5384 2510 5456 σεμίδαλις
2544 5385 2895 5451 ὲλαιόδευτος,
2933 5390 2990 5441 ὲν
3021 5389 3293 5462 ἱλαρότητι
3334 5390 3478 5461 ζωῆς
3510 5389 3692 5458 ἁγίας.

435 5483 750 5541 ostendens.

2128 5473 2481 5544 παραδεικνὺς
2514 5476 2705 5531 ἑαυτὸν
2746 5476 2884 5549 ὑπὲρ
2918 5478 3074 5551 ημῶν
3099 5479 3176 5552 τῷ
3212 5481 3330 5552 Θεῷ
3373 5481 3464 5536 καὶ
3497 5479 3688 5552 Πατρί.

506 5678 555 5711 ⁸⁸
585 5680 629 5737 Π
660 5682 783 5737 Cor.
806 5703 857 5751 v,
889 5688 968 5743 l7.
1049 5691 1091 5723 “
1124 5690 1296 5748 Levii.
1331 5709 1401 5759 ix,
1441 5692 1629 5750 92~2L
1723 5696 1765 5728 ⁸⁸
1796 5696 1956 5754 Num.
1988 5676 2235 5764 τιτλὲιξ
