3996 6212
245 320 348 380 369

313 433 525 490 ΠΑΛΔ.
567 433 802 505 Συνίημι
829 430 860 486 δ
884 432 1011 505 φης.

311 527 475 582 ΚΥΡ.
519 521 689 597 Οἶμαι
718 524 777 578 δὲ
805 524 1001 595 ἔγωγε,
1029 525 1131 598 τὴν
1159 524 1299 598 ὑπὲρ
1336 525 1431 579 τοῦ
1486 525 1695 599 ’Δαρὼν
1726 525 1820 580 θυι

242 615 371 670 οίαν
394 614 490 670 zeal
512 614 657 686 ὑπὲρ
692 612 788 667 τοῦ
813 612 945 668 λαοῦ
968 613 1313 685 παραδηλοῦν
1333 615 1565 679 ἀστείως
1590 616 1688 684 τὴν
1708 615 1818 668 τῶν

241 707 416 776 ἁγίων
458 707 539 773 είς
571 704 705 760 Θεὸν
735 705 1084 776 καθιέρωσιν.
1124 704 1595 776 Ἀναδεδειγμένου
1621 705 1678 760 δὲ
1704 706 1817 760 λοιο

242 801 345 855 πδν
371 799 470 853 zeal
498 798 714 869 ἔμφανῆ
748 796 818 851 τὰ
843 796 964 852 καθ’
991 798 1184 852 ἑαυτὸν
1236 798 1679 870 καταστήσαντος
1723 797 1818 850 τοῦ

251 890 619 964 Ἐμμανουὴλ,
638 890 706 945 δι’
735 885 797 944 οἶ)
824 889 1140 962 κεκλήμεθα
1161 890 1297 963 πρὸς
1322 890 1614 961 ἁγιασμόν,
1639 888 1819 944 δεκτοί

239 999 298 1037 τε
323 982 421 1037 καὶ
447 981 603 1053 ἱεροὶ,
634 980 726 1035 καὶ
750 982 826 1045 είς
857 980 1034 1053 ὀσμὴν
1060 980 1287 1044 εὐωδίας
1317 978 1709 1051 ἁνατεθείμεθα
1739 977 1851 1058 τῷχ

238 1072 436 1145 Πατρῐ.
484 1073 763 1143 Ἐπιτήρει
801 1071 911 1143 γὰρ
939 1072 1043 1137 ὅτι,
1072 1071 1158 1126 διὰ
1185 1070 1294 1125 τῶν
1326 1070 1550 1141 ἔναγχος
1589 1070 1815 1141 είρημέ-

237 1182 366 1229 νων,
391 1162 708 1235 επεραίνετο
729 1162 826 1233 μὲν
852 1162 1092 1232 ἐννόμως
1112 1164 1146 1234 ἠ
1168 1161 1277 1216 τῶν
1303 1161 1493 1234 ἱερέων
1520 1161 1813 1224 τελείωσις,

237 1254 305 1306 δι’
325 1251 496 1306 αὐτοῦ
521 1250 575 1304 δὲ
603 1249 668 1322 δὴ
693 1251 851 1305 πάλιν
880 1250 1234 1322 πολυτρόπως
1281 1250 1647 1322 ήγιασμένων.
1674 1253 1820 1306 Κατ-

237 1342 458 1397 εκαίετο
504 1342 603 1413 μὲν
646 1342 755 1413 γὰρ
797 1341 873 1406 ὡς
927 1341 1125 1413 μόσχος
1177 1341 1284 1407 ἔξω
1328 1343 1425 1413 τῆς
1470 1342 1819 1415 παρεμϐολῆς

239 1436 385 1506 ὑπὲρ
420 1434 718 1506 ἁμαρτίας,
775 1432 1038 1504 ἐθυμιᾶτο
1063 1434 1121 1488 δὲ
1168 1435 1246 1499 ὡς
1292 1434 1445 1507 κριὸς
1471 1434 1819 1505 καθηκόντως

235 1526 737 1596 ό).οκαυτούμενος,
776 1522 1018 1596 μελειστὶ
1049 1524 1106 1578 δὲ
1135 1524 1255 1589 ὅλος
1280 1524 1357 1590 ὡς
1394 1525 1536 1597 ὑπὲρ
1589 1524 1818 1579 ἑκάστου

239 1620 333 1672 καὶ
365 1617 508 1687 ὑπὲρ
537 1616 754 1670 πάντων
777 1655 792 1681 ,
828 1614 1022 1687 ἡγίαζε
1048 1612 1126 1686 τῷ
1155 1615 1347 1686 αἵματι
1380 1614 1691 1686 καταχρίων
1720 1613 1820 1667 αὐ-

238 1709 387 1772 τοὺς,
433 1709 511 1772 ὡς
582 1706 737 1779 κριὸς
784 1706 1074 1779 σωτηρίου.
1129 1705 1350 1776 ὀγδόης
1395 1705 1452 1759 δὲ
1494 1705 1594 1776 ἥδη
1635 1704 1821 1759 λοιπὸν

950 319 1038 375 DE
1075 314 1516 381 ADORATIONE
1557 314 1627 374 IN
1665 312 1937 376 SPIRITU
1977 312 2066 374 ΕΤ
2108 318 2476 377 VERlTATE.
2515 322 2643 377 LIB.
2684 322 2776 377 XI.

1856 448 1902 505 Α
1998 432 2199 489 PALL.
2232 434 2485 507 Intelligo
2513 436 2663 507 quod
2687 436 2847 493 dicis.

3416 320 3523 384 ΠΟ

1987 522 2146 579 CYR.
2172 523 2442 594 Equidem
2484 537 2621 597 puto
2667 528 2999 583 sacriﬁcium
3033 528 3171 584 illud
3200 545 3301 601 pro
3323 531 3517 588 Aaron

1919 623 1977 671 et
2003 631 2107 687 pro
2151 618 2356 688 pepulo
2404 617 2612 674 factum
2670 620 2951 691 eleganter
2982 621 3289 691 signiﬁcare
3321 637 3513 680 conse-

1919 710 2221 765 crationem
2245 711 2416 777 illam,
2444 728 2552 782 qua
2580 714 2753 768 sancti
2797 714 3050 769 homines
3074 715 3187 770 Deo
3221 715 3504 772 dicantur.

1916 798 2035 853 1am
2065 814 2218 865 vero,
2271 809 2630 871 posteaquam
2678 801 2991 873 declaratus
3021 815 3127 870 est,
3181 821 3244 861 ac
3269 806 3510 877 seipsum

1917 891 2275 960 conspicuum
2330 892 2462 949 fecit
2505 894 2598 949 ille
2651 894 2996 960 Emmanuel,
3057 912 3159 967 per
3224 914 3389 968 quem
3416 914 3511 954 su-

1919 997 2042 1036 mus
2070 983 2137 1038 ad
2163 984 2651 1063 sanctiﬁcationem
2682 987 2883 1053 vocati,
2920 995 3036 1041 tum
3071 988 3309 1059 denique
3349 1004 3508 1045 acce-

1918 1073 2156 1142 ptabilcs
2204 1083 2261 1131 et
2283 1076 2448 1140 sacri,
2487 1086 2544 1133 et
2567 1077 2622 1132 in
2657 1078 2885 1133 odorem
2934 1079 3219 1134 suavitatis
3244 1080 3391 1136 Patri
3420 1080 3510 1135 di-

1920 1163 2028 1219 cati
2060 1179 2273 1219 sumus.
2322 1165 2501 1221 Velim
2549 1181 2787 1236 namque
2818 1166 3107 1231 observes,
3157 1166 3508 1221 sacerdotum

1919 1254 2386 1310 consecrationem
2420 1271 2519 1325 per
2543 1271 2607 1311 ea
2636 1272 2758 1327 quae
2803 1255 2949 1312 dicta
2996 1265 3146 1321 sunt,
3170 1272 3239 1312 eo
3262 1266 3510 1327 tempore

1919 1345 2109 1417 perﬁci
2158 1346 2536 1412 consuevisse,
2595 1346 2694 1401 sed
2751 1347 2975 1402 eosdem
3009 1346 3180 1402 fuisse
3227 1361 3325 1417 per
3351 1346 3507 1401 illum

1922 1439 2075 1494 varie
2100 1439 2490 1494 sanctiﬁcatos.
2535 1438 2981 1494 Comhurebatur
3008 1439 3158 1494 enim
3189 1447 3250 1493 ut
3281 1438 3384 1495 bos
3411 1453 3509 1493 ex-

1925 1537 2006 1585 tra
2029 1539 2207 1587 castra
2226 1546 2327 1601 pro
2358 1539 2603 1601 peccato,
2650 1530 3049 1586 incendebatur
3091 1529 3237 1585 idem
3272 1536 3334 1585 ut
3365 1529 3509 1585 aries

1922 1630 2290 1693 congruenter
2327 1621 2384 1676 in
2426 1619 2809 1677 holocaustum
2848 1621 3087 1686 oblatus,
3122 1635 3223 1691 per
3260 1621 3507 1676 membra

1921 1713 2177 1769 concisus
2227 1711 2392 1769 simul
2420 1720 2478 1767 et
2547 1720 2730 1778 totus,
2797 1722 3055 1783 tanquam
3115 1727 3218 1783 pro
3254 1712 3503 1783 singulis,

236 1800 692 1872 ἀναδεδειγμένης
726 1799 959 1871 ἡμέρας,
994 1797 1138 1853 τοῦτ’
1176 1798 1313 1863 ἔστι,
1344 1796 1467 1852 καθ’
1489 1799 1556 1869 ην
1582 1798 1816 1868 ἐκφανε-

1923 1806 2166 1876 itemque
2208 1820 2310 1875 pro
2344 1805 2659 1861 universis:
2694 1804 3073 1861 sanctiﬁeabat
3114 1804 3240 1859 illos
3267 1804 3506 1875 denique

237 1893 405 1964 στέρα
433 1893 654 1961 γέγονεν
684 1892 720 1964 η
752 1891 879 1957 δόξα
908 1890 1166 1963 Χριστοῦ,
1196 1890 1617 1962 κατηργημὲνου
1650 1889 1817 1945 θανά·

234 1994 354 2045 του,
405 1980 503 2034 zeal.
530 1981 923 2051 πεπατημένης
952 1981 1181 2055 φθορᾶς,
1222 1981 1408 2035 λοιπὸν
1445 1980 1607 2051 ἱερεῖς
1633 1997 1691 2034 τε
1724 1979 1816 2034 καὶ

236 2076 359 2130 λαοὶ
389 2075 799 2148 καρποφοροῦσι
821 2075 960 2147 Θεῷ,
979 2077 1080 2129 οὐκ
1108 2074 1334 2138 ὀθνείοις
1355 2062 1628 2146 τιμῶντές
1652 2091 1814 2139 τισιν,

236 2166 358 2218 οὐδὲ
387 2167 501 2228 τοῖς
537 2164 734 2230 ἔξωθεν
768 2165 1153 2236 εὐφραίνοντες
1179 2162 1270 2219 τὸν
1307 2163 1416 2217 τῶν
1443 2162 1578 2217 ὅλων
1610 2163 1816 2217 Δεσπόο

234 2274 358 2326 την,
395 2256 648 2329 καθάπερ
676 2257 769 2312 καὶ
807 2258 837 2311 ό
863 2256 1002 2311 κατὰ
1032 2256 1211 2329 σάρκα
1247 2254 1486 2328 Ἰσραὴλ,
1525 2255 1660 2309 ἀλλὰ
1690 2256 1816 2309 ἑαυ-

236 2348 365 2410 τοὺς
391 2348 779 2416 ἀποφαίνοντες
820 2346 993 2416 εὐώδη
1023 2345 1235 2401 θυσίαν.
1268 2346 1445 2400 Οίονεὶ.
1476 2347 1584 2417 γάρ
1609 2362 1727 2412 πως
1759 2348 1815 2400 ὲν

234 2440 411 2494 εἰκόνι
437 2442 550 2503 τοῖς
579 2437 782 2511 θύμασι
821 2437 919 2502 τὰς
958 2436 1166 2493 ἑαυτῶν
1201 2436 1590 2508 ίερουργοῦμεν
1617 2435 1814 2508 ψυχὰς,

238 2532 332 2586 zeal.
361 2530 485 2602 Θεῷ
518 2531 883 2602 προσάγομεν,
909 2529 1344 2601 ἀποθνήσκοντες
1375 2529 1473 2600 μὲν
1494 2528 1571 2600 τῷ
1602 2531 1812 2600 κόσμῳ,

237 2622 334 2678 καὶ
379 2621 460 2693 τῷ
510 2622 729 2692 φρονεῖν
774 2620 841 2673 τὰ
895 2619 1116 2691 σαρκὸς,
1170 2618 1266 2673 zeal
1321 2618 1510 2671 παθῶν
1549 2617 1818 2690 νέκρωσιν

237 2711 624 2782 ὑπομένοντες,
660 2710 818 2782 μόνον
846 2710 903 2766 δὲ
940 2710 1061 2780 οὐχὶ
1083 2709 1544 2781 συσταυρούμενοι
1578 2709 1658 2781 τῷ
1682 2712 1815 2783 Χριο

236 2802 373 2874 στῷ,
407 2803 496 2858 ἵνα
540 2801 676 2875 πρὸς
713 2800 874 2871 ἁγίαν
906 2802 1000 2856 zeal
1030 2801 1330 2873 ἀμώμητον
1378 2801 1818 2875 μεταχωροῦντες

237 2892 408 2966 ζωὴν,
438 2892 580 2947 κατὰ
604 2892 666 2946 τὸ
697 2891 845 2963 αὐτῷ
869 2892 1059 2947 δοκοῦν
1092 2891 1517 2965 πολιτευώμεθα.
1563 2893 1816 2950 Τοιοῦτόν

236 2997 291 3038 τι
326 2984 425 3038 zeal
461 2985 491 3037 ό
534 2981 820 3045 θεσπέσιος
857 2981 1061 3054 γράφει
1108 2981 1340 3046 Παῦλος·
1379 3000 1400 3034 e
1433 2981 1672 3036 Πάντοτε
1715 2983 1815 3053 τὴν

235 3077 506 3150 νέκρωσιν
533 3074 627 3129 τοῦ
668 3075 840 3147 Ἰησοῦ
870 3076 930 3129 ὲν
952 3074 1032 3146 τῷ
1056 3073 1267 3146 σώματι
1288 3074 1694 3146 περιφέροντες,
1728 3074 1815 3128 ἵνα

237 3169 333 3222 καὶ
352 3169 389 3241 ἡ
413 3166 526 3237 ζωὴ
538 3165 633 3220 τοῦ
651 3164 827 3236 Ἰησοῦ
850 3167 907 3219 ὲν
926 3165 1002 3234 τῷ
1026 3163 1237 3236 σώματι
1260 3164 1417 3236 ήμῶν
1439 3164 1748 3235 φανερωθῇ.
1789 3184 1808 3218 z

236 3265 352 3318 Kal.
397 3263 596 3317 πάλιν·
652 3280 671 3315 e
711 3262 774 3315 Εί
826 3261 1193 3333 ὑπομένομεν,
1241 3260 1337 3313 καὶ
1385 3258 1817 3331 συμϐασιλεύσοο

238 3371 374 3426 per
415 3374 436 3408 ι
470 3357 519 3409 εί
553 3352 1026 3425 συμμορφούμεθα
1049 3353 1127 3424 τῷ
1151 3352 1367 3424 θανάτῳ
1390 3354 1485 3407 zeal
1512 3356 1624 3417 τοῖς
1644 3350 1819 3425 παθή-

240 3463 411 3517 μασιν
462 3445 650 3511 αὐτοῦ,
692 3443 834 3499 κατὰ
874 3444 935 3498 τὺ
985 3444 1391 3516 γεγραμμένον,
1436 3444 1682 3499 κοινωνοὶ
1724 3445 1817 3498 καὶ

233 3538 336 3609 τῆς
371 3536 720 3601 ἀναστάσεως
747 3538 841 3591 zeal
867 3536 967 3607 τῆς
1001 3536 1155 3608 δόξης
1184 3536 1437 3609 ἐσόμεθα.
1477 3536 1686 3591 Οὐκοῦν
1713 3534 1818 3605 ἔξω

239 3630 341 3699 μὲν
364 3627 465 3697 τῆς
491 3625 666 3697 πύλης
689 3625 827 3698 ὑπὲρ
851 3626 1008 3697 ἡμῶν
1035 3626 1303 3681 πέπονθεν
1330 3628 1359 3681 ό
1386 3624 1641 3697 Χριστὸς,
1675 3626 1817 3680 κατὰ

233 3721 335 3793 τὴν
372 3718 469 3773 τοῦ
520 3718 792 3792 μακαρίου
848 3717 1062 3773 Παύλου
1121 3718 1326 3791 φωνὴν,
1383 3717 1570 3788 ἔξιμεν
1613 3717 1674 3772 δὲ
1726 3718 1818 3772 καὶ

233 3808 412 3878 αὐτοὶ,
439 3809 533 3864 τὸν
556 3808 860 3881 ὀνειδισμὸν
880 3809 1042 3863 αὐτοῦ
1073 3809 1348 3880 φέροντες,
1373 3808 1479 3875 ἔξω
1497 3808 1597 3877 τῆς
1619 3808 1812 3881 πύλης,

234 3904 311 3967 ὼς
362 3901 659 3974 μοσχάριον
703 3903 763 3956 ὲν
816 3901 917 3971 ἴσῳ
964 3900 1150 3972 τρόπῳ
1200 3899 1551 3970 σφαζόμενοι,
1592 3899 1686 3953 zeal
1739 3899 1817 3964 ὡς

235 3993 391 4065 κριὸς
419 3991 882 4062 όλοκαυτούμενοι
899 4032 914 4057 ,
963 3991 1062 4062 τὴν
1082 3994 1142 4044 ἂν
1171 3990 1392 4061 Χριστῷ
1422 3990 1698 4045 πολιτείαν
1723 3992 1816 4044 εὐ-

231 4087 540 4157 ωδιὰζομεν
566 4086 645 4155 τῷ
667 4084 815 4155 Θεῷ·
844 4085 954 4139 Kal
981 4084 1135 4138 ταυτί⁸
1164 4083 1264 4155 μὲν
1302 4083 1443 4154 ὑπὲρ
1483 4080 1693 4155 Ἀαρὼν
1724 4083 1817 4137 zeal

231 4178 343 4233 τῶν
390 4178 491 4231 σὺν
535 4176 684 4247 αὐτῷ
711 4193 769 4230 τε
817 4177 910 4231 καὶ
941 4176 1001 4241 ἐξ
1052 4174 1217 4230 αὑτοῦ
1249 4175 1319 4228 τὰ
1367 4173 1606 4244 θύματα,
1644 4173 1713 4228 τὰ
1757 4174 1815 4229 δι

232 4269 379 4339 ὑπὲρ
406 4266 503 4323 τοῦ
540 4265 694 4330 λαοῦ,
730 4266 963 4337 χίμαρος
993 4265 1056 4319 τὸ
1085 4265 1225 4336 ὑπὲρ
1258 4263 1549 4334 ἁμαρτίας.
1587 4264 1696 4316 Kal
1728 4262 1813 4328 τίς

228 4361 260 4413 ό
309 4359 505 4428 λόγος
549 4358 725 4412 καίτοι
776 4357 1073 4428 μοεηιαρίου
1125 4353 1629 4427 προπενηνεγμένου
1678 4354 1814 4427 πρὸς

1920 1898 2185 1970 sanguine
2236 1912 2446 1969 ungens
2502 1907 2761 1968 tanquam
2814 1897 2960 1951 aries
2996 1897 3270 1952 salutaris.
3328 1894 3506 1951 Caete-

1919 2005 2063 2055 rum,
2100 2004 2225 2045 cum
2261 1990 2374 2061 jam
2416 1996 2646 2045 octavus
2670 1989 2791 2044 dies
2834 1989 3136 2053 illuxisset,
3205 1989 3254 2043 is
3283 2002 3510 2058 nempe,

1918 2097 2029 2152 quo
2055 2080 2260 2136 Christi
2290 2081 2467 2151 gloria
2515 2080 2717 2135 clarior
2760 2079 2903 2135 facta
2939 2088 3042 2143 est,
3083 2087 3260 2133 morte
3291 2078 3509 2133 destru—

1917 2180 2004 2226 cta
2037 2180 2093 2227 et
2126 2172 2351 2227 interitu
2390 2172 2732 2237 conculcato,
2759 2180 2873 2226 tum
2926 2185 3061 2225 vero
3100 2169 3414 2225 sacerdotes
3442 2184 3511 2223 ac

1917 2264 2106 2335 populi
2153 2264 2266 2320 Deo
2331 2278 2562 2319 munera
2612 2263 2872 2318 oﬁ‘erunt.
2923 2261 3114 2332 Neque
3166 2276 3300 2316 vero
3344 2261 3500 2315 illum

1918 2356 2168 2411 omnium
2198 2354 2489 2410 Dominum
2536 2353 2732 2410 alienis
2785 2353 3112 2425 quibusdam
3143 2351 3303 2407 donis
3325 2352 3511 2407 hono-‘

1918 2455 2059 2512 rant,
2090 2454 2184 2502 aut
2210 2446 2455 2502 externis
2479 2444 2802 2501 muneribus
2821 2445 3120 2508 oblectant,
3160 2443 3305 2498 sicut
3336 2443 3505 2499 lsracl

1917 2533 2220 2593 secundum
2273 2552 2517 2602 carnem,
2545 2535 2640 2592 sed
2680 2550 2739 2591 se
2780 2536 2928 2605 ipsos
2978 2533 3243 2590 exhibent
3268 2533 3503 2589 hostiam

1916 2628 2160 2684 suaviter
2217 2628 2579 2684 redolentem.
2631 2627 2693 2682 ln
2756 2626 2866 2682 illis
2915 2626 3062 2681 enim
3119 2624 3318 2681 hostiis
3379 2634 3502 2679 tan-

1916 2733 2080 2789 quam
2168 2718 2225 2773 in
2307 2718 2541 2789 imagine
2619 2714 3025 2787 quodammodo
3094 2724 3313 2770 nostras
3379 2716 3502 2770 ani-

1917 2824 2035 2865 mas
2071 2809 2439 2873 immolamus,
2488 2809 2713 2878 Deoque
2768 2806 3073 2870 oll'erimus,
3113 2806 3244 2861 dum
3297 2807 3505 2862 mundo

1914 2900 2076 2974 ‘03
2104 2911 2269 2972 atque
2307 2901 2497 2956 carnis
2540 2900 2824 2971 sapientia
2854 2898 3145 2964 morimur,
3172 2899 3502 2955 etvitiorurr.

1915 2991 2392 3048 mortiﬁcationem
2419 2991 2688 3056 subimus,
2714 3006 2777 3046 ac
2810 2989 3209 3061 propemodum
3238 3006 3346 3044 una
3376 3005 3503 3045 cum

1916 3085 2135 3141 Christo
2161 3085 2313 3140 cruci
2339 3084 2663 3155 suﬁigimur,
2686 3092 2748 3138 ut
2798 3083 2869 3138 ad
2909 3093 3158 3139 sanctum
3195 3098 3507 3153 purumque

1916 3175 2138 3232 vivendi
2168 3190 2342 3246 genus
2356 3190 2458 3230 nos
2483 3174 2894 3239 transferentes,
2927 3173 2997 3229 ad
3025 3175 3146 3245 ejus
3160 3174 3501 3229 voluntatem

1915 3266 2084 3321 vitam
2129 3266 2418 3321 ducamus.
2448 3264 2732 3335 Ejusmodi
2776 3262 3061 3333 quidpiam
3110 3265 3302 3320 beatus
3331 3266 3500 3319 etiam

1916 3360 2117 3415 Paulus
2165 3358 2410 3413 scribit:
2478 3375 2497 3408 ι
2535 3356 2765 3426 Semper
2823 3354 3303 3410 mortificationem
3371 3356 3498 3411 Jesu

1916 3452 1973 3506 in
2000 3466 2228 3521 corpore
2255 3448 2725 3511 circumferentes,
2748 3454 2808 3501 ut
2832 3447 3016 3501 etvita
3043 3446 3169 3502 Jesu
3194 3447 3249 3501 in
3271 3461 3502 3516 corpore

1915 3550 2106 3599 nostro
2137 3540 2598 3596 manifestetur".
2627 3559 2645 3590 ι
2665 3539 2733 3593 Et
2753 3540 2950 3593 iterum
2975 3557 2990 3591 :
3014 3557 3033 3589 ι
3055 3536 3110 3593 Si
3142 3538 3500 3602 sustinemus,

1916 3643 1972 3690 et
1992 3633 2447 3705 conregnabimus
2461 3632 2528 3685 “'.
2566 3630 2652 3687 »ει
2678 3631 3091 3687 conformamur
3108 3629 3175 3684 ad
3197 3630 3317 3701 ejus
3348 3644 3500 3685 mor-

1916 3732 2027 3781 tem
2065 3732 2229 3795 atque
2250 3724 2578 3794 passionem,
2611 3731 2672 3777 ut
2701 3721 2966 3792 scriptum
2993 3730 3079 3777 est
3098 3722 3165 3787 ”,
3199 3720 3335 3777 socii
3363 3736 3501 3791 quo-

1916 3831 2024 3887 que
2048 3815 2471 3872 resurrectionis
2501 3826 2558 3871 et
2604 3815 2792 3884 gloria:
2842 3813 3022 3884 ipsius
3054 3813 3282 3869 erimus.
3329 3812 3504 3884 Igitur

1914 3916 2068 3963 extra
2089 3918 2303 3978 portam
2329 3906 2552 3977 quidem
2582 3921 2681 3976 pro
2694 3905 2856 3961 nobis
2883 3921 3076 3975 passus
3112 3913 3199 3959 est
3225 3903 3497 3968 Christus,

1915 4007 1977 4052 ut
1996 3998 2192 4054 beatus
2213 3998 2415 4052 Paulus
2437 3998 2573 4051 ait"
2599 4015 2613 4061 ;
2646 3997 2862 4051 eximus
3018 4011 3260 4065 quoque,
3286 3996 3496 4066 impro-

1914 4087 2129 4158 perium
2148 4089 2268 4158 ejus
2298 4095 2604 4156 portantes,
2627 4096 2780 4141 extra
2803 4095 3018 4156 portam
3041 4103 3056 4151 ;
3076 4095 3146 4140 et
3170 4085 3362 4140 eodem
3386 4086 3499 4140 ritu

1914 4192 1979 4233 ac
2000 4177 2207 4233 vitulus
2237 4177 2604 4241 immolamur,
2631 4184 2771 4231 etut
2810 4177 2955 4230 aries
2978 4216 2992 4240 ,
3027 4175 3083 4230 in
3116 4176 3499 4231 holocaustum

1914 4268 2110 4333 oblati,
2144 4267 2371 4323 odorem
2398 4268 2513 4323 Deo
2539 4267 2865 4323 Christiana:
2898 4267 3333 4323 conversationis
3361 4268 3497 4323 ado-

1915 4359 2112 4413 lemus.
2148 4357 2325 4428 Atque
2357 4357 2443 4411 hae
2485 4357 2678 4412 hostiae
2718 4371 2822 4427 pro
2861 4356 3042 4412 Aaron
3063 4359 3290 4428 ejusque
3332 4359 3503 4414 sociis

229 4450 612 4522 ἀποκάθαρσιν
633 4450 842 4520 ἱερέων.
876 4449 965 4504 Ἐν
984 4449 1224 4519 ὑπεροχῇ
1245 4447 1299 4501 δὲ
1317 4449 1493 4502 πάντα
1513 4448 1579 4501 τά
1600 4448 1811 4520 ἱερέων,

1918 4465 1981 4505 ac
2018 4449 2209 4504 liberis
2239 4448 2570 4512 offeruntur,
2594 4447 2691 4503 sed
2733 4463 2834 4518 pro
2879 4447 3085 4518 populo
3126 4448 3349 4502 victima
3395 4463 3500 4517 pro

232 4544 328 4597 zeal
369 4542 563 4607 θυσίας
611 4541 986 4611 προσαγωγαὶ.
1023 4540 1116 4594 καὶ
1144 4539 1212 4592 τὰ
1241 4539 1321 4602 είς
1353 4539 1728 4609 ἀποκάθαρσίν
1752 4556 1813 4593 τε

1920 4549 2145 4611 peccato
2177 4540 2363 4595 hircus
2399 4549 2502 4595 est.
2530 4540 2597 4595 Et
2620 4555 2742 4610 quae
2774 4538 2996 4595 tandem
3022 4547 3108 4594 est
3125 4540 3247 4611 ejus
3278 4539 3358 4593 rei
3402 4554 3494 4594 ra-

231 4634 328 4687 zeal
359 4630 656 4702 ἀγνισμόνξο
693 4630 892 4702 μείζων
924 4628 982 4682 δὲ
1005 4627 1078 4692 ὡς
1109 4629 1167 4681 ἐν
1199 4627 1420 4697 μεγέθει
1456 4628 1705 4700 σώματος
1728 4647 1817 4699 χιι

235 4725 413 4794 μάρου
461 4721 779 4794 μοσχάριον,
821 4721 920 4791 τῆς
963 4721 1021 4772 ἐν
1063 4718 1355 4790 πράγμασι
1398 4720 1597 4790 νοητῆς
1647 4718 1819 4791 ὑπερ·-

230 4815 364 4885 οχῆς
411 4812 670 4884 μηνύσιον
712 4814 976 4883 ἐμφαῖνον
1017 4811 1263 4881 ἐναργές.
1298 4811 1610 4882 Μοσχάριον
1636 4811 1693 4866 δὲ
1725 4812 1820 4866 zeal

230 4905 407 4977 ἀμνὸς
444 4906 525 4968 είς
561 4904 939 4976 ὁλοκάρπωσιν
980 4902 1081 4973 τὴν
1136 4904 1193 4955 ὲν
1236 4901 1457 4973 Χριστῷ
1512 4902 1812 4972 νηπιότητα

228 4997 341 5051 τῶν
388 4997 447 5048 ὲν
475 4995 656 5049 πίστει
698 4993 1137 5065 καθιερωμένων
1173 4993 1580 5047 ὁπαινίττεται·
1615 4992 1809 5063 μόσχος

230 5087 288 5141 δὲ
329 5087 425 5142 zeal
463 5087 615 5160 κριὸς
642 5087 704 5141 τὸ
740 5085 1014 5158 τληπαθὲς
1067 5084 1161 5139 καὶ
1198 5084 1462 5155 ἀνδρεῖον,
1497 5082 1592 5137 καὶ
1628 5082 1728 5154 τὴν
1753 5084 1812 5137 ὲν

233 5178 505 5249 πραότητι
562 5175 941 5249 καρποφορίαν
995 5172 1499 5245 κατασημαίνουσιν
1548 5167 1608 5227 εὖ
1672 5173 1815 5244 μάλα

232 5267 446 5323 καὶτοῦ
475 5267 576 5338 μιν
607 5269 824 5340 πρώτου
873 5266 1043 5330 τύπος
1069 5267 1097 5319 ό
1129 5264 1359 5336 μόσχος·
1395 5266 1424 5317 ὁ
1459 5263 1514 5317 δέ
1549 5280 1613 5331 γε
1661 5266 1813 5333 κριὸς

226 5360 325 5416 τοῦ
343 5359 616 5432 δευτέρου,
635 5358 929 5430 Διάόροχος
956 5356 1013 5412 δι
1027 5356 1107 5428 τῷ
1128 5356 1293 5427 ἐλαίῳ
1329 5354 1607 5427 σεμίδαλις
1635 5355 1736 5425 τῆς
1756 5358 1815 5410 ὲν

229 5450 454 5523 Χριστῷ
484 5450 632 5522 ζωῆς
661 5449 759 5521 τὴν
792 5449 983 5506 ἐλπίδα
1010 5446 1273 5519 λαμπρὰν
1312 5440 1372 5499 εὖ
1405 5446 1549 5515 μάλα
1579 5446 1813 5516 καταδη-

229 5541 312 5596 lo!
333 5560 348 5575 ο
390 5541 458 5597 οὗ
481 5542 591 5615 γάρ
626 5558 710 5597 τοι
763 5541 1162 5611 στνγνάζοντας
1205 5538 1300 5593 zeal
1356 5537 1810 5611 δεδακρυμένους,

302 5742 348 5778 ⁸³
377 5742 425 5799 ιι
448 5740 579 5798 Cor.
616 5756 688 5808 ev,
724 5738 809 5795 l0.
885 5736 1002 5796 “ll
1033 5736 1177 5792 Tim.
1211 5751 1276 5803 tt,
1304 5736 1390 5793 ιε.
1463 5737 1508 5773 "
1561 5738 1718 5794 Rom.
1751 5754 1865 5807 vm,
1901 5738 1989 5796 29.

1917 4632 2039 4687 tio?
2070 4647 2196 4688 cum
2246 4633 2553 4702 praesertim
2603 4631 2671 4686 ad
2718 4630 3067 4686 sacerdotum
3127 4616 3499 4701 expiationem

1915 4724 2110 4778 fuisset
2130 4723 2338 4779 vitulus
2385 4722 2623 4777 oblatus.
2664 4720 2772 4777 Sed
2819 4722 2874 4776 in
2914 4721 3294 4777 sacerdotibus
3334 4737 3498 4792 supe-

1916 4813 2061 4867 riora
2082 4822 2211 4867 sunt
2238 4810 2444 4873 omnia,
2461 4818 2575 4865 tum
2600 4810 2857 4865 sacriﬁcii
2882 4811 3210 4876 oblationes,
3241 4818 3358 4864 tum
3373 4827 3499 4881 quae

1916 4902 1985 4958 ad
2008 4901 2374 4973 expiationem
2396 4901 2992 4972 sanctiﬁcationemque
3018 4901 3297 4972 pertinent
3325 4918 3341 4954 :
3375 4916 3494 4955 nia-

1911 4996 2002 5067 jor
2025 5003 2110 5049 est
2143 5001 2325 5047 autem
2350 4992 2603 5061 corporis
2628 4991 2772 5046 mole
2797 4991 3006 5046 vitulus
3026 4990 3204 5057 hirco,
3232 4989 3494 5060 spiritua-

1916 5086 1984 5141 lis
2007 5102 2190 5141 rerum
2213 5085 2541 5156 praestantiae
2559 5083 2835 5155 specimen
2860 5100 2974 5153 pra:
3010 5098 3069 5138 se
3101 5082 3306 5138 ferens.
3337 5083 3496 5138 Vitu-

1915 5177 2003 5231 lus
2029 5186 2211 5232 autem
2235 5185 2292 5231 et
2329 5192 2501 5248 agnus
2530 5176 2587 5231 in
2622 5176 3002 5231 holocaustum
3046 5173 3330 5228 hominum
3388 5171 3496 5228 ﬁde

1918 5274 2362 5322 eonsecratorum
2408 5268 2464 5321 in
2509 5266 2732 5323 Christo
2763 5265 3051 5323 infantiam
3081 5264 3324 5321 insinuat
3352 5283 3365 5320 :
3395 5264 3498 5319 bos

1918 5373 2051 5412 vero
2069 5367 2128 5414 et
2146 5359 2290 5415 aries
2316 5359 2635 5430 patientiam
2654 5369 2715 5418 et
2746 5357 3150 5422 fortitudinem,
3173 5356 3307 5411 etin
3335 5368 3495 5409 man—

1920 5451 2210 5506 suetudine
2229 5451 2505 5506 fructuum
2534 5451 2844 5506 ubertatem
2866 5449 3128 5519 pmclare
3147 5443 3492 5518 signiﬁcant;

1920 5556 1985 5596 ac
2004 5542 2207 5611 prioris
2234 5543 2382 5604 illius
2420 5541 2594 5612 ﬁgura
2634 5549 2721 5597 cst
2778 5540 2899 5607 bos,
2952 5538 3099 5595 aries
3148 5533 3492 5608 posterioris.

2065 5739 2111 5772 ⁷⁸
2144 5739 2310 5795 llcbr.
2342 5756 2456 5810 xm,
2488 5740 2569 5800 l2.
