3996 6212
467 275 565 331 771

1513 280 1571 335 S.
1613 279 1894 337 CYNLLI
1928 280 2405 340 ALEXANDle
2443 284 2763 343 ARCHIEP.

3652 283 3751 338 77!

468 393 639 449 Porro
662 395 839 449 Simila
862 393 984 449 oleo
1002 392 1246 465 perfusa,
1283 391 1432 459 vitae,
1461 407 1584 463 quae
1610 393 1667 447 in
1688 391 1913 449 Christo
1952 391 2058 449 du-

2171 393 2278 447 nx
2308 394 2581 466 εὐθύμους
2616 396 2711 450 καὶ
2752 395 2971 468 ἱλαροὺς
3000 396 3098 470 τῆς
3128 399 3184 453 ὲν
3230 399 3456 473 Χριστῷ
3481 401 3753 466 πολιτείας

469 483 632 550 citur,
663 500 815 556 spem
853 485 1174 555 praeclaram
1208 484 1418 555 Optime
1469 484 1738 539 declarat.
1762 484 1886 540 Non
1914 483 2066 539 enim

470 577 658 631 tristes
697 584 754 631 et
794 577 1067 647 lugentes,
1104 577 1200 632 sed
1245 579 1401 633 laetos
1441 586 1498 632 et
1545 577 1753 633 hilares
1795 577 2067 632 inhaerere

470 666 799 722 Christiana:
821 670 1229 724 conversationi
1271 670 1473 725 decet:
1508 670 1580 727 id.
1600 670 1751 725 enim
1798 677 1905 733 est,
1941 668 2066 739 opi-

470 776 594 824 nor,
649 760 785 815 illud
813 778 826 813 :
858 779 876 811 ι
919 761 1139 827 Venite,
1166 763 1508 817 exsultemus
1533 762 1767 817 Domino
1794 762 1875 828 ";
1912 780 1932 812 ι
1991 762 2067 817 ita

466 851 615 906 enim
643 860 831 922 aperte
856 862 1021 925 atque
1053 853 1344 924 perSpicue
1382 852 1669 923 all‘ulgebit
1707 850 1911 907 Christi
1946 852 2063 921 glo-

468 943 571 1007 ria,
597 953 653 999 et
680 945 1046 1001 libentissime
1083 954 1399 1001 sanctorum
1435 944 1723 1000 hominum
1759 943 2066 998 oblationes

469 1034 763 1102 admittet;
790 1037 935 1092 sicut
957 1036 1220 1091 nimirum
1242 1052 1309 1093 eo
1331 1052 1549 1107 quoque
1578 1046 1821 1106 tempore
1844 1035 1899 1088 in
1923 1035 2066 1105 ignis

469 1125 654 1193 specie
681 1126 827 1180 Deus
855 1134 1042 1196 aperte
1069 1125 1378 1188 descendit,
1414 1135 1471 1180 et
1500 1124 1756 1181 victimas
1804 1125 1928 1179 illas
1963 1124 2063 1178 ab-

470 1215 725 1285 sumpsit.
790 1216 998 1269 Eorum
1047 1217 1222 1280 enim,
1265 1215 1360 1285 qui
1401 1214 1507 1269 ﬁde
1549 1213 1873 1270 sanctiﬁcati
1915 1221 2062 1279 sunt,

468 1313 683 1375 partam
709 1321 777 1361 ex
804 1306 1008 1361 virtute
1043 1306 1262 1360 laudem
1312 1316 1575 1376 tanquam
1624 1314 1841 1375 pastum
1870 1321 1933 1359 ac
1962 1320 2062 1359 vo-

472 1395 736 1465 luptatem
784 1405 959 1468 putat.
1016 1398 1303 1469 Mysticum
1356 1412 1489 1451 vero
1538 1395 1800 1467 quiddam
1851 1410 1962 1465 [me
2003 1410 2062 1449 se

472 1487 658 1542 ferunt
677 1488 792 1544 haec
824 1489 990 1544 verba
1024 1507 1037 1543 :
1067 1497 1195 1543 tunc
1218 1488 1366 1543 enim
1390 1487 1554 1559 404.
1573 1486 1642 1541 ad
1664 1485 1914 1541 concisas
1940 1486 2063 1541 illas

473 1594 669 1635 carnes
696 1580 837 1651 ignis
857 1583 1125 1652 impetum
1170 1583 1395 1638 demisit
1418 1583 1597 1646 Deus,
1634 1579 1864 1652 perinde
1906 1594 1972 1633 ac
2013 1579 2061 1633 si

472 1669 784 1738 propositas
802 1671 1109 1727 oblationes
1140 1673 1475 1744 attingeret:
1517 1687 1737 1741 semper
1772 1670 1921 1724 enim
1963 1669 2059 1725 Di-

472 1758 671 1814 vinitas
702 1760 843 1832 ignis
862 1770 1114 1817 naturam
1154 1762 1385 1834 ﬁgurate
1412 1762 1583 1817 subit.
1613 1762 1770 1817 Nunc
1792 1775 1925 1815 vero
1947 1759 2061 1831 spi-

473 1848 657 1905 rituali
688 1852 865 1908 hostia
898 1854 1003 1909 sibi
1022 1855 1325 1924 proposita,
1380 1870 1493 1909 non
1524 1853 1667 1925 ignis
1710 1852 1914 1923 specie,
1964 1851 2060 1905 sed

2170 484 2403 556 ὲξῆφθαι
2443 488 2662 558 πρέπει.
2700 488 2870 543 Τοῦτο
2895 489 3026 560 γὰρ,
3062 486 3238 562 οἶμαι,
3262 491 3379 545 ἐστι
3410 492 3491 557 τὸ,
3530 512 3549 546 ι
3592 495 3753 548 Δεῦτε

2168 574 2629 646 ἀγώλιασὼμεθα
2671 576 2747 648 τῷ
2794 580 3000 650 Κυρίῳ.
3044 599 3063 631 ι
3111 580 3438 653 Ἐπιλάμψει
3470 583 3583 655 γὰρ
3615 585 3756 639 οὕτω

2164 664 2426 736 καθαρῶς
2467 684 2526 721 τε
2577 670 2671 723 καὶ
2714 670 2964 742 ἐναργῶς
3008 672 3041 743 ἡ
3093 670 3221 737 δόξα
3266 673 3539 744 Χριστοῦ,
3586 677 3757 747 ἀσμε-

2172 757 2406 812 νέστατα
2462 759 2793 831 προσιεμένη
2839 760 2937 825 τὰς
2980 761 3088 815 τῶν
3132 762 3304 832 ἁγίων
3354 770 3754 838 καρποφορίας,

2168 848 2422 920 καθάπερ
2449 849 2642 921 ἀμέλει
2675 851 2772 906 καὶ
2796 852 2919 908 τότε
2951 854 3083 919 Θεὸς
3122 856 3179 909 ὲν
3210 856 3341 910 εἴδει
3362 857 3545 928 ’πυρὸς
3587 875 3756 912 κατα-

2169 940 2500 1013 πεφοίτηκεν
2562 943 2840 1013 ἐναργῶς,
2901 947 2996 999 καὶ
3046 947 3327 1016 κατέφαγε
3386 948 3454 1005 τὰ
3515 948 3753 1020 θύματα.

2164 1033 2342 1088 Μόνον
2366 1032 2425 1087 δὲ
2453 1032 2573 1103 οὐχὶ
2602 1034 2808 1106 τροφὴν
2837 1038 3053 1106 ἡγεῖται
3094 1038 3190 1092 καὶ
3224 1040 3436 1112 τρυφὴν
3460 1040 3569 1094 τῶν
3597 1042 3756 1113 ἡγια-

2166 1122 2383 1193 σμένων
2415 1126 2475 1176 ἐν
2521 1123 2699 1177 πίστει
2737 1124 2835 1197 τὴν
2868 1126 3239 1199 εὐδοκίμησιν.
3286 1129 3655 1200 ’Υπεμφαίνει
3697 1130 3756 1184 δέ

2163 1231 2216 1267 τι
2245 1214 2339 1268 καὶ⁸
2374 1214 2634 1285 μυστικὸν
2664 1218 2691 1271 ό
2715 1217 2871 1286 λόγος
2895 1234 2908 1249 ·
2943 1217 3061 1272 τότε
3093 1220 3191 1291 μὲν
3222 1222 3332 1292 γὰρ
3365 1221 3457 1274 ἐπὶ
3502 1220 3572 1275 τὰ
3599 1221 3749 1293 διχο⁸

2162 1306 2460 1377 τομήματα
2487 1308 2586 1378 τὴν
2613 1309 2782 1380 πυρὸς
2814 1309 2999 1381 ἀκμὴν
3032 1311 3212 1365 καθίει
3242 1311 3395 1377 Θεὸς,
3437 1311 3597 1366 οἱονεί
3635 1330 3754 1375 πως

2160 1396 2268 1451 τῶν
2296 1400 2671 1470 προκειμένων
2701 1402 3005 1472 ἁπτόμενος
3026 1421 3039 1433 ·
3081 1404 3486 1458 ὐποπλὰττεται
3514 1403 3625 1474 γὰρ
3652 1404 3754 1473 τὴν

2163 1491 2333 1563 πυρὸς
2363 1492 2525 1559 φύσιν
2555 1493 2640 1546 ἀεὶ
2663 1493 2723 1547 τὸ
2747 1492 2922 1548 Θεῖον.
2951 1495 3088 1549 Νυνὶ
3118 1495 3174 1549 δὲ
3205 1499 3305 1568 τῆς
3333 1496 3530 1567 νοητῆς
3566 1512 3754 1565 προτι-

2162 1579 2395 1651 θεμένης
2438 1581 2588 1652 αὐτῷ
2617 1581 2830 1646 θυσίας,
2877 1585 2978 1636 οὐκ
3024 1586 3082 1637 ὲν
3120 1585 3252 1638 εῖδει
3292 1584 3482 1657 πυρὸς,
3524 1584 3642 1638 ἀλλ’
3686 1586 3749 1636 ὲν

2163 1671 2308 1742 ἁγίῳ
2344 1670 2650 1741 Πνεύματι,
2699 1672 2809 1726 τῶν
2843 1677 3221 1746 προκειμένων
3260 1675 3465 1745 νοητῶς
3516 1674 3745 1744 leas-:16-

2172 1779 2350 1832 μενος,
2393 1762 2653 1826 ζωοποιὸν
2693 1764 2983 1832 ἀποφαίνει
3028 1767 3141 1829 τοῖς
3172 1758 3478 1836 ἐφιεμένοις
3520 1763 3753 1836 μεταλα-

2167 1855 2302 1923 χεῖν,
2338 1853 2432 1906 καὶ
2460 1852 2656 1924 ἀληθὲς
2685 1855 2744 1906 ὲν
2768 1855 2947 1908 πίστει
2976 1855 3038 1910 τὸ
3062 1856 3253 1927 χρῆμα
3287 1856 3635 1928 δεδέγμεθαν

473 1939 663 1998 sancto
683 1943 891 2013 Spiritu
910 1947 1092 2001 oblata
1116 1963 1346 2003 munera
1402 1945 1768 2019 spiritualiter
1813 1944 2109 2016 attingens,
2147 1961 2270 2001 eam
2317 1946 2650 2017 participare
2696 1948 3049 2018 cupientibus
3084 1948 3496 2005 viviﬁcatricem
3548 1948 3750 2020 eﬂicit;

474 2046 640 2100 quam
666 2034 782 2086 rem
814 2048 1000 2088 veram
1034 2033 1141 2089 ﬁde
1170 2031 1535 2105 suscepimus.

545 2126 740 2181 PALL.
770 2128 938 2184 Recte
961 2131 1061 2185 ais.

542 2218 702 2274 CYR.
749 2216 990 2277 Elevatis
1037 2230 1222 2279 autem
1261 2223 1447 2279 Aaron
1486 2222 1742 2279 manibus
1780 2220 2067 2277 benedixit

474 2313 762 2383 populum.
797 2313 1042 2370 Observa
1065 2316 1201 2371 item
1223 2317 1370 2371 hanc
1401 2316 1638 2387 primam
1660 2314 2065 2384 impositioncm

476 2419 740 2458 manuum
784 2403 839 2459 in
867 2407 1102 2476 populos
1133 2423 1232 2478 per
1267 2408 1451 2464 Aaron
1501 2406 1704 2462 factam
1733 2424 1746 2459 :
1784 2402 2066 2460 benedicit

473 2496 625 2551 enim
658 2498 916 2553 omnibus
941 2498 1032 2554 ille
1051 2514 1217 2555 verus
1240 2500 1424 2555 Aaron
1446 2497 1853 2565 ,sacerdotibus
1873 2512 1938 2552 ac
1963 2510 2064 2565 po-

476 2586 641 2657 pulis,
674 2587 889 2657 pusillis
922 2603 1048 2643 cum
1074 2589 1398 2661 majoribus,
1430 2589 1575 2645 sicut
1593 2587 1859 2658 scriptum
1880 2596 1966 2643 est
1992 2586 2060 2650 ⁷⁸,

477 2679 732 2734 manibus
758 2681 1154 2750 propemodum
1180 2681 1452 2751 impositis
1484 2699 1496 2734 :
1522 2696 1587 2735 ac
1607 2694 1805 2734 manus
1842 2676 2066 2748 imposi-

479 2772 556 2829 tio
596 2772 744 2829 illius
781 2775 838 2829 in
872 2789 975 2830 nos
994 2775 1323 2830 sanctissimi
1372 2774 1613 2845 Spiritus
1656 2770 1938 2827 missionis
1984 2769 2063 2825 si-

479 2882 645 2939 gnum
668 2867 895 2923 evidens
922 2882 1042 2922 esse
1065 2866 1288 2936 poterit.
1327 2866 1469 2921 Ante
1506 2880 1639 2920 vero
1664 2879 1828 2934 quam
1855 2861 2063 2919 sacriﬁ-

477 2958 624 3014 cium
665 2959 967 3029 peregisset
1016 2958 1195 3014 Aaron
1221 2999 1236 3024 ,
1279 2973 1541 3012 manuum
1592 2955 1872 3026 impositio
1915 2955 2064 3010 nulla

478 3059 600 3107 erat
627 3069 641 3105 :
690 3071 708 3103 ι
729 3050 982 3106 Nondum
1008 3051 1157 3106 enim
1183 3057 1302 3105 erat
1324 3048 1601 3118 Spiritusfv
1641 3045 1811 3118 (juxta
1839 3046 2066 3102 Joannis

479 3139 718 3213 vocem),
749 3162 766 3193 ι
795 3141 925 3212 quia
946 3141 1106 3197 Jesus
1135 3140 1377 3196 nondum
1401 3146 1521 3194 erat
1538 3137 1876 3210 gloriﬁcatus
1907 3137 2006 3192 ⁷³.»

549 3234 748 3290 PALL.
775 3234 1099 3305 Congruens
1118 3242 1270 3288 certe
1297 3232 1589 3303 expositio.

550 3321 707 3377 CYR.
731 3322 1043 3389 Quinetiam
1073 3321 1264 3386 ritum,
1298 3336 1409 3392 quo
1445 3320 1766 3379 sacerdotes
1793 3322 2063 3393 impreca-

2242 2128 2451 2183 IlAAA.
2507 2126 2719 2199 Ὀρθῶς
2752 2128 2909 2199 ἔφης.

2239 2221 2402 2273 ΚΥΡ.
2456 2219 2688 2293 Ἐξάρας
2732 2219 2790 2273 δὲ
2844 2218 3055 2291 Ἀαρὼν
3103 2217 3205 2284 τὰς
3246 2221 3434 2291 χεῖρας
3478 2220 3756 2293 ηὐλόγησι

2165 2312 2256 2367 τὸν
2290 2311 2437 2367 λαόν.
2466 2311 2573 2365 Καὶ
2597 2310 2695 2366 θέα
2712 2310 2778 2382 δὴ
2810 2311 2971 2369 πάλιν
3004 2312 3080 2375 ὡς
3105 2312 3162 2364 ἐν
3187 2310 3378 2385 πρώτῃ
3405 2312 3601 2383 χειρῶν
3630 2314 3757 2367 ὲπιο

2167 2404 2313 2459 θέσει
2352 2404 2445 2457 ἐπὶ
2479 2404 2630 2467 λαοῖς
2656 2401 2745 2456 διὰ
2779 2402 2873 2456 τοῦ
2925 2402 3136 2475 Ἀαρών
3166 2420 3180 2435 θ
3207 2402 3419 2472 εὐλογεῐ
3443 2403 3552 2476 γὰρ
3579 2404 3760 2460 ᾶπαν-

2164 2513 2263 2560 τας
2290 2497 2319 2549 ό
2341 2494 2546 2566 ἀληθὴς
2576 2493 2809 2566 Ἀαρὼν,
2837 2494 3018 2565 ίερέας
3047 2494 3141 2548 καὶ
3162 2493 3348 2560 λαοὺς,
3369 2496 3495 2560 τοὺς
3523 2497 3757 2568 μικροὺς

2169 2587 2311 2659 μετὰ
2336 2586 2446 2640 τῶν
2472 2586 2749 2657 μεγάλων,
2782 2587 2927 2640 κατὰ
2943 2585 3006 2639 τὸ
3032 2585 3436 2659 γεγραμμένον,
3467 2588 3758 2659 μονονουχὶ

2166 2677 2261 2731 καὶ
2283 2677 2471 2747 χεῖρας
2501 2674 2733 2738 ἐπιθεὶς,
2774 2674 2870 2728 καὶ
2908 2677 3134 2745 σημεῖον
3165 2673 3232 2728 ἂν
3262 2675 3472 2744 γένοιτο
3518 2677 3689 2747 σαφὲς
3717 2680 3754 2749 ἡ

2171 2766 2355 2838 χειρδς
2403 2765 2647 2830 ἐπίθεσις
2698 2766 2795 2836 τῆς
2857 2764 2951 2818 τοῦ
2997 2765 3264 2834 παναγίου
3313 2764 3629 2837 Πνεύματος
3672 2770 3756 2833 είς

2165 2861 2314 2931 ἡμᾶς
2344 2857 2676 2927 καταϐολῆς.
2703 2857 2816 2928 Πρὸ
2836 2856 2892 2910 δὲ
2918 2858 3015 2928 τῆς
3041 2856 3352 2930 ἱερουργίας
3400 2859 3500 2929 τῆς
3540 2858 3756 2932 Ἀαρὼν

2167 2952 2201 3021 ἠ
2228 2948 2426 3021 χειρῶν
2448 2947 2693 3012 ἐπίθεσις
2719 2948 2821 3003 οὐκ
2849 2943 2938 3019 ἦν.
2971 2968 2989 3000 ι
3015 2947 3185 3002 οὐπω
3213 2948 3324 3021 γὰρ
3348 2944 3418 3020 ἦν
3444 2950 3692 3022 Πνεῦμαν
3726 2969 3747 3003 ,
3774 2974 3781 2981 .

2167 3042 2312 3099 κατὰ
2340 3039 2439 3114 τὴν
2482 3040 2733 3096 Ἰωάννου
2762 3039 2965 3113 φωνὴν,
2991 3041 3074 3094 ὅτι
3109 3058 3129 3093 ι
3179 3040 3385 3115 Ἰησοῦς
3417 3041 3633 3097 οὐδέπω
3650 3043 3749 3098 ἔδο-

2169 3135 2363 3206 ξάσθη.
2400 3154 2419 3188 ι

2238 3230 2447 3284 ΠΑΛΛ.
2480 3226 2715 3292 [lthon
2741 3229 2771 3282 ό
2794 3227 2973 3298 λόγος.

2237 3321 2402 3376 ΚΥΡ.
2438 3320 2549 3373 Καὶ
2575 3318 2724 3372 τόνδε
2752 3320 2852 3390 τῆς
2890 3320 3082 3391 ἱερέων
3119 3317 3285 3390 εὐχῆς
3308 3315 3754 3391 καταρρυθμίζει

481 3423 714 3481 rentur,
763 3420 889 3485 apte
938 3414 1182 3484 disponit
1223 3431 1236 3467 :
1280 3421 1444 3483 atque
1489 3414 1610 3484 ejus
1655 3412 2063 3485 imprecationis

2171 3415 2391 3487 τρόπον,
2417 3414 2915 3486 προαναγορεύσεις
2936 3414 3090 3478 τινὰς
3122 3414 3232 3469 τῶν
3261 3414 3352 3468 διὰ
3373 3414 3615 3486 Χριστοῦ
3650 3432 3758 3468 πα-

478 3508 648 3563 verba
678 3507 1065 3577 praedictiones
1085 3505 1349 3575 quasdam
1375 3505 1580 3562 Christi
1603 3506 1922 3575 passionum
1943 3520 2065 3560 esse

479 3597 675 3652 voluit.
708 3596 799 3650 Ait
818 3596 964 3650 enim
988 3614 1000 3648 :
1026 3614 1044 3645 ι
1075 3594 1330 3664 Loquere
1377 3595 1449 3651 ad
1484 3597 1689 3661 Aaron,
1730 3603 1788 3651 et
1828 3596 1897 3650 ad
1924 3594 2066 3650 ﬁlios

480 3689 602 3759 ejus
629 3688 865 3742 dicens:
906 3686 997 3741 Sic
1018 3686 1361 3743 benedicetis
1403 3687 1532 3744 ﬁliis
1586 3688 1772 3753 Israel,
1820 3689 2068 3744 dicentes

481 3780 585 3836 eis.
608 3780 677 3833 Et
697 3778 979 3848 imponent
1003 3794 1199 3835 nomen
1234 3796 1419 3835 meum
1449 3795 1616 3850 super
1639 3779 1780 3835 ﬁlios
1798 3780 1985 3846 Israel,
2010 3786 2069 3835 et

480 3891 583 3944 ego
605 3870 870 3928 Dominus
907 3871 1229 3927 benedicam
1269 3872 1370 3927 eis.
1401 3871 1700 3926 Benedicat
1737 3872 1840 3927 tibi
1877 3871 2065 3929 Domi-

477 3975 607 4025 nus,
633 3959 981 4015 ctcustodiat
1002 3968 1078 4024 te,
1103 3960 1376 4014 illuminet
1401 3959 1668 4015 Dominus
1692 3960 1884 4019 faciem
1910 3976 2067 4016 suam

482 4067 650 4123 super
671 4061 743 4117 te,
768 4059 825 4107 et
846 4051 939 4106 det
954 4052 1055 4107 tibi
1077 4068 1291 4123 pacem,
1312 4060 1369 4107 et
1392 4052 1720 4109 misereatur
1736 4055 1817 4108 tui
1838 4053 1905 4108 ⁷⁵.
1936 4072 1954 4105 ‹
1974 4053 2070 4108 Ju-

482 4143 578 4198 bet
610 4144 777 4213 igitur
804 4150 886 4209 ut,
914 4145 1007 4214 qui
1062 4144 1371 4201 sacerdotio
1405 4144 1623 4216 praediti
1666 4153 1818 4209 sunt,
1866 4146 2069 4216 populo

482 4233 813 4288 benedicant
839 4252 852 4287 :
879 4233 975 4288 sed
999 4234 1224 4290 abducit
1248 4242 1558 4305 opportune
1581 4235 1651 4290 ab
1679 4235 1880 4305 ineptis
1918 4234 2069 4305 cogi-

483 4324 809 4388 tationibus,
848 4325 1202 4396 ostenditque
1241 4342 1353 4381 non
1385 4326 1626 4381 hominis
1669 4340 1889 4379 manum
1925 4322 2067 4390 esse,

482 4431 603 4486 qua:
628 4416 940 4479 benedicat,
958 4416 1054 4472 sed
1099 4418 1362 4487 seipsum,
1412 4424 1472 4470 ut
1507 4417 1602 4485 qui
1641 4416 1715 4470 sit
1760 4415 2067 4469 Dominus;

490 4528 509 4561 ι
549 4507 724 4565 Omne
743 4509 892 4563 enim
928 4508 1117 4562 datum
1145 4508 1439 4577 optimum,
1468 4516 1525 4561 et
1557 4522 1721 4561 omne
1739 4506 1947 4560 donum
1968 4506 2069 4561 bo-

482 4617 637 4665 num,
664 4611 721 4657 et
743 4601 923 4657 omnis
949 4599 1262 4654 benedictio
1285 4598 1576 4655 desursum
1610 4604 1714 4662 est,
1729 4597 2071 4653 descendens

482 4708 512 4747 a
548 4693 704 4747 Patre
741 4691 1013 4745 luminum
1046 4689 1125 4753 ⁷⁸,
1150 4696 1210 4743 ιιι
1242 4688 1508 4758 scriptum
1544 4696 1653 4745 est.
1678 4686 1930 4744 Christus
1966 4703 2068 4743 au-

2188 3507 2448 3578 θημάτων
2477 3501 2537 3561 εὗ
2572 3506 2719 3577 μάλα
2747 3506 2916 3571 τιθεὶς
2944 3507 3071 3571 τοὺς
3095 3506 3152 3558 ἐν
3190 3505 3326 3576 αὐτῇ
3362 3504 3577 3573 λόγους.
3607 3505 3755 3574 Ἔφη

2164 3599 2297 3672 γὰρ,
2331 3600 2415 3653 ὅτι
2440 3619 2458 3650 ι
2491 3597 2741 3669 Δάλησον
2776 3598 2988 3670 ’Δαρὼν
3019 3600 3113 3652 καλ⁵
3140 3600 3254 3663 τοῖς
3291 3598 3430 3659 υἱοῖς
3474 3595 3643 3650 αὐτοῦ
3668 3596 3756 3648 λέ-

2167 3706 2280 3758 γων
2303 3687 2524 3754 Ὀύτως
2567 3688 2892 3761 εὐλογήσετε
2949 3689 3078 3753 τοὺς
3125 3690 3273 3753 υἱούς
3309 3687 3548 3761 Ἰσραὴλ,
3569 3686 3758 3756 λέγον-

2165 3797 2258 3846 τες
2291 3781 2499 3844 αὐτοῖς.
2534 3780 2645 3834 Kal.
2686 3780 3008 3852 επιθήσουσι
3037 3781 3099 3835 τὸ
3126 3780 3313 3851 δνομά
3348 3798 3449 3852 μου
3491 3780 3588 3834 ἐπὶ
3629 3781 3757 3842 τοὺς

2168 3875 2319 3938 υἱοὺς
2367 3874 2617 3946 Ἰσραὴλ,
2651 3874 2748 3927 καὶ
2795 3872 2906 3943 ἐγὼ
2959 3872 3165 3945 Κύριος
3203 3873 3485 3945 εὐλογήσω
3519 3871 3752 3935 αὐτοὺς,

2168 3965 2483 4034 Εὐλογήσαι
2529 3981 2588 4018 σε
2617 3963 2822 4036 Κύριος
2853 3964 2950 4018 καὶ
2978 3964 3212 4034 φυλάξαι
3236 3981 3320 4029 σε,
3349 3963 3613 4031 ἐπιφᾶναι
3647 3961 3728 4014 Κύ

2171 4073 2284 4130 ριος
2317 4056 2378 4110 τὸ
2404 4056 2697 4127 πρόσωπον
2714 4056 2880 4111 αὐτοῦ
2904 4058 2999 4110 ἐπὶ
3025 4057 3108 4121 σὲ,
3137 4057 3232 4110 καὶ
3255 4055 3372 4128 δώῃ
3397 4071 3484 4107 σοι
3503 4053 3753 4125 εἰρήνην,

2169 4146 2265 4200 καὶ
2295 4145 2578 4215 ὲλεησάτω
2604 4162 2688 4200 σε.
2737 4165 2756 4200 ι
2789 4146 3121 4217 Προστάττει
3149 4146 3247 4216 μὲν
3278 4140 3372 4199 οὖν
3400 4143 3644 4212 εὐλογεῖν
3663 4142 3759 4196 τὸν

2168 4237 2297 4291 λαὸν
2324 4238 2451 4300 τοὺς
2476 4238 2533 4290 ὲν
2565 4237 2831 4309 ἱερωσύνῃ
2864 4236 3337 4307 κατεστεμμένους
3363 4275 3379 4299 ,
3404 4234 3671 4305 ἀφίστησι
3696 4232 3755 4285 δὲ

2168 4327 2457 4399 χρησίμως
2474 4329 2812 4397 είκαιότητος
2829 4312 3126 4398 λογισμῶν,
3144 4328 3246 4380 οὒκ
3270 4324 3565 4396 ἀνθρώπου
3594 4324 3758 4393 χεῖρα

2169 4422 2270 4492 τὴν
2319 4420 2648 4489 εὐλογοῦσαν
2702 4420 2948 4485 δεικνὺς,
2987 4419 3102 4474 ἀλλ’
3158 4417 3352 4473 ἑαυτὸν
3401 4415 3480 4480 ὡς
3523 4414 3757 4486 Κύριον.

2174 4529 2196 4564 ι
2232 4513 2390 4567 Πᾶσα
2416 4512 2525 4587 γὰρ
2567 4512 2714 4577 δόσις
2745 4511 2955 4583 ἀγαθὴ,
2990 4513 3085 4566 καὶ
3112 4512 3220 4565 πᾶν
3249 4509 3482 4581 δώρημα
3520 4508 3758 4576 ἀγαθὸν.

2171 4603 2267 4657 καὶ
2308 4605 2461 4657 πᾶσα
2500 4603 2719 4673 εὐλογία
2760 4603 2967 4658 ἄνωθέν
3030 4602 3148 4656 ἐστι
3191 4598 3601 4655 κατασαίνουσα
3648 4596 3763 4652 ἀπὺ

2170 4690 2262 4745 τοῦ
2304 4693 2519 4764 Πατρδς
2567 4691 2677 4746 τῶν
2730 4691 2944 4762 φώτων,
2999 4711 3017 4745 ι
3058 4690 3199 4746 κατὰ
3244 4690 3306 4744 τὸ
3345 4686 3756 4758 γεγραμμένον.

485 4793 593 4839 tem
618 4793 702 4840 est
721 4780 1120 4838 benedictionis
1134 4780 1242 4845 via,
1263 4789 1320 4834 et
1342 4781 1458 4850 ipse
1474 4780 1636 4836 nobis
1655 4788 1740 4836 est
1760 4780 2063 4836 caelestium

2172 4783 2406 4856 Χριστὸς
2431 4784 2488 4839 δὲ
2513 4784 2615 4854 τῆς
2637 4784 2935 4855 εὐλογίαςή
2958 4784 3095 4850 ὁδὸς,
3124 4784 3221 4838 καὶ
3246 4783 3409 4846 αὐτός
3443 4783 3594 4834 ἐστιν
3622 4781 3761 4849 ἡμῖν

482 4876 751 4931 bonorum
776 4872 1124 4938 distributor,
1152 4872 1208 4928 in
1228 4872 1456 4943 ipsoque
1480 4880 1537 4928 et
1558 4888 1657 4944 per
1678 4871 1856 4943 ipsum
1880 4873 2067 4928 omnia

484 4982 512 5021 a
535 4967 696 5022 Patre
718 4966 940 5021 dantur.
986 4963 1171 5035 Itaque
1198 4965 1393 5019 beatus
1430 4964 1652 5029 Paulus,
1708 4983 1726 5016 ι
1755 4963 1942 5019 Gratia
1966 4981 2066 5019 vo-

485 5056 571 5112 bis
591 5066 649 5113 et
674 5070 797 5127 pax,
840 5057 1038 5127 inquit,
1087 5073 1118 5112 a
1163 5057 1276 5112 Deo
1298 5064 1454 5127 patre
1488 5064 1699 5121 nostro,
1733 5065 1792 5111 et
1836 5056 2063 5111 Domino

481 5141 612 5205 Iesu
636 5149 1376 5205 Christo".r'Benedicimur
1405 5150 1590 5220 itaque
1616 5150 1673 5205 in
1697 5148 1792 5204 Dei
1819 5149 2062 5215 nomine;

483 5242 579 5298 sed
621 5242 744 5313 ejus
770 5240 1173 5297 benedictionis
1212 5242 1388 5298 forma
1412 5256 1660 5312 quamam
1690 5254 1813 5295 esse
1844 5239 2061 5305 debeat,

480 5335 760 5407 eleganter
774 5333 1105 5404 signiﬁcans,
1131 5335 1452 5405 imprecanti
1471 5332 1742 5390 sacerdoti
1759 5332 1875 5387 haec
1894 5333 2064 5388 verba

481 5425 884 5500 pronuntianda
912 5440 1033 5483 esse
1056 5427 1195 5483 dixit
1227 5446 1241 5482 :
1279 5445 1298 5478 ι
1330 5426 1627 5482 Benedicat
1650 5425 1748 5480 tibi
1775 5424 2063 5490 Dominus,

479 5530 535 5575 et
580 5520 858 5578 custodiat
880 5527 934 5576 te
959 5561 975 5588 ,
1017 5520 1295 5577 illuminet
1345 5517 1611 5573 Dominus
1637 5516 1805 5589 505
1865 5517 2063 5573 faciem

2170 4872 2281 4927 τῶν
2305 4874 2574 4946 οὐρανίων
2594 4872 2816 4943 ἀγαθῶν
2848 4876 2877 4927 ό
2901 4873 3210 4938 διανομεύς,
3231 4873 3290 4925 ὲν
3309 4868 3457 4940 αὐτῷ
3485 4884 3544 4921 τε
3570 4869 3670 4921 καὶ
3691 4866 3758 4920 δι’

2172 4964 2361 5024 αὐτοῦ,
2385 4967 2456 5020 τὰ
2491 4967 2669 5021 πάντα
2700 4966 2851 5038 παρὰ
2880 4965 2975 5019 τοῦ
3002 4964 3235 5037 Πατρός.
3268 4964 3377 5017 Καὶ
3415 4959 3548 5031 γοῦν
3576 4961 3605 5014 ὁ
3643 4959 3763 5013 Oes-

2174 5059 2364 5124 πέσιος
2393 5059 2602 5123 Παῦλος
2623 5100 2641 5125 ,
2674 5079 2693 5111 ι
2712 5060 2888 5131 Χάρις
2919 5059 3048 5130 ὑμῖν
3072 5059 3167 5114 καὶ
3197 5058 3410 5129 εἰρήνη,
3436 5056 3624 5126 φησὶν,
3649 5050 3762 5106 ἀπὸ

2171 5149 2308 5204 Θεοῦ
2351 5151 2564 5222 Πατρδς
2595 5150 2774 5222 ἡμῶν,
2810 5152 2907 5205 καὶ
2950 5151 3155 5224 Κυρίου
3194 5148 3353 5221 ἡμῶν
3400 5145 3580 5217 Ἰησοῦ
3622 5146 3758 5214 Χριο

2174 5241 2325 5297 στοῦ.
2359 5262 2380 5294 ι
2412 5242 2801 5315 Εὐλογούμεθα
2827 5241 2894 5316 δὴ
2919 5238 3015 5297 οὖν
3040 5243 3097 5296 ὲν
3121 5242 3346 5313 ὀνόματι
3368 5237 3529 5301 Θεοῦ,
3562 5236 3681 5298 πῶς
3713 5234 3758 5287 δ’

2171 5330 2238 5386 ἂν
2262 5330 2474 5400 γένοιτο
2516 5332 2680 5404 τυχὸν
2713 5333 2808 5386 καὶ
2833 5334 2861 5386 ό
2884 5332 3039 5387 τοῦδε
3064 5333 3288 5404 τρόπος,
3325 5326 3758 5399 κατασημαίνων

2171 5425 2425 5489 ἀστείως,
2467 5424 2900 5494 ἐπιφθέγγεσθαι
2943 5425 3057 5479 δεῖν
3112 5424 3218 5496 εφη
3257 5423 3349 5477 τὸν
3385 5419 3757 5491 ἐπευχόμενον

2174 5517 2342 5589 ίερὲα·
2373 5535 2392 5570 ι
2438 5518 2751 5590 Εὐλογήσαι
2785 5534 2846 5572 σε
2869 5517 3076 5591 Κύριος
3112 5516 3206 5572 καὶ
3248 5513 3485 5588 φυλάξαι
3505 5526 3591 5575 σε,
3632 5510 3757 5564 ιτα.

551 5708 597 5741 “
631 5709 774 5765 Psal.
806 5724 945 5773 χειν,
980 5707 1030 5760 l.
1109 5709 1154 5739 τ’
1184 5706 1324 5762 Psal.
1354 5721 1498 5773 cum,
1540 5704 1621 5759 ιδ.
1694 5705 1737 5735 ⁷³
1764 5703 1921 5759 Joan.
1959 5717 2053 5770 vn,

2244 5704 2289 5736 “
2320 5703 2481 5762 Num.
2514 5721 2589 5773 τι,
2627 5704 2821 5762 22-27.
2897 5706 2945 5740 "
2968 5704 3083 5763 Jac.
3118 5720 3157 5774 ι,
3193 5704 3281 5761 17.
3357 5700 3587 5758 "Rom.
3622 5694 3753 5768 1,-7.
