3996 6212
264 323 386 384 ’773

952 326 1044 382 DE
1080 324 1525 383 ADORATIONE
1560 324 1629 381 IN
1670 322 1942 381 SPlRITU
1982 324 2070 380 ET
2109 325 2479 382 VERITATE.
2518 327 2646 383 ΗΒ.
2688 329 2779 383 XI.

3453 334 3557 389 7⁸η

274 443 446 521 φάναι
475 443 681 515 Κύριος
701 443 763 498 τὸ
779 443 1072 516 πρόσωπον
1095 444 1262 499 αὐτοῦ
1292 446 1389 500 ἐπὶ
1414 445 1496 512 σὲ,
1521 445 1619 501 καὶ
1644 444 1856 519 ἐλεῆσαι

1970 462 2124 502 suam
2177 463 2344 518 super
2398 460 2452 503 te
2481 489 2495 514 ,
2544 460 2603 504 et
2648 458 2975 507 misereatur
3006 454 3108 518 tui,
3154 452 3332 509 elevet
3376 452 3562 510 Domi.

275 551 337 588 σε
360 528 381 597 ,’
405 535 612 607 ἐπᾶραι
652 534 859 606 Κύριος
887 536 949 590 τὸ
982 536 1275 609 πρόσωπον
1311 537 1480 591 αὐτοῦ
1517 538 1613 592 ἐπὶ
1649 538 1711 591 σέ
1731 577 1744 600 ,
1774 539 1856 592 καῖ

1973 554 2079 594 nus
2132 539 2346 594 vultum
2387 555 2554 610 super
2583 549 2633 595 te
2660 582 2676 606 ,
2735 551 2793 596 et
2838 541 2930 596 det
2968 542 3066 598 tibi
3102 560 3312 614 pacem.
3361 564 3379 597 ι
3412 544 3559 602 Con-

271 625 485 699 δώῃσοι
521 629 766 698 εἰρήνην.
802 648 822 681 ι
854 627 1113 683 Φυλάττει
1141 629 1240 699 μέν
1260 624 1355 683 οῦν
1383 631 1417 699 ἡ
1442 627 1661 697 εὐλογία
1689 645 1869 699 παρα-

270 716 476 770 λύουσα
508 718 608 788 τὴν
647 720 810 788 ἀρὰν,
842 718 938 771 καὶ
981 718 1404 774 ἀναπλάττουσα
1433 719 1498 773 τὸ
1523 720 1866 792 ἡμαρτηκὸς,

271 808 353 870 είς
374 808 439 862 τὸ
464 809 807 862 ἐπαινεῖσθαι
824 808 933 863 δεῖν
951 810 1009 864 ἐν
1034 810 1259 883 Χριστῷ
1277 827 1292 842 ο
1325 811 1420 865 καὶ
1434 809 1628 865 τούτου
1656 812 1863 882 μάρτυς

1970 642 2153 688 servat
2178 633 2346 705 igitur
2386 650 2487 688 nos
2508 634 2841 701 benedictio,
2877 636 3425 708 maledictioncmque
3450 639 3562 695 dis-

1969 724 2153 787 solvit,
2199 734 2256 779 et
2284 740 2434 789 eum,
2486 726 2579 795 qui
2620 736 2963 796 peccaverat,
3000 728 3300 795 reformat,
3351 738 3413 783 ut
3447 730 3560 801 jam

1973 814 2030 868 in
2081 814 2304 870 Christo
2331 816 2532 886 dignus
2592 817 2684 882 sit,
2730 819 2824 888 qui
2870 819 3165 876 laudetur:
3198 822 3428 893 ejusque
3479 824 3560 878 rei

269 899 299 951 ό
343 897 558 962 Παῦλος
601 898 701 952 ὡδὶ
735 899 1069 972 γεγραφώς’
1125 920 1145 954 ι
1179 900 1491 973 Εὐλογητὸς
1527 904 1555 956 ὁ
1598 901 1731 966 Θεὸς
1771 918 1856 955 και

1970 908 2129 963 testis
2164 916 2251 962 est
2275 908 2591 979 Apostolus,
2620 912 2715 981 qui
2741 912 2794 964 in
2838 912 2988 968 hunc
3035 913 3260 968 modum
3296 916 3556 986 scripsit:

268 988 466 1059 Πατὴρ
492 988 588 1042 τοῦ
618 988 827 1060 Κυρίου
857 989 1016 1062 ἡμῶν
1062 991 1242 1062 Ἰησοῦ
1269 993 1511 1066 Χριστοῦ
1532 1032 1547 1058 ,
1580 996 1609 1047 ό
1641 993 1868 1064 εὐλογή-

268 1095 372 1142 σας
429 1081 584 1150 ἡμᾶς
633 1083 693 1135 ἐν
743 1085 893 1155 πάσῃ
931 1082 1151 1156 εὐλογίᾳ
1201 1087 1598 1157 πνευματικῇ,
1647 1087 1706 1139 ἐν
1754 1087 1867 1149 τοῖς

265 1172 621 1244 ἐπουρανίοις
663 1174 723 1226 ἐν
763 1173 1021 1247 Χριστῷ,
1075 1175 1263 1241 καθὼς
1305 1176 1592 1244 ἐξελέξατο
1623 1178 1773 1248 ἡμᾶς
1805 1178 1866 1230 ἐν

267 1262 424 1335 αὐτῷ
452 1264 560 1334 πρὸ
587 1266 899 1339 καταϐολῆς
948 1268 1183 1339 κόσμου,
1216 1263 1357 1323 εἶναι
1379 1269 1527 1340 ἡμᾶς
1550 1269 1742 1339 ἁγίους
1768 1267 1865 1322 καὶ

265 1352 537 1425 ἀμώμους
566 1355 687 1409 κατ’
717 1356 948 1411 ἐνώπιον
984 1357 1152 1412 αὐτοῦ
1177 1376 1190 1391 ⁸
1227 1359 1287 1415 ἐν
1330 1359 1522 1431 ἀγάπῃ
1566 1358 1864 1432 προορίσας

264 1447 420 1517 ἡμᾶς
459 1448 540 1511 εἰς
585 1447 861 1504 υἱοθεσίαν
914 1450 1004 1505 διὰ
1042 1450 1136 1505 τοῦ
1182 1450 1423 1525 Χριστοῦ
1478 1453 1559 1516 εἰς
1601 1451 1788 1506 αὐτόν.
1837 1469 1857 1503 ι

281 1539 448 1611 Ὁρᾷς
481 1540 562 1593 ὅτι
592 1541 653 1594 τὸ
679 1541 986 1615 ἀπόϐλητον
1025 1543 1114 1597 διὰ
1142 1543 1243 1617 τὴν
1282 1544 1563 1616 ἁμαρτίαν
1601 1543 1734 1612 ἔφυ,
1765 1543 1863 1597 καὶ

266 1634 297 1686 ὸ
349 1632 638 1705 ἄνθρωπος
679 1634 871 1699 δεκτὸς
917 1637 999 1701 είς
1044 1637 1323 1692 υἱοθεσίαν
1375 1637 1766 1708 εὐλογοῦμενος
1800 1638 1861 1691 ἐν

266 1723 491 1795 Χριστῷ
515 1723 604 1778 διὰ
636 1726 874 1797 μετοχῆς
921 1726 1015 1781 τοῦ
1048 1727 1399 1800 Πνεύματος,
1448 1729 1478 1783 δ
1508 1731 1602 1783 καὶ
1646 1728 1860 1801 ἐξέχεεν

265 1816 348 1878 εἰς
375 1816 525 1885 ἡμᾶς
553 1815 848 1880 πλουσίως,
876 1816 905 1869 ὀ
936 1817 1012 1890 μὴ
1044 1820 1109 1872 ἐκ
1144 1820 1345 1891 μέρους
1372 1820 1505 1875 αὐτὸ
1531 1822 1645 1884 τοῖς
1682 1821 1857 1889 ἁγίοις
1889 1811 1931 1869 Β

264 1904 611 1977 δωρούμενος
634 1947 649 1968 ,
680 1907 796 1961 ἀλλ’
831 1908 909 1972 ὠς
950 1910 1012 1977 ἐξ
1043 1910 1173 1964 ἰδίου
1205 1913 1577 1984 πληρώματος
1605 1912 1855 1977 ἐντιθείς.

276 1996 602 2067 Ἐπιφάνεια
636 1998 694 2052 δὲ
726 1999 1022 2071 προσώπου
1061 2001 1197 2057 Θεοῦ
1225 2004 1614 2077 προξενήσειεν
1638 2005 1703 2060 ἂν
1749 2005 1850 2059 αὑ-

260 2088 395 2142 τίκα
445 2089 512 2147 τὸ
540 2089 778 2144 ἐλεῖσθαι
815 2092 946 2159 δεῖν,
980 2093 1141 2167 εἰπερ
1173 2095 1327 2149 ἐστὶν
1356 2095 1578 2168 ἀληθὲς,
1609 2097 1685 2160 ώς
1707 2094 1763 2148 εν
1789 2111 1853 2165 γε

266 2180 347 2252 τῷ
386 2182 596 2251 γνῶναι
629 2183 762 2238 Θεὸν
812 2185 874 2238 τὸ
908 2188 1106 2258 χρῆναι
1151 2188 1477 2259 μεταλαχεῖν
1506 2189 1609 2260 τῆς
1639 2188 1857 2242 αἰωνίου

262 2274 411 2344 ζωῆς
426 2276 760 2347 εἰσόήσεται.
787 2276 945 2332 Οὕτω
963 2281 1074 2350 γὰρ
1095 2279 1336 2349 ἔφασκεν
1353 2283 1382 2336 ὁ
1403 2281 1593 2354 Σωτὴρ
1615 2281 1753 2353 πρὸς
1767 2280 1859 2337 τὸν

262 2368 324 2420 ἐν
352 2369 465 2431 τοῖς
488 2367 737 2440 οὐρανοῖς
767 2371 988 2443 Πατέρα
1017 2372 1111 2426 καὶ
1139 2372 1275 2428 Θεὸν
1297 2390 1312 2404 ο
1344 2392 1365 2426 ι
1393 2373 1541 2444 Αὕτη
1563 2373 1621 2427 δέ
1651 2375 1854 2446 ἐστινὴ

261 2457 486 2524 αἰώνιος
524 2458 639 2533 ζωὴ
663 2501 678 2526 ,
716 2461 804 2516 ἴνα
836 2463 1152 2533 γινώσκωσι
1191 2482 1250 2518 σε
1276 2465 1367 2520 τὸν
1408 2466 1567 2537 μόνον
1598 2466 1856 2538 ἀληθινὸν

260 2549 420 2614 θεὸν,
450 2552 544 2606 καὶ
569 2552 628 2606 ὃν
668 2555 998 2620 ἀπέστειλας
1042 2556 1250 2629 Ἰησοῦν
1277 2557 1532 2630 Χριστόν.
1583 2575 1604 2611 ι
1651 2559 1772 2612 Ὀτι
1800 2558 1857 2612 δὲ

264 2643 561 2717 πρόσωπον
589 2647 685 2700 τοῦ
715 2647 849 2701 Θεοῦ
882 2648 979 2702 καὶ
1020 2648 1237 2722 Πατρός
1266 2650 1416 2703 ἐστιν
1445 2651 1474 2703 ὁ
1492 2649 1647 2716 Υἱὸς,
1677 2649 1738 2714 ὃς
1761 2650 1857 2705 καὶ

263 2737 538 2807 ἐπέιρανεν
566 2741 697 2811 ἡμῖν
721 2781 735 2805 ,
764 2740 1034 2796 ἐνδοιάσαι
1063 2758 1148 2806 τις
1176 2742 1242 2796 ἂν
1268 2741 1476 2814 ἥκιστά
1502 2757 1586 2811 γε,
1605 2741 1857 2813 καθάπερ

263 2822 509 2901 ἐγῷμαιο
546 2832 840 2904 χαρακτὴρ
864 2832 974 2905 γάρ
1000 2834 1116 2887 ἐστι
1164 2834 1260 2887 καὶ
1287 2833 1548 2906 ὁμοίωσις
1574 2834 1667 2890 καί
1693 2832 1857 2887 εἰκὼν

262 2923 456 2989 αὐτοῦ,
485 2922 832 2997 γικώσκομεν
873 2924 933 2979 δὲ
964 2924 1032 2979 δι’
1061 2923 1229 2979 αὐτοῦ
1256 2941 1314 2978 τε
1339 2926 1434 2979 καὶ
1468 2928 1565 2981 σὺν
1587 2925 1737 2998 αὐτῷ
1765 2925 1858 2980 τὸν

262 3016 490 3088 Πατέρα
513 3058 529 3084 ,
568 3015 969 3081 ωνεισθέοντος
992 3016 1050 3070 δέ
1082 3017 1395 3087 ἀναγκαίως
1422 3021 1489 3091 τῇ
1518 3019 1693 3092 τοιᾷδε
1717 3017 1858 3088 γνώ-

263 3125 348 3162 σει
404 3110 500 3164 καὶ
556 3110 652 3164 τοῦ
705 3107 974 3164 ἐλεεῖσθαι
1022 3110 1604 3183 δεῖνοΔεδικαιώμεθα
1647 3112 1757 3183 γὰρ
1797 3113 1856 3166 ἐν

264 3202 470 3266 πίστει,
501 3202 596 3256 καὶ
619 3202 721 3255 οὐκ
746 3202 808 3267 ἐξ
831 3201 1009 3273 ἔργων
1032 3201 1141 3257 τῶν
1168 3203 1227 3256 ἐν
1255 3202 1591 3275 δικαιοσύνῃ,
1612 3202 1649 3257 ἃ
1671 3203 1859 3275 ἐποιή-

264 3307 442 3363 σαμεν
477 3295 663 3365 ἡμεῖς,
692 3290 830 3347 ἀλλὰ
868 3292 1011 3347 κατά
1042 3294 1104 3348 τὸ
1140 3293 1276 3349 πολὺ
1306 3293 1475 3348 αὑτοῦ
1521 3294 1704 3358 ἔλεος,
1750 3295 1860 3349 ἀπ-

260 3384 675 3456 εφορτισάμεθά
696 3401 756 3438 τε
788 3383 885 3456 τὴν
912 3384 1140 3456 φθορὰν,
1165 3385 1260 3438 καὶ
1289 3385 1370 3449 είς
1397 3383 1692 3454 καινότητα
1717 3382 1861 3453 ζωῆς

261 3478 325 3528 ἐν
363 3477 585 3549 Χριστῷ
630 3476 1121 3547 μετεστοιχίσμεθα
1143 3514 1157 3539 ,
1193 3473 1661 3545 κατοικτείροντος
1698 3472 1856 3528 Θεοῦ.

261 3572 378 3626 Καὶ
411 3569 533 3623 καθ’
580 3571 767 3642 ἕτερον
802 3570 859 3623 δὲ
886 3570 1109 3642 τρόπον,
1158 3570 1210 3622 εί
1251 3568 1389 3640 πρὸς
1441 3567 1729 3631 Ἰουδαίους
1762 3565 1857 3620 τοῦ

260 3662 427 3732 λόγου
455 3661 554 3733 τὴν
578 3661 807 3733 δύναμιν
839 3659 1310 3733 παρατρέποιμεν,
1341 3659 1599 3731 ὴλέηνται
1634 3658 1776 3713 κατὰ
1798 3658 1858 3712 τὸ

264 3754 490 3826 ἀληθὲς,
518 3753 925 3824 ἐπιλάμψαντος
952 3754 1137 3817 αὐτοῖς
1168 3751 1263 3806 τοῦ
1300 3750 1661 3821 Μονογενοῦς.
1723 3751 1856 3805 Ἐπ-

259 3846 444 3901 ἐκειτο
480 3846 579 3917 μὲν
616 3844 726 3918 γὰρ
753 3847 935 3909 αὐτοῖς
962 3845 1239 3899 δύσοιστον
1277 3844 1467 3915 ὥσπερ
1500 3861 1553 3897 τι
1592 3844 1686 3897 καὶ
1722 3842 1858 3897 ἀπό.

263 3939 464 4011 ϐλητον
505 3939 668 4011 ἄχθος
692 3978 708 4003 ,
752 3941 781 3993 ό
809 3940 1159 4010 κατακρίνων
1200 3939 1366 4011 νόμος
1387 3978 1400 4000 .
1433 3938 1531 3992 καὶ
1568 3938 1855 4010 οἰκτιρμοῦ

257 4031 387 4102 δίχα
416 4031 661 4095 κολάζων
687 4032 816 4095 τοὺς
851 4030 1288 4102 ἁμαρτάνοντας.
1334 4029 1624 4102 Ἠλέηνται
1646 4029 1723 4095 δέ,
1757 4028 1856 4100 τὴν

254 4122 579 4179 δικαιοῦσαν
606 4122 769 4194 χάριν
795 4122 893 4193 ὀψὲ
931 4123 1026 4176 καὶ
1056 4122 1211 4193 μόλις
1244 4121 1334 4175 διὰ
1365 4121 1604 4193 Χριστοῦ
1640 4121 1858 4194 κερδαί-

261 4232 475 4279 νοντες,
511 4209 572 4271 οῦ
602 4215 696 4270 καί
722 4214 822 4287 τὴν
855 4214 1038 4285 ἄφιξιν
1064 4214 1191 4267 ἰδεῖν
1224 4213 1558 4286 γλιχόμενοι,
1599 4214 1740 4285 πρὸς
1762 4213 1857 4267 τὸν

258 4307 373 4362 τῶν
394 4308 531 4361 ὅλων
550 4307 682 4362 Θεὸν
705 4307 1121 4379 ἐκεκράγεισαν,
1152 4325 1172 4356 ι
1195 4305 1254 4359 '0
1273 4305 1406 4369 Θεὸς
1425 4306 1533 4359 τῶν
1549 4305 1853 4377 δυνάμεων,

255 4399 597 4471 δπίστρεψον
628 4401 779 4472 ἡμᾶς
806 4442 823 4468 ,
874 4400 969 4453 καὶ
996 4399 1261 4471 ἐπίφανον
1290 4398 1351 4452 τὸ
1379 4396 1674 4469 πρόσωπόν
1718 4413 1812 4451 σου
1838 4435 1853 4460 ,

1975 1019 1994 1053 ι
2033 999 2364 1056 Benedictus
2407 1002 2552 1056 Deus
2600 1010 2658 1056 et
2697 1003 2859 1058 Pater
2920 1004 3137 1059 Domini
3196 1006 3372 1062 nostri
3428 1007 3559 1062 Jcsu

1964 1092 2195 1157 Christi,
2228 1092 2323 1162 qui
2376 1092 2656 1148 benedixit
2703 1109 2807 1149 nos
2856 1094 2910 1148 in
2966 1096 3116 1150 omni
3175 1096 3561 1153 benedictione

1965 1184 2239 1255 spirituali
2300 1184 2357 1238 in
2407 1185 2726 1240 coelestibus
2771 1184 2829 1240 in
2881 1184 3121 1250 Christo,
3199 1187 3344 1242 sicut
3392 1188 3559 1258 elegit

1963 1294 2066 1333 nos
2098 1279 2155 1333 in
2217 1279 2338 1349 ipso
2387 1286 2513 1333 ante
2541 1278 2732 1332 mundi
2792 1279 3263 1345 constitutionem,
3314 1289 3377 1334 ut
3411 1295 3559 1334 essc-

1963 1386 2088 1426 mus
2138 1371 2315 1426 sancti
2375 1380 2431 1424 et
2469 1371 2808 1426 immaculati
2856 1371 2913 1424 in
2968 1378 3271 1441 conspectu
3318 1372 3439 1441 ejus
3503 1371 3559 1425 in

1962 1460 2261 1515 charitate.
2304 1460 2409 1527 Qui
2453 1460 2870 1530 praedestinavit
2910 1476 3013 1515 nos
3077 1462 3135 1516 in
3205 1462 3556 1533 adoptionem

1962 1550 2202 1604 ﬁliorum
2227 1566 2326 1621 per
2349 1550 2632 1606 Christum
2652 1551 2708 1605 in
2734 1551 2913 1622 ipsum
2937 1553 3035 1606 ’⁷.»
3066 1553 3233 1609 Vides
3254 1555 3558 1621 hominem,

1959 1643 2355 1699 exsecrabilem
2415 1659 2482 1699 ex
2533 1654 2799 1714 peccato,
2843 1645 3070 1716 dignum
3121 1663 3242 1702 esse
3263 1647 3558 1717 adoptione

1960 1735 2205 1801 factum,
2258 1736 2390 1790 dum
2433 1736 2489 1791 in
2531 1737 2754 1792 Christo
2782 1754 2883 1808 per
2915 1739 3390 1815 participationem
3439 1740 3560 1810 Spi-

1961 1830 2102 1886 ritus
2116 1830 2488 1893 henedicitur,
2515 1845 2680 1899 quem
2704 1831 2871 1884 etiam
2895 1830 3090 1886 etludit
3110 1832 3166 1886 in
3189 1847 3292 1887 nos
3336 1832 3555 1887 abunde

1961 1924 2044 1982 is.
2079 1923 2176 1994 qui
2224 1937 2335 1977 non
2366 1937 2433 1977 ex
2480 1928 2635 1992 parte
2677 1920 2831 1975 illum
2879 1922 3085 1976 sanctis
3103 1922 3423 1977 hominibus
3452 1922 3554 1977 do-

1960 2023 2089 2079 nat,
2116 2014 2211 2070 sed
2238 2023 2497 2085 tanquam
2534 2028 2601 2067 ex
2628 2027 2727 2067 sua
2755 2011 3100 2083 plenitudine
3127 2012 3390 2067 infundit.
3422 2013 3554 2067 Illu-

1960 2107 2191 2162 minatio
2209 2113 2393 2160 autem
2416 2104 2572 2161 faciei
2592 2105 2688 2161 Dei
2720 2120 2847 2159 mox
2875 2104 3035 2159 nobis
3058 2104 3274 2169 tribuit,
3310 2112 3373 2160 ut
3389 2104 3557 2160 mise-

1960 2199 2258 2256 ricordiam
2287 2213 2693 2269 consequamur
2707 2199 2753 2230 "
2772 2238 2786 2262 ,
2812 2197 3088 2267 siquidem
3109 2197 3457 2262 illudverum
3471 2206 3558 2255 est

1959 2291 2078 2347 fore
2099 2299 2159 2346 ut
2183 2292 2240 2347 in
2264 2291 2378 2345 Deo
2426 2289 2811 2362 cognoscendo
2849 2296 3070 2344 aeterna:
3100 2289 3229 2344 vitae
3254 2289 3557 2360 participes

1959 2384 2135 2440 simus
2171 2402 2183 2438 :
2224 2384 2297 2439 ita
2331 2382 2480 2437 enim
2526 2382 2607 2437 ait
2638 2382 2888 2437 Salvator
2927 2381 2994 2436 ad
3021 2382 3239 2436 Patrem
3285 2397 3351 2437 ac
3380 2382 3555 2437 Deum

1959 2477 2055 2549 qui
2086 2477 2142 2532 in
2184 2476 2340 2532 cmlis
2376 2484 2459 2530 est
2494 2493 2507 2528 ε
2552 2495 2571 2527 ι
2612 2474 2738 2530 Haec
2763 2482 2847 2529 est
2877 2481 3061 2529 autem
3087 2474 3197 2528 vita
3227 2481 3453 2537 aeterna,
3494 2484 3553 2528 ιιι

1960 2578 2296 2642 cognoscant
2325 2579 2375 2623 te
2399 2568 2577 2624 solum
2606 2583 2799 2623 verum
2833 2569 3026 2633 Deum,
3055 2576 3111 2622 et
3132 2583 3296 2638 quem
3331 2566 3552 2630 misisti.

1958 2662 2144 2717 Jesum
2194 2660 2475 2717 Christum
2498 2662 2565 2714 "'.
2608 2680 2626 2711 ι
2685 2659 2903 2714 Faciem
2964 2675 3129 2730 porro
3176 2660 3275 2715 Dei
3330 2675 3395 2715 ac
3448 2660 3552 2715 Pa-

1960 2754 2063 2807 tris
2089 2769 2211 2808 esse
2257 2753 2479 2819 Filirml,
2529 2753 2624 2823 qui
2648 2751 3116 2822 apparuitnobis,
3142 2767 3329 2815 nemo,
3375 2761 3438 2806 ut
3459 2767 3552 2805 ar-

1959 2844 2159 2909 bitror,
2211 2844 2493 2914 ambiget:
2525 2844 2813 2899 character
2834 2851 2919 2898 est
2956 2842 3104 2897 enim
3148 2850 3206 2898 et
3247 2842 3552 2899 similitudo

1958 2945 2014 2991 et
2057 2937 2235 3007 imago
2266 2935 2431 3000 illius,
2459 2951 2524 2990 ac
2568 2950 2668 3006 per
2707 2935 2886 3004 ipsum
2919 2943 2975 2989 et
3021 2949 3146 2988 cum
3182 2934 3301 3004 ipso
3336 2934 3554 2988 Patrem

1959 3027 2343 3100 cognoscimus
2369 3068 2383 3093 ,
2429 3043 2594 3098 quam
2627 3027 2998 3098 cognitionem
3044 3026 3209 3081 simul
3256 3026 3556 3082 comitatur

1958 3119 2354 3176 misericordiae
2378 3119 2695 3174 consecutio
2722 3137 2735 3172 :
2767 3117 3050 3191 justiﬁcati
3085 3132 3323 3188 namque
3366 3133 3558 3173 sumus

1960 3227 2028 3266 ex
2057 3209 2184 3275 fide,
2219 3226 2331 3264 non
2354 3225 2422 3264 ex
2449 3209 2713 3280 Operibus
2732 3208 2961 3280 justitia:
2981 3250 2996 3271 ,
3019 3224 3141 3278 quae
3161 3208 3394 3264 fecimus
3414 3225 3517 3263 nos
3536 3249 3553 3274 ,

1962 3301 2059 3357 sed
2111 3302 2416 3357 secundum
2478 3316 2728 3370 magnam
2767 3302 2888 3371 ejus
2931 3300 3367 3355 misericordiam
3385 3300 3432 3332 ⁸⁸
3463 3309 3556 3353 ιιι

1960 3393 2174 3449 sarcina
2194 3408 2280 3447 cor
2294 3392 2568 3462 ruptionis
2593 3392 2756 3447 levati
2781 3400 2837 3446 et
2862 3390 2930 3445 ad
2951 3390 3074 3445 vita:
3093 3390 3415 3455 novitatem,
3439 3391 3554 3445 Deo

1959 3485 2280 3549 miserante,
2314 3480 2614 3538 reformati.
2650 3482 2768 3537 Alia
2786 3496 3004 3552 quoque
3026 3480 3260 3547 ratione,
3289 3481 3334 3536 si
3359 3480 3424 3535 ad
3451 3482 3551 3537 Ju-

1959 3576 2105 3632 dzcos
2134 3576 2245 3631 vim
2295 3575 2591 3630 verborum
2643 3572 3051 3636 deﬂexerimus,
3112 3571 3550 3627 misericordiam

1959 3683 2086 3724 vere
2110 3668 2393 3723 consecuti
2423 3674 2573 3727 sunt.
2613 3681 2738 3721 cum
2783 3664 2891 3720 illis
2925 3663 3132 3720 allulsit
3170 3663 3261 3718 ille
3289 3662 3553 3734 Unigeni-

1961 3768 2049 3815 tus
2073 3777 2086 3813 :
2114 3769 2235 3814 erat
2261 3760 2408 3814 enim
2444 3757 2553 3812 illis
2575 3758 2727 3813 velut
2746 3756 3067 3829 gravissima
3093 3754 3343 3826 quaedam
3364 3763 3419 3810 et
3436 3771 3545 3810 non

1958 3850 2186 3907 ferenda
2231 3852 2449 3906 sarcina
2511 3851 2599 3904 lex
2645 3849 3055 3913 condemnans,
3112 3862 3235 3917 quae
3271 3845 3391 3902 sine
3438 3848 3546 3907 ulla

1957 3943 2440 3998 commiseratione
2464 3950 2755 4012 peccantes
2781 3940 3064 4009 puniebat.
3100 3938 3205 3993 Sed
3237 3938 3552 3993 misericor-

1957 4034 2106 4091 diam
2158 4034 2439 4090 consecuti
2503 4042 2653 4096 sunt,
2712 4047 2837 4087 sero
2891 4030 3111 4085 tandem
3150 4029 3546 4100 justiﬁcantcm

1956 4128 2187 4200 gratiam
2221 4142 2321 4196 per
2349 4125 2631 4180 Christum
2658 4122 2883 4193 adepti,
2925 4123 3082 4193 cujus
3119 4121 3416 4176 adventum
3460 4122 3545 4176 vi-

1957 4219 2089 4275 dere
2119 4217 2427 4288 cupientes,
2458 4215 2524 4271 ad
2562 4215 2949 4270 universorum
2990 4215 3164 4269 Deum
3211 4212 3544 4280 clamabant,

1955 4308 2121 4381 506
2151 4329 2170 4360 ε
2203 4310 2351 4363 Deus
2371 4308 2662 4373 virtutum,
2693 4315 2955 4361 converte
2981 4320 3102 4371 nos,
3130 4314 3187 4361 et
3213 4306 3443 4362 ostende
3464 4306 3547 4361 l'a—

1957 4403 2095 4458 ciem
2134 4411 2304 4466 tuam,
2340 4411 2395 4457 et
2433 4401 2566 4458 salvi
2610 4402 2820 4456 erimus
2838 4401 2904 4455 ⁸¹.
2955 4419 2973 4451 ι
3011 4399 3215 4456 Omnes
3247 4400 3414 4471 igitur
3450 4415 3546 4453 su-

256 4491 358 4547 καὶ
388 4489 769 4562 σωθησόμεθα.
809 4510 828 4543 ι
870 4490 1178 4562 Ἦλεήμεθα
1227 4488 1291 4561 δὴ
1337 4483 1432 4541 οῦν
1476 4488 1526 4542 οἰ
1557 4489 1758 4553 πάντες
1794 4489 1853 4542 ἐν

1959 4510 2081 4549 mus
2110 4494 2166 4549 in
2199 4495 2513 4549 ostensione
2539 4493 2743 4548 Christi
2773 4490 3207 4547 misericordiam
3238 4493 3540 4547 consecuti.

257 4584 562 4655 ἐπιφανείᾳ
616 4581 878 4655 Χριστοῦ.
927 4583 1037 4637 Καὶ
1096 4580 1281 4653 μέντοι
1325 4580 1421 4635 καί.
1475 4579 1709 4652 ἔπαρσις
1754 4579 1849 4633 τοῦ

260 4674 564 4747 προσώπου
594 4675 689 4729 τοῦ
713 4673 848 4728 Θεοῦ
889 4674 1152 4747 πρόξενος
1174 4676 1417 4747 εἰρήνης,
1441 4669 1510 4744 ἦς
1542 4675 1659 4727 ἐστι
1688 4670 1852 4744 δοτὴρ

259 4766 358 4822 καί
399 4766 708 4839 βραϐευτὴς
747 4769 776 4821 ό
801 4766 1036 4839 Χριστὸς
1060 4807 1074 4829 ,
1110 4766 1188 4832 ὡς
1215 4767 1349 4821 ίδιον
1382 4765 1586 4836 ἀγαθὸν
1624 4767 1738 4829 τοῖς
1773 4781 1854 4818 πι-

258 4859 547 4913 στεύουσιν
604 4861 684 4923 εἰς
731 4859 895 4914 αὐτὸν
942 4857 1038 4912 καὶ
1075 4858 1301 4931 προθεὶς
1346 4857 1442 4912 καὶ
1489 4856 1851 4929 δωρούμενος.

268 4972 291 5003 ι
330 4952 572 5024 Εἰρήνην
600 4972 618 5004 ι
658 4950 790 5022 γὰρ,
823 4952 989 5022 φησιν
1017 4990 1032 5014 ,
1084 4970 1102 5002 ι
1127 4952 1225 5024 τὴν
1257 4949 1397 5023 ἐμὴν
1440 4949 1632 5021 δίδωμι
1682 4951 1812 5021 ὑμῖν
1833 4991 1849 5016 ,

252 5048 484 5119 εἰρήνην
505 5047 605 5118 τὴν
634 5046 774 5117 ἐμὴν
790 5044 992 5114 ἀφίημι
1023 5043 1209 5114 ὑμῖν.)
1241 5043 1372 5096 Ὅτε
1402 5041 1511 5114 γὰρ
1538 5040 1702 5096 οἱονεί
1735 5058 1851 5104 πως

255 5138 397 5208 ὑψοῦ
431 5137 642 5191 τέθεικε
674 5136 767 5188 τὸν
805 5134 932 5188 Υίὸν
971 5134 1000 5187 ὁ
1033 5133 1224 5204 Πατὴρ
1249 5173 1265 5199 ,
1296 5132 1665 5204 χαρισάμενος
1700 5130 1851 5200 αὐτῷ

252 5232 433 5304 ὄνομα
473 5230 534 5285 τὸ
565 5229 708 5303 ὑπὲρ
756 5229 865 5283 πᾶν
909 5228 1111 5299 ὃνομα,
1166 5246 1185 5278 ι
1242 5225 1426 5280 Κάθου
1458 5242 1518 5280 τε
1549 5227 1615 5279 ἐκ
1660 5224 1850 5292 δεξιῶν

258 5341 390 5396 μου,
420 5342 441 5375 ι
465 5322 663 5392 λέγων,
697 5321 821 5376 τότε
851 5319 940 5391 δὴ,
965 5321 1087 5374 τότε
1118 5319 1219 5391 τὴν
1273 5318 1553 5372 διιστᾶσαν
1581 5319 1730 5388 ἡμᾶς
1756 5335 1852 5372 κα-

224 5415 593 5480 ,ταλύσαντες
613 5415 831 5487 ἔχθραν,
868 5412 1220 5483 συνήφθημεν
1253 5412 1333 5477 εἰς
1363 5411 1608 5483 εἰρήνην,
1637 5409 1727 5464 διὰ
1752 5408 1848 5464 τοῦ

254 5511 481 5582 φρονεῖν
514 5507 732 5562 ἑλέσθαι
761 5506 830 5561 τὰ
858 5505 1045 5573 αὑτοῦ,
1078 5504 1172 5560 καὶ
1205 5506 1263 5558 ἐν
1290 5502 1571 5575 Πνεῦματι
1611 5518 1849 5576 περιπα-

1953 4586 2266 4654 Quinetiam
2292 4587 2527 4642 elevatio
2552 4586 2738 4640 vultus
2756 4584 2853 4639 Dei
2879 4575 3224 4647 conciliatrix
3258 4592 3344 4639 est
3369 4584 3540 4653 pacis,

1955 4683 2112 4752 cujus
2162 4679 2397 4734 donator
2424 4687 2507 4732 est
2539 4686 2594 4731 et
2618 4677 2825 4731 arbiter
2850 4675 3125 4740 Christus,
3166 4675 3262 4745 qui
3292 4675 3398 4730 hoc
3420 4683 3542 4729 tan-

1954 4789 2118 4844 quam
2150 4771 2434 4842 proprium
2459 4787 2522 4824 ac
2552 4769 2826 4838 peculiare
2849 4769 3052 4823 bonum
3087 4768 3144 4822 in
3174 4783 3232 4823 se
3263 4766 3542 4823 credenti-

1956 4869 2062 4917 bus
2088 4871 2143 4915 et
2166 4859 2428 4930 proponit
2467 4867 2524 4913 et
2557 4858 2727 4913 donat
2763 4876 2776 4912 :
2819 4877 2838 4910 ι
2875 4859 3070 4913 Pacem
3092 4878 3110 4910 ι
3136 4858 3308 4922 enim,
3339 4856 3539 4927 inquit,

1966 4972 1985 5005 ι
2025 4967 2203 5007 meam
2229 4950 2300 5006 do
2331 4950 2487 5005 vobis
2504 4991 2517 5014 ,
2537 4964 2725 5020 pacem
2750 4965 2927 5005 meam
2950 4950 3215 5020 .relinquo
3233 4950 3390 5006 vobis
3405 4950 3469 5005 ⁸².
3514 4970 3533 5003 ι

1957 5042 2097 5099 Cum
2130 5043 2276 5097 enim
2297 5046 2551 5110 tanquam
2582 5038 2638 5092 in
2665 5038 2899 5093 sublime.
2923 5039 3107 5109 posuit
3131 5040 3331 5095 Filium
3356 5040 3538 5105 Pater,

1958 5133 2094 5189 dans
2128 5133 2207 5188 illi
2226 5147 2450 5197 nomen,
2474 5131 2620 5202 quod
2645 5139 2731 5186 est
2766 5146 2934 5201 super
2961 5146 3123 5187 omne
3159 5148 3362 5189 nomen
3385 5133 3452 5198 ⁸³,
3478 5148 3543 5188 ac

1958 5226 2148 5282 dicens
2164 5225 2242 5280 illi
2273 5243 2286 5278 :
2322 5242 2341 5276 ι
2372 5223 2512 5279 Sede
2533 5239 2564 5278 a
2588 5222 3033 5289 dextrismeis";
3064 5244 3080 5274 ι
3105 5231 3219 5278 tum
3237 5238 3368 5279 vero
3405 5225 3538 5278 sul-

1955 5318 2085 5374 latis
2130 5315 2459 5382 inimicitiis,
2499 5331 2622 5387 qua:
2662 5302 2765 5371 nos
2812 5316 3116 5387 disjunctos
3169 5317 3446 5377 tenebant.
3481 5316 3537 5367 in

1955 5424 2146 5479 pacem
2172 5408 2405 5464 connexi
2432 5422 2643 5470 sumus,
2674 5422 2742 5463 eo
2767 5407 2912 5476 quod
2938 5423 3059 5476 qum
3077 5407 3252 5476 ipsius
3277 5415 3425 5468 sunt,
3448 5420 3535 5457 sa-

1955 5516 2087 5572 pere
2116 5499 2422 5565 studemus,
2444 5506 2500 5553 ct
2536 5497 2591 5552 in
2624 5497 2830 5568 Spiritu
2863 5497 3144 5552 ambulare
3164 5498 3230 5559 ⁸⁸,
3256 5496 3312 5549 in
3349 5509 3460 5565 quo
3482 5504 3538 5550 et

332 5658 617 5758 ﬁEphes.
652 5702 691 5752 ι,
727 5687 843 5743 3-5.
866 5756 898 5758 Α,
923 5685 969 5758 ’ξ
1006 5686 1116 5758 Tit.
1147 5701 1226 5752 ιιι,
1259 5685 1374 5758 4-7.
1435 5684 1688 5758 Δ¹ζ⁹λ1οίιῐι
1713 5700 1846 5758 xv",

2013 5680 2061 5716 3°
2084 5681 2192 5737 Tit.
2221 5698 2300 5751 ιιι,
2331 5682 2383 5739 5.
2460 5680 2503 5713 ⁸¹
2529 5680 2673 5739 Psal.
2711 5694 2889 5749 LXXIX,
2912 5679 2963 5735 8.
3044 5678 3088 5711 θ’
3114 5678 3269 5738 Joan.
3295 5695 3408 5747 xxv,
3442 5676 3534 5735 9.7.

238 5754 318 5832 ⁸ιι
356 5754 595 5830 Ριιίὶἰρρ.
633 5774 692 5825 ιι,
730 5759 783 5813 9.
853 5756 908 5848 if
942 5757 1084 5813 Psal.
1119 5772 1225 5823 CIX,
1250 5757 1318 5831 ,1.

1396 5843 1461 5851 ...μ

1432 5748 1479 5788 ⁸⁵
1505 5752 1680 5811 Galat.
1714 5771 1774 5826 γ,
1815 5748 1901 5812 16.
