3986 6192
459 270 563 325 773

1485 274 1541 331 S.
1582 273 1860 330 CYRILLI
1898 273 2369 331 ALEXANDle
2410 274 2730 331 ARCHIEP.

3628 272 3744 330 τῖε

414 420 419 431 ν
459 418 555 474 per
577 418 740 474 quem
780 400 978 457 divinae
1001 403 1210 453 natura:
1233 404 1522 453 consortes
1538 395 1721 452 effecti
1761 412 1952 453 sumus
1981 398 2034 450 ".

2154 401 2289 463 τεῖν.
2320 402 2378 455 ἐν
2406 392 2451 468 ᾧ
2491 399 2587 454 καὶ⁵
2629 400 2699 453 δι’
2738 393 2801 454 οὗ
2851 398 3002 462 θείας
3051 395 3269 466 φύσεως
3300 396 3740 471 ἁναόεδείγμεθα
3816 432 3831 441 -

457 495 676 549 Christo
706 508 808 548 nos
849 493 903 546 in
935 490 1205 547 unitatem
1243 497 1634 555 connectente;
1664 488 1712 544 is
1732 490 1878 544 enim
1910 504 2044 559 pro-

458 585 602 639 fecto
648 585 727 638 ait
768 582 837 637 ad
886 582 1104 637 Patrem
1140 597 1152 633 :
1186 599 1205 630 ι
1249 579 1384 635 Volo
1416 586 1479 633 ut
1529 578 1674 634 sicut
1719 593 1822 651 ego
1878 587 1933 635 et
1986 588 2044 635 tu

460 691 627 730 unum
652 690 843 731 smnus
866 715 881 739 ,
906 673 987 728 sic
1019 672 1186 728 etiam
1212 671 1315 742 ipsi
1342 671 1396 725 in
1420 668 1581 725 nobis
1598 684 1769 724 unum
1805 669 1992 724 sint".
2019 687 2038 721 ι

457 786 552 817 -ι
577 765 756 822 Unum
789 765 937 819 enim
958 779 1160 834 corpus
1182 777 1375 817 omnes
1393 777 1584 816 sumus
1608 762 1663 816 in
1693 761 1914 818 Christo
1931 761 1997 828 ἐς
2019 780 2036 813 ι

457 867 514 913 et
546 878 564 909 ι
601 858 703 926 Qui
732 858 975 913 adhaeret
1002 856 1255 920 Domino,
1288 870 1433 909 unus
1467 854 1695 924 spiritus
1715 866 1801 910 est
1825 855 1893 921 ",
1927 873 1946 906 ι
1984 861 2047 909 ut

460 950 625 1004 habet
675 950 981 1020 Seriptura.
1012 949 1126 1003 Deo
1166 957 1350 1002 autem
1386 956 1444 1003 et
1495 947 1655 1002 Patre
1684 962 1841 1002 suam
1908 962 2047 1017 quo-

457 1040 750 1095 dammodo
792 1040 987 1095 faciem
1013 1039 1285 1104 elevante,
1318 1038 1375 1093 id
1419 1047 1524 1103 est,
1561 1037 1900 1109 gloriﬁcante
1951 1038 2045 1093 Fi-

458 1131 613 1198 lium,
647 1148 838 1204 pacem
874 1148 999 1188 cum
1027 1146 1094 1186 eo
1118 1132 1479 1202 compositam
1525 1146 1629 1186 nos
1662 1130 1891 1201 adeptos
1924 1145 2046 1187 esse

458 1224 703 1279 declarat
757 1224 875 1294 ipse
901 1263 916 1288 ,
977 1222 1170 1278 dicens
1214 1239 1227 1275 :
1268 1241 1287 1273 ι
1319 1221 1458 1278 Cum
1507 1222 1778 1277 exaltatus
1824 1221 1981 1276 fuero
2014 1237 2046 1277 a

458 1324 623 1381 terra,
664 1332 856 1370 omnes
882 1315 1094 1370 traham
1119 1314 1188 1369 ad
1213 1329 1302 1369 me
1339 1314 1518 1384 ipsum
1543 1315 1611 1366 '°.
1644 1332 1662 1365 ι

525 1408 721 1462 PALL.
737 1408 905 1462 Recte
931 1422 1000 1461 ex
1019 1406 1228 1461 istimas
1247 1424 1260 1459 :
1283 1406 1431 1475 «Ipse
1447 1412 1530 1461 est
1548 1406 1695 1460 enim
1717 1420 1820 1475 pax
1837 1413 2043 1471 nostra,

452 1508 512 1553 et
551 1514 650 1570 per
678 1499 857 1568 ipsum
884 1511 1166 1552 accessum
1190 1497 1488 1552 habuimus
1513 1498 1567 1552 in
1590 1497 1792 1568 spiritu
1819 1496 1893 1551 ad
1939 1497 2043 1553 Pa-

458 1603 594 1647 trem
622 1591 688 1644 “.
725 1609 744 1642 ι

521 1681 680 1738 CYR.
711 1682 787 1736 De
825 1680 1208 1736 sacerdotibus
1245 1678 1414 1749 igitur
1439 1678 1618 1749 deque
1646 1694 1842 1734 eorum
1881 1695 2040 1736 crea-

2149 491 2418 555 κοινωνοὶ,
2440 491 2780 563 συνείροντος
2806 492 2952 561 ἡμᾶς
2973 491 3053 553 εἰς
3080 489 3308 560 ἑνότητα
3328 486 3423 541 τοῦ
3446 487 3692 561 Χριστοῦ
3720 507 3738 521 ’

2150 578 2256 653 ἔφη
2286 581 2396 652 γάρ
2427 598 2529 637 που
2566 580 2705 653 πρὸς
2744 580 2834 634 τὸν
2870 579 3123 651 Πατέραο
3164 598 3183 632 ι
3236 578 3388 633 Θέλω
3430 580 3518 633 ἵνα
3540 578 3739 653 ὥσπερ

2148 666 2261 736 ἐγὼ
2288 670 2386 722 καὶ
2414 669 2478 722 σὺ
2500 669 2560 723 ἓν
2579 671 2764 740 ἐσμεν,
2785 668 2927 722 οὓτω
2948 668 3041 723 καὶ
3061 669 3216 724 αὐτοὶ
3239 672 3296 724 ἐν
3313 671 3447 741 ἡμῖν
3464 662 3702 724 ἓνῶσιν.
3716 688 3738 721 ι

2147 790 2220 801 -
2244 778 2264 811 ι
2298 761 2395 814 ’Ἑν
2427 759 2537 832 γὰρ
2558 760 2624 832 δὴ
2653 760 2813 832 σῶμα
2840 762 2889 815 οί
2928 761 3129 826 πάντες
3162 761 3329 834 ἐσμὲν
3350 763 3413 816 ὲν
3440 762 3684 834 Χριστῷ,
3714 780 3736 814 ι

2152 851 2284 906 καί·
2317 870 2336 904 ι
2374 851 2433 905 ’0
2462 848 2799 921 κολλώμενος
2825 850 2906 922 τῷ
2931 852 3121 923 Κυρίῳ
3169 851 3228 906 ἒν
3266 851 3485 923 πνεῦμά
3533 856 3674 919 ἐστι,
3711 871 3735 905 ι

2149 943 2293 999 κατὰ
2318 943 2419 1014 τὴν
2444 943 2685 1014 Γραφήν.
2719 942 2865 1009 Ὅτι,
2904 943 2961 997 δὲ
2995 942 3089 997 τοῦ
3129 942 3266 999 Θεοῦ
3298 945 3393 997 καὶ
3419 944 3631 1018 Πατρὸς
3667 945 3744 999 τὸ

2148 1038 2280 1092 ἴδιον
2305 1037 2495 1108 ὥσπερ
2528 1036 2849 1108 ἐπαίροντος
2892 1036 3206 1106 πρόσωπον,
3232 1035 3378 1090 τοῦτ’
3402 1035 3537 1100 ἔστι.
3567 1037 3737 1106 δοξά-

2146 1129 2333 1195 ζοντος
2358 1129 2446 1183 τὸν
2475 1128 2625 1192 Υίὸν,
2654 1128 2752 1200 τὴν
2780 1127 2917 1200 πρὸς
2950 1126 3112 1181 αὐτὸν
3163 1128 3389 1198 εἰρήνην
3421 1126 3740 1200 πεπλουτὴ-

2146 1240 2345 1294 καμεν,
2376 1225 2628 1294 σαφηνιεί
2645 1222 2817 1292 λέγων
2839 1220 3001 1283 αὐτός
3028 1237 3041 1251 ·
3078 1239 3097 1272 ι
3132 1220 3302 1275 Ὅταν
3325 1219 3526 1290 ὑψωθῶ
3546 1223 3611 1275 ὲκ
3628 1223 3739 1292 τῆς

2145 1316 2271 1387 γῆς,
2306 1316 2515 1379 πάντας
2544 1315 2757 1370 ἑλκύσω
2782 1315 2917 1387 πρὸς
2943 1314 3202 1386 ἐμαυτόν.
3245 1333 3263 1366 ι

2216 1407 2423 1462 ΗΑΛΛ.
2477 1406 2682 1477 Ὀρθῶς
2718 1407 2922 1477 διανοῇ.
2964 1426 2984 1458 ι
3036 1406 3209 1470 Λὺτδς
3252 1405 3362 1478 γάρ
3389 1406 3537 1459 ἐστιν
3565 1406 3600 1477 ἠ
3644 1405 3734 1458 εί-

2147 1500 2285 1571 ρήνη
2316 1498 2496 1570 ἡμῶν,
2531 1498 2628 1553 καὶ
2658 1498 2727 1553 δι’
2758 1498 2924 1551 αὐτοῦ
2954 1498 3054 1570 τὴν
3087 1496 3455 1570 προσαγωγὴν
3482 1498 3731 1569 ἐσχήκα-

2147 1607 2247 1661 μεν
2274 1592 2330 1642 ἐν
2365 1588 2636 1660 πνεύματι
2669 1588 2803 1659 πρὸς
2824 1589 2917 1642 τὸν
2945 1588 3186 1662 Πατέρα.
3224 1606 3245 1639 ι

2218 1682 2382 1738 ΚΥΡ.
2429 1683 2642 1753 ἰερέων
2686 1681 2785 1751 μὲν
2829 1676 2923 1735 οὖν
2964 1680 3096 1752 πέρι
3148 1678 3375 1750 καὶτῆς
3415 1679 3504 1734 ἐπ’
3540 1679 3735 1743 αὖτοῖς

455 1773 604 1829 tione
629 1773 898 1828 hactenus
923 1772 1087 1826 nobis
1107 1771 1195 1826 lex
1224 1770 1485 1841 prodidit.
1510 1770 1779 1826 Caeterum
1796 1773 2034 1826 sanctifi-

2143 1774 2464 1840 ἀναδείξεως
2500 1775 2661 1827 ταυτὶ
2703 1774 2842 1846 πρὸς
2894 1774 3042 1845 ἡμᾶς
3078 1773 3315 1843 ὁνόμος.
3374 1771 3733 1841 ’Λγιάζεσθαι

452 1866 565 1922 cari
594 1872 848 1936 oportere
896 1864 1055 1935 plane
1079 1863 1385 1917 Leviticum
1411 1877 1584 1932 genus
1612 1862 1812 1932 inquit,
1837 1870 1894 1917 et
1924 1862 2033 1917 ritu

450 1955 804 2013 convenienti
834 1955 987 2027 prius
1016 1954 1314 2025 expiatum,
1351 1953 1618 2009 tributum
1647 1953 1752 2008 sibi
1776 1954 1917 2010 sacri
1940 1954 2043 2008 mi-

452 2049 669 2104 nisterii
694 2063 895 2102 munus
924 2062 1233 2118 capessere.
1270 2046 1456 2116 luquit
1500 2045 1667 2117 igitur
1690 2046 1748 2100 in
1787 2046 2041 2101 Numeris

444 2140 519 2195 ad
555 2140 704 2195 hunc
731 2139 990 2194 modum:
1028 2157 1046 2190 ι
1079 2138 1245 2193 Sume
1266 2137 1486 2193 Levitas
1503 2137 1571 2193 de
1594 2136 1778 2193 medio
1803 2136 2041 2192 ﬁliorum

452 2231 639 2297 Israel,
674 2238 731 2286 et
774 2230 1097 2302 puriﬁcabis
1126 2244 1259 2295 eos;
1299 2237 1356 2284 et
1394 2228 1475 2283 sic
1516 2228 1686 2284 facies
1706 2228 2044 2300 puriﬁcatio-

452 2338 577 2378 nem
612 2323 890 2395 ipsorum:
929 2337 1187 2393 asperges
1217 2335 1315 2377 eos
1357 2337 1497 2392 aqua
1523 2319 1950 2391 puriﬁcationis,
1984 2329 2042 2378 et

450 2414 811 2486 pertransibit
830 2413 1094 2469 novacula
1127 2427 1296 2482 super
1317 2426 1481 2467 omne
1508 2427 1712 2483 corpus
1733 2426 1949 2479 eorum,
1980 2422 2039 2470 et

451 2504 713 2558 lavabunt
766 2504 1098 2559 vestimenta
1124 2519 1245 2568 sua,
1285 2511 1341 2559 et
1373 2504 1567 2559 mundi
1600 2512 1765 2558 erunt
1794 2521 1807 2557 :
1836 2513 1894 2559 et
1944 2520 2039 2560 su-

451 2603 602 2649 ment
623 2608 793 2649 unum
820 2596 1017 2651 bovem
1038 2595 1108 2650 de
1141 2596 1428 2661 armentis,
1457 2604 1514 2650 et
1534 2596 1655 2667 ejus
1679 2595 1940 2661 libamen,
1967 2596 2040 2650 si-

448 2685 636 2740 milam
677 2687 799 2741 oleo
841 2701 1214 2757 conspersam,
1256 2695 1314 2742 et
1338 2686 1568 2741 vitulum
1615 2686 1931 2742 anniculam
1972 2686 2039 2742 de

448 2778 717 2832 armentis
761 2777 1001 2848 accipies
1036 2793 1138 2848 pro
1170 2787 1436 2848 peccato:
1474 2784 1532 2831 et
1569 2785 1780 2832 statues
1823 2777 2041 2833 Levitas

450 2884 637 2923 coram
675 2869 1026 2924 tabernaculo
1058 2868 1380 2933 testimonii,
1416 2876 1472 2922 et
1511 2867 1872 2938 congregabis
1917 2883 2039 2922 om-

449 2977 573 3023 nem
597 2961 1075 3033 congregationem
1098 2958 1338 3013 ﬁliorum
1368 2957 1554 3021 Israel,
1579 2964 1636 3011 et
1662 2956 1905 3011 adduces
1927 2955 2035 3011 Le-

448 3057 608 3121 vitas,
621 3064 677 3111 et
699 3054 975 3125 separabit
989 3047 1170 3108 Aaron
1184 3046 1345 3124 407
1364 3050 1604 3114 Levitas,
1624 3064 1827 3104 munus
1848 3063 2034 3105 coram

2144 1865 2200 1919 δὲ
2238 1866 2348 1920 δεῖν
2386 1861 2445 1920 εὖ
2480 1866 2623 1937 μάλα
2672 1867 2808 1938 φησὶ
2858 1866 2918 1920 τὸ
2947 1864 3254 1930 Λευιτικὸν,
3305 1866 3402 1920 καὶ
3451 1866 3565 1929 τοῖς
3592 1864 3733 1918 καθ-

2143 1958 2338 2026 ήκουσι
2394 1960 2617 2030 τρόποις
2661 1959 3130 2032 προηγνισμένον,
3184 1957 3283 2027 τῆς
3328 1957 3732 2029 ἐκνεμηθείσης

2142 2050 2324 2113 αὐτοῖς
2339 2049 2680 2122 λειτουργίας
2698 2050 3106 2129 μεταποιεῖσθαι
3130 2050 3273 2106 τότε.
3294 2049 3457 2119 Λέγει
3480 2050 3537 2104 δὲ
3550 2048 3733 2114 οὕτως

2140 2141 2200 2193 ὲν
2232 2143 2342 2204 τοῖς
2363 2141 2674 2212 ’Λριθμοῖςο
2706 2160 2725 2193 ι
2753 2141 2898 2196 Λάϐε
2927 2141 3055 2205 τοὺς
3077 2140 3309 2203 Λευίτας
3333 2142 3399 2194 ὲκ
3426 2140 3595 2213 μέσου
3613 2140 3732 2195 τῶν

2142 2233 2273 2287 υἱῶν
2315 2232 2553 2306 Ἰσραὴλ,
2577 2235 2673 2289 καὶ
2698 2235 2984 2303 ἀφαγνιεῖς
3009 2233 3227 2298 αὐτοὺς,
3251 2232 3347 2287 καὶ
3370 2231 3543 2296 οὕτως
3564 2233 3731 2305 ποιή-

2143 2341 2258 2390 σεις
2279 2325 2373 2379 τὸν
2396 2325 2739 2396 ἁφαγνισμδν
2765 2324 2963 2380 αὐτῶν·
2991 2326 3340 2397 περιρῤανεῖς
3353 2322 3553 2387 αὐτοὺς
3576 2322 3731 2395 ὕδωρ

2142 2415 2411 2487 ἁγνισμοῦ
2432 2456 2447 2481 ,
2488 2416 2584 2470 καὶ
2612 2415 2965 2470 ἐπελεύσεται
3006 2414 3163 2487 ξυρὸν
3204 2416 3296 2470 ἐπὶ
3332 2417 3442 2469 πᾶν
3468 2414 3530 2468 τὸ
3561 2415 3730 2486 σῶμα

2141 2508 2343 2574 αὐτῶν,
2378 2509 2474 2561 καὶ
2495 2506 2755 2580 πλυνοῦσι
2792 2507 2862 2561 τὰ
2897 2507 3090 2579 ἱμάτια
3129 2507 3332 2569 αὐτῶν,
3365 2507 3462 2561 καὶ
3491 2505 3730 2580 καθαροὶ⁵

2142 2597 2377 2663 ἔσονται,
2407 2599 2503 2652 καὶ
2528 2575 2791 2670 λήψονται
2823 2575 3023 2670 μόσχον
3055 2596 3152 2652 ἕνα
3180 2600 3245 2652 ὲκ
3277 2596 3439 2667 βοῶν,
3470 2598 3565 2651 καὶ
3597 2575 3741 2651 sed:

2138 2705 2233 2742 του
2263 2688 2454 2743 θυσίαν
2488 2689 2767 2760 σεμίδαλιν
2800 2689 3289 2761 ἀναπεποιημένην
3320 2691 3379 2744 ὲν
3410 2688 3599 2759 ἐλαίῳ,
3626 2690 3728 2745 καὶ

2144 2781 2343 2852 μόσχον
2372 2780 2469 2836 ἕνα
2497 2780 2768 2835 ἐνιαύσιον
2808 2783 2874 2835 ὲκ
2909 2780 3049 2853 βοῶν
3076 2780 3222 2853 λήψῃ
3261 2780 3391 2852 περὶ
3424 2780 3725 2852 ἁμαρτίας,

2141 2872 2235 2926 καὶ
2259 2871 2551 2943 προσάξεις
2577 2871 2702 2935 τοὺς
2736 2872 2966 2937 Λευίτας
2991 2872 3235 2927 ἔνδοσθεν
3259 2874 3358 2945 τῆς
3391 2874 3593 2945 σκηνῆς
3618 2873 3719 2926 τοῦ

2144 2963 2469 3034 μαρτυρίου.
2523 2965 2632 3017 Καὶ
2676 2964 2926 3031 συνάξεις
2968 2966 3150 3019 πᾶσαν
3200 2965 3526 3037 συναγωγὴν
3584 2965 3721 3019 υίῶν

2153 3054 2392 3128 Ἰσραὴλ,
2426 3055 2521 3110 καὶ
2565 3055 2861 3127 προσάξεις
2888 3057 3015 3120 τοὺς
3049 3057 3283 3119 Λευίτας
3303 3097 3317 3119 ,
3348 3058 3444 3112 καὶ
3469 3057 3720 3129 ἀφορίσει

448 3150 680 3205 Domino
713 3165 743 3202 a
762 3147 888 3202 ﬁliis
934 3145 1119 3209 Israel,
1146 3156 1200 3199 et
1245 3152 1409 3199 erunt
1439 3150 1501 3197 ut
1528 3151 1829 3213 operentur
1868 3156 2033 3212 opera

2149 3143 2362 3216 ’Δαρὼν
2399 3145 2527 3210 τοὺς
2553 3148 2805 3213 Λευίτας,
2836 3146 3086 3218 ἁπόδομα
3118 3148 3299 3201 ἔναντι
3326 3149 3534 3221 Κυρίου
3569 3150 3723 3221 παρά

448 3239 685 3294 Domini.
723 3237 927 3293 Levita:
951 3241 1134 3303 autem
1166 3234 1450 3304 imponent
1493 3244 1691 3286 manus
1742 3245 1911 3300 super
1933 3245 2025 3284 ca-

448 3330 562 3401 pita
594 3331 863 3395 boum;et
885 3327 1053 3382 facies
1081 3341 1250 3380 unum
1276 3340 1376 3396 pro
1400 3333 1645 3396 peccato,
1670 3330 1726 3377 et
1748 3337 1916 3377 unum
1972 3321 2028 3375 in

448 3420 850 3485 holocaustum,
876 3426 938 3473 ut
975 3415 1292 3488 propitieris
1313 3430 1416 3486 pro
1450 3415 1550 3469 eis.
1574 3414 1644 3469 Et
1694 3421 1903 3468 statues
1921 3410 2029 3467 Le-

446 3512 590 3566 vitas
644 3525 830 3566 coram
864 3509 1117 3571 Domino,
1147 3515 1203 3562 et
1235 3521 1421 3566 coram
1472 3505 1688 3568 Aaron,
1741 3512 1799 3558 et
1843 3516 2029 3557 coram

448 3603 580 3658 ﬁliis
597 3603 740 3673 ejus,
778 3610 835 3656 et
867 3600 1101 3654 donabis
1120 3613 1217 3653 eos
1237 3597 1442 3651 donum
1470 3612 1655 3652 coram
1694 3594 1947 3660 Domino,
1977 3604 2035 3649 et

447 3692 752 3762 distingues
776 3691 997 3746 Levitas
1015 3689 1083 3743 de
1105 3689 1286 3743 medio
1310 3688 1561 3758 mearum
1571 3687 1767 3755 Israel;
1792 3697 1848 3743 et
1869 3695 2034 3743 erunt

446 3781 623 3838 mihi:
659 3789 716 3837 et
736 3789 859 3851 post
909 3777 1424 3849 haecingredicntur
1458 3777 1662 3834 Levita:
1677 3777 1748 3833 ad
1793 3792 2030 3848 operan-

445 3874 577 3930 dum
598 3889 767 3945 opera
784 3870 1136 3929 tabernaculi
1164 3869 1466 3925 testimonii
1484 3872 1549 3924 θ’.
1594 3890 1614 3923 ι

2132 3240 2241 3293 τῶν
2270 3239 2404 3292 υίῶν
2445 3240 2683 3312 Ἰσραὴλ,
2720 3241 2814 3295 καὶ
2856 3241 3070 3295 ἔσονται
3111 3240 3252 3294 ὥστε
3295 3242 3624 3313 ἐργάζεσθαι
3654 3243 3720 3297 τὰ

2136 3328 2272 3402 ἔργα
2322 3331 2547 3399 Κυρίου.
2586 3333 2650 3384 Ol
2685 3332 2742 3386 δὲ
2774 3334 2996 3386 Λευῖται
3038 3332 3357 3402 ἐπιθήσουσι
3385 3334 3485 3397 τὰς
3531 3335 3722 3406 χεῖρας

2136 3421 2232 3475 ἐπὶ
2270 3421 2367 3485 τὰς
2398 3423 2638 3492 κεφαλὰς
2663 3424 2773 3478 τῶν
2807 3424 3044 3496 μόσχων,
3080 3425 3177 3478 καὶ
3222 3425 3474 3495 ποιήσεις
3505 3426 3595 3479 τὸν
3623 3428 3720 3480 ινα

2136 3513 2267 3584 περὶ
2306 3514 2579 3586 ἁμαρτίας
2601 3553 2617 3577 ,
2661 3517 2757 3569 καὶ
2793 3516 2886 3572 τὸν
2919 3516 3016 3570 ἕνα
3062 3519 3143 3580 είς
3179 3515 3548 3588 όλοκαύτωμα
3571 3557 3589 3583 ,
3622 3520 3720 3572 καὶ

2129 3601 2485 3668 ἐξιλάσασθαι
2532 3606 2661 3679 περὶ
2706 3606 2910 3661 αὐτῶν.
2942 3608 3055 3661 Καὶ
3085 3609 3305 3679 στήσεις
3329 3609 3459 3673 τοὺς
3483 3609 3719 3673 Λευίτας

2130 3689 2311 3745 ἔναντι
2358 3693 2594 3765 Κυρίου,
2631 3695 2726 3749 καὶ
2768 3696 3298 3769 ἐναντίον;’Λαρὼν,
3333 3701 3427 3753 καὶ
3472 3700 3720 3755 ἐναντίον

2128 3781 2236 3835 τῶν
2276 3782 2410 3837 υἱῶν
2445 3783 2612 3838 αὐτοῦ
2640 3828 2654 3851 ,
2685 3786 2781 3839 καὶ
2832 3787 3134 3853 ἀποδώσεις
3178 3789 3417 3855 αὐτοὺς,
3464 3790 3715 3862 ἁπόδομα

2128 3870 2309 3927 ἔναντι
2345 3874 2575 3947 Κυρίου,
2607 3877 2701 3930 καὶ
2721 3877 3021 3943 διαστελεῖς
3058 3880 3184 3943 τοὺς
3203 3880 3433 3945 Λευίτας
3456 3882 3521 3935 ἐκ
3542 3883 3716 3953 μέσου

445 3969 553 4022 τῶν
578 3968 709 4022 υίών
752 3965 989 4039 Ἰσραὴλ,
1020 3964 1113 4019 καὶ
1142 3963 1353 4019 ἔσονται
1380 3962 1525 4036 ἐμοὶ,
1593 3964 1686 4018 καὶ
1716 3962 1857 4035 μετὰ
1921 3962 2099 4020 ταῦτα
2138 3965 2537 4022 εἰσελεύσονται
2583 3971 2633 4023 οἱ
2665 3970 2890 4025 Δευῖταῖ
2933 3958 3259 4045 ἐργάξεσθαι
3303 3972 3372 4028 τὰ
3418 3972 3557 4047 ἔργα
3613 3975 3718 4047 τῆς

448 4064 655 4129 σκηνῆς
684 4063 778 4117 τοῦ
815 4059 1133 4133 μαρτυρίου.
1173 4077 1191 4110 ι

516 4152 712 4209 PALL.
756 4150 930 4207 Velim
955 4149 1121 4220 igitur
1143 4147 1386 4218 explices
1417 4149 1668 4219 quisnam
1703 4147 1795 4206 hic
1825 4148 2022 4221 puriﬁ-

446 4244 677 4301 cationis
710 4243 852 4299 ritus
892 4242 1098 4298 Levitis
1142 4240 1407 4313 lujuncta,
1444 4241 1578 4297 sita
1614 4243 1776 4299 nobis
1822 4242 2025 4299 intelli-

444 4335 674 4407 gendus.

2204 4149 2412 4205 HAAA.
2455 4151 2719 4220 Διασάφει
2755 4150 2819 4223 δὴ
2863 4146 2957 4207 οὖν
2995 4148 3055 4207 εὖ
3103 4154 3248 4224 μάλα
3271 4193 3287 4218 ,
3320 4154 3404 4218 τίς
3436 4153 3504 4209 ἂν
3538 4156 3717 4209 νοοῖτο

2131 4241 2267 4314 πρὸς
2300 4240 2458 4314 ἡμῶν
2490 4242 2518 4295 ό
2538 4243 2631 4296 τοῦ
2659 4242 2925 4316 ἁγνισμοῦ
2956 4245 3178 4317 τρόπος,
3208 4244 3303 4299 τοῦ
3321 4248 3434 4310 τοίς
3456 4244 3714 4309 Λευίταις

2128 4333 2393 4402 ὲπενηνεγ
2402 4330 2585 4400 μένου.

513 4428 669 4485 εγιι.
717 4428 976 4500 Mysticus
1020 4444 1150 4486 sane
1200 4428 1247 4484 is
1285 4436 1389 4493 est,
1443 4426 1671 4490 Palladi,
1694 4432 1749 4480 et
1794 4424 1924 4480 item
1965 4422 2024 4479 in

2198 4420 2360 4476 ΚΥΡ.
2386 4420 2662 4485 Μυστικος
2682 4422 2779 4493 μὲν
2802 4416 2916 4489 οὖν,
2932 4415 2976 4475 ὧ
2990 4410 3276 4487 mimis:
3297 4422 3391 4476 καὶ
3415 4423 3472 4476 ἐν
3487 4421 3713 4495 Χριστῷ

442 4519 666 4575 Christo
702 4536 717 4586 ;
743 4519 860 4589 ipse
888 4526 974 4574 est
1001 4519 1150 4573 enim
1181 4525 1370 4572 nostra
1400 4515 1659 4585 expiatio,
1688 4521 1744 4569 et
1777 4513 1845 4568 ab
1871 4514 2021 4567 omni

2141 4512 2190 4585 ii]
2222 4513 2387 4567 πάλιν
2412 4531 2426 4544 ο
2458 4514 2619 4577 αὐτὸς
2652 4513 2760 4585 γὰρ
2795 4514 2956 4586 ἡμῶν
2986 4516 3018 4585 ἡ
3053 4515 3450 4588 ἀποκάθαρσις,
3479 4514 3573 4568 καὶ
3606 4515 3709 4588 ῥύ-

346 4605 353 4619 ’
445 4610 608 4667 sorde
643 4609 874 4674 ablutio,
906 4617 964 4663 et
1010 4605 1464 4662 sanctiﬁcationis
1518 4604 1715 4658 dator:
1756 4603 2030 4675 Asperges

444 4700 591 4754 enim
642 4714 739 4754 eos
787 4713 928 4767 aqua
970 4695 1449 4761 sanctificationis,
1484 4695 1680 4766 inquit.
1722 4695 1837 4751 Iloc
1881 4695 2026 4752 idem

443 4790 644 4845 Paulus
671 4803 891 4861 quoque
940 4787 1025 4841 vir
1050 4786 1270 4857 sapiens
1315 4786 1611 4842 declaravit
1639 4787 1712 4842 ita
1741 4785 1987 4842 scribens
2013 4805 2025 4840 :

452 4902 471 4934 ι
506 4884 563 4939 Si
605 4885 751 4938 enim
782 4882 1003 4954 sanguis
1044 4882 1325 4937 hircorum
1353 4889 1411 4937 et
1458 4888 1764 4944 taurorum,
1799 4887 1856 4935 et
1884 4879 2024 4935 cinis

351 4961 402 5066 j
445 4974 628 5029 vitula:
658 4990 932 5045 aspersus,
982 4972 1297 5043 inquinatos
1327 4970 1629 5027 sanctiﬁcat
1657 4972 1722 5027 ad
1753 4972 2020 5027 emunda-

335 5058 371 5072 "
445 5061 648 5116 tionem
695 5063 908 5127 carnis,
941 5070 1146 5131 quanto
1187 5060 1361 5131 magis
1395 5062 1618 5133 sanguis
1652 5058 1862 5115 Christi
1888 5061 1967 5115 ’3?
1993 5080 2012 5112 ι

442 5152 611 5224 idque
652 5154 939 5209 verissime
985 5151 1192 5210 dictum
1238 5162 1354 5221 est;
1396 5152 1623 5218 nam,si
1661 5152 1805 5208 inest
1852 5153 1907 5208 in
1955 5153 2021 5209 ti-

438 5246 591 5317 guris
640 5244 871 5310 utilitas,
920 5253 976 5302 ct
1001 5245 1198 5301 umbra
1228 5243 1346 5316 ipsa
1374 5251 1459 5300 est
1500 5243 1773 5309 salutaris,
1816 5253 2021 5315 quanto

439 5339 612 5412 magis
638 5338 864 5403 veritas,
897 5337 952 5394 id
983 5346 1091 5403 est,
1138 5336 1361 5409 sanguis
1393 5332 1641 5391 Christi?
1674 5334 1827 5413 Aqua
1856 5335 2021 5407 igitur

436 5430 887 5489 sanctiﬁcationis
912 5430 1085 5488 cineri
1125 5429 1311 5485 vitula:
1341 5422 1600 5499 permista
1628 5427 1778 5482 illius
1824 5427 2019 5482 morti-

436 5519 708 5578 ﬁcationis
726 5520 935 5579 Christi
964 5521 1066 5592 (sic
1092 5520 1239 5576 enim
1266 5518 1410 5573 dicta
1441 5517 1544 5589 est)
1570 5517 1877 5590 symbolum
1900 5517 2016 5574 evi-

2127 4622 2232 4659 που
2278 4605 2477 4669 παντὸς
2509 4606 2541 4675 ή
2575 4603 2850 4675 ἅπόνιψις,
2888 4606 2983 4661 καὶ
3017 4606 3294 4678 ἁγιασμοῦ
3346 4605 3534 4675 δοτήρ.
3598 4604 3677 4658 Πε

2129 4697 2406 4769 ριρρανείς
2441 4695 2550 4767 γὰρ
2578 4695 2775 4758 αὐτοὺς
2802 4693 2966 4767 Ιύδωρ
3021 4694 3312 4768 ἁγνισμοῦ,
3351 4694 3504 4764 φησί.
3531 4692 3710 4747 Τοῦτό

2124 4804 2208 4840 τοι
2248 4786 2341 4840 καὶ
2366 4789 2394 4841 ό
2438 4786 2602 4857 σοφὸς
2643 4786 2935 4857 κατεδήλου
2970 4787 3219 4855 Παῦλος,
3256 4789 3356 4842 ὡδὶ
3384 4786 3706 4860 γεγραφώς·

2134 4894 2152 4925 ι
2196 4878 2258 4930 Εἰ
2298 4875 2407 4947 γὰρ
2437 4877 2498 4929 τὸ
2525 4870 2663 4947 αἷμα
2700 4876 2921 4947 τράγων
2960 4878 3055 4931 καὶ
3101 4876 3340 4949 ταύρων,
3384 4877 3478 4932 καὶ
3507 4877 3708 4941 σποδὸς

2125 4965 2415 5036 δαμάλεως
2458 4962 2784 5035 ῥαντίζουσα
2826 4965 2951 5029 τοὺς
2999 4966 3431 5036 κεκοινωμένους
3484 4966 3706 5034 ἁγιάζει

2128 5057 2263 5129 πρὸς
2296 5056 2394 5129 τὴν
2417 5057 2516 5127 τῆς
2547 5054 2751 5126 σαρκὸς
2796 5054 3146 5128 καθαρότητα
3168 5098 3184 5123 ,
3226 5055 3378 5126 πόσῳ
3411 5056 3619 5127 μᾶλλον
3643 5057 3706 5109 τὸ

2122 5144 2263 5222 αἷμα
2301 5147 2561 5220 Χριστοῦ·
2607 5167 2626 5200 ι
2667 5148 2763 5202 καὶ
2789 5147 2995 5220 ἀληθὴς
3033 5152 3060 5203 ό
3088 5149 3263 5218 λόγος.
3296 5149 3360 5202 El
3389 5147 3501 5219 γὰρ
3522 5147 3704 5202 ἔνεστι

2088 5316 2093 5319 τ
2118 5247 2231 5308 τοῖς
2257 5241 2451 5306 τύποις
2489 5241 2551 5295 τὸ
2577 5238 2854 5310 ὠφελοῦν,
2886 5242 2981 5295 καὶ
3009 5241 3043 5312 ἠ
3082 5241 3210 5295 σκιὰ
3240 5241 3512 5312 σωτήριος
3533 5280 3550 5305 ,
3582 5239 3702 5301 πῶς

2118 5331 2184 5387 ἂν
2204 5333 2324 5404 οὐχὶ
2348 5330 2547 5405 μᾶλλον
2562 5331 2621 5385 τὺ
2650 5331 2872 5404 ἀληθὲς,
2897 5332 3163 5399 τουτέστι,
3188 5334 3250 5387 τὸ
3271 5328 3413 5406 αἷμα
3433 5332 3701 5404 Χριστοῦς

2119 5426 2305 5497 ’Υδωρ
2337 5426 2402 5498 δὴ
2428 5421 2522 5480 οὗν
2547 5423 2818 5497 ἁγνισμοῦ
2849 5425 2914 5479 τὸ
2943 5426 3146 5497 ἀναμὶξ
3169 5428 3234 5498 τῇ
3265 5424 3446 5497 σποδῷ
3474 5424 3580 5494 τῆς
3607 5426 3702 5480 δα-

2120 5516 2334 5589 μάλεως
2355 5515 2455 5588 τῆς
2479 5514 2779 5589 λεγομένης
2805 5517 3127 5591 νεκρὼσεως
3158 5516 3254 5573 τοῦ
3286 5515 3530 5591 Χριστοῦ
3554 5516 3702 5589 σύμ-

504 5634 552 5666 “
584 5635 793 5690 IlPetr.
827 5650 867 5698 ι,
899 5634 952 5689 4.
1026 5633 1248 5703 "Joan.
1311 5646 1440 5696 ατη,
1474 5629 1564 5703 2|,
1639 5629 1687 5663 ⁸⁸
1728 5630 1748 5685 I
1780 5630 1907 5703 Cor.
1949 5647 2003 5701 ι,

2165 5632 2250 5688 l7.
2333 5630 2432 5687 ⁸³1
2470 5631 2595 5689 Cor.
2632 5648 2705 5702 vr,
2741 5632 2831 5689 l7.
2899 5632 2947 5668 ν’
2970 5630 3131 5690 ιοαη.
3163 5646 3255 5703 xu,
3289 5631 3376 5689 δε.
3454 5631 3499 5664 ’³
3526 5631 3697 5690 Nam.

442 5716 529 5773 ll,‘
564 5704 650 5758 ll.
669 5788 694 5796 _
715 5703 1091 5795 “"ANumn'm,
1113 5702 1146 5757 6
1174 5716 1328 5772 quq.
1354 5764 1381 5801 θ
1400 5703 1448 5735 ’³
1472 5701 1639 5757 Ilebr.
1681 5716 1755 5767 ts,
1784 5701 1868 5756 l3.
