4154 6456
853 500 888 504 __
997 495 1104 504 ..-4-
1163 497 1216 501 ___
1247 497 1274 501 __
1301 498 1316 501 __
1339 496 1434 500 _,____
1459 496 1526 500 ___
1559 495 1650 500 -____
1685 497 1689 500 η
1723 495 1748 500 _-
1777 496 1780 498 _
1843 494 1960 499 ______-
2087 495 2246 500 _______
2283 496 2300 498 __
2347 496 2354 497 η
2393 493 2414 497 -
2647 490 2690 494 .-
2741 490 2746 492 -
2849 489 2894 494 α..
2961 490 2971 494 -
2995 487 3022 492 --
3071 490 3076 491 γ
3131 489 3212 493 --κς
3242 482 3356 495 --.._
3461 491 3469 493 -

531 529 538 533 ~
613 528 750 533 __-____
1793 521 1858 528 ~-
2441 520 2504 524 _-_
2561 518 2722 523 _.__-__.
2849 518 2882 522 __
3055 517 3118 521 -_-
3147 517 3170 522 _
3227 518 3256 521 _
3311 517 3394 522 ..__.

783 662 1237 877 VITA
1366 716 2052 874 SANGTI
2159 713 2940 868 CYRILLI

1375 986 1839 1046 PATRIARCH/E
1876 984 2344 1042 ALEXANDRINI

906 1174 1052 1237 (Acta
1071 1177 1362 1226 Sanctorum
1386 1169 1631 1232 Bolland.,
1658 1171 1874 1221 Januarii
1906 1177 2024 1219 tom.
2054 1169 2113 1224 ll,
2135 1168 2218 1215 die
2238 1168 2314 1228 28,
2338 1184 2466 1219 anno
2487 1168 2662 1221 Christi
2688 1168 2813 1231 “5.)

467 1472 498 1546 ᾗ
524 1475 564 1530 1.
596 1473 655 1530 8.
678 1473 865 1547 Cyrilli
888 1471 1107 1540 natalis,
1144 1483 1295 1536 retas,
1326 1472 1582 1543 reliquiis.

296 1605 323 1658 1
336 1647 350 1658 .
372 1605 599 1661 Multum
617 1606 857 1662 Ecclesia
873 1606 1140 1661 catholica
1156 1605 1211 1660 8.
1229 1603 1807 1675 CyrilloAlexandrino

226 1696 414 1760 debet,
432 1698 552 1767 ejus
574 1698 835 1768 singulari
860 1697 1170 1752 eruditione
1191 1696 1474 1767 animique
1498 1695 1809 1751 constantia

224 1785 493 1842 adversus
508 1788 798 1843 hareticos
813 1788 1127 1844 ﬁdelissime
1146 1787 1569 1858 felicissimeque
1603 1802 1809 1858 prepu-

227 1886 386 1947 gnnta
424 1896 437 1931 :
471 1878 705 1951 ideoque
737 1881 767 1933 ὁ
808 1880 906 1951 τῆς
936 1880 1101 1952 ὀρθῆς
1127 1880 1221 1933 καὶ
1240 1880 1546 1952 ἀμωμήτου
1577 1880 1811 1943 πίστεως

230 1971 561 2041 συνήγορος,
616 1982 774 2027 recta:
826 1980 876 2025 et
926 1971 1285 2026 immaculata:
1332 1970 1461 2039 ﬁdei
1527 1972 1809 2025 advocatus

223 2060 534 2129 appellatur
580 2062 635 2117 in
693 2063 926 2118 concilio
972 2062 1317 2119 mcurncnico
1378 2060 1809 2118 Chalcedonensi

221 2156 330 2202 act.
358 2150 438 2214 3,
481 2150 541 2205 in
589 2152 775 2207 libello
816 2149 1097 2207 Theodori
1144 2152 1383 2217 diaconi,
1425 2151 1810 2208 ecclesiasticis

221 2237 443 2290 concilii
496 2240 864 2295 monumentis
912 2242 1136 2296 inserto.
1191 2241 1305 2296 lmo
1349 2250 1607 2311 tanquam
1665 2241 1811 2296 sedis

223 2328 541 2396 apostolica:
564 2330 824 2396 vicarius,
852 2331 1048 2402 aequali
1076 2348 1202 2386 cum
1246 2332 1303 2387 8.
1345 2331 1529 2388 Leone
1555 2330 1811 2402 pontiﬁce

226 2417 477 2473 Romano
499 2419 709 2475 honore
737 2421 991 2493 dignatus
1012 2433 1094 2478 est
1126 2424 1182 2477 in
1216 2406 1452 2479 concilio
1491 2422 1809 2478 Constanti—

226 2508 545 2579 nopolitano
571 2527 662 2565 an.
690 2510 821 2566 Chr.
852 2513 975 2579 536,
998 2514 1102 2568 sub
1140 2514 1335 2569 Menna
1375 2514 1684 2585 patriarcha
1710 2513 1810 2568 ha-

224 2599 362 2654 bito.
386 2600 468 2656 Ita
496 2602 708 2658 actione
737 2603 762 2657 1
786 2621 801 2657 :
832 2623 850 2655 ι
875 2602 1143 2671 Quoniam
1167 2604 1630 2661 Chalcedonensis
1652 2618 1813 2676 syno-

225 2690 329 2746 dus
343 2709 455 2747 non
480 2696 656 2749 solum
676 2695 877 2751 Leonis
896 2705 1096 2753 sanctae
1114 2698 1411 2764 memoria,
1434 2713 1626 2753 verum
1647 2696 1811 2752 etiam

224 2792 279 2838 et
306 2782 496 2855 Cyrilli
516 2784 1010 2841 Alexandrinorum
1036 2804 1067 2842 a
1088 2789 1199 2843 Deo
1221 2788 1386 2843 amati
1403 2788 1662 2858 pastoris,
1689 2803 1807 2844 me-

225 2877 458 2931 moriam
484 2876 539 2931 in
569 2877 873 2933 orthodoxa
896 2878 1002 2933 fide
1031 2878 1188 2945 fecit;
1221 2887 1279 2933 et
1315 2878 1553 2951 Cyrillus
1586 2878 1809 2949 quidem

225 2969 629 3026 Alexandrinus
663 2971 719 3025 in
762 2971 1034 3043 diptychis
1080 2971 1428 3042 praedicatur,
1472 2971 1585 3027 Leo
1622 2980 1807 3028 autem

226 3063 429 3110 sancta:
458 3056 736 3111 memoria:
762 3073 871 3110 non
893 3055 1253 3127 praedicatur;
1280 3058 1490 3128 justum
1531 3064 1808 3127 putamus,

225 3156 288 3200 ut
310 3146 459 3218 quod
484 3146 658 3202 defuit
678 3148 997 3219 suppleatur
1025 3166 1041 3203 :
1072 3158 1129 3203 ct
1155 3147 1284 3218 quia
1302 3147 1585 3218 aequaliter
1610 3146 1683 3201 ab
1708 3146 1811 3200 hac

224 3248 415 3294 sancta
449 3240 657 3310 synodo
697 3256 800 3311 pro
838 3248 980 3294 statu
1028 3238 1348 3293 orthodoxa:
1385 3236 1511 3291 fidei
1557 3234 1814 3290 honorati

224 3340 358 3386 sunt
386 3330 661 3396 similiter,
696 3341 753 3386 et
780 3332 836 3386 in
870 3332 1041 3386 sacris
1066 3329 1340 3402 diptychis
1382 3342 1484 3400 pro
1502 3327 1738 3382 utilitate
1759 3333 1815 3382 et

225 3436 362 3492 pace
390 3421 645 3476 Ecclesia:
671 3421 1057 3490 praedicentur.
1093 3439 1111 3470 ι

294 3513 351 3567 2.
372 3511 547 3567 (ἔτκοί
566 3520 730 3583 agunt
753 3511 809 3566 S.
833 3510 1020 3583 Cyrilli
1055 3528 1107 3565 ix
1142 3510 1290 3567 Junii
1312 3508 1680 3573 festivitatem,
1702 3522 1813 3578 quo

225 3602 318 3659 die
349 3602 715 3673 Mcnologium
745 3621 759 3655 :
804 3622 821 3653 ς
860 3603 1068 3659 Natalis
1094 3603 1150 3657 S.
1176 3602 1386 3675 Cyrilli,
1409 3600 1513 3655 viri
1548 3599 1812 3654 eruditis-

226 3693 376 3759 simi,
418 3694 701 3749 catholica‘,
742 3692 868 3748 ﬁdei
904 3694 1326 3765 propugnatoris
1366 3692 1611 3763 egregii:
1648 3705 1811 3761 quem

228 3800 482 3841 summus
507 3785 754 3856 pontifex
775 3784 1106 3840 Coelestinus
1132 3784 1392 3839 idoneum
1409 3782 1677 3856 judicavit
1721 3780 1812 3837 cui

228 3892 360 3932 suas
412 3876 562 3932 vices
619 3876 676 3931 in
728 3876 1008 3947 Ephesino
1048 3875 1283 3930 concilio
1328 3874 1622 3946 delegaret.
1682 3891 1700 3924 ι
1752 3871 1813 3925 In

230 3965 453 4022 Menaeis
477 3986 524 4020 ει
548 3966 740 4023 Sancti
759 3968 938 4023 Patris
966 3966 1140 4023 nostri
1160 3966 1369 4039 Cyrilli,
1397 3966 1555 4037 Papae
1576 3964 1813 4019 Alexan-

228 4056 398 4113 drini.
439 4078 457 4111 ι

375 4167 813 4240 Κύριλλονᾉῦμνῶ
839 4168 933 4240 τοῦ
967 4168 1176 4240 Κυρίου
1211 4166 1532 4240 μορ-φίλον,

375 4186 635 4290 nuptum)
658 4186 813 4239 υμνω
839 4187 933 4223 του
968 4186 1176 4249 nupta»
1211 4186 1313 4237 μου
1344 4186 1451 4235 φιλ(

371 4239 460 4290 Κα
514 4238 725 4310 Κυρίας
755 4239 1038 4310 πρόμαχον
1069 4235 1451 4307 αειπαρθένου.

373 4343 635 4415 Cyrillum
660 4344 859 4400 celebro
890 4343 1102 4398 Domini
1118 4343 1232 4415 Antei
1260 4341 1507 4403 amicum,

371 4412 443 4469 Et
485 4415 725 4469 Domina:
756 4430 960 4484 semper
996 4413 1210 4483 virginis
1242 4416 1707 4482 propugnatorem.

296 4547 358 4604 5.
403 4548 580 4604 Variis
607 4547 852 4618 ejusdem
880 4547 1115 4602 virtutes
1139 4544 1280 4607 odis,
1316 4539 1554 4613 hymnis,
1592 4548 1649 4593 et
1676 4535 1817 4591 anti-

227 4640 433 4710 phonis
457 4641 807 4696 celebrantur
836 4639 893 4693 in
912 4638 1120 4695 eisdem
1152 4634 1390 4699 Menaeis,
1416 4643 1533 4688 tum
1562 4630 1667 4684 hoc
1703 4628 1812 4693 die,

226 4741 346 4786 tum
378 4748 506 4787 xvm
534 4732 802 4796 Januarii,
842 4744 953 4800 quo
983 4728 1213 4785 solemni
1242 4740 1371 4781 eum
1395 4724 1550 4780 cultu
1591 4721 1813 4784 iterum,

226 4838 338 4877 una
363 4838 487 4877 cum
515 4823 571 4877 S.
599 4822 916 4888 Athanasio,
941 4828 1295 4883 venerantur,
1321 4827 1377 4873 et
1399 4816 1505 4871 hoc
1522 4825 1815 4883 utrumque

223 4922 434 4969 emant
459 4914 746 4969 encomio:
799 4930 817 4964 ι
854 4911 950 4968 SS.
986 4908 1318 4966 Athanasius
1347 4916 1404 4963 et
1439 4906 1674 4978 Cyrillus
1716 4919 1815 4975 pa.

224 5002 487 5056 triarchae
514 5001 890 5057 Alexandrini.
914 5000 997 5055 Ex
1022 5000 1110 5055 his
1142 4998 1361 5053 duobus
1396 4994 1457 5052 S.
1485 4994 1817 5051 Athanasius

221 5092 370 5146 vixit
422 5091 726 5162 imperante
767 5091 1135 5147 Constantino
1182 5088 1395 5159 Magno,
1439 5095 1495 5143 et
1539 5086 1597 5143 in
1637 5085 1817 5156 primo

221 5181 465 5234 concilio
486 5180 727 5246 Nicaano,
756 5181 1001 5236 nondum
1035 5179 1325 5249 episcopus
1362 5186 1599 5239 amatus,
1632 5175 1817 5230 verbis

220 5280 278 5323 et
319 5271 547 5340 scriptis
576 5271 860 5341 sapientiai
879 5271 1060 5341 plenis
1087 5272 1281 5327 Arium
1298 5268 1608 5325 confutavit
1633 5276 1688 5323 et
1716 5282 1816 5338 pu-

221 5360 449 5415 defecit.
475 5361 607 5416 Post
634 5372 868 5421 mortem
890 5378 1025 5418 vero
1052 5362 1347 5418 Alexandri
1366 5360 1816 5435 archiepiscopus

219 5450 574 5509 Alexandria
615 5454 924 5519 ordinatus,
964 5470 996 5509 a
1025 5454 1346 5512 Constantio
1394 5453 1565 5510 variis
1608 5450 1816 5507 exsiliis

1837 1478 1882 1533 Α
1909 1466 2200 1538 Theophili
2223 1468 2620 1538 archiepiscopi
2646 1466 3001 1523 Alexandrini
3024 1482 3059 1522 e
3082 1481 3273 1524 sorore
3299 1482 3490 1539 nepos,

1905 1570 1965 1615 et
1985 1560 2041 1614 in
2067 1560 2197 1615 sede
2225 1558 2678 1629 archiepiscopali
2704 1573 3009 1624 successor,
3043 1561 3137 1629 qui
3167 1559 3342 1620 tertiae
3363 1577 3491 1633 syn-

1907 1651 2016 1706 odo
2048 1652 2249 1722 Ephesi
2294 1652 2585 1707 celebratas
2625 1651 2881 1721 praefuit,
2934 1662 2991 1707 ct
3020 1652 3334 1707 Nestorium
3375 1653 3491 1723 (qui

1908 1745 2081 1799 multa
2110 1744 2425 1814 blasphema
2462 1744 2519 1797 in
2538 1744 2825 1798 Dominam
2856 1753 3095 1799 nostram
3129 1743 3226 1798 Dei
3264 1744 3493 1814 genitri-

1907 1850 2028 1890 cem
2071 1835 2323 1905 dogmata
2362 1836 2629 1905 evomuit)
2676 1834 2959 1889 damnavit
2998 1844 3055 1889 et
3096 1836 3491 1890 exauctoravit.

1905 1925 2145 1997 Cyrillus
2174 1940 2327 1990 vero,
2358 1940 2485 1980 cum
2520 1925 2709 1979 multis
2731 1926 2991 1995 praselare
3016 1924 3174 1980 factis
3199 1936 3255 1981 et
3276 1927 3493 1981 virtuti-

1910 2018 2014 2074 bus
2036 2018 2318 2080 eluxisset,
2345 2017 2410 2070 ad
2450 2016 2743 2070 Dominum
2772 2015 3047 2086 migravit.

1980 2107 2034 2161 4.
2085 2125 2103 2157 ι
2140 2105 2273 2161 Erat
2318 2105 2653 2161 Athanasius
2688 2106 2952 2159 mediocri
2978 2115 3186 2161 statura
3223 2109 3490 2176 corporis,

1910 2196 2157 2251 modeste
2185 2197 2351 2261 latus,
2380 2196 2663 2261 incurvus,
2691 2205 2846 2267 grato
2862 2204 3111 2265 aspectu,
3132 2194 3351 2250 decenti
3377 2197 3493 2251 cal-

1909 2287 2060 2351 vitie,
2099 2288 2314 2342 adunco
2343 2303 2506 2354 naso;
2538 2288 2708 2343 barba
2736 2300 2847 2344 non
2885 2286 3179 2342 admodum
3202 2288 3491 2357 promissa,

1910 2378 2005 2433 sed
2047 2378 2245 2433 ditl‘usa
2287 2389 2345 2434 et
2377 2394 2544 2449 genas
2572 2378 2872 2445 vestiente;
2915 2393 3009 2433 ore
3042 2378 3220 2442 brevi,
3252 2388 3309 2433 et
3335 2378 3490 2448 quasi

1911 2468 2111 2535 inciso;
2136 2483 2248 2525 non
2274 2470 2665 2525 omninO'cano
2693 2471 2894 2540 capite,
2934 2484 3038 2525 nec
3059 2485 3198 2539 pure
3215 2470 3365 2534 albo,
3396 2470 3494 2525 sed

1909 2559 2175 2616 subﬂavo.
2203 2560 2436 2616 Sanctus
2470 2571 2655 2617 autem
2679 2560 2919 2632 Cyrillus
2938 2560 3103 2615 breve
3129 2560 3261 2630 quid
3287 2561 3497 2616 habens

1912 2662 2036 2707 cum
2067 2653 2251 2708 colore
2282 2652 2541 2723 gratiore,
2566 2653 2831 2707 abnuenti
2847 2651 3044 2707 similis
3072 2662 3327 2723 aspectu;
3356 2653 3496 2711 den-

1910 2742 1989 2797 sis
2042 2753 2099 2798 et
2143 2743 2338 2813 pilosis
2385 2743 2696 2813 superciliis
2744 2743 3065 2815 magnisque
3104 2753 3164 2801 ct
3206 2744 3263 2798 in
3307 2760 3496 2801 arcum

1839 2833 1883 2889 Β
1909 2832 2083 2899 ﬂexis,
2123 2835 2469 2905 frontemque
2510 2834 2925 2901 claudentibus;
2962 2849 3099 2889 naso
3130 2835 3301 2905 justo,
3338 2837 3498 2907 cuius

1912 2924 2287 2996 diaphragma,
2339 2940 2437 2979 seu
2486 2925 2838 2981 intervallum
2878 2926 3116 2993 narium,
3160 2928 3498 2983 commotius

1909 3024 2063 3081 erat;
2100 3016 2255 3086 genis
2269 3016 2531 3081 extensis,
2557 3016 2718 3071 labiis
2740 3017 3101 3083 tumentibus,
3123 3032 3220 3073 ore
3249 3018 3495 3085 diducto,

1909 3106 2089 3160 fronte
2120 3106 2456 3177 angustiore,
2488 3106 2586 3161 sed
2618 3107 2887 3171 recalvus,
2920 3108 3087 3162 densa
3135 3123 3201 3163 ac
3231 3110 3499 3179 promissa

1910 3196 2081 3251 barba
2107 3196 2461 3262 venerabilis,
2484 3198 2670 3268 crispo
2703 3197 2960 3268 utrinque
2987 3198 3189 3268 capillo
3227 3209 3285 3255 et
3330 3200 3498 3256 flave-

1910 3296 2096 3343 scente
2134 3302 2203 3343 ac
2241 3288 2539 3344 semicano.
2581 3287 2829 3355 Quorum
2868 3286 2987 3345 dics
3021 3289 3197 3346 festus
3229 3291 3412 3363 agitur
3441 3292 3498 3347 in

1912 3377 2268 3433 sanctissimae
2297 3377 2516 3447 Soth
2538 3379 2763 3449 templo.
2808 3397 2827 3430 ι

1983 3468 2035 3522 5.
2102 3468 2285 3524 Latini
2337 3467 2607 3541 Cyrillum
2666 3470 2775 3526 hoc
2835 3485 2998 3525 xxvm
3051 3469 3301 3527 Januarii
3356 3472 3503 3528 refe-

1913 3568 2061 3614 runt.
2084 3558 2385 3630 Antiquam
2415 3560 2473 3615 S.
2496 3559 2716 3616 Martini
2738 3558 2984 3616 Treviris
3017 3561 3499 3636 Martyrologium:

1921 3669 1940 3701 ‹
1978 3650 2039 3704 in
2063 3650 2414 3716 Alexandria,
2455 3649 2648 3723 Cyrilli
2693 3650 2939 3723 episcopi
2986 3660 3044 3707 et
3076 3653 3430 3711 confessoris.
3476 3676 3497 3710 ι

1914 3740 2218 3807 Usuardus,
2242 3741 2408 3807 Beda,
2432 3741 2572 3806 Ado,
2598 3740 2893 3807 Notkerus,
2917 3742 3195 3799 Bellinus:
3227 3764 3245 3796 α
3269 3746 3505 3801 Alexan-

1915 3832 2069 3896 driaz,
2097 3832 2157 3886 B.
2181 3832 2371 3905 Cyrilli
2396 3833 2664 3903 episcopi,
2696 3834 3091 3903 quicatholicaa
3128 3834 3255 3890 fidei
3279 3838 3505 3906 praecla-

1916 3924 2165 3979 rissimus
2197 3925 2408 3980 exstitit
2435 3935 2825 3995 propugnator.
2858 3944 2874 3975 ι
2908 3924 3111 3981 Eadem
3153 3926 3361 3981 habent
3383 3941 3502 3983 ma-

1916 4015 2197 4085 nuscripta
2237 4016 2508 4086 plurima;
2543 4016 2764 4071 additur
2790 4016 2849 4071 in
2880 4016 3156 4075 Romano:
3192 4035 3211 4067 ι
3243 4017 3505 4076 Doctrina

1916 4114 1976 4160 ct
2004 4105 2295 4160 sanctitate
2345 4105 2576 4161 illustris
2612 4105 2823 4175 quievit
2857 4106 2916 4159 in
2948 4120 3103 4175 pace.
3143 4125 3162 4157 ι
3189 4105 3505 4164 Galesinius

1831 4185 1876 4242 (Ξ
1914 4206 2120 4252 mutata
2161 4197 2384 4267 paulum
2436 4198 2670 4268 phrasi:
2720 4217 2739 4250 ι
2789 4197 3154 4263 Alexandriae,
3204 4198 3263 4255 S.
3306 4198 3505 4271 Cyrilli

1912 4286 2174 4356 episcopi,
2212 4286 2468 4344 acerrimi
2506 4286 3014 4357 religiosissimique
3055 4286 3185 4343 fidei
3218 4288 3505 4346 catholica

1912 4376 2240 4432 defensoris.
2292 4397 2311 4430 ι
2358 4378 2666 4433 Florarium
2721 4392 2827 4431 ms.
2874 4386 2933 4432 et
2978 4377 3258 4447 Martyrol.
3303 4376 3502 4435 Colon.

1913 4468 2298 4523 Alexandriam
2341 4468 2401 4523 in
2431 4467 2646 4523 Graecia
2675 4468 2980 4532 collocant,
3020 4469 3236 4523 enormi
3277 4471 3503 4537 mendo,

1916 4559 2024 4613 nisi
2042 4557 2308 4613 Graeciam
2342 4559 2670 4629 generaliter
2695 4559 3055 4629 accipiamus,
3087 4574 3197 4627 qua
3223 4558 3332 4617 late
3372 4569 3506 4615 tunc

1916 4663 2016 4717 per
2038 4647 2318 4705 Orientem
2340 4649 2515 4706 Graeci
2545 4649 2817 4705 sermonis
2841 4664 2973 4703 usus
2999 4650 3241 4715 exstitit;
3263 4664 3389 4705 xxxx
3408 4650 3503 4706 Ja-

1917 4740 2100 4795 nuarii
2141 4740 2313 4796 refert
2350 4757 2477 4795 eum
2520 4741 2788 4807 Felicius;
2833 4749 3070 4811 utroque
3114 4741 3501 4812 Maurolycus:

1914 4848 1949 4888 a
1975 4833 2199 4902 quibus,
2232 4836 2313 4889 uti
2342 4835 2509 4891 etiam
2536 4834 2640 4889 hoc
2664 4833 2754 4888 die
2785 4833 2841 4887 in
2863 4832 3250 4904 Martyrologio
3272 4831 3501 4887 Germa-

1917 4926 2064 4989 nico,
2095 4924 2296 4980 dicitur
2330 4945 2348 4976 ‹
2380 4926 2693 4981 Theodosio
2730 4923 2961 4979 Seniore
2994 4925 3303 4992 imperante
3343 4923 3503 4992 quie-

1918 5019 2084 5075 visse.
2123 5039 2140 5070 ι

1983 5111 2039 5166 8.
2066 5111 2177 5165 llos
2200 5110 2338 5166 forte
2371 5120 2594 5165 secutus
2621 5110 2884 5179 Alegreus
2902 5107 2959 5161 in
2988 5105 3250 5162 Paradiso
3274 5105 3504 5163 Carme-

1916 5202 2053 5257 litici
2076 5202 2313 5268 decoris,
2365 5212 2508 5261 statu
2535 5202 2589 5266 2,
2620 5209 2781 5257 aetate
2810 5201 2862 5263 6,
2888 5214 2938 5253 c.
2985 5198 3073 5262 £2,
3121 5198 3197 5253 ita
3236 5198 3502 5269 scripsit:

1925 5314 1944 5346 ι
1971 5292 2217 5350 Tandem
2241 5296 2530 5365 sapientia,
2556 5293 2893 5363 eloquentia,
2928 5292 3180 5347 acumine
3203 5301 3260 5347 et
3296 5292 3502 5347 sancti-

1917 5394 2027 5441 tate
2076 5386 2323 5457 insignis,
2375 5387 2648 5457 gloriosus
2693 5384 2797 5439 sub
2850 5384 3163 5440 Theodosio
3212 5383 3405 5454 Magno
3445 5394 3505 5440 et

1916 5478 2213 5535 leestino
2249 5495 2387 5550 papa
2413 5479 2435 5533 l
2480 5479 2776 5541 claruerat,
2809 5478 2970 5537 annis
2992 5477 3066 5532 ab
3096 5477 3318 5532 obtenta
3350 5474 3505 5531 orbis

220 5543 526 5609 exercitus,
567 5560 666 5616 per
690 5545 832 5602 duos
869 5556 927 5602 et
967 5546 1327 5618 quadraginta
1369 5560 1542 5638 annus
1580 5541 1816 5638 3§Sidui5
1846 5523 1891 5577 Β
1917 5568 2091 5623 salute
2109 5523 2401 5624 lujAst
2432 5568 2533 5623 ista
2557 5582 2721 5638 quam
2751 5523 2978 5632 distant,
3013 5567 3304 5637 imperium
3326 5565 3505 5621 Theo-

220 5637 710 5705 persecutionibus
744 5638 1069 5708 exagitatus,
1101 5638 1356 5709 migravit
1393 5636 1461 5691 ad
1493 5634 1805 5691 Dominum.

219 5724 463 5785 Sanctus
477 5736 657 5783 autem
679 5727 919 5801 Cyrillus
934 5731 1036 5785 sub
1054 5729 1361 5785 Theodosio
1376 5729 1583 5785 Minore
1600 5726 1808 5790 ﬂoruit,

470 5847 750 5908 Pnaon.
784 5848 900 5909 Gn.
935 5849 1194 5909 LXVIII.

1917 5660 2057 5716 dosii
2090 5660 2287 5731 Magni,
2316 5670 2373 5717 et
2407 5659 2688 5717 Coelestini
2716 5661 3099 5732 pontiﬁcatus!
3136 5659 3384 5714 Mortuus
3420 5666 3507 5714 est

1920 5751 2263 5808 Theodosihs
2278 5752 2522 5826 Magnus,
2543 5753 2661 5809 sive
2693 5753 3024 5827 Scnior,'.an.
3047 5751 3180 5806 Chr.
3208 5751 3332 5807 595.
3360 5750 3503 5805 Eve-

3073 5847 3098 5909 1
