4154 6532
529 366 587 423 il
1853 355 1908 408 s.
1951 346 2129 407 crnn

2270 346 2448 401 VITA.
3728 328 3795 385 19

526 495 648 543 ctua
668 490 754 538 est
772 481 843 537 ad
872 440 1130 537 Romana
1162 477 1419 536 Ecclesia
1440 472 1822 545 pontiﬁcatum
1853 467 2105 525 Calesti—
2134 470 2184 527 Α
2211 469 2480 532 pugnaret
2512 459 2568 513 in
2592 456 2855 512 Paradiso
2893 448 3227 511 Carmelitico
3252 467 3269 503 ι
3306 468 3323 500 ι
3356 446 3414 502 S.
3432 436 3690 517 Cyrillus,
3711 442 3791 497 in-

526 591 631 630 nus
650 590 739 628 an.
762 571 893 628 Chr.
934 571 1057 635 425,
1089 569 1389 625 Mariniano
1434 575 1490 619 et
1537 560 1920 632 Asclepiodoto
1964 572 2105 611 coss.

526 665 866 735 Theophilus
885 662 1179 733 episcOpus
1206 656 1625 720 Alexandrinus,
1650 652 1837 725 Cyrilli
1855 651 2111 705 decessor

524 765 582 811 et
611 765 861 825 patruus,
901 753 1040 808 obiit
1091 766 1158 805 xv
1208 740 1432 802 Octobr.
1478 744 1607 798 anni
1650 741 1774 805 412,
1820 754 1930 809 quo
1969 751 2110 791 coss.

526 857 685 903 erant
738 845 1016 900 Honorius
1071 841 1208 910 Aug.
1284 854 1361 901 ix,
1413 845 1470 891 et
1525 831 1868 889 Theodosius
1918 828 2112 885 Junior

526 939 665 1010 Aug.
715 955 767 992 v.
807 935 873 991 At
901 934 1060 990 tertio
1082 942 1207 1003 post
1234 927 1522 997 Theophili
1555 926 1764 980 obitum
1789 922 1877 976 die
1898 920 2111 989 episco-

526 1041 657 1103 patu
689 1028 895 1100 potitus
936 1033 1019 1080 est
1055 1023 1313 1096 Cyrillus,
1345 1030 1406 1075 ut
1434 1018 1574 1073 infra
1608 1032 1675 1071 ex
1707 1015 1929 1069 Socrate
1962 1011 2114 1064 dice-

528 1133 641 1178 tur.
667 1119 915 1190 Triginta
948 1132 1076 1171 eum
1101 1124 1158 1171 et
1188 1114 1330 1169 duos
1358 1126 1531 1166 annos
1567 1108 1881 1177 episcopum
1917 1102 2115 1157 vixisse

527 1220 799 1269 testantur
824 1210 944 1280 ejus
961 1223 1028 1263 ex
1060 1219 1247 1261 sorore
1273 1216 1443 1273 nepos
1471 1198 1805 1256 Athanasius
1831 1194 2116 1265 presbyter

526 1314 583 1360 et
631 1302 956 1357 Theodorus
1002 1298 1270 1353 diaconus
1320 1292 1683 1354 Alexandriae,
1711 1290 1767 1343 in
1808 1286 2006 1342 libellis
2049 1284 2117 1339 ad

530 1394 771 1450 Leonem
795 1406 994 1463 papam
1018 1398 1074 1444 et
1096 1388 1164 1443 ad
1200 1383 1647 1443 Chalcedonense
1666 1379 1980 1442 concilium,
2009 1376 2116 1431 hu-

523 1487 616 1558 jus
666 1481 870 1538 actioni
914 1481 948 1534 3
998 1478 1255 1543 insertis,
1318 1476 1450 1530 licet
1494 1474 1549 1528 in
1598 1470 1876 1527 Theodori
1930 1469 2117 1523 libello

526 1576 713 1631 Graec
738 1574 855 1629 hac
875 1571 1045 1627 verba
1063 1585 1175 1624 non
1195 1569 1467 1639 legantur.
1491 1564 1806 1634 Sequuntur
1832 1562 2121 1617 Liberatus

526 1668 794 1722 diaconus
822 1664 879 1718 in
899 1662 1202 1726 Breviario,
1228 1676 1279 1715 c.
1315 1660 1402 1724 10,
1429 1658 1775 1729 Nieephorus
1798 1655 1837 1707 l.
1865 1669 1951 1707 xiv
1982 1652 2120 1706 Hist.

529 1747 702 1823 Eccl.,
736 1772 785 1812 c.
828 1757 917 1811 47.
952 1753 1150 1824 Attigit
1197 1753 1364 1823 igitur
1414 1749 1702 1805 minimum
1745 1759 1949 1800 annum
1989 1742 2119 1797 Chr.

529 1851 659 1913 ω,
688 1863 799 1919 quo
819 1862 947 1902 eum
981 1845 1248 1900 Baronius
1286 1843 1489 1911 aliique
1526 1838 1860 1895 recentiores
1874 1834 2123 1888 scribunt

531 1938 757 2001 abiisse,
794 1935 897 1991 sub
918 1932 1214 1988 Theodosii
1242 1930 1487 1987 Junioris
1508 1926 1758 1997 imperio,
1789 1922 1989 1978 Leonis
2016 1920 2125 1974 Ma-

534 2028 626 2100 gni
654 2025 993 2099 pontiﬁcatu.
1028 2023 1182 2078 Diem
1216 2021 1403 2075 obitus
1428 2027 1679 2074 statuunt
1707 2034 1738 2071 v
1765 2014 1892 2069 ldus
1928 2011 2077 2067 Junii
2105 2050 2119 2075 ,

534 2118 685 2189 quod
724 2117 782 2171 in
820 2116 1140 2171 Gracorum
1185 2111 1490 2181 Menologio
1534 2107 1740 2163 Natalis
1776 2112 2024 2165 vocetur,
2064 2109 2125 2153 ut

531 2225 699 2282 supra
726 2207 957 2270 dictum,
987 2204 1260 2274 adeoque,
1287 2210 1348 2256 ut
1375 2201 1664 2254 Liberatus
1690 2194 1931 2257 scribit,c
1958 2191 2123 2261 trige-

532 2300 679 2356 simo
723 2308 781 2354 et
819 2296 1063 2353 secundo
1093 2295 1444 2365 episcopatus
1492 2290 1578 2345 sui
1626 2302 1769 2342 anno
1820 2294 2070 2339 mortuus
2100 2301 2117 2331 ι

534 2390 773 2445 dicetur.
805 2388 1010 2443 Verum
1039 2397 1166 2439 cum
1197 2383 1322 2437 dies
1346 2379 1556 2435 Natalis
1584 2376 1639 2430 in
1661 2373 1832 2429 sacris
1857 2370 2009 2425 fastis
2033 2382 2124 2423 so-

534 2482 778 2538 lemnem
815 2478 1081 2532 duntaxat
1104 2489 1172 2529 eo
1198 2474 1287 2528 die
1319 2469 1511 2525 haberi
1526 2476 1714 2523 sancto
1739 2462 1976 2533 cuipiam
2006 2459 2125 2515 cul-

536 2572 652 2630 t'um
690 2584 1068 2640 sapenumero
1109 2564 1410 2636 signiﬁcet,
1454 2576 1647 2632 parum
1689 2559 1741 2613 id
1772 2555 2005 2611 solidum
2042 2560 2129 2604 est

536 2671 944 2735 argumentum.
976 2659 1045 2714 Et
1088 2656 1341 2723 fortassis
1386 2654 1491 2708 hoc
1544 2667 1707 2706 xxviii
1747 2650 1865 2704 Jan.
1902 2661 1990 2700 an.
2027 2643 2129 2697 445

538 2731 806 2815 decessit,
829 2747 1051 2818 triginta
1084 2746 1303 2801 duobus
1327 2744 1386 2798 in
1417 2741 1736 2813 episcopatu
1761 2735 1919 2790 annis
1942 2731 2128 2802 exple-

540 2839 632 2904 tis,
674 2845 736 2893 ut
764 2835 1119 2900 Athanasius,
1168 2831 1514 2896 Theodorus,
1560 2838 1617 2884 et
1658 2825 2002 2895 Nicephorus
2041 2820 2128 2875 in-

539 2929 745 2986 dicant.

610 3019 665 3072 7.
704 3015 962 3072 Octavius
1000 3010 1323 3070 Pancirolus
1362 3011 1418 3064 in
1462 3004 1759 3062 Thesauris
1795 2995 2131 3055 absconditis

539 3111 697 3166 alma
735 3106 916 3169 Urbis,
960 3106 1180 3175 regione
1211 3104 1265 3166 5,
1308 3101 1442 3156 eccl.
1484 3098 1542 3161 2,
1576 3094 1768 3151 scribit
1796 3092 2027 3147 excitata
2061 3088 2131 3142 ab
2158 3126 2202 3184 ο

542 3202 712 3272 impio
737 3199 920 3254 Leone
937 3195 1179 3252 Isaurico
1198 3202 1389 3249 contra
1414 3204 1599 3245 sacras
1623 3184 1887 3255 imagines
1910 3190 2130 3236 sancto-

550 3308 786 3363 rumque
840 3288 1122 3359 reliquias,
1176 3282 1580 3355 persecutione,
1616 3278 1759 3331 inter
1786 3272 2045 3345 profugos
2067 3286 2135 3325 ex

542 3383 765 3442 Oriente
792 3380 1111 3443 monachos,
1138 3372 1582 3432 sanctimoniales
1622 3369 1761 3423 duas
1788 3366 1956 3420 fuisse
1987 3378 2130 3433 qua,

544 3485 745 3547 prater
792 3472 899 3527 alia
945 3478 1260 3525 sanctorum
1302 3465 1549 3536 pignora,
1593 3458 1839 3530 quadam
1880 3455 2045 3526 hujus
2076 3453 2131 3509 S.

544 3545 732 3637 Cyrilli
762 3564 992 3619 Romam
1026 3558 1332 3619 attulerint,
1376 3567 1546 3624 eaque
1578 3547 1844 3606 asservari
1870 3547 1927 3601 in
1958 3545 2135 3599 eccle-

547 3649 627 3712 3ia
651 3653 708 3711 S.
739 3651 919 3706 Maria:
946 3648 1000 3703 in
1025 3646 1232 3717 Campo
1254 3643 1467 3700 Martio.

855 3806 887 3880 5
919 3806 984 3862 ll.
1012 3803 1223 3869 Patria,
1247 3799 1443 3865 studia,
1468 3796 1833 3852 monachatus.

622 3944 675 4000 8.
705 3938 1178 4013 Religiosissimns
1206 3930 1490 3990 Carmelit.
1513 3928 1651 3985 ordo
1684 3927 1743 3983 S.
1766 3924 1955 3997 Cyrilli
1980 3931 2135 3978 nata-

551 4039 661 4094 lem
681 4033 845 4091 oiiicii
885 4028 1123 4101 duplicis
1145 4023 1491 4081 solemnitate
1520 4019 1763 4075 celebrat
1783 4031 1945 4070 xxviii
1988 4014 2133 4077 Jan.,

552 4142 663 4198 quo
694 4126 785 4181 die
823 4122 1058 4178 lectione
1094 4126 1292 4188 quarta
1336 4112 1405 4168 ad
1457 4108 1758 4167 secundum
1796 4107 2136 4162 Nocturnum

553 4218 758 4274 hacin
800 4212 1081 4272 Matutinis
1130 4208 1473 4264 recitantur:
1515 4223 1532 4255 ι
1564 4201 1800 4274 Cyrillus
1846 4200 2137 4270 episcOpus

553 4307 958 4366 Alexandrinus
978 4302 1139 4357 claris
1157 4296 1476 4370 parentibus
1493 4305 1666 4358 ortus,
1694 4290 1979 4361 Theophili
2008 4290 2139 4345 item

553 4400 797 4473 episcopi
820 4393 1178 4453 Alexandrini
1208 4407 1276 4446 ex
1316 4390 1482 4444 fratre
1512 4400 1703 4456 nepos,
1738 4400 1769 4439 a
1804 4398 1913 4453 quo
1951 4380 2140 4436 adole-

554 4469 714 4546 scens
734 4486 977 4541 Athenas
1001 4481 1310 4538 studiorum
1343 4492 1507 4532 causa
1544 4476 1763 4538 missus,
1797 4486 1922 4527 cum
1961 4469 2138 4540 pluri-

554 4593 707 4634 mum
732 4574 1073 4647 profecisset,
1109 4570 1179 4623 ad
1217 4570 1484 4624 Joannem
1524 4566 1841 4635 episcopum
1879 4561 2140 4616 Hierosod

524 4724 530 4739 ,
555 4668 899 4741 lymitanum,
928 4674 989 4719 ut
1010 4662 1338 4718 Christiana
1363 4658 1487 4713 vita
1504 4656 1840 4728 perfectione
1861 4654 2137 4708 imbuere-

557 4769 671 4825 tur,
706 4771 766 4813 se
798 4755 1053 4811 contulit.
1093 4751 1264 4822 Cujus
1297 4746 1695 4804 consuetudine
1732 4745 1790 4798 in
1828 4743 2139 4799 Carmelum

558 4857 803 4903 montem
836 4843 1120 4907 secedens,
1170 4841 1248 4895 ibi
1291 4855 1417 4895 cum
1459 4837 1667 4908 aliquot
1703 4835 1809 4906 piis
1854 4834 1988 4888 viris
2030 4832 2143 4887 illic

562 4938 892 5011 degentibus
946 4935 1223 4991 caelestem
1272 4932 1441 4987 vitam
1499 4931 1557 4984 in
1619 4939 1769 4984 terra
1824 4925 2143 4997 aliquandiu

561 5036 691 5105 egit.
725 5052 744 5084 ›
794 5031 921 5087 Hac
958 5029 1056 5084 ibi.
1091 5026 1338 5082 Andreas
1380 5023 1598 5078 Scottus
1635 5030 1822 5076 noster
1860 5018 1916 5072 in
1954 5017 2143 5089 Cyrilli

558 5125 759 5196 elogio,
777 5121 925 5193 quod
944 5122 1066 5191 ejus
1084 5115 1432 5173 sermonibus
1449 5111 1803 5168 Paschalibus
1820 5125 1852 5163 a
1870 5124 1928 5163 se
1950 5107 2143 5162 Latine

561 5214 737 5271 versis
762 5209 1014 5284 praﬁxit,
1047 5208 1165 5262 hac
1186 5205 1255 5261 de
1284 5204 1405 5274 ejus
1428 5210 1553 5256 ante
1575 5200 1948 5270 episcopatum
1978 5196 2147 5268 gestis

562 5305 757 5361 scribit
787 5322 799 5357 :
844 5322 862 5354 ί
891 5298 1235 5356 Alexandria
1261 5292 1719 5366 Egypti'civitate
1749 5300 1939 5346 natum
1966 5289 2143 5360 Cyri]-

562 5400 676 5454 lum
695 5403 925 5466 apparet
947 5389 1268 5462 parentibus
1299 5385 1579 5451 honestis;
1626 5392 1684 5439 et
1716 5381 1916 5437 litteris
1938 5380 2143 5435 ibidem

561 5489 856 5550 imbutum,
881 5482 975 5539 ubi
999 5479 1299 5551 disciplina
1319 5486 1435 5533 tum
1452 5476 1686 5531 maxime
1710 5474 1766 5528 in
1785 5474 1878 5528 illa
1899 5473 2145 5545 vigerent

563 5577 873 5635 Academia.
899 5575 1195 5630 Parentum
1222 5568 1444 5625 nomina
1466 5566 1710 5622 nondum
1741 5565 2007 5635 comperi.
2040 5564 2145 5619 Pa-

564 5682 748 5728 truum
776 5666 970 5722 habuit
1002 5659 1387 5733 Theophilum,
1428 5678 1446 5711 ι
1487 5667 1593 5713 etc.

631 5764 687 5819 9.
714 5761 837 5818 llac
868 5759 937 5813 de
969 5756 1147 5829 patria
1178 5753 1509 5819 sufﬁcerent,
1531 5750 1637 5807 nisi
1669 5749 1932 5822 Alegreus
1951 5758 2143 5805 contra

2214 554 2359 625 quit,
2384 553 2674 623 episcOpus
2728 547 3148 608 Alexandrinus,
3186 540 3406 597 natione
3425 537 3665 597 Gracus,
3700 548 3791 603 pa-

2213 623 2319 702 tria
2342 640 2993 710 Constantinopolitanus.
3025 655 3042 688 ι
3078 631 3437 690 Tritthemius
3455 640 3675 698 quoque
3698 623 3799 677 lib.

2212 738 2289 793 De
2317 734 2678 805 scriptoribus
2709 727 3099 787 ecclesiasticis
3127 726 3183 780 in
3207 723 3448 778 editione
3481 713 3800 775 Coloniensi

2215 828 2361 884 Petri
2400 824 2674 893 Quentelii
2698 839 2787 877 an.
2831 820 2989 883 1546,
3017 825 3072 873 et
3092 809 3538 871 Francofurtensi
3563 806 3789 864 Wechc-

2215 920 2359 974 liana
2405 932 2497 971 an.
2535 914 2693 978 1601,
2738 932 2755 963 ‹
2793 911 3013 966 natione
3051 907 3301 962 Gracum
3353 922 3372 954 ι
3422 898 3644 963 statuit;
3689 911 3801 950 non

2215 1020 2400 1064 tamen
2434 1025 2451 1058 ι
2478 1022 2547 1061 ex
2568 1000 3039 1071 Constantinopoli
3073 995 3388 1059 oriundum,
3430 1012 3449 1043 ι
3481 990 3626 1061 quod
3656 988 3800 1059 apud

2216 1100 2483 1155 Thomam
2510 1097 2844 1153 Saracenum
2874 1092 3043 1148 veluti
3075 1105 3143 1145 ex
3175 1083 3486 1143 Tritthemii
3526 1083 3582 1137 in
3620 1080 3802 1152 Cyril-

2215 1191 2330 1245 lum
2368 1188 2546 1259 elogio
2581 1187 2799 1259 legitur.
2829 1185 3029 1241 Verum
3052 1190 3191 1245 esto,
3219 1174 3501 1247 scripserit
3525 1174 3630 1228 hoc
3652 1171 3801 1225 Trit-

2218 1283 2457 1338 themius
2495 1279 2679 1335 :unde
2703 1279 2759 1335 id
2794 1274 3011 1331 hausit?
3046 1287 3156 1341 quo
3186 1275 3509 1339 argumento
3534 1261 3767 1335 probat?

2289 1374 2377 1428 lO.
2402 1371 2728 1431 Theodorus
2753 1368 3019 1423 diaconus
3049 1364 3105 1417 in
3134 1376 3234 1417 suo
3255 1359 3443 1414 libello
3465 1364 3571 1411 act.
3602 1351 3633 1408 3
3668 1368 3803 1407 con-

2215 1461 2304 1516 cil.
2339 1457 2819 1519 Chalcedonensis,
2856 1468 3024 1524 agens
3052 1458 3244 1506 contra
3268 1449 3587 1503 Dioscorum
3616 1443 3805 1514 Cyrilli

2218 1563 2613 1611 successorem,
2641 1546 2757 1599 hac
2777 1544 2844 1598 de
2871 1541 3057 1613 Cyrilli
3084 1538 3275 1594 amicis
3294 1528 3461 1590 habet
3487 1553 3499 1588 :
3532 1554 3548 1584 ι
3576 1534 3634 1587 ln
3655 1532 3806 1602 prin-

2220 1641 2363 1711 cipio
2386 1639 2734 1709 episcopatus
2761 1631 2846 1689 sui
2877 1630 3172 1688 Dioscorus
3204 1630 3385 1685 statim
3423 1615 3511 1681 n'ie
3541 1626 3805 1681 clericatu

2221 1731 2475 1801 privavit,
2502 1728 2843 1783 comminans
2867 1734 2923 1781 et
2949 1740 2979 1778 a
2998 1738 3192 1794 magna
3216 1722 3305 1775 illa
3329 1719 3547 1774 civitate
3576 1716 3810 1771 Alexan-

2154 1801 2195 1856 Β
2224 1823 2341 1878 dria
2382 1821 2587 1892 fugare,
2623 1829 2846 1891 propter
2876 1818 3012 1872 nihil
3045 1816 3213 1881 aliud,
3235 1814 3341 1869 nisi
3368 1813 3438 1867 ob
3463 1811 3517 1865 id
3544 1809 3690 1879 quod
3723 1808 3807 1862 ra-

2224 1914 2591 1969 miliaritatem
2624 1920 2679 1966 et
2699 1908 3134 1964 benevolentiam
3171 1915 3371 1961 sancta
3394 1901 3668 1957 memoria
3698 1897 3806 1971 Cy-

2226 2006 2334 2060 rilli
2362 2004 2633 2058 merebar.
2658 2000 2895 2056 Intentio
2920 1999 3066 2053 enim
3088 2000 3207 2069 ejus
3234 1995 3358 2050 talis
3376 2003 3478 2057 est,
3498 2008 3609 2047 non
3631 1991 3808 2045 solum

2225 2105 2481 2167 parentes
2508 2095 2626 2163 ejus
2654 2092 2860 2163 (Grace
2881 2092 3007 2153 τοὺς
3037 2088 3144 2143 ἀπὸ
3166 2087 3357 2157 γένους
3384 2082 3568 2147 αὑτοῦ,
3597 2082 3812 2152 propin-

2227 2205 2353 2259 quos
2387 2185 2520 2257 ejus)
2548 2200 2615 2239 ex
2639 2184 2730 2239 illa
2759 2184 2978 2239 civitate
3003 2180 3298 2251 exagitare,
3322 2193 3420 2232 seu
3439 2174 3549 2230 vita
3570 2174 3815 2244 privare;

2228 2292 2417 2331 verum
2437 2274 2603 2329 etiam
2624 2281 2681 2329 et
2697 2272 3000 2327 familiares
3012 2270 3153 2339 ejus.
3186 2287 3204 2318 ›
3232 2264 3563 2320 Athanasius
3589 2261 3814 2332 presby-

2230 2375 2312 2421 ter
2333 2366 2388 2419 in
2413 2380 2512 2420 suo
2544 2360 2730 2419 libello
2760 2361 2951 2419 eadem
2976 2359 3227 2432 pluribus
3257 2363 3548 2427 exaggerat
3575 2371 3588 2406 :
3631 2372 3648 2404 ι
3672 2351 3812 2405 San-

2228 2454 2349 2521 eia,
2378 2477 2394 2507 ι
2439 2450 2638 2525 inquit,
2681 2474 2698 2505 ι
2731 2462 2787 2509 et
2811 2454 2984 2508 beata
3007 2449 3285 2506 memoria:
3319 2446 3574 2517 Cyrillus,
3607 2457 3820 2513 magna

2230 2548 2611 2603 Alexandrinae
2641 2545 2880 2601 civitatis
2924 2544 3147 2615 triginta
3191 2550 3249 2596 et
3289 2534 3505 2594 duobus
3536 2533 3693 2590 annis
3723 2549 3813 2587 ar—

2230 2639 2611 2711 chiepiscopus
2662 2635 3218 2707 irrcprehensibiliter
3257 2641 3313 2687 et
3358 2646 3484 2685 cum
3522 2636 3669 2683 recta
3710 2624 3827 2679 fide

2230 2726 2439 2789 vivens,
2466 2722 2600 2779 mihi
2632 2723 2855 2793 quidem
2897 2722 3215 2785 Athanasio,
3249 2727 3305 2775 et
3340 2715 3657 2774 clarissima
3698 2729 3819 2768 me-

2231 2815 2419 2870 moria
2445 2815 2612 2868 Paulo
2631 2810 2783 2869 fratri
2810 2828 2954 2877 meo,
2974 2811 3277 2865 avunculus
3300 2808 3498 2871 fuerat,
3525 2820 3660 2860 mea
3685 2816 3825 2858 vero

2232 2909 2423 2963 matris
2467 2904 2689 2962 Isidora
2734 2920 3045 2976 germanus.
3094 2922 3113 2955 ›
3158 2900 3227 2956 Et
3270 2900 3433 2971 paulo
3479 2907 3648 2969 post:
3696 2915 3713 2948 ι
3757 2894 3823 2950 In

2233 2999 2502 3071 principio
2534 2997 2880 3069 episcopatus
2910 2997 3204 3051 Dioscorus
3236 2989 3373 3049 mihi
3406 3000 3461 3047 et
3492 2989 3645 3047 fratri
3673 3004 3823 3053 meo,

2233 3089 2413 3143 adhuc
2446 3096 2574 3142 tunc
2602 3086 2902 3157 superstiti,
2933 3092 3165 3139 mortem
3199 3082 3477 3145 minitans,
3506 3096 3537 3134 a
3568 3077 3822 3133 nomina-

2237 3180 2444 3236 tissima
2476 3178 2810 3234 Alexandria
2831 3178 3130 3233 exclusit...
3164 3175 3332 3230 frater
3355 3171 3671 3228 clarissima
3703 3185 3824 3224 me-

2236 3272 2423 3327 moria
2460 3271 2681 3335 Paulus,
2715 3286 2825 3325 non
2858 3268 3134 3324 sustinens
3165 3267 3443 3322 cruciatus
3476 3273 3531 3319 et
3572 3262 3826 3333 injurias,

2235 3363 2491 3419 humanis
2529 3363 2697 3417 rebus
2735 3361 2990 3416 excessit.
3025 3361 3139 3430 Ego
3173 3369 3357 3413 autem
3385 3355 3735 3420 Athanasius,
3768 3364 3827 3410 et

2234 3464 2437 3509 nostra
2474 3463 2805 3517 matertera,
2831 3462 2889 3507 et
2912 3468 3049 3507 uxor
3081 3459 3137 3506 et
3162 3449 3259 3505 filii
3290 3449 3477 3504 fratris
3508 3447 3637 3513 mei,
3679 3445 3824 3501 malo

2238 3556 2427 3601 nostro
2473 3542 2528 3599 in
2576 3543 2832 3598 humanis
2884 3543 3049 3598 rebus
3089 3541 3556 3612 permansimus...
3611 3547 3829 3594 nostras

2237 3638 2429 3693 domos
2452 3635 2779 3706 praparavit
2797 3631 3059 3689 ecclesias
3080 3632 3219 3698 ﬁeri,
3241 3641 3299 3688 et
3315 3647 3491 3686 meam
3517 3629 3824 3695 Athanasii,

2237 3734 2432 3797 quarto
2458 3732 2601 3781 tecto
2618 3726 3075 3796 superjacentem,
3096 3732 3152 3779 et
3170 3738 3292 3796 qua
3313 3738 3413 3793 pro
3441 3722 3530 3777 sui
3553 3720 3826 3792 positione

2238 3819 2359 3875 ﬁeri
2394 3834 2503 3872 non
2532 3824 2717 3888 posset
2747 3814 2998 3881 ecclesia,
3026 3814 3187 3869 simul
3214 3818 3445 3884 occupat
3475 3828 3600 3868 cum
3624 3813 3827 3885 pradi-

2237 3910 2341 3965 ctis
2370 3908 2647 3972 domibus,
2675 3907 2811 3961 alias
2848 3906 3012 3961 etiam
3059 3903 3268 3975 vicinas
3312 3906 3504 3960 domos
3550 3912 3607 3959 et
3646 3904 3830 3961 aditus

2238 4012 2498 4058 tenens...
2536 4000 2665 4054 Post
2690 3999 2788 4053 has
2808 4007 2992 4053 autem
3025 3998 3306 4067 pecunias,
3338 4011 3367 4050 a
3389 3996 3593 4051 nostris
3624 4005 3827 4050 mater.

2239 4092 2392 4156 teris,
2420 4090 2702 4146 sororibus
2726 4104 2860 4145 vero
2892 4096 3094 4143 sancta
3127 4096 3184 4142 et
3210 4087 3385 4141 beata
3418 4086 3697 4141 memoria
3720 4084 3827 4157 Cy-

2240 4184 2370 4249 rilli,
2406 4180 2723 4253 angustians
2752 4194 2928 4249 usque
2971 4178 3038 4232 ad
3079 4177 3254 4248 ipsam
3297 4178 3554 4241 animam,
3583 4186 3639 4231 et
3675 4176 3830 4231 obsi-

2239 4276 2403 4339 dens,
2448 4272 2813 4329 comminatus
2862 4270 3035 4340 ipsam
3088 4282 3307 4339 quoque
3350 4275 3614 4331 mortem,
3649 4266 3831 4336 exegit

2240 4363 2357 4419 auri
2382 4361 2565 4433 pondo
2593 4358 2867 4431 octoginta
2886 4358 3151 4429 quinque,
3173 4356 3535 4411 nihilominus
3566 4362 3621 4409 et
3645 4370 3676 4409 a
3701 4353 3830 4410 filiis

2168 4485 2218 4546 υ
2245 4454 2559 4510 clarissima
2580 4450 2858 4507 memoria
2880 4449 2989 4504 mei
3014 4448 3199 4503 fratris
3232 4446 3466 4503 orbitate
3491 4434 3825 4512 infelicibus,

2244 4558 2301 4603 et
2341 4548 2461 4618 ejus
2499 4561 2669 4601 uxore
2712 4551 2947 4599 mortem
2991 4541 3175 4597 mariti
3217 4541 3303 4595 sui
3350 4540 3662 4610 plangente,
3705 4538 3827 4593 auri

2245 4637 2428 4709 pondo
2460 4636 2840 4707 quadraginta,
2884 4653 2903 4687 ι
2947 4642 3057 4690 etc.
3080 4632 3211 4699 Qua
3254 4632 3309 4687 S.
3338 4630 3603 4703 Cyrillum
3644 4639 3701 4685 et
3732 4645 3828 4701 ge-

2246 4745 2378 4784 nere
2409 4739 2464 4784 et
2500 4738 2625 4783 ortu
2653 4725 3083 4782 Alexandrinum
3114 4724 3282 4779 fuisse
3313 4738 3425 4778 non
3470 4721 3705 4777 obscure
3743 4720 3831 4775 in-

2247 4819 2453 4874 dicant.

2320 4928 2407 4983 li.
2447 4926 2566 4995 Quo
2593 4927 2649 4981 in
2681 4925 2822 4992 loco,
2862 4927 3093 4981 Athenis
3125 4942 3196 4981 an
3230 4925 3593 4989 Alexandria,
3638 4922 3836 4977 studiis

2248 5020 2555 5075 litterarum
2591 5019 2842 5074 excultus
2882 5018 2972 5084 sit,
3001 5018 3144 5087 apud
3175 5017 3430 5086 antiquos
3464 5030 3573 5069 non
3623 5013 3834 5083 reperi-

2248 5124 2389 5163 mus.
2414 5109 2490 5163 De
2524 5110 2643 5180 ejus
2680 5108 3008 5164 monachatu
3035 5107 3260 5178 grandis
3292 5106 3587 5179 Baronium
3615 5103 3757 5158 inter
3780 5112 3837 5157 et

2247 5200 2569 5256 Carmelitas
2590 5202 2780 5257 Patres
2800 5199 3172 5256 controversia
3195 5207 3297 5253 est.
3323 5197 3615 5252 Baroniuin
3641 5193 3838 5249 acriter

2250 5292 2534 5347 incessunt
2558 5307 2671 5363 pra
2695 5291 2910 5346 cateris
2932 5290 3171 5345 Thomas
3204 5289 3509 5344 Saracenus
3549 5286 3605 5340 in
3650 5286 3837 5339 Meno-

2250 5383 2394 5454 logio
2436 5382 2875 5444 Carmelitarum,
2928 5390 2983 5435 et
3025 5381 3291 5452 Alegreus
3332 5380 3390 5434 in
3432 5375 3693 5448 Apologia
3740 5390 3840 5445 pro

2248 5476 2456 5531 Joanne
2489 5473 3008 5544 Hierosolymitano,
3043 5473 3296 5528 discursu
3339 5472 3393 5536 2,
3440 5487 3490 5526 c.
3525 5470 3613 5523 ll.
3654 5467 3839 5522 Histo-

2252 5568 2385 5621 riam
2414 5566 2585 5621 eitant
2611 5582 2678 5620 ex
2707 5566 2965 5636 quapiam
2996 5566 3202 5622 Gallico
3239 5563 3512 5619 Chronico
3543 5566 3839 5630 sumptam,

2251 5673 2312 5711 ac
2335 5656 2615 5712 mordicus
2642 5671 2763 5710 eam
2792 5664 3045 5711 tuentur.
3075 5654 3288 5725 Alegrei
3321 5652 3505 5709 verbis
3531 5666 3652 5707 eam
3694 5647 3840 5705 refe-

2253 5764 2434 5805 remus
2470 5768 2481 5802 :
2521 5769 2537 5800 ι
2574 5748 2790 5804 Etenim
2814 5747 3042 5804 historia
3074 5748 3166 5802 illa
3189 5746 3402 5814 Latina,
3437 5766 3453 5797 ι
3489 5742 3688 5814 inquit,
3720 5760 3738 5793 ι
3770 5739 3840 5796 de
