4154 6560
329 432 396 487 l3
1642 432 1698 485 8.
1740 426 2015 486 CYRILIJ
2050 420 2236 485 VlTA.
3526 417 3600 473 l1

328 560 436 615 qua
455 559 623 615 supra
646 546 967 617 agebamus,
999 545 1191 600 Latine
1217 554 1272 601 et
1301 544 1504 599 Gallice
1526 554 1744 599 exarata
1767 544 1910 614 (quae
1941 549 1983 603 Α
2013 553 2320 611 ronymum,
2344 534 2668 596 Palladium,
2712 533 3027 604 Evagrium.
3057 532 3399 599 Cassianum,
3433 531 3613 587 Theo-

326 636 633 693 habebatur
656 638 799 705 apud
824 636 1011 691 Galliae
1033 650 1234 705 regem,
1258 645 1319 689 ut
1340 636 1558 691 tradunt
1585 635 1747 690 Coria
1772 637 1907 700 1.1x,

336 742 374 779 ι.
411 723 477 777 18
508 724 827 779 Dilucidarii
854 724 1113 792 Carmel.,
1149 726 1411 781 Emanuel
1447 726 1725 779 Romanus
1746 739 1913 778 sacra:

327 817 497 884 autiq.
516 815 753 870 Carmel.
777 815 845 869 de
873 816 1005 871 viris
1028 817 1355 879 illustribus.
1374 818 1429 872 in
1455 817 1658 889 Cyrillo
1678 817 1913 870 Alexan-

324 898 510 967 drino,
542 915 597 961 et
626 906 767 977 alii),
799 922 962 977 quam
997 908 1272 963 immerito
1290 908 1553 963 Baronius
1587 906 1830 962 fastidire
1854 913 1916 959 et

327 998 598 1050 facessere
635 996 834 1058 voluit,
879 1010 1004 1049 cum
1057 1012 1089 1051 a
1138 996 1474 1068 gravissimis
1529 994 1914 1065 antiquitatum

326 1086 825 1141 Carmelitanarum
858 1085 1240 1156 scriptoribus,
1280 1096 1538 1156 tanquam
1571 1086 1677 1141 ﬁde
1707 1084 1916 1156 dignis-

327 1180 490 1245 sima,
530 1178 615 1231 vel
644 1177 907 1231 ambabus
944 1178 1199 1231 manibus
1232 1178 1600 1247 suscnpiatur;
1634 1175 1693 1231 8.
1725 1176 1916 1249 Cyrilli

312 1269 389 1336 in
419 1267 671 1323 Carmelo
699 1266 1137 1321 monachismum
1170 1272 1463 1320 attestatur
1494 1275 1705 1336 aperte,
1735 1265 1919 1322 verbis

324 1360 578 1429 ejusdem
605 1360 764 1429 legati
789 1366 883 1412 aut
913 1358 1331 1413 ambasciatoris
1364 1373 1464 1428 pro
1493 1358 1681 1414 Galliae
1710 1372 1836 1428 rege
1862 1357 1919 1411 in

328 1448 611 1518 Ephesino
642 1448 883 1502 concilio
928 1446 1241 1511 residentis,
1288 1446 1381 1516 qui
1423 1446 1493 1500 ab
1524 1446 1618 1501 illo
1649 1446 1822 1501 redux
1850 1446 1919 1500 ad

330 1554 518 1608 regem
542 1553 700 1592 suum
720 1538 992 1592 allocutus
1024 1548 1128 1602 est,
1164 1538 1222 1591 in
1254 1537 1552 1607 exemplari
1582 1537 1760 1608 primo
1796 1552 1917 1603 suo,

324 1627 482 1697 quod
512 1643 614 1682 nos
636 1628 874 1682 vidimus
898 1636 954 1682 et
989 1628 1219 1699 legimus
1251 1628 1562 1698 in-antiqua
1585 1628 1921 1684 bibliotheca

331 1718 726 1788 religiosissimi
748 1716 1130 1773 Cisterciensis
1148 1717 1386 1774 εωηοῦἰί
1419 1718 1487 1772 de
1518 1719 1570 1771 1a
1598 1716 1772 1783 Oliva,
1796 1718 1922 1774 Gal-

326 1809 439 1861 lico
474 1824 575 1863 suo
605 1809 865 1863 idiomate
895 1809 1201 1878 prorumpit
1226 1809 1308 1864 sic
1338 1826 1355 1861 a:
1409 1808 1517 1863 «Au
1543 1810 1751 1864 concile
1791 1808 1920 1864 (ΓΕ-

326 1896 520 1966 phésc,
556 1899 651 1967 qui
680 1913 740 1952 se
762 1898 985 1952 celebra
1028 1914 1126 1967 par
1149 1898 1292 1953 deux
1318 1914 1448 1953 cens
1490 1899 1773 1968 évesques,
1811 1898 1918 1954 l’an

324 1987 406 2041 du
440 1987 707 2059 Seigneur
736 1988 861 2054 M8,
897 2005 965 2043 au
986 1989 1097 2043 lieu
1120 1990 1190 2044 du
1223 1991 1368 2060 Pape
1400 1990 1642 2046 Célestin
1676 2008 1709 2062 y
1745 1991 1920 2061 prési-

324 2078 453 2133 doit
479 2079 529 2134 le
558 2079 962 2135 hien-heureux
990 2080 1047 2135 S.
1075 2080 1275 2152 Cyrille
1312 2081 1493 2153 moine
1518 2082 1592 2136 du
1612 2082 1761 2136 Mont
1790 2082 1922 2137 Car-

325 2171 477 2236 mel;
502 2170 682 2240 lequel
708 2188 848 2241 pour
880 2187 940 2226 sa
973 2172 1180 2227 saincte
1213 2173 1321 2238 vie,
1362 2173 1665 2228 admirable
1703 2175 1919 2229 science

321 2268 386 2312 et
412 2260 681 2324 doctrine,
714 2260 995 2329 disputant
1034 2271 1222 2315 eontre
1267 2260 1464 2317 Nestor
1506 2262 1820 2317 Patriarche
1852 2263 1920 2319 de

321 2342 804 2419 Constantinople,
852 2348 946 2418 qui
984 2348 1086 2403 mit
1125 2351 1280 2404 tachc
1320 2366 1389 2405 en
1433 2350 1723 2406 l’honneur
1768 2350 1836 2406 de
1868 2352 1919 2406 la

326 2434 527 2513 V’ierge
564 2434 753 2507 Marie,
791 2452 849 2497 et
884 2458 955 2496 en
993 2443 1129 2497 celle
1158 2442 1229 2500 de
1270 2444 1640 2499 Jésus-Christ
1670 2459 1769 2499 son
1808 2443 1916 2508 tils,

318 2543 579 2602 emporta
606 2534 657 2587 la
679 2533 906 2589 victoire
923 2550 1017 2589 sur
1048 2535 1193 2605 luyJ
1221 2533 1351 2601 Quae
1375 2552 1523 2590 nunc
1554 2536 1634 2590 sic
1659 2538 1765 2606 iam
1803 2545 1917 2591 tra-

324 2624 496 2679 ducta
519 2624 712 2679 Latino
752 2624 920 2679 verba
960 2634 1208 2681 tenemus
1236 2644 1249 2679 :
1278 2625 1337 2679 In
1360 2626 1594 2682 concilio
1620 2626 1916 2696 Ephesino,

322 2716 479 2785 quod
502 2716 606 2770 fuit
628 2717 965 2773 celebra-.um
998 2732 1096 2787 per
1121 2732 1181 2772 cc
1230 2717 1540 2787 episcopos,
1566 2732 1695 2771 arm.
1729 2717 1916 2772 Domi-

322 2807 386 2861 ni
414 2808 542 2873 418,
568 2807 912 2877 praesidebat,
947 2808 1067 2862 loco
1099 2823 1250 2878 papae
1269 2806 1551 2863 leestini
1577 2808 1621 2873 Ι,
1648 2808 1708 2861 Β.
1739 2807 1916 2879 Cyril-

323 2901 417 2954 lus
447 2900 747 2954 monachus
785 2899 981 2954 Montis
1017 2899 1275 2963 Carmeli,
1313 2898 1407 2969 qui
1456 2899 1528 2953 ob
1569 2899 1916 2954 sanctitatem

324 2989 479 3052 vitae,
503 2990 813 3044 admirabili
847 2990 1076 3045 scientia
1100 2999 1155 3044 et
1185 2989 1435 3044 doctrina
1467 2989 1753 3061 disputans
1788 3005 1918 3045 con-

329 3096 417 3141 tra
459 3084 772 3140 Nestorium
819 3084 1184 3155 patriarcbam
1225 3082 1913 3153 Constantinopolitanum,

2014 630 2287 694 doretum,
2321 628 2585 699 Cyrillum
2609 625 2959 689 monachum,
2985 636 3041 679 et
3072 625 3208 679 alios
3227 624 3416 680 saeculi
3447 620 3616 694 hujus

2012 723 2309 793 scriptorcs
2337 721 2600 790 frequens
2631 719 2839 773 mentio
2871 718 2933 773 ﬁt
2971 718 3040 772 de
3080 716 3367 771 monachis
3408 716 3466 770 in
3488 789 3493 795 .
3516 715 3618 770 Pa-

2010 814 2224 869 laestina
2262 811 2610 883 degentibus,
2649 824 2921 879 nusquam
2955 807 3176 877 penitus
3206 806 3353 878 apud
3394 821 3494 862 eos
3545 804 3616 860 de

2015 906 2300 960 monachis
2337 902 2672 959 Garmelitis.
2710 902 2979 956 Facessat,
3017 900 3187 970 igitur
3230 899 3499 970 ejusmodi
3544 897 3615 953 de

2012 998 2391 1053 monachismo
2412 994 2598 1067 Cyrilli
2621 994 2675 1047 in
2691 993 2947 1049 Carmelo
2965 992 3184 1057 fabella,
3205 991 3350 1048 sicut
3367 992 3459 1046 illa
3480 990 3613 1046 huic

2017 1089 2163 1143 haud
2184 1088 2377 1158 impar,
2402 1103 2511 1158 qua
2529 1085 2763 1140 traditur
2782 1094 2840 1138 et
2856 1084 3093 1139 Joannes
3107 1084 3609 1155 Hierosolymorum

2016 1178 2310 1248 episcopus
2334 1177 2662 1249 Origenista,
2688 1176 2857 1232 fuisse
2875 1176 3041 1231 etiam
3064 1178 3365 1233 monachus
3381 1177 3609 1234 Carme-

2018 1273 2148 1327 lita:
2183 1271 2328 1326 sicut
2357 1272 2506 1325 enim
2530 1272 2647 1327 haec
2671 1270 2866 1325 leviter
2889 1268 3242 1341 eﬂinguntur,
3276 1273 3350 1326 ita
3374 1284 3433 1327 et
3452 1272 3611 1328 facile

2018 1364 2361 1420 refelluntur.
2419 1364 2680 1435 Flagrans
2748 1362 2974 1433 Quidem
3035 1363 3238 1434 cupido
3307 1365 3613 1422 nobilitatis

2019 1457 2178 1512 avitze
2216 1454 2361 1527 cogit
2389 1456 2666 1511 interdum
2706 1454 2961 1510 homines
2993 1454 3253 1511 deliraret
3293 1475 3311 1508 ι
3349 1454 3477 1512 Haec
3505 1458 3610 1512 Ba-

2021 1549 2230 1603 roniust

2093 1642 2180 1696 M.
2225 1643 2301 1698 De
2353 1642 2561 1697 Joanne
2616 1637 3316 1712 Hierosolymitano'aliter
3370 1640 3616 1696 sentiunt

2020 1733 2244 1803 plurimi
2267 1734 2373 1788 viri
2401 1733 2735 1800 doctrina(et
2773 1733 3039 1803 sapientia
3074 1732 3331 1796 illustres,
3357 1732 3454 1803 qui
3497 1725 3616 1803 ejus

2020 1823 2193 1894 (quod
2233 1825 2342 1879 huc
2380 1824 2529 1895 facit)
2575 1824 2951 1878 monachicam
2984 1824 3153 1878 vitam
3186 1833 3460 1877 astruunt.
3495 1815 3615 1892 Ipse

2021 1914 2081 1970 8.
2134 1916 2497 1988 Hieronymus
2539 1916 2653 1987 (qui
2703 1914 2771 1971 ab
2811 1916 3044 1985 Alcgreo
3094 1916 3239 1970 inter
3292 1911 3616 1971 Carmelitas

2016 2022 2239 2077 quoque
2266 2017 2543 2073 censetur,
2566 2019 2629 2064 ut
2657 2007 2771 2062 fere
2796 2010 2981 2063 cuncti
3002 2008 3150 2063 illius
3168 2009 3345 2063 aetatis
3375 2010 3617 2080 insignes

2019 2095 2297 2166 monachi)
2320 2098 2481 2167 epist.
2506 2097 2595 2161 62,
2620 2096 2690 2150 ad
2709 2095 3046 2167 TheOpIn'lum
3065 2099 3361 2168 episcopum
3384 2094 3618 2154 Alexan-

2016 2185 2253 2249 drinum,
2284 2184 2353 2241 de
2373 2185 2583 2241 Joanne
2612 2200 2801 2257 agens,
2828 2188 2901 2241 ita
2933 2188 3201 2242 exclamat
3225 2199 3239 2241 ξ
3277 2208 3293 2238 ι
3321 2186 3617 2245 Monachus

2019 2275 2182 2345 (proh
2215 2275 2430 2344 dolor!)
2484 2274 2771 2331 monachis
2832 2283 2887 2332 et
2933 2277 3192 2341 minatur,
3250 2283 3307 2334 et
3360 2280 3618 2350 impetrat

2018 2360 2299 2429 exsilium,
2329 2373 2388 2419 et
2428 2365 2536 2419 hoc
2582 2365 2885 2420 monachus
2907 2367 3262 2435 apostolicam
3299 2369 3615 2424 cathedram

2018 2453 2222 2508 habere
2252 2456 2560 2526 sejactans.
2600 2475 2619 2507 ι
2660 2453 2770 2509 Sed
2813 2463 2998 2510 utrum
3051 2455 3107 2508 in
3147 2463 3334 2511 monte
3364 2457 3618 2512 Carmelo

2016 2547 2340 2611 monachus,
2364 2547 2647 2601 autetiam
2674 2547 2845 2602 abbas
2868 2546 3057 2611 fuerit,
3078 2548 3366 2617 quaeritur.
3396 2548 3455 2603 8.
3482 2550 3615 2603 Hieu

2018 2651 2281 2707 ronymus
2322 2636 2377 2689 in
2410 2636 2526 2690 Vita
2566 2637 2623 2691 S.
2671 2637 2969 2691 Hilarionis
3012 2645 3244 2692 testatur
3293 2639 3615 2709 priusquam

2017 2725 2263 2779 Hilarion
2288 2730 2355 2779 ex
2380 2714 2612 2797 Egypto
2642 2726 2868 2791 rediret,
2906 2745 2924 2776 ‹
2973 2726 3208 2781 necdum
3253 2735 3385 2782 tunc
3423 2740 3615 2783 mona-

2014 2816 2182 2869 steria
2204 2815 2372 2870 fuisse
2404 2816 2462 2869 in
2503 2816 2806 2871 Palaestina;
2846 2836 2862 2867 ι
2898 2816 2967 2871 Et
2991 2817 3223 2871 deinde:
3273 2836 3291 2867 ‹
3330 2817 3443 2873 Nec
3463 2819 3617 2888 quis-

2013 2922 2179 2976 quam
2210 2894 2545 2963 monachum
2569 2918 2697 2962 ante
2740 2908 2798 2961 Si
2828 2908 3165 2963 Hilarionem
3226 2909 3283 2963 in
3314 2909 3471 2980 Syria
3513 2927 3617 2966 no-

2014 3006 2169 3053 verat
2193 3016 2207 3051 :
2241 3018 2260 3049 ι
2290 3006 2351 3053 ut
2375 2999 2577 3053 mirum
2597 3000 2670 3054 sit
2699 2999 2964 3053 Thomam
2984 2998 3317 3054 Saracenum
3345 3002 3610 3066 scribere,

2014 3086 2223 3157 absque
2244 3088 2411 3143 ullius
2441 3087 2687 3142 auctoris
2719 3087 3057 3151 testimonio,
3088 3097 3251 3141 antea
3280 3087 3447 3143 fuisse
3474 3088 3613 3143 Car-

326 3176 427 3244 qui
459 3175 725 3230 maculam
748 3175 931 3245 posuit
958 3175 1014 3229 in
1040 3175 1099 3229 B.
1124 3173 1346 3244 Virgine
1394 3173 1583 3238 Maria,
1609 3182 1666 3227 et
1696 3173 1750 3227 in
1797 3174 1918 3244 ejus
1945 3206 1989 3264 α
2020 3178 2333 3234 melitarum
2376 3177 2432 3232 in
2471 3178 2765 3232 Palaestina
2782 3177 3119 3231 monasteria
3142 3218 3157 3241 ,
3200 3192 3322 3247 quae
3368 3178 3612 3234 Hilarion

326 3268 445 3322 tilio
466 3267 683 3324 Christo
707 3264 859 3332 Jesu,
876 3282 1003 3321 eum
1023 3266 1349 3336 superavit.»

404 3359 491 3413 l2.
527 3358 731 3413 Verum
766 3358 963 3412 merito
1002 3357 1118 3412 haec
1149 3357 1455 3426 improbata
1501 3366 1632 3412 sunt
1663 3354 1917 3411 Baronio.

326 3450 466 3517 Quis
506 3466 573 3506 eo
606 3459 851 3519 tempore
901 3464 997 3503 rex
1036 3448 1224 3503 Gallia:
1265 3447 1371 3503 fuit
1417 3447 1781 3511 Christianus,
1826 3445 1921 3515 qui

326 3544 541 3614 legatos
580 3540 649 3595 ad
693 3539 987 3595 conciliiun
1023 3539 1241 3593 mittere
1273 3538 1549 3608 potuerit?
1577 3537 1923 3593 Chlodoveus

328 3648 564 3704 regnum
585 3630 733 3685 circa
770 3646 860 3685 an.
883 3629 1011 3686 Chr.
1033 3630 1138 3684 482
1164 3629 1664 3700 auspicatus,[anno
1685 3636 1921 3698 primum

324 3726 437 3781 496
464 3722 826 3788 Christianam
857 3721 1176 3792 religionem
1201 3721 1484 3791 amplexus
1522 3730 1627 3775 est.
1650 3720 1733 3775 An
1757 3721 1921 3775 etiam

327 3828 519 3885 regem
538 3811 749 3882 legatus
778 3810 1334 3879 Francicojmoderno
1357 3809 1620 3865 idiomate
1652 3809 1741 3880 (ut
1762 3810 1921 3865 vides

329 3916 427 3960 sur
446 3905 711 3976 Alegreus
735 3902 999 3974 asserere)
1030 3902 1340 3957 allocutus?
1370 3911 1427 3956 at
1465 3917 1620 3972 reges
1654 3901 1817 3972 primi
1843 3902 1921 3956 illi

329 3998 674 4069 Francorum
701 3995 1036 4050 Sicambrice
1074 3994 1267 4059 locuti,
1309 4003 1366 4049 et
1394 3992 1718 4048 modernum
1751 3994 1922 4048 Fraus

325 4104 525 4144 corum
566 4087 767 4142 idioma
798 4085 891 4141 diu
924 4095 1049 4156 post
1076 4101 1108 4139 e
1148 4083 1343 4139 Latino
1374 4082 1794 4147 conformatum,
1828 4093 1924 4140 aut

327 4177 520 4248 potius
550 4176 923 4247 depravatum.
950 4173 1021 4229 Ut
1051 4172 1387 4238 omittamus,
1410 4172 1704 4228 concilium
1737 4172 1920 4242 Ephe-

329 4271 519 4325 sinum
558 4285 646 4324 an.
684 4268 814 4324 Chr.
851 4267 975 4331 451,
1003 4284 1113 4322 non
1144 4266 1270 4331 418,
1297 4281 1417 4321 esse
1448 4265 1716 4320 habitum.
1758 4264 1922 4320 Miraa

329 4377 463 4415 mur
495 4361 642 4415 viros
686 4358 934 4415 eruditos
960 4359 1198 4414 rationes
1226 4366 1333 4412 tam
1365 4356 1592 4411 frivolas
1634 4355 1831 4412 aﬂ'errc
1865 4356 1921 4410 in

328 4452 601 4507 medium.

2024 3268 2226 3325 deinde
2254 3290 2272 3320 ι
2299 3270 2559 3325 visitabat
2595 3278 2652 3324 et
2676 3268 3001 3323 instruebat.
3041 3287 3060 3320 ι
3094 3270 3294 3326 Verum
3325 3289 3343 3322 ι
3368 3273 3618 3342 exemplo

2026 3363 2165 3433 ejus,
2208 3381 2227 3413 ι
2254 3361 2434 3431 inquit
2460 3362 2846 3431 Hieronymus,
2892 3380 2911 3414 ι
2950 3375 3048 3432 per
3068 3371 3239 3417 totam
3273 3363 3620 3419 Palaestinam
3718 3438 3721 3441 _

2028 3451 2453 3507 innumerabilia
2494 3451 2831 3506 monasteria
2858 3465 2982 3507 esse
3022 3461 3327 3522 cmperuntt
3369 3471 3388 3504 ι
3417 3451 3619 3519 Quidni

2028 3553 2161 3599 tunc
2210 3542 2419 3612 aliqui,
2473 3542 2649 3597 veteri
2711 3542 3183 3599 sanctissimorum
3229 3544 3618 3614 prophetarum

2026 3632 2277 3702 exemplo
2310 3631 2443 3687 Elite
2463 3641 2521 3687 et
2543 3632 2709 3687 Elisei
2748 3632 2980 3698 incitati,
3013 3642 3257 3688 montem
3309 3633 3620 3689 Carmelum

2028 3723 2340 3779 inhabitare
2386 3723 2703 3792 potuerint?
2762 3743 2781 3776 ‹
2817 3724 2876 3780 8.
2914 3725 3151 3780 Iacobus
3192 3725 3442 3791 eremita,
3488 3745 3507 3777 ι
3552 3726 3622 3781 de

2026 3828 2138 3885 quo
2165 3812 2306 3868 intra
2337 3828 2583 3883 agemus,
2626 3833 2643 3864 ι
2666 3828 2839 3884 prope
2888 3814 3149 3885 oppidum
3176 3815 3619 3886 Porphyreonem

2029 3904 2085 3959 in
2132 3903 2444 3959 solitarium
2484 3904 2664 3958 locum
2698 3904 2947 3971 secessit,
2988 3923 3007 3956 ι
3044 3921 3158 3959 non
3195 3906 3388 3976 procul
3425 3922 3454 3959 ε
3485 3904 3621 3960 Car-

2028 3996 2173 4051 melo
2206 4002 2392 4049 monte
2423 4012 2435 4047 :
2474 3996 2631 4065 cujus
2668 4014 2687 4046 ‹
2721 3996 2833 4049 vita
2860 3996 2937 4051 ita
2968 3995 3371 4062 celebrabatur,
3404 4008 3466 4051 ut
3488 4011 3518 4051 e
3542 3997 3623 4050 vi-

2028 4085 2164 4155 ginti
2203 4089 2298 4138 aut
2328 4083 2553 4154 triginta
2578 4074 2929 4139 monasteriis
2958 4076 3215 4140 monachi
3252 4088 3310 4140 et
3338 4085 3523 4141 clerici
3554 4086 3622 4140 ad

2027 4195 2155 4233 cum
2174 4177 2445 4242 venirent,
2472 4185 2534 4230 ut
2561 4177 2681 4247 ejus
2722 4175 3164 4232 benedictionem
3197 4176 3531 4248 acciperent,
3566 4189 3625 4231 et

2028 4268 2098 4323 ab
2124 4282 2191 4324 eo
2223 4266 2536 4336 conﬁrmari
2570 4273 2809 4336 possent.
2848 4284 2867 4317 ι
2901 4264 3111 4319 Horum
3157 4263 3621 4319 monasteriorum

2028 4359 2249 4431 aliquod
2277 4359 2335 4413 in
2356 4357 2630 4421 Carmelo,
2655 4364 2749 4410 aut
2783 4354 2852 4409 ad
2884 4356 3005 4425 ejus
3038 4354 3271 4419 radices,
3304 4354 3494 4419 fuisse,
3520 4355 3619 4409 ad-

2029 4450 2253 4507 modum
2282 4448 2584 4520 probabile.
2616 4447 2801 4501 Etcur
2844 4445 3011 4500 isthic
3036 4445 3238 4509 minus,
3266 4453 3362 4499 aut
3387 4460 3487 4500 cur
3510 4461 3621 4500 non

407 4567 497 4620 l3.
522 4567 788 4621 Baronius
812 4566 1014 4621 acriter
1043 4566 1286 4636 profecto
1318 4566 1375 4618 in
1407 4573 1528 4619 eam
1552 4562 1923 4617 narrationem
1954 4559 2001 4616 D
2031 4541 2195 4598 ίδιδίθ
2233 4539 2447 4636 Willis,
2480 4552 2643 4636 qua“?
2670 4536 2726 4592 ί¹¹
2750 4536 2961 4606 reliqua
2991 4536 3264 4592 Ρθὶεὲδῐίηί
3290 4536 3460 4592 maris
3490 4539 3624 4636 (ξνεῖ

328 4659 618 4715 invehitur
670 4667 711 4712 t.
740 4659 807 4712 Vl
833 4658 1055 4723 Annal.,
1084 4675 1173 4713 an.
1203 4648 1333 4722 4M,
1356 4675 1412 4712 n.
1440 4658 1505 4711 l7
1539 4675 1552 4709 :
1584 4675 1601 4707 ι
1631 4654 1772 4709 Sane
1797 4653 1921 4724 qui-

326 4753 459 4806 dem
524 4751 872 4821 respuimus,
925 4771 942 4801 ι
1001 4750 1221 4821 inquit,
1274 4769 1292 4801 ε
1348 4760 1514 4820 atque
1575 4745 1926 4803 exsuﬂlamus

324 4840 655 4909 ﬁgmentum
694 4838 851 4904 illud,
886 4839 1096 4895 incerto
1132 4850 1359 4895 auctore
1404 4838 1702 4910 proditum,
1751 4836 1926 4893 Chrov-

324 4932 459 4986 nico
476 4930 758 4996 nimirum,
785 4930 932 5001 quod
958 4939 1201 4987 exstasse
1222 4931 1434 5001 fingunt
1460 4931 1603 5001 apud
1632 4927 1924 5001 quemdam

323 5022 581 5080 francia‘.
606 5037 791 5093 regem
820 5023 1180 5095 [Ludovicum
1213 5023 1332 5096 XI],
1374 5040 1484 5095 quo
1507 5024 1734 5079 tradunt
1766 5036 1923 5079 eum-

323 5116 458 5170 dcm
510 5114 566 5169 S.
605 5113 869 5187 Cyrillum
912 5115 1341 5171 Alexandrinum
1376 5116 1693 5185 episcopum
1731 5128 1924 5169 mona-

320 5207 500 5261 chum
530 5206 703 5265 fuisse
734 5208 936 5262 Montis
954 5207 1195 5263 Carmeli
1223 5226 1235 5261 :
1268 5209 1357 5262 cui
1382 5208 1602 5278 quidem
1638 5207 1925 5263 assertioni

320 5298 699 5353 Tritthemius
722 5298 916 5353 leviter
935 5299 1099 5354 nimis
1129 5299 1293 5355 ﬁdem
1314 5299 1583 5370 praestitit.
1606 5300 1760 5355 Unde
1787 5301 1923 5362 bace,

318 5406 539 5461 quaeso,
578 5390 791 5445 incerto
824 5392 1057 5455 auctori,
1100 5392 1145 5447 si
1191 5392 1284 5470 qui
1334 5390 1467 5446 certi
1521 5400 1683 5460 atque
1714 5390 1925 5461 probati

322 5493 462 5539 sunt
488 5495 762 5549 auctores,
795 5485 1041 5556 ejusdem
1073 5485 1261 5557 Cyrilli
1289 5485 1547 5556 :equales,
1573 5485 1928 5555 ejusdemque

318 5593 418 5633 res
446 5588 629 5647 gestas
650 5593 816 5647 quam
842 5577 1134 5648 diligenter
1157 5577 1456 5647 prosecuti,
1485 5578 1602 5632 haec
1624 5577 1929 5632 nescientes

317 5670 531 5725 obruta
578 5669 801 5725 silentio
852 5669 1234 5740 reliquerunt?
1270 5670 1368 5725 Vel
1407 5685 1530 5740 quae.
1574 5669 1719 5739 apud
1766 5660 1929 5739 hujus

321 5757 599 5826 temporis
626 5758 927 5827 scriptores
960 5758 1167 5813 mentio
1191 5758 1260 5813 de
1290 5758 1439 5813 culto
1468 5758 1717 5814 Carmelo
1744 5773 1773 5812 a
1806 5759 1929 5811 vita:

320 5849 649 5929 monasticae
685 5850 1122 5919 professoribus?
1148 5852 1364 5906 Etenim
1399 5867 1523 5905 cum
1550 5852 1693 5921 apud
1717 5852 1773 5909 S.
1798 5852 1925 5905 llic-

2024 4634 2108 4689 An
2139 4646 2271 4686 vero
2298 4629 2374 4685 ibi
2401 4638 2526 4684 ante
2554 4627 2932 4698 episcOpatum
2965 4636 3277 4696 susceptum
3322 4628 3624 4684 monachus

2023 4726 2261 4793 Joannes
2302 4722 2489 4786 fuerit,
2535 4729 2632 4775 aut
2674 4720 2841 4776 etiam
2874 4719 3065 4783 abbas,
3099 4728 3155 4774 et
3183 4720 3287 4774 sub
3320 4735 3387 4775 eo
3423 4720 3623 4775 vixerit

2024 4816 2328 4872 monachus
2361 4813 2417 4870 8.
2460 4813 2715 4885 Cyrillus,
2737 4812 2881 4883 apud
2916 4811 3170 4881 antiquos
3215 4827 3327 4866 non
3363 4811 3617 4881 legimus.

2024 4910 2070 4964 A
2091 4906 2417 4963 Tritthemio
2437 4906 2671 4977 Cyrillus
2704 4924 2721 4955 ‹
2749 4904 2952 4958 montis
2970 4902 3206 4959 Carmeli
3230 4902 3503 4972 quondam
3524 4901 3620 4956 de-

2027 5014 2125 5055 cus
2153 5010 2210 5054 et
2229 4998 2410 5053 cultor
2438 4996 2670 5067 insignis
2706 5016 2724 5046 ι
2752 4994 3078 5065 appellatur.
3109 4991 3498 5047 Tritthemium
3528 5006 3616 5047 se-

2027 5100 2271 5163 quuntur
2312 5088 2535 5161 plurimi
2588 5087 2945 5150 recentiores,
2981 5098 3120 5154 quos
3160 5082 3446 5153 proferunt
3487 5083 3615 5139 Ale—

2027 5200 2192 5255 greus
2213 5192 2268 5238 et
2299 5182 2620 5237 Saracenus.
2663 5178 2771 5234 Sed
2815 5176 3004 5233 mirari
3032 5175 3156 5245 quis
3196 5174 3372 5245 possit
3426 5189 3529 5229 cur
3559 5174 3617 5229 in

2027 5276 2313 5333 Palaestina
2354 5273 2700 5345 potissimum
2732 5269 3088 5327 monasticam
3127 5268 3295 5323 vitam
3324 5267 3615 5338 complecti

2027 5368 2283 5431 voluerit,
2323 5381 2448 5421 cum
2488 5365 2546 5419 in
2574 5363 2805 5434 {Egypto
2846 5362 3085 5432 primum
3120 5376 3187 5416 ea
3223 5359 3443 5415 vivendi
3476 5358 3615 5414 ratio

2028 5460 2251 5514 inventa
2281 5457 2536 5525 cultaque
2560 5454 2758 5519 fuerit,
2784 5462 2948 5523 atque
2979 5470 3045 5509 eo
3069 5463 3312 5523 tempore
3343 5450 3615 5523 pracipue

2028 5550 2298 5606 ﬂoruerit.

2103 5666 2190 5719 l5.
2221 5663 2470 5719 Alterum
2509 5659 2678 5729 quaeri
2720 5666 2920 5729 potest,
2950 5673 3018 5713 an
3061 5658 3251 5713 saltem
3284 5658 3615 5713 monachum

2030 5758 2200 5813 fuisse
2239 5754 2523 5827 Cyrillum,
2556 5768 2883 5823 quocunque
2928 5751 3140 5805 inloco
3175 5751 3289 5805 sive
3322 5750 3619 5806 Palaestina:

2031 5851 2144 5904 sive
2168 5848 2408 5919 Egypti,
2430 5863 2493 5902 ex
2521 5844 2763 5914 antiquis
2789 5852 3020 5897 constet.
3050 5842 3355 5898 Saracenus
3378 5842 3434 5896 id
3463 5858 3528 5896 ex
3547 5856 3615 5896 eo
