4120 6530
575 396 648 451 ,5
1906 390 1964 441 s.
2003 386 2085 443 (sv
2098 389 2280 441 RILLI
2325 387 2506 443 vmt.
3779 391 3850 451 t6

575 512 787 567 clarum
806 506 1125 572 arbitratur,
1146 505 1277 576 quia
1292 505 1607 561 Graecorum
1630 503 1845 560 axioma
1875 503 1985 559 sit:
2016 524 2033 555 ι
2059 501 2163 558 Ne-
2195 515 2236 562 Α
2270 503 2466 558 larium
2501 502 2867 573 principatum
2894 500 3207 572 acquisivit.
3238 501 3584 576 Quapropter
3618 506 3854 579 Cyrillus

579 606 782 662 minem
812 601 1154 673 temporibus
1182 601 1242 655 Β.
1276 598 1489 672 Cyrilli,
1519 606 1578 653 et
1607 612 1794 668 supra,
1835 611 1936 667 per
1974 596 2161 650 orien-

581 695 771 751 talium
817 708 964 756 oras,
1004 691 1074 747 ad
1110 690 1458 762 episcopatus
1497 687 1817 758 dignitatem
1862 700 2160 749 assumere,

576 787 684 842 nisi
710 786 778 841 de
804 783 1197 840 monachorum
1245 780 1594 837 monasteriis
1637 779 1931 843 delectum,
1971 776 2162 833 licuis-

578 893 638 934 se
666 896 680 932 :
708 897 722 929 ι
751 876 917 947 idque
947 891 1021 930 ex
1044 892 1063 926 ι
1091 873 1407 929 Gnecorum
1430 885 1649 941 quoque
1674 869 1980 940 Menologio
2010 869 2164 923 nullo

579 968 800 1041 negotio
829 965 1175 1037 comprobari
1206 978 1366 1033 posse
1405 982 1424 1013 ι
1460 960 1677 1016 asserit.
1708 962 1777 1015 At
1799 960 1960 1016 nobis
1979 960 2163 1029 quoti-

580 1059 670 1114 die
689 1056 1056 1128 Menologium
1086 1053 1221 1109 illud
1246 1062 1303 1108 et
1334 1052 1535 1107 Menam
1561 1050 1914 1107 volventibus
1930 1050 2163 1121 probatu

581 1150 637 1205 id
663 1148 914 1213 difﬁcile,
955 1147 1204 1215 adeoque
1247 1142 1582 1198 contrarium
1614 1150 1731 1196 tum
1749 1157 1817 1196 ex
1841 1140 2035 1197 iisdem
2052 1140 2165 1196 Me-

579 1241 733 1305 naeis,
763 1250 877 1295 tum
899 1237 1201 1309 praesertim
1225 1252 1292 1291 ex
1316 1235 1464 1291 illius
1486 1234 1752 1304 temporis
1781 1233 2163 1304 scriptoribus,

579 1331 930 1404 perspicuum
954 1328 1193 1383 videtur.
1214 1326 1352 1383 Cum
1388 1326 1708 1390 Athanasio,
1740 1334 1807 1380 ut
1832 1341 1999 1396 supra
2022 1326 2166 1387 vidi-,-

582 1435 726 1486 mus,
764 1419 952 1475 colunt
978 1415 1239 1489 Cyrillum
1284 1414 1498 1471 Graeci:
1540 1415 1607 1471 de
1648 1414 1937 1486 utriusque
1975 1430 2167 1471 mona-

582 1513 748 1567 chatu
768 1510 952 1573 silent,
984 1508 1113 1563 licet
1138 1507 1400 1577 Alegreus
1418 1506 1780 1561 Athanasium
1798 1520 2016 1576 quoque
2036 1505 2171 1561 scri-

584 1604 677 1658 bat
703 1621 721 1654 ‹
746 1617 855 1657 non
880 1614 1054 1671 pauco
1081 1607 1325 1669 tempore
1350 1598 1681 1652 monachum
1706 1598 1902 1670 egisse,
1924 1606 1984 1653 et
1999 1598 2168 1653 fuisse

582 1695 893 1750 ministrum
919 1693 1100 1764 magni
1132 1692 1285 1747 illius
1313 1691 1528 1745 abbatis
1544 1690 1767 1746 Antonii
1799 1691 1854 1745 in
1874 1690 2170 1746 solitudine

2264 595 2446 649 statim
2502 610 2627 649 cum
2676 593 3110 649 .Novatianorum
3172 595 3467 661 ecclesias,
3526 612 3649 668 quae
3700 610 3854 657 erant

2264 685 2624 752 Alexandria,
2669 686 3007 750 occlusisset,
3039 702 3154 741 non
3193 688 3359 743 modo
3389 705 3605 745 omnem
3639 707 3853 747 sacrum

2267 777 2607 843 thesaurum,
2632 779 2726 849 qui
2749 777 2808 832 in
2843 778 2956 833 illis
2976 777 3107 844 fuit,
3127 778 3348 848 penitus
3378 779 3634 847 abstulit;
3662 797 3855 836 verum
3960 774 3970 781 ’

2263 870 2917 947 etiamTheopemptum
2963 869 3185 923 illorum
3231 870 3550 941 episcopum
3602 873 3873 929 omnibus-

2264 962 2381 1016 suis
2419 960 2657 1016 fortunis
2692 960 2950 1030 privavit.
2991 980 3009 1012 ι
3043 961 3170 1016 llaec
3195 960 3466 1029 Socrates,
3517 964 3611 1019 sed
3644 965 3716 1019 ob
3747 980 3859 1020 suae

2265 1059 2429 1107 sectae
2467 1053 2833 1122 patrocinium
2878 1052 3078 1123 saepius
3117 1053 3247 1107 alibi
3294 1069 3512 1125 quoque
3543 1056 3699 1111 mala:
3731 1034 3858 1110 fidei

2266 1121 2572 1212 suspectus,
2609 1154 2671 1198 ut
2706 1154 2856 1199 recte
2907 1121 3095 1198 monet
3134 1121 3522 1200 Baroniusran.
3556 1146 3689 1203 Chr.
3732 1121 3883 1213 412,⁸

2268 1251 2421 1289 num.
2451 1236 2540 1298 45,
2565 1237 2704 1291 etin
2744 1236 2900 1292 Notis
2941 1237 3008 1292 ad
3046 1237 3485 1309 Martyrologium
3526 1240 3859 1295 Romanum.

2268 1327 2381 1381 lmo
2402 1327 2652 1382 eamdem
2688 1328 2909 1383 inurere
2941 1338 3125 1383 notam
3167 1327 3225 1383 8.
3265 1328 3563 1385 Ctelestino
3609 1331 3864 1387 Pontiﬁci

2268 1420 2536 1483 Romano,
2576 1419 2721 1489 quod
2762 1439 2781 1470 ι
2818 1419 3161 1485 Novatianis,
3190 1421 3285 1490 qui
3323 1430 3481 1477 erant
3518 1422 3724 1488 Romae,
3768 1439 3861 1479 ec-

2269 1508 2463 1563 clesias
2485 1509 2819 1574 abstulisset,
2861 1528 2879 1562 ι
2913 1519 3147 1567 conatur
3180 1510 3325 1565 idem
3360 1510 3612 1567 Socrates
3637 1513 3733 1567 lib.
3766 1530 3861 1578 vn,

2271 1616 2392 1671 cap.
2439 1600 2528 1655 ll.
2559 1620 2577 1651 ι
2611 1602 2990 1672 Episcopatus,
3032 1621 3054 1653 ι
3091 1602 3293 1671 inquit,
3346 1621 3364 1654 ι
3408 1604 3708 1670 Romanus,
3752 1616 3865 1660 non

2271 1694 2429 1749 aliter
2460 1701 2623 1762 atque
2648 1693 3075 1757 Alexandrinus,
3102 1694 3259 1762 quasi
3292 1701 3445 1748 extra
3477 1696 3774 1751 sacerdotii
3798 1692 3863 1750 fi-

580 1785 823 1857 Αῖεςιριί.
855 1783 987 1855 quia
1014 1783 1132 1854 ipse
1160 1781 1215 1837 id
1247 1781 1424 1852 palam
1464 1779 1698 1835 affirmat
1727 1780 1784 1836 in
1806 1781 1929 1835 Vita
1963 1779 2019 1836 8.
2055 1779 2169 1835 An—
2208 1845 2246 1859 _
2273 1799 2372 1839 nes
2400 1798 2674 1854 egressus,
2717 1784 2786 1839 ad
2832 1785 3149 1840 saecularem
3194 1784 3559 1855 principatum
3605 1798 3725 1843 erat
3751 1789 3864 1859 jam

582 1877 743 1931 tonii.
793 1895 811 1928 ι
863 1875 1015 1931 Hanc
1059 1881 1316 1928 accurate
1383 1871 1711 1927 illustratam
1759 1871 2014 1927 dedimus
2065 1888 2174 1926 xvtt

580 1969 728 2032 Jan.,
761 1982 867 2021 nec
891 1966 1067 2020 ullum
1095 1962 1453 2019 mouachatus
1486 1961 1543 2017 S.
1576 1960 1859 2017 Athanasii
1883 1963 2174 2034 vestigium

591 2059 920 2129 reperimus.
973 2055 1196 2112 Consuli
1246 2055 1757 2125 prolegomenorum
1805 2053 1833 2125 §
1884 2053 1918 2107 8
1972 2062 2173 2123 potest.

655 2152 742 2205 16.
787 2150 1031 2204 Isidorus
1075 2146 1352 2201 Pelusiota
1396 2145 1476 2198 uti
1515 2142 1835 2212 frequentes
1875 2142 1935 2196 8.
1972 2142 2174 2214 Cyrillo

577 2247 691 2317 jam
723 2244 984 2313 cpis00po
1019 2238 1242 2309 scripsit
1278 2236 1557 2306 epistolas,
1588 2234 1662 2288 ita
1690 2233 1743 2287 ei
1777 2232 2020 2287 nondum
2052 2232 2174 2302 epi-

585 2351 771 2407 scopo,
796 2336 940 2389 inter
970 2330 1273 2386 monachos
1294 2325 1515 2398 degenti
1539 2325 1594 2379 in
1614 2322 1933 2387 solitudine,
1954 2322 2175 2378 videtur

585 2427 901 2483 vicesimam
931 2422 1180 2492 quintam
1228 2418 1358 2473 libri
1398 2415 1561 2487 primi
1609 2414 1915 2485 scripsisse,
1950 2430 2071 2484 qua:
2100 2415 2174 2469 ita

586 2518 791 2572 habet:
823 2535 840 2566 ι
873 2512 1014 2581 Quid
1053 2512 1157 2567 tibi
1178 2509 1430 2566 utilitatis
1452 2508 1612 2563 affert
1639 2506 1866 2563 Joannis
1904 2508 1960 2562 in
1993 2508 2174 2563 locum

587 2611 866 2665 desertum
898 2601 1159 2666 secessio,
1190 2614 1354 2669 quam
1378 2598 1507 2653 olim
1530 2597 1773 2653 studiose
1806 2597 2054 2652 imitatus
2081 2613 2176 2665 es;

589 2715 715 2756 eum
734 2711 886 2753 nunc
904 2709 1031 2751 eum
1065 2691 1291 2748 minime
1326 2689 1577 2754 imiteris,
1603 2703 1796 2744 verum
1831 2687 1899 2744 ad
1936 2688 2177 2759 privatas

587 2808 748 2851 curas
772 2798 826 2846 te
847 2788 1076 2851 referas,
1100 2793 1265 2856 atque
1290 2784 1346 2839 in
1371 2781 1667 2839 solitudine
1705 2780 2079 2846 tumultueris,
2120 2790 2183 2835 et

582 2891 654 2945 ab
680 2887 964 2945 hominum
987 2894 1133 2941 etetu
1166 2890 1411 2938 remotus
1427 2878 1804 2951 perturberis?
1828 2878 2046 2933 Etenim
2077 2895 2175 2934 ex-

584 2989 742 3035 terno
765 2976 954 3032 habitu
989 2989 1052 3029 ac
1075 2974 1256 3043 specie
1288 2970 1593 3041 quiescere,
1626 2968 1827 3023 mentis
1848 2976 2032 3023 autem
2059 2985 2181 3023 mu-

586 3069 891 3127 tationibus
926 3081 989 3121 ac
1025 3062 1535 3135 perturbationibus
1574 3060 1873 3131 inquinari,
1912 3070 2026 3115 tum
2051 3076 2180 3115 sen-

582 3175 703 3216 sum
734 3158 964 3229 caligine
996 3154 1298 3226 perfundit,
1344 3163 1460 3208 tum
1494 3159 1781 3222 susceptos
1813 3153 1924 3222 jam
1961 3153 2178 3208 labores
2203 3173 2249 3235 ρ

581 3251 905 3322 exstinguit,
928 3258 1091 3317 atque
1118 3243 1627 3317 perturbationibus
1651 3242 1819 3297 animi
1853 3259 2079 3312 pronam
2112 3259 2176 3298 ac

581 3344 798 3400 facilem
824 3342 1113 3397 victoriam
1146 3336 1352 3399 reddit,
1369 3333 1642 3403 efficitque
1673 3345 1733 3390 ut
1759 3335 1917 3389 miles
1932 3336 2149 3405 abiecto

583 3444 740 3489 scuto
771 3432 967 3502 fugiat.
999 3430 1171 3485 Porro
1200 3440 1361 3482 nemo
1382 3425 1627 3480 militans
1656 3426 1902 3495 implicat
1925 3440 1983 3478 se
2006 3439 2171 3495 nego.

584 3527 677 3582 tiis
708 3523 1085 3584 stecularibus,
1127 3528 1187 3573 ut
1232 3519 1284 3574 ei
1319 3518 1551 3587 placeat,
1589 3533 1620 3571 a
1661 3531 1771 3586 quo
1818 3515 1874 3569 in
1923 3516 2173 3571 militiam

581 3613 790 3670 ascitus
828 3619 914 3667 est
940 3627 959 3663 :
990 3622 1182 3665 verum
1226 3620 1379 3661 arma
1404 3605 1555 3661 omni
1587 3620 1655 3661 ex
1683 3613 1837 3675 parte
1875 3614 2071 3675 gestat,
2105 3605 2175 3659 ad

584 3705 641 3760 id
673 3710 956 3759 certamen
984 3739 999 3763 ,
1042 3698 1192 3768 quod
1236 3696 1461 3753 tribuno
1502 3695 1729 3750 militari
1766 3694 2066 3765 placuerit,
2114 3710 2173 3751 se

583 3790 931 3865 comparans.
967 3811 985 3843 ι
1027 3791 1152 3846 lltec
1178 3790 1246 3846 de
1271 3789 1624 3844 monachatu.
1650 3787 1732 3842 Ad
1772 3788 2011 3843 certiora
2041 3803 2173 3857 pro-

584 3900 871 3958 peramus.

2276 1885 2403 1931 ante
2425 1876 2703 1947 delapsus.
2741 1894 2761 1928 ι

2345 1967 2435 2021 18.
2458 1966 2595 2023 Cum
2618 1966 2925 2029 haereticos,
2951 1966 3259 2022 daemonum
3302 1968 3479 2023 socios
3512 1979 3676 2040 atque
3709 1971 3871 2041 adju-

2273 2066 2441 2122 tores,
2469 2058 2769 2128 expulisset
2790 2059 3043 2130 Cyrillus,
3077 2059 3229 2129 ipsos
3246 2074 3463 2130 quoque
3490 2060 3617 2116 deln
3646 2077 3870 2133 aggres-

2275 2163 2372 2203 sus
2434 2149 2718 2203 dzemones
2756 2164 2790 2203 δ
2828 2150 2945 2205 suis
2994 2151 3217 2206 sedibus
3259 2152 3536 2224 efl‘ugavit.
3597 2171 3620 2205 ο
3664 2153 3871 2209 Aberat

2270 2238 2619 2302 Alexandria,
2654 2257 2672 2291 ι
2704 2247 2765 2293 ut
2800 2249 3073 2295 testantur
3103 2242 3237 2297 Acta
3272 2243 3370 2299 SS.
3402 2243 3529 2315 Cyri
3558 2255 3614 2300 et
3643 2245 3873 2301 Joannis

2272 2331 2329 2386 in
2358 2330 2485 2395 fine,
2522 2348 2539 2381 ι
2576 2330 2765 2385 decem
2796 2332 2988 2387 stadiis
3011 2332 3268 2405 Canopus
3296 2352 3310 2389 :
3343 2355 3362 2388 ι
3408 2336 3541 2392 hinc
3574 2352 3706 2392 vero
3733 2355 3752 2389 ι
3780 2336 3869 2391 di-

2272 2421 2453 2476 stabat
2479 2420 2703 2490 quidam
2735 2420 2891 2475 vicus
2920 2421 3095 2491 spatio
3125 2422 3361 2478 duorum
3408 2423 3734 2488 stadiorum,
3765 2438 3871 2477 no-

2272 2513 2422 2569 mine
2444 2513 2722 2570 Manuthe.
2754 2515 2855 2569 llic
2877 2524 3061 2569 autem
3087 2516 3243 2572 vicus
3267 2526 3386 2573 erat
3417 2517 3726 2574 daemonum
3768 2517 3875 2573 ha-

2274 2606 2489 2670 bitatio,
2511 2614 2568 2661 et
2596 2607 2956 2663 versabantur
2984 2607 3039 2660 in
3070 2622 3137 2662 eo
3162 2608 3385 2679 maligni
3418 2609 3665 2679 spiritus.
3687 2608 3873 2664 Theo-
3934 2656 3937 2657 ν

2273 2699 2460 2768 philus
2498 2713 2627 2753 vero
2662 2699 2771 2763 hic,
2799 2698 3020 2768 praesul,
3056 2707 3116 2754 ut
3143 2699 3300 2769 prius
3327 2698 3587 2765 diximus,
3632 2698 3870 2754 Alexan-

2274 2789 2490 2851 drinus,
2508 2804 2632 2843 cum
2655 2788 2921 2845 voluisset
2944 2788 3175 2845 reddere
3199 2790 3379 2846 locum
3403 2807 3602 2862 purum
3619 2807 3649 2846 a
3670 2791 3879 2848 damo-

2275 2880 2460 2943 nibus,
2518 2878 2857 2950 Christique,
2892 2881 3352 2953 evangelistarum
3398 2892 3455 2937 et
3497 2883 3872 2954 apostolorum

2274 2971 2688 3025 characteribus
2733 2979 2789 3027 et
2832 2972 3040 3043 figuris,
3076 2982 3137 3027 ut
3176 2974 3243 3029 ad
3277 2990 3404 3030 cum
3432 2979 3877 3035 conservandum

2279 3058 2485 3123 idonei,
2511 3074 2804 3129 occupare,
2833 3060 2887 3115 id
2922 3061 3068 3131 quod
3105 3071 3373 3117 statuerat
3393 3080 3501 3119 non
3525 3066 3778 3135 perduxit
3802 3067 3871 3123 ad

2277 3146 2555 3203 effectum.
2582 3149 2805 3205 Interim
2829 3152 2975 3206 enim
3004 3168 3148 3208 mors
3170 3152 3489 3218 adveniens,
3510 3172 3632 3226 qua:
3660 3168 3745 3213 est
3775 3159 3875 3213 ho-

2278 3237 2522 3293 minibus
2549 3255 2640 3294 res
2669 3240 3043 3307 inexorabilis,
3093 3243 3320 3299 abducit
3362 3260 3490 3299 eum
3528 3261 3558 3300 a
3598 3247 3709 3302 vita
3732 3264 3874 3319 prae-

2277 3328 2445 3383 senti.
2470 3329 2676 3385 Deinde
2703 3339 2883 3385 autem
2910 3332 3112 3404 Cyrillo
3136 3349 3377 3404 quoque,
3406 3334 3500 3405 qui
3531 3347 3657 3406 post
3691 3338 3877 3408 ipsum

2277 3420 2402 3474 sedi
2427 3421 2712 3485 successit,
2753 3438 2861 3477 non
2894 3439 3087 3493 parum
3116 3433 3238 3479 erat
3266 3425 3665 3483 curaliberare
3691 3429 3877 3483 locum

2275 3527 2307 3565 a
2338 3511 2646 3567 dxmonum
2678 3513 2906 3584 injuria.
2926 3514 3063 3570 Cum
3096 3530 3229 3571 vero
3254 3516 3322 3571 de
3345 3532 3411 3572 ea
3444 3533 3502 3572 re
3526 3534 3669 3589 saepe
3700 3520 3879 3575 Deum

2277 3611 2556 3672 rogasset,
2597 3604 2825 3674 angelus
2856 3604 2908 3659 ei
2940 3620 3209 3675 apparens
3245 3606 3300 3661 in
3346 3607 3556 3664 visione
3576 3650 3591 3675 ,
3621 3609 3780 3680 jubet
3811 3622 3876 3668 ut

2277 3696 2459 3766 magni
2491 3696 2639 3752 illius
2680 3699 2807 3770 Cyri
2840 3709 2897 3755 et
2944 3700 3112 3755 Marci
3153 3703 3499 3773 evangelista:
3536 3705 3780 3775 reliquiae
3815 3707 3873 3762 in

2277 3785 2383 3840 hoc
2401 3785 2523 3841 vico
2544 3798 2966 3857 reponerentur.
2999 3788 3089 3844 Sic
3114 3790 3261 3844 enim
3290 3790 3406 3846 fore
3430 3801 3492 3846 ut
3509 3807 3543 3847 a
3562 3792 3873 3848 daemonum

2276 3879 2910 3935 nocumentoliberetur.
2927 3880 3037 3935 Cur
3060 3888 3244 3936 autem
3268 3897 3377 3937 non
3407 3883 3632 3937 Joannis
3652 3899 3873 3953 quoque

2178 3959 2186 3967 ’
2277 3966 2503 4036 dixerit,
2543 3969 2678 4025 satis
2718 3970 2944 4041 quidem
2987 3980 3271 4028 ostensum
3303 3982 3389 4029 est
3424 3989 3455 4028 a
3501 3972 3746 4045 Cyrillo:
3787 3986 3875 4033 est

587 4040 763 4111 §_lll.
798 4038 1172 4109 Episcopatus,
1220 4034 1497 4175 32:31:33:
1550 4033 1856 4097 Novatiani,
1914 4032 2176 4089 damonis

534 4318 543 4333 ,
660 4264 743 4318 Π.
785 4262 1041 4318 Socrates
1066 4260 1106 4314 ι.
1135 4248 1228 4324 vn,
1256 4259 1361 4313 c.7
1395 4257 1534 4327 (sed,
1568 4255 1715 4325 quod
1738 4254 1974 4326 Cyrillus
1995 4254 2176 4309 conti-

559 4356 699 4410 ‘nuo
731 4354 798 4409 ad
825 4367 981 4409 suam
1012 4349 1312 4407 Ecclesiam
1344 4363 1376 4402 a
1406 4345 1836 4402 Novatianorum
1861 4343 2059 4399 haresi
2084 4360 2173 4401 re-

584 4444 922 4516 purgandam
953 4442 1200 4498 animum
1230 4439 1450 4513 adjecit,
1478 4436 1823 4501 subinfense,
1863 4443 2011 4492 secta
2058 4436 2176 4507 ipse

2276 4068 2463 4115 autem
2508 4060 2771 4117 omnibus
2810 4076 3029 4132 quoque
3066 4077 3167 4133 per
3206 4078 3266 4119 se
3310 4063 3682 4131 manifestum,
3724 4067 3875 4136 quod

2276 4150 2498 4206 nomine
2520 4149 2667 4221 Cyri,
2700 4151 2926 4206 omnino
2957 4152 3183 4208 Joannis
3214 4168 3434 4224 quoque
3478 4168 3679 4210 nomen
3710 4157 3876 4214 simul

2276 4240 2615 4296 ostenditur.
2631 4240 2787 4297 Sicut
2807 4242 2956 4298 enim
2975 4258 3162 4299 mores
3182 4242 3407 4299 fuerunt
3424 4244 3515 4300 eis
3528 4261 3876 4314 communes.

2275 4340 2333 4387 et
2355 4346 2477 4401 qua:
2503 4339 2729 4402 propter
2750 4332 3037 4390 Christum
3074 4334 3217 4391 facta
3241 4344 3325 4391 est
3355 4335 3628 4393 confessio
3654 4346 3714 4394 et
3734 4355 3873 4396 con-

2281 4420 2597 4486 summatio,
2627 4420 2704 4476 ita
2738 4422 2907 4478 etiam
2937 4423 3169 4493 simplex
3192 4433 3276 4479 est
3295 4424 3520 4481 omnino
3550 4427 3786 4493 vocatio,
3816 4437 3878 4483 et

584 4511 966 4603 iqov'alianus),
1002 4534 1077 4588 ita
1114 4511 1309 4587 scrib“
1340 4550 1355 4585 ε
1399 4551 1418 4582 ι
1457 4529 1795 4600 Theophilus
1835 4528 2176 4585 Alexandria
2200 4529 2253 4592 ι)
2280 4511 2417 4568 citra
2440 4511 2613 4567 ullum
2632 4512 2950 4571 discrimen.
2990 4514 3131 4569 Hinc
3174 4514 3231 4569 in
3268 4514 3528 4572 Manuthe
3567 4517 3874 4590 martyriea

586 4624 878 4695 cpiscopus
897 4625 953 4678 in
974 4630 1265 4677 veternum
1292 4620 1552 4688 delapsus
1581 4620 1718 4673 abiit
1738 4634 1771 4673 e
1812 4619 1944 4685 vita,
1976 4619 2043 4674 ad
2070 4634 2176 4676 no-

586 4728 719 4768 num
747 4713 1089 4767 consulatum
1110 4708 1360 4773 Honorii,
1388 4707 1683 4763 Theodosii
1706 4716 1889 4762 autem
1921 4709 2173 4779 quintum

588 4821 655 4860 xv
676 4804 795 4859 Oct.
833 4803 916 4857 lbi
939 4810 1054 4856 tum
1086 4801 1154 4855 de
1193 4801 1452 4871 episcopo
1484 4797 1773 4869 deligendo
1793 4808 1912 4853 orta
1938 4810 2025 4855 est
2044 4815 2180 4855 con-

590 4897 873 4954 troversia.
908 4892 1182 4949 Aliienim
1214 4892 1562 4947 Timotheum
1584 4888 2055 4956 archidiaconum,
2082 4891 2176 4947 alii

587 4990 854 5062 Cyrillum
881 4986 1053 5041 filium
1078 4984 1264 5040 fratris
1301 4983 1615 5054 Theophili,
1641 4984 1709 5039 ad
1738 4984 2087 5055 episcopatus
2115 4985 2179 5040 il-

586 5086 697 5143 lius
722 5083 905 5137 sedem
935 5079 1138 5137 efferre
1169 5078 1514 5135 laborarunt.
1542 5077 1657 5144 Qua
1694 5077 1762 5131 de
1787 5091 1844 5133 re
1869 5091 1992 5131 cum
2019 5092 2049 5131 a
2074 5093 2175 5147 pn-

587 5172 717 5243 pulo
733 5179 1002 5227 certatum
1024 5179 1196 5235 esset,
1211 5182 1522 5240 quanquam
1546 5166 1861 5222 Ab‘udacius
1876 5165 1975 5239 [αι.
1993 5167 2182 5222 Abun-

589 5260 831 5334 dantius]
849 5262 1311 5334 praesidiariorum
1343 5259 1579 5316 militum
1607 5258 1899 5330 praefectus
1928 5259 2180 5329 partibus

590 5354 864 5410 Timothei
892 5350 1139 5410 subsidio
1178 5353 1301 5420 fuit,
1346 5363 1528 5409 tamen
1570 5352 1752 5407 triduo
1790 5360 1913 5422 post
1946 5359 2177 5407 mortem

520 5500 521 5503 η
591 5443 878 5514 Theophili
901 5439 1139 5516 Cyrillus
1178 5444 1233 5498 in
1266 5444 1396 5500 sede
1425 5442 1720 5513 episcopali
1741 5443 2038 5499 collocatus
2057 5444 2180 5513 epi-

589 5545 813 5607 scopatu
830 5536 1039 5609 potitus
1058 5546 1174 5592 est:
1198 5536 1569 5606 maioremque
1596 5536 1984 5606 principatum,
2013 5551 2177 5606 quam

588 5643 831 5698 unquam
864 5626 1203 5698 Theophilus
1233 5625 1537 5690 habuisset,
1576 5626 1782 5696 pariter
1822 5624 1927 5680 sibi
1965 5640 2177 5681 assum-

588 5716 717 5792 p'sit.
737 5721 957 5777 Etenim
976 5735 1044 5777 ex
1065 5720 1157 5775 illo
1172 5729 1422 5789 tempore
1442 5717 1737 5789 episcopus
1755 5716 2178 5783 Alexandrinus,

589 5820 789 5884 praeter
808 5812 948 5869 saeri
979 5812 1111 5869 cleri
1130 5810 1495 5876 nominatum,
1517 5825 1703 5871 rerum
1726 5818 1988 5880 prmterea
2008 5824 2178 5865 saccu-

2274 4619 2469 4660 eorum
2516 4604 2786 4675 reliquie,
2829 4604 3092 4662 vicesimo
3134 4615 3194 4663 et
3220 4615 3414 4663 octavo
3453 4608 3661 4663 mensis
3696 4605 3871 4674 Junii,

2276 4694 2534 4767 praeclare
2576 4696 2741 4752 simul
2780 4704 2839 4753 et
2878 4706 3224 4753 sacrosancte
3275 4698 3705 4767 transferuntur,
3763 4702 3878 4759 vici

2276 4785 2551 4852 custodia,
2590 4786 2901 4843 daemonum
2954 4788 3099 4860 fuga,
3153 4803 3187 4843 a
3229 4789 3438 4846 morbis
3483 4791 3761 4857 liberatio,
3815 4805 3876 4852 et

2277 4896 2425 4936 nunc
2447 4879 2607 4934 locus
2619 4889 2705 4934 est
2727 4880 2839 4935 Deo
2863 4890 3237 4945 consecratus,
3261 4881 3515 4952 illiusque
3538 4886 3879 4957 martyribus

2275 4982 2332 5027 et
2371 4970 2737 5035 administris,
2778 4973 2954 5043 gratia
2993 4981 3051 5027 et
3091 4972 3383 5029 clementia
3438 4975 3662 5031 Domini
3699 4978 3875 5033 nostri

2274 5062 2402 5118 Jcsu
2425 5060 2650 5118 Christi.
2683 5080 2700 5111 ι
2737 5062 3005 5117 Baronius
3033 5062 3149 5117 haec
3178 5073 3296 5119 acta
3323 5062 3493 5120 refert
3518 5065 3585 5120 ad
3619 5082 3712 5121 an.
3737 5066 3871 5123 Chr.

2276 5153 2400 5218 414,
2425 5168 2584 5207 num.
2632 5152 2721 5219 20,
2749 5152 2844 5206 ubi
2885 5153 3149 5222 templum
3191 5154 3296 5210 hoc
3332 5154 3563 5226 Canopi,
3600 5173 3709 5214 non
3756 5159 3875 5214 Ma-

2278 5244 2483 5311 nuthae,
2518 5244 2595 5300 ait
2626 5244 2928 5308 exstitisse,
2964 5260 3076 5299 non
3120 5246 3257 5300 satis
3284 5245 3434 5302 Actis
3452 5246 3539 5303 his
3565 5249 3873 5319 perpensis,

2278 5351 2399 5405 quae
2421 5336 2821 5392 illustrabimus
2848 5336 2914 5391 ad
2953 5353 3078 5391 xm
3106 5336 3377 5392 Januarii.

2636 5490 2663 5563 ς
2686 5493 2773 5546 ιγ.
2796 5491 2972 5548 Ῑιιάωὶ
2994 5492 3324 5548 Alexandria
3348 5494 3506 5564 pulsi.

2352 5626 2436 5682 l9.
2465 5626 2717 5684 Socrates
2735 5627 2832 5683 lib.
2867 5644 2960 5694 vn,
2994 5644 3114 5700 cap.
3159 5628 3243 5693 i5,
3288 5648 3305 5680 ι
3344 5630 3538 5685 eodem
3573 5640 3816 5702 tempore
3849 5596 3887 5686 »Ἰ

2278 5720 2463 5790 pulsos
2512 5719 2840 5775 Alexandria
2891 5734 2922 5775 a
2964 5720 3169 5792 Cyrillo
3220 5722 3440 5779 Judzeos
3493 5724 3703 5789 scribit,
3766 5741 3891 5795 quo.

2277 5812 2655 5884 Chrysanthus
2678 5813 2970 5885 episcopus
2989 5816 3421 5871 Novatianorum
3448 5832 3559 5871 suae
3589 5826 3751 5873 sectae
3770 5818 3878 5875 Ee-
